1874 3076
65 172 127 205 1097

89 228 140 255 Τοῦ
154 228 236 262 ἁγίου
258 229 405 262 ἰγνατίου
419 228 589 256 ἐπισκόπου
614 228 810 262 Ἀντιοχείας.
853 227 878 256 Α

99 274 206 300 Ἐάσατὲ
230 282 264 309 με
291 274 415 310 μιμητὴν
436 275 565 308 γενέσθαι
588 276 635 301 τοῦ
661 273 764 305 πάθους
789 271 836 299 τοῦ

61 318 123 345 θεοῦ
140 327 200 353 μου.

151 362 206 390 Τοῦ
220 363 306 397 ἁγίου
327 365 491 398 Γρηγορίω
507 364 559 391 τοῦ
578 364 739 399 Θεολόγου.

95 406 194 441 Ὀλίγαι
233 408 340 443 ῥανίδες
377 408 493 443 αἵματος
526 408 594 435 Θεοῦ
637 408 739 443 κόσμον
777 407 837 434 ὅλον

57 451 172 486 ὑγίασαν.

298 498 430 526 Ἰουλίου
462 498 586 533 Ῥώμης.

92 542 208 570 Ἰουδαῖοι
238 544 269 571 τὸ
298 544 380 580 σῶμα
409 545 641 581 σταυρώσαντες,
673 545 720 572 τὸν
747 545 834 579 Λόγον

53 588 222 617 ἀπέκτειναν.

136 635 190 663 Τοῦ
205 636 293 671 ἁγίου
308 637 460 671 Κυρίλλου
475 637 550 664 κατὰ
566 637 742 672 Νεστορίου.

85 681 150 708 Θεοῦ
170 683 201 709 τὸ
218 682 321 717 πάθος,
336 683 405 710 Θεοῦ
422 684 436 709 ό
448 683 575 719 σταυρὸς,
595 683 663 710 Θεοῦ
681 685 695 710 ό
708 683 829 714 θάνατος.

52 727 113 754 Θεοῦ
128 729 144 763 ἡ
156 728 318 760 ἀνάστασις.

268 773 441 807 Mallem-ac
456 774 605 808 Σάρδεων.

87 819 116 845 '0
134 819 198 850 Θεὸς
215 819 350 846 πέπονθεν
365 820 416 846 ὑπὸ
432 820 523 852 δεξιᾶς
543 819 746 855 Ἰσραηλίτιδος.

80 865 316 900 Προὸἀλλονταιδὲ
327 866 373 892 καὶ
381 865 450 893 ἄλλα
458 866 542 892 πολλὰ
551 866 675 893 τοιαῦτα·
685 867 754 903 πρὸς
764 867 830 893 πάν-

49 922 79 939 τα
87 913 114 939 δὲ
123 914 191 949 ἡμῖν
209 914 260 948 μία
269 913 348 945 λύσις
363 913 486 948 ἀρκέσει,
500 914 583 949 φησὶν
595 915 608 941 ό
617 914 747 948 Θεολόγος
757 915 829 949 Γρη-

47 961 143 995 γόριος.
168 961 271 996 Μήπου
299 960 346 986 τὸν
373 960 504 995 λογισμὸν
525 961 645 996 όκλάσῃς
671 958 742 996 αἷμα
762 959 830 987 Θεοῦ

48 1007 90 1032 καὶ
106 1006 191 1038 πάθος
206 1006 327 1038 ἀκούων,
341 1007 389 1033 καὶ
400 1006 526 1034 θάνατον.
537 1007 637 1042 Μήπου
651 1006 832 1042 περιενεχθῇς

45 1051 130 1082 ἀθέως
150 1052 188 1083 ὡς
202 1052 235 1078 οὐ
257 1051 417 1087 συνήγορος.
439 1052 516 1078 Ἐπεὶ
533 1053 588 1086 γὰρ
603 1052 620 1088 ἡ
635 1052 685 1078 τοῦ
700 1051 766 1078 Υἱοῦ
784 1052 832 1078 καὶ

45 1097 108 1124 Θεοῦ
126 1098 278 1130 ὑπόστασις
289 1118 296 1130 ,
313 1098 383 1133 αὐτὴ
401 1098 446 1124 καὶ
464 1097 512 1124 τοῦ
530 1097 750 1133 προσλήμματος
766 1097 833 1124 ὑπό-

45 1151 135 1175 στασις
156 1144 283 1178 γέγονεν,
304 1143 384 1174 αὐτὸς
408 1143 517 1177 λέγεται
540 1144 631 1171 πάντα
652 1144 698 1171 καὶ
718 1144 830 1177 δρᾶσαι,

44 1189 89 1215 καὶ
101 1188 201 1216 παθεῖν
212 1197 221 1204 ·
237 1190 284 1216 καὶ
296 1189 329 1216 τὰ
343 1189 392 1223 μὲν
405 1189 465 1215 θεία
476 1190 599 1224 ἐνεργεῖν
611 1189 682 1216 κατὰ
694 1190 744 1226 τὴν
754 1189 832 1217 θείαν

42 1235 131 1269 φύσιν,
143 1236 179 1262 τὰ
188 1235 219 1262 δὲ
235 1235 393 1270 ἀνθρώπινα
408 1235 454 1261 καὶ
465 1236 563 1267 ποιεῖν,
575 1236 623 1261 καὶ
632 1235 749 1271 πάσχειν
760 1236 832 1263 κατὰ

41 1281 88 1316 τὴν
109 1281 290 1317 ἀνθρωπίνην
310 1281 403 1315 φύσιν.
425 1280 481 1308 Καὶ
505 1280 606 1315 ἑτέρως
625 1282 674 1308 δέ·
699 1282 761 1309 ἐπεὶ
783 1281 832 1318 μία

39 1329 91 1356 τῶν
106 1329 153 1356 δύο
165 1329 217 1355 τοῦ
228 1327 346 1364 Χριστοῦ
359 1327 468 1362 φύσεων
482 1327 642 1361 ὑπόστασις,
653 1327 832 1355 ἀντιδιδόασιν

40 1374 168 1409 ἀλλήλαις
188 1370 274 1402 αὗται
290 1373 414 1409 πολλαχῆ
433 1372 488 1400 τῶν
507 1372 616 1400 οἰκείων
635 1373 831 1408 προσηγοριῶν

37 1420 80 1447 διὰ
102 1421 153 1457 τὴν
173 1420 238 1448 καθ’
260 1420 411 1446 ὑπόστασιν
430 1418 539 1451 ἕνωσιν,
563 1418 612 1446 καὶ
633 1419 683 1454 τὴν
704 1419 831 1446 ἐντεῦθεν

37 1467 124 1502 ἄκραν
141 1466 296 1494 οἰκείωσιν.
314 1465 393 1492 Οὕτω
409 1464 460 1500 μὲν
477 1462 523 1492 οὖν
540 1465 761 1500 ἑρμηνευομόνου
783 1465 831 1492 καὶ

37 1513 169 1549 λυομένου
192 1512 242 1540 τοῦ
262 1512 465 1548 προϐλήματος,
487 1511 565 1538 οὐδὲν
587 1511 687 1538 ἄτοπον
710 1511 830 1548 ἀπαντᾷ.

36 1559 115 1586 Κατά
129 1560 159 1586 δὲ
176 1558 231 1594 τὴν
245 1557 300 1585 τῶν
314 1556 509 1592 Θεοπασχιτῶν
524 1556 672 1592 ὑπόληψιν,
691 1558 716 1584 εί
734 1558 749 1585 ὀ
766 1557 828 1590 Υίδς
841 1560 865 1591 ε

36 1605 137 1638 ἔπαθε,
158 1605 211 1632 καὶ
227 1603 348 1631 ἀπέθανε
366 1604 437 1630 κατὰ
456 1603 505 1638 τὴν
525 1603 600 1630 θείαν
613 1603 712 1630 ἑαυτοῦ
729 1603 831 1640 φύσιν,

36 1651 100 1682 δυὰς
113 1652 230 1686 γέγονεν
240 1651 257 1686 ἠ
269 1649 439 1684 ἀγίαΤριὰς,
447 1648 493 1676 τοῦ
504 1649 570 1675 Υίοῦ
577 1649 768 1684 ἀποθανόντος,
783 1651 832 1678 καὶ

34 1695 67 1732 ἦν
84 1697 141 1732 ἀρα
155 1697 227 1728 δυὰς
245 1696 327 1731 μέχρι
344 1695 394 1730 τῆς
410 1695 443 1721 ἐκ
460 1694 566 1729 νεκρῶν
582 1695 759 1728 ἀναστάσεως
774 1697 831 1724 αὺ-

33 1745 92 1771 τοῦ.
105 1744 163 1770 Καὶ
174 1743 220 1774 ¹ιιίς
230 1743 329 1774 αὐτοὺς
343 1742 394 1768 οὐκ
404 1740 511 1776 ἐλεήσει
524 1740 574 1775 τῆς
583 1741 714 1775 ἀμαθίας,
730 1743 776 1768 καὶ
788 1751 831 1769 το-

33 1789 139 1825 σαύτης
148 1789 299 1824 ἀγροικίας
308 1789 355 1814 καὶ
362 1786 473 1821 ἀλογίας
480 1794 488 1820 ;
496 1783 562 1812 Εἶτα
571 1786 620 1821 τὴν
629 1786 679 1821 μὲν
686 1787 774 1822 ψυχὴν
783 1787 830 1814 τοῦ

31 1837 258 1871 προσλήμματος
266 1834 400 1861 ἀθάνατον
411 1833 531 1867 λέγουσι,
542 1832 588 1858 τὸν
600 1832 628 1858 δὲ
641 1832 831 1867 προσλαϐόντα

29 1882 111 1909 τοῦτο
119 1883 193 1909 Θεὸν
203 1881 312 1916 θνητὸν,
324 1880 445 1911 καὶτοὺς
462 1879 511 1914 μὲν
521 1878 654 1913 ἀγγέλους
667 1879 829 1913 ἀθανάτους,

29 1931 75 1955 τὸν
92 1928 277 1965 Δημιουργδν
294 1927 322 1954 δὲ
338 1927 387 1954 καὶ
404 1926 543 1961 Δεσπότην
559 1924 758 1960 αὑτῶνθνητόν.

26 1987 90 2020 Χρὴ
107 1985 294 2021 παραθεῖναι
308 1984 426 2021 τούτοις
436 1983 512 2009 κατὰ
526 1982 585 2021 τοῦ
593 1981 727 2021 μεγάλου
747 1983 830 2021 uaga.

63 2017 184 2049 rho-le
205 2021 282 2053 πρὸς
300 2019 371 2052 τοὺς
385 2018 533 2054 λέγοντας
543 2037 550 2050 ,
569 2017 613 2043 ὅτι
628 2017 740 2044 ἔπαθεν
754 2018 831 2045 ἀπα-

63 2059 121 2091 θὼ(
136 2059 155 2085 ό
171 2057 282 2090 Λόγος.

60 2107 134 2141 Πρὶν
167 2103 283 2131 ἀκούσω
312 2102 343 2128 τὺ
372 2101 478 2134 ἔπαθε,
508 2101 604 2135 φεύγει
631 2099 682 2135 τῆς
710 2099 829 2132 διανοίας

23 2153 54 2178 τὸ
75 2152 213 2179 ἔπαθεν.
245 2147 431 2183 Ἐπαγόμενον
453 2145 507 2181 γὰρ
534 2146 564 2172 τὺ
582 2145 704 2178 ἀπαθῶς
723 2145 773 2172 οὐκ
797 2145 830 2179 ἑᾷ

22 2200 121 2233 μένειν
152 2198 187 2224 τὸ
207 2194 303 2222 ἔπαθε.
324 2193 424 2221 Στάσιν
446 2193 460 2219 ό
479 2192 557 2226 λόγος
576 2191 694 2218 ἄστατον
706 2191 774 2225 ἔχει.
796 2191 828 2217 El

506 171 694 203 PANOPLIA
716 170 944 201 DOGMATICA.
967 182 994 186 —
1021 170 1093 200 TIT.
1118 169 1225 201 XVIII.

1608 167 1676 203 1098

1026 224 1118 252 Sancti
1140 224 1238 259 lgnalii
1260 224 1404 252 Antiochiw
1419 225 1542 259 episcopi.

927 269 1015 298 Sinite
1047 278 1089 297 me
1118 271 1221 298 Domini
1250 271 1301 298 mei
1329 273 1479 298 cruciatum
1508 276 1537 299 et
1563 276 1676 299 mortem

891 316 1000 343 imitari.

1081 361 1172 388 Sancti
1190 361 1313 396 Gregorii
1340 361 1473 397 Theologi.

923 410 1018 436 Paucae
1038 414 1120 444 guttae
1142 408 1284 442 sanguinis
1311 407 1357 435 Dei
1376 409 1506 436 mundum
1522 410 1678 438 sanctiﬁca-

888 459 950 482 runt
967 454 1135 482 universum.

1114 499 1181 526 Julii
1203 498 1293 527 Roma
1308 499 1454 534 pontiﬁcis.

919 545 1006 574 Judaei
1022 553 1120 580 corpus
1136 545 1338 581 cruclllgcntes,
1357 545 1476 573 Verbum
1492 546 1661 574 occiderunt.

1008 635 1100 664 Sancti
1123 635 1218 672 Cyrilli
1229 636 1354 663 adversus
1370 634 1534 664 Nestorium.

919 686 965 713 Dei
985 686 1132 719 cruciatus,
1154 685 1200 712 Dei
1226 692 1304 718 crux,
1332 684 1377 712 Dei
1406 691 1490 718 mors,
1518 683 1563 711 Dei
1586 690 1676 711 resur-

882 732 976 759 rectio.

1041 777 1176 806 Melitonis
1192 777 1340 806 Sardorum
1363 778 1492 813 episcopi.

916 822 990 851 Deus
1005 831 1102 858 passus
1119 828 1162 851 est
1179 831 1193 851 a
1209 824 1321 852 dextera
1338 824 1497 851 Israelitica.

915 868 1055 905 Objiciunt
1067 873 1094 897 et
1105 870 1157 897 alia
1173 869 1256 897 multa
1269 870 1310 897 his
1324 870 1435 901 similia,
1449 870 1482 897 ad
1494 878 1554 905 qua:
1567 871 1675 905 quidem

883 915 972 943 omnia
993 916 1156 944 conlutanda
1174 916 1253 943 unica
1271 917 1339 944 satis
1352 917 1406 944 erit
1419 917 1579 950 responsio:
1596 917 1676 950 Vide,

883 962 1129 998 inquitGregorius
1149 962 1194 990 ille
1207 961 1371 998 Theologus,
1392 970 1425 990 ne
1440 963 1603 997 sanguinem
1628 963 1676 991 Dei

882 1014 909 1036 et
924 1008 1063 1036 cruciatus
1076 1008 1200 1040 audiens.
1214 1008 1269 1036 ullo
1286 1009 1366 1036 modo
1392 1009 1524 1037 rationem
1543 1009 1675 1042 inﬂectas.

882 1061 950 1082 neve
978 1059 1008 1081 ut
1022 1054 1070 1081 Dei
1096 1057 1226 1089 patronus
1249 1054 1330 1089 impie
1359 1055 1506 1089 supereris.
1525 1054 1591 1082 Nam
1612 1056 1677 1090 quia

881 1100 942 1128 Filii
970 1106 997 1128 et
1026 1100 1073 1127 Dei
1100 1107 1216 1135 persona
1245 1100 1316 1128 facta
1343 1104 1386 1129 est
1414 1101 1496 1128 etiam
1530 1107 1677 1137 assumpta:

882 1144 973 1172 carnis
987 1151 1114 1178 persona,
1131 1143 1190 1178 ipse
1217 1143 1315 1171 dicitur
1331 1145 1421 1171 omnia
1450 1144 1539 1172 facere
1560 1150 1588 1172 et
1604 1146 1675 1180 pati.

881 1193 963 1223 atque
990 1188 1034 1215 illa
1066 1188 1186 1223 quidem,
1212 1195 1271 1222 quae
1295 1188 1387 1216 divina
1414 1194 1490 1223 sunt,
1519 1195 1615 1217 natura
1633 1190 1677 1218 di-

882 1235 943 1261 vina
976 1234 1128 1269 perﬁcere,
1159 1241 1190 1261 ea
1220 1241 1284 1262 vero
1311 1241 1371 1269 qum
1398 1239 1462 1262 sunt
1488 1235 1623 1268 humana,
1649 1242 1678 1263 et

882 1286 962 1314 agere
978 1284 1005 1306 et
1021 1279 1074 1314 pati
1102 1283 1198 1306 natura
1216 1279 1344 1306 humana.
1371 1279 1404 1306 Et
1432 1279 1675 1315 aliter:quoniam

882 1331 935 1350 uua
950 1327 992 1350 est
1009 1323 1121 1350 duarum
1142 1323 1243 1351 Christi
1266 1327 1427 1351 naturarum
1452 1331 1577 1359 persona,
1610 1325 1676 1361 ipsae

882 1370 932 1398 sibi
948 1370 1067 1398 vicissim
1086 1377 1151 1398 suas
1168 1377 1239 1405 saepe
1259 1371 1462 1399 communicant
1477 1372 1674 1407 appellationes

881 1419 993 1450 propter
1017 1422 1142 1450 personae
1168 1416 1387 1451 conjunctionem
1416 1421 1444 1445 et
1480 1425 1616 1446 summam
1641 1427 1676 1447 ex

882 1461 927 1488 illa
959 1461 1201 1490 necessitudinem.
1227 1461 1410 1495 Quamobrem
1435 1463 1458 1491 si
1483 1464 1599 1499 quaestio
1634 1466 1677 1493 sic

881 1513 1043 1543 exponatur,
1071 1507 1173 1535 nullum
1204 1508 1406 1536 incommodum
1431 1515 1624 1546 consequetur.
1640 1513 1677 1539 At

882 1555 916 1588 si,
942 1558 972 1581 ut
997 1553 1206 1588 Theopaschitae
1230 1554 1387 1589 opinantur.
1412 1555 1496 1584 Filius
1517 1563 1566 1584 sua
1591 1557 1676 1593 ipsius

882 1595 982 1629 natura
996 1600 1086 1628 divina
1112 1608 1209 1635 passus
1237 1606 1266 1629 et
1283 1606 1406 1629 mortuus
1428 1607 1480 1634 est.
1509 1602 1578 1631 Filio
1602 1611 1676 1632 mor-

883 1652 929 1675 tuo
942 1646 1063 1674 Trinitas
1078 1646 1111 1674 ad
1125 1645 1284 1674 dualitatem
1302 1648 1411 1675 redacta
1427 1653 1479 1676 est.
1497 1647 1532 1677 Et
1555 1649 1674 1678 dualitas

882 1693 934 1721 fuit
947 1699 1088 1728 quousque
1103 1693 1255 1722 resurrexit
1266 1700 1281 1719 a
1302 1694 1425 1722 mortuis.
1440 1694 1507 1728 Quis
1525 1695 1673 1724 absurdam

881 1744 910 1767 et
940 1745 1075 1774 agrestem
1109 1738 1221 1767 istorum
1251 1739 1394 1767 stultitiam
1424 1747 1477 1768 non
1497 1741 1671 1775 misereatur.

882 1785 928 1819 qui
952 1785 1071 1812 animam
1086 1783 1195 1819 quidem
1213 1789 1380 1819 assuntptam
1400 1784 1594 1818 immortalem,
1611 1794 1673 1814 eum

882 1837 945 1858 vero
967 1830 1013 1865 qui
1031 1830 1102 1857 illam
1122 1830 1279 1864 assumpsit,
1309 1830 1472 1862 mortalem;
1488 1832 1599 1867 angelos
1616 1833 1671 1860 im-

882 1876 1020 1908 mortales,
1035 1875 1191 1910 angelorum
1207 1882 1297 1903 autent
1330 1882 1529 1911 procreatorem
1561 1883 1589 1905 et
1620 1877 1674 1907 Do-

882 1923 983 1949 minum
996 1922 1137 1950 mortalem
1150 1922 1294 1950 asseram?

882 1978 933 2006 liis
955 1979 1107 2014 adjicienda
1133 1968 1193 2015 sunt
1229 1987 1259 2006 ea
1287 1988 1345 2015 qum
1373 1980 1486 2014 Magnus
1512 1981 1672 2011 Athanasius

915 2015 942 2041 in
958 2022 1001 2041 eos
1020 2015 1092 2045 dicit,
1108 2016 1152 2050 qui
1176 2014 1286 2041 Verbum
1300 2016 1400 2043 ratione
1413 2017 1554 2051 impatibili
1582 2019 1674 2046 dicunt

915 2057 971 2088 εσσε
991 2057 1097 2083 passum
1102 2070 1109 2076 .

915 2095 1067 2130 Antequam
1081 2094 1189 2121 audiam
1202 2095 1276 2127 illud,
1296 2095 1396 2123 Passus
1413 2101 1461 2129 est,
1477 2097 1671 2132 cogitationem

879 2141 983 2176 ell'ugit.
1015 2140 1081 2168 Cum
1109 2140 1181 2168 enim
1205 2140 1358 2176 adjiciunt,
1389 2142 1492 2170 ratione
1518 2143 1671 2179 impetibili.

881 2195 932 2215 non
948 2187 1014 2216 sinit
1026 2187 1187 2220 consistere,
1200 2194 1296 2221 passus
1312 2192 1363 2216 est.
1378 2187 1471 2216 Oratio
1481 2194 1581 2218 statum
1592 2191 1673 2219 habet

21 2231 126 2275 ἔπαθε,
152 2240 219 2271 πῶς
235 2238 366 2270 ἀπαθῶς;
380 2237 411 2264 Et
426 2236 539 2268 ἀπαθῶς
550 2256 556 2268 ,
576 2236 634 2267 πῶς
651 2235 754 2268 haec;
768 2235 824 2262 Λα·
842 2231 864 2259 D

919 2233 1044 2261 stabilem.
1062 2232 1090 2260 Si
1111 2240 1208 2268 passus
1222 2239 1273 2265 est,
1303 2234 1440 2267 quomodo
1455 2234 1561 2263 ratione
1586 2236 1671 2271 impa-

21 2290 159 2324 λὴσωμεν
179 2286 337 2320 ἀλαλήτως,
364 2283 408 2311 ἵνα.
437 2282 520 2317 νοηθῇ
549 2282 681 2316 ἀνοήτως
704 2281 758 2315 Τίς,
773 2279 827 2308 εῑδε

21 2337 170 2362 πίπτοντα
199 2333 352 2364 annonec;
377 2329 555 2364 ἐγειρόμενον
580 2327 755 2363 ἀνεγέρτως;
779 2335 828 2354 πο.

21 2383 127 2410 νοῦντα
145 2379 283 2411 ἀπόνως;
299 2377 451 2413 φρονοῦντα
468 2375 593 2412 ἀφρόνως
607 2383 615 2409 ;
636 2374 828 2410 ὠφελούμενον

21 2426 186 2462 ἀνωφελῶς
197 2433 205 2457 ;
221 2425 353 2459 λυόμενον
367 2421 483 2453 ἀλύτως·
496 2421 540 2447 ἵνα
552 2420 673 2455 δέξωμαι
685 2419 714 2447 τὺ
726 2419 828 2446 ἔπαθεν

21 2473 163 2504 ῑιπαθῶς;
189 2470 238 2500 Τίς
257 2470 274 2505 ἡ
295 2469 346 2503 τῆς
376 2467 533 2503 ἀφροσύνης
557 2466 719 2499 ἐπίστασις,
745 2466 787 2496 τίς
810 2465 829 2498 ἡ

21 2521 66 2554 ῖῆς
86 2518 200 2547 ἀνοίας
219 2514 414 2550 παραπληξία,
434 2513 499 2548 περὶ
521 2512 673 2548 μυστηρίου
691 2511 828 2546 φρικωδε-

21 2569 123 2594 ςτάτου
160 2563 261 2598 φέρειν
277 2562 387 2597 ῥήματα
399 2560 506 2595 γέλωτα
519 2559 622 2586 πλατὺν
636 2558 826 2593 ὲργαζόμενα;

21 2615 100 2648 ,όγον
123 2608 376 2643 ἐπαγγέλλεσθαι,
397 2608 446 2634 καὶ
469 2606 582 2640 ἀλογίαν
601 2605 826 2641 προϐάλλεσθαι;

21 2660 184 2693 ιπόκρισιν
201 2654 300 2681 διδόναι
312 2653 359 2680 τοῦ
373 2652 411 2688 μὴ
421 2651 525 2684 δοῦναι;
538 2650 730 2685 ἀσαφεστέραν
741 2649 829 2685 ἑρμη-

27 2705 96 2731 είαν
115 2700 264 2737 παρέχειν
280 2699 403 2736 μείζονος
421 2699 537 2734 ἀπορίας
555 2698 685 2734 μητέρας
705 2696 768 2729 Πῶς
783 2697 828 2724 οὺ-

21 2753 66 2783 εὶς
89 2749 158 2777 τῶν
182 2747 272 2780 ἁγίων
285 2746 325 2783 είς
345 2745 474 2772 τοσοῦτον
490 2744 557 2780 ὕψος
578 2744 695 2779 θεωρίας
708 2743 827 2779 ἀναδρα-

21 2799 89 2829 ιείν,
101 2797 122 2831 ἢ
135 2794 235 2821 εἰπεῖν
245 2791 362 2827 ἐδυνήθη
371 2791 402 2818 τδ
412 2790 632 2827 πολυθρύλλητον
643 2790 731 2816 ἐκεῖνο
739 2789 826 2825 ῥῆμα⁹

21 2843 153 2872 Επαθεν
174 2838 308 2872 ἀπαθῶς;
326 2837 433 2867 Παῦλος
443 2838 456 2864 ό
468 2837 508 2868 είς
523 2837 615 2872 τρίτον
625 2835 739 2871 οὐρανὸν
750 2836 828 2864 ἀνελ-

22 2890 79 2923 ὼν,
94 2886 153 2914 καὶ
173 2883 232 2910 τῶν
245 2884 372 2919 ἀρρήτων
385 2883 415 2909 ἐν
428 2881 587 2917 παραδείσῳ
599 2881 730 2918 ῥημάτων
741 2881 826 2910 ἀκού-

181 2930 316 2962 Ρλτιιοι..
332 2930 389 2961 Gs.
413 2928 543 2961 CXXX.

880 2279 1013 2307 tibili?Si
1034 2279 1138 2307 ratione
1154 2279 1304 2314 impetibili,
1318 2281 1455 2315 quomodo
1480 2288 1577 2316 passus
1605 2282 1673 2310 est?

878 2325 973 2361 Magno
987 2326 1126 2361 loquemur
1135 2326 1264 2357 clamore,
1277 2330 1306 2353 ut
1322 2326 1673 2363 insipienterintelligatur?

878 2372 944 2405 Quis
966 2372 1030 2399 vidit
1044 2371 1160 2406 aliquem
1176 2379 1230 2399 non
1244 2372 1378 2399 labentem
1395 2372 1459 2406 labi,
1474 2381 1528 2401 non
1555 2381 1669 2410 surgen-

879 2423 932 2445 tem
944 2424 1066 2452 surgere,
1083 2424 1136 2444 non
1149 2417 1320 2445 laborantem
1337 2417 1473 2451 laborare,
1493 2418 1669 2454 insipientem

879 2471 984 2499 sapere,
1001 2471 1052 2491 non
1073 2463 1242 2497 adjuvantem
1255 2465 1360 2498 juvare,
1379 2472 1433 2492 non
1451 2465 1600 2493 solventem
1614 2465 1673 2493 sol-

878 2517 952 2543 vere,
967 2515 995 2537 ut
1010 2509 1072 2537 illud
1087 2509 1168 2537 etiam
1180 2510 1353 2539 admittamus
1369 2518 1377 2538 :
1404 2510 1547 2546 lmpatibili
1566 2511 1671 2540 ratione

878 2564 975 2592 passus
1001 2556 1068 2583 est?
1098 2556 1163 2589 Quae
1190 2557 1311 2584 stultitiae
1339 2558 1494 2593 magnitudo
1523 2563 1588 2590 est,
1624 2559 1671 2593 qui

880 2604 976 2631 mentis
1015 2607 1130 2637 stupor,
1160 2603 1193 2630 de
1224 2603 1353 2638 mysterio
1375 2604 1492 2631 maxime
1519 2605 1673 2632 venerando

878 2649 1072 2681 disserentem,
1089 2648 1169 2675 verba
1183 2656 1242 2683 quae
1272 2656 1396 2684 n'taguum
1426 2654 1552 2676 moveant
1575 2656 1672 2682 risum,

878 2695 1078 2729 pronuntiare?
1114 2695 1246 2722 rationem
1278 2695 1386 2727 allerre,
1412 2702 1472 2729 qua:
1501 2699 1528 2721 te
1555 2695 1671 2722 rationis

878 2745 1015 2777 expertem
1032 2740 1152 2769 indicet?
1182 2741 1218 2768 ita
1239 2741 1414 2775 re5pondere,
1441 2744 1472 2766 ut
1495 2739 1671 2774 insipientius

878 2796 954 2824 agas,
974 2796 1054 2823 quam
1082 2787 1104 2815 si
1123 2787 1188 2814 nihil
1204 2787 1317 2815 omnino
1335 2785 1523 2821 respondeas?
1538 2786 1672 2821 interpre-

878 2834 1008 2861 tationem
1018 2831 1126 2864 all‘erre,
1139 2839 1199 2866 quae
1213 2832 1341 2867 majorem
1358 2831 1444 2866 pariat
1454 2831 1666 2859 dubitationem!

877 2880 933 2908 Cur
953 2886 1032 2908 nemo
1054 2884 1210 2907 sanctorum
1239 2878 1271 2906 ad
1297 2882 1399 2905 tantam
1433 2877 1671 2913 contemplationis

1475 2923 1512 2956 35
