1874 3076
89 155 142 189 1101

519 157 706 188 PANOPLIA
730 157 960 203 DOGMATICA.
980 171 1014 200 l—
1034 159 1107 188 TlT.
1131 159 1239 190 XVIII.

1618 159 1685 190 1102

85 213 160 249 ἕτερον
172 213 304 247 σπεύδειν,
319 215 388 242 ἀλλὰ
404 215 495 250 μένειν
516 215 566 250 μὲν
584 216 633 250 τὴν
647 214 726 249 φύσιν
742 215 771 240 ὲν
786 215 843 245 τοῖς
857 216 872 245 Α

948 214 1020 247 inet,
1040 214 1097 242 haec
1123 220 1213 242 autem
1246 215 1327 242 aliam
1345 216 1373 242 in
1395 219 1501 250 partem
1526 215 1683 247 contendat,

87 258 149 290 ίδίοις
164 259 226 292 ὅροις
239 279 246 292 ,
265 258 351 286 θέλειν
376 260 405 286 δὲ
427 261 476 294 τὴν
503 259 631 295 βούλησιν
653 259 668 285 ὂ
692 259 792 294 πρέπει
810 259 844 293 τῇ

86 304 152 336 φύσει
177 305 218 331 καὶ
247 306 388 338 (niveo-rw;
411 304 455 338 Ὠς
478 305 505 333 al
517 314 558 337 τις
578 304 642 332 ἄλλο
670 304 720 340 μὲν
743 303 845 338 ταύτην

84 350 145 385 ἔχειν
155 350 228 385 λέγοι,
241 350 305 378 ἄλλο
315 351 342 377 δὲ
354 350 442 377 θέλειν
458 351 577 386 ἐκείνην,
590 351 681 386 μάχην
704 350 845 383 ἐπεισάγει

85 397 128 422 καὶ
138 396 248 430 πόλεμον,
263 397 314 431 τῆς
330 396 381 432 μὲν
397 397 575 433 ὲγχειρούσης
591 398 631 428 είς
648 397 665 424 ἃ
679 396 716 432 μὴ
731 396 780 427 δεῖ,
797 397 846 430 τῆς

83 442 109 468 δὲ
121 441 247 477 δεχομένης
265 443 316 469 ὅσα
332 442 370 478 μὴ
390 443 555 478 πέφυκε.Τὸ
574 442 689 477 πάσχειν
713 441 845 476 πεφυκὸς,

83 487 125 513 καὶ
133 486 203 518 θέλον,
215 488 263 514 καὶ
279 488 316 523 μὴ
327 487 403 514 θέλον
416 488 454 522 τῷ
468 489 583 523 πάσχειν
599 488 753 514 ὑπόκειται.
767 487 804 513 Τὸ
819 487 847 513 δὲ

80 533 124 559 τοῦ
137 533 237 568 πάσχειν
251 534 322 560 κατά
337 533 419 567 φύσιν
436 534 525 566 ἐκτὸς,
548 533 599 560 κάν
619 543 662 565 τις
681 535 847 568 συγχωρήσῃ

80 579 110 603 τὸ
126 578 212 611 θέλειν,
235 579 305 614 ὅπερ
329 580 378 614 οὐχ
394 577 448 606 οἷόν
464 589 512 612 τε,
533 580 575 612 τίς
596 579 686 606 πείσει
708 578 848 612 δέξασθαι,

80 624 143 660 ὅπερ
154 625 178 652 οὺ
199 625 338 659 πέφυκενς
362 626 421 652 Πᾶν
447 626 526 660 γένος
546 624 624 658 ζώων
645 625 778 660 φυλάσσει
802 624 849 651 τόν

79 671 126 705 τῆς
137 671 227 703 οἰκείας
247 671 342 703 οὐσίας
356 671 438 706 νόμον
452 671 609 703 ἀσάλευτον,
629 671 676 697 καὶ
687 670 724 702 ὡς
738 671 850 705 γέγονεν

79 715 125 742 ἀπ’
138 716 222 751 ἀρχῆς,
237 716 308 743 οὕτω
322 716 456 743 διαιτᾶται
468 716 511 744 διὰ
529 716 645 748 παντὸς,
668 716 715 743 καὶ
731 714 850 751 οὐδαμοῦ

77 762 109 788 τὸ
120 761 192 788 θέλειν
202 763 349 797 ἀνατρέπει
363 762 413 798 τὴν
426 763 513 795 τάξιν.
525 762 586 789 Κᾶν
603 762 732 798 μυριάκις
747 762 852 798 ἄνθρω-

78 815 126 838 πος
141 807 194 843 θέλῃ
210 809 336 842 γενέσθαι
353 809 464 843 πτηνὸν,
482 809 563 844 ἀργεῖ
576 809 611 836 τὰ
625 808 675 843 τῆς
688 808 850 844 βουλήσεως,

78 853 164 888 ἐπειδὴ
185 854 243 889 νικᾷ
267 855 301 881 τά
329 855 378 889 τῆς
404 854 511 889 φύσεως
529 863 535 869 ·

78 899 180 934 λογικὴν
193 899 264 934 ἔχειν
277 900 307 926 ἓν
322 909 349 927 τι
365 900 420 928 τῶν
439 901 557 934 ἀλόγων,
578 901 692 935 γελᾶται
708 901 739 928 τὸ
756 901 852 933 θέλειν,

76 943 107 968 οὺ
123 942 261 977 πληροῦται
285 944 315 970 τὸ
334 944 424 979 ἔργον,
448 943 514 971 Εἶτα
537 946 610 972 πᾶσα
627 945 677 981 μὲν
697 945 779 980 φύσις
797 944 853 980 ἔχει

76 986 108 1012 τὸ
120 987 313 1023 ἀτυράννητον,
332 990 378 1015 καὶ
398 989 529 1024 κρείττων
547 990 607 1017 ἐστὶ
622 991 712 1025 πάσης
733 990 856 1022 ἐναντίας

77 1031 231 1068 βουλήσεως,
248 1033 317 1069 μόνη
332 1034 359 1061 δὲ
376 1036 393 1068 ἡ
419 1034 555 1071 ἄτρεπτος
568 1035 614 1062 τοῦ
631 1035 698 1063 Θεοῦ
721 1036 768 1063 καὶ
790 1035 857 1062 ἀθά·

75 1086 152 1109 νατος
165 1080 238 1106 οὐσία
253 1080 359 1115 δέχεται
373 1081 501 1117 βούλησιν
518 1083 656 1116 ἐναντίαν,
676 1083 724 1110 καὶ
740 1083 856 1118 ἡττᾶται

73 1125 109 1159 τῇ
125 1125 170 1159 τῆς
187 1125 320 1162 θελήσεως
335 1128 459 1163 ἀνάγκης
478 1128 510 1154 Ὦ
524 1128 571 1154 τοῦ
588 1128 744 1163 θαύματοςί
765 1129 781 1164 ἡ
802 1129 856 1156 πᾶ-

75 1178 127 1196 σαν
143 1171 232 1197 οὐσίαν
254 1173 282 1198 ὲν
299 1173 354 1204 τοῖς
372 1173 483 1204 οίκείοις
499 1173 572 1209 ὅροις
589 1173 769 1208 φυλάττουσα,
787 1173 857 1208 αὑτὴ

72 1215 130 1241 τῶν
142 1215 186 1250 τῆς
200 1217 334 1249 ἀπαθείας
350 1218 420 1253 ὅρων
437 1218 508 1245 οὕτω
522 1219 621 1253 ῥᾳδίως
637 1218 786 1251 ἐξίσταται.
803 1219 857 1246 Καὶ

71 1260 149 1287 οὐδὲν
171 1262 293 1288 τοσοῦτον
313 1263 328 1289 6
353 1263 449 1295 κτίσας
476 1263 586 1291 ᾶπαντα
614 1263 686 1299 ἔχει,
713 1264 775 1291 ὅσον
800 1265 857 1296 τοῖς

71 1307 199 1341 κτίσμασι
215 1308 340 1336 δέδωκεν.
366 1308 434 1336 Οὔτε
452 1310 482 1336 τὸ
494 1309 606 1337 ἔπαθεν·
625 1311 639 1336 6
659 1309 724 1341 Θεὸς
737 1310 856 1346 εἴρηται,

69 1351 136 1379 αὖτε
165 1354 193 1379 τὸ
214 1353 254 1387 ὡς
282 1354 414 1390 ἠθέλησε
435 1356 600 1391 γέγραπται.
631 1357 694 1384 ’Ὁτι
730 1359 858 1393 εποίησεν

68 1399 124 1425 ὅσα
146 1399 273 1435 ἠθέλησεν
296 1401 465 1436 ἀκηκόαμεν,
485 1402 526 1428 ὅτι
551 1401 580 1428 δὲ
603 1401 722 1435 ἔπαθεν,
743 1403 780 1434 ὡς
794 1402 859 1438 ἠθέ-

66 1444 162 1480 λησεν,
183 1445 302 1480 οὐδαμοῦ
329 1447 541 1483 μεμαθήκαμεν.
565 1448 599 1474 Τί
622 1447 669 1475 οῦν
694 1448 793 1483 ἀδήλου
814 1448 859 1483 βε-

64 1490 184 1517 ϐαίωσιν
206 1492 236 1518 τὺ
260 1492 357 1528 ἄδηλον
376 1493 505 1528 φέρουσι;
527 1494 620 1521 Ταῦτα
645 1494 789 1530 προσθήκη
809 1495 859 1529 τῆς

63 1536 216 1569 ἀπονοίας,
236 1537 286 1563 οὐκ
308 1538 446 1572 ἀπόδειξις
465 1539 604 1574 ἀληθείας.
633 1539 704 1566 Ἀλλ’
720 1539 820 1566 ἔπαθεν
844 1540 858 1566 6

62 1581 208 1617 Δεσπότης
225 1583 341 1618 Χριστὸς
357 1584 428 1611 κατὰ
443 1584 492 1620 τὴν
507 1584 607 1620 θνητὴν
631 1585 730 1621 σάρκα,
743 1584 774 1612 οὐ
787 1583 858 1612 κατὰ

60 1627 115 1654 τὸν
130 1627 196 1655 Θεὸν
213 1629 309 1664 Λόγον.

896 261 943 288 sed
962 261 1051 295 potius
1068 264 1096 287 ut
1115 265 1210 288 natura
1227 261 1345 295 propriis
1363 261 1389 288 in
1409 260 1535 288 terminis
1562 265 1682 290 maneat.

896 306 1021 334 voluntas
1053 311 1142 333 autem
1165 307 1229 333 velit
1254 308 1325 341 quod
1358 313 1462 335 natura
1503 306 1631 334 convenit
1658 311 1686 333 et

896 360 1048 388 congruens
1062 353 1125 380 est?
1139 352 1213 385 Quod
1243 352 1265 380 si
1293 353 1356 388 quis
1378 353 1448 380 aliud
1476 353 1549 380 illatn
1572 351 1685 383 habere,

896 399 968 426 aliud
980 400 1050 426 hanc
1065 400 1135 427 velle
1150 399 1261 431 dixerit,
1278 407 1395 435 pugnam
1410 405 1438 427 et
1470 399 1571 427 bellum
1601 399 1687 425 intro-

897 446 988 477 ducet,
1003 452 1064 472 cum
1076 451 1104 473 et
1117 445 1242 473 voluntas
1254 452 1284 472 ea
1301 446 1404 480 cupiat,
1436 453 1498 480 quas
1526 452 1578 472 non
1606 451 1688 477 opor-

899 497 946 525 tet,
960 496 986 519 et
1003 495 1098 519 natura
1113 491 1253 525 suscipiat,
1271 498 1331 525 quae
1345 497 1397 517 non
1424 490 1514 518 debet.
1541 489 1617 522 Quod
1642 496 1689 522 pa-

899 538 980 565 tiendi
997 543 1119 564 naturam
1137 537 1225 569 habet,
1236 544 1282 564 sett
1298 537 1371 568 velit,
1389 543 1435 563 seu
1453 535 1532 567 nolit.
1565 534 1685 569 patiendi

898 582 1045 610 conditioni
1062 581 1207 610 obnoxium
1229 586 1281 609 est.
1313 580 1388 614 Quod
1401 586 1491 608 autem
1522 587 1536 606 ιι
1566 579 1688 614 patiendi

900 629 1054 656 conditione
1066 633 1162 655 natura
1181 632 1313 655 remotum
1337 633 1390 660 est,
1403 627 1467 654 licet
1500 626 1599 661 aliquis
1626 632 1691 653 con-

900 675 980 702 cedat
1014 674 1102 706 velle,
1144 674 1217 708 quod
1250 678 1338 700 tamen
1382 673 1440 700 tieri
1477 672 1593 707 nequit,
1629 670 1691 706 quis

902 721 989 756 ipsum
1005 720 1130 753 adducet,
1147 725 1176 747 ut
1190 719 1320 752 suscipiat
1334 719 1359 746 id
1384 727 1400 746 a
1426 726 1481 754 quo
1503 723 1600 745 natura
1625 717 1693 744 alie-

902 775 966 795 num
977 772 1016 795 est
1028 767 1039 795 ?
1053 767 1139 795 Omne
1153 765 1332 793 animantium
1357 773 1441 800 genus
1471 764 1598 792 essenlim
1629 769 1694 797 pro-

902 813 1062 849 priazlegem
1079 817 1170 841 servat
1194 811 1392 842 inviolabilem;
1413 816 1440 837 et
1464 809 1691 844 quemadmodum

562 854 615 882 κᾶν
643 854 746 890 θελήσῃ
763 853 851 889 ψυχὴν
867 857 872 884 ]

951 858 1028 886 initio
1052 862 1145 884 natum
1171 861 1225 889 est,
1240 857 1277 884 ita
1303 860 1437 891 perpetuo
1463 855 1547 888 vivit,
1563 858 1591 882 et
1619 853 1693 881 nullo

905 908 986 939 pacto
1000 902 1124 930 voluntas
1139 902 1262 929 ordinem
1278 905 1374 928 mutat.
1396 900 1472 928 Licet
1486 900 1582 927 millies
1611 899 1693 926 homo

905 948 971 976 velit
988 949 1089 976 habere
1102 947 1170 980 alas,
1191 946 1316 973 voluntas
1337 950 1427 973 tamen
1458 945 1532 972 illius
1551 945 1605 972 erit
1633 944 1692 971 ina,

906 993 958 1020 nis.
977 992 1076 1020 Natura
1093 991 1166 1019 enini
1187 991 1310 1026 superior
1326 995 1379 1018 est.
1400 990 1465 1017 ltetn
1484 990 1506 1017 si
1532 989 1604 1024 quod
1638 989 1696 1016 ani-

906 1038 1020 1066 maliutn
1044 1037 1150 1065 ratione
1165 1029 1331 1064 ‘carentiuin
1359 1035 1423 1062 velit
1450 1035 1569 1062 animam
1594 1034 1697 1062 habere

909 1084 1012 1111 ratione
1037 1083 1196 1117 praeditam,
1212 1082 1339 1110 voluntas
1368 1082 1428 1115 ejus
1458 1081 1615 1113 irrideatur,
1642 1088 1696 1108 non

907 1138 937 1158 re
947 1130 1098 1165 expleatur.
1114 1129 1248 1156 Pratterea
1263 1136 1325 1156 cum
1340 1127 1429 1155 omnis
1441 1132 1538 1155 natura
1556 1127 1639 1154 libera
1649 1127 1696 1159 sit,

907 1176 1134 1212 praestantiorque
1148 1175 1219 1202 omni
1235 1174 1371 1202 contraria
1403 1174 1552 1205 voluntate,
1573 1173 1619 1200 Dei
1648 1180 1698 1200 na-

909 1227 980 1255 tura,
994 1230 1053 1257 qua:
1065 1221 1122 1250 sola
1139 1226 1181 1249 est
1196 1221 1377 1248 immutabilis
1401 1226 1429 1248 ct
1456 1219 1629 1251 immortalis,
1649 1225 1698 1245 vo-

908 1267 1042 1295 luntatem
1055 1265 1220 1294 contrariam
1240 1265 1360 1297 habebit,
1377 1270 1404 1292 et
1418 1264 1578 1292 succumbet
1599 1263 1695 1290 volun-

910 1314 973 1340 tatis
988 1311 1170 1340 necessitati?
1194 1311 1215 1338 0
1232 1317 1288 1339 rem
1308 1309 1515 1338 admirandam!
1535 1308 1572 1335 Ea
1592 1313 1698 1340 natura,

909 1367 970 1394 qua:
983 1363 1095 1386 naturas
1109 1365 1203 1385 omnes
1219 1357 1338 1393 propriis
1350 1356 1377 1383 in
1393 1355 1518 1384 terminis
1540 1359 1698 1385 conservat,

910 1406 966 1441 ipsa
982 1404 1239 1439 eximpatibilitatis
1255 1403 1379 1431 terminis
1411 1401 1448 1429 ita
1474 1400 1555 1428 facile
1585 1399 1699 1432 decidit;

913 1455 940 1478 et
960 1451 1006 1486 qui
1034 1458 1078 1478 res
1089 1457 1184 1478 omnes
1207 1448 1372 1484 procreavit,
1395 1454 1430 1474 ne
1460 1451 1565 1474 tantum
1590 1446 1700 1480 quidem

911 1496 1002 1529 habet,
1018 1499 1150 1530 quantum
1168 1493 1222 1521 illis
1241 1498 1283 1520 est
1309 1491 1450 1527 elargitus.
1469 1490 1562 1525 Neque
1593 1489 1699 1516 dictum

909 1547 953 1570 est
969 1550 977 1570 :
994 1542 1093 1569 Passus
1107 1545 1149 1568 est
1166 1540 1245 1567 Deus.
1260 1538 1355 1573 Neque
1375 1538 1507 1572 scriptum
1522 1540 1563 1564 est
1579 1543 1586 1562 :
1606 1534 1642 1563 Ut
1655 1542 1702 1562 to-

913 1589 974 1616 luit.
1007 1587 1167 1615 Audivimus
1183 1593 1245 1614 eum
1272 1585 1383 1616 fecisse.
1406 1589 1576 1618 quaecunque
1604 1581 1701 1609 voluit.

912 1632 1025 1661 Passum
1045 1636 1136 1660 autem
1150 1638 1221 1663 esse,
1235 1635 1265 1658 ut
1279 1629 1374 1663 voluit,
1392 1635 1524 1664 nusquam
1541 1626 1701 1655 didicimus.

59 1676 125 1704 Cur
139 1677 211 1710 quod
229 1678 362 1705 incertum
382 1683 433 1709 est,
451 1677 484 1706 ad
502 1686 558 1706 rem
581 1678 712 1707 incertam
725 1679 892 1714 probandam
905 1679 1040 1708 aderunt?
1053 1680 1117 1707 Haec
1132 1677 1276 1706 dementia:
1290 1681 1354 1704 sunt
1366 1679 1536 1710 argumenta,
1556 1681 1611 1702 non
1625 1673 1702 1702 veri-

59 1725 135 1752 tatis
155 1724 320 1752 testimonia.
337 1724 436 1752 Passus
451 1731 493 1753 est
505 1725 630 1753 Christus
649 1724 792 1760 Dominus,
808 1735 862 1755 non
880 1727 1022 1755 divinitate
1036 1725 1130 1759 Verbi,
1145 1724 1190 1753 sed
1205 1730 1289 1751 carne
1304 1721 1423 1750 mortali.

60 1781 126 1809 Τοῦ
140 1781 235 1809 αὑτοῦ
250 1781 326 1815 πρὸς
340 1782 411 1815 τοὺς
430 1781 587 1816 λέγοντας,
605 1783 741 1812 Ἔπαθεν
753 1785 770 1812 ό
786 1784 861 1817 Θεὸς

353 1818 449 1852 Λόγος
470 1818 573 1852 σαρκί.

101 1861 192 1888 Πάλιν
221 1860 338 1888 ἐνταῦθα
370 1861 438 1888 πολὺ
467 1862 516 1897 μὲν
543 1862 573 1889 τὸ
592 1862 710 1897 ἄλογον,
737 1863 806 1890 πολὺ
834 1863 863 1890 δὲ

53 1907 152 1933 πλέον
169 1907 201 1934 τὸ
219 1907 331 1935 ἄτοπον.
362 1907 486 1941 Ἀλογίας
505 1908 554 1942 μὲν
579 1908 634 1944 γάρ
658 1908 748 1942 λέγειν
772 1908 864 1944 ἕτερον

52 1953 157 1988 ἑτέρῳ
176 1954 302 1989 πάσχειν,
311 1953 424 1985 ἀτοπίας
432 1952 460 1980 δὲ
475 1954 505 1980 τὸ
519 1953 619 1981 ἔπαθεν
633 1955 647 1981 6
663 1954 761 1988 Λόγος.
773 1954 863 1989 Ὅπερ

51 1999 178 2035 γυμνὸν
199 1999 435 2035 προκαλύμματος
453 2000 541 2026 εἰπεῖν
558 1999 588 2026 οὑ
604 1999 774 2035 τολμῶντες,
795 2000 864 2035 ἐπή-

50 2053 156 2080 γαγον
186 2045 218 2071 τί,
245 2045 354 2079 σαρκί,
377 2045 505 2080 καθάπερ
522 2045 668 2081 πρόσωπον
695 2045 808 2080 αἰσχρὸν
832 2046 863 2072 τὺ

48 2091 199 2127 ἀπρεπὲς
216 2091 263 2118 τοῦ
288 2092 462 2127 φρονήματος
482 2091 584 2127 δολερῷ
603 2091 767 2127 προσωπείῳ
784 2100 864 2126 περι-

46 2137 270 2168 καλύπτοντες.
295 2138 327 2164 Εί
342 2138 356 2164 6
376 2138 461 2171 Λόγος
490 2137 611 2170 ἔπαθεν,
637 2136 725 2173 ἐαυτῷ
752 2137 863 2164 ἔπαθεν.

912 1784 1039 1820 Ejusdem
1054 1783 1243 1820 adversus-«os,
1263 1780 1308 1815 qui
1322 1779 1414 1805 dicunt
1427 1785 1439 1805 :
1457 1777 1559 1804 Parrus
1574 1781 1611 1804 est
1632 1775 1703 1803 Deus

1174 1815 1284 1842 Verbum
1299 1821 1388 1841 cum.
1709 1828 1710 1842 ι

948 1865 1011 1892 llaac
1026 1870 1134 1891 rursum
1149 1861 1326 1888 vehementer
1353 1866 1367 1886 a
1392 1859 1499 1886 ratione
1527 1856 1704 1884 abhorrentia

914 1914 996 1944 atque
1010 1909 1139 1937 absurda.
1154 1907 1290 1934 Abhorret
1317 1905 1388 1933 enim
1417 1911 1433 1931 ιι
1461 1903 1570 1931 ratione
1598 1902 1702 1934 dicere,

915 1963 997 1984 unum
1015 1955 1069 1982 alio
1081 1954 1148 1989 pati.
1163 1952 1314 1980 Absurdum
1338 1954 1381 1978 est
1393 1954 1484 1978 autem
1512 1949 1603 1976 dicere
1635 1948 1703 1975 Ver-

916 2003 980 2029 bum
1003 2008 1063 2029 esse
1078 2007 1198 2035 passum.
1215 1997 1291 2031 Quod
1323 2002 1413 2024 tamen
1444 1995 1548 2023 nudum
1564 2002 1616 2022 non
1641 1998 1705 2021 sunt

916 2046 975 2074 ausi
989 2045 1164 2081 pronuntiare
1182 2052 1189 2072 :
1207 2045 1298 2078 itaque
1310 2042 1474 2069 addiderunt
1488 2049 1577 2072 carne,
1593 2044 1705 2068 senten-

918 2093 981 2119 tiam
996 2092 1114 2126 ineptam
1128 2095 1256 2124 tanquam
1273 2093 1376 2122 turpem
1405 2087 1501 2115 faciem
1522 2086 1612 2114 fallaci
1643 2093 1705 2120 per-

919 2146 985 2166 sona
1006 2142 1191 2172 contegentes.
1204 2137 1232 2164 Si
1250 2135 1365 2163 Verbum
1393 2139 1435 2162 est
1459 2140 1583 2169 passum,
1613 2133 1704 2166 seipso

45 2183 94 2210 Εἰ
110 2182 144 2208 δὲ
160 2183 259 2217 ἕτερον
279 2182 308 2209 τὺ
324 2183 421 2214 παθὸν,
439 2183 514 2209 οὐδὲν
531 2183 599 2218 πρὸς
614 2185 660 2210 τὸν
675 2183 772 2216 Λόγον.
784 2183 820 2210 Τὸ
837 2182 865 2209 δὲ

948 2191 1028 2211 issutu
1043 2188 1096 2215 est;
1115 2182 1156 2209 sin
1169 2182 1242 2209 aliud
1262 2187 1373 2216 passum
1400 2184 1453 2213 est,
1479 2179 1546 2206 nihil
1575 2178 1608 2205 ad
1640 2177 1707 2206 Ver-

43 2228 173 2262 λέγειν,
199 2227 231 2254 '0
248 2228 334 2261 Λόγος
351 2227 434 2254 ἔπαθε
453 2228 555 2263 σαρκὶ,
570 2228 703 2263 ἄγραφον,
719 2228 863 2262 ἀνοίκειον,

41 2274 250 2306 ἀσύστατον,
267 2273 461 2300 ἀνακόλουθον.
487 2272 556 2300 Οὔτε
577 2275 608 2300 τὺ
635 2274 754 2309 παθητὸν
780 2274 865 2309 ἑτέρῳ

40 2319 189 2353 πάσχει,
207 2318 272 2345 οὒτε
288 2319 320 2344 τδ
337 2318 441 2350 ἀπαθὲς
457 2318 491 2345 δι’
507 2318 601 2354 ἐτέρου
626 2319 736 2354 πάσχει.
758 2318 828 2345 Οὔτε
852 2319 867 2345 6

38 2363 158 2398 Λόγος
176 2364 301 2399 παθητὸς
325 2365 358 2400 τῇ
383 2365 474 2399 σαρκὶ,
490 2363 553 2390 οὔτε
574 2365 592 2400 ὴ
612 2364 680 2399 σὰρξ
697 2364 805 2398 ἀπαθὴς
827 2364 867 2399 τῷ

38 2410 149 2444 Λόγῳ
161 2429 170 2441 ,
191 2409 262 2436 ἀλλὰ
279 2410 328 2436 καὶ
343 2409 445 2445 η’σάρξ
460 2410 530 2436 κατὰ
551 2409 601 2445 τὴν
619 2410 722 2436 οἰκείαν
742 2410 823 2444 φύσιν
837 2410 868 2436 τὸ

36 2456 159 2487 πάθος
177 2456 335 2491 προσίεται,
349 2456 396 2482 καί
410 2456 424 2482 6
439 2455 525 2489 Λόγος
535 2455 687 2491 ἀχώριστον
701 2458 749 2492 τῆς
766 2456 868 2488 οἰκείας

34 2502 169 2533 οὐσίας
188 2501 247 2536 ἔχει
257 2501 288 2527 τὸ
299 2501 414 2532 ἀπαθές.
427 2501 458 2527 Et
470 2499 516 2528 οὖν
527 2499 604 2534 οὗτος
614 2503 648 2537 τῇ
661 2503 742 2537 σαρκὶ
756 2502 867 2537 πάσχει,

34 2549 129 2583 περὶ
142 2547 202 2582 τῆς
215 2547 315 2583 σαρκὸς
322 2548 348 2574 τί
360 2547 392 2574 ἂν
403 2547 538 2582 είτεοιμεν;
549 2548 648 2583 πάσχει
660 2548 700 2583 τῷ
709 2549 800 2584 Λόγῳ,
809 2548 826 2584 ἢ
836 2548 868 2574 οὐ

33 2593 94 2620 πά
100 2601 191 2628 σχει;
205 2593 237 2619 Εί
248 2593 297 2627 μὲν
307 2593 338 2618 οὺ
349 2592 460 2626 πάσχει,
470 2592 556 2629 ταύτῃ
565 2593 594 2620 τὸ
603 2593 708 2625 ἀπαθὲς
723 2593 867 2629 ἐχαρίσθη·

916 2231 991 2258 bum.
1005 2229 1099 2256 Dicere
1115 2231 1205 2255 autem
1216 2226 1335 2254 Verbum
1351 2231 1413 2253 esse
1428 2231 1537 2259 passum
1549 2230 1644 2254 carne,
1654 2230 1707 2250 nec

916 2276 1047 2309 scriptum
1063 2277 1116 2306 est.
1131 2280 1182 2300 nec
1198 2272 1348 2308 proprium,
1364 2278 1414 2298 nec
1431 2271 1550 2301 (irinum,
1567 2276 1617 2297 nec
1640 2276 1708 2296 con-

917 2325 1089 2349 sentaneum.
1105 2318 1161 2346 Nec
1190 2317 1262 2353 quod
1294 2316 1407 2352 patibile
1431 2319 1485 2348 est,
1515 2315 1569 2342 alio
1593 2314 1706 2349 patitur.

917 2367 974 2394 Nec
990 2366 1062 2401 quod
1075 2364 1237 2400 impatibile,
1253 2371 1302 2398 per
1328 2362 1401 2390 aliud
1428 2362 1542 2397 patitur.
1561 2359 1617 2388 Nec
1643 2359 1709 2386 Ver-

918 2414 981 2441 bum
989 2416 1032 2440 est
1047 2419 1131 2440 carne
1147 2410 1256 2445 patibile
1266 2418 1274 2443 ;
1285 2416 1335 2437 nec
1350 2415 1415 2436 caro
1430 2406 1590 2442 impatibilis
1606 2405 1706 2433 Verbo.

919 2459 972 2486 Sed
986 2464 1013 2487 et
1026 2465 1092 2486 caro
1101 2460 1198 2484 natura
1208 2455 1316 2491 propria
1332 2454 1445 2489 patitur,
1458 2458 1485 2480 et
1502 2457 1604 2480 naturte
1618 2450 1709 2486 .Verbi

919 2506 1061 2542 proprium
1077 2508 1131 2537 est,
1157 2508 1250 2531 utnon
1283 2503 1412 2536 patiatur.
1433 2500 1500 2527 Nam
1530 2500 1552 2526 si
1584 2497 1708 2525 Verbum

920 2559 1002 2580 carne
1016 2551 1130 2585 patitur,
1144 2549 1208 2584 quid
1231 2547 1266 2575 de
1290 2547 1348 2582 ipsa
1367 2553 1450 2573 carne
1468 2545 1590 2572 dicemus
1605 2543 1616 2570 ?
1646 2550 1709 2570 eam

920 2597 976 2630 pati
996 2596 1098 2628 Verbo,
1119 2602 1152 2622 an
1168 2602 1221 2622 non
1236 2593 1309 2627 pati?
1319 2591 1347 2619 Si
1363 2599 1415 2619 non
1433 2591 1547 2626 patitur,
1573 2590 1598 2616 ei
1625 2589 1710 2616 dona-

922 2649 978 2671 tum
993 2647 1033 2670 est
1044 2647 1073 2669 ut
1090 2648 1142 2668 non
1159 2640 1286 2674 patiatur.
1302 2637 1349 2665 Sin
1364 2637 1476 2672 patitur,
1489 2635 1543 2663 duo
1557 2635 1709 2670 patiuntur;

32 2650 50 2668 ε
61 2641 73 2666 Ι
88 2641 127 2666 δὲ
150 2640 274 2674 πάσχει,
284 2641 339 2666 τῶν
350 2639 397 2666 δύο
411 2640 441 2667 τὸ
450 2639 536 2671 πάθος
552 2639 768 2676 κατεψηφίσατο,
778 2639 868 2675 εἴπερ,

30 2684 164 2716 καθώς
186 2694 289 2720 φασιν,
308 2686 322 2712 6
342 2686 391 2720 μὲν
412 2685 498 2720 Λόγος
517 2685 616 2721 πάσχει
633 2687 666 2721 τῇ
685 2686 777 2720 σαρκὶ,
798 2686 815 2721 ὴ
841 2685 870 2712 δὲ

32 2730 137 2766 σὰρξ
166 2731 275 2766 πάσχει
289 2731 328 2766 τῷ
343 2731 435 2766 Λόγῳ.
455 2731 525 2758 Ἀλλ’
540 2732 604 2763 ῐσως
616 2732 719 2766 ἐροῦσι,
738 2731 799 2762 Πῶς
824 2729 871 2758 οὖν

27 2787 47 2804 ε
57 2778 203 2812 ῑρηται,
225 2777 276 2809 Ἐξ
295 2774 339 2804 ὧν
361 2779 377 2805 ό
391 2777 519 2812 Χριστὸς
534 2777 566 2804 τὸ
581 2777 657 2804 κατὰ
671 2777 787 2812 σάρκα;
801 2777 871 2811 Λέγε

27 2824 65 2851 Χ
72 2824 204 2858 ριστὸν
219 2824 354 2855 παθόντα,
372 2824 420 2851 καὶ
434 2824 583 2860 σύνδρομον
594 2823 722 2859 εὑρήσεις
740 2823 771 2850 τδ
785 2823 872 2859 ὄνομα

922 2689 944 2716 si
958 2688 1077 2723 quidem,
1092 2690 1122 2714 ut.
1138 2686 1188 2720 ipsi
1214 2684 1300 2716 aiunt,
1319 2682 1439 2710 Verbum
1456 2688 1539 2709 carne
1557 2681 1670 2716 patitur,
1683 2683 1712 2707 et

921 2740 986 2760 caro
1003 2731 1102 2766 patitur
1121 2729 1220 2757 Verbo.
1239 2729 1273 2755 At
1286 2727 1434 2762 quomodo,
1449 2726 1571 2761 inquient
1585 2725 1710 2758 lortasse,

924 2776 1026 2803 dictum
1040 2778 1098 2801 est:
1112 2772 1154 2800 Eu:
1166 2769 1264 2807 quibus
1275 2771 1397 2798 Christus
1413 2770 1556 2798 secundum
1569 2777 1675 2797 carnem
1684 2769 1714 2796 ‘I

927 2819 976 2848 Dic
988 2819 1128 2847 Christum
1141 2825 1202 2846 esse
1222 2823 1343 2852 passum,
1356 2820 1383 2842 et
1409 2816 1498 2844 oratio
1521 2815 1574 2843 erit
1595 2822 1712 2843 consen-

86 2885 95 2898 ¹
125 2881 229 2909 Rom.
241 2889 280 2914 ιι,
292 2881 320 2909 5.
