1874 3076
174 130 241 161 1103

789 131 983 163 EUTIIYMII
1008 131 1187 164 ZIGABENI

1738 133 1802 165 110$

172 193 260 214 lanea.
275 185 341 213 Nam
356 186 401 221 qui
421 185 504 214 Deum
522 185 641 213 Verbum
656 186 732 218 dicit,
749 187 896 222 simplicem
909 196 912 214 l

1086 189 1196 224 σαρκός.
1231 188 1260 216 '0
1277 189 1326 224 μὲν
1350 188 1405 224 γὰρ
1427 188 1514 216 εἰπὼν
1541 189 1587 216 τὸν
1615 189 1686 216 Θεὸν
1707 190 1800 224 Λόγον,

172 238 259 259 turam
278 232 418 268 signiﬁcat.
445 232 496 265 Qui
514 239 579 260 vero
593 232 730 259 Christum
745 233 876 264 nominat,
892 234 958 259 dun-

171 287 229 306 rum
245 279 344 306 indicat
364 283 520 305 naturarum
544 277 772 312 conjunctiouem.
802 278 891 312 Atque
921 278 958 305 ita

170 332 291 359 congrue
308 329 396 360 potest
411 325 500 351 dicere
519 333 526 351 :
547 324 647 352 Passus
666 329 709 352 est
743 324 879 354 Christus.
893 331 958 358 quo-

171 371 243 398 niam
256 371 308 397 hoc
337 377 434 398 nomen
464 371 521 397 duo
539 370 684 406 significat,
716 376 813 404 nempe
843 369 957 397 Verbum

173 416 333 450 impatihilc,
366 421 393 443 et
414 422 524 443 carnem
558 415 715 449 patibilem,
743 423 802 450 qua!
845 421 958 442 mortem

172 462 300 495 gustavit.
316 461 430 494 Quando
450 468 498 487 nec
514 461 612 488 Paulus
623 461 690 488 dixit
709 470 716 488 :
732 461 769 488 Ex
786 461 884 495 quihus
912 468 960 486 nu-

173 507 224 533 dus
243 507 330 538 Deus,
347 506 405 539 sed,
423 515 455 533 ex
473 507 566 541 quibus
591 506 712 534 Christus
730 508 874 534 secundant
900 514 960 532 car-

173 563 242 588 nem,
261 560 290 580 ttt
318 555 468 582 declararet
499 555 524 581 id
548 555 618 589 quod
652 555 883 584 memoravimus.
917 561 961 581 se-

173 601 291 627 cundum
319 607 429 627 carnem
459 600 567 634 quidem
591 608 623 627 ex
642 601 782 632 lsraclitis,
809 601 958 627 secundum

173 647 340 673 divinitatem
355 653 420 672 vero
433 653 465 672 ex
483 645 564 673 Patre
589 646 767 680 sempiterno.
797 645 854 672 Non
867 645 936 672 dixit
952 654 959 672 :

175 692 213 718 Ex
242 692 341 726 quibus
370 691 440 719 Deus
473 693 622 719 serundum
648 699 769 719 carnem.
812 692 886 718 Idem
917 692 961 719 dic

173 738 267 770 etiam,
283 742 310 764 et
321 739 500 765 assentiemur
529 738 665 765 Christum
684 741 751 771 jesse
783 744 891 772 passum
919 744 962 764 se-

174 783 427 812 rundumcarnem.
455 785 489 810 At
506 784 528 811 si
554 784 666 811 dixeris-
698 784 798 812 l‘assus
826 785 874 818 est}
892 783 962 811 Deus

173 836 268 862 carne,
297 835 389 864 aperte
417 831 515 858 doceas
539 837 581 857 me
600 835 690 857 utrum
718 830 788 858 idem
811 830 847 857 sit
875 830 959 862 Deus,

174 881 202 903 et
214 883 290 908 caro,
306 863 340 904 an
358 876 429 903 aliud
445 880 526 911 atque
537 876 621 903 aliud.
635 875 702 903 Nam
723 877 745 903 si
761 876 844 908 idem,
863 883 959 910 passus
976 863 998 892 Β

175 927 214 949 est
232 922 301 949 Deus
314 922 415 956 seipso.
429 921 500 949 idem
513 922 585 949 enim
599 929 660 949 esse
692 921 774 948 Deum
798 926 825 947 et
848 928 957 948 carnem

175 968 285 995 asseris.
301 966 347 994 Sin
365 967 437 994 aliud
452 972 532 1002 atque
545 968 626 1001 aliud,
645 968 780 1002 quomodo
792 967 842 994 hoc
854 967 898 994 illo
915 974 960 1000 pa—

178 1014 253 1046 titur,
270 1021 331 1040 cum
347 1013 440 1040 omnis
455 1019 552 1041 natura
568 1014 668 1048 seipsa,
682 1021 735 1041 non
765 1013 818 1040 alia
841 1014 959 1040 essentia

176 1059 311 1094 patiatur?
325 1059 410 1086 Homo
424 1067 476 1087 non
491 1060 593 1095 patitur
607 1067 690 1095 equo,
709 1067 760 1088 nec
778 1060 867 1086 anima
902 1067 961 1086 mo-

178 1106 246 1132 ritur
258 1113 350 1136 carnc.
364 1105 410 1132 sed
426 1113 490 1133 caro
516 1106 624 1139 quidem
650 1105 774 1139 solvitur,
784 1105 873 1132 anima
899 1112 962 1132 vero

177 1157 330 1185 separatur.
346 1151 430 1180 Homo
445 1155 534 1178 autem
549 1156 674 1179 mortuus
692 1159 755 1180 esse
769 1151 878 1184 dicitur,
891 1151 961 1184 quod

177 1196 230 1224 duo
245 1196 389 1232 signiﬁcat,
405 1197 524 1225 animam
543 1197 671 1224 nimirum
684 1201 713 1225 et
724 1205 844 1225 carnem.
865 1197 897 1224 Et
918 1198 962 1224 in-

178 1243 308 1277 telligitur
322 1248 446 1271 mortuus
455 1250 487 1270 ea
501 1248 588 1278 parte,
603 1250 664 1278 qua:
696 1247 810 1270 mortem
839 1243 962 1278 suscipit,

178 1288 204 1315 id
218 1293 259 1315 est
283 1295 375 1321 carne,
393 1295 448 1316 non
464 1293 553 1316 autem
572 1288 744 1323 anima,quae
758 1292 800 1316 est
825 1288 964 1316 immorta-

179 1332 221 1359 lis.
231 1333 287 1360 Cur
301 1333 385 1368 igitur
402 1340 483 1361 nemo
502 1333 685 1367 dicitztlujus
711 1337 758 1360 aut
772 1333 844 1361 illius
873 1334 964 1362 anima

180 1384 287 1407 mortua
301 1385 342 1408 est
353 1387 447 1413 carne,
465 1379 587 1412 sed.liic
616 1384 663 1408 aut
690 1380 735 1407 ille
757 1384 883 1407 mortuus
911 1384 964 1413 est,

179 1426 224 1460 qui
239 1433 272 1453 ex
284 1427 373 1454 anima
386 1432 413 1454 et
429 1433 544 1461 corpore
558 1425 866 1459 constabanououiam
881 1426 963 1453 etiam

179 1477 241 1507 post
254 1475 367 1499 mortem
383 1472 500 1499 animam
510 1471 611 1499 indicat
623 1471 813 1499 immortaletn.
824 1470 964 1506 Nusquam

180 1525 273 1545 vocem
287 1519 357 1545 hanc
373 1518 490 1545 admittit
505 1516 656 1551 Scriptura,
689 1521 717 1544 at
741 1517 883 1545 Christum
906 1524 967 1545 esse

181 1571 290 1596 passum
317 1563 415 1598 ultique
437 1563 566 1597 praedicat
582 1563 754 1597 apertissime
770 1572 777 1590 :
795 1562 900 1590 Pascha
919 1570 968 1589 uo-

182 1614 267 1636 strum
283 1617 332 1642 pro
348 1609 422 1636 nobis
438 1608 592 1636 immolatus
609 1613 648 1636 ut
667 1608 789 1636 Christus
801 1610 823 1636 ⁸.
845 1607 874 1635 Si
899 1607 970 1643 pati-

183 1654 242 1681 bilis
269 1654 421 1687 Cltristus',
451 1653 572 1682 Christus
587 1662 682 1685 passus
710 1659 749 1682 est
777 1662 825 1689 pro
855 1655 969 1689 peccatis

183 1699 283 1726 nostris
299 1699 446 1726 secundum
461 1699 614 1734 Scriptura:
623 1700 643 1727 ³.
655 1699 728 1727 Crux
747 1700 859 1732 Christi,
870 1707 969 1734 corpus

182 1744 303 1778 Christi,
320 1745 431 1780 sanguis
445 1745 560 1773 Christi.
576 1745 717 1780 Quomodo
730 1750 832 1773 tantam
860 1745 968 1773 testium

183 1790 282 1818 nubem
307 1795 491 1826 praetereunt,
520 1798 568 1820 nec
600 1792 837 1824 animadvertunt,
861 1797 969 1820 sacrum

183 1835 258 1863 lllum
271 1841 425 1864 sanctorum
437 1836 546 1864 Patrum
562 1840 662 1865 coetum
675 1837 702 1864 in
738 1836 853 1864 concilio
862 1835 971 1864 Nicaeae

183 1883 276 1909 statim
292 1888 352 1917 post
365 1883 410 1910 Dei
426 1887 453 1910 et
467 1882 556 1910 Patris
570 1883 770 1910 confessionem
797 1882 968 1917 subiecisse:

186 1927 219 1955 Et
239 1929 265 1954 in
280 1936 362 1955 unum
379 1928 519 1955 Dominum
551 1927 642 1955 letum
666 1927 814 1961 Christum,
830 1929 971 1962 deinceps-

185 1982 238 2010 que
259 1975 450 2009 pronuntiasse
471 1982 531 2009 quat
559 1974 593 2002 ad
613 1975 715 2002 nudam
739 1975 875 2010 pertinent
900 1975 971 2003 divi-

185 2021 309 2051 nitatem,
334 2027 450 2054 quaeque
477 2020 511 2047 ad
540 2019 718 2048 humanitatis
743 2024 889 2055 assumptae
916 2021 972 2048 dis-

187 2067 384 2101 pensationem,
399 2071 525 2101 tanquam
557 2073 654 2093 nomen
672 2066 724 2093 hoe
753 2067 841 2094 solum
865 2068 973 2102 proprie

186 2113 380 2139 convenienter
398 2112 505 2139 diversa
522 2111 728 2144 complectatur,
739 2117 768 2139 ut
791 2113 888 2140 beatus
914 2114 972 2147 ipse

185 2157 285 2184 Paulus
316 2162 453 2184 testatur:
482 2157 578 2190 Nemo,
609 2157 746 2192 inquiens,
770 2158 972 2192 fundamentum

1012 233 1101 268 ἁπλῆν
1115 235 1211 261 οὐσίαν
1231 235 1386 270 ἐσήμανεν·
1403 235 1417 262 ὁ
1439 235 1468 262 δὲ
1489 235 1721 270 προσαγορεῦσας
1741 237 1805 270 Χρι-

1012 279 1084 311 στόν,
1100 279 1149 315 τὴν
1160 280 1308 315 συνάφειαν
1324 281 1379 308 τῶν
1387 281 1434 307 δύο
1446 281 1553 316 φύσεων
1564 282 1739 316 ἑφανέρωσε.
1755 283 1806 308 Καὶ

1011 326 1097 357 οὕτως
1119 325 1249 360 ἁρμόζειν
1263 326 1377 353 δύναται
1395 326 1425 353 τὺ
1443 327 1543 361 λέγειν,
1564 327 1690 353 Ἐπαθεν
1710 328 1725 353 ὸ
1740 328 1806 361 Χρι-

1012 373 1084 403 στὸς,
1099 372 1143 398 διὰ
1156 372 1186 398 τὸ
1199 371 1247 407 τὴν
1260 373 1448 407 προσηγορεαν
1464 372 1566 406 ταύτην
1579 373 1614 398 τὰ
1637 372 1688 398 δίο
1706 373 1806 405 σημαὶ-

1011 427 1067 445 νειν
1082 419 1150 453 ἅμα,
1169 419 1217 445 καὶ
1233 418 1279 444 τὸν
1295 418 1390 452 ἀπαθῆ
1413 418 1510 452 Λόγον,
1535 418 1582 444 καὶ
1602 427 1655 452 την
1680 419 1806 452 παθητὴν

1010 464 1100 499 σάρκα
1124 465 1174 499 τὴν
1199 464 1350 498 γενομένην
1377 463 1503 490 θανάτου.
1527 464 1603 490 Ἐπεὶ
1628 464 1679 489 καὶ
1702 463 1806 494 Παῦλος

1011 510 1062 536 οὐκ
1076 508 1163 541 εἶπεν,
1173 509 1218 542 Ἐξ
1234 506 1271 536 ὧν
1280 509 1382 544 γυμνὸς
1392 511 1405 536 ὀ
1417 509 1492 541 Θεὸς,
1506 509 1575 540 ἀλλ’,
1587 509 1642 540 Ἐξ
1650 506 1698 536 ὧν
1709 511 1726 536 ὁ
1742 510 1805 542 Χρι-

1011 557 1086 588 στιῗς
1100 556 1133 582 τὸ
1152 556 1227 583 κατὰ
1242 558 1350 589 σάρκα,
1367 557 1384 582 ό
1398 555 1440 581 ὢν
1456 555 1505 581 ἐπὶ
1522 555 1646 582 πάντων
1661 556 1749 588 Θεὸς,
1766 556 1805 581 ἵνα

1011 602 1086 638 δείξῃ
1107 602 1153 628 τὸν
1173 594 1410 637 μνημονευόμενον
1431 601 1501 628 κατὰ
1520 602 1569 636 μὲν
1589 601 1642 635 τὴν
1665 602 1761 635 σάρκα
1779 603 1806 627 ἐι

1010 649 1065 675 τῶν
1087 647 1274 682 Ἰσραηλιτῶν,
1294 648 1365 673 κατὰ
1380 646 1408 672 δὲ
1424 647 1473 681 τὴν
1490 646 1607 681 θεότητα
1624 647 1657 672 ὲκ
1673 646 1725 672 τοῦ
1748 647 1806 673 αἰω-

1011 693 1068 720 νίου
1081 693 1198 728 Πατρός.
1214 693 1260 726 Μὴ
1272 690 1358 725 εἶπεν,
1369 693 1414 724 Ἐξ
1422 689 1459 719 ὧν
1473 692 1487 718 6
1499 692 1564 723 Θεὸς
1575 693 1607 718 τὸ
1616 693 1694 718 κατὰ
1709 693 1803 726 caput.

1011 740 1049 766 Τὸ
1078 739 1144 766 αὒτδ
1165 739 1212 765 καὶ
1237 739 1269 765 σὺ
1297 738 1371 772 λέγε,
1402 738 1449 764 καὶ
1472 737 1602 772 πείθομαι
1619 745 1627 752 ·
1644 738 1770 764 Ἐπαθεν
1793 739 1805 763 ὁ

1011 786 1129 821 Χριστὸς
1144 786 1215 812 κατὰ
1235 786 1335 820 σάρκα.
1350 785 1381 812 Et
1396 785 1424 812 δὲ
1438 785 1541 819 λέγεις,
1558 785 1689 811 Ἐπαθεν
1715 786 1730 811 6
1745 784 1806 815 Θεὶς

1012 834 1045 868 τῇ
1066 832 1158 866 σαρκὶ,
1177 831 1282 865 δίδαξόν
1300 839 1333 865 με
1355 830 1459 864 σαφῶς,
1477 832 1590 865 πότερον
1610 830 1717 857 ταυτὸν
1741 830 1805 856 κατὰ

1013 879 1094 914 φύσιν
1108 878 1184 910 Θεὸς,
1195 878 1242 904 καὶ
1254 877 1332 912 σὰρξ,
1346 878 1362 912 ἢ
1379 877 1453 908 ἄλλο,
1469 876 1516 904 καὶ
1528 876 1611 908 illo;
1629 876 1662 902 Εἰ
1676 877 1731 910 μὲν
1746 885 1804 902 ταυ-

1011 927 1078 956 τὸν,
1105 924 1206 950 ἔπαθεν
1231 924 1245 950 6
1269 923 1336 955 Θεὸς
1355 922 1456 957 ἑαυτῷ·
1480 922 1578 949 ταυτὸν
1605 922 1664 957 γὰρ
1692 921 1734 955 τῷ
1753 921 1806 955 Θεῴ

1013 971 1102 1005 λέγεις
1126 971 1176 1006 τὴν
1196 969 1303 1003 σάρκα·
1321 969 1346 995 ει
1375 968 1402 995 δὲ
1419 968 1513 1003 ἕτερον
1542 969 1591 995 καὶ
1610 968 1734 1003 ἕτερον,
1756 968 1806 997 πῶς

1013 1017 1092 1044 τοῦτο
1106 1016 1200 1050 ἐκείνῳ
1208 1015 1315 1049 πάσχει,
1326 1014 1417 1048 πάσης
1428 1013 1533 1047 φὺσεως
1545 1012 1632 1047 ἑαυτῇ
1649 1012 1806 1046 πασχούσης

1014 1063 1064 1098 οὐχ
1077 1062 1158 1097 ἑτέρᾳ
1173 1060 1270 1096 οὐσίῃ
1283 1059 1321 1086 Οὐ
1346 1059 1445 1094 πάσχει
1464 1057 1607 1091 ἄνθρωπος
1634 1057 1730 1092 ῐππῳ.
1756 1057 1805 1083 Οὖι

1014 1108 1181 1142 ἀποθνήσκει
1193 1106 1267 1141 ψυχὴ
1278 1105 1370 1140 σαρκὶ,
1381 1103 1448 1131 ἀλλὰ
1457 1103 1551 1130 λύεται
1564 1103 1616 1138 μὲν
1630 1103 1718 1138 σὰρξ.
1732 1101 1804 1136 χωρε-

1015 1152 1092 1185 ζεται
1107 1151 1135 1178 δὲ
1151 1151 1234 1186 ψυχὴ.
1247 1150 1362 1184 Λέγεται
1380 1148 1420 1181 δὲ,
1436 1148 1574 1183 Τέθνηκεν
1589 1147 1762 1182 ἄνθρωπος,
1781 1145 1806 1172 τὸ

1015 1199 1070 1225 τῶν
1086 1197 1133 1224 δύο
1147 1196 1296 1232 δηλωτικὸν
1313 1196 1400 1231 ψυχῆς
1420 1195 1469 1222 καὶ
1491 1194 1612 1228 σαρκὸς.
1639 1194 1692 1219 καὶ
1710 1194 1806 1219 νοεῖται

1016 1244 1088 1271 κατὰ
1112 1243 1144 1269 τὸ
1167 1241 1340 1277 ἐνδεχόμενον
1367 1240 1548 1276 τεθνηκέναι,
1577 1239 1712 1265 τουτέστι
1742 1237 1807 1264 κατὰ

1016 1291 1066 1326 τὴν
1082 1289 1172 1324 σάρκα
1181 1309 1188 1321 ,
1201 1289 1233 1315 οὗ
1246 1287 1316 1314 κατὰ
1329 1287 1378 1322 τὴν
1393 1286 1527 1313 ἀθάνατον
1536 1285 1641 1320 ψυχήν.
1655 1283 1808 1319 Τοιγαροῦν

1017 1335 1104 1366 οὐδεὶς
1131 1333 1208 1360 εἶπεν
1236 1333 1277 1359 δτι
1294 1332 1347 1359 Τοῦ
1367 1332 1452 1362 δεῖνος
1482 1332 1500 1366 ἡ
1527 1331 1600 1366 ψυχὴ
1628 1330 1753 1364 τέθνηκε
1778 1330 1808 1362 τῇ

1019 1381 1113 1416 σαρκὶ,
1132 1379 1204 1411 ἀλλ’,
1222 1379 1253 1406 ’0
1265 1378 1338 1405 δεῖνα
1349 1377 1491 1412 τέθνηκεν,
1502 1378 1516 1404 6
1530 1378 1562 1404 sx
1576 1376 1671 1411 ψυχῆς
1694 1376 1746 1402 καὶ
1764 1375 1811 1402 σώ-

1020 1435 1105 1463 ματος
1123 1424 1279 1458 συνεστώςς
1304 1425 1360 1458 Τὴν
1379 1424 1409 1450 δὲ
1432 1423 1521 1458 ψυχὴν
1533 1423 1581 1450 καὶ
1599 1423 1676 1458 μετὰ
1697 1422 1811 1449 θάνατον

1021 1472 1133 1508 μηνύων
1154 1471 1301 1502 ἀθάνατον,
1316 1469 1436 1504 οὐδαμοῦ
1458 1469 1508 1504 τῆς
1523 1468 1638 1504 Γραφῆς
1656 1469 1674 1503 ἡ
1699 1468 1811 1501 τοιαύτη

981 1540 1004 1569 c
1021 1521 1110 1554 φωνή.
1125 1518 1162 1545 Τὸ
1182 1517 1222 1550 δὲ,
1242 1516 1359 1551 Χριστὸς
1375 1515 1478 1547 ἔπαθε,
1501 1514 1643 1569 navuon
1668 1513 1811 1569 39961))»;

1020 1566 1190 1600 κεκήρυκται
1206 1571 1213 1580 ~
1228 1563 1269 1595 τὸ,
1295 1561 1403 1596 Πάσχα
1420 1560 1506 1596 ἡμῶν
1522 1561 1599 1594 ὑπὲρ
1619 1559 1712 1594 ἡμῶν
1724 1559 1813 1592 ἐτύθη

1019 1611 1158 1646 Χριστός,
1177 1609 1212 1637 Et
1227 1609 1360 1642 παθητὸς
1385 1609 1401 1635 ὁ
1427 1608 1564 1642 Χριστὸς,
1591 1606 1729 1641 Χριστὸς
1743 1605 1814 1632 ἀπέ-

1020 1661 1112 1686 θανεν
1133 1655 1211 1690 ὑπὲρ
1230 1653 1290 1682 τῶν
1308 1653 1457 1688 ἁμαρτιῶν
1471 1652 1555 1687 ἡμῶν
1570 1651 1649 1679 κατὰ
1664 1654 1726 1685 τὰς
1741 1652 1814 1685 Γρο-

1020 1703 1090 1738 φάς.
1116 1702 1145 1729 'O
1185 1701 1304 1735 σταυρὸς
1339 1700 1387 1727 τοῦ
1417 1698 1560 1734 Χριστοῦ,
1599 1699 1631 1725 τὸ
1656 1696 1736 1732 αἷμα
1769 1697 1814 1724 cui

1020 1747 1151 1784 Χριστοῦ.
1182 1747 1245 1779 Πῶς
1279 1746 1408 1773 τοσοῦτον
1444 1745 1526 1779 νέφος
1561 1744 1718 1780 μαρτύρων
1764 1753 1816 1770 πα-

1022 1793 1184 1828 ρατρέχουσι
1212 1791 1250 1826 μὴ
1281 1790 1480 1825 προσέχοντες,
1514 1789 1555 1816 ὃτι
1589 1789 1639 1815 καὶ
1661 1788 1722 1815 τῶν
1745 1789 1816 1815 κατᾶ

1020 1839 1139 1867 Νίκαιαν
1161 1837 1247 1871 ἁγίων
1269 1836 1399 1870 Πατέρων
1423 1836 1437 1862 6
1457 1835 1530 1870 ἱερὸς
1555 1834 1603 1861 καὶ
1621 1834 1716 1868 μέγας
1735 1835 1816 1870 χορὸς

1023 1884 1091 1920 μετὰ
1113 1884 1163 1918 τὴν
1187 1881 1235 1909 τοῦ
1262 1880 1330 1908 Θεοῦ
1346 1881 1393 1908 καὶ
1423 1880 1528 1915 Πατρὺς
1547 1879 1700 1914 ὁμολογίαν
1732 1880 1817 1911 εὐθὺς

1021 1929 1099 1962 ἔταξε
1114 1929 1143 1955 τὺ
1159 1928 1244 1962 δνομα
1259 1926 1305 1953 τοῦ
1320 1926 1458 1952 Δεσπότου
1474 1924 1610 1961 Χριστοῦ,
1625 1924 1676 1951 καὶ
1690 1926 1739 1957 εἰς
1762 1925 1816 1952 ἕνα

1022 1977 1132 2010 Κύριον
1141 1974 1258 2009 Ἰησοῦν
1266 1972 1407 2007 Χριστὸν,
1422 1970 1473 1998 εἷθ’
1481 1971 1568 2002 οὕτως
1580 1971 1728 2005 ἐπήγαγον
1743 1972 1816 1998 τάτε

1022 2021 1112 2057 ὑψηλὰ
1138 2021 1187 2055 τῆς
1210 2020 1354 2053 θεότητος,
1379 2017 1414 2043 τά
1431 2025 1460 2043 τε
1474 2016 1635 2050 οἰκονομικὰ
1658 2016 1714 2050 τῆς
1731 2016 1815 2042 αὐτοῦ

1023 2067 1254 2103 ἀνθρωπότητος,
1277 2064 1314 2096 ὡς
1336 2063 1432 2090 τούτου
1457 2061 1539 2096 μόνον
1560 2060 1607 2087 τοῦ
1624 2061 1764 2095 ὀνόματος
1781 2063 1817 2087 οξ-

1023 2112 1104 2144 κειως
1124 2112 1172 2138 καὶ
1196 2110 1360 2145 προσφόρως
1380 2107 1414 2134 τὰ
1434 2107 1550 2141 διάφορα
1572 2106 1726 2141 δεχομένου
1745 2107 1816 2132 κατὰ

1023 2158 1072 2193 τὴν
1091 2157 1138 2184 τοῦ
1165 2156 1300 2191 μακαρίου
1319 2154 1427 2180 Παύλου
1446 2152 1547 2186 φωνήν.
1558 2152 1708 2186 Θεμέλιαν
1719 2152 1817 2179 ἄλλα

186 2204 262 2230 aliud
275 2209 357 2237 potest
386 2211 489 2238 ponere,
517 2207 614 2235 praeter
637 2203 676 2235 id,
695 2207 764 2238 quod
790 2204 902 2238 positum
922 2214 926 2230 ι

1076 2203 1127 2236 istc
1137 2202 1260 2229 δύναται
1271 2201 1363 2228 θεῖναι
1372 2198 1453 2233 παρὰ
1461 2198 1514 2225 τὸν
1523 2198 1669 2232 κείμενον,
1683 2198 1720 2230 ὅς
1732 2198 1816 2224 ἐστιν

186 2249 257 2281 quod
266 2254 304 2277 est
317 2248 438 2276 Christus
449 2249 526 2276 Iesus
542 2248 606 2276 “.Ne
617 2249 802 2283 relinquamus
814 2247 974 2276 fundamen-

188 2297 334 2330 tutn,quod
350 2296 440 2323 omnia
456 2302 519 2322 vere
530 2295 643 2329 suscipit
661 2298 774 2328 utraque
788 2299 894 2327 natura,
917 2300 973 2321 tum

188 2342 314 2377 gloriam.
328 2346 383 2368 tum
400 2342 551 2368 cruciatum
579 2347 607 2367 et
628 2345 755 2368 mortem.
771 2340 800 2367 Si
820 2339 904 2367 Deum
928 2347 974 2367 so-

189 2389 244 2416 lum
262 2388 374 2420 dixeris,
389 2387 436 2414 ubi
454 2387 626 2414 cruciatuum
653 2387 802 2413 constitues
824 2385 974 2413 necessita«

189 2434 262 2462 tem?
273 2433 301 2461 Si
316 2434 452 2461 hominem
467 2433 555 2460 solum
573 2433 685 2463 dixeris,
698 2432 742 2459 tibi
766 2433 973 2466 incomprehen-

187 2488 232 2509 sas
245 2480 338 2514 gloriae
352 2479 461 2507 divitias
471 2478 638 2506 collocabis?
653 2478 688 2504 At
713 2478 849 2505 Christum
884 2477 975 2504 dicere

162 2520 166 2526 ’
189 2529 327 2560 convenit,
346 2527 391 2562 qui
410 2527 551 2554 divinitate
570 2525 678 2560 quidem
695 2525 780 2560 gloria
806 2523 973 2560 perfruatur,

192 2575 363 2602 humanitate
380 2580 446 2600 vero
471 2573 613 2607 conjuncta
640 2572 776 2599 cruciatus
803 2576 974 2606 mortetnque

190 2619 333 2650 sustineat,
349 2623 376 2646 et
390 2617 563 2652 iuseparabili
579 2617 771 2651 coniunctione
799 2625 879 2645 omne
896 2617 978 2643 mira-

191 2666 280 2694 culum
300 2665 431 2700 perticiat,
447 2671 528 2691 omne
552 2664 652 2690 donutn
682 2663 805 2690 ﬁdelibus
832 2663 976 2698 largiatur.

194 2711 250 2739 lloc
279 2711 359 2738 modo
383 2714 412 2738 et
437 2709 564 2737 divinitas
580 2708 734 2736 ostenditur
761 2709 928 2742 impatibilis,
952 2712 979 2735 et

193 2758 252 2785 veri
281 2758 418 2785 cruciatus
441 2762 522 2792 atque
541 2764 625 2789 mers,
639 2761 666 2784 et
683 2763 826 2784 commune
839 2755 978 2782 hominum

195 2803 299 2829 lucrum
313 2807 341 2830 et
356 2804 498 2837 perspicua
528 2803 654 2830 veritatis
674 2802 753 2829 ratio.

232 2859 240 2874 ¹
256 2858 265 2885 l
279 2859 341 2886 Cor.
355 2866 381 2891 v,
399 2860 425 2885 '7.
464 2859 474 2873 ’
486 2859 546 2886 Act.
566 2867 640 2892 xxvi,
660 2857 705 2885 25.
745 2857 754 2872 ³
771 2855 858 2886 lCor.
875 2866 919 2892 xv,
933 2858 960 2885 3.

1027 2249 1146 2283 Ἰησοῦς
1162 2247 1301 2281 Χριστός.
1316 2247 1362 2281 Μὴ
1377 2244 1586 2278 καταλείψωμεν
1604 2243 1652 2269 τὸν
1665 2243 1816 2278 θεμέλιον,

1022 2297 1052 2328 ὃς
1070 2296 1180 2323 πάντων
1201 2294 1261 2320 ἐστὶ
1282 2292 1406 2323 δεκτικὸς
1436 2290 1498 2318 καθ’
1520 2289 1616 2325 ἑτέραν
1645 2290 1697 2316 καὶ
1721 2291 1817 2325 ἑτέραν

1023 2340 1121 2375 φύσιν,
1142 2339 1193 2373 τήν
1209 2345 1238 2364 τε
1254 2337 1334 2370 δόξαν
1349 2336 1380 2362 τό
1398 2344 1428 2362 τε
1444 2335 1530 2365 πάθος
1548 2333 1686 2368 ἀληθινῶς
1705 2337 1818 2370 προσιέ-

1024 2393 1116 2421 μενος.
1147 2383 1211 2410 Ἐὰν
1236 2383 1317 2417 εἴπῃς
1341 2381 1409 2408 Θεδν
1436 2381 1535 2415 μόνον,
1559 2379 1610 2406 ποῦ
1633 2380 1693 2406 τῶν
1725 2381 1817 2407 παθῶν

1027 2431 1250 2465 ὲποικοδομήσεις
1272 2428 1322 2464 τὴν
1338 2429 1452 2463 χρείαν;
1484 2427 1546 2453 Ἐὰν
1566 2425 1648 2461 εἴπῃς
1669 2425 1817 2461 ἄνθρωπον

1030 2477 1127 2512 μόνον,
1141 2475 1193 2502 ποῦ
1219 2474 1270 2509 τῆς
1293 2473 1484 2507 ἀκαταλήπτου
1505 2472 1583 2506 δόξης
1602 2471 1754 2506 ἐπιθήσεις
1776 2474 1816 2498 τῦν

1029 2523 1161 2555 πλοῦτον;
1185 2520 1266 2547 Ἀλλὰ
1281 2519 1397 2555 Χριστὸν
1420 2519 1510 2553 λέγειν
1523 2517 1614 2549 καλὺν,
1635 2519 1669 2552 τῇ
1687 2518 1745 2551 μὲν
1764 2518 1816 2543 θεέ-

1027 2578 1090 2604 τητι
1111 2569 1160 2603 τὴν
1183 2567 1262 2600 δόξαν
1286 2565 1504 2601 καρπούμενον,“
1518 2565 1552 2600 τῇ
1570 2564 1702 2599 ἡνωμένη
1724 2565 1754 2591 δὲ
1773 2565 1815 2589 ἂν·

1027 2615 1184 2651 θρωπότητι
1210 2614 1241 2640 τὸ
1269 2612 1354 2644 πάθος
1378 2612 1544 2646 δεχόμενον,
1568 2612 1600 2644 τῇ
1618 2610 1647 2636 δὲ
1670 2611 1813 2645 ἁχωρίστῳ

1027 2663 1123 2689 ἐνώπει
1141 2662 1195 2688 πᾶν
1211 2660 1302 2694 Θαῦμα
1317 2658 1554 2693 κατεργαζόμενον
1565 2677 1572 2689 ,
1588 2658 1643 2683 πᾶν
1657 2657 1749 2691 δῶρον
1765 2657 1814 2685 τοίς

1027 2708 1133 2739 πιστοῖς
1157 2706 1347 2742 χαριζόμενον.
1371 2704 1450 2731 Οὕτω
1473 2703 1614 2730 δείκνυται
1634 2703 1680 2729 καὶ
1703 2704 1735 2728 τδ
1751 2702 1813 2728 θεῖον

1028 2753 1147 2785 ἀπαθὲς,
1168 2752 1216 2779 καὶ
1227 2751 1258 2778 τὸ
1270 2751 1354 2782 πάθος
1369 2749 1508 2785 ἀληθινὸν,
1530 2749 1579 2775 καὶ
1596 2748 1653 2775 τῶν
1667 2749 1812 2784 ἀνθρώπων

1031 2800 1061 2826 τὸ
1077 2799 1170 2832 κέρδος
1188 2798 1294 2830 κοινὸν,
1317 2797 1366 2824 καὶ
1379 2797 1394 2824 6
1408 2796 1487 2831 λόγος
1500 2795 1552 2830 τῆς
1568 2795 1700 2830 ἀληθείας
1720 2794 1811 2828 σαφής.

999 2857 1010 2873 ⁸
1026 2856 1035 2884 l
1049 2856 1111 2885 Cor.
1133 2855 1231 2889 1",“.
