1874 3076
155 113 226 147 11οτ
777 113 967 145 EUTIIYMH
989 114 1074 144 ZlGA
1082 115 1171 145 BEN!
1724 117 1790 149 1108

153 175 293 210 Scriptura
320 174 448 210 indigum.
480 173 547 201 Tota
577 173 648 201 enim
681 174 819 208 Scriptura
850 173 931 200 divin:

1032 183 1044 199 ν
1059 173 1113 208 γὰρ
1129 173 1190 201 θεία
1205 173 1302 210 Γραφὴ
1321 173 1477 210 συμφώνως
1494 175 1569 201 πᾶσα
1586 174 1726 206 διδάσκει,
1741 177 1790 202 σὼ-

153 224 311 248 constanter
340 221 420 248 docet
445 220 563 248 animam
597 219 745 255 quamlibet
767 219 847 246 unius
880 226 931 246 esst

1034 228 1078 251 τος
1094 219 1151 251 ἑνὸς
1167 219 1287 255 ἑκάστην
1302 218 1373 247 εἶναι
1387 220 1489 255 ψυχήν.
1499 221 1559 247 Τῶν
1574 220 1714 255 Ἑλλήνιον
1724 221 1754 247 δὲ
1767 221 1791 248 oi

153 265 290 300 corporis.
302 265 322 292 E
337 265 485 300 gentilibus
501 271 590 293 autem
606 265 729 293 nonnulli
746 265 851 292 animas
860 263 928 291 ratio

1032 274 1043 293 ν
1057 267 1107 298 τὰς
1121 267 1235 301 λογικὰς
1249 267 1340 302 ψυχὰς
1365 267 1406 298 είς
1421 267 1535 301 ἀλογίαν
1553 268 1720 302 κατήγαγον
1730 288 1738 299 ,
1755 268 1791 299 ὥς

154 312 228 339 nales
237 312 269 338 ad
276 311 502 339 irrationabilium
513 316 612 340 statum
621 312 794 343 reduxerunt,
802 315 829 338 ut
840 310 931 346 Pytha‘

1034 313 1098 348 περὶ
1113 313 1159 339 τὸν
1177 313 1342 347 Πυθαγόραν
1352 333 1359 345 ,
1374 312 1467 344 ἀλλοις
1483 322 1513 339 τε
1529 313 1584 339 τῶν
1599 314 1730 348 αλόγων,
1747 315 1790 340 καὶ

157 364 238 392 goras
254 357 367 392 ejusque
378 357 499 390 asscchc,
515 362 541 384 et
558 357 584 384 iu
602 357 718 385 diversis
741 355 931 383 irrationabili-

1032 359 1095 394 ἴροις
1112 358 1160 386 καὶ
1173 360 1238 386 κυσὶ
1255 360 1302 386 καὶ
1321 359 1415 394 μυσὶν,
1432 359 1672 393 έγκατοικίζοντες
1686 368 1694 375 ·
1725 362 1751 386 οἱ
1765 361 1790 387 δὲ

156 405 215 435 bus,
235 403 306 430 velut
322 404 412 438 porcis
427 408 453 431 et
469 404 582 431 canibus
595 409 624 430 et
640 404 765 430 muribus
788 402 931 430 collocave

1032 413 1041 436 ς
1066 404 1120 431 τῶν
1144 404 1252 438 ἀλόγων
1276 405 1367 440 ψυχὰς
1389 405 1502 439 λογικὰς
1526 405 1731 439 ἁντέπλαττον,
1757 406 1790 438 ὡς

157 455 232 482 runt;
251 450 298 477 alii
326 455 430 482 autem,
449 457 478 477 ut
505 449 684 484 Porphyrius,
710 447 931 476 irrationabiliun

1032 450 1198 487 Πορφὺριος,
1214 451 1261 478 τὸν
1274 452 1352 478 ἀετὸν
1367 453 1414 479 καὶ
1428 452 1473 479 τὸν
1491 452 1599 487 κόρακα
1613 451 1664 478 καὶ
1679 452 1732 487 τὴν
1747 461 1790 478 ιο-

156 494 261 522 aninias
285 495 391 522 ratione
419 495 549 529 przeditas
575 495 783 527 contenderunt,
819 492 931 520 dicente:

1034 507 1083 533 νην
1099 498 1147 525 καὶ
1164 497 1251 525 πολλὰ
1263 497 1377 525 τοιαῦτα
1393 497 1474 532 λόγου
1493 498 1540 525 καὶ
1558 498 1695 533 μαντείας
1712 497 1789 533 μετέ-

155 539 273 573 aquilam
290 545 316 566 ct
331 547 443 568 corvum
456 545 483 566 et
496 540 633 567 cornicem
647 545 674 568 et
686 540 770 567 multa
785 539 845 575 ejus
860 546 931 575 gener

1032 551 1051 569 ιν
1064 542 1204 577 λέγοντες.

155 586 195 613 ris
211 586 325 613 rationis
345 594 376 613 ac
396 586 516 613 vaticinii
532 586 681 621 participes
696 593 766 613 esse.

194 631 222 658 Si
234 632 284 658 tlde
296 632 394 667 dignus
406 636 448 659 est
458 632 583 660 Christus
595 632 640 666 qui
653 636 680 659 et
696 632 754 667 ipsa
765 636 807 659 est
816 632 919 660 veritas

1032 632 1060 659 Et
1080 633 1184 667 ἀληθὴς
1199 633 1213 658 ό
1230 633 1358 668 Χριστὸς,
1379 633 1396 668 ἡ
1413 633 1606 668 αὑτοαλήθεια·
1632 633 1711 668 Ἐγὼ
1725 634 1788 668 γὰρ,

157 675 214 712 £90
227 677 309 710 enim,
332 677 429 712 inquit,
458 686 515 704 sum
531 677 640 704 σπίλοι·
654 686 662 705 :
679 684 766 712 paena:
793 678 872 704 tinem
889 685 931 704 non

1035 678 1087 712 σὶν,
1098 678 1156 713 εἰμὶ
1165 678 1183 712 ἠ
1193 679 1331 711 ἀλήθεια⁸
1344 679 1394 705 οὐκ
1403 678 1496 713 ἔχουσι
1512 679 1590 710 τέλος
1604 679 1634 705 αί
1646 680 1787 710 κολάσεις.

157 723 302 750 habebunt.
322 722 373 750 Ubi
386 723 459 750 enim
475 723 508 750 de
534 722 625 750 futuro
642 722 746 757 judicio
763 723 902 754 disseruit.
916 731 931 751 e

1032 724 1090 750 πὼν
1113 724 1167 759 γὰρ
1183 725 1217 751 τὰ
1239 725 1304 759 περὶ
1325 724 1374 758 τῆς
1392 723 1543 760 μελλούσης
1565 724 1698 760 κρίσεως,
1714 724 1742 751 τί
1762 733 1790 750 τε

157 769 222 804 quid
239 769 279 796 eis
297 769 343 803 qui
360 777 374 796 a
390 769 501 796 dextera
518 769 576 804 ejus
601 773 628 797 et
641 769 685 804 qui
702 776 717 796 a
735 769 845 797 sinistra
869 775 931 797 sunt

1032 770 1053 795 εἰ
1068 770 1125 800 τοῖς
1140 770 1173 796 ἐκ
1187 769 1285 802 δεξιῶν
1298 769 1394 800 αὑτοῦ.
1408 770 1457 797 καὶ
1472 770 1500 796 τί
1511 771 1569 801 τοῖς
1582 770 1611 803 ἐξ
1624 770 1788 804 εὐωνύμων,

157 814 280 842 dicturus
294 815 340 846 sit.
355 815 487 850 subjecit:
506 815 541 842 Et
567 815 675 842 abibunt
701 816 728 842 Iri
744 816 771 842 in
783 815 931 850 supplicium

1032 816 1137 850 ήγαγε·
1153 815 1208 843 Καί
1233 815 1457 844 ἀπελεύσονται
1482 814 1566 844 οὗτοι
1590 817 1634 850 εις
1654 818 1790 844 κόλασιν

155 865 292 893 cternunt,
301 861 370 895 justi
384 869 443 888 vero
459 861 486 888 in
506 861 587 888 vitam
606 866 730 888 internum
745 861 767 888 '.
782 861 822 888 Ac
836 869 931 888 rursuu

1032 861 1117 888 imor
1126 868 1134 878 ο
1149 863 1176 888 oi
1189 860 1225 888 δὲ
1239 861 1346 888 δίκαιοι
1358 862 1402 894 είς
1412 861 1491 895 ζωὴν·
1505 861 1637 889 αἰώνιον.
1656 862 1716 888 Καὶ
1736 862 1789 887 πά-

155 904 245 933 dixit:
265 905 367 933 Vermis
379 914 469 933 eorum
485 915 536 934 non
553 906 692 939 morietur,
723 911 748 933 et
765 906 834 941 ignis
852 914 931 933 sorua

1032 897 1171 941 νέῐρηκεν,
1193 906 1234 933 ὃτι
1253 906 1285 933 '0
1293 906 1418 940 σκώληξ
1430 906 1532 934 αὐτῶν
1548 907 1585 935 οὐ
1597 907 1789 942 τελευτήσει,

158 959 212 979 non
230 952 415 987 eastinguetur
430 952 451 979 ³.

1032 954 1043 978 ῖί
1062 952 1095 978 τό
1107 951 1168 986 πῦρ
1181 951 1281 979 αὐτῶν
1293 953 1329 980 οὐ
1344 952 1561 986 σϐεσθήσεται.

191 996 220 1024 8i
234 996 340 1025 inﬁnita
356 1002 419 1026 sunt
435 998 485 1026 aevi
499 998 572 1026 illius
591 997 738 1034 supplicia,
765 998 943 1033 quemadmo-

154 1043 219 1070 dum
237 1044 452 1072 demonstratum
465 1049 518 1077 est,
532 1051 620 1079 neque
639 1044 791 1072 daemonum
807 1044 860 1071 erit
886 1050 943 1072 res-

155 1089 255 1122 titutio,
273 1096 360 1124 neque
378 1095 549 1124 peccatorum
562 1090 710 1118 revocatio.

190 1135 365 1164 Resurrectio
389 1136 442 1164 erit
473 1144 615 1172 corporum
643 1136 671 1164 in
700 1141 772 1165 terra
795 1136 943 1171 iacentium

155 1181 333 1214 resurrectio,
365 1189 536 1217 nequaquam
564 1182 720 1210 animarum
750 1189 811 1217 qua:
838 1182 945 1209 consis-

156 1229 226 1259 tunt,
244 1226 271 1254 id
287 1231 339 1260 est,
351 1227 491 1262 propriam
508 1231 634 1254 naturam
659 1227 759 1254 habent
772 1230 943 1254 constantem

155 1276 184 1299 et
213 1271 429 1300 indissolubilem
455 1272 605 1300 secundum
632 1272 752 1307 ipsarum
781 1271 942 1299 essentiam.

155 1316 290 1344 Czeterum
306 1323 416 1344 summas
429 1315 500 1344 foret
509 1316 660 1351 iniustitiae,
678 1322 792 1350 corpora
804 1322 864 1349 qua;
879 1321 941 1341 cum

156 1362 255 1389 animis
269 1362 296 1390 in
314 1362 421 1390 virtutis
435 1362 574 1390 laboribus
595 1366 764 1394 concertant,
791 1360 944 1388 communi-

157 1408 208 1435 bus
223 1408 333 1443 privare
351 1409 482 1444 praemiis,
506 1416 539 1436 ea
554 1412 650 1436 contra
677 1416 737 1443 quae
751 1407 831 1436 simul
846 1414 943 1441 pecca-

156 1458 232 1487 runt,
246 1454 316 1482 haud
333 1455 440 1490 punire,
456 1455 527 1482 solas
549 1462 612 1482 vero
639 1454 759 1486 animas,
787 1453 847 1481 sine
874 1459 942 1480 con-

1030 998 1062 1024 Ei.
1080 997 1256 1033 ἀτελεύτητοί
1270 999 1340 1026 είσιν
1357 1000 1384 1025 αί
1400 998 1446 1026 τοῦ
1463 999 1562 1030 αίῶνος
1579 998 1686 1025 ἐκείνου
1704 999 1789 1025 κολι-

995 1050 1064 1075 σεις,
1077 1041 1114 1075 ὡς
1127 1042 1327 1076 ἀποδέδεικται,
1339 1043 1402 1070 οὔτε
1413 1044 1614 1078 τῶνιδαιμόνων
1627 1044 1708 1071 ἔσται
1722 1045 1790 1071 ἀκοὴ

994 1089 1174 1121 κατάστασις,
1188 1089 1251 1116 οὔτε
1265 1090 1320 1117 τῶν
1333 1089 1507 1124 ἁμαρτωλῶν
1517 1090 1678 1124 ἀνάκλησις.

1038 1134 1072 1161 Ἦ
1089 1134 1251 1166 ἀνάστασις.
1275 1135 1329 1162 τῶν
1350 1135 1487 1170 κειμένων
1509 1136 1550 1167 είς
1573 1135 1624 1170 γῆν
1649 1136 1790 1170 σωμάτων

994 1179 1071 1208 ἔσται
1086 1181 1253 1214 ἀνάστασις,
1268 1181 1298 1208 οὐ
1316 1181 1371 1208 τῶν
1387 1181 1499 1216 ψυχῶν,
1520 1181 1623 1212 αἵτινες
1643 1182 1790 1214 ίστανται,

994 1226 1136 1258 τουτέστι,
1149 1226 1199 1262 τὴν
1213 1227 1317 1254 οἰκείαν
1337 1227 1418 1261 φύσιν
1431 1226 1524 1261 ἔχουσι
1543 1226 1721 1253 συνεστῶσαν
1741 1228 1791 1254 καὶ

994 1272 1137 1300 ἀδιάλυτον
1152 1272 1191 1307 τῷ
1208 1272 1281 1308 λόγῳ
1294 1273 1344 1308 τῆς
1362 1273 1457 1304 οὐσίας
1480 1273 1581 1299 αὐτῶν.
1605 1273 1746 1309 Ἐσχὰτης
1762 1273 1792 1300 δὲ

994 1318 1044 1345 καὶ
1054 1318 1142 1350 ἄλλως
1149 1318 1268 1351 ἀδικίας,
1277 1318 1312 1345 τὰ
1326 1318 1375 1354 μὲν
1387 1318 1593 1354 συναθλήσαντα
1600 1319 1717 1350 σώματα
1728 1320 1792 1351 ταῖς

993 1361 1095 1397 ψυχαῖς
1105 1363 1134 1389 ὲν
1145 1363 1200 1394 τοῖς
1211 1362 1272 1389 κατ’
1285 1362 1386 1398 ἀρετὴν
1399 1363 1504 1396 πόνοις,
1521 1363 1576 1389 τῶν
1590 1363 1689 1392 κοινῶν
1703 1364 1793 1390 ἐπάθ-

995 1408 1048 1434 λων
1064 1409 1227 1443 ἀποστερεῖν
1237 1416 1244 1423 ·
1257 1408 1292 1435 τὰ
1305 1407 1328 1434 δ’
1342 1406 1376 1435 αὖ
1391 1409 1474 1436 πάλιν
1484 1409 1727 1444 συνεξαμαρτόντα
1742 1409 1793 1445 μέ-

996 1462 1053 1480 νειν
1071 1454 1268 1489 ἀνεπιτίμητα,
1290 1454 1378 1488 μόνας
1392 1454 1420 1481 δὲ
1442 1455 1493 1487 τὰς
1506 1455 1607 1490 ψυχὰς,
1628 1456 1719 1490 χωρὶς
1736 1456 1794 1482 τῶν

156 1501 330 1530 currentibus
357 1501 527 1536 corporibus,
555 1500 807 1535 autduplicipmna
826 1499 931 1526 allicere

1032 1500 1275 1536 νδιαπραξαμένων
1284 1501 1429 1536 σωμάτων,
1441 1500 1458 1536 ἢ
1469 1501 1567 1536 διπλῆν
1573 1501 1793 1537 εἰσπράττεσθαι

159 1555 208 1577 aut
225 1548 329 1585 duplici
341 1547 452 1583 praemio
465 1547 582 1583 dignari.
600 1546 677 1580 Quod
694 1551 785 1574 autem
799 1552 943 1580 corporum

157 1597 211 1624 erit
225 1595 468 1629 resurrectio,ipsa
484 1595 629 1629 Evangelia
644 1599 737 1629 aperte
753 1593 942 1629 pronuntiant,

157 1643 231 1671 sicut
246 1648 274 1671 et
290 1648 404 1676 magnus
415 1641 515 1668 Paulus
528 1641 609 1669 latius
620 1641 648 1668 in
664 1640 792 1675 Epistolis
805 1640 872 1667 suis.

194 1732 302 1764 Daniel,
319 1731 464 1760 manifesto
492 1731 526 1759 de
540 1730 642 1759 Christi
666 1738 751 1766 regno
779 1731 943 1765 vaticinans,

156 1779 244 1807 dixit:
261 1778 381 1806 Potestas
398 1777 466 1813 ejus,
481 1782 595 1812 potestas
605 1782 704 1805 (eterna
718 1785 775 1812 quas
791 1785 842 1804 non
855 1781 944 1805 tram-

158 1825 216 1859 ibit,
240 1829 266 1853 et
294 1833 402 1860 regnum
432 1824 492 1859 ejus
518 1832 569 1852 non
593 1822 804 1858 conumpetur‘.
834 1821 945 1850 Gabriel

157 1877 260 1903 autem,
276 1875 419 1906 postquam
433 1875 533 1898 sanctae
552 1869 656 1904 Virgini
681 1869 772 1896 iactum
788 1868 822 1895 de
837 1868 940 1896 Christi

159 1919 336 1953 generatione
370 1916 491 1943 nuntium
527 1915 629 1949 attulit,
661 1913 848 1942 subdiditzEt
869 1914 943 1948 regni

155 1965 212 1998 ejus
229 1971 280 1990 non
296 1963 346 1990 erit
360 1962 422 1996 ﬁnis
437 1963 458 1988 '.
474 1961 507 1988 Et
519 1966 620 1988 nostra;
647 1960 867 1988 incontaminata:
883 1959 944 1987 iidei

156 2015 280 2037 sanctum
296 2008 459 2044 symbolum,
486 2015 501 2034 a
519 2012 622 2042 scptcm
643 2007 820 2034 mcumenicis
833 2006 945 2042 synodis

157 2059 294 2090 receptum
310 2057 337 2081 et
349 2057 551 2085 conservatum,
569 2052 635 2079 dicit
649 2061 656 2080 :
675 2060 684 2077 ι
699 2052 781 2086 Cujus
798 2052 873 2085 regni
889 2058 939 2078 non

156 2101 209 2129 erit
227 2099 299 2130 linis.
315 2108 324 2126 ι
344 2099 448 2127 scilicet
475 2098 551 2133 regni
578 2097 691 2130 Christi,
725 2099 757 2125 de
780 2105 835 2132 quo
853 2105 944 2125 sermo

156 2152 208 2176 est.
225 2147 313 2180 Quam
337 2146 425 2174 multo
452 2145 535 2180 igitur
562 2144 607 2172 isti
637 2144 690 2171 fide
715 2144 853 2178 digniores
881 2148 943 2170 sunt

996 1546 1148 1582 τιμωρίαν,
1176 1546 1193 1581 ἧ
1223 1545 1322 1580 διπλῆς
1347 1545 1441 1579 ἀξιοῦν
1468 1545 1696 1581 μισθαποδοσίας.
1729 1546 1794 1572 Ὅτι

994 1592 1023 1620 δὲ
1034 1592 1089 1619 τῶν
1099 1592 1234 1627 σωμάτων
1245 1591 1322 1619 ἔσται
1332 1592 1491 1625 ἀνάστασις,
1503 1591 1575 1618 αὐτὰ
1586 1591 1620 1617 τὰ
1630 1591 1794 1626 Εὐαγγέὶιιι

994 1639 1100 1674 τρανῶς
1114 1638 1332 1672 ἀπαγγέλλουσι,
1348 1638 1396 1664 καὶ
1410 1637 1424 1663 ό
1437 1637 1523 1672 μέγας
1537 1637 1642 1669 Παῦλος
1653 1637 1794 1664 πλατύτε‹

997 1692 1043 1719 ρον
1057 1684 1086 1710 ὲν
1097 1685 1157 1715 ταῖς
1168 1684 1248 1716 ίδίαις
1269 1683 1450 1714 Ἐπιστολαῖς.

1031 1729 1178 1765 Προδήλως
1191 1729 1256 1765 περὶ
1268 1729 1318 1762 τῆς
1332 1728 1380 1755 τοῦ
1394 1727 1515 1763 Χριστοῦ
1526 1727 1666 1763 βασιλείας
1681 1736 1795 1763 προφη-

994 1775 1081 1803 τεύων
1094 1777 1107 1802 6
1114 1775 1225 1810 Δανιὴλ,
1235 1775 1356 1810 εἴρηκεν·
1365 1775 1447 1802 ὄτιἮ
1454 1775 1581 1807 ἐξουσία
1587 1773 1694 1804 αὑτοῦ.
1704 1775 1795 1807 ἐξου-

995 1821 1048 1848 σία
1058 1819 1186 1853 αἰώνιος,
1199 1819 1267 1853 ἣτις
1275 1820 1311 1846 οὐ
1320 1818 1603 1854 παρελεύσεται,καί
1616 1819 1636 1852 ὴ
1643 1819 1795 1851 ,Βασιλεία

994 1866 1099 1898 αὐτοῦ,
1113 1866 1148 1892 οὐ
1156 1865 1400 1900 διαφθαρήσεται.
1413 1866 1489 1892 Καὶό
1498 1865 1619 1901 Γαϐριὴλ
1631 1865 1661 1892 δὲ
1674 1867 1713 1901 τῇ
1727 1868 1795 1901 ἁγῖᾳ

996 1911 1127 1948 Παρθένῳ
1135 1913 1185 1947 τὴν
1195 1911 1242 1938 τοῦ
1254 1911 1373 1947 Χριστοῦ
1388 1912 1515 1947 γέννησιν
1527 1911 1794 1946 εὐαγγελιζόμενος,

997 1958 1179 1994 προσέθηκεν,
1203 1959 1244 1986 ὅτι
1266 1958 1320 1986 Καί
1343 1957 1399 1993 τῆς
1417 1958 1584 1991 βασιλείας
1608 1958 1710 1985 αὐτοῦ
1738 1960 1795 1986 οὐκ

994 2004 1081 2031 ἔσται
1095 2003 1194 2038 τέλος.
1210 2004 1264 2031 Καὶ
1278 2004 1308 2031 τὸ
1326 2004 1399 2040 ἱερὸν
1412 2004 1440 2030 δὲ
1453 2003 1589 2039 σύμϐολον
1602 2004 1653 2039 τῆς
1669 2004 1795 2040 ἀμωμή-

994 2059 1042 2077 του
1068 2051 1188 2083 πίστεως
1213 2051 1304 2087 ἡμῶν,
1329 2051 1381 2078 ὑπὸ
1408 2051 1463 2078 τῶν
1490 2051 1559 2078 ἑπτὰ
1587 2051 1795 2085 οίκουμενικῶν

995 2097 1115 2123 συνόδων
1137 2097 1230 2132 δεχθέν
1252 2106 1281 2123 τε
1302 2097 1349 2124 καὶ
1373 2097 1524 2132 φυλαχθὲν,
1545 2097 1629 2132 φησιν
1643 2105 1651 2112 ·
1669 2095 1715 2124 υῦ
1741 2097 1794 2130 τῆς

992 2143 1155 2176 ,βασιλείας
1183 2143 1240 2170 οὐκ
1267 2143 1354 2170 ἔσται
1381 2142 1489 2176 τέλος,
1516 2142 1640 2178 δηλονότι
1669 2142 1725 2177 τῆς
1748 2142 1794 2169 τοῦ

156 2194 274 2229 Origene
290 2193 337 2228 qui
353 2192 433 2220 linem
450 2191 608 2219 habiturum
633 2199 692 2218 esse
704 2190 804 2218 Christi
831 2197 931 2225 regnum

1032 2188 1127 2221 ιιστοῦ,
1150 2190 1214 2224 περὶ
1231 2186 1261 2216 οὗ
1281 2190 1295 2216 ό
1312 2189 1399 2224 λόγος.
1416 2189 1505 2216 Πόσον
1527 2186 1574 2215 οὖν
1592 2185 1669 2215 οὗτοι
1691 2190 1794 2220 πάντες

155 2240 293 2268 fabulatus
305 2239 366 2267 est?

191 2332 323 2368 Origenes
334 2331 402 2359 dixit
415 2331 498 2358 Deum
512 2329 556 2365 qui
571 2336 586 2356 a
600 2336 654 2356 non
668 2328 786 2356 creando
812 2326 944 2363 processit

155 2380 191 2408 ad
202 2378 350 2407 creandum
365 2375 538 2404 rationabilia
552 2380 633 2410 atque
658 2373 807 2407 sensibilia,
834 2373 945 2401 omnino

157 2428 191 2455 ab
203 2426 256 2454 alio
271 2426 304 2452 ad
320 2424 568 2452 aliud‘conversuut
589 2428 660 2449 esse.
686 2421 739 2448 Nos
768 2425 856 2447 autem
874 2420 941 2447 dici-

158 2480 218 2500 mus
237 2479 299 2499 eum
319 2477 372 2497 non
384 2468 473 2504 quoad
490 2471 626 2499 naturam,
640 2468 687 2493 sed
703 2466 791 2501 quoad
806 2466 944 2499 operatio-

157 2526 218 2546 netu
235 2525 296 2544 esse
321 2521 495 2544 conversum.
522 2512 565 2539 vel
579 2512 678 2547 potius,
708 2518 741 2538 ne
770 2511 856 2546 quoad
876 2511 945 2538 hanc

156 2564 278 2599 quidem,
306 2561 401 2589 habuit
413 2561 485 2588 enim
502 2567 610 2595 semper
624 2561 783 2593 potestatem
796 2557 905 2584 creandi
919 2560 947 2583 et

156 2607 322 2641 producendi
339 2614 345 2632 :
356 2609 466 2640 operata
476 2608 615 2632 autemest
626 2603 683 2630 huc
695 2606 827 2638 potestas.
836 2601 944 2637 quando

155 2653 207 2687 ipsi
225 2651 414 2680 conveniebat.

190 2699 325 2733 Autiquus
346 2698 455 2733 quidem
478 2695 619 2731 Origenes,
647 2694 820 2722 anathemate
849 2698 942 2720 autem

154 2745 278 2771 conﬁxus
290 2750 331 2772 est
346 2753 359 2770 :t
375 2744 468 2779 quinta
485 2743 597 2778 synodo.
616 2742 704 2774 Quare
719 2741 800 2768 etiam
816 2745 945 2774 opportu-

156 2797 188 2816 nc
203 2790 246 2816 hic
262 2798 320 2824 qua:
331 2790 363 2817 ad
379 2798 440 2816 eum
464 2788 611 2823 pertinent,
640 2790 852 2813 commemorata
865 2790 939 2812 sunt.

191 2836 198 2851 ¹
217 2835 295 2862 5mm.
317 2844 370 2867 xlv,
384 2836 410 2862 ὓ.

997 2235 1214 2270 ἀξιοπιστότεροι
1225 2236 1293 2263 είσιν
1314 2235 1482 2271 Ὧριγένους,
1499 2235 1575 2267 τέλος
1589 2234 1664 2270 ἔχειν
1679 2234 1735 2271 τὴν
1749 2234 1794 2262 τοῦ

997 2280 1115 2316 Χριστοῦ
1130 2281 1271 2317 βασιλείαν
1283 2281 1538 2317 μυθολογήσαντος;

1033 2327 1149 2361 Ἔλεγεν
1169 2328 1326 2364 Ὦριγένης,
1344 2329 1385 2354 ότι
1396 2329 1410 2354 ὁ
1424 2328 1492 2360 Θεὸς
1503 2328 1557 2355 ἀπὸ
1571 2327 1619 2355 τοῦ
1634 2327 1674 2364 μὴ
1688 2329 1795 2361 κτίζειν

996 2373 1081 2400 ἰλθὼν
1102 2374 1143 2405 είς
1164 2374 1195 2401 τὺ
1211 2374 1315 2407 κτίζειν
1330 2375 1364 2402 τά
1380 2383 1411 2401 τε
1426 2375 1509 2410 νοερὰ
1534 2375 1583 2401 καὶ
1601 2375 1793 2411 τὰμίσθητὰ.

998 2420 1108 2452 πάντως
1132 2419 1239 2455 ἐτράπη
1268 2420 1314 2455 ἀφ’
1342 2420 1438 2456 ἐτέρου
1467 2421 1507 2453 είς
1533 2420 1638 2456 ἕτερον.
1667 2421 1795 2456 Δέγομεν

997 2465 1025 2491 δὲ
1039 2465 1132 2500 ἡμεῖς,
1149 2465 1191 2492 ὅτι
1206 2465 1236 2491 οὺ
1252 2465 1324 2492 κατὰ
1338 2466 1387 2501 τὴν
1401 2465 1487 2499 φύσιν
1502 2466 1620 2501 septimi.
1636 2466 1709 2493 ἀλλὰ
1725 2466 1794 2493 κατὰ

995 2512 1045 2546 τὴν
1062 2512 1206 2547 ἐνέργειαν
1220 2520 1228 2527 ⁸
1248 2512 1348 2546 μᾶλλον
1369 2512 1415 2544 δὲ,
1431 2512 1491 2538 οὐδὲ
1507 2512 1577 2539 κατά
1595 2512 1716 2547 ταύτην.
1733 2512 1793 2548 Εῐχι

998 2557 1047 2592 μὲν
1069 2558 1124 2593 γὰρ
1140 2557 1185 2584 ἀεὶ
1200 2557 1251 2592 τὴν
1271 2557 1386 2592 δύναμιν
1401 2557 1453 2584 τοῦ
1471 2558 1574 2589 κτίζειν
1591 2558 1641 2584 καὶ
1658 2558 1793 2594 δημιουρο

996 2604 1069 2637 γεῖν·
1086 2603 1226 2639 ὲνηργήθη
1242 2603 1270 2629 δὲ
1285 2603 1302 2638 ἡ
1317 2602 1431 2639 τοιαύτη
1446 2603 1562 2638 δύναμις
1573 2623 1581 2636 ,
1596 2603 1644 2630 ὅτε
1658 2601 1695 2639 ἦν
1709 2605 1791 2636 είκός.

1032 2692 1153 2724 “alato;
1172 2693 1221 2728 μὲν
1238 2694 1252 2720 ό
1272 2691 1414 2728 Ὠριγὲνης
1426 2713 1434 2724 ,
1449 2691 1656 2728 ἀνεθεματίσθη
1671 2693 1702 2720 ἓ
1718 2693 1789 2727 παρᾶ

996 2739 1046 2773 τῆς
1062 2738 1192 2773 πέμπτης
1208 2737 1330 2764 συνόδου.
1353 2737 1400 2763 Διὺ
1416 2737 1464 2764 καὶ
1484 2736 1606 2770 εὐλόγως
1623 2737 1746 2766 ἐνταῦθα
1758 2737 1788 2765 cl

998 2792 1032 2809 πε
1038 2784 1064 2818 ρὶ
1079 2783 1164 2809 αὐτοῦ
1181 2782 1309 2809 τέθειται.

449 2837 458 2851 ²
481 2835 573 2861 Μδιιιι.
593 2841 655 2864 xxv,
673 2833 717 2859 .iti.
757 2833 766 2848 ⁸
782 2832 866 2860 Marc.
888 2839 928 2865 ιι,

1032 2835 1035 2846 ’
1057 2831 1125 2858 Dan.
1145 2837 1192 2863 Vll,
1207 2829 1250 2856 i4.
1288 2830 1299 2847 '
1320 2829 1388 2857 Luc.
1407 2837 1425 2863 t,
1441 2829 1485 2858 ﬁ
