1874 3076
135 45 202 79 1111

752 43 946 74 EUTHYMII
964 44 1143 75 ZIGABENI

1712 36 1801 79 mg'

133 105 197 136 fuit.
211 109 240 131 ut
255 110 304 139 per
318 102 452 131 deiectum
469 103 615 138 quemdam
642 104 793 132 naturalem
823 111 922 130 arcana

1022 105 1047 131 τὰ
1070 105 1116 131 τὸν
1141 104 1256 137 Λέοντος
1271 104 1355 140 τόμον
1376 104 1517 141 ἐνεργείας
1540 106 1572 133 οὐ
1587 106 1714 142 λέγομεν
1736 108 1783 134 ἐπὶ

132 149 330 185 conjunctione
357 154 510 183 susceptam
536 154 661 176 naturam
687 150 873 182 excluderem,
890 150 922 176 tl-

132 201 259 231 etamque
272 195 388 222 Manetis
405 195 535 230 speciem,
551 200 579 224 et
604 196 765 231 Apollinarii
782 195 923 224 confusio-

133 249 207 273 nem,
232 245 260 269 et
280 240 441 276 Eutychetis
464 241 642 269 mutationem
653 242 766 269 duarum
786 242 812 269 in
842 249 923 269 uuam

132 286 281 314 essentiam
294 286 497 314 conﬁrmarent.
515 285 625 314 Memini
651 287 735 318 enim,
747 294 809 314 cum
835 294 923 315 essem

132 331 347 360 inCretensium
381 332 481 365 insula,
508 333 592 361 falsos
618 334 750 368 quosdam
780 334 924 370 episcopos

134 377 227 406 Severi
239 379 393 413 opinionem
401 379 578 406 defendentes
588 380 626 406 ita
641 387 746 407 meeum
760 380 924 415 disputasse,

134 430 164 452 ut
178 424 309 458 dicerent,
326 431 375 452 nos
386 425 448 452 ideo
461 425 529 453 duas
545 426 572 452 in
589 425 700 453 Christo
717 426 838 453 actiones
848 425 926 462 juxta

134 469 233 498 Leonis
262 474 366 498 tomum
391 477 508 505 negare,
538 471 665 505 quoniam
682 471 837 498 voluntates
863 471 926 499 inde

134 520 348 550 consequuntur,
365 523 398 543 ex
411 516 510 551 quibus
525 516 633 550 gemina
647 523 763 551 persona
774 516 922 551 colligitur.

135 561 164 589 Si
184 561 276 597 igitur,
292 566 320 588 ut
336 561 456 589 Severus
468 561 606 597 opinatur,
617 569 650 589 ex
666 561 819 589 actionibus
831 561 927 589 volun-

135 613 216 641 tates,
231 612 259 636 et
272 615 306 636 ex
322 608 511 636 voluntatibus
530 615 652 643 persona:
667 612 796 643 tanquam
814 615 858 636 res
870 608 927 635 suis

136 660 168 681 ex
180 653 271 681 causis
286 654 478 688 provenientes
498 653 674 688 colliguntur,
697 658 725 681 et
751 661 784 681 ex
811 660 926 688 persona

136 698 267 726 nimirum
280 698 418 732 voluntas,
436 703 518 734 atque
528 707 560 726 ex
579 700 732 733 voluntate,
745 699 927 734 quemadmo-

973 149 1110 184 Χριστοῦ,
1141 149 1185 176 διὰ
1200 150 1236 177 τὰ
1257 150 1380 180 ἑπόμενα
1399 151 1512 183 ταύταις
1547 151 1720 187 θελήματα,
1743 149 1783 184 οῖς

974 194 1004 228 ἐξ
1022 195 1146 231 ἀνάγκης
1175 195 1331 231 προσώπων
1346 197 1538 230 συνεισάγεται
1563 197 1645 228 δυάς.
1676 197 1712 224 El
1737 197 1783 224 οὖν

975 240 1046 266 κατὰ
1060 240 1107 268 τὸν
1124 240 1246 275 Σεϐῆρον
1263 241 1325 272 ταῖς
1340 242 1495 275 ἐνεργείαις
1506 240 1628 268 ἕπεσθαι
1643 242 1683 268 τὰ
1701 241 1784 276 θελή-

976 293 1050 320 ματα
1064 286 1181 319 πέφυκε,
1195 287 1252 317 τοῖς
1264 286 1292 313 δὲ
1307 286 1444 321 θελήμασι
1458 287 1682 321 συνεισάγεσθαι
1695 288 1784 322 1:96:-

975 339 1038 358 ωπα
1047 350 1056 363 ,
1074 331 1203 366 καθάπερ
1216 331 1316 363 attici;
1327 332 1449 365 αἰτιατὰ,
1470 332 1518 359 καὶ
1530 334 1618 359 παντὶ
1633 333 1784 368 πρτσώτβρ

975 378 1096 412 δηλονότι
1120 377 1184 404 κατ’
1208 377 1290 405 αὑτὸν
1317 377 1441 415 θέλημα,
1470 380 1518 407 καὶ
1546 379 1639 414 τούτῳ
1667 379 1785 411 πάπιρς

975 423 1100 459 δνέργεια
1126 423 1375 459 συνεισαχθήσεται
1399 424 1566 460 πρόσφορος.
1592 425 1624 452 '0
1643 425 1705 460 γὰρ
1730 426 1785 451 τῶν

976 471 1046 506 πρός
1066 479 1093 497 τι
1108 469 1186 504 λόγος
1202 469 1301 504 ᾅλυτον
1318 470 1390 505 ἔχων
1402 471 1452 505 τὴν
1468 470 1561 506 σχέσιν
1575 470 1640 505 ῐσην
1658 472 1785 497 ποιεῖται

975 517 1026 552 τὴν
1042 516 1097 543 τῶν
1112 516 1215 551 σχετῶν
1231 516 1388 548 ἀκολούθως
1412 516 1610 552 ἁντιστροῖιήν.
1628 517 1743 543 Οὐκοῦν
1760 517 1786 543 εἰ

978 562 1029 597 μὲν
1053 561 1159 596 φυσικὰ
1183 562 1217 587 τὰ
1243 561 1314 588 κατὰ
1342 562 1526 598 ἀντιστροφὴν
1553 563 1785 598 συνεισειγὸμενα

976 608 1033 640 τοῖς
1054 607 1213 642 προσώποις
1233 604 1288 634 εἶεν
1315 607 1474 644 θελήματα,
1496 609 1514 644 ή
1536 609 1666 644 μακαρία
1688 609 1785 641 Μονὰς

977 654 1049 680 κατὰ
1069 654 1189 689 Σευῆρον
1208 654 1256 680 καὶ
1278 652 1386 687 φύσεων
1406 653 1483 680 ἔσται
1498 654 1584 689 Τριὰς
1599 662 1608 670 ·
1624 655 1648 681 εἰ
1664 655 1696 681 δὲ
1714 663 1781 688 γνω-

979 700 1058 735 μικὰ,
1071 699 1213 727 στασιάσει
1225 699 1334 731 πάντως
1347 700 1415 734 πρὸς
1427 700 1527 734 ἑαυτὴν
1542 701 1579 736 μὴ
1587 701 1785 735 συμϐαίνουσι

136 745 201 772 dum
218 744 275 780 ipse
290 750 510 780 argumentatur,
522 746 594 773 actio
608 745 648 773 illi
666 753 823 781 congruens
850 745 928 773 colli-

1022 753 1034 776 ς
1057 744 1227 779 θελήμασιν,
1252 743 1290 776 ὡς
1315 744 1471 780 προσώπων
1491 745 1589 780 Τριάς.
1608 747 1645 772 Ἦ
1671 747 1785 777 πάντως

135 795 224 825 ιειιιιι.
245 791 346 819 Eorum
358 791 431 819 enim
445 798 506 826 quae
519 791 591 819 inter
603 799 633 819 se
651 791 771 820 vicissim
800 790 925 819 referun-

135 840 191 870 tur,
216 841 308 865 mutua
334 841 378 866 est
410 837 563 866 conversio.
579 837 761 871 Quamobrem
783 837 806 865 si
828 841 926 864 natura

979 789 1060 825 ειπερ
1089 789 1119 816 ἓν
1147 788 1256 824 θέλημα
1284 789 1336 824 τῆς
1368 789 1533 825 ὑπερουσιου
1559 791 1679 827 Τριάδος
1704 792 1783 824 ἐστὶ.

983 834 1197 870 μονοπρόσωπος
1218 834 1296 861 ἔσται
1317 834 1419 869 Θεότης
1441 835 1606 871 τριώνυμος.

135 888 246 911 mutuus
268 888 342 912 esset
368 883 441 912 inter
470 891 601 919 personas
621 884 832 918 voluntatesque
863 885 1008 916 respectus
1044 886 1126 916 atque
1144 881 1298 913 conversio,
1319 880 1397 908 beata
1418 882 1463 910 illa
1486 883 1642 911 Divinitatis
1676 886 1782 918 unitas,

135 936 167 958 ut
192 930 311 958 Severus
338 930 428 963 docet,
445 935 502 958 tres
532 930 596 958 item
622 930 776 959 voluntates
806 930 930 958 haberet.
950 929 998 957 Sin
1016 932 1106 955 autem
1119 927 1254 956 sententia
1284 933 1433 961 constaret,
1464 936 1557 957 secum
1584 930 1641 964 ipsa
1669 931 1785 958 dissen-

136 977 212 1008 tiret.
245 976 435 1004 voluntatibus
464 983 519 1004 non
552 977 733 1012 conveniens,
765 982 796 1005 ut
823 977 944 1005 Trinitas
964 981 1156 1012 personarum.
1176 974 1230 1001 A'ut
1260 974 1385 1008 omnino,
1417 975 1553 1009 siquidem
1583 984 1637 1004 una
1649 976 1784 1009 fsum

135 1022 279 1051 Trinitatis
289 1022 413 1050 voluntas
428 1026 481 1051 est.
497 1022 631 1052 Divinitas
642 1031 724 1052 unam
740 1028 847 1052 tantum
877 1023 960 1052 habet
972 1029 1126 1058 personam,
1142 1026 1170 1049 et
1191 1020 1292 1056 triplici
1307 1022 1417 1050 nomine
1428 1022 1590 1057 appellatur.

376 1068 420 1097 Ea:
442 1069 534 1098 eadem
555 1071 685 1098 oratione.

172 1115 214 1144 'l'u
225 1115 273 1151 qui
293 1122 377 1142 unam
391 1114 494 1144 Christi
506 1115 673 1144 voluntatem
689 1115 800 1149 anseris,
816 1115 859 1143 vir
882 1122 932 1150 op-

138 1161 217 1196 tiae,
231 1161 379 1197 quomodo,
390 1164 419 1189 et
434 1161 543 1197 qualem
567 1168 629 1189 eam
655 1161 725 1190 dicis
749 1161 827 1189 esset
853 1160 882 1188 Si
903 1165 934 1187 ut

137 1207 241 1237 Christi
270 1206 438 1241 naturalem,
453 1214 516 1235 eum
533 1215 547 1234 a
561 1206 643 1236 Patre
659 1213 686 1236 et
696 1215 711 1235 a
724 1206 812 1235 Matre
834 1212 932 1235 natura

137 1254 270 1290 seiungit,
284 1253 386 1289 quippe
400 1252 447 1288 qui
462 1252 554 1282 neutri
567 1252 689 1289 ipsorum
706 1260 757 1288 per
782 1252 933 1280 essentiam

137 1300 300 1336 coniunctus
316 1300 362 1328 sit.
376 1299 477 1328 Neuter
491 1299 565 1327 enim
600 1298 721 1334 ipsorum
738 1303 835 1326 natura
851 1298 933 1326 Chri-

137 1353 206 1376 stus.
218 1348 246 1375 ld
262 1352 352 1375 autem
367 1347 389 1374 si
414 1346 530 1380 dixeris,
547 1353 639 1374 nonne
653 1345 806 1382 periculum
823 1345 885 1376 erit,
900 1351 935 1372 ne

137 1394 230 1430 plures
244 1393 311 1421 deos
334 1392 508 1421 constituas?
526 1392 604 1426 Quod
626 1392 649 1419 si
678 1392 815 1419 sententia
845 1390 933 1418 solius

1202 1067 1254 1095 Ἕκ
1269 1067 1324 1095 τοῦ
1341 1067 1438 1096 αὑτοῦ
1454 1069 1561 1103 λόγον.

1022 1114 1071 1140 'Ev
1086 1113 1114 1140 δὲ
1130 1113 1254 1149 Χριστοῦ
1269 1113 1380 1149 θέλημα
1391 1114 1491 1149 λέγων,
1503 1111 1527 1142 ὦ
1546 1115 1696 1151 βέλτιστε,-
1707 1117 1782 1150 πῶς,

983 1159 1032 1187 καὶ
1050 1160 1128 1186 ποῖον
1144 1158 1225 1186 τοῦτο
1246 1159 1316 1195 φῄς;
1330 1159 1360 1186 Ei
1377 1161 1427 1195 μὶν
1444 1161 1484 1192 ὡς
1509 1161 1631 1196 Χριστοῦ
1646 1164 1782 1197 φυσικὸν,

984 1208 1091 1244 Πατρὸς
1105 1207 1186 1243 φύσει
1211 1209 1259 1234 καὶ
1284 1209 1389 1244 μητρὸς
1399 1209 1483 1236 αὑτὸν
1497 1209 1701 1246 ἠλλοτριωσας,
1725 1212 1783 1239 οὐδ’

984 1253 1074 1290 ἑτέρῳ
1091 1253 1153 1280 κατ’
1167 1253 1264 1281 οὐσίαν
1283 1254 1440 1289 ἑνούμενον·
1456 1255 1512 1282 οὐδ’
1536 1256 1633 1291 ἕτερον
1645 1258 1707 1293 γὰρ
1731 1259 1783 1285 αὖ-

982 1300 1040 1326 τοῖν
1055 1298 1140 1334 φύσει
1154 1299 1273 1334 Χριστός
1286 1309 1292 1315 ·
1307 1300 1356 1326 καὶ
1372 1300 1431 1332 πῶς
1445 1301 1566 1338 ἐκφεύξῃ
1590 1302 1674 1330 τοῦτο
1690 1304 1784 1338 λέγων

983 1346 1033 1381 τῆς
1047 1345 1201 1378 πολυθεῖας
1216 1346 1262 1373 τδν
1284 1346 1429 1380 κίνδυνον;
1455 1348 1482 1374 εἰ
1502 1348 1531 1375 δὲ
1550 1350 1710 1385 γνωμικὸν,
1731 1351 1784 1386 p.6-

984 1401 1033 1428 νης
1049 1391 1126 1419 ἔσται
1141 1393 1191 1428 τῆς
1213 1391 1297 1418 αὐτοῦ
1312 1394 1565 1429 χαρακτηριστικδν
1585 1396 1783 1428 ὑποστάσεως.

107 1456 114 1459 ς
139 1441 194 1468 erit
210 1439 340 1467 iudicium
358 1446 481 1474 persons
499 1447 506 1466 :
522 1438 671 1465 voluntatis
693 1438 766 1465 enim
796 1436 932 1465 sententia

1022 1438 1141 1465 ,οσώπου
1161 1438 1216 1474 γὰρ
1232 1439 1411 1473 ἁφοριστικδν
1436 1440 1556 1476 ὑπάρχει
1575 1441 1605 1468 τὸ
1620 1443 1782 1477 γνωμικὸν,

140 1493 256 1523 persona
272 1485 437 1514 describitur
447 1489 475 1512 et
489 1484 619 1512 definitur
632 1492 639 1511 :
652 1484 856 1512 demonstrabis
870 1491 931 1511 eum

141 1541 157 1560 s
172 1531 253 1560 Patre
269 1535 297 1560 et
310 1530 412 1566 Spiritu
423 1531 563 1558 voluntate
581 1530 715 1558 dissidere
725 1535 753 1557 et
764 1530 931 1564 discrepare.

143 1580 193 1608 Sin
212 1579 297 1606 solius
311 1577 464 1605 divinitatis
482 1576 579 1612 ipsius,
596 1576 714 1612 patibilis
730 1576 783 1604 erit
794 1575 932 1608 divinitas,

141 1630 169 1653 et
186 1628 286 1659 praeter
299 1627 426 1650 naturam
441 1628 535 1657 potum
551 1625 578 1648 et
591 1622 682 1649 cibum
710 1626 831 1657 appetet.
845 1621 880 1648 At
910 1621 933 1648 si

144 1668 324 1698 humanitatis
334 1668 392 1701 eius
405 1667 564 1702 solius,[non
577 1667 630 1695 erit
640 1666 732 1695 eﬂicax
745 1670 855 1700 natura,
872 1673 934 1693 cum

143 1714 180 1741 sit
193 1714 310 1740 humana
325 1719 332 1744 ;
353 1715 383 1738 et
396 1716 516 1738 monstra
528 1710 608 1746 plane
620 1709 785 1738 videbuntur
801 1716 862 1737 esse
877 1708 935 1736 mi-

144 1757 249 1787 racula.
262 1756 340 1790 Quod
356 1755 378 1783 si
394 1759 498 1783 natura:
514 1755 658 1790 utriusque
672 1760 844 1782 communem
859 1752 935 1780 dixe-

143 1804 193 1838 ris,
206 1801 484 1838 quomodovoluntas
495 1807 589 1828 eorum
604 1804 699 1827 natura
714 1798 868 1827 communis
882 1796 936 1825 erit

143 1856 258 1884 quorum
271 1852 315 1876 est
328 1852 425 1875 natura
441 1845 568 1875 diversa?
581 1844 629 1873 Sin
643 1849 674 1872 ut
689 1845 773 1872 totius
798 1849 936 1879 compost-

144 1899 245 1929 tum,ut
259 1894 410 1922 novitatem
424 1898 452 1920 et
462 1892 661 1920 absurditatem
670 1890 770 1918 fabulae
780 1889 936 1917 omittamus

144 1941 214 1974 (quae
222 1940 294 1966 enim
303 1944 392 1974 potest
401 1945 460 1965 esse
478 1937 640 1971 compositio
655 1935 831 1972 voluntatis?)
843 1942 936 1962 rursus

144 1986 232 2022 ipsum
240 1993 256 2013 a
263 1984 343 2012 Patre
352 1985 471 2016 alienum
480 1983 700 2015 eonstituis,cum
711 1982 850 2011 voluntate
860 1989 936 2010 com-

143 2033 233 2068 posita
255 2031 342 2059 solam
362 2037 508 2068 personam
522 2030 701 2066 compositam
714 2030 862 2064 exprimas.
877 2028 935 2062 Qua

145 2078 262 2114 quidem
272 2077 379 2106 ratione
390 2077 482 2105 omnis
499 2076 642 2111 plantatio,
658 2084 738 2112 quam
750 2084 804 2104 non
827 2076 935 2111 planta-

988 1485 1036 1511 καὶ
1065 1484 1240 1520 δειχθήσεται
1261 1485 1357 1520 σαφῶς
1379 1485 1556 1521 ἐτερόὁουλος
1572 1487 1662 1522 [lupi
1679 1497 1713 1514 τε
1735 1490 1785 1515 καὶ

988 1529 1130 1564 Πνεὺματι
1142 1530 1214 1556 κατὰ
1231 1530 1272 1561 σὲ,
1285 1531 1333 1558 καὶ
1350 1530 1518 1567 μαχόμενος.
1533 1532 1565 1559 Ei
1579 1532 1608 1558 δὲ
1627 1532 1680 1567 τῆς
1693 1534 1782 1560 αὐτοῦ

988 1575 1073 1610 μόνης
1087 1575 1227 1610 θεότητος,
1243 1577 1372 1612 ἐμπαθὴς
1394 1577 1474 1604 ἔσται
1490 1578 1587 1613 θεότης
1603 1580 1683 1612 παρᾶ
1701 1582 1785 1612 ’πτύσιν

988 1620 1117 1656 βρώσεως
1133 1621 1181 1648 καὶ
1205 1617 1314 1654 πόσεως
1341 1623 1488 1659 ἐφιεμένῃ.
1520 1623 1552 1651 El
1577 1624 1605 1650 δὲ
1627 1625 1679 1660 τῆς
1698 1626 1784 1652 αὐτοῦ

989 1667 1074 1702 μόνης
1090 1666 1313 1703 ἁνθρωπότητος,
1329 1668 1380 1695 οὒκ
1400 1669 1477 1696 ἔσται
1494 1669 1576 1704 φύσει
1599 1670 1783 1707 δραστήριον.

988 1713 1131 1749 Πῶςιγὰρ.
1157 1713 1238 1749 εἴπερ
1260 1713 1434 1749 ἀνθρώπινον
1447 1723 1454 1748 ;
1468 1716 1527 1743 Καὶ
1551 1717 1715 1752 τερατώδης
1731 1718 1785 1744 δει-

988 1759 1122 1795 χθήσεται
1143 1760 1239 1795 σαφῶς
1258 1761 1274 1794 ἡ
1300 1761 1355 1788 τῶν
1373 1761 1524 1796 θαυμάτων
1537 1763 1682 1795 ἐπίδειξις.
1703 1765 1736 1790 Εἰ
1755 1765 1784 1792 δὲ

987 1805 1155 1841 ἀμφοτέρων
1176 1806 1257 1841 φύσει
1270 1806 1371 1840 κοινὸν,
1387 1807 1446 1839 πῶς
1471 1808 1549 1834 ἔσται
1575 1808 1687 1844 θέλημα
1701 1811 1786 1844 φύσει

988 1851 1088 1884 κοινὸν,
1103 1848 1141 1878 ὧν
1156 1852 1173 1886 ἡ
1187 1852 1268 1886 φύσις
1283 1852 1414 1889 διάτορος
1427 1863 1435 1886 ;
1450 1853 1482 1880 Et
1506 1853 1536 1881 δὲ
1548 1854 1586 1886 ὡς
1603 1855 1669 1881 ὅλου
1685 1856 1783 1882 σύνθε-

988 1906 1047 1932 τον,
1077 1898 1147 1934 πρὸς
1167 1898 1206 1933 τῷ
1237 1899 1325 1935 καινῷ
1348 1900 1427 1935 μύθῳ
1444 1901 1489 1927 καὶ
1505 1900 1647 1937 πλάσματ(
1665 1902 1710 1933 τίς
1731 1903 1784 1938 γὰρ

989 1940 1141 1977 θελήματος
1156 1942 1295 1978 σύνθεσις)
1312 1953 1319 1977 ;
1335 1943 1419 1972 πάλιν
1434 1945 1516 1972 αὐτὸν
1530 1945 1578 1972 τοῦ
1601 1947 1716 1983 lla-spec
1735 1949 1785 1984 ήλ-

989 1987 1149 2024 λοτριωσας,
1166 1989 1289 2025 συνθὲτῳ
1308 1990 1444 2026 θελήματι
1459 1992 1545 2027 μόνην
1567 1996 1784 2029 χαρακτηρὶσις

990 2033 1139 2061 ὑπόστασιν
1153 2034 1291 2062 σύνθετον.
1306 2035 1384 2063 Οὖτω
1404 2037 1454 2071 μὲν
1470 2036 1518 2064 οὖν
1543 2039 1636 2066 πᾶσαν
1665 2041 1784 2074 tia-naias

990 2080 1095 2114 ἐκριζοῖ
1110 2081 1252 2117 προελθὼν
1267 2083 1281 2109 ό
1302 2082 1393 2117 λόγος,
1410 2084 1443 2120 ἣν
1455 2085 1470 2112 ὁ
1480 2085 1574 2120 Πατὴρ
1586 2086 1637 2112 οὐκ
1662 2087 1783 2121 ἐφύτευ-

145 2126 184 2153 vit
206 2125 288 2152 Pater
300 2123 467 2152 eradicatur.
494 2122 568 2151 Nova
587 2123 659 2150 enim
685 2122 749 2158 ﬁngi
769 2130 821 2150 non
847 2126 932 2157 potest

1024 2136 1050 2159 ν,
1067 2128 1128 2154 ἐπεὶ
1143 2128 1182 2162 μὴ
1193 2129 1302 2163 πέφυκε
1325 2129 1356 2156 τὸ
1372 2129 1448 2162 ξένον
1469 2132 1676 2166 περιποιεῖσθαι
1691 2133 1786 2169 γεώρ-

147 2171 326 2206 agricultura,
345 2170 392 2198 sed
407 2169 562 2197 naturalem
580 2168 607 2196 iu
621 2169 733 2197 Christo
758 2169 936 2196 humanitatis

145 2217 313 2245 voluntatem
329 2215 446 2243 Severus
460 2213 581 2248 sustulit,
598 2218 627 2241 ut
642 2213 757 2246 videtur,
772 2221 833 2241 cum
848 2214 937 2240 omnis

145 2269 251 2291 naturae
262 2261 414 2297 prasertim
425 2261 531 2289 ratione
541 2260 661 2296 pmdita:
669 2261 786 2288 maxime
794 2260 935 2295 proprium

146 2313 174 2337 et
190 2309 306 2344 primum
322 2315 385 2336 esse
401 2308 540 2343 ignoraret
554 2307 698 2342 appetendi
731 2311 846 2334 motum.
859 2306 935 2340 Quod

145 2356 243 2384 Patres
259 2353 509 2382 animadvertentes
522 2352 677 2380 voluntates
695 2353 721 2379 in
749 2352 860 2380 Christo
887 2359 936 2379 na-

146 2407 218 2434 tura,
232 2407 287 2428 non
302 2404 392 2427 autem
408 2399 543 2427 sententia
564 2398 719 2426 diﬂ'ereutes
730 2397 847 2425 confessi
859 2404 932 2425 sunt.

146 2447 290 2481 Nunquam
303 2445 377 2473 enim
390 2445 418 2472 in
431 2445 539 2472 Christo
554 2444 708 2472 voluntates
726 2446 859 2482 sententia
885 2444 937 2472 dif-

146 2493 265 2522 ferentes
296 2492 435 2524 dixerunt,
463 2498 499 2518 ne
521 2491 609 2526 ipsum
634 2491 741 2518 diversa
766 2491 880 2524 sentire,
909 2496 937 2518 et

101 2546 111 2570 ιζ
145 2539 226 2572 velle,
240 2543 269 2566 et
284 2538 422 2565 rationum
435 2537 569 2565 seditione
586 2544 679 2565 secum
709 2545 841 2572 pugnare.
854 2543 936 2573 atque

147 2586 185 2613 ita
199 2585 332 2620 duplicem
349 2584 450 2611 habere
461 2591 607 2618 personam
625 2582 818 2618 prmdicarent.
835 2583 936 2611 intelli-

146 2630 321 2666 gehantenim
336 2630 387 2657 hac
403 2630 459 2658 sola
475 2629 642 2657 voluntatum
653 2630 787 2658 sententia
804 2630 936 2658 dissiden-

148 2677 215 2703 tium
235 2675 402 2708 ditl'erentia,
428 2680 484 2701 tum
503 2675 736 2709 peccatoinhanc
762 2674 845 2702 vitam
878 2677 937 2703 adi-

146 2726 203 2747 tum
216 2726 276 2748 esse
289 2719 466 2753 patefactum,
485 2723 540 2746 tum
555 2718 713 2747 inimicitias
734 2719 812 2748 nobis
826 2726 935 2749 exortus

148 2772 208 2794 esse
223 2773 284 2793 cum
300 2765 363 2795 Deo.
382 2765 460 2793 Nulla
477 2766 550 2794 enim
563 2766 615 2794 alia
632 2766 658 2793 in
677 2773 706 2794 re
732 2767 832 2796 malum
871 2776 936 2797 cou-

990 2183 1061 2208 γιον,
1086 2173 1157 2200 Ἀλλ’
1168 2174 1206 2206 ὡς
1219 2175 1305 2209 ἔοικε,
1323 2175 1354 2202 τὸ
1371 2177 1489 2211 φυσικὸν
1508 2176 1617 2213 θέλημα
1637 2180 1690 2214 τῆς
1712 2180 1784 2206 κατὰ.

990 2220 1108 2254 Χριστὸν
1121 2220 1336 2256 ἀνθρωπότητος
1351 2222 1473 2257 Σευῆρος
1487 2223 1602 2254 ἀνεῖλεν.
1617 2224 1671 2250 οὐκ
1691 2225 1782 2256 εἰδὼς,

989 2266 1031 2292 ὅτι
1050 2265 1219 2301 κυριώτερόν
1238 2274 1268 2292 τε
1288 2267 1336 2293 καὶ
1358 2268 1467 2302 πρῶτον
1487 2268 1588 2304 ἰδίωμα
1607 2270 1702 2305 πᾶα-ης
1732 2272 1783 2304 μὲι

989 2312 1070 2338 λιστα
1086 2311 1194 2346 φύσεως
1222 2312 1337 2347 λογικῆς
1367 2314 1383 2349 ἡ
1418 2314 1479 2341 κατ’
1496 2315 1591 2349 ἔφεσιν
1611 2315 1702 2351 αὐτῆς
1718 2318 1783 2344 καθε

990 2357 1090 2393 έστηκε
1106 2358 1224 2395 κίνησις,
1237 2360 1278 2394 ἣν,
1286 2361 1310 2386 οι
1326 2360 1451 2395 Πατὲρες
1478 2362 1683 2396 σκοπήσαντες,
1703 2371 1785 2397 quot.

990 2402 1058 2434 κῶν,
1083 2403 1142 2430 ἀλλ’
1167 2403 1198 2430 οὺ
1225 2405 1375 2439 γνωμικῶν
1389 2406 1436 2432 ἐπὶ
1462 2405 1582 2441 Χριστοῦ
1616 2406 1783 2442 θελημάτων

989 2448 1122 2484 διαφορὰν
1138 2449 1274 2484 λαμπρῶς
1286 2450 1478 2485 ὡμολόγησαν.
1492 2451 1530 2478 Οὐ
1549 2452 1604 2487 γὰρ
1629 2453 1666 2479 ἂν
1690 2453 1783 2487 ἔλεγόν

990 2502 1058 2521 ποτε
1073 2495 1221 2530 γνωμικῶν
1237 2496 1285 2522 ἐπὶ
1302 2497 1425 2532 Χριστοῦ
1451 2497 1615 2532 θελημάτων
1635 2498 1780 2534 διαφορὰν,

991 2540 1034 2567 ἵνα
1049 2539 1088 2575 μὴ
1099 2539 1248 2574 δίγνωμον,
1265 2541 1313 2567 καὶ
1326 2541 1460 2574 δίϐουλον,
1474 2543 1522 2569 καὶ
1535 2540 1591 2569 οἷον
1617 2544 1713 2571 εἰπεῖν
1734 2554 1782 2579 μσ-

991 2587 1108 2621 χόμενον
1127 2586 1218 2620 ἐαυτῷ
1235 2588 1268 2623 τῇ
1297 2588 1391 2615 στάσει
1416 2588 1472 2614 τῶν
1487 2588 1640 2623 λογισμῶν,
1668 2591 1718 2617 καὶ
1741 2590 1782 2617 διὰ

991 2633 1074 2659 τοῦτο
1101 2633 1278 2667 διπρόσωπον
1302 2634 1384 2661 αὑτὸν
1403 2635 1578 2670 κηρύττωσιν
1603 2636 1629 2662 οι
1659 2644 1694 2670 γε
1713 2638 1781 2664 κατὰ

992 2679 1078 2713 μόνην
1091 2680 1193 2714 ταύτην
1207 2680 1390 2714 γινώσκοντες
1416 2681 1466 2716 τὴν
1490 2681 1544 2708 τῶν
1565 2683 1719 2717 γνωμικῶν
1742 2685 1781 2711 θε-

993 2725 1125 2760 λημάτων
1155 2725 1290 2761 διαφορὰν
1315 2727 1344 2753 ὲν
1363 2726 1403 2762 τῷ
1425 2726 1475 2762 βίῳ
1501 2729 1670 2764 γεγενῆσθαι
1685 2729 1735 2763 τήν
1755 2737 1780 2755 τε

989 2771 1040 2806 τῆς
1063 2771 1201 2807 ἁμαρτίας
1218 2772 1331 2807 εἴσοδον,
1352 2773 1400 2801 καὶ
1416 2774 1466 2808 τὴν
1483 2774 1550 2808 πρὸς
1569 2775 1617 2802 τὸν
1633 2774 1705 2803 Θεὸν
1718 2776 1780 2811 ἡμε-
