1874 3076
73 111 138 146 1113

541 109 730 140 PANOPLIA
749 107 980 139 DOGMATICA.
999 120 1035 125 —
1053 108 1126 139 TIT.
1147 108 1227 140 XXI.

1621 105 1690 138 11M

69 171 149 206 ⁴πέραν
163 168 313 197 διάστασιν.
332 167 377 194 Ἐν
390 166 479 194 οὐδενὶ
494 166 549 201 γὰρ
564 165 636 201 ἄλλῳ
649 166 800 201 καθέστηκε
820 165 849 192 τὸ

933 165 985 197 ιιίι,
998 165 1050 192 nisi
1066 165 1091 192 in
1105 172 1137 191 eo
1147 165 1316 198 discrimine,
1328 165 1400 200 quod
1414 170 1455 193 est
1471 165 1543 192 inter
1564 165 1690 193 volunta-

69 216 162 248 ιακδν,
177 215 202 241 τί
220 214 258 250 μὴ
272 213 353 248 μόνον
368 212 397 239 ιν
407 213 441 247 τῇ
460 211 529 247 πρὸς
547 211 578 238 τὸ
589 212 662 238 θεῖον
675 211 781 247 θέλημα
791 211 851 238 δια-

69 262 139 297 φορᾷ
156 261 204 288 τοῦ
224 260 294 287 κατὰ
311 259 426 295 γνώμην
443 259 580 294 ἡμετέρου
596 258 762 293 θελήματος,
779 255 851 294 ᾗτινι

68 309 174 339 πάντως
199 306 376 341 ἀντικειμένη
407 306 599 339 συνεισάγεται
630 305 758 340 ποσότης,
776 306 851 331 καὶὸ

67 354 168 388 ταύτης
188 352 337 388 δηλωτικὺς
363 350 482 387 ἀριθμὸς
502 350 612 381 δεικνὺς
631 351 697 384 ἡμῖν
721 350 788 384 πρὸς
805 349 851 376 τὸν

67 400 134 426 Θεδν
145 399 191 426 τοῦ
202 397 345 434 γνωμικώ
361 397 515 433 θελήματος
533 396 720 423 ὰντιπάθειαν.
739 393 786 427 Εἷς
804 394 852 423 οὖν

67 445 207 480 Νεστορίῳ
221 453 249 472 τε
266 444 314 471 καὶ
329 443 442 479 Σευήρῳ
456 444 521 478 περῖ
536 442 585 469 τοῦ
603 442 746 469 δυσσεϐεῖν
761 442 852 477 ὑπάρ-

67 499 114 525 χει
129 489 242 522 σκοπὸς,
263 489 315 515 κᾶν
343 489 357 515 ὁ
378 488 479 523 τρόπος
507 488 649 522 διάφορος.
670 487 699 514 '0
725 488 775 522 μὲν
796 488 852 522 γὰρ

65 536 112 563 διὰ
127 537 175 571 τὴν
191 536 324 573 σύγχυσιν
341 534 451 569 φεύγων
466 534 515 569 τὴν
535 533 595 560 καθ’
617 534 769 560 ὑπόστασιν
785 533 852 560 ἔνω-

67 582 184 617 σιν,τὴν
209 581 326 616 οὐσιώδη
356 580 489 615 διαφορὰν
515 580 697 616 προσωπικὴν
718 579 851 615 διαίρεσιν

68 629 199 655 ποιεῖται·
214 627 228 654 6
255 627 285 654 δὲ
298 627 343 654 διὰ
359 627 409 661 τὴν
438 626 571 661 διαίρεσιν
598 626 648 662 τὴν
678 626 795 661 οὐσιὼδη
813 627 852 662 μὴ

65 673 151 707 λέγων
161 671 304 707 διαφορὰν,
328 672 380 707 τὴν
397 671 459 698 καθ’
481 671 632 698 ὑπόστασιν
654 671 751 698 ἕνωσιν
770 681 851 706 φυσι-

63 717 118 753 κὴν
142 718 288 752 ἐργάζεται
313 718 460 753 σύγχυσιν,
483 718 544 745 δέον
569 719 638 753 μήτε
655 718 788 754 σύγχυσιν
804 719 851 746 ἐπὶ

65 764 195 798 Χριστοῦ,
211 763 279 799 μήτε
295 763 440 799 διαίρεσιν,
463 763 521 792 ἀλλ’
536 764 633 791 ἕνωσιν
653 765 707 790 τῶν
723 765 784 791 κατ’
804 765 851 791 οὺ-

66 808 128 834 σίαν
140 809 338 844 διαφερόντων,
350 809 397 836 καὶ
413 809 545 844 διαφορὰν
561 810 615 837 τῶν
626 810 688 837 καθ’
701 811 850 837 ὑπόστασιν

64 853 213 889 ἡνωμὲνων
225 854 380 889 ὁμολογεῖν,
397 855 440 882 ἵνα
455 857 504 882 καὶ
523 856 578 882 τῶν
599 856 700 882 οὐσιῶν
724 857 738 883 ὁ
759 857 850 891 λόγος,

64 900 170 935 καὶτῆς
181 899 306 933 ὲνώσεως
320 901 334 927 ό
345 902 445 937 τρόπος
463 902 585 934 εὐσεϐῶς
610 903 848 938 καταγγέλληται·

63 942 104 971 ὧν
125 944 207 980 ἁμφω
228 945 437 981 διαρραγέντες,
453 948 466 973 6
490 947 541 982 μὲν
556 947 605 982 τὴν
623 947 678 973 τῶν
698 947 850 981 γνωμικῶν

64 990 156 1024 μόνων
183 991 336 1026 ποιοτήτων
363 993 474 1025 ἰνωσιν,
498 994 511 1019 ὁ
535 993 627 1027 δὲτὴν
646 992 702 1020 τῶν
727 993 850 1027 φυσικῶν

65 1036 156 1070 μόνων
185 1036 255 1070 μετὰ
281 1037 332 1072 τὴν
357 1037 458 1065 ενωσιν
495 1037 671 1072 ὲπικυρώσας
701 1037 848 1073 διαφορὰν,

59 1082 147 1117 ἄμφω
160 1083 210 1118 τῆς
236 1082 292 1110 τῶν
317 1084 490 1119 πραγμάτων
511 1083 642 1119 ἀληθείας
665 1083 819 1117 ἀπέπεσαν,
834 1086 849 1112 ό

904 216 955 238 tem
976 210 1023 237 Dei
1050 211 1251 238 rtvoluntatem
1273 216 1406 239 nostram.
1421 210 1479 244 Quo
1510 211 1616 245 quidem
1627 218 1693 238 rou-

905 257 986 284 traria
1003 265 1113 291 pr0rsus
1128 258 1265 292 quantitas
1275 258 1459 290 constituitur,
1475 261 1503 285 et
1514 257 1585 284 illius
1609 258 1691 285 index

904 311 1044 335 numerus,
1063 304 1108 336 qui
1127 304 1204 331 nobis
1219 304 1337 331 ostendit
1349 304 1497 331 voluntatis
1509 311 1523 330 a
1551 303 1607 331 Deo
1636 303 1693 330 dis-

903 350 1041 384 crepantia
1055 349 1257 377 diversitatem.
1281 350 1354 376 Idem
1368 349 1451 384 igitur
1468 349 1591 377 Nustorio
1603 355 1629 376 et
1643 350 1692 376 Se-

904 403 969 422 vero
999 399 1031 422 ad
1056 396 1223 430 impietatem
1252 396 1422 431 propositum
1447 401 1499 427 est,
1535 396 1590 422 fcet
1620 396 1689 422 ratio

904 441 1011 470 diversa
1028 443 1074 470 sit.
1086 443 1134 470 llle
1153 442 1224 470 enim
1239 442 1302 470 dum
1320 442 1512 470 confusionem
1539 442 1618 474 vitat,
1650 448 1691 469 sic

902 489 997 525 eﬂ‘ugit
1010 490 1141 516 unitatem
1158 496 1294 523 personae,
1307 494 1335 515 ut
1364 495 1414 523 pro
1433 487 1587 515 diﬂ'erentia
1617 493 1692 514 natu-

904 534 951 561 rali
967 542 1088 569 persona:
1102 533 1261 561 divisionem
1290 534 1453 561 constituat.
1473 532 1521 560 llic
1542 540 1605 559 vero
1627 532 1690 558 dttm

903 581 1062 608 divisionem
1091 580 1219 612 declinat,
1238 580 1273 607 ita
1284 585 1389 606 natura:
1401 584 1481 612 negat
1511 578 1693 605 ditferentiam

903 628 929 654 in
945 634 1068 661 persona:
1098 626 1334 662 conjunctionem,
1361 630 1390 652 ut
1418 625 1568 653 naturalem
1594 624 1695 652 eliiciat

903 673 1102 701 confusionem.
1128 672 1195 700 Cum
1208 679 1258 700 nec
1284 671 1409 699 confusio
1435 671 1462 698 in
1489 670 1609 702 Christo,
1640 677 1692 697 nec

905 720 1016 752 divisio,
1033 719 1081 746 sed
1096 718 1215 746 essentia
1231 717 1411 746 differentium
1432 716 1601 751 coniunctio,
1619 719 1647 742 et
1664 716 1691 742 in

903 773 1017 800 persona
1030 765 1236 800 conjunctorum
1260 763 1415 790 diﬂ'erentia
1440 764 1476 790 sit
1501 762 1662 790 conﬁtenda
1682 769 1690 788 :

903 817 932 838 ut
944 816 970 839 et
986 815 1148 838 naturarum
1163 810 1245 843 ratio,
1258 815 1284 837 et
1300 809 1500 845 coniunctionis
1521 809 1620 836 modus
1646 809 1690 843 pie

905 856 1105 890 pronuntietur.
1118 855 1239 888 Quorum
1257 854 1294 881 illi
1314 859 1462 888 utrumque
1490 853 1692 888 perfregerunt,

885 938 888 941 ν
905 902 968 929 dum
985 909 1052 928 unus
1068 901 1229 936 qualitatum
1244 900 1271 927 in
1301 899 1437 927 sententia
1455 903 1559 926 tantunt
1577 897 1694 932 conjuno

905 948 1034 980 ctionem,
1049 947 1116 974 alter
1131 947 1293 974 naturalium
1306 945 1493 974 tantummodo
1507 949 1568 980 post
1579 944 1693 979 conjun-

902 995 1021 1022 ctionetn
1033 993 1214 1022 ditl‘erentiam
1227 993 1337 1020 asserit.
1359 992 1451 1027 Atque
1468 993 1505 1019 ita
1520 992 1601 1019 ambo
1615 998 1629 1016 a
1643 998 1690 1017 ve-

902 1045 982 1068 ritate
993 1040 1164 1073 exciderunt,
1176 1040 1244 1068 dum
1269 1047 1340 1067 unus
1364 1038 1486 1074 mysterii
1516 1038 1690 1072 divisionem,

902 1088 972 1116 alter
982 1088 1171 1116 confusionem
1183 1087 1314 1115 audacter
1336 1086 1478 1122 diiudicat.

63 1128 117 1163 μὲν
123 1127 267 1163 διαίρεσιν,
275 1129 289 1156 δ
298 1128 327 1156 δδ
337 1128 470 1165 σύγχυσιν
478 1129 525 1156 τοῦ
538 1131 691 1166 μυστηρίου
700 1131 846 1168 τολμηρῶς
866 1135 1091 1170 χατακρίναντες.

61 1188 122 1217 Τοῦ
135 1189 228 1217 αὑτοῦ
241 1189 275 1217 ἐκ
289 1190 346 1218 τοῦ
356 1191 428 1219 [trav
441 1190 493 1254 r1175
506 1192 581 1226 πρὸς
598 1191 769 1226 Νίκανδρον
784 1193 848 1220 ἐπι-

390 1234 446 1253 am
468 1237 515 1254 nc.

390 1234 515 1260 στολης.

96 1271 163 1297 οὐδὲ
186 1271 242 1305 γὰρ
272 1271 322 1306 τὴν
350 1270 426 1297 θείαν
456 1272 538 1306 φύσιν
564 1272 612 1299 καὶ
638 1271 768 1299 ἁκτιστον
784 1272 849 1299 ἁνύ-

54 1318 183 1352 παρκτόν
207 1326 237 1344 τε
264 1319 310 1344 καὶ
334 1317 466 1352 ἀθέλητον
489 1318 702 1354 ἢάνενέργητον
725 1318 848 1354 καθορῶ-

56 1373 123 1401 μεν·
140 1363 201 1391 οὓτι
219 1363 273 1399 μὴν
301 1364 351 1399 τὴν
364 1364 476 1399 κτιστὴν
500 1364 561 1391 καθ’
577 1365 652 1400 ἡμᾶς
668 1366 716 1392 καὶ
742 1365 847 1401 ἀνθρω-

55 1412 142 1446 πίνην
157 1410 251 1438 οὐσίαν
268 1410 443 1446 ἀνύπαρκτόν
456 1419 486 1436 τε
501 1411 550 1437 καὶ
575 1410 707 1446 ἀθέλητον
733 1411 749 1446 ἢ
768 1412 846 1437 ἀνενα

54 1459 174 1493 έργητον
187 1456 416 1492 ὲπιγινώσκομεν.
426 1457 481 1484 Καὶ
490 1457 513 1483 εί
524 1457 660 1492 μηδεμίαν
668 1457 772 1483 τούτων
782 1457 845 1492 ἐρη-

56 1510 114 1540 μον
136 1502 307 1537 ἐπιστάμεθα
330 1501 450 1536 φυσικῆς
476 1501 633 1537 ὑπάρξεως,
656 1502 791 1537 θελήσεώς
818 1510 847 1528 τε

961 1499 1101 1528 voluntate
1137 1500 1195 1527 sive
1235 1500 1394 1535 operatione
1433 1505 1582 1529 carentem.

54 1547 110 1575 καὶ
123 1547 275 1582 ἐνεργείας,
286 1548 319 1575 ἐκ
334 1546 440 1574 τούτων
461 1547 499 1580 δὲ,
522 1547 600 1579 θείας
616 1547 723 1583 φύσεως
738 1547 787 1574 καὶ
800 1548 847 1574 dw-

55 1592 199 1628 θρωπίνης
217 1593 326 1627 φύσεως
346 1593 429 1628 λέγω,
443 1594 491 1621 καὶ
504 1594 533 1621 ὲν
546 1594 671 1628 ταύταις,
685 1595 732 1622 καὶ
744 1594 848 1621 τούτων

55 1638 209 1670 ὑπόστασις
232 1640 289 1665 ἐστι
306 1639 367 1666 κατ’
383 1639 513 1675 ἀλήθειαν
533 1640 547 1666 ὁ
569 1638 611 1672 εἷς
625 1641 673 1667 καὶ
691 1641 769 1676 μόνος
781 1641 848 1676 Χρι-

55 1683 122 1715 στὸς
133 1685 181 1710 καὶ
195 1684 268 1717 Υίδς,
288 1684 358 1723 πῶς,
383 1684 562 1720 εῑπερ⁹φύσει
586 1686 688 1723 κυρίως
709 1686 785 1719 Θεὸς,
801 1686 848 1714 καὶ

53 1729 141 1764 φύσει
157 1730 260 1765 κυρίως
281 1720 426 1766 ἄνθρωπος
440 1732 455 1758 ὁ
468 1731 560 1765 αὐτὸς,
572 1720 632 1767 οὐχί
655 1720 702 1759 καὶ
717 1732 788 1759 θεῖον
802 1732 848 1760 θέ-

51 1774 135 1809 λημα
159 1775 206 1802 καὶ
230 1776 374 1810 ἐνέργειαν
389 1776 470 1811 φύσει
490 1778 602 1813 κυρίως,
618 1778 666 1804 καὶ
680 1777 849 1814 ἀνθρώπινον

52 1821 175 1856 θέλημα,
189 1822 236 1848 καὶ
250 1821 390 1857 ἐνέργειαν
406 1822 485 1858 φύσει
500 1823 604 1859 κυρίως
616 1821 684 1858 εἶχε.
700 1823 848 1859 μηδετέρου

49 1865 162 1892 τούτων
180 1866 251 1894 κατὰ
270 1866 352 1900 φύσιν
369 1866 406 1894 ὥν
426 1867 548 1904 ἐλλιπὴς,
563 1867 597 1895 δι’
610 1864 648 1894 ὧν
672 1868 848 1904 ὲπαληθεύων

48 1912 114 1943 τοῖς
132 1912 277 1947 πράγμασι
292 1913 327 1939 τὰ
343 1912 472 1948 ὀνόματα,
488 1913 537 1941 καὶ
551 1913 657 1946 τούτοις
686 1912 766 1946 αὖθις
789 1915 849 1941 ἔπι-

47 1957 152 1992 κυρῶν
166 1958 200 1984 τὰ
211 1957 373 1993 πράγματα,
389 1959 531 1994 προδήλως
543 1959 558 1986 ὀ
572 1958 654 1991 αὐτὸς
674 1958 848 1994 ὲγνωρίζετο,

46 2003 90 2031 τά
112 2012 144 2030 τε
172 2003 232 2030 θεῖα
241 2004 289 2030 καὶ
304 2003 462 2039 ἀνθρώπινα
479 2004 602 2040 φυσικῶς
616 2004 686 2040 ἔχων
697 2005 745 2031 καὶ
760 2005 844 2032 θέλων

46 2050 102 2076 καὶ
117 2049 248 2085 ἐνεργῶν,
269 2051 325 2077 κὰκ
339 2050 435 2077 τούτου
455 2050 490 2077 τὰ
508 2051 537 2085 ἐξ
556 2048 603 2084 ὧν,
617 2053 665 2080 καὶ
689 2053 718 2080 ὲν
732 2051 783 2085 οἷς,
800 2053 848 2080 καὶ

46 2095 130 2130 ειπερ
158 2095 277 2130 ὑπῆρχε,
298 2095 513 2130 πιστευόμενος;
539 2096 626 2130 Ἐπεὶ,
655 2097 703 2124 τοῦ
732 2099 848 2133 φυσικοῦ

46 2140 210 2190 θελήματος
230 2140 277 2190 καί
370 2140 514 2190 ούσιώδους
528 2143 669 2178 ἐνεργείας
687 2144 849 2180 ἀναιρουμέ-
861 2163 882 2190 D

43 2196 119 2219 νων,
145 2187 196 2222 τῆς
212 2195 242 2214 τε
263 2187 338 2219 Θείας
358 2187 406 2214 καὶ
428 2188 602 2224 ἀνθρωπίνης
624 2189 729 2223 οὐσίας,
745 2191 790 2217 τοῦ
817 2192 849 2218 ἐκ

42 2233 160 2260 τούτων
176 2233 224 2260 καὶ
243 2233 346 2265 ταύτας
364 2234 441 2265 ὄντος
465 2235 511 2261 καὶ
535 2234 668 2267 σώζοντος
689 2236 761 2263 κατὰ
785 2236 848 2272 μίαν

42 2279 217 2311 ὑπόστασιν,
231 2279 289 2311 πῶς
305 2279 370 2311 Θεὸς
392 2280 409 2316 ἢ
434 2279 576 2316 ἄνθρωπος
604 2281 681 2308 ἔσται
697 2290 705 2314 ;
722 2283 769 2309 καὶ
790 2282 849 2314 πῶς

39 2323 145 2355 τοῦτο,
168 2323 185 2358 ἢ
212 2324 300 2350 ἐκεῖνο
321 2324 381 2350 κατ’
397 2324 490 2351 οὐσίαν
515 2325 646 2361 ὑπάρχων
663 2326 847 2362 δειχθήσεται,

43 2369 90 2405 μὴ
110 2368 207 2400 σώζων
222 2369 354 2405 ἑκατέρας
365 2369 473 2404 φύσεως
488 2370 639 2403 ἀνελλιπῶς
649 2371 699 2407 τὴν
716 2372 847 2408 ίδιότητα,

41 2416 148 2450 πάσης
177 2416 316 2451 ἁμαρτίας
336 2417 437 2452 χωρίς;
463 2416 500 2443 Τὸ
524 2417 577 2453 γὰρ
599 2417 654 2444 τῶν
675 2418 746 2446 κατὰ
768 2418 848 2454 φύσιν

40 2461 167 2496 ὲκστᾷν,
181 2462 233 2488 κᾶν
246 2462 296 2496 τῆς
307 2461 359 2493 ἔξω
373 2463 422 2497 τῆς
435 2462 530 2494 οὐσίας
541 2463 696 2498 γεγένηται,
712 2464 848 2500 μηδεμίαν

41 2507 176 2542 ὕπαρξιν
200 2507 276 2543 ἔχον·
300 2508 341 2534 ὅτι
369 2508 436 2544 μηδὲ
451 2509 559 2544 κίνησιν
576 2511 704 2545 φυσικήν.
723 2520 732 2536 ι
744 2510 781 2537 Τὸ
794 2511 848 2546 γὰρ

41 2552 195 2588 μηδεμίαν
212 2553 319 2588 κίνησιν
341 2553 412 2589 ἕχον,
426 2564 434 2580 ι
490 2563 573 2590 φησιν
594 2556 609 2581 ὁ
625 2555 785 2592 θεοφάντωρ
801 2556 848 2583 καὶ

41 2599 145 2634 μέγας
160 2598 239 2633 ἂγιος
253 2599 390 2631 Διονύσιος
401 2600 433 2633 ⁸⁵,
448 2610 457 2626 ι
470 2599 532 2626 οὕτε
547 2600 630 2634 ἔστιν,
652 2600 714 2628 οὔτε
723 2601 748 2628 τί
763 2602 846 2629 ἐστιν·

38 2643 115 2670 οὔτε
142 2643 201 2670 ἐστι
227 2652 269 2675 τις
290 2643 375 2670 αὐτοῦ
401 2644 539 2677 παντελῶς
556 2646 642 2677 θέσις.
664 2655 674 2673 ι
737 2646 787 2674 Διά
807 2656 847 2674 τοι

37 2689 136 2716 τοῦτο
159 2689 210 2721 τὰς
233 2689 354 2725 Χριστοῦ
374 2690 421 2717 τοῦ
443 2690 510 2717 Θεοῦ
534 2691 629 2725 φύσεις
649 2692 847 2727 ὁμολογοῦντας

37 2736 141 2771 ἡμᾶς,
157 2735 208 2771 τὴν
223 2735 299 2763 θείαν
317 2737 389 2772 φημὶ
406 2736 454 2764 καὶ
473 2737 523 2772 τὴν
541 2737 602 2764 καθ’
617 2739 692 2773 ἡμᾶς
712 2738 848 2774 ἀνθρωπί-

37 2790 112 2817 νην,
130 2781 202 2818 πρὸς
227 2782 339 2817 βεϐαίαν
361 2783 409 2818 τῆς
423 2792 451 2809 τε
467 2783 569 2810 τούτων
584 2784 729 2821 ὑπάρξεως
747 2786 848 2813 πίστω-

38 2837 105 2861 σιν,
125 2829 176 2855 καὶ
193 2828 244 2865 τῆς
257 2829 336 2865 ήμῶν
353 2829 417 2865 περὶ
435 2829 526 2859 αὐτῶν
548 2830 691 2866 ὁμολογίας
705 2831 846 2869 ἀλήθειαν,

1009 1194 1136 1229 Ejusdem
1153 1202 1186 1222 ea;
1201 1193 1312 1229 epistola
1337 1193 1373 1221 ad
1392 1191 1572 1221 Nicandrum.

933 1264 1028 1302 Neque
1064 1266 1184 1294 divinam
1221 1273 1249 1295 et
1288 1269 1437 1297 increatam
1475 1275 1600 1298 naturam
1630 1278 1686 1299 non

897 1319 961 1340 vere
1005 1313 1182 1341 exsistentem
1220 1315 1364 1349 videmus,
1408 1317 1612 1352 voluntatisque
1654 1325 1687 1345 ac

900 1359 1066 1395 operationis
1096 1368 1252 1396 expertem;
1291 1366 1320 1389 at
1350 1369 1440 1397 neque
1473 1371 1570 1392 rursus
1608 1371 1687 1391 crea-

900 1412 955 1434 tam
997 1407 1077 1435 uobis
1111 1407 1227 1434 similent
1261 1411 1343 1442 atque
1374 1407 1520 1436 humanam
1558 1409 1688 1437 substanr

899 1454 984 1486 tium,
1024 1454 1109 1488 ipsam
1148 1461 1201 1481 non
1237 1461 1301 1481 vere
1339 1455 1515 1482 exsistcntem
1549 1456 1688 1490 novimus,

1637 1501 1687 1529 Sin

899 1551 991 1575 autem
1035 1551 1162 1575 neutram
1205 1546 1284 1574 deﬁci
1322 1547 1426 1575 scimus
1465 1555 1528 1575 vera
1570 1547 1689 1576 naturali

895 1594 1055 1623 exsistentia
1067 1603 1099 1622 ac
1112 1595 1279 1628 substantia,
1300 1603 1409 1623 necnon
1421 1595 1563 1626 voluntate
1576 1602 1609 1622 ac
1622 1601 1688 1628 ope-

896 1641 1016 1673 ratione;
1039 1644 1120 1675 atque
1142 1647 1176 1667 cx
1195 1641 1239 1668 his
1263 1641 1367 1677 (divina
1387 1641 1494 1669 scilicet
1512 1640 1687 1675 humanaque

896 1687 1004 1721 natura)
1023 1689 1052 1713 et
1070 1685 1099 1713 in
1118 1686 1172 1718 his,
1189 1691 1271 1721 atque
1291 1686 1390 1713 harum
1408 1694 1475 1714 vere
1497 1694 1615 1721 persona
1633 1690 1686 1718 est,

897 1740 970 1759 unus
994 1739 1026 1759 ac
1049 1731 1125 1759 solus
1149 1731 1277 1759 Christus
1302 1737 1384 1767 atque
1406 1732 1507 1765 Filius;
1532 1731 1686 1767 quomodo,

895 1784 928 1804 ac
943 1784 1005 1804 cum
1021 1781 1120 1804 natura
1136 1777 1248 1812 proprie
1263 1777 1346 1809 Deus,
1359 1777 1489 1812 idemque
1507 1782 1605 1804 natura
1621 1785 1687 1812 pro—

895 1823 955 1857 prie
969 1823 1052 1850 bomo
1064 1827 1149 1854 esset,
1161 1830 1216 1849 non
1233 1822 1316 1849 etiam
1330 1821 1452 1849 divinam
1464 1826 1563 1849 natura
1575 1822 1687 1857 proprie

895 1868 1066 1895 voluntatem
1087 1871 1115 1895 et
1137 1867 1344 1902 operationem,
1362 1867 1566 1902 humanamque
1587 1871 1686 1894 natura

895 1913 1005 1948 proprie
1016 1913 1186 1941 voluntatem
1200 1917 1228 1941 et
1242 1913 1430 1948 operationem
1442 1912 1573 1946 habebat,
1585 1917 1686 1941 neutro

895 1959 995 1987 horum
1010 1963 1110 1988 natura
1126 1967 1240 1993 carens;
1257 1959 1369 1994 quibus,
1383 1959 1509 1987 iaciendo
1528 1963 1559 1986 ut
1574 1959 1687 1987 nomina

895 2005 980 2033 rebus
999 2013 1065 2033 vere
1085 2006 1280 2038 convenirent,
1294 2010 1377 2040 atque
1398 2005 1442 2032 his
1460 2012 1558 2032 rursus
1575 2004 1686 2033 easdem

895 2051 1056 2084 astruendo,
1073 2050 1219 2078 manifeste
1242 2051 1315 2078 idem
1337 2051 1406 2085 ipse,
1426 2058 1488 2078 cum
1511 2050 1605 2078 divina
1629 2054 1686 2077 tum

895 2096 1015 2124 humana
1031 2096 1197 2124 naturaliter
1212 2097 1333 2129 habens,
1346 2097 1498 2131 volensque
1518 2104 1551 2124 ac
1570 2104 1688 2131 operans

896 2141 1076 2174 noscebatur;
1094 2149 1126 2169 ac
1139 2142 1187 2177 qui
1204 2142 1279 2174 inde,
1294 2150 1336 2174 ea,
1350 2149 1383 2170 ex
1404 2142 1518 2177 quibus,
1533 2145 1561 2169 et
1578 2142 1605 2169 in
1622 2142 1686 2176 qui-

896 2187 958 2221 bus,
972 2192 1000 2215 et
1014 2195 1074 2222 quae
1090 2192 1159 2220 erat,
1174 2187 1348 2215 crederetur.
1363 2187 1487 2215 Naturali
1501 2187 1575 2215 enim
1588 2188 1688 2214 volun-

897 2237 951 2260 tatc
972 2240 1005 2260 ac
1023 2233 1164 2260 essentiali
1183 2233 1344 2268 operatione
1361 2233 1486 2266 sublatis,
1501 2234 1572 2269 ejus,
1587 2233 1636 2268 qui
1655 2241 1689 2261 ex

896 2279 950 2312 his,
963 2286 995 2306 ac
1009 2279 1050 2306 lite
1064 2284 1116 2311 est,
1129 2283 1277 2314 servatque
1292 2279 1321 2306 in
1336 2287 1391 2307 una
1407 2287 1536 2315 persona.
1550 2280 1688 2315 quomodo

896 2325 969 2353 Deus
980 2328 1008 2352 et
1019 2324 1102 2352 homo
1113 2324 1224 2352 futurus
1236 2325 1295 2352 est?
1306 2324 1345 2352 Ac
1356 2325 1495 2360 quomodo
1507 2325 1561 2352 hoc
1586 2325 1690 2353 illudve

897 2373 1082 2400 essentialiter
1102 2380 1164 2401 esse
1185 2371 1397 2404 monstrabitur,
1410 2371 1457 2407 qui
1478 2371 1623 2406 utriusque
1642 2379 1690 2398 na-

897 2421 966 2445 tura:
978 2418 1189 2453 proprietatem,
1202 2418 1307 2452 absque
1322 2417 1397 2445 omni
1410 2421 1533 2452 peccato,
1546 2417 1691 2444 indefecti-

896 2463 989 2490 bilitcr
1000 2471 1055 2490 non
1073 2463 1183 2491 servet?
1194 2463 1273 2496 Quod
1286 2463 1360 2491 enim
1374 2463 1494 2491 excessit
1506 2463 1540 2490 iis
1552 2471 1612 2498 qua:
1625 2467 1690 2490 sunt

897 2517 932 2537 ex
952 2513 1062 2541 natura,
1078 2509 1113 2537 ab
1134 2509 1193 2545 ipsa
1211 2517 1322 2545 quoque
1344 2509 1476 2542 essentia,
1491 2510 1595 2536 nullam
1615 2509 1689 2536 exsi—

896 2554 1024 2582 stentiam
1044 2554 1150 2581 habens
1166 2561 1198 2581 ac
1215 2553 1396 2581 substantiam
1416 2553 1505 2589 (quod
1522 2561 1611 2588 neque
1628 2561 1688 2580 mo-

897 2599 966 2634 tum)
982 2603 1128 2627 extraneus
1140 2599 1229 2626 factus
1243 2603 1295 2627 est.
1310 2599 1378 2626 Nam
1392 2603 1423 2626 ut
1436 2599 1524 2626 divini
1538 2599 1686 2634 magnique

897 2645 1019 2673 doctoris
1035 2645 1108 2672 beatt
1127 2645 1248 2681 Dionysii
1264 2645 1401 2672 sententia
1417 2649 1460 2672 est
1475 2654 1481 2672 :
1501 2654 1510 2670 (
1527 2644 1605 2678 Quod
1623 2644 1685 2671 nul‘

898 2691 953 2718 lum
966 2691 1049 2718 habet
1062 2694 1177 2722 motum,
1189 2698 1278 2725 neque
1289 2695 1342 2722 est,
1352 2698 1442 2725 neque
1456 2689 1560 2725 aliquid
1573 2695 1625 2722 est,
1637 2697 1688 2717 nec

899 2737 953 2764 ulla
968 2744 1084 2772 prorsus
1096 2736 1156 2772 ejus
1168 2735 1313 2764 alﬁrmatio
1326 2741 1377 2764 est.
1393 2745 1402 2761 ι
1418 2735 1512 2771 igitur,
1525 2735 1571 2770 qui
1585 2735 1688 2763 Christi

899 2783 946 2810 Dei
964 2787 1077 2810 naturas
1094 2783 1163 2818 (tum
1181 2782 1287 2809 scilicet
1302 2782 1437 2814 divinam,
1452 2785 1509 2808 tum
1525 2788 1585 2815 quae
1601 2779 1688 2808 nostri

899 2829 998 2856 similis
1012 2832 1064 2862 est,
1077 2828 1237 2863 humanam)
1254 2827 1444 2861 conﬁteantur,
1459 2826 1493 2855 ad
1507 2834 1601 2855 carum
1614 2825 1688 2854 exsi-
