1874 3076
47 120 122 153 lii'l

513 123 701 155 PANOPLH
719 122 948 154 DOGMATiCA.
966 135 1001 140 —
1015 123 1088 154 Tl'l'.
1106 124 1184 155 Χλῐ.

1608 127 1679 161 1118

38 192 107 218 κατ’
127 191 235 224 αὐτοὺς,
257 192 306 219 καὶ
326 191 467 225 οὐσιώδεις
485 193 637 228 ἐνεργείας,
655 194 702 220 ἐπὶ
726 194 773 221 τοῦ
788 196 839 222 αὐ-

930 204 958 225 ns
973 196 1115 224 naturales
1126 196 1292 230 voluntates,
1306 204 1341 224 ex
1354 204 1452 225 eorum
1467 200 1559 224 mente
1571 203 1602 224 ac
1613 205 1678 224 sen-

38 238 92 264 τοῦ
109 239 157 265 καὶ
171 239 230 270 ἑνὸς
243 238 395 274 ὁμολογεῖν.
412 239 444 265 Εἰ
460 239 515 275 γὰρ
527 239 557 266 ἓν
570 239 614 266 ἐπ’
632 240 714 267 αὐτοῦ
733 240 840 277 θέλημα

39 284 94 310 καὶ
107 284 174 320 μίαν
193 284 336 320 ἐνέργειαν
355 284 493 321 εἴποιμεν,
505 285 627 321 ἢτοῦτον
639 287 690 314 οὐκ
708 287 772 315 ὄντα
787 288 839 323 φύ-

40 338 88 356 σει
105 330 152 356 καὶ
164 330 320 366 ἄνθρωπον,
331 330 400 359 ἀλλὰ
418 331 499 366 μόνον
517 331 602 358 Θεόν·
619 332 637 368 ἢ
658 332 740 367 φύσει
757 332 839 368 μόνον

38 376 202 412 ἄνθρωπον,
220 377 269 403 καὶ
281 377 312 404 οὺ
327 377 394 404 Θεόν
406 386 413 393 ·
435 377 452 413 ἢ
468 377 529 404 οὔτε
543 378 687 414 ἄνθρωπον
698 378 760 406 οὔτε
773 379 840 406 Θεὸν

39 423 144 458 σαφῶς
161 423 373 459 δογματίσομεν.
388 421 461 456 Οἶον,
477 425 502 451 εί
519 425 570 459 μὲν
586 425 699 459 φυσικὸν
711 425 743 452 τὸ
761 425 840 460 θέλη-

41 476 87 502 μα
101 467 183 503 τυχὸν
205 469 340 504 εἴποιμεν,
365 468 381 503 ἢ
405 468 477 495 θεῖον
497 469 617 503 πάντως,
633 470 649 505 ἤ
669 470 840 506 ἀνθρώπινον

42 513 130 541 τοῦτό
150 515 218 540 ἐστι·
235 514 282 541 καὶ
301 515 326 541 ιι
350 514 432 547 θετον,
449 514 484 541 τὰ
496 514 556 542 θεῖα
579 516 639 542 κατ’
651 515 718 542 αὐτὸ
732 515 841 551 θελήσει

41 559 173 593 φυσικῶς
194 560 209 586 ὁ
228 559 314 593 Λόγος
326 568 334 576 ·
354 559 422 587 Θεὸν
442 560 522 594 φύσει
543 561 625 596 μόνον
646 561 694 588 καὶ
709 561 840 597 συνθελη-

40 605 98 641 τὴν
122 604 162 640 τῷ
183 605 242 640 ἰδίῳ
258 605 402 641 γεννήτορι
425 606 532 638 δεικνὺς
546 607 654 640 ἑαυτὸν,
672 608 720 635 καὶ
732 608 782 636 οὐκ
795 609 840 635 ἄν·

41 651 159 686 ορωπον
169 659 176 667 ·
194 651 225 678 οὐ
247 651 301 687 γὰρ
318 652 425 686 πέφυκε
436 651 481 679 διὰ
491 652 538 680 τοῦ
551 653 631 687 φύσει
647 653 730 686 θείου,
745 654 775 681 τὸ
788 654 839 680 ἀν-

41 697 187 732 Θρώπινον
207 697 287 732 φύσει
311 697 585 734 χαρακτηρίζεσθαι·
604 698 699 735 ὥσπερ
721 700 782 727 οὐδὲ
796 700 840 727 διὰ

40 744 96 770 τοῦ
116 743 177 769 κατ’
199 743 296 770 οὐσίαν
318 743 504 780 ἀνθρωπίνου,
521 744 552 771 τὸ
573 745 634 772 κατ’
653 745 746 772 οὐσίαν
769 745 841 773 Θεῖον

41 788 245 824 γνωρίζεσθαι.
257 788 344 815 Τοῦτο
359 789 401 821 δὲ,
415 789 463 816 καὶ
478 790 503 816 εί
517 789 687 826 ἀνθρώπινον
700 791 797 826 φῶμεν
810 791 842 819 τὸ

45 834 159 870 θέλημα
184 835 277 869 φύσει,
304 834 376 862 κατὰ
396 834 428 861 τὸ
446 835 595 863 ἀκόλουθον
628 837 840 872 συναχθήσεται.

43 879 82 905 Εἰ
100 878 130 905 δὲ
150 878 342 911 ὑποστατικὸν,
364 879 415 914 τῆς
436 879 520 907 αὐτοῦ
548 881 633 917 μόνης
665 881 841 916 ὑποστάσεως

44 923 130 950 ἔσται
157 925 423 960 χαρακτηριστιχῶ·
448 925 497 952 καὶ
520 925 613 953 οὔποτ’
641 926 675 954 ἃν
694 928 755 955 κατ’
776 928 843 956 αὐτὸ

45 970 207 1007 κοινωνήσῃ
232 970 322 1006 Πατρὶ
344 970 393 998 καὶ
416 970 498 1006 ήμίν·
516 972 571 999 τῶν
588 972 643 1008 γὰρ
664 973 757 1010 ἄκρων
773 975 842 1002 ὑπο-

46 1017 148 1043 στάσει
176 1016 365 1044 διαστέλλεται
388 1018 435 1044 καὶ
460 1018 619 1054 χωρίζεται.
647 1019 688 1048 Τὰ
709 1011 786 1049 ἀὐτὰ
811 1021 841 1049 δὲ

44 1063 134 1091 πάλιν
148 1062 270 1097 καὶπερὶ
288 1063 435 1098 ἐνεργειῶν
450 1063 523 1091 ἐστιν
540 1066 638 1094 εἰπεῖν,

45 1115 117 1135 cum
137 1107 288 1142 quidquam
314 1107 543 1136 communicabit.
565 1109 688 1137 Persona
711 1109 786 1138 enim
810 1109 845 1138 ab

44 1153 86 1181 de
101 1153 310 1188 operationibus
321 1153 439 1182 dicenda
451 1158 527 1182 sunt.

96 1203 166 1230 Ἀλλ’
180 1203 212 1230 οὐ
226 1201 272 1230 διὰ
282 1201 374 1235 τοῦτο,
391 1201 429 1238 μὴ
443 1201 562 1236 γένοιτο,
575 1200 626 1233 τὰς
639 1200 693 1230 τῶν
704 1201 844 1237 θεοφόρων

44 1249 186 1284 Πατέρων
203 1248 269 1284 περὶ¹
286 1247 390 1281 αὐτῶν,
414 1248 488 1284 φημὶ
505 1247 561 1274 τῶν
585 1247 742 1283 ἐνεργειῶν,
763 1256 846 1284 μονα-

44 1296 131 1327 διιὰς
145 1294 345 1331 ἐξαρνούμεθα,
359 1295 410 1331 τήν
426 1302 456 1321 τε
473 1293 522 1322 τοῦ
537 1294 680 1329 λεχθέντος
695 1294 845 1329 θεοφάντο-

51 1350 103 1377 ρος
129 1340 211 1375 ἁγίου
237 1341 376 1368 Διονυσίου
433 1349 443 1367 ι
465 1339 633 1376 Θεανδρικὴν
665 1339 818 1376 ἐνέργειαν,
833 1349 844 1367 ι

47 1386 102 1413 καὶ
123 1385 173 1420 τὴν
196 1385 333 1420 Κυρίλλου
359 1384 407 1412 τοῦ
432 1384 517 1420 σοφοῦ
542 1394 551 1412 ι
565 1385 631 1421 μίαν
655 1393 686 1412 τε
710 1385 759 1413 καὶ
781 1393 848 1420 συγ-

49 1431 125 1467 γενῆ
147 1432 182 1458 δι’
196 1432 298 1466 ἀμφοῖν
321 1431 546 1467 ἐπιδεδειγμένην
563 1431 715 1467 ἐνέργειαν.
734 1440 744 1457 ι
760 1429 848 1460 Δῦται

53 1477 109 1513 μὲν
125 1477 178 1513 γὰρ
193 1477 238 1504 διὰ
249 1476 298 1512 τὴν
313 1477 421 1509 ἐνωσιν,
435 1477 483 1504 καὶ
501 1476 551 1513 τὴν
572 1476 642 1512 πρὸς
665 1476 783 1512 ἀλλήλας
805 1477 847 1505 δι-

887 243 984 276 tentia,
997 242 1212 278 essentialesque
1227 243 1402 278 operationes
1418 243 1447 270 in
1458 251 1513 271 uno
1526 243 1680 278 eodemque

888 288 1070 317 conﬁteamur
1089 296 1123 316 ac
1143 288 1331 317 admittamus.
1350 290 1435 323 Nam,
1451 290 1474 316 si
1497 298 1580 316 unam
1601 291 1629 317 in
1647 297 1681 317 eo

887 336 1059 363 voluntatem
1151 343 1290 370 unamque
1312 336 1498 370 operationem
1520 335 1680 370 dixerimus,

888 386 938 409 aut
957 389 1023 409 eum
1046 389 1103 409 non
1126 381 1211 409 etiam
1233 386 1329 409 natura
1350 381 1506 414 hominem,
1524 382 1572 409 sed
1594 383 1683 410 solum

889 428 988 461 Deum,
1001 432 1050 456 aut
1064 433 1162 455 natura
1178 433 1284 456 tantum
1301 428 1452 460 hominem,
1467 433 1494 456 et
1509 436 1564 456 non
1578 429 1681 462 Deum;

889 477 938 500 aut
963 481 1054 508 neque
1081 473 1240 506 hominem,
1266 481 1356 509 neque
1380 474 1468 501 Deum
1493 482 1570 507 esse,
1593 475 1683 509 palam

889 519 1092 555 proﬁtebimur.
1111 519 1191 551 Puta,
1208 519 1231 547 si
1250 520 1405 547 naturalem
1423 520 1495 547 forte
1513 521 1682 548 voluntatem

890 565 1052 599 dixerimus,
1062 565 1120 593 haec
1134 570 1181 592 aut
1193 565 1287 593 divina
1303 573 1417 600 prorsus
1429 570 1481 598 est,
1492 571 1540 593 aut
1552 566 1682 594 humana.

890 611 919 639 Si
931 611 1034 644 divina,
1044 618 1077 638 ea
1087 611 1207 639 Verbum
1223 616 1322 638 natura
1334 612 1408 639 volet
1419 620 1481 646 quae
1497 616 1562 639 sunt
1574 612 1682 644 divina;

889 664 920 685 se
942 661 1043 684 natura
1070 657 1176 690 Deum,
1201 657 1354 692 eademque
1379 665 1410 685 ac
1433 658 1514 685 Pater
1537 658 1682 693 praeditum

889 703 1041 736 voluntate,
1054 702 1228 730 solummodo
1241 702 1406 736 ostendens;
1422 711 1477 730 non
1491 707 1583 731 autem
1596 704 1686 731 homi-

890 755 964 774 nem.
978 746 1038 774 Non
1057 747 1131 774 enim
1147 754 1190 774 res
1206 747 1321 781 patitur,
1336 751 1367 773 ut
1382 746 1455 781 quod
1473 752 1571 774 natura
1586 746 1684 774 huma-

890 800 956 819 num
972 796 1025 824 est,
1039 795 1105 819 nota
1121 792 1157 819 sit
1170 799 1202 819 ac
1220 791 1327 827 insigne
1350 792 1412 827 ejus
1436 791 1510 826 quod
1528 796 1570 819 est
1586 796 1685 819 natura

890 837 1031 865 divinum:
1054 837 1094 865 uti
1114 845 1214 872 neque,
1230 841 1261 864 ut
1280 837 1353 872 quod
1373 836 1498 864 divinum
1519 840 1572 869 est,
1588 844 1638 871 per
1658 836 1685 864 id

890 882 965 917 quod
984 886 1028 910 est
1046 882 1232 910 essentialiter
1250 882 1402 909 humanum
1421 887 1612 918 cognoscatur.
1629 882 1686 910 Hoc

889 935 957 956 vero
971 929 1061 963 ipsum
1073 933 1276 964 consequenter
1287 928 1344 961 ﬁat,
1354 928 1377 955 si
1390 931 1419 956 et
1428 932 1525 955 natura
1536 928 1684 956 humanam

891 976 1060 1003 voluntatem
1073 975 1234 1003 dixerimus.
1247 974 1296 1003 Sin
1312 979 1407 1002 autem
1421 975 1594 1010 personalem
1607 975 1685 1003 dica-

891 1028 969 1054 mus;
994 1022 1055 1057 ejus
1074 1021 1208 1049 duntaxat
1232 1027 1358 1056 personat
1380 1024 1446 1048 nota
1471 1024 1555 1056 atque
1579 1021 1686 1057 insigne

891 1067 961 1100 erit;
982 1075 1034 1095 nec
1051 1067 1205 1094 secundum
1223 1074 1285 1094 eam
1305 1074 1369 1094 cum
1390 1067 1471 1095 Patre
1490 1072 1573 1102 atque
1593 1068 1688 1095 nobis-

863 1110 994 1138 extremis
1024 1110 1193 1139 discernitur
1207 1118 1240 1138 ac
1253 1111 1417 1147 sejungitur.
1447 1111 1514 1145 Quae
1529 1111 1588 1148 ipsa
1604 1112 1689 1140 etiam

927 1204 962 1232 At
974 1211 1030 1232 non
1043 1208 1191 1239 propterea
1206 1202 1313 1238 (apage)
1327 1202 1487 1230 divinorum
1501 1202 1614 1230 Patrum
1628 1202 1687 1229 sin-

893 1251 1004 1285 gulares
1021 1249 1056 1278 de
1072 1250 1117 1277 his
1130 1257 1214 1277 voces
1231 1249 1270 1284 (id
1288 1253 1340 1281 est,
1352 1247 1571 1283 operationibus)
1588 1255 1688 1283 nempe

893 1304 980 1324 unum
1000 1296 1068 1332 quid
1088 1295 1275 1331 signiﬁcantes
1294 1294 1486 1330 repudiamus;
1509 1299 1568 1322 tum
1588 1300 1688 1328 nempe

892 1341 964 1376 ejus,
977 1342 1057 1377 cujus
1069 1340 1141 1368 facta
1154 1340 1259 1368 mentio
1272 1344 1325 1371 est,
1338 1339 1426 1366 divini
1441 1339 1600 1374 interpretis
1614 1339 1688 1366 beati

892 1388 1015 1423 Dionysii
1036 1397 1045 1412 ι
1063 1386 1222 1414 Deivirilem
1237 1386 1439 1421 operationem,
1459 1395 1469 1411 ι
1498 1389 1556 1412 tum
1574 1385 1685 1420 sapien-

892 1432 992 1461 tissimi
1013 1431 1125 1468 Cyrilli,
1150 1441 1159 1457 ι
1188 1431 1275 1460 Unam
1300 1435 1384 1466 atque
1408 1430 1516 1458 aﬂinem
1541 1430 1686 1464 utriusque

892 1486 1008 1506 munere
1024 1478 1126 1506 editam
1143 1477 1343 1512 operationem.
1362 1486 1371 1502 ι
1394 1476 1449 1504 llas
1467 1476 1542 1504 enim
1562 1475 1600 1502 illi
1620 1483 1686 1510 pro-

51 1524 121 1552 ὀλου
141 1524 197 1552 τῶν
221 1524 346 1559 φυσικῶν
375 1523 524 1560 ἐνεργειῶν
553 1525 701 1560 συμφυΐαν,
726 1524 845 1556 εὐσεϐῶς

930 1533 954 1553 ar
966 1525 1109 1556 unionem,
1124 1523 1348 1558 naturaliumque
1364 1523 1555 1558 operationum
1572 1522 1643 1549 inter
1658 1529 1688 1549 se

54 1571 152 1602 αὐτοῖς
172 1569 366 1606 ἐκηρύχθησαν
376 1578 383 1586 ·
397 1569 493 1605 ὥσπερ
508 1569 557 1597 καὶ
578 1571 606 1597 αι
622 1569 724 1602 δυῖκαὶ,
741 1570 786 1597 διὰ
798 1569 845 1605 τὴν

930 1577 1008 1598 orsus
1026 1569 1105 1605 quasi
1127 1575 1227 1597 natura
1248 1574 1403 1597 consertam
1425 1568 1625 1599 cohaesioncm,
1643 1567 1688 1602 pie

54 1615 175 1652 οὒσιώδη
213 1617 262 1643 καὶ
296 1615 415 1652 φυσικὴν
452 1616 555 1643 τούτων
584 1615 728 1652 διαφοράν.
747 1616 780 1642 Ἠ
794 1615 845 1651 γὰρ

930 1615 1098 1648 ndicarunt;
1123 1615 1163 1642 uti
1190 1619 1218 1642 et
1243 1614 1368 1650 duplices
1395 1613 1472 1649 (qua:
1502 1613 1607 1640 scilicet
1633 1613 1688 1640 duo

57 1660 226 1696 Θεανδρικὴ
248 1662 297 1697 τῆς
317 1661 393 1693 θείας
414 1661 483 1696 ὁμοῦ
500 1661 548 1688 καὶ
560 1661 691 1697 ἀνδρικῆς
703 1661 845 1696 ἐνεργείας

930 1661 1067 1697 ιηὶίίεθηι)
1096 1661 1132 1689 ob
1158 1661 1333 1689 cssentialem
1360 1668 1392 1687 ac
1417 1659 1569 1687 naturalem
1594 1666 1688 1686 earum

56 1707 182 1743 ὑπάρχει
207 1707 367 1744 περίληψις.
391 1707 569 1742 Κατάλληλον
593 1707 648 1743 γὰρ
663 1707 845 1739 ὀδιδάσκαλος

930 1709 1111 1737 ιιὶησιὶοηεω.
1138 1708 1197 1735 Vox
1218 1709 1293 1736 enim
1313 1707 1446 1734 Deivirilis
1465 1707 1585 1734 divinam
1606 1706 1688 1733 simul

53 1756 206 1791 ἐπινοήσας
219 1755 323 1790 φωνὴν,
348 1753 542 1790 ἐκατέραν,ὼς
560 1753 640 1789 ἔφην,
666 1755 699 1789 τῇ
723 1754 845 1789 προφορᾷ

930 1761 1098 1789 manumque
1130 1754 1319 1788 operationem
1349 1752 1553 1787 complectitur.
1580 1751 1688 1779 Conve-

56 1800 317 1836 συλλαμϐάνουσαν,
331 1800 380 1827 καὶ
398 1799 501 1835 ταύτην
514 1799 664 1835 μοναδικῶς
676 1800 845 1834 ἐκφωνήσας,

930 1804 1018 1827 entem
1046 1799 1122 1826 enim
1153 1799 1251 1826 doctor
1281 1802 1455 1825 commentus
1484 1805 1597 1829 vocem,
1627 1804 1689 1831 quae

53 1847 110 1882 τὴν
126 1846 234 1882 διπλῆν,
252 1847 301 1873 τοῦ
315 1846 410 1873 διπλοῦ
426 1846 476 1881 τὴν
492 1845 585 1882 φύσιν,
599 1845 743 1881 ἐνέργειαν
769 1853 849 1880 περι-

55 1901 76 1927 φ
81 1891 225 1928 ραστικῶς
250 1891 455 1928 παρεδήλωσεν.

90 2032 150 2060 Καὶ
162 2033 179 2068 ἡ
191 2031 326 2068 Κυρίλλου
341 2030 370 2057 δὲ
387 2031 434 2058 τοῦ
450 2029 535 2065 σοφοῦ
560 2038 570 2056 ι
588 2029 638 2064 μία
661 2037 692 2056 τε
713 2030 762 2056 καὶ
779 2037 847 2064 συγ-

50 2078 139 2115 γενὴς
159 2078 193 2105 δι’
207 2078 309 2113 ἀμφοῖν
326 2076 534 2112 ἐπιδεδειγμένη
553 2075 690 2110 ἐνέργεια,
701 2085 713 2101 ι
730 2075 780 2111 τῆς
798 2073 847 2102 τοῦ

52 2125 176 2161 μεγάλου
190 2124 287 2151 τούτου
300 2123 407 2158 Πατρὸς
422 2121 556 2158 μεγίστης
567 2121 660 2156 ἔχεται
721 2121 847 2152 διανοίας.

49 2171 112 2205 Τὴν
129 2170 183 2206 γὰρ
208 2168 268 2196 τῶν
285 2168 410 2204 φυσικῶν
436 2166 582 2202 ἐνεργειῶν
594 2166 696 2198 καύτὸς
711 2166 848 2202 συμφυΐαν

49 2215 104 2242 καὶ
125 2214 223 2241 ἐνωσιν
238 2214 272 2241 δι’
292 2213 377 2249 αὐτῆς
400 2211 566 2239 ὲκπαιδεύει.
585 2211 675 2239 Θέλων
696 2211 751 2247 γὰρ
765 2211 849 2243 δεῖξαι

50 2260 104 2288 καὶ
118 2260 133 2286 ὁ
147 2259 326 2295 πανεύφημος
350 2254 428 2289 οὗτος
450 2257 532 2293 ἀνὴρ,
548 2257 587 2289 ὡς
601 2257 619 2292 ἦ
636 2265 666 2283 τε
685 2256 754 2292 σὰρξ
772 2256 849 2288 Θεὸς,

49 2305 106 2333 καὶ
125 2306 142 2341 ή
163 2305 224 2332 κατ’
242 2304 328 2340 αὐτὴν
342 2303 475 2339 οὑσιώδης
495 2303 631 2338 ἐνέργεια,
645 2302 705 2328 θεία
727 2303 761 2337 τῇ
780 2301 850 2337 πρὸς

50 2353 88 2387 τῇ
108 2351 189 2386 φύσει
209 2350 276 2377 Θεὸν
299 2349 387 2384 Λόγον
406 2348 502 2376 ἐνώσει
526 2348 674 2383 γεγένηται
712 2367 720 2380 ,
745 2348 793 2374 καὶ
816 2347 850 2373 τὰ

50 2396 130 2432 ὑπὲρ
145 2396 289 2432 ἄνθρωπον
306 2396 427 2431 ἐνήργει,
441 2395 479 2431 μὴ
503 2395 626 2421 ἐκστᾶσα
645 2392 751 2426 τούτου,
765 2390 850 2428 οὗπερ

47 2441 90 2478 ἦν
107 2442 178 2468 κατὰ
199 2441 281 2476 φύσιν
293 2449 300 2457 ο
316 2441 412 2477 ὥσπερ
433 2438 479 2468 οὖν
503 2441 552 2468 καὶ
574 2440 656 2472 αὐτὸς
671 2441 686 2466 ὁ
703 2439 790 2474 Λόγος
814 2441 848 2474 τῇ

46 2486 160 2522 ταύτης
176 2487 328 2522 προσλήψει
338 2486 372 2513 δι’
386 2487 460 2522 ἡμᾶς
474 2485 607 2517 ἑκουσίως
618 2485 732 2519 γέγονεν
742 2484 849 2519 ἂνθρω-

47 2541 119 2566 πος,
137 2532 173 2559 τὰ
193 2532 266 2559 κατὰ
284 2532 430 2567 ἄνθρωπον
451 2531 587 2567 ἐνεργῶν·
602 2531 704 2566 καίπερ
719 2530 850 2566 ὑπάρχων

49 2578 139 2615 φύσει
149 2577 226 2610 Θεὸς,
242 2577 398 2613 διαγορεύει
415 2576 519 2610 τοῦτον,
540 2577 577 2612 μὴ
589 2575 750 2611 παντουργῷ
763 2583 849 2610 προσ-

49 2624 179 2659 τάγματι
199 2623 281 2658 μόνον
304 2622 398 2651 ἰᾶσθαι
418 2623 466 2649 καὶ
489 2622 645 2654 ζωοποιεῖν,
667 2621 705 2653 ὡς
730 2621 767 2657 μὴ
783 2621 850 2648 Θεὸν

50 2671 124 2698 ὄντα
142 2670 262 2705 γυμνόψ
287 2669 357 2697 ἀλλὰ
382 2669 544 2704 συνεργάτιν
565 2667 662 2704 ὥσπερ
679 2668 752 2702 τινὰ,
781 2669 851 2704 πρὸς

51 2715 138 2744 τοῦτο
155 2716 188 2751 δὴ
210 2715 340 2752 μάλιστα,
361 2715 412 2750 τὴν
431 2715 513 2750 ἁγίαν
535 2714 620 2741 αὑτοῦ
635 2715 723 2750 σὰρκα
743 2714 851 2749 λαμῦά-

52 2770 115 2789 νειν
138 2761 298 2796 ἐπείγεσθαι
311 2769 318 2777 °
335 2762 382 2788 καὶ
403 2760 546 2793 ζωοποιεῖν
562 2760 610 2787 καὶ
631 2759 794 2796 θεραπεύειν
816 2760 850 2787 δι’

55 2808 145 2843 αὐτῆς
157 2808 204 2835 καὶ
218 2808 268 2842 τῆς
282 2807 343 2835 κατ’
358 2807 442 2842 αὐτὴν
454 2806 526 2842 ἁφῆς
545 2807 593 2833 καὶ
605 2806 698 2841 φωνῆς
707 2814 713 2821 ·
730 2806 774 2833 ἵνα
785 2805 851 2833 ταύ-

55 2863 109 2889 την
125 2853 237 2890 δεικνύῃ
253 2852 397 2886 ζωοποιεῖν
421 2853 586 2888 δυναμένην,
605 2852 649 2880 διὰ
667 2852 697 2879 τὸ
715 2852 782 2887 πρὸς
799 2852 848 2880 αὺ-

894 1850 1041 1879 utramque
1063 1844 1270 1879 operationem,
1288 1843 1328 1870 uti
1354 1843 1494 1876 dicebam,
1512 1843 1689 1878 singulariter

895 1891 1000 1926 prolata
1030 1890 1278 1924 complecteretur,
1307 1889 1445 1924 duplicem
1477 1888 1687 1924 operationem,

895 1936 956 1970 ejus
970 1935 1018 1970 qui
1031 1935 1134 1970 duplex
1148 1938 1247 1962 natura
1262 1934 1310 1967 sit,
1322 1933 1568 1962 circumlocutione
1581 1933 1688 1970 signiﬁ-

895 1984 978 2007 ωνιι.

934 2025 989 2053 Sed
1004 2029 1033 2053 et
1047 2025 1095 2053 illa
1110 2025 1308 2060 sapientissimi
1323 2024 1417 2061 Cyrilli
1433 2033 1441 2052 :
1461 2033 1470 2050 ι
1485 2024 1546 2053 Una
1561 2029 1590 2052 et
1602 2024 1690 2053 aﬂinis

898 2072 1045 2107 utriusque
1070 2079 1186 2099 munere
1207 2072 1282 2100 edita
1304 2072 1443 2107 operatio,
1463 2081 1474 2097 ι
1498 2072 1588 2107 magni
1608 2072 1690 2108 hujus

898 2118 988 2147 Patris
1001 2117 1127 2145 maximae
1140 2117 1328 2152 intelligentia:
1340 2118 1466 2152 proxima
1481 2122 1533 2145 est.
1547 2117 1614 2144 Nam
1632 2117 1691 2153 ipse

899 2172 1009 2199 quoque
1033 2171 1168 2192 summam
1188 2163 1335 2199 quamdam
1359 2164 1528 2191 naturalium
1550 2163 1690 2198 operatio-

898 2218 976 2243 num,
991 2210 1173 2238 cohaesionem
1187 2217 1218 2237 ac
1232 2209 1361 2236 unionem
1374 2217 1422 2244 per
1434 2209 1508 2236 illam
1520 2209 1610 2236 docet.
1622 2208 1690 2236 Cum

899 2256 974 2283 enim
988 2255 1071 2283 etiam
1085 2255 1146 2282 viro
1162 2255 1228 2282 huic
1240 2255 1394 2282 clarissimo
1408 2255 1589 2283 constitutum
1607 2261 1690 2288 esset,

900 2306 932 2329 ut
953 2301 1112 2329 ostenderet
1133 2309 1245 2328 carnem
1268 2301 1364 2333 Deum,
1382 2301 1498 2336 ejusque
1517 2301 1691 2329 essentialem

901 2348 1101 2383 operationem,
1115 2347 1218 2374 unione
1236 2355 1298 2374 cum
1315 2347 1407 2375 Verbo
1422 2352 1520 2374 natura
1538 2347 1604 2381 Deo,
1619 2347 1690 2375 divi-

901 2401 966 2420 nam
988 2393 1088 2420 factam
1111 2401 1188 2426 esse,
1211 2393 1370 2428 majoraque
1394 2401 1477 2428 quam
1500 2401 1549 2428 pro
1572 2393 1692 2421 hominis

901 2439 1008 2466 ratione
1019 2446 1080 2466 esse
1093 2443 1247 2473 operatam,
1258 2446 1322 2466 cum
1336 2438 1370 2465 ab
1381 2446 1415 2466 eo
1427 2438 1502 2473 quod
1512 2444 1573 2466 erat
1583 2443 1691 2471 natura,

899 2485 1014 2512 minime
1036 2484 1213 2517 excessisset,
1234 2485 1274 2512 uti
1294 2484 1379 2512 etiam
1396 2484 1488 2519 ipsum
1506 2484 1643 2516 Verbum,
1660 2492 1690 2512 ca

899 2535 1014 2566 propter
1037 2538 1089 2558 nos
1111 2535 1209 2565 sponte
1230 2534 1387 2565 assumpta,
1404 2530 1487 2557 homo
1508 2529 1610 2557 factum
1633 2533 1690 2561 est,

900 2576 1021 2604 humana
1047 2583 1182 2610 operans,
1208 2583 1368 2610 quanquam
1393 2579 1454 2602 erat
1478 2575 1550 2602 Deus
1576 2579 1690 2606 natura;

901 2623 990 2658 ipsum
1016 2623 1112 2656 docet,
1133 2623 1237 2650 nedum
1259 2622 1384 2657 jussione
1406 2622 1530 2650 omnium
1553 2621 1690 2649 eﬂ‘ectricr

900 2677 998 2697 curare
1019 2677 1052 2697 ae
1071 2669 1156 2696 vitam
1181 2668 1320 2700 tribucre;
1344 2671 1374 2695 ut
1394 2668 1442 2703 qui
1465 2675 1520 2694 non
1543 2667 1580 2695 sit
1601 2667 1693 2695 nudus

901 2715 986 2748 Deus,
998 2715 1047 2743 sed
1061 2715 1137 2743 velut
1148 2714 1240 2750 operis
1254 2713 1368 2746 50ciam,
1381 2713 1415 2740 ad
1430 2714 1482 2741 hoc
1495 2713 1613 2740 maxime
1627 2721 1692 2740 san~

902 2766 976 2789 ctam
994 2769 1105 2788 carnem
1122 2768 1201 2788 suam
1219 2760 1316 2788 scdulo
1333 2760 1480 2792 adhibere;
1500 2767 1603 2794 perque
1619 2766 1691 2792 eam,

901 2807 1015 2842 ejusque
1037 2812 1111 2834 tactu
1132 2811 1159 2834 et
1179 2815 1247 2834 voce
1269 2806 1410 2833 viviﬁcare
1432 2810 1515 2840 atque
1536 2812 1644 2838 curare,
1661 2809 1693 2832 ut

901 2859 962 2881 eam
974 2853 1102 2881 ostendat
1114 2852 1271 2880 viviﬁcandi
1282 2851 1309 2880 vi
1323 2851 1482 2888 praeditam;
1496 2851 1600 2880 idcirco
1611 2851 1693 2879 nimi-
