1874 3076
177 134 246 167 1119

174 207 234 226 rum
249 199 324 234 quod
342 206 427 226 unum
444 206 507 226 cum
524 206 556 226 ea
574 206 624 233 per
639 198 771 226 unionem
787 198 890 226 factum
907 202 965 232 est;

173 253 292 280 Veroque
306 253 337 273 ac
352 245 465 281 proprie
480 245 568 280 ipsius
582 250 680 272 natura
694 244 802 272 cunctis
814 245 898 272 vitam
914 245 968 271 lar-

173 292 283 327 gientis,
300 299 355 318 non
380 291 494 318 alterius
517 299 583 318 caro
605 296 656 318 est.
674 291 859 324 Quamobrem
883 291 966 318 etiam

174 345 256 364 unam
279 345 367 370 suam,
386 337 501 372 ejusque
523 337 637 372 (sancta;
658 337 764 364 scilicet
785 337 877 364 carnis
887 337 966 371 sum),

174 388 257 418 atque
276 383 384 410 aliinem
399 383 544 418 utriusque
560 391 674 410 munere
689 383 747 410 edit
761 384 966 418 operationem;

175 435 257 454 unam
277 427 399 462 quidem,
416 429 533 460 unione;
554 435 651 455 rursus
669 436 746 461 vero,
763 429 891 464 partibus
908 429 967 457 aili-

173 480 256 505 nem;
273 481 334 508 quae
351 473 480 500 videlicet
498 477 555 500 tum
573 473 600 500 in
616 474 740 508 jussione
757 474 880 501 omnium
898 475 964 502 οσον

174 519 270 551 ctrice,
286 522 342 545 tum
360 518 388 545 in
405 522 506 545 sancte
522 517 615 546 carnis
639 523 768 546 contactu
785 519 881 547 eadem
909 520 967 555 ipsa

174 564 319 591 exsisteret
341 573 347 590 ε
370 564 514 599 utriusque
535 565 610 592 enim
635 573 767 597 munere,
789 565 910 593 Verbum
936 571 967 593 ut

175 609 258 643 Deus,
271 610 342 637 hanc
354 610 427 637 clare
441 611 604 643 exhibebat;
621 618 720 645 nempe
735 611 896 644 ostendens,
912 620 966 646 qua

175 664 226 691 per
249 663 309 683 eam
337 663 446 690 quoque
474 656 557 683 vitam
587 657 743 689 tribuebat,
770 658 856 692 ipsam
885 659 967 685 etiam

176 709 290 736 prorsus
312 700 448 727 viviﬁcam
471 700 608 733 evasisse;
633 701 673 728 uti
695 701 778 728 etiam
803 702 874 737 ignis
895 702 969 729 ferro

176 746 306 777 adurens,
323 746 424 773 unione
443 754 505 773 cum
527 746 597 780 ipso,
615 746 719 773 ferrum
740 751 852 781 przestat
871 747 967 774 urcndi

176 791 203 818 vi
224 791 370 826 prreditum
394 800 401 818 :
424 791 461 818 ita
481 791 612 819 nimirum
633 796 663 819 ut
683 793 756 820 ustio
776 793 878 820 nedum
899 793 969 828 ignis

176 841 276 864 natura
295 837 341 870 sit,
357 837 403 864 sed
417 841 445 865 et
461 837 548 872 ipsius
563 837 638 871 ferri,
655 846 709 874 qua
724 838 763 866 illi
781 839 887 866 unitum
903 844 945 867 est
961 848 968 867 :

177 882 327 917 divinaque
352 891 452 910 rursus
476 883 619 918 patrandis
643 884 785 912 miraculis
886 885 968 913 Verbi

177 929 311 963 operatio,
322 936 377 955 non
393 929 480 964 ipsius
493 929 582 956 solum
594 930 630 957 sit
645 934 757 965 propter
771 933 909 962 naturam.
921 931 969 958 sed

146 981 149 983 '
177 980 206 1002 et
226 980 327 1002 saneta:
351 975 437 1010 ipsius
457 975 558 1007 carnis,
575 975 610 1002 ob
631 975 803 1010 personalem
824 976 886 1011 ejus
907 983 970 1003 cum

179 1021 236 1056 ipsa
254 1020 395 1047 unionem.
408 1020 466 1047 Sibi
487 1021 560 1048 enim
582 1021 609 1047 in
631 1020 743 1052 divinis,
757 1021 849 1055 operis
867 1021 969 1048 sociam

178 1074 238 1093 eam
252 1066 411 1098 adhibebat,
423 1066 463 1093 uti
476 1067 593 1102 loquitur
609 1066 748 1101 magister,
761 1066 834 1094 haud
847 1074 927 1094 secus
938 1074 967 1094 ar

177 1111 270 1138 anima
289 1119 390 1146 corpus
410 1111 533 1143 adhibet,
549 1115 579 1138 ut
600 1119 683 1146 opera
704 1119 752 1138 sua
773 1111 890 1146 expleat.
907 1111 969 1139 "me

178 1156 262 1192 igitur
284 1163 338 1183 una
358 1160 401 1184 est
422 1163 454 1183 ac
476 1156 565 1184 aliinis
588 1156 732 1191 utriusque
757 1163 871 1183 munere
893 1155 968 1183 edita

176 1202 319 1236 operatio,
342 1209 404 1237 qua!
428 1202 595 1229 naturalium
619 1202 812 1236 operationum
838 1201 968 1228 unionem

175 1247 329 1281 declarans,
344 1247 446 1275 diversi
463 1255 510 1274 eas
525 1247 633 1282 generis
648 1247 782 1282 duasque,
798 1246 870 1273 haud
887 1254 968 1274 secus

174 1304 207 1325 ac
221 1297 304 1324 etiam
318 1295 459 1323 Deivirilis
472 1296 605 1331 operatio,
617 1297 643 1323 vi
668 1304 717 1324 sua
730 1304 746 1323 a
757 1303 842 1331 seque
855 1295 965 1330 proprie

174 1343 324 1379 signiﬁcet;
340 1343 414 1377 quod
428 1342 462 1370 ad
477 1342 573 1370 ambas
588 1343 726 1370 referatur
738 1346 841 1378 partes,
853 1349 886 1368 ex
902 1341 965 1376 qui-

175 1389 229 1417 bus
241 1393 271 1416 et
282 1389 310 1416 in
323 1389 425 1424 quibus
439 1396 524 1416 unum
540 1396 572 1416 ac
587 1389 724 1424 singulare
737 1388 857 1415 Verbum
874 1387 965 1414 incar-

175 1440 270 1462 natum
285 1435 448 1468 exsistebat;
465 1439 625 1469 spectetque
639 1435 673 1462 ad
687 1439 848 1469 utramque;
863 1433 966 1460 utrius-

175 1489 229 1516 que
252 1481 358 1509 scilicet
378 1488 494 1508 munere
514 1480 607 1514 edita;
630 1485 689 1507 tum
711 1488 811 1515 nempe
831 1480 964 1515 jussionis

175 1527 298 1554 omnium
311 1526 470 1557 eﬂ'ectricis,
485 1530 543 1552 tum
558 1530 700 1553 contactus
715 1529 815 1553 saneta:
827 1525 927 1552 carnis.

209 1571 249 1598 Ne
263 1579 345 1606 quem
354 1578 420 1598 vero
433 1578 548 1605 prorsus
563 1578 616 1597 vox
627 1571 760 1605 συγγενὴς
773 1570 841 1605 (sive
856 1569 964 1596 aliinem

175 1617 234 1644 sive
263 1620 406 1651 cognatam
429 1623 461 1642 ac
485 1615 564 1649 quasi
595 1616 719 1650 ejusdem
743 1615 852 1650 generis
876 1615 963 1648 dicas)

175 1661 253 1697 quasi
275 1661 358 1696 paulo
371 1661 534 1688 insolentior
548 1661 680 1688 oﬂ'endat.
698 1661 873 1695 Usurparunt
889 1661 963 1687 enim

176 1706 264 1734 sancti
294 1706 401 1738 Patres,
428 1710 486 1732 tum
513 1705 541 1733 in
558 1706 592 1733 iis
607 1713 668 1740 qua:
694 1706 817 1741 ejusdem
838 1706 963 1734 essentia:

176 1756 251 1784 sunt,
274 1754 331 1778 tum
345 1759 406 1786 qua:
424 1751 550 1778 diversae.
565 1751 656 1779 Testis
680 1758 795 1786 magnus
815 1751 964 1786 Gregorius

176 1797 343 1832 Theologus,
361 1797 427 1824 dum
451 1797 479 1824 in
496 1797 555 1825 haec
573 1797 658 1825 verba
677 1797 712 1824 de
729 1797 819 1824 anima
840 1796 962 1830 disserit,

178 1843 206 1870 in
223 1843 350 1871 Oratione
373 1843 477 1879 funebri
493 1843 521 1870 in
545 1843 659 1871 fratrem
686 1851 766 1870 suum
790 1842 961 1871 Cassarium:

175 1889 240 1917 Post
250 1897 319 1919 vero
332 1889 414 1917 etiam
428 1890 579 1925 aliquanto,
597 1897 661 1917 cum
678 1893 821 1925 cognatam
838 1897 961 1922 carnem,

175 1941 293 1969 quacum
316 1934 506 1969 philosophata
533 1934 655 1961 coelestia
670 1939 722 1966 est,
739 1935 885 1970 receperit,
901 1935 962 1968 Quo

175 1979 238 2006 loco
250 1979 412 2014 Gregorius,
428 1986 540 2006 carnem
559 1979 652 2006 animo
667 1985 821 2015 cognatam,
838 1988 886 2007 seu
902 1980 961 2007 alli-

175 2032 250 2056 nem,
267 2024 385 2056 vocavit,
410 2031 466 2051 non
492 2024 600 2052 ratione
623 2030 744 2058 naturze,
774 2026 822 2053 sed
840 2026 961 2053 unionis.

176 2070 340 2104 Rursusque
356 2069 483 2097 Oratione
499 2070 528 2097 in
545 2075 640 2098 sancta
660 2071 762 2099 lumina
777 2072 811 2100 de
822 2072 962 2106 unigenito

175 2114 245 2142 Filio
256 2114 359 2142 docens
371 2123 378 2141 :
392 2123 402 2140 ι
422 2114 471 2142 Cui
483 2119 507 2141 et
516 2119 643 2150 cognatus
658 2115 773 2151 Spiritus
785 2118 961 2144 testimonium

175 2161 336 2196 perhibebat.
355 2169 365 2186 ι
397 2159 457 2193 Quo
482 2161 545 2188 loco
572 2166 733 2196 cognatum,
770 2170 824 2190 non
855 2163 962 2191 ratione

176 2206 290 2234 unionis
304 2205 384 2238 dixit,
399 2206 448 2233 sed
463 2206 570 2234 ratione
585 2212 700 2235 naturae.
714 2207 786 2241 Quin
801 2212 829 2235 et
843 2208 901 2243 ipse
916 2216 962 2236 sa-

176 2251 367 2288 pientissimus
383 2251 520 2286 Cyrillus,
537 2257 595 2279 tum
613 2252 647 2280 de
670 2253 753 2281 rebus
768 2254 887 2281 essentia
912 2261 960 2281 seu

176 2301 274 2324 natura
285 2317 292 2329 ,
319 2301 377 2324 tum
392 2304 509 2331 persona
525 2297 653 2326 discretis
666 2319 673 2331 ,
689 2299 766 2327 nullo
789 2299 960 2332 discrimine,

177 2341 285 2377 cognati
304 2349 399 2369 vocem
414 2346 496 2377 atque
505 2342 593 2371 aﬂinis
605 2349 736 2379 usurpat;
755 2349 836 2380 atque
852 2345 910 2372 haec
923 2345 962 2372 ait

176 2386 390 2414 Commentariis
405 2387 463 2414 suis
477 2387 504 2414 in
519 2388 634 2416 Joannis
650 2389 838 2425 Evangelium,
863 2391 897 2418 de
911 2399 961 2418 cu-

176 2431 296 2464 ratione,
312 2439 373 2466 qua:
394 2437 437 2459 est
450 2441 499 2468 per
516 2433 640 2461 divinum
656 2435 801 2470 baptisma,
821 2445 830 2461 ι
846 2437 961 2471 Utrique

175 2475 379 2510 quodammodo
391 2476 463 2504 aﬂini
478 2482 505 2505 et
521 2479 619 2506 amica.
636 2479 741 2514 Spiritu
763 2481 837 2508 enim
856 2482 960 2509 sancti-

176 2520 240 2548 ﬁcat
261 2521 383 2550 hominis
403 2523 550 2557 spiritum;
566 2531 635 2559 aqua
657 2533 724 2553 vero
740 2534 850 2562 corpus.
869 2538 878 2553 ι
896 2528 961 2560 Qua:

177 2574 244 2594 vero
257 2574 288 2594 ac
302 2567 392 2601 qualis
407 2568 524 2596 allinitas
540 2577 588 2596 seu
602 2571 729 2605 cognatio
743 2571 863 2607 Spiritus
873 2574 961 2601 sancti

780 128 971 160 EUTHYMH
991 129 1175 161 ZIGABENI

979 197 1063 232 Ατὴν
1083 197 1112 223 ἐν
1138 197 1171 232 τῇ
1196 195 1293 223 ἑνώσει
1315 195 1460 231 γενέσθαι·
1478 198 1527 223 καὶ
1554 193 1639 223 αὖέοὗ
1658 197 1709 224 τοῦ
1737 198 1814 232 φύσει

1013 242 1212 277 ζωογονοῦντος
1231 242 1265 268 τὰ
1292 241 1450 277 σύμπαντα,
1467 242 1516 269 καὶ
1541 243 1590 278 οὐχ
1608 243 1709 279 ἕτερον
1726 245 1814 279 σάρκα

1013 288 1116 323 κυρίως
1137 288 1282 323 ὑπάρχειν.
1306 288 1352 314 Διὸ
1373 288 1422 314 καὶ
1444 288 1510 323 μιαν
1531 289 1616 315 αὐτοῦ
1639 291 1691 316 καὶ
1719 291 1813 325 αὐτῆς,

1013 334 1086 369 φημὶ
1097 333 1148 368 τῆς
1163 333 1244 368 ἁγίας
1261 333 1362 370 σαρκὸς
1376 334 1425 360 καὶ
1443 334 1564 368 συγγενῆ
1584 334 1620 360 δι’
1633 335 1743 370 ἀμφοῖν
1759 338 1815 363 ἐπι-

1012 379 1132 405 δεικνύει
1151 378 1310 414 ὲνέργειαν·
1329 379 1394 414 μίαν
1421 379 1481 415 μὲν,
1499 381 1532 415 τῇ
1555 380 1674 406 ἐνώπι’
1695 384 1812 417 συγγενῆ

1012 425 1041 452 δὲ
1059 425 1150 458 πάλιν,
1166 427 1224 457 τοῖς
1240 425 1366 461 μέρεσιν
1381 425 1419 458 ὡς
1440 426 1489 461 τὴν
1514 427 1602 461 αὐτὴν
1620 424 1721 458 οὖσαν,
1743 428 1772 454 ἔν
1784 437 1810 455 τε

1014 469 1177 506 παντουργῷ
1200 471 1405 506 προστάγματι,
1434 472 1482 497 καὶ
1505 471 1561 506 ἁφῇ
1581 472 1635 507 τῆς
1648 472 1739 506 ἁγίας
1755 482 1813 508 σαρ-

1014 516 1076 548 κός·
1090 516 1124 543 δι’
1147 517 1250 551 ἀμφοῖν
1270 515 1335 551 γὰρ,
1345 515 1384 548 ὡς
1403 516 1481 548 Θεὸς,
1493 518 1507 543 ὁ
1521 517 1620 551 Λόγος,
1636 517 1748 553 ταύτην
1766 527 1811 545 σει-

1014 562 1072 596 φῶς
1097 562 1288 588 ἐαδείκνυτοσ
1309 562 1417 594 δεικνὺς
1438 562 1478 597 τῷ
1500 563 1548 588 καὶ
1575 562 1610 588 δι’
1638 563 1731 598 αὐτῆς
1746 564 1811 596 ζωο-

1014 609 1114 639 ποιεῖν,
1137 608 1175 640 ὼς
1196 608 1244 636 καὶ
1262 607 1333 643 αὐτὴ
1362 608 1476 642 γέγονεν
1499 608 1533 635 δι’
1562 609 1627 635 ὅλου
1658 609 1811 642 ζωοποιός·

1014 654 1140 689 καθάπερ
1155 653 1203 680 καὶ
1217 652 1273 688 πῦρ
1287 653 1333 680 διὰ
1347 653 1458 689 σιδήρου
1477 655 1564 686 καῖον,
1579 654 1682 681 ὲνώπει
1697 657 1732 690 τῇ
1748 656 1811 690 πρὸς

1015 699 1096 726 αὑτὸν
1120 699 1267 726 καυστικδν
1295 699 1443 733 ἀποφαίνει
1465 699 1512 726 τὸν
1543 700 1675 736 σίδηρον·
1690 700 1730 732 ὼς
1746 699 1811 727 εἶναι

1014 745 1108 772 λοιπὸν
1126 745 1170 772 διὰ
1191 744 1271 771 τοῦτο
1292 745 1329 780 μὴ
1348 745 1395 771 τοῦ
1416 745 1502 781 παρὸς
1521 746 1594 773 κατὰ
1621 746 1710 780 φύσιν
1732 748 1810 782 μόνον

1015 791 1064 826 τὴν
1080 791 1188 822 καῦσιν,
1203 790 1270 817 ἀλλὰ
1289 791 1392 818 καύτοῦ
1415 791 1462 818 τοῦ
1486 792 1597 828 σιδήρου
1613 792 1662 818 διὰ
1682 793 1736 828 τὴν
1746 793 1810 819 Eva)-

1015 845 1071 863 σινπ
1089 836 1137 863 καὶ
1152 836 1202 872 τὴν
1215 837 1245 864 ἐν
1259 838 1316 869 τοῖς
1330 837 1454 872 θαύμασι
1477 837 1552 864 θείαν
1575 837 1627 864 τοῦ
1646 839 1741 871 Λόγου
1759 840 1809 866 πά-

1016 882 1057 909 λιν
1078 882 1233 918 ἐνέργειαν,
1255 884 1292 918 μὴ
1319 882 1367 909 τοῦ
1391 882 1476 910 αὐτοῦ
1495 883 1578 918 μόνον
1598 883 1647 910 διὰ
1667 884 1722 919 τὴν
1735 885 1810 919 φύσιν

1016 928 1160 964 ὑπάρχειν,
1183 928 1252 955 ἀλλὰ
1271 928 1376 964 καὺτῆς
1398 929 1449 964 τῆς
1466 928 1548 962 ἁγίας
1566 929 1687 964 σαρκὸς,
1705 930 1750 957 διὰ
1766 931 1810 965 τὴν

1015 974 1085 1009 πρὸς
1094 974 1181 1008 αὐτὴν
1197 974 1259 1001 καθ’
1277 975 1426 1001 ὑπόστασιν
1440 974 1537 1001 ἕνωσιν
1550 982 1557 989 ·
1573 976 1748 1010 ωνεργὰειν
1762 977 1811 1011 γὰρ

1016 1020 1113 1047 ἑαυτοῦ
1126 1020 1228 1056 ταύτην
1243 1022 1273 1048 ἐν
1284 1022 1340 1053 τοῖς
1352 1021 1436 1052 θείοις
1452 1021 1685 1056 παρελάμσανεν,
1734 1031 1811 1057 prgam

1014 1066 1029 1092 ὀ
1049 1066 1219 1098 διδάσκαλος,
1235 1066 1330 1102 ὥσπερ
1344 1067 1390 1093 καὶ
1403 1067 1476 1102 ψυχὴ
1492 1068 1523 1093 τὸ
1541 1067 1611 1094 [διον
1636 1067 1736 1102 σῶμα,
1750 1068 1812 1102 πρὸς

1016 1112 1064 1148 τὴν
1085 1112 1140 1138 τῶν
1164 1112 1274 1139 οίκείων
1297 1112 1387 1148 ἔργων
1407 1113 1596 1147 ἐκπλήρωσιν.
1615 1112 1697 1148 Δῦτη
1715 1113 1809 1148 γοῦνή

1017 1157 1066 1192 μία
1092 1158 1139 1183 καὶ
1158 1158 1294 1193 συγγενὴς
1315 1157 1348 1184 δι’
1368 1158 1470 1192 ἀμφοῖν
1491 1157 1711 1193 ὲπιδεδειγμένη
1739 1159 1810 1194 ἐνέρ-

1015 1211 1088 1237 γεια,
1108 1202 1163 1229 τῶν
1179 1204 1249 1230 κατὰ
1274 1205 1356 1238 φύσιν
1377 1204 1525 1240 ἐνεργειῶν
1539 1204 1664 1239 δηλοῦσα
1685 1205 1739 1240 τὴν
1753 1205 1810 1231 ἑνω-

1017 1257 1074 1275 σιν·
1091 1249 1123 1275 τὺ
1139 1250 1296 1284 ἐτερογενὲς
1312 1249 1415 1277 τούτων
1430 1250 1477 1277 καὶ
1493 1250 1597 1281 δυῖκδν,
1614 1250 1751 1286 καθάπερ
1765 1252 1809 1278 καὶ

1016 1295 1033 1329 ἡ
1049 1294 1206 1330 Θεανδριχὴ
1224 1294 1359 1330 ἐνέργεια,
1376 1294 1410 1320 δι’
1424 1296 1525 1330 ἑαυτῆς
1543 1297 1650 1330 κυρίως
1666 1297 1810 1330 σημαίνειθ

1014 1339 1055 1373 τῷ
1068 1339 1137 1375 πρὸς
1150 1339 1234 1374 ἄμφω
1247 1339 1281 1366 τὰ
1298 1339 1380 1374 μέρη,
1398 1338 1455 1366 τῶν
1471 1339 1501 1371 ἐξ
1514 1336 1552 1366 ὧν
1571 1340 1622 1366 καὶ
1639 1340 1672 1365 ἐν
1691 1337 1734 1371 οἷς
1748 1341 1762 1366 ὁ
1774 1339 1810 1373 9'4

1016 1384 1063 1411 καὶ
1086 1383 1167 1418 μόνος
1181 1384 1347 1420 ὲγνωρίζετο
1363 1384 1576 1420 σεσαρκωμένος
1588 1385 1694 1419 Λόγος,
1711 1386 1809 1419 ἀντισέ-

1016 1427 1113 1464 ρεσθαι
1126 1437 1132 1444 ·
1156 1428 1206 1456 καὶ
1223 1429 1386 1465 ἀμφοτέρων
1408 1429 1553 1465 ὑπάρχειν,
1574 1430 1615 1462 ὡς
1642 1430 1681 1457 δι’
1698 1433 1809 1466 ἀμφοῖν,

1014 1475 1063 1502 τοῦ
1076 1484 1107 1502 τε
1122 1476 1294 1511 παντουργοῡ
1307 1477 1530 1511 προστάγματος,
1544 1476 1593 1503 καὶ
1610 1476 1663 1511 τῆς
1677 1477 1756 1512 ἁφῆς
1765 1478 1811 1512 τῆς

1015 1522 1098 1556 ἁγίας
1111 1521 1212 1557 σαρκὸς
1229 1521 1446 1557 ὲπιδεδειγμένη.

977 1562 998 1589 υ
1050 1568 1088 1595 Οὐ
1102 1569 1143 1595 δεῖ
1161 1568 1189 1595 δὲ
1210 1568 1250 1603 τῷ
1274 1569 1400 1602 συγγενεῖ
1419 1568 1572 1601 ξενίζεσθαι
1587 1569 1749 1601 παντελῶς·
1769 1570 1812 1596 ἐπί

1013 1623 1045 1642 τε
1066 1615 1120 1650 γὰρ
1137 1614 1288 1650 ὀμοουσιων
1310 1615 1358 1641 καὶ
1382 1614 1560 1650 ἐτεροουσιων
1589 1614 1727 1642 λέλεκται
1759 1618 1812 1646 τοῖς

1015 1660 1103 1694 ἁγίοις
1117 1661 1240 1695 Πατράσι
1251 1660 1282 1686 τὺ
1298 1660 1439 1694 συγγενέςν
1456 1660 1504 1686 καὶ
1521 1660 1630 1695 μάρτυς
1644 1661 1660 1687 ὸ
1681 1661 1812 1694 Θεολόγιλς

1015 1706 1062 1733 καὶ
1078 1706 1164 1741 μέγας
1182 1706 1343 1742 Γρηγόριος,
1368 1706 1432 1740 περὶ
1460 1705 1549 1740 ψυχῆς
1570 1705 1663 1740 λέγων
1679 1707 1774 1738 οὕτως
1787 1709 1812 1734 ὲν

1013 1751 1053 1787 τῷ
1062 1752 1099 1783 είς
1111 1752 1258 1787 Καισάριον
1273 1751 1318 1778 τὸν
1332 1750 1416 1778 αὑτοῦ
1422 1751 1712 1786 ἁδελφὸνἘπιταρίῳ
1723 1754 1812 1786 λόγῳ,

1013 1798 1120 1833 Μικρὸν
1153 1797 1182 1824 δὲ
1224 1797 1338 1832 ὕστερον
1376 1798 1423 1824 καὶ
1458 1797 1489 1824 τὸ
1525 1797 1660 1831 συγγενὲς
1699 1798 1813 1832 σαρκίον

1013 1843 1199 1876 ἀπολαϐοῦσα,
1227 1840 1250 1878 ᾧ
1277 1843 1311 1870 τὰ
1338 1843 1444 1870 ἐκεῖθεν
1555 1842 1811 1877 συνεφιλοσόφησε*

1019 1890 1153 1917 Ἐνταῦθα
1166 1889 1211 1916 διὰ
1222 1890 1271 1925 τὴν
1286 1889 1393 1922 ἕνωσιν,
1409 1889 1467 1915 ἀλλ’
1478 1889 1509 1915 οὐ
1521 1889 1571 1924 τὴν
1587 1888 1674 1923 φύσιν
1690 1888 1810 1922 συγγενῆ

1012 1935 1045 1970 τῇ
1066 1934 1139 1970 ψυχῇ
1153 1933 1202 1969 τὴν
1217 1935 1306 1970 σάρκα
1318 1933 1453 1968 κέκληκεν
1466 1934 1481 1959 ὁ
1499 1933 1673 1964 διδάσκαλος.
1692 1934 1750 1960 Καὶ
1763 1933 1811 1959 πά-

1013 1979 1064 2012 λιν,
1073 1980 1124 2006 Ἐν
1138 1978 1178 2012 τῷ
1189 1981 1242 2012 Εἰς
1257 1980 1293 2006 τὰ
1303 1979 1395 2014 φῶτα,
1409 1979 1472 2016 περὶ
1496 1978 1543 2006 rei”)
1563 1979 1734 2014 μονογενοῦς
1747 1978 1811 2006 Υἱοῦ

1013 2024 1158 2057 διδάσκων,
1178 2025 1265 2060 φησι·
1286 2025 1341 2052 Καὶ
1362 2027 1379 2052 ό
1399 2025 1458 2052 ὑπὸ
1480 2025 1534 2052 τοῦ
1549 2025 1729 2060 συγγενοῦς
1743 2033 1811 2060 μαρ-

1013 2072 1194 2106 τυρούμενος
1212 2072 1394 2106 Πνεύματος.
1478 2071 1534 2098 Νῦν
1560 2071 1589 2098 τὺ
1608 2073 1749 2105 συγγενὲς
1772 2071 1812 2097 διὰ

1012 2118 1062 2152 τὴν
1075 2117 1164 2152 φύσιν,
1180 2118 1237 2144 ἀλλ’
1252 2118 1283 2144 οὐ
1297 2118 1346 2153 τὴν
1357 2118 1453 2144 ἕνωσιν
1468 2117 1586 2153 εἴρηκεν.
1604 2117 1698 2148 Αὐτὸς
1708 2117 1739 2144 δὲ
1757 2117 1810 2144 K5-

1014 2163 1103 2199 ριλλος
1115 2165 1130 2190 ὀ
1147 2163 1227 2197 σοφὸς
1251 2163 1321 2190 κάπὶ
1337 2165 1370 2198 τῇ
1385 2163 1464 2198 οὐσίᾳ
1487 2163 1533 2189 καὶ
1545 2162 1700 2188 ὑποστάσει
1717 2162 1810 2198 διῃρησ

977 2219 997 2246 ι)
1015 2211 1103 2246 μένων
1113 2210 1142 2237 τὸ
1156 2210 1286 2244 συγγενὲς
1297 2211 1518 2246 ἀπαρατηρήτως
1531 2208 1686 2244 λαμϐάνει·
1701 2209 1752 2236 καὶ
1766 2210 1809 2234 τά-

1012 2256 1041 2282 δε
1063 2256 1137 2290 λέγει
1160 2255 1206 2282 τὸν
1233 2254 1430 2290 εὐαγγελιστὴν
1460 2254 1587 2288 Ἰωάννην
1612 2254 1811 2289 ὑπομνηματί-

1006 2301 1068 2341 Χζων
1094 2302 1126 2335 ³⁹,
1153 2302 1217 2337 περὶ
1242 2302 1293 2336 τῆς
1313 2302 1383 2328 κατὰ
1404 2301 1436 2328 τὸ
1462 2301 1534 2328 θεῖον
1555 2300 1710 2335 βάπτισμα
1732 2301 1810 2335 Θερα-

1013 2348 1108 2381 πείας,
1127 2357 1136 2373 ι
1155 2347 1298 2382 Συγγενῶς
1312 2357 1370 2379 πως
1385 2347 1499 2382 ἐχούσης
1512 2346 1579 2382 πρὸς
1594 2346 1685 2381 ἄμφω
1701 2347 1759 2373 τῶν
1771 2346 1810 2372 δε-

1012 2393 1184 2428 δηλωμένων.
1200 2393 1339 2428 Πνεῦματι
1358 2393 1408 2427 μὲν
1427 2392 1482 2427 γὰρ
1499 2390 1609 2425 ἁγιάζει
1626 2390 1679 2417 τοῦ
1704 2391 1808 2426 ἀνθρώ-

1013 2448 1064 2466 που
1079 2440 1110 2466 τὸ
1122 2439 1239 2474 πνεῦμα
1257 2440 1334 2466 ὕδατι
1348 2439 1377 2466 δὲ
1391 2436 1437 2471 αὖ,
1452 2439 1482 2466 τὸ
1496 2439 1585 2474 σῶμα.
1604 2447 1614 2463 ι
1637 2438 1693 2467 Τίς
1713 2439 1755 2470 δὲ,
1766 2438 1808 2463 καὶ

1013 2485 1077 2511 ποία
1094 2484 1240 2518 συγγένεια
1264 2484 1423 2519 Πνεύματος
1450 2484 1529 2518 ἁγίου
1547 2483 1596 2509 καὶ
1618 2483 1726 2515 ὕδατος
1742 2483 1807 2510 κατά

1013 2539 1041 2557 τε
1062 2531 1156 2557 οὐσίαν
1181 2530 1372 2565 ῆὺπόστασιν,
1398 2530 1465 2566 πρὸς
1487 2530 1518 2557 τὸ
1535 2530 1674 2566 ἡμέτερον
1698 2530 1807 2565 πνεῦμα

1013 2577 1060 2603 καὶ
1074 2576 1169 2611 σῶμα;
1187 2577 1212 2602 εἰ
1226 2576 1274 2603 καὶ
1295 2576 1330 2603 τὰ
1350 2576 1466 2612 μάλιστα
1492 2576 1564 2603 κατὰ
1579 2576 1661 2611 χάριν
1684 2577 1755 2612 ἡμῖν
1767 2577 1807 2602 καὶ

177 2619 206 2642 et
226 2621 314 2649 aquae,
335 2613 395 2642 sive
416 2613 563 2641 essentiam
587 2620 620 2642 ac
642 2618 767 2642 naturam
781 2621 897 2650 spectes,
917 2617 974 2645 sive
988 2620 1193 2648 subsistentiam
1224 2630 1427 2660 personamque
1444 2631 1505 2651 cum
1522 2623 1622 2659 spiritu
1646 2631 1751 2654 nostro
1779 2632 1806 2652 ac

178 2665 304 2693 torpore.

178 2713 305 2748 Ejusdem
314 2721 346 2740 ex
359 2711 471 2746 epistola
483 2711 518 2738 ad
527 2710 692 2740 Nicandrum
703 2713 783 2749 Cypri
808 2714 961 2749 episcopum

212 2754 236 2776 et
251 2748 286 2774 ad
300 2751 437 2782 prmiactor
454 2755 545 2774 eorum
571 2749 616 2782 qui
629 2748 779 2777 solitariam
809 2750 836 2776 in
867 2749 963 2777 Sicilia

213 2784 295 2810 vitam
313 2783 422 2818 degunt.

215 2839 292 2868 Unde
305 2843 400 2866 natura
417 2839 513 2874 Deum,
530 2839 711 2877 cumdcmque
739 2849 804 2871 vere
837 2851 870 2871 ac
898 2850 963 2878 pro-

1019 2718 1079 2760 Τοῦ.
1089 2719 1184 2760 uti???)
1194 2720 1228 2747 ἐκ
1241 2721 1296 2755 τῆς
1306 2722 1473 2760 ἐπιστολῆς
1482 2723 1519 2760 ζῆ
1522 2733 1537 2756 ς
1551 2723 1628 2758 πρὸς
1637 2725 1805 2760 Nilei-th

1051 2755 1104 2780 τὸν
1115 2756 1257 2796 Κύπριον,
1269 2759 1317 2796 κιρ
1332 2757 1404 2790 τοὺς
1423 2755 1498 2785 κὰιὰ
1509 2755 1654 2786 Σικέλίὰν
1676 2755 1803 2796 ἠγουλιιέ-

1050 2797 1135 2823 γους,
1152 2791 1202 2817 καὶ
1215 2791 1414 2826 μονάζοντας.

1049 2846 1131 2875 Φύσει
1146 2847 1213 2874 Θεὸν
1239 2848 1284 2875 καὶ
1295 2847 1441 2884 ἄνθρωπον
1451 2849 1498 2876 τὸν
1513 2850 1594 2878 αὐτὸν
1619 2851 1738 2887 κυρίως,
1758 2854 1798 2885 οὐχ

1753 132 1817 164 1121]
