1874 3076
51 131 111 164 ιιεξι

530 134 718 166 PANOPLIA
736 136 1008 167 DOGMATICA.-—
1025 138 1100 170 TIT.
1117 139 1193 174 XXI.

1607 144 1675 178 "‘22

51 188 175 225 ἑτέρωθεν
199 189 263 216 ὄντα
282 190 518 227 διαγινώσκομεν,
546 193 563 228 ἦ
585 194 618 220 ὲκ
644 195 699 221 τῶν
730 193 828 226 ὒεϊκῶς

908 195 940 222 'ie
962 195 1100 223 hominem
1115 217 1123 229 .
1152 205 1205 225 non
1230 198 1341 227 aliunde
1363 207 1444 234 quam
1476 208 1508 228 ex
1549 203 1674 237 proprie-

49 235 108 270 ᾇμα
120 236 161 262 καὶ
179 236 360 272 ἀνθρωπικῶς
379 238 638 274 χαρακτηριζόντων
652 239 749 274 αὑτὸν,
779 241 830 275 ὲμ-

52 282 139 315 φύτων
155 282 318 316 ἰδιωμάτων
344 283 395 318 τῆς
419 292 450 310 τε
479 284 571 318 θείας,
604 286 641 318 ὼς
665 287 752 320 ἔφην,
788 286 832 314 θε-

53 325 152 359 λήσεως
179 327 226 353 καὶ
246 327 406 363 ἐνεργείας,
436 329 484 355 καὶ
514 330 563 364 τῆς
584 331 760 366 ἀνθρωπικῆς
785 332 832 358 τοῦ

55 371 135 397 αὑτοῦ
147 371 280 406 θελήσεως
299 373 345 399 καὶ
369 373 521 408 ἐνεργείας
537 372 591 407 αἷς,
619 377 666 401 καὶ
693 373 788 408 δι’ὦν,
817 377 833 403 ὃ

53 414 90 451 ἦν
106 418 147 443 καὶ
169 418 279 451 γέγονεν
296 419 501 454 ὲπισφραγίζει·
533 420 752 457 Θαυματουργῶν
781 423 831 458 μὲν

55 462 124 497 ὑπὲρ
136 464 206 497 ἡμᾶς
221 463 258 495 ὡς
278 464 345 496 Θεὸς
364 465 506 497 ἑκουσίως
524 466 637 501 πάσχων
656 467 685 493 δὲ
707 467 741 494 δι’
756 469 831 503 ἡμᾶς

47 510 64 535 ὁ
83 510 154 541 αὐτὸς
173 511 301 542 ἑκουσίως
327 511 364 543 ὡς
392 512 535 548 ἅνθρωπος
555 520 561 527 ·
590 513 628 545 ὼς
647 515 697 540 οὐκ
719 512 784 540 ἄλλο
804 521 831 539 τι

48 556 125 591 παρὰ
137 556 187 582 τῶν
202 557 232 589 ἐξ
245 554 292 590 ὧν,
310 559 339 584 ὲν
355 555 396 589 οἷς
410 567 440 585 τε
460 559 506 585 καὶ
522 560 594 595 ἅπερ
617 560 677 586 ἐστὶ
699 560 832 595 γνωριζό-

50 599 201 636 μενος,οἷόν
214 612 240 629 τι
260 603 337 630 νόοον
361 605 409 630 καὶ
434 605 605 640 μεταίχμιον,
631 605 715 640 ἡγουν
740 605 831 640 τρίτον

48 648 227 683 ἀποτέλεσμα,
253 650 322 676 κατὰ
348 650 397 685 τὴν
423 651 478 677 τῶν
502 651 622 685 ἡμιόνων
647 651 806 686 παράδειξιν
823 659 829 667 ·

47 693 88 724 ὡς
106 695 121 728 ή
138 695 189 720 τῶν
204 695 354 729 κενολόγων
371 697 393 712 “
412 697 560 731 αἱρετιχῶν
577 697 766 732 μυθοπλαστία
789 706 831 724 τε·

51 739 193 774 ρατολογεῖ,
211 740 258 766 τοῦ
270 741 400 772 εὐσεϐοῦς
417 742 606 777 ἀποσφαλεῖσαι
616 743 669 769 τῶν
681 743 766 777 ἁγίων
780 745 831 770 [Ια-

53 783 140 817 τέρων
153 784 330 820 κηρύγματος
345 786 401 813 ἀλλ’
413 787 483 813 αὐτὰ
495 787 556 813 κατ’
577 787 706 823 ἀλήθειαν
730 789 832 822 κυρῖως

47 829 99 859 ὢν,
126 830 157 856 τὰ
185 831 213 864 ἐξ
236 829 283 863 ὧν,
309 833 357 858 καὶ
381 833 410 858 ἐν
435 831 477 864 οἷς
494 836 551 860 κατ’
567 833 697 868 ἀλήθειαν
730 833 832 869 κυρίως

47 875 131 901 ἐστίν.
150 876 195 902 Ἐκ
210 876 336 912 θεότητος
351 878 405 913 γὰρ
419 879 467 905 καὶ
486 879 703 914 ἀνθρωπότητος,
729 880 776 906 καὶ
804 880 832 907 ὲν

48 921 152 956 θεότητι
172 922 219 949 καὶ
236 923 425 958 ἀνθρωπότητι
439 924 511 951 κατὰ
522 925 602 958 φύσιν
615 926 757 961 ὑπάρχων⁸
767 926 833 957 Θεὸς

47 966 130 1001 φύσει
150 969 195 995 καὶ
219 968 362 1004 ἄνθρωπὸς
386 970 460 996 ἐστιν
474 971 488 996 ό
502 971 618 1006 Χριστός
634 979 641 987 ·
659 972 706 998 καὶ
721 971 785 998 ἄλλο
802 971 833 998 τὸ

45 1015 177 1050 παράπαν
191 1015 277 1043 οὐδέν.

84 1099 137 1126 Καὶ
162 1099 229 1132 πῶς,
253 1100 330 1134 φασὶ,
357 1100 491 1135 Κύριλλος
513 1101 527 1127 ό
553 1100 634 1136 σοφὸς
657 1101 745 1136 μέσην
769 1100 833 1127 τινὰ

44 1144 124 1176 τάξιν
137 1145 189 1171 τῶν
202 1145 249 1171 ἐπὶ
269 1146 390 1181 Χριστοῦ
406 1146 503 1180 φωνῶν
532 1145 686 1182 διαγορεύει
714 1147 832 1182 φρονεῖν,

43 1190 147 1216 οὑτωσὶ
173 1191 241 1225 πρὸς
263 1192 388 1219 Ἀκάκιον
408 1193 542 1228 γράφων·
564 1201 574 1217 ί
597 1192 630 1218 Αἱ
645 1193 694 1227 μὲν
706 1192 760 1226 γάρ
781 1193 834 1218 εισι

42 1236 104 1263 τῶν
126 1236 219 1270 φωνῶν
239 1237 280 1263 ὅτι
295 1238 416 1272 μάλιστα
442 1237 609 1272 θεοπρεπεῖς
623 1246 629 1253 ·
656 1238 684 1264 αἱ
705 1237 744 1270 δὲ,
763 1237 835 1265 οὕτω

43 1281 130 1309 πάλιν
143 1282 387 1319 ἀνθρωποπρεπεῖς
400 1292 406 1299 ·
418 1285 445 1310 αἱ
459 1283 487 1310 δὲ
500 1283 585 1319 μέσην
596 1283 657 1310 τινὰ
671 1283 748 1316 τάξιν
758 1284 835 1319 ἐχου-

44 1337 86 1354 σι.
139 1329 193 1355 Καὶ
221 1329 248 1355 τί
278 1330 357 1356 τοῦτο
384 1329 568 1365 συμϐαλεῖται
594 1332 654 1357 ποτ’
668 1330 702 1357 ἂν
719 1331 835 1361 ἐκείνοις

42 1373 117 1409 πρὸς
130 1376 178 1409 τὴν
188 1376 291 1402 οἰκείαν
299 1375 435 1410 ὑπόληψιν
448 1384 456 1409 ;
474 1385 484 1401 ι
499 1376 535 1402 UO
552 1377 605 1412 γὰρ
618 1378 650 1403 ἐκ
669 1377 833 1412 μεταϐολῆς,

884 241 988 269 tatibus
1012 247 1109 269 natura
1157 243 1270 278 insitis,
1310 246 1411 279 quibus
1456 247 1549 275 divina
1591 249 1674 277 simul

886 285 1063 321 humanaque
1087 288 1194 315 ratione
1221 288 1392 324 insigniatur
1419 292 1486 324 (tum
1511 292 1616 320 scilicet
1640 302 1673 321 ex

885 332 990 366 divina,
1006 338 1036 359 ut
1051 333 1118 366 dixi,
1149 335 1290 364 voluntate
1307 341 1334 363 et
1360 338 1529 372 operatione,
1553 343 1609 365 tum
1638 347 1672 367 ex

887 378 1005 406 humana
1022 379 1144 413 ejusdem
1157 381 1299 408 voluntate
1318 386 1346 408 et
1373 384 1545 418 operatione)
1575 383 1672 418 digno-

885 425 1009 458 scimus;
1036 425 1136 459 quibus
1159 434 1191 454 ac
1218 435 1267 461 per
1290 435 1368 462 quas.
1395 430 1467 463 quod
1496 433 1556 456 erat
1571 429 1673 457 factus-

885 478 939 504 que
959 474 1016 502 est,
1055 471 1181 506 obsignat
1200 480 1208 505 ;
1231 473 1316 502 edens
1347 478 1448 508 sponte
1485 474 1619 503 miracula
1640 478 1671 502 ut

883 513 969 546 Deus,
1007 513 1183 548 humanaque
1217 513 1322 548 majore
1357 518 1508 548 potestate;
1544 514 1674 550 idemque

883 562 980 592 sponte
993 558 1108 592 patiens,
1126 563 1156 585 ut
1168 558 1261 590 homo,
1275 558 1362 585 nostri
1380 566 1463 586 causa
1477 567 1484 584 :
1502 559 1578 586 velut
1593 559 1675 586 nimi-

883 611 944 629 rum
960 603 1004 637 qui
1019 610 1073 629 non
1090 602 1163 629 aliud
1182 603 1258 637 quid,
1272 607 1373 638 prater
1387 610 1419 630 ea
1434 611 1468 630 ex
1485 604 1586 638 quibus
1600 608 1627 631 et
1645 603 1673 631 in

885 648 987 682 quibus
1001 655 1033 674 ac
1045 656 1106 682 qum
1119 648 1302 680 exsistit,esse
1319 653 1460 680 noscatur,
1475 656 1524 676 ceu
1535 648 1592 676 fere
1605 649 1672 684 quid

883 694 1008 729 spurium
1032 694 1208 729 mediumque
1225 694 1262 728 (id
1287 698 1339 724 est.
1355 695 1465 722 tertium
1486 694 1553 729 quid
1575 702 1607 721 ac
1622 702 1673 721 an—

883 747 948 774 ceps
973 739 1111 766 mulorum
1143 738 1240 772 instar)
1267 739 1398 771 effectus,
1424 743 1455 766 ut
1478 739 1673 767 hmreticornm

884 792 951 811 vana
966 784 1137 819 loquentium
1157 784 1280 811 fabulosa
1298 784 1460 819 loquacitas,
1479 792 1493 811 ιι
1514 789 1673 811 sanctorum

883 828 994 855 Patrum
1016 827 1060 862 pia
1074 827 1268 862 prwdicatione
1281 828 1370 861 devia,
1384 833 1538 856 monstrose
1558 830 1675 856 commi-

882 873 1014 906 niscitur;
1100 874 1150 901 sed
1172 874 1216 901 illa
1232 873 1290 908 ipsa
1309 882 1405 901 revera
1422 875 1533 909 proprie
1548 874 1673 907 exsistat,

882 926 916 946 ex
930 919 1031 953 quibus
1051 924 1079 946 et
1096 919 1239 954 in.quibus
1258 927 1353 947 revera
1370 919 1480 954 proprie
1495 924 1546 947 est.
1563 921 1603 947 Ex
1616 920 1676 948 dei-

884 970 939 992 tate
952 966 1026 992 enim
1040 969 1068 993 ct
1081 965 1264 997 humanitate,
1279 969 1359 1000 atque
1374 965 1402 992 in
1417 962 1520 992 deitate
1535 969 1563 992 et
1575 965 1674 992 huma-

883 1011 970 1038 nitate
984 1014 1081 1037 natura
1099 1010 1244 1042 exsistens,
1261 1010 1332 1037 Deus
1349 1014 1447 1038 natura
1463 1014 1491 1037 et
1508 1010 1601 1043 homo,
1622 1017 1676 1038 nec

883 1064 999 1092 prorsus
1015 1056 1166 1092 quidquam
1180 1056 1265 1088 aliud,
1279 1055 1408 1084 Christus
1424 1060 1476 1084 est.

919 1104 954 1131 Et
975 1102 1124 1137 quomodo,
1147 1102 1288 1137 inquiunt,
1314 1102 1534 1137 sapientissimus
1557 1102 1675 1138 Cyrillus

884 1150 1006 1177 medium
1024 1148 1169 1183 quemdam
1193 1148 1318 1175 ordinem
1342 1155 1441 1176 vocum
1466 1148 1493 1175 in
1515 1147 1626 1175 Christo
1644 1156 1675 1175 se

884 1196 986 1223 sentire
1005 1195 1159 1230 proﬁtetur,
1174 1194 1201 1221 in
1223 1194 1282 1221 ιιωο
1301 1194 1385 1221 verba
1406 1194 1440 1221 ad
1461 1194 1588 1222 Acacium
1605 1194 1676 1222 scri-

884 1241 953 1268 bens
971 1249 977 1267 :
997 1250 1006 1266 (
1026 1240 1101 1266 Inter
1115 1247 1206 1271 voces,
1219 1246 1280 1273 quae
1293 1238 1403 1266 Christo
1415 1239 1586 1272 tribuuntur,
1602 1247 1676 1275 quae-

885 1287 946 1314 dam
964 1286 1101 1314 divinitati
1113 1285 1287 1321 potissimum
1301 1285 1484 1318 conveniunt;
1501 1285 1562 1313 alite
1582 1292 1675 1313 autem

886 1333 972 1368 magis
993 1333 1027 1359 ad
1052 1331 1251 1359 humanitatem
1277 1332 1418 1367 pertinent
1440 1340 1447 1358 :
1470 1332 1530 1360 aliae
1557 1332 1676 1367 denique

885 1379 963 1414 quasi
987 1378 1106 1405 medium
1122 1377 1267 1412 quemdam
1282 1377 1407 1404 ordinem
1424 1377 1560 1406 obtinent.
1580 1387 1588 1404 ι
1604 1377 1676 1411 Quid

42 1420 62 1455 ἦ
79 1420 212 1456 ἀποϐολῆς
222 1421 277 1448 τῶν
290 1422 394 1456 ἄκρων,
409 1421 537 1457 θεότητός
554 1431 627 1458 φημι
643 1422 690 1449 τοῦ
711 1423 832 1458 Χριστοῦ

908 1431 951 1451 ero
968 1423 1021 1450 hoc
1041 1430 1171 1457 unquam,
1185 1430 1241 1457 quo
1254 1429 1333 1450 suam
1354 1426 1484 1450 tueantur
1504 1423 1676 1458 opinionem,

41 1466 94 1493 καὶ
110 1467 364 1504 ὰνθρωπότητοςδῆ
380 1467 455 1499 θείας
469 1467 516 1494 τοῦ
532 1467 615 1494 αὐτοῦ
631 1468 678 1495 κα.)⁴
692 1468 834 1504 ἀνθρωπί-

40 1521 96 1547 νης
108 1512 244 1548 θελήσεως
263 1515 310 1540 καὶ
323 1514 476 1549 ἐνεργείας,
489 1514 583 1549 ἕτερόν
597 1523 624 1541 τι
640 1515 736 1549 μέσον,
749 1515 834 1550 ἤγουν

41 1559 210 1594 μεταίχμιον
241 1560 426 1596 ἀποτέλεσμα,
458 1562 595 1597 μηδετέρᾳ
618 1561 701 1596 φύσει
732 1562 786 1589 τῶν
805 1561 834 1593 ἐξ

39 1603 83 1632 ὦν
99 1606 157 1632 ἐστι
176 1606 323 1633 κοινωνοῦν
333 1615 340 1622 ’
355 1607 371 1641 ἢ
388 1607 479 1639 πάλιν,
494 1608 635 1643 ὲνέργειάν
650 1617 711 1635 τινα
736 1608 832 1635 σύνθε-

37 1661 90 1679 τον
114 1651 178 1679 ὄντα
201 1652 264 1679 κατ’
288 1653 442 1688 αὑτοὺς,ἢ
471 1653 569 1688 ἔχοντα
597 1654 780 1689 παραδίδωσιν
805 1655 835 1681 ὲν

36 1698 151 1729 τούτοις
162 1699 229 1733 ἡμῖν
244 1699 258 1724 ὁ
272 1698 445 1730 διδάσκαλος,
460 1699 516 1725 ἀλλ’
531 1700 572 1726 ὅτι
598 1699 686 1726 ταῦτα
710 1700 761 1735 μὲν
784 1708 834 1726 κυ-

43 1744 115 1779 ρίως
131 1743 200 1775 ἐστὶ,
214 1744 248 1770 τὰ
260 1743 289 1775 ὲΕ
300 1740 338 1770 ὧν
351 1745 425 1771 ἐστιν
440 1752 447 1760 ο
466 1745 496 1770 οὺ
515 1745 688 1780 διῃρημένως
704 1746 732 1772 δὲ
748 1745 835 1773 ταῦτα

36 1789 263 1823 κατονομάζεται
281 1797 287 1804 ·
305 1789 372 1824 ὁμοῦ
386 1789 425 1822 δὲ,
442 1790 489 1816 καὶ
504 1790 532 1816 ὲν
546 1790 638 1825 ταυτῷ
651 1791 755 1818 τούτων
768 1792 834 1819 ἐκά-

33 1842 133 1869 τερον,
149 1834 187 1866 ὡς
200 1832 241 1865 εἷς
254 1833 291 1860 ὢν
305 1834 353 1860 καὶ
366 1834 445 1869 μόνος
461 1835 474 1861 ὁ
488 1835 617 1870 Χριστός.
630 1836 686 1862 Καὶ
700 1838 834 1872 μαρτυρεῖ

33 1880 110 1916 περὶ
124 1879 227 1906 τούτων
241 1879 323 1910 αὐτὸς
335 1879 544 1914 ὑπαραπολογού
549 1888 629 1915 μενος
648 1881 703 1908 τῶν
724 1881 834 1909 Ἀνατο-

32 1926 128 1953 λικῶν
139 1925 308 1958 ἐπισκόπων,
325 1925 373 1952 καὶ
381 1925 495 1960 γράφων
506 1926 574 1962 πρὸς
589 1926 715 1953 Ἀκάκιον
737 1927 833 1961 οὕτως,

36 1983 48 1999 ι
67 1973 101 2000 Οἱ
115 1972 144 1999 δέ
156 1980 189 2006 γε.
208 1971 279 1999 κατὰ
300 1972 351 2007 τὴν
371 1971 534 2006 Ἀντιόχειαν
560 1972 679 2007 ἀδελφοὶ,
694 1973 835 2008 μερίζουσι

33 2019 92 2055 μὲν
105 2018 168 2045 κατ’
183 2018 278 2045 οὐδένα
293 2019 396 2054 τρόπον
412 2018 447 2045 τὰ
461 2018 589 2053 ἡνωμένα
607 2026 614 2033 ”
632 2018 797 2054 διαιρεῖσθαι
807 2019 836 2045 δὲ

32 2064 124 2099 μόναι
140 2063 318 2091 διατείνονται
335 2064 383 2095 τὰς
399 2064 499 2091 ἐπὶ.τοῦ
512 2064 614 2100 Κυρίου
630 2066 721 2099 φωνάς
733 2073 740 2080 ⁸
770 2065 837 2100 πρέ-

885 1470 939 1497 illis
956 1470 1119 1497 contulerit?
1131 1469 1191 1497 Non
1203 1470 1277 1496 enim
1293 1477 1326 1497 ex
1347 1469 1511 1502 mutatione,
1525 1474 1573 1497 aut
1591 1478 1676 1505 repu-

885 1517 931 1543 dio
945 1523 976 1543 ac
991 1516 1138 1543 amissione
1156 1520 1342 1543 extremorum
1363 1515 1466 1544 Christi
1483 1516 1600 1553 (scilicet
1615 1516 1676 1544 dei-

885 1562 949 1588 tatis
966 1569 998 1588 ac
1016 1561 1205 1593 humanitatis,
1221 1561 1278 1588 sive
1294 1560 1395 1589 divina:
1410 1561 1471 1596 ejus
1485 1566 1567 1596 atque
1579 1561 1679 1588 huma-

884 1615 926 1634 nze
940 1607 1090 1634 voluntatis
1105 1614 1138 1634 ac
1153 1606 1333 1643 operationis)
1356 1606 1430 1634 aliud
1452 1607 1518 1642 quid
1541 1607 1676 1640 medium,

885 1653 942 1681 sive
959 1654 1133 1688 interjectum
1153 1653 1293 1686 eﬂ‘ectum,
1311 1661 1374 1681 cum
1391 1657 1488 1681 neutra
1504 1653 1624 1688 partium
1643 1661 1678 1681 ex

885 1699 985 1734 quibus
1009 1703 1068 1731 est,
1094 1699 1362 1732 communicantem;
1389 1705 1437 1726 aut
1459 1699 1507 1734 qui
1530 1706 1628 1726 rursus
1648 1698 1678 1726 in

884 1752 979 1772 eorum
998 1745 1146 1776 sententia,
1169 1744 1294 1780 operatio
1310 1744 1436 1779 quaedam
1457 1744 1608 1779 composita
1629 1744 1676 1777 sit,

884 1791 929 1817 vel
950 1798 982 1817 ea
998 1790 1146 1825 praeditus;
1165 1789 1268 1825 quibus
1284 1789 1323 1816 sic
1339 1790 1472 1824 loquitur,
1490 1789 1572 1817 nobis
1592 1789 1678 1817 tradit

885 1836 1018 1871 Cyrillus;
1037 1835 1095 1867 sed,
1115 1842 1175 1862 esse
1198 1842 1262 1862 cum
1285 1842 1361 1867 vere,
1383 1842 1426 1868 ea,
1448 1842 1482 1862 ex
1501 1835 1602 1870 quibus
1617 1839 1676 1869 est;

885 1880 959 1908 haud
975 1884 1064 1907 tamen
1085 1887 1118 1907 ea
1135 1879 1250 1906 seorsim
1266 1879 1418 1914 divisisque
1433 1879 1557 1914 partibus
1570 1879 1674 1912 vocari,

886 1927 933 1954 sed
955 1925 1036 1954 simul
1054 1929 1182 1960 utraque,
1196 1929 1227 1952 ut
1240 1925 1287 1960 qui
1302 1933 1374 1952 unus
1390 1925 1516 1953 Christus
1531 1932 1563 1952 ac
1580 1925 1675 1959 singu-

885 1971 951 1998 laris
965 1970 1012 1998 sit.
1028 1969 1157 1997 Testatur
1172 1969 1230 1996 hzec
1248 1970 1315 2004 ipse,
1331 1977 1393 1997 cum
1411 1970 1558 1997 orientales
1569 1969 1678 2004 episco-

886 2024 937 2051 pos
951 2015 1113 2047 dcl‘endens,
1136 2015 1165 2042 in
1181 2015 1239 2042 hazc
1260 2015 1345 2042 verba
1366 2015 1401 2042 ad
1417 2015 1547 2042 Acacium
1568 2013 1680 2042 scribit:

891 2071 900 2088 ι
916 2062 951 2089 At
967 2069 1032 2089 vero
1049 2061 1212 2088 Antiocheni
1231 2061 1338 2093 fratres,
1355 2069 1416 2096 quae
1431 2061 1541 2096 quidem
1559 2061 1632 2088 inter
1646 2068 1677 2088 se

30 2117 104 2135 πειν
116 2117 148 2134 τε
163 2108 212 2140 τὰς
225 2108 276 2143 μὲν
290 2110 322 2143 τῇ
338 2108 446 2144 θεότητι
462 2108 545 2135 αὑτοῦ
557 2128 564 2140 ,
579 2108 628 2140 τὰς
646 2109 673 2135 δὲ
692 2110 725 2144 τῇ
751 2109 832 2136 αὐτοῦ

908 2108 965 2135 nita
978 2111 1053 2139 sunt,
1064 2107 1141 2134 nullo
1152 2112 1233 2142 pacto
1243 2107 1401 2133 distrahunt
1416 2116 1422 2133 :
1438 2107 1484 2134 sed
1498 2107 1571 2134 solas
1581 2114 1675 2139 voces,

29 2152 124 2179 πάλιν
140 2152 341 2188 ἀνθρωπότητι.
355 2152 421 2183 Θεὸς
440 2152 494 2187 γάρ
507 2152 582 2179 ἐστιν
596 2153 610 2179 ὁ
623 2153 705 2184 αὐτὸς
722 2153 770 2179 καὶ
786 2153 834 2180 ἄν·

29 2197 153 2231 Θρωπος
169 2204 177 2212 ο
192 2194 262 2222 εἶναι
284 2196 312 2223 δέ
329 2205 395 2230 φασι
412 2196 459 2223 καὶ
480 2197 576 2231 ἑτέρας
600 2197 833 2232 κοινοποιηθείσας

25 2243 144 2278 τρόπον
161 2241 235 2275 τινὰ,
251 2242 298 2269 καὶ
309 2239 364 2268 οἷον
379 2242 421 2268 ἐπ’
433 2243 517 2277 ἄμφω
529 2243 681 2277 βλεπούσας
694 2251 700 2257 ·
718 2243 832 2278 θεότητα

26 2289 87 2316 καὶ
117 2288 320 2324 ἁνθρωπότητοι
340 2288 411 2323 λέγω
429 2297 435 2304 ·
447 2287 502 2316 οἷόν
516 2289 542 2316 τι
560 2298 642 2325 φημι,
657 2290 685 2316 al
708 2290 757 2324 μὲν
779 2290 832 2325 γάρ

25 2335 91 2361 εἱσι
107 2334 166 2361 τῶν
180 2334 276 2369 φωνῶν
296 2335 337 2361 ὃτι
356 2335 474 2370 μάλιστα
492 2334 664 2370 θεοπρεπεῖς,
678 2336 705 2362 αἱ
720 2335 748 2362 δὲ
763 2335 834 2362 οὓτω

28 2379 127 2406 πάλιν
156 2379 404 2415 ἀνθρωποπρεπεῑς
419 2387 427 2395 ’
452 2380 479 2406 αε
500 2379 527 2405 δὲ
559 2380 645 2414 μέσην
673 2380 734 2406 τινὰ
759 2379 836 2412 τάξιν

23 2427 165 2461 ἔχουσιν,
209 2425 406 2460 ὲμφανίζουσαι
418 2425 462 2452 τὸν
477 2425 540 2452 Υἱὸν
552 2425 599 2452 τοῦ
612 2425 678 2452 Θεοῦ
690 2426 756 2452 Θεὸν
771 2426 836 2452 ὄντα

23 2472 84 2498 καὶ
98 2471 250 2506 ἄνθρωπον
264 2470 331 2506 ὁμοῦ
347 2479 376 2497 τε
390 2471 439 2497 καὶ
457 2473 485 2498 ὲν
506 2471 606 2506 ταύτῷ.
627 2480 636 2497 ι
654 2471 757 2507 δέδειχε
778 2480 835 2498 τοι-

24 2515 146 2550 γαροῦν
178 2516 244 2551 ἡμῖν
259 2516 273 2542 ὁ
291 2515 449 2547 διδάσκαλος
460 2536 467 2548 ,
484 2516 570 2552 μέσην
587 2516 664 2550 τάξιν
686 2515 756 2544 εἶναι
781 2526 837 2552 φω-

22 2561 90 2589 νῶν
107 2579 116 2593 ,
150 2562 202 2597 οὐχ
230 2562 323 2598 ἕτερόν
347 2571 373 2588 τι
404 2562 449 2588 τὸν
478 2562 596 2597 Χριστὸν
622 2561 709 2595 εἶναι,
735 2572 835 2598 σημαι-

22 2607 157 2640 νουσῶν,
177 2608 251 2643 παρὰ
265 2609 300 2635 τὰ
314 2608 342 2641 ἐξ
352 2604 400 2640 ὧν,
415 2608 443 2634 ὲν
457 2606 498 2640 οἷς
509 2617 538 2634 τε
553 2609 600 2635 καὶ
616 2609 687 2645 ἅπερ
700 2610 785 2641 ἐστὶν,
799 2610 836 2642 ὥς

22 2660 113 2684 τινες
127 2653 312 2688 ὑπειλήφασιν
324 2661 331 2668 ·
345 2653 413 2680 ἀλλὰ
422 2653 467 2679 τὸν
482 2653 548 2680 Θεὸν
558 2653 625 2688 ὁμοῦ
638 2655 683 2680 καὶ
694 2654 837 2689 ἄνθρωπον

22 2702 80 2727 τὸν
100 2700 190 2728 αὐτὸν
205 2701 276 2727 κατὰ
301 2700 383 2735 φύσιν
409 2700 552 2736 ὑπάρχειν.
569 2701 625 2728 Καὶ
650 2699 836 2735 παρακομίζει

26 2747 113 2782 πρὸς
130 2746 272 2779 ἀπόδειξιν
285 2747 388 2774 τούτων
399 2747 448 2778 τὰς
459 2746 656 2778 θεοπνεύστους
664 2746 777 2781 Γραφὰς
791 2746 836 2773 οὑ-

22 2794 107 2820 τωσὶ
130 2793 257 2826 φάσκων.
276 2803 286 2819 ι
298 2793 381 2819 Ὅταν
398 2793 447 2827 μὲν
455 2792 494 2827 τῷ
502 2792 627 2828 Φιλίππῳ
640 2792 718 2827 λέγῃ.
729 2792 837 2820 Τοσοῦ-

22 2847 89 2866 τον
99 2838 290 2873 χρόνονμείν
302 2838 384 2873 ὑμῶν
392 2840 461 2873 εἰμι,
469 2839 519 2867 καὶ
528 2841 584 2867 οὐκ
594 2838 727 2873 ἔγνωκάς
734 2847 780 2872 με,
788 2839 836 2865 Φί-

887 2161 947 2189 quaa
960 2154 993 2180 de
1006 2153 1119 2181 Christo
1134 2153 1276 2185 dicuntur,
1294 2152 1477 2180 secernendas
1487 2152 1675 2185 contendunt;

887 2204 969 2233 atque
986 2198 1055 2225 alias
1071 2197 1182 2233 quidem
1205 2198 1265 2232 ejus
1279 2197 1428 2229 divinitati,
1445 2197 1513 2224 alias
1528 2204 1596 2225 vero
1616 2197 1677 2232 ejus

888 2250 984 2270 rursus
1008 2241 1172 2269 humanitati
1188 2248 1350 2276 congruere.
1374 2241 1448 2267 idem
1466 2241 1540 2267 enim
1556 2240 1634 2275 ,Deus
1649 2244 1678 2268 et

888 2289 971 2316 homo
990 2292 1042 2315 est.
1058 2287 1169 2314 Addunt
1181 2286 1361 2313 nihilominus
1384 2286 1517 2320 quasdam
1533 2293 1593 2313 esse
1609 2293 1678 2320 quo-

888 2333 1034 2361 dammodo
1056 2339 1226 2363 communes,
1244 2335 1272 2359 et
1287 2331 1361 2358 velut
1376 2331 1409 2358 ad
1430 2335 1575 2366 utramque
1595 2333 1678 2358 natu-

887 2388 945 2407 ram
954 2384 1119 2414 spectantes,
1129 2378 1300 2405 divinitatem
1311 2377 1415 2405 scilicet
1426 2381 1454 2404 et
1465 2376 1675 2404 humanitatem.

887 2425 966 2458 Quod
979 2424 1200 2459 dico,.ejusmodi
1216 2427 1268 2450 est.
1285 2423 1359 2450 inter
1377 2430 1470 2454 voces,
1486 2430 1547 2457 quae
1566 2422 1677 2449 Christo

886 2471 1057 2503 tribuuntur,
1079 2469 1203 2505 quaedam
1219 2468 1357 2495 divinitati
1380 2467 1552 2502 potissimum
1575 2474 1677 2494 conve-

888 2518 982 2550 niunt;
1007 2517 1067 2544 aliae
1091 2520 1183 2543 autem
1208 2515 1294 2549 magis
1317 2514 1352 2541 ad
1376 2514 1574 2540 humanitatem
1590 2512 1677 2547 perti-

888 2569 955 2591 nent
969 2572 975 2590 :
990 2563 1048 2590 alia:
1070 2561 1189 2596 denique
1205 2561 1284 2596 quasi
1300 2560 1398 2587 medim
1411 2563 1485 2591 sunt,
1502 2567 1563 2594 quae
1578 2559 1676 2586 Filium

886 2609 951 2641 Dei,
970 2609 1055 2635 Deum
1080 2611 1108 2635 et
1130 2607 1270 2634 hominem
1295 2606 1376 2633 simul
1400 2612 1459 2632 esse
1485 2605 1636 2632 declarent.
1663 2613 1673 2630 ι

887 2653 1013 2682 Ostendit
1042 2653 1126 2689 igitur
1150 2652 1230 2679 nobis
1257 2652 1302 2678 ille
1328 2657 1389 2678 esse
1416 2650 1533 2678 mediam
1559 2649 1675 2676 classem

897 2706 1006 2729 vocum,
1028 2705 1080 2724 non
1097 2704 1158 2732 quae
1176 2697 1330 2732 signiﬁcent
1346 2704 1406 2724 esse
1431 2695 1571 2723 Christum
1603 2695 1678 2723 aliud

897 2744 973 2780 quid,
987 2748 1084 2780 praeter
1097 2744 1142 2771 illa
1159 2742 1310 2777 exquibus,
1322 2746 1349 2768 et
1369 2741 1396 2767 in
1427 2740 1537 2775 quibus,
1561 2748 1594 2769 ac
1617 2749 1678 2775 quae

897 2796 950 2822 est,
963 2795 993 2817 ut
1005 2789 1114 2824 quidam
1126 2788 1227 2822 opinati
1238 2791 1313 2819 sunt;
1323 2786 1370 2813 sed
1385 2793 1445 2821 qua:
1453 2786 1577 2814 eumdem
1591 2787 1673 2814 Deum

897 2846 957 2867 esse
974 2841 1057 2872 atque
1072 2837 1209 2863 hominem
1227 2838 1324 2862 natura
1337 2834 1492 2862 ostendant.
1503 2833 1605 2869 [lisque
1618 2841 1680 2869 pro-
