1874 3076
50 133 113 165 1125

494 130 683 162 PAN()PLIA
703 129 934 161 DOGMATICA.
953 143 988 148 —
1008 130 1080 160 Tl'l'.
1096 130 1172 162 XXI.

1589 132 1660 165 M26

47 191 85 222 ὡς
94 189 190 217 ὅτικατ’
205 188 306 220 αὐτοὺς
322 186 535 222 λυμαινόμενον.
547 187 564 221 ἢ
585 187 717 221 μηδαμῶς
732 195 816 221 παρα-

930 192 973 212 nm
987 191 1134 219 aptumque
1150 191 1202 217 est,
1221 193 1281 221 qna"
1294 186 1395 215 innatae
1411 187 1466 215 sint
1484 196 1583 223 resque
1593 197 1660 217 cor

49 238 196 267 ϐλάπτοντα,
209 235 257 260 καὶ
276 233 320 260 ἐπ’
331 233 444 260 ἐκείνων
458 232 625 268 περιληφθῇ.
647 233 718 267 Πρὸς
733 232 819 266 δήλω-

873 232 987 259 stitnant
1003 239 1035 259 ac
1052 232 1213 267 insigniant,
1245 233 1272 260 in
1287 234 1355 268 ipsis
1378 242 1487 269 quoque
1521 236 1603 264 rebus
1633 240 1661 263 ut

50 293 92 311 σιν
107 284 149 318 τῆς
162 281 272 316 ἐνούσης
298 280 390 311 αὐτοῖς
419 279 542 314 ἐμφύτου
559 279 703 313 διαψορᾶς,
728 278 763 304 δι’
786 279 816 314 ἢν

932 282 985 305 stat
1011 281 1178 306 conveniens
1195 280 1250 313 sit;
1282 285 1364 315 atque
1389 281 1457 308 adeo
1486 282 1526 308 vel
1556 283 1590 308 ab
1618 283 1662 309 his

49 329 121 363 αὑτῷ
140 329 185 354 κᾶν
196 329 259 358 ταῖς
283 327 391 357 οὐσίαις
419 325 633 360 προσχρώμεθα·
653 325 669 358 ἢ
695 324 816 357 δείξωσι,

870 332 980 360 quoque
994 333 1138 353 numerum
1156 326 1294 359 auferant,
1323 327 1424 361 utqui,
1459 334 1507 362 per
1535 335 1592 360 eos,
1625 329 1664 355 la-

51 375 106 406 πῶς
120 375 152 409 μὴ
168 373 307 408 ἀναίρεσιν
332 371 444 403 πάντῶς
465 371 482 406 ἢ
507 371 652 405 σύγχυσιν,
676 370 723 396 τοῦ
751 370 816 396 κατὰ

930 382 932 396 l
949 375 1075 405 asserat;
1093 373 1147 405 vel,
1161 380 1223 399 eum
1238 373 1307 400 nihil
1321 373 1411 407 laedat,
1426 373 1453 401 in
1484 374 1538 401 illis
1553 382 1664 410 quoque

47 421 178 456 ἄνθρωπον
192 418 310 454 φυσικοῦ
325 418 373 444 τοῦ
390 417 517 451 Σωτῆρος
531 416 685 451 θελήματος
700 415 825 451 ἀπεργά-

47 468 146 499 ζονται,
157 466 197 492 διὰ
214 466 264 500 τῆς
277 464 348 492 κατὰ
364 463 409 490 τὸν
424 462 541 498 ἀριθμὸν
554 463 763 497 παραιτήσεως.

874 423 1049 450 assumatur;
1071 419 1172 446 adhoc
1197 419 1313 451 scilicet,
1332 424 1362 447 ut
1389 429 1451 456 qum
1479 421 1533 448 illis
1564 426 1662 448 natura

876 461 948 490 inest
965 463 1105 492 distinctio
1122 465 1276 494 innomseat
1293 476 1298 493 :
1317 468 1388 501 quod
1412 475 1496 494 unum
1527 469 1553 494 in
1578 474 1664 495 causa

47 519 101 545 est,
112 516 137 539 ut
149 515 172 539 et
185 511 211 538 in
229 509 335 537 naturis
353 516 496 536 numerum
514 515 680 542 ttsurpentus
694 515 702 540 ;
715 511 763 534 aut
777 511 851 535 certe
881 509 1037 542 ostendant,
1055 511 1101 544 qui
1115 511 1161 538 liat
1176 515 1205 538 ut.
1226 513 1379 540 naturalem
1397 513 1547 542 Salvatoris
1565 516 1666 543 volun-

48 564 137 591 tatem,
151 563 200 592 qua
221 555 328 583 ratitme
343 558 386 581 est
399 554 492 586 homo,
514 561 567 580 non
585 554 699 581 omnino
721 551 850 580 auferant
877 557 925 580 aut
960 553 1137 587 confundant,
1157 555 1205 590 qui
1230 556 1291 591 ejus
1317 564 1429 585 censum
1461 566 1493 586 ac
1521 567 1666 587 ηυηιει-υιη

50 607 185 638 respuant.

86 650 127 684 Τῷ
139 649 187 684 γὰρ
216 647 353 682 θεωθῆναι
378 647 412 682 τῇ
438 645 507 680 πρὸς
536 645 603 672 Θεὸν
624 643 734 677 ἑνώσει,
751 644 826 672 καθὰ

48 697 98 723 καὶ
123 695 166 731 τὴν
189 695 271 730 φύσιν
294 694 381 727 αὐτὴν
412 694 463 728 τῆς
490 692 609 726 λογικῶς
635 701 666 718 τε
696 692 745 718 καὶ
766 699 827 718 νοε-

50 742 106 777 pth;
121 741 292 776 ὲψυχωμένης
308 739 422 774 σαρκὸς,
443 738 494 773 τῆς
519 738 581 764 κατ’
602 738 696 764 οὐσίαν
715 737 827 770 omm-

47 796 96 818 τος
120 787 164 813 οὐκ
186 786 337 819 ἐξίστησιν·
364 784 462 818 ὥσπερ
490 784 551 810 eoat
573 783 624 817 τῆς
654 783 758 814 οίκείας
781 782 827 809 τὸν

930 643 989 672 Non
1030 645 1101 672 enim
1145 647 1216 680 quod
1251 646 1329 680 haec,
1367 648 1467 675 ttnionc
1505 656 1566 676 cum
1609 649 1666 678 Deo

876 691 976 719 deitate
1009 692 1114 720 imbuta
1148 694 1195 726 sit,
1225 693 1298 720 haud
1328 702 1408 722 secus
1445 703 1476 722 ac
1521 696 1577 729 ipsa
1616 704 1664 724 na—

877 743 937 765 tura
973 738 1076 772 carnis,
1107 739 1203 766 animae
1235 740 1355 774 praedita:
1377 746 1469 768 utente
1507 743 1615 769 ratione
1638 748 1665 769 et

878 784 1044 819 intelligente
1085 792 1117 812 eo
1158 786 1286 818 extrahit,
1324 788 1395 820 quod
1438 787 1474 813 illi
1519 788 1669 816 essentiale

48 834 164 868 σίδηρον,
189 833 206 867 ὴ
234 832 306 867 ἂκρα
329 831 378 858 καὶ
409 830 444 856 δι’
461 830 522 857 ὅλου
552 830 623 864 πρὸς
640 829 669 856 τὺ
689 828 745 864 πῦρ
764 837 816 855 συν

930 831 1007 864 istit;
1029 831 1067 858 uti
1099 838 1189 866 neque
1217 832 1331 862 ferrum.
1365 834 1399 860 ab
1415 840 1448 860 eo
1479 833 1552 868 quod
1580 834 1618 861 illi
1632 842 1666 860 ex

48 878 192 914 ανάκρασίς
217 886 249 904 τε
279 878 326 903 καὶ
355 877 463 907 ἓνωσις·
501 875 570 902 ἀλλὰ
593 875 693 910 πάσχει
717 875 767 909 μὲν
794 874 829 901 τὰ.

49 926 144 961 πυρὸς,
168 925 260 959 ἐπειδὴ
288 923 345 958 πῦρ
369 925 403 959 τῇ
429 922 527 949 ένώσει
554 922 709 956 γεγένηται·
741 920 829 956 βρίθει

49 973 80 1000 δὲ
97 971 170 998 πάλιν
184 971 256 997 κατὰ
281 969 375 1003 φύσιν,
403 969 451 995 καὶ
464 969 571 1003 τέμνει,
591 967 632 994 ὅτι
663 967 700 1002 μὴ
728 968 778 1001 τῆς
792 967 830 993 oi-

50 1020 127 1050 κείας
139 1017 225 1052 λώϐην
236 1016 356 1044 πέπονθε
370 1014 488 1050 φύσεως,
516 1015 532 1050 η
552 1014 674 1049 φυσικῆς
687 1014 828 1049 ἐνεργείας

50 1065 145 1100 ἐξέστη
169 1064 198 1090 τὸ
222 1063 343 1089 σύνολονο
372 1061 462 1088 καίτοι
488 1060 559 1095 μετὰ
585 1060 671 1095 πυρὸς
697 1060 830 1094 ὑπάρχων

47 1110 122 1137 κατὰ
130 1109 177 1144 τὴν
190 1108 275 1142 αὐτὴν
288 1107 336 1134 καὶ
364 1107 429 1141 μίαν
446 1106 608 1137 ὑπόστασιν,
623 1106 671 1131 καὶ
696 1105 828 1131 ἀδιαστά-

47 1165 104 1186 τως
113 1154 189 1189 δρῶν,
202 1154 236 1180 τά
255 1162 284 1179 τε
305 1154 376 1180 κατὰ
390 1152 471 1187 φύσιν
485 1151 564 1178 ἰδίαν·
581 1151 654 1185 λέγω
675 1151 704 1177 δὲ
719 1152 770 1185 τὴν
785 1159 829 1177 το-

49 1203 118 1237 μήνι
131 1201 174 1227 καὶ
188 1200 222 1226 τὰ
242 1199 303 1226 καθ’
316 1199 414 1226 ἕνωσιν
430 1198 517 1231 αὖθις,
541 1198 610 1232 ὅπερ
627 1197 701 1227 ἐστὶν
718 1198 734 1232 ἡ
760 1197 830 1224 καῦ-

48 1257 106 1279 σις.
121 1246 205 1274 Αὐτοῦ
220 1247 275 1282 γὰρ
286 1245 418 1281 ὑπάρχει,
434 1243 563 1277 καθάπερ
578 1244 626 1269 καὶ
648 1242 695 1269 τοῦ
711 1243 799 1277 πυρὸς
816 1243 833 1278 ἡ

46 1295 131 1329 τομὴ,
142 1294 183 1320 διὰ
199 1293 248 1328 τὴν
263 1293 351 1325 ἄκραν
364 1292 467 1317 τούτων
481 1290 522 1321 είς
540 1289 643 1323 ἄλληλα
670 1288 828 1323 περιχώρη-

49 1341 95 1367 σίν
108 1348 135 1366 τε
151 1339 197 1365 καὶ
223 1339 368 1365 ἀντίδοσιν·
393 1337 440 1363 καὶ
469 1335 532 1362 οὔτε
556 1335 606 1370 τὴν
627 1336 709 1370 φύσιν
734 1334 829 1366 αὑτοῦ,

48 1387 124 1422 φημὶ
133 1386 160 1413 δὲ
176 1385 223 1412 τοῦ
241 1385 363 1420 σιδήρου,
388 1383 439 1411 κᾶν
455 1384 524 1418 μετὰ
540 1383 626 1416 πυρὸς
648 1382 759 1417 ὁρᾶται,
775 1388 833 1408 κω-

46 1437 172 1472 λυόμεοα
183 1437 213 1463 τὸ
220 1436 351 1471 παράπαν
368 1433 512 1468 ὀνομάζειν
526 1431 543 1467 ἢ
560 1430 697 1465 ἀριθμεῖν,
714 1427 776 1455 οὗτε
787 1427 836 1463 τὴν

49 1482 172 1518 φυσικὴν
184 1482 335 1516 ἐνέργειαν,
354 1479 378 1506 εἰ
392 1478 439 1505 καὶ
454 1476 523 1513 μετὰ
535 1475 659 1506 καύσεως
674 1473 836 1508 καθορᾶται,

49 1529 101 1556 καὶ
130 1527 265 1564 μηδεμίαν
289 1526 347 1561 ἔχει
373 1524 442 1560 πρὸς
466 1522 570 1558 ταύτην
598 1521 749 1551 διάστασιν,
779 1517 836 1564 ἀλλ’

49 1563 179 1604 ἐνοειδῶς
196 1574 244 1600 σὺν
257 1572 325 1608 αὒτῇ
347 1580 377 1597 τε
394 1571 442 1597 καὶ
462 1571 492 1596 ὲν
507 1569 577 1604 αὐτῇ
601 1566 774 1601 διαφαίνεται
789 1563 838 1590 καὶ

49 1619 230 1654 γνωρίζεται.
257 1618 306 1650 Τίς
326 1615 372 1644 οὖν
387 1617 401 1643 ὁ
424 1616 514 1649 λόγος,
542 1613 589 1641 τοῦ
605 1612 636 1639 τὺ
653 1609 778 1647 φυσικῶς

49 1653 134 1699 (ρὺσει
149 1663 251 1699 προσδν
270 1662 307 1698 μὴ
323 1661 462 1697 ἀριθμεῖν,
474 1658 595 1685 τουτέστι
611 1657 641 1683 τὸ
655 1655 772 1690 θέλημα,
792 1653 839 1680 καὶ

48 1709 141 1745 ταύτῃ
155 1709 186 1735 τὺ
200 1708 261 1735 καθ’
275 1708 348 1743 ἡμᾶς
365 1705 458 1737 ἀτελὲς
472 1704 512 1739 τῷ
530 1702 672 1738 ὑπερτελεῖ
683 1700 731 1728 καὶ
743 1706 840 1745 προτε-

48 1755 120 1790 λείῳ
128 1743 192 1789 θεῷ
203 1754 281 1788 Λόγῳ
297 1751 500 1787 σεσαρκωμένῳ
517 1746 751 1784 προσμαρτυρεῖν,
779 1743 842 1790 καί-

49 1787 222 1828 τοιγπάντων
244 1787 352 1832 ὲτιίσης,
368 1795 478 1831 εὐδοκία
501 1792 619 1828 Πατρδς,
635 1791 682 1818 καὶ¹
696 1787 842 1823 συνεργείᾳ

51 1846 218 1880 Πνεύματος
235 1843 313 1878 ἁγίου
329 1843 372 1870 διὰ
385 1841 434 1877 τὴν
448 1839 526 1876 ἡμῶν
540 1837 689 1872 σωτηρίαν,
701 1834 763 1862 καθ’
778 1833 843 1880 ἔνω-

51 1898 99 1916 σιν
115 1878 165 1923 τὴν
177 1887 340 1914 ἀδιάστατον
363 1885 417 1912 τῶν
429 1884 478 1919 τῆς
491 1883 601 1918 φύσεως
616 1878 840 1913 κεκοινωνηκότι,

49 1933 186 1968 καθάπερ
199 1930 246 1959 οὖν
257 1931 360 1966 καύτῆς
376 1930 488 1960 τελείως
498 1929 548 1964 τῆς
567 1927 687 1962 φύσεως,
710 1924 781 1968 πλὴν
798 1923 845 1968 po-

49 1987 108 2014 νης
121 1980 173 2013 τῆς
189 1977 336 2013 ἁμαρτίας,
353 1977 394 2003 ὃτι
417 1975 485 2011 μηδὲ
507 1975 557 2010 τῆς
579 1972 687 2007 φύσεως
706 1967 751 2005 ἦν,
777 1967 845 2014 me

48 2013 186 2059 γνώμης,
206 2023 283 2059 παρὰ
300 2023 347 2049 τὸν
370 2022 449 2056 λόγον
465 2020 512 2047 καὶ
528 2019 575 2046 τὸν
592 2017 674 2053 νόμον
697 2013 846 2048 κεκινημέο

48 2078 107 2104 νης
125 2069 177 2102 τῆς
191 2068 311 2103 φύσεως,
325 2067 445 2103 ἑκτροπὴ
459 2067 506 2092 καὶ
517 2064 669 2098 ὀλίσθημα;

880 876 1000 904 essentia
1012 882 1062 910 est,
1077 877 1197 904 extrudit
1218 885 1322 904 summa
1352 878 1423 913 ejus,
1454 883 1564 914 totaque
1595 881 1670 906 mole

882 930 944 950 cum
957 923 1018 958 igne
1029 924 1246 957 contemperatio
1261 928 1343 958 atque
1355 925 1419 951 nnio
1433 933 1439 952 :
1457 925 1505 952 sed
1521 926 1592 959 ignis
1605 926 1670 960 qui-

882 969 943 996 dem
962 969 1120 997 affectiones
1138 969 1244 1005 recipit,
1257 977 1289 997 eo
1318 970 1390 1005 quod
1405 978 1438 998 ex
1470 972 1571 998 unione
1595 972 1671 999 velut

884 1016 954 1051 ignis
973 1017 1059 1044 evasit
1073 1025 1080 1049 ;
1094 1024 1168 1050 gravi
1185 1021 1274 1043 tamen
1294 1024 1389 1044 rursus
1423 1017 1544 1051 pondere
1572 1023 1672 1044 natura

883 1069 938 1095 est,
952 1067 979 1090 et
993 1067 1075 1095 secat,
1105 1063 1209 1091 idcirco
1223 1063 1353 1090 nimirum
1380 1063 1451 1097 quod
1483 1063 1543 1098 ejus
1567 1069 1673 1092 natura:

885 1108 960 1134 nulla
976 1108 1052 1135 labes
1067 1109 1142 1135 illata
1154 1113 1207 1140 est,
1225 1116 1276 1136 nec
1290 1116 1306 1135 a
1322 1109 1440 1136 naturali
1468 1117 1582 1144 prorsus
1608 1118 1674 1144 ope-

883 1155 990 1180 ratione
1005 1155 1141 1186 excessit;
1160 1155 1210 1182 etsi
1235 1162 1297 1182 cum
1315 1157 1386 1189 igne,
1411 1155 1563 1183 secundum
1592 1164 1674 1183 uuam

885 1199 1065 1234 eamdemque
1081 1199 1257 1228 subsistentia
1275 1201 1419 1234 rationem,
1444 1209 1495 1227 una
1513 1201 1630 1234 exsistit,
1642 1209 1675 1228 ac

888 1245 1006 1272 indivise
1021 1250 1162 1279 operatur,
1173 1250 1230 1273 tum
1246 1254 1306 1280 qua:
1321 1254 1355 1273 ex
1370 1247 1480 1281 propria
1497 1250 1594 1274 natura
1609 1251 1673 1274 sunt

888 1290 929 1326 (ut
946 1298 1043 1325 nempe
1060 1291 1155 1326 secet)
1171 1296 1227 1319 tum
1243 1299 1342 1320 rursus
1355 1292 1426 1326 quod
1438 1301 1469 1319 ex
1484 1293 1585 1320 unione
1595 1300 1675 1321 acce-

888 1337 928 1363 dit
942 1337 1057 1371 (scilicet
1076 1341 1104 1364 ut
1123 1343 1197 1365 urat.
1211 1337 1285 1365 Illius
1296 1339 1370 1365 enim
1390 1343 1445 1372 est,
1460 1338 1536 1373 quod
1552 1339 1618 1372 urit,
1634 1338 1676 1366 uti

889 1382 969 1409 etiam
988 1382 1069 1416 ignis,
1080 1382 1153 1417 quod
1172 1387 1257 1416 secat,
1269 1384 1303 1411 ob
1318 1391 1454 1410 summam
1479 1384 1575 1411 horum
1604 1384 1677 1412 inter

885 1433 914 1453 se
937 1426 1116 1461 intimamque
1129 1427 1347 1462 penetrationem
1366 1435 1397 1454 ac
1418 1427 1674 1462 reciprocationem.

886 1472 925 1500 Ac
950 1480 1039 1507 neque
1064 1473 1124 1508 ejus
1147 1478 1273 1500 naturam
1299 1473 1375 1506 (ferri
1401 1473 1517 1505 scilicet)
1542 1473 1594 1500 etsi
1619 1473 1676 1508 igni

887 1519 1032 1553 conjuncta
1054 1518 1233 1554 conspicitur,
1248 1519 1304 1546 ullo
1323 1519 1406 1546 modo
1417 1519 1560 1546 nominare
1579 1519 1677 1554 prohi—

888 1563 986 1591 bemur
1007 1567 1054 1590 aut
1080 1571 1235 1596 numerare,
1253 1571 1342 1598 neque
1366 1564 1519 1591 naturalem
1542 1564 1678 1598 operatio-

888 1617 950 1637 nem
965 1618 973 1636 :
986 1617 1141 1645 quanquam
1163 1610 1222 1638 haec
1244 1610 1366 1637 cernitur
1389 1609 1486 1636 urendi
1504 1608 1606 1636 actioni
1632 1616 1679 1636 co—

890 1661 958 1687 mes,
972 1662 1023 1682 nec
1033 1654 1067 1682 ab
1077 1662 1108 1682 ea
1120 1654 1270 1690 quidquam
1282 1655 1430 1687 dividitur;
1444 1653 1493 1681 sed
1505 1654 1680 1681 uniformiter

890 1708 952 1726 cum
967 1708 1009 1733 ea,
1031 1705 1113 1735 atque
1135 1701 1163 1728 in
1185 1708 1217 1728 ea
1233 1700 1336 1728 dilucet
1355 1705 1436 1735 atque
1459 1700 1592 1727 noscitur.
1614 1698 1680 1732 Qua:

890 1744 974 1778 ig‘tur
987 1744 1057 1771 ratio
1070 1748 1101 1771 ut
1111 1744 1138 1771 id
1150 1751 1204 1771 non
1219 1751 1397 1771 numeremus
1409 1743 1481 1777 quod
1495 1746 1594 1770 natura
1608 1741 1680 1768 inest

890 1793 995 1816 naturae
1019 1789 1134 1825 (nempe
1158 1789 1345 1822 voluntatem)
1369 1797 1455 1823 caque
1483 1789 1599 1820 ratione,
1623 1788 1681 1814 Deo

891 1833 981 1861 Verbo
1005 1833 1155 1866 incarnato,
1173 1834 1271 1869 majori
1290 1834 1395 1861 scilicet
1411 1833 1485 1860 omni
1509 1832 1681 1868 perfectione

891 1879 972 1914 eique
989 1879 1132 1911 anteriori,
1154 1884 1185 1906 ut
1199 1887 1249 1907 nec
1271 1880 1353 1907 homo
1371 1879 1509 1914 perfectus
1525 1878 1560 1906 sit
1577 1877 1682 1905 tribua-

894 1931 970 1957 mus;
996 1932 1153 1959 quanquam
1180 1925 1302 1952 omnittm
1332 1925 1463 1960 perinde,
1492 1933 1553 1960 qum
1577 1928 1684 1951 natura:

893 1974 967 2001 sunt,
991 1974 1091 1997 nostrae
1116 1970 1212 1998 salutis
1235 1978 1327 2002 causa,
1348 1979 1397 2005 per
1421 1970 1584 1997 indivulsam
1603 1968 1683 1996 unio-

893 2023 967 2047 nem,
981 2023 1116 2051 propensa
1132 2017 1219 2043 Patris
1239 2017 1378 2043 voluntate
1401 2024 1432 2043 ac
1455 2015 1573 2050 Spiritus
1595 2013 1683 2041 sancti

894 2061 1098 2096 cooperatione,
1121 2062 1317 2089 commercium
1342 2061 1419 2094 iniit;
1441 2061 1481 2087 uti
1502 2061 1581 2095 plane
1599 2059 1684 2086 etiam

45 2102 146 2153 ipsius
171 2102 294 2152 perfecte
313 2102 535 2144 communionem
558 2119 674 2144 naturae.
697 2119 753 2139 uno
776 2110 907 2138 duntaxat
918 2112 1033 2143 excepto
1047 2111 1170 2142 peccato,
1202 2106 1276 2140 quod
1298 2105 1388 2140 ipsum
1419 2113 1454 2132 ne
1489 2107 1593 2131 natura:
1617 2102 1680 2138 qni—

48 2151 121 2192 dem
146 2151 277 2195 attinens,
299 2162 381 2191 animi
399 2161 546 2188 voluntatis
569 2158 731 2193 arbitriique
752 2161 847 2195 contra
866 2155 998 2182 rationem
1018 2154 1159 2189 legemque
1182 2157 1287 2180 natura:
1311 2152 1396 2185 moti,
1429 2151 1566 2179 cxcrratio
1598 2155 1683 2184 atque

48 2211 155 2246 lapsus
171 2210 290 2237 exsistit.

88 2254 150 2281 Καί
171 2263 218 2289 μοι
234 2253 348 2283 δεόντως
372 2251 489 2286 μάλιστα
504 2248 596 2274 τούτου
611 2256 642 2282 γε
656 2247 736 2282 χάριν
754 2245 768 2271 ὁ
784 2245 846 2280 λεχ-

930 2244 1051 2279 Mihiqtte
1076 2242 1209 2274 maxime,
1236 2241 1295 2277 ejus
1312 2239 1351 2267 rei
1377 2238 1463 2274 gratia
1487 2234 1685 2263 convenienter

42 2300 112 2330 θεὶς
127 2279 284 2333 ἐπίστήσας
300 2279 426 2331 φαίνεται
456 2293 584 2329 μοναχὴς,
612 2291 659 2319 τοῦ
685 2289 800 2326 φυσικοῦ

933 2291 1045 2318 vertisse
1066 2289 1184 2319 videtur,
1204 2286 1355 2314 monachus
1376 2285 1431 2316 ille,
1457 2283 1536 2318 cujus
1559 2279 1686 2311 memini,

40 2345 203 2380 γνωμικὸν
217 2331 370 2374 διαστείλας
388 2341 551 2376 θελήματος.
565 2339 603 2365 Τὸ
628 2338 676 2372 μὲν
695 2337 760 2371 γὰρ,
776 2344 816 2361 κα¹

930 2347 962 2366 nn
979 2337 1064 2364 animi
1085 2336 1270 2366 voluntatem,
1295 2331 1495 2365 arbitriumque
1518 2336 1550 2356 ac
1573 2331 1686 2354 senten-

38 2373 98 2418 ’τὸν
112 2373 203 2418 αὑτοῦ
218 2388 308 2420 καλῶς
324 2373 420 2422 ἔχοντα
446 2373 571 2420 opto-pr,
588 2383 708 2417 Δύναμις
730 2381 816 2416 ὕπαρ)

930 2393 979 2416 im,
1004 2392 1019 2411 a
1041 2382 1158 2410 naturali
1184 2381 1326 2408 voluntate
1348 2377 1482 2405 distinxit.
1507 2374 1570 2402 llaec
1592 2373 1687 2405 enim,

38 2435 99 2463 τοῦ
115 2436 193 2462 κατὰ
205 2435 286 2469 φύσιν
302 2434 380 2465 ὖντος
397 2432 538 2468 ὀρεκτική.
558 2431 616 2457 Πᾶν
640 2430 694 2464 γὰρ
717 2428 744 2455 εἴ
755 2436 782 2454 τι
795 2427 849 2453 τῶν

38 2484 144 2510 ὄντων
159 2482 209 2509 καὶ
228 2481 345 2517 μάλιστα
356 2479 484 2514 λογικῶν,
505 2477 626 2513 φυσικῶς
641 2475 688 2502 τοῦ
710 2474 780 2502 κατὰ
800 2471 850 2508 (ξύ-

42 2537 96 2555 σιν
111 2527 198 2558 ὄντος
214 2527 357 2562 ὀρέγεται,
404 2526 452 2552 καὶ
466 2524 561 2551 τούτου
584 2522 660 2557 παρὰ
677 2519 744 2547 Θεοῦ
768 2518 850 2546 λαϐὸν

41 2574 120 2601 κατ’
143 2573 244 2600 οὐσίαν
269 2572 325 2607 ἔχει
345 2571 396 2606 τὴν
413 2570 539 2606 δύναμιν,
560 2569 627 2603 πρὸς
656 2567 786 2593 σύστασιν
802 2565 851 2600 τὴν

41 2618 176 2646 ἑαυτοῦ.
200 2618 231 2644 Εἰ
246 2617 300 2653 γὰρ
323 2617 370 2643 τοῦ
391 2615 462 2643 κατὰ
481 2615 561 2649 φύσιν
575 2613 652 2644 ὄντος
667 2612 717 2638 οὐκ
732 2611 788 2645 ἔχει
804 2609 852 2644 τὴν

40 2663 165 2699 ὄρεξιν,
181 2663 229 2689 τοῦ
245 2661 375 2697 μηδαμῶς
388 2660 473 2692 ὄντος,
488 2658 569 2685 πόθεν
581 2657 628 2684 καὶ
642 2655 711 2687 πῶς,
731 2653 852 2699 μηδόλως

42 2698 187 2745 ὖῇαρξιν
201 2709 219 2744 ἢ
240 2709 348 2743 κίνησιν
365 2706 489 2742 ἔχοντος;
510 2705 599 2732 Μόνον
623 2702 678 2737 γὰρ
693 2700 807 2736 ἀδρανὲς
824 2698 854 2725 τὺ

42 2757 92 2792 μὴ
111 2756 147 2782 ὃν
161 2755 212 2782 καὶ
226 2755 365 2781 ἀνούσιον·
391 2753 438 2780 καὶ
455 2750 581 2786 οὐδαμῶς
597 2749 657 2776 οὐδὲ
686 2747 736 2783 μία
759 2745 854 2772 τούτου

39 2790 182 2836 ίδὺναμις
198 2801 225 2827 έν
240 2802 296 2831 τοῖς
309 2798 385 2827 οὖσιν
401 2799 528 2833 ὑπάρχει,
540 2796 586 2823 καὶ
601 2795 717 2829 κίνησις.
733 2791 770 2818 Τὸ
802 2790 829 2816 δὲ
847 2810 855 2823 ,

40 2848 234 2883 αὐθαίρετος
250 2847 323 2882 ὁρμὴ
339 2846 507 2879 καθέστηκε,
518 2842 564 2873 τὰς
580 2841 622 2876 ἐφ’
638 2839 755 2874 ἑκάτερα
771 2846 847 2864 ποιου

45 2895 133 2930 μένη
154 2893 373 2930 παρεκτροπάς·
399 2891 447 2918 καὶ
473 2890 503 2917 οὑ
524 2888 630 2924 φύσεως
652 2886 773 2921 ὑπάρχον
790 2884 851 2918 ἀφο-

897 2431 973 2466 juxta
996 2436 1068 2462 eam,
1095 2434 1176 2462 quam
1203 2425 1255 2452 rite
1277 2423 1399 2454 tradidit,
1424 2420 1623 2450 definitionem,
1638 2418 1689 2445 Vis

900 2480 952 2507 est,
967 2474 1026 2510 ejus
1043 2477 1183 2508 appetens,
1197 2470 1270 2506 quod
1287 2473 1329 2497 est
1345 2466 1497 2495 secundum
1610 2466 1689 2489 natu-

902 2529 971 2548 ram.
997 2517 1135 2553 Quidquid
1164 2517 1236 2544 enim
1263 2522 1354 2544 rerum
1380 2519 1494 2548 ttsquam
1517 2513 1569 2540 est,
1592 2515 1689 2535 carum

903 2567 1019 2594 maxime
1031 2572 1091 2600 qua:
1104 2563 1208 2590 ratione
1221 2564 1346 2592 utuntur,
1358 2559 1384 2586 id
1401 2557 1474 2593 quod
1488 2560 1529 2584 est
1542 2563 1575 2582 cx
1592 2559 1690 2600 natura

904 2611 1017 2646 appetit,
1032 2598 1146 2644 ejusque
1160 2606 1304 2642 appetendi
1319 2605 1375 2631 vim
1390 2601 1572 2646 cssentialiter
1587 2607 1602 2626 a
1623 2598 1691 2646 Deo,

905 2643 960 2692 quo
975 2656 1014 2683 illi
1034 2643 1188 2682 substantia
1203 2660 1263 2684 sua,
1281 2658 1312 2678 ac
1329 2648 1402 2684 quod
1422 2651 1473 2679 est,
1490 2645 1626 2673 incolume
1643 2643 1691 2675 sit,

906 2702 1019 2730 inditam
1037 2699 1151 2734 accepit.
1168 2698 1226 2726 Nisi
1246 2696 1319 2724 cnim
1338 2695 1399 2729 ejus
1411 2692 1483 2728 quod
1496 2699 1529 2718 ex
1541 2693 1636 2717 natura
1650 2693 1694 2716 est

907 2747 1102 2783 appetitionem
1127 2744 1220 2776 habet,
1237 2741 1320 2772 unde,
1341 2747 1429 2775 quove
1446 2737 1528 2766 modo
1546 2737 1606 2783 ejus
1619 2734 1695 2770 quod

908 2782 962 2821 non
983 2798 1035 2824 est,
1051 2795 1133 2826 atque
1148 2789 1218 2816 nihil
1234 2792 1286 2819 est,
1301 2786 1411 2816 habeat,
1429 2783 1502 2819 quod
1518 2782 1593 2809 omni
1616 2788 1694 2816 pror-

909 2847 956 2867 sus
977 2836 1096 2866 essentia
1121 2839 1251 2869 motuque
1270 2830 1377 2860 careat?
1398 2829 1492 2858 Solum
1514 2828 1588 2856 enim
1609 2827 1695 2854 imbe-

909 2885 970 2912 (‘ille
989 2889 1044 2917 cst,
1069 2881 1142 2918 quod
1164 2889 1198 2908 nc
1221 2884 1262 2907 cst
1282 2877 1409 2913 quidem,
1432 2875 1561 2910 omnique
1578 2871 1696 2901 essentia
