1874 3076
193 148 262 182 1127

821 153 979 184 EU'I‘HYM
987 153 1014 182 ΙΙ
1033 153 1216 185 ZIGABENI

1756 154 1813 187 1123

195 220 287 248 caret;
303 223 354 243 nec
368 216 422 243 ulla
437 223 551 250 prorsus
565 215 624 250 ejus
639 215 668 243 in
683 215 768 243 rebus
781 216 823 243 vis
839 222 984 252 motusque

1037 220 1168 256 ριστικδν,
1186 220 1253 247 ἀλλὰ
1270 219 1419 256 προσώπου
1439 221 1544 256 κυρίως
1561 221 1610 248 καὶ
1634 221 1808 253 ὑποστάσεως.

195 266 247 288 est.
264 261 327 289 Hzec
346 270 429 297 porro
451 262 537 290 libera
552 261 716 297 arbirriique
732 263 864 298 appetitio
884 268 936 295 est,
948 264 984 296 ,in

196 311 344 341 utrumque
366 307 504 335 declinare
526 312 672 342 prestans;
691 309 770 343 cujus
793 308 914 335 muneris
931 313 983 342 est,

196 360 251 379 non
271 358 301 380 ut
318 358 455 386 naturam,
473 355 521 382 sed
543 359 574 382 ut
592 363 736 390 personam
761 362 793 382 ac
817 355 984 390 hypostasim

197 399 307 433 proprie
331 400 479 428 discernat.
504 400 560 433 Qua
584 409 613 428 re
634 406 794 436 perspecta,
813 401 918 428 divisus
941 402 986 429 ille

198 444 373 480 hominisque
394 446 484 473 cultor
504 446 664 479 Nestorius,
687 447 772 474 animi
794 447 985 480 voluntatum,

197 497 247 517 seu
269 491 468 519 sententiarum
490 492 620 520 unionem
634 492 718 528 impie
738 493 842 525 docuit,
857 497 887 521 ut
901 494 988 521 altera

198 536 311 564 alteram
334 537 538 566 subsistentiam
559 546 757 574 personamque
774 544 920 573 astrueret,
934 548 988 567 nu-

198 582 304 617 dusque
323 583 361 610 illi
379 583 461 611 homo
474 588 628 617 constaret;
651 593 749 620 nempe
765 585 848 613 animi
870 586 988 621 quadarn

198 627 338 656 voluntate
362 636 394 656 ac
415 630 561 662 sententia,
586 634 717 664 motuque
739 631 827 658 libero
851 631 879 658 in
902 632 988 658 Deum

198 672 330 705 Verbum,
344 673 383 700 uti
399 673 456 709 ipse
469 674 602 709 loquitur,
616 674 731 702 conﬂata
745 676 863 709 unione;
875 684 909 703 ex
923 684 988 711 qua,

199 719 324 746 eamdem
349 720 456 747 consilii
481 728 513 748 ac
538 720 687 748 voluntatis
712 721 857 754 rationem,
881 730 930 750 seu
949 724 990 758 (ut

199 765 293 792 verius
309 765 449 800 magisque
467 766 577 801 proprie
600 766 708 802 loquar)
726 767 916 802 multiplicem,
933 772 991 795 sta-

201 810 267 841 tuit;
292 815 394 844 quanto
426 811 509 838 etiam
543 811 660 847 singulis
684 813 817 847 paulatim
841 813 991 841 voluntatis

1035 266 1089 292 Καὶ
1101 265 1181 292 τοῦτό
1201 274 1233 300 γε
1252 265 1378 300 διαγνοὺς
1393 266 1408 292 ὁ
1433 265 1599 301 διῃρημένος
1617 265 1663 292 καὶ
1676 264 1810 300 ἀνθρωπο-

1035 311 1140 347 λάτρης
1154 311 1314 347 Νεστόριος,
1330 311 1448 346 γνωμῶν
1463 311 1561 339 ἕνωσιν
1582 311 1686 344 ἀσεϐῶς
1703 311 1810 347 ἐδογμά-

1035 365 1111 384 τισεν
1123 365 1131 373 ·
1152 357 1185 383 ἵν’
1201 356 1338 391 ἑκατέραν
1358 356 1391 383 δι’
1405 356 1539 391 ἑκατέρας
1559 356 1707 383 ὑπόστασιν
1723 357 1811 383 ἐπικυ-

1039 403 1124 439 ρώσῃ,
1139 403 1186 430 καὶ
1199 405 1214 430 ό
1234 402 1313 438 ψιλὸς
1336 402 1480 437 ἄνθρωπος
1495 401 1571 438 αὺτῷ
1583 402 1701 438 τηρηθῇ,
1721 403 1811 438 γνώμῃ

1036 450 1090 476 τινὶ
1105 450 1152 476 καὶ
1167 449 1321 484 αὐθαιρέτῳ
1334 448 1442 483 κινήσει
1452 449 1485 483 τῇ
1501 448 1569 484 πρὸς
1582 448 1627 475 τὸν
1642 447 1709 474 Θεδν
1722 448 1810 481 Λόγον,

1037 495 1075 527 ὡς
1091 495 1172 526 αὑτός
1189 503 1266 529 φησι,
1283 494 1335 529 τὴν
1348 493 1446 520 ἕνωσιν
1464 493 1658 528 ποιησάμενος,
1675 493 1704 525 ἐξ
1725 490 1758 528 ἧς
1771 494 1812 520 καὶ
1835 520 1839 527 ,

1037 541 1086 577 τὴν
1099 539 1293 567 ταυτοὸουλίαν
1306 539 1475 574 συνίστησιν,
1493 538 1510 574 ἢ
1531 538 1720 571 τοολυδουλίαν,
1732 539 1811 565 εἰπεῖν

1037 587 1219 621 οἰκειότερον·
1234 585 1290 620 ὅσῳ
1309 585 1357 612 καὶ
1380 583 1441 612 καθ’
1466 584 1585 620 ἑκάστην
1607 583 1653 611 τοῦ
1682 584 1811 619 γνωμικοῦ

1039 631 1193 667 θελήματος
1213 631 1332 666 κίνησιν,
1357 631 1428 657 κατὰ
1442 630 1526 665 μέρος
1545 630 1577 657 ὲκ
1592 630 1647 657 τῶν
1656 630 1759 658 ἀτελῶν
1773 630 1812 656 ἐπὶ

1039 678 1074 704 τὰ
1091 677 1187 713 ἐντελῆ
1208 679 1270 704 κατ’
1285 676 1367 704 αὑτὸν
1383 678 1464 708 ἵεται.
1493 676 1631 712 φερομένη
1645 685 1676 702 τε
1689 676 1737 703 καὶ
1755 684 1812 710 προ-

1040 723 1179 750 κύπτουσα
1190 731 1197 738 ·
1214 722 1272 750 ἀλλ’
1289 722 1339 749 οὐκ
1358 721 1388 754 ἐξ
1401 722 1487 757 αὐτῆς
1498 723 1548 757 τῆς
1567 721 1706 756 ἁφράστου
1723 720 1811 754 συλλή-

1040 769 1124 803 ψεως,
1137 769 1201 804 ὕλης
1217 768 1327 800 τελείως
1341 768 1412 803 μετὰ
1425 768 1479 794 τῶν
1490 768 1576 803 αὐτῆς
1591 768 1726 798 ἁπάντων,
1751 765 1812 801 πρὸς

1040 814 1105 850 ὅλην
1124 815 1172 841 καὶ
1184 814 1219 841 τὰ
1238 814 1299 841 κατ’
1313 813 1397 849 αὐτὴν
1413 813 1531 845 ᾶπαντα,
1546 812 1596 848 τὴν
1615 812 1752 848 ἡμετέραν
1768 811 1812 845 φύε

200 855 285 882 animi
313 856 448 889 motibus,
470 865 504 884 ex
528 857 695 892 imperfectis
718 859 752 886 ad
775 859 906 894 perfecta,
929 864 991 887 teu—

1042 868 1085 886 σιν
1104 861 1155 894 τῆς
1169 859 1216 886 τοῦ
1242 859 1330 893 Λόγου
1348 858 1485 894 θεότητος,
1509 858 1571 886 καθ’
1592 858 1739 885 ὑπόστασιν
1755 857 1811 891 μίαν

201 901 292 929 dendo
314 909 345 929 ac
369 903 548 937 proﬁciendo,
573 907 603 930 ut
618 903 664 931 ille
687 905 826 939 opinatur,
849 906 989 940 procedit;

1044 904 1092 932 καὶ
1103 904 1152 939 τὴν
1169 903 1254 939 αὐτὴν
1265 903 1422 937 ἐνωθείσης.

202 956 257 976 non
274 949 351 983 quasi
368 957 401 976 ex
424 950 494 985 ipsa,
529 950 611 978 nullis
640 951 732 980 verbis
749 952 903 987 explicabili
926 951 1116 986 conceptione,
1137 954 1194 978 tota
1217 949 1339 985 perfecte
1360 956 1422 977 cum
1445 948 1502 976 suis
1522 947 1661 980 omnibus,
1679 954 1741 974 eum
1763 950 1811 972 tota

201 995 315 1030 ejusque
337 996 466 1024 omnibus
489 1000 588 1024 natura
611 1000 704 1024 nostra
722 1018 729 1031 ,
754 1003 838 1032 penes
859 1006 939 1025 unam
953 998 1133 1033 eamdemque
1164 995 1369 1024 subsistentiam
1393 1002 1426 1022 ac
1457 1001 1619 1029 personam,
1638 992 1721 1020 Verbi
1735 991 1812 1019 deitas

201 1040 279 1068 unita
301 1041 347 1068 sit.

238 1087 272 1115 Ut
292 1087 392 1123 igitur,
410 1096 492 1123 quem
509 1088 584 1121 dixi,
609 1089 780 1122 monachus,
807 1094 864 1117 tum
886 1095 992 1117 natum

203 1133 398 1168 perfectionem
423 1134 451 1160 in
475 1134 532 1161 Deo
555 1134 697 1161 incarnato
722 1139 817 1162 exacte
841 1139 990 1167 statueret,

202 1183 262 1206 tum
278 1179 500 1206 contrarietatem
516 1179 685 1212 excluderet;
703 1180 822 1207 naturali
837 1180 865 1207 in
880 1188 914 1207 eo
927 1188 991 1207 con-

204 1229 300 1256 stituta
322 1227 473 1259 voluntate,
490 1226 664 1254 arbitrariam
680 1226 835 1262 dispunxit;
851 1230 881 1253 ut
903 1233 992 1261 neque

204 1272 330 1299 divisioni
346 1271 447 1304 locum,
463 1273 635 1299 voluntatum
657 1271 684 1298 in
703 1279 736 1298 eo
749 1271 890 1302 conﬂictu.
903 1271 991 1304 daret,

203 1325 292 1352 neque
311 1317 418 1344 inanem
445 1317 562 1351 speciem
584 1317 740 1352 nudamque
763 1316 920 1352 imaginem,
943 1324 993 1350 per

203 1363 352 1390 absentiam
375 1363 448 1389 illius
462 1367 622 1390 arcesseret.
636 1363 683 1390 Sin
697 1367 789 1389 autem
802 1361 864 1397 quis
878 1361 993 1388 forsitan

203 1406 329 1437 atlirmet,
344 1405 401 1433 fieri
424 1413 479 1432 non
495 1413 575 1440 posse
592 1410 621 1432 ut
635 1406 716 1433 aliter
729 1405 789 1433 dum
804 1405 832 1432 in
846 1413 880 1433 eo
896 1405 992 1432 dican-

205 1455 248 1476 tur
266 1450 431 1480 voluntatcs,
449 1457 529 1484 quam
545 1457 593 1484 per
606 1450 827 1477 contrarietatem
842 1457 891 1477 seu
904 1457 992 1484 oppo-

202 1495 348 1528 sitioncm;
369 1495 506 1529 siquidem
528 1495 565 1522 ita
590 1495 734 1530 intelligat,
758 1499 788 1522 ut
809 1495 993 1523 essentialiter

1084 1089 1128 1120 Ὠς
1145 1088 1178 1115 ἃν
1194 1087 1285 1114 τοίνυν
1299 1086 1346 1114 καὶ
1361 1086 1392 1113 τὸ
1407 1085 1514 1116 ἐντελὲς
1527 1083 1694 1121 δωκριὸώαῃ
1708 1083 1757 1118 τῆς
1769 1082 1813 1117 φύ-

1044 1143 1113 1166 σεως
1133 1134 1180 1160 ἐπὶ
1198 1132 1246 1160 τοῦ
1265 1131 1453 1168 σαρκωθέντος
1467 1130 1547 1163 Θεοῦ,
1564 1131 1612 1158 καὶ
1626 1130 1656 1157 τὸ
1669 1128 1813 1164 ἀντικείμε-

1042 1188 1087 1206 νον
1100 1178 1231 1215 διαῤῥίψῃ
1253 1179 1267 1205 ὁ
1284 1177 1390 1213 λεχθεὶς
1415 1177 1547 1212 μοναχός’
1577 1176 1608 1203 τὺ
1635 1176 1685 1210 μὲν
1711 1173 1814 1210 φυσικὴν

1039 1226 1139 1262 ὥρισεν
1155 1226 1199 1253 ἐπ’
1213 1226 1297 1253 αὑτοῦ
1309 1233 1318 1243 ·
1343 1225 1375 1252 τὸ
1388 1225 1418 1252 δὲ
1439 1225 1578 1261 γνωμικὸν
1595 1226 1758 1263 ἁποδιώρισε
1774 1227 1812 1254 θέ-

1038 1273 1123 1309 λημα.
1143 1273 1212 1308 μήτε
1228 1273 1262 1308 τῇ
1276 1272 1409 1308 διαιρέσει
1431 1272 1524 1308 χώραν
1535 1272 1597 1304 δοὺς
1607 1273 1648 1308 τῷ
1662 1273 1811 1305 στασιάζειν

1038 1319 1067 1344 ὲν
1081 1317 1180 1353 τούτῳ,
1208 1318 1279 1352 μήτε
1295 1319 1328 1352 τῇ
1346 1317 1482 1353 φαντασίᾳ
1507 1318 1697 1352 παρείσδυσιν,
1717 1318 1756 1352 τῷ
1778 1318 1810 1352 μὴ

1039 1363 1170 1399 ὑπάρχειν
1185 1363 1283 1390 έκεῖνο.
1301 1363 1332 1389 Εἰ
1344 1363 1373 1390 δέ
1384 1371 1426 1394 τις
1437 1362 1519 1398 τυχὸν
1536 1363 1716 1398 ἰσχυρίζεται,
1733 1363 1769 1398 μὴ
1782 1362 1810 1388 ἂν

1038 1408 1125 1440 ἄλλως
1139 1407 1182 1434 ἐπ’
1198 1407 1281 1434 αὑτοῦ
1293 1407 1416 1438 δυνατὸν.
1438 1407 1455 1442 ἢ
1475 1407 1537 1434 κατ’
1553 1407 1712 1434 ἐναντίωσιν
1729 1407 1763 1434 τὰ
1772 1407 1811 1434 δύο

1039 1453 1179 1488 θελήματα
1194 1451 1320 1486 λέγεσθαι
1331 1459 1338 1466 ’
1357 1452 1382 1477 et
1402 1451 1451 1486 μὲν
1466 1450 1504 1483 ὡς
1519 1451 1580 1478 κατ’
1590 1451 1684 1478 οὐσίαν
1694 1451 1810 1486 διάφορα,

1038 1497 1115 1532 κάγὼ
1123 1497 1247 1533 δέχομαι,
1263 1498 1288 1523 εί
1302 1496 1332 1523 δὲ
1343 1496 1381 1528 ὡς
1393 1496 1579 1531 ἀντικείμενα,
1594 1496 1696 1532 ψευδὴς
1707 1496 1810 1530 ὁλόγος.

201 1540 325 1568 diversas
340 1544 422 1574 atque
445 1540 589 1568 distinctas
611 1541 687 1573 velit,
703 1548 754 1569 nec
775 1549 826 1576 ego
849 1549 908 1569 eam
928 1541 992 1568 inti-

1038 1544 1075 1571 Οὐ
1092 1543 1147 1578 γὰρ
1162 1542 1189 1569 εί
1200 1551 1227 1569 τι
1241 1542 1369 1577 διάφορον
1382 1542 1492 1573 πάντως
1514 1542 1562 1568 καὶ
1573 1541 1769 1576 ἀντικείμενον.
1779 1541 1810 1567 Τδ

202 1586 275 1619 clas;
293 1586 336 1613 sin
359 1590 450 1613 autem
474 1586 628 1612 contrarias
649 1590 678 1613 ct
691 1593 753 1620 qua:
767 1587 840 1613 inter
863 1594 892 1614 se
909 1587 991 1614 dissi-

201 1631 294 1662 deant,
313 1630 409 1657 falsum
430 1635 473 1658 est
487 1631 559 1665 quod
581 1631 693 1658 dicitur.
710 1631 770 1658 Non
786 1632 859 1659 enim
881 1633 904 1660 si
924 1633 991 1667 quid

201 1675 362 1703 distinctum
376 1683 408 1703 ac
422 1676 572 1708 diversum,
590 1677 702 1704 omnino
716 1678 799 1704 etiam
822 1678 991 1706 contrarium

201 1726 243 1748 est
265 1725 347 1756 atque
370 1721 525 1749 adversum.
541 1722 696 1750 Adversum
719 1723 854 1758 siquidem
871 1731 903 1751 ac
924 1732 991 1751 con-

203 1767 329 1799 trarium,
357 1767 441 1795 animi
464 1768 615 1795 voluntatis
641 1773 692 1801 est,
720 1777 752 1796 ac
779 1769 887 1796 arbitrii
910 1771 991 1797 aliter

201 1819 282 1846 quam
296 1819 329 1839 ex
341 1813 448 1840 ratione
458 1813 540 1846 moti;
553 1813 694 1841 diversum
711 1821 778 1841 vero
799 1822 847 1841 seu
949 1815 991 1842 di-

200 1857 342 1890 stinctum,
357 1863 472 1888 naturae.
487 1867 548 1894 quae
563 1859 668 1886 ratione
690 1864 811 1894 regatur,
827 1867 897 1894 opus
915 1860 990 1887 exsi-

199 1904 248 1930 stit
261 1912 268 1931 ε
282 1908 364 1939 atque
385 1904 502 1931 alterum
518 1905 641 1939 quidem.
660 1909 784 1932 naturam
803 1912 893 1940 pugna
913 1912 990 1932 com-

1037 1589 1092 1624 γὰρ
1106 1588 1304 1624 ἀντικείμενον,
1321 1587 1435 1623 γνώμης
1447 1587 1609 1623 παραλόγως
1620 1587 1721 1623 δηλαδὴ
1732 1595 1811 1614 κινου-

1040 1635 1124 1671 μένης
1135 1642 1142 1650 ·
1159 1634 1192 1661 τὸ
1204 1634 1233 1661 δὲ
1251 1633 1392 1669 διάφορον,
1414 1632 1523 1667 φύσεως
1537 1632 1610 1668 λόγῳ
1629 1632 1811 1668 κρατουμένης

1037 1681 1118 1717 ἔργον
1131 1680 1301 1716 καθέστηκεο
1317 1680 1366 1706 καὶ
1377 1679 1480 1714 τὸ¹μὲν
1491 1678 1599 1714 φύσεως
1616 1678 1810 1709 στασιαστικὸν,

1037 1727 1067 1754 τὸ
1079 1727 1108 1754 δὲ
1123 1726 1265 1762 προδήλως
1290 1724 1465 1752 συπατικόν.
1486 1723 1610 1759 Διαφορὰ
1628 1722 1813 1757 τοιγτοιγιιροῦν

1037 1771 1181 1807 οὑσιώδης,
1197 1771 1237 1802 είς
1251 1770 1381 1797 σύστασιν
1389 1769 1444 1796 τῶν
1455 1769 1486 1795 ὲν
1499 1770 1532 1804 τῇ
1547 1768 1628 1802 φύσει
1649 1767 1810 1802 πραγμάτων

1037 1817 1122 1847 ἐστὶν,
1137 1817 1168 1843 οὺ
1186 1816 1223 1851 μὴ
1247 1815 1417 1846 ἐναντίωσις,
1441 1813 1532 1850 [ἀλλὰ]
1557 1812 1626 1848 πρὸς
1645 1812 1696 1847 τὴν
1719 1812 1810 1838 τούτοιν

1037 1861 1168 1888 διάλυσιν.
1185 1861 1221 1888 Οὐ
1241 1860 1294 1896 τὰρ
1314 1860 1371 1895 ἔχει
1385 1860 1402 1894 ἡ
1416 1859 1497 1894 φύσις
1510 1858 1542 1886 τὺ
1557 1857 1633 1894 παρὰ
1643 1856 1726 1892 φύσιν
1736 1865 1744 1871 ·
1759 1855 1810 1882 οὺᾶ

1037 1905 1219 1939 λόγοςόὺδεὶς
1233 1904 1281 1931 τοῦ
1297 1903 1503 1935 στασιάζοντος.

202 1947 302 1979 mittit;
324 1947 443 1972 alterum
462 1953 522 1972 eam
545 1947 634 1980 palam
659 1947 759 1974 confiat
776 1954 808 1973 ac
833 1946 986 1974 constituit.
1005 1948 1166 1977 Essentialis
1179 1950 1270 1985 itaque
1291 1951 1446 1980 differentia
1469 1961 1501 1982 ac
1521 1953 1673 1986 distinctio,
1705 1961 1739 1981 eo
1766 1958 1810 1985 εει.

202 1996 232 2018 ut
247 1999 289 2019 res
301 1991 329 2018 in
341 1996 440 2019 natura
471 1992 622 2019 consistant
641 1992 750 2027 sintque
779 1992 948 2026 incolumes;
966 2002 1021 2021 non
1039 1995 1079 2023 sic
1096 1997 1288 2030 contrarietas,
1304 1998 1353 2026 sed
1367 2002 1398 2026 ut
1416 1999 1600 2028 dissolvantur
1619 2007 1650 2027 ac
1672 2001 1809 2028 intereant.

200 2037 261 2082 Non
284 2038 359 2064 enim
380 2037 463 2064 habet
487 2042 583 2064 natura
607 2038 680 2072 quod
704 2043 811 2065 natura:
832 2039 986 2068 rationibus
1003 2040 1148 2069 adversum
1169 2047 1226 2076 est;
1240 2051 1292 2071 nee
1321 2045 1383 2081 ejus
1394 2045 1469 2081 quod
1482 2046 1665 2082 tumultuatur
1693 2054 1727 2074 ac
1739 2046 1809 2074 dissi-

199 2081 256 2113 det,
270 2082 325 2109 ulla
340 2082 368 2108 in
383 2082 466 2108 rebus
479 2082 547 2108 ratio
559 2086 610 2109 est.

237 2127 381 2159 Praeterea,
397 2127 419 2154 si
432 2127 493 2153 duae
506 2126 661 2153 voluntates
672 2126 784 2154 omnino
797 2127 941 2154 contraria:
953 2134 985 2154 ac

1074 2125 1181 2157 Ἄλλως
1199 2133 1241 2159 τε,
1261 2125 1286 2152 ει
1301 2125 1336 2152 τὰ
1352 2114 1399 2152 δύο
1414 2125 1555 2160 θελήματα
1579 2126 1688 2157 πάντως
1713 2125 1808 2152 ἐναντία

198 2174 331 2209 opposita:
343 2176 417 2204 sunt,
428 2173 500 2199 unde
512 2176 554 2199 est
566 2177 595 2199 ut
609 2179 660 2199 nec
676 2172 702 2199 in
717 2172 827 2205 animis,
842 2177 940 2200 natura
953 2181 985 2201 ac

1037 2171 1085 2198 καὶ
1103 2171 1289 2206 ἀντικείμενα,
1309 2170 1370 2202 πῶς
1395 2171 1440 2197 ὲπί
1462 2179 1493 2197 τε
1517 2171 1572 2197 τῶν
1588 2171 1668 2206 φύσει
1686 2173 1734 2198 καὶ
1751 2172 1807 2197 Om-

198 2227 315 2254 persona
332 2219 468 2250 discretis,
488 2218 515 2245 id
528 2219 640 2245 omnino
655 2226 687 2245 ac
701 2225 814 2253 prorsus
827 2218 985 2253 contingat?

1037 2218 1130 2245 στάσει
1143 2217 1317 2253 διῃρημένων
1331 2217 1459 2251 λογικῶν,
1479 2217 1509 2243 οὐ
1524 2217 1602 2243 τοῦτο
1618 2217 1707 2252 πάντη
1723 2226 1751 2243 τε
1769 2217 1806 2242 καὶ

199 2266 257 2293 Etsi
281 2266 355 2292 enim
379 2264 530 2292 arbitrariae
557 2263 696 2298 animique
726 2264 882 2291 voluntates
908 2269 984 2298 sunt,

199 2311 363 2346 quandoque
387 2311 441 2338 illis
465 2310 662 2342 consentimus,
684 2310 795 2344 Deoque
817 2314 845 2337 et
870 2310 984 2345 angelis,

200 2356 306 2390 ipsique
321 2356 368 2383 alii
382 2355 457 2388 aliis;
474 2363 526 2382 nec
548 2355 650 2382 idcirco
668 2355 723 2390 jam
738 2355 860 2382 animum
881 2356 923 2382 sui
937 2363 984 2382 ar-

200 2401 320 2432 bitrum,
352 2402 466 2436 ejusque
495 2401 662 2427 voluntatem
695 2399 846 2428 amisimus.
880 2400 984 2428 llorum

197 2448 270 2474 cnim
288 2447 310 2474 si
323 2447 457 2482 jacturam
475 2446 644 2477 fecissemus,
660 2445 755 2479 utique
769 2445 851 2472 etiam
870 2453 986 2473 concor-

198 2492 250 2519 diae
272 2499 334 2519 cum
349 2491 427 2524 aliis;
450 2491 572 2525 quandiu
589 2491 662 2518 enim
684 2490 758 2517 illius
774 2495 914 2525 compotes
936 2499 984 2518 su-

199 2545 269 2569 mus,
287 2538 371 2564 etiam
393 2538 445 2564 alia
467 2545 527 2571 quae
549 2536 667 2563 volentis
691 2536 774 2563 animi
799 2540 863 2563 sunt
887 2537 984 2571 suique

199 2583 306 2616 arbitri,
328 2587 462 2610 tenemus.
479 2583 547 2609 Cum
572 2582 630 2608 haec
647 2581 731 2616 igitur
753 2582 792 2609 sic
807 2590 836 2609 se
852 2582 982 2616 habeant,

198 2636 249 2655 nec
271 2635 386 2662 usquam
403 2635 493 2662 pugna
520 2630 667 2661 appareat,
696 2627 802 2654 tametsi
831 2627 984 2662 arbitrariae

197 2673 362 2704 voluntates,
392 2671 551 2698 exsistentia
579 2675 661 2705 atque
688 2678 804 2698 numero
832 2671 984 2699 incolumes

198 2718 261 2749 sint,
278 2725 331 2752 qua
350 2716 556 2744 necessitudine
569 2716 653 2743 animi
668 2716 754 2743 amice
775 2717 982 2750 consociantur;

198 2771 243 2797 qur
259 2762 299 2794 fit,
318 2766 347 2789 ut
363 2763 392 2789 in
408 2770 462 2789 uno
480 2762 632 2796 eodemque
655 2762 710 2789 Deo
721 2762 812 2789 Verbo
829 2762 982 2796 incarnato,

198 2814 230 2832 ac
245 2806 365 2840 perfecte
381 2806 467 2833 nostri
484 2814 566 2834 causa
587 2805 660 2833 facto
676 2806 796 2838 homine,
813 2813 873 2840 qua:
894 2806 919 2833 ei
936 2814 980 2834 es-

198 2851 349 2880 sentialiter
364 2857 462 2881 natura
476 2853 633 2881 voluntates
648 2852 752 2885 insunt,
770 2851 914 2880 contraria:
926 2852 983 2879 sint

1035 2263 1144 2294 πάντως
1152 2263 1306 2298 συμϐαίνει.
1317 2262 1483 2297 Συννεύομεν
1493 2262 1548 2297 γὰρ
1562 2262 1635 2289 ἔστιν
1647 2263 1693 2289 ὅτε
1703 2262 1805 2293 τούτοις,

1036 2309 1124 2336 καίτοι
1141 2309 1290 2343 γνωμικοῖς
1306 2306 1378 2341 οὖσι,
1398 2308 1444 2334 καὶ
1463 2307 1533 2343 Θεῷ,
1549 2309 1597 2334 καὶ
1617 2307 1752 2342 ἀγγέλοις,
1767 2308 1806 2333 καὶ

1035 2354 1171 2389 ἀλλήλοις,
1197 2354 1254 2380 ἀλλ’
1280 2354 1311 2380 οὐ
1329 2353 1374 2379 διὰ
1387 2352 1466 2379 τοῦτο
1479 2353 1532 2387 τῆς
1558 2352 1670 2387 γνώμης
1691 2353 1751 2388 ήδη,
1767 2352 1806 2378 καὶ

1034 2400 1081 2427 τοῦ
1101 2400 1162 2426 κατ’
1178 2399 1264 2434 αὐτὴν
1280 2399 1444 2434 θελήματος,
1461 2398 1703 2433 διαπεπτώκαμεν.
1718 2399 1748 2425 Et
1760 2398 1804 2432 γάρ

1034 2445 1149 2478 τούτων,
1166 2446 1214 2472 καὶ
1233 2446 1282 2480 τῆς
1300 2446 1367 2480 πρὸς
1383 2445 1446 2476 τοὺς
1458 2444 1554 2476 ἄλλους
1574 2444 1696 2480 δηλονότι
1709 2443 1805 2471 συννεύ-

1035 2500 1115 2523 σεως,
1136 2491 1215 2526 εἴπερ
1243 2490 1296 2521 ἓως
1319 2490 1423 2525 ταύτην
1447 2490 1557 2526 ἔχομεν,
1585 2490 1632 2517 καὶ
1651 2491 1707 2517 τῶν
1731 2490 1804 2517 ἄλλων

1034 2536 1182 2572 γνωμικῶν
1209 2536 1392 2571 ἀντεχόμεθα.
1414 2536 1446 2562 Et
1460 2535 1508 2562 οὖν
1527 2535 1643 2562 ἐνταῦθα
1663 2535 1751 2566 τοῦτο,
1766 2534 1803 2560 καὶ

1030 2581 1159 2616 ,οὐδαμῶς
1181 2581 1321 2614 ἀντίταξις
1350 2581 1513 2616 καθορᾶται,
1541 2581 1629 2608 καίτοι
1657 2579 1803 2614 σωζομένων

1036 2627 1151 2662 ὑπάρξει
1170 2635 1200 2653 τε
1220 2627 1267 2653 καὶ
1281 2626 1391 2662 ἀριθμῷ
1416 2626 1470 2652 τῶν
1485 2625 1632 2661 γνωμικῶν
1646 2625 1802 2660 θελημάτων.

1034 2673 1082 2699 καὶ
1093 2671 1142 2707 τὴν
1159 2671 1270 2706 φιλικὴν
1290 2671 1319 2697 ὲν
1346 2671 1438 2705 σχέσει
1454 2670 1592 2697 διάθεσιν·
1616 2670 1676 2702 πῶς
1703 2671 1747 2696 ἐπὶ
1766 2667 1801 2694 τοῦ
1827 2684 1830 2689 ι

1034 2716 1115 2743 αὑτοῦ
1124 2716 1172 2743 καὶ
1185 2715 1244 2748 ὲνδς
1258 2715 1447 2751 σαρκωθέντος
1457 2714 1525 2741 Θεοῦ
1535 2714 1633 2749 Λόγου,
1647 2714 1696 2741 καὶ
1708 2713 1801 2741 τελείως

1033 2761 1066 2788 δι’
1087 2762 1159 2798 ἡμᾶς
1176 2761 1445 2796 ὲνανθρωπήσαντες,
1463 2761 1493 2787 ὲν
1514 2761 1572 2792 τοῖς
1594 2759 1717 2794 φυσικῶς
1731 2765 1799 2793 προσ-

1033 2806 1109 2833 οὖσιν
1119 2805 1194 2840 αὐτῷ
1207 2806 1267 2832 κατ’
1282 2805 1377 2832 οὐσίαν
1393 2804 1718 2841 θελήμασιν,ὲναντίωσις
1728 2803 1796 2829 ἔσται.

1033 2852 1096 2885 Πῶς
1109 2852 1137 2879 δὲ
1154 2851 1240 2879 ταῦτά
1255 2860 1336 2885 φασιν
1357 2851 1478 2884 ἐναντία,
1494 2851 1528 2878 δι’
1542 2851 1623 2879 αὐτόν
1636 2860 1666 2886 γε
1684 2850 1727 2877 τὸν
1736 2847 1797 2884 ἀριθ-
