1874 3076
59 121 120 153 U29

511 120 700 150 PANOl’LiA
721 121 950 151 DOGMATICA.
971 134 1005 139 —
1025 122 1097 154 ΤΙΤ.
1121 122 1197 151 XXI.

1593 120 1663 154 1130

58 191 112 224 μὸν,
127 189 142 224 ἢ
167 188 211 214 καὶ
226 187 260 213 δι’
272 186 337 213 αὐτὸ
353 186 380 212 τὸ
396 186 540 221 ὑπάρχειν.
556 186 586 212 Εἰ
603 186 652 220 μὲν
674 186 718 213 διὰ
737 187 820 213 τοῦτοί

907 192 957 219 que
971 185 1131 213 discordes?
1145 185 1203 218 Quo
1219 190 1309 213 autem
1324 185 1405 213 modo
1419 186 1573 214 contrarias
1586 194 1661 215 asse-

57 235 99 261 κιὶ
113 235 158 268 τὴν
171 233 248 267 φύσιν
259 231 374 258 ὰνέλωσι
391 231 439 265 τῆς
454 231 567 266 σαρκὸς,
582 231 775 266 ἀντικειμένην
788 231 827 266 τῷ

55 280 127 314 Λόγῳ
138 279 178 306 διὰ
192 278 241 313 τὴν
252 277 380 312 ὓπαρξιν.
398 276 491 310 Πολλῴ
506 276 561 310 γὰρ
588 277 772 311 ἰσχυρότερον,
789 277 826 308 ὡς

55 325 130 350 πᾶσιν
142 322 259 357 εὒδη).ον,
276 323 316 353 είς
330 321 479 353 ἀντίταξιν,
490 320 520 347 τὸ
536 320 726 355 ὑποκείμενον,
742 321 787 348 τοῦ
798 323 825 347 ὲν

54 369 215 403 ὑποκειμένῳ
228 367 405 402 καθέστηκεν.
421 367 451 393 Εἰ
460 367 487 392 δὲ
496 366 540 392 διὰ
551 367 630 401 μόνον
641 366 686 392 τὸν
697 366 824 400 ἀριθμὸν,

52 414 94 441 καὶ
107 414 196 440 τούτου
213 414 262 444 τὰς
274 412 369 446 φύσεις
384 412 505 447 ἐρήμους
531 412 678 446 ποιήσωσι,
694 412 740 438 καὶ
758 412 824 446 μηδὲ

52 460 112 494 μίαν
127 459 214 486 αὐτῶν
230 458 449 493 ἀριθμείτωσαν;
475 457 713 492 παραιτείσθωσαν
733 458 761 484 δὲ
777 459 824 484 καὶ

51 505 124 531 πάλιν
142 504 221 531 αὑτὸν
238 504 282 530 διὰ
310 504 360 538 τὴν
383 503 467 537 αὐτὴν
484 503 584 535 αἰτίαν,
613 503 682 529 κάπὶ
703 503 758 529 τῶν
773 505 822 539 τῆς

51 550 110 583 μιᾶς
127 549 171 575 καὶ
185 549 304 584 ἁνάρχου
328 548 456 583 Θεότητος
473 547 558 582 τριῶν
580 548 764 580 ὑποστάσεων,
780 549 822 575 ἵνα

50 595 84 628 μὴ
97 595 206 629 κάκείνη
222 593 356 630 στασιάξῃ
373 594 441 628 πρὸς
454 594 564 628 ἑαυτὴν,
590 594 648 620 ἀλλ’
671 594 771 621 ἄτοπόν
789 603 821 629 γε

49 639 83 674 τῷ
99 640 179 675 μηδὲν
197 639 254 666 ὄντι
267 639 298 665 τὸ
314 639 423 666 σύνολον
439 659 447 672 ,
500 640 550 665 οὐκ
574 640 667 670 οὐσία,¹
683 641 712 666 οὐ
735 640 821 672 ποιὸν,

47 686 92 712 οὐκ
106 686 168 713 ἄλλο
181 685 271 712 τιτῶν
284 685 378 718 ὄντων,
396 686 472 720 ἰσχὺν
486 686 620 719 τοσαύτην
634 686 819 721 ἀποκληροῦν·

47 730 211 766 ἀτοπώτερον
224 731 263 763 δὲ,
283 731 331 757 καὶ
345 730 393 765 τὴν
410 730 527 765 ὓπαρξιν
542 731 627 765 αὐτὴν
642 730 689 757 τοῦ
705 731 820 765 φυσικοῦ

47 775 191 810 θελήματος
207 775 358 809 αἰτιᾶσθαι,
376 775 525 802 κάντεῦθεν
547 776 597 810 τὴν
619 776 757 811 ἀναίρεσιν
773 777 819 803 αὑ-

45 821 87 848 τοῦ
108 821 336 854 κατασκευάζειν.
359 821 414 848 Καὶ
433 821 530 852 ταῦτα,
544 821 600 848 τῶν
625 820 715 847 ἄλλων
737 823 766 848 ἐν
787 823 820 857 τῇ

877 235 951 262 runt,
978 232 1087 258 numeri
1106 232 1221 264 ratione,
1246 239 1280 258 an
1297 236 1326 258 et
1348 232 1404 266 ipsa
1428 233 1608 260 cxsistentia?
1623 235 1663 261 Ac

877 276 1012 310 siquidem
1032 276 1104 302 hanc
1127 283 1237 303 causam
1260 276 1366 308 dicunt,
1381 276 1463 304 etiam
1478 277 1568 304 carnis
1583 283 1663 305 natu-

878 329 944 353 ram,
958 329 991 348 eo
1008 321 1080 355 quod
1093 321 1209 350 exsistit,
1223 321 1312 348 Verbo
1333 321 1523 348 adversantem
1545 314 1664 350 sustule-

878 367 942 393 rint.
960 367 1050 401 Longe
1067 366 1140 393 enim
1156 366 1197 400 (ut
1214 366 1300 392 cuivis
1319 367 1490 400 exploratum
1505 367 1557 402 cst)
1577 368 1663 403 major

876 411 1006 438 contrarii
1031 411 1072 437 vis
1093 411 1121 437 in
1136 418 1188 442 eo,
1212 410 1286 445 quod
1312 411 1402 446 ipsum
1425 411 1577 446 subjectum
1603 418 1662 446 est,

877 465 957 492 quam
972 457 1045 492 quod
1060 457 1086 484 in
1100 457 1223 491 subjecto
1237 457 1424 484 exsistentiam
1439 457 1532 485 habet.
1548 458 1595 486 Sin
1615 467 1663 485 att-

877 507 931 530 tem
949 504 1006 530 sola
1024 503 1130 529 numeri
1154 503 1223 529 ratio
1236 501 1328 535 oﬁicit,
1343 503 1416 530 hanc
1437 508 1465 530 et
1478 504 1586 531 naturis
1603 500 1662 531 adi-

879 552 963 580 mant,
987 553 1167 582 neutramque
1183 555 1278 575 eorum
1304 548 1331 575 in
1348 556 1478 575 numeros
1493 554 1595 584 ponant
1611 557 1664 577 :ae

879 601 975 621 rursus
999 594 1088 628 ipsum
1111 594 1146 621 ob
1167 594 1290 621 eamdem
1307 602 1428 627 causam,
1451 603 1503 622 nec
1522 595 1551 622 in
1573 595 1663 624 tribus

879 640 959 667 unius
979 644 1142 674 aeternaeque
1156 640 1268 667 Deitatis
1286 641 1421 675 personis,
1438 649 1472 668 ne
1489 645 1518 668 et
1538 641 1583 668 illa
1603 641 1662 676 ipsa

875 693 970 712 secum
985 685 1126 718 dissideat,
1143 685 1298 712 admittant.
1314 687 1348 712 At
1366 694 1430 713 sane
1446 686 1607 718 absurdum,
1623 688 1660 719 ci,

876 731 923 766 qui
940 730 1008 757 nihil
1024 738 1137 765 prorsus
1150 731 1195 763 sit,
1211 738 1266 758 non
1285 731 1446 763 substantia,
1463 739 1519 758 non
1532 731 1660 766 qualitas,

876 785 930 804 non
953 776 1027 804 aliud
1042 777 1107 811 quid
1125 784 1221 803 eorum
1236 776 1337 811 quibus
1358 785 1451 804 rerum
1474 785 1573 812 genera
1594 784 1660 804 cen-

875 822 981 853 sc‘ntur,
997 823 1058 862 vim
1067 826 1168 849 tantam
1181 821 1335 855 ascribere;
1354 822 1487 857 longeque
1501 822 1661 853 absurdius.

41 866 116 900 φύσει
130 866 289 902 πρωτίστην
307 862 391 892 οὖσαν
403 865 525 900 φυσικῶν
540 864 695 900 ἰδιωμάτων
710 864 758 891 καὶ
778 873 820 890 κιλ-

907 874 963 894 sam
978 866 1107 893 naturalis
1126 866 1273 895 voluntatis
1286 866 1478 895 exsistentiam
1503 875 1535 894 ac
1562 868 1664 895 verita-

43 910 167 944 νημάτωΛ
182 910 306 944 ἔμφυτον
322 909 450 944 δύναμιν.
470 910 550 936 Κατᾶ
573 909 677 943 ταύτην
702 910 759 944 γὰρ
776 910 824 944 μό-

40 963 95 988 νην,
107 955 155 982 τοῦ
171 954 301 982 εἶναικαὶ
319 955 382 989 ζῇν,
397 955 444 982 καὶ
463 954 607 986 κινεῖσθαι,
624 955 671 981 καὶ
681 956 763 987 νοεῖν,
775 955 823 982 καὶ

39 1000 136 1034 λαλεῖν,
154 1003 204 1028 καὶ
221 1002 410 1034 αίσθάνεσϐκι,
431 1002 478 1028 καὶ
492 1002 619 1036 μετέχειν
635 1001 752 1036 τροφῆς,
771 1000 824 1028 ὓπ-

38 1055 80 1073 νου
92 1055 121 1073 τε
136 1047 185 1074 καὶ
204 1047 398 1079 ἁναέιαύσεως,
418 1047 465 1073 καὶ
480 1047 518 1081 μὴ
541 1045 719 1079 ἀλγύνεσθαι,
753 1044 821 1080 μηδὲ

37 1092 170 1128 θνήσκειν,
185 1094 234 1121 καὶ
246 1093 339 1125 ἁπλῶς
356 1093 482 1120 ἁπάντων
496 1092 551 1118 τῶν
567 1089 757 1118 συνιστώντων
771 1090 822 1125 τὴν

36 1139 125 1172 φύσιν,
145 1140 222 1175 ἔχειν
242 1139 354 1172 τελείως
379 1139 427 1170 τὰς
445 1139 528 1171 ἔξεις,
554 1137 601 1164 καὶ
617 1136 672 1163 τῶν
690 1136 821 1171 λυμαινο-

36 1185 122 1219 μένων
135 1188 186 1218 τὰς
209 1186 354 1221 στερίσεις,
371 1186 493 1220 φυσικῶς
506 1185 648 1220 ἐφιέμεθα.

877 919 928 941 tem
945 913 1005 947 ejus
1017 920 1172 946 arcessere;
1192 919 1272 948 atque
1285 914 1347 941 inde
1379 921 1439 940 eam
1476 913 1660 942 amoliendam

875 963 1010 991 astruere.
1020 959 1059 985 Ac
1075 958 1115 985 vel
1131 959 1260 991 maxime,
1277 966 1339 986 cum
1357 959 1426 986 inter
1440 959 1560 993 reliquas
1583 963 1663 994 natu-

876 1004 946 1030 rales
961 1003 1141 1037 proprietates
1154 1010 1186 1030 ac
1204 1008 1302 1035 motus,
1316 1003 1407 1030 innata
1435 1004 1492 1030 haec
1509 1003 1549 1030 vis
1579 1002 1662 1030 facile

876 1050 1001 1084 princeps
1016 1050 1141 1078 exsistat.
1169 1048 1237 1076 Nam
1262 1050 1411 1078 secundum
1438 1049 1510 1078 hanc
1525 1057 1607 1077 unam
1635 1054 1662 1078 et

874 1102 934 1121 esse
950 1098 977 1120 et
991 1093 1082 1121 vivere
1105 1097 1131 1122 et
1149 1095 1252 1121 moveri
1268 1099 1298 1122 et
1321 1094 1483 1129 intelligere,
1502 1099 1529 1122 et
1546 1094 1618 1128 loqui
1635 1098 1662 1121 et

874 1141 986 1173 sentire,
1003 1141 1148 1175 cibumque
1162 1147 1281 1172 sumere.
1301 1145 1328 1167 et
1356 1147 1453 1168 somno
1475 1141 1592 1168 recreari
1629 1147 1662 1167 ac

874 1187 977 1221 quiete,
1004 1191 1100 1213 etnon
1135 1186 1227 1214 dolere
1255 1193 1345 1220 neque
1371 1186 1439 1214 mori
1462 1195 1470 1219 ;
1495 1193 1661 1221 prorsusque

37 1235 74 1267 (nl
94 1234 176 1260 verbo
193 1234 294 1269 dicam)
304 1234 426 1261 omnium
442 1235 475 1262 ad
491 1239 596 1263 natura:
614 1235 828 1264 incolumitatem
853 1235 1008 1263 facientium
1026 1236 1145 1270 perlecte
1173 1235 1281 1263 habitus
1312 1236 1446 1268 nancisci,
1464 1235 1552 1271 iisque
1566 1242 1662 1262 carere

33 1287 91 1315 quae
104 1280 138 1308 ad
153 1281 296 1309 interitum
310 1282 423 1316 ducunt,
445 1283 607 1312 naturaliter
623 1285 788 1320 appetimus.

63 1331 121 1359 Καί
140 1340 189 1368 μοι
211 1333 336 1367 φαίνεται
358 1333 409 1360 κάν
423 1334 512 1369 τούτῳ
527 1335 724 1371 προσηκόντως
747 1336 827 1372 ποιή-

32 1385 92 1410 σας,
107 1378 182 1406 κατὰ
207 1379 254 1405 τὸν
274 1378 358 1405 αὑτοῦ
383 1379 498 1414 ὁρισμόν
515 1379 529 1405 ό
554 1380 671 1416 εὐλαϐὴς
699 1383 826 1416 μοναχὸς,

901 1334 941 1363 Ac
958 1334 1026 1362 mihi
1046 1341 1157 1369 quoque
1171 1342 1203 1362 ea
1222 1334 1306 1361 etiam
1321 1339 1398 1370 parte
1413 1334 1540 1362 consulto
1560 1335 1666 1364 fecisse-

867 1381 985 1414 videtur,
1004 1381 1031 1407 in
1055 1386 1104 1408 sua
1126 1379 1298 1412 deﬁnitione,
1324 1379 1547 1415 religiosissimus
1563 1388 1659 1408 mona-

30 1423 76 1450 καὶ
102 1424 239 1460 προσθεὶς
263 1425 305 1452 τό·
324 1433 333 1450 ‹
354 1425 410 1452 Καὶ
436 1425 490 1451 τῶν
521 1427 659 1458 οὺσιωδῶς
687 1429 720 1462 τῇ
746 1427 820 1461 φύσεη

907 1434 946 1458 us,
962 1426 1028 1454 dum
1050 1430 1077 1454 et
1102 1426 1160 1453 haec
1176 1425 1282 1453 addidit
1302 1434 1309 1453 :
1335 1435 1344 1451 ι
1362 1425 1397 1453 Et
1413 1433 1510 1454 earum
1532 1426 1657 1453 omnium

30 1469 202 1505 προσόντων,
222 1470 384 1506 συνεκτικὴν
399 1470 508 1497 πάντων
521 1471 683 1506 ἰδιωμάτων.
703 1481 712 1498 ι
734 1472 820 1500 Πάντα

907 1472 1076 1507 )prietatum,
1091 1479 1151 1506 quae
1166 1470 1350 1499 essentialiter
1364 1475 1470 1499 natum
1484 1471 1589 1504 insunt,
1602 1472 1658 1499 vim

28 1514 82 1550 γὰρ
97 1516 143 1542 ἀεὶ
160 1516 281 1551 συνέχει,
297 1517 345 1542 καὶ
362 1517 486 1552 συνέχειν
508 1517 626 1552 ὲφιέται,
649 1518 696 1544 καὶ
720 1518 820 1550 οὐδενὸς

907 1518 1108 1546 iservatricem.
1129 1527 1137 1543 I
1164 1517 1261 1545 Omnia
1285 1518 1361 1545 enim
1386 1525 1494 1552 semper
1515 1522 1660 1545 conservat

29 1559 102 1594 ἔχειν
117 1561 170 1595 τὴν
188 1561 330 1596 στέρησιν,
343 1561 375 1588 τὸ
387 1562 516 1593 οὐσιῶδες
530 1563 558 1589 ὲν
569 1563 636 1597 ἡμῖν
649 1563 696 1589 καὶ
707 1563 820 1598 ἔμφυτοι

911 1565 1047 1596 continet,
1062 1563 1223 1599 appetitque
1237 1570 1404 1591 conservare
1418 1570 1451 1590 ac
1462 1563 1537 1590 nullo
1553 1571 1658 1596 carere,

30 1604 147 1641 θέλημα·
168 1606 272 1642 μᾶλλον
297 1607 327 1633 δὲ
354 1608 456 1642 ἡμεῖς,
474 1608 508 1634 δι’
536 1607 619 1635 αὑτοῦ
642 1617 672 1635 τε
695 1611 742 1635 καὶ
766 1618 819 1636 κατ

907 1617 926 1637 ae
939 1609 967 1636 in
981 1609 1062 1636 nobis
1076 1607 1232 1636 essentialis
1244 1615 1276 1635 ac
1294 1608 1386 1635 innata
1398 1608 1525 1635 voluntas
1538 1612 1596 1641 est;
1611 1616 1660 1636 seu

27 1652 104 1678 αὐτό·
128 1653 181 1679 καὶ
203 1650 281 1686 οἶμαι
296 1653 343 1679 τὸν
369 1653 416 1680 καὶ
436 1653 527 1684 ποσῶς
541 1653 588 1680 τοῦ
604 1653 690 1686 ὅντος,
705 1654 774 1682 ἀλλὰ
789 1655 828 1691 μὴ

27 1698 74 1725 τοῦ
88 1691 240 1731 δοχοῧντος
261 1699 339 1734 λόγον
361 1700 535 1736 ποιούμενον,
553 1700 733 1735 συνθήσεσθαι
759 1702 829 1728 πάν-

25 1752 80 1776 τως
90 1745 136 1777 δὴ,
153 1746 206 1773 καὶ
217 1745 255 1777 ὡς
270 1745 415 1781 ἄνθρωπον
430 1746 476 1772 τὸν
493 1745 671 1781 σαρκωθέντα
683 1746 759 1779 Θεὸν,
776 1755 828 1782 φυ-

27 1790 104 1816 σικὸν
116 1790 196 1825 ἔχειν
212 1791 260 1817 καὶ
273 1790 445 1826 ἀνθρώπινον
458 1790 564 1826 θέλημα
574 1799 581 1806 ·
594 1791 640 1818 καὶ
657 1791 711 1818 τῶν
726 1792 827 1827 ἀπηρι-

25 1835 39 1860 0
46 1836 191 1871 μημένων
206 1836 324 1863 ἕκαστον
343 1836 430 1864 θέλειν
448 1837 508 1864 κατ’
526 1837 593 1864 αὐτὸ
608 1838 744 1871 φυσικῶς,
761 1837 827 1873 πρὸς

25 1881 167 1908 πίστωσιν
181 1882 232 1918 τῆς
247 1882 347 1918 νοερῶς
360 1881 441 1909 αὑτοῦ
455 1883 501 1910 καὶ
513 1883 632 1917 λογικῶς
651 1883 829 1919 ὲψυχωμένης

24 1928 146 1964 σαρκὸς,
162 1929 248 1964 εἴπερ
261 1929 368 1961 τέλειος
380 1929 525 1965 ἄνθρωπος
539 1930 648 1964 γέγονε,
669 1931 765 1966 μηδενὶ
774 1932 829 1958 τῶν

23 1974 179 2010 ἡμετέρων
202 1974 374 2010 λειπόμενος,
403 1975 473 2011 πλὴν
495 1976 578 2011 μόνης
602 1976 652 2012 τῆς
679 1977 828 2012 ἁμαρτίαςθ

21 2020 94 2047 ἀλλὰ
113 2021 213 2048 πάντα
230 2020 300 2056 ἔχων
314 2021 364 2048 ὅσα
389 2022 435 2048 καὶ
457 2022 554 2057 ἡμεῖς,
571 2022 784 2058 ἁπαραλείπτως
796 2023 828 2050 τὰ

22 2066 98 2093 κατὰ
114 2067 205 2102 φύσιν
220 2067 372 2094 συστατικὰ
392 2068 441 2103 τῆς
463 2069 602 2104 ἡμετέρας
618 2069 722 2101 οὐσίας,
736 2069 827 2105 ὥσπερ

19 2111 70 2140 οὖν
93 2113 150 2140 καὶ
163 2113 203 2139 τὰ
217 2114 267 2148 τῆς
285 2113 405 2149 ἁνάρχου
419 2113 468 2141 καὶ
487 2114 573 2147 θείας,
591 2115 624 2141 δι’
637 2111 674 2142 ὥν
687 2115 828 2152 ἄνθρωπον

19 2159 126 2186 ἑαυτὸν
146 2158 221 2194 ὁμοῦ
249 2159 296 2186 καὶ
319 2159 386 2187 Θεὸν
407 2159 473 2187 ὄντα
495 2161 599 2196 κυρίως
618 2160 764 2196 ἐγνώριζε,
783 2163 828 2189 καὶ

869 1664 917 1684 nos
933 1656 1026 1692 potius
1042 1663 1091 1690 per
1106 1662 1178 1687 eam,
1193 1661 1283 1689 exque
1301 1653 1375 1680 illius
1395 1653 1515 1688 ratione;
1527 1653 1662 1680 arbitror-

867 1710 921 1738 que
938 1702 1051 1730 omnino
1073 1709 1262 1733 assensurum,
1286 1700 1333 1736 qui
1356 1701 1416 1736 ejus
1436 1700 1511 1735 quod
1534 1708 1598 1728 vere
1618 1705 1661 1728 est

867 1748 1001 1783 tantisper
1018 1747 1152 1774 rationem
1168 1746 1279 1778 habeat,
1297 1753 1353 1772 non
1366 1746 1426 1781 ejus
1437 1745 1510 1780 quod
1527 1744 1602 1772 inani
1616 1752 1661 1772 so-

866 1795 922 1823 lum
938 1794 1043 1829 specie;
1060 1794 1150 1837 Deum
1163 1793 1348 1824 incarnatum,
1364 1795 1394 1818 ut
1407 1791 1489 1819 etiam
1507 1791 1659 1824 hominem,

866 1840 986 1868 naturali
1008 1843 1089 1873 atque
1114 1836 1233 1865 humana
1255 1837 1397 1864 voluntate
1418 1836 1564 1871 praeditum
1582 1843 1658 1870 csse;

867 1894 954 1922 eaque
977 1885 1084 1921 singula
1106 1892 1167 1920 qum
1183 1888 1345 1911 enumerata
1365 1887 1439 1915 sunt,
1462 1883 1615 1910 secundum
1629 1891 1660 1910 se

867 1938 964 1961 natura
986 1933 1066 1964 velle,
1079 1931 1113 1958 ad
1127 1931 1218 1958 carnis
1233 1937 1290 1957 sum
1308 1929 1484 1956 astruendam
1506 1928 1598 1961 ﬁdem,
1617 1929 1659 1956 in-

868 1979 1050 2014 telligentium
1064 1984 1139 2004 more
1154 1984 1186 2003 ac
1199 1976 1337 2019 utentium
1351 1975 1458 2002 ratione
1471 1975 1616 2007 animatae;
1630 1979 1661 2001 ut

867 2024 914 2060 qui
930 2024 989 2058 ipse
1007 2023 1089 2049 homo
1103 2021 1251 2056 perfectus,
1268 2020 1344 2047 nullo
1364 2027 1472 2052 eorum,
1485 2027 1547 2054 quae
1566 2024 1661 2046 nostra

867 2074 942 2103 sunt,
961 2069 1135 2101 deﬁceretur,
1162 2075 1216 2094 uno
1239 2067 1372 2094 duntaxat
1391 2066 1503 2101 dempto
1527 2070 1658 2101 peccato;

868 2116 916 2145 sed
928 2123 989 2151 qua),
1005 2114 1086 2141 nobis
1099 2116 1249 2148 suppetunt
1261 2111 1362 2143 omnia,
1383 2114 1560 2146 nostramque
1581 2115 1661 2138 natu-

868 2162 962 2190 raliter
983 2158 1163 2187 substantiam
1180 2157 1310 2188 conllant,
1333 2157 1409 2184 nullo
1426 2156 1584 2184 desiderato
1608 2156 1659 2183 ha-

18 2206 73 2240 τὴν
100 2193 183 2240 πρὸς
207 2205 293 2240 ἡμᾶς,
312 2205 360 2232 καὶ
384 2205 430 2232 τὸν
456 2193 567 2242 Πατέρα
585 2193 698 2239 τελείως
713 2193 820 2244 φυσικὴ·

907 2211 959 2240 ret;
976 2206 1016 2233 uti
1033 2205 1112 2240 plane
1127 2203 1210 2231 etiam
1225 2211 1285 2238 qua:
1308 2203 1503 2239 sempiternam
1518 2207 1600 2237 atque
1616 2202 1660 2229 di-

20 2250 204 2284 συγγένειαν
220 2250 388 2284 διασώζοντα
414 2252 482 2287 μετὰ
503 2252 552 2287 τὴν
565 2251 672 2279 ἕνωσιν.

869 2253 976 2285 vinam;
1001 2250 1102 2286 quibus
1124 2257 1154 2277 se
1178 2249 1318 2276 hominem
1342 2248 1422 2275 simul
1438 2248 1579 2282 Deumque
1594 2254 1661 2274 vere

17 2295 250 2329 demonstravit,
272 2302 305 2324 ac
320 2295 365 2331 qui
378 2295 499 2331 perfecte
524 2295 666 2323 nobiscum
681 2299 708 2321 et
741 2302 803 2321 cum
831 2293 914 2322 Patre
948 2295 1100 2322 naturalem
1131 2292 1300 2324 afﬁnitatem,
1332 2295 1394 2326 post
1422 2290 1505 2318 etiam
1535 2289 1663 2317 unionem

17 2349 100 2370 serva
106 2346 171 2370 ret.

51 2389 94 2416 Τὸ
105 2388 173 2423 γὰρ
188 2386 222 2422 δὴ
239 2387 344 2421 λέγειν,
359 2387 398 2419 ὼς
412 2388 442 2414 ὲν
458 2386 497 2422 τῷ
517 2386 606 2422 καιρῷ
623 2386 696 2422 μόνῳ
706 2385 754 2412 τοῦ
771 2394 823 2412 σω-

17 2435 122 2470 τηρίου
144 2433 265 2466 πάθους,
286 2434 367 2469 ἡνίκα
379 2433 409 2460 τὺ
425 2433 560 2468 ἡμέτερον
574 2433 676 2460 ὲτύπου
694 2440 825 2467 πραγμα-

17 2481 108 2514 ιικῶς
126 2481 162 2507 ἐν
184 2480 284 2513 ἑαυτῷ,
306 2480 354 2506 καὶ
369 2481 407 2512 ὡς
434 2481 578 2516 ἄνθρωπος
608 2480 758 2516 παρῃτεῖτο
777 2479 824 2504 τὸν

17 2528 161 2560 Ξάνατον,
174 2526 223 2552 δύο
233 2526 452 2562 θελήματαῖἕχων
465 2526 613 2558 ἐδείκνυτο,
625 2524 822 2560 ἀποφαντικὸν,

17 2575 65 2602 vim
79 2573 292 2602 ἀποδεικτικὸν
306 2583 353 2609 μοι
370 2573 455 2606 δοκεῖ,
473 2574 534 2604 Πῶς
548 2573 602 2608 γὰρ
613 2573 641 2599 εν
655 2571 741 2607 τούτῳ
752 2571 824 2606 μόνῳ

17 2621 52 2656 ;ᾦ
66 2618 191 2655 και.ρῷ,
208 2619 256 2646 καὶ
275 2618 313 2655 μὴ
327 2619 381 2655 πρὸ
404 2618 513 2651 τούτου,
542 2619 591 2645 καὶ
617 2617 653 2645 δι’
666 2618 763 2653 ἥντινα
776 2617 825 2652 τὴν

17 2669 129 2694 ιίτῑαν.
165 2665 201 2692 Et
217 2665 268 2701 μὲν
284 2666 338 2701 γὰρ
350 2664 408 2701 εἶχε
428 2665 501 2698 τότε,
517 2666 566 2692 καὶ
588 2665 636 2692 ἀπ’
651 2664 739 2700 ἀρχῆς
753 2662 825 2699 εῐχεν

17 2714 44 2746 ἐξ
65 2709 104 2739 οὗ
136 2711 259 2746 γέγονεν
282 2711 437 2746 ἄνθρωπος,
463 2711 520 2738 ἀλλ’
536 2712 585 2747 οὐχ
607 2710 722 2746 ὕστερον
749 2711 825 2745 ἐσχε-

17 2761 136 2786 ιέασεν·
163 2757 191 2783 εί
210 2757 238 2783 δὲ
259 2757 306 2784 ἀπ’
323 2758 410 2793 ἀρχῆς
434 2757 484 2784 οὐκ
501 2755 582 2792 εἶχεν,
600 2757 629 2783 οὺ
651 2756 680 2782 δὲ
698 2756 768 2783 κατὰ
783 2755 827 2782 τὸν

17 2805 124 2840 ιαιρὺν
140 2801 197 2830 τοῦ
215 2803 329 2835 πάθους,
340 2804 409 2830 ἀλλὰ
422 2803 501 2838 μόνον
512 2803 646 2837 ὲφάντασε
663 2803 712 2837 τὴν
726 2802 827 2837 παραί-

17 2860 114 2888 -ηςιν,
135 2849 193 2877 καὶ
209 2849 277 2883 πρὸς
292 2849 379 2884 ταύτῃ
407 2850 441 2875 τὰ
456 2849 535 2876 λοιπὶ
551 2850 586 2876 δι’
597 2847 633 2876 ὧν
651 2849 824 2883 σεσώσμεθα,

201 2896 336 2927 Pnaon.
360 2896 419 2928 GR.
443 2896 571 2928 CXXX.

914 2385 989 2419 Quod
1008 2385 1078 2413 enim
1096 2385 1156 2420 quis
1170 2384 1254 2415 dicat.
1267 2383 1395 2411 salutaris
1409 2384 1540 2410 duntaxat
1560 2382 1664 2417 passio-

878 2433 921 2460 nis
939 2439 1060 2467 tempore
1074 2431 1195 2467 (quando
1212 2431 1341 2458 nimirum
1355 2433 1477 2457 nostram
1491 2429 1517 2456 in
1533 2436 1563 2456 se
1574 2429 1664 2462 reipsa

878 2484 982 2506 natura:
996 2479 1112 2512 speciem
1139 2476 1309 2512 praeferebat,
1334 2481 1415 2511 atque
1429 2479 1459 2504 ut
1478 2476 1560 2502 h0m0
1589 2481 1664 2502 mor-

878 2529 931 2551 tem
951 2523 1106 2559 recusabat)
1121 2523 1190 2551 duas
1199 2523 1350 2558 prmtulisse
1363 2522 1528 2553 voluntates,
1540 2521 1580 2549 sic
1592 2521 1664 2548 ultro

878 2570 930 2598 dici
945 2570 1082 2602 existimo.
1091 2578 1177 2605 neque
1185 2570 1310 2599 veronlla
1328 2574 1403 2597 certa
1423 2569 1528 2596 ratione
1543 2569 1664 2603 probari.

874 2617 930 2645 Cur
946 2616 1017 2644 enim
1029 2616 1075 2643 illo
1090 2616 1231 2653 duntaxat.
1245 2615 1375 2650 temporis
1398 2614 1523 2646 articulo,
1554 2619 1582 2642 et
1607 2620 1663 2640 non

875 2668 949 2697 ante,
963 2670 1079 2698 quamve
1093 2663 1128 2690 ob
1140 2662 1269 2690 causam?
1286 2662 1313 2689 Si
1328 2662 1437 2696 quidem
1451 2661 1522 2688 enim
1541 2665 1596 2688 tum
1613 2659 1665 2687 ha-

876 2709 967 2743 bebat,
980 2718 993 2736 a
1009 2709 1143 2745 principio
1159 2709 1241 2736 etiam
1269 2708 1374 2739 habuit,
1388 2715 1420 2735 ex
1434 2715 1488 2742 quo
1518 2706 1607 2734 factus
1622 2711 1666 2734 est

877 2756 969 2789 homo,
983 2763 1034 2783 non
1050 2760 1142 2790 postea
1159 2755 1265 2781 ascivit.
1283 2754 1311 2781 Si
1323 2754 1395 2781 enim
1414 2761 1428 2780 a
1447 2754 1582 2788 principio
1611 2761 1663 2779 non

876 2803 981 2835 habuit,
995 2809 1083 2836 neque
1100 2807 1220 2836 tempore
1234 2801 1389 2836 passionis;
1414 2801 1462 2827 sed
1488 2801 1575 2827 solum
1606 2811 1663 2833 υμι-

877 2849 956 2877 nione
973 2849 1023 2877 hoc
1039 2848 1132 2884 geSSit,
1149 2852 1176 2875 ut
1195 2848 1299 2875 scilicet
1312 2851 1426 2874 mmtezn
1445 2847 1595 2880 refugeret,
1615 2851 1659 2872 at-

1493 2893 1531 2921 36
1647 2890 1650 2893 ’
