1874 3076
219 106 284 140 1131

815 112 1004 142 EUTll't'llllI
1025 112 1205 143 ZlGABENl

1782 116 1833 148 ll32

214 188 268 216 que
287 179 370 206 etiam
394 177 510 212 reliqua,
531 176 632 211 quibus
652 175 768 203 salutem
790 176 882 209 adepti
897 182 997 201 sumus

1093 187 1112 205 »ν
1131 179 1161 205 τὸ
1175 179 1308 214 δάκρυον,
1330 180 1382 215 τὴν
1397 180 1491 216 εὒχὴν,
1509 181 1560 217 τὴν
1582 182 1684 218 λῦπην,
1710 185 1760 220 τὴν
1777 185 1835 219 ἀγω-

213 227 351 261 expleret;
368 222 523 259 cujusmodi
549 225 615 249 sunt
638 222 728 254 lletus,
754 228 860 256 preces,
881 221 1003 252 tristitia,

213 271 312 299 mortis
333 277 430 306 pavor,
447 276 526 300 crux,
540 275 626 299 mors,
640 267 789 302 sepultura.
807 265 866 294 Uno
883 266 957 293 enim
971 273 1005 293 ex

214 319 258 351 iis,
272 325 333 353 qua:
346 317 374 343 in
392 323 426 343 eo
447 323 496 350 pro
512 315 629 342 humana
646 314 752 341 ratione
771 313 907 340 naturalia
929 313 1004 340 exsi-

214 368 301 395 stunt,
315 362 456 397 abrogato,
469 367 559 394 neque
571 360 676 394 reliqua
686 359 847 387 consistent.
861 359 1004 392 Quomodo

213 410 287 437 enim
305 415 360 435 non
384 407 452 434 illud
475 406 598 441 quidem,
623 405 681 432 hazc
703 405 785 432 vero?
801 412 897 440 qumve
914 404 1004 431 ratio?

214 459 262 482 aut
284 461 344 488 qua:
359 452 498 480 rationum
522 458 622 486 pugna,
639 451 666 480 in
785 458 820 478 eo
843 450 917 485 quod
932 455 1004 483 orat,

213 500 424 534 naturalemque
447 501 546 533 sponte
564 497 751 525 inﬁrmitatem
770 497 872 531 (carnis
886 497 1003 533 scilicet)

213 547 312 574 timore
328 553 360 572 ac
379 550 482 580 pavore
504 548 634 576 ostentat,
651 551 703 571 nec
724 551 837 578 prorsus
856 543 1003 577 obnititur,

212 594 261 621 sed
278 593 317 620 ait
332 603 339 621 :
352 592 380 620 Si
403 592 523 628 possibile
537 597 584 619 est.
607 591 641 619 Et
658 600 665 618 :
682 591 739 618 Non
763 591 826 626 quid
845 599 891 626 ego
912 591 1001 624 velim,

212 640 257 667 sed
277 639 340 675 quid
356 643 383 665 tu
400 641 427 671 ις
446 638 599 672 fortemque
620 637 753 664 adversus
768 643 896 669 mortem,
919 642 1003 672 atque

213 687 332 713 alacrem
349 683 442 711 timori
465 687 569 710 motum
592 682 728 717 appingitl
753 682 921 710 lnformabat
941 683 1004 718 qui-

213 733 276 758 dem
291 731 321 758 in
339 738 368 758 se
390 730 482 765 reipsa
502 729 576 764 quod
594 733 719 756 nostrum
742 734 785 757 est
808 729 929 756 naturali
946 734 1006 756 tan-

213 777 300 811 tispcr
318 774 415 802 mortis
434 773 574 800 formidini
596 773 709 808 ejusque
726 770 807 798 anxio
823 769 914 797 timori
931 776 998 798 eon—

213 822 324 853 cedens,
346 824 377 848 ut
391 824 420 847 et
435 819 469 846 ab
486 819 533 847 illo
551 826 602 846 nos
618 818 757 850 liberaret,
780 824 892 852 suaeque
907 818 999 846 carnis

213 872 340 895 naturam
363 869 508 898 astrueret,
531 872 564 892 ac
589 864 664 892 inani
688 864 763 892 omni
787 863 877 898 specie
900 870 999 891 vacare

213 912 444 948 dispensationem
462 915 639 945 monstraret.
657 909 773 944 Moxque
794 917 889 937 rursus
911 909 999 936 maxi-

213 965 286 985 mam
308 957 452 985 adversum
476 961 592 984 mortem
613 955 697 982 animi
719 955 775 982 vim
790 955 902 987 exserit,
922 962 1001 983 sum-

214 1010 341 1038 mamque
355 1002 481 1029 humanae
494 1008 551 1028 suae
567 1000 725 1032 voluntatis,
740 1007 802 1027 cum
815 999 926 1034 propria
939 1007 999 1032 sua,

215 1049 358 1084 Patrisque
381 1049 534 1080 voluntate,
559 1046 790 1074 necessitudinem
813 1054 845 1074 ac
871 1045 999 1073 unionem

215 1086 316 1130 prodit,
327 1093 431 1129 judicio
441 1100 490 1120 suo
502 1092 667 1127 approbans,
678 1091 828 1126 dicensque
839 1099 845 1118 ;
856 1091 916 1118 Non
929 1098 999 1124 mea,

214 1140 260 1166 sed
285 1145 332 1166 tua
358 1138 480 1166 voluntas
506 1138 572 1172 ﬁat;
598 1137 664 1165 hinc
688 1136 800 1172 quidem
827 1136 1000 1170 divisionem,

215 1185 345 1220 illincque
368 1192 466 1211 rursus
488 1183 676 1211 confusionem
689 1183 784 1218 procul
800 1183 946 1211 eliminans
957 1187 1001 1210 at-

215 1239 268 1267 que
283 1231 459 1259 submovens.

251 1277 298 1305 Sin
311 1281 404 1305 autem
417 1276 520 1304 idcirco
533 1276 591 1304 haec
600 1276 707 1311 dicunt,
719 1277 791 1312 quod
805 1285 859 1305 non
873 1281 1001 1313 appareat

216 1323 294 1355 alias,
309 1324 369 1359 eius
382 1323 456 1358 quod
471 1328 512 1350 est
525 1323 605 1355 velle,
621 1332 702 1358 quam
719 1324 853 1360 passionis
867 1329 1000 1359 tempore,

216 1370 383 1403 meminisse,
407 1369 525 1405 idipsum
545 1369 661 1397 dixerint
686 1374 715 1398 et
735 1370 769 1398 de
787 1370 879 1398 innata
902 1371 1002 1398 intelli-

217 1415 298 1450 gendi
324 1415 366 1448 vi,
392 1415 546 1450 mentisque
570 1420 709 1450 expertem
744 1415 834 1450 ipsum
868 1418 998 1442 asserem.

215 1461 276 1488 Non
290 1460 364 1488 enim
377 1464 489 1494 apparet
500 1459 611 1493 dixisse,
626 1459 699 1494 quod
711 1464 803 1487 mente
817 1459 941 1494 cogitarit
955 1462 1002 1486 aut

1057 224 1127 257 νίαν,
1152 224 1199 251 τδν
1227 225 1364 261 σταυρὸν,
1384 226 1432 253 τὸν
1456 227 1582 262 θάνατον,
1601 230 1652 264 τὴν
1674 231 1835 266 ταφήνὲιδις

1057 270 1113 306 γὰρ
1126 271 1317 307 άκυρουμένου
1335 272 1390 299 τῶν
1407 273 1436 299 ὲν
1458 274 1532 309 αὐτῷ
1552 275 1614 302 καθ’
1632 277 1711 310 ἡμᾶς
1731 279 1835 311 φυσικῶν

1057 316 1232 351 σωζομένων,
1246 317 1307 344 οὐδὲ
1320 317 1355 344 τὰ
1372 317 1441 346 ἄλλα
1467 320 1607 354 στήσεται.
1633 321 1702 353 Πῶς
1726 323 1780 358 γάρ
1798 325 1836 350 oi:

1055 362 1144 388 ἐκεῖνο
1157 362 1217 397 μὲν,
1229 363 1316 390 ταῦτα
1336 363 1382 397 δέ;
1407 365 1464 392 Καὶ
1482 365 1524 397 τίς
1538 367 1553 392 ὸ
1575 366 1673 400 λόγος
1692 368 1836 401 ἐναντίωσις

1056 408 1086 435 δὲ
1107 410 1174 435 ποῖα
1196 408 1228 435 τὺ
1249 409 1452 445 προσεύχεσθαι
1465 430 1473 442 ,
1492 411 1540 437 καὶ
1556 412 1681 447 φυσικῆς
1706 414 1837 448 ὲκονσὲως

1056 454 1106 489 τῆς
1120 454 1190 481 κατὰ
1214 454 1263 490 τὴν
1293 456 1384 491 σάρκα
1409 456 1493 490 λέγω,
1522 458 1682 493 πρόσδειξιν
1709 460 1837 493 ἀσθενείας

1056 501 1192 528 ποιεῖσθαι
1222 501 1267 528 διὰ
1292 502 1343 537 τῆς
1372 503 1516 538 συστολῆς,
1546 505 1594 530 καὶ
1624 504 1663 540 μὴ
1692 505 1837 532 ἀντιτείνειν

1054 547 1134 580 ὅλως,
1157 546 1227 574 ἀλλὰ
1245 547 1355 581 λέγειν·
1377 550 1411 576 Et
1431 549 1572 576 δυνατόν.
1591 551 1665 577 Καὶ·
1689 551 1741 585 Μὴ
1756 553 1783 578 τί
1794 553 1837 587 ἐγὼ

1055 592 1148 625 θέλω,
1175 593 1244 620 ἀλλ’
1266 594 1294 621 ετ
1318 603 1346 621 τι
1365 595 1417 621 σύ⁶
1441 596 1489 622 καὶ
1509 595 1658 623 συνάπτειν
1680 599 1716 632 τῇ
1738 599 1836 632 cum):

1054 639 1105 672 τὴν
1121 639 1235 674 ίσχυρὰν
1249 639 1321 666 κατὰ
1339 639 1387 666 τοῦ
1409 640 1526 668 Θανάτου
1544 642 1591 668 καὶ
1608 643 1758 678 πρόθυμον
1773 645 1835 678 κίνη-

1057 693 1117 716 σιν;
1139 685 1255 712 Ἐτύπου
1283 686 1333 720 μὲν
1357 686 1413 721 γὰρ
1442 688 1647 722 πραγματικῶς
1664 689 1697 715 ὲν
1718 690 1836 725 {socii-.4;

1057 729 1204 766 ἡμέτερον,
1222 731 1266 758 διά
1289 731 1340 766 τῆς
1365 733 1485 767 φυσικῆς
1503 733 1574 769 πρὸς
1598 734 1704 768 μικρὸν
1730 735 1836 769 ἀγωνίας

1055 777 1099 805 ἵνα
1115 777 1163 803 καὶ
1176 776 1278 810 ταύτης
1297 777 1371 811 ἡμᾶς
1396 776 1579 813 ἐλευθερώσῃ,
1598 778 1648 802 καὶ
1669 777 1722 812 τῆς
1748 779 1836 809 οἰκείας

1057 821 1158 857 σαρκὸς
1181 820 1231 855 τὴν
1250 820 1332 855 φύσιν
1356 821 1537 856 πιστώσηται,
1562 821 1611 847 καὶ
1626 821 1699 848 πᾶσι
1722 822 1835 857 καθαράν

1056 866 1106 902 τὴν
1130 865 1285 900 οἰκονομίαν
1311 866 1464 900 φαντασίας
1489 867 1653 902 ἐργάσηται·
1680 867 1835 902 παρίστηέ

1056 913 1137 940 πάλιν
1150 912 1232 943 alaeue
1245 912 1295 947 τὴν
1311 911 1382 938 κατὰ
1399 911 1448 938 τοῦ
1464 911 1580 938 θανάτου
1597 911 1740 946 μεγῖστην
1750 912 1835 947 ὁρμὴν,

1057 958 1104 985 καὶ
1123 957 1172 993 τὴν
1197 957 1286 993 ἄκραν
1308 957 1356 984 τοῦ
1382 957 1443 984 κατ’
1463 957 1543 983 αὐτὸν
1562 957 1755 993 άνθρωπικοῦ,
1779 958 1835 991 πρὶς

1057 1003 1087 1030 τὸ
1102 1004 1203 1030 οἰκεῖον
1225 1002 1308 1029 αὐτοῦ
1332 1003 1380 1029 καὶ
1404 1003 1540 1038 [ἰατρικὸν
1564 1002 1686 1038 θέλημα,
1712 1003 1835 1037 cupient-tv

1057 1049 1106 1077 καὶ
1128 1049 1235 1082 ἑνωσιν,
1262 1048 1302 1084 τῷ
1329 1049 1468 1083 ἐπικρῖναι
1493 1047 1573 1074 τοῦτο
1587 1047 1637 1074 καὶ
1653 1048 1782 1081 φάσκειν·
1797 1047 1835 1081 Μὴ

1058 1096 1092 1122 τὸ
1105 1095 1188 1130 ἐμὸν,
1205 1095 1285 1123 ἀλλὰ
1308 1094 1341 1121 τὸ
1363 1093 1421 1122 σόν
1440 1095 1582 1129 γενέσθω.
1607 1094 1706 1129 Ταύτῃ
1732 1094 1779 1128 μὲν
1796 1095 1837 1128 τὴν

1058 1141 1190 1177 διαίρεσιν
1211 1140 1422 1177 ἀπωθούμενος,
1444 1140 1537 1181 ἐκείνῃ
1555 1140 1584 1167 δὲ
1603 1139 1691 1167 πάλιν
1716 1140 1765 1174 τὴν
1782 1139 1838 1173 σύγε

1060 1196 1149 1224 χυσιν.

1091 1278 1123 1306 Εί
1139 1278 1178 1310 δὲ,
1197 1277 1238 1304 ὅτι
1267 1277 1305 1313 μὴ
1329 1276 1424 1305 ἄλλοτε
1441 1276 1566 1311 φαίνεται
1583 1275 1634 1303 τοῦ
1654 1276 1749 1304 θέλειν
1761 1277 1837 1312 ἔμφις

1058 1332 1100 1351 σιν
1115 1323 1308 1358 πεποιημένος,
1324 1322 1342 1358 ἢ
1365 1322 1436 1349 κατὰ
1465 1322 1511 1349 τὸν
1533 1322 1630 1358 καιρὸν
1651 1323 1707 1350 τοῦ
1736 1324 1839 1356 πάθους,

1056 1369 1144 1397 ταῦτά.
1159 1377 1237 1404 φασι,
1256 1368 1336 1395 τοῦτο
1356 1368 1402 1395 καὶ
1423 1367 1487 1402 περὶ
1504 1367 1555 1402 τῆς
1578 1368 1711 1403 ἐμφύτου
1732 1371 1841 1404 νοήσεως

1057 1414 1171 1447 εἴποιεν,
1184 1414 1231 1440 καὶ
1254 1413 1333 1441 ἄνουν
1357 1413 1440 1440 αὐτὸν
1455 1414 1727 1441 κατασκευάσουσιν.
1741 1416 1780 1442 Οὐ
1795 1416 1842 1451 γὰρ

1057 1459 1182 1494 φαίνεται
1209 1458 1287 1490 λέξας
1312 1458 1353 1485 ὅτι
1373 1458 1497 1492 νενόηκα.
1523 1458 1578 1485 Καὶ
1593 1459 1662 1494 περὶ
1686 1459 1843 1494 ὀσφρήσεως

218 1505 392 1533 intellexerit.
410 1505 498 1532 Simili
511 1512 621 1540 quoque
642 1505 747 1532 ratione
761 1504 796 1532 de
808 1504 909 1532 olfactu
926 1505 997 1532 aliis-

1093 1505 1166 1539 ottu;,
1191 1504 1236 1531 καὶ
1263 1504 1317 1530 τῶν
1343 1503 1444 1531 λοιπῶν
1469 1503 1529 1530 καθ’
1559 1504 1635 1539 ἡμᾶς
1653 1505 1793 1539 φυσικῶν,
1811 1502 1842 1532 ἐν

217 1558 270 1586 quo
293 1550 321 1577 in
341 1549 423 1577 nobis
440 1549 623 1580 naturalibus,
649 1556 767 1584 quorum
784 1556 918 1583 nusquam
935 1548 1004 1576 scri-

216 1601 295 1631 ptum
307 1600 350 1623 est
366 1595 533 1622 meminisse.
548 1594 595 1621 Vel
606 1594 689 1621 etiam
702 1594 736 1621 de
750 1594 808 1628 ipsa
822 1594 922 1625 anima,
934 1602 966 1621 ac
978 1587 1004 1622 si

217 1642 294 1677 prius
310 1641 399 1676 reipsa
414 1648 469 1667 non
488 1639 634 1672 exstiterit,
647 1647 702 1674 quo
724 1647 758 1667 ex
778 1644 900 1674 tempore
921 1640 1004 1667 homo

218 1688 305 1715 factus
321 1691 373 1720 est,
394 1687 441 1714 sed
465 1692 528 1714 tunc
544 1686 632 1714 solum
649 1694 711 1713 cum
729 1686 789 1721 ejus
805 1686 1003 1714 commeminit.

219 1733 295 1760 llaud
313 1733 386 1760 enim
414 1732 460 1760 diu
487 1736 550 1759 ante
575 1731 730 1766 passionem
755 1731 823 1759 illud
845 1731 1004 1766 praestitisse

214 1779 356 1814 .proditum
372 1783 423 1806 est.
438 1779 492 1806 Aut
506 1778 590 1813 igitur
606 1781 671 1805 tunc
682 1778 759 1813 quasi
773 1786 808 1805 ex
821 1783 943 1813 tempore
957 1786 1005 1805 na-

220 1830 273 1852 tam
296 1824 397 1856 dicant,
421 1824 495 1858 quod
519 1831 574 1850 non
599 1823 700 1857 saepius
722 1830 754 1850 ac
767 1823 822 1858 jam
845 1827 902 1849 tum
926 1822 1006 1850 initio

217 1871 278 1905 ejus
288 1870 358 1897 facta
371 1868 473 1896 mentio
485 1874 542 1902 est;
557 1873 604 1896 aut
617 1876 680 1896 cum
699 1868 753 1895 hoc
773 1877 827 1896 non
840 1869 942 1900 dicant,
956 1867 1005 1895 sed

218 1925 251 1943 ex
267 1916 355 1950 magni
370 1915 511 1942 Athanasii
525 1914 680 1942 sententia:
698 1924 706 1940 ι
723 1914 809 1942 Simul
830 1922 902 1946 caro,
923 1914 1005 1945 simul

220 1962 268 1988 Dei
284 1961 366 1988 Verbi
385 1968 450 1988 caro
464 1961 594 1992 animata,
610 1960 715 1988 ratione
733 1965 822 1993 utens,
847 1970 856 1986 ι
873 1960 1004 1993 doceant;

220 2006 372 2032 naturalem
385 2012 495 2040 quoque
507 2004 654 2032 Salvatoris
668 2005 847 2037 voluntatem,
858 2012 911 2039 qua
922 2004 1005 2032 homo

220 2055 303 2083 esset,
332 2058 387 2078 non
410 2050 546 2085 passionis
567 2050 700 2078 duntaxat
722 2055 844 2085 tempore
868 2050 1005 2078 exstitisse

221 2097 323 2128 dicent,
346 2097 398 2124 etsi
421 2097 496 2124 illius
521 2102 586 2124 tunc
609 2097 742 2130 meminit,
766 2097 814 2124 sed
832 2104 848 2124 a
870 2097 1006 2132 principio

1058 1550 1248 1587 μνημονεύσας
1274 1550 1325 1576 οὐκ
1347 1550 1567 1585 ἀναγέγραπται.
1589 1550 1626 1576 Ἢ
1644 1551 1698 1576 καί
1716 1551 1784 1586 περὶ
1800 1550 1842 1584 τῆς

1056 1595 1146 1630 ψυχῆς
1164 1595 1262 1629 αὐτῆς,
1276 1594 1313 1626 ὼς
1333 1595 1364 1621 οὐ
1386 1594 1519 1629 πρότερον
1536 1593 1622 1629 οὔσης
1638 1595 1704 1621 καθ’
1721 1595 1842 1630 ὓπαρξιν,

1057 1641 1105 1675 ἀφ’
1118 1638 1149 1668 οὗ
1159 1641 1269 1675 γέγονεν
1281 1640 1432 1676 ἄνθρωπος,
1450 1640 1508 1667 ἀλλ’
1518 1641 1535 1675 ἦ
1552 1640 1633 1675 μόνον
1644 1641 1753 1668 ὁπόταν
1768 1641 1843 1674 αὐτῆς

1058 1686 1271 1722 ἐμνημόνευσεν.
1289 1686 1327 1713 Οὐ
1341 1686 1394 1722 πρὸ
1408 1687 1506 1713 πολλοῦ
1517 1688 1572 1723 γὰρ
1584 1688 1632 1714 τοῦ
1640 1689 1761 1720 κπάθους
1775 1688 1844 1714 τνῖνπ

1058 1732 1219 1768 πεποιηκὼς
1242 1732 1435 1768 ἀνηγόρευται.
1467 1733 1502 1759 Ἥ
1523 1734 1612 1761 τοίνυν
1640 1734 1844 1769 σχεδιασθεῖϐτῖ

1057 1777 1141 1813 αὐτὴν
1161 1778 1261 1805 αὐτίκα
1289 1778 1419 1809 εἴπωσιν,
1436 1778 1477 1804 ὃτι
1497 1777 1534 1813 μὴ
1564 1778 1702 1810 πολλάκις
1729 1780 1782 1805 καὶ
1804 1778 1844 1805 ἀπ’

1058 1823 1147 1858 ἀρχῆς
1167 1823 1254 1858 αὐτῆς
1273 1824 1488 1858 ἐμνημόνευσεν·
1507 1823 1524 1859 ἢ
1545 1823 1627 1850 τοῦτο
1650 1824 1692 1860 μὴ
1712 1824 1844 1859 λὲ-ῖονοεης.

1058 1868 1115 1895 ἀλλ’
1129 1877 1139 1895 ι
1163 1869 1239 1903 Ἀμα
1255 1868 1332 1904 σὰρξ,
1353 1868 1412 1903 ἅμα
1429 1868 1496 1896 Θεοῦ
1518 1869 1606 1903 Λόγου
1629 1869 1702 1905 σὰρξ
1718 1870 1845 1905 ἔμψυχος,

1058 1913 1165 1949 λογικὴ.
1184 1916 1199 1940 »λ
1210 1915 1281 1941 κατὰ
1296 1914 1342 1941 τὸν
1357 1915 1444 1950 μέγαν
1468 1915 1627 1941 ’Δθανάσιον
1639 1915 1845 1950 δογματίζουσι,

1059 1961 1107 1987 καὶ
1121 1961 1151 1988 τὸ
1167 1961 1281 1996 φυσικὸν
1303 1961 1341 1993 ὡς
1361 1960 1504 1996 ἀνθρώπου
1521 1961 1568 1987 τοῦ
1584 1961 1718 1996 Σωτῆρος
1734 1962 1845 1996 θέλημι,

1060 2006 1098 2042 μὴ
1117 2007 1187 2034 κατὰ
1202 2006 1248 2033 τὸν
1271 2006 1366 2042 καιρὸν
1389 2004 1460 2033 εἶναι
1478 2006 1525 2032 τοῦ
1547 2006 1654 2038 πάθους
1677 2007 1792 2041 λέξουσι
1806 2009 1846 2043 μὲν-

1059 2060 1114 2085 νον,
1133 2052 1158 2078 εί
1179 2053 1225 2079 καὶ
1245 2053 1356 2088 μνήμην
1372 2052 1470 2079 αὐτίκα
1489 2051 1583 2078 τούτου
1608 2053 1782 2088 πεποίηκεν·

1058 2099 1106 2125 ἀπ’
1124 2097 1210 2133 ἀρχῆς
1223 2097 1261 2130 ὡς
1280 2097 1416 2133 ἀνθρώπῳ
1428 2097 1490 2124 καθ’
1505 2097 1579 2133 ἡμᾶς
1596 2099 1729 2133 φυσικῶς
1744 2099 1787 2135 τῷ
1800 2099 1847 2126 Et»

220 2141 297 2168 velut
310 2141 337 2168 in
351 2140 441 2172 nobis,
455 2148 487 2168 ac
500 2148 560 2175 quae
575 2140 614 2167 illi
631 2146 758 2175 tanquam
780 2141 886 2169 homini
908 2146 997 2170 natur:

1097 2151 1122 2178 ρι
1141 2143 1367 2178 συνουσιωμένον·

221 2186 463 2215 consubstantialis
477 2186 513 2213 sit
525 2194 532 2212 :

249 2235 330 2263 Subit
339 2239 431 2262 autem
449 2233 542 2260 mirari
554 2236 583 2260 et
591 2232 625 2259 de
634 2231 804 2266 operatione,
816 2231 953 2266 quomodo
966 2231 994 2259 in

200 2279 323 2308 Christo
339 2287 421 2306 unam
433 2286 493 2306 esse
503 2278 629 2315 doceant,
639 2277 724 2304 relate
736 2277 864 2304 nimirum
875 2276 909 2304 ad
925 2276 995 2304 indL

215 2326 338 2357 viduum,
355 2325 480 2360 ejusque,
587 2327 618 2349 ut
633 2322 683 2357 ipsi
695 2322 856 2356 loquuntur,
868 2321 995 2349 conside—

215 2370 332 2396 ratione.
341 2369 430 2403 Atque
441 2374 471 2395 ut
480 2367 587 2395 mittam
595 2367 698 2398 dicere,
707 2374 802 2393 eorum
815 2374 876 2401 qua).
884 2370 996 2393 natura-

214 2416 250 2443 lia
265 2414 418 2448 sunt,niliil
429 2414 518 2449 primo
532 2413 566 2440 ad
585 2412 757 2440 individuum
768 2412 929 2439 relationem
947 2412 996 2439 ha-

213 2461 289 2493 bere,
299 2462 347 2488 sed
359 2460 392 2488 ad
401 2465 528 2487 naturam
539 2459 626 2493 ipsius
634 2467 665 2486 ac
673 2458 830 2486 essentiam.
841 2457 911 2491 Quid
922 2457 995 2485 enim

213 2507 275 2544 quis
282 2515 333 2542 ope
338 2506 391 2533 rari
406 2506 493 2540 possit
500 2505 603 2540 absque
612 2505 646 2532 iis
654 2504 842 2537 facultatibus,
849 2512 910 2539 qute
917 2509 997 2531 natu-

213 2561 252 2580 rae
266 2553 379 2580 insunt?
395 2551 507 2580 Undeve
526 2551 609 2578 alicui
632 2556 662 2578 ut
675 2555 807 2586 operetur
829 2550 932 2584 absque
948 2557 997 2576 na-

214 2605 287 2631 tura,
318 2603 367 2626 aut
398 2602 428 2625 ut
451 2597 512 2632 ejus
542 2597 676 2632 praeditus
704 2597 836 2625 facultate
858 2595 997 2623 exsistat?

214 2645 372 2678 Libensque
391 2651 425 2681 ex
443 2643 477 2670 iis
504 2643 677 2678 quaesierim,
711 2650 778 2670 num
802 2646 832 2668 ut
858 2641 998 2669 naturales

214 2690 390 2725 operationes
416 2689 588 2723 interimant,
618 2690 691 2717 lianc
723 2688 868 2724 objiciunt,
889 2687 998 2716 necne?

215 2735 245 2764 Si
267 2736 342 2764 enim
369 2739 399 2763 ut
428 2735 599 2770 interimant,
621 2735 771 2772 quomodo,
790 2735 912 2770 qualisve
936 2739 997 2762 tan-

256 2820 268 2839 ⁶
283 2820 378 2848 Hatth.
394 2830 466 2854 XXVI,
481 2822 525 2850 59.

1096 2233 1205 2259 Ἐπεισι
1221 2232 1249 2259 δέ
1265 2241 1310 2268 μοι
1331 2233 1482 2268 θαυμάζειν
1498 2235 1545 2261 καὶ
1559 2236 1627 2270 περὶ
1641 2237 1806 2273 ἐνεργείας,
1819 2238 1848 2266 ἐς

1060 2277 1124 2314 μίαν
1139 2278 1242 2313 ταύτην
1258 2279 1304 2305 ἐπὶ
1321 2279 1441 2313 Χριστοῦ
1456 2279 1664 2314 δογματίζουσι,
1683 2284 1718 2318 τῇ
1744 2283 1814 2317 πρὸς
1825 2282 1847 2306 εδ

1058 2323 1169 2358 ἄτομον,
1180 2324 1218 2355 ὼς
1234 2324 1311 2350 αὐτοί
1341 2333 1433 2359 φασιν.
1447 2325 1638 2361 ἀποσκοπήσει
1649 2328 1703 2354 καὶ
1716 2327 1840 2362 ἀναφορᾷ

1058 2368 1112 2395 Καὶ
1125 2368 1168 2394 ἴνα
1186 2368 1264 2403 παρῶ
1279 2369 1378 2402 λέγειν,
1395 2369 1433 2401 ὡς
1452 2369 1528 2396 οὐδὲν
1544 2369 1599 2396 τῶν
1614 2373 1750 2405 φυσικῶν
1766 2373 1805 2403 ὡς
1816 2372 1849 2400 εξ

1057 2414 1158 2449 άτομον
1183 2414 1407 2450 προηγουμένως,
1430 2415 1500 2442 ἀλλὰ
1521 2415 1571 2450 τὴν
1597 2416 1702 2444 τούτου
1729 2418 1813 2452 φύσιν
1826 2424 1849 2441 τε

1057 2459 1105 2486 καὶ
1118 2459 1211 2486 οὐσίαν
1236 2460 1293 2495 ἔχει
1316 2461 1365 2495 τὴν
1395 2461 1545 2495 ἀναφοράν.
1563 2461 1615 2493 Τίς
1634 2462 1696 2498 γὰρ
1717 2464 1785 2490 ἄνευ
1802 2462 1848 2487 ris

1057 2505 1180 2540 φυσικῶς
1206 2506 1362 2542 προσόντων
1386 2508 1420 2542 τῇ
1439 2507 1518 2540 φύσει
1543 2507 1706 2543 δυνάμεων,
1728 2508 1845 2542 ἑνερτῑῖῖ

1057 2560 1083 2579 τι
1097 2551 1197 2578 δύναιτ’
1211 2551 1259 2584 άν;
1276 2551 1293 2587 ἢ
1306 2552 1386 2579 πόθεν
1399 2552 1475 2587 αὑτῷ
1489 2553 1518 2579 τὸ
1533 2553 1662 2588 ἐνεργεῖν
1673 2555 1692 2589 ἢ
1710 2554 1843 2581 δύνασθε,

1058 2597 1146 2633 πάρεξ
1160 2597 1209 2632 τῆς
1229 2598 1355 2631 φύσεως;
1377 2598 1483 2625 Ἐκεῖνο
1496 2598 1525 2625 δὲ
1541 2599 1690 2634 ἐρωτῆσαι
1709 2600 1844 2635 βούλομαι·

1058 2643 1129 2678 Πρὸς
1145 2643 1283 2678 ἀναίρεσιν
1302 2643 1356 2678 ἄρα
1369 2642 1423 2669 τῶν
1439 2643 1562 2678 φυσικῶν
1577 2645 1735 2678 ἐνεργειῶν
1752 2644 1845 2675 ταύτην

1060 2687 1230 2723 προΐσχοντο,
1248 2687 1265 2722 ἢ
1284 2687 1329 2721 τί;
1344 2688 1376 2714 Et
1394 2688 1448 2723 γὰρ
1462 2688 1505 2714 ἐπ’
1516 2688 1676 2722 ἀναιρέσει,
1701 2690 1771 2720 πῶς,

1058 2733 1105 2760 καὶ
1123 2733 1187 2759 ποῖα
1201 2733 1272 2759 κατὰ
1286 2732 1335 2768 τὴν
1349 2732 1462 2761 ἐκείνων
1477 2733 1637 2761 ἁπόπανσιν
1656 2736 1704 2771 εἴη
1720 2736 1749 2762 τὸ
1764 2740 1842 2767 παρσ-
