1874 3076
88 103 148 136 1133

555 105 737 136 PANOPLH
759 106 983 137 DOGMATICA.
1001 117 1035 123 -
1052 105 1126 136 ΤΙΤ.
1145 103 1223 134 XXI.

1622 103 1691 135 1134

83 170 131 188 πιν
141 161 275 196 ὲνέργεια;
293 161 330 193 ὼς
341 161 397 196 γὰρ
412 161 521 195 φύσεων
536 164 586 189 οὐκ
603 163 702 195 οὐσῶν,
719 164 765 189 καὶ
782 163 812 188 τὸ

951 169 980 193 u,
995 161 1047 187 illis
1058 159 1194 187 submotis
1210 165 1241 185 ae
1252 157 1401 193 abrogatis,
1418 157 1509 186 futura
1547 159 1691 194 operatio?

83 209 164 236 αὐτων
171 207 326 241 ἀφανίζεται
345 207 383 233 πά
391 216 466 239 ιτως,
481 209 497 243 ἡ
515 207 642 239 σύνθετος
651 208 722 242 λέγω
730 208 848 235 ὑπόστα-

84 263 131 286 σις·
144 253 211 281 οὕτω
223 254 268 280 καὶ
283 253 337 279 τῶν
359 253 483 288 φυσικῶν
504 254 654 289 ἐνεργειῶν
671 254 721 280 οὐκ
746 254 847 286 οὐσῶν,

81 300 131 326 οὐδ’
146 300 210 334 ἄλλη
224 299 253 326 τὸ
264 299 375 326 σύνολον
390 300 477 326 ἔσται.
498 300 553 326 Καὶ
569 301 599 326 οὺ
612 300 685 334 λέγω
700 299 789 332 τοῦτο,
813 301 851 332 ὡς

80 347 158 380 ἄλλης
178 346 316 382 ἐνεργείας
342 345 375 372 ἐκ
409 345 464 372 τῶν
487 345 610 380 φυσικῶν
638 346 850 380 συνισταμένης,

81 391 142 417 Οὐδὲ
163 391 210 425 μία
232 391 286 426 γὰρ
300 391 355 417 τῶν
385 392 415 417 ἐν
432 392 607 426 ὑποκειμένῳ
637 392 772 423 σύνθεσις·
791 393 851 420 Ὀτι

80 437 142 472 μηδὲ
154 436 200 472 τὴν
217 436 278 464 καθ’
289 437 374 464 ἑαυτὰ
400 438 430 465 τὺ
452 437 563 464 σύνολον
583 438 712 472 ὓπαρξιν,
740 438 808 464 ἀλλὰ
824 438 853 464 τὸ

78 487 173 512 είκαῖον
189 486 319 520 παριστᾷ.
341 486 384 517 Ὠς
398 485 422 511 εἰ
446 485 495 516 τὰς
511 484 613 518 κυρίως
628 485 698 510 κατά
712 485 793 518 φύσιν
808 483 854 519 ρῦ-

77 540 122 562 σας
134 531 182 558 οὐκ
193 529 262 557 εῐναι
272 531 391 565 λέγουσι,
411 530 470 562 πῶς
487 530 602 566 ὑπάρξει
616 529 646 556 τὸ
662 530 796 564 μηδαμῶς
808 529 852 562 6v;

76 576 119 607 Τίς
133 577 184 612 γάρ
198 578 255 603 ἐστι
270 577 456 612 ὑποστατικὴν
472 576 560 610 λέγων
575 576 726 610 ἐνέργειαν,
740 576 787 601 καὶ
803 575 853 601 πό-

76 622 117 648 θεν
131 623 216 655 τοῦτο,
232 623 279 649 καὶ
300 623 375 658 παρὰ
398 623 470 655 τίνος
493 622 620 654 λαΰόντες
636 621 851 657 προσφέρουσινς

74 669 103 694 Εἰ
116 668 143 694 δὲ
196 668 274 695 τοῦτο
289 669 370 703 τυχὸν
387 668 595 702 ἀποφαίνονται,
616 666 743 693 σύνθετον
762 666 790 693 δὲ
803 666 852 702 τὴν

74 715 217 742 ὑπόστασιν
232 715 394 750 ὁμολογοῦσι
413 715 481 750 πρὸς
495 715 527 750 ἢν
548 714 725 748 ἀναφέρεται,
735 713 783 739 καὶ
798 712 852 739 τῶν

73 760 197 787 ἐναντίων
226 761 274 788 καὶ
299 760 496 796 ἀντικειμένων
521 759 660 794 δεκτικήν·
683 758 784 793 θνητὴν
797 758 851 793 γὰρ

73 806 116 832 καὶ
131 806 274 840 ἀθάνατον,
308 807 410 842 δρατὴν
437 806 484 833 καὶ
510 806 636 840 ἀόρατον,
662 804 852 840 περιγραπτὴν

71 853 114 879 καὶ
128 853 329 889 ἀπερίγραφον,
340 853 458 888 ἄναρχον
471 851 518 878 καὶ
533 851 585 878 ὑπὸ
596 851 692 886 ἀρχὴν,
702 851 777 877 ἔσται
791 850 852 877 τοῦ-

70 905 99 923 το
113 898 183 925 κατὰ
196 899 226 926 τὸ
240 899 313 930 εῐκδς
329 899 377 925 καὶ
390 899 406 934 ὴ
423 898 560 933 ἐνέργεια.
577 898 632 924 Καὶ
646 897 704 928 πῶς
719 896 816 928 ἄλλως,
833 895 849 931 ἢ

69 944 126 970 καθ’
134 944 191 978 ἕξιν
203 944 325 980 δηλονότι
338 945 386 972 καὶ
400 944 543 980 στέρησιν;
556 943 603 970 καὶ
612 943 646 969 τὰ
656 943 714 978 μὲν,
725 942 762 974 ὡς
771 939 849 972 οὖσα.

69 989 200 1022 πείσεται,
215 990 251 1016 τὰ
266 990 305 1022 δὲ,
321 990 358 1021 ὼς
375 989 412 1024 μὴ
425 987 502 1020 οὖσα,
514 988 730 1024 παρυποστήσει.
748 987 810 1018 Πῶς
823 986 851 1013 δὲ

67 1035 111 1062 καὶ
126 1036 140 1062 ὁ
152 1035 284 1071 τοιαύτην
297 1035 365 1070 ἔχων
376 1036 528 1070 ἐνέργειαν,
544 1034 614 1061 κατά
628 1033 658 1060 τὸ
669 1033 734 1060 αὐτὸ
743 1032 790 1059 καὶ
802 1032 851 1058 οὐκ

67 1081 128 1108 ἄλλο
142 1082 189 1109 καὶ
203 1082 278 1112 ἄλλο,
295 1082 336 1108 ὅτι
354 1081 420 1116 μηδὲ
436 1081 539 1116 ἐκείνη,
556 1080 590 1106 τὰ
607 1080 688 1114 ὃμοια
706 1078 849 1110 nato-stat;

66 1128 212 1163 προσφυῶς
218 1128 274 1163 γὰρ
282 1127 353 1164 ἔχειν
359 1129 392 1163 τῇ
400 1127 487 1163 οἰκείᾳ
494 1126 670 1162 ὲνεργείᾳτὸν
678 1124 850 1161 ἐνεργοῦντα,

65 1175 177 1210 κάκείνη
189 1174 292 1210 τούτῳ,
308 1175 384 1201 πᾶσα
397 1174 514 1209 ἀνάγκη.
528 1173 583 1200 Καὶ
597 1173 654 1204 πῶς
670 1172 747 1204 Θεὸς,
761 1173 775 1199 ὀ
785 1171 850 1204 ἕξει,

62 1221 108 1247 καὶ
123 1221 161 1257 μὴ
178 1220 264 1255 φύσει
278 1220 360 1252 Θεός;
381 1220 443 1251 Πῶς
458 1219 487 1246 δὲ
502 1218 655 1254 ἄνθρωπος.
672 1218 686 1244 ὁ
710 1217 850 1252 στερήσει,

62 1266 107 1292 καὶ
124 1266 162 1302 μὴ
183 1266 269 1301 οὐσίᾳ
282 1266 384 1302 κυρίως
396 1265 476 1292 τοῦτο
483 1265 629 1300 ,ὑπάρχων
642 1272 649 1298 ;
666 1263 714 1294 Τίς
727 1263 755 1289 δὲ
771 1262 851 1297 φύσις

59 1311 282 1347 ἀνενέργητος,ἢ
299 1311 417 1346 φυσικῆς
428 1310 568 1346 ἐνεργείας
584 1310 661 1341 ἐκτός
673 1309 733 1343 ςὨς
744 1308 798 1343 γὰρ
806 1308 848 1335 οὐ·

59 1356 152 1391 δαμῶς
165 1356 315 1392 ὑπάρξεως
325 1356 438 1392 ἔρημος,
450 1356 536 1388 obsto;
546 1356 606 1383 οὐδὲ
616 1355 757 1390 δυνάμεως
768 1363 850 1389 φυσι-

59 1403 120 1438 κῆς.
136 1404 168 1430 Εἰ
181 1403 212 1430 δὲ
227 1403 332 1439 ταύτης
349 1403 469 1439 ἀμοιρεῖ,
490 1403 539 1429 καὶ
552 1404 601 1437 τῆς
616 1401 758 1437 ὑπάρξεως
772 1401 851 1436 ἀμοι-

59 1450 168 1485 ρήσειεν
186 1450 235 1477 ἂν.
260 1449 297 1476 Τὸ
321 1448 376 1484 γὰρ
397 1448 543 1484 ὰδύναμον,
565 1448 603 1479 ὼς
626 1447 740 1482 ἀδρανὲς
761 1445 850 1480 πάντη

58 1496 138 1530 μόνον
154 1496 218 1523 ἐστὶ
233 1495 266 1522 τὸ
281 1496 318 1531 μὴ
332 1495 372 1522 δν.
391 1496 449 1522 Πᾶν
463 1495 517 1530 γὰρ
532 1493 559 1520 εῐ
574 1503 601 1520 τι
615 1493 670 1520 τῶν
689 1493 784 1525 ὅντων,
803 1500 850 1518 συ-
865 1499 886 1527 c

57 1541 192 1577 στατικὴν
209 1538 271 1577 ἔχει
299 1541 446 1576 διαφορὰν,
469 1540 518 1576 τὴν
544 1539 664 1574 ἔμφυτον
685 1538 792 1574 κίνησιν
809 1537 850 1573 τῷ

55 1587 130 1621 γένει
148 1587 511 1623 συμπαραλαμϐανομένην,
528 1587 575 1613 καὶ
587 1585 717 1612 ποιοῦσαν
725 1583 772 1611 τοῦ
785 1584 850 1610 ὑπο-

55 1635 185 1669 κειμένου
211 1633 259 1661 τδν
278 1633 407 1669 ὁρισμὸν,
430 1633 464 1659 δι’
484 1630 514 1659 οὒ
536 1632 577 1659 ὅτι
596 1631 654 1658 ἐστὶ
677 1631 724 1658 καὶ
742 1629 768 1656 τί
791 1630 849 1656 ἐστι

54 1679 160 1715 κυρίως
175 1677 354 1721 γνωρίζεται,
376 1678 443 1714 πρός
459 1687 489 1704 τε
505 1677 540 1704 τὰ
553 1676 663 1721 ὁμοειδῆ
677 1676 707 1703 τδ
723 1675 849 1711 ἀπαράλ-

53 1724 153 1751 λακτον
171 1720 249 1760 ἔχον,
272 1724 320 1751 καὶ
340 1724 371 1750 τὸ
395 1724 523 1758 διάφορον
548 1720 625 1754 αὖθις
650 1722 719 1757 πρδς
741 1720 776 1747 τὰ
790 1721 849 1747 ἐτε-

51 1770 159 1805 ροειδῆ·
179 1770 232 1797 καὶ
259 1770 283 1796 εῑ
303 1769 393 1801 τοῦτο,
418 1768 475 1800 πῶς
492 1768 604 1794 δυνατὸν
621 1768 720 1802 φυσικῇ
737 1766 849 1800 δυνάμει

51 1816 231 1851 ἀμοιροῦντα
253 1815 324 1842 κατὰ
345 1814 444 1850 σάρκα,
463 1814 508 1841 τὸν
529 1812 778 1848 ὲνανθρωπήσαντσ.
802 1811 850 1838 Λό-

50 1868 99 1894 γον
112 1860 267 1895 ᾶνθρωπον
280 1859 392 1891 τέλειον,
419 1859 435 1894 ἢ
461 1859 529 1890 ὅλως
551 1857 692 1893 ἄνθρωπον
715 1855 850 1893 χρηματί-

49 1907 123 1938 ζειν.
143 1908 184 1934 Ob
205 1906 263 1942 γὰρ
285 1906 346 1941 δίχα
366 1905 484 1940 φυσικῆς
505 1903 645 1939 ἐνεργείας
663 1903 677 1929 ὀ
694 1902 846 1938 ἄνθρωπος,

47 1952 152 1988 ὥσπερ
175 1951 236 1978 οὐδ’
252 1951 320 1986 ἄλλη
341 1950 423 1986 φύσις
435 1951 484 1985 τῆς
501 1949 604 1981 οίκείας
624 1948 672 1975 καὶ
691 1948 847 1978 οὑσιώδους.

50 1997 85 2024 Ἦ
105 1998 166 2033 γὰρ
183 1997 308 2031 ἔλλειψις
323 1996 434 2032 ταύτης,
457 1997 474 2032 ἢ
499 1996 560 2022 οὐδὲ
585 1994 666 2030 φύσιν
684 1992 754 2021 εἶναι
776 1994 848 2020 ποιεῖ

44 2044 97 2078 τὴν
121 2043 226 2077 φύσιν,
241 2042 258 2078 ἢ
276 2041 328 2074 τὰς
343 2042 434 2073 πάσας
453 2041 581 2078 ἀλλήλαις
594 2040 702 2072 ταυτὸν,
721 2039 768 2067 καὶ
786 2040 848 2067 ἀντὶ¹

43 2090 162 2115 πάντων
185 2088 268 2123 μίαν,
292 2089 326 2123 τῇ
350 2087 491 2122 ἀπολείψει
513 2087 563 2122 τῆς
587 2087 755 2120 συνιστώσης
778 2095 849 2121 συμ-

44 2133 192 2168 Ἴςυρείσας
213 2132 249 2159 δι’
265 2132 327 2159 ὅλου
343 2132 535 2167 συγχυθείσας.
550 2132 582 2158 Εί
596 2131 649 2167 γὰρ
668 2131 718 2158 οὐκ
728 2131 847 2166 ἀνέργη-

905 208 972 236 Nam
989 207 1059 234 sicut
1073 207 1177 233 naturis
1194 212 1246 232 non
1275 205 1469 232 exsisteulibus
1482 213 1593 240 prorsus
1607 208 1690 233 etiam

905 261 1016 282 necesse
1045 259 1084 281 est
1113 252 1215 279 aboleri
1242 251 1314 286 quod
1343 259 1376 278 ex
1399 251 1440 278 eis
1466 256 1508 279 est
1534 251 1690 287 (personam

904 300 1007 328 scilicet
1021 297 1225 334 compositam),
1247 297 1285 325 sic
1304 304 1411 332 quoque
1437 304 1499 324 eum
1522 305 1572 325 non
1585 304 1692 327 exs'ent

904 347 1042 374 naturales
1061 345 1245 380 operationes,
1262 351 1312 370 nec
1325 344 1378 371 ulla
1409 344 1460 371 alia
1472 344 1586 372 omnino
1602 344 1691 372 futura
1720 358 1727 362 -

904 397 954 422 est.
971 393 1064 428 Neque
1077 394 1127 420 hoc
1143 392 1215 423 vlico,
1244 391 1322 426 quasi
1342 391 1423 417 aliam
1451 398 1485 418 ex
1521 391 1692 418 naturalibus

905 438 1074 466 conﬁandam
1090 437 1276 472 operationem
1293 437 1382 464 velim.
1399 436 1498 463 Eorum
1533 438 1605 464 enim
1630 443 1691 471 qum

902 491 969 513 sunt
991 487 1019 513 in
1044 487 1179 521 subjecto,
1203 488 1278 514 nulla
1295 493 1335 515 est
1350 488 1532 523 compositio;
1551 486 1623 522 quod
1639 487 1693 513 sci-

902 531 966 559 licet
984 539 1039 559 non
1059 532 1117 567 ipsa
1138 541 1200 561 vere
1223 535 1337 562 omnino
1363 542 1395 561 ac
1420 542 1469 568 per
1492 542 1521 561 se
1549 534 1692 565 exsistant,

879 579 882 584 '
903 577 950 603 sed
969 577 1060 604 debile
1073 578 1215 613 quidpiam
1237 587 1391 614 vanumque
1403 579 1562 607 exhibeant.
1578 578 1693 612 Quocir-

902 631 933 651 ca
951 625 973 651 si
992 632 1053 659 qua:
1070 633 1133 652 vere
1146 631 1212 653 stitit
1232 628 1281 661 pei-
1307 632 1432 654 naturam
1450 634 1510 654 esse
1524 625 1691 657 inﬁtiantur,

903 669 950 703 qui
972 669 1018 696 ﬁat
1049 674 1078 698 ut
1099 670 1172 705 qttod
1208 679 1342 706 nusquam
1369 671 1472 706 aliquid
1500 675 1553 703 est,
1579 671 1605 698 id
1627 679 1693 698 vero

903 715 993 750 rcipsa
1007 716 1177 744 exsistentia:
1191 724 1303 752 compos
1319 717 1452 744 exsistat?
1473 717 1541 751 Quis
1561 718 1634 744 enim
1652 722 1693 744 est

902 761 950 796 qui
977 761 1149 795 personalem
1173 762 1361 796 operationem
1379 762 1463 794 dicat,
1490 766 1537 790 aut
1552 763 1625 790 unde
1641 762 1693 789 hoc

903 811 931 834 et
954 815 968 834 a
1003 814 1058 841 quo
1082 812 1224 841 acceptum
1251 807 1411 842 proferant?
1437 808 1484 835 Sin
1509 812 1599 834 autem
1622 807 1693 834 forte

904 852 978 879 istud
1004 857 1143 885 asserunt,
1168 861 1369 888 personamque
1392 853 1426 881 ad
1452 861 1533 888 quam
1562 853 1690 884 refertur,

903 896 1025 924 fatentur
1038 898 1226 932 compositam
1238 907 1245 929 ;
1259 899 1460 926 contrariorum
1484 899 1588 926 scilicet
1606 903 1633 926 ct
1647 907 1692 926 co-

902 950 964 970 rum
971 951 1030 978 qua:
1038 944 1163 978 opposita
1173 943 1228 971 sint
1237 952 1380 979 capacem;
1395 952 1504 979 nempe,
1515 944 1657 971 mortalem
1665 948 1692 971 et

902 987 1096 1020 immortalem,
1114 989 1202 1016 oculis
1225 989 1401 1023 conspicuam
1416 993 1443 1016 et
1457 988 1690 1023 inaspectabilem,

901 1032 1136 1068 circumscriptam
1147 1039 1175 1061 et
1184 1034 1457 1069 incircumscriptam,
1468 1038 1605 1061 carentem
1616 1034 1692 1068 prin-

901 1077 973 1112 cipio
988 1081 1016 1104 et
1032 1086 1093 1112 quae
1106 1079 1242 1113 principio
1259 1079 1368 1112 subsit;
1386 1079 1459 1106 istud
1477 1079 1576 1106 merito
1592 1079 1646 1106 erit
1663 1083 1691 1106 et

900 1123 1037 1158 operatio.
1065 1123 1124 1157 Quo
1145 1132 1213 1151 vero
1241 1124 1294 1151 alio
1313 1125 1403 1157 modo,
1430 1133 1512 1159 quam
1537 1125 1689 1153 secundum

901 1168 1027 1196 habitum
1049 1173 1078 1197 et
1094 1169 1298 1204 privationem?
1324 1172 1362 1198 Ac
1389 1171 1489 1205 partim
1510 1170 1632 1205 quidem,
1660 1174 1690 1198 ut

901 1221 962 1249 qua!
978 1215 1102 1247 exsistat,
1130 1215 1265 1250 patietur;
1291 1216 1390 1251 partim
1411 1224 1488 1248 vero,
1508 1222 1539 1244 ut
1555 1224 1615 1251 qua:
1632 1217 1690 1251 ipsa

901 1266 956 1287 non
978 1259 1101 1293 exsistat,
1125 1259 1260 1287 diminute
1277 1264 1305 1287 et
1327 1259 1404 1294 quasi
1427 1260 1523 1287 umbra
1542 1260 1688 1287 substabit.

900 1304 953 1338 Qui
978 1309 1070 1332 autem
1095 1305 1151 1338 ﬁat,
1176 1309 1207 1332 ut
1233 1305 1281 1332 tali
1304 1305 1435 1340 praeditus
1454 1306 1624 1340 operatione,
1644 1314 1689 1333 se-

901 1349 1023 1376 cundum
1047 1349 1131 1381 idem,
1153 1353 1181 1377 et
1201 1357 1258 1376 non
1281 1349 1356 1376 aliud
1381 1354 1462 1384 atque
1476 1350 1551 1376 aliud
1568 1349 1689 1385 (quando

901 1402 953 1422 nec
976 1394 1052 1430 ipsa)
1077 1395 1139 1422 talia
1167 1395 1314 1430 patiatur?
1342 1394 1507 1430 Operantem
1533 1396 1622 1426 enim_
1634 1404 1690 1424 suae

902 1441 1025 1475 coaptari
1057 1441 1224 1476 operationi,
1251 1441 1376 1476 hancque
1401 1441 1439 1469 illi
1466 1449 1630 1477 congeneam
1657 1450 1690 1470 ac

902 1485 1008 1513 aﬂinem
1025 1494 1095 1517 esse.
1111 1490 1223 1521 prorsus
1235 1481 1346 1514 necesse
1361 1490 1412 1514 est.
1435 1486 1591 1522 Ecquonam
1607 1488 1689 1515 modo

902 1531 985 1564 Deus,
1004 1532 1052 1566 qui
1072 1539 1127 1559 non
1138 1537 1248 1564 natura,
1261 1532 1309 1559 sed
1321 1532 1395 1560 illius
1417 1533 1514 1560 habitu
1530 1533 1582 1561 sit?
1595 1533 1690 1566 Quove

902 1577 983 1604 modo
1014 1577 1107 1610 homo,
1135 1577 1183 1612 qui
1208 1578 1381 1612 privatione,
1404 1583 1433 1606 et
1457 1586 1514 1605 non
1536 1579 1689 1606 substantia

903 1628 964 1648 vere
997 1621 1072 1648 istud
1100 1622 1233 1650 exsistit?
1259 1622 1390 1655 Quaenam
1422 1631 1488 1650 vero
1509 1627 1607 1650 natura
1632 1624 1690 1658 ipsa

901 1673 985 1699 iners,
1007 1671 1055 1694 aut
1070 1675 1131 1702 qua:
1146 1668 1266 1695 naturali
1291 1668 1434 1696 deﬁciatur
1452 1669 1632 1704 operatione?
1643 1671 1689 1698 Uti

901 1713 974 1740 enim
999 1720 1135 1748 nusquam
1164 1714 1326 1742 exsistentia
1352 1719 1432 1742 vacat
1455 1723 1487 1742 ac
1518 1716 1688 1749 substantia,

902 1758 940 1785 sic
967 1766 1058 1793 neque
1082 1760 1201 1786 naturali
1232 1764 1308 1786 caret
1332 1760 1504 1795 operatione.
1528 1761 1576 1788 Sin
1597 1766 1690 1789 autem

901 1803 981 1838 hujus
1000 1811 1100 1838 expers
1121 1807 1174 1836 est,
1195 1804 1290 1838 utique
1316 1805 1398 1832 etiam
1426 1805 1500 1832 illius
1524 1813 1622 1840 expers
1643 1807 1688 1834 fu-

901 1856 961 1876 tura
989 1853 1041 1876 est.
1066 1848 1145 1882 Quod
1169 1849 1243 1876 enim
1257 1850 1295 1889 ‘vi
1330 1843 1362 1877 ac
1385 1850 1514 1878 facultate
1545 1856 1630 1884 caret,
1657 1856 1688 1879 ut

901 1904 1013 1931 prorsus
1022 1897 1158 1924 imbecille
1255 1901 1337 1932 atque
1351 1897 1510 1930 obscurum,
1523 1906 1608 1925 unum
1619 1899 1688 1926 nihil

902 1946 950 1970 est.
970 1943 998 1970 Si
1015 1943 1081 1977 quid
1097 1943 1171 1970 enim
1185 1942 1295 1970 demum
1312 1943 1338 1970 in
1355 1944 1438 1971 rebus
1450 1947 1501 1976 est,
1516 1944 1687 1972 constituen-

902 1992 954 2014 tcm
975 1988 1017 2015 sui
1028 1996 1060 2015 ac
1071 1988 1263 2023 insignientem
1278 1989 1461 2016 diﬁ'erentiam
1473 1989 1557 2017 habet
1570 1990 1688 2025 (natura:

902 2032 1008 2059 scilicet
1033 2032 1148 2060 insitum
1180 2033 1296 2067 motum)
1322 2041 1387 2068 qua,
1415 2041 1470 2060 una
1498 2041 1561 2061 cum
1587 2041 1688 2068 genere

902 2083 1051 2113 assumpta,
1075 2078 1191 2114 subjecti
1205 2078 1331 2107 deﬁnitio
1342 2083 1465 2106 struatur
1477 2079 1688 2114 subjectumquc

902 2130 961 2151 esse
974 2131 1005 2151 ac
1019 2124 1150 2159 quidnam
1175 2125 1243 2152 illud
1258 2125 1304 2157 sit,
1321 2125 1531 2158 manifestetur;
1548 2125 1684 2159 ejusmodi

40 2166 91 2207 τον
106 2179 234 2214 λέγουσι
258 2178 289 2204 τὸ
312 2178 373 2205 καθ’
390 2166 464 2214 ἡμᾶς
478 2177 524 2204 τὸν
539 2177 637 2211 Λόγον,
654 2177 733 2213 δῆλον
747 2176 780 2208 ὡς

945 2169 1016 2201 licet,
1039 2174 1070 2196 ut
1091 2178 1152 2197 cum
1183 2170 1225 2198 eis
1253 2179 1313 2206 quae
1339 2171 1462 2206 ejusdem
1485 2171 1593 2206 generis
1612 2178 1685 2204 sunt,

40 2234 133 2261 φυτον
150 2225 207 2252 καὶ
228 2224 402 2260 ἀνθρωπίνην
417 2223 556 2259 ἐνέργειαν
579 2222 674 2258 ἔχοντα
689 2222 782 2249 τοῦτόν
795 2230 847 2256 φα-

39 2281 81 2298 σι.
112 2270 186 2302 Πῶς
204 2269 262 2304 γὰρ
277 2269 310 2295 ἂν
330 2268 436 2301 ἄλλως
462 2268 500 2294 Οὐ
523 2267 577 2303 γὰρ
596 2268 717 2303 ἐνεργεῖν
737 2266 848 2294 δυνατὸν

38 2317 175 2352 φυσικῆς
206 2315 349 2350 ἐνεργείας
375 2313 474 2349 χωρίς·
496 2313 590 2347 ὥσπέρ
611 2311 671 2339 οὐδὲ
693 2312 826 2347 ὑπάρχειν
839 2331 846 2345 ,

35 2363 146 2393 οὐσίας
176 2361 247 2395 δίχα
273 2359 321 2386 καὶ
337 2358 453 2394 φύσεως.
476 2358 547 2384 ’Λλλ“
572 2358 632 2384 οὐδὲ
660 2357 725 2393 μίαν
756 2357 846 2392 μόνον,

35 2409 72 2434 ἄν
98 2416 161 2443 περ
233 2405 283 2441 τὴν
307 2405 388 2439 φύσιν
411 2404 536 2435 διπλοῦς,
562 2404 610 2439 τὴν
633 2403 753 2438 ἔμφυτον
776 2403 847 2438 ἔχειν

33 2453 205 2486 ἐνέργειαν
221 2449 266 2476 τὸν
288 2448 460 2482 ἐνεργοῦντα,
482 2449 556 2474 πᾶσα
575 2448 679 2482 ἀνάγκη
691 2455 697 2461 ·
721 2447 784 2473 ἐπεὶ
800 2446 848 2473 καὶ

902 2215 975 2241 nulla
988 2214 1211 2242 dissimilitudine
1223 2215 1388 2248 abhorrens,
1405 2216 1560 2247 conveniat,
1581 2224 1613 2244 ac
1628 2225 1688 2243 rur—

895 2266 947 2289 sus
967 2259 1002 2286 ab
1027 2259 1077 2291 eis,
1098 2268 1158 2294 qua:
1172 2260 1274 2287 diversi
1297 2260 1406 2295 generis
1425 2264 1500 2293 sunt,
1515 2260 1634 2288 diﬁerat.
1649 2261 1688 2288 Ac

901 2305 922 2332 si
951 2305 987 2332 ita
1005 2311 1055 2336 est,
1079 2306 1125 2340 qui
1153 2306 1266 2333 omnino
1294 2305 1350 2339 ﬁat,
1376 2310 1407 2333 ut
1431 2307 1568 2334 naturalis
1589 2315 1688 2342 expers

901 2351 1069 2385 operationis
1080 2351 1163 2386 (quod
1175 2352 1207 2379 ad
1221 2359 1330 2379 carnem
1341 2352 1461 2386 attinet),
1473 2353 1592 2381 Verbum
1606 2354 1687 2382 homo

901 2395 1014 2428 factum,
1038 2397 1126 2432 ipsum
1151 2397 1233 2425 homo
1247 2398 1395 2432 perfectus,
1412 2403 1459 2426 aut
1478 2407 1592 2434 prorsus
1606 2400 1688 2426 homo

900 2442 1037 2469 exsistat?
1057 2443 1118 2470 Non
1140 2443 1215 2470 enim
1235 2448 1279 2471 est
1300 2444 1390 2476 homo,
1415 2445 1462 2478 qui
1485 2445 1602 2472 naturali
1623 2452 1687 2478 ope-

33 2497 162 2525 ratione
177 2494 339 2526 deﬁciatur,
354 2494 393 2521 uti
404 2501 452 2521 nec
464 2493 514 2521 alia
529 2493 631 2528 quaevis
647 2495 758 2526 natura,
779 2499 841 2527 quia
856 2491 964 2528 propria
985 2498 1018 2519 ac
1036 2491 1179 2519 essentiali
1214 2496 1307 2519 careat
1335 2492 1475 2520 facultate.
1507 2492 1582 2526 Quod
1609 2492 1683 2520 enim

33 2542 99 2569 haec
119 2539 223 2571 desit,
239 2543 286 2565 aut
315 2539 340 2564 itl
355 2544 476 2572 praestat,
495 2542 523 2564 ut
535 2545 568 2565 ne
587 2538 696 2572 quidem
715 2542 811 2565 natura
823 2537 868 2570 sit,
887 2542 934 2564 aut
944 2541 972 2565 ut
989 2541 1091 2564 natura:
1102 2545 1196 2564 omnes
1210 2538 1280 2564 inter
1292 2545 1322 2565 se
1337 2538 1407 2564 idem
1419 2539 1485 2570 sint,
1498 2545 1606 2571 unaque
1622 2539 1683 2566 vice

33 2589 179 2617 omnium
200 2585 349 2619 habeatur,
363 2585 396 2612 iis
410 2593 524 2621 prorsus
541 2586 694 2613 commistis
705 2590 789 2621 atque
808 2585 941 2617 confusis,
957 2593 1004 2620 per
1020 2586 1077 2621 ejus
1093 2586 1134 2612 vis
1150 2586 1300 2614 absentiam
1316 2594 1348 2613 ac
1358 2587 1508 2620 facultatis,
1524 2595 1584 2621 qua:
1612 2594 1681 2614 con-

33 2636 136 2665 stituit
166 2639 262 2667 atque
285 2633 408 2669 insignit.
442 2633 469 2662 Si
498 2634 569 2661 enim
614 2641 668 2661 non
695 2633 769 2661 iners
814 2641 968 2669 expersque
994 2633 1173 2668 operationis,

1216 2641 1247 2662 ea
1296 2635 1402 2661 ratione
1427 2635 1490 2668 quia
1513 2638 1556 2662 est
1584 2634 1680 2668 homo,

34 2674 184 2710 Verbum.
202 2679 308 2712 dicunt,
330 2679 416 2712 palam
430 2679 538 2707 insitam
562 2687 594 2707 at:
624 2679 775 2706 naturalem
804 2679 991 2713 operationem
1016 2679 1054 2705 illi
1085 2679 1237 2707 ascribunt.
1266 2679 1325 2712 Quo
1352 2680 1424 2706 enim
1452 2680 1506 2707 alio
1536 2680 1617 2708 modo
1643 2682 1685 2708 iu-

33 2724 223 2762 :clligatur?
239 2724 273 2753 Ut
287 2725 360 2753 enim
371 2725 472 2760 aliquid
485 2729 612 2760 operetur
632 2733 685 2752 non
705 2725 823 2751 naturali
836 2724 934 2752 fultum
951 2725 1122 2759 operatione,
1140 2725 1214 2752 haud
1244 2732 1364 2760 unquam
1390 2723 1445 2757 ﬁat,
1463 2725 1502 2752 uti
1534 2733 1623 2761 neque
1652 2731 1683 2755 ιη

35 2775 156 2809 ibsque
172 2772 302 2799 essentia
315 2777 342 2799 et
358 2776 452 2799 natura
468 2772 589 2800 exsistat.
603 2772 656 2799 Sed
673 2779 724 2799 nec
741 2779 821 2799 unam
845 2771 933 2799 solum
956 2772 1142 2806 operationem
1163 2771 1317 2800 naturalem
1342 2772 1452 2807 habeat,
1468 2771 1514 2808 qui
1542 2778 1681 2809 operatur,

33 2824 307 2848 Irorsusnuecesse
320 2822 370 2852 est,
388 2817 521 2853 siquidem
538 2818 594 2852 ipse
608 2817 725 2852 duplicis
748 2822 854 2845 natura:
873 2817 998 2848 exsistat.
