1874 3076
81 132 137 165 1141

523 131 708 162 ΡΑΝΟΡῙᾸΛ
726 131 953 161 DOGMATICA.
971 142 1005 148 —
1018 129 1091 160 TlT.
1107 128 1185 160 XXI.

1619 123 1630 155 1
1638 125 1691 156 14?.”

108 205 157 232 Kal
170 203 282 238 ἀλλαχοῦ
307 202 405 230 πάλιν·
424 202 515 233 Θέλω,
531 202 580 229 ἵνα
601 202 677 229 ὅπου
699 202 756 236 ε1μ1
777 201 844 236 ἐγὼ,

929 196 990 224 Alio
1003 197 1068 224 item
1081 196 1142 223 loco
1155 204 1162 222 :
1180 196 1252 228 Volo,
1266 196 1348 231 utubi
1358 204 1404 232 ego
1417 204 1486 229 sum,
1501 200 1525 223 et
1539 195 1579 223 illi
1596 197 1648 224 sint
1660 199 1681 230 ',

75 251 118 277 καὶ
140 250 219 276 αὐτοὶ
235 246 317 276 ὦσιν.
334 248 365 274 Et
382 247 442 274 καθ’
454 247 468 273 6
484 246 550 278 Θεὸς
565 247 579 273 6
599 246 716 282 Χριστὸς
730 246 801 280 ὑπὲρ
816 246 846 272 τὸ

41 295 46 331 ξ
75 295 122 323 ποῦ
137 295 206 321 ἐστίν
218 303 224 309 ·
245 294 274 320 οὐ
292 293 346 329 γὰρ
363 294 390 319 ὲν
402 293 476 327 τόπῳ
491 292 552 319 καθ’
570 292 584 318 6
603 292 677 323 Θεὸς
692 291 762 326 ὑπὲρ
774 291 802 318 δὲ
815 291 846 317 τὸ

75 343 121 369 ποῦ
134 342 258 368 ἀδύνατον
272 341 321 375 τὴν
337 340 450 375 κτιστὴν
461 339 542 374 φύσιν
556 338 700 373 ὑπάρχειν
716 337 770 373 ἄρα
785 337 846 364 καθ’

78 389 91 414 6
106 387 241 422 ἄνθρωπος
257 386 338 418 θέλει,
354 386 398 412 ῐνα
410 385 476 412 ὅπου
492 385 551 411 ἐστὶ
569 385 617 411 καὶ
630 385 706 411 αὐτοὶ
722 381 782 411 ὧσυ
800 384 847 410 καὶ

75 434 205 469 θελητικὸς
220 431 252 459 ἦν
266 434 280 460 6
294 432 374 464 αὐτὸς
388 432 448 459 καθ’
464 431 478 458 6
490 431 643 466 ἄνθρωπος.

105 523 156 550 Καὶ
176 521 290 557 ἀλλαχοῦ
307 521 396 548 πάλιν·
412 520 467 548 Καὶ
490 519 586 547 ἐλθὼν
599 520 642 552 εις
653 519 757 552 τόπον,
771 515 847 545 εἶπε·

72 568 149 602 Διψῶ.
162 567 215 594 Καὶ
238 567 355 594 ἔδωκαν
376 565 456 598 αὺτῷ
475 563 559 599 οζνον
582 565 658 599 μετὰ
684 563 780 598 χολῆς
793 571 846 598 με-

68 613 215 647 μιγμένον·
230 612 280 639 καὶ
294 611 489 646 γευσάμενος,
500 611 556 637 οὐκ
567 610 656 644 ἤθελε
665 609 754 636 πιεῖν.
769 608 848 635 Κατὰ

894 241 962 270 Cum
976 242 1102 269 Christus
1110 246 1245 276 quatenus
1255 242 1327 269 Deus
1338 249 1420 277 supra
1435 242 1482 270 ubi
1499 243 1544 274 sit,
1558 246 1681 269 omnem:

894 295 948 322 que
964 287 1018 315 loci
1033 287 1318 322 circumscriptionem
1333 289 1399 321 (non
1411 288 1486 315 enim
1506 293 1550 315 est
1567 288 1594 315 in
1609 288 1680 319 loco,

895 340 948 367 qua
975 333 1081 360 ratione
1104 337 1147 360 est
1169 332 1266 368 Deus),
1285 333 1344 360 fieri
1360 338 1451 361 autem
1471 341 1526 360 non
1540 337 1630 368 potest
1652 337 1683 360 ut

896 385 978 412 supra
990 377 1037 404 ubi
1049 377 1163 405 exsistat
1173 381 1271 404 natura
1282 383 1374 404 creata
1385 386 1392 410 ;
1402 385 1469 413 ergo
1481 383 1511 404 ut
1520 378 1602 404 homo
1614 378 1682 409 vult,

897 427 928 449 ut
943 423 989 450 ubi
1002 427 1054 455 est,
1071 422 1127 450 sint
1140 422 1209 457 ipsi;
1225 428 1308 457 atque
1318 423 1354 450 ita
1370 423 1442 450 idem
1454 426 1590 458 quatenus
1600 422 1683 449 homo

897 473 956 497 erat
966 469 1096 497 facultate
1111 469 1261 496 voluntatis
1279 469 1420 504 praeditus.

1030 514 1065 542 Et
1088 514 1154 542 alias
1175 522 1285 542 rursum
1302 524 1308 542 :
1325 515 1361 542 Et
1382 523 1441 542 cum
1458 515 1569 542 venisset
1595 515 1630 541 ad
1647 514 1684 541 lo-

897 570 969 592 cum.
989 561 1080 588 dixit:
1100 561 1179 589 Sitio.
1198 561 1234 588 Et
1256 561 1384 588 dederunt
1399 563 1423 588 ei
1445 563 1535 589 vinum
1550 569 1606 588 cum
1624 560 1685 595 felle

898 607 1018 638 mistum,
1032 609 1056 632 et
1068 614 1127 633 cum
1140 610 1281 641 gustasset,
1299 606 1383 633 noluit
1397 606 1481 633 bibere
1494 609 1514 633 '.
1527 605 1684 633 Secundum

71 660 140 684 ποῖον
163 658 243 684 αὑτοῦ
268 657 350 693 μέρος
364 657 474 692 διψῆσαι
494 656 574 682 αὐτὸν
597 656 725 690 λέγεται;
749 655 779 682 El
798 654 844 690 μὲν

923 659 980 678 nam
998 651 1085 687 ipsius
1096 655 1213 686 partem,
1224 659 1286 679 eum
1300 651 1402 680 sitiisse
1417 651 1509 679 dicitis
1519 652 1531 678 ‘i
1543 651 1684 686 Siquidem

71 702 135 729 κατὰ
157 703 206 738 τὴν
231 703 356 738 θεότητα,
377 702 504 737 ἐμπαθὴς
522 701 598 733 ἔσται
618 701 742 737 ήθεότης
754 700 847 734 αὑτοῦ,

70 747 168 779 πόσεως
187 747 263 781 παρὰ
278 747 359 781 φύσιν
385 747 527 783 ἐφιεμένῃ.
546 748 578 774 Et
599 747 628 774 δὲ
653 747 726 774 κατὰ
739 747 788 782 τὴν
802 747 849 774 ἁν-

71 794 224 829 θρωπότητα
237 814 244 826 ,
262 794 315 827 ἄρα
337 793 397 820 καθ’
410 793 424 820 6
440 793 559 829 ἐδίψησε,
572 793 630 820 κατ’
645 794 734 820 ἐκεῖνο
751 794 798 820 καὶ
818 793 849 820 τὸ

69 838 249 874 ἀκατάλληλον
264 840 297 874 τῇ
315 837 394 873 φύσει
407 839 458 865 οὐκ
471 839 586 874 ἠθέλησε
601 840 673 866 πιεῖν
684 846 692 855 ·
708 839 754 866 καὶ
768 838 848 875 θελη-

70 884 138 916 md);
151 883 184 920 ἦν
199 885 214 911 6
233 884 314 916 αὐτὸς
333 885 381 911 καὶ
404 884 466 911 καθ’
484 884 498 911 6
519 884 672 920 ἄνθρωπος.

102 973 155 999 Καὶ
172 973 290 1008 ἀλλαχοῦ
307 981 385 1008 φησι·
411 972 464 1000 Καὶ
494 980 663 1006 περιεπατει
689 974 706 1000 ὁ
731 973 849 1007 Ἰησοῦς

68 1018 101 1045 ἐν
118 1017 155 1053 τῇ
169 1019 327 1052 Γαλιλαίᾳ·
350 1020 386 1046 οὐ
405 1018 460 1054 γὰρ
480 1018 590 1052 ἤθελεν
610 1019 644 1045 ἐν
657 1018 694 1053 τῇ
721 1019 850 1052 Ἰουδαίᾳ

69 1064 252 1097 περιπατεῖν,
266 1064 311 1090 ὅτι
332 1063 456 1097 ὲζῆτουν
470 1063 564 1090 αὑτὸν
577 1065 604 1090 ol
625 1063 762 1091 Ἰουδαῖοι
778 1064 850 1090 ἁπο-

68 1109 186 1140 κτεῑναι.
207 1110 239 1136 Et
255 1109 306 1144 τῆς
326 1109 425 1145 σαρκὸς
441 1109 521 1144 φύσει
540 1110 555 1135 6
570 1109 729 1144 περίπατος,
747 1110 803 1136 ἀλλ’
818 1109 849 1136 οὐ

68 1154 116 1190 τῆς
140 1155 198 1182 καθ’
216 1155 366 1182 ὑπόστασιν
382 1154 523 1190 ὴνωμένης
549 1155 617 1190 αὐτῇ
637 1155 772 1190 θεότητος,
797 1155 850 1191 ἄρα

67 1200 124 1227 καθ’
134 1200 147 1227 6
163 1201 308 1236 ἄνθρωπος
322 1202 336 1228 6
355 1201 436 1233 αὐτὸς
449 1201 478 1227 ὲν
488 1202 521 1236 τῇ
538 1200 667 1236 Γαλιλαίᾳ
680 1200 849 1236 περιπατῶν,

66 1246 114 1273 οὐκ
127 1247 223 1282 ἢθελεν
249 1248 278 1274 ὲν
299 1249 331 1283 τῇ
355 1247 469 1282 Ἰουδαίᾳ
493 1248 665 1282 περιπατεῖν·
682 1248 728 1274 καὶ
745 1247 851 1282 θελητια

67 1290 110 1322 κὸς
125 1291 138 1317 6
151 1292 236 1323 αὐτὸς
250 1292 297 1318 καὶ
314 1291 376 1319 καθ’
390 1291 404 1318 6
418 1291 570 1327 ἄνθρωπος.

899 697 972 724 enim
989 696 1142 724 secundum
1164 697 1305 730 deitatem,
1329 697 1382 724 erit
1401 697 1461 733 ejus
1485 697 1573 725 deitas
1589 697 1684 724 libidi-

898 751 975 775 nosa,
992 751 1053 778 quae
1070 746 1171 778 praeter
1195 747 1322 770 naturam
1344 746 1441 778 potum
1464 742 1619 778 expetierit.
1637 742 1684 770 Sin

898 793 990 816 autem
1003 789 1154 817 secundum
1168 789 1379 822 humanitatem,
1389 788 1474 824 igitur
1488 797 1521 817 ea
1534 793 1610 824 parte
1624 789 1685 817 siti-

901 835 950 868 vit,
967 843 1028 870 quae
1042 840 1070 863 et
1081 835 1154 871 quod
1165 840 1272 863 natura
1286 835 1491 863 dissentaneum
1509 840 1578 868 erat,
1590 835 1685 863 bibere

899 881 986 909 noluit
1003 890 1009 908 :
1021 886 1102 916 atque
1112 882 1181 909 adeo
1197 882 1281 909 etiam
1293 882 1425 914 uthomo,
1434 882 1585 910 voluntatis
1598 881 1685 910 facul-

900 932 953 955 tate
963 932 1022 955 erat
1037 927 1177 963 prazditus.

935 973 969 1000 Et
981 973 1045 1000 alibi
1056 973 1094 1001 ait
1113 982 1120 1000 ε
1138 973 1172 1000 Et
1181 973 1335 1000 ambulabat
1353 973 1429 1000 Iesus
1443 974 1470 1000 in
1486 973 1599 1002 Calilaaa
1611 981 1620 1001 :
1633 980 1686 1001 non

898 1021 968 1047 enim
989 1019 1091 1047 volebat
1113 1019 1251 1046 ambulare
1273 1020 1302 1046 in
1326 1019 1431 1051 Judtt'a,
1453 1019 1515 1054 quia
1535 1018 1686 1054 quwrebanl

898 1074 956 1092 eum
968 1065 1054 1093 ,Ιαάωί
1069 1065 1216 1100 interﬁcere
1226 1068 1246 1093 '.
1259 1064 1328 1093 Cum
1352 1064 1503 1092 ambulatio
1516 1069 1615 1091 natura
1626 1071 1686 1091 ear-

899 1113 943 1139 nis
951 1112 996 1144 sit,
1011 1119 1065 1139 non
1078 1111 1187 1139 deitatis
1200 1112 1225 1139 ei
1238 1112 1322 1140 unita:
1335 1112 1487 1140 secundum
1500 1112 1684 1148 hypostasim;

899 1164 965 1192 ergo
975 1164 1030 1191 qua
1050 1157 1133 1184 homo
1155 1161 1214 1184 erat
1226 1157 1254 1184 in
1268 1157 1376 1184 Galiltea
1392 1157 1553 1189 ambulans,
1575 1157 1686 1184 nolebat

899 1202 928 1229 in
954 1202 1049 1230 Iudaea
1075 1202 1240 1230 ambulare:
1259 1207 1341 1237 atque
1363 1203 1420 1235 ita,
1447 1202 1521 1231 idem
1547 1203 1630 1230 etiam
1655 1207 1687 1230 ut

900 1247 982 1276 homo
994 1247 1142 1275 voluntatis
1154 1246 1280 1275 facultate
1292 1247 1423 1282 praeditus
1446 1251 1514 1274 erat.

100 1337 155 1363 Καὶ
173 1337 290 1373 ἑτέρωθι
307 1337 398 1365 πάλιν·
417 1337 563 1365 Κάκεῖθεν
577 1337 760 1371 ἐξελθόντες,
780 1345 844 1372 παρ

936 1344 1040 1371 ltursus
1055 1349 1164 1377 quoque
1176 1342 1229 1369 alio
1243 1341 1303 1369 loco
1320 1351 1326 1368 :
1345 1342 1379 1369 Et
1390 1342 1464 1369 illinc
1478 1342 1583 1377 egressi,
1596 1345 1686 1368 trans-

65 1382 245 1415 επορεύοντο
268 1381 316 1409 διὰ
335 1381 389 1416 τῆς
402 1382 577 1415 Γαλιλαίας·
597 1382 647 1410 καὶ
661 1383 716 1409 οὐκ
731 1382 849 1417 ἤθελεν,

65 1425 114 1453 ἵνα
128 1435 174 1460 τις
189 1427 264 1462 γνῷ.
284 1427 464 1462 Ὠμολόγηται
480 1427 555 1463 παρὰ
570 1428 678 1455 πάντων
690 1429 707 1464 ἠ
722 1429 852 1464 πόρευσις

66 1473 143 1506 φύσει
158 1474 208 1509 τῆς
224 1473 445 1509 ἁνθρωπότητος,
461 1473 500 1506 ὡς
515 1473 633 1510 εἴρηται,
649 1471 720 1500 εῐναι
732 1474 779 1501 τοῦ
794 1475 851 1501 Κυ-

67 1518 135 1552 ρίου,
155 1519 216 1546 ἀλλ¹
234 1519 265 1545 οὐ
282 1520 332 1554 τῆς
351 1519 434 1546 αὑτοῦ
448 1519 584 1556 θεότητος·
599 1520 624 1546 εἰ
649 1519 677 1546 δὲ
698 1520 759 1547 καθ’
774 1520 788 1547 6
806 1521 853 1548 ἇν-

65 1562 184 1598 θρωπος,
199 1564 261 1592 ἀλλ’
279 1565 310 1591 οὐ
333 1564 395 1591 καθ’
407 1565 421 1591 6
434 1565 499 1597 Θεὸς
515 1565 606 1599 φύσει,
618 1565 723 1601 προσῆν
742 1565 816 1601 αὐτῷ
834 1566 851 1601 ἡ

63 1609 205 1644 πόρευσις·
225 1610 280 1646 ἄρα
295 1605 345 1637 καῖ
360 1610 422 1637 καθ’
438 1610 453 1637 6
467 1610 611 1646 ἄνθρωπος
626 1613 853 1647 παραπορευόμε-

63 1663 107 1687 νος
123 1657 194 1691 μετὰ
207 1657 264 1683 τῶν
278 1656 418 1692 μαθητῶν,
431 1657 481 1684 οὐκ
495 1656 590 1692 ἢθελεν
607 1657 650 1684 ἵνα
663 1666 705 1689 τις
722 1657 778 1693 γνῷ
790 1665 798 1673 ’
807 1658 853 1685 καὶ

63 1699 207 1736 θελητικὸς
222 1699 257 1736 ἦν
272 1702 286 1728 6
297 1701 379 1733 αὐτὸς
390 1701 436 1728 καὶ
449 1701 510 1728 καθ’
526 1702 541 1728 6
557 1701 711 1738 ἅνθρωπος.

98 1739 287 1783 Καίὲτέρωθι
300 1747 392 1775 πάλιν·
410 1747 552 1775 Κάκεῖθεν
569 1748 701 1782 ἀναστὰς
717 1747 854 1782 ἀπῆλθεν

61 1793 105 1824 εὶς
119 1794 156 1820 τὰ
175 1793 245 1828 ὅρια
261 1793 354 1829 Τύρου
365 1793 414 1820 καὶ
431 1793 569 1827 Σιδῶνος.
587 1793 641 1821 Kal
653 1794 799 1821 εἰσελθὼν
810 1796 854 1828 εὶς

61 1838 172 1870 οὶκίαν,
195 1838 309 1865 οὐδένα
321 1838 410 1872 ἤθελε
426 1837 546 1872 γνῶναι·
568 1838 619 1865 καὶ
639 1839 694 1865 οὐκ
718 1838 854 1873 ἠδυνήθη

59 1883 177 1911 λαϐεῖν.
194 1883 229 1911 Ei
239 1882 300 1910 καθ’
319 1882 333 1909 6
343 1882 409 1915 Θεὸς
420 1884 434 1909 6
445 1884 560 1919 Χριστὸς
571 1883 684 1918 δύναμις
691 1882 724 1919 ἦν
737 1883 855 1911 utilia-i=6-

60 1936 170 1960 στατος·
199 1928 262 1954 καθ’
288 1928 303 1955 6
326 1928 355 1955 δὲ
384 1927 538 1963 ἄνθρωπος,
567 1928 704 1954 ἀσθένεια·
738 1929 774 1954 El
800 1929 854 1962 γὰρ

58 1973 108 2000 καὶ
121 1973 314 2008 ἐσταυρώθη,
329 1974 433 2009 φησὶνὸ
446 1972 517 2005 θεῖος
535 1973 706 2005 ’Δπόστολος,
721 1973 756 2005 ἐξ
767 1973 856 2000 ἀσθε-

901 1386 973 1413 ibant
988 1394 1036 1421 per
1048 1385 1205 1418 Galilwam;
1234 1391 1257 1413 et
1284 1395 1336 1413 non
1362 1386 1466 1413 volebat
1491 1391 1519 1413 ut
1546 1387 1686 1422 quisquam

900 1433 976 1459 sciret
989 1434 1009 1458 ⁸.
1024 1431 1157 1459 Omnibus
1171 1436 1278 1458 certum
1293 1435 1336 1459 est
1354 1432 1406 1458 iter
1417 1435 1513 1458 natura
1529 1431 1687 1458 humanita-

902 1478 937 1505 tis
953 1477 1067 1509 Christi,
1077 1477 1116 1504 uti
1128 1477 1233 1505 dictum
1244 1480 1296 1509 est,
1312 1484 1367 1503 non
1380 1476 1439 1511 ejus
1452 1475 1603 1503 divinitatis
1616 1482 1686 1503 esse.

902 1522 951 1550 Sin
962 1526 1052 1550 autem
1068 1522 1106 1549 illi
1117 1526 1252 1557 quatenus
1268 1521 1361 1554 homo,
1377 1522 1466 1550 inerat
1481 1521 1587 1549 itineris
1600 1521 1688 1552 ratio;

901 1567 997 1602 utique
1010 1566 1095 1594 etiam
1106 1570 1244 1601 quatenus
1257 1566 1340 1594 homo
1360 1574 1425 1594 cum
1438 1564 1581 1601 discipulis
1597 1569 1688 1593 trans-

903 1613 962 1640 iens
987 1613 1094 1648 iterque
1113 1612 1226 1645 habens,
1249 1613 1359 1640 nolebat
1378 1616 1408 1639 ut
1425 1612 1568 1647 quisquam
1592 1612 1688 1639 sciret:

903 1662 984 1693 atque
1012 1657 1080 1685 adeo
1099 1658 1182 1685 etiam
1207 1662 1237 1685 ut
1268 1657 1350 1685 homo
1381 1657 1510 1686 facultate
1541 1655 1686 1684 voluntatis

903 1702 1036 1737 pratditus
1057 1706 1127 1729 erat.

936 1747 1004 1775 item
1021 1748 1089 1775 alias
1107 1756 1113 1774 :
1128 1748 1162 1775 Et
1174 1748 1234 1775 inde
1250 1756 1360 1783 surgens
1378 1747 1441 1774 abiit
1453 1747 1480 1774 in
1497 1747 1564 1782 fines
1581 1746 1642 1782 Tyri
1666 1751 1689 1773 ct

904 1792 1019 1821 Sidonis.
1032 1793 1067 1820 Et
1082 1794 1214 1827 ingressus
1230 1793 1348 1826 domum,
1365 1794 1495 1820 neminem
1506 1793 1572 1819 scire
1583 1793 1665 1820 voluit
1681 1800 1689 1818 .'

904 1841 990 1864 etnon
1004 1837 1089 1872 patuit
1101 1837 1186 1864 latere
1200 1836 1219 1863 '.
1229 1837 1370 1872 Siquidem
1383 1836 1545 1864 Christusin
1557 1841 1689 1872 quantum

905 1882 977 1910 Deus
990 1886 1050 1910 erat
1063 1882 1156 1910 Virtus
1180 1883 1239 1918 ipsa
1259 1890 1323 1910 vere
1336 1883 1485 1916 exsistens;
1513 1883 1541 1910 in
1557 1888 1688 1918 quantum

905 1932 996 1955 autem
1011 1928 1110 1961 homo,
1132 1928 1286 1956 infirmitas.
1304 1928 1362 1955 Etsi
1373 1929 1457 1962 enim,
1475 1929 1565 1964 inquit
1582 1929 1688 1956 divinus

905 1972 1063 2007 Apostolus,
1077 1973 1217 2007 cruciﬁxus
1235 1978 1272 2000 est
1287 1982 1319 2000 ea:
1332 1973 1497 2008 inﬁrmitate,
1515 1974 1562 2001 sed
1576 1975 1637 2001 vivit
1660 1983 1688 2000 τα

58 2019 154 2052 νειας,
183 2020 268 2047 ἀλλὰ
284 2019 318 2054 ζῇ
343 2020 378 2046 ἐκ
390 2019 544 2054 δυνάμεως
567 2019 640 2047 Θεοῦ
653 2027 660 2034 ”
681 2020 735 2054 ἄρα
759 2019 820 2046 καθ’
840 2020 844 2044 ἐ

923 2019 1001 2045 irtute
1029 2018 1116 2052 Dei';
1131 2019 1210 2053 plane
1222 2023 1358 2054 quatenus
1375 2019 1468 2051 homo,
1485 2027 1540 2046 non
1565 2023 1595 2046 ut
1620 2020 1689 2047 Deus

56 2065 221 2100 ἄνθρωπος,
239 2065 286 2091 καὶ
300 2065 331 2092 οὺ
352 2065 414 2092 καθ’
430 2065 444 2091 6
458 2065 534 2097 Θεὸς,
551 2065 680 2092 εἰσελοὼν
697 2066 735 2098 εἰς
754 2065 852 2097 οἰκίαν,

56 2109 109 2135 οὐκ
128 2109 232 2144 ἢθελεν
258 2109 301 2136 ἵνα
324 2118 366 2140 τις
389 2109 456 2144 γνῷο
472 2110 517 2136 καὶ
543 2110 593 2136 οὐκ
615 2109 733 2145 ἠδυνήθη
751 2110 852 2137 λαθεῖν·

57 2155 106 2180 καὶ
128 2154 278 2189 θελητικδς
293 2152 328 2190 ἦν
341 2156 354 2181 6
370 2155 463 2187 αὐτὸς,
481 2156 528 2181 καὶ
547 2154 608 2181 καθ’
621 2155 635 2181 6
648 2154 802 2189 ἀνορωπος.

93 2200 154 2226 Καὶ
170 2199 292 2234 ἀλλαχοῦ
307 2207 383 2235 φηςιν
399 2201 468 2234 Περὶ
485 2199 629 2234 τετάρτην
643 2200 786 2234 φυλακὴν
799 2200 854 2234 τῆς

53 2245 174 2278 νυκτὸς
190 2245 310 2278 ἔρχεται
323 2245 397 2278 πρὸς
418 2245 538 2278 αὐτοὺς,
551 2245 720 2280 περιπατῶν
733 2246 781 2272 ἐπὶ
798 2246 851 2280 τῆς

53 2289 239 2323 θιιλάσσης’
258 2289 307 2316 καὶ
332 2289 422 2322 ἤθελε
443 2290 603 2324 παρελθεῖν
615 2291 736 2324 αὐτούς.
758 2291 789 2317 El
804 2292 853 2326 μὲν

53 2337 120 2363 καθ’
136 2336 151 2362 6
168 2335 250 2369 Θεὸς,
267 2335 344 2362 τοῦτό
359 2345 400 2367 τις
416 2337 481 2371 περὶ
497 2336 579 2364 αὑτοῦ
598 2336 722 2372 εἰρῆσθαι
738 2337 851 2373 ὲκλάὅῃ,

52 2381 163 2416 πέρασι
184 2381 365 2415 σωματικοῖς,
381 2380 419 2415 τῷ
432 2381 487 2407 ἀνω
502 2380 583 2415 φημὶ,
601 2380 648 2407 καὶ
662 2379 700 2415 τῷ
714 2381 796 2407 κάτω-
814 2381 852 2416 τῷ

51 2425 224 2461 ἑμπροσθεν
242 2425 289 2452 καὶ
309 2425 349 2460 τῷ
365 2425 463 2452 ὀπίσω
482 2425 520 2460 τῷ
536 2425 611 2458 δεξιὰ
625 2425 673 2453 καὶ
689 2425 727 2460 τῷ
743 2426 852 2461 ἀριστε-

55 2473 93 2507 ρὰ
104 2471 268 2506 διαλῆφθαι
279 2471 330 2506 τὴν
347 2471 461 2506 θεότητα
478 2471 569 2505 λέγειν
595 2471 847 2506 ἀναγκασθήσεται.

53 2519 88 2544 Et
103 2518 135 2544 δὲ
151 2517 222 2544 καθ’
237 2516 251 2543 6
275 2516 418 2551 ἄνθρωπος
436 2516 521 2544 ταῦτα
534 2516 660 2551 εἰρῆσθαι
673 2517 737 2552 περὶ
766 2516 848 2543 αὐτοῦ

51 2563 147 2597 λέγει·
165 2562 226 2598 ἄρα
240 2561 378 2597 οελητικδς
390 2559 424 2597 ἦν
438 2562 452 2587 6
464 2563 546 2594 αὐτὸς
570 2563 618 2589 καὶ
643 2563 704 2591 καθ’
717 2561 731 2589 6
744 2563 849 2598 ἀνορω-

53 2617 118 2641 mc.

91 2655 152 2682 Kal
171 2654 292 2689 ἀλλαχοῦ
309 2663 386 2690 φησι·
411 2655 465 2682 Kal
489 2655 664 2689 προσῆλθον
680 2656 708 2682 ol
720 2657 850 2690 μαθηται

49 2701 170 2732 αὑτοῦ,
191 2700 334 2734 λέγοντες
347 2700 435 2733 αὐτῷ·
468 2701 529 2727 Ποῦ
543 2700 650 2733 θέλεις,
668 2700 848 2734 ἀπελθόντες

47 2746 270 2781 ἑτοιμάσομέν
287 2754 336 2774 σοι
347 2747 380 2774 τὸ
397 2746 504 2782 Πάσχα
516 2747 641 2782 φηγ-εἰη
669 2747 726 2783 Eli)
745 2745 846 2782 βρῶσις

94 2816 102 2831 ¹
117 2815 212 2842 Joan.
229 2822 294 2846 xvn,
312 2814 356 2841 9L
413 2815 423 2830 ¹
439 2815 531 2843 Matth.
548 2823 629 2847 xxvn,
646 2815 690 2842 53.

48 2859 118 2885 ιλιι,
139 2849 169 2879 4.
227 2850 235 2864 ⁷
250 2849 331 2878 Marc.
349 2857 384 2886 Vi,
402 2850 449 2880 i8.
484 2853 494 2867 ⁸
509 2852 575 2880 Luc.
593 2859 659 2883 nit.
674 2851 701 2881 8.

741 2815 751 2831 ι
766 2814 844 2846 Joan.
861 2822 908 2850 vn,
927 2815 952 2845 4.

904 2069 964 2092 erat
980 2064 1122 2099 ingressus
1148 2064 1175 2091 in
1200 2065 1323 2097 domum,
1346 2065 1484 2092 neminem
1499 2065 1569 2092 scire
1594 2066 1689 2098 voluit,

903 2114 933 2137 ct
950 2117 1005 2136 non
1017 2110 1107 2144 potuit
1121 2110 1207 2137 latere
1225 2119 1232 2136 ε
1252 2114 1334 2145 atque
1350 2110 1418 2137 adeo
1431 2111 1516 2137 etiam
1541 2115 1572 2138 ut
1597 2111 1689 2144 homo,

904 2155 1054 2182 voluntatis
1069 2155 1197 2182 facultate
1215 2155 1346 2190 prteditus
1361 2155 1424 2182 fuit.

938 2201 972 2228 Et
982 2201 1047 2228 alibi
1065 2201 1132 2228 dicit
1144 2210 1150 2228 :
1162 2201 1239 2229 Circa
1251 2206 1377 2237 quartam
1390 2202 1507 2237 vigiliam
1531 2203 1612 2229 noctis
1624 2203 1689 2229 venit

905 2246 940 2273 ad
951 2254 1004 2279 eos,
1016 2245 1155 2273 ambulans
1166 2255 1246 2281 supra
1257 2254 1329 2273 mare
1342 2253 1351 2272 :
1370 2250 1394 2272 et
1409 2247 1510 2274 volebat
1527 2248 1690 2282 pertransit?

906 2295 979 2320 eos.’
1010 2291 1038 2318 Si
1058 2292 1121 2326 quis
1141 2291 1194 2319 hoc
1206 2291 1240 2318 de
1256 2291 1313 2323 illo,
1330 2299 1383 2326 qua
1401 2292 1507 2319 ratione
1531 2293 1602 2320 Deus
1621 2297 1689 2326 erat,

905 2336 1010 2363 dictum
1025 2336 1173 2371 acceperit,
1186 2344 1298 2363 necesse
1315 2336 1428 2364 habebit
1438 2343 1468 2365 ut
1483 2339 1613 2366 deitatem
1629 2347 1689 2366 cor-

905 2381 1047 2416 poralibus
1065 2382 1199 2414 terminis,
1212 2389 1322 2408 sursum
1335 2387 1417 2416 atque
1428 2383 1570 2416 deorsum,
1585 2388 1648 2410 ante
1663 2388 1688 2411 et

906 2431 991 2457 retro,
1005 2427 1180 2456 dextrorsum
1199 2436 1233 2455 ac
1254 2428 1443 2455 sinistrorsum
1463 2427 1688 2461 comprehensam

903 2474 984 2501 dicat.
1000 2473 1076 2506 Quod
1096 2473 1118 2501 si
1132 2473 1165 2500 de
1178 2473 1224 2500 illo
1242 2476 1378 2507 quatenus
1396 2472 1476 2500 homo
1492 2477 1564 2506 erat,
1580 2473 1682 2501 dictum

903 2520 975 2551 velit,
991 2526 1056 2554 ergo
1074 2519 1143 2546 idem
1165 2522 1193 2545 ut
1210 2519 1291 2545 homo
1309 2517 1434 2546 facultate
1448 2519 1593 2546 voluntatis
1610 2526 1681 2554 pra:-

903 2564 976 2592 ditus
993 2563 1052 2592 fuit.

938 2655 997 2682 Alio
1024 2655 1089 2683 item
1115 2655 1173 2683 loco
1199 2663 1207 2683 :
1230 2654 1264 2682 Et
1292 2659 1454 2683 accesserunt
1478 2655 1598 2690 discipuli
1623 2656 1681 2690 ejus
1728 2678 1730 2680 τ

904 2700 1016 2727 dicentes
1034 2701 1058 2727 ei
1072 2707 1081 2726 :
1097 2700 1144 2728 Ubi
1169 2701 1206 2728 vis
1232 2709 1333 2734 eamus,
1349 2705 1372 2727 et
1387 2708 1505 2727 Duremus
1532 2700 1577 2727 tibi
1603 2709 1680 2730 matt-

902 2748 999 2774 ducare
1029 2746 1150 2774 Pascha?
1169 2746 1237 2774 Cum
1263 2746 1366 2774 Pascha
1397 2746 1561 2776 manducare
1584 2757 1679 2776 eorum

1003 2815 1014 2831 ⁸
1028 2814 1107 2842 llam.
1133 2823 1169 2844 ιι.
1183 2813 1228 2844 ‘29.
1277 2814 1287 2828 ⁵
1301 2813 1382 2844 Marc.
1403 2825 1451 2850 vn,
1467 2817 1511 2845 24.
1550 2818 1560 2834 ⁶
1575 2817 1598 2845 ll
1614 2817 1678 2846 Cor.
