1874 3076
23 162 79 194 ιιεθ

23 246 62 267 uo;
72 243 78 250 ·
91 234 160 261 θέλει
177 233 232 269 γὰρ
247 232 292 259 καὶ
306 234 412 268 ἐνεργεῖ
433 233 462 259 ὲν
476 233 596 269 ἑκατέρᾳ
617 235 708 269 μορφῇ
726 233 794 268 μετὰ
807 234 827 259 Α

23 284 59 317 ;ἦέ
69 281 180 315 θατέρου
194 279 346 310 κοινωνίας.
358 276 408 305 Ὧν
419 278 501 314 γὰρ
518 279 622 313 οὖσίαή
640 279 719 313 αὐτὴ,
734 278 794 305 τού-

23 336 63 351 ;ων
77 326 122 351 καὶ
137 324 273 359 ἡθέλησις
288 323 334 349 καὶ
348 324 363 358 ἡ
380 323 504 358 ἐνέργεια
520 324 536 358 ὴ
553 324 622 358 αὐτή
632 331 637 337 ·
648 320 685 349 ὧν
697 323 794 355 δὲγδιέι-

23 379 90 406 ρορος
105 371 120 405 ή
136 370 224 400 οὐσία,
240 369 342 396 τούτων
361 369 489 404 διάφορος
500 369 546 395 καὶ
563 369 579 403 ἡ
597 368 704 403 θέλησις
721 368 792 402 καὶὴ

23 417 146 450 ινέργεια⁸
162 415 210 442 καὶ
223 415 253 441 τὸ
268 415 412 445 ἀνάπαλιν,
423 411 460 440 ὧν
475 416 489 448 ἡ
508 414 616 448 θέλησις
632 413 678 440 καὶ
694 413 795 448 ήένέρ-

23 471 70 496 (stat
85 462 100 496 ή
113 461 193 496 αὑτὴ,
211 460 312 487 τούτων
329 461 374 486 καὶ
389 460 522 494 ὴούσίαὴ
538 460 607 494 αὐτή
619 467 625 473 “
643 457 679 485 ὦν
695 459 723 486 δὲ
735 459 793 485 διὰ·

23 516 90 542 ξορας
106 508 122 542 η
136 506 244 542 θέλησις
257 506 303 533 καὶ
324 507 342 542 ἡ
357 505 491 541 ἐνέργεια,
509 505 611 532 τούτων
624 505 671 532 καὶ
688 505 704 540 ἡ
717 505 794 531 οὐσία

23 561 142 588 ›ι.ιφορος.

47 688 87 714 Διδ
101 688 132 723 δὴ
148 688 195 713 ἐπὶ
215 686 265 721 μὲν
283 686 388 722 Πατρός
407 686 452 713 καὶ
471 686 537 713 Υίοῦ
553 687 599 714 καὶ
615 688 693 722 ἁγίου
708 686 791 715 Π·ιεὺ-

23 743 104 766 ιατος,
119 734 150 760 ἐκ
164 734 215 767 τῆς
230 732 392 767 ταυτότητος
406 732 456 767 τῆς
476 741 505 758 τε
521 733 662 768 ἐνεργείας
686 736 733 761 καὶ
746 735 793 761 τοῦ

23 782 169 816 )ελήματος,
188 780 240 815 τὴν
255 778 405 813 ταυτότητα
418 779 468 813 τῆς
485 779 594 813 φύσεως
614 781 794 814 ἐπιγινώσκο-

23 836 71 854 ιεν.
92 827 152 853 Ἐπὶ
164 825 192 852 δὲ
209 825 259 860 τῆς
273 825 348 856 θείας
362 824 528 859 οἰκονομίας,
549 825 581 852 ἐκ
598 826 648 861 τῆς
662 827 794 862 διαφορᾶς

23 873 63 900 τῶν
76 871 230 908 ἐνεργειῶν,
243 870 290 898 καὶ
306 870 359 897 τῶν
371 869 541 905 θελημάτων,
555 871 601 897 καὶ
612 871 660 908 τὴν
676 873 730 899 τῶν
742 873 791 908 φύ-
808 889 828 916 Β

23 928 78 946 θεων
92 918 225 953 διαφορὰν
249 916 476 952 ἐπιγινώσχομεν,
492 916 540 944 καὶ
552 917 602 953 τὴν
611 918 665 945 τῶν
683 918 793 953 φύσεων

23 963 136 997 ςιαφορὰν
151 962 254 993 εἰδότες
270 960 516 997 συνομολογοῦμεν,
536 962 583 988 καὶ
601 962 631 989 τὸ
644 963 698 990 τῶν
715 964 792 1000 θελη-

23 1009 101 1034 ιάτων
118 1007 165 1034 καὶ
182 1006 328 1042 ἐνεργειῶν
344 1006 479 1041 διάφορον.
496 1006 602 1043 Ὠσπερ
617 1008 670 1044 γὰρ
681 1009 734 1036 τῶν
746 1009 792 1036 τοῦ

23 1053 90 1079 ιὺτοῦ
104 1052 150 1079 καὶ
167 1053 226 1084 ἐνὸς
241 1051 360 1087 Χριστοῦ
384 1051 491 1086 φύσεων
505 1052 519 1079 ό
533 1052 659 1088 ἀριθμὸς,
673 1055 794 1088 εὐσεϐῶς

23 1098 148 1133 νοούμενός
162 1106 192 1124 τε
218 1097 265 1124 καὶ
276 1097 431 1132 λεγόμενος,
448 1097 479 1124 οὐ
492 1097 592 1133 διαιρεὶ
603 1099 650 1125 τὸν
662 1099 708 1127 ἕνα
726 1101 794 1135 Χρι-

23 1141 79 1172 nov,
97 1142 165 1170 ἀλλὰ
187 1143 359 1179 σωζομένην,
375 1144 422 1171 καὶ
436 1145 465 1171 ἐν
485 1146 518 1180 τῇ
539 1144 791 1180 ἐνώσειπαρίστησι

23 1187 60 1213 ;ὦν
74 1188 180 1222 φύσεων
197 1189 250 1224 τὴν
265 1190 409 1225 διαφορὰν,
426 1190 498 1217 οὕτω
517 1191 564 1217 καὶ
577 1191 591 1217 ό
601 1191 718 1226 ἀριθμὸς
735 1191 790 1216 τῶν

23 1232 314 1270 ιὺσιωδρῦςπροσόντων
327 1237 386 1267 ταῖς
398 1236 482 1263 αὑτοῦ
504 1236 604 1271 φύσεσι
627 1237 789 1271 θελημάτων

23 1279 54 1305 παὶ
65 1280 222 1316 ἐνεργειῶν
237 1282 300 1309 κατ’
313 1283 398 1318 ἄμφω
406 1284 462 1319 γὰρ
470 1284 519 1314 τὰς
531 1284 628 1318 φῦσεις
646 1284 789 1317 θελητικδς

23 1322 51 1359 ᾖν,
66 1326 109 1353 καὶ
122 1328 300 1363 ἐνεργητικὸς
319 1329 368 1363 τῆς
380 1329 458 1364 ἡμῶν
474 1329 623 1364 σωτηρίας·
638 1329 669 1355 οὺ
687 1329 789 1364 διαίρε-

23 1379 51 1398 rtv
63 1372 176 1408 εἰσάγει·
194 1374 235 1409 μὴ
250 1374 366 1408 γένοιτο·
379 1373 449 1401 ἀλλὰ
463 1375 512 1411 τὴν
532 1375 622 1402 αὐτῶν
635 1375 720 1410 δηλοῖ,
742 1374 791 1401 καὶ

23 1418 96 1451 ιόνον,
111 1419 160 1446 κάν
173 1421 207 1455 τῇ
223 1420 330 1452 ἐνώσει,
345 1420 470 1456 φυλακὴν
483 1420 532 1448 καὶ
546 1420 694 1455 σωτηρίαν.
709 1421 790 1447 Φυσι-

23 1463 46 1489 ti
60 1464 120 1499 γὰρ,
133 1465 180 1492 καὶ
190 1465 242 1500 οὐχ
259 1465 528 1501 ὑποστατικάφαμεν
542 1466 576 1493 τὰ
589 1466 729 1502 θελήματα
741 1467 790 1493 καὶ

23 1507 58 1540 ςὰς
79 1510 230 1544 ἐνεργείας.
254 1511 332 1545 Λέγω
354 1511 382 1538 δὲ
399 1510 485 1545 αὐτὴν
502 1510 553 1546 τὴν
582 1511 728 1546 θελητικὴν
744 1511 790 1537 καὶ

23 1556 182 1591 ινεργητιιιὴν
193 1556 321 1592 δύναμιν,
332 1556 392 1583 καθ’
403 1558 437 1591 ἢν
452 1556 525 1584 θέλει
539 1556 703 1592 καὶένεργεϊ
717 1556 752 1583 τά
759 1565 789 1583 τε

23 1598 117 1628 θέλοντα
130 1602 177 1629 καὶ
193 1602 372 1638 ἐνεργοῦντα,
395 1603 494 1639 Είέγάρ
513 1603 683 1630 ὕποστατικὰ
699 1603 790 1637 δῶμεν
804 1616 828 1646 c

23 1646 87 1680 ιύτὰ,
106 1649 276 1684 ἐτεροθελεῖς
288 1650 337 1676 καὶ
354 1650 556 1684 ἐτεροενεργιῖς
570 1650 620 1681 τὰς
638 1650 712 1685 τρεῖς
724 1649 791 1675 ὑπο-

23 1692 114 1725 πάσεις
127 1695 174 1730 τῆς
191 1695 400 1731 ἀγίαςΤριάδος
409 1696 498 1723 εἰπεῖν
511 1695 789 1731 ἀναγκασθησόμεθα.

23 1738 81 1770 uta;
95 1740 147 1775 γὰρ
162 1741 342 1774 ὑποστάσεως
356 1742 609 1777 χαρακτηριστικὸν
623 1741 653 1768 τὺ
670 1741 791 1771 ὑποστα-

23 1785 83 1810 εικόν
96 1794 122 1812 τε
135 1787 180 1814 καὶ
198 1787 350 1821 γνωμικόν.

52 1829 145 1858 Ἰστέον
160 1832 217 1868 γὰρ
232 1833 269 1865 ὡς
280 1832 311 1859 οὐ
325 1832 424 1859 ταύτόν
441 1832 510 1868 ἐστι,
528 1834 626 1867 θέλειν,
657 1834 706 1862 καὶ
730 1835 790 1866 πῶς

23 1872 105 1902 δέλειν.
116 1877 145 1903 τὸ
162 1877 214 1912 μὲν
231 1878 286 1913 γὰρ
303 1877 401 1911 θέλειν,
418 1877 539 1914 φύσεως,
563 1879 659 1915 ὥσπερ
684 1881 732 1907 καὶ
761 1880 792 1907 τὸ

23 1919 84 1954 θρᾷν·
100 1922 165 1950 πᾶσι
177 1923 233 1957 γὰρ
249 1923 404 1958 ἀνδρώκοις
425 1926 573 1962 πρόσεστι·
587 1925 618 1952 τὸ
628 1926 656 1952 δέ
676 1925 735 1957 πῶς
748 1925 793 1952 θέ-

23 1968 78 1998 λειν,
91 1967 120 1994 οὗ
132 1968 253 2002 φύσεως,
268 1968 338 1998 ἀλλὰ
348 1971 396 2007 τῆς
407 1971 546 2007 ἡμετέρας
556 1970 680 2006 γνώμης,
697 1970 772 1997 ὥσπε
777 1979 793 2007 ρ

23 2011 57 2037 ut
78 2012 107 2038 τὸ
119 2014 176 2046 πῶς
188 2015 266 2053 ὁρᾷν,
279 2017 371 2048 καλῶς
386 2017 403 2053 ἢ
432 2017 536 2048 κακῶς.
566 2017 603 2043 Οὐ
620 2016 674 2052 γὰρ
690 2016 792 2047 πάντες

23 2056 145 2092 ίνθρωπῢι
153 2064 255 2098 ὁμοίως
266 2063 399 2096 θέλουσιν,
414 2062 469 2089 οὐδ’
478 2062 579 2098 ὁμοίως
591 2063 686 2097 ὁρῶσι.
705 2063 792 2090 Τοῦτο

23 2101 41 2128 ῖδ
56 2108 101 2134 καὶ
108 2108 154 2135 ἐπὶ
167 2108 223 2136 τῶν
234 2109 379 2144 ἐνεργειῶν
395 2108 528 2144 δώσομεν.
545 2108 581 2135 Τὸ
603 2109 657 2144 γὰρ
674 2108 732 2141 πῶς
747 2108 793 2135 θέ-

23 2155 76 2184 tttv,
95 2154 150 2186 πῶς
166 2155 244 2190 όρᾷν,
274 2155 291 2190 ἢ
308 2154 366 2186 πῶς
382 2155 514 2189 ἐνεργεῖν,
542 2155 644 2191 τρόπος
671 2155 730 2181 ἐστὶ
744 2155 794 2190 τῆς

23 2196 59 2222 τοῦ
73 2197 168 2233 θέλειν,
181 2199 230 2225 καὶ
242 2199 319 2234 όρᾷν,
343 2200 390 2226 καὶ
406 2200 529 2234 ἐνεργεῖν
560 2200 699 2234 χρήσεως,
720 2200 793 2234 μόνῳ

23 2242 50 2276 Et];
63 2245 222 2280 κεχρημένῳ
247 2245 370 2279 προσὼν,
386 2246 434 2272 καὶ
449 2245 504 2271 τῶν
515 2245 604 2272 ἄλλων
627 2246 708 2273 αὑτὸν
725 2247 794 2272 κατὰ

23 2288 62 2323 ιὴνι
76 2291 172 2322 κοινῶς
186 2291 338 2326 λεγομένην
350 2291 481 2326 διαφορὰν
496 2291 633 2326 χωρίζων.

479 160 666 191 P.\.\’OPLIA
681 161 908 192 DOGMATICA.
921 174 956 180 -
973 163 1048 192 TiT.
1070 161 1148 194 XXI.

1562 159 1631 193 1150

846 235 1008 261 naturaliter
1028 234 1092 261 velit
1111 238 1140 262 et
1154 238 1215 270 agat
1230 243 1237 267 ;
1251 242 1312 262 cum
1326 238 1416 262 autem
1433 235 1545 270 insuper
1560 237 1628 264 velle

843 286 867 308 et
882 287 971 315 agerc,
987 287 1040 306 non
1051 279 1148 313 divise,
1162 280 1208 306 sed
1225 280 1371 312 coniuncte
1388 280 1515 308 dicimus.
1533 290 1542 306 ‹
1564 280 1628 308 Vult

842 326 914 353 enim
934 331 960 353 et
977 327 1031 362 agit
1047 325 1074 352 in
1089 330 1203 360 utraque
1226 325 1323 358 forma,
1350 333 1412 353 cum
1428 326 1542 355 alterius
1553 334 1628 354 com-

844 373 982 398 munione.
1007 381 1016 397 ι
1080 370 1202 403 Quorum
1214 371 1285 397 enim
1305 371 1398 398 eadem
1411 373 1562 400 substantia
1575 379 1626 405 cst,
1644 391 1655 399 .

844 425 936 444 eorum
962 425 1070 452 quoque
1086 418 1181 444 eadem
1204 417 1329 444 voluntas
1340 423 1367 445 et
1384 420 1456 445 actio
1470 419 1504 446 sit
1517 428 1628 448 necesse

842 467 882 489 est
897 470 1026 496 :quorum
1037 467 1125 488 autcm
1137 462 1244 489 diversa
1256 467 1307 493 est,
1320 463 1416 489 horum
1427 463 1508 490 etiam
1521 464 1628 492 diversa

843 508 972 535 voluntas
994 512 1021 534 et
1042 507 1114 534 actio
1128 507 1172 539 sit,
1197 511 1313 541 oportet.
1355 507 1388 534 Et
1404 513 1500 535 contra
1511 517 1627 542 quornm

844 555 970 582 voluntas
985 558 1012 581 et
1027 554 1097 581 actio
1109 553 1202 581 cadent
1219 558 1269 586 est,
1286 562 1380 581 eorum
1411 554 1504 581 eadem
1521 563 1628 590 quoque

844 599 1008 632 substantia,
1018 605 1059 626 est
1073 608 1079 626 :
1098 606 1216 633 qucrum
1232 605 1322 625 autem
1339 599 1433 634 dispar
1459 600 1586 627 voluntas
1600 605 1627 627 et

843 647 925 678 actio,
954 646 1051 673 horum
1082 646 1163 672 etiam
1182 645 1275 679 dispar
1298 650 1340 673 cst
1365 646 1530 673 substantia.

879 691 1014 724 Quocirca
1061 691 1087 717 in
1105 690 1182 717 Patre
1196 690 1305 724 quidem
1332 695 1358 717 et
1374 690 1453 723 Filio,
1472 697 1497 718 et
1524 692 1627 726 Spiritu

843 742 948 769 sancto,
962 737 1026 772 quia
1042 737 1136 764 eadem
1154 737 1281 764 voluntas
1295 740 1376 771 atque
1387 737 1458 764 actio
1485 742 1538 770 est,
1553 745 1628 765 cam-

843 784 903 811 dem
916 790 1024 818 qumque
1034 786 1167 821 [naturam
1187 790 1250 809 cssc
1268 783 1455 816 agnoscimus.
1474 784 1508 809 At
1535 783 1562 810 in
1586 783 1628 810 di-

842 829 906 857 vina
923 829 1111 856 incarnatione
1124 835 1156 855 cx
1173 828 1310 855 actionum
1328 832 1355 855 et
1376 829 1545 856 voluntatum
1570 829 1627 857 dis-

844 874 959 901 crimine
975 879 1134 900 naturarum
1149 881 1257 908 quoque
1273 873 1422 900 discrimen
1440 874 1625 908 agnoscimus,

844 927 877 947 ac
889 924 1049 947 naturarum
1065 919 1213 946 discrimen
1230 918 1401 958 exploratu‘m
1423 918 1565 950 habentes,
1581 926 1627 945 vo-

843 965 978 993 luntatum
991 965 1072 992 etiam
1092 968 1119 991 et
1133 964 1270 991 actionum
1293 963 1441 991 discrimen
1452 963 1625 991 conﬁtemur.

843 1010 1079 1044 Quemadmodum
1091 1010 1165 1037 enim
1181 1010 1263 1037 unius
1287 1014 1313 1036 et
1326 1009 1446 1044 ejusdem
1461 1008 1562 1037 Christi
1577 1017 1627 1037 na-

842 1061 966 1084 turarum
977 1063 1120 1087 numerus,
1137 1055 1159 1082 si
1178 1056 1221 1090 pie
1240 1055 1407 1089 intelligatur
1416 1060 1442 1082 cl
1454 1055 1625 1089 praedicetur,

844 1109 928 1128 unum
947 1100 1085 1128 Christum
1103 1106 1274 1134 nequaquam
1295 1099 1412 1133 dividit;
1440 1107 1533 1127 verum
1551 1100 1628 1127 inro-

845 1144 946 1170 lumeln
961 1145 1043 1171 etiam
1058 1144 1084 1170 in
1102 1144 1409 1172 tininne~diﬂcrentiam
1425 1143 1566 1172 ostendit:
1591 1144 1629 1172 ita

844 1196 938 1215 earum
950 1189 1121 1216 voluntatum
1134 1193 1161 1216 ct
1174 1189 1313 1216 actionum
1333 1180 1472 1219 numertis,
1489 1196 1550 1223 qua:
1562 1189 1627 1216 sub-

843 1234 1007 1262 stantialiter
1020 1235 1085 1270 ipsis
1111 1235 1218 1262 naturis
1250 1235 1419 1262 conveniunt
1448 1234 1559 1270 (etenim
1585 1243 1630 1262 se-

843 1280 963 1308 cundum
995 1286 1138 1316 utramque
1155 1286 1280 1308 naturam
1295 1281 1332 1308 ita
1364 1285 1540 1316 comparatus
1566 1285 1626 1308 erat

845 1332 875 1354 ut
894 1327 975 1354 vellet
988 1332 1015 1355 ct
1029 1326 1212 1362 operaretur),
1239 1327 1402 1354 divisionem
1435 1334 1488 1354 non
1522 1326 1628 1354 inducit

844 1373 969 1408 (absit),
995 1373 1042 1400 sed
1066 1381 1160 1400 earum
1187 1373 1319 1400 duntaxat
1361 1372 1442 1400 etiam
1468 1372 1495 1399 in
1523 1372 1625 1398 unione

843 1419 1080 1445 conservationem
1091 1422 1119 1445 et
1136 1418 1351 1445 incolumitatem
1363 1417 1466 1455 prodit.
1482 1417 1626 1447 Naturales

844 1463 980 1498 siquidem
997 1471 1069 1496 esse,
1083 1471 1114 1492 ac
1142 1471 1197 1491 non
1223 1466 1390 1502 personales,
1418 1465 1573 1493 voluntates
1602 1468 1631 1491 et

844 1511 967 1538 actiones
982 1510 1119 1547 dicimus;
1136 1513 1187 1540 hoc
1206 1517 1248 1541 est
1273 1513 1326 1539 vim
1356 1513 1441 1547 ipsam
1466 1511 1574 1539 volendi
1600 1516 1626 1538 ct

842 1556 952 1592 agendi.
966 1563 1015 1591 per
1025 1566 1107 1594 quam
1123 1559 1218 1586 volunt
1236 1562 1264 1586 et
1278 1563 1371 1593 agunt.
1384 1558 1412 1586 Si
1428 1557 1501 1584 enim
1532 1565 1627 1592 persn-

844 1602 919 1632 nales
932 1613 993 1633 esse
1017 1605 1246 1637 concesserimus,
1275 1609 1332 1633 tres
1357 1609 1458 1632 sanctae
1486 1603 1629 1631 Trinitatis

842 1658 975 1686 personas
994 1651 1110 1679 diversae
1123 1651 1200 1678 inter
1212 1658 1241 1679 se
1256 1650 1402 1678 voluntatis
1417 1655 1498 1685 atque
1512 1648 1629 1676 actionis

842 1697 998 1725 necessario
1008 1697 1141 1726 dicemus.
1160 1698 1247 1726 Unius
1268 1697 1339 1725 enim
1352 1703 1475 1732 personae
1493 1695 1627 1722 rationem

841 1743 965 1779 designat
979 1743 1051 1778 quod
1068 1744 1209 1779 personale
1224 1747 1252 1771 ct
1267 1742 1423 1778 gnomicum
1435 1746 1487 1770 est.

879 1831 913 1858 Ut
930 1832 1051 1859 voluntas
1068 1839 1092 1859 el
1106 1833 1186 1866 actio,
1208 1837 1330 1866 natum;
1350 1836 1389 1859 sic
1416 1831 1478 1858 tali:
1507 1830 1629 1857 voluntas

843 1881 921 1912 atque
935 1879 1012 1910 auio,
1024 1878 1203 1912 personwf—
1214 1879 1361 1906 Sciendum
1391 1878 1464 1905 enim
1490 1882 1543 1908 est,
1573 1883 1628 1903 non

844 1922 915 1950 idem
925 1930 985 1950 esse
999 1923 1078 1956 velle,
1090 1928 1173 1957 atque
1188 1923 1239 1951 hoc
1251 1923 1291 1950 vel
1306 1923 1353 1950 illo
1367 1921 1447 1949 modo
1461 1921 1539 1948 velle.
1552 1920 1629 1948 Velle

843 1968 979 2003 siquidem
997 1973 1102 1996 naturae
1120 1973 1172 2002 est,
1188 1973 1218 1995 ut
1231 1973 1258 1995 et
1274 1968 1377 1995 videre.
1394 1967 1528 1995 Omnibus
1555 1966 1629 1993 enim

843 2013 1002 2043 hominibus
1016 2014 1069 2042 hoc
1081 2015 1219 2042 convenit.
1233 2013 1268 2041 At
1282 2019 1357 2041 certo
1372 2013 1452 2040 modo
1476 2013 1556 2044 velle,
1570 2020 1624 2039 non

843 2065 951 2090 natum
961 2065 1014 2091 est.
1028 2061 1076 2089 sed
1090 2060 1175 2088 nostri
1186 2061 1293 2088 consilii
1310 2066 1337 2088 et
1347 2060 1489 2088 sententia!
1505 2068 1513 2087 :
1527 2066 1626 2094 quem-

843 2107 990 2134 admodum
1004 2111 1032 2134 οι
1051 2112 1127 2134 certo
1139 2106 1221 2134 modo
1236 2107 1341 2140 videre,
1370 2107 1422 2134 hoc
1433 2112 1474 2134 est
1501 2106 1572 2134 bene
1589 2105 1631 2134 vel

845 2154 925 2182 male.
938 2154 997 2181 Non
1012 2153 1084 2181 enim
1099 2161 1193 2181 omnes
1211 2153 1335 2180 homines
1358 2154 1455 2180 eodem
1484 2152 1566 2180 modo
1581 2159 1626 2179 vo-

845 2200 914 2235 lunt,
930 2207 1019 2235 neque
1034 2200 1131 2228 eodem
1149 2200 1233 2228 modo
1244 2199 1348 2227 vident.
1366 2199 1422 2227 Hoc
1435 2203 1527 2226 autem
1544 2199 1626 2226 etiam

845 2247 873 2275 in
886 2247 1038 2274 actionibus
1069 2246 1262 2274 concedemus.
1279 2245 1347 2274 Nam
1361 2249 1437 2273 certo
1452 2245 1531 2273 modo
1547 2245 1627 2277 velle,

805 2288 832 2319 D
845 2297 920 2321 certo
935 2292 1015 2320 modo
1027 2293 1133 2325 videre,
1145 2296 1220 2320 certo
1234 2292 1315 2319 modo
1345 2299 1435 2326 agere,
1462 2291 1561 2319 modus
1585 2297 1628 2318 est

23 2341 66 2368 tuo
81 2338 141 2371 quis
155 2338 297 2366 voluntate
312 2339 408 2371 utitur,
425 2347 532 2366 necnon
549 2338 661 2366 videndi
676 2343 758 2374 atque
774 2341 872 2376 agendi
890 2341 1034 2376 facultate,
1055 2349 1116 2377 quae
1126 2341 1178 2369 soli
1194 2340 1282 2368 utenti
1295 2340 1382 2374 adest,
1396 2348 1515 2376 eumque
1528 2347 1628 2367 secun-

23 2380 77 2408 lum
93 2383 226 2412 rationem
240 2384 403 2412 diﬂ'erentim
415 2385 605 2413 communiter
615 2385 696 2413 dicta:
714 2386 749 2413 ab
759 2386 823 2415 aliis
838 2387 969 2416 secernit.

231 2479 282 2507 Ἕκ
296 2478 348 2506 τοῦ
363 2477 457 2505 αὐτοῦ
473 2477 578 2512 λόγου.

50 2525 80 2552 Et
95 2526 155 2553 κατ’
170 2525 262 2553 εἰκόνα
273 2526 322 2560 τῆς
334 2524 472 2560 μακαρίας
486 2524 533 2550 καὶ
548 2522 715 2558 ὑπερουσῐου
733 2520 791 2548 θεό-

23 2577 92 2604 τητος
120 2572 134 2597 ὁ
150 2571 294 2606 ἄνθρωπος
319 2571 478 2605 γεγένηται·
506 2567 681 2601 αὑτεξούσιος
704 2566 733 2593 δὲ
746 2565 796 2601 φύ-

23 2624 58 2643 σει
77 2618 122 2644 καὶ
148 2618 277 2652 θελητικὴ
292 2618 308 2651 ἠ
325 2617 386 2644 θεία
416 2616 509 2651 φύσις.
536 2615 589 2650 ἄρα
604 2613 674 2640 καὶό
691 2612 798 2648 ἄνθρω-

23 2669 76 2694 πος,
102 2664 138 2695 ὡς
163 2663 248 2698 αὐτῆς
270 2662 364 2695 εἰκὼν,
393 2661 568 2694 αὺτεξοὺσιος
587 2659 668 2695 φύσει
684 2659 732 2685 καὶ
755 2658 798 2684 θε-

23 2708 132 2743 λητικός.
159 2710 196 2738 Τὸ
218 2711 272 2745 γὰρ
300 2709 486 2750 αὐτεξούσιον,
515 2707 626 2742 θέλησιν
650 2705 798 2740 ,ὡρίσαντο

24 2755 47 2780 οὶ
70 2757 197 2791 Ιιατέρες.

55 2802 111 2829 Ἔτι
124 2803 151 2830 δέ
167 2800 191 2830 εἷ
207 2804 291 2830 πᾶσιν
302 2800 458 2837 ἀνθρώποις
478 2799 627 2834 ἐνυπάρχει
650 2797 681 2824 τδ
697 2796 797 2828 θέλειν,

24 2848 67 2874 καὶ
80 2849 108 2875 οὺ
123 2851 178 2881 τοῖς
194 2850 243 2885 μιν
259 2849 419 2883 ἐνυπάρχει,
440 2847 497 2877 τοῖς
521 2847 549 2872 δὲ
569 2846 618 2872 οὐκ
635 2843 796 2878 ἐνυπάρχει·

25 2903 52 2922 το
61 2895 88 2922 δέ
106 2897 199 2929 κοινῶς
219 2897 303 2924 πᾶσιν
317 2894 546 2930 ἐνθεωροὺμενον,
564 2891 646 2928 φύσιν
660 2897 800 2926 χαρακτη-

1111 2474 1152 2502 Εςι·
1165 2474 1253 2502 eodeni
1267 2476 1362 2509 capue.

881 2521 910 2549 Si
925 2521 959 2549 ad
972 2521 1058 2549 beata
1071 2525 1099 2549 et.
1121 2519 1357 2555 superessentialis
1378 2516 1531 2546 divinitatis
1563 2516 1633 2544 ima-

847 2568 939 2604 ginem
967 2567 1094 2595 conditus
1120 2572 1162 2594 est
1189 2566 1280 2599 homo,
1310 2564 1433 2600 profectu
1456 2571 1518 2591 cum
1533 2567 1627 2590 natura

847 2613 940 2641 divina
957 2612 1041 2640 libera
1057 2612 1102 2643 sit.
1117 2615 1146 2639 et
1160 2611 1260 2638 virtute
1285 2610 1392 2638 volcndi
1406 2613 1501 2644 suapte
1533 2613 1630 2635 natura

848 2658 959 2694 polleat,
971 2657 1053 2684 homo
1066 2663 1175 2691 quoque
1192 2655 1239 2691 qui
1255 2656 1315 2690 ejus
1334 2655 1431 2690 imago
1455 2658 1507 2685 est,
1535 2653 1632 2681 iisdem

849 2713 865 2732 a
878 2709 975 2731 natura
988 2702 1119 2738 prteditus
1140 2702 1204 2729 erit.
1227 2701 1335 2728 Etenim
1352 2701 1446 2728 Patres
1458 2699 1577 2726 liberum
1593 2706 1636 2726 ar-

853 2750 965 2778 bitrium
985 2748 1152 2775 voluntatem
1167 2754 1227 2774 esse
1239 2745 1416 2773 deﬁnierunt.

888 2795 929 2823 Ad
957 2794 1015 2821 haec
1048 2793 1171 2827 insuper,
1200 2792 1223 2819 si
1249 2791 1357 2819 cunctis
1384 2789 1543 2819 hominibus
1567 2789 1635 2817 velle

855 2841 936 2874 inest,
950 2847 983 2868 ac
999 2847 1052 2867 non
1075 2843 1103 2866 ut
1119 2837 1283 2874 quibusdam
1300 2838 1375 2870 insit,
1400 2836 1564 2873 quibusdam
1580 2844 1634 2863 non

856 2889 934 2921 insit;
949 2886 1046 2923 procul
1062 2884 1158 2919 dubio,
1175 2891 1237 2912 cum
1252 2884 1279 2912 id
1297 2883 1370 2919 quod
1395 2883 1578 2912 communiter
1608 2882 1636 2910 in
