1874 3076
43 95 100 128 1157
513 90 699 121 PANOPLIA
717 89 986 120 DOGMATICA.--
1002 89 1078 120 TlT.
1094 89 1173 120 XXI.
1582 90 1649 123 H58

40 155 77 187 ειν
91 150 256 186 κινουμένην,
278 149 332 176 ὑπὸ
344 148 373 176 δὲ
391 148 438 176 τοῦ
453 147 540 182 Λόγου
560 147 700 183 ἀγομένην
719 155 748 174 τε
763 148 811 173 καὶ

911 151 940 174 ut
950 147 1044 175 virtuti
1061 148 1198 175 studentia
1215 147 1373 180 laudantur,
1389 155 1420 175 ae
1438 147 1518 178 beata
1533 155 1648 176 censen-

41 198 227 235 ῥυθμιζομένην
240 196 286 225 ἐπὶ
307 196 361 222 τῶν
376 194 570 230 φυλασσόντων
585 193 615 220 τὺ
630 192 701 220 κατὰ
712 192 792 226 φύσιν
803 199 811 208 ο

905 201 928 228 ·;
942 201 993 222 nec
1006 200 1136 229 tanquam
1154 194 1255 222 malum
1267 195 1375 230 agentia
1406 195 1573 230 plectuntur.
1589 195 1651 222 Na-

41 246 83 272 τοῦ
99 245 150 280 γὰρ
164 243 248 278 Λόγου
269 242 433 278 προτέρημα
448 240 526 268 τοῦτό
540 241 625 274 ἐστιν,
642 240 659 274 ὴ
676 239 806 271 αὐτεξού-

905 248 925 268 'a
944 248 1010 269 vero
1027 241 1170 268 rationalis
1186 240 1271 268 habet
1284 240 1395 275 quidem
1411 241 1564 268 ttaturalem
1597 247 1649 275 ap-

41 300 90 322 σιος
105 291 219 325 θέλησις,
232 291 329 325 ἥντινα
348 287 467 324 φυσικὴν
494 288 522 314 ἐν
537 286 578 322 τῷ
592 286 697 321 λογικῷ
719 294 812 322 φαμεν

905 288 993 321 litum,
1011 288 1057 323 qui
1074 292 1235 320 moveatur;
1254 287 1388 322 ejusmodi
1407 291 1507 320 tamen,
1528 287 1599 314 utin
1618 287 1652 314 iis

41 337 148 371 κίνησιν·
164 336 204 362 διὸ
220 335 265 361 καὶ
277 334 314 366 ὡς
328 333 430 370 ἀρετὴν
445 333 575 369 μετιοῦσα
597 334 753 360 ἐπαινεῖται
767 332 814 360 καὶ

905 338 1044 361 aanaturae
1068 338 1280 362 consentaneam
1308 332 1502 360 rectitudinetn
1531 337 1652 364 servant.

43 381 226 416 μσκαρίῖεται,
244 380 290 408 καὶ
307 379 345 412 ὡς
357 380 456 406 κακίαν
472 378 603 415 μετιοῦσα
623 378 777 410 κολάζεται.

867 387 881 407 a
896 379 1001 407 ratione
1011 380 1179 414 gubernetur
1192 386 1224 406 ac
1234 383 1424 414 componatur.
1441 378 1564 406 Rationis
1577 379 1652 406 enim

41 426 213 461 przrceilentia
231 425 288 453 haec
305 430 357 458 est,
373 424 467 452 liberae
480 424 627 460 potestatis
649 424 778 452 voluntas
796 433 802 452 :
823 432 904 460 quam
921 424 1029 460 quidem
1045 425 1195 452 naturalem
1221 429 1325 452 motum
1340 425 1368 452 in
1398 424 1550 452 substantia
1566 424 1653 452 ratio-

42 473 91 499 nali
107 473 231 501 dicimus.
247 472 340 507 anue
359 472 393 500 de
406 480 488 500 causa
505 477 533 500 et
550 479 613 500 cum
630 472 763 500 virtutem
776 472 852 504 colit,
864 472 971 500 laudent
988 472 1103 506 obtinet,
1123 480 1156 500 ac
1182 472 1260 500 beata
1275 472 1460 508 praedicatur;
1475 477 1503 499 ct
1533 479 1596 499 cum
1624 479 1655 500 se

41 519 102 546 vitio
118 518 200 551 dedit,
219 519 343 553 punitur.

71 566 146 592 “nm
158 565 236 600 ἧθελε
250 565 300 599 μὲν
308 564 491 597 αὐτεξουσίως
505 564 654 599 κινουμένη
673 565 690 599 ἡ
704 563 750 590 τοῦ
761 563 817 589 Κυ-

42 611 93 646 ρίου
108 611 189 646 ψυχὴ,
198 611 256 637 ἀλλ’
270 611 361 637 ἐκεῖνα
370 610 552 643 αὐτεξουσίως
563 609 671 646 ⁴ἢθελεν,
688 609 706 637 ἃ
726 611 742 644 ἡ
758 609 819 636 θεία

41 656 116 684 αὑτοῦ
129 657 236 692 θέλησις
248 656 327 691 ἤθελε
348 655 435 682 θέλειν
457 655 555 691 αὐτήν.
573 655 610 682 Οὺ
627 656 683 692 γὰρ
704 655 819 691 νεύματι

42 703 83 729 τοῦ
104 703 189 736 Λόγου
218 703 235 737 ἡ
252 702 321 736 σὰρξ
336 702 462 728 autver-rw
490 703 538 728 καὶ
567 701 686 737 Μωῦσης
703 702 757 737 γὰρ
771 702 819 729 καὶ

41 749 132 781 πάντες
146 749 171 775 oi
186 749 258 783 ἆγιοι
268 748 383 783 νεύματι
397 747 462 782 θείῳ
478 747 628 774 ἐκινοῦντο”
644 748 702 774 ἀλλ’
712 749 726 774 ὁ
738 748 819 779 αὐτὸς

879 575 886 581 ο
910 563 1008 590 Dii-inre
1036 568 1060 591 et
1071 563 1362 591 humanm-voluntatis
1376 564 1517 591 discrimen
1536 564 1564 592 in
1579 564 1656 593 Chri-

871 614 921 637 sto.
938 625 969 630 —
983 609 1051 645 Ergo
1068 610 1176 638 volebat
1191 610 1302 645 quidem
1320 610 1427 638 Domini
1448 612 1539 639 anima
1566 611 1655 640 libere

871 655 999 688 excitata,
1014 656 1061 684 sed
1077 664 1109 684 ea
1123 656 1209 684 libere
1220 656 1330 684 demum
1351 657 1470 690 volebat,
1488 664 1550 692 qua:
1561 657 1654 685 divina

872 702 958 737 ipsius
972 702 1097 729 voluntas
1117 702 1185 729 velle
1203 710 1262 729 eam
1272 702 1389 730 volebat.
1407 703 1466 730 Non
1483 703 1556 730 enim
1572 702 1656 731 Verbi

872 750 942 773 nutu
959 754 1023 774 caro
1039 747 1294 783 movebatur,juxta
1319 755 1351 775 ac
1384 747 1474 776 Moses
1509 752 1536 775 et
1564 748 1655 776 sancti

41 791 75 825 εἷς
85 794 119 820 ῶν
130 794 195 826 Θεός
210 802 240 820 τε
255 795 302 820 καὶ
322 792 370 820 ἀνθ
376 800 476 829 ρωπος,
489 792 561 820 κατά
575 801 605 818 τε
619 793 670 827 τὴν
684 792 759 819 θείαν
772 792 815 818 καὶ

905 799 966 820 mes
981 791 1074 819 divino
1088 798 1158 819 nutu
1173 793 1353 820 movebantur
1370 801 1377 820 :
1393 800 1490 820 verum
1506 793 1577 820 idem
1597 794 1657 829 ipse

42 841 85 875 τὴν
96 839 272 875 ἀνθρωπίνην
284 839 362 874 ἡθελε
373 839 494 865 θέλησιν·
509 839 548 865 διὸ
567 838 597 865 οὗ
613 838 720 874 γνώμῃ,
738 847 819 872 φυσι-

42 888 73 922 κῇ
87 887 113 913 δὲ
130 887 230 922 μᾶλλον
245 885 373 920 δυνάμει,
403 886 430 912 αι
450 885 497 911 δύο
511 885 558 911 τοῦ
575 883 679 920 Κυρίου
693 884 818 920 θελήσεις

41 933 157 968 διέφερον
167 931 305 968 ἀλλήλων.
325 931 357 958 Ἦ
381 931 430 965 μὲν
447 930 502 966 γὰρ
523 930 585 957 θεία
610 930 694 957 αὐτοῦ
710 930 819 967 θέλησις

42 978 151 1014 ἀναρχός
165 987 195 1006 τε
212 978 262 1005 καὶ
273 978 443 1012 παντουργὸς
450 975 495 1012 ἦν,
508 976 646 1012 ἑπομένην
659 976 759 1012 ἐχουσα
770 978 820 1013 τὴν

41 1024 161 1060 δύναμιν,
176 1027 228 1052 καὶ
246 1023 366 1058 ἀπαθής·
378 1024 395 1058 ὴ
405 1023 433 1050 δέ
440 1022 599 1058 ἀνθρωπίνη
610 1023 693 1049 αὑτοῦ
705 1023 814 1058 θέλησις

42 1071 91 1097 ἀπὸ
103 1070 199 1105 χρόνου
219 1069 334 1105 ἧρξατο,
348 1069 396 1095 καὶ
415 1068 485 1104 αὑτὴ
496 1069 531 1096 τὰ
547 1069 651 1103 φυσικὰ
678 1071 726 1097 καὶ
745 1070 821 1098 ἀδιά-

42 1115 123 1150 ὃλητα
135 1115 209 1151 πάθη
230 1115 373 1150 ὑπέμεινε,
390 1115 437 1141 καὶ
450 1114 573 1149 φυσικῶς
587 1115 637 1150 μὲν
646 1115 676 1141 οὑ
690 1115 821 1143 παντοδύ-

42 1171 121 1197 ναμος
136 1160 181 1198 ἦν,
196 1161 238 1194 ὡς
253 1162 281 1189 δέ
301 1161 348 1189 τοῦ
364 1159 431 1187 Θεοῦ
458 1161 547 1195 Λόγου
564 1161 673 1197 ἀληθῶς
689 1162 736 1190 καὶ
750 1162 821 1190 κατὰ

41 1210 118 1242 φύσιν
132 1208 280 1244 γενομένη,
295 1206 342 1235 καὶ
357 1206 569 1242 παντοδύναμος.

872 845 935 866 cum
949 843 977 866 et
990 838 1062 866 Deus
1076 843 1104 866 et
1117 838 1198 866 homo
1212 844 1294 872 esset,
1308 843 1365 866 tum
1386 839 1489 872 divina,
1517 843 1575 867 tum
1603 840 1657 867 ltu-

872 892 951 912 mana
969 885 1110 912 voluntate
1124 885 1243 913 volebat.
1259 885 1300 913 0b
1313 892 1374 913 eam
1389 893 1500 913 causam
1525 893 1580 913 non
1594 893 1661 914 cou-

872 931 934 959 silio
949 939 981 959 ac
994 932 1141 964 sententia,
1158 932 1204 959 sed
1236 931 1372 959 naturalis
1403 932 1496 966 potius
1520 931 1661 960 facultatis

872 977 989 1010 ratione,
1005 977 1066 1005 dua:
1093 976 1202 1005 Domini
1213 976 1368 1004 voluntates
1396 976 1513 1004 interse
1543 976 1661 1004 disside-

872 1022 950 1050 bant.
970 1021 1077 1049 Etenim
1101 1022 1195 1049 divina
1220 1022 1280 1057 ejus
1306 1022 1433 1049 voluntas
1461 1021 1588 1056 principii
1608 1029 1660 1049 ex-

873 1076 937 1103 pers
947 1068 1091 1104 omnisque
1103 1069 1141 1097 rei
1155 1068 1278 1096 eil‘ectrix
1297 1073 1356 1097 erat
1367 1074 1410 1102 ,ut
1440 1073 1506 1104 pote
1532 1069 1662 1097 comitem

874 1114 1022 1150 potentiam
1040 1115 1155 1148 habens,
1171 1120 1199 1142 et
1212 1114 1266 1150 pati
1280 1115 1382 1143 nescia.
1397 1115 1431 1142 At
1446 1115 1566 1142 humana
1576 1115 1663 1149 ipsius

874 1161 1012 1194 voluntas,
1030 1165 1087 1188 tum
1100 1161 1157 1196 ipsa
1173 1162 1201 1188 in
1220 1167 1343 1196 tempore
1358 1161 1467 1189 initium
1482 1160 1587 1194 habuit,
1602 1165 1660 1188 tum

873 1215 920 1235 eas
933 1207 1073 1242 passiones
1089 1207 1228 1240 sustinuit,
1241 1215 1302 1243 quae
1321 1208 1459 1236 naturales
1478 1212 1506 1235 et
1537 1207 1664 1236 innocua:

39 1259 124 1284 erant.
137 1255 178 1283 Ac
190 1259 290 1283 natura
305 1255 416 1290 quidem
426 1255 600 1290 omnipotens
612 1261 667 1282 non
684 1260 760 1289 erat;
777 1258 807 1283 ut
823 1260 916 1283 autem
932 1255 979 1283 Dei
999 1253 1080 1283 Verbi
1105 1261 1169 1282 vere
1195 1262 1228 1282 ac
1255 1255 1388 1282 naturalis
1410 1255 1482 1282 facta
1508 1259 1576 1288 erat,
1591 1254 1662 1282 nihil

41 1307 146 1335 quoque
163 1299 227 1336 ipsa
243 1307 296 1328 non
308 1305 425 1336 poterat.

205 1413 275 1440 ’Τοῦ
288 1411 383 1440 αὐτοῦ
397 1412 569 1448 Κεφαλαίον
581 1411 640 1448 κγ’.

1136 1415 1262 1451 Ejusdem
1275 1421 1352 1450 caput
1370 1416 1414 1444 85.

81 1458 110 1486 ’0
129 1459 270 1494 μακάριος
298 1458 437 1490 Διονύσιος
464 1459 562 1490 καινήν
577 1467 638 1486 τινα
660 1458 815 1494 οεανδρικὴι

914 1458 983 1487 Cum
997 1460 1094 1488 beatus
1106 1460 1250 1496 Dionysius
1261 1462 1399 1489 Christum
1412 1470 1508 1490 novam
1518 1463 1664 1500 quamdam

42 1505 184 1540 ἐνέργειαν
204 1505 297 1539 φήσας
311 1505 356 1531 τὸν
372 1505 490 1540 Χριστὸν
502 1505 567 1539 ἡμῖν
584 1505 825 1539 πεπολιτευμένον,

43 1551 90 1577 οὐκ
102 1551 229 1587 ἀναιρῶν
242 1551 292 1582 τὰς
308 1551 425 1584 φυσικὰς
435 1550 587 1586 ἐνεργείας,
602 1551 666 1585 μίαν
682 1551 824 1585 ἐνέργειαν

41 1596 70 1622 ἔκ
84 1605 114 1623 τε
126 1597 177 1631 τῆς
189 1596 368 1631 ἀνθρωπίνης
380 1597 428 1623 καὶ
442 1596 517 1628 θείας
528 1597 715 1632 γεγενημένην
728 1596 810 1631 φησιν
821 1603 828 1612 ·

41 1641 110 1668 οὕτω
129 1643 186 1677 γὰρ
203 1642 240 1669 ἂν
259 1641 305 1668 καὶ
325 1642 390 1675 μίαν
413 1641 494 1676 φύσιν
517 1641 644 1676 εἴποιμεν
672 1642 782 1676 καινὴν,
798 1642 831 1667 ἐκ

42 1687 116 1721 θείας
138 1697 170 1716 τε
194 1688 247 1716 καὶ
270 1687 444 1722 ἀνθρωπίνης
471 1687 680 1722 γεγενημένην·
710 1684 748 1714 ὧν
777 1687 831 1722 γὰρ

40 1735 166 1770 ἐνέργεια
187 1735 252 1770 μία,
266 1733 369 1760 τούτων
395 1733 444 1759 καὶ
464 1733 479 1768 ἡ
496 1733 574 1759 οὐσία
590 1733 650 1768 μία,
668 1733 740 1760 κατὰ
769 1733 832 1765 τοὺς

40 1781 136 1816 ἁγίους
147 1787 159 1799 ⁸
170 1782 301 1817 Πατέρας
311 1787 320 1796 ⁸
334 1780 403 1808 ἀλλά
419 1781 503 1807 θέλων
518 1780 602 1812 δεῖξαι
616 1780 662 1807 τὸν
676 1780 769 1807 καινὸν
784 1780 833 1806 καὶ

40 1829 202 1864 ἀπόρρητον
221 1827 324 1863 τρόπον
353 1829 403 1862 τῆς
425 1827 478 1853 τῶν
504 1826 627 1860 φυσικῶν
644 1825 691 1852 τοῦ
710 1825 831 1860 Χριστοῦ

40 1875 192 1910 ἐνεργειῶν
207 1874 378 1909 ἐκφάνσεως,
393 1873 432 1907 τῷ
445 1873 592 1908 ἀπορρήτῳ
610 1873 704 1906 τρόπῳ
724 1871 776 1907 τῆς
791 1874 833 1903 εἰς

39 1921 144 1956 ἄλληλα
151 1921 210 1948 τῶν
221 1919 269 1946 τοῦ
279 1919 398 1955 Χριστοῦ
408 1919 516 1954 φύσεων
527 1918 739 1952 περιχωρήσεως
750 1926 835 1952 προσ-

39 1967 208 2003 φόρως,κ.αὶ
238 1965 288 2001 τὴν
314 1964 385 1992 κατά
414 1964 558 1998 ἄνθρωπον
582 1963 665 1989 αὐτοῦ
694 1962 834 1990 πολιτείαν

40 2013 122 2049 ξένην
151 2014 205 2040 καὶ
235 2011 396 2050 παρέδοξον,
428 2011 476 2038 καὶ
503 2011 537 2045 τῇ
570 2009 651 2044 φύσει
662 2009 717 2036 τῶν
748 2010 834 2036 ὅντων

37 2060 198 2095 ἄγνωστον,
213 2060 260 2087 τόν
274 2068 303 2085 τε
323 2058 432 2093 τρόπον.
447 2057 497 2092 τῆς
522 2056 594 2082 κατὰ
607 2056 656 2090 τὴν
673 2055 834 2092 ἀπόρρητον

883 1505 1081 1537 theaudricam,
1096 1513 1144 1534 seu
1160 1507 1206 1534 Dei
1220 1507 1339 1534 simulet
1366 1507 1428 1541 viri,
1457 1508 1593 1536 actionem
1614 1517 1665 1536 no-

882 1551 1104 1580 biscumobiisse
1119 1552 1197 1584 dicit,
1230 1560 1283 1580 non
1315 1557 1346 1580 ut
1373 1554 1514 1581 naturales
1542 1556 1665 1583 actiones

884 1596 971 1628 tollat,
1001 1604 1081 1624 unam
1111 1604 1145 1625 ex
1169 1598 1287 1626 humana
1328 1587 1482 1627 ettdivina
1528 1601 1663 1627 actionem

884 1642 1027 1670 conflatam
1042 1643 1121 1671 docct
1136 1644 1178 1679 (ad
1199 1645 1271 1672 hunc
1284 1646 1357 1673 enim
1373 1646 1483 1673 tnodum
1498 1653 1579 1673 unam
1598 1654 1668 1681 quo-

886 1696 939 1723 que
953 1697 1052 1716 novam
1069 1696 1194 1718 naturam
1206 1699 1238 1718 ex
1250 1691 1342 1718 divina
1357 1696 1385 1719 et
1402 1691 1521 1720 humana
1542 1692 1668 1720 elfectam

884 1734 1055 1769 diceremus;
1083 1736 1146 1770 quia
1175 1744 1292 1771 quorum
1314 1737 1385 1764 actio
1409 1745 1462 1764 una
1488 1742 1540 1770 est,
1568 1737 1667 1765 horum

886 1779 980 1812 etiam,
996 1784 1026 1807 ut
1039 1780 1162 1807 sentiunt
1175 1780 1281 1814 Patres,
1300 1789 1352 1808 una
1378 1786 1421 1808 est
1449 1782 1592 1817 essentia),
1621 1790 1669 1810 ve-

885 1832 947 1851 rum
964 1825 1000 1851 ita
1021 1825 1153 1860 loquitur,
1170 1832 1199 1852 ut
1212 1833 1313 1853 novum
1329 1826 1395 1853 illud
1412 1831 1441 1854 et
1455 1834 1585 1854 arcanum
1611 1835 1670 1854 mo-

886 1871 962 1903 dum,
975 1878 1030 1905 qtto
1041 1871 1179 1898 naturales
1193 1871 1297 1899 Christi
1309 1872 1432 1900 actiones
1462 1879 1491 1899 se
1518 1873 1668 1907 explicant,

887 1925 988 1944 arcano
1000 1918 1038 1945 illi
1053 1923 1154 1945 mutua:
1182 1923 1344 1946 naturarum
1373 1919 1460 1954 ipsius
1485 1919 1670 1948 immeationis

888 1965 970 1992 modo
988 1969 1194 2000 congruentem,
1220 1966 1369 1993 humanum
1399 1966 1463 1994 item
1489 1967 1550 1994 vitae
1582 1975 1670 2003 genus

887 2018 988 2038 novum
1003 2016 1030 2038 et
1050 2011 1221 2045 admirabile,
1248 2014 1331 2048 inque
1356 2021 1448 2041 rerutn
1475 2020 1572 2042 natura
1596 2016 1672 2042 inco—

888 2058 1017 2093 gnitum;
1049 2065 1079 2085 ac
1094 2057 1212 2092 denique
1236 2059 1348 2086 alternae
1379 2060 1455 2087 illius
1484 2062 1673 2089 communica-

31 2108 135 2135 ἕνωσιν
150 2108 318 2140 ἀντιδόσεως
329 2117 337 2124 ·
361 2108 391 2135 οὐ
411 2107 466 2143 γὰρ
490 2106 659 2143 διῃρημένας
676 2106 767 2142 φαμὲν
784 2106 815 2133 τὰ

905 2104 973 2132 ionis
985 2123 993 2137 ,
1008 2113 1069 2140 quae
1086 2113 1118 2133 ex
1135 2105 1268 2133 inell‘abili
1287 2105 1411 2132 unitione
1423 2105 1524 2136 oritur,
1542 2103 1676 2131 rationem

29 2154 194 2189 ἐνεργείας,
216 2153 278 2180 οὐδὲ
290 2153 462 2189 διῃρημένως
481 2152 646 2187 ἐνεργούσας
659 2151 707 2184 τὰς
727 2150 833 2187 φύσεις,

29 2200 258 2235 ἀλλ’ήνωμένως
278 2199 398 2233 ἐκάστην
415 2198 484 2234 μετὰ
496 2198 545 2232 τῆς
563 2198 677 2232 θατέρου
692 2198 835 2229 κοινωνίας

28 2245 212 2282 ἐνεργοῦσαν
224 2244 298 2271 τοῦθ’
310 2245 379 2280 ὅπερ
403 2244 469 2270 ῐδιον
494 2243 620 2278 ἔσχηκεν,
645 2242 715 2269 Οὔτε
734 2242 789 2279 γὰρ
801 2243 836 2269 τὰ

28 2292 210 2328 ἀνθρώπινα
249 2290 428 2326 ἀνθρωπίνως
456 2289 607 2325 ἐνήργησεν
618 2295 628 2303 ⁸
647 2288 677 2315 οὐ
690 2289 745 2324 γὰρ
760 2288 836 2323 ψιλὸς

29 2337 66 2375 ἦν
86 2339 262 2375 ἄνθρωπος·
284 2336 346 2364 οὔτε
365 2335 402 2363 τὰ
424 2336 486 2363 θεῖα
504 2335 576 2362 κατὰ
596 2334 663 2361 Θεὸν
685 2335 784 2370 μόνον’
805 2334 836 2361 οὐ

28 2386 86 2421 γὰρ
107 2383 148 2421 ἦν
166 2382 276 2418 γυμνὸς
305 2382 383 2414 Θεὸς,
403 2381 471 2409 ἀλλὰ
496 2381 563 2413 Θεὸς
580 2380 649 2416 ὁμοῦ
711 2379 840 2414 ὑπάρχων

28 2432 80 2458 καὶ
100 2431 268 2465 ἄνθρωπος.
285 2429 390 2464 ’Ὠσπερ
418 2428 473 2463 γὰρ
491 2427 546 2454 τῶν
576 2427 696 2462 φύσεων,
720 2425 768 2452 καὶ
789 2425 839 2461 τὴν

28 2479 149 2510 ἕνωσιν,
183 2476 234 2502 καὶ
262 2475 311 2510 τὴν
342 2475 460 2510 φυσικὴν
492 2474 624 2509 διαφορὰν
657 2471 839 2507 ἐπιστάμεθα,

28 2523 177 2551 οὕτωκαὶ
216 2521 272 2549 τῶν
300 2521 423 2557 φυσικῶν
449 2520 611 2556 θελημάτων
635 2527 666 2546 τε
692 2518 740 2545 καὶ
761 2518 841 2554 ἐνερ-

28 2572 133 2607 γειῶν.

73 2617 191 2645 ’ἰστέον
211 2614 368 2650 τοιγαροῦν,
384 2614 422 2646 ὡς
442 2613 489 2640 ἐπὶ
508 2611 556 2639 τοῦ
570 2611 674 2647 Κυρίου
689 2609 767 2646 ἡμῶν
791 2609 842 2645 Ἴη-

28 2666 80 2693 σοῦ
114 2662 261 2700 Χριστοῦ,
282 2661 347 2688 ποτὲ
373 2661 423 2697 μὲν
447 2660 484 2692 ὡς
502 2659 550 2686 ἐπὶ
575 2658 622 2685 δύο
673 2657 779 2692 φύσεων
797 2657 843 2683 τὸν

28 2713 118 2748 λόγον
134 2708 312 2744 ποιούμεθα,
332 2707 397 2734 ποτε
425 2706 454 2733 δὲ
468 2706 505 2737 ὡς
529 2706 572 2740 ἐφ’
596 2704 656 2736 ἐνὸς
682 2703 844 2739 προσώπου,

28 2760 81 2786 καὶ
97 2757 193 2785 τοῦτο
207 2754 236 2781 δέ
251 2754 362 2781 κάκεῖνο
373 2753 413 2784 εἰς
427 2751 491 2787 μίαν
503 2750 670 2786 ἀναφέρεται
685 2748 801 2776 ἔννοιαν·
816 2749 846 2775 αι

28 2806 90 2840 γὰρ
104 2803 161 2831 δύο
181 2801 279 2836 φύσεις
294 2798 335 2832 εἷς
356 2800 414 2827 ἐστι
432 2797 560 2833 Χριστὸς,
575 2796 624 2825 καὶ
644 2797 658 2824 ὁ
674 2793 715 2828 είς
728 2794 845 2832 Χριστὸς

889 2149 1034 2177 indicaret.
1064 2149 1122 2178 Non
1144 2151 1216 2178 enim
1239 2155 1286 2177 aut
1302 2150 1443 2184 sejunctas
1460 2149 1602 2180 actiones,
1631 2152 1677 2175 aut

890 2200 1005 2223 naturas
1020 2195 1130 2223 divisim
1152 2195 1260 2230 operari
1282 2195 1403 2222 dicimus
1416 2214 1424 2227 ,
1442 2195 1490 2221 sed
1508 2194 1678 2228 coniunctim

890 2244 1037 2275 utramque
1060 2248 1122 2268 cum
1151 2241 1265 2268 alterius
1290 2241 1484 2267 communione
1510 2239 1577 2266 illud
1605 2238 1678 2274 quod

891 2294 1009 2321 quaeque
1024 2287 1166 2322 proprium
1186 2287 1268 2314 habet
1282 2294 1377 2322 agere.
1432 2285 1527 2321 Neque
1540 2286 1613 2313 enim
1629 2285 1678 2312 hu-

893 2339 974 2360 ntana
991 2333 1152 2361 humanitus
1169 2332 1322 2365 elliriebat,
1340 2340 1402 2359 cum
1419 2340 1508 2368 purus
1525 2332 1608 2360 homo
1625 2339 1679 2359 non

892 2382 988 2411 esset;
1015 2387 1066 2406 nec
1082 2387 1179 2406 rursus
1195 2379 1288 2406 divina
1304 2379 1398 2406 divino
1420 2379 1557 2406 duntaxat
1581 2377 1679 2410 modo,

893 2424 1118 2460 quandoquidem
1134 2433 1188 2452 non
1205 2427 1294 2453 solum
1310 2424 1384 2452 Deus
1399 2429 1458 2452 erat
1469 2444 1476 2455 ,
1493 2424 1541 2451 sed
1555 2423 1628 2451 Deus
1643 2425 1679 2450 si-

895 2470 951 2498 mttl
966 2475 994 2498 et
1018 2471 1109 2498 homo.
1124 2471 1192 2498 Nant
1215 2472 1254 2498 uti
1273 2474 1434 2498 naturarunt
1456 2475 1513 2497 tum
1533 2470 1680 2502 unionem,

895 2520 952 2544 tum
972 2517 1123 2544 naturalem
1143 2517 1349 2544 distinctionem
1367 2516 1520 2549 habemus,
1543 2517 1579 2543 ita
1598 2516 1681 2543 etiam

896 2564 1062 2590 naturalium
1078 2564 1252 2591 voluntatum
1269 2568 1296 2591 et
1312 2564 1511 2598 opcralionmn.

932 2610 1072 2636 Aelianum
1086 2609 1185 2636 Christi
1199 2610 1302 2636 alterna
1317 2609 1530 2636 communicatio.
1545 2623 1579 2629 —
1589 2607 1682 2643 Itaque

897 2656 1040 2684 sciendum
1056 2661 1116 2687 est,
1133 2656 1161 2683 in
1177 2655 1292 2683 Domino
1310 2660 1408 2683 nostro
1424 2654 1487 2683 Jesu
1506 2654 1619 2682 Christo
1634 2663 1684 2683 nos

897 2702 1035 2729 interdum
1048 2721 1055 2734 ,
1078 2706 1209 2737 tanquam
1230 2701 1264 2729 de
1278 2701 1386 2729 duabus
1404 2702 1513 2728 naturis
1528 2709 1684 2728 sermonem

896 2747 1017 2778 habere.
1038 2747 1177 2775 interdum
1196 2753 1326 2782 tattquam
1344 2746 1378 2774 de
1402 2755 1455 2773 ttna
1481 2754 1619 2782 persona:
1644 2751 1683 2774 at-

897 2801 951 2829 que
965 2794 1018 2821 hoc
1031 2797 1059 2822 et
1072 2792 1141 2821 illud
1155 2792 1189 2820 ad
1203 2792 1332 2820 eumdem
1348 2799 1459 2820 sensum
1474 2792 1602 2820 refertur.
1617 2791 1684 2819 Nam
