1874 3076
35 123 89 156 1161

489 115 681 147 PANOPLIA
701 113 970 145 DOGMATICA.—
989 113 1062 144 TIT.
1081 112 1161 144 XXI.

1577 109 1643 141 ili"!

31 179 73 207 τοῦ
85 187 111 205 τε
126 176 272 212 θελήματος
280 175 329 202 καὶ
343 173 393 207 τῆς
409 173 550 209 ἐνεργείας
559 173 591 198 ἐκ
603 172 651 207 τῆς
667 171 799 206 διαφορᾶς

881 170 1003 197 tlnntatis
1037 174 1065 198 et.
1094 168 1211 197 actionis
1245 167 1426 195 diil'erentiam
1445 175 1478 195 ex
1514 167 1642 194 dilicren-

30 227 77 253 τῶν
92 225 190 259 φύσεων
205 222 386 257 γνωρίζομεν·
401 217 438 247 ὧν
452 220 506 254 γὰρ
521 220 538 254 ὴ
551 218 620 254 αὑτὴ
632 219 725 253 φύσις,
740 217 799 244 τού-

29 281 76 299 των
89 271 131 298 καὶ
145 271 160 305 ἡ
178 269 246 303 αὑτὴ
264 268 384 303 θέλησις,
401 267 450 293 καὶ
465 266 601 301 ἐνέργεια.
631 262 682 291 Ὧν
700 264 728 291 δὲ
743 264 799 290 διά-

30 325 101 352 φορος
115 317 131 351 ἡ
147 315 236 350 φύσις,
250 313 355 340 τούτων
374 313 505 347 διάφορος
530 312 578 338 καὶ
606 311 730 346 θέλησις,
750 311 798 336 καὶ

30 361 263 398 ἐνέργεια.Φυσικὰ
277 361 317 392 δὲ,
331 359 378 387 καὶ
389 360 437 394 οὐχ
454 357 635 390 ὑποστατικὰ,
648 357 707 383 οὐδὲ
718 365 800 391 προσ-

30 409 110 435 ωπικὰ
123 408 180 434 οὐδὲ
194 407 322 442 γνωμικά
339 414 431 441 φαμεν
440 405 520 431 ταυτὶ
532 404 565 430 τὰ
583 403 724 438 θελήματα
753 403 800 429 καὶ

27 456 71 486 τὰς
82 453 226 489 ἐνεργείας.
242 452 321 486 Λέγω
332 451 360 478 δὲ
374 451 438 486 μίαν
459 450 507 485 τὴν
524 449 671 484 θελητικήν
696 457 725 474 τε
752 449 800 474 καὶ

28 502 193 536 ὲνεργητικὴν
203 498 330 533 δύναμιν,
343 497 390 524 ἐπὶ
403 497 452 531 μὲν
464 497 512 530 τῆς
524 495 604 530 ἁγίας
619 493 745 530 Τριάδος,
758 494 800 521 ἵνα

28 548 60 582 μὴ
82 546 243 583 ὲτεροθελεῖς
257 545 302 571 καὶ
319 544 519 578 ἑτεροενεργεῐς
531 542 580 573 τὰς
595 542 670 577 τρεῖς
683 541 801 568 ὑποστά-

27 601 76 623 dit;
103 592 188 618 εἰπεῖν
203 589 433 624 ἀναγκασθῶμεν,
457 589 506 615 sui.
520 588 549 614 δὲ
564 588 613 623 τῆς
631 587 707 618 θείας
723 587 801 613 ἐναν-

27 638 183 673 θρωπήσεως
197 635 306 670 διπλῆν,
322 635 367 661 ἵνα
379 634 417 669 μὴ
432 632 665 668 ἐτερῖῡπόστατον
676 632 706 659 τὸ
715 633 802 666 πράσα

30 684 118 718 λημμα
145 682 237 716 λέγειν
252 681 383 715 δόξωμεν,
401 681 449 706 καὶ
466 679 514 706 δύο
536 678 802 713 συνομολογήσωμεν

26 729 178 760 ὑποστάσεις
191 729 221 755 ιν
233 728 272 763 τῷ
289 728 328 754 ἐνὶ
342 726 464 762 Χριστῷ.
482 726 518 752 Τὸ
533 725 587 761 γὰρ
602 725 802 758 ὑποστατικδν,

24 776 38 810 ἠ
48 773 249 810 apostematva
262 772 397 808 γνωμικὸν
405 772 512 807 Θέλημα
520 771 721 798 ἱδιοῦποστάτου
731 771 804 796 ὲστ“.ν

26 822 128 856 ἀτόμου.
143 821 173 847 '0
183 821 211 847 δὲ
218 820 304 854 Λόγος
319 819 368 846 καὶ
382 818 448 850 Θεὸς
465 817 546 852 φύσιν
564 818 614 852 μὲν
631 817 738 843 τελείαν
755 818 802 843 ἀν-

854 218 890 245 tia
907 217 1060 253 colligimus
1075 221 1244 244 naturarum.
1261 214 1382 248 Quorum
1404 215 1476 241 enini
1512 222 1566 241 una
1596 218 1640 240 est

854 269 962 296 natura,
986 270 1078 291 eorum
1099 269 1151 289 una
1169 266 1212 289 est
1239 266 1267 288 et
1297 260 1422 288 voluntas
1450 265 1475 287 et
1504 259 1576 287 actio
1593 265 1640 292 ;ct

854 316 968 343 quorum
987 314 1029 336 est
1048 312 1144 336 natura
1159 308 1278 340 diversa,
1294 314 1387 334 eortttn
1407 311 1434 333 et
1458 305 1586 332 voluntas
1613 311 1641 331 et

853 355 925 382 actio
941 355 1047 382 diversa
1066 359 1118 381 est.
1147 352 1309 380 Voluntates
1333 357 1423 378 autem
1457 355 1485 377 et
1518 351 1640 377 actiones

857 410 909 429 non
924 402 956 429 ad
975 401 1157 437 hypostasitu,
1175 405 1222 426 aut
1237 407 1393 433 personant.
1425 405 1571 426 sensumve
1599 405 1641 424 re-

856 448 978 476 ferimus.
992 448 1079 475 Uuam
1095 455 1158 475 vero
1172 447 1198 474 in
1214 452 1309 475 sancta
1326 445 1460 473 Trinitate
1472 445 1642 472 voluntatem

853 496 880 519 et
899 491 1033 519 actionem
1053 491 1124 523 dico,
1147 498 1181 517 ne
1197 497 1327 523 cogi-mur
1347 489 1437 516 dicere
1450 492 1504 515 tres
1517 494 1646 522 personas

855 537 963 565 diversa
981 536 1049 564 velle
1075 541 1155 570 atque
1167 543 1261 571 agere;
1280 535 1414 569 duplicetn
1430 539 1520 561 autem
1534 533 1561 561 in
1579 533 1647 560 divi-

856 591 889 610 na
906 582 1081 610 humanitatis
1108 581 1304 616 assumptione,
1335 588 1369 608 ne
1397 581 1520 608 diversas
1538 580 1565 607 in
1591 587 1646 606 υειο

855 628 1137 663 Christohypostases
1157 631 1184 654 et
1204 633 1337 660 personas
1357 628 1424 654 duas
1453 627 1644 654 conﬁteantur.

858 673 988 700 Voluntas
1000 673 1084 704 enim.
1099 680 1159 706 qua:
1181 672 1214 699 ad
1240 672 1419 707 hypostasim,
1448 676 1476 699 et
1498 679 1646 707 personati.

857 726 1022 754 sensumque
1035 719 1161 752 refertur,
1177 719 1286 753 propria
1308 723 1351 746 est.
1377 718 1491 752 subjecti
1503 719 1645 746 individui.

861 764 980 792 Verbum
999 770 1131 792 autemet
1159 764 1233 792 Deus
1252 769 1375 792 naturam
1391 765 1502 799 quidem
1528 766 1647 794 hominis

858 811 1006 846 perfectam
1022 811 1189 846 assumpsit,
1218 810 1267 839 sed
1282 811 1306 838 ei
1323 811 1380 845 ipse
1400 819 1515 846 persona
1534 811 1595 840 fuit.
1610 813 1646 840 At

24 853 125 902 θρωπου
144 853 342 902 προσελάὸετο,
361 865 512 895 ὑπόστασις
540 864 571 890 δὲ
592 863 673 895 αὐτὸς
692 863 801 898 ἐγένετο

881 858 1085 886 aemadmodum
1098 862 1240 889 assumpta
1257 857 1414 886 humanitas
1429 858 1468 886 sic
1495 859 1580 886 evasit
1595 859 1643 886 di-

24 913 56 948 ’ςῷ
77 913 285 948 προσλήμματι.
316 911 451 946 Καθάπερ
472 910 501 937 δὲ
525 910 556 937 τὸ
579 910 728 945 πρόϐλημα
755 909 802 935 καὶ

24 961 155 992 τεθὲὼται,
175 960 223 987 καὶ
252 957 403 994 μεταὸολὴν
417 958 447 984 οὐ
464 956 583 983 πέπονθε
600 956 649 991 τῆς
668 955 735 987 ιδίας
750 955 802 989 φύ-

24 1014 94 1038 σεως·
123 1005 197 1032 οὕτω
221 1005 268 1032 καὶ
282 1004 314 1031 τὺ
330 1003 438 1038 θέλημα
464 1004 510 1030 καὶ
531 1003 547 1038 ἡ
562 1001 690 1037 ἐνέργεια
706 1000 801 1027 τούτου

24 1052 63 1079 καὶ
80 1051 238 1085 τεθέωνται,
252 1050 300 1078 καὶ
315 1049 369 1077 τῶν
390 1049 462 1076 ίδίων
482 1048 531 1076 οὐκ
545 1049 696 1083 ἐξέστησαν
717 1049 801 1084 ὅρων.

55 1121 135 1148 Ἀλλο
157 1120 271 1156 θέλησις
294 1116 424 1154 κυρίως,’
438 1117 486 1144 καὶ
515 1116 579 1144 ἄλλο
602 1115 742 1152 βούλησις,
756 1116 803 1142 καὶ

24 1168 76 1195 illo
92 1168 218 1203 θελητὸν,
234 1167 282 1194 καὶ
293 1166 358 1193 ἄλλο
373 1163 530 1199 θελητικὺν,
553 1162 601 1189 καὶ
621 1163 716 1197 ἕτερον
729 1162 743 1188 ὁ
757 1161 802 1187 θὲ-

24 1216 77 1241 ιων.
93 1214 213 1250 Θὲληιιις
228 1213 277 1248 μὲν
288 1211 343 1247 γὰρ
359 1210 435 1246 ὴτοῦ
461 1209 554 1240 ἁπλῶς
571 1208 658 1235 θέλειν
675 1208 803 1240 δύναμις,

24 1262 82 1296 imp
101 1261 162 1287 ἐστὶ
187 1259 296 1294 φύσεως
322 1257 370 1284 καὶ
401 1255 556 1283 καθολικὸν.
577 1253 696 1289 Θελητδν
717 1253 746 1280 δὲ
771 1254 804 1279 τὺ

858 905 933 936 vina,
950 909 978 930 ut
990 903 1106 938 propriae
1116 908 1219 931 natura:
1233 911 1286 931 non
1301 905 1418 932 senserit
1446 905 1622 933 mutationem
1635 914 1643 933 :

857 951 896 978 sic
917 951 976 986 ejus
990 956 1018 978 et
1032 951 1158 978 voluntas
1171 955 1198 979 et
1210 952 1330 979 actioita
1359 957 1508 980 evaserunt
1532 953 1644 987 divinat.

859 1002 913 1024 uta
933 997 1051 1033 propriis
1077 997 1202 1025 terminis
1222 1006 1275 1026 tton
1292 999 1469 1029 recesserint.

892 1111 973 1139 Aliud
988 1114 1030 1138 est
1042 1110 1216 1143 voluntas,et
1243 1110 1318 1138 aliud
1346 1115 1389 1138 est
1420 1111 1592 1145 deliberatio,
1617 1117 1645 1140 et

858 1157 931 1185 aliud
944 1161 986 1184 est
1003 1163 1058 1189 res,
1078 1163 1164 1190 quam
1181 1155 1283 1192 aliquid
1305 1157 1371 1190 vult,
1383 1161 1411 1184 et
1426 1157 1463 1190 id,
1477 1159 1550 1192 quod
1576 1160 1644 1190 vult,

857 1208 886 1231 et
901 1204 923 1230 is
937 1202 1062 1237 quivult.
1093 1202 1225 1230 Voluntas
1244 1203 1315 1230 enim
1337 1202 1496 1237 simpliciter
1523 1209 1564 1231 est
1596 1212 1644 1232 vo-

858 1250 929 1277 lendi
950 1250 1000 1282 vis,
1018 1257 1077 1284 Quae
1090 1254 1193 1276 naturae
1203 1254 1244 1276 est
1267 1254 1294 1276 et
1305 1250 1466 1276 communis.
1480 1250 1644 1277 Deliberatio

24 1309 48 1342 ιῇ
65 1295 177 1342 θελήσει
204 1304 360 1332 ὑποπίπτον
387 1303 515 1338 πρᾶγμα.
545 1300 692 1335 Θελητιχδν
717 1296 747 1326 8‘s
775 1300 801 1325 τὸ

881 1301 948 1322 utetn
966 1301 1009 1323 est
1026 1295 1085 1323 talis
1114 1299 1141 1322 et
1156 1295 1219 1322 talis
1233 1295 1369 1328 voluntas,
1386 1300 1414 1323 et
1436 1296 1470 1323 ad
1500 1304 1643 1331 personam

24 1355 73 1387 ὶχον
95 1353 146 1388 τὴν
173 1350 320 1387 θελητικὴν
333 1349 459 1384 δύναμιν,
491 1345 547 1374 οἷον
562 1347 575 1373 ὁ
590 1346 684 1378 ἁπλῶς
696 1345 803 1382 ἀνθρω-

24 1406 74 1428 τος.
89 1398 187 1424 Θέλων
213 1396 242 1423 δὲ
258 1396 272 1422 ὁ
285 1393 387 1422 τοιόσδε
403 1392 558 1428 ἄνθρωπος,
576 1393 589 1417 ό
605 1392 747 1427 χρώμενος
770 1391 803 1425 τῇ

24 1444 101 1479 ;οιᾷδε
121 1443 245 1478 θελήσει.

51 1589 85 1616 'H
97 1589 223 1624 θέλησις,
233 1589 318 1624 ἤγουν
329 1588 360 1614 τὸ
369 1587 488 1622 θέλημα,
497 1585 562 1612 ποτὲ
578 1585 627 1619 μὲν
642 1584 689 1620 τὴν
697 1584 805 1619 θελητι-

24 1635 62 1671 ιὴν
78 1636 201 1671 δύναμιν
213 1635 302 1670 δηλοῖ,
334 1634 382 1661 καὶ
408 1633 517 1667 λέγεται
544 1632 652 1666 θέλημα
691 1630 807 1664 φυσικὸν

24 1683 58 1708 ιαὶ
75 1681 236 1709 καθολικόν·
263 1681 329 1707 ποτε
352 1680 381 1706 δὲ
404 1679 435 1706 τὸ
461 1678 585 1714 θελητὺν,
610 1678 658 1704 καὶ
683 1677 806 1704 καλεῖται

26 1728 116 1764 ελημα
131 1727 276 1764 τνωμικόν
286 1735 316 1754 τε
335 1727 382 1754 καὶ
397 1726 492 1753 ιδικὸν.

52 1797 119 1824 Ἐπὶ
137 1798 191 1832 μὲν
201 1796 256 1824 τῶν
270 1795 421 1831 ἀνθρώπων
439 1793 487 1830 μία
507 1793 558 1829 μὲν
575 1795 592 1829 ἡ
608 1793 710 1828 φυσικὴ
729 1792 807 1826 θέλη-

27 1852 64 1875 ις,
81 1844 156 1870 διότι
190 1843 238 1870 καὶ
251 1842 302 1878 μία.
321 1841 424 1868 τούτων
446 1843 462 1875 ἠ
480 1840 570 1875 φύσις·
595 1839 691 1866 πολλαὶ
714 1839 742 1864 δὲ
760 1838 807 1864 καὶ

24 1891 136 1925 ιάφοροι
152 1890 182 1917 αἱ
194 1889 343 1924 γνωμικαὶ,
359 1888 449 1914 είτουν
467 1886 657 1914 ὑποστατικαί·
675 1885 742 1912 διότι
759 1885 807 1911 καὶ

24 1937 111 1964 mihi
143 1937 193 1962 καὶ
217 1936 341 1970 διάφοροι
357 1934 459 1961 τούτων
474 1934 502 1960 αἱ
530 1933 692 1963 ὑποστάσεις
715 1932 762 1958 καὶ
776 1932 804 1958 αἱ

26 1982 136 2018 νῶμαι·
158 1982 205 2008 ἐπὶ
217 1982 246 2008 δὲ
260 1981 308 2008 τοῦ
323 1981 452 2016 Χριστοῦ,
463 1979 557 2015 ἐπειδὴ
576 1979 626 2014 μὲν
639 1979 762 2012 διάφοροι
777 1978 805 2004 αἱ

27 2032 110 2062 ὐσεις
140 2031 193 2065 τῆς
212 2038 241 2056 τε
259 2029 386 2064 θεότητος
409 2027 491 2055 αὑτοῦ
513 2029 559 2054 καὶ
586 2027 805 2062 ἀνθρωπότητπ,

24 2077 142 2112 ιὰφοροι
161 2076 209 2102 καὶ
223 2075 251 2102 αι
275 2074 390 2110 φυσικαὶ
401 2073 527 2107 θελήσεις
547 2071 648 2098 αὐτῶνθ
667 2071 762 2106 ἐπειδὴ
778 2070 807 2096 δὲ

24 2124 60 2150 ,Ξα
79 2123 196 2149 τούτων
211 2122 228 2156 ἡ
245 2121 405 2151 ὑπόστασις·
423 2119 471 2146 καὶ
482 2116 522 2150 εἷς
535 2119 549 2145 ὁ
564 2117 660 2149 θέλων,
673 2117 701 2143 ἓν
714 2118 762 2143 καὶ
777 2116 808 2142 τὸ

24 2170 121 2205 ἐλημα.
137 2167 256 2200 τούτων,
286 2167 334 2195 ἅτε
351 2166 397 2194 τοῦ
418 2165 573 2201 κρείττονος
601 2164 805 2198 ὲκνικήσαντος,

859 1343 988 1375 refertur,
1015 1348 1042 1369 et
1061 1342 1208 1376 singuiaris
1234 1347 1285 1369 esl.
1302 1341 1356 1370 Res
1374 1349 1462 1370 autem
1488 1351 1568 1378 quam
1594 1343 1645 1370 ali-

858 1388 924 1423 quid
937 1390 1006 1421 vult,
1023 1393 1065 1416 est
1083 1388 1215 1416 voluntati
1229 1388 1361 1422 subjecta;
1379 1389 1406 1416 id
1425 1390 1564 1424 veroqnod
1576 1391 1645 1421 vult,

858 1441 899 1463 cst
914 1434 986 1469 quod
999 1434 1080 1461 habet
1096 1433 1200 1462 volendi
1218 1434 1386 1468 facultatem,
1419 1435 1534 1470 exempli
1558 1436 1646 1471 gratia

859 1481 953 1508 homo.
967 1484 991 1508 ts
1007 1488 1099 1515 porro,
1115 1482 1162 1516 qui
1184 1481 1241 1508 vult
1262 1486 1302 1508 est
1320 1481 1418 1516 aliquis
1448 1481 1529 1510 homo
1551 1484 1650 1520 singui1

818 1530 842 1561 ο,
860 1526 934 1560 laris,
955 1526 1003 1561 qui
1018 1526 1109 1561 aliqua
1125 1526 1255 1561 singulari
1270 1527 1355 1554 utitur
1390 1527 1538 1555 voluntate.

894 1593 1026 1622 Voluntas
1043 1594 1188 1628 aliquando
1207 1594 1341 1628 significat
1356 1595 1462 1622 volendi
1477 1595 1646 1629 facultatem,

859 1645 887 1667 et
913 1640 1012 1667 dicitur
1035 1639 1160 1667 voluntas
1186 1640 1318 1667 naturalis
1354 1644 1381 1667 et
1397 1641 1648 1676 universalis;ali-

859 1687 968 1722 quando
993 1692 1084 1712 autem
1101 1685 1139 1718 id,
1157 1685 1229 1720 quod
1247 1685 1381 1720 volumus,
1405 1691 1433 1714 et
1443 1687 1569 1716 voluntas
1580 1696 1648 1722 sena

859 1732 951 1760 tentia:
967 1737 1048 1767 atqtte
1077 1731 1225 1766 singularis
1239 1732 1401 1766 appeilatur.

895 1800 954 1827 Una
977 1800 1004 1826 in
1027 1798 1186 1827 hominibus
1211 1800 1336 1827 voluntas
1357 1805 1396 1827 est
1422 1802 1562 1835 naturalis,
1580 1811 1648 1838 quo-

860 1847 934 1873 niam
950 1847 1047 1874 horum
1060 1853 1113 1872 una
1134 1846 1199 1872 item
1216 1850 1258 1873 est
1274 1850 1382 1874 natura.
1403 1847 1492 1875 Multae
1507 1854 1598 1878 antem
1615 1857 1646 1878 et

859 1893 974 1919 diversae
993 1892 1144 1923 sententiae,
1160 1892 1287 1926 quoniam
1310 1893 1401 1920 multm
1421 1901 1484 1922 sunt
1500 1895 1582 1923 etiam
1600 1904 1647 1924 va-

859 1939 959 1973 rimque
977 1944 1107 1972 personae.
1121 1938 1156 1964 At
1187 1937 1213 1964 in
1241 1937 1350 1966 Christo
1367 1940 1428 1974 quia
1456 1943 1570 1969 diversae
1599 1934 1650 1970 na—‘

861 1990 926 2012 turre
944 1987 1008 2011 sunt
1020 1983 1169 2011 divinitatis
1182 1988 1209 2011 et
1226 1984 1402 2013 humanitatis
1422 1986 1517 2021 ipsius,
1532 1988 1646 2017 diversae

859 2035 922 2056 sunt
951 2030 1034 2056 etiam
1064 2030 1201 2057 naturales
1226 2037 1319 2057 earutn
1348 2032 1512 2060 voluntates.
1549 2033 1645 2062 Verum

858 2075 921 2109 quia
937 2081 988 2100 una
1011 2078 1053 2101 est
1066 2073 1173 2100 illarum
1198 2081 1323 2109 persona,
1345 2080 1373 2102 et
1406 2083 1474 2104 unus
1507 2077 1552 2112 qui
1580 2078 1646 2109 vult.

860 2128 912 2148 una
942 2120 1022 2147 etiam
1034 2119 1156 2147 voluntas
1171 2124 1252 2154 atque
1267 2122 1399 2149 sententia
1428 2128 1480 2154 est,
1505 2131 1565 2150 emn
1600 2125 1644 2152 illa

859 2173 920 2200 quae
933 2164 1106 2200 praestantior
1120 2170 1162 2191 est
1185 2165 1278 2192 vincat
1299 2171 1326 2193 et
1340 2167 1507 2201 dominetur,
1528 2170 1645 2197 humana

24 2225 95 2249 γουν
127 2215 274 2251 ἄρχοντος,
303 2214 351 2240 καὶ
377 2211 424 2239 τοῦ
454 2211 624 2246 ἀνθρωπίνου
656 2210 801 2246 θελήματοε

881 2217 949 2240 atem
970 2212 1098 2240 voluntas
1125 2212 1245 2239 divinam
1278 2218 1418 2247 sequatur,
1453 2219 1479 2241 et
1512 2223 1544 2242 ea
1583 2217 1647 2244 vc“

24 2263 153 2299 ’τωμένου
171 2262 211 2297 τῷ
226 2260 301 2295 θείῳ,
330 2260 378 2287 καὶ
403 2258 492 2285 ταῦτα
516 2257 653 2289 θέλοντος,
670 2256 688 2283 ἃ.
720 2258 807 2282 ἐκεῖνο

24 2309 93 2336 ίλει.

44 2365 118 2392 Ἐπὶ
135 2363 208 2391 Θεοῦ
225 2363 333 2400 θέλησιν
347 2363 397 2399 μὲν
412 2364 538 2400 λέγομεν,
565 2362 612 2389 καὶ
626 2361 734 2398 βουλὴν,
748 2362 807 2396 ἤτοι

24 2412 164 2446 ὠλησιν,
191 2410 304 2445 γνώμην
330 2410 358 2437 δὲ
397 2411 414 2446 ἢ
437 2411 597 2446 προαίρεσιν
625 2409 655 2436 οὐ
679 2408 806 2442 λέγομεν.

24 2459 110 2493 κώμη
127 2456 185 2492 μὲν
198 2456 252 2491 γὰρ
277 2456 373 2491 ἡμετᾰ
391 2456 441 2492 τὴν
459 2456 524 2491 περὶ
547 2455 593 2482 τοῦ
623 2455 806 2490 ἀγνθουμένου

24 2511 127 2539 ίτησιν
155 2501 204 2527 καὶ
219 2501 308 2536 κρίσιν
321 2501 390 2537 πρὸς
404 2501 433 2528 τὸ
448 2501 543 2536 κριθὲν
559 2500 690 2532 διάθεσις,
703 2499 806 2534 μεθ’ἢν

24 2547 211 2585 προαίρεσις
241 2545 410 2581 ὲκλεγομένη
435 2546 482 2573 καὶ
499 2545 650 2580 αἱρουμένη
678 2543 732 2577 πρὸ
747 2543 807 2569 ers-

26 2604 46 2621 υ
64 2594 103 2620 τδ
123 2593 238 2627 ἕτερον.
267 2590 296 2617 '0
307 2590 336 2618 δὲ
352 2591 418 2623 Θεὸς
443 2591 570 2626 ἀνενδεὴς
596 2590 646 2617 καὶ
671 2589 806 2624 σκέψεως,

24 2641 42 2668 ﬁt
81 2638 241 2674 ζητήσεως
260 2656 268 2670 ,
306 2635 353 2663 καὶ
388 2637 504 2672 ἐκλογῆς
521 2658 528 2670 ,
562 2637 649 2664 πάντα
685 2635 807 2670 φυσικῶς

24 2688 94 2719 εὼς.

24 2746 80 2772 Διὸ
100 2741 175 2770 οὐδὲ
188 2742 295 2778 βουλὴν,
316 2742 376 2778 ἢτοι
389 2741 542 2776 βούλευσιν,
559 2740 605 2767 ἐπὶ
620 2740 687 2768 Θεοῦ
705 2749 806 2776 φαμεν,

36 2791 98 2818 καὶ
136 2787 391 2823 ἁνθρωποπρεπῶς
419 2787 615 2822 βουλευόμενον
643 2787 807 2823 πολλάκιςὴ

24 2840 51 2866 ἴα
77 2837 103 2864 Γ
106 2835 196 2872 ραφὴ
220 2834 314 2861 τοῦτον
340 2834 505 2868 ὑπογράφει*
539 2833 713 2869 Ποιήσωμεν
741 2834 806 2870 γὰρ,

159 2883 295 2914 Pareat.
314 2882 375 2915 GR.
393 2882 515 2915 CXXX.

859 2267 920 2294 qua:
937 2259 1036 2286 divinre
1057 2259 1164 2293 placent
1188 2258 1330 2286 voluntati.

894 2363 1066 2390 Voluntatem
1088 2361 1115 2389 in
1137 2362 1191 2390 Deo
1207 2362 1332 2393 dicimus.
1354 2365 1516 2391 sententiam
1554 2370 1644 2393 autent

859 2414 905 2437 aut
936 2409 1093 2437 electionem
1111 2415 1162 2436 non
1185 2409 1310 2436 dicimus.
1332 2409 1472 2438 Sententia
1505 2412 1578 2438 enim
1606 2417 1648 2440 est

858 2459 920 2490 post.
949 2455 986 2482 rei
1014 2455 1144 2489 ignoratae
1177 2455 1354 2489 quaestionem
1395 2461 1475 2490 atque
1501 2457 1645 2491 judicium,

859 2501 965 2528 aﬂectio
980 2509 1044 2536 erga
1061 2501 1208 2535 illudquod
1223 2500 1375 2535 juiieatum
1406 2508 1459 2536 est,
1484 2510 1565 2536 quant
1601 2510 1648 2530 se—

859 2545 953 2581 quitur
969 2546 1078 2577 elcctio,
1090 2553 1150 2579 qua:
1166 2545 1287 2573 secetnit
1317 2550 1342 2573 et
1359 2553 1443 2573 unum
1464 2547 1540 2574 alteri
1570 2551 1648 2574 ante-

859 2594 943 2628 ponit.
964 2593 1017 2619 Deo
1033 2598 1122 2618 autent
1138 2599 1191 2619 non
1207 2596 1249 2619 est
1278 2599 1347 2627 opus
1362 2597 1392 2619 ut
1418 2593 1582 2624 consideret,
1600 2599 1648 2620 aut

858 2638 988 2673 iuqnirat,
1004 2642 1049 2665 aut
1065 2638 1156 2672 eligat,
1170 2645 1232 2664 cttm
1261 2637 1352 2665 omnia
1380 2637 1449 2665 sciat
1476 2638 1646 2665 naturaliter.

895 2740 1075 2772 Quamooretn
1092 2745 1141 2765 nec
1168 2738 1395 2766 consultationem
1435 2739 1461 2766 iu
1493 2739 1546 2766 Deo
1570 2739 1649 2774 poni-

859 2793 929 2817 mus.
951 2785 1014 2812 licet
1029 2791 1089 2811 eum
1102 2792 1172 2819 smpe
1185 2785 1331 2820 Scriptura:
1349 2785 1468 2812 humano
1485 2793 1562 2813 more
1582 2793 1649 2813 con--

860 2833 992 2863 suleutem
1021 2832 1174 2860 describant
1193 2841 1200 2859 :
1218 2832 1360 2860 Faciamus
1375 2833 1457 2865 enim.
1476 2833 1574 2870 inquit,
1603 2834 1649 2861 Ito-
