1874 3076
71 132 132 165 1165

492 132 678 163 PANOPLIA
699 129 928 162 DOGMATICA.
949 142 983 148 -
1001 129 1074 160 ΤΙΤ.
1096 126 1194 162 XXII.

1608 129 1676 164 1166

67 193 111 220 τοῦ
121 193 306 227 ὲντυπουμένου
321 191 351 218 τδ
361 189 430 224 εἶδος
444 192 488 218 διὰ
506 191 556 225 τῆς
568 190 719 226 ὲμφερείας
736 191 834 216 ἐναπο-

933 195 944 214 s
960 187 1074 215 formam
1096 195 1144 222 per
1160 187 1275 221 effigiem
1292 193 1447 222 expressam
1459 187 1486 214 in
1497 194 1526 215 se
1543 188 1675 222 continet,

69 239 215 275 ματτομένη,
229 238 268 273 τῷ
280 238 403 274 διαφόρῳ
416 239 466 273 τῆς
483 238 578 269 οὐσίας
602 237 676 264 κατὰ.
700 236 750 272 τὴν
765 236 833 270 ὕλην

70 285 144 319 μόνον
167 283 392 318 παραλλάταουσα
410 291 417 298 ·
435 284 451 318 ἢ
466 284 581 318 μίμησις
596 281 763 318 ἀρχετύπου,
791 281 838 307 καὶ

67 329 248 364 ἁπείκασμα,ἥ
264 329 362 364 τέχνης
375 329 551 363 ἀποτέλεσμα
570 328 642 355 κατὰ
658 327 775 363 μίμησιν
791 327 837 353 τοῦ

66 375 203 412 ἀρχετύπου
217 375 435 411 εἰδοποιούμενον
451 377 484 410 τῇ
497 375 576 410 οὐσία
588 373 728 409 διαφέρον.

101 422 288 457 Εἰκὼνλέγεται
296 422 372 457 παρὰ
379 422 409 449 τὸ
417 422 546 449 ἐοικέναι.
557 421 638 448 Ἀλὶο
648 420 748 455 φυσικὴ
755 419 839 446 εἰκὼ-ι

69 468 173 495 καὶᾶλλο
181 467 351 503 μιμητικήοή
363 467 413 502 μὲν
423 468 452 494 οὺ
465 467 584 502 φυσικὴν
594 466 727 501 διαφορὰν
739 465 838 500 ἔχουσα

71 514 134 549 πρὸς
145 513 171 540 τὸ
187 513 285 546 αἴτιον,
299 512 564 547 ἀλλ’ὑποστατικὴν,
573 512 630 543 ὡςό
640 512 704 543 Υἱὸς
715 511 782 546 πρὸς
795 511 841 536 τὸν

66 561 180 595 Πατέρα·
195 559 245 595 μία
260 559 310 594 μὲν
321 559 377 594 γὰρ
402 558 505 586 τούτων
514 558 606 592 φύσις,
617 558 664 584 δύο
677 557 705 583 δὲ
720 556 839 583 ὑποστά-

66 617 122 640 σεις
137 617 143 623 ·
161 608 174 642 ἠ
189 607 216 634 δὲ
242 606 398 633 τούναντίον
427 606 477 641 οὐχ
500 603 684 638 ὕποστατικὴν
707 602 837 638 διαφορὰν

65 656 156 690 ἔχουσα
167 654 230 689 πρὸς
246 653 277 679 τὸ
291 653 457 688 ἀρχέτυπον,
471 651 541 678 ἀλλὰ
563 651 693 686 φυσικὴν,
720 649 758 681 ὡς
770 650 787 684 ἡ
800 649 839 675 εἰ-

65 702 120 727 κὼν
131 700 171 727 τοῦ
187 698 307 735 Χριστοῦ
324 698 395 733 πρὸς
408 698 455 724 τὸν
469 697 600 733 Χριστόν.
628 697 685 724 Μία
722 697 771 732 μὲν
785 696 838 730 γὰρ

63 747 160 774 τούτων
175 747 333 777 ὑπόστασις,
352 745 398 771 δύο
412 744 441 771 δὲ
454 744 558 780 φύσεις.
584 743 670 779 ’Ἄλλη
685 743 740 777 γὰρ
759 742 840 778 φύσις

63 792 231 829 ὺλογραφῐας,
245 791 293 818 καὶ
312 791 381 826 ἄλλη
409 789 533 825 Χριστοῦ
560 789 632 816 κατὰ
650 789 680 817 eo
699 787 838 824 ἀνθρώπι-

63 848 118 871 νον,
130 838 184 865 καθ’
197 838 212 865 ὃ
230 837 278 864 καὶ
292 837 508 872 περιγράφεται,
539 835 586 862 καὶ
602 835 756 871 ἀρχέτυπον
769 834 841 861 εἰκό-

63 894 107 916 νος
120 884 282 911 καθίσταται.
305 883 367 909 Ἐπί
397 882 447 917 μὲν
476 881 527 916 τῆς
557 881 711 916 μιμητικῆς
737 880 841 911 εἰκόνος

63 932 132 958 κατὰ
139 931 183 965 τὴν
195 930 278 963 ἰδέαν,
293 929 352 965 ἦτοι
370 929 476 964 μορφὴν
490 930 506 963 ἡ
528 927 671 963 ὁμοίωσις·
686 927 733 953 ἐπὶ
751 926 780 953 δὲ
792 926 843 960 τῆς

63 977 176 1012 φυσικῆς
184 977 254 1003 κατὰ
266 977 315 1011 τὴν
330 975 437 1008 οὐσίαν,
449 975 508 1010 ἦτοι
531 974 645 1008 θεότητα
657 973 674 1008 ἡ
686 972 821 1006 ταυτότης
833 978 841 986 ”

62 1024 111 1050 καὶ
125 1024 167 1049 ἐπὶ
191 1022 240 1057 μὲν
257 1022 307 1057 τῆς
332 1022 462 1056 φυσικῆς,
491 1020 559 1046 διότι
585 1019 636 1055 μία
663 1018 748 1054 φύσις
774 1017 842 1044 Υἰοῦ

61 1069 109 1096 καὶ
129 1067 238 1103 Πατρός,
260 1067 305 1095 διὰ
327 1066 406 1093 τοῦτο
432 1074 483 1101 μια
507 1066 555 1093 καὶ
574 1065 759 1101 προσκύνησις
780 1063 844 1090 τού-

59 1123 132 1147 των,
161 1113 215 1141 ἀλλ’
242 1113 273 1140 οὐ
300 1112 348 1140 δύο
379 1113 450 1139 κατὰ
477 1111 508 1138 τὸ
534 1111 664 1146 διάφορον
695 1110 750 1137 τῶν
776 1110 843 1136 ὐπο-

60 1161 178 1187 στάσεων
200 1168 207 1176 ·
247 1159 295 1186 ἐπὶ
324 1158 354 1185 δὲ
390 1159 440 1193 τῆς
479 1157 654 1194 μιμητικῆς,
683 1156 752 1183 διότι
794 1155 843 1191 μία

59 1206 204 1238 ὑπόστασις
231 1204 336 1236 εἰκόνος
368 1203 489 1239 Χριστοῦ
506 1223 514 1237 ,
533 1203 581 1229 καὶ
609 1202 691 1229 αὐτοῦ
710 1201 842 1237 Χριστοῦ,

59 1253 112 1288 μία
148 1251 194 1278 καὶ
232 1250 422 1287 προσκύνησις
462 1249 582 1280 τούτων,
631 1247 689 1275 ἀλλ’
725 1248 756 1274 οὐ
797 1248 845 1275 δύο

57 1297 131 1325 κατὰ
147 1297 174 1323 τι
187 1296 315 1332 διάφορον
328 1295 381 1321 τῶν
394 1294 512 1329 φύσεων.
528 1294 566 1320 Οὐ
577 1294 630 1328 γὰρ
641 1293 845 1323 ἰδιοῦπόστατός

58 1346 135 1371 ἐστιν
148 1343 172 1378 ,ἡ
195 1342 333 1378 μιμητικὴ
351 1340 443 1373 εἰκὼν,
461 1339 530 1367 ἀλλὰ
546 1340 593 1366 τοῦ
613 1339 769 1374 ἀρχετύπου
794 1339 844 1374 τὴν

57 1391 206 1417 ὑπόστασιν
233 1389 322 1423 φέρει,
350 1388 397 1415 καὶ
421 1386 492 1414 κατὰ
508 1385 611 1420 ταύτην
641 1385 726 1412 εἰκὼν
759 1384 843 1412 αὐτοῦ

57 1438 146 1463 ἐστιν.
163 1435 327 1462 ’Υπόστασιν
344 1434 373 1461 δὲ
386 1433 433 1460 νῦν
448 1433 565 1468 λέγομεν
581 1432 612 1458 οὐ
625 1432 654 1458 τὸ
669 1431 764 1463 ἁπλῶς
780 1432 845 1465 ὑφε-

57 1481 142 1513 στὼς,
155 1481 308 1508 ἁλλόὑσίαν
327 1479 389 1507 τινὰ
405 1479 476 1513 μετὰ
492 1478 658 1513 ἰδιωμάτων,
675 1477 737 1504 καθ’
748 1477 766 1504 ὃ.
779 1478 824 1504 δια
833 1492 845 1498 -

889 238 917 262 et
927 233 1052 262 essentia:
1069 234 1220 261 differentia
1235 240 1284 268 per
1299 234 1439 260 materiam
1451 238 1555 261 tantum
1571 235 1677 262 disere-

891 287 948 318 pat,
968 281 1026 309 sive
1045 280 1209 315 exemplaris
1226 281 1341 307 imitatio
1359 284 1386 307 et
1415 281 1598 314 adumbratio,
1619 282 1677 310 sive

895 330 963 356 artis
981 336 1048 363 opus
1066 328 1136 362 quod
1155 327 1187 354 ad
1204 327 1369 360 exemplaris
1382 327 1679 362 imitationcmexpres-

891 380 951 400 Sum
971 373 1086 400 rs~entia
1101 372 1199 399 differt.

927 419 1017 454 Imago
1028 419 1134 450 dleitur,
1146 419 1217 453 quod
1232 419 1361 451 imitetur,
1374 424 1400 446 et
1413 419 1618 446 similitudinem
1630 427 1679 446 cx-

892 464 1001 500 primat.
1016 464 1106 498 Imago
1121 464 1249 490 naturalis
1264 463 1354 492 difi‘ert
1366 465 1401 491 ab
1414 465 1533 500 imagine
1550 474 1610 500 quae
1621 471 1680 493 arte

891 512 1013 538 confecta
1029 514 1086 537 est:
1100 510 1231 537 natural's
1247 510 1318 536 enim
1335 518 1349 536 a
1364 517 1447 538 causa
1462 511 1543 538 distat
1556 519 1679 546 persona:

892 556 1056 589 differentia,
1074 561 1103 582 ut
1118 555 1202 583 Filius
1216 564 1230 581 a
1249 555 1339 588 Patre,
1356 563 1473 590 quorum
1493 565 1545 584 una
1579 562 1678 585 natura

892 611 954 631 cum
980 602 1024 634 sit,
1045 603 1104 629 dua:
1124 606 1187 629 sunt
1204 609 1336 637 personae.
1365 602 1466 629 Contra
1496 611 1560 631 vero
1590 604 1680 639 imago

891 653 950 676 arte
965 647 1091 676 confecta
1108 648 1243 683 discrepat
1257 648 1292 675 ab
1308 648 1454 682 exemplari
1485 656 1540 676 non
1557 657 1680 683 persona

893 693 1054 727 differentia,
1073 693 1118 721 sed
1132 698 1247 726 naturae,
1262 700 1291 721 ut
1307 695 1395 730 imago
1408 695 1510 722 Christi
1525 703 1539 722 ιι
1557 694 1678 724 Christo.

893 740 952 768 Una
966 740 1038 768 enim
1054 744 1096 768 est
1112 740 1230 775 ipsortnn
1249 747 1376 775 persona,
1405 740 1452 768 sed
1477 745 1580 768 natnrze
1610 741 1680 769 duae.

891 788 959 815 Nam
987 787 1039 815 alia
1056 792 1098 815 est
1131 791 1227 815 natura
1260 788 1379 816 materia:
1408 787 1508 816 Christi
1538 789 1681 825 imaginem

892 833 1047 866 referentis,
1065 833 1116 861 alia
1131 833 1231 861 Christi
1248 838 1381 868 quatenus
1400 834 1482 862 homo
1494 838 1546 868 est,
1561 839 1589 862 et
1615 843 1683 870 qna-

893 883 974 906 tettus
989 879 1162 910 describitur,
1179 883 1206 906 et
1218 879 1359 913 exemplar
1381 879 1507 913 imaginis
1536 881 1683 907 constitui-

895 929 949 952 tur.
965 925 1055 960 Atque
1074 924 1200 959 imaginis
1228 923 1338 958 quidem
1354 930 1413 952 arte
1426 924 1558 952 confectae
1584 926 1683 953 simili-

895 971 959 998 tudo
977 971 1003 997 in
1018 971 1108 1005 specie
1128 970 1249 997 formave
1263 969 1401 997 consistit.
1418 969 1554 999 Naturalis
1586 976 1680 999 autem

894 1018 921 1045 in
937 1017 1030 1046 eadem
1043 1016 1161 1044 essentia
1179 1023 1225 1043 seu
1257 1016 1422 1043 divinitate:
1449 1020 1476 1044 et
1504 1016 1530 1043 in
1565 1017 1683 1046 naturali

893 1065 1015 1100 quidem,
1032 1063 1159 1098 quoniam
1177 1070 1228 1090 una
1243 1067 1284 1090 est
1312 1062 1373 1089 Filii
1407 1063 1547 1098 Patrisque
1575 1069 1682 1097 natura,

895 1109 996 1138 idcirco
1008 1116 1060 1136 una
1074 1114 1115 1136 est
1132 1108 1215 1136 etiam
1235 1108 1331 1135 Iterum
1346 1109 1481 1142 adoratio,
1507 1117 1559 1136 non
1590 1115 1681 1137 autem

894 1156 954 1184 duae
967 1160 1077 1190 propter
1092 1154 1272 1182 differentiam
1286 1162 1477 1190 personarum.
1513 1155 1542 1182 In
1558 1163 1590 1183 ea
1606 1163 1681 1190 vero,

894 1209 955 1236 qua).
969 1201 1002 1227 ab
1020 1205 1079 1227 arte
1093 1200 1213 1234 profecta
1228 1205 1281 1231 cst.
1297 1200 1423 1232 quoniam
1455 1208 1508 1227 una
1526 1205 1567 1227 est
1587 1201 1684 1236 integi‘

895 1246 937 1272 nis
965 1244 1067 1272 Christi
1091 1248 1118 1272 et
1147 1244 1232 1279 ipsius
1258 1244 1361 1271 Christi
1383 1252 1508 1280 persona,
1543 1245 1604 1274 ideo
1630 1255 1683 1274 una

895 1296 938 1316 est
971 1290 1089 1323 ipsorum
1119 1290 1251 1322 adoratio,
1283 1298 1336 1318 non
1366 1296 1456 1319 autem
1486 1292 1546 1319 dum
1571 1298 1684 1327 propter

895 1335 1073 1364 differentiam
1091 1341 1261 1364 naturarum.
1276 1337 1368 1371 imago
1383 1339 1455 1364 enim
1481 1345 1541 1366 arte
1557 1339 1683 1369 confecto

896 1383 997 1409 nullam
1022 1382 1103 1410 habet
1118 1383 1254 1417 propriam
1272 1390 1428 1417 personam,
1443 1385 1489 1412 sed
1516 1386 1684 1421 exemplaris

896 1436 1037 1463 personam
1052 1429 1132 1463 gerit,
1151 1433 1260 1463 propter
1280 1437 1360 1464 quam
1391 1429 1479 1466 imago
1514 1431 1598 1467 ipsius
1630 1439 1683 1461 est.

896 1475 1042 1502 Personam
1057 1474 1100 1501 hic
1121 1474 1272 1507 accipimus
1306 1483 1359 1503 non
1376 1483 1437 1510 qua:
1453 1477 1614 1512 simpliciter
1638 1486 1686 1513 per

55 1525 205 1563 χωρίζεται
233 1526 288 1552 τῶν
316 1524 460 1560 ὁμοειδῶν.
495 1523 531 1550 Τὸ
549 1522 614 1558 γοῦν
642 1522 835 1549 ἰδιοῡπόστατοπ

943 1524 1059 1552 constat,
1082 1520 1129 1547 sed
1145 1521 1289 1548 essentiam
1308 1522 1453 1556 quamdam
1468 1530 1529 1550 cum
1561 1525 1686 1559 proprie-

53 1573 109 1600 οὑκ
125 1571 217 1605 εἰκὼν,
231 1572 288 1598 ἀλλ’
301 1571 467 1608 ἀρχέτυπον.

99 1709 134 1735 Ἥ
150 1708 199 1742 τῆς
211 1707 314 1738 εἰκόνος
333 1706 398 1742 τιμὴ
424 1706 471 1733 ἐπὶ
495 1706 525 1732 τὸ
542 1706 720 1742 πρωτότυπον
735 1706 844 1733 διαϐαί-

51 1764 109 1786 νει,
124 1754 173 1781 καὶ
195 1753 253 1780 ἐστι
270 1752 375 1779 τούτων
403 1751 454 1787 μία
479 1752 668 1787 προσκύνησις
694 1752 739 1779 διὰ
751 1752 798 1779 τὸν
815 1753 844 1778 ὲν

48 1803 159 1838 ἀμφοῖν
172 1801 221 1827 ἕνα
239 1799 413 1836 χαρακτῆρα.

90 1846 197 1877 nam;
208 1844 366 1881 μιμητικῶς
379 1844 582 1880 εἰκονιζομένου
591 1843 665 1879 οὗχὴ
678 1844 770 1879 φύσις,
785 1844 844 1871 ἀλλ’

47 1894 68 1928 ὴ
88 1891 243 1921 ὑπόστασις
256 1888 431 1921 εἰκονίζεται,
446 1890 495 1916 καὶ
515 1889 560 1915 διὰ
587 1888 668 1915 τοῦτο
685 1889 784 1916 ταυτὸν
806 1888 844 1924 τῷ

46 1938 207 1974 ἀρχετύπῳ
230 1936 247 1971 ὴ
270 1935 353 1962 εἰκὼν
375 1934 457 1961 αὐτοῦ
481 1934 511 1961 οὐ
532 1936 567 1970 τῇ
603 1934 695 1969 φύσει,
716 1935 784 1963 ἀλλὰ
810 1937 843 1972 τῇ

46 1982 219 2014 ὑποστάσει,
232 1980 316 2016 ἤγουν
329 1981 362 2015 τῇ
378 1980 493 2015 μιμήσει
508 1981 557 2015 τῆς
570 1981 757 2013 ὑποστάσεως.

94 2027 143 2054 Ἐν
157 2028 192 2063 τῇ
207 2026 292 2052 εἰκόνι
308 2025 324 2061 ὴ
339 2025 528 2060 εἰκονιζομίνη
542 2026 589 2052 τοῦ
608 2026 763 2061 ἀρχετύπου
777 2027 845 2054 ὑπό-

44 2082 154 2105 στασις
168 2072 378 2108 προσκυνεῖται,
392 2071 440 2097 καὶ
455 2071 505 2106 οὐχ
524 2072 541 2106 ἡ
557 2071 608 2106 ὕλη
622 2072 673 2107 τῆς
691 2072 796 2104 εἰκόνος
806 2080 813 2088 '
830 2074 844 2100 ὁ

41 2117 329 2153 ἐναποσφραγισθεὶς
352 2117 421 2152 αὐτῇ
443 2117 602 2153 χαρακτὴρ,
621 2119 669 2145 καὶ
692 2119 742 2154 οὐχ
760 2119 777 2154 ἠ
794 2120 843 2155 τῆς

40 2167 161 2198 εἰκόνος
178 2165 270 2192 οὐσία.

86 2214 160 2239 Ὀτε
179 2212 232 2247 μὲν
247 2211 315 2245 προς
330 2210 380 2246 τὴν
395 2211 445 2245 τῆς
458 2211 562 2242 εἰκόνος
579 2211 661 2246 φύσιν
683 2212 775 2240 ﬁniam
791 2221 844 2245 τις,

37 2260 76 2287 οὐ
95 2260 185 2294 μόνον
199 2259 230 2284 οὑ
244 2257 372 2292 Χριστὸν,
385 2257 443 2284 ἀλλ’
456 2257 517 2283 οὐδὲ
532 2258 625 2284 εἰκόνα
638 2258 758 2293 Χριστοῦ
774 2259 845 2286 εἴποι

36 2306 79 2332 ἂν
99 2305 134 2331 τὺ
153 2303 315 2339 ὁρώμενον·
330 2303 458 2338 ἔστιγὰρ
484 2303 563 2336 ξύλον
579 2303 671 2338 τυχὸν,
698 2303 714 2338 ἢ
732 2305 844 2339 χρυσὸς,

34 2352 57 2388 ῆ
77 2351 226 2386 ἄργυρος,
241 2349 257 2385 ἧ
270 2358 297 2376 τι
313 2349 369 2376 τῶν
382 2349 471 2376 ἄλλων
488 2348 562 2375 ὑλῶν
578 2357 585 2364 ·
601 2349 646 2376 ὅτε
660 2349 689 2376 δὲ
712 2350 781 2383 πρὸς
794 2349 846 2385 τὴν

32 2397 77 2424 δι’
95 2396 310 2430 ὲκτυπώματος
327 2395 460 2430 ὁμοίωσιν
471 2395 518 2422 τοῦ
530 2395 698 2430 ἀρχετύπου,
714 2395 763 2422 καὶ
777 2395 846 2430 Χρι-

34 2443 126 2476 στὸν,
146 2444 201 2470 καὶ
216 2441 348 2477 Χριστοῦ,
375 2442 444 2469 ἀλλὰ
462 2443 580 2477 Χριστὸν
599 2443 647 2478 μὲν
661 2442 724 2469 καθ’
739 2444 846 2477 ὁμωνυ-

33 2491 126 2526 μίαν,
143 2488 271 2524 Χριστοῦ
284 2489 313 2516 δὲ
325 2489 396 2515 κατὰ
410 2488 441 2515 τὺ
460 2489 529 2525 πρός
541 2497 579 2516 τι.

82 2577 124 2603 Ἦ
144 2576 236 2604 εἰκὼν
252 2575 346 2610 σχέσιν
360 2574 417 2610 ἔχει
430 2575 499 2609 προς
516 2574 546 2600 τδ
562 2574 728 2608 ἀρχέτυπον,
742 2576 787 2602 καὶ
802 2575 846 2602 αἰ-

30 2623 104 2651 τίου
123 2622 210 2649 ἐστὶν
223 2621 354 2649 αἰτιατόν.
375 2621 496 2655 ’Δνάγκη
509 2620 556 2647 οῦν
576 2619 622 2647 διὰ
635 2621 716 2648 τοῦτο
730 2622 777 2648 καὶ
792 2622 846 2649 τῶν

34 2669 120 2705 πρός
134 2677 166 2695 τι
181 2665 255 2695 εἰναι
277 2667 380 2701 ταύτην
410 2668 457 2694 καί
478 2667 617 2701 λέγεσθαι.
648 2667 709 2694 Τῶν
725 2668 794 2703 πρός
821 2676 847 2694 τι

30 2717 98 2751 γὰρ
111 2716 132 2750 ἡ
155 2714 268 2750 σχέσις,
288 2715 322 2742 τὰ
336 2714 364 2740 δὲ
381 2715 449 2749 πρός
463 2723 489 2740 τι
505 2714 575 2742 αὐτὰ
601 2714 674 2750 ἆπερ
696 2715 770 2741 ἐστὶν
787 2715 847 2742 ἐτέ-

30 2771 102 2798 ρων
118 2760 202 2788 εἶναι
217 2761 337 2795 λέγεται,
355 2761 401 2788 καὶ
413 2762 589 2796 ἀντιστρέφει
605 2762 655 2797 τὴν
671 2763 763 2797 σχέσιν
780 2762 848 2797 προς

30 2809 167 2844 suum.
196 2809 366 2844 ’Δρχέτυπον
396 2808 451 2843 γὰρ
473 2807 581 2839 εἰκόνος
607 2808 762 2844 ἀρχέτυπον
776 2816 782 2823 ·
800 2809 847 2834 καὶ

30 2857 129 2884 εἰκὼν
146 2857 314 2892 ἀρχετύπου
327 2855 420 2883 εἰκών.
437 2855 491 2882 Καὶ
502 2855 551 2882 οὐκ
566 2855 599 2882 ειν
614 2864 655 2888 τις
670 2855 785 2891 ἄσχετον
809 2857 848 2882 εἰ-

897 1567 1009 1599 tatibus,
1025 1574 1073 1601 per
1084 1573 1153 1601 quas
1168 1566 1202 1594 ab
1227 1566 1287 1593 aliis
1303 1566 1393 1594 difiert
1422 1567 1543 1601 ejusdem
1564 1570 1683 1603 generis.

896 1613 1075 1646 Quamobrem
1099 1616 1160 1646 ‘_non
1183 1611 1285 1646 imago,
1305 1612 1352 1639 sed
1379 1613 1520 1648 exemplar
1546 1615 1684 1650 propriam

896 1659 976 1686 habet
987 1660 1151 1694 'personam.

942 1705 1068 1739 Imaginis
1090 1706 1176 1732 honor
1200 1705 1226 1732 in
1257 1706 1396 1740 exemplar
1423 1707 1540 1739 recidit,
1565 1713 1591 1735 et
1631 1716 1684 1736 una

895 1755 937 1778 est
958 1751 1100 1785 utriusque
1128 1751 1269 1783 adoratio,
1298 1752 1425 1786 quoniam
1447 1760 1500 1780 una
1515 1759 1557 1781 est
1583 1755 1687 1790 efﬁgiae

896 1797 1047 1831 utriusque.

930 1843 1063 1878 Quidquid
1092 1843 1126 1869 ab
1149 1846 1208 1869 arte
1233 1843 1405 1877 deseribitur,
1432 1844 1492 1878 ejus
1508 1853 1560 1873 non
1576 1852 1684 1879 natura,

895 1890 941 1917 sed
949 1895 1062 1923 persona
1074 1888 1247 1915 describitur.
1261 1888 1291 1915 Et
1302 1888 1404 1917 idcirco
1417 1890 1504 1925 imago
1517 1892 1602 1927 ipsius
1613 1892 1683 1920 idem

895 1942 936 1964 est
947 1944 1007 1963 rum
1028 1936 1184 1970 exemplari,
1214 1943 1266 1964 non
1291 1942 1400 1970 nattna,
1422 1940 1468 1966 sed
1493 1947 1619 1974 persona,
1637 1949 1684 1968 seu

896 1991 1018 2018 persona:
1031 1982 1221 2010 similitudine.

932 2028 1098 2063 Exemplaris
1106 2035 1218 2063 persona
1230 2029 1345 2064 imagine
1354 2038 1491 2067 expressa,
1498 2040 1551 2059 non
1560 2033 1685 2068 imagin's

897 2073 1160 2106 rnateriajadoratur,
1176 2081 1227 2100 non
1243 2074 1366 2110 imaginis
1377 2078 1504 2110 essentia,
1522 2086 1535 2106 ε
1552 2078 1568 2106 d
1586 2077 1684 2110 forma.

897 2128 956 2156 qua:
971 2120 996 2148 in
1013 2121 1069 2155 ipsa
1085 2120 1217 2154 descripta
1236 2125 1287 2149 est.

934 2213 999 2240 Cum
1016 2212 1075 2247 quis
1084 2212 1116 2239 ad
1129 2212 1252 2247 imaginis
1266 2217 1388 2240 naturam
1409 2214 1528 2248 respicit,
1542 2222 1592 2241 no-t
1605 2217 1686 2244 modo

896 2257 1044 2288 Christum,
1054 2257 1100 2283 sed
1114 2264 1147 2283 ne
1156 2256 1256 2284 Christi
1271 2257 1378 2292 quidem
1393 2259 1536 2293 imaginem
1551 2265 1628 2287 vocat
1646 2261 1684 2294 in,

897 2304 966 2338 quod
977 2303 1058 2334 videt;
1075 2307 1116 2330 est
1126 2303 1198 2330 enim
1213 2303 1313 2339 lignum
1322 2303 1445 2337 fortasse,
1460 2312 1506 2332 aut
1521 2314 1627 2340 aurum,
1639 2313 1686 2335 aut

897 2355 1047 2385 argenturm,
1066 2355 1110 2376 aut
1118 2349 1207 2385 aliqua
1223 2351 1275 2378 alia
1294 2352 1416 2379 materia.
1433 2352 1468 2379 At
1484 2360 1544 2380 eum
1555 2355 1685 2381 Itchtm-

897 2397 980 2431 piat-is
991 2396 1102 2423 simiiim
1114 2397 1195 2423 linem
1211 2397 1326 2432 imagine
1341 2405 1496 2432 expressam
1523 2405 1551 2426 te
1566 2398 1642 2434 picit,
1658 2403 1686 2426 οι

897 2442 1045 2472 Christum,
1065 2445 1091 2468 et
1104 2441 1204 2468 Christi
1234 2441 1377 2476 imaginem
1393 2442 1508 2476 appellat
1523 2451 1531 2470 :
1547 2444 1684 2471 Clll’lallllll

897 2489 1005 2523 quidem
1020 2487 1165 2522 aquivoce,
1192 2487 1291 2515 Christi
1309 2493 1398 2515 autem
1419 2496 1453 2516 ex
1464 2497 1496 2516 eo
1507 2489 1577 2524 quod
1592 2489 1625 2516 ad
1636 2489 1683 2518 ali-

898 2534 961 2568 quid
980 2533 1105 2561 refertur.

935 2581 1023 2616 Imago
1042 2580 1202 2607 relationem
1224 2581 1303 2608 habet
1325 2581 1359 2608 ad
1381 2581 1531 2616 exemplar,
1556 2586 1583 2609 et
1605 2583 1639 2610 ab
1653 2590 1687 2610 eo

897 2630 1024 2660 tanquam
1038 2633 1053 2652 a
1067 2633 1147 2653 causa
1163 2626 1306 2659 dependrt,
1320 2627 1412 2661 Itaque
1428 2634 1538 2655 necesse
1548 2632 1591 2655 εει
1613 2633 1640 2655 ιη
1653 2636 1687 2656 εχ

899 2679 991 2699 eorum
1013 2672 1049 2699 sit
1063 2671 1221 2706 dicaturque
1236 2680 1357 2706 numero,
1378 2680 1437 2706 qua:
1449 2672 1482 2700 ad
1498 2673 1598 2708 aliquid
1616 2674 1687 2702 refe.

901 2722 1005 2744 runtur.
1023 2717 1088 2750 Quae
1102 2723 1189 2744 autem
1208 2717 1241 2745 ad
1257 2718 1355 2753 al?qni.l
1376 2718 1417 2745 ref
1431 2725 1537 2751 runtur,
1560 2727 1603 2753 ea,
1617 2728 1687 2756 qna-

901 2770 978 2791 tenns
994 2769 1069 2797 sunt,
1096 2764 1209 2790 aliorum
1226 2764 1351 2791 dicuntur
1367 2772 1438 2797 esse,
1465 2771 1611 2800 mutuoque
1627 2775 1688 2794 sete

901 2809 1057 2843 respiciunt.
1072 2809 1214 2842 Exemplar
1229 2810 1300 2836 enim
1312 2809 1436 2844 imaginis
1450 2811 1647 2846 cxctuplarest.
1661 2817 1690 2841 et

905 2858 993 2891 imago
1015 2861 1057 2883 est
1087 2856 1247 2891 exetnpfaris
1262 2858 1361 2891 imago.
1382 2855 1436 2884 Nec
1462 2858 1602 2894 quisquam
1619 2859 1686 2888 ima-
