1873 3075
76 134 137 166 1169

513 132 700 164 PANOPLiA
722 133 948 164 DOGMATICA.
963 145 997 150 -
1017 132 1089 164 TlT.
1111 133 1208 164 XXII.

1617 131 1688 167 1170

73 187 224 223 υφεστῶσαν
238 186 311 223 αὐτῷ
325 187 452 220 πάντοτε,
463 187 514 214 κᾶν
530 187 569 222 μὴ
579 187 710 222 φαίνοιτο,
726 187 787 214 οὐδὲ
797 187 846 221 τὴν

934 186 969 213 sit
994 193 1054 213 cum
1079 193 1206 222 corpore,
1233 186 1296 214 licet
1311 192 1363 215 nou
1393 188 1526 221 videatur,
1538 195 1572 216 ne
1599 189 1689 224 imago

72 234 158 261 είκόνα
173 233 288 268 Χριστοῦ
314 233 428 260 δυνατὸν
455 234 627 268 διαιρεθῆναι
655 233 750 260 αὑτοῦ.
773 233 844 260 Ἀλλ’

70 279 159 314 ὥσπερ
174 279 190 314 ἡ
205 280 268 306 σκιὰ
279 279 312 314 τῇ
329 279 376 305 τοῦ
396 279 472 314 ἡλίου
503 279 586 314 βολίδι
616 279 752 314 φιίνεται,
773 279 845 306 οὕτω

71 325 140 358 καὶὴ
155 324 269 359 Χριστοῦ
287 324 370 351 εἰκὼν
385 326 417 360 τῇ
427 325 594 352 διατυπώσει
611 325 661 360 τῆς
678 325 756 361 ὕλης.

106 371 155 398 Δύο
168 370 268 398 τούτων
284 371 370 398 ὄντων
385 371 451 406 περὶ
463 371 495 398 τὺ
515 371 607 407 σῶμα,
623 373 701 404 σκιᾶς
716 373 762 399 καὶ
775 372 847 399 siad-

71 421 122 445 νος,
139 414 154 448 ἠ
181 414 230 446 μὲν
251 414 315 441 σκιὰ
338 415 479 450 σημασίαν
496 415 620 451 ἀμυδράν
647 425 709 443 τινα
730 416 777 443 τοῦ
796 417 845 443 ἀν-

69 459 174 494 θρώπου
189 460 334 494 δείκνυσιν,
351 462 367 496 ἡ
383 461 411 488 δὲ
427 461 512 488 είκὼν
528 461 735 498 ἁριδηλοτέραν.
751 462 783 489 Ei
798 462 845 490 οὖν

69 505 97 532 τδ
111 505 152 532 ἀεὶ
166 505 211 532 τοῦ
231 506 309 539 ποτὲ,
337 507 385 534 καὶ
408 507 439 534 τὸ
464 508 526 534 καθ’
555 508 673 543 ὕπαρξιν
696 509 743 536 τοῦ
775 510 846 537 κατὰ

69 551 198 587 στέρησιν,
215 553 262 579 καὶ
277 552 308 579 τὸ
320 553 458 589 τηλαυγὲς
469 553 517 580 τοῦ
530 555 652 590 ἀμυδροῦ
667 555 783 591 βέλτιον,
798 557 846 584 καὶ

70 597 173 631 ἠείκὼν
185 598 238 632 ἄρα
258 598 372 633 βελτίων
388 599 438 634 τῆς
453 601 542 632 σκιᾶς.
575 601 656 627 Ἀλλὰ
681 602 735 637 μὴν
751 602 779 628 ai
792 601 846 630 τῶν

70 641 152 676 ἁγίων
166 643 241 670 σκιαὶ
259 644 308 670 καὶ
326 645 405 678 ἅγιαι
423 645 470 671 καὶ
490 645 668 681 ὀνησιφόρον
688 647 717 674 αἱ
743 648 846 680 εἰκόνες

68 688 153 714 αὐτῶν
170 689 222 724 ἄρα
238 689 329 725 πολλῷ
347 689 450 725 μᾶλλον
465 691 615 727 ἀγιώτεραι
629 693 676 718 καὶ
691 692 847 728 σεδασμιώ-

68 741 95 759 τε
98 741 150 768 ραι.

109 779 136 806 '0
150 780 197 814 μὲν
213 781 333 816 Χριστὸς
349 782 446 817 ὁρᾶται
466 783 494 809 ἒν
505 784 539 818 τῇ
561 783 645 811 είκόνι
664 784 760 817 αὐτοῦ,
778 784 848 820 αὑτὴ

67 824 94 851 ἃ
106 825 249 859 ὑφίσταται
261 828 290 854 ἐν
307 828 392 863 αὐτῷ.

896 233 1004 268 quidem
1022 233 1122 262 Christi
1138 235 1171 262 ab
1184 235 1242 268 ipso
1258 235 1462 270 sejungimotest
1473 256 1480 267 .
1496 236 1544 264 sed
1557 236 1689 270 quemad-

896 276 1005 303 modum
1037 277 1130 305 umbra
1155 277 1220 305 solis
1247 285 1359 306 accessu
1395 279 1569 315 perspicitur,
1596 280 1636 308 sic
1661 285 1689 308 et

897 321 986 356 imago
995 321 1095 350 Christi
1107 323 1226 351 materiae
1250 324 1439 358 impressione.

931 366 996 394 Cum
1015 367 1069 396 duo
1091 369 1162 396 circa
1190 377 1289 405 corpus
1313 371 1530 404 considerentur,
1553 373 1647 400 umbra
1662 376 1690 400 et

897 411 997 447 imago,
1021 414 1115 441 umbra
1138 415 1245 449 quidem
1260 414 1398 443 hominem
1425 416 1578 449 obscurius,
1599 417 1689 452 imago

897 462 986 484 autem
999 458 1098 486 clarius
1109 459 1207 492 refert;
1219 459 1310 494 itaque
1325 460 1347 487 si
1357 460 1383 488 id
1390 462 1461 496 quod
1476 468 1583 496 semper
1596 466 1690 494 est,eo

896 504 969 538 quod
980 509 1023 532 est
1038 504 1200 540 aliquando;
1215 510 1243 533 et
1254 506 1280 534 id
1295 507 1366 541 quod
1378 514 1427 542 per
1436 507 1582 534 essentiam
1595 511 1648 539 est,
1658 514 1690 535 eo

897 549 966 582 quod
982 555 1022 577 est
1034 558 1081 584 per
1098 551 1289 586 privationem;
1306 558 1333 580 et
1349 552 1374 580 id
1387 553 1458 588 quod
1477 558 1518 580 est
1531 553 1645 585 clarum,
1658 561 1690 581 eo

896 595 967 629 quod
974 596 1175 630 estobscurum,
1186 599 1356 633 praestantius
1364 604 1405 626 est
1418 607 1426 626 :
1438 606 1493 626 sant
1503 604 1590 627 turum
1601 603 1690 627 autem

897 641 1000 668 umbra:
1010 647 1037 669 et
1051 647 1150 670 sancta:
1169 647 1232 670 sunt
1258 647 1285 671 et
1308 643 1464 678 salutifera,
1495 644 1627 678 imagines
1650 645 1691 680 ip-

896 695 988 716 sorum
1000 690 1090 724 utique
1104 690 1253 718 sanctiores
1272 695 1354 717 erunt
1369 690 1453 718 multo
1466 695 1494 717 et
1509 689 1692 718 venerabilio-

902 740 957 760 res.

932 779 1061 807 Christus
1071 779 1098 806 in
1105 787 1152 807 sua
1169 779 1255 815 ipsius
1268 779 1388 808 cernitur
1396 779 1524 816 imagine;
1542 780 1631 816 imago
1645 788 1693 808 aa-

898 829 952 853 tem
970 826 996 853 in
1009 825 1068 860 ipso
1083 826 1220 854 censistit.

102 870 154 906 Οὐχ
169 871 206 903 ὡς
231 872 311 905 θεοὺς
325 859 376 905 τάξ
399 874 508 907 ιίκόνας
539 875 762 911 προσκυνοῦμεν,
783 877 845 904 οὐδὲ

934 859 1064 906 Imagines
1076 878 1128 899 non
1139 871 1285 899 adoramus
1298 876 1327 899 ut
1340 872 1415 906 deos,
1430 878 1480 899 nec
1501 871 1596 900 salutis
1617 879 1692 907 spem

68 915 114 947 τὰς
131 916 240 949 ἐλπίδας
258 918 309 952 τῆς
331 920 471 955 σωτηρίας
493 922 522 947 ὲν
548 921 644 953 αὐταῖς
658 921 769 956 ἔχομεν,
784 922 846 949 οὐδὲ

68 962 95 988 τὸ
113 962 182 989 θεῖον
196 963 279 995 σέϐας
292 965 479 1000 ἁπονέμομενσ
497 965 578 992 τοῦτο
595 967 649 1001 γὰρ
662 966 688 993 οἱ
699 966 846 999 Ἕλληνες·

68 1007 131 1034 ἀλλὰ
148 1009 228 1044 μόνον
254 1008 303 1046 τὴν
319 1010 413 1045 σχέσιν
427 1011 473 1037 καὶ
496 1011 547 1046 τὴν
567 1012 678 1046 ἀγάπην
703 1012 751 1046 τῆς
768 1012 848 1047 ἡμῶν

68 1053 161 1089 ψυχῆς,
184 1055 218 1090 ην
239 1055 338 1091 ἔχομεν
364 1057 434 1091 πρὸς
458 1058 492 1084 τὰ
513 1058 694 1092 πρωτότυπα,
724 1059 770 1086 διὰ
795 1059 846 1094 τῆς

68 1099 191 1136 τοιαύτης
215 1105 434 1137 προσκυνήσεως
461 1103 658 1139 ὲμφανίζομεν.
695 1104 777 1132 Ὅθεν
801 1105 848 1131 τοῦ

68 1147 238 1181 χαρακτῆρος
259 1146 439 1181 λειανοὲντος,
457 1148 496 1180 ὡς
519 1148 596 1180 ξύλον
614 1148 698 1184 ἀργὸν
715 1151 764 1185 τήν
781 1158 848 1177 ποτε

69 1192 255 1226 κατακαίομεν
276 1193 381 1221 εἰκόνα.

100 1237 149 1263 Τὸν
160 1239 207 1264 τοῦ
231 1239 351 1272 σταυροῦ
368 1239 453 1266 τύπον
469 1241 501 1267 ἐκ
519 1239 567 1267 δύο
588 1240 675 1274 ξύλων
695 1241 846 1268 συνάπτον-

68 1291 121 1316 τες,
137 1284 219 1318 ἡνίκα
232 1294 274 1316 τις
295 1286 360 1320 ἡμῖν
383 1285 438 1312 τῶν
462 1287 587 1314 ἀπίστων
608 1287 796 1321 ἐγκαλέσειεν,
811 1287 850 1319 ὡς

69 1329 143 1360 ξύλον
156 1331 353 1366 προσκυνοῦσι,
368 1332 509 1367 δυνάμεθα
521 1334 556 1360 τὰ
572 1333 618 1359 δύο
634 1333 698 1365 ξύλα
714 1335 850 1369 χωρίσαν-

67 1384 120 1408 τε;,
134 1378 180 1403 καὶ
193 1377 242 1404 τδν
261 1377 348 1404 τύπον
362 1377 408 1404 τοῦ
426 1378 545 1413 σταυροῦ
566 1378 751 1411 διαλύσοντες,
766 1379 851 1406 ταῦτα

67 1422 187 1456 νομίζειν
203 1423 280 1458 ἀργὰ
293 1423 370 1455 ξύλα,
388 1425 436 1449 καὶ
454 1424 498 1449 τὸν
520 1424 634 1450 ἄπιστον
649 1424 850 1458 ἐπιστομίζειν,

67 1466 107 1494 ὅτι
121 1468 151 1494 οὐ
167 1468 198 1495 τὸ
219 1469 309 1502 ξύλον,
331 1469 399 1496 ἀλλὰ
421 1469 466 1495 τὸν
486 1469 532 1495 τοῦ
561 1468 680 1505 σταυροῦ
696 1471 782 1496 τύπον
804 1477 852 1496 σεο

67 1513 181 1547 ϐὁμεθα.

101 1559 153 1586 Σὺν
169 1559 246 1595 φόϐῳ
261 1561 306 1587 καὶ
322 1559 438 1596 ἀληθείᾳ
451 1561 607 1596 προσιτέον,
622 1563 670 1588 καὶ
690 1569 846 1597 προσκυνη-

68 1604 125 1630 τέον
136 1606 185 1637 τὰς
197 1605 280 1640 ἁγίας
291 1606 413 1638 εἰκόνας,
431 1607 479 1633 καὶ
496 1607 656 1634 πιστευτέον
677 1608 758 1643 χάριν
771 1607 848 1635 θείαν

67 1649 210 1686 ὲπιφοιτᾷν
226 1651 321 1682 αὑταῖς
337 1651 478 1686 ἁγιασμοῦ
500 1652 693 1688 μεταδοτικήν.

102 1696 209 1732 Ὠσπερ
235 1697 307 1724 κατὰ
340 1698 421 1732 φύσιν
456 1699 608 1734 ἀχωρίστου
636 1699 772 1735 μενούσης
799 1700 850 1735 τῆς

68 1740 146 1774 ἁγίας
156 1740 286 1776 Τριάδος,
299 1742 415 1777 ἑπιιδὴὸ
428 1742 492 1774 Υἱὸς
505 1743 662 1779 ὲσαρκώθη,
678 1745 708 1770 οὐ
721 1745 764 1771 διὰ
771 1744 852 1772 τοῦτο

65 1787 146 1821 φήσει
164 1796 208 1818 τις
227 1787 274 1814 καὶ
288 1787 333 1813 τὸν
350 1788 468 1822 Πατέρα,
487 1789 574 1815 καὶτὸ
586 1789 698 1824 Πνεῦμα
711 1791 853 1825 σεσαρκῶ-

67 1832 137 1859 σθαι·
162 1833 238 1860 οὓτω
255 1833 316 1860 καθ’
330 1833 478 1861 ὑπόστασιν
494 1835 644 1870 ἐνωθιίσης
653 1836 703 1871 τῆς
725 1835 853 1871 θεότητος

65 1881 98 1914 τῇ
114 1880 312 1915 άνθρωπότησι
329 1880 376 1907 τοῦ
389 1881 465 1914 Υιοῦ,
479 1882 526 1908 καὶ
540 1881 694 1917 ἀδιαιρέτου
708 1883 851 1917 μενούσης,

66 1926 116 1951 οὐκ
127 1926 227 1961 ἐπειδὴ
243 1926 274 1953 τὸ
289 1926 461 1961 ἀνθρώπινον
475 1927 558 1954 αὑτοῦ
577 1928 790 1963 περιγράφεται,
804 1930 852 1955 καὶ

64 1971 205 2006 γράφεται
219 1972 249 1998 ὲν
261 1972 355 2006 εικόνι,
367 1972 412 1999 διὰ
425 1972 505 1999 τοῦτο
516 1973 565 2000 καὶ
574 1973 624 2007 τὴν
645 1973 760 2008 θεότητα
770 1974 853 2001 αὐτοῦ

66 2016 289 2051 περιγράφεσθαι
315 2018 362 2045 καὶ
381 2018 536 2053 γράφεσθαι
560 2019 642 2053 φήσει
659 2027 711 2051 τις,
726 2020 784 2045 ἐκεῖ
804 2021 854 2054 μὲν

65 2062 114 2097 τῆς
127 2063 202 2089 κατὰ
221 2063 302 2097 φύσιν
320 2064 468 2098 συναφείας
482 2064 518 2099 μὴ
535 2065 705 2100 συγχεούσης
719 2065 768 2096 τὰς
787 2066 855 2092 ὑπο.

67 2108 195 2142 στάσεις,
211 2108 330 2135 ἐνταῦθα
345 2109 373 2135 δὲ
398 2111 448 2144 τῆς
463 2110 525 2136 καθ’
552 2111 701 2137 ὑπόστασιν
731 2111 855 2143 ἑνώσεως

66 2152 105 2188 μὴ
124 2153 277 2188 ὲξιστώση,
292 2154 347 2180 τῶν
371 2154 479 2180 οἰκείων
498 2155 568 2190 ὅρων
582 2155 631 2186 τὰς
644 2155 750 2189 φύσεις.
773 2156 855 2190 Ὅρος

902 917 932 944 in
944 917 1108 952 imaginibus
1130 918 1247 953 positam
1273 922 1300 945 et
1315 918 1473 945 collocatam
1488 918 1627 951 habemus,
1645 926 1694 946 nee

898 962 1019 998 gentium
1035 970 1110 991 more
1125 963 1243 991 divinum
1258 963 1312 991 illis
1335 963 1465 992 honorem
1474 964 1633 996 tribuimus;
1643 965 1690 991 sed

898 1016 944 1036 eas
960 1013 1124 1036 venerantes
1137 1009 1219 1036 animi
1240 1010 1325 1038 nostri
1338 1009 1507 1037 adactionem
1530 1013 1558 1037 et
1570 1010 1693 1037 charita'

900 1058 954 1081 tem
968 1061 1030 1088 erga
1044 1054 1206 1089 exemplaria
1219 1054 1447 1082 demonstramus.
1469 1055 1498 1082 ld
1510 1063 1543 1082 ex
1557 1063 1589 1083 eo
1601 1056 1691 1090 colligi

899 1103 997 1133 potest,
1015 1101 1085 1134 quod
1100 1101 1216 1135 imagine
1231 1108 1246 1128 e
1261 1100 1335 1135 ligno
1346 1120 1353 1134 ,
1370 1101 1442 1136 quod
1458 1108 1523 1128 eam
1547 1101 1694 1135 aliquando

900 1145 1118 1180 gerebatdeleta,
1151 1146 1251 1182 lignum
1270 1147 1357 1180 ipsum
1386 1151 1416 1174 ut
1431 1147 1527 1174 inutile
1549 1147 1576 1174 in
1602 1147 1692 1181 ignem

900 1194 1072 1228 conjicimus.

936 1238 1002 1266 Cum
1019 1239 1109 1267 crucis
1129 1239 1233 1274 signum
1250 1239 1357 1267 duobus
1372 1239 1478 1274 elignis
1504 1240 1693 1273 conticiamus.

901 1285 1010 1319 quando
1021 1292 1071 1312 nos
1093 1284 1243 1312 infidelium
1257 1285 1356 1320 aliquis
1367 1285 1551 1320 reprehendit.
1570 1287 1642 1321 quod
1659 1287 1693 1313 li-

901 1337 981 1365 gnum
997 1330 1151 1364 adoremus,
1171 1330 1242 1365 ligna
1259 1334 1427 1367 separantes,
1441 1334 1468 1358 et
1481 1331 1569 1359 crucis
1583 1331 1691 1365 signum

901 1375 1090 1408 dissolventcs,
1107 1383 1138 1404 ca
1152 1383 1294 1410 possumus
1307 1381 1335 1404 ut
1347 1376 1420 1411 ligna
1445 1377 1549 1404 inutilia
1579 1377 1692 1404 demon-

902 1425 1008 1454 strare;
1024 1426 1105 1456 atque
1125 1421 1161 1448 ita
1189 1428 1220 1448 os
1236 1420 1384 1448 inﬁdelium
1404 1421 1523 1454 ipsorum
1539 1422 1693 1453 obstruere,

902 1473 964 1494 cum
983 1467 1071 1494 crucis
1090 1467 1208 1502 signum,
1221 1475 1275 1495 non
1298 1473 1386 1495 autem
1405 1467 1506 1503 lignum
1523 1475 1693 1495 venerentur.

936 1557 1004 1585 Cum
1031 1558 1128 1586 timore
1149 1563 1176 1586 et
1202 1558 1315 1586 veritate
1339 1563 1443 1585 sancta:
1474 1558 1604 1592 imagines
1634 1563 1697 1586 sunt

902 1604 1031 1632 adeundre
1048 1604 1244 1636 etadorandte,
1270 1608 1296 1631 et
1322 1604 1485 1631 credendum
1515 1608 1557 1631 est
1578 1603 1696 1631 divinam

904 1651 1018 1686 gratiam
1026 1651 1177 1679 sanctitatis
1185 1650 1349 1685 largitrieem
1365 1651 1501 1678 assiduam
1519 1650 1545 1677 in
1562 1650 1614 1678 illis
1625 1656 1696 1678 esse.

939 1697 1169 1730 Quemadmodum
1186 1704 1247 1724 cum
1272 1701 1365 1724 sancta
1393 1697 1534 1724 Trinitatis
1550 1701 1645 1723 natura
1661 1697 1698 1724 sit

905 1742 1102 1777 inseparabilis,
1117 1742 1185 1769 Filio
1199 1750 1306 1769 carnem
1325 1743 1428 1775 induto,
1448 1750 1528 1774 nemo
1545 1742 1651 1769 Patrem
1670 1748 1701 1769 et

905 1787 1159 1823 Spiritum‘carnem
1180 1787 1278 1815 dixerit
1296 1788 1426 1820 induisse,
1448 1788 1485 1814 ita
1497 1787 1637 1815 divinitate
1650 1795 1698 1821 per

905 1840 1047 1867 personam
1065 1831 1126 1859 Filii
1139 1832 1298 1859 humanitati
1315 1832 1471 1866 conjuncta,
1488 1837 1515 1860 et
1539 1832 1696 1859 indivisibiii

906 1884 1092 1915 permanente,
1115 1879 1239 1914 quamvis
1250 1872 1405 1906 humanitas
1416 1879 1476 1913 ejus
1486 1878 1696 1906 circumscriba-

907 1930 952 1952 tur
977 1929 1003 1953 et
1015 1925 1182 1959 exprimatur
1194 1925 1320 1959 imagine,
1337 1932 1390 1953 non
1406 1929 1494 1952 tamen
1515 1924 1616 1952 idcirco
1628 1923 1698 1951 divi-

908 1972 979 2000 nitas
993 1971 1074 1999 etiam
1091 1970 1174 2005 ipsius
1201 1971 1387 1998 circumscribi
1405 1975 1433 1998 et
1448 1970 1565 2005 imagine
1580 1969 1702 2004 exprimi-

908 2023 1006 2054 potest.
1021 2018 1078 2045 illic
1090 2017 1161 2045 enim
1176 2017 1331 2051 conjunctio
1343 2017 1474 2044 naturalis
1490 2024 1541 2043 non
1554 2016 1698 2043 confundit

909 2071 1056 2100 personas;
1074 2063 1116 2089 hic
1139 2065 1228 2088 autern
1254 2062 1317 2089 unio
1331 2068 1379 2096 per
1399 2069 1542 2096 personam
1561 2065 1670 2088 naturas
1682 2068 1698 2088 ιι

910 2109 1027 2144 propriis
1041 2108 1161 2135 terminis
1173 2115 1226 2134 non
1240 2107 1370 2134 excludit.
1388 2107 1542 2134 Divinitutis
1555 2107 1626 2134 enim
1645 2111 1699 2134 ιον-

909 2155 997 2182 minus
1012 2159 1062 2187 est,
1078 2158 1106 2180 ut
1118 2154 1167 2181 sub
1182 2157 1320 2186 aspectum
1334 2160 1385 2180 non
1401 2153 1489 2186 cadat,
1506 2160 1554 2180 nec
1582 2153 1698 2179 circum-

65 2201 121 2234 γὰρ
139 2199 273 2234 θεότητος
288 2200 336 2234 μὲν
347 2200 379 2226 τὸ
393 2200 509 2235 ἀόρατόν
525 2209 554 2226 τε
574 2202 622 2227 καὶ
633 2202 843 2236 ἀπερίγραπτον

934 2201 1044 2227 :ribatur
1060 2208 1068 2227 :
1086 2199 1261 2226 humanitatis
1275 2203 1377 2232 autem,
1394 2204 1423 2225 ut
1441 2203 1470 2225 et
1485 2198 1598 2233 perspici
1613 2197 1701 2232 possit

65 2244 279 2280 ἀνθρωτῠότητος
293 2244 321 2270 δὲ
336 2244 367 2271 τδ
380 2245 477 2280 ὁρατὸν
489 2246 537 2272 καὶ
553 2246 752 2281 περιγραπτόν.

103 2291 136 2318 Εἰ
151 2292 201 2318 διὰ
230 2291 260 2317 τὸ
279 2291 324 2317 τὸν
351 2291 469 2326 Χριστὸν
495 2292 578 2326 σαρκὶ
609 2292 801 2328 ἐσταυρῶσθαι
828 2293 859 2320 τὸ

67 2337 299 2371 συίιπεπονθέναι
315 2337 362 2364 καὶ
376 2339 426 2372 τὴν
441 2337 556 2373 θεότητα
571 2338 662 2372 λέγειν
677 2340 786 2371 ἀσεεὲς,
803 2341 858 2375 ἄρα.

65 2384 116 2410 καὶ
134 2384 183 2410 διὰ
196 2383 228 2409 τὸ
242 2383 326 2419 σαρκὶ
340 2384 559 2419 περιγράφεσθαι
573 2385 655 2412 αὑτὸν
667 2386 698 2412 τδ
718 2394 861 2421 συμπερι-¹

65 2429 229 2465 γράφεσθαι
242 2429 289 2455 καὶ
310 2429 359 2464 τὴν
383 2430 497 2465 θεότητα
527 2430 617 2464 λέγειν
635 2432 735 2466 ὁμοίως
749 2433 858 2466 ἀσεϐὲς,

65 2476 187 2502 κάκεῖνο
204 2475 253 2510 μὲν
266 2474 471 2510 Θεοπασχιτῶν,
487 2475 564 2502 τοῦτο
575 2476 603 2502 δὲ
618 2476 821 2513 Εἰκονομάχων.

104 2608 149 2642 Τῇ
167 2606 256 2641 πολλῇ
270 2607 316 2633 καὶ
333 2606 466 2642 ἁφράστῳ
482 2606 549 2642 πρὸς
560 2606 604 2633 τὸν
628 2607 745 2643 Χριστὸν
758 2611 859 2646 στοργῇ

66 2653 227 2689 σεϐόμεθα,
244 2653 290 2679 καὶ
307 2653 514 2688 προσκυνοῦμεν
527 2653 574 2680 καὶ
589 2653 652 2685 τοὺς
678 2653 777 2686 τόπους
797 2654 861 2682 ἔνθα

65 2699 295 2736 περιεπάτησεν,
307 2699 324 2734 ἢ
338 2699 477 2730 ἐκάθισεν,
494 2699 525 2726 οὐ
544 2699 606 2731 τοὺς
622 2700 723 2732 τόπους
739 2709 862 2736 προσκυ-

64 2746 187 2775 νοῦντες
201 2743 303 2775 ἁπλῶς.
318 2744 386 2771 ἀλλὰ
399 2744 434 2770 δι⁹
456 2745 546 2771 αὐτῶν
560 2745 606 2771 τὸν
624 2745 652 2771 ἐν
678 2745 770 2777 αὐτοῖς
796 2747 861 2773 ἀνα-

68 2789 249 2824 στραφέντα,
271 2788 319 2815 καὶ
341 2789 384 2816 διὰ
409 2789 461 2816 τῶν
477 2790 565 2817 τόπων
582 2790 680 2825 ἐκείνῳ
707 2790 756 2825 τὴν
779 2793 861 2827 τιμὴν

66 2835 275 2870 ἀναφέροντες.

909 2251 935 2273 et
950 2245 1151 2272 circumscribi.

945 2291 985 2324 Si,
997 2291 1060 2324 quia
1070 2290 1193 2317 Christus
1203 2288 1348 2317 crucifixus
1364 2293 1405 2316 est
1423 2296 1514 2320 carne,
1530 2289 1697 2316 divinitatem

909 2337 1079 2364 situuletiam
1100 2343 1206 2370 passam
1219 2343 1279 2363 esse
1292 2335 1383 2362 dicere
1395 2335 1505 2369 impium
1520 2339 1572 2368 est,
1586 2335 1698 2369 impium

911 2383 973 2409 item
999 2387 1041 2408 est
1056 2382 1144 2408 dicere
1159 2380 1329 2408 divinitatem
1359 2380 1554 2412 circumscribi,
1570 2382 1697 2416 qu0niam

911 2429 967 2462 ipse
984 2433 1065 2455 carne
1078 2426 1323 2455 circumscribitur.
1346 2426 1413 2454 Illud
1430 2427 1500 2454 enim
1518 2426 1556 2454 illi
1578 2427 1699 2454 sentiunt

912 2473 1041 2505 hmretici,
1056 2473 1102 2508 qui
1119 2472 1200 2499 Deum
1214 2472 1349 2507 patibilem
1365 2476 1499 2503 asserunt.
1515 2477 1543 2499 et
1556 2476 1696 2506 propterea

910 2524 1041 2548 vocantur
1058 2517 1271 2553 Theopaschitm.
1290 2517 1348 2545 Hoc
1367 2522 1455 2544 autem
1468 2517 1587 2544 sentiunt
1603 2518 1697 2552 imagi-

911 2571 973 2591 nmn
990 2567 1199 2597 oppugnatores,
1215 2562 1260 2596 qui
1280 2561 1449 2588 lcoumnachi
1460 2562 1644 2589 nominantur.

945 2609 1039 2644 Magna
1052 2615 1130 2643 atque
1140 2607 1289 2636 incredibili
1300 2615 1361 2642 crga
1371 2607 1505 2635 Christum
1516 2607 1699 2634 benevolentia

911 2654 1017 2682 adducti
1035 2661 1193 2682 veneramur
1205 2659 1232 2680 et
1247 2654 1392 2681 adoramus
1410 2653 1493 2680 etiam
1513 2653 1583 2684 loca,
1597 2653 1623 2680 in
1638 2654 1699 2687 qui.

912 2701 962 2728 bus
981 2699 1037 2734 ipse
1062 2699 1208 2727 ambulavit
1234 2705 1262 2727 et
1285 2700 1367 2732 sedit,
1393 2707 1447 2726 non
1464 2703 1553 2726 tamen
1575 2705 1606 2725 ea
1640 2698 1700 2726 loca

912 2747 1068 2782 simpliciter
1081 2746 1234 2779 adorantes,
1259 2746 1306 2774 scd
1318 2754 1364 2781 per
1376 2747 1431 2780 ipsa
1445 2753 1507 2773 eum
1522 2745 1568 2780 qui
1596 2745 1622 2772 in
1635 2745 1700 2779 ipsis

913 2798 1034 2822 versatus
1043 2797 1095 2822 est.
1111 2794 1197 2829 Atque
1209 2794 1243 2821 ita
1259 2801 1306 2828 per
1320 2793 1377 2821 loca
1398 2792 1527 2821 hcuorcm
1538 2791 1590 2827 ipsi
1606 2792 1701 2820 tribui-

914 2848 985 2866 IIIIIS»
