1873 3075
69 128 130 161 1173

507 132 697 164 PANOI’LIA
717 133 994 165 DOGMATICA;-
1013 135 1090 166 TIT.
1106 136 1220 169 XXIII.

1614 134 1683 166 11⁵14

68 188 109 213 καὶ
124 186 168 213 ἐπὶ
179 185 227 221 τῆς
242 185 429 222 Θεομήτορος.
450 187 482 215 Ἦ
497 188 553 224 γὰρ
567 189 608 221 εἰς
624 189 711 225 αὐτὴν
720 189 789 226 τιμὴ
800 191 839 222 εἰς
854 192 879 222 Α

926 190 1024 219 milith
1036 195 1063 219 et
1077 199 1121 219 res
1138 199 1153 219 a
1164 191 1264 220 sanctis
1277 191 1381 220 fortiter
1402 196 1492 227 gestas
1520 191 1684 226 imaginibus

67 232 108 259 τὸν
117 232 145 265 ἐξ
159 232 243 268 αὐτῆς
258 233 437 268 σαρκωθέντα
455 235 601 269 ἀνάγεται.
622 235 741 271 Ὁμοίως
751 235 781 262 δὲ
791 235 840 263 καὶ

68 279 98 303 τὶ
113 277 194 313 ἁγίων
205 279 443 316 ἀνδραγαθήματα
458 282 641 317 εἰκονίζορεν,
658 282 843 317 ὲπαλείφοντα

67 325 135 358 ημᾶς
160 325 228 360 πρὸς
243 326 366 361 ἀνδρίαν,
391 329 440 355 καὶ
462 329 556 362 ζῆλον,
580 329 627 356 καὶ
653 329 772 365 μίμησιν
788 329 840 364 τῆς

66 370 150 397 αὐτῶν
164 372 272 408 ἀρετῆς,
288 373 337 400 καὶ
351 373 431 407 δόξαν
445 375 525 402 Θεοῦ.
553 375 598 407 Ὠς
620 375 675 411 γὰρ
686 376 804 411 ἔφημεν.
822 377 840 411 ὴ

66 417 128 450 πρὸς
140 417 200 449 ’τοὺς
218 418 394 454 εὐγνώμονας
409 421 464 448 τῶν
476 420 629 456 ὁμοδούλων
646 421 715 456 τιμὴ
729 421 842 448 ἀπόδει-

65 461 102 494 ξιν
118 463 172 498 ἔχει
185 465 234 499 τῆς
249 466 319 500 πρὸς
330 467 376 493 τὸν
392 467 483 494 κοινὸν
497 468 638 503 Δεσπότην
649 468 769 500 εὐνοίας.
785 467 842 494 Καὶ

65 510 81 543 ἡ
97 511 142 546 τῆς
152 511 255 544 εἰκόνος
270 514 339 549 τιμὴ
362 514 403 545 εἰς
426 514 458 542 τὸ
486 515 668 550 πρωτότυπον
694 514 842 542 διειὸαινει.

67 557 140 584 Ἔστι
158 558 186 585 δὲ
200 559 325 595 ἄγραφος
340 561 357 595 ἡ
371 561 535 596 παράδοσις,
550 562 644 598 ὥσπερ
657 562 706 590 καὶ
726 561 757 588 τὸ
770 561 843 589 κατὰ

65 602 192 636 ἀνατολὰς
208 607 387 640 προσκυνεῖν,
404 607 453 633 καὶ
469 607 500 633 τὸ
513 609 680 643 προσκυνεῖν
696 607 743 635 τὸν
759 616 842 634 σταυ-

66 651 116 684 ρδν.
135 651 179 678 καὶ
196 652 277 686 ἔτερα
291 653 407 681 πλεῖστα
421 654 528 685 τούτοις
539 655 630 689 ὅμοια.

95 697 204 732 Φερεται
218 698 245 725 δὲ
256 705 303 726 και
316 707 360 731 τις
378 700 492 735 inopia,
513 700 551 732 ὡς
566 700 581 727 ό
604 701 718 736 Κύριος,
748 701 843 734 Δὺγά-

66 750 108 775 ρον
122 743 167 770 τοῦ
184 743 232 779 τῆς
259 745 430 781 Ἐδεσσηνῶν
443 747 547 778 πόλεως
568 747 770 782 βασιλεύοντος,
789 748 844 780 ζω-

65 789 164 824 γράφον
189 791 403 825 ἀποστείλαντος
427 793 479 830 τὴν
499 794 547 820 τοῦ
573 793 679 828 Κυρίου
697 794 845 829 ὁμοιογρα-

65 835 143 870 φῆσαι
160 837 264 869 εἰκόνα,
282 839 320 873 μὴ
332 838 494 873 δυνηθέντος
507 837 555 865 τοῦ
575 838 724 874 ζωγράφου
735 838 779 865 διὰ
794 839 844 874 τὴν

66 881 280 911 ὰποστίλδουσαν
303 884 352 911 τοῦ
381 884 532 920 προσώπου
555 885 748 920 λαμπρότητα,
764 885 845 917 αὐτὸς

65 927 168 962 ἱμάτιον
184 929 223 965 τῷ
237 930 332 965 οἰκείῳ
348 931 501 967 προσώπῳ,
515 931 556 967 τῷ
575 931 640 966 θείῳ
658 932 706 959 καὶ
721 931 845 966 ζωοποιῷ

64 974 172 1008 ἐπιθεὶς,
186 976 382 1011 ὲναπεμάξατο
395 977 434 1013 τῷ
450 977 552 1013 ἰματίῳ
568 977 599 1005 τὸ
614 977 713 1005 ἑαυτοῦ
729 978 845 1004 ἀπεικό-

63 1027 150 1055 νισμα,
167 1022 213 1049 καὶ
229 1022 318 1054 οὓτως
331 1023 475 1050 ἀπέστειλε
494 1024 572 1051 τοῦτο
586 1024 714 1051 ποθοῦντι
728 1024 767 1059 τῷ
791 1025 846 1051 Αὑ-

65 1071 149 1102 γαρῳ.
166 1068 229 1095 Ὀτι
249 1069 278 1095 δὲ
295 1070 343 1096 καὶ
365 1069 479 1097 πλεῖστα
499 1071 525 1098 οἰ
545 1071 690 1098 ἀπόστολοι
712 1071 846 1106 ἀγράφως

65 1114 280 1149 παραδεδώκασι,
293 1115 399 1150 γράφει
412 1116 517 1149 Παῦλος
528 1118 543 1144 ό
558 1117 614 1144 τῶν
629 1117 713 1144 ἐθνῶν
729 1117 846 1145 ἀπόστοι

63 1159 186 1196 λος’¹Ἀρα
195 1160 268 1196 οὖν,
285 1163 423 1198 ἀδελφοὶ,
435 1163 563 1197 στήκετε
573 1164 696 1198 ἑδραῖοι,
715 1165 764 1192 καὶ
774 1172 845 1198 κρα-

63 1205 136 1233 τεῖτε
148 1209 202 1240 τὰς
214 1209 402 1243 παραδόσεις
425 1209 522 1244 ἡμῶν,
539 1209 576 1243 ἅς
595 1210 772 1244 ἐδιδάχθητε
785 1210 846 1238 εἴτε

62 1249 108 1278 διὰ
119 1252 211 1287 λόγου
225 1253 287 1280 εἴτε
298 1253 508 1290 δι’ὲπιστολης
520 1254 616 1288 ἡμῶν.
632 1256 689 1282 Καὶ
706 1256 774 1291 πρὸς
791 1257 847 1283 Κο-

65 1298 195 1333 ρινθίους,ξ
202 1301 334 1329 Ἐπαινῶ
344 1302 379 1329 δὲ
390 1302 617 1337 ὐμᾶς,ἀδελφοί,
627 1303 672 1330 ὅτι
681 1303 779 1330 πάντα
789 1312 846 1337 μου

61 1344 220 1379 μέμνησθε,
236 1348 287 1374 καί
307 1348 406 1382 καθὼς
420 1348 579 1383 παρέδωκα
600 1348 672 1384 ὑμῖν
685 1348 739 1382 τὰς
755 1357 849 1383 παρα-

62 1389 170 1425 δόσεις,
186 1393 341 1428 κατέχετε.

384 1439 515 1474 Ἑτέρου.

95 1484 155 1512 Τῶν
165 1486 214 1520 μὲν
228 1486 384 1521 βδελυκτῶν
397 1486 515 1515 εἰδώλων
529 1488 563 1516 τὰ
575 1489 742 1523 πρωτότυπα
749 1488 846 1523 ψευδῆ,

892 236 1071 272 explicamus,
1081 241 1137 265 tum
1152 242 1181 265 ut
1196 244 1245 265 nos
1262 237 1294 264 ad
1308 230 1493 265 fortitudinem
1515 241 1542 265 et
1555 236 1682 265 virtutem

889 283 1013 318 ipsorum
1043 283 1220 311 acmulandam
1252 289 1332 319 atque
1360 283 1520 311 imitandam
1559 284 1685 315 incitent,

892 334 948 356 tum
962 329 995 357 ad
1010 329 1124 366 gloriam
1143 330 1199 358 Dei.
1216 329 1283 358 Nam
1303 331 1400 364 honor,
1415 334 1444 357 ιιι
1458 330 1588 362 diximus,
1602 337 1684 365 quem

891 374 976 408 gratis
990 374 1035 402 Dei
1055 376 1194 403 conservis
1207 377 1350 410 habemus,
1379 376 1481 404 amoris
1488 383 1550 411 erga
1562 383 1686 403 commu-

894 428 955 448 nem
985 421 1127 449 Dominum
1157 422 1286 450 indicium
1315 427 1368 450 est.
1396 422 1428 450 Et
1447 421 1574 457 imaginis
1599 422 1686 450 honor

894 466 991 494 transit
1006 468 1039 494 ad
1052 467 1200 502 exetnplar.
1213 467 1260 495 Est
1274 473 1361 495 autem
1375 468 1527 496 institutum
1545 475 1598 495 non
1618 468 1686 495 sori-

895 517 981 548 ptum,
995 513 1043 541 sed
1060 521 1109 549 per
1129 521 1227 542 manus
1246 516 1396 547 traditum;
1412 515 1640 550 quemadmodum
1660 519 1688 542 et

894 559 970 590 illud.
981 560 1053 594 quod
1065 560 1243 589 ad'orieutetn
1255 562 1381 589 conversi
1398 568 1548 595 precamur,
1561 561 1688 597 quodque

895 612 1004 632 erucem
1023 606 1211 640 adoramus,ot
1230 607 1282 634 alia
1299 607 1414 642 pluritna
1433 608 1473 635 his
1487 607 1599 635 similia.

932 695 1091 731 Quanquam
1111 702 1137 724 et
1150 697 1264 725 historia
1277 697 1393 733 quadam
1417 698 1550 734 proditum
1563 703 1614 732 est,
1627 706 1689 727 cum

896 740 1095 770 Eulessenorum
1112 743 1231 772 civitatis
1249 752 1296 772 rex
1314 746 1438 780 Angarus
1450 745 1579 780 pictorem
1600 745 1689 773 misis-

897 794 950 821 set,
963 788 1009 823 qui
1022 788 1130 817 Domini
1156 789 1302 825 imaginem
1326 791 1458 826 pingeret,
1473 791 1551 825 isque
1578 794 1690 825 propter

895 832 1041 868 fulgentem
1068 834 1157 861 vultus
1181 835 1349 869 splendorem
1365 835 1392 862 id
1402 836 1508 870 assequi
1523 842 1576 862 non
1590 839 1690 870 posset,

897 877 1040 906 Dominum
1058 879 1144 914 ipsum
1160 879 1200 907 ori
1214 887 1264 907 suo
1279 880 1372 908 divino
1396 885 1479 914 atque
1493 880 1564 908 almo
1580 880 1690 915 pallium

895 925 1096 958 admovisse,iu
1115 932 1203 961 eaque
1211 926 1348 961 propriam
1361 927 1506 961 imaginem
1532 933 1691 961 expressam

895 971 929 998 ad
942 971 1082 1006 Augarum
1099 971 1215 1004 misisse,
1230 971 1276 1006 qui
1303 971 1375 999 illius
1388 973 1523 1000 desiderio
1536 973 1690 1000 tenebatur.

895 1017 973 1050 Quod
990 1023 1080 1044 autem
1114 1017 1198 1045 multa
1230 1018 1265 1044 ab
1295 1018 1426 1052 apostolis
1444 1026 1497 1045 non
1514 1019 1624 1051 scripta,
1643 1020 1692 1046 sed

895 1070 943 1098 per
957 1070 1053 1090 manus
1069 1063 1167 1091 tradita
1197 1064 1261 1096 sint,
1286 1064 1385 1091 Paulus
1407 1066 1526 1099 gentium
1556 1065 1693 1100 apostolus

895 1108 989 1135 scribit
1005 1117 1011 1136 :
1027 1108 1129 1144 Itaque,
1140 1109 1246 1143 fratres.
1260 1110 1394 1144 inquiens.
1406 1115 1472 1138 state
1484 1115 1508 1138 et
1517 1115 1598 1137 tenete
1610 1110 1693 1137 tradi-

896 1154 980 1181 tiones
994 1160 1109 1189 nostras,
1121 1163 1186 1190 quas
1198 1156 1329 1183 didicistis
1340 1157 1392 1183 sive
1418 1165 1464 1191 per
1473 1165 1630 1188 sermonem,
1641 1157 1693 1184 sive

896 1209 942 1236 per
960 1202 1099 1236 epistolam
1115 1204 1266 1230 nostram‘.
1279 1203 1313 1230 Et
1327 1205 1359 1230 ad
1373 1203 1531 1231 Corinthios
1555 1212 1562 1231 :
1588 1203 1692 1235 Laudo,

897 1248 993 1283 inqu't.
1008 1257 1062 1281 vos,
1075 1249 1144 1283 quod
1152 1256 1197 1284 per
1207 1251 1294 1276 omnia
1309 1250 1358 1276 mci
1367 1258 1490 1277 memores
1504 1251 1575 1282 estis,
1590 1256 1613 1278 el
1625 1251 1692 1277 sicut

898 1295 997 1322 tradidi
1012 1294 1094 1328 vobis,
1112 1295 1270 1322 traditiones
1282 1303 1354 1322 mea:
1375 1297 1467 1323 tenetis
1482 1296 1503 1323 '.

1233 1442 1360 1470 Alterius.

935 1485 1138 1515 Detestabilium
1153 1487 1286 1515 idolorum
1302 1488 1465 1523 exetnplaria
1478 1493 1538 1515 sttttt
1555 1489 1620 1516 falsa
1633 1498 1640 1518 :
1656 1489 1694 1516 dii

64 1529 117 1557 οωι
144 1532 192 1566 μὲν
207 1532 412 1568 ὀνομαζόμενα,
440 1534 568 1569 δαίμονες
589 1535 618 1561 δὲ
636 1535 721 1562 liv-ra“
741 1534 795 1561 τῶν
821 1534 850 1562 δὲ
863 1538 884 1569 α

926 1533 974 1560 tim
1005 1539 1147 1567 vocantur,
1175 1542 1236 1562 cum
1260 1535 1395 1563 daemones
1410 1535 1474 1562 sint.
1494 1534 1694 1562 Venerabilium

64 1579 167 1605 σεπτῶν
181 1580 296 1607 εἰκόνων
310 1581 397 1616 ἀληθῆ
419 1581 454 1607 τὰ
469 1581 626 1616 ἀρχέτυπα.
643 1582 701 1616 Τῆς
719 1582 769 1617 μὲν
792 1582 848 1617 γὰρ

62 1623 76 1651 ό
90 1624 204 1660 Χριστὸς
216 1626 290 1653 κατὰ
308 1627 337 1653 τὸ
352 1627 536 1662 ἀνθρώπινον,
561 1628 611 1662 τῆς
626 1628 655 1655 δὲ
673 1629 689 1664 ἠ
705 1628 848 1662 Θεοτὸκος,

63 1672 108 1697 καὶ
122 1672 175 1699 τῶν
189 1673 278 1700 ἄλλων
293 1674 408 1700 εἰκόνων
434 1676 458 1701 οἱ
479 1674 594 1706 ταύταις
615 1675 849 1711 ὲπιφημιζόμενοι

63 1716 143 1749 ἅγιοι.
156 1718 214 1745 Καὶ
230 1714 312 1745 αὗται
332 1718 381 1753 μὲν
399 1719 506 1746 ἐοίκασι
521 1720 577 1751 τοῖς
593 1721 798 1754 πρωτοτύποις,
809 1721 851 1748 διδ

61 1766 107 1789 καὶ
126 1764 234 1796 εἰκόνες
250 1764 288 1796 ὠς
310 1764 474 1800 ὁμοιώματα
485 1773 494 1782 ·
512 1767 606 1792 ἐκεῖνα
632 1766 661 1793 δὲ
677 1766 851 1794 παντάπασιν

61 1810 194 1843 ἁνοίκεια,
214 1809 254 1839 ὦν
269 1810 340 1839 εἶναι
363 1811 501 1846 λέγονται,
529 1813 577 1840 καὶ
594 1812 745 1848 ἀμέθεκτα.
771 1814 851 1840 Ποῖον

62 1856 115 1890 γὰρ
129 1856 177 1884 τοῦ
195 1857 235 1893 μὴ
259 1857 336 1890 δντος
360 1858 489 1892 εἰδωλονς
516 1859 623 1886 Εῖδωλα
643 1857 690 1886 οὗν
706 1860 743 1890 ὠς
759 1860 851 1886 εἰκότα

60 1903 148 1931 ὃλλειν
177 1906 227 1933 καὶ
254 1906 422 1942 διαφῧείρειν
443 1909 507 1938 τοὺς
524 1908 669 1943 ,τιμῶντας
689 1909 769 1935 αὐτά.
797 1909 851 1936 Καὶ

61 1948 96 1974 τὰ
112 1949 163 1983 μὲν
186 1950 287 1977 εἴδωλα
303 1951 366 1978 ὕλαι
382 1952 473 1987 μόνον,
497 1953 525 1979 αἰ
539 1953 568 1980 δὲ
583 1953 687 1985 εἰκόνες
713 1954 776 1980 ὕλαι
802 1957 852 1988 μὲν

63 1993 234 2036 καὶιαῦται,
269 1999 436 2034 ἡγιασμέναι
465 2000 494 2027 δὲ
525 2002 582 2032 τοῖς
606 2001 842 2036 ὲντετυπωμένοις

62 2043 222 2079 όμοιώμασι
234 2046 287 2072 τῶν
300 2045 396 2080 ἁγίων.

365 2135 491 2163 ΤΙΤΛΟΣ
508 2136 572 2165 KI".

322 2180 406 2208 Κατὰ
425 2181 591 2214 Ἀρμενίων.

96 2227 178 2254 Μετὰ
192 2226 244 2261 τὴν
262 2227 283 2253 δ’
302 2227 331 2253 ἐν
347 2208 503 2262 Χαλκηδόνι
519 2227 632 2254 σύνοδον
647 2228 853 2263 ἀπορρήξαντες
869 2208 891 2236 D

61 2273 180 2306 ἑαυτοὺς
199 2273 252 2308 τῆς
278 2273 428 2309 καθολικῆς
464 2273 630 2309 Ἐκκλησίας
653 2275 679 2301 οἱ
714 2274 854 2310 Ἀρμένιοι

60 2319 107 2346 διά
122 2329 199 2352 τινος
223 2320 349 2354 Ἐχανίου
363 2320 410 2346 τοῦ
425 2321 472 2347 καὶ
482 2321 667 2355 Μαντακουνῆ
682 2329 855 2356 προσονομα-

60 2364 198 2402 ζηιμένςυ,
212 2366 259 2393 καὶ
273 2366 327 2392 τῶν
341 2366 390 2393 σὺν
405 2365 479 2401 αὐτῷ
493 2365 613 2402 βεϐήλων
630 2367 736 2401 ἱερέων,
751 2367 798 2393 καὶ
806 2367 855 2401 τὴν

62 2411 219 2447 Εὐτυχοῦς,
234 2412 283 2439 καὶ
295 2412 453 2447 Διοσκόρου,
481 2415 529 2440 καὶ
548 2413 602 2439 τῶν
619 2413 707 2440 ἄλλων
730 2414 857 2447 Μονοφυ-

62 2459 150 2485 σιτῶν
164 2458 330 2491 κακοδοξίαν
346 2459 546 2494 εἰσδεξάμενοι,
563 2460 736 2494 προσθήκαις
747 2459 856 2486 ἀσεϐῶν

60 2504 213 2539 δογμάτων
237 2505 396 2540 ἐπηύξησαν
427 2506 524 2541 αὐτὴν,
549 2506 597 2532 καὶ
619 2507 857 2542 περιφανεστέραν

61 2550 246 2585 εἰργάσαντο.
263 2552 333 2577 Φασὶ
350 2552 404 2588 γὰρ
417 2552 455 2587 μὴ
473 2551 659 2579 ἀναλαϐέσθαι
677 2552 722 2579 τὸν
736 2553 856 2588 Χριστὸν

60 2596 215 2630 ὁμοούσιον
228 2598 295 2632 ἡμῖν
309 2597 401 2632 σῶμα,
416 2598 474 2624 ἀλλ’
498 2598 638 2633 ἄφθαρτόν
656 2607 694 2630 τι,
710 2599 758 2625 καὶ
782 2599 856 2626 ἀπα-

61 2643 122 2675 θὲς,
141 2642 192 2670 καὶ
204 2643 313 2677 λεπτὸν,
329 2645 376 2671 καὶ
386 2644 525 2675 ἄκτιστον.
538 2644 586 2671 καὶ
607 2645 745 2680 οὐράνιον*
771 2645 856 2672 ὀπτά-

60 2689 164 2715 νεσοαι
180 2688 219 2721 δὲ,
234 2690 280 2716 καὶ
297 2689 398 2723 ἐσθίον,
415 2689 462 2716 καὶ
477 2690 566 2723 πίνον,
580 2690 629 2717 καὶ⁴
644 2690 729 2716 τᾶλλα
743 2690 799 2716 τῶν
810 2691 857 2716 ἀν-

62 2733 217 2768 θρωπίνων
231 2734 318 2761 ποιεῖν
326 2734 397 2761 κατὰ
406 2735 568 2768 φαντασίαν.
578 2734 664 2762 Πάλιν
675 2735 704 2761 δὲ
719 2735 855 2769 λέγουσιν,

60 2779 107 2806 ὅτι
132 2777 184 2806 καὶ
208 2779 279 2815 αὑτὴ
300 2780 316 2816 ἠ
344 2780 495 2816 δηλωθιϊσα
516 2781 586 2816 σὰρξ
602 2781 684 2809 αὐτοῦ
712 2782 752 2814 εἰς
774 2781 856 2817 φύσιν

100 2873 110 2888 ι
123 2871 148 2899 ιι
167 2870 264 2901 Thess.
277 2880 307 2904 ιι,
323 2871 365 2900 Η.
403 2871 431 2899 Ἰ
446 2871 507 2900 Cor.
525 2879 561 2905 ιι,
576 2871 602 2899 2.

900 1583 990 1606 autem
1007 1579 1155 1613 imaginum
1171 1587 1233 1607 vera
1250 1585 1314 1607 sunt
1328 1580 1507 1615 exemplaria.
1525 1580 1611 1614 llujus
1622 1580 1693 1607 enim

899 1625 1178 1664 Cbrislus_quatcnus
1190 1626 1270 1653 homo
1285 1632 1341 1659 est;
1359 1626 1430 1653 illitts
1444 1631 1533 1653 autent
1551 1626 1595 1654 Dei
1613 1626 1695 1654 Ceni-

902 1673 975 1706 trix;
992 1673 1106 1700 aliarum
1123 1673 1280 1707 imaginum,
1296 1673 1342 1708 qui
1358 1679 1408 1708 per
1440 1673 1500 1700 illas
1525 1673 1696 1700 celebrantur

901 1722 1001 1749 sancti.
1017 1721 1198 1754 Quamobrem
1217 1726 1243 1748 et
1265 1721 1396 1756 imagines
1422 1726 1485 1748 sunt
1512 1725 1639 1755 tanquam
1658 1720 1697 1748 si-

901 1768 1084 1801 militudines;
1103 1768 1172 1795 idola
1187 1775 1250 1795 vero
1267 1775 1328 1794 ctttn
1348 1767 1411 1799 illis,
1441 1775 1557 1802 quormn
1573 1775 1633 1795 esse
1655 1767 1697 1794 di-

901 1819 1000 1842 cuntur
1030 1813 1127 1846 simile,
1157 1818 1183 1840 et
1207 1821 1350 1841 commune
1370 1813 1434 1841 nihil
1462 1813 1562 1840 habent
1574 1813 1696 1841 omnino.

903 1861 986 1893 Quale
1006 1861 1077 1888 enim
1099 1861 1138 1888 rei
1169 1868 1221 1888 non
1246 1860 1401 1889 cxsislentis
1433 1859 1610 1887 simulacrum
1642 1859 1698 1887 sit?

903 1905 1008 1932 Εἴδωλο.
1037 1905 1118 1940 igitur
1149 1906 1221 1934 dicta
1239 1911 1320 1938 sunt,
1346 1905 1425 1941 quasi
1451 1906 1579 1933 dicantur
1603 1905 1695 1932 εἰκότα

902 1951 1000 1983 ὃλλειν,
1018 1959 1078 1984 quae
1098 1959 1195 1986 nempe
1210 1959 1256 1978 cos
1272 1951 1385 1986 perdere
1413 1951 1559 1979 videantur
1573 1950 1619 1986 qui
1649 1951 1697 1979 ad-

903 2003 984 2025 orant
1002 2004 1044 2024 ca.
1062 1996 1134 2024 ldola
1153 1998 1264 2025 materia
1280 2001 1385 2024 tantum
1401 2002 1475 2031 sunt;
1490 1997 1620 2032 imagines
1633 2004 1697 2024 vero

904 2045 1015 2072 materia
1027 2044 1133 2078 quidem
1145 2048 1172 2071 et
1183 2044 1248 2078 ipsa:
1259 2049 1332 2078 sunt,
1345 2045 1391 2071 sed
1401 2051 1460 2078 qua:
1472 2050 1565 2071 sancta
1580 2043 1626 2077 sit,
1636 2050 1699 2078 pro-

905 2095 963 2126 pter
982 2092 1127 2126 impressas
1151 2095 1305 2117 sanctorum
1334 2090 1537 2118 similitudines.

1167 2135 1317 2164 TITULUS
1337 2136 1430 2164 XXlll.

1152 2185 1283 2211 Adversus
1303 2184 1451 2211 Armenios.

942 2231 1005 2258 Post
1023 2235 1150 2266 qttartum
1167 2230 1308 2257 concilium
1339 2229 1558 2258 Chalcedonense
1577 2228 1699 2256 Armenii

905 2277 1017 2304 Echanii
1033 2276 1183 2310 cujusdam,
1204 2276 1250 2310 qui
1264 2280 1290 2302 et
1307 2274 1486 2302 Mandacuues
1503 2273 1699 2309 appellabatur,

906 2327 933 2350 et
945 2323 1130 2358 profanorum,
1146 2322 1191 2357 qni
1204 2329 1264 2349 cutn
1281 2322 1338 2356 ipso
1349 2325 1437 2353 erant,
1452 2320 1622 2348 sacerdotum
1636 2326 1700 2347 sua-

907 2376 937 2395 su
954 2368 987 2395 ab
1002 2367 1124 2395 Ecclesia
1148 2367 1284 2394 catholica
1309 2366 1477 2399 deﬁcientes,
1506 2370 1533 2392 et
1549 2365 1700 2401 improbam

888 2443 893 2445 Α
907 2414 1049 2449 Eutychis,
1069 2419 1150 2448 atque
1173 2413 1304 2445 Dioscori,
1318 2418 1345 2439 et
1359 2411 1473 2439 aliorum
1498 2411 1700 2446 Monophysita-

907 2469 977 2494 rum,
996 2461 1040 2496 qni
1054 2469 1133 2488 uuam
1161 2464 1263 2488 tanlutu
1281 2461 1306 2487 in
1329 2459 1438 2489 Christo
1456 2464 1580 2486 naturam
1595 2457 1701 2489 dicunt,

908 2508 1061 2542 opinionem
1085 2507 1182 2539 secuti,
1207 2507 1350 2541 impiorum
1374 2507 1527 2540 dogmatum
1544 2503 1702 2532 accessione

909 2554 981 2580 illaut
996 2553 1198 2580 cumulatiorcm
1214 2557 1239 2579 et
1253 2552 1426 2579 illustriorem
1444 2551 1628 2579 reddiderunt.
1653 2549 1699 2576 Di-

908 2605 972 2628 cunt
988 2599 1059 2627 enim
1072 2599 1209 2627 Christum
1233 2599 1385 2633 suscepisse
1401 2605 1499 2632 corpus
1509 2604 1562 2624 non
1578 2595 1699 2630 ejusdem

909 2646 1046 2677 essentia},
1059 2645 1138 2680 cujus
1160 2648 1251 2672 nostra
1266 2648 1329 2671 sunt
1353 2650 1478 2678 corpora,
1509 2642 1557 2671 sed
1576 2642 1700 2669 incorru‘

910 2691 1012 2725 plibile,
1024 2694 1051 2718 et
1062 2689 1218 2724 impatihile,
1231 2695 1257 2717 et
1267 2694 1355 2721 tenue,
1371 2693 1397 2716 et
1410 2688 1568 2722 increatum,
1586 2693 1614 2715 et
1625 2688 1703 2715 cccle-

909 2743 960 2770 ste,
976 2736 1045 2772 quod
1056 2741 1082 2764 ct
1098 2736 1202 2767 videre.
1218 2740 1245 2764 et
1259 2736 1411 2766 comedere.
1423 2739 1451 2762 et
1465 2734 1556 2762 bibere
1567 2734 1702 2766 videatur,

909 2788 936 2811 et
953 2783 1014 2811 aliis
1027 2782 1183 2810 muneribus
1197 2782 1322 2810 Immanis
1340 2781 1425 2816 iungi,
1453 2788 1514 2809 cum
1530 2785 1620 2808 tamen
1635 2780 1702 2808 nihil
