1873 3075
16 149 78 181 1181

479 147 668 178 PANOPLIA
686 145 918 177 DOGMATICA.
933 158 967 164 —
981 145 1054 177 ΤΙΤ.
1077 144 1192 175 XXIII.

1572 139 1640 172 “82

16 207 227 244 προεδρεύοντες
238 208 311 241 ἅγιοι
327 205 448 240 Πατέρες
462 204 545 240 ἀρτιν
560 204 601 236 είς
611 203 707 230 ουσίαν
719 209 804 232 προσ·
819 204 841 231 Α
856 210 882 237 p:

901 209 954 228 rem
969 200 1123 229 oﬂerimus.
1149 199 1232 227 Multa
1252 199 1303 226 alla
1323 205 1432 233 quoque
1446 197 1570 226 Christus
1587 198 1642 225 slio

16 255 117 289 ίφερον,
138 249 181 284 οἷς
198 252 250 280 καὶ
262 252 342 287 ἡμεῖς
361 250 616 282 ἐπακολουθοῦντες,
626 250 710 285 ἄρτον
719 256 805 282 προσ-

16 301 124 335 Ξγομεν.
152 298 248 326 Πολλὰ
270 299 299 325 δέ
319 298 365 325 καὶ
378 297 447 325 ἀλλα
465 298 480 324 ὸ
502 297 551 332 μιν
571 296 686 331 Χριστὸς
704 295 806 330 ἑτέρως

16 343 219 380 παραδέδωκεν,
233 342 262 369 οι
275 342 420 369 ἀπόστολοι
448 341 477 368 δὲ
492 341 539 369 καὶ
556 341 615 375 μετ’
629 339 751 370 ἐκείνους
778 339 803 365 οί

16 389 126 423 ῑιάδοχοι
139 387 250 414 τούτων
265 387 366 422 ἑτέρως
377 385 535 418 διετάξαντο
553 385 640 412 ταῦτα
667 383 803 418 γίνεσθαι,

16 435 57 461 ιύκ
67 433 279 468 ἐναντιούμενοι
289 433 329 468 τῷ
342 431 465 468 Χριστῷ,
476 432 535 463 πῶς
550 431 603 466 γάρ
616 439 624 464 ;
642 430 710 458 ἀλλά
737 429 805 456 πλα-

16 479 162 516 ιυνομὲνης
177 479 232 515 ἤδη
259 479 307 506 καὶ
317 479 504 514 αὐξανομένης
526 478 577 512 τῆς
602 477 732 509 πίστεως,
753 475 803 503 αὖ·

16 527 101 560 ξοντες
128 527 179 553 καὶ
207 525 288 553 αὐτοὶ
315 525 387 552 κατὰ
418 525 510 552 πᾶσαν
529 524 620 551 ἄδειαν
635 525 669 550 τὰ
684 522 803 558 Χριστοῦ

16 573 149 608 μυστήρια
168 571 242 608 πρὸς
253 571 333 604 δόξαν
347 571 395 598 καὶ
411 570 607 606 μεγαλωσύνην
622 568 706 596 αὑτοῦ
720 576 727 584 ·
745 567 803 595 οἷον

16 617 84 652 Βμέν
96 617 220 651 Χριστὸς
237 616 422 652 βαπτισθῆναι
433 615 529 647 οέλων,
542 615 572 641 οὺ
600 614 668 649 πρὸς
697 614 803 648 δυσμὰς

16 663 188 698 ἀπεστράφη,
205 663 247 698 τῷ
264 663 371 698 Σατανᾷ
385 662 429 689 διὰ
442 661 567 697 γλώσσης
587 660 803 695 ἀποταξάμενος,

16 708 69 734 ιᾶδὲ
83 709 154 744 πρὸς
166 709 304 740 ἀνατολὰς
319 708 493 743 ἀπεστράφη,
505 707 544 742 τῷ
566 707 625 742 Θεῷ
643 706 804 739 συνδοξαζὸ-

16 762 92 787 μενος
103 762 111 770 ’
127 754 191 781 οὐδὲ
205 754 238 780 τὸ
253 753 393 789 Σύμϐολον
408 753 459 789 τῆς
486 754 603 785 πίστεως
631 753 803 789 ἀνήγγειλεν,

16 799 70 826 ιύδέ
82 800 132 832 τὰς
146 800 236 836 εὐχὰς
247 800 398 834 ὑπεδέξατο
413 799 460 826 τοῦ
472 799 671 834 βαπτίσματος,
698 799 758 825 οὐδὲ
775 799 804 825 ἐν

16 844 189 882 κολυμϐήθρᾳ
204 846 371 882 ἐϐαπτίσθη,
397 846 458 873 οὐδὲ
484 845 597 880 ὲχρίσοη
622 845 715 880 ἐλαίῳ,
743 846 804 872 οὐδὲ

16 889 102 926 μύρῳ.
117 891 181 918 οὐδὲ
198 891 282 922 εὐθὺς
294 890 455 926 βαπτισθεὶς
466 890 513 917 τοῦ
535 889 700 917 Δεσποτικοῦ
726 891 804 924 μετὲ-

16 935 75 963 λιϐε
89 936 220 972 σώματος
231 936 281 963 καὶ
293 937 418 971 αἰματος.
450 936 546 971 Ἦμιῖς
570 936 598 962 δέ
625 937 660 963 τὰ
687 935 804 972 ρηθέντα

16 981 98 1009 πάντα
110 983 145 1009 τὰ
161 982 214 1016 μὲν
229 982 351 1017 δρῶμεν,
365 982 399 1008 τὰ
414 982 442 1008 δὲ
468 982 611 1017 πάσχομεν
637 981 802 1016 βαπτιζόμε-

16 1035 62 1054 νοι.
73 1028 128 1055 Καὶ
143 1027 229 1055 πάλιν
240 1028 255 1053 ὁ
271 1028 321 1062 μὲν
328 1027 445 1062 Χριστὸς
460 1027 490 1054 τὸ
505 1027 654 1063 μυστήριον
664 1023 806 1061 τῆς“πνευ-

16 1073 129 1108 μτικῆς
143 1073 255 1106 θυσίας,
270 1073 330 1108 ἦτοι
342 1073 389 1100 τοῦ
412 1072 579 1100 Δεσποτικοῦ
610 1073 734 1107 σώματος
757 1072 805 1098 καὶ

16 1118 126 1153 αἵματος
133 1120 164 1146 ἐν
180 1119 333 1155 Ἐκκλησία
342 1119 372 1146 οὐ
390 1119 560 1155 παρέδωκεν,
571 1118 639 1146 ἀλλὰ
650 1119 680 1144 ὲν
689 1117 805 1153 ὑπερῴῳ

16 1166 104 1200 κοινῷ.
117 1167 165 1193 καὶ
179 1166 210 1194 ἐν
224 1166 353 1202 τραπέζῃ
364 1167 451 1201 κοινῇ,
471 1166 518 1194 καὶ
545 1166 695 1201 προφαγὼν
721 1164 805 1199 ἕτερα

17 1209 215 1244 βρώματα,καὶ
231 1211 422 1246 ἀνακείμενος,
436 1211 485 1238 καὶ
503 1210 565 1237 οὔτε
581 1211 677 1246 στολὴν
703 1211 805 1246 ίερατι-

17 1256 65 1291 κὴν
87 1257 275 1293 ἐνδεδυμένος,
293 1257 355 1284 οὔτε
375 1259 409 1292 τῇ
429 1257 575 1292 ἀκολουθίᾳ
595 1257 644 1292 τῆς
668 1258 814 1292 ἡμετέροις¹

18 1302 169 1338 ιερουργίας
199 1305 374 1339 χρησάμενος
402 1305 431 1331 ἐν
461 1303 590 1339 ψαλμοῖς,
617 1304 664 1330 καὶ
698 1303 804 1339 ὕμνοις,

18 1349 61 1376 καὶ
74 1349 156 1385 ᾠδαῖς
172 1352 388 1386 πνευματικαῖς⁶
405 1351 485 1386 ἡμεῖς
498 1351 526 1378 δὲ
554 1351 583 1377 ἐν
616 1350 752 1386 ἐκκλησίᾳ
774 1358 804 1376 τε

18 1395 64 1431 τὴν
83 1397 244 1433 ίερουργίαν
260 1397 448 1432 ἐπιτελοῦμεν,
461 1398 509 1424 καὶ
523 1397 570 1424 ἐπὶ
581 1397 629 1424 τοῦ
654 1405 806 1432 πνευματι-

19 1442 66 1468 κοῦ
91 1442 298 1479 θυσιαστηρίου,
324 1444 374 1478 τῆς
403 1443 478 1478 ίερᾶς
501 1451 573 1478 φημι
589 1442 742 1478 τραπέζης,
757 1442 804 1469 καὶ

19 1488 133 1522 νήστεις,
144 1490 192 1517 καὶ
204 1490 333 1522 ἑστῶτες,
341 1497 389 1517 και
401 1490 450 1525 τὴν
459 1490 600 1525 ἱερατικὴν
614 1489 709 1524 στολὴν
725 1497 805 1523 περι-

858 247 941 274 modo
959 246 1084 279 tradidit,
1102 245 1220 281 apostoli
1242 252 1307 272 vero
1323 252 1473 279 eorumque
1498 251 1640 272 successo-

856 299 902 320 res
916 291 970 319 alio
984 291 1066 319 modo
1082 291 1141 318 ﬂeri
1164 290 1224 318 haec
1248 290 1400 325 jusserunt,
1424 297 1478 317 non
1500 288 1641 316 contradi-

857 342 953 365 centes
972 336 1103 370 Christo;
1118 336 1165 371 qui
1180 335 1253 363 enim
1274 335 1327 362 hoc
1341 334 1399 362 ﬁeri
1420 333 1523 369 possit?
1534 348 1569 354 —
1583 333 1642 366 sed,

857 389 1001 420 postquam
1021 382 1151 417 ﬁdeslam
1170 385 1318 417 propagata
1334 379 1553 416 ampliﬁcataque
1571 384 1641 411 erat,

855 429 1050 464 ampliﬁcaturi
1078 433 1105 456 et
1121 428 1175 463 ipsi
1192 427 1319 463 mysteria
1341 426 1443 454 Christi
1458 426 1491 453 ad
1509 426 1568 460 ejus
1583 425 1642 459 glo-

855 473 924 501 riam
953 477 1038 508 atque
1064 472 1313 508 magniﬁcentiam.
1343 471 1400 504 Sic,
1421 478 1448 499 e.
1462 478 1500 506 3.,
1515 470 1642 498 Christus

855 526 917 546 cum
944 517 1126 553 baptizandus
1149 522 1232 551 esset,
1258 525 1312 544 non
1328 516 1362 544 ad
1391 516 1572 547 occidentem,
1600 518 1643 541 ut-

855 569 919 598 pote
928 564 1036 592 Satante
1051 564 1215 591 renuntiatis
1228 564 1301 591 clara
1317 570 1393 595 voce,
1407 570 1496 597 neque
1505 561 1538 589 ad
1550 561 1643 589 orien-

856 614 910 636 tem
921 617 1073 637 conversus
1086 613 1140 642 est,
1154 609 1240 636 Deum
1254 616 1351 643 nempe
1364 608 1535 643 glorilicans;
1553 613 1643 641 neque

857 655 922 682 ﬁdei
946 655 1099 690 symbolum
1135 655 1335 690 pronuntiavit,
1368 661 1455 688 neque
1488 652 1641 680 orationem

855 701 1044 736 baptismalem
1077 701 1156 732 dixit,
1188 709 1278 736 neque
1304 701 1330 728 in
1350 698 1643 735 baptisteriobaptiza-

856 750 924 780 tus,
979 754 1067 782 neque
1108 747 1170 774 oleo
1209 751 1384 781 unguentove
1423 749 1465 772 est
1502 744 1643 775 intinctus,

854 800 907 820 nec
940 793 1031 819 statim
1066 797 1128 827 post
1168 793 1336 827 baptismum
1375 798 1475 826 corpus
1515 794 1544 817 et
1580 796 1644 816 san-

855 840 965 873 guinem
993 838 1166 866 Dominicum
1192 838 1319 872 sumpsit.
1343 837 1398 864 Nos
1416 840 1508 863 autem
1532 833 1644 868 quando

855 886 1028 922 baptizamur
1056 895 1118 922 quae
1144 886 1226 914 modo
1242 889 1391 912 memorata
1408 886 1472 910 sunt
1492 881 1584 908 omnia
1600 879 1643 906 vel

856 937 988 968 facimus,
1013 935 1057 963 vel
1072 935 1202 969 patimur.
1220 933 1307 960 Porro
1333 931 1460 958 Christus
1483 928 1642 965 mysterium

855 982 983 1011 sacriﬁcii
1010 981 1176 1016 spiritualis,
1203 979 1228 1006 id
1255 983 1296 1006 est
1313 977 1448 1004 Dominici
1474 975 1598 1010 corporis
1614 978 1642 1001 et

854 1027 996 1062 sanguinis
1008 1034 1062 1054 non
1081 1025 1194 1052 tradidit
1206 1025 1233 1051 in
1249 1022 1381 1054 Ecclesia,
1398 1022 1440 1050 vel
1455 1021 1482 1048 in
1498 1019 1642 1048 ccenacnlo

854 1073 991 1109 superiori
1004 1071 1189 1103 communi,et
1206 1072 1233 1098 in
1249 1077 1342 1098 mensa
1354 1067 1505 1098 communi,
1522 1070 1548 1094 et
1565 1069 1642 1100 post-

855 1128 937 1155 quam
963 1120 1033 1146 alios
1061 1119 1137 1146 cibos
1157 1117 1333 1148 comedisset,
1364 1119 1391 1141 et
1416 1112 1592 1143 accumbens,
1613 1114 1642 1138 et

855 1174 943 1201 neque
958 1166 1026 1193 stola
1050 1163 1215 1192 sacerdotali
1242 1162 1364 1192 indutus,
1382 1167 1471 1194 neque
1498 1165 1545 1192 per
1567 1156 1640 1191 psal-

856 1221 915 1240 mos
935 1217 963 1240 et
981 1212 1097 1247 hymnos
1112 1215 1138 1238 et
1155 1214 1254 1237 cantus
1272 1207 1430 1243 spirituales
1443 1210 1536 1232 nostra
1552 1202 1640 1230 sancti

857 1259 938 1286 oliicii
956 1257 1065 1285 ratione
1080 1263 1156 1286 usus.
1176 1254 1231 1283 Nos
1250 1259 1345 1282 contra
1362 1256 1390 1279 et
1405 1253 1432 1278 in
1451 1249 1564 1278 ecclesia
1577 1255 1642 1276 san-

857 1310 931 1333 ctum
953 1303 1071 1332 oﬂicium
1091 1303 1257 1338 peragimus,
1269 1305 1297 1328 et
1315 1301 1342 1328 in
1359 1298 1435 1326 altari
1451 1295 1595 1331 spirituali,
1612 1295 1640 1322 in

855 1359 933 1379 sacra
948 1350 1078 1378 nimirum
1095 1356 1200 1380 mensa,
1217 1353 1244 1375 et
1254 1347 1350 1382 jejuni,
1366 1351 1392 1372 et
1405 1349 1517 1376 stantes,
1530 1348 1557 1370 et
1571 1342 1640 1370 stola

856 1397 1017 1425 sacerdotali
1035 1396 1137 1427 amicti,
1156 1399 1184 1422 ct
1200 1393 1315 1428 psalmis
1335 1397 1363 1419 et
1377 1391 1485 1427 hymnis
1506 1395 1533 1416 et
1551 1388 1641 1416 canti-

856 1442 908 1470 bus
920 1441 1110 1477 spiritualibus
1128 1439 1270 1467 adhibitis.
1287 1439 1453 1472 'l‘emporum
1469 1435 1543 1462 enim
1560 1433 1643 1461 vicis-

857 1489 992 1517 situdines
1005 1495 1050 1515 res
1065 1485 1332 1521 stepinsimmutare,
1361 1481 1538 1510 et’obsolela
1563 1479 1643 1506 inno-

21 1533 190 1571 ϐεϐλημένοι,
211 1537 260 1564 καὶ
285 1538 414 1572 ψαλμοῖς,
428 1524 433 1525 ⁷
449 1524 497 1564 καί
520 1524 626 1571 ὕμνοις,
655 1535 702 1563 καὶ
725 1535 804 1570 ᾠδαῖς
818 1539 840 1570 C
859 1543 882 1562 γε

900 1542 923 1561 ’θ
938 1534 1037 1566 solent,
1067 1540 1122 1559 non
1146 1531 1257 1566 quidem
1275 1538 1329 1564 quo
1343 1529 1387 1555 illa
1404 1527 1577 1558 aboleanlur,
1594 1524 1642 1552 sed

22 1583 216 1616 πνευματικαῖς
235 1582 428 1618 χρώμενοι.Αι
457 1582 640 1613 καταστάσεις
673 1580 728 1616 γὰρ
750 1580 804 1607 τῶν

22 1627 120 1663 καιρῶν
132 1628 248 1656 είώοασι
277 1629 406 1660 πολλάκις
432 1629 557 1662 ἀμείϐειν
578 1628 613 1654 τά
640 1628 804 1663 πράγματα,

22 1674 65 1700 καὶ
89 1674 123 1701 τὰ
155 1676 324 1712 παλαιότερα
336 1676 520 1710 καινοτομεῖν,
534 1675 585 1701 οὐκ
607 1675 647 1706 είς
663 1674 804 1708 ἀναίρεσιν

22 1718 139 1754 ἐκείνων,
156 1721 214 1748 ἀλλ’
232 1723 272 1754 είς
291 1721 514 1756 εὐπρεπεστέραν
527 1720 613 1754 τάξιν,
643 1720 688 1747 διὰ
715 1720 765 1755 τὴν
777 1721 806 1751 ἐς

23 1764 130 1801 ὕστερον
141 1768 299 1804 ἐλευθερίαν
310 1768 357 1794 καὶ
371 1767 402 1794 τὸ
417 1768 466 1802 τῆς
481 1767 666 1802 προαιρέσεως
682 1766 805 1800 ἀνεμπό-

23 1810 116 1840 διστον.
135 1815 168 1842 οι
181 1815 237 1851 γὰρ
253 1814 407 1847 ἀπόστολοι,
422 1815 470 1841 καὶ
485 1815 510 1841 oi.
533 1813 591 1849 μετ’
619 1813 719 1845 αὐτοὺς
740 1813 806 1847 ἀλη-

23 1856 76 1889 θεῖς
88 1860 227 1895 ποιμένες,
244 1861 292 1888 καὶ
307 1861 383 1896 ὀρθοὶ
393 1859 549 1888 διδάσκαλοι
569 1859 624 1887 τῶν
651 1859 804 1894 ἐκκλησιῶν

24 1902 155 1939 [Ινεύματι
169 1906 240 1934 Θεοῦ
256 1907 364 1938 πάντως
391 1906 531 1942 ἀγόμενοι,
551 1906 599 1932 καὶ
625 1905 675 1941 τὴν
701 1904 806 1932 ἐκεῖθεν

24 1947 149 1987 ελλαμψιν
164 1953 286 1988 ἔχοντες,
299 1953 335 1979 τὰ
351 1952 400 1988 μὲν
413 1952 544 1987 ἠμειψαν,
564 1951 599 1978 τά
615 1951 645 1978 δὲ
671 1950 805 1987 ηὔξησαν,

25 1994 121 2024 ἀνωθεν
143 1998 286 2035 δεξάμενοι
307 1998 357 2033 τὴν
381 1998 509 2034 τοιαύτην
530 1998 622 2034 χάριν,
643 1998 691 2025 καὶ
718 1998 807 2025 πάντα

26 2042 89 2075 πρὸς
103 2043 133 2070 τὸ
148 2045 289 2080 συμφέρον
303 2043 490 2079 ἐνεργοῦντες,
504 2043 550 2070 καὶ
572 2043 704 2078 θεοφιλῶς
717 2043 807 2077 ὀριζὸ-

27 2094 105 2122 μενοι,
121 2091 167 2118 καὶ
178 2090 384 2122 διατυποῦντες.
399 2091 430 2117 El
445 2091 474 2118 δέ
490 2090 612 2126 ἀκριϐῶς
637 2091 806 2125 κατανοήσο-

28 2141 84 2167 μεν,
98 2136 156 2163 οὐδὲ
166 2137 274 2172 ἄζυμον
287 2134 321 2172 ἦν
334 2137 426 2175 ἄρτος,
437 2133 468 2163 οὗ
478 2136 629 2170 μετέδωκεν
651 2137 665 2162 ὁ
688 2136 806 2171 Χριστὸς

25 2180 77 2211 τοῖς
88 2181 255 2214 ἀποστόλοις.
277 2182 307 2209 ’0
322 2183 377 2218 γὰρ
389 2182 453 2217 περὶ
467 2182 514 2208 τοῦ
532 2182 628 2217 Πάσχα
639 2182 721 2216 νόμος
734 2180 806 2207 οὕτω

26 2224 130 2260 διέξεισι
142 2236 150 2244 ”
168 2229 208 2263 Τῇ
221 2228 536 2263 τεσσαρεσκαιδεκάτῃ
555 2227 609 2255 τοῦ
622 2227 720 2262 μην-ὸς
751 2227 806 2254 τοῦ

27 2274 50 2296 α’
63 2272 109 2307 ἀφ’
124 2274 256 2310 ἑσπέρας
265 2275 371 2302 ἐδεσθε
384 2274 488 2309 ἄζυμα,
516 2274 572 2307 ἕως
598 2273 711 2308 ἡμέρας
736 2273 808 2308 μιᾶς

27 2318 138 2354 είκάδος
152 2323 206 2350 τοῦ
226 2323 323 2356 μηνὸς
344 2321 399 2355 ἔως
412 2321 554 2356 ἑσπέρας.
574 2320 666 2347 Ἑπτὰ
694 2321 808 2355 ἡμέρας

28 2363 94 2400 ζύμη
107 2369 162 2403 οὐχ
176 2369 370 2402 εὑρεθήσεται
383 2368 417 2395 ἐν
435 2368 500 2401 ταῖς
523 2368 631 2400 οἰκίαις
644 2366 737 2402 ὑμῶν.
766 2367 789 2393 Τ
790 2367 808 2394 ἀ

30 2411 75 2444 μὲν
86 2410 131 2439 οὖν
145 2414 192 2441 τοῦ
208 2415 300 2449 Νόμου
312 2414 440 2440 τοιαῦτα·
454 2415 468 2440 ὁ
479 2413 507 2440 δὲ
529 2413 647 2448 Χριστὸς
672 2413 726 2447 πρὸ
757 2412 808 2448 τῆς

28 2460 317 2496 τεσσαρεσκαιδεκάτης
331 2460 448 2496 ἡμέρας,
465 2460 548 2495 ἠγουν
572 2459 642 2486 κατὰ
668 2459 719 2494 τὴν
733 2467 808 2493 τρισ-

31 2503 188 2542 καιδεκάτην
212 2507 242 2533 τὸ
255 2506 366 2541 νομικόν
382 2514 411 2531 τε
430 2505 525 2540 Πάσχα
537 2505 671 2538 τετέλεκε,
689 2506 737 2531 καὶ
761 2505 807 2531 τὸν

31 2551 150 2579 μυστικὸν
164 2552 305 2587 παρέδωκε
316 2552 431 2584 δεῖπνον,
442 2551 502 2578 καθ’
516 2551 550 2586 ἢν
565 2552 671 2586 ἡμέραν
681 2550 808 2584 ζυμίταις

30 2593 113 2627 ἄρτοις
129 2597 276 2629 ἀκωλύτως
289 2599 389 2629 πάντες
402 2598 562 2633 ἐκέχρηντο.
578 2597 608 2623 Ei
621 2597 649 2623 δέ
665 2605 706 2628 τις
722 2596 805 2628 εἴποι,

30 2637 79 2665 Καὶ
89 2641 140 2676 μὴν
151 2643 181 2669 τὸ
196 2643 307 2678 νομικὸν
325 2642 477 2678 τηνικαῦτα.
497 2642 594 2677 Πάσχα
610 2642 695 2669 τελῶν
715 2642 807 2676 ἄζυμα

30 2684 70 2713 ἐπὶ
86 2689 213 2722 πικρίδων
228 2688 328 2723 ἔφαγεν
346 2689 426 2720 αὑτός
444 2697 473 2714 τε
493 2688 540 2714 καὶ
555 2688 580 2715 οἱ
595 2686 733 2722 μαθηταί·
762 2687 809 2714 πό-

859 1581 951 1617 potius
964 1585 992 1608 ιιι
1008 1580 1035 1607 in
1051 1578 1192 1606 meliorem
1211 1577 1370 1610 redigantur
1387 1573 1511 1601 ordinem
1524 1571 1642 1598 libertati

858 1635 892 1655 ac
907 1626 991 1654 certis
1014 1624 1158 1661 principiis
1173 1623 1260 1658 magis
1283 1621 1504 1649 convenientem.
1520 1618 1643 1652 Namque

855 1672 974 1707 apostoli
1005 1677 1033 1698 et
1068 1670 1126 1698 reri
1154 1674 1215 1704 post
1255 1669 1317 1696 illos
1353 1672 1478 1702 pastores
1519 1663 1642 1698 rectique

857 1718 1040 1746 Ecclesiarunt
1056 1717 1190 1751 magistri,
1204 1716 1307 1750 Spiritu
1322 1714 1368 1741 Dei
1388 1713 1500 1740 omnino
1519 1710 1593 1737 ducti
1608 1709 1643 1736 ab

854 1771 944 1798 eoque
956 1763 1112 1794 illuminati,
1126 1762 1177 1788 alia
1193 1761 1384 1790 immutarunt,
1396 1758 1447 1785 alia
1457 1755 1643 1791 ampliﬁcave-

857 1813 935 1841 runt,
954 1807 1089 1835 divinitus
1104 1806 1175 1834 nacti
1194 1806 1276 1833 talem
1292 1803 1418 1838 gratiam,
1434 1807 1462 1830 et
1476 1802 1502 1828 in
1513 1800 1644 1827 omnibus

857 1854 969 1881 utilitati
997 1852 1198 1888 prospicientes
1226 1855 1253 1877 et
1278 1856 1371 1877 amore
1386 1848 1432 1875 Dei
1451 1846 1643 1882 prwcipientes

856 1905 956 1929 cuncta
972 1905 1000 1927 et
1017 1900 1190 1927 ordinantes.
1214 1896 1267 1924 Ubi
1290 1899 1382 1922 autem
1412 1892 1565 1921 accuratius
1584 1899 1641 1918 rem

857 1947 1129 1981 investigaverimus,
1157 1950 1247 1978 neque
1263 1948 1375 1977 azymns
1397 1939 1445 1966 fuit
1464 1938 1542 1973 panis
1560 1943 1642 1970 quem

855 1980 983 2021 Christus
1011 1990 1143 2025 apostolis
1169 1987 1396 2016 communicavit.
1430 1985 1486 2011 Lex
1508 1983 1582 2010 enim
1608 1980 1643 2008 de

856 2039 989 2067 l‘asehate
1015 2036 1180 2064 celebrando
1197 2035 1240 2062 sic
1256 2034 1315 2061 ait:
1335 2030 1539 2064 Quartodecimo
1563 2027 1643 2063 primi

857 2086 954 2113 mensis
972 2093 988 2111 α
1009 2090 1114 2118 uespere
1130 2079 1324 2108 manducabitis
1338 2085 1443 2113 azyma.
1459 2083 1539 2110 usque
1555 2074 1590 2101 ad
1606 2073 1644 2100 υἱς

857 2132 985 2159 eesimum
1000 2129 1116 2165 primunt
1131 2127 1227 2154 mensis
1239 2126 1273 2152 ad
1295 2131 1440 2159 uesperam.
1463 2123 1570 2156 Septem
1589 2120 1644 2146 dies

862 2178 1024 2213 fermentum
1050 2183 1103 2202 non
1126 2174 1270 2208 reperietur
1289 2172 1316 2198 in
1330 2170 1448 2197 domibus
1465 2168 1565 2195 vestris.
1581 2166 1645 2195 Πῖσα

824 2215 845 2244 ί)
861 2224 905 2251 lex
928 2223 1040 2258 quidem
1062 2220 1185 2257 praecipit
1199 2227 1207 2247 :
1222 2219 1348 2247 Christus
1373 2221 1464 2244 autem
1488 2221 1550 2243 ante
1562 2221 1644 2250 quar-

863 2269 1059 2297 tumdccimunt
1071 2267 1155 2299 diem,
1176 2265 1306 2292 nimirum
1325 2263 1406 2290 tertio
1417 2261 1525 2289 decimo
1541 2259 1644 2287 Pascha

863 2315 951 2351 legale
965 2313 1123 2343 celebravit.
1135 2317 1163 2340 et
1179 2311 1323 2346 mysticam
1337 2315 1442 2336 orenam
1457 2305 1646 2334 communica-

863 2363 914 2394 vit,
931 2368 986 2396 quo
1007 2360 1051 2387 die
1066 2359 1230 2386 fermentato
1249 2364 1317 2391 pane
1332 2356 1369 2382 uti
1389 2354 1518 2382 omnibus
1532 2352 1645 2379 omnino

862 2408 951 2435 licuit.
974 2407 1002 2434 Si
1031 2406 1093 2440 quis
1121 2411 1187 2432 vero
1216 2403 1316 2431 dixerit
1339 2400 1442 2435 :Atqui
1463 2405 1527 2426 tunc
1542 2397 1646 2425 Pascha

862 2452 949 2487 legale
977 2451 1119 2479 celebrans
1145 2457 1238 2485 azyma
1259 2456 1321 2476 cum
1338 2447 1432 2474 herbis
1446 2445 1545 2473 amaris
1567 2451 1645 2470 man-

863 2499 975 2527 ducavit
988 2498 1046 2532 ipse
1062 2503 1144 2531 atque
1155 2496 1215 2530 ejus
1228 2494 1372 2528 discipuli;
1390 2492 1461 2520 unde
1484 2491 1567 2526 igitur
1580 2495 1646 2516 tunc

863 2546 1019 2573 habuerunt
1034 2542 1149 2579 azyma?
1163 2541 1227 2568 huic
1240 2539 1484 2575 respondebimus:
1501 2534 1645 2563 Probabile

863 2597 908 2620 cst
924 2592 968 2619 illa
991 2591 1045 2626 jam
1060 2594 1139 2618 antea
1155 2591 1306 2623 praeparata
1323 2586 1406 2613 fuisse
1422 2583 1571 2611 Salvntoris
1586 2581 1646 2614 jus-

863 2648 907 2673 su,
924 2643 971 2666 aut
985 2636 1175 2665 benevolentia
1192 2633 1395 2670 patrisfamilias
1408 2632 1454 2667 qui
1469 2638 1496 2659 et
1507 2631 1564 2665 ipse
1581 2628 1647 2656 lide-

865 2687 901 2713 lis
920 2688 989 2712 erat.

30 2723 70 2780 θεξ
83 2731 128 2780 ξῦν
142 2734 218 2770 ἔσχον
237 2722 297 2761 τότε
309 2735 343 2761 τὰ
354 2734 468 2769 ἄζυμας
496 2733 614 2770 ἐροῦμεν
630 2734 697 2769 πρὸς
711 2733 803 2766 αὑτὸν,
831 2732 872 2759 dri.
901 2731 973 2762 εἰκὸς
990 2727 1023 2765 ἦν
1042 2727 1290 2764 προετοιμασῡῆναι
1322 2725 1407 2752 ταῦτα
1431 2723 1490 2750 κατ’
1513 2722 1647 2756 ἐπιταγὴν

32 2781 72 2801 του
83 2778 242 2817 Σωτῆρος,ἢ
258 2780 329 2811 κατὰ
351 2781 506 2815 πρόγνωσιν
524 2779 571 2806 τοῦ
597 2779 798 2810 οἰκοδεσπότου,
827 2777 924 2803 πιστοῦ
944 2776 990 2802 καὶ
1005 2775 1088 2802 αὐτοῦ
1099 2774 1288 2810 τυγχὰνΝ-ςος.

35 2822 110 2872 ηῈν
123 2827 179 2858 ταῖς
195 2827 203 2852 ί
222 2820 363 2862 ρουργίαις
377 2826 458 2852 πάλιν
475 2825 506 2852 οὐ
520 2825 720 2859 προσφέρουσιν
735 2822 806 2851 οἶνον

33 2872 102 2895 Win
117 2873 293 2908 μεμιγμένον,
307 2872 365 2900 ἀλλ’
383 2873 511 2907 ἄκρατον,
527 2871 573 2898 καὶ
592 2871 679 2906 ἀμιγῆ
703 2871 804 2897 παντά-

900 2822 985 2849 l’orro
1006 2822 1033 2848 in
1059 2829 1137 2849 sacra
1156 2827 1234 2848 cinna
1245 2826 1300 2846 non
1314 2817 1434 2846 oﬂ'erunt
1457 2817 1551 2844 vinum
1575 2824 1645 2851 aqua

861 2874 1054 2904 temperatum,
1074 2868 1122 2897 sed
1140 2874 1245 2896 merum
1262 2873 1350 2902 neque
1370 2865 1422 2894 ulla
1437 2865 1550 2894 omnino
1569 2871 1640 2901 aqua
