1873 3075
21 143 83 176 1185

440 144 630 177 ΡΑΝΟΡΙᾸΛ
651 145 932 176 ΒΟΟΜΛΤῘΟΑ.-
949 145 1022 178 ΤΙΤ.
1046 147 1160 178 ΧΧΙΙΙ.

1568 149 1637 182 1186

21 197 60 232 ρος
70 198 213 230 τυποῦντες
230 198 276 226 τὸν
300 200 419 235 σταυρὸν
432 201 478 228 ἐπὶ
499 201 546 228 τοῦ
574 201 713 237 μετώπου,
746 201 795 227 καὶ

879 205 935 228 )ιιιο
949 207 1155 229 crucem'manu
1177 201 1329 237 designent,
1353 208 1379 231 et
1394 203 1420 230 in
1445 204 1587 240 baptismo,
1609 206 1636 234 ct

21 244 59 270 ἐπὶ
72 244 116 271 τοῦ
127 244 322 280 βαπτίσματος,
350 248 397 273 καὶ
414 248 460 274 ἐπὶ
478 248 526 282 τῆς
555 248 720 283 ἱερουργίας,
744 247 792 274 καὶ

21 292 41 316 ὲν
56 290 141 322 ἄλλοις
157 291 273 323 πολλοῖς.
290 290 398 327 Ἀλλ’,ὧ
408 294 518 327 μάταιοι
531 295 578 321 καὶ
587 295 790 329 φρενοὸλαῦεῖς,

21 335 92 370 paqu
110 336 143 362 ἂν
155 337 223 371 πρὸς
240 338 348 370 αὐτοὺς,
365 340 445 375 είπερ
472 341 486 366 ὁ
505 340 550 367 διὰ
576 341 668 376 χειρὸς
701 341 791 372 dif/tu;

21 381 174 417 ιυπούμενος
191 385 309 420 σταυρὸς
329 385 454 419 ἁγιάζειν
476 387 574 418 πάντα,
593 385 633 419 οἷς
648 386 791 414 ἐπιϐάλλε-

21 435 64 460 ςιι,
77 427 106 454 τὸ
122 428 192 464 ὕδωρ
206 429 279 464 λέγω
292 431 339 456 τοῦ
357 431 556 468 βαπτίσματος,
580 434 626 460 καὶ
642 434 672 460 τὺ
689 434 789 466 ἔλαιον,

21 473 56 499 tsi
66 473 94 500 τὸ
108 474 203 510 μύρον,
219 476 267 503 καὶ
281 477 316 503 τὰ
327 478 461 512 πρόσωπα
474 478 530 505 τῶν
553 480 705 514 ἀνθρώπων
736 480 791 507 τῶν

21 520 198 553 πιστευόντων,
212 523 259 548 καὶ
273 523 318 550 τὸν
335 526 468 556 μυστικὸν
483 525 577 560 ἄρτον,
595 527 642 552 καὶ
663 527 694 553 τὸ
720 528 792 562 ἱερὸν

21 567 144 601 ποτήριον,
160 568 208 594 καὶ
222 569 318 601 τᾶλλα,
333 570 378 597 ἵνα
393 571 431 606 μὴ
447 571 509 598 καθ’
522 572 638 599 ἕκαστον
668 574 787 608 ἀπαριθ-

21 611 140 646 ιιούμενος
160 614 274 650 μηκύνω
290 617 336 642 τὸν
351 617 441 651 λόγον,
459 619 518 650 πῶς
529 619 543 645 ὁ
556 619 601 646 διὰ
619 620 669 654 τῆς
681 620 790 656 οἱασδή-

21 666 73 684 more
92 659 156 693 ὕλης
172 662 258 693 τύπος
278 662 326 689 τοῦ
349 664 477 699 σταυροῦ,
490 665 527 696 ὡς
540 666 628 693 κοινόν
640 675 666 693 τι
685 668 732 693 καὶ
745 667 791 702 βέ-

21 703 87 736 ϐηλον
96 705 139 732 διά
151 715 180 732 τε
192 707 395 742 βαπτίσματος,
407 711 455 737 καὶ
463 711 528 746 ἦλου
541 712 588 739 καὶ
599 712 717 748 αἵματος
729 713 791 741 καθ’

21 749 78 782 iui;
95 751 256 787 ἀγιάξεται;
272 754 334 786 Πῶς
349 755 378 782 δὲ
390 757 404 783 ό
416 756 463 783 καὶ
478 758 509 784 τὸ
529 758 671 793 βάπτισμα
679 759 727 786 καὶ
742 760 791 795 τὴν

21 795 97 823 ὠσίαν
107 796 227 832 ἀῨιάζων
243 802 358 837 σταυρὸς
368 802 421 829 ὑπὸ
429 804 483 830 τῶν
496 805 792 841 ἁγιαζομένωντούτων

21 842 164 879 ἰγιάζεται;
178 845 286 882 Ὥσπερ
302 848 355 883 γὰρ
371 849 423 884 πρὸ
451 850 498 876 τοῦ
526 852 716 887 σταυρωθῆναι
745 854 791 880 τὸν

21 889 120 923 Κριστδν
134 887 152 917 δ’
167 894 285 929 σταυρὸς
303 894 420 930 ὄργανον
435 893 469 932 ἦν
493 897 612 925 θανάτου
633 900 792 935 κατηραμέ-

21 943 62 967 ων,
77 937 121 963 καὶ
138 938 152 964 ὸ
165 939 251 971 τύπος
265 941 347 968 αὑτοῦ
361 943 478 976 φευκτάς
489 953 518 971 τε
535 945 582 971 καὶ
597 945 793 980 ἀποτρόπαιος·

21 980 76 1007 ὶῦτω
89 984 154 1017 μετὰ
166 985 196 1011 τὸ
214 987 428 1023 προσηλωθῆναι
448 989 494 1016 τὸν
508 991 625 1026 Χριστὸν
639 993 724 1028 αὐτῷ,
746 994 794 1020 καὶ

21 1029 225 1065 ιαταρρανθῆναι
247 1032 343 1059 τοῦτον
367 1033 407 1068 τῷ
435 1034 595 1071 Δεσποτικῷ
626 1037 721 1072 αι’ματι
747 1039 795 1066 καὶ

21 1071 91 1106 ἓόατι,
109 1075 187 1107 αὑτός
202 1085 233 1103 τε
246 1078 375 1113 ἡγιάσθη,
388 1081 434 1107 καὶ
444 1080 458 1107 ὁ
468 1081 552 1113 τύπος
567 1082 649 1109 αὐτοῦ
659 1071 795 1119 αγιαστή-

21 1126 65 1151 ριον
76 1121 137 1146 πᾶσι
152 1123 207 1153 τοῖς
221 1124 329 1154 πιστοῖς
344 1125 473 1160 κατέστη,
485 1127 617 1161 πρότερον
627 1128 675 1162 μὲν
691 1129 795 1163 ἀνθρώ-

21 1171 73 1195 πους
89 1166 270 1200 ἀναιροῦντος,
285 1167 398 1204 ὕστερον
420 1170 447 1196 δὲ
462 1171 524 1203 τοὺς
540 1172 678 1207 δαίμονας.
700 1175 730 1201 Εἰ
748 1173 794 1202 οὖν

21 1209 41 1256 τὸ
51 1213 220 1245 πρωτότυπον
231 1215 344 1248 γέγονεν
362 1215 450 1250 ἅγιον,
466 1217 503 1249 ὡς
517 1218 634 1253 εἴρηται,
652 1221 794 1256 προσηλω-

21 1255 98 1288 ὒέντος
112 1259 184 1293 αὑτῷ
199 1260 247 1287 τοῦ
264 1262 415 1294 Δεσπότου,
429 1263 522 1296 καθὼς
532 1265 545 1291 ὁ
572 1265 654 1292 Δαϐὶδ
675 1255 794 1300 ἐδίδαξεν

21 1303 99 1335 εἰπὼν,
112 1305 163 1332 Kal
180 1307 382 1340 προσκυνεῖτε
398 1308 439 1341 τῷ
453 1310 609 1343 ὑποποδίῳ
619 1311 678 1338 τῶν
693 1312 794 1339 ποδῶν

21 1349 109 1381 αὐτοῦ,
124 1352 166 1378 ὅτι
195 1352 284 1387 ἅγιόν
305 1353 370 1380 ἐστι
386 1363 395 1370 ·
411 1355 489 1382 τοῦτο
508 1356 561 1390 γὰρ
583 1358 630 1383 νῦν
655 1358 794 1393 ὠνόμασεν

21 1395 148 1423 ὕποπόδιον
158 1399 201 1425 διὰ
218 1399 250 1425 τὺ
258 1400 450 1435 προσπαγῆναι
465 1402 550 1436 τούτῳ
562 1403 624 1435 τοὺς
640 1413 794 1440 προσκυνη-

21 1442 70 1473 "ib:
83 1443 162 1471 αὐτοῦ
176 1445 276 1477 πόδαςυ
291 1445 368 1480 ἅγιος
392 1447 445 1482 ἄρα
464 1449 512 1475 καὶ
529 1450 582 1481 πᾶς
602 1449 685 1482 τύπος
700 1451 792 1484 αὐτοῦ,

21 1487 61 1513 κᾶν
78 1489 118 1516 διὰ
130 1491 217 1527 χειρὸς
227 1492 317 1523 ἁΰλως
329 1494 478 1530 τυπωθείη,
492 1495 543 1522 κᾶν
562 1496 595 1523 δι’
617 1496 682 1532 ὕλης
712 1498 792 1530 τινός.

21 1532 115 1566 Εἱχόνες
126 1537 178 1572 γάρ
191 1538 246 1564 εἰσι
257 1546 263 1552 ·
273 1537 359 1564 ταῦτα
372 1539 418 1565 τοῦ
432 1541 623 1575 πρωτοτύπου,
642 1544 688 1570 καὶ
700 1544 794 1579 ὥσπερ
807 1552 828 1581 c

21 1579 81 1613 ἡτοῦ
96 1581 210 1616 Χριστοῦ
229 1583 313 1610 είκὼν
327 1584 392 1618 ἁγία
403 1585 486 1617 ἐστὶν,
501 1587 530 1613 οὐ
546 1587 589 1614 διὰ
603 1588 653 1624 τὴν
666 1590 794 1622 ὑποδεξα-

21 1625 90 1661 μένην
106 1628 172 1664 αὐτῇ
187 1628 265 1664 ὓλην,
277 1630 344 1657 ἀλλὰ
355 1631 398 1658 διὰ
418 1631 465 1658 τὸν
488 1634 655 1669 χαρακτῆρα
679 1636 727 1662 καὶ
747 1637 796 1671 τὴν

21 1672 112 1708 μορφὴν
124 1674 170 1701 τοῦ
185 1675 304 1710 Χριστοῦ
319 1683 326 1691 ⁸
337 1676 408 1703 οὕτω
418 1678 466 1705 καὶ
479 1678 493 1704 ὸ
515 1679 561 1706 τοῦ
585 1681 701 1716 σταυροῦ
712 1682 797 1714 τύπος

21 1717 89 1762 εἰκών
100 1720 155 1746 ἐστι
180 1721 228 1747 τοῦ
245 1723 423 1755 πρωτοτύπου
445 1724 489 1751 διὰ
511 1725 540 1752 τὺ
553 1727 644 1761 σχῆμα
670 1729 717 1754 καὶ
747 1729 798 1762 τὴν

21 1761 143 1797 Βμοίωσιν,
158 1766 208 1792 καὶ
222 1766 265 1792 διὰ
280 1767 359 1794 τοῦτο
374 1769 471 1800 σεπτὺς
484 1770 528 1796 καὶ
540 1770 640 1805 τίμιος.
679 1772 710 1798 ΊΙ
742 1761 795 1807 γάρ

21 1809 74 1844 τιμὴ
92 1810 139 1844 τῆς
153 1811 260 1843 εἰκόνος
271 1812 319 1839 ἐπὶ
332 1813 362 1839 τὸ
386 1815 562 1849 πρωτότυπον
589 1816 730 1851 διαϐαίνει,
758 1819 798 1846 διδ

21 1855 58 1880 καὶ
67 1855 80 1881 6
90 1855 157 1888 θεῖος
166 1857 318 1893 Γρηγόριος
332 1859 345 1885 ὁ
356 1859 405 1894 τῆς
416 1859 545 1895 Μεγάλης
571 1862 716 1897 Ἀρμενίας
743 1865 796 1900 πρὸ

21 1899 114 1928 πάντων
128 1904 261 1938 σταυροὺς
280 1904 403 1938 ξυλίνους
433 1906 462 1933 ἐν
488 1906 580 1938 τόποις
602 1908 658 1935 τισὶ
682 1899 794 1944 στήσας,

21 1946 114 1975 ὶκέλευι
128 1951 301 1984 προσκυνεῖν,
313 1950 361 1977 καὶ
377 1952 562 1987 καταφεύγειν
576 1953 623 1980 ἐπὶ
636 1954 746 1987 τούτους
757 1956 795 1988 ὡς

21 1991 185 2030 ιγιαστήρια,
202 1995 290 2022 καίτοι
308 1997 345 2031 μή
361 2006 404 2023 πω
418 1998 616 2033 χειροτονηθεὶς
637 2001 794 2036 ἀρχιερεὺς,

21 2038 78 2072 μήτε
91 2041 143 2067 τινὶ
160 2041 340 2076 βαπτίσματι,
354 2042 448 2078 ἢῆλῳ,
465 2043 482 2079 ἦ
511 2044 607 2080 αἵματι
624 2046 794 2080 καθοσιώσας

21 2081 114 2114 ιὺτούς.
132 2084 335 2119 Ἐμπηγνύουσι
350 2086 378 2112 δὲ
398 2087 443 2113 τὸν
457 2085 521 2123 ἧλον
544 2089 583 2123 τῷ
615 2090 724 2126 σταυρῷ
752 2092 794 2124 εἰς

21 2127 91 2159 ὓνομα
107 2130 152 2156 τοῦ
166 2131 296 2165 Χριστοῦ,
314 2131 469 2166 δηλοῦντες,
483 2134 524 2160 ὅτι
547 2131 588 2166 εἷς
605 2135 655 2170 τῆς
679 2136 792 2171 Τριάδος

21 2172 176 2208 ἑσταυρώθη,
193 2175 331 2202 τουτέστιν
356 2177 372 2210 ἡ
385 2175 445 2203 θεία
463 2177 542 2211 φύσις
555 2179 648 2206 αὐτοῦ.
673 2180 748 2207 Ἐπεὶ
763 2182 792 2208 δὲ

845 245 870 272 in
888 247 1030 280 sacriﬁcio,
1042 253 1069 275 ct
1080 248 1139 275 aliis
1152 248 1241 275 multis
1254 249 1281 275 itt
1297 249 1386 276 rebus.
1401 249 1510 283 Verum,
1521 259 1536 279 ο
1560 252 1635 280 stulti

842 295 869 318 et
884 297 972 319 meme
985 294 1066 327 capti,
1080 294 1119 321 sic
1133 295 1205 321 cnim
1220 302 1266 321 eos
1276 295 1398 330 alloquar
1410 315 1416 326 .
1435 297 1456 324 si
1471 305 1535 324 crux
1555 307 1635 325 manu

844 337 983 372 designata
1008 347 1050 366 res
1068 347 1162 367 omnes
1186 340 1336 368 sanctiﬁcat
1355 342 1452 375 quibus
1482 344 1636 377 adhibetur,

844 386 871 408 ut
887 390 983 417 aquam
1005 385 1140 419 baptismi,
1153 389 1178 412 ct
1194 386 1295 418 oleum,
1310 391 1337 413 et
1351 391 1526 421 unguentum,
1539 394 1566 415 et
1578 390 1635 414 vul-

844 432 887 455 tus
903 429 1038 456 hominum
1057 431 1237 465 credentium,
1253 436 1280 458 et
1307 439 1402 467 panem
1419 434 1576 469 mysticum,
1609 441 1635 462 et

843 481 949 501 sacrum
979 476 1148 511 sanguinem,
1166 483 1192 504 et
1213 477 1327 512 reliqua,
1349 485 1408 512 quas
1435 486 1487 505 non
1506 487 1637 507 cnumcri)

842 519 989 553 sigillatim,
1005 529 1037 548 ne
1053 522 1158 557 longior
1171 523 1234 555 sint,
1255 532 1304 552 cur
1323 525 1394 558 apud
1411 532 1459 552 vos
1475 525 1555 560 ﬁgura
1575 533 1638 557 cru.

842 565 882 592 cis
898 573 932 592 ex
951 567 1047 600 quavis
1066 568 1176 594 materia
1193 569 1324 601 coniecta,
1340 575 1466 605 tanquam
1484 579 1526 599 res
1545 572 1635 606 aliqua

842 612 991 638 communis
1006 619 1037 639 ac
1056 613 1180 647 profana,
1198 614 1334 642 ablutione
1351 621 1378 642 et
1391 616 1468 642 clavo
1484 621 1510 644 et
1524 620 1634 652 sangui-

842 664 876 683 ne
887 657 1070 685 sanctiﬁcatur
1085 679 1091 691 ,
1106 665 1152 686 aut
1164 661 1297 694 quomodo
1307 668 1384 693 crux,
1413 669 1472 696 quas
1489 667 1516 689 et
1533 663 1636 698 bﬂpliu-

843 710 926 736 mum,
953 708 980 730 et
1011 705 1174 731 sacriﬁcium
1200 706 1360 739 sanctiﬁcat,
1388 709 1422 735 ab
1445 708 1548 736 eisdem
1578 709 1634 744 ipsa

842 748 1028 776 sanctiﬁcetur
1038 750 1049 776 ?
1060 750 1290 783 Quemodmodum
1302 755 1372 780 enim
1397 759 1541 788 antequam
1554 754 1636 782 Chri-

841 798 899 821 stus
915 794 940 821 itt
959 802 1066 822 crucetn
1085 801 1222 831 agcretur,
1243 798 1300 832 ipsa
1333 799 1428 826 mortis
1451 805 1509 826 erat
1533 801 1634 827 instru-

843 844 964 866 menttttn
976 841 1150 873 exsecrabile,
1167 847 1193 869 et
1206 842 1263 877 ejus
1275 842 1357 877 ﬁgura
1375 843 1498 878 fugienda
1528 852 1560 872 ac
1587 846 1635 873 de-

846 885 976 916 testattda,
1002 885 1039 912 ita
1072 892 1244 920 posteaquam
1262 887 1386 915 Christus
1415 890 1439 916 ci
1459 889 1509 916 fuit
1525 890 1630 924 alﬁxus,

845 929 975 964 sanguine
990 935 1017 957 et
1031 937 1100 965 aqua
1118 931 1222 958 Domini
1249 933 1412 959 sanctiﬁcata
1441 940 1489 967 per
1517 934 1631 969 ﬁguram

845 981 921 1001 suam
951 976 1057 1003 cunctis
1087 976 1211 1004 ﬁdelibus
1240 978 1349 1007 exhibet
1383 981 1634 1011 sanctiﬁcationcm.

845 1020 933 1055 Atque
950 1021 986 1047 ita
998 1029 1075 1054 crux,
1089 1030 1148 1057 qure
1164 1024 1238 1057 prius
1259 1025 1382 1052 homines
1395 1026 1516 1058 tollebat,
1541 1032 1634 1062 postea

845 1064 982 1094 daemones
996 1066 1077 1100 ejecit
1106 1073 1187 1101 atque
1207 1069 1318 1103 expulit.
1337 1070 1363 1096 Si
1380 1070 1460 1104 igitur
1475 1072 1562 1106 prima
1589 1073 1634 1100 illa

845 1119 922 1145 crux,
937 1120 997 1147 qua
1017 1114 1066 1140 fuit
1080 1115 1227 1147 exemplar,
1248 1115 1319 1142 facta
1345 1121 1386 1144 est
1405 1123 1510 1149 sancta,
1538 1124 1567 1146 ut
1594 1120 1634 1146 tli-

845 1165 918 1186 ciutn
928 1163 979 1190 est,
992 1160 1119 1193 quoniam
1131 1161 1155 1187 in
1168 1167 1198 1187 ea
1212 1161 1335 1189 confixus
1351 1163 1481 1190 Dominus
1496 1165 1632 1198 pependit,

846 1208 874 1230 ιιι
889 1203 972 1230 David
989 1205 1132 1237 ostendit,
1158 1205 1282 1239 Adorate,
1312 1207 1446 1241 inquiens,
1492 1209 1633 1236 scabcltum

845 1249 938 1282 pedum
966 1250 1032 1283 eius,
1051 1251 1174 1284 quoniam
1189 1257 1309 1278 sanctum
1323 1260 1360 1279 est
1377 1252 1396 1284 ¹,
1413 1260 1471 1280 eam
1487 1254 1557 1280 enim
1584 1255 1636 1283 hoc

845 1294 903 1321 loco
914 1294 1059 1321 scabellttm
1080 1295 1235 1329 appellavit,
1251 1296 1314 1330 quia
1330 1297 1410 1330 pedes
1423 1297 1506 1331 ipsius
1519 1299 1635 1324 adoran-

845 1339 870 1366 di
891 1339 917 1366 in
933 1347 992 1366 eain
1003 1339 1088 1366 sttﬁixi
1105 1345 1179 1373 sunt;
1191 1346 1283 1368 sancta
1303 1342 1430 1369 nimirum
1450 1347 1492 1369 est
1504 1348 1531 1369 et
1545 1344 1634 1370 omnis

844 1384 929 1420 ﬁgura
958 1386 1042 1418 illius,
1063 1387 1120 1413 sive
1135 1394 1226 1418 tnanu,
1247 1386 1303 1414 sive
1330 1388 1442 1414 materia
1467 1388 1633 1423 designetur,

845 1431 902 1458 sive
918 1439 950 1458 ex
984 1433 1095 1458 materia
1116 1431 1203 1466 aliqua
1223 1433 1390 1459 conﬁciatur.
1408 1433 1469 1460 llaec
1484 1435 1554 1461 enim
1571 1439 1635 1461 sunt

845 1476 975 1511 imagines
985 1477 1192 1511 exentplaris.Et
1201 1479 1424 1512 quemadmodum
1435 1479 1523 1514 imago
1531 1479 1633 1507 Christi

845 1527 938 1549 sancta
971 1527 1034 1554 est,
1069 1530 1122 1550 non
1152 1529 1260 1557 propter
1291 1525 1431 1550 materiam
1461 1532 1524 1558 quae
1558 1525 1631 1551 illam

847 1567 980 1602 suscepit,
996 1568 1042 1595 sed
1056 1573 1165 1603 propter
1184 1568 1321 1603 exemplar
1343 1569 1510 1604 [Ormamque
1523 1570 1633 1604 Christi,

846 1614 885 1641 sic
896 1619 923 1641 et
942 1614 1031 1641 crucis
1050 1615 1133 1648 ﬁgura
1155 1615 1243 1647 imago
1266 1618 1307 1640 est
1334 1614 1495 1649 exemplaris
1526 1621 1634 1649 propter

845 1660 960 1695 efﬁgiem
986 1665 1014 1687 et
1044 1660 1258 1686 similitudinem.
1286 1659 1318 1686 Et
1351 1660 1451 1687 idcirco
1476 1661 1635 1688 venerabilis

847 1711 933 1734 estet
964 1706 1089 1741 pretiosa.
1113 1705 1202 1733 Honor
1233 1706 1304 1732 euint
1337 1705 1442 1733 habitus
1468 1706 1589 1741 imagini,
1606 1711 1635 1734 ut

848 1760 963 1788 magnus
977 1753 1015 1779 ait.
1037 1752 1164 1783 Basilius,
1180 1752 1214 1779 ad
1244 1752 1383 1787 exemplar
1409 1753 1515 1779 transit.
1541 1752 1634 1786 Itaque

848 1800 927 1827 divus
944 1798 1024 1825 etiam
1033 1798 1189 1831 Gregorius,
1200 1797 1301 1831 Magum
1312 1797 1407 1832 pracsul
1416 1797 1562 1831 Armenia,
1573 1804 1634 1824 ante

848 1844 1041 1879 omnesjussit.
1057 1851 1153 1871 cruces
1169 1843 1277 1877 ligneas
1300 1843 1459 1877 quibusdam
1481 1843 1506 1870 in
1537 1843 1603 1870 locis
1617 1851 1633 1871 a

844 1899 877 1923 ιο
891 1890 1035 1918 collocatas
1053 1889 1171 1920 adorari,
1189 1889 1221 1915 ad
1241 1895 1340 1922 easque
1355 1893 1484 1924 tanquam
1501 1890 1535 1916 ad
1556 1896 1633 1916 sacra

847 1937 971 1973 profugia
991 1936 1128 1968 concurri,
1160 1936 1241 1970 idque
1254 1942 1316 1963 cum
1338 1935 1455 1962 nondum
1475 1940 1546 1963 esset
1565 1943 1632 1970 pott-

848 1984 914 2012 tifex
936 1983 1101 2014 declaratus,
1139 1989 1240 2016 easque
1253 1989 1302 2009 nec.
1319 1981 1464 2013 ablatione,
1482 1989 1531 2009 nec
1544 1981 1631 2013 clavo.

847 2036 898 2057 nec
916 2029 1047 2063 sanguine
1066 2027 1216 2062 expiasset.
1237 2027 1370 2054 Caeterum
1393 2027 1452 2053 ideo
1483 2026 1586 2054 clavum
1606 2028 1633 2054 itt

809 2077 820 2087 '
847 2082 929 2103 cruce
946 2074 1030 2109 ﬁgunt
1048 2073 1074 2100 in
1093 2072 1194 2100 Christi
1211 2073 1327 2104 nomine,
1343 2077 1371 2098 ut
1386 2072 1531 2100 ostendant
1551 2081 1633 2100 unum

847 2125 948 2148 sanctae
967 2119 1108 2146 Trinitatis
1122 2126 1183 2146 esse
1198 2118 1368 2151 cruciﬁxum,
1398 2119 1424 2145 Id
1435 2123 1488 2152 est,
1515 2119 1633 2146 divinam

846 2167 905 2201 ejus
934 2170 1067 2193 naturam.
1083 2165 1176 2199 Itaque
1192 2172 1252 2192 cum
1286 2164 1375 2191 divina
1401 2164 1502 2191 Christi
1527 2170 1632 2197 natura,

21 2218 30 2252 li
44 2218 85 2244 τοῦ
98 2219 216 2254 Χριστοῦ
230 2220 289 2247 θεία
304 2221 394 2255 φύσις,
410 2223 457 2249 καὶ
472 2223 518 2250 τοῦ
540 2224 656 2260 Πατρὺς,
676 2226 722 2252 καὶ
746 2227 792 2254 τοῦ

884 2212 931 2240 tris
946 2212 1038 2242 etiam,
1055 2216 1082 2239 et
1094 2211 1179 2238 sancti
1207 2210 1324 2245 Spiritus
1345 2216 1439 2238 natura
1451 2211 1497 2243 sit,
1526 2210 1632 2240 Ratrcnt

21 2262 86 2296 ὶγὶου
115 2265 274 2301 Πνεύματός
302 2266 360 2293 ἐστι
384 2267 475 2300 φύσις,
491 2269 687 2304 συσταυροῦπιν
710 2272 795 2306 αὐτῷ,

21 2308 61 2334 ιὶν
75 2310 111 2345 μὴ
124 2311 250 2346 φανερῶς
262 2311 426 2346 ὁμολογῶσι,
442 2314 489 2339 καὶ
503 2314 549 2340 τὸν
565 2315 673 2350 Πατέρα
692 2317 740 2343 καὶ
765 2318 796 2344 τὸ

21 2352 85 2387 ίγιον
98 2356 219 2392 Πνεῦμα.
236 2358 371 2393 Εὐρήσεις
389 2358 417 2384 δὲ
432 2359 555 2393 περὶτοῦ
580 2362 698 2397 σταυροῦ
726 2363 795 2390 πλα-

21 2399 117 2435 τύτερον
139 2403 168 2429 ἐν
184 2403 222 2438 τῷ
248 2404 346 2438 ἑφεξῆς
371 2405 452 2440 τίτλῳ
474 2406 544 2432 κατὰ
558 2406 588 2432 τὸ
603 2407 759 2441 κεφάλαιον,
773 2406 796 2443 ᾦ

21 2446 209 2482 ιπιγέγραπται
223 2449 291 2484 Περὶ
307 2449 353 2476 τοῦ
366 2451 497 2485 σταυροῦ.

47 2492 181 2528 Σταυροὺς
193 2496 266 2530 τρεῖς
285 2495 406 2529 ξυλίνους
430 2497 603 2532 ποιήσαντες,
628 2498 676 2526 καὶ
701 2498 795 2531 συζεύ-

21 2535 102 2570 iuvre;
115 2540 239 2576 ἀλλήλοις
254 2541 335 2575 ἁγίαν
352 2542 456 2577 Τριάδσ.
471 2543 584 2575 τούτους
604 2543 794 2579 ὀνομάζουσιν,

21 2583 42 2608 ὶὺ
56 2584 212 2619 φρίττοντες
232 2587 450 2620 κατασκευάζειν
465 2589 572 2620 εἰκόνας
591 2588 640 2623 τῆς
660 2591 796 2624 μακαρίας

21 2628 124 2663 Γριάδος
135 2632 184 2667 τῆς
198 2633 282 2668 μόνης
292 2633 432 2667 ἀκτιστου,
450 2634 496 2661 καὶ
512 2634 638 2669 ἀπείρου,
657 2636 704 2661 καὶ
720 2635 795 2669 ἀορί-

21 2681 86 2708 nou,
99 2678 145 2703 καὶ
159 2677 228 2710 ὅλως
243 2679 414 2714 ἀνεννοήτου.
431 2680 463 2706 Αἱ
488 2680 542 2714 γὰρ
564 2680 665 2711 εἰκόνες
690 2681 794 2716 ὁρατῶν

21 2720 58 2746 καὶ
72 2724 284 2758 πεπερασμένων
307 2731 377 2751 εισιν
399 2725 514 2757 εἰκόνες.
533 2725 594 2757 Πῶς
613 2725 636 2752 δ’
650 2725 683 2752 ἄν
701 2735 742 2758 τις
756 2727 794 2753 εί-

21 2765 77 2792 ιιόνα
101 2770 339 2803 κατασκευάσειεν,
358 2766 388 2797 οὗ
417 2770 447 2798 τὸ
478 2770 654 2807 πρωτότυπον
678 2771 792 2800 ἀθέατον

50 2853 59 2868 ¹
75 2854 143 2883 Psal.
169 2865 261 2891 xcvttt,
277 2858 305 2887 5.

845 2259 937 2290 etiam,
953 2262 980 2285 et
1010 2257 1139 2291 Spiritum
1168 2263 1307 2288 sanctum,
1322 2256 1384 2284 licet
1413 2257 1438 2284 id
1461 2261 1554 2291 aperte
1580 2265 1634 2285 non

843 2304 992 2334 fateantur,
1009 2310 1061 2329 una
1078 2309 1138 2330 cum
1154 2302 1212 2335 ipso
1226 2301 1396 2335 cruciﬁgunt.
1417 2300 1513 2328 Verum
1529 2303 1561 2329 de
1572 2309 1634 2329 cru-

843 2357 874 2378 ce
889 2350 969 2378 latius
979 2349 1142 2376 disseremus
1159 2348 1185 2374 in
1201 2349 1324 2382 sequenti
1338 2347 1428 2380 titulo,
1443 2348 1469 2375 iu
1497 2355 1530 2375 eo
1545 2348 1635 2383 capite

843 2396 914 2431 quod
927 2395 1083 2429 inscriptum
1099 2399 1142 2422 est
1155 2393 1191 2420 De
1207 2401 1293 2421 cruce.

879 2496 946 2523 Tres
959 2495 1061 2530 ligneas
1081 2495 1249 2523 constituunt
1276 2502 1382 2529 cruces,
1399 2503 1499 2531 easque
1510 2496 1580 2523 inter
1604 2502 1634 2522 se

844 2543 1002 2578 t‘onjunctas
1017 2542 1177 2570 Trinitatem
1197 2547 1317 2571 sanctam
1337 2543 1485 2578 appellant.
1509 2543 1563 2571 Nec
1587 2551 1636 2571 ex»

846 2589 1008 2617 horrescunt
1038 2589 1123 2616 beatae
1145 2588 1286 2616 Trinitatis
1314 2590 1459 2624 imaginem
1488 2589 1634 2623 conﬁcere,

846 2641 906 2669 quae
929 2635 985 2662 sola
1001 2635 1119 2662 increata
1133 2638 1184 2669 est,
1205 2639 1232 2662 et
1248 2634 1364 2667 inﬁnita,
1395 2641 1420 2662 et
1433 2634 1583 2669 indeﬁnite,
1607 2641 1635 2663 et

847 2688 958 2716 prorsus
973 2681 1118 2715 incognita.
1135 2679 1237 2707 Rerum
1265 2680 1348 2712 enim,
1370 2687 1428 2715 qua:
1459 2680 1542 2707 ﬁnitae
1561 2684 1634 2712 sunt,

846 2726 977 2762 imagines
1002 2726 1192 2755 conﬁciuntur.
1213 2726 1298 2761 Cujus
1322 2730 1411 2753 autem
1441 2726 1479 2753 rei
1498 2725 1636 2760 exemplar

845 2772 895 2800 sub
904 2777 1044 2808 aspectum
1055 2772 1290 2808 cognitionemque
1300 2779 1411 2808 prorsus
1419 2779 1472 2800 non
1484 2771 1565 2804 cadit,
1575 2771 1637 2807 ejus
