1873 3075
20 151 84 183 Ηὸῖ)

487 154 679 197 ΙΪΑΝΟΡΙᾸΛ
700 155 930 187 DOGMATlCA.
954 170 987 176 —
1006 157 1080 190 TIT.
1100 158 1206 189 XXIV.

1587 161 1657 192 1190

20 209 124 235 ιέλλων
158 209 256 241 αὐτοὺς
288 209 420 245 βαπτίσαῑ
455 212 693 248 τριακονθήμερον
721 213 833 244 αὐτοῖςλ

889 214 1005 242 nemoriae
1034 215 1169 249 proditum
1196 221 1248 243 est.
1267 214 1398 242 Neutrum
1423 220 1512 244 autem
1543 217 1660 248 istorum

20 255 135 287 ,πέταξε
150 256 288 290 νηστείαν,
308 256 346 288 ὡς
361 258 413 283 κάν
426 258 486 289 ταῖς
509 257 686 293 ’Λρμενικαῖς
708 260 808 292 ἀναγέ-

20 309 138 336 νραπται
156 301 268 336 βίϐλοις,
287 303 334 329 καὶ
349 302 463 338 οὐδεμία
480 303 584 331 τούτων
604 306 621 340 ἡ
635 305 681 332 τοῦ
702 305 809 341 Ἀρτζι-

20 347 136 382 ἲούρτζη
162 349 248 375 ἐστίν.
272 349 503 384 ’Δνατρςπόμενοι
533 351 562 377 δὲ
588 352 736 378 κάντεῦθεν
762 352 808 379 τοῦ

20 394 140 427 ιεγάλου
158 394 368 421 Κωνσταντίνου
383 395 485 430 ταύτην
503 395 573 424 εἷναί
588 406 680 431 φασιν,
696 399 729 434 ἣν
745 399 808 434 ὲνή-

20 447 112 466 neua;
131 439 314 475 βαπτισθῆναι
345 441 460 476 μέλλων.
486 443 540 469 Καὶ
566 443 645 470 τοῦτο
668 444 696 471 δὲ
720 445 807 481 πάντη

20 484 125 518 ρευδὲς.
145 485 178 511 Τί
202 486 257 520 γὰρ
275 486 341 520 πρὸς
357 486 423 521 ὅλην
443 486 492 522 τὴν
516 488 711 525 οίκουμένηνή
731 490 808 525 βασι-

20 531 84 562 .ἐως
103 531 164 563 ἑνὸς
182 531 312 566 vna-tata;
329 532 391 564 Πῶς
404 533 432 559 δὲ
448 535 495 560 καὶ
512 534 600 565 οὐδεὶς
614 535 668 562 τῶν
682 538 752 570 μετὰ
763 537 809 564 τὸν

20 577 114 611 ιίέγαν
137 577 339 605 Κωνσταντῖνον
366 579 383 614 ἢ
410 580 558 614 συνόδωνῆ
578 581 709 617 Πατὲρων
729 583 809 615 ἄλλος

20 623 103 656 ὶγίων
121 623 216 657 μνείαν
234 623 320 659 αὐτῆς
333 624 499 659 immane;
519 624 619 652 Τοῦτον
638 626 666 653 δὲ
685 627 731 653 τὸν
746 629 809 662 τρό-

20 676 67 694 πον
82 668 178 695 ἄλλοτε
199 668 266 695 ἄλλα
283 669 419 703 λέγοντες,
446 672 494 697 καὶ
514 673 653 706 πανταχοῦ
681 681 808 710 περιτρε-

20 714 144 749 πόμενοι,
176 715 223 741 καὶ
252 715 350 750 στῆναι
383 715 498 751 βεεαῖως
521 717 552 744 οὐ
576 719 807 754 συγχωρούμενοι,

20 759 137 786 διδόασιν
148 760 215 795 ἡμῖν
227 760 338 792 ἐννοεῖν,
348 761 388 787 ὃτι
403 760 518 797 βδελυρά
531 762 572 794 τίς
583 763 683 799 ἐστινὴ
696 765 806 801 τοιαύτη

20 805 131 840 αηστεία
157 807 205 832 καὶ
226 805 328 837 ἀναξία
343 807 540 843 Χριστιανικῆς
566 810 661 846 ἀκοῆς.
690 810 762 846 Ἐγὼ
779 812 807 839 δὲ

20 851 138 878 τοιοῦτον
161 860 187 878 τι
210 853 275 887 περὶ
291 853 395 888 ταύτης
417 854 538 890 ἀκήκοα,
564 856 606 883 ὅτι
631 857 743 893 Σέργιός
765 868 807 890 τις

20 895 174 928 ῑιδὰσκαλος
182 897 232 932 τῆς
251 896 419 932 ’Δρμενικῆς
433 899 567 934 αἱρέσεως
575 901 732 936 γενόμενος,
748 900 805 938 εἶχε

20 942 85 968 ιύνα
101 942 271 978 καλούμενον
290 942 378 974 οὕτως
407 943 641 980 ’Δρτζιὸούρτζην
657 954 664 962 ·
684 947 760 982 δηλοῖ
777 948 806 975 δὲ

20 988 28 1022 ιι
47 987 123 1020 λέξις
137 988 182 1014 τδν
209 988 424 1024 Προμιτάτωρα.
441 990 536 1026 Τούτῳ
562 993 669 1028 μηνυτῇ
695 993 741 1019 καὶ
757 1002 805 1028 ση-

20 1035 133 1069 έαντορι
157 1034 206 1069 τῆς
228 1034 376 1070 ἐπιδημίας
401 1035 484 1062 αὐτοῦ
511 1037 642 1070 πολλάκις
657 1040 670 1065 ὁ
691 1039 805 1074 Σέργιος

20 1080 148 1115 ικὲχρητο
172 1081 248 1116 παρὰ
265 1080 392 1116 δαίμονος
407 1082 607 1118 ὲνεργουμένῳ,
625 1085 732 1120 μέλλων
743 1087 805 1113 ἐπι-

20 1125 137 1161 ῖημῆσαί
153 1134 206 1152 τινι
223 1126 278 1153 τῶν
295 1127 458 1162 πολυχνίων,
478 1128 506 1163 ἣν
516 1129 629 1164 κωμῶν,
657 1130 672 1166 ἢ
694 1132 804 1166 χωρίων

20 1181 38 1198 ην
54 1169 99 1203 οἷς
124 1171 213 1207 ᾤκουν
240 1172 264 1199 οι
294 1173 416 1208 μαθηταὶ
433 1174 481 1200 καὶ
509 1175 619 1210 μέτοχοι
646 1176 695 1212 τῆς
713 1178 803 1214 λύμης

20 1217 108 1245 ιύτοῠ.
136 1218 191 1244 Καὶ
207 1218 253 1245 ὅτε
279 1218 326 1245 τὸν
349 1218 418 1246 κύνα
444 1219 540 1247 τοῦτον
561 1219 643 1255 εἶδον,
664 1223 804 1259 ἐξεχέοντο

20 1265 82 1290 ιετέι
102 1263 167 1299 μίαν
182 1264 288 1300 ἡμέραν
303 1264 356 1300 πρὸ
372 1265 471 1298 μιλίιιν
490 1267 573 1294 τινῶν
595 1269 634 1300 είς
649 1270 803 1307 ἀπάντησιν

20 1311 57 1337 ῖοῦ
72 1310 246 1338 διδασκάλου.
274 1311 342 1338 Ποτὲ
368 1312 398 1338 δὲ
422 1313 490 1348 πρὸς
515 1314 563 1350 τὴν
581 1316 685 1352 συνήθη
700 1318 803 1354 ταύτην

20 1358 186 1393 ιειτουργίαν
198 1358 212 1383 ὁ
224 1357 300 1384 κύων
317 1358 489 1393 ἐκπεμφθεὶς
504 1359 556 1387 ὑπὸ
572 1361 662 1389 λύκων
680 1363 801 1400 ὲὸρώθη,

20 1403 57 1429 ια).
81 1403 153 1437 μετὰ
174 1402 224 1438 τὴν
238 1402 369 1429 ἐπιοῦσαν
392 1404 502 1439 ἡμέραν
521 1406 644 1435 ἐδάδισεν
661 1409 675 1435 ό
690 1409 802 1445 Σέργιος

25 1448 52 1483 φ’
74 1448 123 1480 οὓς
145 1448 292 1475 ἀπέστειλε
308 1449 354 1475 τὸν
372 1449 451 1478 κύνα.
475 1451 599 1487 Μηδενὺς
623 1454 652 1480 δὲ
670 1457 741 1483 κατὰ
757 1457 802 1484 τὸν

20 1495 99 1522 τύπον
121 1496 396 1530 προϋπαντήσαντος,
411 1496 616 1534 ἐδεινοπάθησε,
641 1501 687 1528 καὶ
704 1503 801 1539 ἐπιδη-

858 261 1025 295 jcjuniorum
1042 261 1205 289 Artziburtzi
1220 266 1346 289 vocatum
1362 266 1414 289 est.
1446 262 1514 291 llinc
1528 263 1591 290 item
1610 263 1660 290 de-

861 306 930 340 pulsi
946 306 1039 334 dicunt
1066 314 1125 334 esse
1149 307 1281 342 jejunium
1310 306 1491 341 Constantini,
1523 308 1593 342 quod
1613 307 1660 336 ille

860 353 977 379 servavit
991 360 1051 379 cum
1081 357 1154 380 esset
1168 353 1331 388 baptismum
1356 359 1542 388 suscepturus.
1560 353 1591 381 Et
1607 355 1660 382 hoc

860 398 940 433 plane
956 398 1053 426 falsum
1067 403 1107 426 est
1120 408 1127 426 :
1142 399 1208 434 quid
1222 399 1294 426 cnim
1309 400 1389 427 unius
1403 400 1579 435 imperatoris
1588 400 1658 436 jeju-

861 445 934 471 nium
951 446 1067 480 pertinet
1084 447 1117 472 ad
1133 446 1286 473 universam
1312 446 1462 474 Ecclesium
1478 446 1490 473 τ
1521 447 1657 474 Praeterea

860 492 882 518 si
894 492 928 518 ita
946 499 988 518 res
1004 497 1056 525 est,
1071 499 1121 519 cur
1134 492 1214 527 hujus
1225 492 1321 527 jejunii
1335 500 1385 520 nec
1401 493 1484 520 ullum
1500 493 1588 521 contii
1601 501 1657 528 um,

860 546 910 565 nec
936 542 1092 565 sanctorum
1110 539 1220 566 Patrum
1235 539 1368 573 quispiam
1386 540 1549 567 mentionem
1571 540 1658 568 fecit?

860 585 926 612 Cum
943 584 1024 620 igitur
1038 585 1073 612 ita
1093 592 1122 612 se
1135 590 1239 620 gerant,
1253 589 1279 612 et
1300 585 1380 613 modo
1398 586 1460 618 huc,
1481 586 1561 614 modo
1594 587 1658 615 illuc

860 638 920 658 sese
933 635 1105 664 convertant,
1126 639 1175 658 nec
1193 632 1344 660 consistere
1363 632 1478 665 valeant,
1498 632 1588 660 facere
1599 640 1654 660 mn

860 685 1016 713 possumus,
1033 678 1096 712 quin
1113 678 1282 712 suspicemur
1301 679 1434 713 jejunium
1463 679 1536 706 istud
1572 686 1654 707 exse-

859 723 989 750 crandum
1006 730 1069 751 esse
1083 728 1111 750 et
1124 722 1288 751 Christianis
1303 724 1413 751 auribus
1435 724 1586 760 indignum
1601 725 1656 760 Ego

859 772 949 795 autem
961 768 1002 795 sic
1016 768 1048 795 de
1066 768 1112 796 illo
1127 768 1231 803 accepi,
1247 768 1333 796 fuisse
1349 769 1474 804 Sergium
1499 772 1655 805 quemdam,

857 814 1010 842 Atmenicae
1025 814 1137 842 haeresis
1150 815 1300 847 doctorem,
1317 815 1361 850 qui
1387 823 1449 843 cum
1478 815 1591 843 haberet
1606 823 1655 844 ca-

823 881 844 909 B
860 869 932 894 nem,
957 861 998 889 cui
1018 868 1114 889 nomen
1131 861 1182 888 hoc
1196 861 1361 889 Artziburtzi
1377 861 1563 896 imposuisset,
1589 869 1652 890 eum

857 914 874 935 a
890 907 1012 935 daemone
1041 911 1145 935 rectum
1169 907 1274 935 itineris
1288 907 1330 940 sui
1352 907 1448 935 ducem
1464 913 1491 936 et
1525 913 1655 943 tanquam

858 953 1044 982 consiliarium
1055 953 1184 986 habebat,
1210 954 1318 989 quoties
1338 955 1372 983 ad
1387 955 1527 991 oppidum,
1545 960 1592 983 aut
1606 963 1656 990 pa-

856 1008 930 1034 gum,
948 1004 995 1028 aut
1012 999 1105 1028 urbem
1122 1000 1239 1036 aliquam
1262 1005 1322 1029 erat
1336 1001 1519 1036 profecturus,
1536 1003 1562 1029 in
1590 1003 1654 1037 qui-

856 1047 907 1075 bus
924 1047 1055 1074 doctrinae
1068 1054 1123 1074 sua:
1148 1047 1283 1082 pestiferae
1297 1047 1421 1083 discipuli
1446 1049 1613 1084 habitabant,
1626 1054 1655 1078 et

856 1102 916 1122 eum
936 1094 1010 1121 illum
1027 1102 1122 1121 canem
1139 1094 1302 1128 aspicerent,
1323 1099 1383 1129 post
1397 1095 1466 1122 diem
1490 1103 1573 1122 unum
1604 1096 1655 1124 ali-

855 1145 920 1176 quot
928 1146 1056 1175 passuum
1069 1139 1185 1167 millibus
1196 1139 1302 1167 obviam
1314 1140 1444 1175 magistro
1455 1141 1649 1176 procedebant.

856 1185 957 1213 Verum
975 1191 1034 1211 cum
1052 1184 1197 1220 aliquando
1210 1185 1244 1212 ad
1262 1184 1326 1212 illud
1342 1193 1438 1213 munus
1462 1187 1539 1214 canis
1559 1187 1654 1214 mitte-

855 1237 942 1265 retur,
961 1239 974 1258 a
990 1231 1059 1265 lupis
1074 1231 1220 1259 devoratus
1235 1236 1296 1265 est;
1326 1231 1458 1266 postridie
1485 1237 1573 1260 autent
1589 1240 1650 1260 cum

855 1279 888 1306 ad
905 1285 951 1306 eos
966 1276 1078 1312 Sergius
1087 1276 1319 1312 proﬁcisceretur,
1332 1278 1364 1304 ad
1381 1284 1450 1312 quos
1465 1285 1557 1305 canem
1568 1279 1651 1306 mise-

856 1329 907 1356 rat,
923 1328 950 1351 et
966 1331 1044 1350 nemo
1068 1323 1101 1350 de
1120 1330 1197 1350 more
1214 1323 1317 1350 veniret
1344 1323 1463 1356 obviam,
1498 1324 1652 1359 indignatus

853 1376 906 1403 est,
923 1377 1038 1405 cumque
1054 1370 1087 1396 ad
1112 1369 1173 1396 illos
1201 1370 1380 1403 pervenisset,
1405 1370 1650 1406 intellexissctque,

853 1425 948 1446 canem
965 1423 1162 1452 prarcnrsorem
1186 1423 1265 1443 suum
1291 1416 1324 1443 ad
1347 1423 1394 1445 eos
1407 1424 1461 1444 non
1488 1418 1651 1452 accessiss~,

854 1464 938 1496 misit,
956 1463 1000 1498 qui
1030 1462 1104 1489 illum
1120 1466 1284 1496 quaererent,
1311 1462 1356 1489 sed
1383 1470 1443 1490 cum
1474 1470 1507 1490 ex
1540 1463 1649 1492 ossibus

855 1509 971 1538 inventis
987 1509 1152 1544 agnovisset,
1165 1515 1227 1535 cum
1243 1515 1258 1535 a
1289 1508 1358 1543 lup?s
1374 1508 1457 1536 fuisse
1477 1508 1649 1544 dilaniatum,

20 1543 105 1576 ιὴσας
120 1543 219 1575 αὐτοῖς,
232 1542 326 1578 ἐπειδὴ
342 1543 518 1579 μεμάθηκεν,
529 1545 571 1572 ὅτι
587 1547 617 1573 οὑ
633 1550 801 1584 παρεγένετο
817 1549 833 1580 (ἶ

889 1556 956 1583 dixit
975 1542 1104 1583 omnibus
1119 1554 1255 1581 Armeniis
1269 1542 1402 1589 jejunium
1414 1561 1462 1588 pro
1475 1555 1550 1582 canis
1560 1555 1650 1589 obitu,

20 1589 80 1624 τρὺς
101 1589 202 1622 αὐτοὺς
219 1590 232 1615 ὁ
248 1589 405 1625 πρόδρομος
419 1591 503 1618 αὑτοῦ
519 1592 603 1626 κύων,
621 1593 747 1630 ἐπεμψεν
762 1598 802 1630 είς

20 1637 191 1673 ιναζήτησιν,
204 1640 251 1664 καὶ
261 1636 386 1671 διαγνοὺς
401 1636 482 1664 αὐτὸν
495 1639 549 1665 ἀπὸ
563 1641 613 1675 τῆς
631 1641 685 1669 τῶν
700 1643 802 1673 ὀστέων

20 1685 148 1719 ;ὑρέσεο›ς
175 1683 347 1718 λυκόὃρωτον
373 1684 527 1719 γεγονότα,
554 1687 706 1722 προσέταξε
731 1692 800 1719 πᾶσι

853 1601 1002 1636 iussitque,
1018 1605 1046 1628 ut
1060 1599 1192 1634 praefinito
1207 1600 1310 1626 dierum
1326 1599 1413 1634 spatio
1433 1600 1547 1634 singulis
1571 1602 1651 1628 anuis

856 1649 882 1675 in
895 1648 967 1675 luctu
984 1651 1011 1674 et
1027 1646 1152 1682 squalore
1176 1652 1362 1673 versarentur.
1383 1645 1415 1673 Et
1425 1646 1559 1681 jejunium
1585 1647 1651 1676 illud

853 1694 1017 1722 Artziburtzi
1044 1693 1260 1728 appellaverunt.

20 1733 67 1763 ἰοῖς
95 1731 251 1767 Ἀρμενίοις
265 1733 408 1768 νηστεύειν
438 1733 508 1768 ὑπὲρ
522 1734 573 1769 τῆς
590 1734 720 1773 τελευτῆς
740 1740 822 1768 αὐτοῦ
844 1743 892 1770 καὶ
909 1743 1057 1778 κατηφιᾷν,
1092 1742 1139 1768 καὶ
1155 1740 1366 1776 σκυθρωπάζειν
1383 1741 1417 1776 ἐφ
1444 1742 1562 1777 ἡμέραις
1584 1743 1651 1778 ὡρι-

20 1779 130 1814 ςμὲναις
150 1779 212 1805 κατ’
235 1779 371 1812 ἐνιαυτὸν,
400 1781 448 1808 καὶ
474 1779 523 1817 τὴν
550 1782 679 1816 νηστείαν
702 1787 804 1823 ταύτην
830 1789 1062 1826 Ἀρτςιΰούρτζην
1075 1788 1212 1823 ὠνόμασε.

302 1839 427 1866 ΊΊΤΛΟΣ
446 1840 509 1866 ΚΔ¹.

20 1882 90 1909 Tutia
105 1881 349 1918 τῶγνλεγομένων
364 1885 576 1913 Παυλικιάνωγ
602 1887 636 1914 ἐκ
657 1888 716 1915 τῶν
741 1891 802 1917 Φω-

44 1918 114 1944 τίου
130 1917 420 1956 τοῦΑμακαριωτάτου
436 1921 622 1956 πατριάρχου
639 1925 801 1952 Κωνσταν-

43 1954 260 1986 τινουπόλεως.

42 2006 192 2043 Σαμόσατα
202 2007 279 2039 πόλις
293 2008 352 2034 ἐστὶ
370 2009 419 2044 τῆς
439 2010 548 2045 Συρίας,
568 2012 628 2039 καθ’
659 2010 692 2048 ἧς
718 2014 801 2043 πάλαι

20 2052 37 2079 ιὸ
47 2053 208 2089 Μανιχαίων
221 2053 392 2090 είσεκώμασε
405 2056 544 2092 φρόνημα.
566 2058 637 2095 Γυνὴ
655 2060 683 2086 δέ
701 2069 743 2093 τις
769 2063 799 2090 ὲν

20 2102 93 2137 ταύτῃ
108 2102 257 2138 Καὶ-λινίκη
272 2102 392 2139 τοῦνομα
406 2105 452 2132 τὸν
480 2106 608 2143 βόρϐορον
629 2108 680 2144 τῆς
710 2110 799 2138 Μανι-

20 2148 106 2183 ιαῖχῆς
119 2148 252 2183 αίρέσεως
264 2149 324 2176 ελον
346 2151 488 2183 ὲκπιοῦσα,
512 2153 559 2179 δύο
579 2154 666 2181 τίκτει
690 2157 798 2192 παῖδας,

21 2193 116 2220 ιαῦλον
130 2194 177 2221 καὶ
201 2193 422 2230 Ίωάννην.0’ὗτοι
434 2197 483 2232 τὴν
496 2199 604 2234 μητέρα
617 2199 797 2236 ζηλώσαντες,

1120 1843 1271 1872 TITULUS
1286 1843 1383 1872 XXIV.

850 1892 979 1920 Adversus
996 1890 1179 1921 Paulicianos,
1194 1898 1227 1917 ea;
1241 1890 1344 1926 scriptis
1376 1889 1467 1918 Pliotii
1485 1893 1648 1926 patriarcha

1099 1925 1397 1959 Comlantinopolitaui.

889 2016 1028 2046 Samosata
1045 2023 1086 2044 est
1115 2017 1241 2051 oppidum
1257 2016 1352 2053 Syriae,
1387 2017 1414 2044 in
1426 2026 1478 2054 qua
1507 2017 1654 2055 quondam

852 2063 938 2098 viguit
951 2071 1028 2090 error
1054 2063 1275 2092 Manichaeorum.
1301 2065 1396 2095 Inlioc
1423 2068 1521 2102 oppido
1549 2068 1647 2096 mulier

853 2109 975 2143 quaedam
994 2107 1045 2135 fuit
1074 2109 1184 2136 nomine
1209 2108 1350 2139 Callinice.
1385 2111 1447 2139 Haec
1475 2120 1535 2140 cum
1558 2118 1644 2141 totum

853 2153 1162 2182 Maniclneorumlutum
1190 2156 1333 2188 hausisset,
1359 2159 1426 2186 duos
1440 2159 1543 2193 peperit
1572 2160 1645 2188 tilio:

853 2200 965 2227 Paulum
982 2204 1008 2228 et
1033 2200 1175 2234 Joannem,
1204 2202 1249 2236 qui
1270 2206 1383 2230 matrem
1414 2204 1510 2232 imitati
1540 2212 1644 2233 merum

20 2239 127 2273 pratov
138 2241 186 2273 τῆς
202 2240 371 2273 ὰποστασίας
385 2241 487 2277 ταύτης
502 2244 548 2270 τὸν
564 2244 604 2271 ἰὸν
615 2246 794 2281 είσεδέξαντο.
814 2245 833 2272 Ῑ]

889 2247 929 2273 ius
948 2247 1088 2282 apostasia:
1105 2254 1236 2274 venenum
1262 2248 1396 2277 bibcrltnl.
1411 2249 1463 2277 Hos
1484 2250 1580 2285 reliqui
1597 2259 1645 2278 ve-

20 2285 176 2320 )εαοάμενοι
187 2285 216 2312 δὲ
230 2284 342 2318 τούτους
357 2288 382 2313 οί
400 2289 600 2316 συναποστάται
620 2290 799 2328 διαφέροντας

23 2331 51 2357 πὶ
61 2333 95 2367 τῇ
107 2331 252 2368 δυσσεὸεἱᾳ
263 2333 311 2359 καὶ
323 2333 514 2369 δραστηρίους,
531 2335 656 2371 κήρυκας
679 2339 798 2374 προϐάλ-

20 2386 97 2405 ηονται
125 2379 171 2405 καὶ
188 2380 396 2415 μυσταγωγούς.
410 2378 490 2409 Οὗτοι
506 2383 535 2410 δὲ
548 2384 594 2410 καὶ
619 2384 686 2411 ἄλλα
705 2395 799 2422 προσε‹

20 2424 185 2459 τινοὴσαντες
198 2425 299 2458 ἄτοπα,
311 2426 358 2453 καὶ
376 2427 473 2463 μιαρὰ,
490 2429 537 2455 καὶ
550 2429 660 2465 ὀλέθρια
676 2432 799 2466 δόγματα

23 2469 53 2503 ὴν
68 2470 125 2497 τῶν
143 2471 330 2499 Παυλικιάνων
346 2472 451 2508 αἵρεσιν
465 2475 674 2510 συνεστήσαντο,
700 2479 799 2513 μοῖραν

20 2514 56 2540 ιὲν
69 2514 122 2549 τῆς
133 2516 289 2552 Μανιχαίων
304 2518 402 2552 μανίας
417 2516 511 2551 οὖσαν,
528 2520 584 2546 τισὶ
593 2520 622 2547 δὲ
630 2522 799 2557 προσθήκαις

20 2561 230 2596 ωναυξηθείσαν.
246 2562 314 2589 Ἀπὸ
327 2563 429 2590 τούτων
443 2563 472 2590 δὲ
484 2564 538 2592 τῶν
549 2565 605 2599 δύο,
623 2567 729 2594 Παύλου
749 2570 799 2596 καὶ

20 2606 146 2641 Ιωάννου,
163 2609 219 2639 τοῖς
235 2609 370 2644 μαθηταῖς
385 2609 474 2637 αὐτῶν
500 2612 516 2647 ἡ
546 2615 723 2649 προσωνυμία
743 2615 799 2643 τῶν

20 2650 333 2689 ῐαυλικιάνωνὲπετέθη,
360 2655 518 2683 συντεθεῖσα
546 2657 797 2696 βαρϐαρικώτερον,

20 2697 51 2723 εαὶ
61 2699 125 2725 ἀντὶ
137 2699 183 2726 τοῦ
209 2700 412 2728 Παυλοῖωάνναι
440 2702 616 2730 Παυλικιάνοι
647 2707 792 2741 κατονομά-

20 2744 106 2772 ονται.
122 2745 225 2780 Χρόνου
248 2746 276 2772 δὲ
301 2747 488 2783 διαρῥυέντος,
517 2749 611 2784 ἕτερον
634 2750 740 2784 ἑαυτοῖς
765 2753 795 2780 τὸ

21 2789 52 2822 ῆς
64 2790 232 2823 ἀποστασίας
254 2792 392 2827 συνέδριον
414 2795 596 2830 χειροτονοῦσι
624 2796 793 2831 διδάσκαλον,

23 2843 33 2863 ς
49 2834 249 2869 Κωνσταντῑνος
262 2838 462 2874 ὀνομαζόμενος
475 2841 515 2872 είς
529 2841 675 2869 Σιλουανὺν
697 2844 793 2872 ἑαυτὸν

20 2881 189 2918 ιετωνόμασε,
205 2883 250 2911 καί
263 2892 294 2919 γε
315 2884 409 2913 τοῦτον
424 2885 514 2922 πολλῷ
543 2887 597 2916 τῶν
625 2889 792 2925 Καλλινικης

851 2292 941 2320 ritatis
958 2294 1107 2321 desertores
1121 2294 1267 2328 conspicati
1288 2295 1428 2330 impietate
1454 2297 1579 2331 eximios,
1603 2305 1645 2325 at-

851 2346 903 2372 que
918 2343 1087 2374 prwstantes,
1107 2346 1138 2365 ac
1152 2344 1288 2374 strenuos,
1305 2341 1503 2370 constituerunt
1514 2350 1562 2371 COS
1573 2351 1642 2378 pra:-

851 2392 933 2412 eoncs
945 2389 973 2412 et
986 2385 1081 2412 duces.
1096 2385 1141 2412 lsli
1153 2393 1213 2412 cum
1226 2385 1276 2412 alia
1290 2386 1405 2414 absurda
1429 2392 1457 2415 et
1476 2389 1642 2418 exsecranda

851 2438 882 2458 ac
897 2432 1046 2464 perniciosa
1057 2432 1194 2466 dogmata.
1205 2436 1259 2458 tum
1273 2432 1492 2461 Paulicianorum
1504 2434 1642 2468 haeresim.

851 2484 909 2511 quae
929 2476 1138 2504 Maniclueorum
1167 2478 1278 2505 insania:
1294 2486 1355 2513 pars
1371 2485 1423 2512 est,
1440 2485 1466 2507 et
1479 2481 1641 2515 quibusdam

849 2522 931 2548 etiam
960 2522 1161 2550 accessionibus
1179 2524 1354 2557 cumulatior,
1379 2526 1575 2560 excogitarunt.
1604 2527 1641 2554 Ex

849 2566 953 2593 duobus
965 2571 1055 2594 autem
1073 2567 1131 2595 istis
1150 2568 1308 2597 nominibus
1322 2569 1405 2598 Paulo
1419 2576 1446 2598 et
1459 2571 1561 2599 Joanne
1574 2572 1642 2599 Pau-

849 2613 1007 2641 licianorum
1023 2615 1180 2643 vocabulum
1192 2617 1306 2644 bazbare
1317 2625 1382 2645 sane
1395 2620 1573 2653 compositum
1588 2625 1640 2653 cst,

850 2663 880 2687 ut
895 2667 956 2687 cum
973 2660 1184 2691 Pauli-Joannes
1198 2664 1329 2699 appellari
1347 2664 1473 2698 debeant,
1491 2665 1642 2695 Pauliciani

849 2705 1032 2734 nominentur.
1048 2707 1100 2735 Sed
1114 2710 1242 2743 temporis
1251 2718 1392 2746 progreSsu
1405 2711 1486 2739 alium
1509 2712 1560 2741 sibi
1577 2721 1642 2748 apo-

849 2752 941 2780 stasia:
957 2753 1059 2780 socium
1081 2758 1109 2782 et
1124 2755 1282 2791 magistrum
1297 2757 1491 2792 adhibuerunt,
1519 2760 1562 2794 qui
1577 2768 1640 2788 cum

848 2804 992 2828 vocaretur
1005 2800 1214 2835 Constantinus,
1235 2803 1319 2830 voluit
1339 2803 1473 2838 Sylvanus
1497 2807 1638 2841 appeléari.

847 2844 881 2872 Et
896 2844 967 2873 hunc
981 2845 1089 2881 quidem
1111 2847 1253 2882 apostasia:
1273 2848 1404 2877 sa'ellites
1424 2850 1561 2879 Callinicae
1578 2851 1602 2877 lil
1617 2859 1640 2879 I5

848 2892 925 2926 longe
935 2897 1112 2928 anteponunt.
1127 2893 1232 2929 Quippe
1243 2895 1289 2930 qui
1308 2900 1337 2924 ut
1348 2898 1533 2926 astutissimus
1547 2899 1580 2927 ad
1594 2906 1636 2931 ea,
