1873 3075
47 142 108 172 1345

527 144 711 175 PANOPLIA
733 145 1003 176 DOGilA'l‘lCA.-
1020 147 1095 178 TlT.
1112 147 1212 180 XXIV.

1591 148 1660 180 127.6

42 206 74 230 τὰ
88 203 240 237 ἀνθρώπινα
256 204 345 229 πίστει
365 202 569 239 κατορθοῦμεν.
589 204 683 235 Πίστις
704 204 732 230 δὲ
747 204 819 231 ἐστὶν

911 212 952 232 ur.
983 205 1048 233 Fide
1083 205 1261 240 intelligimus
1288 205 1334 232 Dei
1367 206 1486 240 potentia
1501 211 1597 233 cuncta
1627 215 1659 234 ex

43 249 319 285 ἀπολυπραγμόνητος
336 250 549 284 συγκατάθεσις.

77 389 151 415 Πᾶσα
172 388 222 423 μὲν
253 388 299 414 οὖν
329 389 430 424 πρᾶξις
456 389 504 415 καὶ
531 388 743 424 θαυματουργία
774 389 821 416 τοῦ

42 433 156 468 Χριστοῦ
185 434 314 468 μεγίστη,
342 434 390 460 καὶ
412 434 481 467 θεία,
508 435 556 461 καὶ
579 435 736 470 θαυμαστή·
756 435 822 462 ἀλλὰ

42 480 142 505 πάντων
150 479 207 504 ἐστὶ
220 478 441 513 θαυμαστότερον
460 480 473 504 6
492 479 581 514 τίμιος
595 479 677 506 αὑτοῦ
694 481 821 515 σταυρός.

41 524 78 550 Δι’
90 524 192 556 οὐδενὸς
205 525 257 560 γὰρ
274 525 369 559 ἐτέρου
387 525 400 550 ό
410 525 524 556 θάνατος
540 526 727 561 κατήργηται,
742 527 758 561 ἠ
775 526 822 553 τοῦ

43 570 206 606 προπάτορος
227 570 351 606 ἁμαρτία
382 571 499 602 λέλυται,
519 571 533 597 6
549 571 616 606 ᾅδης
642 573 818 607 ἔσκύλευται,

43 617 57 651 ἡ
71 617 214 648 ἀνάστασις
225 616 387 652 δεδώρηται,
403 616 517 651 δύναμις
529 618 594 651 ἡμῖν
619 617 667 644 τοῦ
684 627 819 654 καταφρο-

42 667 92 692 νεῖν
106 665 158 692 τῶν
175 666 317 700 παρόντων
333 666 380 693 καὶ
404 667 486 694 αὑτοῦ
510 667 557 694 τοῦ
574 668 689 694 θανάτου
705 668 820 699 δέδοται,

43 713 57 747 ὴ
73 712 136 748 πρὸς
148 712 196 746 τὴν
212 713 330 748 ἀρχαίαν
361 714 549 748 μακαριότητα
565 713 696 746 ἐπάνοδος
712 714 820 749 κατώρ-

44 757 130 790 θωται,
147 758 229 784 πύλαι
245 759 410 794 παραδείσου
418 759 579 795 ἠνοίχθησαν
589 780 595 792 ,
624 760 727 795 ἡφύσις
742 760 821 796 ἡμῶν

43 803 70 827 ἐκ
87 802 180 834 δεξιῶν
194 803 241 829 τοῦ
257 803 333 830 Θεοῦ⁵
347 804 489 837 κεκάθικε,
511 805 593 831 τέκνα
607 805 674 832 Θεοῦ
696 806 741 832 καὶ
755 806 821 842 κλη-

873 251 959 278 nibilo
983 252 1115 286 producta
1139 259 1211 279 esse.
1231 251 1296 278 l-‘ide
1313 251 1405 278 omnia
1422 258 1494 279 recte
1528 253 1660 287 gerimus,

874 301 930 324 tum
948 297 1077 327 humana.
1092 303 1148 324 tum
1160 298 1262 324 divina.
1285 297 1366 324 Fides
1378 305 1461 332 porro
1477 302 1519 326 est.
1532 305 1661 327 assensus

874 343 948 369 otuni
967 343 1078 370 curiosa
1091 343 1270 377 inquisitione
1284 351 1393 371 vacans.

909 387 1008 414 Christi
1020 395 1107 414 rerum
1127 389 1202 415 nulla
1215 389 1366 416 mirabilior
1378 397 1464 417 cruce.
1481 388 1547 424 Ejus
1564 390 1660 424 beneﬁ-

875 432 926 459 cia.
939 448 973 453 —
985 433 1147 468 Quanquam
1165 439 1254 461 autem
1267 435 1356 462 omnis
1371 436 1472 463 Christi
1488 437 1559 463 actio
1573 442 1600 463 et
1612 438 1661 463 mi-

874 479 1027 506 raculorum
1059 480 1152 513 editio,
1184 481 1325 514 praeclara,
1351 482 1442 508 divina
1471 489 1503 509 ac
1526 483 1660 509 mirabilis

876 530 937 553 est:
956 525 1023 552 nihil
1040 531 1130 553 tamen
1153 532 1195 554 est.
1215 535 1249 554 ex
1281 528 1409 555 munibus
1439 529 1511 563 quod
1543 529 1661 556 admira-

874 571 949 598 tione
964 572 1071 607 dignius
1087 573 1133 604 sit,
1153 581 1233 607 quam
1245 574 1398 600 veneranda
1416 575 1502 608 ipsius
1519 582 1596 602 crux.
1610 575 1662 603 Ne-

876 625 929 652 que
958 618 1030 644 enim
1047 618 1098 645 alia
1128 619 1181 645 ulla
1207 626 1235 646 re
1251 619 1387 646 destructa
1406 627 1477 646 mors
1501 620 1563 653 fuit,
1581 621 1660 656 primi

874 665 996 699 parentis
1009 670 1151 699 peccatum
1168 666 1347 698 exstinctum,
1375 665 1499 692 infernus
1517 667 1661 700 spoliatus,

873 711 1042 738 resurrectio
1071 710 1183 744 donata,
1201 712 1242 738 vis
1262 716 1320 738 tum
1338 711 1492 746 prmsentia,
1508 715 1565 738 tum
1587 720 1662 739 mor-

874 761 927 783 tem
947 757 1034 791 ipsam
1052 757 1246 785 contemnendi
1263 757 1341 785 nobis
1351 764 1494 789 concessa,
1511 758 1616 785 reditus
1629 758 1662 785 ad

872 804 1013 838 antiquam
1030 804 1224 831 beatitudinem
1239 809 1362 838 paratus,
1379 803 1499 838 paradisi
1518 803 1663 838 patefacta:

45 849 144 882 ρονόμοι
155 849 319 884 γεγόναμεν,
333 851 357 876 εί
377 850 413 885 μὴ
428 850 474 877 διὰ
499 850 544 877 τοῦ
569 851 689 886 σταυροῦ
703 851 748 878 τοῦ
763 852 819 878 Κυ-

911 856 971 881 tuae,
996 854 1094 876 natura
1119 854 1212 877 nostra
1239 850 1272 876 ad
1301 851 1346 877 Dei
1358 850 1499 877 dexteram
1517 851 1662 884 collocata,

44 893 96 927 ρίου
109 894 183 928 ἡμῶν
206 894 292 929 Ἰησοῦ
307 895 437 930 Χριστοῦ.
458 896 506 922 Διὰ
516 896 634 932 σταυροῦ
669 897 722 932 γὰρ
733 897 821 924 πάντα

44 938 231 974 κατώρθωται*
256 940 343 967 Ὅσοι
365 941 419 974 γὰρ
444 941 666 975 ἐϐαπτίσθημεν
689 943 733 974 είς
755 943 820 976 Χρι-

43 984 120 1016 στόν,
136 985 219 1019 φησὶν
231 985 246 1012 6
265 985 436 1018 Ἀπόστολος,
455 987 498 1018 εἰς
519 987 572 1013 τὸν
588 987 716 1014 θάνατον
727 987 818 1014 αὐτοῦ

42 1029 256 1065 ἐϐαπτίσθημεν
266 1039 273 1046 ·
304 1031 370 1058 ὅσοι
385 1031 419 1057 δὲ
440 1032 484 1064 εἰς
495 1032 624 1066 Χριστὸν
639 1033 819 1067 ἐϐαπτίσθη-

40 1083 100 1108 μεν,
118 1076 246 1110 Χριστόν
257 1077 471 1111 ὲνεδυσάμεθα.
486 1078 611 1112 Χριστὸς
632 1079 660 1105 δέ
673 1080 731 1105 ἐστι
746 1079 820 1106 Θεοῦ

41 1120 159 1156 δύναμις
178 1122 229 1149 καὶ
242 1122 315 1149 Θεοῦ
335 1123 437 1157 σοφία.
460 1123 523 1150 Ἰδοὺ
535 1125 548 1150 6
565 1124 679 1155 θάνατος
688 1124 735 1151 τοῦ
754 1125 819 1160 Χρι-

42 1166 111 1199 στοῦ,
131 1168 188 1203 ἦτοι
212 1169 226 1195 ὁ
252 1169 378 1202 σταυρὸς,
400 1169 448 1204 τὴν
474 1169 655 1196 ὲνυπόστατον
680 1169 726 1196 τοῦ
751 1170 818 1196 Θεοῦ

42 1214 130 1248 σοφίαν
154 1215 202 1241 καὶ
231 1214 346 1250 δύναμιν
370 1216 444 1250 ἡμᾶς
472 1215 628 1250 περιέϐαλε.
649 1216 768 1250 Δύναμις
789 1216 818 1242 δὲ

41 1258 101 1285 Θεοῦ
117 1259 188 1285 ἐστιν
205 1260 218 1285 6
231 1260 317 1293 Λόγος
341 1261 355 1286 ὁ
378 1259 424 1286 τοῦ
439 1260 592 1296 σταυροῠ,ἦ
608 1261 648 1286 ὅτι
663 1261 693 1286 τὸ
708 1261 821 1288 δυνατὸν

41 1302 82 1329 τοῦ
93 1303 167 1335 Θεοῦ,
183 1304 244 1339 ἦτοι
262 1305 278 1339 ὴ
298 1305 368 1331 κατὰ
393 1304 439 1331 τοῦ
471 1305 587 1332 θανάτου
604 1305 676 1340 νίκη,
689 1306 722 1332 δι’
739 1307 821 1333 αὐτοῦ

41 1349 100 1383 ἡμῖν
115 1349 318 1385 πεφανέρωται,
335 1350 351 1385 ἢ
366 1350 417 1382 ὅτι,
446 1349 540 1384 ὥσπερ
555 1350 589 1376 τὰ
612 1352 735 1386 τέσσαρα
749 1351 822 1387 ἄκρα

40 1393 82 1420 τοῦ
95 1395 211 1431 σταυροῦ
226 1395 271 1422 διὰ
286 1395 333 1421 τοῦ
352 1395 436 1430 μέσου
453 1396 565 1430 κέντρου
588 1396 752 1432 κρατοῦνται
776 1398 823 1424 καὶ

42 1439 232 1474 συσφίγγονται
245 1457 252 1470 ,
291 1440 379 1472 οὕτως
394 1440 437 1466 διὰ
452 1440 503 1475 τῆς
518 1440 566 1467 τοῦ
583 1441 651 1467 Θεοῦ
669 1441 821 1477 δυνάμεως,

40 1485 68 1511 τό
90 1494 117 1511 τε
147 1485 216 1520 ὕψος
243 1486 290 1512 καὶ
314 1486 345 1512 τὸ
362 1485 453 1521 βάθος,
481 1486 567 1521 μῆκός
586 1495 615 1512 τε
638 1487 685 1513 καὶ
710 1488 821 1519 πλάτος,

872 901 922 922 nos
938 894 1057 929 denique
1073 895 1121 922 lilii
1150 895 1196 923 Dei
1211 900 1292 930 atque
1313 896 1433 923 heredes
1450 895 1528 926 facti,
1549 897 1602 923 nisi
1616 904 1664 931 per

870 948 979 967 crucem
993 939 1098 967 Domini
1113 941 1198 968 nostri
1214 940 1277 968 Jesu
1290 941 1403 968 Christi.
1455 940 1594 976 Siquidem
1607 942 1663 969 bzec

871 985 962 1012 omnia
978 993 1045 1012 crux
1060 987 1185 1020 prmstitit
1200 994 1207 1012 :
1228 986 1380 1021 Quicunque
1393 987 1472 1018 enim,
1491 987 1575 1021 inquit
1590 988 1664 1022 Apo-

871 1031 970 1063 stolus,
982 1031 1008 1058 in
1021 1030 1155 1058 Christum
1168 1031 1297 1065 baptizuli
1310 1040 1411 1064 sumus,
1422 1032 1448 1058 in
1460 1037 1567 1058 mortem
1580 1033 1663 1066 ipsius

871 1076 999 1110 baptizati
1015 1085 1106 1104 sumus
1130 1079 1149 1104 ¹.
1161 1078 1314 1112 Quicunque
1328 1083 1415 1105 autent
1428 1079 1454 1103 in
1465 1077 1596 1105 Clu-istum
1617 1079 1664 1104 ba—

869 1123 1070 1156 plizatisumua,
1081 1122 1215 1150 Christum
1223 1123 1355 1150 induimus
1370 1124 1390 1152 '.
1404 1123 1523 1150 Christus
1537 1129 1664 1158 pnrroest

872 1167 920 1194 Dei
939 1169 1022 1195 virtus
1042 1172 1066 1195 et
1080 1169 1210 1202 sapientia
1229 1168 1291 1195 {En
1302 1176 1355 1202 quo
1367 1172 1447 1203 pacto
1463 1169 1564 1196 Christi
1580 1177 1663 1202 mors,

871 1214 928 1241 sive
943 1221 1009 1240 crux
1035 1214 1195 1241 subsistenti
1207 1213 1252 1241 Dei
1267 1215 1400 1249 sapientia
1412 1222 1461 1242 nos
1480 1214 1598 1242 vestivit,
1617 1215 1663 1242 Dei

873 1265 964 1286 autem
993 1261 1082 1287 virtus
1109 1260 1222 1287 verbum
1241 1260 1332 1288 crucis
1348 1260 1460 1292 dicitur,
1479 1261 1521 1287 vel
1537 1261 1600 1295 quia
1617 1260 1664 1287 Dei

874 1305 914 1332 vis
929 1313 960 1332 ac
980 1306 1112 1341 potentia,
1128 1306 1180 1334 hoc
1192 1312 1243 1340 est,
1260 1307 1375 1333 victoria
1389 1306 1522 1334 adversus
1538 1313 1664 1339 mortem,

875 1357 923 1383 per
937 1357 996 1376 eam
1013 1349 1094 1376 nobis
1107 1350 1285 1377 manifestata
1300 1354 1357 1384 est;
1375 1350 1416 1377 vel
1427 1350 1502 1384 quia,
1513 1351 1586 1377 sicut
1598 1357 1666 1385 qua-

874 1399 938 1421 tuor
965 1399 1095 1422 extremae
1112 1395 1203 1422 crucis
1221 1399 1314 1430 partes
1332 1403 1380 1430 per
1396 1395 1516 1423 medium
1539 1402 1664 1424 centrum

873 1441 945 1468 inter
967 1448 997 1468 se
1017 1441 1157 1468 cohaerent
1173 1444 1200 1468 et
1218 1441 1462 1476 constringuntur,
1493 1441 1528 1468 ita
1549 1449 1597 1476 per
1619 1442 1665 1469 Dei

874 1487 1021 1521 potentiam
1042 1487 1198 1514 sublimitas
1227 1490 1253 1513 et
1269 1485 1453 1521 profunditas,
1483 1487 1624 1522 longitudo
1638 1492 1666 1514 et

41 1530 95 1564 ἦτοι
129 1532 205 1558 πᾶσα
238 1531 323 1566 ὁρατή
361 1540 390 1558 τε
421 1532 469 1558 καὶ
500 1532 616 1567 ἀόρατος
640 1533 728 1565 κτίσις
760 1542 819 1559 συν-

911 1532 1005 1563 τῐιιιόο,
1031 1532 1082 1559 hoc
1107 1536 1160 1564 est,
1188 1531 1279 1559 omnis
1297 1537 1354 1559 tam
1388 1533 1505 1560 visibilis
1521 1540 1603 1568 quam
1622 1533 1666 1560 itt-

42 1575 137 1610 έχεται.

73 1619 152 1654 Οὗτος
165 1623 234 1658 ἡμῖν
250 1624 363 1657 σημεῖον
445 1623 551 1650 δέδοται
567 1625 612 1650 ἐπὶ
624 1624 670 1650 τοῦ
685 1624 822 1659 μετώπου,

41 1665 67 1692 ὃν
79 1667 175 1702 τρόπον
185 1667 224 1702 τῷ
233 1668 341 1703 Ἰσραὴλ
352 1669 367 1703 ἡ
380 1670 513 1704 περιτομή
524 1677 529 1684 ·
539 1669 573 1695 δι’
586 1669 667 1695 αὑτοῦ
679 1670 733 1705 γὰρ
741 1671 765 1696 οἰ
777 1679 823 1697 πι-

43 1713 94 1739 στοὶ
107 1713 160 1740 τῶν
177 1714 302 1740 ἀπίστων
318 1714 536 1750 ἀποδιιστάμεθα
561 1716 607 1742 καὶ
619 1717 822 1752 γνωριζόμεθα.

43 1755 120 1790 Οὗτος
135 1758 233 1794 Θυρεὺς
246 1760 293 1786 καὶ
307 1760 388 1786 ὅπλον
405 1761 452 1786 καὶ
466 1761 597 1795 τρόπαιον
615 1763 685 1789 κατὰ
710 1762 757 1789 τοῦ
768 1763 825 1790 δια-

42 1803 125 1832 ϐόλου,
137 1803 222 1837 Οὗτος
232 1806 361 1841 σφραγὶς,
374 1806 416 1831 ἵνα
427 1807 464 1841 μὴ
476 1807 538 1842 θίγῃ
549 1807 627 1842 ἡμῶν
637 1809 650 1834 ὁ
661 1807 823 1843 ὀλοθρεύων,

41 1849 74 1880 ὡς
88 1851 103 1884 ὴ
118 1851 213 1886 Γραφή
233 1860 327 1886 φησιν.
343 1849 427 1883 Οὗτος
445 1852 499 1878 τῶν
513 1853 645 1887 κειμένων
664 1854 822 1887 ἀνάστασις,

42 1896 90 1922 τῶν
104 1898 229 1924 ἑστώτων
250 1899 401 1933 στήριγμα,
415 1898 535 1925 ἀσθενῶν
547 1898 695 1934 βακτηρία,
712 1909 824 1935 ποιμαι-

42 1943 156 1977 νομένων
176 1943 285 1979 ράὃδος,
301 1944 520 1980 ἐπιστρεφόντων
547 1945 729 1980 χειραγωγία,
756 1955 824 1981 προ-

42 1989 193 2015 κοπτόντων
211 1989 363 2022 τελείωσις,
379 1989 467 2025 ψυχῆς
487 1991 610 2026 σωτηρία
623 1991 669 2017 καὶ
688 1991 824 2026 σώματος,

42 2032 144 2060 πάντων
160 2033 215 2060 τῶν
230 2034 321 2061 κακῶν
333 2035 529 2070 ἀποτρόπαιον,
547 2035 656 2062 πάντων
676 2036 732 2062 τῶν
755 2037 825 2069 όιγα-

42 2077 92 2104 θῶν
108 2079 246 2114 πρόξενος,
265 2080 401 2114 ἁμαρτίας
428 2080 578 2116 ἀναίρεσις,
604 2080 686 2115 φυτὸν
706 2081 825 2108 ἀναστά-

42 2131 117 2156 σεως,
131 2124 210 2156 ξύλον
224 2123 297 2160 ζωῆς
316 2125 439 2152 αἰωνίου.

74 2211 142 2238 Αὐτὸ
162 2211 213 2247 μὲν
228 2209 275 2238 οὖν
299 2211 330 2238 τὸ
354 2212 445 2247 τίμιον
470 2211 548 2244 ξύλον
651 2213 689 2245 ὡς
715 2214 825 2250 ἀληθῶς

42 2257 85 2283 καὶ
102 2257 262 2292 σεϐάσμιον,
279 2258 308 2284 ὲν
320 2254 342 2292 ᾦ
353 2257 449 2284 ἑαυτὴν
460 2258 500 2289 εἰς
524 2257 619 2284 Θυσίαν
632 2258 702 2294 ὑπὲρ
713 2260 792 2294 ἡμῶν
811 2262 824 2287 ό

42 2301 154 2336 Χριστὸς
181 2303 381 2338 προσενήνοχεν
395 2323 402 2335 ,
433 2303 472 2334 ὡς
497 2302 625 2336 ἁγιασοὶν
646 2305 680 2340 τῇ
699 2305 754 2340 ἀφῇ
776 2305 823 2332 τοῦ

41 2347 116 2380 ἁγίου
131 2348 260 2384 σώματός
283 2358 312 2377 τε
328 2351 375 2377 καὶ
396 2350 512 2386 αἵματος
534 2351 742 2386 προσκυνητέον,
765 2351 828 2378 τοὺς

42 2393 120 2428 ἥλους
135 2415 143 2427 ,
178 2395 228 2430 τὴν
243 2395 357 2432 λόγχην,
373 2396 408 2422 τὰ
429 2396 576 2431 ἐνδύματα,
592 2396 640 2423 καὶ
653 2396 686 2423 τὸ
704 2396 765 2432 ἱερὰ
777 2396 827 2422 αὑ-

42 2437 86 2463 τοῦ
104 2440 271 2476 σκηνώματα
283 2449 289 2456 ·
305 2441 385 2468 ἅτινά
403 2441 472 2467 εἰσιν
489 2442 506 2476 ἡ
524 2442 623 2477 φάτνη,
639 2441 669 2467 τὺ
684 2441 827 2476 σπήλαιον,

42 2482 55 2508 6
68 2483 215 2519 Γοργοθᾶς,
231 2486 245 2512 ὁ
258 2486 392 2521 σωτήριος
407 2504 416 2517 ,
447 2487 460 2512 ό
477 2486 607 2518 ζωοποιὸς
622 2486 715 2520 τάφος,
734 2485 828 2521 ὴΣιὼν

42 2528 94 2555 τῶν
115 2530 283 2565 Ἐκκλησιῶν
303 2532 460 2566 ἀκρόπολις,
478 2533 526 2558 καὶ
539 2532 573 2558 τὰ
587 2533 668 2567 ὅμοια
678 2541 684 2547 ·
697 2532 735 2563 ὥς
745 2540 827 2567 φησιν

42 2574 56 2599 ὁ
70 2574 210 2612 θεοπάτωρ
222 2578 303 2604 Δαῦίδ
319 2585 327 2592 ·
403 2578 647 2612 Εἰσελευσόμεθα
660 2579 703 2610 εἷς
710 2577 746 2604 τὰ
754 2586 827 2610 σκη-

43 2619 160 2653 νώματα
188 2623 292 2653 αὐτοῦ,
319 2623 576 2657 προσκυνήσομεν
593 2625 637 2656 εις
665 2623 717 2649 τὸν
736 2624 828 2650 τόπον

43 2662 77 2692 οὗ
92 2667 229 2700 ἔστησαν
248 2669 273 2695 οὶ
285 2668 375 2700 πόδες
388 2669 491 2696 αὐτοῦ.
503 2669 564 2695 Ὀτι
573 2668 600 2694 δὲ
613 2669 729 2703 σταυρὸν
744 2668 827 2702 λέγει,

43 2710 116 2744 δηλοῖ
126 2713 158 2738 τὸ
171 2713 304 2748 ἑπόμενον
315 2722 321 2729 ·
339 2714 502 2748 Ἀνάστηθι,
521 2715 617 2748 Κύριε,
629 2715 672 2747 είς
685 2713 742 2746 τὴν
755 2713 827 2741 dud-

44 2757 158 2784 παυσίν
171 2767 240 2786 σου.
258 2760 374 2786 "Eat-stat
387 2760 440 2794 γὰρ
456 2759 495 2795 τῷ
516 2760 623 2795 σταυρῷ
638 2761 654 2794 ἡ
671 2760 828 2792 ἀνάστασις.

83 2843 91 2861 ¹
111 2844 190 2875 Rom.
203 2855 239 2879 vt,
255 2846 280 2873 ὅ.
320 2849 330 2864 ¹
346 2846 406 2875 Gal.
430 2855 469 2879 ιιι,
485 2846 528 2873 27.
568 2846 577 2862 '
598 2847 679 2876 lCnr.
696 2856 714 2881 ι,
729 2847 774 2875 24.

875 1575 992 1603 visibilis
1007 1580 1145 1607 creatura,
1163 1576 1329 1602 continetur.

914 1620 1008 1647 Crucis
1021 1621 1126 1655 signant
1144 1621 1233 1655 ﬁdeles
1250 1622 1319 1648 inter
1329 1626 1352 1648 et
1364 1622 1483 1656 infideles
1496 1623 1668 1651 discernit...

875 1665 939 1693 Πωο
960 1666 1042 1694 nobis
1063 1667 1135 1702 signi
1150 1667 1211 1694 loco
1236 1667 1263 1694 in
1279 1667 1370 1695 fronte
1395 1668 1457 1695 data
1472 1673 1525 1700 est,
1540 1670 1612 1697 haud
1624 1678 1668 1697 se-

875 1720 926 1740 cus
944 1720 976 1739 ac
992 1712 1168 1740 circumcisio
1183 1712 1289 1739 lsraeli.
1302 1713 1355 1741 Per
1374 1713 1445 1741 hanc
1457 1722 1507 1741 nos
1521 1715 1614 1742 iideles
1634 1716 1669 1743 ab

875 1759 1032 1786 inﬁdelibtts
1061 1759 1258 1794 distinguimur
1283 1764 1366 1793 atque
1390 1761 1579 1794 agnoscimur.
1603 1761 1668 1788 Haec

875 1805 999 1839 clypcus,
1023 1809 1174 1836 armatura,
1202 1808 1284 1838 atque
1309 1809 1440 1839 tropteum
1468 1809 1510 1832 est
1535 1805 1668 1834 adversus

875 1849 1024 1876 diabolum.
1046 1848 1108 1876 llasc
1123 1850 1295 1884 signaculum
1310 1853 1364 1882 est,
1379 1857 1413 1876 ne
1431 1857 1483 1877 nos
1502 1851 1668 1879 extermina-

876 1899 918 1922 tor
944 1896 1059 1930 angelus
1097 1899 1200 1930 tangat,
1228 1900 1256 1922 ut
1269 1895 1412 1930 Scriptura
1433 1897 1554 1931 loquitur
1569 1899 1587 1926 ⁸.
1604 1897 1668 1925 Haec

874 1940 1026 1974 iacentium
1044 1941 1146 1967 erectio
1177 1945 1228 1973 est,
1249 1941 1384 1967 stantium
1406 1940 1606 1975 fulcimentum,
1624 1944 1667 1970 itt-

878 1986 1020 2012 tlrmorum
1051 1986 1178 2019 baculus,
1208 1986 1301 2013 ovium
1333 1987 1421 2022 virga,
1446 1987 1666 2022 resipiscentium

877 2031 1088 2062 adminiculum,
1125 2032 1334 2066 proficientium
1361 2033 1505 2067 perfectio,
1531 2034 1629 2061 animae
1642 2039 1669 2062 et

877 2077 1000 2112 corporis
1020 2078 1106 2109 salus,
1136 2078 1271 2104 malorutn
1285 2078 1409 2104 omnium
1433 2079 1570 2114 depulsio,
1583 2080 1669 2107 bono-

876 2129 937 2149 rum
955 2122 1075 2149 omniutn
1094 2129 1188 2154 causa,
1203 2122 1308 2157 peccati
1323 2122 1668 2158 exstinctio,resurrectio-

879 2167 922 2195 nis
939 2168 1040 2202 planta,
1058 2168 1119 2194 vitae
1132 2171 1240 2195 aeterna:
1255 2168 1368 2202 lignum.

845 2206 868 2233 ι)
915 2213 990 2249 Ligni
1019 2214 1104 2241 crucis
1122 2213 1254 2245 adoratio,
1276 2222 1307 2240 ac
1326 2214 1441 2241 alierum
1468 2222 1526 2250 qua:
1547 2215 1669 2245 Christus

877 2264 1000 2286 contactu
1016 2267 1063 2286 sua
1079 2259 1266 2294 sancti/ienuit.
1283 2275 1318 2279 —
1334 2259 1392 2288 Hoc
1404 2260 1496 2296 itaque
1511 2263 1666 2296 preti05um

878 2313 944 2333 sane
956 2313 989 2333 ac
1004 2306 1162 2334 venerabile
1178 2306 1291 2341 lignum,
1309 2305 1336 2333 in
1353 2313 1408 2341 quo
1420 2314 1450 2334 se
1471 2306 1601 2336 Christus
1618 2317 1669 2344 pro

880 2347 962 2376 nobis
976 2347 1096 2375 hostiam
1115 2347 1224 2380 obtulit.
1237 2349 1275 2376 uti
1300 2350 1467 2377 sanctissimi
1484 2351 1611 2386 corporis
1623 2355 1667 2378 at-

881 2401 934 2428 que
948 2393 1089 2428 sanguinis
1101 2397 1174 2421 tactu
1195 2393 1407 2426 sanctiﬁcatum.
1423 2396 1483 2430 iure
1511 2396 1589 2423 debet
1605 2396 1667 2424 ado-

882 2438 937 2464 rari
951 2446 957 2464 ε
972 2438 1218 2473 claviqueitem.et
1228 2439 1333 2473 lancea,
1348 2444 1375 2467 et
1391 2440 1564 2473 indumenta,
1580 2445 1606 2468 et
1626 2448 1670 2468 sa-

882 2493 935 2512 cra‘:
949 2485 1009 2519 ejus
1025 2487 1191 2518 mansiones,
1215 2485 1266 2514 hoc
1281 2490 1334 2518 est,
1356 2495 1484 2522 praesepe,
1503 2495 1614 2522 specus,
1625 2495 1671 2515 sa-

883 2529 978 2557 lutaris
990 2529 1133 2565 Golgotba,
1153 2531 1291 2558 viviﬁcum
1304 2531 1472 2566 sepulcrum,
1494 2532 1561 2560 Sion
1575 2531 1670 2559 Eccle-

883 2577 987 2603 siarum
1004 2584 1063 2607 arx.
1078 2585 1109 2604 ac
1127 2577 1238 2609 similia,
1257 2578 1485 2613 quemadmodum
1507 2577 1554 2605 Dei
1571 2585 1671 2613 parens

888 2622 972 2649 David
984 2623 1090 2650 aiebat:
1107 2621 1279 2650 lntraibimus
1296 2625 1323 2650 in
1337 2623 1507 2650 tabernacula
1515 2623 1592 2657 ejus:
1607 2623 1671 2650 ndo-
1693 2620 1696 2622 “

884 2668 1001 2694 rabimus
1014 2669 1040 2694 in
1055 2668 1123 2702 loco,
1139 2668 1315 2695 ubisteterunt
1330 2668 1405 2703 pedes
1422 2668 1478 2702 ejus
1490 2670 1511 2695 ⁸.
1529 2667 1607 2701 Quod
1622 2676 1671 2694 au-

886 2717 938 2740 tent
958 2714 1002 2740 hic
1018 2721 1127 2741 crucem
1151 2713 1296 2748 intelligat,
1315 2718 1478 2748 argumento
1491 2718 1544 2746 est,
1558 2713 1584 2740 id
1598 2713 1670 2747 quod

885 2760 1026 2793 sequitur:
1042 2759 1136 2791 Surqe,
1155 2759 1273 2791 Domine,
1289 2759 1316 2785 in
1332 2759 1444 2792 requiem
1458 2759 1560 2787 tuam“.
1573 2759 1672 2787 Comes

814 2845 823 2863 ⁸
837 2846 925 2874 Exod.
936 2854 973 2881 ix,
988 2847 1029 2874 1'2.
1067 2847 1076 2863 '
1098 2847 1167 2875 l’sal.
1181 2855 1271 2882 ccxxt,
1290 2848 1315 2877 7.
1355 2849 1366 2866 ⁸
1381 2848 1449 2879 ibid.
1464 2849 1493 2880 8.
