1873 3075
57 146 122 178 1249

549 144 735 176 PANOPLIA
755 143 984 174 DOGMATICA.
998 155 1034 160 —
1044 143 1118 175 TlT.
1136 143 1223 176 XXV.

1604 147 1670 181 i250

53 205 88 240 μὴ
112 204 216 231 ἄνωθεν
244 203 426 239 γεννηθέντας
441 202 513 230 κατὰ
532 202 578 230 τοῦ
601 203 706 237 Κυρίου
729 203 821 238 φωνήν

897 202 931 236 lui
946 202 979 230 de
998 202 1123 236 supernis
1140 203 1196 231 nati
1211 207 1286 236 sunt,
1305 208 1334 232 ut
1357 204 1487 234 Dominus
1512 207 1571 235 ait:
1594 216 1670 243 rcge-

55 249 85 276 'H
100 251 152 286 γὰρ
165 249 372 284 παλιγγενεσία,
386 249 423 281 ὡς
440 249 487 276 καὶ
501 249 568 275 αὐτὸ
592 249 669 284 δηλοί
688 249 718 275 τὸ
735 249 831 284 ὕνομα,

50 296 173 330 δευτέρου
201 295 258 329 βίου
281 294 357 321 ἐστὶν
377 294 460 329 ἀρχή.
479 294 561 321 Ὥστε
575 294 604 320 δὲ
627 293 762 329 ἄρξασθαι
785 294 833 320 τοῦ

50 340 186 376 δευτέρου,
204 340 290 374 πέρας
302 340 355 375 χρὴ
372 339 464 366 δοῦναι
475 339 513 374 τῷ
527 339 700 375 προλαϐόντι.
722 339 765 370 Ὠς
779 339 834 374 γὰρ

51 387 95 412 ἐπὶ
110 386 161 413 τῶν
174 386 221 412 τὸν
235 385 343 412 δίαυλον
361 385 595 419 ἀνακαμπτόντων
612 385 707 416 στάσις
731 393 773 416 τις
787 385 833 411 καὶ

50 431 219 467 ἐτιηρέμησις
234 431 283 463 τὰς
295 431 418 462 ἐναντίας
432 431 555 466 κινήσεις
566 430 834 466 διαλαμὸάνει,οΰτω

50 478 94 504 καὶ
107 478 154 504 ἐπὶ
165 477 217 512 τῆς
229 477 284 504 τῶν
307 477 373 512 βίων
395 476 547 511 μεταϐολῆς
572 478 724 510 ἀναγκαῖον
747 477 832 512 ἐφάνη

50 523 162 550 θάνατον
187 523 357 558 ἀμφοτέροις
379 522 540 557 μεσιτεῦσαι
565 524 621 554 τοῖς
646 523 726 558 βίοις.
745 531 833 558 περα-

49 568 143 595 τοῦντα
158 569 208 604 μὲν
231 569 267 595 τὰ
285 568 452 604 προάγοντα,
486 569 574 604 ἀρχὴν
590 569 620 596 δὲ
644 569 750 596 διδόντα
776 570 833 601 τοῖς

49 614 154 649 ἑφεξῆς.
172 614 235 646 Πῶς
256 612 303 641 οὖν
325 614 516 650 κατορθοῦμεν
541 616 592 649 τὴν
613 615 653 645 είς
670 614 735 650 ᾅδου
749 614 833 640 κατά-

50 662 135 694 ϐασιν,
152 660 318 696 μιμούμενοι
346 660 397 694 τὴν
418 660 508 696 ταφὴν
525 660 572 687 τοῦ
588 660 725 696 Χριστοῦ,
742 660 831 686 Οἱονεὶ

48 707 97 741 γὰρ
108 706 274 734 ὲνθάπτεται
287 705 326 741 τῷ
343 705 419 733 ὕδατι
437 706 491 732 τῶν
507 705 716 740 βαπτιζομένων
728 705 762 730 τὰ
780 703 831 730 σώ-

50 761 127 787 ματα.
144 753 290 780 ’Δπόθεσιν
306 752 353 780 οὖν
367 752 422 779 τῶν
435 752 524 787 ἔργων
539 752 589 786 τῆς
604 752 706 787 σαρκὸς
729 751 830 785 συμὸο-

46 799 126 830 λικῶς
140 798 290 833 ὑποφαίνει
301 798 332 825 τὸ
346 798 500 833 βάπτισμα,
515 798 586 825 κατὰ
605 798 651 825 τὸν
666 798 829 825 Ἀπόστολον

47 844 165 879 λέγοντα,
182 845 225 872 ὅτι
251 845 469 880 Περιετμήθητε
500 844 644 879 περιτομῇ
661 845 830 879 ἀχειροποιο

46 895 102 924 ητῳ
114 891 148 918 ἐν
166 891 205 925 τῇ
230 892 396 919 ἀπεκδύσει
419 891 473 919 τοῦ
491 891 630 926 σώματος
646 890 700 925 τῆς
716 891 829 925 σαρκὸς

45 937 76 963 ἐν
93 936 130 971 τῇ
146 937 293 972 περιτομῇ
315 937 368 964 τοῦ
378 937 519 971 Χριστοῦ,
534 936 736 971 συνταφέντες
750 934 829 968 αὐτῷ

45 982 76 1008 ἐν
83 981 121 1014 τῷ
129 983 293 1018 βαπτισμῷ
306 991 314 999 ⁸
330 983 377 1010 καὶ
385 983 466 1010 οἱονεὶ
479 983 626 1018 καθάρσιόν
638 984 694 1009 ἐστι
708 984 740 1018 τῇ
754 982 828 1019 ψυχῇ

44 1026 87 1052 τοῦ
99 1027 152 1054 ἀπὸ
165 1027 215 1054 τοῦ
242 1027 374 1062 σαρκικοῦ
399 1029 573 1064 φρονήματος
599 1028 666 1063 αὐτῇ
682 1036 828 1063 προσγινο-

46 1073 122 1106 μένου
140 1073 229 1109 ῥύπου
242 1094 249 1107 ,
273 1075 343 1100 κατὰ
368 1073 398 1100 τὸ
411 1074 616 1109 γεγραμμένον,
641 1075 682 1101 ὅτι
700 1074 830 1107 Πλυνεῖς

42 1126 85 1152 με,
99 1118 146 1145 καὶ
160 1119 241 1152 ὑπὲρ
255 1119 344 1153 χιόνα
357 1119 613 1154 λευκανθήσομαι,
625 1119 675 1146 Διὰ
685 1118 763 1145 τοῦτο
778 1120 829 1146 οὐκ

46 1163 181 1195 ἰουδαῖκῶς
202 1163 247 1198 ἐφ’
259 1163 367 1199 ἑκάστῳ
383 1164 537 1200 μολύσματι
551 1165 755 1199 ἀπολουόμιθα,
768 1166 828 1192 ἀλλ’

44 1209 70 1235 ἓν
85 1209 192 1244 οἴδαμεν
208 1209 239 1236 τδ
257 1211 390 1245 σωτήριον
406 1210 559 1245 βάπτισμα,
579 1211 673 1247 ἐπειδὴ
691 1209 732 1243 εἷς
754 1212 828 1238 ἐστιν

43 1254 55 1280 ὁ
69 1254 136 1290 ὑπὲρ
149 1255 198 1281 τοῦ
213 1255 317 1290 κόσμου
335 1256 462 1288 Θάνατος,
477 1256 524 1282 καὶ
541 1256 591 1291 μία
606 1257 638 1283 ὲκ
648 1256 754 1292 νεκρῶν
770 1257 828 1289 ἑξα-

44 1300 176 1334 νάστασις,
189 1298 230 1328 ὦν
244 1300 329 1333 τύπος
343 1302 402 1328 ἐστὶ
414 1302 444 1328 τὸ
458 1302 608 1337 βάπτισμα.
627 1302 729 1330 Τούτου
748 1303 828 1338 χάριν

44 1346 55 1371 ὁ
68 1346 114 1381 τὴν
127 1346 199 1382 ζωὴν
211 1346 290 1381 ἡμῶν
315 1347 467 1382 οἰκονομῶν
489 1348 592 1383 Κύριος
607 1347 656 1383 τὴν
669 1348 715 1375 τοῦ
733 1349 828 1384 βαπτί-

44 1399 140 1425 σματος
166 1393 235 1428 ἡμῖν
259 1392 336 1419 ἔθετο
357 1393 502 1428 διαθήκην,
527 1393 644 1421 Θανάτου
664 1394 751 1421 τύπον
779 1395 827 1422 καὶ

44 1436 111 1471 ζωῆς
124 1438 319 1473 περιέχουσαν,
335 1438 385 1474 τὴν
400 1439 449 1473 μὲν
464 1438 511 1465 τοῦ
525 1438 641 1466 θανάτου
667 1439 761 1466 είκόνα
778 1439 825 1466 τοῦ

44 1481 133 1515 ὕδατος
159 1484 373 1519 ὲκπληροῦντος,
399 1485 445 1511 τὸν
463 1485 492 1511 δὲ
520 1485 569 1521 τῆς
592 1485 664 1519 ζωῆς
676 1485 826 1521 ἀρραϐῶνα

885 247 990 274 neratio
1007 248 1090 281 enim,
1107 254 1136 276 ut
1150 249 1205 284 ipsa
1216 257 1265 276 vox
1282 250 1393 284 indicat,
1407 252 1520 280 alterius
1539 254 1600 281 vita!
1617 255 1671 282 ini—

885 294 952 321 tium
967 297 1019 321 est.
1040 293 1221 326 Quamobrem
1243 300 1272 322 ut
1284 295 1395 323 alteram
1409 298 1533 333 incipias,
1545 301 1626 334 priori
1640 301 1670 327 ﬁ-

884 340 1078 374 nemimponas
1090 347 1201 367 necesse
1211 346 1263 368 est.
1278 342 1509 375 Quemadmodum
1518 345 1589 372 enim
1600 346 1625 372 in
1636 346 1669 372 iis
1689 356 1692 363 ι

884 384 928 418 qui
944 392 1052 412 cursum
1068 387 1220 418 reﬂectunt,
1234 392 1321 415 status
1336 388 1445 422 quidam
1461 393 1488 416 et
1500 391 1576 424 quies
1603 398 1668 418 cou-

885 431 982 458 trarios
999 437 1087 458 motus
1104 433 1248 467 intercipit.
1272 434 1312 460 sic
1327 440 1353 462 et
1369 435 1394 461 in
1428 436 1574 463 mutatione
1592 438 1670 465 ‘vita:

884 476 1066 502 necessarium
1080 476 1195 508 videtur,
1215 482 1242 503 ιιι
1253 485 1326 504 mors
1341 479 1411 506 inter
1425 486 1568 515 utramque
1585 482 1667 508 vitam

884 521 1052 549 interi-edens
1078 523 1293 556 praecedentibus
1317 523 1396 551 ﬁnem
1429 526 1548 559 imponat
1575 532 1602 554 et
1626 536 1669 554 sc-

883 567 1028 600 quentibus
1068 568 1229 602 principium
1257 569 1395 596 exltibcat.
1424 570 1562 603 Quomodo
1585 571 1668 604 igitur

883 612 1043 639 descensum
1057 613 1089 640 ad
1104 613 1206 641 inferos
1221 614 1369 650 dirigemus
1384 615 1395 641 ?
1409 614 1547 643 linitanles
1575 616 1667 650 sepul-

884 661 969 683 turam
980 657 1091 684 Christi.
1105 658 1203 685 Eurum
1211 659 1281 685 enim
1297 659 1342 693 qui
1357 660 1525 694 liaptizztniur
1552 667 1666 694 corpora

882 701 909 729 in
927 711 996 737 aqua
1012 704 1210 737 quodammodo
1222 705 1398 738 sepeliuntur.
1416 705 1506 740 Itaque
1518 705 1668 740 baptismus

883 748 993 781 ﬁgurate
1008 756 1118 783 operum
1147 750 1237 777 enrnis
1260 751 1454 784 depositionem
1471 751 1620 785 signiﬁcat,
1631 759 1666 778 ex

881 794 999 827 Ap0stoli
1009 795 1142 822 Sententia
1153 796 1266 823 dicentis
1281 805 1288 823 :
1305 796 1465 824 (Σίνωνηείδί
1480 798 1541 824 estis
1555 798 1667 824 circum-

881 839 978 866 cisione
1004 848 1055 866 mm
1079 849 1159 867 manu
1182 841 1252 876 facta
1276 843 1303 868 in
1336 843 1526 877 “spoliatione
1548 845 1668 878 corporis

882 887 979 918 carnis,
994 887 1021 913 in
1042 886 1140 914 Christi
1158 888 1355 915 circumcisione
1369 890 1515 923 comrpulti
1535 898 1593 917 cum
1609 890 1664 925 ipso

882 931 908 958 in
924 932 1051 966 baptimto
1066 934 1086 960 ί.
1104 933 1137 960 Et
1148 938 1189 960 est
1208 939 1334 969 tanquam
1348 936 1510 970 expurgatio
1529 936 1626 963 animae
1649 944 1665 963 ιι

882 979 1006 1006 sordibus
1015 987 1074 1012 qua:
1083 979 1119 1006 illi
1128 980 1227 1007 adsunt
1237 988 1268 1007 ex
1279 982 1369 1008 carnis
1377 981 1591 1016 sapientia,sicul
1601 982 1666 1010 scri-

881 1030 956 1059 ptum
965 1030 1006 1052 est
1016 1033 1022 1051 :
1034 1024 1146 1051 Lavabis
1157 1032 1231 1057 nte,el
1238 1034 1314 1058 super
1322 1026 1405 1053 niuem
1413 1027 1554 1054 dealbabor
1563 1027 1669 1055 ’.ΙιίίὲίιἨ

880 1077 912 1098 co
927 1078 977 1096 non
995 1077 1070 1097 more
1085 1069 1240 1097 Judzeornm
1254 1071 1388 1098 abluimur
1398 1072 1430 1098 ad
1446 1072 1564 1106 singulas
1580 1073 1668 1108 inqui-

880 1116 1013 1147 tiationes,
1030 1115 1076 1142 sed
1094 1124 1175 1143 unutn
1195 1118 1317 1144 novimus
1329 1117 1491 1152 baptismum
1506 1117 1667 1152 salutarem,

879 1161 1005 1195 quoniam
1023 1169 1074 1188 una
1089 1166 1130 1188 est
1145 1169 1192 1195 pro
1213 1162 1313 1188 mundo
1327 1170 1410 1195 mors,
1423 1167 1450 1190 et
1467 1165 1666 1193 unaamortuis

879 1207 1052 1238 resurrectio,
1068 1214 1181 1241 quarum
1197 1206 1308 1241 ﬁgurant
1323 1208 1471 1242 baptisntus
1481 1209 1568 1244 gerit;
1590 1211 1667 1244 cujus

880 1252 918 1278 rei
931 1252 1018 1286 gratia
1030 1252 1075 1286 qui
1089 1252 1169 1279 vitam
1179 1257 1302 1279 nostram
1315 1253 1383 1288 regit
1395 1252 1524 1282 Dominus
1540 1254 1669 1290 baptismi

878 1297 966 1325 fmdus
983 1298 1062 1325 nobis
1076 1298 1259 1332 ittstitnit,quo
1271 1299 1364 1326 mortis
1377 1299 1491 1334 vitasque
1504 1300 1587 1335 ﬁgura
1602 1309 1666 1329 con-

880 1345 991 1370 tinetur.
1006 1343 1100 1371 alortis
1117 1344 1187 1370 enim
1210 1352 1278 1378 aqua
1296 1345 1385 1379 explet
1403 1346 1569 1381 imaginem;
1603 1348 1665 1376 vitat

877 1395 965 1416 autem
979 1390 1075 1425 pignus
1089 1390 1206 1424 Spiritus
1218 1392 1509 1431 praebetquuarequod
1524 1395 1664 1428 quaereba-

878 1439 933 1466 tur.
961 1441 1010 1461 cur
1031 1441 1100 1468 aqua
1124 1442 1185 1462 Cutll
1207 1434 1309 1469 Spiritu
1329 1442 1525 1470 assumeretur,
1548 1445 1582 1466 ex
1619 1439 1662 1467 bis

877 1479 1039 1515 patefactum
1049 1484 1099 1507 est.
1113 1478 1180 1507 Cum
1197 1481 1268 1508 enim
1284 1481 1337 1508 duo
1347 1482 1373 1509 in
1385 1483 1517 1516 baptismo
1529 1486 1664 1519 proposita

43 1529 225 1564 παρεχομένου
237 1529 283 1556 τοῦ
292 1529 462 1565 Πνεύματος,
474 1529 545 1557 ὥστε
559 1530 645 1565 σαφὲς
660 1531 727 1565 ἡμῖν
737 1529 825 1557 ἑντεῦ·

902 1530 941 1559 nt,
967 1530 997 1554 ut
1024 1527 1148 1554 deleatur
1163 1534 1260 1561 corpus
1277 1528 1380 1562 peccati
1396 1536 1430 1556 ne
1454 1531 1571 1565 amplius
1586 1532 1665 1560 morti

43 1573 84 1601 θεν
98 1575 192 1610 γέγονε
209 1575 240 1602 τὸ
267 1575 434 1611 ζητούμενον
446 1594 454 1606 ,
482 1576 553 1603 διατί
579 1575 618 1610 τῷ
637 1576 775 1610 ΙΙνεύματι
791 1575 822 1602 τὸ

43 1620 109 1656 ὕδωρ
124 1621 356 1657 συμπαρελήφθη,
370 1622 423 1654 ὃτι,
438 1621 485 1648 δύο
503 1621 612 1648 σκοπῶν
627 1622 656 1647 έν
669 1621 708 1656 τῷ
723 1621 821 1656 βαπτί-

43 1674 119 1700 οματι
134 1667 337 1702 προκειμένων,
354 1667 528 1702 καταργῆσαι
553 1666 604 1700 μὲν
618 1666 648 1692 τὸ
673 1666 755 1702 σῶμα
770 1667 820 1702 τῆς

42 1712 172 1747 ἁμαρτίας
189 1712 237 1739 τοῦ
249 1712 348 1748 μηκέτι
361 1713 547 1748 καρποφορεῖν
562 1712 628 1739 αὐτὸ
650 1711 689 1747 τῷ
702 1712 821 1747 θανάτῳ,

42 1758 87 1792 ζῇν
102 1758 129 1785 δὲ
144 1759 182 1793 τῷ
197 1759 349 1793 Πνεύματι,
364 1759 411 1785 καὶ
428 1758 533 1793 καρπὸν
549 1758 624 1793 ἔχειν
636 1759 664 1785 ὲν
677 1758 821 1793 ἁγιασμῷ,

41 1803 68 1829 τὸ
82 1803 129 1838 μὲν
143 1803 216 1839 ὕδωρ
229 1804 275 1831 τοῦ
289 1803 405 1831 θανάτου
423 1804 472 1839 τὴν
485 1804 578 1830 είκόνα
585 1803 712 1839 παρέχει,
727 1803 823 1839 ὥσπερ

42 1849 68 1875 ἐν
80 1851 149 1885 ταφῇ
163 1850 194 1877 τὸ
209 1849 290 1885 σῶμα
306 1849 537 1885 παραδεχόμενον.
555 1848 593 1875 Τδ
608 1849 636 1876 δὲ
648 1849 760 1884 Πνεῦμα
772 1849 822 1884 τὴν

41 1895 167 1927 ζωοποιδν
180 1897 269 1933 ἐνίησι
283 1898 409 1933 δύναμιν,
421 1897 532 1932 ἀπὺτῆς
546 1897 616 1924 κατὰ
625 1897 674 1932 τὴν
684 1897 822 1932 ἁμαρτίαν

42 1943 200 1979 νεκρότητος
216 1944 255 1975 είς
271 1944 321 1978 τὴν
337 1942 366 1976 ἐξ
383 1943 471 1979 ἀρχῆς
487 1942 560 1978 ζωὴν
580 1941 627 1974 τὰς
640 1942 727 1977 ψυχὰς
743 1942 822 1977 ἡμῶν

41 1989 220 2023 ἁνακαινίζον.
237 1990 323 2016 Τοῦτο
345 1989 391 2016 οὖν
406 1989 464 2016 ἐστι
486 1989 517 2015 τὺ
532 1988 635 2015 ἀνωθεν
658 1987 821 2022 γεννηθῆναι

40 2034 66 2067 ἐξ
80 2034 172 2067 ὕδατος
204 2036 252 2062 καὶ
275 2035 446 2070 Πνεῦματος,
462 2034 500 2066 ὡς
520 2034 569 2068 τῆς
586 2032 638 2068 μὲν
661 2032 822 2067 νεκρώσεως

41 2080 67 2105 ἐν
84 2081 121 2116 τῷ
136 2081 214 2108 ὕδατι
227 2080 460 2116 τελουμένηςντῆς
476 2079 504 2106 δὲ
516 2079 588 2114 ζωῆς
602 2078 681 2114 ἡμῶν
697 2079 822 2113 ἐνεργου-

42 2126 120 2161 μένης
136 2127 181 2154 διὰ
201 2127 248 2154 τοῦ
277 2126 447 2159 Πνεύματος.
475 2125 519 2152 Ἐν
534 2125 624 2160 τρισὶν
639 2122 687 2151 οὖν
701 2125 820 2151 καταδύ-

876 1573 994 1602 fructum
1008 1574 1086 1605 ferat,
1103 1578 1130 1601 et
1141 1573 1244 1608 Spiritu
1257 1574 1329 1601 vivat
1350 1582 1381 1601 ac
1397 1574 1512 1603 fructum
1524 1577 1620 1605 habeat
1637 1579 1663 1606 in

876 1621 1100 1655 sanctitate,aqua
1113 1620 1207 1647 mortis
1219 1619 1362 1655 imaginem
1381 1622 1523 1654 gerit,cum
1536 1628 1665 1658 tanquam

877 1666 903 1693 iu
922 1665 1047 1701 sepulcro
1058 1672 1156 1699 corpus
1166 1665 1292 1700 accipiat,
1306 1665 1422 1701 Spiritus
1435 1672 1524 1695 autem
1556 1669 1665 1697 vitalem

875 1713 1003 1739 virtutem
1021 1711 1118 1747 injicit,
1135 1711 1197 1738 dum
1214 1718 1229 1738 a
1245 1712 1410 1740 mortalitate
1418 1720 1451 1741 ex
1465 1719 1578 1749 peccato
1603 1723 1658 1750 pro

874 1759 998 1787 veniente
1009 1759 1113 1786 animas
1123 1762 1228 1786 uestras
1240 1758 1273 1786 ad
1289 1759 1371 1786 vitam
1380 1760 1520 1794 pristinam
1540 1768 1662 1790 renovat.

874 1805 931 1832 Hoc
951 1803 1034 1838 igitur
1047 1809 1089 1830 est
1107 1803 1140 1830 de
1157 1803 1282 1837 Supernis
1299 1804 1371 1830 nasci
1383 1808 1410 1830 ct
1422 1812 1490 1839 aqua
1507 1806 1660 1841 eLSpiritn,

874 1856 934 1875 cum
944 1848 971 1874 in
987 1854 1054 1881 aqua
1070 1847 1226 1881 perﬁciatur
1253 1847 1434 1880 mortiﬁcatio,
1457 1853 1483 1876 et
1498 1850 1551 1877 vita
1568 1856 1661 1879 nostra

875 1899 923 1928 per
952 1892 1081 1928 Spiritum
1106 1893 1283 1920 instauretur.
1312 1893 1410 1921 Tertiis
1439 1895 1521 1930 igitur
1551 1896 1662 1924 innuer-

874 1938 1007 1971 sionibus,
1018 1938 1156 1972 ternisque
1166 1938 1389 1973 appellatiornibus
1403 1947 1527 1975 magnum
1535 1942 1660 1976 baptismi

875 1984 1029 2019 mysterium
1040 1983 1186 2018 peragitur,
1206 1990 1233 2011 ut
1245 1989 1272 2012 et
1288 1987 1476 2021 mortistigura
1485 1989 1660 2022 exprimatur,

872 2034 900 2058 et
911 2030 1007 2057 divina:
1014 2029 1176 2064 cognitionis
1189 2031 1311 2058 doctrina
1321 2038 1414 2058 eorum
1432 2033 1477 2067 qui
1489 2033 1662 2069 baptizantur

873 2078 971 2106 animae
987 2078 1168 2105 illustreutur.
1180 2078 1362 2111 Quamobrem
1381 2081 1404 2108 si
1417 2088 1469 2115 qua
1479 2083 1565 2117 gratia
1580 2084 1662 2112 estin

874 2132 954 2157 aqua,
963 2131 993 2151 eu
1008 2131 1061 2150 non
1070 2131 1101 2151 ex
1111 2131 1187 2159 aquae
1197 2129 1304 2158 natura,
1313 2126 1360 2154 sed
1374 2134 1408 2154 ex
1419 2126 1536 2162 Spiritus
1544 2136 1661 2164 praesen-

40 2179 105 2205 σεσι,
119 2175 167 2200 καὶ
183 2173 337 2208 ἰσαρίθμοις
354 2173 413 2203 ταῖς
434 2171 596 2205 ἐπικλήσεσι
615 2171 646 2197 τὺ
669 2171 820 2206 μυστήριον

897 2177 910 2197 ιι
927 2169 1064 2205 provenit.

39 2217 85 2247 τοῦ
105 2219 294 2254 βαπτίσματος
319 2218 481 2250 τελειοῦται,
502 2217 546 2244 ἴνα
557 2217 603 2243 καὶ
614 2217 630 2243 ὁ
640 2217 687 2244 τοῦ
704 2217 818 2243 θανάτου
830 2216 915 2248 τύπος
928 2215 1110 2250 ὲξεικονισθῇ,
1127 2216 1176 2242 καὶ
1191 2217 1223 2251 τῇ
1254 2217 1406 2251 παραδόσει
1418 2219 1469 2254 τῆς
1492 2220 1662 2255 θεογνωσιας

40 2267 88 2298 τὰς
113 2266 203 2301 ψυχὰς
216 2265 395 2300 φωτισθῶμεν
408 2265 434 2291 oi.
451 2264 655 2299 βαπτιζόμενοι.
666 2265 747 2291 Ὥστε
759 2265 785 2291 εί
797 2265 838 2296 τίς
853 2265 927 2291 ἐστιν
943 2264 971 2290 ὲν
987 2262 1028 2298 τῷ
1057 2261 1134 2290 ὕδατι
1150 2263 1243 2299 χάρις,
1270 2265 1321 2292 οὐκ
1345 2266 1377 2292 ὲκ
1395 2266 1446 2302 τῆς
1462 2267 1572 2302 φύσεώς
1599 2270 1663 2296 ἐστι

37 2313 80 2340 τοῦ
111 2312 226 2343 ὓδατος,
253 2310 312 2337 ἀλλ’
335 2311 367 2336 ἐκ
395 2309 445 2344 τῆς
475 2309 523 2336 τοῦ
549 2308 708 2343 [Ινεύματος
719 2309 882 2344 παρουσίας.

38 2391 199 2426 Γρηγοίίίυ
213 2389 265 2417 τοῦ
282 2390 431 2426 Θεοδότου
447 2389 550 2426 ῥητοῦ
566 2389 659 2423 λόγου
672 2387 725 2416 τοῦ
746 2396 818 2422 προ-

189 2423 349 2460 τρεπτικοῦ
368 2425 410 2455 el;
423 2423 456 2450 τὸ
472 2424 642 2459 βάπτισμα.

71 2492 169 2520 Διττῶι
186 2492 211 2519 Σὲ
225 2492 311 2518 ὅντων
338 2490 431 2526 ήμῶν,
453 2491 485 2517 ὲκ
504 2489 595 2526 ψυχῆς
612 2490 685 2525 λέγω
705 2491 752 2517 καὶ
769 2490 822 2517 σώ-

38 2546 130 2571 ματος,
147 2540 195 2564 καὶ
206 2539 256 2572 τῆς
272 2537 322 2572 μὲν
333 2536 446 2572 ὁρατῆς,
457 2536 506 2572 τῆς
520 2536 548 2562 δὲ
562 2537 680 2572 ἀοράτου
700 2536 821 2571 φύσεως,

36 2585 108 2620 διττὴ
123 2584 170 2612 καὶ
186 2585 203 2620 ἡ
222 2583 369 2619 κάθαρσις,
386 2583 420 2609 δι’
433 2582 530 2614 ὕδατός
545 2583 574 2610 τέ
588 2591 659 2618 φημι
672 2582 722 2610 καὶ
735 2582 819 2609 Ilvati-

38 2638 132 2663 ματος,
148 2629 197 2656 τοῦ
209 2629 260 2664 μὲν
276 2628 423 2664 θεωρητῶς
439 2636 469 2654 τε
487 2627 533 2654 καὶ
560 2627 725 2663 σωματικῶς
745 2627 818 2663 λαμ-

37 2676 196 2711 ϐανομένου,
213 2675 260 2702 τοῦ
273 2675 302 2702 δὲ
325 2675 480 2710 ἁσωμάτως
493 2674 542 2701 καὶ
571 2675 737 2710 ἁθεωρήτως
758 2682 820 2701 συν-

35 2721 195 2756 τρέχοντοςι
213 2722 260 2748 καὶ
281 2722 328 2748 τοῦ
351 2721 400 2756 μὲν
419 2721 548 2754 τυπικοῦ,
573 2720 622 2747 τοῦ
635 2720 663 2748 δὲ
676 2720 817 2756 ἀληθινοῦ,

37 2767 124 2793 καὶτὰ
148 2767 217 2803 βάθη
233 2767 421 2802 καθαίροντος,
438 2767 452 2793 ὂ
475 2768 524 2802 τῆς
550 2767 662 2803 πρώτης
684 2768 819 2803 γενέσεως

70 2848 77 2863 ¹
91 2847 194 2876 Coloss.
210 2848 283 2877 1112.
322 2849 332 2864 ³
344 2848 415 2876 Psal.
432 2856 446 2875 ι
463 2849 491 2876 9.

889 2387 1011 2424 Thcologi
1023 2397 1054 2416 ea:
1066 2390 1186 2417 oratione
1202 2399 1255 2426 qua
1263 2392 1297 2418 ad
1307 2392 1463 2427 baptismum
1478 2396 1642 2426 cohortatur.

906 2498 972 2526 Cum
985 2504 1073 2526 autent
1083 2500 1204 2534 duplices
1211 2501 1307 2534 simus.
1321 2503 1370 2531 hoc
1383 2510 1470 2536 eSI.ex
1485 2506 1581 2533 anima
1600 2513 1663 2534 cor—

873 2552 992 2580 pureque
1007 2550 1161 2574 constemus
1179 2566 1188 2579 .
1207 2555 1320 2582 quorum
1346 2549 1456 2577 alterius
1485 2556 1582 2578 natuta
1610 2553 1662 2580 sub

870 2598 909 2624 as;
920 2596 1009 2618 eetum
1030 2592 1112 2626 cadit,
1126 2593 1239 2621 alterius
1253 2601 1308 2622 non
1322 2595 1406 2628 cadit,
1422 2596 1518 2630 duplex
1535 2597 1597 2624 item
1617 2605 1659 2626 est

868 2635 996 2670 expiatio,
1014 2643 1062 2671 per
1081 2644 1179 2671 aquam
1193 2639 1320 2666 nimirum
1342 2645 1365 2667 et
1382 2639 1522 2674 Spiritum,
1544 2649 1660 2676 quarum

869 2681 953 2708 altera
969 2682 1076 2710 ratione
1088 2690 1218 2718 corporea
1238 2685 1392 2721 visibiiique
1408 2687 1569 2722 percipitur,
1585 2689 1655 2717 alter

868 2729 972 2756 ratione
1011 2728 1171 2764 incorporea
1205 2735 1287 2765 atque
1321 2731 1450 2760 invisibili
1501 2735 1654 2762 concurrit.

867 2771 915 2799 Illa
933 2773 1058 2808 ﬁgurate,
1071 2774 1114 2803 liic
1127 2782 1190 2803 vere
1204 2776 1284 2804 etiam
1299 2777 1432 2812 profunda
1445 2785 1587 2815 expurgat.
1603 2780 1654 2814 Qui
