1873 3075
34 137 101 169 1257
485 146 674 177 PANOPLIA
686 145 823 177 DOGMA'

911 170 914 176 .
930 159 963 164 —
979 147 1052 177 TlT.
1067 147 1156 178 XXV.
1604 152 1672 185 1253

33 208 105 235 κατὰ
133 208 230 245 ψυχὴν
254 209 381 244 γίνεται·
401 211 492 244 πίστις
518 211 573 247 γὰρ
602 212 734 240 υῖοοετεῑν
755 211 823 240 οἷδεη

911 220 1057 249 εθηιιοιιιιει
1081 213 1262 242 mandantur.
1283 214 1336 244 [tes
1351 216 1424 244 enirn
1439 215 1563 245 visibiles
1577 225 1672 245 earum

34 253 122 281 καίτοι
143 255 229 286 ὄντας
251 255 392 291 κτίσματα
406 256 450 283 διὰ
471 257 519 284 τοῦ
535 258 706 294 Πνεύματος,
725 259 772 286 καὶ
789 259 823 291 είς

911 265 942 286 Ite
957 263 1047 286 mente
1072 259 1263 294 percipiuntur
1288 260 1366 294 signa
1394 264 1469 288 sunt.
1488 261 1673 297 Regeneratio

33 299 81 334 τὴν
95 300 217 335 ἀρχαίαν
235 300 315 335 ἄγειν
333 303 534 338 μακαριότητα.

911 311 963 332 η·ιό
978 305 1005 331 in
1023 305 1116 332 animo
1133 305 1285 339 perﬁcitur.
1305 305 1388 334 Fides
1403 307 1504 342 quippe
1530 308 1584 334 vim
1608 316 1669 336 eam

34 345 126 377 habet,
155 351 187 374 ut
216 348 343 383 quamvis
368 355 384 375 ο
413 348 496 376 rebus
526 349 627 377 creatis
656 349 754 382 simus,
782 357 832 386 per
851 349 983 385 Spiritum
998 357 1050 378 nos
1069 350 1095 377 in
1112 349 1159 378 Dei
1179 350 1250 378 ﬁlios
1264 350 1381 386 adoptet,
1399 356 1482 387 atque
1514 353 1549 381 ad
1578 354 1672 388 pristi-

34 401 95 420 nam
112 392 276 420 felicitatem
288 393 364 420 velut
384 394 557 429 postliminio
573 400 695 422 revocet.

71 439 104 465 Ἦ
121 438 172 474 μὲν
185 437 235 466 οὖν
258 439 313 466 τῶν
337 440 481 475 ἁμαρτιῶν
496 440 592 475 ἄφεσις
607 460 615 473 ,
629 442 712 468 πᾶσιν
729 442 831 477 ὁμοίως

33 484 75 511 διὰ
90 483 138 511 τοῦ
157 484 352 520 βαπτίσματος
375 486 493 513 δίδοται’
505 487 522 521 ἠ
537 486 565 513 δὲ
584 486 664 522 χάρις
681 487 729 514 τοῦ
741 488 827 514 Πνεύ-

35 538 117 565 ματος
129 530 203 557 κατὰ
216 530 266 565 τὴν
281 530 428 566 ἀναλογίαν
439 532 488 567 τῆς
503 532 622 565 πίστεως
637 533 683 559 καὶ
696 533 746 569 τῆς
761 542 828 569 προ-

34 576 208 610 καθάρσεως.
226 575 284 603 Νῦν
305 576 355 611 μὲν
371 574 419 604 οὖν
442 577 487 604 διὰ
501 577 549 604 τοῦ
566 577 758 614 βαπτίσματος
777 580 827 616 τὴν

33 621 158 657 ἀπαρχὴν
174 621 224 648 τοῦ
235 622 314 656 ἁγίου
327 622 487 658 Πνεύματος
500 622 741 659 λαμϐάνομεν,καὶ
754 625 826 662 ἀρχὴ

34 667 124 702 ἐτέρου
142 667 202 702 βίου
215 667 322 702 γίνεται
338 669 403 704 ἡμῖν
418 669 435 704 ἡ
447 669 642 704 παλιγγενεσία
654 689 662 704 ,
679 671 725 698 καὶ
741 679 823 708 σφρα-

33 713 85 746 γὶς,
100 713 148 740 καὶ
164 713 364 749 φυλακτήριον,
379 714 427 742 καὶ
444 714 598 751 φωτισμός.
718 719 723 724 ”

66 800 125 836 Χρὴ
151 801 181 828 δὲ
205 801 282 837 πάσῃ
304 801 418 838 δυνάμει
444 801 574 836 ἀσφαλῶς
600 803 695 839 τηρεῖν
711 804 825 837 ἑαυτοὺς

34 846 168 881 καθαροὺς
181 847 239 874 άπδ
249 847 381 883 ῥυπαρῶν
394 847 494 882 ἔργων,
512 848 556 875 ἵνα
573 848 611 884 μὴ
631 849 712 876 πάλιν
730 849 826 886 ὥσπερ

918 440 1050 475 Baptismi
1074 441 1164 476 gratia
1186 449 1235 475 pro
1264 442 1462 475 sumpienlium
1478 443 1529 477 [ille
1552 447 1577 470 et
1595 452 1672 471 mun.

878 487 956 514 ditia.
971 501 1005 507 —
1023 485 1153 519 Quamvis
1166 492 1256 514 autent
1279 491 1454 522 peccatorum
1474 490 1600 517 remissio
1613 497 1672 517 ont-

878 531 959 558 nibus
974 539 1022 566 per
1031 538 1116 566 aqua!
1131 531 1297 566 baptismum
1321 532 1420 560 detur:
1438 532 1558 568 Spiritus
1577 539 1669 562 tamen

876 576 964 611 gratia
978 583 1028 611 pro
1043 576 1104 603 ﬁdei
1120 583 1152 603 ac
1166 576 1273 611 praevia
1286 578 1458 612 purgationis
1472 579 1555 605 modo
1569 586 1670 606 conce—

877 621 961 648 ditur.
980 622 1014 648 Et
1026 629 1099 649 nunc
1114 622 1225 657 quidem
1238 622 1360 657 Spiritus
1373 624 1460 651 sancti
1472 625 1609 659 primitias
1621 634 1669 661 per

877 666 1044 701 baptismum
1058 666 1219 701 accipimus,
1233 671 1260 694 et
1275 669 1446 702 regeneratio
1457 688 1464 701 ,
1486 670 1601 698 alterius
1615 679 1666 699 no-

876 711 919 739 bis
934 712 995 738 vitte
1009 711 1130 745 initium,
1142 716 1170 739 et
1183 712 1366 748 signaculum,
1383 717 1411 741 et
1433 715 1607 750 przesidium,
1639 720 1668 745 et

876 756 1042 785 illmninetio
1056 757 1183 786 edicitur.

909 802 1045 830 Caeterum
1062 803 1088 830 in
1105 803 1132 830 id
1148 803 1229 832 nobis
1240 803 1306 832 totis
1322 805 1427 834 viribus
1442 811 1484 835 est
1494 807 1664 841 enitendum.

874 856 910 876 ne
925 849 1003 877 canis
1026 850 1113 877 instar
1131 849 1165 877 ad
1182 850 1316 878 vomitum
1339 851 1490 880 redeuntes
1523 854 1542 886 ',
1561 857 1665 889 peccati

34 892 103 918 κύων
119 892 166 919 ἐπὶ
189 892 238 920 τὸν
255 893 322 920 ίδιον
346 892 443 928 ἔμετον
462 893 689 930 ἐπιστρέψαντες,
713 895 823 928 δούλους

913 895 1058 930 smetipsos
1087 895 1180 923 denuo
1206 896 1335 924 servituti
1364 899 1561 934 mancipemus.
1581 901 1665 930 Fides

35 937 112 965 πάλιν
127 938 247 969 ἑαυτοὺς
260 938 310 972 τῆς
326 938 464 973 ἁμαρτίας
481 939 649 974 ποιήσωμεν.
665 940 761 973 Πίστις
771 941 826 977 γὰρ

34 981 114 1015 χωρὶς
129 981 222 1017 ἔργων
247 981 332 1017 νεκρά
353 982 428 1009 ἔστιν
440 1002 447 1013 .
460 982 562 1017 ὁμοίως
578 983 626 1010 καὶ
653 983 722 1019 ἔργα
739 986 825 1021 χωρὶς

34 1026 159 1058 πίστεως.
175 1027 208 1054 Ἦ
224 1027 279 1063 γὰρ
295 1026 398 1063 ἀληθὴς
414 1027 507 1060 πίστις
521 1028 565 1054 διὰ
580 1029 634 1055 τῶν
648 1029 738 1064 ἔργων
749 1031 823 1058 δοκι-

36 1072 158 1107 μάζεται.

66 1118 261 1154 Βαπτιζόμεθα
274 1118 303 1145 δὲ
330 1119 368 1150 είς
387 1118 438 1154 τὴν
453 1118 534 1153 ἁγίαν
550 1119 672 1154 Τριάδα,
690 1121 731 1148 ὄτι
750 1121 820 1148 αὐτὰ

34 1161 66 1187 τὰ
83 1161 272 1198 βαπτιζόμενα
296 1161 392 1198 χρῄζει
414 1163 463 1198 τῆς
485 1163 566 1198 ἁγίας
590 1164 705 1200 Τριάδος
718 1167 757 1198 είς
769 1166 819 1201 τὴν

33 1207 119 1233 αὐτῶν
144 1208 279 1235 σύστασίν
291 1217 322 1234 τε
347 1208 396 1235 καὶ
411 1208 543 1245 διαμονὴν
554 1230 562 1242 ,
575 1210 622 1236 καὶ
639 1210 771 1238 ἀδύνατον
783 1211 821 1247 μὴ

35 1251 216 1284 συμπαρεῖναι
231 1250 362 1286 ἀλλήλαις
384 1252 434 1284 τὰς
456 1256 530 1290 τρεῖς
552 1255 735 1289 ὑποστάσεις·
752 1258 822 1294 ἀχώ-

39 1300 124 1328 ριστος
139 1294 195 1331 γὰρ
212 1296 230 1331 ή
245 1296 311 1331 ἁγία
329 1297 422 1334 Τριάς.

70 1384 180 1420 Πρῶτον
195 1386 350 1423 βάπτισμα,
365 1389 413 1416 τοῦ
429 1391 634 1426 κατακλυσμοῦ,
649 1393 686 1424 είς
702 1393 823 1430 ἐκκοπὴν

40 1427 182 1464 ἁμαρτίας.
195 1431 343 1469 Δεύτερον,
363 1434 395 1461 τδ
421 1435 466 1462 διὰ
487 1436 536 1472 τῆς
552 1436 692 1473 Θαλάσσης
715 1438 762 1465 καὶ
774 1427 822 1474 τῆς

39 1475 152 1512 νεφέλης
164 1486 171 1493 ·
189 1477 327 1513 σύμῦολον
346 1480 411 1516 γὰρ,
425 1481 441 1516 ἡ
459 1481 509 1517 μὲν
522 1482 621 1518 νεφέλη
633 1483 680 1510 τοῦ
695 1483 823 1519 Πνεύμα-

39 1529 89 1553 τος,
103 1523 120 1558 ἡ
137 1523 262 1552 Θάλασσα
277 1525 321 1558 δὲ,
338 1526 386 1553 τοῦ
403 1527 509 1560 ὕδατος.
525 1529 624 1564 Τρίτον
640 1529 670 1556 τὸ
693 1530 821 1565 νομικόν·

40 1568 89 1599 πᾶς
104 1568 158 1605 γὰρ
181 1571 338 1608 ἀκάθαρτος
355 1573 504 1601 ἀπελούετο
526 1574 617 1607 ὕδατι,
634 1575 732 1602 ἔπλυνέ
747 1584 777 1602 τε
789 1576 824 1603 τὰ
834 1565 854 1594 C

42 1611 144 1647 ἱμάτια,
162 1617 213 1643 καὶ
227 1616 313 1650 οὕτως
328 1618 415 1655 εἰσῄει
438 1621 478 1652 εἰς
494 1620 544 1656 τὴν
570 1622 757 1658 παρεμὸολήν.
774 1619 825 1649 Τέ-

39 1665 130 1705 ταρτον
144 1661 175 1688 τὸ
193 1663 320 1691 Ἰωάννου
335 1683 343 1696 .
420 1667 602 1701 εὶσαγωγικὸν
619 1668 741 1705 ὑπάρχον
753 1688 760 1701 ,
776 1669 825 1696 καὶ

40 1703 75 1736 είς
91 1706 235 1740 μετάνοιαν
248 1709 314 1744 ἄγον
329 1710 393 1742 τοὺς
407 1710 635 1748 βαπτιζομένους,
646 1703 745 1746 ινάὲις
757 1715 825 1750 Χρι-ἵ

41 1749 98 1795 στὸν
121 1754 316 1784 πιστεύσωσιν.
334 1757 404 1792 Ἐγὼ
422 1758 477 1792 γὰρ
492 1759 585 1793 ὑμᾶς,
600 1761 678 1795 φησὶ,
690 1758 824 1793 ,ϐαπτίζω

40 1794 119 1824 ὕδατι
130 1806 137 1813 ·
154 1801 170 1826 ὁ
187 1799 224 1827 δὲ
240 1801 337 1828 ὀπίσω
349 1811 409 1837 μου
427 1804 603 1839 ἐρχόμενος,
624 1794 716 1839 αὐτὸς
734 1805 821 1841 ὑμᾶς,

40 1842 112 1888 φησὶ,
124 1844 271 1875 ,βαπτίσει
285 1846 320 1873 ὲν
335 1849 484 1884 Πνεύματι
498 1850 570 1885 ἁγίῳ
586 1851 634 1878 καὶ
653 1853 734 1886 πυρί.
752 1853 822 1888 Προ-

40 1886 160 1931 ξιαθαίρει
184 1888 233 1917 οὖν
256 1891 270 1918 ὸ
295 1892 422 1928 Ἰωάννης
447 1894 494 1920 ἐπὶ
521 1895 552 1921 τὸ
576 1895 689 1931 Πνεῦμα
713 1897 757 1924 διὰ
775 1886 822 1924 τοῦ

38 1929 136 1977 ύδατος.
150 1936 290 1972 Πέμπτον,
307 1938 338 1965 τὸ
355 1939 403 1965 τοῦ
428 1940 532 1976 Κυρίου
551 1929 702 1977 βάπτισμα,
715 1942 729 1970 ὃ
741 1943 823 1976 αὐτὸς

38 1976 211 2025 ἔδαπτίσατο.
233 1983 402 2016 Βαπτίζεται
420 1985 458 2018 δὲ,
478 1986 528 2022 οὐχ
551 1976 590 2020 ὡς
615 1976 697 2020 αὐτὸς
716 1989 822 2025 χρῄζων

37 2024 204 2071 ξαθάρσεως,
222 2029 291 2056 ἀλλὰ
316 2030 365 2066 τὴν
389 2032 460 2068 ἐμὴν
476 2033 660 2070 οἰκειούμενος
676 2024 822 2071 κάθαρσιν,

38 2068 79 2116 ἵνα
94 2075 227 2111 συντρίψῃ
253 2076 303 2109 τὰς
319 2078 442 2112 κεφαλὰς
459 2079 513 2106 τῶν
526 2068 681 2116 δρακόντων
708 2068 755 2108 ἐπί
774 2082 822 2109 τοῦ

38 2113 138 2151 ὕδατος,
157 2120 203 2148 ἵνα
219 2121 306 2158 κλύσῃ
333 2123 381 2159 τὴν
406 2113 555 2160 ἁμαρτίαν..
581 2127 629 2153 καὶ
657 2127 747 2155 πάντα
777 2128 823 2154 τὸν

38 2162 147 2209 ’παλαιὸν
167 2167 262 2209 Ἀδὰμ.
280 2168 387 2205 ὲνθάψῃ
410 2170 448 2204 τῷ
471 2170 566 2203 ὖδατι,’
584 2172 627 2199 [vat
645 2173 746 2209 ἁγιάσῃ
776 2174 822 2200 τὸν

875 940 1010 976 siquidem
1023 941 1082 969 sine
1100 941 1231 977 operibus
1244 947 1351 970 mortua
1364 947 1416 977 est,
1434 944 1554 980 itemque
1570 953 1664 982 opera,

875 987 983 1014 sublata
1008 986 1061 1015 ﬁde
1089 986 1109 1014 ¹.
1122 986 1191 1015 Vera
1214 989 1315 1024 quippe
1332 989 1399 1017 ﬁdes
1417 998 1464 1025 per
1480 998 1561 1026 opera
1588 999 1664 1020 com-

875 1034 1017 1068 probatur.

908 1119 962 1148 Cur
980 1120 1007 1146 in
1021 1119 1177 1147 Trinitatem
1189 1121 1364 1155 baptizemur.
1376 1136 1411 1142 —
1425 1121 1464 1149 0b
1479 1122 1506 1150 id
1521 1131 1587 1151 vero
1634 1124 1662 1152 in

873 1171 996 1194 sanctam
1012 1164 1174 1193 Trinitatem
1199 1167 1382 1201 baptizamur,
1403 1168 1467 1203 quia
1486 1177 1546 1203 qua:
1570 1169 1661 1205 bapti-

874 1217 983 1244 zantur,
998 1211 1031 1238 ad
1048 1212 1101 1244 sui,
1114 1216 1173 1239 tum
1190 1212 1429 1245 constitutionem,
1447 1217 1504 1240 tum
1519 1221 1663 1243 conserva-

873 1256 988 1288 tionem,
1000 1256 1145 1285 Trinitatis
1157 1265 1241 1292 opera
1254 1257 1395 1292 indigent:
1413 1266 1463 1286 nec
1479 1259 1537 1287 ﬁeri
1558 1265 1659 1295 potest.

873 1301 939 1335 quin
965 1306 1020 1329 tres
1044 1309 1169 1336 personae
1187 1303 1239 1330 sibi
1262 1303 1381 1331 invicem
1404 1304 1515 1339 adsint;
1532 1307 1663 1340 quoniam

873 1346 996 1375 Trinitas
1011 1347 1168 1375 nullatenus
1180 1349 1346 1382 separabilis
1360 1355 1414 1378 est.

912 1392 995 1420 Varia
1015 1393 1186 1428 baptismum.
1202 1393 1316 1422 Joannis
1330 1395 1461 1430 baptisma
1473 1406 1490 1425 a
1505 1398 1664 1434 baptismate

873 1437 973 1465 Christi
989 1438 1130 1466 diversum.
1145 1438 1311 1467 Pmnitentim
1337 1440 1501 1476 baptismus;
1527 1445 1663 1480 martyrii,

872 1489 896 1510 et
915 1484 965 1511 iste
982 1484 1182 1517 nobilissimus;
1208 1485 1355 1520 baptismus
1380 1489 1532 1523 sempiterni
1556 1491 1662 1517 crucia-

873 1534 926 1557 tus.
942 1545 979 1551 —
994 1529 1117 1558 Primum
1181 1531 1319 1567 baptisma
1338 1533 1473 1562 diluvium
1500 1535 1568 1569 fuit,
1589 1537 1662 1572 quod

872 1574 1050 1603 exscindendi
1079 1575 1186 1611 peccati
1225 1584 1308 1604 causa
1344 1579 1470 1614 contigit.
1507 1579 1663 1609 Secundum

873 1621 939 1649 illud
962 1621 1024 1655 fuit,
1046 1621 1120 1657 quod
1136 1629 1184 1657 per
1205 1630 1279 1651 mare
1295 1627 1322 1651 et
1337 1625 1438 1652 nubent
1454 1625 1556 1653 factum
1572 1632 1614 1655 est
1643 1629 1664 1655 ³.

873 1665 1015 1702 Siquidem
1045 1667 1143 1700 nubes,
1175 1666 1312 1703 Spiritus;
1337 1678 1423 1703 mare,
1444 1679 1521 1706 aqua:
1549 1672 1662 1707 ﬁguram

873 1713 983 1748 gerebat
1012 1708 1031 1740 ⁸.
1049 1712 1173 1740 Tertium
1189 1714 1277 1749 legale
1296 1721 1364 1743 erat.
1378 1716 1511 1752 Quisquis
1525 1718 1598 1744 enim
1614 1719 1663 1745 ιιι]-

873 1757 992 1784 mundus
1011 1759 1095 1788 esset,
1123 1763 1195 1792 aqua
1221 1758 1395 1791 abluebatur,
1426 1765 1515 1789 restes
1543 1762 1663 1796 lavabat,

873 1809 955 1839 atque
982 1805 1018 1832 ita
1047 1805 1074 1832 in
1100 1809 1192 1833 castra
1211 1806 1416 1842 ingrediebatur
1444 1807 1465 1834 ⁵.
1533 1808 1664 1840 Quartum

872 1849 985 1878 Joannis
997 1850 1058 1884 fuit,
1078 1851 1152 1886 quod
1167 1851 1230 1880 illos
1250 1852 1297 1887 qui
1310 1852 1533 1886 baptizabantur,
1551 1853 1584 1880 ad
1605 1861 1664 1888 po:-

873 1897 1017 1925 nitentiam
1038 1897 1202 1930 adducebat,
1229 1902 1259 1925 ut
1280 1898 1424 1927 crederent
1450 1899 1476 1926 in
1499 1899 1661 1928 Christum:

872 1943 928 1978 Ego
941 1943 1020 1976 enim,
1037 1944 1137 1979 inquit,
1152 1944 1257 1979 baptizo
1270 1953 1313 1972 vos
1329 1953 1398 1980 aqua
1411 1953 1420 1972 :
1435 1945 1481 1979 qui
1499 1951 1588 1973 autem
1602 1951 1662 1981 post

873 1998 913 2017 me
935 1991 1035 2023 veniet,
1059 1991 1115 2026 ipse
1144 1999 1189 2019 vos
1222 1992 1369 2027 baptizabit
1395 1993 1496 2028 Spiritu
1521 1999 1614 2021 sancto
1636 1998 1662 2022 et

872 2038 930 2073 igne
957 2038 977 2066 °.
995 2037 1091 2074 Itaque
1109 2038 1230 2068 Joannes
1251 2040 1285 2067 ad
1298 2040 1432 2075 Spiritum
1450 2041 1660 2076 suscipiendum

872 2088 935 2112 ante
960 2092 1009 2120 per
1025 2092 1124 2120 aquam
1153 2085 1297 2121 purgabat.
1325 2085 1468 2119 Quintum.
1487 2086 1595 2114 Domini
1614 2087 1663 2115 ba-

872 2129 981 2164 ptisma,
1004 2138 1059 2165 quo
1083 2131 1142 2166 ipse
1164 2131 1323 2166 baptizatus
1348 2131 1410 2159 fuit.
1439 2132 1598 2167 Baptizatus
1621 2136 1663 2160 est

873 2178 976 2206 autem,
1002 2181 1057 2201 non
1080 2175 1153 2209 quod
1180 2175 1238 2210 ipse
1256 2176 1420 2211 purgatione
1438 2177 1590 2212 indigeret;
1613 2178 1661 2205 sed

39 2206 192 2258 ξιπτιστὴν,
206 2207 394 2252 ἵναπληρώσῃ
408 2216 454 2243 τὸν
473 2217 565 2252 νόμον,
576 2218 620 2246 ἴνα
633 2206 725 2254 τὸτῆς
733 2206 821 2255 ⁷’Τριά-

911 2227 960 2245 eam
981 2219 1033 2247 sibi
1058 2220 1247 2255 purgationem
1265 2222 1415 2255 asciscens,
1438 2228 1466 2250 ut
1484 2224 1575 2258 capita
1596 2224 1661 2251 dra-

37 2251 77 2302 δος
91 2255 252 2295 ἀποκαλύψῃ
269 2251 430 2297 μυστήριον,
447 2261 491 2289 ἵνα
506 2251 592 2296 τύπος
609 2264 657 2291 καὶ
673 2251 821 2302 ὑπογραμ-

44 2298 89 2346 μδς
105 2302 170 2337 ἡμῖν
198 2305 267 2340 πρὸς
283 2306 314 2333 τὸ
340 2307 521 2342 βαπτίζεσθαι
547 2310 670 2346 γένηται.
687 2298 821 2344 Βαπτιξό-

39 2344 103 2393 μεῡα
118 2348 145 2375 δὲ
160 2350 208 2377 καὶ
221 2351 302 2386 ἡμεῖς
317 2352 348 2379 τὸ
364 2353 467 2380 τέλειον
480 2354 528 2382 τοῦ
543 2344 646 2391 Κυρίου
667 2356 820 2393 βάπτισμα,

37 2388 65 2438 Eb
80 2390 230 2438 5t'756atég
257 2405 286 2424 τε
310 2398 357 2425 καὶ
376 2399 545 2434 Πνεύματος.
565 2388 636 2438 [lupi
659 2388 687 2429 δὲ
711 2388 821 2437 λέγεται

37 2432 173 2484 βξπτίζειν
187 2441 202 2467 ὁ
219 2442 354 2477 Χριστόςο
370 2444 399 2470 ὲν
425 2432 491 2472 εῖδει
520 2446 574 2482 γὰρ
599 2432 721 2483 πυρίνων
737 2432 822 2484 γλωσ-

40 2480 90 2530 σίξθν
103 2483 148 2511 ἐπὶ
163 2487 229 2519 τοὺς
244 2488 339 2522 ἁγίους
353 2490 519 2523 ἀποστόλους
536 2480 585 2528 τήν
600 2480 647 2520 τού
662 2480 821 2530 Πνεύματος

39 2526 115 2562 Χάριν
127 2531 243 2568 ἐξέχεεν,
256 2534 293 2566 ὥς
308 2544 391 2570 φησιν
404 2537 485 2570 αὐτὸς
496 2538 510 2564 ὁ
525 2526 639 2574 Κύριος,
659 2540 700 2568 ὃτι
721 2526 821 2568 ’ίωάνζ

39 2579 90 2621 “lc
102 2577 160 2621 μὲν
172 2579 335 2609 ὲόἀπτισεν
355 2582 452 2618 ὕδατι,
467 2584 552 2618 ὑμεῖς
566 2585 601 2612 δὲ
611 2587 820 2621 βαπτισθήσε-

37 2619 87 2668 σθε
97 2619 130 2646 ἐν
146 2624 296 2659 Πνεύματι
313 2628 385 2662 ἁγίῳ
403 2629 452 2655 καὶ
467 2629 548 2664 πυρί,
562 2631 598 2658 οὑ
613 2632 689 2666 μετὰ
703 2619 821 2668 πολλὰς

38 2663 140 2714 fatim?
159 2669 285 2704 ἡμέρας·
300 2672 316 2707 ἢ
332 2672 376 2699 διὰ
389 2673 419 2700 τὸ
439 2674 485 2701 τοῦ
505 2663 647 2710 μέλλοντος
668 2678 754 2714 πυρὸς
768 2663 817 2706 κοί

53 2712 158 2740 αστικδν
173 2714 328 2752 βάπτισμα.
347 2718 462 2753 Ἕκτον,
476 2719 507 2747 τὸ
525 2721 570 2748 διὰ
598 2712 745 2758 μετανοίας
771 2727 818 2753 καὶ

75 2824 120 2872 ill
137 2837 207 2866 Petr.
223 2847 242 2867 ll
256 2861 262 2872 ,
278 2841 324 2867 22.

50 2866 59 2883 '
75 2868 142 2898 Psal.
161 2866 262 2906 tum;
272 2866 314 2905 l5:

161 2922 295 2953 PATROL.
317 2924 375 2954 Gn.
400 2924 529 2956 CXXX.

377 2841 387 2857 ²
399 2840 456 2868 Jac.
474 2849 504 2875 ιι,
517 2842 564 2871 26.

615 2842 626 2859 ³
642 2842 709 2871 Gen.
724 2851 770 2878 vn,
791 2845 836 2873 l7.

872 2272 972 2292 conum
988 2265 1015 2292 in
1031 2266 1110 2300 aquis
1127 2271 1284 2294 contereret
1307 2267 1333 2301 ";
1356 2271 1386 2295 ut
1403 2273 1545 2303 peccatum
1562 2270 1662 2298 obrue-

873 2313 930 2342 ret,
948 2317 980 2337 ac
995 2314 1082 2337 totum
1099 2315 1217 2338 veterem
1233 2312 1370 2340 Adamum
1387 2313 1414 2341 in
1431 2321 1503 2350 aqua
1514 2315 1660 2350 sepeliret;

873 2359 902 2381 ut
916 2354 1082 2389 baptismum
1095 2356 1299 2390 sanctilicaret;
1319 2361 1349 2384 ut
1364 2358 1450 2393 legem
1564 2359 1662 2394 imple-

873 2404 930 2433 ret;
950 2403 979 2427 ut
999 2399 1143 2428 Trinitatis
1172 2402 1334 2436 mysterium
1354 2402 1490 2437 aperiret;
1516 2406 1545 2429 ut
1574 2407 1661 2430 semet

873 2444 981 2472 tandem
998 2445 1167 2480 suscipiendi
1182 2446 1311 2481 baptismi
1328 2446 1445 2473 formam
1462 2451 1489 2475 et
1505 2449 1661 2482 exemplum

873 2492 1015 2526 pmberet.
1034 2491 1209 2527 Baptizamur
1225 2497 1317 2520 autem
1342 2497 1369 2520 et
1389 2501 1440 2522 nos
1461 2502 1570 2529 quoque
1597 2502 1662 2529 per-

873 2537 943 2565 l‘eclo
966 2537 1072 2565 Domini
1099 2538 1254 2573 baptismo,
1281 2546 1329 2573 per
1357 2547 1455 2574 aquam
1481 2540 1610 2567 videlicet
1633 2544 1662 2568 et

872 2582 1016 2618 Spiritum.
1033 2583 1119 2611 Porro
1171 2583 1298 2612 Christus
1322 2584 1425 2612 idcirco
1441 2585 1503 2620 igne
1523 2585 1662 2619 baptizare

872 2629 982 2661 dicitur,
998 2629 1061 2664 quia
1078 2629 1196 2664 Spiritus
1215 2630 1331 2664 gratiam
1353 2631 1379 2656 in
1395 2634 1504 2657 sanctos
1522 2631 1661 2664 apostolos

871 2675 977 2707 eﬂ‘udit,
1007 2675 1238 2710 quemadmodum
1272 2675 1406 2703 Dominus
1437 2676 1496 2710 ipse
1528 2676 1661 2704 dixerat:

870 2721 987 2749 Joannes
1001 2721 1105 2758 quidem
1123 2722 1267 2757 baptizavit
1284 2730 1363 2757 aqua,
1379 2730 1423 2749 vos
1440 2726 1529 2748 autem
1544 2722 1663 2757 baptiza-

873 2845 884 2861 ⁸
903 2844 989 2874 lCur.
1005 2847 1074 2879 1,1.
1113 2847 1124 2862 ⁵
1143 2847 1206 2874 Lev.
1225 2855 1278 2880 xw,
1298 2848 1339 2876 15.
1391 2849 1402 2865 ⁶
1418 2849 1512 2876 Matth.
1532 2857 1572 2881 nt,
1611 2848 1653 2877 Η.

1495 2930 1533 2962 to
