1873 3075
229 138 297 170 12ῦ9

844 139 1032 170 ΕΗΊἭΥΜΙΙ
1051 138 1231 170 ΖίϐΔΒΕΝῐ

1756 142 1799 174 ῙΜ

228 197 317 224 bimini
332 195 432 231 Spiritu
445 200 535 224 sancto
550 201 573 223 et
588 196 647 232 igne
659 216 666 228 ,
695 203 747 224 non
769 201 827 231 post
855 196 949 225 multo;
966 197 1010 224 Iros

1067 198 1204 233 δακρύων,
1215 198 1299 230 ὅντως
1313 197 1450 225 ἐπίπονον.
1469 197 1615 232 Ἔϐδομον,
1631 198 1661 225 τὸ
1674 198 1706 226 δι’
1717 200 1799 235 silum

227 243 283 269 diu
299 242 307 258 '
324 251 332 274 ;
349 242 391 269 vel
416 242 497 270 etiam
526 240 562 269 ob
596 241 800 276 castigatorium
821 241 893 276 ignis
921 241 1008 270 futuri

229 288 404 322 baptismum.
437 287 549 315 Sextum
579 287 711 321 baptisma
738 286 766 314 in
795 288 954 322 paenitentia
980 292 1008 317 et

229 334 354 369 lacrymis
364 338 509 362 versatur:
528 339 625 369 estque
636 340 700 360 sane
716 340 797 368 grave
810 338 837 361 et
849 334 1007 362 molestum.

228 379 392 413 Septimum,
421 383 463 406 est
493 379 567 413 quod
607 379 747 414 sanguinis
788 379 949 414 profusione
976 386 1008 407 ac

229 424 359 459 martyrio
384 424 542 458 perllcitur,
559 431 614 459 quo
641 428 669 451 et
693 423 819 452 Christus
842 424 899 459 ipse
923 424 1010 452 nostri

228 477 310 496 causa
334 469 480 498 defunctus
499 474 542 498 est
556 470 580 496 ¹.
604 469 705 504 Estque
730 470 796 498 illud
817 478 948 505 perquam
964 478 1014 498 au-

1065 244 1113 270 καὶ
1129 242 1294 278 μαρτυρίου,
1314 242 1328 269 ὃ
1343 242 1391 269 καὶ
1406 242 1489 274 αὐτὸς
1509 244 1523 269 ὁ
1538 243 1652 278 Χριστὸς
1675 243 1735 279 ὑπὲρ
1746 246 1799 279 iptio

1063 287 1239 319 ἐϐαπτίσατο,
1263 288 1301 319 ὥς
1323 288 1384 315 λίαν
1396 287 1538 323 αἰδέσιμον
1553 289 1600 315 καὶ
1615 289 1747 324 μακάριον,
1758 291 1800 317 ὅσοι

1060 335 1197 370 δευτέροις
1218 335 1249 362 οὒ
1267 335 1412 370 μολύνεται
1429 335 1536 370 ῥύποις.
1554 336 1675 370 Ὄγδοον,
1697 337 1724 363 τὺ
1734 338 1799 364 τελευ-

1062 381 1147 412 ταῖον,
1165 380 1196 407 οὐ
1214 381 1362 416 σωτήριον,
1379 381 1448 408 ἀλλά
1460 381 1509 416 τῆς
1525 381 1574 416 μὲν
1586 382 1685 414 κακίας
1696 383 1799 418 ἀναιρετι-

1065 424 1122 451 κόν·
1140 424 1190 450 οὐκ
1216 424 1258 451 ἔτι
1278 425 1333 460 γὰρ
1347 425 1432 452 κακία
1445 425 1493 452 καὶ
1513 426 1636 461 ἁμαρτία
1656 426 1800 455 πολιτεύεται-

1067 469 1182 502 κολάζον
1195 469 1224 496 δὲ
1239 469 1416 505 ἀτελεύτητα.

228 519 337 548 gustum
355 522 386 542 ac
400 515 523 547 beatum,
537 514 609 549 quod
626 514 708 542 nullis
723 515 836 549 posthac
849 515 978 543 sordibus
992 514 1165 549 inquinetur.
1175 513 1308 542 Octavum
1325 514 1444 548 denique
1456 519 1485 542 et
1505 519 1671 549 postremum
1687 516 1743 543 illud
1762 521 1798 543 est.

229 567 282 586 non
301 560 356 594 jam
370 560 554 593 salutiferum,
570 568 664 588 verum
679 560 716 587 ita
729 561 862 588 malitiam
878 560 1019 594 auferens,
1032 560 1143 595 quando
1159 567 1227 588 suus
1236 559 1294 596 jam
1309 559 1419 587 malitiae
1430 564 1458 587 et
1469 564 1580 595 peccato
1609 561 1684 588 locus
1699 569 1742 588 non
1752 562 1797 593 erit,

234 612 264 634 ut
277 611 368 634 tamen
382 607 578 642 sempiternum
591 606 731 635 excruciet
741 613 773 634 ac
785 607 891 641 puniat.

261 679 379 714 Spiritus
413 681 522 706 sanctus
558 676 689 704 columbae
715 677 798 710 specie
831 681 857 705 et
886 675 1010 711 ignis.—

1083 678 1238 717 Σωματικῷ
1248 678 1278 705 δὲ
1293 677 1359 706 είδει
1369 698 1377 711 ,
1409 677 1476 704 ὡσεὶ
1494 676 1657 713 περιστερὰ,
1671 676 1799 711 meum:

225 725 313 753 Porro
361 724 482 760 Spiritus
511 728 625 752 sanctus
651 723 789 758 corporali
815 723 917 758 specie,
943 722 1010 751 sicut

1067 726 1078 753 ὸ
1088 725 1202 761 Πνεῦμα
1215 725 1246 752 τὸ
1261 725 1351 759 ἅγιον,
1360 724 1410 760 τὴν
1427 725 1556 759 ἀπαρχὴν
1564 724 1617 750 τοῦ
1626 723 1744 759 ἡμετέρου

225 770 352 797 columba
367 770 401 796 ad
419 769 564 797 Dominum
585 769 741 801 descendit,
767 769 863 805 sicque
885 774 943 796 tum
968 767 1010 795 ba-

1067 772 1170 799 ιικνύον
1184 771 1384 808 βαπτίσματος,
1395 771 1442 798 καὶ
1457 771 1545 806 τιμῶν
1555 771 1587 797 τὺ
1608 770 1684 805 σῶμα
1693 778 1699 786 ·
1710 769 1758 795 ἐπεὶ
1767 768 1799 795 11‘.

227 815 318 850 ptismi
337 815 427 842 nostri
454 815 591 851 primitias
613 814 816 847 suhindicabat,
832 818 890 841 tum
914 821 1010 848 corpus

1067 817 1138 850 οὖτο,
1149 817 1234 852 ἤγουν
1244 817 1275 843 τὸ
1293 817 1384 851 σῶμα,
1398 817 1430 852 τῇ
1447 816 1544 842 θεὼσει
1556 815 1635 849 Θεὸς,
1650 815 1693 842 καὶ
1708 815 1753 849 ἅμα
1763 822 1798 840 που

229 860 429 888 cohonestabat
442 867 450 887 :
465 860 595 895 quoniam
612 864 640 888 et
656 859 707 888 hoc
718 867 828 896 quoque
843 866 892 895 per
905 859 1010 887 deifica-

1068 863 1152 890 νωθεν
1165 862 1280 890 εἴθισται
1291 863 1442 898 περιστερὰ
1456 862 1533 889 λύσιν
1549 860 1733 896 κατακλυσμοῦ
1742 860 1799 892 εὐστ-

230 906 333 933 tionem
359 905 432 933 Deus
451 910 521 934 erat.
546 905 631 937 Adde,
656 905 730 940 quod
750 905 878 932 columba
892 911 1018 932 cessasse

230 952 363 979 diluvium
391 951 457 978 olim
482 951 658 978 nuntiaverit.
684 950 757 986 Ignis
781 958 847 979 vero
874 950 966 985 specie
989 950 1017 978 in

231 1003 341 1024 sanctos
357 997 497 1031 apostolos
515 995 657 1024 descendit
679 996 704 1029 ',
715 1003 748 1023 eo
763 996 836 1031 quod
851 995 922 1023 Deus
933 999 1017 1023 esset.

233 1042 301 1069 Deus
317 1042 386 1069 enim
401 1042 469 1077 ignis
493 1050 648 1069 consumens
666 1046 706 1069 est
732 1043 753 1070 ⁸.

266 1088 326 1116 Oiei
342 1089 443 1116 unctio.
460 1103 496 1109 —
509 1089 544 1116 At
562 1095 627 1116 vero
641 1088 733 1116 oleum
751 1087 856 1115 idcirco
871 1087 905 1114 ad
925 1087 1017 1122 bapti-

229 1142 321 1162 smum
337 1134 498 1167 adhibetur,
519 1135 585 1170 quia
599 1134 758 1162 unctionem
771 1138 894 1162 nostram
911 1132 1017 1169 signiﬁ-

229 1185 284 1211 cat,
306 1187 413 1215 nosque
427 1179 550 1208 christos
566 1179 649 1212 facit,
666 1180 780 1216 insuper
799 1179 846 1207 Dei
863 1178 1019 1207 misericor-

229 1226 301 1253 diam
317 1234 364 1262 per
380 1225 515 1261 Spiritum
532 1231 657 1254 sanctum
675 1227 756 1255 nobis
773 1227 928 1260 pollicetur.
949 1226 1018 1254 Nam

228 1278 255 1299 et
265 1273 392 1301 columba
412 1273 467 1301 illis
481 1273 528 1308 qui
546 1273 697 1301 incolumes
711 1281 726 1300 e
741 1273 845 1301 diluvio
861 1276 1018 1305 evaserant,

229 1320 295 1346 olea:
311 1325 418 1345 ramum
435 1323 534 1353 praeter
551 1325 660 1346 onmem
674 1326 750 1354 spem
766 1319 831 1346 olim
847 1318 938 1345 attulit
960 1318 981 1346 '.

263 1363 390 1397 Ioannes,
410 1368 439 1391 ut
460 1363 624 1398 baptizatus.
648 1379 675 1384 —
689 1363 812 1392 Joannes
832 1364 959 1399 inipOsita
977 1364 1019 1392 di-

229 1409 294 1436 vino
313 1409 419 1436 Domini
435 1409 521 1445 capiti
536 1417 630 1439 manu.
643 1414 670 1438 et
686 1417 784 1438 cruore
802 1410 913 1445 proprio
930 1409 1018 1445 bapti-

230 1459 308 1482 zatus
326 1454 388 1482 fuit.

265 1500 402 1528 Cmtcrum
479 1500 648 1535 baptismum
668 1500 772 1528 diutius
795 1507 944 1535 prorogare
964 1507 1018 1527 non

1049 909 1215 944 γελίζεσθαι.
1233 908 1297 936 Ἐπὶ
1314 909 1343 936 δὲ
1355 909 1418 940 τοὺς
1431 908 1525 942 ἁγίους
1543 908 1706 938 ἀποστόλους
1720 914 1798 940 πυροει-

1049 954 1101 986 δῶς
1117 954 1236 981 κάτεισι.
1247 954 1314 987 Θεὸς
1334 954 1391 990 γάρ
1415 955 1489 980 ἔστιν
1505 961 1512 968 ·
1531 954 1546 980 ὁ
1567 953 1599 981 δὲ
1612 953 1676 984 Θεὸς
1689 951 1736 988 πῦρ
1752 957 1797 976 κιτ-

1050 1001 1197 1028 αναλίσκον
1215 1000 1285 1028 ὲστί.

1085 1089 1124 1116 To
1143 1087 1234 1116 ἔλαιον
1321 1087 1491 1124 βαπτίσματι
1510 1086 1756 1122 παραλαμϐάνεται,
1767 1091 1800 1118 μη-

1050 1135 1113 1163 νύον
1133 1135 1184 1171 τὴν
1198 1134 1290 1170 χρίσιν
1331 1133 1427 1169 ἡμῶν,
1442 1132 1490 1160 καὶ
1512 1132 1645 1168 χριστοὺς
1657 1132 1723 1167 ἡμᾶς
1743 1130 1801 1163 £st-

1051 1182 1175 1216 ζόμενον,
1192 1181 1240 1208 καὶ
1251 1180 1296 1207 τὸν
1311 1180 1359 1207 τοῦ
1375 1179 1444 1207 Θεοῦ
1460 1180 1527 1215 ἡμῖν
1547 1177 1766 1212 ἐπαγγελλόμενον
1773 1174 1802 1200 5:1

1050 1227 1098 1254 τοῦ
1112 1227 1190 1262 ἁγίου
1206 1226 1367 1261 Πνεῦματος
1380 1225 1466 1255 ἔλεον,
1479 1222 1541 1250 ἐπεὶ
1559 1223 1612 1250 καὶ
1633 1223 1728 1257 κάρφος
1740 1219 1802 1248 Emit:

1051 1274 1108 1305 τοῖς
1120 1274 1153 1300 ἐκ
1164 1272 1212 1300 τοῦ
1234 1270 1431 1307 κατακλυσμοῦ
1452 1269 1648 1305 περισωθεῖσιν
1661 1269 1678 1304 ὴ
1690 1265 1803 1303 περιστερὰ

1053 1319 1213 1354 κεκόμικεν.

1094 1364 1262 1399 Ἐῦαπτίσθη
1279 1363 1407 1398 Ἰωάννης
1419 1382 1427 1395 ,
1438 1361 1489 1397 τὴν
1509 1362 1594 1397 χεῖρα
1617 1359 1715 1391 ἐπιθεὶς
1724 1358 1762 1384 ἐπὶ
1772 1354 1804 1390 τῇ

1053 1411 1130 1438 θείαν
1144 1410 1191 1438 τοῦ
1202 1410 1339 1437 Δεσπύτου
1360 1408 1484 1445 κορυφὴν
1496 1429 1504 1442 ,
1517 1408 1566 1434 καὶ
1576 1407 1618 1443 τῷ
1635 1406 1688 1442 ἰδίῳ
1699 1405 1781 1440 silum.

1090 1503 1127 1529 Οὺ
1142 1501 1196 1538 χρὴ
1211 1499 1408 1536 ὑπερτίθεσθαι
1439 1499 1469 1526 το
1480 1498 1638 1534 βάπτισμα,
1654 1498 1695 1524 ὅτε
1708 1494 1805 1529 δι’ἔργωδ

230 1549 336 1580 oportet
349 1545 415 1572 dum
431 1545 621 1572 accedentium
633 1544 713 1572 ﬁdem
728 1549 920 1573 contestantur
934 1545 1010 1572 actio

1067 1559 1072 1585 ι
1098 1548 1190 1580 πίστις
1212 1547 1268 1574 τῶν
1289 1546 1458 1582 προσιόντων
1483 1545 1661 1581 μαρτυρηθῇ.
1678 1544 1704 1570 '0
1718 1541 1806 1576 γὰροὲν

230 1598 290 1618 nes.
309 1589 336 1616 Si
355 1589 418 1624 quis
431 1589 496 1616 dolo
511 1589 544 1616 ad
559 1589 728 1624 baptismum
740 1591 899 1624 accesserit,
914 1595 1019 1618 tantum

230 1635 309 1662 abest
327 1639 356 1662 ut
374 1634 439 1662 hinc
460 1635 591 1663 utilitatis
615 1636 758 1671 quidpiam
780 1639 890 1672 capiat,
908 1642 938 1665 ut
953 1644 1020 1665 con-

230 1680 435 1708 demnationem
451 1681 544 1717 potius
560 1686 685 1710 accersat
699 1682 763 1710 sibi.

264 1771 343 1801 Fides
359 1773 451 1800 uirtus.
471 1771 590 1807 Ira/idolis
598 1775 646 1805 ut,
662 1771 706 1806 qui
726 1779 778 1798 non
790 1772 873 1799 credit
889 1771 1013 1798 Ecclesia

231 1820 378 1853 traditioni,
405 1823 450 1846 aut
468 1818 538 1846 male
564 1818 636 1845 vivit.
652 1832 686 1837 —
702 1817 781 1845 Fides
809 1825 890 1853 porro
912 1817 1014 1852 duplex

230 1872 274 1895 est
289 1876 295 1895 :
311 1865 358 1894 Est
371 1866 441 1893 enim
469 1866 533 1900 ﬁdes
559 1872 591 1892 ea;
605 1865 697 1892 auditu
715 1864 736 1892 ⁸.
754 1862 911 1899 Scripturas
938 1871 1014 1891 nam-

232 1921 284 1947 que
305 1919 397 1939 sacras
429 1910 578 1944 audiendo,
621 1910 742 1945 Spiritus
768 1910 856 1937 sancti
883 1909 1014 1937 doctrina:

230 1957 379 1984 credimus.
391 1956 479 1991 Atque
499 1955 556 1984 haec
573 1955 640 1982 lides
667 1963 715 1990 per
731 1955 823 1982 omnia
837 1954 894 1987 illa,
920 1962 980 1990 qua:
997 1962 1013 1982 a

229 2003 340 2031 Christo
348 2005 450 2029 statuta
461 2007 536 2031 sunt.
548 2001 690 2036 perficitur
701 2008 802 2036 :opere
812 2000 939 2028 videlicet
950 2008 1013 2028 cre-

229 2049 308 2080 deus,
325 2048 453 2083 pietatem
468 2047 572 2080 colens,
583 2051 611 2074 et
627 2047 685 2082 ejus
707 2047 755 2082 qui
772 2053 822 2075 nos
837 2046 1012 2080 instauravit,

229 2093 374 2129 praeceptis
389 2093 552 2128 obsequens.
571 2092 638 2120 Nam
651 2093 697 2129 qui
716 2092 868 2120 secundum
884 2092 1015 2120 Ecclesiae

229 2139 370 2168 catholicae
387 2139 560 2166 traditionem
577 2145 630 2166 non
652 2138 748 2174 credit.
760 2138 803 2166 vel
818 2145 864 2173 per
883 2137 1016 2174 flagitiosa

231 2193 312 2221 Opera
329 2193 391 2215 cum
408 2185 517 2213 diabolo
542 2185 737 2218 communicat,
749 2185 796 2213 hic
826 2184 943 2212 inﬁdelis
960 2189 1011 2214 est.

268 2254 347 2282 Fides
371 2255 468 2281 donum
484 2253 610 2288 Spiritus.
621 2267 652 2273 -
663 2252 770 2281 Rursus
786 2251 883 2280 :Fides
904 2257 942 2279 est
956 2260 1015 2288 spe-

232 2301 381 2329 randarum
397 2300 543 2327 substantia
561 2307 659 2332 rerum,
688 2303 873 2334 argumentum
895 2305 947 2325 mm
964 2306 1015 2333 ap.

232 2348 383 2384 parentium
399 2348 422 2380 τ,
437 2347 481 2373 vel
494 2350 536 2374 est
551 2353 615 2378 spes
634 2345 746 2372 minime
760 2345 844 2372 dubia
861 2352 912 2373 nec
926 2344 1015 2372 ambi-

232 2401 295 2429 gua,
310 2401 364 2428 qua
376 2392 540 2422 confidimus
556 2392 624 2424 fore,
641 2396 671 2419 ut
687 2399 748 2426 quas
775 2391 857 2419 nobis
882 2391 1015 2419 divinitus

233 2439 367 2476 promissa
400 2443 474 2472 sunt,
487 2443 515 2466 et
540 2445 602 2473 quas
615 2437 796 2472 postulamus,
815 2436 1011 2471 adipiscamur.

232 2487 272 2514 Ac
283 2486 359 2522 prior
375 2485 497 2520 quidem,
515 2488 616 2512 nostrae
628 2483 779 2511 voluntatis
788 2487 850 2516 est;
865 2483 950 2510 altera
964 2491 1014 2510 au-

230 2538 287 2559 tem
303 2532 374 2559 inter
387 2530 505 2566 Spiritus
521 2530 592 2558 dona
615 2529 752 2558 censenda
764 2534 816 2557 est.

266 2600 404 2636 Spiritalis
429 2597 809 2627 circunwisio.-—Sciendum
841 2602 882 2626 est
911 2601 1013 2630 autem,

231 2649 447 2683 integumentum
460 2654 540 2675 omne
551 2645 623 2682 quod
637 2653 652 2673 a
663 2645 804 2674 nativitatc
818 2644 1014 2676 contraximus,

233 2700 374 2728 peccatum
389 2693 504 2723 scilicet.
517 2699 564 2727 per
579 2691 744 2727 baptismum
758 2690 931 2724 circumcidi,
946 2697 1012 2718 nos-

232 2746 286 2772 que
298 2739 436 2774 spiritales
452 2738 588 2766 lsraelitas
599 2745 632 2764 ac
647 2737 694 2764 Dei
709 2736 838 2772 populum
855 2736 924 2764 fieri.

270 2838 278 2853 ‘
298 2837 354 2865 Act.
373 2846 393 2871 |,
412 2838 438 2866 5.

235 2879 274 2904 ιι,
289 2875 314 2899 ι.

1055 1595 1122 1630 δόλῳ
1139 1594 1261 1630 προσιὼν
1274 1593 1315 1628 τῷ
1331 1592 1513 1628 βαπτίσματι,
1526 1591 1750 1626 κατακριθήσεται
1761 1585 1806 1622 μᾶλ-

1055 1641 1102 1668 λον
1133 1640 1150 1676 ἢ
1161 1639 1382 1676 ὠφεληθήσεται.

1104 1773 1136 1799 Ἦ
1152 1771 1243 1808 μέντοι
1257 1771 1348 1804 πίσιις
1359 1771 1439 1807 διπλῆ
1454 1772 1538 1799 ἐστιν’
1556 1773 1645 1800 Ἔστι
1668 1771 1717 1806 τὰρ
1737 1770 1807 1797 πίστις

1062 1818 1097 1851 ἐξ
1112 1818 1216 1852 ἀκοῆς.
1232 1819 1393 1850 Ἀκούοντες
1409 1819 1462 1854 γὰρ
1489 1818 1546 1845 τῶν
1558 1819 1643 1846 Θείων
1656 1817 1766 1852 Γραφῶν,
1779 1823 1808 1839 τε·

1064 1864 1196 1899 στεύομεν
1208 1867 1242 1900 τῇ
1256 1865 1418 1900 διδασκαλίᾳ
1432 1864 1480 1891 τοῦ
1495 1864 1578 1899 ἁγίου
1597 1860 1808 1899 Πνεῦμα-τος.Δῆ

1063 1910 1092 1937 δὲ
1119 1910 1272 1938 τελειοῦται
1298 1911 1366 1938 πᾶσι
1395 1912 1449 1942 τοῖς
1466 1910 1693 1946 νομοθετηθεῖσιν
1715 1908 1758 1936 imi
1778 1903 1809 1931 W3

1063 1955 1194 1992 Χριστοῦ,
1212 1956 1286 1992 ἔργῳ
1295 1956 1473 1990 πιστεύουσα,
1488 1956 1655 1989 εὗσεὸοῦσα,
1676 1955 1719 1982 καὶ
1735 1952 1810 1984 sed)“

1064 2003 1143 2035 τολὰς
1155 2003 1315 2039 πράττουσα
1332 2002 1379 2030 τοῦ
1403 2003 1636 2034 ἁνακαινίσαντος
1649 2002 1726 2039 ἡμᾶς.
1743 1999 1766 2026 ὀ
1775 1997 1810 2031 γάρ

1066 2049 1104 2085 μὴ
1121 2049 1192 2077 κατὰ
1210 2049 1259 2085 τὴν
1282 2050 1433 2084 παράδοσιν
1450 2050 1499 2085 τῆς
1516 2045 1670 2084 καθολικῆξ
1683 2045 1809 2080 Ἔχιλησῖις

1064 2094 1214 2128 πιστεύων,
1232 2095 1249 2132 ἢ
1267 2094 1405 2122 κοινωνῶν
1420 2094 1465 2121 διὰ
1489 2094 1543 2121 τῶν
1564 2094 1676 2122 ἀτόπων
1694 2094 1767 2128 ἔργων
1785 2087 1811 2121 τῷ

1066 2139 1193 2177 διαϐόλῳ,
1209 2140 1322 2173 ἄπιστός
1337 2142 1420 2168 ἐστιν.

1102 2254 1189 2282 Ἔστι
1202 2253 1232 2281 δὲ
1243 2253 1324 2281 πάλιν
1336 2253 1439 2286 πίστις
1451 2252 1657 2288 ἐλπιζομένων
1668 2252 1810 2280 ὑπόστασις.

1064 2297 1244 2333 πραγμάτων
1253 2298 1380 2334 ἔλεγχος
1390 2299 1646 2334 οὐβλεκομένων,
1662 2298 1678 2332 ἢ
1690 2297 1811 2324 abietum;

1065 2344 1114 2370 καὶ
1127 2343 1282 2379 ἀδιάκριτος
1293 2343 1370 2376 ἐλπὶς
1381 2344 1436 2371 τῶν
1448 2353 1477 2372 τε
1487 2344 1540 2371 ὑπὸ
1553 2344 1605 2371 τοῦ
1616 2344 1683 2372 Θεοῦ
1694 2342 1811 2378 inﬁrmi?

1066 2390 1220 2425 γελμένων,
1242 2390 1352 2424 καὶτῆς
1365 2390 1419 2417 τῶν
1435 2391 1576 2425 αἰτήσεων
1595 2390 1675 2426 ἡμῶν
1697 2386 1812 2420 ἐπιτυχεῖς.

1071 2437 1105 2465 Ἥ
1124 2437 1174 2472 μὲν
1187 2436 1235 2464 οῦν
1250 2437 1360 2473 πρώτη,
1374 2438 1424 2473 τῆς
1443 2438 1586 2473 ἡμετέρας
1601 2439 1710 2474 γνώμης
1723 2434 1787 2465 ἐστὶν,
1800 2431 1811 2463 ἢ

1065 2483 1093 2511 δὲ
1111 2484 1226 2520 δευτέρα
1242 2483 1296 2511 τῶν
1316 2483 1496 2520 χαρισμάτων
1510 2483 1558 2511 τοῦ
1572 2485 1734 2519 Πνςὺμαυος.

1106 2594 1204 2622 ’ἰστέον
1224 2594 1252 2621 δὲ
1276 2595 1319 2621 ὅτι
1338 2594 1385 2622 διὰ
1404 2595 1452 2622 τοῦ
1468 2595 1662 2631 βαπτίσματος
1689 2591 1808 2629 περιτιμή-

1066 2641 1137 2677 μεοα
1168 2641 1241 2668 ἅπαν
1263 2641 1295 2667 τὺ
1308 2642 1363 2668 ἀπδ
1380 2642 1513 2676 γενέσεως
1542 2642 1688 2678 κάλυμμα,
1717 2640 1764 2676 ﬁrst
1779 2638 1807 2669 τῇ

1064 2687 1213 2723 ἁμαρτίαν,
1230 2688 1277 2714 καὶ
1295 2688 1461 2724 Ἰσραηλῖται
1493 2689 1690 2723 πνευματικοὶ,
1714 2688 1752 2715 καὶ
1766 2681 1807 2710 Θιτὶ

1066 2734 1130 2766 λαὸς
1142 2734 1359 2770 χρηματίζομεν.

488 2838 497 2854 ¹
511 2837 578 2866 Luc.
603 2843 654 2870 nt,
671 2836 716 2865 50.
757 2836 768 2853 ⁸
781 2837 841 2866 Act.
855 2844 883 2872 ιι,
895 2836 923 2865 2.
960 2836 970 2852 ⁸
982 2837 1061 2866 Deut.
1081 2844 1118 2871 tv,
1132 2836 1177 2865 24.
1215 2836 1303 2865 'Gen.
1319 2843 1379 2869 vm,
1397 2835 1440 2863 ll.
1480 2834 1489 2850 '
1506 2833 1592 2864 Rom.
1618 2843 1646 2869 ι,
1663 2833 1703 2862 l7.
1733 2832 1740 2844 '
1753 2826 1804 2856 llcbt.
