1873 3075
32 167 82 199 εοι
136 183 139 186 -

480 166 666 198 PANOPLIA
688 167 919 200 DOGMAI‘ICA.
933 182 965 188 -
983 170 1056 201 TlT.
1078 171 1156 202 XXV

1572 175 1639 207 1‘26).

29 224 155 266 [εισι-τῆς
167 223 437 266 μεταλήψξεοξςιτοῦ
452 225 636 266 Δεσποτικοῦ
663 225 801 265 σώματος

896 228 1125 266 transmutatione
1151 227 1281 266 Dominiei
1301 231 1453 264 corporiset
1482 231 1629 266 sanguinis.

46 260 99 321 ἔοι
111 261 254 293 αἵματος,
267 259 320 286 τοῦ
338 258 465 294 Νὐσσης
480 259 513 286 ἐκ
529 259 582 287 τοῦ
597 258 802 295 κατηχήτικοῦ

67 303 153 321 orov.

67 303 153 329 orov.

50 341 157 375 Ὠσπερ
172 341 198 368 οἱ
207 341 370 377 δηλητήριον
380 341 567 376 δι’ὲπιὸουλῆς
579 341 717 373 λαϐόντες,
730 341 804 377 ἄλλῳ

29 396 42 410 ιί
53 387 213 422 ρμάκῳτην
223 387 383 422 φθοροποιὸν
390 387 503 422 δύναμιν
512 387 637 414 ἔσϐεσανο
645 388 697 423 χρὴ
706 388 734 415 δὲ
741 388 802 415 καθ’

29 434 158 468 μοιότητα
174 433 225 460 τοῦ
238 433 360 469 ὀλεθρίου
376 435 423 461 καὶ
437 436 468 462 τὸ
484 435 652 472 ἁλεξιτήριον
667 438 742 470 ἐντὸς
755 437 810 464 τῶν

30 479 193 514 νθρωπίνων
209 480 336 515 γενέσθαι
355 480 527 517 σπλάγχνων,
543 481 581 514 ὡς
598 482 632 509 ἂν
646 483 681 509 δι’
697 483 809 511 ἑχείνων

29 526 51 558 φ’
69 526 146 552 ἆπαν
175 525 395 561 καταμερισθείη
407 527 438 553 τὺ
451 527 529 563 σῶμα
549 527 566 563 ἠ
587 527 634 554 τοῦ
649 528 810 564 βοηθοῦντος

29 569 139 605 ἂναμις·
155 570 232 598 οὓτω
250 571 298 597 τοῦ
311 571 467 604 διαλύοντος
487 572 536 608 τὴν
551 572 632 608 φύσιν
649 574 728 610 ήμῶν
741 575 811 602 ἀπο-

30 616 190 651 ξυσάμενοι,
209 616 291 643 πάλιν
306 617 455 652 ἀναγκαῖον
474 618 511 650 ὡς
526 618 631 646 καὶτοῦ
649 620 810 654 συνάγοντος

29 662 250 698 ὺὸιαλελυμένον
269 663 456 700 ὲπεδεήθημεν
468 673 476 680 ·
496 665 533 697 ὼς
556 665 589 692 ἃν
606 667 635 693 ὲν
650 667 716 701 ἡμῖν
730 667 808 701 γενόο

29 716 91 734 γενον
104 708 136 734 τὺ
149 708 274 736 τοιοῦτον
296 709 464 746 ἀλεξιτήριον
477 711 527 747 ⁸ι’ὴν
548 712 757 746 προεντεθεῖσαν
770 712 809 748 τῷ

29 753 118 788 ὡματι
130 753 181 780 τοῦ
193 753 359 790 δηλητηρίου
379 755 481 791 βλάϐην
497 756 541 783 διὰ
556 757 605 792 τῆς
618 757 722 789 οἰκείας
735 757 808 784 ἀντι-

29 799 125 832 ταθείας
141 798 293 827 ἀπώσοιτο.
309 799 341 827 Τί
357 798 404 827 οὖν
428 801 487 827 ἐστι
503 801 597 834 τοῦτο;
613 802 697 829 Οὐδὲν
716 802 809 838 ἕτερον

38 846 124 872 έκεῖνο
134 845 167 873 τὸ
184 845 277 882 σῶμα,
289 846 304 873 ὅ
318 846 366 874 τοῦ
381 855 410 873 τε
422 846 537 874 θανάτου
552 848 675 882 κρεῖττον
691 847 806 883 ἐδείχθη,

891 261 1010 324 gregarii
1034 262 1127 299 Nyssw
1151 264 1284 298 pontiﬁcis
1314 261 1351 291 σε’
1376 267 1494 293 oratione
1521 261 1641 293 [alem-

903 306 955 324 ica.

903 306 955 325 ιεα.

892 342 951 375 Quo
988 342 1069 370 modo
1113 343 1187 370 enim
1214 344 1259 379 qui
1296 352 1431 372 venenum
1463 351 1639 379 sumpserunt

859 386 922 414 dolo
933 391 960 415 et
975 395 1009 416 ex
1021 388 1138 422 insidiis,
1163 389 1217 416 alio
1230 389 1430 417 medicamento
1460 390 1640 425 exstinguuat

859 438 913 465 vim
932 446 994 473 quae
1008 437 1086 465 affert
1111 438 1268 469 interitum,
1288 442 1395 472 oportet
1408 442 1497 466 autem
1515 438 1585 465 sicut
1596 446 1645 465 ex-

859 485 944 515 itiale,
958 484 995 512 ita
1021 484 1104 511 etiam
1137 483 1258 511 salutare
1284 483 1514 510 medicamentum
1536 482 1644 510 admitti

859 530 931 558 intra
956 529 1063 557 viscera
1079 528 1210 561 hominis,
1232 532 1262 555 ut
1284 535 1332 563 per
1349 528 1395 555 illa
1412 527 1595 556 distribuatur
1616 527 1645 555 in

859 577 1018 605 universum
1035 582 1137 610 corpus
1151 574 1237 602 virtus
1251 574 1311 608 ejus
1333 573 1406 608 quod
1428 573 1482 600 fert
1496 575 1645 608 opem:lta

858 629 921 650 cum
936 620 962 648 id
977 620 1179 656 gustaverimus
1192 618 1265 654 quod
1280 622 1402 646 nostram
1416 618 1544 646 dissolvit
1562 623 1645 646 natu-

859 674 928 698 ram,
943 673 1041 694 rursus
1054 672 1169 694 necesse
1183 669 1225 693 est
1239 669 1268 692 ut
1278 673 1347 701 opus
1357 665 1506 693 habeamus
1521 673 1553 693 eo
1564 664 1640 700 quod

858 711 932 747 cogit
949 719 981 738 ac
993 710 1122 738 conciliat
1134 711 1161 738 id
1178 711 1250 745 quod
1269 715 1327 738 erat
1341 711 1518 744 dissolutum,
1531 715 1561 738 ut
1575 718 1640 738 cum

858 757 930 784 intra
946 765 997 785 nos
1012 757 1093 786 fuerit
1107 757 1158 785 hoc
1166 757 1286 785 salutare
1293 757 1533 788 medicamentum,
1541 757 1641 784 veneni

857 802 1000 836 damnum,
1025 803 1099 839 quod
1110 804 1218 839 corpori
1234 803 1322 831 fuerat
1349 802 1476 834 inditum,
1504 810 1553 838 per
1575 809 1643 830 con-

857 848 972 875 trariam
989 849 1104 884 repellat
1123 848 1306 877 alfectionem.
1334 847 1405 881 Quid
1423 848 1475 875 hoc
1488 855 1553 882 ergo
1579 851 1618 875 est
1631 848 1644 874 9

31 891 58 917 αὶ
70 891 120 926 τῆς
135 891 211 927 ζωῆς
230 892 310 927 ἡμῶν
325 893 489 928 κατήρξατο.
505 892 639 928 Καθάπερ
652 894 706 928 γάρ
720 894 805 930 μικρὰ

892 894 928 921 hil
943 893 1017 921 aliud
1035 901 1116 929 quam
1131 894 1197 921 illud
1214 901 1326 929 corpus,
1348 893 1423 926 quod
1440 898 1467 920 et
1488 897 1577 920 morte
1594 899 1643 920 os-

30 935 94 971 ύμη,
125 936 222 969 καθώς
244 945 326 973 φησιν
344 938 359 964 ὁ
383 937 553 972 ’Λπόστολος,
573 938 633 966 ὅλον
646 939 676 965 τὸ
693 939 807 975 φύραμα

29 983 78 1017 πρὸς
90 983 193 1019 ἑαυτὴν
222 983 400 1018 συνεξομοιοτ,
422 983 509 1016 οὕτως
528 983 559 1010 τὺ
578 983 738 1011 θανατισθὲν
755 984 808 1010 ὑπὸ

30 1028 57 1054 οὗ
77 1028 145 1055 Θεοῦ
160 1028 245 1064 σῶμα
257 1029 286 1054 ὲν
299 1027 338 1064 τῷ
353 1028 480 1064 ἡμετέρῳ
497 1028 653 1063 γενόμενον,
668 1028 728 1055 ὅλον
738 1028 808 1064 πρὸς

29 1074 92 1100 αυτὸ
109 1075 257 1109 μεταποιεῖ
281 1074 328 1100 καὶ
344 1074 530 1109 μετατίθησιν.
553 1073 597 1106 Ὠς
613 1074 668 1110 γὰρ
680 1074 727 1101 τοῦ
742 1074 807 1109 φθο-

29 1119 122 1146 οποιοῦ
156 1120 229 1152 πρὸς
257 1120 287 1146 τὸ
315 1120 433 1154 ὑγιαῖνον
456 1120 660 1156 άναμιχθέντος,
681 1119 754 1147 άπαν
776 1119 806 1146 τὺ

29 1164 167 1200 ινακραθὲν
196 1165 414 1201 συνηχρείωται⁹
443 1164 528 1197 οὕτως
555 1166 602 1192 καὶ
624 1165 655 1192 τὸ
673 1164 806 1193 ἀθάνατον

29 1210 92 1245 ’ὦμα
124 1211 154 1237 ἐν
166 1210 207 1246 τῷ
224 1211 382 1238 ἀναλαϐόντι
405 1211 470 1238 αὐτὸ
492 1211 646 1247 γενόμενον,
671 1211 738 1247 πρὸς
757 1212 806 1247 τὴν

29 1255 108 1282 αυτοῦ
131 1255 215 1290 φύσιν
249 1256 297 1282 καὶ
319 1255 349 1283 τὸ
365 1257 418 1282 πᾶν
439 1255 626 1291 μετεποίησεν.
651 1255 731 1283 Ἀλλὰ
753 1256 806 1291 μὴν

31 1300 63 1327 inc
75 1301 148 1328 ἐστιν
163 1301 253 1333 ἄλλως
265 1301 339 1333 ἐντός
351 1310 377 1328 τι
387 1301 527 1336 γίγνεσθαι
543 1301 589 1328 τοῦ
608 1301 741 1336 σώματος,
767 1301 805 1337 μὴ

29 1346 58 1371 ut
73 1346 201 1382 βρώσεως
213 1347 261 1374 καὶ
275 1347 379 1378 πόσεως
393 1348 447 1379 τοῖς
462 1347 624 1382 σπλάγχνοις
638 1346 805 1382 καταμιγνύ-

29 1399 106 1418 ιενον.
125 1393 233 1419 Οὐκοῦν
247 1393 401 1427 ἐπάναγκες
412 1394 483 1420 κατὰ
492 1393 537 1420 τὸν
552 1392 662 1420 δυνατὸν
678 1394 711 1429 τῇ
727 1393 806 1428 φύσει

29 1435 113 1470 ῑρόπον
121 1437 171 1474 τὴν
179 1437 312 1470 ζωοποιὺν
322 1438 435 1473 δύναμιν
443 1437 489 1464 τοῦ
497 1437 655 1473 Πνιύματος
668 1437 804 1470 δέξασθαι.

29 1481 103 1510 ιΙόνον
116 1482 145 1510 δὲ
156 1483 204 1511 τοῦ
221 1480 352 1518 Θεοόὁχου
361 1482 487 1518 σώματος
502 1483 606 1511 ἐκείνου
617 1483 718 1520 ταύτην
731 1484 806 1516 δεξα-

29 1526 99 1553 ιένου
113 1527 163 1563 τὴν
183 1529 274 1564 χάριν,
286 1528 373 1560 ἄλλως
387 1528 414 1556 δὲ
427 1529 577 1564 δειχθέντος
593 1529 630 1565 μὴ
647 1527 714 1556 εἶναι
728 1529 806 1556 δυνα-

857 943 965 967 tensum
986 939 1037 967 fuit
1052 947 1114 968 esse
1137 940 1287 975 potentius,
1318 943 1345 968 et
1374 943 1476 968 nostra;
1503 940 1566 966 vita:
1591 939 1644 966 fuit

857 984 977 1012 initium.
993 984 1135 1018 Quomodo
1150 986 1223 1012 enim
1239 993 1334 1020 parum
1355 985 1494 1016 fermenti,
1525 989 1555 1012 ut
1575 985 1644 1012 dicit

856 1028 1004 1064 Apostolus
1017 1030 1037 1060 ‘,
1056 1029 1107 1058 sibi
1116 1029 1250 1058 assimilat
1259 1033 1344 1057 totam
1356 1030 1591 1065 conspersionem,
1604 1031 1642 1057 ita

858 1083 957 1110 corpus
969 1081 984 1102 a
1001 1074 1055 1102 Deo
1067 1079 1153 1102 morte
1169 1073 1296 1102 alfectum
1317 1082 1380 1102 cum
1401 1074 1484 1102 fuerit
1506 1075 1576 1102 intra
1592 1083 1643 1102 no-

859 1124 959 1151 strum,
973 1123 1060 1146 totum
1074 1119 1108 1147 ad
1121 1126 1150 1147 se
1166 1123 1333 1147 transmutat
1355 1125 1379 1147 et
1396 1119 1539 1148 transfert.
1563 1120 1639 1152 Quo-

858 1165 940 1193 modo
958 1165 1030 1192 enim
1043 1173 1105 1193 cum
1123 1165 1196 1200 quod
1210 1168 1252 1192 est
1267 1165 1389 1196 exitiale,
1414 1165 1526 1193 mistum
1556 1164 1640 1192 fuerit

857 1218 919 1238 eum
949 1218 1028 1244 sano,
1061 1210 1192 1245 quidquid
1221 1214 1263 1238 est
1292 1214 1536 1246 contemperatum,
1560 1210 1643 1238 simul

857 1256 982 1283 redditur
998 1255 1107 1288 inutile,
1123 1255 1161 1281 ita
1176 1254 1258 1282 etiam
1280 1262 1382 1289 corpus
1407 1253 1562 1281 immortale
1575 1260 1638 1281 cum

857 1299 939 1327 fuerit
954 1299 1024 1326 intra
1040 1307 1102 1326 eum
1129 1299 1175 1334 qui
1194 1299 1323 1333 sumpsit,
1348 1299 1506 1326 universum
1529 1306 1640 1334 quoque

858 1349 1023 1374 transmutat
1048 1346 1074 1372 in
1091 1353 1168 1372 suam
1186 1349 1324 1372 naturam.
1358 1344 1411 1372 Sed
1441 1345 1500 1372 ﬁeri
1519 1353 1573 1372 non
1593 1353 1642 1380 po—

856 1394 911 1418 test
928 1395 957 1417 ut
981 1390 1017 1418 sit
1041 1389 1144 1425 aliquid
1170 1389 1250 1417 aliter
1276 1390 1347 1416 intra
1373 1397 1484 1425 corpus,
1515 1389 1567 1417 nisi
1595 1396 1643 1424 per

856 1444 932 1464 esum
956 1439 983 1463 et
1001 1436 1139 1472 potionem
1165 1436 1314 1463 misceatur
1340 1435 1503 1463 visceribus.
1523 1435 1642 1463 Necesse

856 1486 898 1510 est
909 1489 985 1517 ergo,
1000 1490 1033 1509 eo
1052 1481 1132 1509 modo
1147 1488 1202 1516 quo
1219 1485 1318 1508 natura
1341 1484 1441 1516 potest,
1456 1479 1575 1516 Spiritus
1601 1483 1642 1508 vi-

856 1528 962 1556 vilicam
987 1527 1128 1561 suscipere
1153 1526 1291 1554 virtutem.
1311 1525 1380 1552 Cum
1396 1528 1486 1553 autem
1503 1525 1590 1553 solum
1609 1525 1642 1552 il-

30 1571 62 1596 ῖὸν
71 1573 99 1598 ὲν
111 1562 248 1609 ἀθανασίᾳ
275 1574 400 1608 γενέσθαι
426 1575 456 1601 τὸ
469 1562 613 1611 ⁷ἡμέτερον
625 1562 716 1610 σῶμα,
728 1575 752 1601 εί
769 1575 805 1610 μὴ

891 1573 1020 1607 icorpus
1044 1572 1117 1608 quod
1148 1571 1232 1599 Deum
1261 1570 1393 1606 suscepit,
1419 1571 1491 1598 hanc
1523 1571 1639 1605 gratiam

30 1616 60 1642 ἱιὰ
69 1619 117 1653 τῆς
132 1619 204 1654 πρὸς
216 1619 245 1645 ea
260 1619 393 1647 ἀθάνατον
409 1620 549 1652 κοινωνίας
564 1621 594 1647 ὲν
614 1620 743 1656 μετουσίᾳ
757 1622 805 1656 τῆς

30 1662 169 1699 ὶφθαρσίας
181 1665 327 1701 γενόμενον
337 1674 344 1680 ·
365 1666 500 1700 σκοπῆσαι
513 1667 656 1701 προσήκει,
675 1666 733 1698 πῶς
746 1666 807 1700 ἐγέ-

31 1716 76 1735 νετο
88 1710 202 1738 δυνατὸν
230 1711 260 1738 τὸ
284 1711 312 1738 ἓν
330 1712 417 1738 ἐκεῖνο
430 1712 509 1747 σῶμα
520 1713 579 1744 ταῖς
591 1714 734 1744 τοσαύταις
752 1712 806 1739 τῶν

31 1755 117 1782 πιστῶν
138 1757 253 1792 μυριάσι
269 1757 339 1785 κατὰ
358 1758 446 1784 πᾶσαν
467 1758 515 1793 τὴν
534 1758 696 1793 οἰκουμένην
719 1758 805 1784 εἰσαεὶ

31 1802 274 1839 ιαταμεριζόμενον,
292 1803 351 1830 ὅλον
367 1804 396 1830 εν
411 1804 516 1839 ἑκάστῳ
532 1803 629 1830 8ιάτοῦ
648 1803 746 1839 μέρους
761 1812 806 1837 γε-

32 1845 117 1877 νέσθαι.
131 1849 179 1875 καὶ
206 1849 271 1876 αὐτὸ
292 1849 381 1885 μένειν
395 1850 436 1885 ἐφ’
451 1850 547 1876 ἑαυτοῦ
562 1849 632 1877 ὅλον.
649 1849 752 1876 Οὐκοῦν
767 1850 806 1882 ὡς

32 1890 52 1917 tv
74 1893 140 1928 πρὸς
167 1895 200 1920 τὸ
215 1894 359 1922 ἀκόλουθον
375 1896 440 1931 ἡμῖν
455 1896 471 1930 ἡ
484 1894 573 1927 πίστις
587 1895 732 1930 βλέπουσα,
751 1904 805 1931 μη-

32 1936 110 1971 ἰεμίαν
137 1939 303 1974 ἀμφιϐολίαν
325 1941 388 1977 περὶ
408 1940 455 1967 τοῦ
477 1940 656 1976 προκειμένου
671 1941 805 1976 νοήματος

35 1990 83 2016 χοι,
99 1986 197 2022 μικρόν
213 1995 238 2012 τι
248 1987 381 2022 προσήκει
396 1985 603 2022 παρασχολῆσαι
617 1985 663 2012 τὸν
677 1985 754 2020 λόγον
765 1986 805 2018 είς

33 2026 66 2061 τὴν
79 2031 251 2066 φυσιολογίαν
270 2031 316 2058 τοῦ
339 2031 474 2067 σώματος.
489 2032 536 2063 Τίς
550 2031 603 2067 γὰρ
618 2032 668 2059 οὐκ
683 2031 752 2059 οἶδεν
763 2032 804 2058 ὅτι

33 2074 92 2107 ιτοῦ
107 2075 232 2112 σώματος
248 2078 326 2113 ἡμῶν
335 2077 415 2112 φύσις
432 2077 501 2114 αὐτὴ
519 2077 578 2105 καθ’
596 2078 695 2114 ἑαυτὴν
711 2079 739 2105 ὲν
752 2078 806 2113 ίδίᾳ

33 2119 70 2145 τινὶ
89 2120 235 2149 ὑποστάσει
254 2121 326 2158 ζωὴν
353 2123 403 2150 οὐκ
424 2123 479 2158 ἔχει
491 2131 497 2138 ·
518 2123 585 2151 ἀλλά
597 2123 641 2150 διὰ
662 2125 710 2160 τῆς
726 2125 805 2160 ἐπιρ-

34 2163 131 2201 ὶεούσης
144 2169 213 2203 αὐτῇ
239 2168 379 2204 δυνάμεως
392 2169 497 2204 συνέχει
511 2178 539 2196 τε
554 2170 653 2206 ἑαυτὴν
665 2171 712 2197 καὶ
726 2171 755 2197 ὲν
766 2170 805 2206 τῷ

857 1620 1003 1656 acceperit,
1042 1623 1184 1646 ostensum
1212 1617 1248 1645 sit
1277 1621 1367 1644 autem
1389 1616 1469 1644 aliter
1495 1617 1553 1644 ﬁeri
1585 1624 1640 1643 non

856 1674 946 1702 posse,
982 1669 1011 1692 ut
1032 1668 1156 1692 nostrum
1186 1670 1285 1698 corpus
1310 1664 1345 1690 sit
1373 1662 1401 1690 in
1423 1661 1640 1694 immortalitate,

857 1713 908 1740 nisi
927 1719 974 1748 per
988 1710 1209 1739 communionem
1232 1717 1293 1736 cum
1316 1708 1462 1735 immortali
1482 1708 1582 1735 factum
1607 1708 1643 1735 sit

856 1759 992 1794 particeps
1005 1755 1236 1790 incorruptionis:
1253 1758 1358 1788 oportet
1371 1754 1555 1786 considerare,
1571 1760 1643 1788 quo-

857 1803 938 1830 modo
963 1802 1019 1829 ﬁeri
1041 1801 1177 1836 potuerit,
1199 1804 1227 1826 ut
1251 1807 1334 1826 unum
1354 1798 1420 1825 illud
1437 1806 1552 1833 corpus,
1569 1798 1643 1832 quod

857 1853 912 1875 tam
929 1847 1022 1874 multis
1038 1846 1155 1873 tidelium
1180 1844 1300 1873 millibus
1322 1844 1349 1871 in
1366 1844 1494 1871 universo
1510 1843 1576 1870 orbe
1592 1848 1644 1870 ter-

857 1901 948 1921 rarum
965 1899 1070 1926 Semper
1092 1890 1275 1922 distribuitur,
1299 1893 1385 1916 totum
1407 1895 1455 1923 per
1478 1891 1582 1923 partem
1607 1888 1643 1915 sit

857 1939 884 1967 in
905 1944 1086 1973 unoquoque,
1108 1940 1135 1964 et
1155 1936 1244 1971 ipsum
1266 1935 1293 1962 in
1313 1942 1342 1963 se
1356 1938 1443 1961 totum
1468 1936 1587 1960 maneat.
1609 1931 1643 1960 Ut

857 1994 922 2022 ergo
938 1985 1004 2013 ﬁdes
1026 1984 1061 2012 ad
1083 1984 1108 2012 id
1133 1983 1206 2019 quod
1233 1987 1275 2010 est
1296 1989 1468 2017 consequens
1492 1981 1642 2015 aspiciens,

856 2031 889 2059 de
913 2038 996 2059 sensu
1019 2029 1160 2065 proposito
1185 2027 1287 2055 nullam
1311 2027 1409 2054 habeat
1428 2026 1642 2058 dubitationem,

855 2079 962 2112 oportet
979 2078 1099 2102 nostram
1119 2074 1270 2101 orationem
1293 2072 1432 2107 paulisper
1450 2071 1590 2098 immorari
1615 2071 1643 2098 in

851 2121 974 2149 naturali
989 2119 1112 2154 corporis
1132 2118 1359 2146 censideratione.
1377 2117 1443 2150 Quis
1459 2118 1531 2145 enim
1555 2117 1643 2144 nescit

857 2167 930 2203 quod
958 2166 1046 2194 nostri
1087 2164 1211 2200 corporis
1239 2168 1336 2191 natura
1371 2164 1429 2199 ipsa
1455 2171 1503 2199 per
1529 2171 1559 2191 se
1587 2170 1641 2190 non

36 2206 87 2237 ῐναι
101 2212 186 2247 μένει,
197 2214 330 2251 ἀπαύστῳ
340 2216 443 2250 κινήσει
453 2215 482 2242 τὸ
494 2216 616 2243 ἐλλεῖπον
630 2216 696 2251 πρὸς
707 2216 805 2252 ἑαυτὴν

891 2212 940 2240 ιὶιει
958 2212 1041 2238 vitam
1061 2211 1087 2237 in
1109 2210 1225 2246 quadam
1244 2210 1355 2245 propria
1377 2209 1499 2245 corporis
1514 2209 1642 2236 substan-

37 2255 195 2295 φελκομὲνη,
223 2260 270 2287 καὶ
295 2260 326 2287 τὸ
354 2260 512 2296 περιττεῦον
541 2261 804 2296 ὰπωθουμένηςΚαὶ

35 2297 112 2338 ὖσπερ
127 2313 168 2337 τις
183 2305 266 2338 ἀσκὸς
278 2306 361 2342 ὑγρυῦ
375 2315 445 2339 τινος
462 2307 567 2344 πλήρης
582 2307 629 2338 ὢν.
643 2308 667 2334 εί
681 2307 749 2334 κατὰ
758 2307 805 2334 τὸν

35 2351 141 2386 πυθμένα
167 2354 199 2381 τὸ
221 2353 378 2390 ἐγκείμενον
392 2353 505 2387 ὕπεξίοι,
519 2354 570 2381 οὐκ
583 2354 616 2381 ἂν
632 2353 761 2389 φυλάσσοι
775 2352 805 2378 τὸ

35 2398 82 2432 περὶ
94 2399 138 2428 τὸν
150 2401 232 2436 ὄγκον
245 2400 340 2428 ἑαυτοῦ
351 2400 453 2435 σχῆμα,
465 2399 502 2436 μὴ
513 2399 692 2431 ἁντεισιόντος
703 2397 805 2425 ἄνωθεν

37 2444 112 2480 τέρου
139 2448 208 2484 πρὸς
231 2447 261 2474 τὸ
288 2446 468 2482 κενούμενον·
490 2445 561 2472 ὥστε
578 2445 623 2472 τὸν
641 2444 745 2480 ὁρῶντα
756 2443 805 2480 τὴν

38 2490 123 2528 Υκὼδη
130 2493 177 2520 τοῦ
190 2493 300 2528 ἀγγείου
315 2492 409 2519 τούτου
421 2491 559 2527 περιοχὴν,
574 2491 671 2519 εἰδέναι
683 2489 721 2525 μὴ
738 2489 805 2516 ἰδίαν

36 2532 88 2563 ἶναι
102 2538 147 2566 τοῦ
159 2539 320 2574 φαινομένου
332 2547 339 2553 ·
351 2538 417 2565 ἀλλὰ
436 2537 467 2563 τδ
487 2536 591 2572 εἰσρέον
605 2537 633 2563 ὲν
648 2535 723 2570 αὐτῷ
734 2533 805 2568 γινό-

37 2588 100 2608 ιενον
119 2585 293 2620 σχηματίζειν
313 2583 343 2610 τὸ
361 2583 487 2619 περιέχον
503 2583 547 2610 τὸν
563 2581 656 2616 ὅγκον·
674 2579 747 2608 οὕτω
759 2580 806 2607 καὶ

37 2627 94 2659 1τοῦ
117 2630 239 2666 σώματος
267 2630 345 2666 ἡμῶν
360 2628 516 2664 κατασκευὴ
532 2628 596 2655 ἴδιον
610 2627 659 2662 μὲν
675 2626 744 2663 πρὸς
757 2626 806 2662 τὴν

40 2675 117 2709 ιυτῆς
127 2676 254 2703 σύστασιν
264 2676 339 2703 οὐδὲν
354 2676 418 2711 ἡμῖν
429 2674 565 2711 γνώριμον
578 2673 644 2709 ἔχει,
658 2673 702 2700 διὰ
718 2672 746 2699 δὲ
757 2672 806 2706 τῆς

40 2722 232 2758 πεισαγομένης
260 2722 411 2757 δυνάμεως,
431 2722 460 2747 ὲν
483 2720 521 2756 τῷ
537 2718 607 2747 εἶναι
629 2719 714 2755 μένει.
732 2719 764 2744 Ἠ
778 2717 806 2744 δὲ

41 2761 131 2799 τῖναμις
145 2767 212 2802 αὕτη
229 2767 315 2803 τροφὴ
330 2767 377 2793 καὶ
390 2766 447 2793 ἐστι
458 2767 505 2794 καὶ
513 2766 628 2800 λέγεται.
647 2764 707 2791 Ἔτι
719 2764 746 2790 δὲ
759 2763 806 2798 οὺχ

38 2814 41 2839 l
58 2809 120 2845 αὑτὴ
132 2813 198 2839 πᾶσι
213 2814 268 2845 τοῖς
283 2813 458 2848 τρεφομένοις
471 2811 589 2847 σώμασι,
603 2810 671 2838 ἀλλά
689 2819 730 2842 τις
741 2809 806 2836 ἑκά-

38 2858 77 2884 τῖίι)
98 2857 260 2893 κατάλληλος
280 2858 356 2894 παρὰ
379 2858 425 2884 τοῦ
447 2858 495 2892 τὴν
511 2857 590 2892 φύσιν
603 2855 806 2892 οίκονομοΰντος

69 2922 76 2935 ¹
93 2922 100 2949 Ι
117 2923 176 2951 Cur.
193 2934 218 2958 ν,
241 2926 266 2952 6.

858 2261 915 2293 tia,
945 2259 992 2287 sed
1018 2266 1066 2295 per
1100 2257 1245 2293 quamdam
1278 2256 1430 2284 allluentem
1462 2255 1487 2283 ei
1512 2255 1642 2282 virtutem

856 2310 883 2333 et
901 2306 1019 2341 seipsam
1039 2305 1177 2334 continet,
1192 2307 1218 2330 et
1235 2309 1325 2330 manet
1341 2303 1369 2330 in
1385 2303 1504 2331 essentia
1516 2322 1523 2332 .
1545 2309 1644 2337 perpe-

853 2355 899 2379 tua
913 2349 1034 2378 motione
1048 2348 1082 2375 ad
1097 2355 1127 2376 se
1142 2346 1283 2374 attrahens
1299 2345 1326 2372 id
1348 2344 1421 2380 quod
1443 2344 1539 2376 deest,
1555 2348 1583 2372 et
1598 2351 1642 2372 re-

853 2398 956 2433 pelli-ns
981 2396 1006 2423 id
1022 2395 1094 2430 quod
1117 2396 1159 2421 est
1176 2391 1424 2428 supervacaneum?
1447 2391 1480 2418 Et
1502 2390 1643 2425 quomodo

854 2448 915 2471 uter
926 2441 1027 2477 aliquis
1041 2440 1132 2475 aliquo
1142 2440 1256 2466 humore
1267 2438 1374 2473 plenus,
1388 2437 1410 2466 si
1420 2437 1447 2464 in
1456 2436 1541 2464 fundo
1560 2439 1640 2462 exeat

855 2488 880 2516 id
901 2487 974 2524 quod
998 2487 1024 2514 in
1043 2493 1077 2514 eo
1098 2489 1141 2514 est
1158 2485 1294 2520 positum,
1314 2485 1341 2512 in
1357 2483 1547 2520 magnitudine
1563 2489 1641 2510 suam

855 2542 910 2562 non
927 2532 1076 2561 servaverit
1092 2531 1223 2568 ﬁguram,
1243 2531 1296 2559 nisi
1318 2537 1436 2566 superne
1454 2536 1504 2563 pro
1517 2535 1550 2555 eo
1569 2527 1642 2562 quod

854 2581 921 2608 exiit
936 2579 1104 2615 ingrediatur
1120 2577 1192 2605 aliud
1209 2576 1242 2604 ad
1259 2576 1286 2604 id
1299 2577 1371 2611 quod
1383 2575 1558 2603 exinanitur:
1575 2573 1643 2600 adeo

855 2630 885 2653 ut
910 2625 958 2660 qui
982 2623 1056 2652 videt
1079 2622 1266 2660 magnitudine
1292 2621 1441 2649 distentum
1463 2619 1545 2654 hujus
1568 2619 1644 2646 vasis

856 2671 987 2698 ambitum
998 2689 1005 2701 ,
1020 2669 1090 2697 sciat
1104 2677 1166 2696 eum
1182 2675 1235 2697 non
1257 2675 1318 2695 esse
1338 2666 1479 2702 proprium
1493 2664 1553 2699 ejus
1570 2664 1643 2699 quod

855 2719 969 2751 apparet
983 2737 990 2750 ,
1006 2716 1053 2743 sed
1067 2715 1094 2742 id
1109 2714 1181 2750 quod
1195 2713 1283 2741 inﬂuit
1293 2734 1300 2746 ,
1315 2720 1377 2740 cum
1393 2712 1420 2739 in
1436 2719 1468 2739 eo
1484 2711 1566 2738 fuerit
1579 2710 1646 2745 ligu-

857 2769 917 2789 rare
944 2761 972 2788 id
1001 2760 1072 2796 quod
1095 2760 1215 2788 continet
1239 2758 1475 2793 magnitudinem:
1493 2757 1530 2783 ita
1559 2756 1644 2784 etiam

856 2807 981 2841 corporis
1006 2807 1091 2834 nostri
1117 2805 1287 2833 constructio
1316 2803 1384 2831 nihil
1421 2803 1532 2837 quidem
1561 2802 1643 2829 habet

857 2854 997 2889 proprium
1016 2852 1096 2880 nobis
1111 2851 1250 2887 cognitum
1276 2849 1310 2877 ad
1333 2849 1377 2877 sui
1400 2848 1642 2880 constitutionem,
