1873 3075
241 113 309 147 1Ξ63

1819 39 1821 84 l

878 110 1070 147 ΕυΤιιιίιιι
1091 110 1272 141 ΖῦΑΒΕΝΙ
1763 113 1797 144 19.τὲ

240 189 288 216 per
302 189 362 210 eam
381 188 472 210 autem
489 189 549 217 quae
569 181 762 210 intromittitur
784 183 914 210 virtutem
937 188 1028 210 manet
1043 186 1062 213 Λ
1079 184 1179 210 ἀποκεκ

1079 183 1315 220 ἀποκεκλήρωται.
1333 183 1375 212 Τὰ
1389 185 1437 220 μὲν
1449 185 1504 222 γὰρ
1516 183 1569 210 τῶν
1579 183 1651 215 ζώων
1660 186 1799 222 ριζωριχιὶπι

239 229 266 255 in
282 229 412 256 essentia.
437 228 474 255 Ea
495 233 585 256 autem
602 229 690 256 virtus
704 228 863 256 alimentum
885 233 912 256 et
937 233 980 257 est
1002 233 1030 257 et
1078 229 1179 264 τρέφετ

1078 229 1208 264 τρέφεται
1220 237 1227 245 ·
1251 229 1357 265 ἑτέροις
1369 230 1443 257 ἐστὶν
1459 231 1476 266 ἠ
1499 231 1550 257 πόα
1574 231 1696 266 τρόφιμος
1706 240 1712 247 ·
1725 231 1799 257 mini":

238 275 349 302 dicitur.
365 274 498 302 Praeterea
522 279 613 302 autem
640 282 693 302 non
715 275 785 302 idem
809 275 940 302 omnibus
966 283 1028 311 quae

238 319 349 346 aluntur
364 319 526 354 corporibus
538 340 544 351 ,
565 320 613 347 sed
634 319 770 355 quoddam
792 320 941 354 unicuique
960 328 1026 348 con-

237 371 339 400 gruens
353 364 513 392 attributum
529 369 571 392 est
584 365 617 392 ab
631 373 664 392 eo
678 365 724 400 qui
741 370 866 392 naturam
881 365 1025 401 dispensat

237 416 262 437 et
280 410 466 438 administrat.
491 409 556 438 Nam
571 411 626 438 alia
644 411 752 446 quidem
768 411 896 438 animalia
913 411 1024 439 aluntur

237 456 345 484 oll'ossis
360 457 499 485 radicibus
513 466 521 490 ;
539 457 592 484 alia
610 461 700 484 autem
719 458 830 485 aluntur
840 457 940 485 herbis
954 467 960 490 ;
976 458 1025 485 ali-

237 510 351 537 quorum
374 507 464 529 autem
488 503 686 531 nutrimentum
704 507 768 530 sunt
784 510 892 530 carnes.
915 502 1024 530 Homini

237 553 326 575 autem
343 548 478 583 prazcipue
492 552 534 576 est
553 549 630 583 panis
641 569 648 581 ,
665 552 691 575 et
707 548 739 575 ad
756 549 879 576 humoris
893 548 1025 583 perdura-

236 593 337 620 tionem
361 598 386 620 et
412 594 649 621 conservationem
675 599 773 628 potus,
799 602 853 621 non
881 594 939 629 ipsa
967 593 1025 621 sola

236 646 321 674 aqua,
343 639 389 667 sed
405 640 470 666 vino
486 648 556 675 same
576 640 706 674 condita,
729 640 761 668 ad
783 648 862 676 opem
884 639 1023 668 ferendam

236 683 344 711 interno
367 687 461 711 nostro
485 685 580 712 calori.
596 684 647 718 Qui
662 692 727 719 ergo
741 685 774 712 ad
797 693 828 713 ca
845 685 959 720 aspicit.
976 692 1023 719 po-

1079 275 1097 310 ἠ
1112 275 1200 310 τροφὴ
1216 275 1316 311 σάρκες
1340 275 1419 302 εἰσιν.
1439 275 1586 312 Ἀνθρώπῳ
1601 276 1628 302 δὲ
1645 276 1705 303 κατὰ
1717 276 1740 302 εδ
1752 285 1800 311 προη-

1076 320 1208 356 γούμενον
1222 321 1313 357 ἄρτος,
1333 321 1379 347 καὶ
1398 322 1437 353 εις
1450 322 1498 357 τὴν
1515 322 1562 349 τοῦ
1578 322 1656 357 ὑγροῦ
1673 322 1801 357 διαμονὴνιῂ

1078 367 1242 402 συντήρησιν
1267 366 1347 393 ποτὸν
1361 367 1474 401 γίνεται,
1492 368 1540 394 οὐκ
1554 368 1616 394 ain?)
1634 368 1702 403 μόνον
1721 368 1744 394 τδ
1753 368 1801 402 Vna,

1077 410 1135 437 ἀλλ’
1149 410 1213 446 οἴνῳ
1227 409 1355 442 πολλάκις
1375 410 1581 446 ὲφηδυνόμενον,
1598 410 1660 446 πρὸς
1670 410 1710 445 τὴν
1719 410 1753 436 τοῦ
1767 410 1801 444 lap-

1079 455 1129 491 μοῦ
1143 455 1189 483 τοῦ
1204 457 1233 482 ὲν
1249 457 1314 491 ἡμῖν
1344 456 1510 491 συμμαχίαν.
1529 456 1630 483 Οὐκοῦν
1646 456 1659 482 ό
1682 455 1735 491 apo;
1750 454 1801 481 155:1

1079 501 1195 536 βλέπων,
1210 501 1324 536 δυνάμει
1337 501 1405 536 πρὸς
1418 502 1464 528 τὸν
1473 501 1553 536 ὄγκον
1563 501 1609 528 τοῦ
1623 501 1734 536 ἡμετέρου
1746 500 1801 534 σώμαι

1077 556 1122 578 τος
1134 546 1237 582 βλέπει.
1259 546 1302 573 Ἑν
1327 547 1388 581 ἐμοὶ
1406 546 1460 582 γὰρ
1482 547 1573 573 ἐκεῖνα
1590 547 1707 582 γενόμενα
1719 543 1802 580 sipara!

1076 592 1156 625 σῶμα
1174 593 1278 626 γίνεται
1296 592 1482 627 καταλλήλως,
1496 593 1539 619 διὰ
1555 594 1603 628 τῆς
1622 591 1765 626 ἁλλοιωιικῆς
1777 591 1802 616 δυ-

1075 638 1183 673 νάμεως
1198 639 1265 673 πρὸς
1280 637 1310 664 τὺ
1322 637 1371 664 τοῦ
1387 637 1512 672 σώματος
1527 636 1596 670 εἶδος
1609 639 1654 674 τῆς
1668 637 1747 673 τροφῆς
1755 636 1801 664 ui:-

1074 683 1222 718 σταμένης.

236 733 333 757 testate
357 730 455 764 aspicit
479 730 513 756 ad
538 730 663 764 corporis
684 731 771 758 nostri
796 730 1024 766 magnitudinem.
1045 726 1112 754 Nam
1131 736 1192 754 cum
1210 727 1255 755 illa
1271 727 1299 755 in
1317 736 1361 755 me
1378 728 1494 760 inierint,
1529 726 1598 754 ﬁunt
1630 728 1724 764 sanguis
1734 730 1802 754 etcor

237 783 304 810 pus,
327 776 496 803 nutrimento
522 784 569 811 per
593 777 645 804 vim
671 777 806 805 alterandi
834 781 1018 813 congruenter
1037 775 1147 803 redacto
1161 775 1195 802 ad
1211 775 1326 803 formam
1342 777 1476 811 corporis.

271 821 318 848 llis
331 829 346 848 a
362 822 441 850 nobis
455 823 506 850 hoc
522 823 602 850 modo
614 823 752 851 distinctis
766 831 797 850 ac
811 823 956 850 declaratis
967 843 974 854 ,
989 823 1021 850 ad

235 876 265 895 ea
289 876 350 903 qua:
375 873 439 896 sunt
464 870 622 904 proposita,
644 869 797 896 revocanda
820 872 862 896 est
882 869 1022 904 cogitatio.

235 913 415 947 Quaarebatur
427 915 499 941 enim
519 914 748 949 quemadmodum
764 914 837 950 qttod
857 918 900 941 est
927 914 954 941 in
975 914 1022 942 illo

234 966 336 994 corpus
347 958 466 990 Christi,
475 959 594 986 viviﬁcat
606 967 713 987 omnem
726 959 867 987 hominum
878 964 1003 987 naturam
1012 979 1020 992 ,

235 1003 262 1029 in
284 1003 384 1038 quibus
408 1007 450 1030 est
471 1003 554 1035 ﬁdes,
577 1004 706 1032 omnibus
727 1004 924 1037 distributum,
940 1009 967 1031 et
981 1005 1021 1039 ip-

234 1055 294 1075 sutn
312 1049 423 1076 minime
437 1049 610 1076 diminutum.
628 1049 756 1077 Fortasse
771 1057 837 1085 ergo
851 1058 904 1077 non
927 1051 1023 1085 prooul

236 1095 367 1122 absumus
386 1102 401 1121 a
422 1095 556 1128 probabili
573 1096 688 1122 ratione.
702 1095 768 1122 Nam
783 1095 805 1122 si
825 1096 946 1129 cujusvis
966 1104 1024 1123 cor-

235 1141 310 1174 poris
323 1140 502 1168 subsistentia
516 1141 695 1172 nutrimento,
707 1141 836 1168 nimirum
850 1142 912 1168 cibo
922 1145 948 1168 et
960 1146 1022 1176 potu

235 1189 360 1217 constet,
378 1186 413 1213 sit
427 1190 518 1213 autem
535 1186 614 1213 cibus
632 1186 676 1213 ille
691 1187 769 1220 panis
780 1207 786 1218 ,
804 1192 938 1222 potusque
953 1195 1022 1222 aqua

235 1230 298 1257 vino
318 1231 491 1264 exhilarata;
514 1230 561 1258 Dei
583 1235 673 1258 autem
697 1231 835 1264 Verbum,
854 1232 926 1259 sicut
947 1233 1023 1268 prius

234 1280 276 1303 est
289 1276 432 1303 deﬁnitum
443 1296 450 1308 ,
466 1276 540 1312 quod
560 1281 602 1304 est
623 1277 694 1305 Deus
707 1282 735 1305 et
749 1277 867 1305 Verbum
878 1299 885 1311 ,
904 1278 1022 1306 lmmaua

234 1327 276 1349 est
292 1327 388 1349 natura
403 1327 637 1357 contenlperatum
650 1331 658 1355 ;
673 1327 700 1350 et
716 1330 778 1350 cum
795 1329 868 1351 οεεει
885 1324 912 1350 in
928 1329 1023 1352 DOSU'O

234 1373 364 1399 corpore,
379 1373 434 1393 non
449 1366 568 1401 aliquant
584 1367 665 1393 aliam
682 1369 807 1395 humana:
823 1372 927 1396 natura:
943 1369 1023 1396 inno-

234 1411 309 1437 vavit
321 1410 546 1437 constitutionem
561 1432 567 1444 ,
580 1410 626 1438 sed
641 1418 689 1446 per
698 1418 730 1438 ea
744 1419 804 1445 qua:
815 1416 879 1439 sunt
891 1416 1023 1440 consueta

234 1460 260 1482 et
273 1457 465 1490 congruentia,
487 1463 539 1483 suo
559 1456 669 1491 corpori
689 1457 762 1486 dedit
781 1458 999 1492 permansionem
1014 1480 1021 1493 ,

233 1502 296 1528 cibo
320 1505 347 1528 et
366 1506 431 1536 potu
453 1502 600 1530 continens
620 1503 814 1530 substantiam.
834 1503 917 1532 Cibus
932 1509 1022 1532 autem
1037 1501 1058 1530 C

234 1551 293 1574 erat
308 1548 398 1582 panis.
413 1547 555 1580 Quomodo
567 1555 632 1583 ergo
642 1549 672 1575 in
686 1549 783 1580 nobis,
799 1549 937 1584 sicutjam
952 1558 1023 1585 szepc

233 1592 336 1619 dictum
352 1597 410 1624 est,
426 1593 583 1627 quipanent
599 1593 680 1625 vidit,
701 1594 848 1621 humanum
870 1603 970 1630 corpus
984 1598 1023 1623 vi-

233 1639 279 1665 det
291 1639 509 1673 quodammodo,
525 1638 597 1673 quod
613 1646 674 1665 cum
698 1639 744 1666 ille
764 1639 791 1666 in
806 1647 838 1666 eo
856 1639 956 1672 fuerit,
972 1641 1022 1668 hoc

234 1684 282 1712 ﬁt:
301 1685 337 1712 ita
355 1685 410 1712 illic
430 1693 539 1720 qttoque
553 1685 625 1720 quod
648 1685 733 1712 Deum
759 1687 879 1721 suscepit
901 1694 1018 1722 corpus,

233 1739 295 1759 cum
312 1732 389 1767 panis
411 1732 569 1760 alimentum
590 1733 756 1768 accepisset,
771 1733 888 1768 quadam
908 1735 1016 1762 ratione

234 1776 305 1805 idem
318 1781 377 1805 erat
389 1778 461 1813 qttod
475 1779 529 1810 ille,
544 1778 684 1811 alimento.
697 1782 727 1806 ut
740 1779 842 1806 dictum
857 1784 916 1812 est,
932 1784 1021 1808 trans-

233 1828 315 1851 eunte
337 1824 364 1851 in
386 1828 512 1852 naturam
528 1825 662 1860 corporis.
676 1824 743 1852 Nam
758 1825 830 1860 quod
846 1830 887 1854 est
898 1827 1019 1854 omnium

233 1869 374 1904 proprium
386 1889 394 1900 ς
411 1870 438 1896 id
455 1877 564 1904 quoque
581 1878 630 1905 pro
646 1874 722 1898 certo
737 1874 764 1898 et
781 1872 916 1898 constanti
934 1875 975 1899 est
992 1872 1019 1898 in

234 1915 279 1941 illa
295 1921 396 1946 carne,
415 1923 512 1950 nempe
528 1915 600 1951 quod
621 1916 687 1943 illud
704 1924 813 1951 quoque
828 1924 928 1952 corpus
950 1925 1020 1952 pane

233 1959 436 1987 continebatur.
453 1960 560 1996 Corpus
582 1966 672 1989 autem
705 1962 751 1990 Dei
780 1961 860 1990 Verbi
883 1962 1020 1990 inhabita-

235 2004 309 2031 tlone
325 2005 357 2032 ad
368 2005 486 2032 divinam
503 2009 715 2033 transmutatum
725 2011 767 2034 est
781 2007 950 2042 dignitatem.
968 2007 1020 2035 ﬂe-

235 2053 278 2076 cte
292 2057 357 2084 ergo
375 2058 447 2077 nunc
462 2058 572 2086 quoque
588 2051 635 2078 Dei
651 2051 740 2079 Verbi
753 2053 954 2080 sanctiﬁcatum
972 2062 1020 2089 pa-

234 2101 296 2121 nem
314 2094 341 2121 in
355 2094 401 2122 Dei
414 2093 494 2122 Verbi
508 2102 608 2130 corpus
620 2095 701 2122 credo
712 2097 900 2124 transmutari.
913 2096 1019 2124 Etenim

235 2139 313 2174 panis
330 2145 388 2167 erat
407 2145 540 2176 potestate
557 2141 622 2168 illud
638 2149 749 2176 corpus.
770 2141 832 2169 Fuit
849 2146 938 2169 autem
955 2150 1020 2169 san-

236 2185 372 2214 ctiﬁcatus
389 2187 558 2214 habitatione
573 2185 671 2221 Verbi,
687 2187 759 2222 quod
780 2191 910 2222 tanquam
934 2188 961 2215 in
979 2193 1020 2215 ta-

237 2230 385 2258 bernaculo
410 2232 542 2260 habitavit
567 2233 594 2259 in
618 2241 709 2261 carne.
733 2233 817 2267 Igitur
832 2233 903 2260 unde
924 2234 950 2260 in
976 2234 1022 2261 illo

237 2284 354 2312 corpore
377 2282 577 2307 trnnsmntatus
604 2279 682 2314 panis
713 2279 812 2306 transit
851 2279 878 2305 in
902 2279 1022 2306 divinant

237 2329 385 2360 virtutem,
403 2335 452 2363 per
467 2327 538 2354 idem
555 2333 629 2353 nunc
643 2325 672 2352 [it
689 2324 826 2353 similiter.
840 2323 910 2350 Nam
928 2327 954 2350 et
969 2323 1024 2350 illic

235 2374 317 2402 Verbi
331 2373 418 2407 gratia
431 2375 557 2400 sanctum
572 2371 635 2398 fecit
649 2377 759 2404 corpus,
773 2369 817 2396 cui
830 2376 863 2396 ex
879 2375 952 2403 pane
966 2371 1024 2394 erat

234 2419 389 2448 substantia
400 2439 407 2451 ,
421 2421 448 2445 et
463 2416 663 2452 quodammodo
678 2416 767 2450 ipsum
783 2417 964 2450 quoqueverat
979 2420 1026 2448 pa-

227 2466 298 2494 onis:
317 2470 343 2492 et
356 2465 402 2492 hic
416 2463 541 2491 similiter
558 2462 652 2497 panis,
667 2462 738 2488 sicut
753 2460 818 2488 dicit
835 2459 998 2495 Apostolus‘
1015 2478 1023 2492 ,

230 2511 483 2544 sanctiﬁcaturper
494 2508 613 2535 Verbum
631 2506 678 2534 Dei
694 2511 720 2534 ct
733 2506 885 2533 orationem
897 2525 903 2537 ,
921 2513 975 2532 non
991 2512 1024 2532 eo

227 2558 343 2592 quidem
355 2555 428 2591 quod
441 2555 502 2582 cibo
512 2553 648 2581 mediante
661 2552 687 2579 in
699 2551 780 2579 Verbi
793 2559 893 2586 corpus
906 2554 1023 2583 evadat,

234 2603 283 2631 sed
304 2601 487 2637 quodstatim
506 2607 558 2634 per
574 2598 690 2625 Verbum
716 2597 742 2624 in
764 2604 865 2632 corpus
887 2600 1025 2622 transmu-

230 2652 318 2681 tetur,
343 2648 414 2675 sicut
434 2647 538 2674 dictum
561 2650 602 2672 est
624 2653 638 2672 a
657 2643 763 2676 Verbo,
789 2643 848 2670 Hoc
869 2647 907 2670 est
929 2650 1023 2676 corpus

234 2703 321 2721 meum
349 2698 370 2721 I.
383 2693 451 2720 Cum
467 2697 559 2720 autent
575 2691 666 2719 omnis
689 2698 753 2718 caro
775 2689 864 2717 alatur
878 2689 959 2716 etiam
976 2696 1024 2723 por

235 2740 395 2773 humorem;
409 2738 584 2774 nequeenim
600 2736 652 2765 nisi
665 2745 727 2764 cum
743 2743 775 2764 eo
789 2735 982 2771 coniungatur,
997 2734 1024 2761 id

234 2783 308 2816 quod
331 2785 418 2812 estin
438 2783 518 2811 nobis
538 2786 684 2815 terrestre,
708 2782 735 2808 in
756 2781 811 2809 vita
832 2779 1022 2816 permanserit.

281 2869 292 2885 ¹
305 2869 318 2898 1
333 2868 450 2898 Timoth.
468 2876 506 2903 tv,
520 2869 546 2896 5.

1111 821 1220 848 Τούτων
1239 822 1305 857 ἡμῖν
1326 821 1419 849 τοῦτον
1441 822 1676 858 διευκρινηθέντων
1688 820 1723 847 τδν
1734 820 1802 856 τρόποιν

1076 867 1244 893 ἐπανακτέον
1259 866 1338 894 πάλιν
1352 867 1420 903 πρὸς
1439 868 1473 894 τὰ
1492 869 1656 905 προκείμενα
1669 867 1710 903 τὴν
1721 866 1800 892 διάγων.

1081 911 1218 948 Ἐζητεῖτο
1232 913 1295 948 γὰρ,
1312 912 1371 944 πῶς
1384 913 1414 939 τὸ
1427 913 1456 939 ἐν
1472 914 1569 949 ἐκείνῳ
1589 913 1662 949 σῶμα
1672 911 1710 939 τοῦ
1720 909 1801 946 Χριπυῦι

1076 959 1165 985 πᾶσαν
1179 959 1305 991 ζωοποιεῖ
1320 959 1368 994 τὴν
1383 959 1436 985 τῶν
1458 959 1610 995 ἀνθρώπων
1625 958 1707 994 φῦσιν,
1724 958 1745 983 ὲν
1761 957 1802 985 διας

1075 1004 1092 1039 ὴ
1108 1003 1197 1035 πίστις
1210 1004 1278 1035 ἐστὶ,
1294 1004 1361 1038 πρὸς
1374 1003 1476 1035 πάντας
1494 1003 1676 1040 μεριζόμενον,
1689 1003 1725 1030 καὶ
1735 1000 1801 1029 οὕτω

1076 1049 1247 1084 μειούμενον.
1271 1049 1347 1084 Τάχα
1372 1049 1460 1076 τοίνυν
1483 1051 1570 1084 ἔγγὺς
1591 1050 1636 1076 τοῦ
1660 1048 1741 1079 εἰκότος
1756 1048 1802 1080 λέγω

1074 1095 1213 1130 γινόμεθα.
1233 1095 1265 1121 Ει
1287 1095 1341 1130 γὰρ
1361 1095 1461 1126 παντὸς
1481 1095 1608 1130 σώματος
1630 1096 1645 1130 ἠ
1663 1094 1773 1124 ὑπόστασις
1785 1092 1802 1117 'u

1073 1140 1123 1176 τῆς
1138 1140 1240 1176 τροφῆς
1256 1140 1369 1175 γίνεται,
1386 1139 1455 1175 αὕτη
1467 1140 1496 1167 δὲ
1512 1141 1617 1175 βρῶσις
1630 1141 1672 1167 καὶ
1686 1137 1803 1170 πόσκὲστέν

1073 1186 1131 1213 ἔστι
1146 1186 1174 1213 δὲ
1193 1187 1222 1213 ὲν
1235 1188 1268 1222 τῇ
1283 1187 1381 1222 βρώσει
1397 1187 1487 1223 ἄρτος,
1504 1189 1535 1214 ὲν
1555 1188 1584 1214 δὲ
1601 1189 1632 1223 τῇ
1652 1187 1716 1212 πόσει
1731 1185 1751 1211 τὺ
1762 1183 1802 1217 ὕδωρ

1074 1231 1258 1267 ὲφηδυσμένον
1272 1232 1311 1268 τῷ
1324 1233 1387 1267 οἴνῳ
1397 1240 1403 1246 '
1417 1233 1431 1259 ό
1443 1233 1470 1259 δὲ
1484 1232 1532 1259 τοῦ
1546 1233 1614 1260 Θεοῦ
1627 1233 1709 1266 Λόγος,
1718 1229 1803 1259 καοὼςέῖ

1072 1278 1130 1309 τοῖς
1143 1277 1262 1314 πρώτοις
1275 1278 1410 1314 διῄρηται,
1425 1280 1439 1306 ό
1459 1279 1505 1305 καὶ
1527 1278 1596 1311 Θεὸς
1613 1278 1648 1304 ὣν
1658 1278 1698 1304 καὶ
1709 1277 1775 1309 Λόγος.
1786 1274 1804 1308 τῇ

1073 1323 1231 1360 ἀνθρωπίνῃ
1246 1325 1399 1360 συνεκράθη
1413 1325 1503 1359 φύσει,
1520 1325 1569 1351 καὶ
1586 1325 1613 1351 ἐν
1627 1324 1662 1359 τῷ
1678 1322 1806 1358 σώματι

1073 1369 1144 1405 τέρῳ
1167 1371 1328 1405 γενόμενος,
1352 1371 1401 1397 οὐκ
1423 1370 1506 1405 ἄλλην
1532 1369 1594 1396 τινὰ
1617 1367 1804 1404 παρεκαινιπόμῃεῖ

1072 1415 1105 1449 τῇ
1121 1414 1277 1450 ἀνθρωπίνῃ
1289 1415 1368 1449 φύσει
1381 1416 1430 1450 τὴν
1445 1415 1576 1441 σύστασιν
1585 1424 1592 1430 ·
1608 1415 1670 1442 ἀλλὰ
1680 1414 1716 1441 διὰ
1724 1414 1762 1439 τῶν
1772 1420 1806 1437 m-

1073 1459 1146 1495 ήθων
1159 1468 1189 1486 τε
1207 1460 1253 1487 καὶ
1269 1460 1443 1495 καταλλήλων
1458 1461 1543 1488 ἔδωκε
1560 1461 1599 1497 τῷ
1622 1461 1678 1487 καθ’
1696 1454 1805 1485 ἐπιπονώ-

1075 1517 1139 1543 ματι
1152 1509 1200 1544 τὴν
1213 1509 1351 1544 διαμονὴν,
1365 1509 1464 1545 βρώσει
1477 1510 1525 1536 καὶ
1539 1510 1618 1535 πόσει
1631 1504 1769 1543 περικρατεῖν
1779 1502 1806 1535 d7

1074 1554 1231 1581 ὑπόστασιν.
1252 1555 1284 1580 Ἡ
1308 1555 1336 1581 δὲ
1359 1555 1458 1590 βρῶσις
1481 1555 1565 1590 ἄρτος
1589 1552 1632 1589 ἦν.
1652 1553 1738 1585 Ὠιι-περ
1752 1547 1805 1574 id?“

1073 1598 1115 1632 ἐφ’
1133 1598 1219 1633 ἡμῶν,
1237 1598 1328 1630 καθὼς
1345 1599 1394 1634 ἤδη
1411 1599 1542 1631 πολλάκις
1560 1599 1673 1634 εἴρηται,
1690 1595 1747 1622 otio
1759 1593 1805 1627 ἄιτα

1075 1643 1146 1676 ἱδὼν,
1159 1645 1257 1679 τρόπον
1268 1645 1328 1672 τινὰ
1342 1645 1372 1672 τὸ
1384 1645 1554 1682 ἀνθρώπινον
1570 1646 1659 1680 βλέπει
1677 1643 1748 1676 σῶμα,
1757 1638 1805 1686 δτξ

1071 1688 1157 1722 τούτῳ
1176 1689 1264 1715 ἐκεῖνο
1286 1691 1439 1725 γενόμενον,
1463 1690 1544 1717 τοῦτο
1560 1690 1676 1724 γίνεται·
1691 1686 1747 1714 οὕτω
1760 1683 1805 1710 xiiii

1071 1733 1101 1760 τὸ
1115 1733 1235 1769 θεοδόχον
1249 1734 1328 1770 σῶμα
1341 1735 1391 1770 τὴν
1403 1735 1506 1771 τροφὴν
1527 1735 1612 1772 ἄρτου
1635 1731 1804 1770 παραδεξάμενενι

1071 1779 1142 1814 λόγῳ
1153 1781 1205 1807 τινὶ
1217 1780 1314 1808 ταύτὸν
1325 1778 1358 1817 ἦν
1374 1781 1480 1816 ἐκείνῳ,
1495 1781 1548 1817 τῆς
1560 1781 1669 1817 τροᾳῆς,
1686 1778 1757 1807 καθὼς
1764 1775 1806 1808 έιτῖ·

1070 1833 1125 1857 ται,
1144 1825 1211 1860 προς
1229 1825 1277 1860 τὴν
1293 1825 1338 1852 τοῦ
1355 1825 1480 1861 σώματος
1498 1826 1582 1861 φύσιν
1605 1817 1806 1865 μεθιπαμέιηςηΠ

1071 1868 1125 1904 γὰρ
1139 1863 1247 1896 πάντων
1263 1869 1338 1902 ἴδιον,
1352 1870 1397 1896 καὶ
1408 1870 1451 1896 ἐπ’
1464 1870 1574 1906 ἐκείνης
1588 1871 1637 1905 τῆς
1650 1868 1735 1905 σαρκὸς
1744 1863 1806 1899 ibim"

1073 1912 1155 1948 γήθη,
1169 1913 1209 1939 ὅτι
1225 1913 1299 1948 ἄρτῳ
1317 1914 1427 1940 κάκεῖνο
1449 1913 1479 1941 τὸ
1498 1914 1581 1949 σῶμα
1598 1913 1751 1949 διεκρατεῖτο.
1762 1907 1806 1934 Ῐόἶε

1074 1958 1153 1993 σῶμα
1169 1960 1202 1993 τῇ
1220 1960 1355 1994 ἐνοικήσει
1371 1959 1417 1985 τοῦ
1428 1958 1494 1985 Θεοῦ
1507 1960 1598 1993 Λόγου
1618 1959 1681 1995 πρὸς
1751 1952 1806 1985 θεῆλ

1073 2004 1149 2036 ἀξίαν
1165 2005 1338 2040 μετεποιήθη.
1352 2004 1449 2036 Καλῶς
1468 2003 1514 2031 οὖν
1535 2005 1585 2032 καὶ
1609 2005 1654 2032 νῦν
1673 2004 1710 2031 τὸν
1723 2000 1807 2036 nam“?

1072 2050 1119 2076 τοῦ
1134 2049 1201 2077 Θεοῦ
1215 2049 1394 2085 ἁγιαζόμενον
1410 2051 1490 2085 ἄρτον
1511 2052 1553 2082 εἰς
1574 2050 1653 2086 σῶμα
1663 2048 1704 2076 τοῦ
1717 2046 1767 2074 Θεοῦ
1779 2044 1808 2071 Δί-

1072 2104 1121 2129 γου
1140 2096 1341 2130 μεταποιεῖσθαι
1366 2095 1540 2131 πιστεύομαι.
1568 2097 1624 2123 Καὶ
1647 2095 1696 2130 γὰρ
1716 2094 1779 2119 ἐκεῖνο
1792 2089 1808 2113 τὶ

1073 2142 1162 2177 σῶμα,
1178 2142 1259 2177 ἄρτος
1280 2143 1312 2178 τῇ
1335 2141 1447 2177 δυνάμει
1468 2139 1512 2177 ἦν.
1533 2142 1667 2177 Ἠγιάσθη
1691 2140 1715 2167 δὲ
1731 2140 1756 2173 τῇ
1774 2137 1809 2162 ἐπ’

1075 2187 1223 2223 σκνηνώσει
1236 2187 1283 2214 τοῦ
1299 2187 1385 2222 Λόγου
1400 2187 1447 2214 τοῦ
1464 2187 1654 2222 σκηνώσαντος
1669 2189 1694 2214 ἐν
1710 2187 1736 2220 τῇ
1753 2181 1808 2216 σιέτλ

1076 2233 1179 2260 Οὐκοῦν
1199 2233 1259 2260 ὅθεν
1282 2234 1296 2259 ὁ
1319 2234 1347 2259 ὲν
1369 2233 1464 2268 ἐκείνῳ
1485 2232 1524 2268 τῷ
1546 2233 1653 2268 σώματι
1673 2226 1808 2268 μεταποιηθελέ

1077 2279 1168 2312 ἄρτος,
1183 2279 1221 2310 εἰς
1239 2279 1314 2305 Θείαν
1329 2279 1440 2313 μεθίστη
1453 2277 1580 2313 δύναμιν,
1596 2279 1640 2305 διὰ
1655 2278 1696 2304 τοῦ

1068 2327 1115 2354 νῦν
1132 2327 1161 2353 τὸ
1174 2324 1232 2352 ἴσον
1244 2326 1358 2360 γίνεται.
1377 2325 1451 2352 Ἐκεῖ
1463 2333 1493 2351 τε
1507 2323 1566 2359 γὰρ
1579 2323 1598 2358 ἡ
1613 2321 1659 2349 τοῦ
1674 2319 1745 2353 Λόγου
1755 2318 1809 2362 Ἃιξῗ·

1069 2373 1145 2406 ἅγιον
1159 2372 1274 2398 ἐποιεῖτο
1289 2372 1379 2406 σῶμα,
1391 2367 1412 2404 ᾦ
1428 2372 1460 2397 ὲκ
1474 2369 1520 2396 τοῦ
1546 2369 1631 2404 ἄρτου
1644 2368 1661 2402 ὴ
1678 2365 1808 2412 εὖξαπῖ

1069 2405 1116 2445 καὶ
1131 2417 1229 2452 τρόπον
1244 2415 1306 2442 τινὰ
1320 2405 1367 2442 καὶ
1389 2415 1454 2442 αὑτδ
1468 2414 1551 2450 ἄρτος
1571 2411 1619 2449 ἦν
1637 2405 1769 2453 gnua“;

1069 2463 1158 2495 αύτως
1172 2464 1186 2489 ὁ
1200 2462 1292 2498 ἄρτος,
1317 2461 1409 2492 καθώς
1425 2469 1508 2496 φησιν
1531 2461 1547 2486 ὁ
1568 2452 1808 2500 Ἀττόστῦλοῖν-ὰῖῑιέξῖ

1068 2519 1113 2537 ται
1128 2508 1171 2535 διὰ
1185 2497 1271 2542 Λόγου
1286 2506 1354 2534 Θεοῦ
1378 2506 1425 2533 καὶ
1445 2505 1606 2538 ἐντεύξεως,
1625 2503 1655 2530 οὐ
1674 2500 1713 2527 δά

1069 2555 1116 2581 καὶ
1130 2554 1235 2585 πόσεως
1248 2552 1352 2588 προῖὼν
1366 2552 1406 2583 εἰς
1424 2552 1454 2578 τὺ
1469 2551 1550 2586 σῶμα
1564 2549 1613 2576 τοῦ
1635 2548 1721 2581 Λόγων
1735 2543 1807 2590 an

1070 2599 1118 2631 03.;
1131 2599 1200 2634 πρὸς
1211 2598 1240 2625 τὸ
1257 2597 1337 2633 σῶμα
1351 2596 1398 2623 τοῦ
1413 2596 1500 2630 Λόγου
1516 2593 1743 2636 μεταποιούμενοςι

1069 2633 1178 2680 εἴρηται
1202 2643 1255 2670 ὑπὸ
1275 2643 1321 2670 τοῦ
1342 2642 1438 2676 Λόγου,
1453 2642 1495 2668 ὅτι
1520 2640 1619 2668 Τοῦτό
1639 2640 1708 2683 eam,
1720 2633 1746 2661 τ’)
1759 2633 1805 2683 cf;

1068 2699 1137 2725 μου.
1158 2690 1251 2725 nam;
1269 2689 1298 2716 δὲ
1315 2688 1415 2724 σαρκὸς
1431 2688 1479 2734 καὶ
1500 2686 1554 2734 διὰγ
1570 2686 1618 2713 toﬁ
1627 2682 1710 2734 ~harpe?)

1072 2736 1171 2772 μένης·
1192 2735 1221 2762 οὐ
1241 2735 1295 2771 γὰρ
1312 2735 1345 2762 ἂν
1359 2734 1420 2770 δίχα
1435 2733 1485 2768 τῆς
1507 2733 1579 2768 πρὸς
1594 2732 1671 2777 τοῦτο
1686 2727 1805 2777 α’)ξυῖίξξ

1070 2769 1099 2807 ἐν
1113 2769 1179 2816 ἡμῖν
1194 2769 1294 2815 γεῶδεξ
1314 2781 1343 2807 ὲν
1364 2779 1402 2815 τῷ
1420 2778 1469 2814 ζῆν
1492 2777 1626 2811 διαμένοι.
1642 2776 1732 2806 Ὠσπερ
1742 2769 1771 2795 δέ
1780 2769 1805 2793 τίς

598 2869 608 2885 ⁸
622 2868 715 2896 Matth.
732 2876 805 2903 xxvr,
817 2868 873 2901 26;
889 2868 971 2897 Marc.
990 2876 1045 2904 xtv,
1057 2867 1092 2896 ‘22
1103 2877 1111 2904 ;
1123 2868 1191 2897 Luc.
1209 2875 1276 2902 χιιι,
1294 2867 1338 2896 l9.
