1873 3075
58 147 123 179 12'9

496 150 685 181 PANOPLIA
701 150 938 182 DOGMATIGA.
958 163 992 170 -
1012 152 1085 183 TlT.
1108 152 1198 182 XXV.

1600 150 1667 183 1270

56 215 104 238 κω,
126 205 314 240 ’Δποκρίνεται
330 207 450 242 Γαὸριὴλ
465 208 480 234 ὸ
502 209 675 244 ἀρχάγγελος
688 218 696 226 ο
710 209 831 244 Πνεῦμα
846 213 866 241 Α

910 211 1005 238 mnium
1018 211 1104 238 cirum
1130 219 1184 238 non
1207 210 1385 246 cognosco“!
1413 211 1464 238 Cui
1487 210 1597 238 Gabriel
1623 219 1667 238 ar-

56 252 136 286 drwr
144 251 338 279 ἐπελεύσεται
348 253 397 280 ἐπὶ
408 254 456 286 σὲ,
465 254 514 281 καὶ
522 254 650 290 δύναμις
672 256 823 290 Ὑψίστου

54 297 221 325 ἐπισκιάσει
232 303 295 325 σοι.
304 298 361 325 Καὶ
373 298 422 324 νῦν
436 299 542 335 ἐρωτᾷς
554 301 612 332 πῶς
629 301 642 328 ὁ
657 300 739 335 ἄρτος
754 302 828 335 γίνε-

53 351 86 369 τα
109 343 187 374 σῶμα
206 343 340 378 Χριστοῦ,
354 345 427 371 καὶὸ
448 343 521 377 οἶνος
541 347 588 372 καὶ
599 346 629 373 τὺ
649 347 731 381 ὕδωρ,
759 344 831 381 αἷμα

54 389 180 423 Χριστοῦ.
193 390 272 423 Λέγω
288 398 329 417 σοι
344 391 422 425 κάγώ
436 399 443 406 ·
469 392 580 427 Πνεῦμα
596 391 674 426 ἄτιον
694 394 830 428 ἐπιφοιτᾷ,

53 437 97 461 καὶ
110 434 195 461 ταῦτα
206 437 278 462 ποιεῖ
291 436 325 463 τὰ
339 437 410 472 ὑπὲρ
427 436 505 472 λόγον
520 439 566 464 καὶ
579 438 696 466 ἔννοιαν.

87 525 184 560 ’Δρτος
199 524 226 551 δὲ
244 525 292 553 καὶ
312 524 384 558 οἶνος
404 527 657 562 παραλαμὰὶνεταμ
681 529 733 556 οτδε
749 529 803 565 γὰρ
817 531 834 558 6

52 570 115 602 Θεὸς
127 572 176 607 τὴν
189 571 364 608 ἀνθρωπίνην
384 573 528 601 ἀσθένειαν
540 583 547 590 ·
572 575 610 607 ὡς
624 575 658 602 τὰ
673 575 759 603 πολλὰ
777 578 833 612 γὰρ

52 616 83 642 τὰ
96 616 133 652 μὴ
150 618 221 644 κατὰ
233 617 282 654 τὴν
297 619 445 654 συνήθειαν
467 622 649 656 τετριμμένα,
661 622 831 658 ἀποστρέφε-

52 670 93 688 ται
105 662 327 698 δυσχεραίνουσα·
339 666 372 700 τῇ
385 663 432 691 οὗν
448 666 651 699 συγκατασάσει
663 667 772 702 συνήθει
786 677 832 695 κε-

53 708 196 743 χρημένος,
223 708 268 736 διὰ
282 709 338 736 τῶν
364 710 487 746 συνήθων
509 712 558 747 τῆς
579 712 687 747 φύσεως
714 715 786 741 ποιεῖ
796 713 830 742 τὰ

54 753 120 788 ὑπὲρ
145 754 237 789 φύσιν·
269 756 316 782 καὶ
350 755 444 792 ὥσπερ
470 757 515 784 ἐπὶ
549 758 597 786 τοῦ
625 758 829 795 βαπτίσματος,

53 798 141 832 ἐπειδὴ
155 798 215 830 εθος
227 799 386 833 ἀνθρώποις
409 800 486 829 ὕδατι
508 801 650 836 λούεσθαι,
678 804 726 831 καὶ
747 805 831 841 ἐλαίῳ

52 843 181 878 χρίεσθαι,
200 845 345 877 συνέζευξε
357 846 397 880 τῷ
412 846 495 882 ἐλαίῳ
520 848 569 875 καὶ
589 848 665 877 ὕδατι
687 851 738 885 τὴν
749 850 830 886 χάριν

51 888 95 914 τοῦ
113 889 281 924 Πνεῦματος,
298 891 346 918 καὶ
358 892 486 928 ἐποίησεν
499 894 565 921 αὐτὸ
582 894 695 930 λουτρὸν
716 897 832 932 ἀναγεν-
847 888 869 918 Β

52 934 162 969 νήσεως·
180 935 279 969 οὕτως,
306 936 402 973 ἐπειδὴ
416 938 479 970 ἔθος
503 940 561 972 τοῖς
574 940 731 977 ἀνθρώποις
747 943 831 978 ἄρτον

51 980 157 1013 ἐσθίειν,
175 981 249 1017 ὕδωρ
263 991 293 1010 τι
311 983 359 1010 καὶ
372 982 445 1012 οἶνον
476 985 578 1020 πίνειν,
603 988 764 1022 συνέζευξεν
781 990 831 1018 αὐ-

49 1027 102 1058 τοῖς
114 1026 163 1072 τῂν
179 1027 266 1055 αὑτοῦ
281 1028 407 1066 ϐιότητα,
425 1031 472 1058 καὶ
487 1033 642 1069 πεποίηκεν
666 1035 736 1062 αὐτὰ
749 1036 829 1072 σῶμα

51 1073 94 1099 καὶ
105 1069 174 1108 αἷμα
188 1074 283 1108 αὐτοῦ,
298 1075 341 1103 (va
353 1075 398 1103 διὰ
410 1078 465 1105 τῶν
479 1079 603 1114 συνήθων
622 1081 668 1108 καὶ
685 1082 757 1109 κατὰ
775 1069 828 1116 9's-

51 1126 99 1151 σιν,
116 1120 145 1146 ὲν
156 1121 216 1153 τοῖς
233 1121 304 1156 ὑπὲρ
315 1122 396 1157 φύσιν
410 1124 568 1159 γενώμεθα.

882 256 1031 291 οιιιηποιιισ
1045 264 1052 284 :
1065 257 1179 291 Spiritus
1200 262 1307 284 sanctus
1330 257 1494 291 superveniet
1517 257 1547 284 in
1568 261 1603 290 te,
1643 261 1668 284 et

882 303 965 329 virtut
984 302 1116 330 Altissimt'
1128 303 1292 330 obumbrabit
1308 303 1354 330 tibi
1367 303 1387 330 ‘.
1404 303 1445 330 Tu
1457 310 1568 338 quoque
1595 310 1668 330 nunc

881 348 993 384 quaeris,
1021 349 1068 384 qui
1102 351 1180 384 panis
1193 349 1237 376 nat
1257 356 1358 384 corpus
1370 349 1484 382 Christi,
1510 356 1543 376 ac
1570 349 1666 376 vinum

881 400 910 422 et
922 402 1005 430 aqua,
1017 395 1128 431 sanguis
1140 395 1223 424 illius.
1243 396 1298 431 Ego
1317 403 1383 424 vero
1398 395 1447 423 tibi
1466 402 1568 430 repono
1583 395 1670 431 Spiri-

882 444 940 468 tum
953 445 1080 468 sanctum
1093 442 1281 476 supervenire,
1294 446 1320 469 et
1332 450 1363 470 ea
1378 442 1479 475 facere,
1491 449 1552 476 quas
1561 448 1671 470 sermo-

881 494 944 515 nem
962 492 1181 523 conceptumque
1198 496 1309 516 omnem
1328 489 1423 524 procul
1437 493 1615 524 exsuperant.

917 532 1057 568 Curpanis
1079 535 1206 562 etuinum
1236 539 1270 562 ad
1301 535 1500 562 Eucltaristiam
1526 534 1669 561 adhibeam~

883 583 936 606 tur.
951 593 986 599 —-
1002 579 1082 607 Panis
1103 587 1183 614 porro
1209 580 1357 614 vinumque
1384 580 1563 612 adhibemur,
1591 579 1666 614 quia,

882 632 945 653 cum
961 625 1016 653 Deo
1031 625 1170 661 explorata
1189 625 1226 654 sit
1243 625 1420 653 imbecillitas
1444 625 1575 656 humana.
1594 632 1666 660 quae,

883 676 914 699 ut
930 670 1089 706 plurimum,
1106 679 1139 700 ea
1152 677 1294 699 aversetur
1307 679 1367 706 quae
1383 679 1434 699 usu
1461 671 1573 698 minime
1604 671 1667 698 trita

882 717 1048 751 sunt;biuc
1062 717 1092 744 iit
1103 721 1134 744 ut
1149 724 1200 752 pro
1230 717 1310 745 solita
1338 725 1388 745 sua
1410 724 1474 752 erga
1500 723 1550 744 nos
1577 716 1669 743 indul-

882 763 983 799 gentia,
996 771 1044 798 per
1056 771 1089 792 ea
1104 771 1164 799 qua:
1180 768 1284 792 naturas
1300 763 1447 791 familiaria
1463 766 1538 795 sunt,
1556 770 1600 790 res
1616 770 1668 790 na-

881 813 944 837 tura
958 808 1134 837 subiimiores
1162 809 1273 838 eﬂlciat.
1302 809 1336 838 Et
1366 810 1438 837 sicut
1464 809 1492 836 in
1518 809 1667 843 baptismo,

882 855 1012 891 quoniam
1026 856 1054 883 in
1067 862 1145 883 more
1161 855 1303 882 hominum
1327 855 1448 890 positum
1473 859 1526 888 est,
1542 858 1572 881 ut
1596 861 1667 889 aqua

884 900 1036 935 laventur,
1066 906 1096 929 et
1128 905 1263 936 ungantur
1284 900 1367 933 oleo,
1406 899 1524 935 Spiritus
1551 899 1665 935 gratiam

885 954 946 975 cum
963 947 1025 974 oleo
1037 951 1065 974 et
1079 954 1150 982 aqua
1170 946 1320 981 copulavit,
1333 950 1362 973 ut
1381 945 1522 973 lavacrum
1551 952 1667 980 regene-

884 993 999 1022 rationis
1010 993 1087 1020 illum
1098 992 1216 1020 faceret.
1230 992 1373 1020 Consimiii
1400 992 1493 1024 modo,
1526 991 1591 1026 quia
1616 991 1667 1018 ho-

883 1039 988 1066 minum
997 1038 1168 1067 cousuetudo
1178 1039 1232 1067 fert
1247 1043 1276 1066 ut
1290 1046 1388 1073 panem
1406 1037 1500 1070 edant,
1516 1038 1667 1072 vinumque

882 1089 910 1113 et
927 1093 1023 1120 aquam
1035 1085 1149 1118 bibant;
1167 1085 1269 1113 idcirco
1287 1085 1431 1120 conjuncta
1444 1091 1506 1112 cum
1534 1083 1588 1110 illis
1616 1091 1666 1111 sua

882 1131 1035 1164 divinitate,
1052 1131 1110 1159 haec
1122 1138 1223 1166 corpus
1243 1135 1271 1158 et
1296 1131 1457 1166 sanguinem
1479 1136 1560 1157 suum
1589 1129 1665 1162 ieczt,

50 1166 86 1195 uti
103 1174 150 1202 per
162 1167 262 1195 usitata
272 1171 300 1195 et
321 1173 424 1196 natura;
442 1176 624 1199 consentanea
648 1178 824 1208 assurgamus
838 1174 873 1203 ad
888 1183 921 1204 ea
934 1183 994 1210 qua:
1004 1183 1085 1211 supra
1100 1180 1224 1202 naturam
1237 1180 1311 1202 sunt.

82 1214 163 1249 Σῶμά
175 1215 254 1242 ἐστιν
267 1215 376 1251 ἀληθῶς
395 1217 534 1253 ἡνωμένον
551 1218 670 1255 θεότητι,
690 1220 720 1247 τδ
732 1221 763 1248 ὲκ
779 1221 829 1254 τῆς

50 1259 124 1294 ἁγίας
140 1262 284 1298 Παρθένου
299 1263 389 1298 σῶμα,
411 1264 460 1300 οὺχ
475 1264 516 1292 ὅτι
531 1265 562 1291 τὸ
576 1265 734 1302 ἀναληφθὲν
750 1267 830 1303 σῶμα

49 1307 77 1339 ἐξ
105 1307 223 1343 οὐρα.νοῦ
247 1309 422 1345 κατέρχεται,
451 1310 508 1337 ἀλλ’
535 1311 576 1338 ὅτι
593 1311 676 1344 αὐτὸς
705 1313 719 1339 ὁ
745 1312 826 1347 ἄρτος

43 1357 87 1384 καὶ
97 1353 167 1390 οἶνος
179 1358 392 1393 μεταποιοῦνται
431 1359 471 1391 είς
483 1358 564 1395 σῶμα
571 1360 618 1387 καὶ
626 1358 696 1397 αἷμα
703 1360 782 1389 Θεοῦ.
796 1362 829 1389 Et

44 1403 68 1430 δὲ
76 1403 120 1430 τὸν
128 1403 233 1440 τρόπον
246 1404 396 1440 ἐπιζητεῖς,
407 1405 467 1437 πῶς
474 1404 588 1440 γίνεται,
599 1406 681 1441 ἀρκεῖ
688 1415 729 1433 σοι
743 1406 828 1434 ἀκοῦ-

44 1457 95 1482 σαι,
112 1450 152 1478 ὅτι
177 1449 222 1477 διὰ
251 1450 411 1486 Πνεὺματος
431 1451 523 1486 ἁγίου,
538 1450 633 1486 ὥσπερ
656 1452 704 1478 καὶ
725 1452 757 1478 ὲκ
783 1452 833 1485 τῆς

44 1494 119 1530 ἁγίας
132 1495 268 1524 Θεοτόκου
282 1496 327 1523 διὰ
347 1497 506 1531 Πνεύματος
529 1496 607 1531 ἁγίου
629 1497 728 1533 ἐαυτῷ,
741 1497 790 1524 καὶ
802 1499 832 1525 ὲν

920 1221 1020 1258 Corpus
1053 1222 1152 1251 Christi
1178 1222 1205 1249 in
1224 1221 1394 1249 Eucharistia
1418 1230 1471 1249 non
1497 1221 1666 1256 αιίίίιιτιέοιιι,

882 1269 927 1296 sed
937 1268 1124 1296 elementorum
1143 1269 1318 1296 conversione.
1333 1283 1369 1288 —
1391 1267 1498 1303 Corpus
1522 1272 1565 1296 est
1594 1267 1666 1295 divi-

883 1314 960 1340 nitati
979 1321 1042 1341 vere
1057 1314 1175 1347 unitum,
1189 1313 1262 1349 quod
1277 1321 1311 1340 ex
1323 1317 1418 1340 sancta
1437 1313 1548 1348 Virgine
1574 1318 1666 1341 ortum

881 1361 990 1394 habuit,
1009 1369 1065 1390 non
1085 1365 1115 1389 ut
1129 1360 1197 1388 illud
1219 1359 1294 1396 quod
1315 1361 1342 1388 in
1361 1360 1449 1388 caelos
1469 1362 1610 1395 receptum
1623 1362 1676 1391 est.

879 1414 984 1442 corpus
1000 1407 1172 1439 descendat;
1197 1406 1247 1435 scd
1269 1407 1334 1442 quia
1350 1406 1432 1442 panis
1455 1406 1514 1441 ipse
1538 1409 1566 1433 et
1581 1405 1676 1432 vinum

880 1452 908 1479 in
930 1460 1035 1488 corpus
1058 1456 1086 1480 et
1111 1452 1275 1487 sanguinem
1304 1450 1353 1479 Dei
1381 1454 1618 1479 transmutantur.
1648 1449 1676 1477 Si

879 1499 1018 1535 requiras,
1046 1506 1169 1534 quonam
1187 1502 1271 1534 pacto
1297 1498 1373 1527 istud
1495 1497 1553 1530 fiat,
1570 1500 1613 1525 sat
1628 1496 1677 1524 tibi

44 1541 129 1577 ἑαυτῷ
138 1543 153 1569 ό
167 1541 273 1578 Κύριος
288 1542 379 1578 σάρκα
392 1543 581 1578 ὑπεστήσατο·
592 1543 641 1570 καὶ
658 1543 740 1570 πλέον
755 1543 832 1571 οὐδὲν
846 1544 866 1573 C

910 1550 917 1572 ι
935 1545 1043 1577 audire,
1061 1545 1114 1572 hoc
1131 1544 1189 1572 ﬁeri
1203 1552 1251 1579 per
1267 1544 1403 1579 Spiritum
1421 1547 1548 1571 sanctum
1562 1552 1571 1576 ;
1584 1550 1677 1578 quem-

43 1586 221 1622 γινώσκομεν,
236 1587 295 1614 ἀλλ’
312 1587 354 1614 δτι
368 1588 382 1614 6
398 1587 478 1622 λόγος
490 1587 539 1614 τοῦ
557 1587 626 1615 Θεοῦ
639 1587 744 1624 ἀληθής
758 1589 828 1622 ἔστι,

42 1633 86 1659 καὶ
100 1633 227 1670 ἐνεργὴς.
240 1634 289 1660 καὶ
304 1633 521 1670 παντοδύναμος,
536 1634 550 1660 ὁ
575 1634 604 1661 δὲ
621 1634 722 1670 τρόπος
748 1634 825 1667 ἀνεξ-

42 1678 194 1714 ερεύνητος.
206 1679 244 1706 Οὐ
259 1679 350 1714 χεῖρον
357 1679 386 1706 δὲ
397 1679 444 1706 καὶ
456 1679 537 1707 τοῦτο
546 1680 645 1712 εἰπεῖν,
663 1680 716 1713 ὅτι,
732 1679 828 1716 ὥσπερ

41 1724 159 1757 φυσικῶς
171 1723 217 1751 διὰ
231 1724 281 1759 τῆς
303 1723 433 1760 βρώσεως
451 1725 465 1752 ὸ
481 1725 576 1762 ἄρτος,
594 1725 642 1752 καὶ
659 1726 674 1752 ὁ
695 1724 767 1757 οῐνος
782 1725 829 1753 καὶ

41 1768 69 1794 τὸ
89 1768 161 1805 ὕδωρ
186 1769 231 1797 διὰ
246 1769 296 1805 τῆς
323 1770 430 1802 πόσεως
453 1771 494 1802 εἰς
519 1771 600 1806 σῶμα
616 1771 664 1798 καὶ
685 1769 756 1806 αἷμα
781 1771 828 1798 τοῦ

41 1814 176 1848 ἐσθίοντος
199 1817 246 1843 καὶ
270 1817 396 1849 πίνοντος
419 1817 647 1853 μεταῦάλλονται,
671 1818 719 1844 καὶ
739 1817 771 1844 οὐ
785 1817 830 1851 γε-

40 1868 128 1888 νονται
140 1866 155 1880 ιι
170 1862 265 1898 ἕτερον
281 1862 362 1899 σῶμα
388 1863 466 1899 παρὰ
480 1864 512 1891 τδ
526 1864 659 1899 πρότερον
679 1863 763 1890 αὑτοῦ
779 1863 831 1890 σῶ-

41 1915 92 1941 μα”
109 1907 198 1940 οὕτως
220 1909 235 1936 ὁ
259 1909 309 1944 τῆς
326 1909 485 1944 προθέσεως
579 1909 671 1942 ἄρτος,
689 1908 760 1941 οἶνός
784 1918 828 1943 τε,

40 1953 83 1979 καὶ
99 1954 172 1989 ὕδωρ
185 1954 230 1981 διὰ
255 1955 305 1990 τῆς
319 1955 493 1990 ἐπικλήσεως
507 1955 556 1982 καὶ
570 1956 768 1992 ὲπιφοιτήσεως
781 1955 828 1982 τοῦ

39 1999 114 2032 ἁγίου
135 2001 309 2036 Πνεύματος,
330 2002 482 2037 ὑπερφυῶς
506 2002 722 2038 μεταποιοῦνται
739 2003 780 2034 εἰς
799 2002 830 2029 τὺ

39 2046 116 2081 σῶμα
131 2047 181 2074 τοῦ
198 2047 318 2083 Χριστοῦ
341 2048 389 2075 καὶ
400 2048 432 2076 τδ
451 2046 531 2084 αἷμα,
546 2049 595 2076 καὶ
619 2048 671 2076 οὐκ
698 2048 754 2075 sisi
769 2048 827 2082 δύο,

37 2092 92 2119 ἀλλ’
107 2093 137 2120 ἓν
219 2094 266 2121 καὶ
278 2094 310 2121 τδ
323 2094 401 2123 αὑτό.

881 1591 1032 1618 admodum
1049 1595 1076 1618 et
1100 1599 1132 1618 ex
1166 1594 1263 1618 sancta
1293 1589 1343 1617 Dei
1374 1589 1517 1617 Genitrice
1543 1589 1678 1616 Dominus

882 1637 992 1671 sibiipsi
1014 1643 1127 1664 carnem
1151 1636 1315 1671 assumpsit,
1340 1643 1402 1671 quae
1425 1635 1452 1662 in
1476 1635 1568 1669 seipso
1585 1634 1677 1662 subsi-

883 1687 968 1712 steret
986 1692 993 1710 :
1011 1690 1062 1711 nec
1088 1683 1208 1716 amplius
1224 1682 1378 1718 quidquam
1403 1681 1485 1709 nobis
1499 1685 1676 1717 perspectum

881 1734 925 1758 est
941 1735 968 1758 et
985 1730 1173 1766 exploratum,
1188 1736 1272 1764 quam
1301 1728 1376 1764 quod
1407 1727 1455 1756 Dei
1478 1735 1570 1756 sermo
1595 1735 1677 1755 verax

882 1776 1034 1811 eﬂlcaxque
1050 1780 1102 1808 est,
1120 1780 1204 1810 atque
1232 1775 1325 1803 omnia
1352 1777 1462 1810 potest;
1485 1773 1584 1802 modus
1611 1781 1678 1800 vero

880 1821 1045 1856 investigari
1074 1828 1190 1856 prorsus
1220 1820 1317 1855 nequit
1344 1820 1366 1846 ‘.
1393 1819 1463 1846 Illud
1487 1825 1555 1847 vero
1584 1818 1678 1846 dicere

881 1867 1005 1894 alienum
1022 1874 1077 1894 non
1093 1870 1148 1898 est,
1165 1865 1398 1902 quemadmodum
1413 1864 1578 1892 naturaliter
1596 1865 1676 1900 panis

877 1920 926 1948 per
948 1913 1160 1945 comestionem,
1180 1911 1329 1946 vinumque
1348 1914 1377 1939 ct
1404 1918 1477 1945 aqua
1506 1917 1556 1945 per
1581 1910 1672 1945 potio-

884 1966 957 1992 nem,
976 1959 1004 1986 in
1031 1965 1133 1994 corpus
1153 1962 1180 1986 et
1205 1957 1368 1993 sanguinem
1393 1955 1566 1984 comedentis
1582 1959 1611 1983 et
1633 1955 1676 1983 bi-

882 2004 974 2033 bentis
989 2008 1227 2036 transtuutantur,
1248 2007 1345 2030 utnec
1362 2009 1463 2038 corpus
1484 2003 1552 2030 iiant
1572 2001 1646 2029 aliud
1660 2009 1675 2028 a

882 2056 999 2085 corpore
1012 2050 1074 2085 ejus
1091 2050 1173 2085 quod
1189 2050 1269 2086 prius
1284 2048 1414 2077 exstabat
1431 2057 1438 2077 :
1453 2048 1494 2077 sic
1514 2055 1613 2083 panem
1628 2047 1677 2082 qui

882 2095 910 2122 in
931 2095 1054 2131 prothesi
1069 2099 1241 2131 praeparatus
1254 2093 1319 2127 iuit,
1336 2094 1432 2122 vinum
1446 2095 1511 2122 item
1532 2097 1561 2122 et
1576 2100 1677 2129 aquam

37 2147 84 2174 per
110 2140 233 2177 Spiritus
259 2143 350 2171 sancti
372 2142 576 2171 invocationem
603 2146 632 2171 et
655 2142 818 2175 adventum,
844 2143 928 2170 modo
956 2143 1005 2178 qui
1041 2148 1148 2171 natura:
1170 2142 1273 2170 viribus
1306 2146 1334 2170 et
1355 2142 1514 2170 conditione
1533 2139 1678 2169 sublimior

36 2190 87 2217 est.
104 2187 133 2215 in
150 2188 257 2216 Christi
286 2195 390 2225 corpus
411 2193 440 2217 et
457 2191 620 2224 sanguinem
645 2189 781 2221 converti,
804 2194 834 2216 ut
852 2196 1026 2225 nequaquam
1040 2191 1095 2218 duo
1105 2190 1173 2222 sint,
1187 2189 1236 2217 sed
1255 2196 1339 2216 unum
1372 2193 1400 2216 et
1431 2188 1516 2216 idem.

73 2233 180 2261 Γίνεται
195 2233 287 2260 τοίνυν
304 2236 361 2264 τοῖς
382 2232 474 2258 πίστει
492 2231 578 2265 ἀξίως
603 2230 828 2267 μιταλαμὸάνου·
852 2233 873 2260 υ

40 2286 92 2311 σιν,
111 2280 152 2311 εἰς
163 2279 263 2313 ἄφεσιν
277 2277 433 2314 ἁμαρτιῶν,
448 2277 497 2304 καὶ
510 2278 550 2309 είς
564 2277 637 2313 ζωὴν
649 2276 768 2307 αἰώνιον,
783 2277 831 2304 καὶ

39 2325 77 2356 είς
93 2325 282 2360 φυλακτήριον
295 2324 385 2359 ψυχῆς
402 2332 433 2351 τε
447 2324 495 2351 καὶ
512 2324 640 2359 σώματος
659 2332 666 2340 ·
684 2325 741 2355 τοῖς
753 2323 782 2350 δὲ
800 2323 830 2350 ὲν

39 2370 154 2406 ἀπιστία
165 2370 284 2402 ἀναξίως
298 2369 470 2405 μετέχουσιν,
483 2370 524 2401 εἰς
538 2369 651 2396 κόλασιν
675 2369 722 2396 καὶ
742 2377 830 2404 τιμω-

41 2416 110 2450 ρίαν,
124 2416 251 2452 καθάπερ
267 2416 316 2443 καὶ
332 2416 346 2442 ὁ
357 2415 405 2442 τοῦ
421 2415 525 2450 Κυρίου
539 2415 666 2448 θάνατος,
693 2415 751 2446 τοῖς
780 2414 830 2450 μὲν

39 2462 202 2489 πιστεύουσι
217 2462 315 2497 γέγονε
327 2461 384 2498 ζωὴ
396 2462 443 2488 καὶ
455 2461 596 2496 ἀφθαρσία
613 2461 653 2492 εὶς
678 2460 830 2488 ἀπόλαυσιν

38 2508 86 2543 τῆς
103 2507 216 2535 αίωνίου
234 2508 439 2544 μακαριότητος
451 2515 457 2522 ·
473 2508 529 2536 τοῖς
549 2506 578 2533 δὲ
608 2505 759 2537 ἀπειθοῦσι,
783 2505 830 2532 καὶ

38 2556 94 2586 τοῖς
115 2554 313 2590 κυριοκτόνοις,
339 2554 380 2587 είς
403 2554 514 2586 κόλασιν
534 2553 583 2581 καὶ
604 2552 740 2588 τιμωρίαν
764 2550 830 2578 αἰώ-

38 2608 105 2627 νιον.

74 2645 134 2671 Οὐκ
158 2644 217 2672 ἐστι
278 2643 365 2675 τύπος
462 2644 476 2670 ὁ
499 2643 581 2680 ἄρτος
597 2643 645 2670 καὶ
658 2643 673 2670 ὁ
690 2641 761 2675 οἶνος
783 2642 830 2669 τοῦ

39 2691 165 2725 σώματος
193 2691 240 2718 καὶ
259 2690 377 2725 αἵματος
400 2690 447 2717 τοῦ
470 2689 590 2726 Χριστοῦ
617 2689 668 2726 (μὴ
698 2689 826 2724 γένοιτο),

39 2736 97 2763 ἀλλ’
112 2737 178 2764 αὐτὸ
194 2737 225 2763 τδ
247 2737 328 2772 σῶμα
349 2735 398 2763 τοῦ
418 2736 523 2771 Κυρίου
545 2735 726 2772 τεθεωμένον,
747 2735 829 2763 αὐτοῦ

40 2781 85 2808 τοῦ
101 2782 205 2816 Κυρίου
217 2782 341 2814 εἰπόντος
354 2790 361 2797 ·
390 2781 481 2809 Τοῦτό
506 2782 566 2817 μού
592 2782 668 2815 ἐστι,
692 2782 723 2808 οὐ
743 2780 831 2812 τύπος

95 2890 104 2905 ι
117 2888 185 2919 Luc.
206 2900 225 2926 ι,
243 2891 288 2920 55.
326 2893 336 2909 ι
352 2892 420 2921 ibid.
433 2892 479 2922 ac.

1019 2229 1156 2263 Quocirca
1175 2230 1232 2259 illis
1257 2230 1305 2263 qui
1323 2238 1387 2259 cum
1404 2232 1458 2259 ﬁde
1480 2231 1564 2267 digne
1584 2232 1677 2260 susci-

887 2275 981 2311 piunt,
997 2275 1026 2303 in
1042 2276 1234 2303 remissionem
1248 2280 1437 2311 peccatorum,
1452 2279 1480 2304 et
1492 2277 1577 2304 vitam
1596 2281 1678 2304 arter-

887 2328 950 2348 nam
965 2321 1048 2354 cedit,
1062 2328 1171 2349 necnon
1183 2320 1285 2348 animae
1300 2321 1484 2356 corporisque
1507 2321 1677 2356 praesidium;

888 2366 944 2395 illis
962 2371 1057 2394 contra
1075 2367 1122 2402 qui
1148 2367 1176 2394 in
1198 2367 1396 2395 incredulitate
1417 2367 1529 2402 indigne
1551 2373 1676 2400 sumunt,

887 2412 915 2440 in
941 2420 1050 2447 pinnam
1067 2416 1094 2440 et
1114 2413 1281 2448 supplicium
1297 2422 1305 2441 :
1334 2413 1409 2441 haud
1428 2421 1511 2441 secus
1524 2418 1608 2450 atque
1626 2414 1679 2441 Do-

888 2458 957 2484 mini
973 2465 1060 2491 mors,
1087 2458 1267 2486 credentibus
1290 2458 1403 2494 quidem
1426 2459 1484 2486 vita
1499 2463 1528 2486 et
1548 2459 1677 2486 incorru-

887 2503 945 2538 ptio
960 2507 1013 2535 est,
1028 2503 1063 2530 ad
1086 2508 1197 2532 aeternae
1220 2504 1363 2532 fclicitatis
1378 2505 1616 2538 consecutionem;
1633 2505 1677 2532 iu-

887 2548 1010 2576 credulis
1035 2556 1100 2576 vero
1120 2553 1147 2576 ct
1170 2549 1206 2578 iis
1223 2550 1270 2585 qui
1293 2544 1441 2578 Dominum
1467 2550 1676 2583 interfecerunt,

888 2594 922 2622 ad
938 2602 1048 2630 pinnam
1063 2600 1091 2623 et
1103 2595 1253 2624 vindictam
1274 2598 1482 2632 sempiternam.

925 2639 1028 2668 Christi
1054 2650 1144 2669 verum
1171 2650 1278 2677 corpus,
1305 2650 1357 2670 non
1382 2641 1589 2678 ﬁgura.—-Nec
1611 2648 1678 2669 vero

888 2687 968 2721 panis
985 2691 1013 2715 et
1037 2688 1143 2721 vinum,
1162 2687 1267 2716 Christi
1291 2688 1418 2723 corporis
1442 2692 1469 2716 et
1487 2687 1632 2723 sanguinis
1648 2687 1678 2715 ii-

889 2740 956 2767 gura
973 2739 1037 2761 sunt
1054 2734 1179 2769 (absiti),
1194 2735 1242 2763 sed
1267 2735 1355 2770 ipsum
1372 2734 1480 2762 Domini
1500 2741 1604 2770 corpus
1622 2735 1679 2761 dei-

889 2783 944 2807 tate
959 2779 1083 2808 delatum
1094 2789 1101 2815 ;
1114 2789 1176 2808 cum
1189 2781 1248 2816 ipse
1261 2781 1397 2809 Dominus
1413 2779 1538 2809 dixerit:
1553 2780 1610 2808 Hoc
1627 2785 1676 2811 est,
