1873 3075
31 136 96 168 1273

500 135 697 166 PANOPLIA
720 133 951 165 DOGMATICA.
973 146 982 152 -
996 145 1008 152 ·
1027 135 1104 167 Tl'l‘.
1126 135 1229 166 XXVI.

1587 135 1654 168 1274

61 195 92 221 Et
121 193 150 221 δέ
180 194 226 222 καί
261 201 334 225 τινες
364 192 499 220 ἀντίτυπα
535 192 582 220 τοῦ
615 192 741 228 σώματος
773 192 857 224 καὶΑ
908 190 923 223 Ε

908 190 966 223 Quo
981 198 1060 218 sensu
1078 190 1193 220 Basilius
1222 192 1420 220 Eucharistiam
1445 192 1545 221 vocavit
1571 193 1656 221 ἀντί-

31 243 143 279 ιτματος
159 242 208 270 τοῦ
224 242 329 277 Κυρίου
341 242 387 268 τὸν
401 242 482 277 ἄρτον
496 241 544 268 καὶ
562 241 607 268 τὸν
620 239 692 268 οἶνον
719 240 817 268 ἐκάλε-

31 297 88 320 σαν,
99 288 137 319 ὡς
151 287 166 314 ό
181 287 311 322 θεοφόρος
322 286 376 322 ἔφη
391 287 543 318 Βασίλειος,
560 287 592 313 οὐ
613 286 684 322 μετὰ
694 286 725 313 τὸ
739 287 821 321 ἁγια-

31 334 124 370 σθῆναι
153 331 240 366 εἷπον,
271 333 340 360 ἀλλὰ
368 333 433 369 πρὶν
461 332 637 368 ἁγιασοῆναι,
662 332 748 367 αὐτὴν
771 331 821 368 τὴν

31 380 188 416 προσφορὰν
201 379 273 406 οὕτω
296 378 472 410 καλέσαντες.

61 517 224 553 Μετάληψις
239 516 269 543 δέ
284 515 396 551 λέγεται
413 523 420 532 ·
435 516 469 542 δι’
484 515 571 551 αὐτῆς
586 516 651 551 γὰρ,
664 515 715 550 τῆς
731 515 821 551 Ἰησοῦ

31 564 154 599 ὶεότητος
171 562 428 598 μεταλαμϐάνομεν.
454 561 590 589 Κοινωνία
612 561 641 588 δὲ
657 561 766 595 λέγεται
792 569 822 588 τε

31 610 79 637 καὶ
97 610 171 636 ἐστιν
188 608 308 644 ἀληθῶς,
325 607 411 634 διὰτὸ
435 608 575 634 κοινωνεῖν
597 608 673 642 ἡμᾶς
690 607 723 634 δι’
736 607 823 643 αὐτῆς

31 656 67 691 τῷ
94 654 216 691 Χριστῷ,
239 655 288 681 καὶ
307 653 434 689 μετέχειν
449 653 532 680 αὐτοῦ
548 654 598 689 τῆς
616 653 717 689 σαρκός
732 662 763 680 τε
774 653 823 680 καὶ

31 703 78 737 τῆς
96 702 241 736 θεότητος·
260 702 400 728 κοινωνεῖν
413 700 452 733 δὲ,
474 700 522 727 καὶ
542 699 670 727 ἐνοῦσοαι
697 700 823 736 ἀλλήλοις

30 749 62 775 δι’
82 748 166 783 αὐτῆς
179 757 185 762 -
204 748 267 774 ἐπεὶ
276 747 332 784 γὰρ
348 747 378 780 ἐξ
388 747 447 779 ἐνὸς
464 747 547 782 ἄρτου
567 747 822 783 μεταλαμδάνομεν,

30 796 50 821 si
70 795 168 825 πάντες
183 793 212 820 ἓν
227 794 308 828 σῶμα
324 793 457 829 Χριστοῦ,
473 794 520 820 καὶ
539 793 568 820 ἓν
585 791 666 828 αἷμα,
679 794 726 820 καὶ
742 794 825 830 ἀλλή-

867 249 947 269 τυπα
959 242 1080 277 corporis
1094 247 1120 270 et
1130 242 1269 277 sanguinis
1287 241 1399 270 Christi.
1409 257 1440 263 —
1456 242 1536 277 Quod
1551 243 1575 271 si
1588 251 1656 272 non-

872 288 937 314 nulli
951 295 1048 322 panem
1064 288 1226 323 vinumque,
1244 288 1372 323 corporis
1397 291 1424 315 et
1441 288 1587 324 sanguinis
1605 288 1658 317 Do-

871 333 937 360 mini
951 333 1097 366 ἀντίτυπα,
1114 341 1161 361 seu
1178 333 1313 368 imagines
1329 333 1466 368 ﬁgurasve
1477 338 1658 366 vocaverunt,

872 379 947 406 velut
965 379 1078 407 divinus
1091 379 1222 413 Basilius,
1240 387 1295 407 non
1311 380 1363 407 hoc
1383 383 1447 415 post
1469 381 1661 408 consecratio-

872 426 1089 460 nemtlixerunl,
1103 426 1150 454 sed
1170 431 1319 462 antequam
1344 425 1452 454 oblatio
1476 427 1536 462 ipsa
1559 433 1660 455 consc-

871 477 1010 504 crnretur,
1029 479 1123 500 vocem
1143 472 1215 500 itane
1231 476 1413 507 usurparunt.

907 516 1090 552 Nuncupatur
1106 517 1295 553 participatio,
1315 517 1381 553 quia
1395 525 1443 553 per
1458 517 1546 553 ipsum
1561 517 1662 546 divini-

873 562 938 590 tatis
955 561 1021 590 Jesu
1047 563 1188 591 reddimur
1220 564 1382 599 participes.
1409 563 1575 591 Communia
1595 564 1661 592 itcm

872 608 1038 643 appellatur,
1059 612 1087 635 et
1110 615 1206 636 revera
1235 612 1289 641 est,
1318 608 1383 644 quia
1402 615 1450 643 per
1470 615 1530 635 eam
1551 608 1663 636 Christo

873 652 1125 684 communicamus,
1149 652 1264 687 ejusque
1288 659 1401 679 carnem
1427 658 1459 678 ac
1490 651 1663 679 divinitatem

874 698 1053 734 percipimus,
1072 698 1140 733 quin
1156 698 1240 726 etiam
1264 698 1327 726 aliis
1342 697 1397 732 alii
1425 699 1663 726 communicantus

873 751 907 772 ac
922 744 1099 779 copulantur.
1119 743 1188 771 Nam
1203 743 1269 779 quia
1285 751 1319 772 cx
1336 751 1391 770 uno
1417 750 1488 778 pane
1514 743 1664 778 participa-

875 798 947 824 mus,
964 797 1062 818 omnes
1089 798 1175 818 uttutn
1192 790 1297 818 Christi
1317 797 1430 824 corpus,
1455 794 1483 817 et
1506 797 1579 817 unus
1599 797 1663 817 san-

30 843 82 866 ὶ.ων
106 839 173 876 μέλη
201 839 344 875 γινόμεθα,
376 839 517 875 σύσσωμοι
536 839 656 875 Χριστοῦ
689 840 824 875 χρηματί-
841 836 919 870 Βευί

907 836 946 867 iis,
960 835 1064 870 aliique
1077 835 1194 862 aliorum
1208 834 1330 862 membra
1345 834 1491 868 efﬁcimur,
1505 835 1570 862 dum
1583 834 1664 862 unius

30 885 132 917 τοντες.

317 1029 445 1058 ἹἸΤΛΟΣ
461 1031 533 1064 KG’.

281 1099 360 1128 Κατὰ
382 1100 410 1126 Μ
411 1097 595 1126 adultas-(Br.

76 1168 152 1196 Κατὰ
167 1167 229 1200 τοὺς
238 1168 350 1204 χρόνους
367 1166 593 1194 οὖαλεντινιανοῦ
612 1165 659 1193 καὶ
672 1165 823 1197 Οὐάλεντος

33 1215 54 1250 ἡ
72 1214 125 1241 τῶν
136 1213 325 1241 -Μασαλιανῶν
345 1213 513 1248 ἐδλάστησιν
534 1212 641 1247 αἵρεσις
653 1219 659 1226 ·
678 1212 695 1246 ἡ
709 1211 737 1238 δὲ
752 1211 821 1246 κλῆ-

35 1268 83 1291 σις
98 1259 166 1295 αὕτη
188 1258 411 1294 μετασαλλομένη
433 1259 474 1290 είς
495 1258 544 1294 τὴν
565 1257 677 1285 Ἐλλάδι
694 1257 821 1292 γλῶσσαν

35 1306 154 1341 Εὐχίτας
177 1305 262 1340 δηλοῖ.
279 1305 332 1332 Καὶ
345 1305 400 1341 γὰρ
424 1304 491 1332 πολὺ
522 1304 589 1340 παρ’
608 1304 701 1336 αὐτοῖς
721 1303 753 1330 τὸ
771 1303 822 1339 τῆς

33 1352 121 1386 εὐχῆς
133 1353 230 1387 ὄνομα,
249 1351 296 1378 καὶ
315 1351 418 1387 ταύτην
429 1351 485 1378 ἄνω
507 1351 555 1379 καὶ
570 1351 646 1378 κάτω
666 1350 821 1385 θρυλλοῦσι,

33 1398 88 1424 καὶ
101 1398 169 1433 αὕτη
184 1397 289 1430 τούτοις
301 1397 331 1425 τδ
349 1397 553 1432 σεμνολόγημα.
567 1396 656 1433 Εὖχὴν
675 1397 703 1423 δὲ
729 1397 822 1431 λέγου-

35 1453 83 1471 σιν
94 1445 147 1470 εἴτε
165 1445 215 1480 τὴν
228 1445 396 1480 προσευχὴν,
409 1443 443 1479 ἢν
456 1444 570 1476 ἕκαστος
582 1443 734 1479 προσφέρει
749 1442 819 1477 Θεῷ,

32 1489 96 1517 εἴτε
110 1491 208 1525 τὴντοῦ
218 1491 314 1526 Πάτερ
327 1491 422 1526 ἡμῶν,
438 1491 472 1526 ἢν
486 1492 500 1518 ὁ
516 1490 617 1526 Κύριος
628 1491 684 1521 τοϊς
703 1489 819 1517 ἀποστό-

874 881 1001 917 corporis
1013 889 1123 910 sumus.

1137 1027 1289 1056 TITULUS
1305 1027 1401 1057 XXVI.

1100 1094 1230 1121 Adversus
1249 1094 1421 1124 Manlium».

907 1159 1100 1189 Valentiniano
1117 1166 1143 1189 et
1159 1160 1270 1188 Valente
1302 1161 1512 1196 imperatoribus
1532 1161 1658 1189 Masaiis-

870 1214 966 1234 norum
989 1207 1101 1235 haeresis
1114 1207 1265 1242 pullulavit.
1282 1207 1357 1240 Quod
1373 1207 1483 1241 quidem
1497 1208 1656 1235 vocabulum

870 1253 1010 1287 Euchitas,
1028 1254 1108 1282 idest
1124 1254 1269 1289 supplices.
1283 1261 1330 1281 seu
1357 1259 1498 1288 precantes
1513 1254 1657 1289 signiﬁcat.

872 1298 974 1327 Multus
991 1300 1063 1328 enim
1080 1300 1150 1334 apud
1173 1300 1245 1334 ipsos
1267 1304 1310 1327 est
1334 1307 1424 1328 sermo
1443 1300 1476 1327 de
1493 1301 1658 1334 precatione,

871 1352 986 1380 eamque
1002 1353 1135 1380 nusquam
1156 1353 1208 1373 non
1225 1345 1373 1379 celebrant,
1390 1349 1415 1372 et
1428 1344 1564 1380 iactitant.
1592 1346 1659 1372 Pre-

872 1390 1005 1418 cationem
1040 1395 1129 1418 autem
1165 1391 1221 1417 sive
1258 1390 1485 1425 supplicationem
1523 1390 1659 1425 appellant

873 1443 976 1470 preces,
1002 1443 1069 1470 quas
1097 1435 1210 1470 quisque
1236 1435 1316 1463 oll‘ert
1332 1435 1408 1469 Deo;
1430 1435 1546 1471 exempli
1561 1436 1657 1470 gratia,

874 1481 954 1508 Pater
968 1488 1066 1514 noster,
1089 1489 1169 1516 quam
1195 1480 1303 1516 quidem
1326 1481 1507 1515 precationem
1531 1481 1658 1509 Dominus

32 1536 95 1567 λοις
108 1536 276 1572 παρέδωκεν,
293 1537 348 1564 εἴτε
369 1538 430 1565 τινὰ
445 1537 544 1572 ἑτέραν
559 1537 651 1572 μόνοις
671 1536 700 1569 ἐξ
728 1536 820 1562 αὐτῶν
834 1533 855 1562 C
873 1527 923 1555 δίε(

907 1527 1012 1562 scipulis
1043 1527 1162 1560 tradidit,
1184 1533 1229 1554 aut
1258 1526 1366 1561 aliquod
1398 1527 1469 1554 aliud
1496 1528 1658 1562 precationis

33 1582 213 1618 ἐγνωσμένην
228 1583 285 1614 τοῖς
299 1584 340 1615 εἰς
361 1583 488 1611 ἀσέὕειαν
512 1582 697 1616 τελεωτέροις,
713 1581 780 1616 πρὸς
792 1581 822 1607 δέ

33 1628 102 1659 τοὺς
116 1628 214 1660 ἄλλους
242 1630 346 1661 πάντας
374 1627 458 1657 οὖσαν
481 1629 631 1665 ἀνέκφορον
656 1629 700 1656 διὰ
718 1628 768 1663 τὴν
792 1629 822 1655 ἐν

35 1673 111 1709 αὐτῇ
126 1674 332 1710 τερατολογίαν.
353 1673 443 1710 οἶμαι,
458 1675 505 1702 καὶ
528 1675 676 1710 σατανικὴν
700 1674 820 1710 ἐπῳδήν.

36 1720 153 1755 Ἔχουσι
172 1719 200 1746 δὲ
213 1720 260 1747 καὶ
274 1720 360 1755 ἄλλην
383 1721 572 1755 προσηγορίαν
589 1720 644 1747 ἀπὸ
661 1719 710 1746 τοῦ
731 1719 822 1755 πράγ-

35 1774 125 1800 ματος
140 1766 311 1793 ἐπιτεθεῖσαν
323 1767 424 1798 αὐτοῖς.
446 1766 653 1794 Ἐνθουσιασταὶ
666 1766 720 1801 γὰρ
733 1774 821 1801 προσ-

34 1811 231 1846 ονομάςονται,
265 1813 394 1848 δαίμονός
410 1821 483 1844 τινος
504 1813 650 1848 ἐνέργειαν
662 1812 821 1846 εἰσδεχόμε-

33 1865 99 1889 νοι,
114 1856 161 1884 καὶ
175 1857 334 1893 Πνεῦματος
349 1858 428 1893 ἁγίου
444 1858 548 1894 ταύτην
567 1858 819 1893 ὑπολαμϐάνοντες.

34 1903 73 1930 Ol
86 1903 115 1930 δὲ
134 1903 226 1931 τέλεον
240 1904 292 1940 τὴν
316 1905 394 1932 νόσον
408 1906 512 1940 ταύτην
532 1904 732 1939 ιίσδεδεγμένοι
752 1905 822 1931 ἁπο-

36 1949 202 1984 στρέφονται
219 1950 269 1985 μὲν
287 1950 336 1986 τὴν
349 1950 405 1978 τῶν
418 1951 519 1986 χειρῶν
538 1950 672 1986 ἐργασίαν
685 1950 722 1980 ὡς
736 1959 821 1986 πονη-

37 1994 103 2030 ρὰν,
115 1994 190 2029 ὕπνῳ
204 1995 231 2022 δέ
246 1996 281 2022 τὰ
292 1996 378 2022 πολλὰ
399 1997 468 2030 σφᾶς
488 1996 588 2027 αὐτοὺς
606 1995 756 2027 ἐκδιδόντες
779 1997 822 2022 ἐν-

35 2041 206 2075 θουσιασμὸν
216 2041 266 2073 τὰς
278 2042 332 2068 τῶν
345 2041 461 2077 ὀνείρων
475 2041 626 2076 φαντασίας
640 2041 821 2069 ἀποκαλοῦσι.

35 2085 148 2119 Ταύτης
165 2086 290 2120 ἐγένοντο
304 2087 355 2122 τῆς
369 2087 504 2122 αἱρέσεως
522 2087 642 2122 ἀρχηγοὶ
664 2086 757 2113 πολλοὶ
771 2087 822 2122 μὲν

34 2130 87 2157 καὶ
101 2130 185 2163 ἄλλοι,
199 2131 239 2158 ἔτι
255 2131 283 2158 δὲ
300 2132 348 2158 καὶ
364 2132 511 2167 Ἀδέλφιος,
527 2133 556 2159 ὃν
567 2131 715 2164 Φλαόιανὺς
729 2132 744 2158 6
759 2131 821 2158 Ἀν-

32 2176 158 2211 τιοχείας
173 2177 430 2213 μετακαλεσάμενος
445 2178 475 2210 ἐξ
501 2178 640 2213 Ἐδέσσης,
664 2178 712 2204 καὶ
731 2186 820 2212 τεχνι-

34 2223 98 2254 κῶς
116 2223 250 2256 ὑπελθὼν,
265 2225 312 2251 καὶ
337 2224 474 2260 μαθητιᾷν
501 2224 730 2260 ὑποκρινάμενος,
751 2232 821 2259 παρ·

32 2268 189 2295 εσκεύασεν
204 2270 332 2305 ἐξεμέσαι
357 2271 446 2297 πάντα
460 2270 506 2297 τὸν
527 2270 753 2305 ἐγκεκρυμμένον
767 2269 821 2297 τῶν

31 2315 185 2348 δογμάτων
197 2315 245 2342 ίόν.
259 2316 348 2352 Δὴλης
358 2316 386 2343 δὲ
397 2316 445 2350 τῆς
455 2316 532 2343 νόσου
545 2315 647 2351 ταύτης
660 2315 821 2350 γενομένης,

32 2360 90 2396 τῆς
105 2361 156 2395 μὲν
171 2361 269 2396 Συρίας
291 2361 475 2397 ἐξηλάθησαν,
489 2362 529 2393 είς
547 2361 577 2388 δέ
591 2361 641 2397 τὴν
658 2361 822 2396 Παμφυλίαν

33 2405 195 2441 ἐχώρησαν.
223 2406 290 2432 Τίνα
314 2407 344 2433 6's
362 2406 396 2433 τὰ
414 2406 539 2442 δόγματα
572 2407 675 2434 τούτων
704 2406 822 2442 ἐροῦμεν

33 2452 245 2487 προϐαίνοντες.
267 2452 475 2488 Ἀνελήφθησαν
492 2454 547 2488 γὰρ
567 2453 599 2480 ἐκ
612 2453 662 2488 τῆς
675 2453 765 2480 αὐτῶν
782 2453 823 2489 βί-

32 2498 116 2532 6).ου,
131 2499 178 2526 καὶ
204 2499 272 2526 πᾶσι
292 2500 353 2526 τότε
368 2498 548 2535 προετίθεσαν
573 2499 613 2530 είς
628 2498 659 2525 τὸ
681 2498 822 2526 καταπτύ-

30 2545 127 2571 εσθαι.

73 2590 221 2624 Λέγουσιν,
234 2590 274 2617 ὅτι
295 2591 323 2617 αἱ
333 2590 409 2625 τρεῖς
421 2588 588 2620 ὑποστάσεις
608 2589 727 2624 Πατρδς,
744 2589 821 2621 Υὶοῦ,

31 2636 86 2664 καὶ
100 2637 180 2670 ἁγίου
193 2627 352 2672 Π’νεύματος
369 2638 410 2667 είς
426 2636 493 2671 μίαν
516 2635 666 2662 ὑπόστασιν
692 2635 823 2662 ἀναλύον-

31 2692 95 2710 ται.
113 2682 200 2709 Τοῦτο
216 2683 244 2710 δὲ
262 2683 294 2709 ἐκ
317 2682 367 2717 τῆς
386 2682 552 2716 Σαϐελιανῆς
569 2681 700 2717 αἱρέσεως
722 2681 822 2716 ἐσύλη-

32 2728 141 2758 σανεξς
160 2727 190 2754 ἒν
213 2727 405 2762 συναιρούσης.
438 2727 486 2753 καὶ
518 2725 746 2761 συναλειφούσηςν
775 2726 822 2753 καὶ

33 2773 212 2808 συγχεοὺσης
222 2775 271 2805 τὰς
283 2774 358 2809 τρεῖς
373 2773 549 2807 ὑποστάσεις,
563 2772 610 2800 καὶ
627 2771 692 2808 μίαν
705 2772 822 2799 ὑπόσταη

75 2854 84 2870 ι
101 2854 113 2881 ι
128 2854 190 2883 Cor.
206 2861 244 2888 ιι,
258 2854 293 2883 29

872 1580 965 1607 genus,
980 1573 1044 1600 solis
1065 1573 1129 1605 illis,
1145 1572 1191 1606 qui
1207 1572 1275 1607 apud
1291 1572 1363 1606 ipsos
1379 1571 1405 1599 in
1424 1572 1562 1606 impietate
1588 1573 1659 1606 peri-

873 1618 954 1645 tiores
980 1623 1060 1651 sunt,
1086 1619 1243 1653 cognitum;
1274 1617 1308 1645 ab
1334 1617 1394 1645 aliis
1418 1622 1507 1644 autent
1533 1618 1659 1645 omnibus

872 1663 1023 1698 ignoratum
1039 1668 1146 1699 propter
1157 1663 1251 1698 ipsius,
1263 1667 1291 1690 ut
1308 1663 1434 1694 arbitror.
1449 1663 1656 1696 absurditatem,

871 1714 898 1735 et
923 1710 1072 1735 satanicum
1095 1709 1315 1736 incantationem.
1340 1708 1418 1736 Aliud
1437 1709 1519 1736 etiam
1543 1710 1577 1737 ab
1599 1711 1657 1745 ipsa

872 1761 901 1782 re
925 1762 1073 1789 cognomen
1105 1754 1213 1781 habent.
1241 1754 1330 1781 Mileti
1357 1754 1429 1781 enim
1459 1761 1657 1790 nuncupantur,

870 1801 969 1836 quippe
985 1800 1032 1834 qui
1047 1800 1176 1828 dxnxonis
1201 1800 1343 1835 cujusdam
1373 1801 1504 1828 actionem
1531 1802 1657 1834 subeant,

871 1853 951 1880 quam
981 1852 1041 1872 esse
1072 1844 1160 1872 sancti
1184 1844 1302 1879 Spiritus
1329 1844 1494 1872 existimant.
1527 1845 1580 1873 Sed
1611 1848 1656 1881 qui

871 1891 990 1925 perfecto
1007 1890 1133 1917 laborant
1161 1891 1213 1918 hoc
1243 1891 1357 1923 morbo,
1389 1898 1517 1918 manuum
1547 1892 1656 1927 quidem

870 1943 939 1972 opus
957 1936 996 1963 uti
1017 1936 1145 1963 nefarium
1173 1941 1342 1968 aversantur,
1359 1943 1391 1964 ac
1415 1944 1511 1964 somno
1539 1938 1657 1972 plerum-

871 1989 924 2018 que
939 1989 998 2010 sese
1015 1982 1152 2015 dedentes,
1168 1989 1202 2009 ex
1229 1982 1395 2010 somniorum
1425 1982 1489 2010 visis
1513 1983 1594 2010 amari
1625 1991 1656 2012 se

872 2033 976 2064 putant.
994 2027 1077 2055 Porro
1107 2028 1184 2055 istius
1211 2027 1321 2055 hzeresis
1341 2035 1401 2055 cum
1421 2028 1465 2054 alii
1493 2028 1567 2055 tnnlti
1584 2030 1658 2062 prin-

871 2074 944 2109 cipes
960 2073 1133 2105 exstiterunt,
1153 2078 1207 2100 tum
1229 2073 1387 2108 Adelphius,
1406 2081 1484 2108 quem
1513 2073 1657 2103 Flavianus

871 2119 1020 2147 Antiochia:
1045 2118 1165 2153 pontifex
1191 2119 1350 2146 accersitum
1377 2126 1411 2146 ex
1430 2118 1542 2153 Edessa,
1561 2127 1658 2155 magno

873 2173 902 2193 se
917 2166 988 2192 illius
1002 2165 1150 2199 disciplima
1175 2164 1263 2191 studio
1280 2164 1364 2192 teneri
1391 2164 1533 2198 simulans,
1560 2165 1657 2193 callide

835 2209 990 2245 Dpellexit,
1017 2213 1046 2236 ut
1071 2208 1204 2236 occultum
1245 2216 1325 2236 ontne
1360 2209 1491 2236 doctrina!
1524 2217 1655 2238 venenum

871 2260 1018 2284 evomerel.
1035 2254 1095 2287 Quo
1121 2253 1229 2288 quidem
1257 2253 1352 2281 morbo
1375 2253 1520 2289 patefacto,
1536 2262 1551 2282 e
1579 2255 1656 2291 Syria

871 2301 974 2334 expulsi
1003 2300 1029 2326 in
1062 2297 1247 2334 Pamphyliam
1287 2301 1493 2326 concesserunt.
1525 2299 1656 2332 Quaedam

873 2347 984 2375 istarum
1015 2346 1138 2373 instituta
1179 2345 1379 2380 progredientes
1406 2346 1567 2379 aperiemus,
1596 2354 1657 2381 qum

872 2400 906 2420 ex
932 2392 1051 2427 ipsorum
1087 2391 1155 2418 libro
1181 2390 1340 2425 deprompta
1371 2396 1445 2423 sunt,
1476 2396 1502 2419 et
1532 2392 1657 2419 omnibus

873 2442 938 2465 tunc
975 2437 1123 2472 proposita,
1168 2440 1198 2462 ut
1245 2435 1428 2470 despiciantur
1463 2440 1490 2464 et
1530 2441 1655 2464 contem-

872 2489 984 2512 Dallllﬂ'.

908 2585 1005 2612 Dicunt
1020 2587 1073 2611 tres
1096 2589 1231 2618 personas
1243 2580 1342 2614 Patris,
1363 2585 1391 2608 et
1410 2580 1482 2613 Filii,
1496 2585 1524 2609 et
1538 2580 1655 2616 Spiritus

872 2631 958 2660 sancti
975 2631 1001 2658 in
1018 2636 1098 2657 unam
1111 2629 1222 2661 resolvi,
1238 2629 1309 2663 quod
1324 2635 1356 2655 ex
1370 2627 1523 2655 Sabellians
1557 2628 1655 2656 haeresi

873 2677 1070 2713 surripuerunt,
1089 2683 1148 2709 qua
1162 2678 1216 2702 tres
1233 2675 1389 2709 hypostases
1417 2673 1445 2700 in
1473 2681 1556 2701 unum
1585 2675 1656 2710 cogit

874 2730 957 2758 atque
999 2721 1149 2754 contundit,
1183 2724 1211 2748 et
1251 2727 1331 2747 unam
1362 2719 1442 2747 trium
1480 2727 1655 2754 personarum

875 2768 1040 2806 hypostasim
1064 2767 1158 2796 tradit.
1187 2765 1376 2801 Istiusligitur
1404 2765 1540 2802 opinionis
1569 2766 1656 2802 impia:
