1873 3075
49 122 105 154 12.71

448 121 640 152 PANOPLIA
659 118 892 152 DOGiiIATICA.
911 134 946 140 -
966 123 1040 154 TlT.
1063 123 1168 156 XXVI.

1581 124 1650 156 $278

47 181 221 208 καταναλίσκων
249 179 299 215 τὴν
331 178 484 214 μοχθηρίαν
510 179 565 205 τῶν
586 178 807 213 βαπτιζομένων.
823 182 838 209 Α

931 179 1095 207 existimari.
1121 180 1198 214 Quod
1225 183 1249 209 si
1273 187 1302 209 et
1325 188 1395 216 aqua
1417 185 1512 215 purgat
1540 184 1651 208 omnino

46 227 87 253 καὶ
105 225 152 252 τῶν
164 224 288 260 πονηρῶν
305 224 390 256 ἕξεων
413 223 603 258 ἀφανισταόν.
633 223 741 254 Ταύτας
756 222 810 257 γὰρ

45 269 114 305 οἴμοι
131 271 202 306 ῥίζας
216 270 271 296 τῶν
286 269 498 305 ἁμαρτημάτων
522 268 645 300 ἐκείνους
656 268 760 302 λέγειν.
779 268 812 295 El

44 318 69 344 δὲ
86 317 162 344 καὶτὸ
178 316 249 352 ὕδωρ
265 315 393 351 καθαίρει
406 315 549 346 παντελῶς
566 314 601 341 τὰ
623 313 739 349 σώματα
755 313 812 340 τῶν

44 363 186 398 ἀνθρώπων,
203 362 244 395 τίς
258 362 411 398 ἀμφιδαλεϊ
435 362 500 396 περὶ
512 360 558 388 τοῦ
587 360 665 394 ἁγίου
682 360 811 395 Πνεύμα-

43 418 94 441 τος.
108 410 141 440 ὡς
150 409 195 436 οὐκ
209 409 383 444 ἁσυγκρίτως
395 408 476 435 πλέον
491 407 675 441 ἀποκαθαίρει
687 405 722 433 τὰ
734 405 814 440 στίγ-

45 464 121 491 ματα,
135 457 178 482 καὶ
195 455 244 486 τὰς
269 454 395 489 κηλῖδας,
417 454 466 480 καὶ
490 454 554 484 τοὺς
580 452 736 488 μολυσμοῦς
758 451 814 478 τῶν

43 503 129 537 ψυχῶν
143 510 150 534 ;
167 502 218 528 Καὶ
231 501 262 527 οὺ
277 500 406 536 καθαίρει
420 499 511 536 μόνον,
531 498 599 526 ἀλλὰ
622 499 670 525 καὶ
685 497 814 532 λαμπρύ-

44 555 96 575 νει¹
115 548 168 575 οὐδὲ
181 546 338 581 λαμπρύνει
369 546 461 581 μόνον,
495 544 564 572 ἀλλὰ
582 545 629 571 καὶ
642 543 715 570 θείου
733 542 814 578 χαρί-

860 232 975 259 corpora
993 226 1146 259 hominum,
1160 227 1221 261 quis
1237 226 1342 254 dubitet
1358 227 1422 263 quin
1447 227 1565 262 Spiritus
1587 235 1653 254 san-

860 275 921 298 ctus
941 271 1028 299 multo
1041 272 1129 307 magis
1145 273 1205 300 sine
1220 273 1275 300 ulla
1287 273 1488 308 comparatione
1499 273 1651 304 cicatrices,

861 319 888 342 et
903 315 1033 349 maculas,
1045 321 1074 344 et
1090 318 1187 345 sordes
1202 319 1353 346 animarum
1363 322 1494 353 expurget
1504 325 1536 345 ac
1547 318 1654 345 deleat?

860 360 955 396 Neque
979 361 1067 389 solum
1087 369 1221 398 expurget
1241 368 1269 391 et
1290 364 1390 396 deleat,
1407 371 1501 391 verum
1520 363 1601 390 etiam
1620 363 1652 389 il-

861 406 981 441 lustret;
1000 415 1051 436 nec
1065 408 1182 437 illustre!
1199 411 1289 442 modo,
1316 411 1363 438 sed
1382 417 1493 437 munera
1514 409 1653 443 largiatur,

862 457 893 480 ut
906 453 1005 481 docent
1016 455 1141 490 apostoli,
1156 457 1183 484 in
1202 457 1350 492 primisque
1364 456 1465 484 Paulus
1481 456 1507 483 in
1523 455 1652 482 distribu-

864 499 984 527 tionibus
993 501 1143 535 gratiarum
1162 501 1282 537 Spiritus
1296 503 1394 536 sancti,
1418 502 1516 538 quibus
1534 501 1656 528 alliciun-

865 549 911 572 tur
922 545 962 573 illi
976 546 1022 580 qui
1039 547 1221 582 baptizantnr.

46 603 143 631 σματος
158 594 237 626 ἀξιοῖ,
249 592 342 625 καθὼς
360 592 533 619 διδάσκουσιν
558 592 584 618 οἱ
600 590 757 622 ἀπόστολοι,
773 590 822 617 καὶ
834 590 952 626 μάλιστα
979 593 1086 626 Παῦλος
1101 595 1130 621 ὲν
1145 596 1206 627 ταῖς
1227 595 1380 632 διαιρέσεσι
1411 595 1468 622 τῶν
1495 594 1544 622 τοῦ
1577 593 1656 628 ἁγίου

43 641 187 675 Πνεύματης
200 639 389 675 χαρισμάτων,
406 637 424 665 ἃ
439 638 496 669 τοῖς
511 637 723 672 βαπτιζομένοις
741 637 948 672 ὲπεμερίζοντο.

76 687 151 714 Φασὶν
164 685 278 712 ἕκαστον
291 685 348 712 τῶν
365 684 535 719 τικτομένων
555 683 658 710 παίδων
674 683 766 710 ἕλκειν
781 683 815 710 ὲκ

923 685 986 712 Δῖιηιι
1013 692 1111 720 pueros
1130 693 1225 715 omnes
1248 687 1295 722 qui
1327 692 1488 720 nascuntur,
1516 687 1625 714 trahere
1641 694 1656 714 a

42 732 87 759 τοῦ
104 731 268 767 προπάτορος
284 729 382 764 Ἀδὰμ,
398 729 494 765 ὥσπερ
504 729 555 764 τὴν
576 728 668 762 φύσιν,
691 727 762 754 οὕτω
782 728 815 763 δὴ

923 737 958 758 no
972 735 1086 765 parente
1105 732 1191 760 Adam
1213 737 1242 761 nt
1257 739 1394 766 naturam,
1410 733 1450 761 sic
1462 734 1543 760 etiam
1572 733 1658 760 servi-

44 779 92 803 καὶ
104 776 148 811 τὴν
164 775 231 810 πρὸς
253 775 318 806 τοὺς
340 774 473 809 δαίμονας
499 773 636 806 δουλείαν,
652 773 700 800 καὶ
718 781 816 800 συνουο

923 783 955 803 nn
972 784 1034 804 eum
1053 777 1232 812 demonibus,
1247 784 1274 807 et
1290 787 1353 807 cum
1370 784 1469 806 natura
1483 779 1658 812 conjunctnm

44 823 170 858 σιωμένον
193 822 289 857 φέρειν
310 821 426 855 δαίμονα
455 819 633 848 συνοικοῦντα
654 818 754 855 τούτῳ,
768 819 816 846 καὶ
834 847 838 859 Ι

923 829 1019 850 nonem
1058 831 1151 851 secum
1191 825 1406 858 cohabitantem,
1439 830 1466 852 et
1496 829 1659 859 potestatem

44 867 293 902 κατεξουσιάζοντα,
312 867 454 895 ἀδυνατεῖν
473 866 502 893 δὲ
519 865 612 893 καὶτὸ
626 865 704 900 ᾇγιον
721 865 818 900 βάπτι-

42 924 108 950 σμα,
133 916 176 941 καὶ
201 915 292 940 πᾶσαν
315 913 399 948 ἀλλην
425 912 569 946 θειοτάτην
598 911 731 947 ἐργασίαν
747 910 817 946 πρὸς

42 961 167 988 ἀπέλασιν
178 959 272 991 αὐτοῦ,
287 959 372 994 μόνην
385 958 414 985 δὲ
430 958 526 984 τοῦτον
539 957 652 990 ἐξωθεῖν
662 957 712 991 τὴν
726 958 819 984 ἔπιτε-

42 1007 156 1043 ταμένην
168 1008 213 1033 καὶ
237 1006 387 1039 σπουδαίαν
403 1005 488 1040 εὐχὴν
503 1004 612 1038 διὰδτῆς
638 1002 685 1031 τοῦ
700 1002 817 1038 εὐχομέ-

42 1063 87 1082 νου
100 1052 239 1089 χρέμψεώς
248 1061 277 1079 τε
286 1053 333 1079 καὶ
344 1050 535 1082 ἀποπτύσεως.
550 1050 653 1076 Τούτου
667 1049 696 1076 δὲ
712 1048 817 1075 ἀπελα-

42 1101 140 1132 οέντος,
161 1099 302 1134 ὲπιφοιτᾷν
324 1097 463 1132 αἰσθητῶς
477 1097 524 1123 καὶ
535 1095 641 1131 ὁρατῶς
654 1095 684 1122 τὸ
704 1094 817 1129 Πνεῦμα

42 1147 71 1173 τὺ
84 1147 158 1180 ᾶγιον
180 1145 230 1180 τὴν
249 1144 354 1171 οἰκείαν
386 1142 541 1177 παρουσίαν
565 1142 711 1176 σημαῖνον,
726 1139 819 1166 καὶτὸ

42 1192 119 1227 σῶμα
138 1192 185 1226 τῆς
204 1190 259 1217 τῶν
289 1189 385 1218 παθῶν
409 1189 543 1224 κινήσεως
571 1186 747 1222 ἐλευθεροῦν,
772 1186 820 1212 καὶ

42 1238 170 1266 ὶπάοειαν
192 1236 383 1272 χαριζόμενον,
407 1235 445 1267 ὡς
474 1235 574 1271 μηκέτι
596 1233 702 1260 δεῖσθαι
726 1233 820 1260 λοιπὸν

42 1285 113 1319 μήτε
125 1283 247 1319 νηστείας
265 1282 416 1316 πιεζούσης
439 1281 469 1308 τὸ
497 1281 590 1316 σῶμα,
605 1280 676 1315 μήτε
690 1280 822 1306 διδασκα-

42 1331 99 1362 λίας
114 1329 283 1365 χαλινούσης,
299 1320 462 1364 καὶβαίνειν
480 1327 601 1355 εῦτακτα
625 1326 820 1361 παιδευούσης.

42 1378 79 1404 Οὐ
91 1377 166 1403 τοῦτο
176 1376 205 1404 δὲ
221 1375 313 1410 μόνον,
327 1375 397 1402 ἀλλὰ
412 1375 458 1402 τὸν
474 1375 523 1409 τῆς
538 1373 669 1408 τοιαύτης
684 1371 822 1402 ἀπαθείας

42 1423 206 1457 τετυχηκότα
220 1421 253 1448 τά.
268 1429 300 1447 τε
317 1420 450 1456 μέλλοντα
461 1420 592 1455 προορᾷν,
613 1419 662 1446 καὶ
684 1418 733 1453 τὴν
746 1417 823 1444 θείαν

42 1470 62 1496 Γ
65 1468 142 1504 ριάδα
166 1468 220 1498 τοῖς
241 1466 390 1502 ὀφθαλμοῖς
413 1465 537 1500 θεωρεῖν.
561 1465 661 1496 Μόνοις
683 1464 739 1499 γὰρ
766 1464 823 1495 τοῖς

867 874 1050 902 exercentem,
1075 877 1126 897 nec
1148 876 1272 898 sanctum
1299 872 1475 906 baptismum,
1492 875 1521 898 et
1551 878 1660 898 onmem

868 913 949 940 aliam
965 914 1083 942 divinam
1105 917 1240 944 actionem
1263 925 1343 951 posse
1357 918 1432 945 illum
1445 917 1592 952 expellere,
1612 916 1660 944 sed

868 961 1053 995 precationem
1069 962 1152 989 solam
1166 963 1225 997 ejus
1238 971 1298 990 cum
1317 972 1412 999 magna
1437 963 1573 998 precantis
1596 963 1660 990 alte-

869 1006 960 1034 ctione
973 1012 1000 1034 et
1015 1012 1172 1042 contemptu
1182 1009 1327 1044 diligenter
1339 1010 1487 1037 adhibitam
1501 1010 1528 1037 id
1537 1009 1657 1037 elIicere.

869 1051 997 1079 Daemone
1013 1058 1102 1080 autem
1128 1053 1214 1087 ejecta
1227 1054 1357 1088 Spiritum
1378 1058 1501 1082 sanctum
1523 1053 1562 1081 sic
1582 1061 1659 1080 acce-

869 1098 944 1129 dere,
971 1103 1001 1125 ut
1043 1099 1180 1127 sentiatur
1218 1105 1246 1127 et
1288 1100 1425 1133 videatur,
1465 1100 1660 1135 propriumque

869 1145 1015 1172 adventum
1033 1145 1196 1180 signiﬁcare,
1218 1151 1247 1173 et
1269 1153 1367 1180 corpus
1383 1153 1398 1172 a
1425 1145 1659 1180 perturbatiOnum

870 1196 945 1218 motu
963 1191 1092 1224 liberare,
1114 1196 1142 1219 et
1168 1192 1395 1227 impatibilitatem
1424 1191 1528 1226 largiri,
1544 1190 1612 1218 adeo
1630 1195 1661 1218 ut

871 1237 1001 1272 deinceps
1028 1238 1053 1265 ei
1068 1245 1120 1265 nec
1139 1238 1250 1273 jejuniis
1272 1239 1308 1266 sit
1333 1245 1412 1273 opus,
1432 1237 1531 1272 quibus
1561 1244 1661 1271 corpus

871 1281 982 1319 allligat,
1004 1291 1090 1318 neque
1104 1283 1249 1319 disciplina
1289 1291 1350 1318 qua:
1365 1287 1503 1315 coerceat,
1524 1287 1551 1309 et
1566 1282 1662 1309 ordine

872 1330 976 1366 ingredi
996 1330 1103 1358 doceat.
1116 1329 1250 1357 Praeterea
1270 1330 1315 1365 qui
1344 1330 1507 1358 vacuitatem
1531 1329 1603 1356 hanc
1627 1329 1661 1355 ab

873 1375 1060 1403 atleetionibus
1077 1375 1114 1403 sit
1132 1379 1285 1408 assecutus,
1315 1378 1372 1402 tum
1394 1381 1426 1402 ea
1457 1381 1517 1408 quae
1547 1378 1662 1400 ventura

873 1427 947 1454 sunt,
991 1421 1152 1456 praevidere,
1172 1426 1227 1448 tum
1243 1421 1362 1448 divinam
1394 1419 1554 1447 Trinitatem
1578 1419 1664 1446 oculis

876 1469 975 1496 intueri
990 1476 999 1496 :
1022 1476 1103 1496 sensu
1116 1468 1189 1496 enim
1205 1468 1239 1495 ab
1253 1467 1386 1503 ejusmodi
1399 1466 1487 1494 solum
1507 1465 1663 1493 hominibus

42 1515 171 1546 τοιούτοις
197 1513 336 1548 αἰσθητοῖς
364 1511 468 1546 ταύτην
493 1511 705 1546 ἐμφανίζεσθαι.
734 1509 822 1537 Τοῦτο

923 1515 1078 1550 nprehendi.
1090 1514 1152 1542 Haec
1163 1513 1199 1541 illi
1212 1514 1342 1541 sentiunt.
1353 1512 1406 1540 Nos
1415 1517 1504 1540 autem
1516 1512 1662 1546 responde-

42 1562 93 1598 μὲν
108 1558 153 1588 οὖν
168 1559 281 1587 ἐκείνων
295 1559 326 1586 τὸ
341 1551 430 1594 δόγμα
442 1567 449 1574 ·
464 1559 543 1592 ἡμεῖς
556 1558 584 1584 δὲ
598 1558 668 1592 πρὸς
683 1557 762 1584 τοῦτο
778 1557 823 1583 λέ-

42 1615 137 1642 γομεν,
166 1607 207 1633 ὅτι
230 1606 256 1632 oi
282 1605 315 1632 ἑκ
334 1605 381 1631 τοῦ
403 1605 620 1640 πρωτοπλὰστου
638 1603 824 1639 καταγόμενοι

42 1654 140 1684 πάντες
151 1652 279 1687 τοιαύτην
295 1651 421 1678 ἕλκουσιν
438 1651 470 1683 ἐξ
489 1650 571 1678 αὑτοῦ
594 1650 643 1686 τὴν
657 1650 749 1684 φύσιν,
765 1649 824 1676 οἷαν

42 1699 126 1734 αὐτὴν
141 1696 213 1733 εἶχεν
228 1697 321 1731 αὐτὸς,
337 1698 382 1724 ὅτε
396 1696 444 1723 τοῦ
459 1697 557 1732 γεννᾷν
570 1697 683 1732 ῆρξατο.
698 1696 825 1730 Γέννημα

42 1747 96 1781 γὰρ
111 1745 183 1772 ἅπαν
197 1745 253 1771 ἴσον
277 1744 316 1779 τῷ
335 1744 512 1779 γεγεννηκότι
529 1744 601 1770 κατὰ
618 1745 667 1778 τὴν
683 1743 776 1777 φύσιν.
793 1742 826 1769 Et

42 1793 92 1828 μὲν
113 1790 161 1819 οὖν
176 1791 237 1819 κατ’
253 1791 341 1826 ἀρχὰς
362 1792 375 1817 ό
399 1790 466 1822 Θεὸς
488 1791 522 1824 τῇ
543 1789 624 1824 φύσει
649 1788 698 1815 τοῦ
719 1796 827 1823 πρωτο-

42 1839 161 1867 ιτλάστου
179 1839 294 1874 δαίμονα
320 1837 527 1872 συνεκλήρωσε,
556 1837 604 1863 καὶ
625 1835 724 1870 δούλην
740 1835 826 1870 αὐτὴν

42 1885 86 1912 τοῦ
117 1885 347 1915 συνουσιωθέντος
372 1883 499 1918 δαίμονος
523 1882 684 1916 δποιήσατο,
712 1882 827 1911 είκότως

42 1933 88 1959 (at
117 1932 144 1957 οι
163 1930 193 1963 ιε
208 1930 291 1957 αὐτοῦ
322 1929 488 1964 δαιμονιώδη
510 1928 559 1955 καὶ
573 1927 671 1962 δούλην
697 1927 828 1961 δαίμονος

42 1977 124 2013 ιύτὴν
137 1977 300 2012 διεδέχοντο.
315 1976 347 2003 El
364 1975 387 2002 δ’
404 1974 552 2009 ἐλευθέραν
571 1975 618 2001 καὶ
640 1972 822 2006 αὐτεξούσιον

42 2025 127 2059 ιὺτὴν
139 2023 342 2055 κατεσκεύασε,
356 2021 487 2057 ληροῦσιν
502 2020 643 2055 ἄντικρυς,
657 2020 704 2046 καὶ
722 2018 829 2054 μωραί-

42 2079 144 2098 νουσιν.
175 2071 207 2097 Εἰ
225 2070 279 2105 γὰρ
295 2069 334 2104 μὴ
360 2067 495 2103 ελευθέρα
517 2067 568 2094 καὶ
583 2066 759 2098 αὐτεξούσιος
782 2063 828 2100 ἦν,

42 2119 88 2145 rint
103 2118 138 2144 ἂν
157 2116 198 2151 τῷ
215 2116 353 2152 γεννάρχῃ
373 2113 423 2149 τὴν
442 2113 554 2150 ἐντολὴν
567 2112 766 2147 ἐνομοθέτησεν
792 2108 830 2138 ὧν

42 2171 63 2189 ,ε
94 2161 286 2196 μεταληπτέον
313 2159 387 2194 αὺτῴ
421 2158 523 2193 φυτῶν,
549 2158 597 2184 καὶ
624 2154 655 2184 οῦ
677 2157 716 2192 μὴ
743 2164 830 2191 προσ·

42 2208 152 2235 ιπτὲον.

69 2254 104 2281 El
121 2254 224 2289 δούλην
239 2253 286 2280 τοῦ
311 2251 411 2287 ἐχθροῦ
427 2251 477 2282 τὴν
499 2250 582 2286 φύσιν
608 2250 689 2285 ἡμῶν
715 2250 730 2276 δ
762 2249 830 2282 Θεὸς

48 2301 166 2336 ποίησε,
177 2300 269 2327 πάντα
285 2299 314 2326 δὲ
328 2299 363 2325 τὰ
378 2297 554 2333 πραττόμενα
567 2297 639 2324 κατὰ
653 2297 736 2331 φύσιν
749 2297 831 2330 ἀνέγ-

42 2347 128 2381 ιλητα
159 2345 211 2372 καὶ
242 2343 418 2379 ἀτιμώρητα,
440 2343 535 2369 λοιπὸν
555 2340 618 2368 οὕτε
642 2341 734 2376 κρίσις
752 2340 830 2368 ἔσται

42 2393 91 2419 τῶν
130 2390 351 2427 ἁμαρτανόντων
376 2389 438 2417 οὕτε
465 2389 589 2420 κόλασις.
624 2388 739 2423 Ἔχουσι
773 2387 829 2423 γὰρ

42 2438 159 2474 σχυρὰν
173 2437 327 2471 ἀπολογίαν
341 2436 411 2471 πρὸς
429 2435 475 2463 τὸν
494 2435 572 2467 Θεὸν,
596 2435 638 2462 ὅτι
654 2433 689 2460 Σὺ
709 2434 761 2469 τὴν
781 2433 833 2468 φύ-

42 2492 76 2510 ειν
102 2483 193 2518 ἡμῶν
224 2484 256 2518 τῇ
284 2481 393 2517 δουλείᾳ
408 2481 463 2508 τῶν
487 2480 623 2515 δαιμόνων
649 2478 804 2511 ύπέζευξας
822 2485 830 2493 ”

42 2530 197 2563 ;ναγκαῖον
212 2528 242 2555 δὲ
265 2529 323 2560 τοῖς
342 2527 448 2560 δούλοις
475 2527 569 2554 ἐκεῖνα
596 2526 743 2562 πράττειν,
759 2525 832 2560 ἅπερ

42 2577 55 2602 ni
76 2575 271 2607 δεσπόζοντες
296 2575 498 2601 ἐπιτάττουσιν.

68 2622 106 2649 Εί
142 2622 199 2657 τὴν
240 2621 323 2656 φύσιν
361 2620 441 2656 ἡμῶν
483 2620 498 2647 ὁ
539 2619 605 2652 Θεὸς
649 2618 746 2654 δούλην
779 2618 834 2645 τῶν

43 2668 184 2704 αιμόνων
222 2667 370 2702 ἐποίησεν,
419 2666 444 2692 οἱ
481 2666 609 2701 δαίμονες
645 2665 674 2692 δὲ
712 2664 835 2692 κινοῦσιν

49 2716 114 2751 μᾶς
145 2713 198 2741 ἐπὶ
227 2714 282 2741 πᾶν
315 2713 413 2746 κακὸν,
438 2712 620 2748 εὑρεθήσεται
641 2712 751 2739 πάντων
778 2711 834 2738 τῶν

42 2760 234 2796 ινθρωπίνων
268 2758 363 2787 κακῶν
389 2758 476 2789 αῑτιος
508 2758 523 2784 ό
558 2757 637 2789 Θεός.
664 2757 745 2784 Ἀλλὰ
780 2757 834 2792 μὴν

42 2807 173 2838 .ναίτιος
204 2806 306 2836 παντὸς
333 2804 420 2832 κακοῦ
453 2804 468 2830 ό
484 2804 562 2836 θεός.
589 2804 673 2831 Οὐδὲν
698 2803 753 2839 γὰρ
784 2811 834 2830 κα-

875 1569 948 1594 ωιις,
961 1568 1066 1592 omnes,
1081 1561 1126 1595 qui
1146 1568 1160 1587 a
1175 1561 1261 1594 primo
1274 1564 1386 1595 parente
1401 1558 1503 1586 ducunt
1518 1558 1663 1593 originem,

877 1607 958 1635 talem
977 1607 1010 1634 ab
1035 1607 1093 1642 ipso
1116 1610 1238 1633 naturam
1269 1606 1386 1637 trahere,
1416 1604 1521 1640 qualem
1549 1603 1666 1631 habebat

879 1654 946 1688 ipse.
959 1660 1020 1680 cum
1035 1653 1168 1687 inciperet
1190 1659 1331 1686 generare.
1356 1651 1451 1679 Omnis
1477 1651 1550 1678 enim
1576 1649 1665 1685 proles

875 1699 993 1733 genitori
1015 1705 1065 1725 suo
1092 1702 1188 1724 natura
1219 1705 1268 1732 par
1295 1702 1323 1725 et
1350 1697 1446 1724 similis
1460 1701 1511 1724 est.
1537 1695 1626 1728 Quare
1641 1695 1664 1722 si

877 1744 1010 1778 principio
1026 1743 1096 1771 Deus
1121 1748 1225 1770 natura:
1255 1742 1334 1776 primi
1367 1742 1487 1776 parentis
1513 1742 1664 1769 tlannonem

877 1788 1010 1819 attribuit.
1034 1792 1062 1814 et
1088 1788 1246 1815 servitutem
1280 1787 1349 1813 bane
1383 1787 1517 1814 dzemonis
1547 1787 1665 1814 essentia

877 1833 1015 1868 conjuncti
1032 1833 1182 1866 constituit,
1198 1833 1295 1860 merito
1310 1837 1336 1859 et
1349 1835 1449 1866 posteri
1477 1833 1560 1867 ipsius
1579 1831 1666 1859 servi-

878 1884 961 1907 tutem
977 1880 1108 1908 daemonis
1122 1883 1310 1914 susceperunt,
1327 1883 1506 1914 naturamque
1519 1878 1666 1905 daemonia-

878 1934 950 1954 cam.
967 1926 1044 1959 Quod
1064 1925 1087 1953 si
1105 1925 1176 1951 illam
1191 1923 1302 1951 liberant
1330 1929 1356 1951 et
1381 1925 1423 1952 sui
1440 1923 1509 1958 juris
1537 1924 1663 1957 instituit,

878 1977 1015 2007 nugantur
1031 1975 1059 1998 et
1080 1970 1228 1998 insaniunt.
1244 1969 1312 1997 Nam
1338 1970 1359 1998 si
1380 1970 1464 1998 libera
1498 1976 1525 1998 et
1536 1971 1577 1997 sui
1597 1970 1666 2004 juris

879 2025 933 2045 non
954 2016 1116 2048 exstitisset,
1148 2016 1235 2050 primo
1250 2017 1357 2052 generis
1377 2017 1479 2051 parenti
1509 2016 1665 2042 mandatum

880 2071 934 2091 non
951 2063 1081 2095 dedisset,
1098 2063 1196 2097 quibus
1207 2070 1221 2090 e
1234 2062 1333 2098 plantis
1350 2063 1420 2090 vesci
1450 2062 1571 2096 deberet,
1600 2066 1628 2090 et
1651 2069 1666 2088 a

880 2108 976 2144 quibus
989 2108 1137 2136 abstinere.

922 2257 950 2286 Si
968 2262 1092 2284 naturam
1106 2260 1226 2283 nostram
1241 2254 1343 2283 inimici
1357 2260 1463 2282 servam
1481 2254 1551 2281 Deus
1566 2253 1670 2282 censti-

884 2305 946 2338 tuit,
958 2303 1047 2331 omnia
1059 2307 1148 2329 autem
1163 2309 1223 2337 quze
1244 2308 1259 2328 ο
1275 2301 1351 2328 nobis
1363 2304 1459 2327 natura
1474 2300 1551 2331 liunt,
1564 2307 1614 2327 nec
1642 2300 1668 2327 in

884 2350 986 2377 crimen
1000 2349 1088 2375 vocari
1104 2351 1227 2382 possunt,
1242 2354 1291 2374 nec
1303 2346 1435 2382 supplicio
1448 2345 1528 2379 allici,
1547 2347 1675 2380 sequitur

884 2401 914 2423 ut
931 2403 980 2423 nec
996 2394 1138 2429 judicium,
1157 2400 1206 2420 nec
1221 2391 1420 2420 animadversio
1446 2391 1616 2426 peccantium
1634 2391 1670 2419 sit

884 2442 985 2470 l'utura.
1024 2440 1080 2468 Hac
1112 2439 1184 2467 enim
1216 2438 1302 2467 valida
1343 2439 1500 2466 defensione
1535 2439 1668 2466 adversus

886 2487 971 2514 Deum
1001 2489 1039 2514 uti
1064 2490 1211 2521 poterunt:
1246 2485 1285 2512 Tu
1311 2489 1435 2512 naturain
1467 2488 1588 2511 nostram
1613 2490 1669 2511 ser-

887 2532 966 2560 vituti
996 2533 1147 2559 daemonum
1173 2530 1321 2564 subjecisti.
1350 2529 1549 2560 ,Necessarium
1580 2533 1675 2556 autem.

887 2583 951 2610 est,
980 2583 1010 2606 ut
1036 2578 1107 2605 servi
1141 2575 1242 2604 faciant
1277 2584 1308 2603 ca
1332 2584 1391 2610 quae
1428 2575 1527 2603 demitti
1563 2574 1669 2610 jnbent.

925 2625 954 2653 Si
984 2629 1107 2652 naturam
1139 2629 1260 2651 nostram
1284 2623 1441 2655 daemonum
1469 2627 1576 2648 servam
1602 2619 1676 2646 Deus

889 2671 1042 2704 constituit,
1058 2671 1194 2697 daemones
1227 2673 1317 2695 autem
1339 2674 1386 2694 nos
1410 2666 1444 2693 ad
1470 2671 1551 2693 omne
1579 2664 1676 2691 vitium

886 2717 1040 2752 impellunt,
1067 2716 1194 2743 vitiorum
1224 2715 1346 2742 ennium
1380 2716 1475 2739 auctor
1504 2715 1546 2738 est
1581 2710 1664 2739 Deus.

888 2763 969 2798 Atqui
1007 2761 1106 2789 nullius
1145 2760 1209 2788 mali
1250 2759 1320 2786 Deus
1360 2762 1401 2785 est
1440 2763 1533 2784 causa.
1564 2755 1677 2784 Nullum

887 2812 959 2839 enim
986 2809 1085 2836 malum
1110 2808 1144 2835 ab
1162 2815 1194 2834 co
1210 2807 1254 2841 qui
1274 2811 1370 2832 natura
1398 2806 1485 2832 bonus
1499 2807 1563 2837 ,est,
1590 2802 1679 2838 proti~

42 2855 85 2881 ,δν
102 2854 140 2880 ἐκ
160 2852 212 2880 τοῦ
228 2851 309 2887 φύσει
327 2851 442 2886 ἀγαθοῦ.
462 2851 520 2878 Οὐκ
543 2851 597 2886 ἄρα
622 2851 636 2877 ό
651 2850 717 2882 Θεὸς
740 2849 838 2886 δούλην

923 2857 1004 2885 scitur
1051 2854 1108 2882 Non
1155 2853 1238 2886 igitur
1275 2852 1426 2880 daemonum
1465 2857 1571 2879 servam
1607 2848 1683 2876 Deus
