1873 3075
44 131 110 165 1231

39 191 213 225 εσκεύαζυν,
249 192 297 220 καὶ
321 191 385 225 τοὺς
415 191 606 228 δαιμονῶντας

42 239 113 274 μήτε
126 239 160 274 τῇ
179 238 316 275 σπουδαίᾳ
330 239 384 266 τῶν
410 238 596 266 Μασαλιανῶν
610 239 688 275 εὐχῇ,
711 240 782 276 μήτε
800 241 832 276 τῇ

40 285 161 320 χριμψιι
182 285 230 313 καὶ
263 284 418 312 ἀποπτύσει
435 284 505 320 πρὸς
519 285 610 318 δίωξιν
630 285 685 312 τῶν
695 276 834 320 δαιμόνων

42 331 193 366 χρώμενοι.
208 332 239 358 Εί
255 331 284 358 δὲ
300 333 314 358 ό
339 331 443 367 Κύριος
459 331 524 366 περὶ
545 331 600 358 τῶν
623 332 763 367 δαιμόνων
777 332 835 358 ἐλε-

42 385 104 410 γεν,
119 377 160 404 ὅτι
178 377 269 404 Ton
285 377 319 404 τὸ
342 377 430 411 γένος
451 377 508 404 οὐκ
524 376 679 411 ἐξέρχεται
693 379 719 405 si
739 377 783 413 μὴ
799 378 836 405 ἐν

39 423 200 458 προσευχῇ
215 423 265 449 καὶ
276 423 414 458 νηστείᾳ,
426 423 484 450 ἀλλ’
496 423 526 449 οὐ
543 424 609 458 περὶ
620 424 730 451 πάντων
740 425 834 456 ἁπλῶς

40 473 98 499 τῶν
114 472 345 507 προσευχομένων
360 472 407 499 καὶ
432 473 625 507 νηστευόντων
641 473 747 508 ἔλεγεν,
766 473 835 501 ἀλλὰ

38 519 106 554 περὶ
123 518 173 553 μὲν
188 518 243 546 τῶν
254 518 298 545 διὰ
316 518 364 545 τοῦ
376 518 449 546 θείου
460 519 649 554 βαπτίσματος
661 520 834 556 υῑοθετηοέν-

40 573 99 591 των
115 564 153 599 τῷ
169 564 230 599 Θεῷ
242 565 289 592 καὶ
303 565 400 600 Πατρὶ,
415 566 462 592 καὶ
478 565 710 601 συγκληρονόμων
722 565 768 593 τοῦ
784 566 836 601 φύ-

39 609 161 637 σειΥίοῦ
178 610 251 638 κατὰ
270 611 351 646 χάριν
372 611 577 646 γεγενημένων,
597 612 662 646 περὶ
683 608 721 639 ὧν
740 612 834 646 ἔλεγεν

42 657 58 682 ὁ
84 656 264 688 ’Δπόστολος·
283 657 371 683 Ὅσοι
396 658 440 690 εις
468 658 600 691 Χριστὸν
621 658 833 692 ἐϐαπτίσθητε,

38 704 173 738 Χριστὸν
185 704 386 732 ἐνεδύσασθε.
401 705 481 736 Ποτος
491 705 546 740 γὰρ
564 705 680 737 ἄπιστος
697 705 713 740 ἢ
730 705 834 740 αἰρετι-

41 751 92 781 κὸς
106 749 209 777 δύναιτ’
225 749 259 778 ἂν
274 751 412 778 ἀπελάσαι
436 751 554 787 δαίμονα
569 751 614 779 διὰ
630 752 761 787 νηστείας
784 752 833 778 καὶ

40 795 210 830 προσευχῆς,
229 795 281 822 κᾶν
295 796 461 829 ἐπιδείξαιτο
469 797 574 828 ταύτας
586 797 830 833 ἀνυπερϐλήτουςς

37 840 94 870 Ὦν
106 843 189 879 γὰρὴ
205 843 298 874 πίστις
315 844 446 879 ἀδόκιμος
475 845 523 871 καὶ
550 843 710 879 ἀνίσχυρος,
728 844 833 872 τούτων

37 888 90 915 καὶ
104 889 120 923 ἠ
136 889 276 925 προσευχὴ
284 889 332 917 καὶ
347 889 460 923 νηστεία
474 889 594 921 πάντως.
610 890 666 917 Καὶ
682 890 737 916 πᾶν
753 889 834 924 ἔργον

38 933 134 961 αὐτῶν
148 934 178 960 οὐ
194 935 276 966 μόνον
299 935 330 962 οὐ
361 935 490 970 φοϐερὸν,
518 935 587 962 ἀλλὰ
602 935 651 962 καὶ
681 935 761 969 φίλον
777 936 836 967 τοῖς

38 981 185 1017 δαίμοσιν·
205 983 230 1009 εί
245 983 282 1018 μή
300 983 352 1010 πού
369 991 413 1014 τις
429 983 484 1010 τῶν
498 983 629 1010 τοιούτων
645 983 689 1010 διὰ
706 983 835 1018 γοητείας

39 1028 116 1060 τινὸς
131 1028 222 1061 ἔδοξεν
241 1029 381 1057 ἀπελάσαι
407 1030 535 1065 δαίμονα.
567 1029 596 1056 'U
613 1029 681 1064 γοῦν
699 1029 772 1056 κατὰ
787 1029 833 1056 τὸν

38 1074 91 1102 τοῦ
115 1075 218 1110 Κυρίου
244 1075 328 1110 λόγον
346 1078 581 1111 προσευχόμενος,
610 1075 657 1102 καὶ
678 1074 830 1112 νηστεύων,

37 1120 91 1147 καὶ
105 1120 158 1146 τῶν
175 1120 265 1148 ἄλλων
281 1121 331 1156 μὲν
357 1121 465 1156 ἀρετῶν
482 1119 552 1149 εῖναι
576 1122 690 1157 μέτοχος
713 1121 830 1156 ὀφείλει,

44 1166 167 1201 μάλιστα
184 1167 213 1194 δὲ
229 1167 279 1198 τὰς
293 1166 340 1193 δύο
354 1167 458 1199 ταύτας
469 1167 664 1203 μετέρχεσθαι,
680 1167 729 1203 τὴν
745 1175 831 1202 προσ-

36 1211 123 1247 ευχὴ-ι
139 1212 212 1246 λέγω
238 1214 286 1239 καὶ
320 1212 373 1248 τὴν
386 1213 528 1248 νηστείαν.
549 1212 578 1239 '0
593 1212 621 1240 δὲ
638 1212 689 1247 τὴν
710 1220 832 1248 προσευο

36 1257 93 1294 χὴν
110 1257 159 1293 μὲν
175 1258 255 1294 μόνον
285 1258 465 1293 Επιτηδεύων,
480 1258 529 1290 τὰς
545 1258 628 1290 ἄλλας
640 1257 669 1284 δὲ
694 1257 835 1294 παρατρέ-

35 1313 108 1340 χων,
124 1305 171 1331 καὶ
188 1304 413 1340 καταρῤᾳθυμῶν
431 1304 532 1338 αὐτῶν,
547 1304 578 1331 οὑ
604 1303 685 1339 μόνον
709 1304 760 1330 οὐκ
781 1304 833 1330 ἀπα

37 1350 136 1378 vim.
163 1350 210 1378 τὸν
224 1350 384 1378 ἐνοικοῦντα
401 1350 489 1385 τούτῳ
506 1349 633 1385 δαίμονα,
652 1349 743 1382 καθὼς
761 1346 835 1377 οὗτοι

36 1396 177 1429 λέγουσιν,
193 1396 263 1423 ἀλλὰ
281 1396 329 1423 καὶ
348 1395 449 1432 μᾶλλον
462 1395 564 1428 ἔξωθεν
577 1396 643 1423 ὄντα
657 1396 703 1422 διὰ
710 1397 760 1430 τὴν
777 1395 834 1422 τῶν

496 133 687 166 ΡΑΝΟΡιῐΑ
706 135 936 169 DOGMATICA.
948 149 981 155 ·-
995 138 1072 171 ΤΙΤ.
1094 139 1198 172 XXVI.

1615 138 1684 170 1352

647 193 818 230 ἐθεράπευον
830 215 839 229 ,
855 199 878 229 Α
896 197 1014 225 curabat)

922 197 1040 230 trabant,
1055 204 1111 225 non
1125 201 1215 224 autem
1236 201 1367 225 accurata
1381 196 1588 230 lasalianorum
1621 203 1684 230 pre-

889 239 1008 273 catione,
1041 248 1130 275 neque
1162 242 1354 269 exsccratione
1387 246 1415 269 et
1449 241 1624 276 despectione
1648 241 1682 268 ad

885 284 1024 314 daemonas
1082 285 1231 320 ejiciendos
1268 287 1421 314 utebantur.
1455 286 1488 313 Et
1526 294 1680 322 quanquam

887 329 1016 357 Dominus
1046 329 1114 357 dixit
1149 330 1183 357 de
1213 330 1405 358 daemonibus:
1438 330 1494 357 (loc
1515 339 1596 366 genus
1627 339 1680 358 non

884 375 991 409 ejicimr
1019 375 1077 401 nisi
1098 375 1126 401 in
1149 376 1269 402 oratione
1302 380 1327 402 et
1346 375 1487 410 jejunio‘,
1514 383 1567 403 non
1591 381 1681 404 tamen

888 421 922 448 de
935 421 1071 455 omnibus,
1098 421 1143 456 qui
1174 421 1300 456 jejunant
1324 427 1351 448 ct
1380 428 1528 456 precantur
1549 422 1682 458 simplici-

885 469 927 494 ter
941 467 1047 494 locutus
1062 471 1112 500 est,
1129 467 1176 495 sed
1193 468 1225 494 de
1239 468 1292 495 illis
1306 467 1449 500 duntaxat,
1477 469 1523 503 qui
1540 476 1589 503 per
1609 469 1680 495 divi-

885 520 951 539 num
964 512 1129 548 baptismum
1146 513 1172 540 in
1188 513 1232 541 Dei
1247 519 1273 541 et
1289 513 1380 541 Patris
1407 513 1476 541 ﬁlios
1506 519 1570 541 sunt
1595 514 1681 549 adop-

886 559 945 592 tati,
961 563 989 587 et
1005 559 1076 595 ejus,
1101 561 1147 595 qui
1167 565 1261 588 natura
1276 559 1362 587 Filius
1380 565 1421 588 est
1448 560 1605 587 cohzeredes
1633 567 1681 593 per

886 604 1003 637 gratiam
1023 605 1121 638 effecti,
1149 605 1181 632 de
1196 605 1294 640 quibus
1308 605 1415 633 dicebat
1430 605 1575 640 Apostolus
1590 614 1597 632 :
1615 604 1680 633 0m-

886 658 931 677 πει
960 651 1004 684 qui
1038 652 1066 678 in
1103 651 1237 678 Christum
1271 652 1398 685 baptizari
1427 653 1500 685 estis,
1541 651 1676 678 Christum

885 698 1010 725 induisti:
1025 699 1046 725 ¹.
1092 699 1159 732 Quis
1195 701 1267 726 enim
1299 699 1414 728 intldelis
1458 705 1505 727 aut
1537 700 1681 727 haereticus

886 745 1033 772 daemonem
1062 745 1150 780 possit
1169 745 1303 780 expellere
1322 745 1433 780 jejuniis
1461 750 1488 773 et
1502 745 1679 777 orationibus,

888 790 953 818 licet
983 791 1017 819 iis
1047 795 1141 819 utatur
1155 791 1288 818 eximiis?
1319 792 1441 824 Quorum
1461 792 1533 819 enim
1557 791 1679 825 improba

885 839 927 863 est
947 836 1014 864 ﬁdes
1054 841 1082 864 et
1110 836 1225 868 inﬁrma,
1242 837 1339 864 horum
1365 842 1393 864 et
1407 844 1505 871 preces
1530 841 1557 864 et
1579 836 1680 872 jejunia

850 874 870 902 Β
885 885 948 908 sunt
967 881 1074 908 inﬁrma
1095 881 1185 916 plane.
1212 881 1246 908 Et
1258 889 1338 915 opera
1357 881 1477 916 ipsorum
1503 881 1674 908 daemonibus

885 933 940 953 non
958 926 1138 959 formidanda.
1157 927 1205 954 sed
1230 932 1306 961 grata
1322 931 1394 954 sunt.
1421 926 1478 953 Nisi
1495 926 1557 961 quis
1585 933 1680 954 eorum

883 971 1034 1007 praestigiis
1058 976 1084 999 et
1109 971 1226 999 fallaciis
1254 972 1393 1000 daemones
1419 972 1520 1006 ejicere
1547 972 1680 1000 videatur.

883 1016 1018 1052 Quisquis
1044 1017 1126 1052 igitur
1148 1024 1182 1044 ex
1209 1017 1299 1044 verbis
1336 1017 1442 1045 Domini
1486 1022 1625 1052 precatur,
1650 1022 1680 1045 et

883 1062 1000 1098 jejunat,
1017 1067 1045 1092 et
1059 1063 1173 1091 aliarum
1191 1064 1322 1091 virtutum
1345 1072 1406 1092 esse
1437 1066 1574 1100 particeps
1587 1065 1679 1097 debet,

887 1110 914 1137 in
929 1110 1024 1145 primis
1047 1114 1142 1137 autem
1161 1111 1217 1138 haec
1232 1111 1297 1144 duo,
1323 1117 1422 1145 nempe
1438 1110 1621 1145 precationem
1653 1116 1681 1138 et

885 1155 1031 1190 jejunium,
1055 1157 1195 1184 adbibere.
1220 1157 1272 1189 Qui
1293 1164 1358 1185 vero
1371 1157 1482 1192 reliquis
1498 1158 1608 1186 omissis
1621 1165 1682 1192 pre-

884 1208 931 1228 ces
958 1205 1062 1228 tantum
1088 1201 1207 1232 adhibet,
1235 1202 1258 1229 is
1286 1210 1338 1229 non
1363 1203 1450 1230 solum
1483 1202 1680 1230 inliabitantcm

890 1246 1042 1274 daemonem
1061 1253 1114 1274 non
1137 1246 1237 1280 cjiciet,
1250 1250 1278 1273 ut
1294 1247 1338 1274 isti
1361 1247 1468 1279 dicunt,
1489 1249 1535 1274 sed
1561 1255 1634 1281 eum,
1657 1247 1682 1275 si

887 1291 966 1319 fortis
978 1292 1024 1325 sit,
1041 1296 1154 1328 propter
1165 1292 1295 1320 virtututu
1309 1293 1460 1326 neglectum
1475 1293 1605 1326 alliceret,
1618 1293 1681 1320 licet

890 1338 990 1366 millies
1021 1339 1135 1374 singulis
1164 1339 1260 1366 diebus
1290 1344 1491 1373 exsecraretur,
1516 1344 1543 1367 et
1571 1339 1681 1367 [lumina

887 1388 1032 1419 sputorum
1046 1385 1207 1412 eﬂunderet.

39 1442 135 1469 χαλῶν
151 1442 282 1477 ἀμέλειαν
311 1442 507 1476 ὶπισπάσεται,
537 1442 589 1469 κᾶν
605 1442 738 1478 μυριάκις
767 1441 810 1476 ἐφ’
837 1440 957 1476 ἑκάστης
983 1441 1090 1477 ἡμέρας
1110 1441 1284 1477 χρέμψαιτο,
1317 1441 1369 1469 κᾶν
1405 1441 1546 1476 ποταμοὺς
1580 1441 1682 1478 ἀφήσει

42 1488 182 1516 πτυάλων.

80 1535 110 1561 El
126 1534 318 1562 συνουσίωνται
338 1536 372 1570 τῇ
382 1535 461 1569 φύσει
472 1534 687 1570 τῶνάνθρώπων
698 1534 722 1561 οί
733 1534 830 1570 δαίμο-
845 1536 868 1567 c
918 1533 946 1561 Si
969 1538 1014 1561 nat

920 1533 946 1561 Si
969 1538 1072 1561 naturae
1095 1534 1233 1561 hominum
1259 1533 1396 1561 daemones
1410 1533 1483 1561 insiti
1497 1539 1570 1567 sunt,
1599 1534 1634 1562 ab
1649 1542 1681 1561 ea

36 1590 96 1613 νες,
121 1581 250 1608 ἀδύνατον
266 1581 488 1617 ἁποδιαιρεθῆναι
511 1581 622 1613 τούτους
639 1581 724 1614 αὐτῆς
738 1581 774 1608 δι’
791 1581 831 1607 οι-

37 1627 178 1662 ασδήπστι
191 1628 315 1663 μηχανῆς
328 1627 394 1663 ἄχρι
418 1627 522 1659 τέλους.
555 1627 595 1654 Τὰ
621 1626 676 1663 γὰρ
702 1626 831 1662 ἡνωμένα

37 1672 165 1707 φυσικῶς
179 1672 319 1708 ἀδιαίρετα
336 1673 432 1708 μέχρις
451 1673 484 1700 ἂν
500 1672 541 1704 είς
556 1672 717 1699 τελευταίαν
730 1672 831 1699 ἀνάλυ-

38 1727 84 1745 σιν
99 1719 313 1754 κιταντήσωσιν.
338 1718 409 1745 Είδὲ
421 1718 466 1745 διὰ
485 1718 589 1754 τρόπου
612 1718 684 1750 τινος
712 1717 832 1745 ἀπελαύ-

37 1772 144 1796 νονται,
167 1764 198 1791 οὐ
213 1764 335 1799 φυσικῶς
367 1765 487 1800 ῆνωνται
516 1764 636 1797 πάντως,
657 1763 714 1791 ἀλλ’
732 1763 832 1797 ἔξωθεν

37 1810 213 1845 ἐπέρχονται,
225 1810 272 1837 καὶ
287 1810 530 1845 συνδιατρίϐουσιν.

78 1854 111 1881 Et
125 1855 166 1882 διὰ
182 1855 233 1890 τὴν
247 1853 402 1891 παράϐασιν
415 1854 465 1888 τῆς
482 1854 595 1889 πρώτης
619 1854 729 1889 ἑντολῆς
752 1862 831 1880 συνε-

39 1900 167 1936 κλήρωσε
178 1901 210 1936 τῇ
223 1899 302 1935 φύσει
315 1899 370 1927 τῶν
386 1899 540 1935 ἀνθρώπων
551 1899 565 1925 6
580 1899 647 1931 Θεὸς
662 1899 725 1930 τοὺς
735 1899 832 1933 δαίμο-

40 1954 104 1977 νας,
120 1945 167 1973 καὶ
185 1945 344 1980 παρέδωκεν
357 1945 443 1980 αὐτὴν
461 1944 620 1980 ύποχειρίαν
634 1945 735 1977 αὐτοῖς,
747 1952 833 1972 κατα-

38 1991 124 2026 γνόιη
139 1999 180 2022 τις
190 1989 222 2017 ἂν
239 1989 322 2016 αὑτοῦ
345 1989 446 2025 πολλὴν
466 1990 598 2025 ὡμότητα
624 1989 672 2016 καὶ
686 1989 832 2025 ἀπήνειαν,

37 2037 139 2072 πρῶτα
164 2037 213 2072 μὲν
230 2036 261 2062 τὸ
272 2036 446 2072 ἀνθρώπινον
463 2035 545 2071 σῶμα
561 2035 689 2063 ὲπίνοσον
706 2036 753 2062 καὶ
768 2035 833 2070 θνη-

37 2084 90 2110 17w
103 2083 356 2113 κατασκευάσαντος
370 2081 414 2109 διὰ
428 2081 478 2117 τὴν
497 2081 649 2117 εἰρημένην
664 2081 830 2116 παράϐασιν,

38 2131 139 2157 ἔπειτα
150 2130 178 2157 δὲ
193 2130 238 2157 καὶ
251 2129 440 2165 βασανίζοντος
451 2129 514 2161 τοὺς
530 2128 693 2164 ἀνθρώπους
721 2129 766 2156 διὰ
782 2129 832 2164 τῆς

37 2176 198 2212 τυραννίδος
213 2175 267 2202 τῶν
294 2175 428 2210 δαιμόνων
447 2175 647 2201 ἑπιταττόντων
662 2174 755 2206 αὐτοῖς
782 2175 832 2206 τὰς

882 1581 1004 1615 separari
1021 1587 1106 1614 usque
1123 1580 1156 1606 ad
1171 1580 1251 1607 ﬁnem
1268 1580 1340 1606 nulla
1357 1580 1462 1607 ratione
1479 1584 1602 1614 possunt.
1615 1579 1680 1613 Quae

881 1627 954 1654 enim
971 1625 1128 1653 naturaliter
1144 1625 1286 1660 conjuncta
1313 1630 1387 1658 sunt,
1401 1625 1507 1660 sejungi
1537 1631 1683 1660 nequeunt,

882 1671 971 1707 quoad
982 1672 1009 1698 in
1018 1676 1166 1699 extremam
1180 1671 1370 1699 resolutionem
1383 1671 1549 1706 redigantur.
1558 1671 1649 1706 Itaque
1659 1670 1682 1698 si

883 1718 988 1745 ratione
999 1716 1088 1751 aliqua
1103 1717 1287 1752 expelluntur,
1310 1718 1469 1745 naturaliter
1481 1716 1602 1751 proiecto
1617 1724 1683 1744 con-

880 1762 965 1796 juncti
984 1770 1036 1789 non
1049 1766 1123 1795 sunt,
1136 1762 1182 1790 sed
1199 1763 1369 1790 extrinsecus
1389 1763 1520 1791 accedunt
1535 1767 1563 1790 et
1577 1761 1684 1791 inhabi-

881 1811 951 1835 tant.

920 1852 948 1879 Si
963 1857 1072 1887 propter
1097 1852 1176 1887 primi
1206 1853 1333 1888 prtczepti
1353 1854 1593 1889 transgressionem
1612 1855 1684 1884 Deus

883 1902 988 1926 naturas
1011 1898 1150 1925 hominum
1173 1898 1312 1926 daemonas
1336 1898 1469 1933 adjunxit,
1486 1907 1601 1935 eamque
1630 1901 1684 1929 illis

880 1944 1009 1979 subjecit,
1023 1951 1126 1979 magna!
1139 1944 1198 1979 quis
1209 1944 1295 1979 ipsum
1308 1945 1474 1974 crudelitatis
1486 1949 1514 1974 et
1527 1945 1682 1974 immanita-

883 1989 918 2017 tis
927 1996 978 2017 non
991 1989 1107 2023 incuset,
1118 1990 1164 2025 qui
1176 1996 1230 2017 non
1241 1994 1384 2019 contentus
1397 1991 1431 2019 ob
1446 1991 1518 2018 illam
1532 1996 1683 2027 transgres-

882 2035 986 2063 sionem
996 2043 1093 2070 corpus
1107 2035 1254 2063 humanum
1265 2036 1367 2064 morbis
1392 2037 1526 2072 mortique
1538 2037 1683 2072 subjicere,

884 2083 1036 2111 daemonum
1045 2081 1183 2109 dominatu
1197 2082 1324 2110 mortales
1337 2083 1513 2118 oppresserit,
1527 2083 1573 2119 qni
1585 2089 1683 2119 cogant

884 2137 931 2157 cos
940 2129 1068 2164 peccatis,
1080 2128 1178 2163 quibus
1194 2135 1266 2156 mors
1278 2129 1376 2156 animae
1386 2129 1526 2165 inﬂigitur,
1539 2130 1680 2162 inservire.

883 2182 913 2204 nt
937 2185 984 2205 eos
1012 2176 1129 2212 denique
1157 2176 1203 2211 qui
1231 2176 1343 2204 nctariis
1371 2177 1520 2204 sceleribus
1559 2177 1682 2205 obstricti

36 2207 231 2259 ψυᾷοφθόρους
255 2207 402 2257 ἁμαρτίας,
422 2221 469 2248 καὶ
486 2221 639 2248 τελευταῖον
660 2221 830 2256 άποκληρὼ-
849 2207 869 2235 D
885 2221 996 2255 inierint,

920 2222 996 2255 :rint,
1021 2222 1073 2257 igni
1093 2221 1234 2254 exteriori,
1257 2222 1304 2255 qui
1328 2227 1439 2256 paratus
1454 2227 1495 2250 est
1520 2223 1627 2250 diabolo
1654 2227 1682 2250 et

37 2277 138 2300 σαντος
154 2270 209 2300 τοῖς
221 2267 318 2295 ἀνίατα
336 2265 526 2303 πλημμελοῦσι
540 2267 571 2294 τὸ
585 2266 641 2302 πῦρ
660 2275 690 2293 τε
718 2267 748 2294 τὸ
762 2267 830 2300 ἐξώ-

36 2323 121 2350 τερον
132 2314 161 2341 τὺ
173 2313 375 2349 ἡτοιμασμένον
401 2312 440 2348 τῷ
457 2312 584 2347 διαϐόλῳ,
605 2312 651 2339 καὶ
671 2314 728 2344 τοῖς
748 2312 832 2346 ἀγγέ-

34 2363 100 2393 λοις
115 2360 209 2394 αὑτοῦ,
229 2360 276 2387 καὶ
291 2359 340 2391 τὰς
357 2359 440 2391 ἄλλας
458 2358 584 2390 αἰωνίους
597 2358 732 2390 κολάσεις.
750 2357 832 2385 Ἀλλὰ

40 2409 99 2442 μὴν
112 2406 302 2442 φιλάνθρωπος
315 2406 330 2432 ό
347 2405 413 2436 Θεὸς
423 2404 470 2432 καὶ
491 2403 607 2435 δίκαιον
631 2404 664 2439 τῇ
680 2404 730 2438 μὲν
743 2411 832 2439 πειρα-

37 2453 120 2480 6άσει
135 2453 185 2488 τῆς
211 2451 321 2486 ὲντολῆς
342 2452 390 2478 καὶ
415 2451 448 2486 τῇ
464 2449 494 2483 ὲξ
520 2450 603 2484 αὐτῆς
630 2449 754 2486 ἁμαρτίᾳ
784 2449 832 2477 τοῦ

37 2502 217 2539 προπάτορος
230 2502 258 2528 αι
275 2501 347 2529 νόσοι
359 2501 406 2528 καὶ
418 2501 432 2527 ό
452 2499 566 2530 θάνατο;
582 2496 730 2532 ἐπιτίμιον,
760 2495 789 2522 ὃν
815 2496 832 2531 ή

42 2538 204 2583 παράδασις
230 2546 279 2574 καὶ
305 2548 323 2581 ὴ
350 2547 472 2582 ἁμαρτία
493 2544 688 2582 προεξένησαν,
717 2541 764 2569 καὶ
788 2538 834 2568 οὖ-

37 2602 89 2626 τος
104 2593 148 2620 διὰ
162 2592 377 2629 φιλανθρωπίαν,
405 2593 450 2620 ἶνα
464 2591 641 2624 διακοπείσης
667 2588 719 2623 τῆς
744 2587 833 2623 ἁμαρ.

37 2639 115 2670 τξας.
129 2639 166 2674 μὴ
181 2638 313 2666 ἀθάνατον
365 2638 394 2664 τὸ
421 2637 515 2667 κακὸν,
543 2635 581 2665 ὡς
596 2636 610 2662 ὸ
625 2633 755 2667 Θεολόγος
780 2632 833 2667 ἔφη

39 2684 206 2719 Γρηγόριος·
232 2684 260 2710 αἱ
272 2683 301 2710 δὲ
315 2683 444 2710 ἀθάνατοι
458 2682 584 2712 κολάσεις
598 2681 628 2706 οὺ
658 2680 706 2715 τῆς
722 2679 834 2714 πρώτης

38 2729 227 2764 παρασάσεώς
242 2730 311 2757 εἰσιν
331 2729 480 2763 ἐπιτίμιον,
512 2726 579 2754 ἀλλὰ
590 2726 644 2752 τῶν
667 2724 833 2761 ἡμαρτημέ-

39 2783 98 2804 νων
113 2776 221 2811 ἑκάστῳ
236 2775 292 2802 τῶν
309 2773 472 2811 ἀνθρώπων,
489 2773 548 2809 ήτοι
560 2771 615 2799 τῶν
625 2771 679 2798 ἀπὸ
693 2770 741 2798 τοῦ
757 2778 831 2806 “pro.

80 2867 91 2884 ¹
110 2866 207 2896 Matth.
230 2876 268 2902 tx,
297 2869 344 2897 28.
381 2869 391 2886 '
419 2868 509 2898 Galat.
529 2869 628 2901 tn.27.

882 2267 984 2302 angelis
1010 2268 1078 2300 ejus,
1097 2267 1211 2302 aliisque
1225 2267 1366 2302 suppliciis
1381 2267 1516 2295 addixerit
1540 2268 1683 2303 sempiter-

883 2313 937 2341 nis.
951 2312 1032 2348 Atqui
1048 2312 1181 2348 benignus
1192 2317 1235 2341 est
1254 2307 1334 2347 Deus',
1346 2318 1374 2341 et
1387 2313 1487 2348 justus.
1504 2313 1596 2348 Itaque
1611 2321 1681 2348 pra:-

882 2357 952 2393 cepti
975 2359 1195 2394 transgressioni,
1214 2363 1241 2386 et
1258 2359 1337 2394 primi
1351 2360 1474 2395 parentis
1487 2365 1599 2395 peccato
1616 2367 1681 2395 pro-

882 2403 962 2438 νοεὶιὶ
988 2408 1053 2431 sunt
1075 2404 1162 2431 morbi
1178 2408 1207 2432 et
1232 2412 1316 2438 mors,
1345 2413 1425 2440 quam
1450 2406 1630 2441 transgressio
1655 2409 1682 2434 et

883 2453 1024 2485 peccatum
1053 2449 1245 2478 conciliarunt.
1272 2451 1338 2484 Quae
1357 2452 1466 2486 quidem
1493 2460 1565 2480 mors
1580 2453 1682 2480 indicat

883 2495 941 2531 ejus
951 2495 1156 2531 benignitatem,
1168 2501 1210 2524 est
1216 2498 1287 2524 enim
1299 2505 1378 2526 causa
1392 2503 1420 2525 ut
1428 2499 1577 2533 interrupto
1585 2505 1682 2533 pecca-

884 2546 911 2570 to
922 2542 1020 2570 malum
1033 2548 1190 2578 perpetuum
1205 2551 1258 2571 non
1274 2545 1320 2577 sit,
1333 2549 1359 2572 ut
1372 2545 1517 2579 Gregorius
1528 2545 1680 2580 Theologns

883 2587 930 2615 ait.
944 2586 1081 2623 Supplicia
1099 2593 1188 2616 autem
1201 2594 1301 2617 aeterna
1319 2597 1370 2618 non
1383 2591 1476 2626 prima:
1488 2591 1681 2626 transgressio-

883 2634 910 2660 ni
931 2633 1069 2668 proposita
1092 2638 1164 2668 sunt,
1192 2635 1239 2662 sed
1256 2635 1368 2670 singulis
1391 2635 1553 2668 hominibus.
1591 2637 1636 2670 qui
1650 2643 1680 2664 se

883 2679 1002 2714 peccatis
1013 2679 1197 2715 obstringunt,
1215 2681 1271 2709 sive
1289 2681 1334 2716 qui
1355 2682 1410 2716 jam
1423 2682 1485 2709 inde
1500 2689 1514 2709 a
1531 2682 1618 2717 primo
1628 2689 1678 2717 pa-

884 2729 961 2752 rente
976 2732 1061 2760 usque
1074 2726 1107 2753 ad
1122 2726 1214 2754 mundi
1224 2728 1481 2755 consummationem
1499 2727 1599 2755 nullam
1614 2735 1680 2764 pec-

884 2771 952 2800 catis
980 2772 1148 2800 curationem
1178 2771 1371 2801 adhibuerunt.
1403 2773 1558 2803 Daemonum
1586 2778 1678 2802 autem
