1873 3075
37 144 87 174 285

463 134 652 167 PANOPLIA
675 131 907 165 DOGMATlCA.
926 144 959 149 —
976 131 1051 162 TiT.
1075 131 1184 162 XXVI.

1571 126 1609 159 12.
1621 125 1640 157 6

51 198 179 232 Λέγουσιν,
189 196 232 224 δτι
248 194 421 223 συνοικοῦσιν
431 193 460 220 ὲν
474 192 513 228 τῷ
523 191 660 227 ἀνθρώπῳ
667 190 698 217 τὸ
707 189 792 216 Πνεῦ-

878 187 974 215 Dicunt
987 187 1014 215 in
1031 186 1140 215 bomine
1156 189 1184 213 et
1199 189 1322 214 sanctum
1336 184 1482 221 Spiritum,
1498 187 1525 211 et
1538 184 1639 212 daemo-

32 245 58 271 ιά
71 252 97 270 τε
120 243 146 270 τδ
157 243 233 278 ἅγιον
244 242 293 270 καὶ
311 243 326 269 ὸ
339 241 457 276 δαίμων.
491 238 574 266 ’Δλλὰ
589 237 648 269 πῶς
666 235 795 270 συνοική-

32 299 103 317 ουσιν
115 290 231 325 ἀλλήλοις
248 288 327 320 Θεὸς,
341 287 389 314 καὶ
405 286 522 321 δαίμων,
536 285 567 311 τδ
584 282 793 318 καθαρώτατον,

33 335 62 361 αἱ
78 334 174 362 πάντων
185 333 427 369 ἁκαθαρτότατονς
441 331 472 358 τδ
483 330 553 365 φῶς,
565 330 614 356 καὶ
626 328 657 355 τὸ
675 328 772 359 σκότος
784 335 792 360 ;

32 381 38 406 ί
55 381 119 407 κατὰ
131 380 273 415 διάμετρον
288 378 416 414 ἀλλήλοις
425 376 614 412 ἐχθραίνοντες
624 383 631 408 ;
643 374 731 401 Ὅπου
739 373 794 408 γὰρ

32 425 170 460 πιδημήσει
194 424 225 450 sb
241 423 354 458 Πνεῦμα
370 423 401 450 τὸ
428 422 518 456 ᾶγιον,
546 419 711 455 δραπετεύει
737 418 792 449 πᾶς

32 470 115 504 κίμων
126 469 229 504 φεύγων
245 469 330 502 ὀξέως
362 468 410 495 καὶ
429 466 648 503 ἀμεταστρεπτὶ,
664 464 792 498 καθάπερ

33 516 68 542 πὸ
79 517 163 551 πυρός.
175 516 240 547 Θεὸς
258 515 307 550 μὲν
322 514 419 550 γὰρτὸ
432 512 548 546 Πνεῦμα
562 512 593 539 τὸ
615 511 705 545 ἅγιον·
721 510 746 537 εί
762 509 792 537 δὲ

35 563 88 595 εὸς,
102 561 207 597 καὶπῦρ
216 560 416 588 καταναλίσκον
427 561 475 595 τὴν
489 558 545 586 τῶν
560 558 696 593 δαιμόνων
716 556 792 591 ίσχύν

32 611 69 636 ,αὶ
83 610 110 636 τὸ
125 609 170 644 μὲν
193 609 290 640 σκότος
315 607 409 634 λύεται
426 608 460 642 τῇ
477 605 615 642 παρουσίᾳ
629 604 677 631 τοῦ
691 604 791 639 φωτὸς,

34 655 64 681 δὲ
81 655 190 690 πονηρὸς
217 654 324 689 δαίμων
351 654 493 680 ἐλαύνεται
519 651 732 688 βασανιζόμενος
758 651 791 685 τῇ

33 700 124 733 ἀστιγι
136 700 182 733 τῆς
205 699 371 734 ἐνοικήσεως
387 698 435 725 τοῦ
454 697 532 732 ἁγίου
543 697 702 731 Πνεύματος
712 703 720 711 ·
735 696 792 726 τοῖς

32 747 66 781 ip
78 745 142 779 ἄγαν
155 745 287 777 ἐναντίοις
300 745 351 771 οὐκ
378 744 437 771 ἔστι
455 743 614 778 συνοίκησις
626 750 633 757 ·
650 741 791 778 φθείρεται

32 792 77 828 ip,
93 791 106 827 ἢ
122 791 259 825 ίξωθεῖται
269 791 299 817 te
309 790 514 825 ἀσθενέστερον.

44 839 183 872 Λέγουσιν,
199 837 241 864 δτι
251 836 335 871 φύσει
351 836 385 863 τὰ
399 837 485 868 κακὰ,
496 835 637 863 τουτέστιν
656 836 685 862 ai.
701 836 790 871 ἁμαρ-

33 894 75 913 αι.
96 884 162 920 Πρὸς
175 883 222 916 οὓς
251 883 439 918 ἀντιλέγομεν,
455 882 487 909 Et
516 881 596 917 φύσει
613 882 647 909 τὰ
677 882 788 909 τοιαῦτα

32 931 92 963 ixi,
110 931 156 966 τῆς
172 929 281 964 φύσεως
308 929 338 956 δὲ
371 927 539 964 δημιουργὸς
564 928 578 955 ό
595 927 672 959 Θεὸς.
701 928 789 959 αῐτιος

32 986 61 1003 >α
75 975 126 1002 τῶν
141 975 254 1002 κακῶνὸ
269 974 348 1007 Θεὸς,
369 975 417 1001 καὶ
431 973 493 1000 οὕτε
506 973 608 1009 κρίσις⁷
634 972 696 1000 οὔτε
712 973 791 1000 κόλα-

34 1032 49 1055 ς
65 1023 138 1049 ἔσται
150 1022 203 1049 τῶν
219 1020 444 1057 ἁμαρτανόντων,
458 1020 549 1053 καθὼς
566 1020 698 1054 ἀνωτέρω
720 1028 788 1054 προ-

32 1069 160 1104 δήλωται.
175 1067 230 1095 Καὶ
255 1067 365 1103 ψευδεῖς
386 1066 436 1102 μὲν
461 1066 490 1093 αί
504 1067 561 1098 τοῖς
585 1065 790 1101 ἁμαρτάνουσιν

32 1115 182 1150 τειλημέναι
197 1113 335 1146 κολάσεις,
349 1113 492 1148 ἀπατηλὸς
519 1112 548 1139 δὲ
564 1112 614 1147 τῆς
639 1111 792 1147 μελλούσης

32 1163 123 1193 ιίσεως
146 1160 264 1195 ὁφόϐος.
290 1159 331 1186 Τὰ
343 1159 398 1194 γὰρ
425 1160 460 1195 τῇ
477 1159 527 1195 τῇς
544 1159 653 1192 φύσεως
681 1158 790 1194 ἀνάγκη

33 1208 135 1242 νόμενα
148 1205 319 1240 συγγνωστὰ,
331 1205 384 1232 κᾶν
400 1204 444 1241 εῐη
457 1204 633 1240 παγχάλεπα.
647 1204 703 1231 Καὶ
711 1203 738 1231 εί
750 1212 791 1236 τις

32 1252 123 1287 ρσικὴν
136 1249 203 1279 εἶναι
220 1251 362 1278 πιστεύσει
375 1250 426 1286 τὴν
447 1250 600 1286 ἁμαρτίαν,
627 1250 792 1286 μετελεύσε-

32 1306 50 1325 .ι
62 1298 167 1328 πάντως
180 1295 283 1332 ταύτην
298 1295 385 1328 ἀδεῶς
397 1295 442 1323 διὰ
455 1295 505 1331 τὴν
519 1295 649 1331 λιτότητα
667 1295 716 1322 καὶ
729 1295 785 1331 ἡδο

32 1354 54 1379 ιν
68 1343 162 1378 αὐτῆς,
175 1343 213 1375 ὡς
228 1343 439 1378 ἀνεπιτίμητον,
468 1342 517 1369 καὶ
533 1341 583 1377 τὴν
597 1342 729 1369 πλατεῖαν
744 1342 792 1368 καὶ

35 1391 159 1427 ρύχωρον
166 1390 225 1416 ὁδὸν
242 1389 445 1424 ἁνθαιρήσεται.
467 1387 536 1415 Ἀλλ’
550 1389 575 1415 εί
589 1387 691 1424 ἀληθὴς
705 1388 719 1414 ὁ
732 1387 792 1414 Κύ-

32 1446 73 1469 ος,
96 1438 113 1472 ἡ
141 1435 331 1472 αὑτοαλήθεια,
369 1435 444 1470 Ἐγὼ
474 1436 547 1470 γὰρ,
579 1434 674 1470 φησὶν,
701 1434 791 1468 aly”)

32 1482 141 1517 ῑήθειιι·
167 1482 277 1514 πάντως
297 1481 387 1517 ἀληθῆ
403 1481 450 1508 καὶ
466 1481 501 1508 τὰ
529 1481 594 1516 περὶ
613 1480 669 1507 τῶν
696 1480 791 1507 αίωνί-

846 241 907 263 nem
922 233 1055 267 habitare,
1082 233 1108 260 id
1125 237 1177 266 est,
1198 239 1256 260 rem
1272 232 1393 260 omnium
1413 230 1597 267 purissimam,
1612 235 1639 258 et

846 287 902 308 rem
912 279 1033 308 omnium
1046 279 1268 314 impurissimam,
1287 278 1374 306 iurem
1390 283 1417 305 ct
1435 279 1572 308 tenebras.
1582 276 1640 304 dia-

847 331 934 353 metro
950 326 1020 353 inter
1043 332 1073 352 se
1084 325 1280 359 discrepantes.
1301 322 1351 351 Ubi
1367 323 1440 351 enim
1467 328 1510 350 est
1522 322 1640 356 Spiritus

844 376 966 403 sanctus,
977 371 1064 398 omnis
1077 370 1138 399 inde
1155 370 1257 398 recedit
1267 370 1383 401 daemon,
1396 374 1523 400 tanquam
1532 368 1565 396 ab
1579 368 1641 403 igne

845 418 880 445 ita
895 418 1018 445 celeriter
1030 417 1181 452 anlugiens,
1207 420 1236 443 ut
1251 424 1304 443 non
1320 415 1457 450 respiciat.
1482 414 1554 442 Deus
1567 414 1639 441 enim

843 466 885 488 est
899 461 1016 495 Spiritus
1031 465 1153 489 sanctus.
1167 459 1243 493 Quod
1259 460 1281 488 si
1304 460 1377 488 Deus
1396 464 1448 492 est,
1464 463 1543 487 estet
1570 458 1642 493 ignis

844 513 1006 534 consumens
1019 513 1100 534 omne
1122 506 1275 534 daemonum
1289 505 1382 533 robur.
1398 505 1437 534 Ac
1447 504 1566 533 tenebrae
1578 504 1642 539 qui-

843 552 995 586 detnlucis
1021 553 1162 587 praesentia
1187 552 1362 587 dissipantur.
1394 550 1480 579 Porro
1500 551 1642 586 improbus

844 598 948 625 damon
964 599 1140 626 inhabitantis
1155 598 1272 633 Spiritus
1285 597 1393 633 ﬂagello
1417 597 1578 626 verberatus
1590 604 1639 624 ex-

843 643 949 679 pellitur
963 653 971 672 :
986 644 1124 672 contraria
1133 645 1207 672 enim
1216 643 1297 672 simul
1310 643 1433 672 habitare
1446 651 1500 671 non
1515 646 1639 679 possunt.

843 697 905 717 nam
930 689 1114 726 corrumpitur
1130 693 1157 718 et
1170 689 1325 718 extruditur
1335 689 1362 717 id
1372 689 1444 725 quod
1458 693 1501 718 est
1518 687 1642 716 imbecil-

842 735 906 764 lius.

876 839 980 866 Natura
995 839 1087 867 dicunt
1101 845 1161 867 esse
1183 838 1268 872 mala,
1299 838 1327 867 id
1339 841 1381 867 est
1402 842 1523 874 peccata.
1537 838 1642 872 Quibus

840 884 1036 920 respondemus
1052 893 1060 912 :
1078 885 1107 913 Si
1120 888 1215 912 natura
1228 887 1292 912 sunt
1306 883 1460 919 huiusmodi
1473 884 1554 917 mala,
1571 885 1641 912 Deus

840 935 931 958 autem
944 936 1048 958 naturae
1057 930 1169 958 ell'ector
1179 933 1231 963 est,
1245 930 1315 958 Deus
1328 930 1461 958 malorum
1479 933 1520 958 est
1529 935 1636 958 auctor.

839 976 896 1004 Nec
906 976 1052 1012 judicium,
1064 984 1114 1004 nec
1129 976 1329 1004 animadversio
1348 976 1402 1004 erit
1413 976 1441 1004 in
1454 982 1501 1004 eos
1519 975 1565 1011 qui
1578 982 1642 1011 pec-

841 1027 915 1056 cant,
930 1027 960 1050 ut
974 1027 1036 1050 ante
1050 1022 1218 1050 declaratum
1232 1026 1285 1050 est.
1300 1022 1332 1050 Et
1348 1022 1423 1050 falsa
1436 1026 1499 1049 sunt
1509 1021 1639 1050 adversus

840 1073 999 1104 peccatores
1005 1067 1198 1103 suppliciorum
1208 1068 1297 1101 mina,
1305 1069 1445 1102 inanisque
1455 1067 1537 1096 futuri
1545 1067 1640 1103 judicii

842 1115 937 1143 timor.
951 1115 1018 1148 Qua:
1033 1115 1105 1142 enim
1116 1119 1220 1142 natura:
1235 1114 1398 1142 necessitate
1418 1113 1639 1146 committuntur,

841 1161 904 1189 licet
914 1161 1073 1197 gravissima
1085 1161 1151 1193 sint,
1162 1160 1269 1188 veniam
1284 1165 1433 1188 merentur.
1449 1160 1526 1193 Quod
1540 1160 1562 1187 si
1579 1161 1642 1195 quis

841 1207 973 1234 naturalia
1004 1207 1152 1234 crediderit
1167 1213 1227 1234 esse
1244 1210 1365 1241 peccata,
1379 1205 1413 1233 iis
1426 1213 1488 1234 sese
1495 1206 1553 1233 sine
1566 1211 1641 1234 metu

843 1258 954 1288 propter
967 1253 1122 1280 facilitatem
1147 1252 1368 1288 voluptatemque
1389 1251 1475 1284 dabit,
1494 1255 1524 1279 ut
1541 1260 1640 1287 propo-

841 1299 892 1327 sita
909 1299 1078 1335 impunitatis
1101 1305 1150 1333 spe
1164 1306 1212 1334 per
1237 1298 1308 1325 viam
1323 1300 1404 1325 latam
1435 1302 1463 1324 et
1479 1297 1586 1332 planam
1600 1298 1641 1325 in-

842 1346 931 1374 cedat.
946 1346 981 1372 At
991 1346 1013 1373 si
1025 1353 1106 1372 verax
1118 1349 1159 1373 est
1167 1344 1307 1376 Dominus,
1321 1344 1367 1379 qui
1388 1348 1431 1372 est
1444 1344 1500 1379 ipsa
1514 1345 1614 1372 veritas
1632 1353 1640 1372 :

842 1390 899 1427 Ego
914 1391 995 1424 enim,
1011 1391 1110 1426 inquit,
1128 1398 1188 1418 sum
1201 1391 1297 1417 veritas
1313 1390 1334 1421 ',
1351 1396 1415 1417 vera
1428 1389 1508 1424 plane
1531 1395 1596 1418 sunt
1609 1398 1641 1417 ea

842 1445 902 1474 qua
932 1438 966 1465 de
991 1437 1162 1473 sempiternis
1188 1435 1328 1471 suppliciis
1350 1440 1535 1462 memorantur
1552 1443 1561 1463 :
1578 1443 1640 1463 nam

844 1486 902 1520 ipse
918 1485 951 1513 de
964 1484 1017 1512 illis
1032 1484 1137 1511 locutus
1152 1487 1204 1510 est.
1219 1482 1295 1516 Quod
1311 1482 1334 1510 si
1345 1489 1409 1509 vera
1424 1486 1489 1510 sunt
1507 1481 1643 1517 ejusmodi

32 1539 37 1554 ν
56 1529 204 1556 κολάσεων.
227 1528 314 1560 Δῦτδς
329 1529 383 1563 γὰρ
397 1527 502 1560 ἐδίδαξε
518 1527 564 1554 καὶ
587 1529 652 1562 περὶ
675 1527 789 1554 τούτω-ι.

866 1531 984 1567 ipplicia,
1006 1534 1033 1557 et
1056 1529 1188 1564 judicium
1208 1528 1261 1556 erit
1285 1528 1415 1556 adversus
1433 1527 1493 1556 illos
1519 1528 1565 1563 qui
1578 1535 1641 1563 pec-

50 1575 80 1601 δὲ
96 1573 204 1608 ἀληθεῖς
216 1574 244 1600 al
257 1573 380 1600 τοιαῦται
399 1573 537 1605 κολάσεις,
572 1572 650 1600 ἐσται
667 1572 714 1599 καὶ
731 1571 791 1607 κρί-

33 1631 43 1653 ς
59 1619 114 1648 τῶν
128 1619 351 1655 ἁμαρτανόντων.
362 1619 394 1646 Εί
407 1619 435 1646 δὲ
445 1619 534 1654 κρίσις
547 1618 622 1646 ἔσται
635 1619 689 1646 τῶν
701 1619 793 1654 ἁμαρ-

35 1668 149 1699 νόντων,
166 1667 196 1693 οὐ
212 1665 336 1701 φθσειτὰ
352 1666 437 1699 κακὰ,
453 1665 593 1692 τουτέστιν
604 1666 631 1693 αι
645 1665 791 1701 ἁμαρτίαι.

49 1713 131 1748 δὲμὴ
144 1713 236 1748 φύσει,
265 1712 427 1749 προαιρέσει
449 1711 570 1745 πάντως,
594 1713 642 1739 καὶ
655 1711 791 1748 ῥᾳθυμίᾳ,

49 1762 83 1795 ῆν
102 1759 328 1794 κατακρίνονται,
345 1759 393 1786 καὶ
405 1759 568 1790 κολάζονται
585 1758 687 1790 πάντες
704 1759 729 1785 οί
741 1760 789 1793 ὲρ-

35 1815 84 1833 ται
108 1806 160 1841 τῆς
177 1805 327 1841 ἁμαρτίας.

33 1851 186 1886 Λέγουσιν,
201 1851 242 1877 ὅτι
255 1849 383 1886 μετὰτὴν
396 1850 472 1886 παρὰ
494 1850 551 1881 τοῖς
566 1848 681 1880 τελείοις
702 1848 794 1876 αὐτῶν

33 1897 141 1924 ;ά.θεισ.ν
162 1896 293 1931 τοιαύτης
307 1895 464 1922 αἰσθάνεται
484 1896 501 1930 ἡ
519 1894 594 1930 ψυχὴ
609 1894 720 1929 τούτωνς
734 1903 778 1921 κοι

35 1943 102 1974 νίας
136 1941 317 1978 ἐγγινομένης
341 1941 411 1977 αὐτῇ
437 1941 515 1977 παρὰ
543 1940 591 1968 τοῦ
623 1940 792 1976 ἐπουρανίου

33 1990 134 2025 μφίοι),
157 1989 218 2021 οῐας
234 1988 471 2024 αίσθάνεταιγυνὴ
486 1987 709 2020 συνουσιάζοντας
723 1988 793 2023 αὐτῇ

33 2038 44 2064 5
59 2036 174 2072 ἀνδρὸς.
189 2036 221 2062 ’Ὠ
239 2036 288 2071 τῆς
306 2034 443 2070 προδήλου
456 2033 690 2070 φρενοϐλαϐείαςί
706 2034 731 2060 εί
744 2034 795 2069 τὴν

33 2082 159 2116 νοτάτην
182 2081 231 2109 καὶ
257 2080 451 2116 ἁπαθεστάτην
481 2079 529 2107 τοῦ
546 2079 674 2115 Σωτῆρος
698 2079 795 2106 ἕνωσιν

35 2128 222 2163 παθεστάτην
244 2127 414 2162 ἡδυπάθειαν
426 2126 537 2159 οἴονται,
552 2125 599 2152 καὶ
614 2125 795 2162 καθυϐρίζου-

33 2185 40 2201 ν
71 2175 161 2210 ἡδονῇ
193 2174 315 2209 ρεύσεως
334 2172 502 2207 παιδογόνων
524 2171 627 2208 μορίων
651 2171 795 2207 τολμηρῶς

33 2221 86 2256 τὴν
105 2220 338 2257 παρεικάζοντες.
596 2254 598 2256 _

33 2269 190 2303 Λέγουσιν,
217 2268 259 2295 ὅτι
275 2267 292 2304 η
309 2266 383 2302 ψυχὴ
399 2267 445 2295 τοῦ
461 2267 528 2303 παρ’
547 2267 640 2299 αὐτοῖς
663 2267 705 2299 εἰς
723 2266 796 2294 ἀπάσ

38 2323 75 2341 αν
93 2313 254 2349 ὲῳθακότος
267 2312 471 2348 μεταϐάλλεται
492 2313 534 2344 είς
550 2313 600 2349 τὴν
613 2313 690 2340 θείαν
705 2313 797 2347 φύσιν.

34 2360 74 2386 US
94 2359 120 2385 εί
147 2357 230 2385 τοῦτο
255 2355 290 2393 ἦν
305 2357 417 2393 ἀληθὲς,
441 2357 548 2391 ἐγίνετο
583 2357 618 2384 ἃν
639 2358 688 2384 καὶ
719 2358 800 2392 φύσει

34 2406 62 2438 ὃς
87 2405 103 2431 ὁ
134 2403 321 2439 μεταϐληθεὶς
348 2403 389 2434 είς
408 2402 457 2438 τὴν
474 2402 550 2430 θείαν
574 2401 665 2437 φύσιν.
686 2402 720 2430 Ἤ
746 2404 800 2440 γὰρ

35 2462 54 2479 α
83 2451 176 2486 φύσις
201 2450 283 2486 φύσει
300 2450 377 2482 Θεός.
394 2450 450 2477 Καὶ
465 2450 528 2476 ἐπεὶ
543 2449 658 2481 πολλοὺς
675 2450 801 2484 λέγουσιν

42 2499 147 2526 αὐτῶν
169 2498 283 2534 φθάνειν
298 2498 338 2529 εις
351 2496 497 2530 ἀπάθειαν,
516 2496 563 2524 καὶ
580 2497 799 2532 μεταϐάλλεσθαι

45 2547 103 2581 τὴν
121 2545 205 2574 θείαν
218 2543 310 2579 φύσιν,
327 2543 420 2571 πολλοὶ
435 2544 489 2580 ἄρα
504 2544 584 2579 φύσει
599 2543 666 2576 θεοὶ,
688 2545 736 2570 καὶ
749 2544 798 2579 τὴν

34 2593 176 2628 ιληνικὴν
189 2591 335 2619 πολυθεῒαν
350 2591 565 2627 ὑπερϐάλλοντες
573 2590 662 2626 πολλῷ
670 2590 709 2626 τῷ
722 2591 800 2626 ἀριθ-

37 2659 46 2672 ,
66 2639 122 2665 καὶ
137 2638 202 2665 οὐδὲ
217 2636 478 2672 καταλαμϐάνεσθαι
491 2636 645 2671 δυναμένῳ.

34 2685 161 2718 λέγουσι
179 2684 292 2711 δυνατὸν
299 2681 371 2710 εἶναι
387 2683 516 2718 δέξασθαι
528 2683 597 2718 μετὰ
612 2682 661 2718 τὴν
672 2684 737 2719 παρ’
749 2685 799 2710 αὒ-

34 2740 44 2763 ς
68 2730 220 2757 ἀπάθειαν
246 2730 292 2757 τὸν
316 2729 461 2765 ἄνθρωπον
475 2729 561 2765 αὐτὴν
583 2729 633 2764 τὴν
650 2729 800 2756 ὑπόστασιν

54 2776 148 2810 ἁγίου
169 2775 329 2811 Πνεύματος
340 2776 489 2811 αἰσθητῶς,
501 2775 550 2802 καὶ
562 2775 590 2802 ὲν
606 2775 682 2811 πάσῃ
697 2775 800 2811 πληρο-

50 2864 146 2892 Joan.
179 2872 236 2897 xtv,
252 2864 278 2892 6.

843 1582 917 1607 cant.
935 1577 969 1604 Et
980 1577 1003 1604 si
1033 1576 1162 1603 adversus
1176 1581 1223 1602 eos
1239 1574 1284 1609 qui
1302 1579 1415 1609 peccant
1432 1575 1484 1602 erit
1497 1574 1641 1610 judicium,

844 1625 925 1657 mala,
945 1624 970 1652 id
985 1627 1027 1651 est
1042 1628 1163 1658 peccata,
1173 1627 1268 1649 natura
1280 1630 1332 1649 non
1351 1626 1424 1650 sunt.
1438 1620 1515 1655 Quod
1530 1621 1552 1649 si
1563 1627 1642 1649 natu-

843 1681 872 1700 ra
880 1679 934 1700 non
948 1675 1022 1705 sunt,
1037 1679 1051 1698 a
1065 1670 1203 1698 voluntate
1217 1669 1344 1697 nimirum
1357 1673 1383 1697 et
1398 1669 1504 1704 ignavia
1521 1668 1644 1700 proﬁcis-

843 1724 952 1751 cuntur,
965 1724 992 1746 et
1009 1718 1110 1746 idcirco
1125 1717 1274 1754 puniuntur
1281 1721 1377 1743 omnes
1385 1714 1500 1750 operarii
1515 1713 1629 1748 :‘niqnita

845 1765 890 1792 tis.

879 1855 977 1882 Dicunt
988 1852 1092 1880 animas
1104 1857 1198 1879 eorum
1217 1850 1263 1885 qui
1274 1849 1344 1884 apud
1357 1849 1430 1884 ipsos
1439 1849 1552 1884 perfecti
1565 1854 1643 1884 sunt,

845 1905 905 1936 post
930 1898 1156 1934 impatibilitatem
1182 1897 1264 1925 talem
1281 1903 1312 1923 ex
1337 1895 1456 1924 caelestis
1483 1895 1580 1930 Sponsi
1598 1903 1643 1924 so-

845 1947 946 1974 cietate
974 1945 1140 1981 voluptatem
1165 1945 1277 1976 sentire,
1309 1942 1414 1978 qualem
1446 1942 1575 1970 mulieres
1605 1950 1638 1970 ex

845 1994 966 2022 virorum
978 1992 1123 2021 concubitu
1138 1991 1269 2020 sentiunt.
1283 1989 1412 2018 Homines
1421 1989 1502 2025 plane
1526 1989 1641 2017 demen-

846 2040 953 2073 tissimi,
963 2039 1010 2074 qui
1026 2037 1180 2067 Servatoris
1193 2037 1414 2072 coniunctionem
1432 2035 1505 2064 illam
1519 2036 1642 2065 castissi-

845 2093 929 2119 mam,
942 2089 970 2113 et
983 2085 1017 2112 ab
1034 2084 1107 2112 omni
1130 2083 1333 2119 perturbatione
1347 2082 1552 2116 alienissimam,
1578 2089 1642 2118 per-

846 2132 1031 2160 turbationum
1050 2135 1132 2166 atque
1147 2129 1286 2158 libidinum
1297 2129 1404 2164 plenam
1419 2128 1600 2161 arbitrantur,
1615 2133 1643 2157 et

847 2184 945 2213 magna
959 2184 1020 2205 cum
1033 2175 1184 2211 ignominia
1197 2174 1343 2209 voluptatis
1362 2173 1446 2202 lluxui
1459 2173 1593 2210 pudendis
1607 2181 1642 2201 ex

813 2214 835 2241 υ
851 2224 973 2261 partibus
987 2222 1160 2258 provenienti
1176 2221 1292 2249 similem
1309 2221 1410 2248 audent
1423 2219 1569 2247 allirmarel

878 2269 976 2296 Dicunt
989 2269 1120 2300 animam,
1131 2274 1190 2302 qua:
1200 2266 1269 2302 apud
1282 2266 1355 2301 ipsos
1365 2265 1594 2302 impatibilitatein
1606 2266 1643 2294 sit

843 2319 979 2347 assecuta,
994 2315 1021 2342 in
1037 2318 1167 2342 naturam
1179 2313 1297 2340 divinam
1317 2312 1450 2340 c0nverti.
1467 2312 1545 2346 Quod
1556 2314 1580 2340 si
1597 2321 1642 2340 vc-

845 2370 904 2390 rum
921 2366 1005 2396 esset,
1021 2366 1120 2389 natura
1146 2359 1268 2396 profecto
1290 2360 1367 2388 ﬂeret
1393 2359 1462 2388 Deus
1483 2360 1536 2393 ille,
1552 2360 1597 2395 qui
1613 2360 1641 2387 in

845 2411 972 2436 naturam
984 2405 1106 2434 divinam
1131 2404 1308 2433 convertitur.
1319 2404 1425 2432 Natura
1450 2405 1523 2432 enim
1551 2405 1643 2432 divina

846 2453 918 2481 Deus
933 2458 976 2481 est
991 2451 1136 2480 naturalis.
1155 2449 1190 2479 Et
1212 2451 1341 2486 quoniam
1356 2458 1389 2479 ex
1415 2450 1536 2486 ipsorum
1560 2456 1644 2486 grege

848 2499 946 2527 inultos
960 2502 1087 2526 asserunt
1103 2497 1136 2525 ad
1155 2497 1384 2532 impatibilitatem
1395 2497 1553 2533 pervenire,
1569 2501 1597 2525 et
1613 2497 1641 2524 in

848 2551 971 2573 naturam
998 2545 1116 2573 divinam
1133 2545 1267 2577 converti,
1290 2544 1364 2572 multi
1375 2547 1454 2572 erunt
1479 2547 1575 2571 natura
1593 2543 1641 2576 dii,

848 2591 892 2626 qui
908 2598 1021 2619 numero
1049 2590 1166 2624 inﬁnito,
1183 2590 1296 2618 deorum
1322 2597 1391 2625 quos
1416 2594 1510 2625 gentes
1536 2590 1641 2618 conﬁn-

848 2643 916 2672 gunt
931 2640 1062 2672 superent
1073 2636 1284 2665 multitudinem.

884 2682 957 2712 Fieri
973 2691 1053 2719 posse
1075 2682 1181 2718 dicunt,
1197 2688 1227 2711 ut
1242 2683 1323 2710 homo
1339 2686 1399 2716 post
1414 2679 1643 2716 impatibilitatem

850 2736 932 2765 quam
945 2729 996 2764 ipsi
1010 2729 1129 2762 tradunt,
1155 2729 1240 2764 ipsam
1259 2728 1377 2763 Spiritus
1396 2726 1483 2755 sancti
1499 2732 1643 2762 personam

852 2783 933 2804 sensu
947 2775 1090 2811 percipiat,
1109 2779 1136 2803 ct
1149 2775 1175 2802 in
1191 2775 1264 2803 omni
1288 2773 1464 2809 plenitudine.
1485 2771 1540 2801 Nos
1552 2775 1644 2800 autem
