1873 3075
52 156 126 192 1289

507 162 694 193 PANOI’LIA
717 165 948 195 DOGMATICA.
967 178 1002 183 -
1019 165 1094 196 TlT.
1114 166 1238 197 XXVII.

1621 167 1690 203 1290

50 216 206 243 εὐπάθειαν
221 215 350 251 ὁρῶντες,
363 216 411 242 καὶ
426 216 532 252 τρυφὴν
549 218 656 249 ἑαυτοῖς
669 220 844 254 παρασκευά-
863 224 883 252 Α

924 220 998 248 tlitis.
1016 221 1157 254 Quomodo
1174 222 1257 254 enim,
1272 227 1318 249 aut
1337 223 1408 250 unde
1423 230 1471 250 vos
1489 231 1622 259 pauperes
1633 225 1690 260 spi-

49 262 156 292 ζοντες.
177 261 240 293 Πῶς
258 262 330 296 γὰρ,
350 261 366 297 ἢ
387 262 469 288 πόθεν
487 262 566 297 ὑμεῖς
580 264 684 298 πτωχοὶ
703 265 804 299 μᾶλλον
819 266 847 291 ἐν

48 306 164 340 ἀρεταῖς
189 305 281 339 ὅντες,
309 309 355 332 καὶ
381 306 558 338 πλουτοῦντες
585 309 614 334 ἐν
643 309 710 335 πᾶσι
733 311 845 343 κακοῖς;

49 350 161 385 Σαπρὸν
176 351 231 386 γὰρ
251 352 361 387 δένδρον
377 352 409 378 οὐ
434 354 506 378 ποιεῖ
522 355 646 388 καρποὺς
670 355 784 387 καλοὺς,
801 357 848 383 καὶ

28 403 34 406 ‘
49 396 199 430 κακόδοξος
217 397 247 423 οὐ
269 397 381 437 δύναται
403 401 589 433 καρποφορεῖν
604 400 715 436 ἀρετήν.
737 401 848 437 Πτωχὸς

47 442 79 468 δὲ
96 442 135 477 τῷ
150 443 286 475 πνεύματι
307 431 361 475 ﬂii;
378 445 391 470 ὁ
408 431 452 470 διά
470 431 538 471 Θεὸν
557 431 695 477 ταπεγινόςι
722 447 767 473 Δεῖ

48 487 199 515 πιστεῦσαι
215 488 324 524 πρῶτον
335 510 343 522 ,
359 489 421 517 εἶτα
435 490 490 517 τῶν
504 491 609 526 ἀρετῶν
622 491 806 527 ἀπάρξασθαι.

897 267 961 299 ritu,
976 267 1020 301 qui
1035 267 1061 293 in
1073 267 1218 294 virtutibus
1239 268 1329 302 potius
1351 268 1444 303 inopes
1462 270 1538 301 estis,
1561 271 1622 297 etin
1635 279 1692 298 om-
1712 279 1714 285 τ

898 313 978 340 nibus
1009 313 1082 340 vitiis
1110 314 1274 342 abundatis?
1303 314 1371 342 Mala
1388 317 1461 342 enim
1486 316 1567 344 arbor
1587 317 1691 344 fructus

899 359 982 386 honos
999 367 1051 386 non
1071 360 1146 393 facit,
1166 366 1191 388 et
1209 362 1346 396 quiprave
1365 362 1504 390 institutus
1521 368 1560 390 est
1581 365 1691 392 virtutis

898 403 1016 431 fructum
1033 405 1104 432 ferre
1115 414 1168 432 non
1186 411 1287 441 potest.
1311 407 1418 441 Pauper
1433 414 1475 435 est.
1491 409 1598 443 spiritu,
1615 411 1690 445 quis-

897 451 958 485 quis
984 457 1094 485 propter
1110 452 1193 479 Deum
1211 453 1321 481 humilis
1350 459 1401 481 est.
1427 454 1571 483 llumiiitas
1599 460 1689 484 autem

897 496 1036 531 animique
1048 498 1193 525 submissio
1205 499 1334 526 virtutum
1346 505 1388 526 est
1402 500 1624 529 fundamentum:
1640 509 1690 529 nec

49 534 120 564 illud
156 536 301 563 obscurum
319 542 373 570 est,
390 538 495 564 ﬁdelem
527 545 586 565 esse
601 539 646 573 qui
677 545 787 574 propter
802 540 886 568 Deum
907 542 1015 570 humilis
1031 549 1083 572 est.
1100 544 1218 572 Primum
1235 546 1306 572 enim
1322 551 1427 581 oportet
1443 547 1566 581 credere,
1593 547 1689 576 deinde

50 582 169 610 virtutes
183 584 283 612 coiere.

88 627 190 653 Λύουσι
217 628 262 655 τὸν
287 629 376 664 γάμον
392 630 480 656 καίτοι
504 629 551 656 τοῦ
578 631 681 666 Κυρίου
700 631 843 666 λέγοντος,

47 673 93 700 ὃτι
103 674 131 700 Ἃ
143 675 159 700 ό
174 674 246 707 Θεός
259 674 452 707 συνέζευξεν,
466 675 623 710 ἄνθρωπος
631 677 675 712 μὴ
688 678 845 712 χωριζέτω,

48 721 100 746 καὶ
121 720 166 746 τὸν
188 721 217 746 ὲν
241 722 318 756 Κανᾷ
333 722 422 755 γάμον
438 723 471 757 τῇ
497 723 634 758 παρουσίᾳ
657 725 842 758 τιμήσαντος,

48 766 100 790 καὶ
129 765 176 790 τοῦ
203 766 341 801 μακαρίου
372 765 479 792 Παύλου
505 766 674 801 γράφοντος,
706 768 803 802 Τίμιος
829 770 844 795 ό

46 809 157 844 γάμος,
174 810 223 836 καὶ
238 811 256 844 ὴ
270 811 355 844 κοίτη
368 811 524 845 ἀμίαντος.
543 812 690 839 Κάνταῦθα
705 813 844 849 προδήλως

46 855 237 882 ἐναντιοῦνται
252 855 292 890 τῷ
307 864 336 882 τε
353 857 464 892 Χριστῷ
486 858 533 883 καὶ
548 858 604 889 τοῖς
624 859 784 891 ἀποστόλοις
794 880 801 892 ,
817 859 842 885 οἳ

44 902 107 932 τοῖς
123 900 348 936 βδελυσσομένοις
363 903 408 929 τὸν
422 903 511 937 γάμον
527 903 702 938 ἐπιτιμῶσιν.

93 947 286 982 Ἐπιτρέπουσι
317 949 375 980 τοῖς
408 949 580 984 βουλομένοις
615 949 781 976 ἀποκόπτειν
807 949 841 976 τὰ

42 993 197 1028 παιδογόνα
227 994 332 1028 μόρια,
362 995 412 1021 καὶ
440 995 661 1029 παραχαράττειν
690 995 761 1021 οῦτω
792 995 840 1030 τὴν

44 1039 132 1073 φύσιν
145 1059 152 1070 ,
182 1039 230 1065 καὶ
255 1040 476 1075 ἀκρωτηριάζειν
490 1040 544 1067 τῶν
559 1041 606 1067 ἐπὶ
633 1040 686 1074 γῆς
710 1040 756 1068 τοῦ
771 1040 840 1068 Θεοῦ

45 1084 210 1118 κτισμάτων
231 1085 260 1111 τὸ
282 1085 450 1119 τιμιώτατον
461 1106 469 1119 ,
485 1086 556 1120 λέγω
569 1086 602 1121 δὴ
619 1086 663 1112 τὸν
679 1087 822 1121 ἄνθρωπον
832 1107 840 1120 ,

42 1129 80 1155 ὃν
97 1131 172 1165 παρὰ
191 1130 239 1156 τοῦ
270 1130 339 1156 Θεοῦ
354 1131 458 1157 τέλειον
473 1131 518 1158 καὶ
537 1131 617 1158 καλὸν
637 1131 790 1158 πλασθέντα
803 1132 840 1164 ὡς

43 1176 133 1211 ἀτελῆ
148 1177 275 1207 πάντως,
298 1176 315 1209 ἦ
333 1176 371 1210 μὴ
391 1176 482 1206 καλῶς
501 1177 694 1211 πεπλασμένον
717 1177 839 1212 ἐπιδιορ-

44 1221 159 1248 Θοῦνται
171 1242 179 1255 ,
197 1222 245 1248 καὶ
265 1222 474 1257 ἁπαρτίζουσιν,
487 1221 523 1254 ὡς
536 1222 628 1254 αὐτοῖς
648 1223 732 1249 δοκεῖ.
754 1222 793 1258 Τῇ
811 1223 840 1249 δὲ

44 1267 164 1303 ἀληθείᾳ
194 1268 329 1304 πηροῦσι,
357 1269 405 1295 καὶ
431 1269 528 1302 ἄγονον
561 1269 607 1294 καὶ
630 1269 764 1303 ἄκαρπον,
779 1269 840 1296 ὅσον

45 1314 123 1340 κατὰ
139 1314 187 1349 τὴν
207 1314 256 1340 τοῦ
273 1315 398 1349 σώματος
415 1314 507 1350 φύσιν,
522 1314 736 1349 ἀπεργάζονται,
751 1314 840 1341 καίτοι

44 1360 107 1386 τῶν
121 1359 199 1387 θείων
216 1362 374 1388 ἀποστόλων
393 1361 497 1396 Πέτρου
515 1361 562 1387 καὶ
588 1361 693 1387 Παύλου
708 1361 758 1394 τὴν
773 1362 841 1387 ἁπο-

46 1405 139 1440 κοπὴν
156 1406 210 1432 τῶν
225 1406 380 1442 εἰρημένων
397 1405 501 1441 μορίων
517 1406 727 1441 ἀποτρεπόντων
741 1406 769 1431 ὲν
785 1407 839 1437 τοῖς

46 1453 160 1478 κανόσιν
182 1452 272 1478 αὐτῶν
284 1471 291 1484 ,
307 1452 352 1478 ἶνα
370 1452 433 1483 τοὺς
451 1451 546 1483 ἄλλους
563 1451 688 1487 Πατέρας
702 1451 840 1486 ὲάσωμεν,

46 1499 100 1525 καὶ
115 1499 178 1530 τοὺς
191 1498 352 1533 νομοθέτας,
370 1499 427 1524 ὅσοι
441 1498 489 1525 καὶ
503 1498 623 1534 φοὸερὰν
634 1498 768 1533 τιμωρίαν
783 1498 840 1529 τοῖς

45 1544 186 1578 τολμῶσιν
202 1543 370 1580 εὐνουχίζειν
385 1544 533 1580 ὡρίσαντο.

95 1590 253 1626 Ὀμνύουσιν
280 1590 366 1621 ἀδεῶς
381 1610 388 1623 ,
413 1590 460 1617 καὶ
481 1590 658 1626 ἐπιορκοῦσι,
682 1591 728 1617 καὶ
752 1589 840 1617 ταῦτα

45 1636 98 1664 τοῦ
120 1636 222 1671 Κυρίου
244 1635 324 1671 ἡμῶν
353 1635 441 1670 Ἰησοῦ
464 1635 585 1671 Χριστοῦ
611 1635 784 1668 κωλύσαντος
809 1635 839 1662 οὐ

47 1683 132 1718 μόνον
154 1683 205 1718 τὴν
231 1682 387 1718 ἐπιορκίαν,
413 1682 482 1709 ἀλλὰ
505 1682 552 1709 καὶ
575 1682 605 1708 τὸ
631 1682 699 1712 ὅλως
717 1682 836 1717 ὀμνύειν.

49 1729 118 1755 Ὅτε
133 1728 161 1754 δὲ
176 1728 361 1764 κρατηθῶσιν,
375 1728 413 1760 ὡς
430 1728 576 1763 αἱρετικοὶ,
590 1727 651 1753 τότε
664 1727 711 1754 καὶ
722 1727 771 1763 τὴν
785 1727 839 1753 τῶν

46 1774 235 1801 Μασαλιανῶν
251 1775 342 1800 πίστιν
355 1773 519 1809 ἀρνοῦνται,
537 1773 583 1800 καὶ
599 1773 837 1808 άναθεματίζουσι,

46 1822 98 1847 καὶ
112 1822 160 1857 τὴν
180 1821 295 1856 ἄρνησιν
309 1821 400 1856 ὅρκοις
414 1820 553 1855 βεϐαιοῦσι
577 1819 838 1855 φρικτοίς,οὶόμενοι

47 1867 172 1902 μηδόλως
188 1868 358 1903 ἁμαρτάνειν
375 1867 419 1893 διὰ
440 1866 491 1901 τὴν
506 1866 684 1900 ἐπικειμένην
703 1865 837 1899 ἀνάγκην,

46 1915 98 1940 καὶ
115 1914 160 1940 τὸν
177 1914 260 1948 φόῦον
277 1914 332 1940 τῶν
352 1913 553 1948 κατασχόντων.
568 1912 623 1939 Καὶ
638 1911 707 1938 ἄλλα
730 1910 759 1937 δέ
777 1918 838 1936 τινα

46 1960 243 1995 μυθολογοῦσιν
258 1959 354 1992 ἀνάξια
373 1960 484 1995 μνήμης
496 1979 504 1992 ,
532 1958 570 1995 μὴ
593 1958 635 1984 ὅτι
650 1965 681 1992 γε
707 1957 838 1992 ἀντιρῤή-

45 2015 117 2038 eam;
131 2007 175 2033 διὰ
192 2007 221 2033 τὸ
236 2007 438 2041 εὐανάτρεπτον
454 2005 546 2032 αὐτῶν
568 2004 617 2032 καὶ
643 2003 836 2037 αὑτέλεγκτον.

342 2075 467 2101 ΤΙΤΛΟΣ
487 2073 550 2101 KZ'.

41 2120 128 2149 Κατὰ
145 2121 329 2156 Βογομίλων.
349 2121 446 2154 Βόγον
458 2120 516 2155 μὲν
531 2119 586 2154 γὰρ
614 2120 634 2154 ὴ
658 2119 717 2146 τῶν
740 2119 837 2156 Bomi-

80 2154 329 2190 γάρωιίτζλῶσσα
352 2156 441 2182 καλεῖ
455 2154 509 2182 τὸν
527 2157 612 2187 Θεὸν,
637 2156 734 2182 Μίλον
747 2154 781 2180 δὲ
801 2154 835 2179 τὸ

81 2189 224 2224 ἐλέησωῇ
239 2192 292 2224 Εἵη
320 2191 346 2217 δ’
366 2190 404 2218 ἂν
427 2191 592 2225 Βογόμιλος
613 2190 677 2217 κατ’
694 2189 806 2222 αὐτοὺς
819 2190 836 2215 d

81 2226 136 2252 τοῦ
153 2227 227 2253 θεοῦ
242 2227 296 2252 τὸν
310 2226 400 2252 ἔλεον
413 2225 631 2259 ἐπισπώμενος.

89 2282 122 2308 'll
134 2283 186 2308 τῶν
203 2282 360 2317 Βογομίλων
376 2283 480 2317 αἵρεσις
494 2282 524 2308 οὺ
541 2282 593 2316 πρὸ
606 2281 703 2308 πολλοῦ
720 2282 834 2316 συνέστη

39 2329 96 2363 τῆς
112 2328 172 2354 καθ’
188 2330 262 2364 ἡμᾶς
282 2329 378 2363 γενεᾶς
390 2349 397 2361 ,
415 2329 498 2363 μέρος
513 2328 581 2354 οὖσα
601 2329 651 2363 τῆς
674 2329 728 2355 τῶν
742 2328 836 2355 Μασα-

38 2374 167 2406 λιανῶν,
185 2375 233 2400 καὶ
261 2374 457 2408 συμφερομένη
481 2373 515 2400 τὰ
537 2373 622 2399 πολλὰ
643 2374 698 2404 τοῖς
723 2373 836 2400 ἐκείνων

37 2420 174 2454 ὂὸγμασι,
190 2422 250 2446 τινὰ
265 2419 293 2445 δὲ
309 2419 355 2445 καὶ
371 2417 601 2453 προσεξευροῦσα,
617 2419 664 2445 καὶ
683 2419 730 2450 τὴν
745 2417 834 2453 λύμην

40 2465 198 2499 αὐξήσασσ..
214 2464 369 2499 Διεγνώσθη
382 2464 410 2490 δὲ
427 2464 495 2490 κατὰ
510 2464 572 2494 τοὺς
584 2464 695 2497 χρόνους
715 2463 833 2494 Ἀλεξίου

38 2512 92 2539 τοῦ
109 2512 321 2547 θεοκυϐερνήτου
340 2511 471 2546 βασιλέως
486 2511 575 2544 ἡμῶν,
592 2510 620 2540 ὃς
636 2510 770 2544 εὐτέχνως
789 2510 834 2535 καὶ

26 2548 117 2585 ¹πάνυ
135 2558 293 2593 θαυμασίως
308 2557 354 2583 τὸν
365 2557 478 2592 ἔξαρχον
490 2556 574 2591 αὐτῆς
591 2555 738 2590 θηρεύσας
755 2555 836 2581 Βασί-

39 2606 116 2636 λειος
130 2602 164 2640 ἦν
181 2601 257 2634 οὗτος
276 2605 290 2630 ὁ
316 2604 406 2638 ἰατρὸς
418 2623 425 2635 ,
441 2603 510 2637 ἀνὴρ
525 2603 645 2637 ὀλέθριος
661 2601 773 2636 μᾶλλον,
789 2601 836 2627 καὶ

38 2652 156 2685 λοιμὸς,
175 2652 222 2678 καὶ
245 2651 348 2686 φθορᾶς
373 2652 468 2684 μεστὸς
480 2671 487 2682 ,
507 2650 553 2675 καὶ
572 2649 660 2682 πάσης
677 2649 776 2680 κακίας
788 2648 834 2682 ὁρ-

38 2705 128 2730 γανον
141 2704 148 2711 ’
173 2697 222 2722 καὶ
247 2696 315 2730 πρὶς
333 2695 430 2721 ἑαυτὸν
453 2693 633 2729 μεταγαγὼν,
652 2693 698 2719 καὶ
715 2693 832 2726 ἐντίμως

38 2741 244 2776 ὑποδεξάμενος
257 2761 264 2773 ,
287 2743 334 2767 καὶ
349 2740 398 2774 τῆς
413 2740 480 2775 παρ’
496 2739 584 2773 ἑαυτῴ
599 2738 733 2773 καθέδρας
752 2737 833 2770 ἀξιώ-

39 2797 106 2820 σας,
120 2789 168 2814 καὶ
184 2789 263 2814 λόγου
281 2788 412 2822 μεταδοὺς
430 2787 516 2821 ἡδέος,
540 2788 585 2812 καὶ
605 2785 758 2820 προσηνοῦς
773 2786 833 2819 ὁμι-

482 2887 533 2906 xlii,
556 2880 579 2903 εί.
621 2879 629 2891 ³
644 2877 735 2903 Σικιιιιι.
751 2876 828 2906 i351.

929 635 1043 670 Nuptias
1057 637 1220 672 dissolvunt,
1233 640 1358 673 quamvis
1372 642 1499 669 Dominus
1512 641 1584 669 dicat
1598 650 1605 668 :
1621 641 1687 674 Qua:

897 681 964 709 Deut
976 683 1124 717 conjunxit,
1142 685 1219 711 homo
1239 694 1291 712 non
1304 688 1422 720 sepuret'
1435 697 1442 721 ;
1457 692 1481 714 et
1505 688 1531 714 in
1551 689 1624 715 Cana
1633 688 1687 716 Ga-

893 727 970 755 lilteaa
995 729 1137 762 praesentia
1161 738 1209 757 sua
1239 732 1345 765 nuptias
1368 731 1522 766 honorarit;
1538 737 1565 760 et
1591 732 1687 760 beatus

894 774 1040 807 Apostolus
1054 774 1127 802 dicat
1144 784 1150 802 :
1173 775 1453 810 Vcnerabilesnuplia'.
1469 782 1493 804 et
1505 784 1579 806 torua
1591 779 1688 805 inmm-

895 820 1000 848 culata:
1016 822 1038 848 ’.
1067 821 1100 849 Et
1118 821 1160 849 hic
1175 827 1269 857 aperte
1285 827 1339 848 tum
1361 822 1469 850 Christo
1486 827 1541 849 tum
1555 823 1686 857 apostolis

895 867 1073 894 adversantur
1088 869 1133 903 qui
1151 869 1257 903 nuptias
1276 868 1427 896 maledictis
1455 869 1574 896 alliciunt
1595 874 1623 896 et
1639 869 1687 896 de-

895 916 1040 939 testantur.

928 958 1103 989 Permittunt,
1119 963 1146 984 ut
1169 959 1214 993 qui
1231 958 1334 992 volunt,
1349 963 1439 994 partes
1451 961 1574 995 corporis
1600 963 1686 989 susci-

891 1003 998 1038 piendis
1026 1004 1118 1030 liheris
1144 1006 1312 1032 necessarias
1332 1010 1482 1040 amputent,
1507 1014 1593 1041 eaque
1622 1013 1684 1034 nota

891 1053 1017 1075 naturam
1034 1048 1161 1082 alliciant,
1176 1050 1366 1084 hominemque
1382 1051 1453 1077 inter
1469 1058 1511 1078 res
1526 1059 1540 1078 a
1554 1052 1608 1079 Deo
1623 1059 1686 1086 proa

892 1099 998 1121 creatas
1009 1095 1264 1129 przestantissiutnm
1278 1095 1413 1130 mntilent,
1426 1103 1682 1132 eumque,tanqn:tm

891 1140 1066 1175 imperfectus
1079 1142 1190 1168 omnitto
1205 1141 1251 1174 sit,
1270 1147 1316 1169 aut
1342 1142 1411 1169 male
1435 1143 1579 1174 formatus,
1603 1151 1682 1178 quem

891 1189 982 1212 tamen
1000 1185 1044 1212 ille
1061 1185 1208 1220 perlectum
1224 1191 1251 1214 et
1269 1187 1368 1214 bonum
1395 1187 1470 1220 fecit,
1497 1189 1635 1223 corrigant
1655 1194 1684 1217 et

890 1232 1046 1263 emendent,
1065 1237 1094 1259 ut
1109 1232 1158 1267 ipsi
1171 1237 1275 1266 putant.
1293 1233 1378 1266 Quem
1403 1239 1493 1262 tamen
1518 1242 1612 1262 revera
1622 1243 1682 1261 mu-

892 1276 981 1310 tilant,
998 1277 1227 1313 infecundumque
1249 1285 1275 1306 et
1291 1279 1324 1306 ad
1343 1281 1537 1314 procreandum
1559 1282 1681 1309 inutilem

892 1324 1018 1351 reddunt.
1034 1324 1114 1358 Atqui
1132 1325 1187 1351 divi
1210 1326 1324 1360 apostoli
1342 1325 1438 1354 Petrus
1458 1333 1484 1354 et
1496 1328 1595 1356 Paulus
1607 1328 1681 1363 ejus-

891 1369 962 1395 modi
978 1370 1098 1396 mcutbra
1111 1370 1166 1397 suis
1179 1371 1206 1397 iIt
1219 1371 1370 1399 canonibus
1381 1373 1523 1406 prohibent
1532 1376 1680 1408 amputari,

893 1419 921 1440 ut
934 1414 1001 1442 alios
1015 1414 1110 1442 Patres
1140 1422 1334 1450 praetereamus
1360 1421 1386 1445 et
1412 1419 1615 1453 legumlatores,
1634 1422 1680 1455 qui

891 1458 918 1486 id
929 1459 1020 1488 facere
1044 1461 1174 1489 audentes
1204 1462 1373 1498 gravissimis
1393 1463 1510 1492 multant
1527 1465 1678 1500 suppliciis.

925 1594 1022 1623 Jurant
1055 1601 1084 1624 et
1117 1599 1240 1632 pejerant
1268 1599 1328 1627 sine
1363 1599 1417 1626 ullo
1442 1603 1527 1633 metu,
1557 1609 1680 1636 quamm

890 1640 1019 1668 Dominus
1033 1646 1126 1669 noster
1139 1641 1217 1670 .lesus
1233 1643 1359 1671 Christus
1382 1650 1464 1678 vetet,
1480 1653 1535 1673 non
1549 1646 1636 1674 solum
1647 1655 1680 1674 ne

889 1687 1051 1722 pejeremus.
1082 1688 1129 1714 sed
1145 1689 1226 1716 etiam
1243 1697 1276 1716 ne
1288 1689 1410 1723 juremus
1423 1691 1533 1719 omnino
1552 1692 1573 1719 ³.
1601 1692 1680 1725 Quod

888 1731 912 1758 si
939 1736 969 1759 ut
985 1732 1104 1760 hieretici
1130 1739 1324 1767 coarguuntur,
1345 1740 1411 1762 tunc
1430 1741 1456 1763 et
1469 1736 1678 1764 Masalianorum

888 1778 968 1806 tidem
996 1780 1132 1814 abnegant
1160 1785 1186 1806 et
1207 1781 1384 1813 detestantur,
1416 1781 1678 1819 abnegationentque

886 1822 1062 1857 jurejurando
1078 1824 1249 1855 conlirmant,
1272 1832 1355 1859 seque
1373 1825 1445 1853 ttullo
1470 1827 1550 1854 modo
1565 1835 1678 1862 peccare

888 1873 992 1901 putant,
1011 1868 1083 1903 quod
1108 1869 1270 1897 necessitate
1291 1869 1377 1897 coacti
1403 1870 1458 1898 sint
1481 1875 1509 1897 et
1523 1873 1676 1905 cogentium

888 1917 973 1939 metu.
998 1912 1072 1939 Alias
1093 1918 1222 1946 praeterea
1237 1921 1323 1949 nugas
1354 1915 1511 1949 conﬁngunt
1538 1923 1598 1950 qua:
1621 1921 1675 1942 tam

888 1957 966 1984 facile
986 1958 1119 1986 confutari
1151 1960 1290 1994 evertique
1309 1966 1434 1995 possunt,
1463 1966 1492 1988 ut
1511 1969 1558 1988 eus
1587 1962 1676 1996 pigeat

887 2011 1111 2032 commemorare.

1138 2070 1289 2100 TlTULUS
1309 2073 1413 2101 XXVII.

886 2118 1019 2156 Aduersus
1053 2113 1250 2156 pogontilos.t
1265 2118 1319 2153 Bog
1339 2129 1367 2156 is”
1382 2126 1469 2147 aulam
1497 2121 1674 2156 Bulgarorum

921 2154 1011 2188 lingua
1028 2163 1037 2178 ι
1049 2154 1130 2179 Deum
1143 2163 1150 2178 ι
1163 2154 1321 2188 signi/italu
1333 2155 1417 2182 Μίίυὶι
1432 2154 1654 2188 υενο,ιηιὶεενρη,
1663 2167 1672 2182 ι

922 2193 950 2214 ut
970 2188 1149 2225 trBogomiAlns
1171 2198 1179 2213 ι
1196 2189 1266 2222 apud
1298 2191 1373 2216 eositt
1390 2191 1422 2217 sit
1444 2193 1489 2225 qui
1513 2191 1558 2217 Dei
1571 2193 1676 2219 miseri-

923 2224 1039 2250 cordiam
1050 2223 1183 2256 implorat.

922 2280 1118 2316 llogomilornm
1137 2280 1248 2307 hmresis
1271 2281 1342 2307 haud
1365 2272 1448 2308 multo
1474 2287 1536 2308 ante
1557 2283 1671 2314 exstitit.

884 2332 962 2354 :ctate
980 2331 1082 2358 nostra,
1107 2326 1368 2360 illasalianorutnque
1383 2334 1444 2360 pars
1457 2327 1515 2358 fuit,
1539 2332 1567 2355 et
1581 2329 1673 2354 multis

885 2374 910 2400 in
921 2374 1001 2400 rebus
1024 2372 1151 2399 cnnvenit
1165 2380 1225 2398 cum
1256 2372 1362 2399 iiioruut
1391 2373 1529 2406 institutis,
1550 2376 1673 2408 quaedam

885 2424 975 2446 tamen
991 2420 1047 2453 ipsa
1063 2426 1169 2453 quoque
1180 2419 1354 2453 excogitavit,
1375 2423 1522 2453 et'pestcm
1552 2420 1672 2454 adauxit.

883 2463 1019 2490 Patefacto
1034 2468 1076 2490 est
1090 2468 1180 2490 autem
1206 2463 1301 2491 Alexio
1318 2464 1484 2498 imperatore
1513 2470 1605 2492 nostro
1631 2474 1674 2492 re-

883 2515 993 2546 gnante,
1016 2511 1061 2544 qui
1096 2510 1141 2537 Dei
1158 2511 1268 2537 numine
1291 2511 1467 2545 gubernatus.
1498 2511 1622 2544 pruden'i
1647 2518 1673 2539 et

884 2557 1036 2584 admirabili
1055 2556 1159 2584 ratione
1174 2557 1323 2591 principem
1338 2557 1409 2584 illius
1425 2562 1537 2584 venatus
1553 2563 1594 2584 est
1624 2558 1672 2584 llic

884 2609 942 2629 erat
958 2602 1074 2630 Basilius
1096 2602 1204 2637 quidam
1233 2603 1363 2633 medicus,
1381 2604 1460 2629 homo
1490 2606 1670 2637 perniciosus.

885 2651 965 2680 atque
983 2646 1103 2680 pestifer,
1116 2651 1143 2673 et
1157 2647 1316 2680 corruptela:
1329 2648 1436 2682 pientis,
1446 2653 1527 2681 atque
1541 2648 1670 2674 malorum

883 2693 1003 2719 otnniutn
1021 2693 1240 2720 instrumentum.
1255 2694 1339 2726 Quem
1358 2694 1504 2727 imperator
1517 2701 1579 2720 cun:
1595 2694 1627 2720 ad
1642 2702 1672 2721 se

884 2740 1054 2770 accersisset,
1083 2739 1283 2773 houoriiiceque
1310 2739 1671 2773 suscepisset,assiderequc

885 2784 1005 2816 fecisset,
1028 2784 1148 2818 jucunde
1172 2784 1348 2817 benigneque
1369 2785 1514 2816 alioeutn-z,
1543 2784 1669 2819 (inicique
