1873 3075
55 129 127 160 1297

513 126 698 156 PANOPLIA
720 125 950 156 DOGMATICA.
972 139 1005 144 —
1024 127 1097 156 TlT.
1121 127 1244 156 XXVII.

1616 124 1686 157 $298

51 187 222 220 ἀκολούθως,
241 185 288 213 καὶ
303 183 377 218 εἶπε,
397 185 543 220 Γενηθήτω
560 184 771 219 στερέωμα,’καὶ
788 185 790 209 i

945 183 1042 211 'actum
1061 189 1112 212 est.
1126 184 1206 211 Fiant
1220 185 1287 216 luce,
1303 189 1329 211 et
1352 186 1418 216 haec.
1437 189 1464 212 et
1474 183 1541 212 facta
1566 191 1639 214 sunt.
1652 186 1684 213 Et

51 242 127 260 νετο.
138 233 283 267 Γενηθήτω
293 232 358 258 τάδε
371 231 418 258 καὶ
428 231 503 262 τάδε,
515 231 561 257 καὶ
571 231 716 264 γεγόνασιν
726 230 844 257 ἅπαντα.

52 281 112 306 Καὶ.
127 278 343 313 κατακοσμήσεις
360 278 408 312 μὲν
419 277 463 303 τὸν
480 277 606 310 δεύτερον
620 276 736 310 οὐρανὸν
752 285 846 310 περιε-

52 327 110 352 λὼν
125 326 152 352 δὲ
167 326 197 352 τὸ
218 325 291 359 ὓδωρ
306 325 361 351 ἀπὸ
375 325 524 359 προσώπου
545 325 595 358 τῆς
614 324 666 358 γῆς
677 344 684 356 ,
701 324 748 350 καὶ
761 323 846 356 τάξας

51 373 83 398 ἐν
100 369 140 402 οἷς
157 371 302 406 ἐδοκίμασε
318 370 422 402 τόποις,
442 370 479 402 ὡς
496 371 512 405 ἠ
526 369 574 404 τῆς
588 369 783 403 κοσμογενιίας
799 369 846 403 βί-

52 419 118 450 ϐλος
130 418 253 450 διέξεισι,
275 418 322 444 καὶ.
338 416 515 447 καλλωπίσας
532 417 627 452 αὐτὴν,
643 417 690 442 καὶ
708 415 846 450 καθωραῖ-

52 471 125 496 σας,
142 463 189 489 καὶ
203 462 238 489 τὰ
255 463 287 489 ἐκ
303 463 354 497 γῆς
371 462 462 488 πάντα
478 461 602 496 φυόμενα
618 461 843 496 δημιουργήσας,

51 511 102 535 καὶ
123 509 157 535 τὰ
172 509 248 541 ζῶα,
266 508 314 535 καὶ
332 508 358 534 εῐ
374 515 402 534 τι
417 508 524 543 ἕτερον,
543 507 729 541 ἀπεκλήρωσε
744 507 845 542 ταύτην

51 553 146 588 ἑαυτῷ
171 561 200 580 τι
225 553 273 580 καὶ
292 554 354 585 ταῖς
376 553 575 583 ἀποστατικαῖς
596 553 744 587 δυνάμεσιν
770 554 846 588 οἰκη-

51 600 160 634 τήριον.
179 599 295 626 Ἔπειτα
309 599 414 631 πλάσας
426 599 457 625 τὸ
471 599 605 633 σῶματοῦ
619 599 708 633 Ἀδὰμ
723 599 777 625 ἀπὸ
794 599 845 634 γῆς

53 644 134 671 ὕδατι
150 645 331 680 φυραθείσης,
350 645 466 679 ἔστησεν
481 645 572 680 ὀρθὸν,
586 646 632 680 ἀφ’
646 642 676 672 οὗ
691 645 845 681 καταρῤεύ-

53 691 129 718 σασά
143 701 184 724 τις
200 692 272 724 νοτὶς
287 693 333 719 ἐπὶ
349 692 395 718 τὴν
409 692 497 725 δεξιὸν
512 691 593 724 πόδα,
610 692 657 718 καὶ
674 692 718 718 διὰ
735 691 782 718 τοῦ
799 700 846 726 με-

52 738 140 772 γάλου
153 738 287 765 δακτύλου
299 739 411 774 χυθείσα
422 738 492 766 κατὰ
506 738 553 765 τοῦ
566 738 679 772 ἐδάφους
693 738 845 770 ἑλικοειδῶς

52 784 142 820 ἐρρύη
153 805 160 816 ,
178 785 227 811 καὶ
243 786 337 820 σχῆμα
351 785 441 819 ὂψεως
457 785 633 812 ἀπετέλεσεν.
655 785 798 820 ’Ᾱθροίσας
815 785 844 811 δὲ

50 832 85 857 τδ
112 832 141 857 ἔν
167 831 257 866 ἑαυτῷ
285 832 394 865 πνεῦμα
421 833 434 858 ό
460 831 605 865 Σαταναὴλ
632 831 779 857 ἐνέπνευσε
805 831 843 866 τῷ

51 877 205 904 πλασθέντι
220 877 326 912 σώματι
341 877 425 910 ζωὴν,
443 877 475 903 τὸ
490 877 519 903 δὲ
536 877 565 909 ἐξ
579 876 660 903 αὑτοῦ
678 876 787 911 πνεῦμα
800 876 843 903 διὰ

50 923 208 957 χαυνότητα
230 923 386 959 καταρῤυὲν
403 924 449 949 ἐπὶ
470 923 515 950 τὸν
530 923 617 956 δεξιὸν
637 923 737 957 ὁμοίως
756 922 823 949 πόδα
835 942 842 953 ,

50 967 103 993 καὶ
116 968 159 994 διὰ
174 968 220 995 τοῦ
232 969 351 1004 μεγάλου
363 968 498 995 δακτύλου
508 968 589 1003 χυθὲν
601 968 641 999 εἰς
650 968 700 1003 τὴν
711 967 843 1005 ἑλικοειδῆ

53 1014 150 1049 ῥινίδα
168 1015 350 1050 κατέσκηψεν.
369 1015 402 1042 Ἠ
418 1015 445 1041 δὲ
458 1015 616 1050 παραυτίκα
632 1015 843 1049 ζωοποιηθεϊσα,

49 1059 103 1085 καὶ
125 1060 317 1094 ἀποτμηθεῖσα
340 1061 387 1087 τοῦ
409 1061 541 1088 δακτύλου
560 1062 679 1095 γέγονεν
697 1061 772 1095 ὄφις,
798 1061 844 1087 καὶ

49 1106 180 1140 εἴρπυσε.
191 1107 241 1133 Διὰ
254 1107 335 1133 τοῦτο
343 1107 397 1142 γὰρ
409 1107 455 1133 καὶ
463 1107 597 1142 φρόνιμον
609 1106 691 1132 αὐτὸν
703 1106 843 1141 γενέσθαι,

50 1153 104 1179 καὶ
120 1154 242 1188 νουνεχῆ,
258 1154 296 1184 ὠς
310 1154 356 1180 τοῦ
372 1154 574 1189 ὶμφυσήματος
587 1153 633 1180 τοῦ
648 1153 790 1186 Σαταναὴλ
805 1153 844 1184 εἰς

50 1200 144 1235 ψυχὴν
157 1201 233 1235 αύτῷ
249 1201 446 1232 καταστάντος,
465 1202 534 1236 ὅπερ
553 1199 615 1227 ίδὼν
628 1201 642 1226 ὁ
657 1199 751 1232 καινὸς
765 1197 843 1232 οὗτος

48 1246 286 1281 δημιουργδςάαὶ
301 1248 393 1282 γνοὺς,
406 1249 447 1275 ὅτι
464 1249 553 1283 μάτην
565 1247 652 1278 πονεῖ,
667 1245 844 1282 διεπρεσϐεύς

52 1300 124 1319 uno
150 1292 218 1328 πρὸς
244 1293 290 1320 τὸν
316 1294 418 1328 ἀγαθὸν
446 1295 568 1329 Πατέρα,
592 1293 640 1319 καὶ
669 1293 842 1328 παρεκάλεσε

54 1338 215 1374 ’πεμφθῆναι
228 1340 384 1375 παράύτοῦ
398 1340 493 1376 πνοὴν,
506 1339 743 1374 ἐπαγγειλάμενος
753 1341 843 1367 κοινὸν

52 1381 127 1410 εἶναι
143 1383 188 1411 τὸν
202 1384 355 1421 ἄνθρωπον,
375 1387 398 1412 εἰ
414 1385 588 1420 ζωοποιηθῇ,
606 1386 653 1412 καὶ
667 1386 720 1411 ἀπὸ
736 1386 783 1412 τοῦ
799 1386 844 1420 γέ-

51 1435 119 1458 νους
135 1428 218 1455 αὐτοῦ
235 1429 405 1464 πληροῦσθαι
420 1430 483 1461 τοὺς
501 1431 530 1455 ἐν
547 1429 656 1464 οὐρανῷ
672 1429 773 1461 τόπους
788 1431 844 1457 τῶν

51 1474 265 1509 ἀπορριφέντων
278 1476 411 1509 ἀγγέλων.
428 1475 480 1502 Τὸν
498 1476 525 1502 δὶ
540 1476 607 1503 Θεὸν
619 1476 656 1508 ὡς
669 1476 771 1511 ἀγαθὸν
784 1478 844 1504 ἐπι-

899 237 959 256 cum
973 230 1073 256 coelum
1083 231 1230 257 secundum
1253 234 1386 261 ornasset.
1409 235 1436 258 et
1461 237 1546 264 aquas
1575 239 1589 258 a
1617 231 1686 260 facie

898 279 977 302 terrae
993 276 1183 308 contraxisset,
1197 283 1297 310 easque
1320 276 1376 302 suis
1403 276 1427 302 iu
1450 276 1526 308 locis,
1545 283 1574 303 ut
1602 278 1627 304 ei
1647 279 1685 304 vi-

897 329 957 348 sum
972 326 1022 352 est.
1039 321 1208 355 collocasset,
1235 322 1461 356 quemadmodum
1487 322 1512 348 in
1530 323 1608 354 libro.
1639 325 1684 358 qui

898 369 989 395 mundi
1010 369 1131 396 continet
1142 369 1370 403 procreationem.
1383 368 1549 402 descriptum
1563 373 1613 400 est,
1632 375 1686 395 ter-

897 421 954 441 ram
973 414 1081 441 ornavit
1095 419 1122 441 et
1138 414 1290 446 decoravit,
1307 418 1333 441 et
1348 415 1438 441 onmia
1454 414 1517 441 fecit
1551 422 1610 449 quae
1637 422 1685 440 na-

896 464 1009 487 scuntur
1022 467 1037 487 ο
1062 465 1145 492 terra,
1175 465 1202 488 et
1216 460 1341 487 animalia
1366 465 1392 487 et
1408 461 1429 487 si
1447 461 1510 495 quid
1544 460 1615 488 aliud
1633 466 1685 490 est.

896 512 1010 541 eamque
1024 507 1074 533 sibi
1093 511 1121 533 ut
1135 506 1196 533 aliis
1219 506 1407 540 potestatibus,
1433 514 1493 541 quae
1519 506 1682 535 defecerant,

896 552 1038 579 constituit
1053 552 1229 580 domicilium.
1253 552 1354 580 Deinde
1381 561 1444 580 cum
1470 553 1554 580 Adam
1584 559 1681 580 eterra

897 605 966 632 aqua
979 599 1118 624 commista
1135 597 1287 630 formasset,
1313 606 1374 625 eum
1405 604 1508 625 rectum
1527 598 1680 628 collocavit.

896 651 928 669 ex
946 651 999 676 quo
1016 643 1113 670 humor
1124 644 1232 677 quidam
1249 643 1274 670 in
1290 644 1412 670 dextrum
1436 644 1530 678 pedem
1557 643 1681 675 deﬂuxit.

895 694 922 716 et
936 696 982 722 per
997 696 1123 723 magnum
1136 689 1246 722 digitum
1261 688 1363 716 eﬁ‘usus
1374 689 1400 716 in
1414 693 1512 715 terrain
1525 695 1555 716 se
1567 689 1683 716 circum-

896 734 990 767 volvit,
1005 740 1032 761 et
1048 734 1183 769 serpentis
1198 733 1308 768 ﬁguram
1326 733 1450 760 reddidit.
1470 733 1596 761 Satanae]
1612 741 1676 760 vero

896 780 1022 815 spiritum
1038 788 1115 807 suum
1129 780 1258 814 colligente
1274 780 1299 806 in
1325 786 1421 814 corpus
1438 787 1452 806 a
1482 787 1511 807 se
1533 779 1680 807 conflatum

896 826 978 853 vitam
990 827 1145 854 insulﬁavit.
1161 825 1214 853 Sed
1230 826 1343 861 spiritus
1358 825 1419 860 ejus
1445 833 1492 860 per
1516 833 1627 853 vacuum
1647 826 1682 852 si—

896 872 995 899 militer
1006 872 1089 900 iluens
1103 873 1129 899 in
1139 873 1278 900 dexterum
1289 873 1381 906 pedem
1399 876 1426 899 et
1432 880 1478 906 per
1486 879 1610 906 magnum
1618 872 1684 904 digi-

897 922 966 948 tum,
980 917 1006 944 in
1025 922 1170 945 tortuosam
1183 917 1279 945 stillam
1294 917 1404 950 coaluit,
1420 924 1480 952 quae
1493 918 1583 945 statim
1599 917 1681 944 vitam

895 963 1031 998 accipiens
1055 968 1082 990 et
1095 971 1109 990 a
1123 963 1206 998 digito
1220 963 1369 990 abscedens
1384 970 1497 997 serpens
1519 962 1612 990 eﬁ‘ects
1628 967 1682 993 est,

894 1014 921 1037 et
935 1010 1070 1044 serpebat.
1086 1009 1187 1037 idcirco
1200 1009 1284 1041 enim,
1300 1009 1434 1043 inquiunt,
1448 1013 1489 1036 est
1506 1009 1623 1042 prudens
1649 1016 1681 1036 ac

895 1059 986 1082 mente
1002 1055 1131 1089 prredilus
1148 1062 1269 1089 serpens,
1284 1055 1412 1089 quoniam
1430 1054 1579 1082 Satanaelis
1595 1054 1682 1081 insuf-

894 1099 969 1126 ﬁatio
998 1100 1034 1127 illi
1049 1100 1099 1127 fuit
1113 1100 1208 1127 animae
1226 1099 1295 1127 loco.
1311 1099 1388 1133 Quod
1405 1107 1496 1133 novus
1526 1100 1578 1127 iste
1594 1099 1683 1135 opifex

894 1146 1076 1180 conspicatus,
1093 1153 1152 1172 cum
1167 1146 1393 1173 animadverteret
1422 1153 1451 1173 se
1465 1146 1565 1173 frustra
1577 1145 1683 1172 labora-

894 1200 934 1224 re,
954 1191 1054 1226 legatos
1067 1191 1138 1218 misit
1152 1191 1185 1218 ad
1202 1192 1302 1219 bontnn
1321 1196 1437 1226 patrem,
1454 1191 1499 1226 qui
1517 1196 1639 1226 peterent
1656 1197 1685 1218 ut

893 1238 1013 1266 mitteret
1025 1238 1148 1272 spiritum
1161 1245 1250 1270 suum,
1267 1238 1444 1272 promisitque
1465 1237 1602 1265 hominem
1624 1238 1683 1266 fore

892 1291 1074 1315 communem,
1091 1283 1113 1310 si
1127 1283 1208 1310 vitam
1224 1284 1369 1317 acciperet,
1389 1287 1416 1310 et
1432 1291 1465 1310 ex
1482 1291 1581 1318 genere
1598 1283 1684 1318 ipsius

893 1329 1011 1364 repletas
1029 1329 1060 1356 iri
1077 1330 1166 1361 sedes,
1180 1337 1195 1356 e
1221 1330 1318 1363 quibus
1340 1329 1428 1364 angeli
1446 1329 1543 1364 dejecti
1565 1329 1685 1357 fuerant-

893 1372 978 1400 Deum
995 1378 1083 1400 autem
1103 1379 1194 1408 utpote
1209 1374 1305 1400 bonum
1320 1375 1458 1408 annuisse,
1483 1373 1685 1409 insulﬁaswque

895 1418 1048 1446 Satanaelis
1067 1420 1193 1453 ﬁgmento
1209 1420 1332 1454 spiritum
1351 1419 1424 1453 vitae,
1441 1425 1468 1448 et
1486 1420 1616 1448 continuo
1643 1421 1685 1447 fa-

894 1468 966 1491 ctum
979 1471 1039 1491 esse
1052 1465 1188 1491 hominem
1205 1466 1231 1491 in
1247 1465 1362 1495 animam
1377 1465 1523 1499 viventem,
1548 1473 1608 1501 qua
1626 1474 1687 1493 cor-

53 1519 162 1554 νεῦσαι,
190 1522 238 1548 καὶ
266 1521 425 1556 ἐμφυσῆσαι
455 1521 494 1556 τῷ
521 1523 597 1557 παρὰ
627 1522 675 1548 τοῦ
693 1509 791 1549 ἽΣαταν

947 1519 949 1534 ι
963 1509 1120 1541 illustraret.
1139 1515 1167 1538 et
1183 1510 1323 1546 multiplici
1337 1511 1424 1545 gratia
1447 1513 1599 1540 decoraret.
1621 1511 1686 1540 Post

53 1566 204 1594 πλασθέντι
216 1568 326 1603 πνεῦμα
337 1568 420 1603 ζωῆς,
434 1569 482 1596 καὶ
493 1569 621 1602 γενέσθαι
633 1569 790 1603 παραυτίκα
802 1570 848 1596 τὸν

54 1612 203 1648 ἄνθρωπον
218 1614 257 1646 είς
277 1614 366 1650 ψυχὴν
383 1615 474 1647 ζῶσαν
489 1615 692 1650 λαμπρύνασαν
705 1616 734 1642 τὸ
750 1616 846 1650 σῶμα,

55 1659 107 1685 καὶ
130 1659 242 1690 πολλαῖς
265 1660 332 1686 αὐτὸ
353 1661 613 1695 καταφαιδρύνασαν
631 1661 752 1695 χάρισιν.
781 1660 848 1688 Εἶτα

54 1705 109 1740 τῆς
127 1704 198 1737 Εὔας
211 1705 312 1741 ὁμοίως
326 1705 433 1734 ἐκεῖθεν
450 1707 623 1742 ποιηθείσης,
641 1709 686 1734 καὶ
701 1709 760 1738 ταῖς
777 1708 848 1739 ῐσαις

55 1751 281 1786 ἀπαστραψάσης
292 1752 478 1787 λαμπρότητι,
494 1753 627 1787 φθονῆσαι
636 1753 682 1779 τὶν
695 1753 847 1787 Σαταναὴλ,

55 1796 108 1822 καὶ
128 1797 372 1833 μεταμεληθῆναι,
391 1798 437 1824 καὶ
455 1798 599 1832 κινηθῆναι
618 1799 686 1832 πρὸς
704 1799 850 1833 ὲπιὸου).ὴν

55 1841 107 1868 τοῦ
127 1842 285 1876 πλάσματος
307 1844 353 1870 τοῦ
371 1843 453 1875 ἰδίου,
471 1844 518 1869 καὶ
535 1844 679 1878 εἰσρυῆναι
695 1846 752 1875 τοῖς
765 1845 848 1878 ὲγκά-

54 1896 116 1919 τοις
131 1888 178 1914 τοῦ
193 1889 293 1923 δφεως,
309 1889 356 1916 καὶ
372 1890 544 1925 ἐξαπατῆσαι
558 1890 606 1925 τὴν
622 1891 705 1922 Εὕαν,
722 1892 768 1917 καὶ
786 1900 851 1925 συγ-

55 1933 189 1964 γενέσθαι
203 1935 284 1969 αὒτῇ,
303 1935 352 1962 καὶ
369 1936 482 1970 ποιῆσαι
502 1936 611 1969 ἔγκυον,
631 1936 674 1962 ἵνα
692 1937 722 1962 τὸ
740 1936 850 1971 σπέρμα

55 1977 157 2006 τούτου
173 1979 309 2014 προλαϐὺν
327 1981 518 2016 κατακυριεύη
538 1981 584 2007 τοῦ
600 1981 746 2016 ἀδαμιαίου
765 1982 849 2017 σπέρ-

58 2032 163 2058 ματος,
180 2024 229 2052 καὶ
244 2025 282 2056 ὡς
298 2023 353 2052 οἷόν
371 2034 400 2052 τε
418 2026 564 2062 διαφθείρῃ
575 2047 582 2059 ,
599 2027 647 2053 καὶ
667 2027 705 2061 μὴ
721 2028 850 2062 συγχωρῇ

56 2069 227 2102 αὐξάνεσθαι,
252 2072 299 2098 καὶ
314 2072 512 2106 πληθύνεσθαι.
528 2071 585 2108 Τὴν
597 2072 625 2098 δὲ
636 2074 742 2108 ταχέως
755 2073 852 2108 ὡδινή-

57 2124 150 2143 σασαν
166 2116 354 2152 ἀπογεννῆσαι
373 2118 418 2144 τὸν
438 2117 508 2145 Κάῖν
527 2119 559 2145 ὲκ
574 2120 624 2153 τῆς
642 2119 787 2151 συνουσίας
802 2119 850 2146 τοῦ

53 2163 218 2199 Σαταναὴλ,
233 2164 281 2190 καὶ
294 2163 413 2199 ἀδελφὴν
427 2163 539 2199 δίδυμον
555 2165 734 2200 ὁμοιότροπον
745 2185 752 2197 ,
765 2166 851 2201 ὄνομα

899 1561 989 1582 autem
1004 1564 1064 1583 cum
1081 1556 1135 1583 Eva
1151 1557 1215 1584 item
1231 1564 1261 1584 ex
1278 1565 1310 1584 eo
1324 1558 1421 1585 ruisset
1436 1558 1562 1591 formata,
1577 1559 1685 1586 eodem-

898 1609 950 1637 que
963 1607 1035 1630 esset
1051 1601 1145 1630 aﬁecta
1160 1603 1314 1637 splendore,
1329 1603 1454 1631 Satanael
1483 1604 1584 1632 invidia
1610 1612 1686 1632 com-

899 1654 1000 1676 motum
1015 1650 1176 1677 sententiam
1193 1655 1310 1677 mutasse
1344 1651 1415 1678 etad
1441 1650 1553 1679 insidias
1579 1651 1688 1686 proprio

899 1695 1027 1730 ﬁgmento
1058 1697 1200 1723 struendas
1231 1704 1261 1724 se
1287 1698 1466 1729 convertisse,
1499 1702 1527 1724 et
1553 1697 1688 1732 serpentis

899 1741 1047 1769 visceribus
1059 1742 1214 1769 inﬂuentem
1231 1742 1370 1777 decepisse
1401 1743 1495 1775 Evam,
1514 1747 1541 1770 et
1559 1750 1619 1770 cum
1642 1743 1686 1770 illa

899 1789 1122 1815 consuetudinem
1136 1789 1272 1820 habuisse,
1289 1793 1316 1815 ut
1331 1796 1361 1816 ea
1381 1793 1485 1816 uterum
1507 1795 1628 1824 gerente,
1644 1797 1688 1818 se-

901 1841 960 1860 men
981 1834 1066 1868 ipsius
1078 1834 1174 1862 semini
1193 1834 1276 1861 Adam
1305 1836 1431 1867 anteiret,
1458 1840 1485 1862 et
1513 1835 1601 1870 quoad
1629 1836 1688 1863 ﬁeri

900 1886 990 1913 posset
1009 1879 1073 1906 illud
1084 1884 1281 1914 corrumperet,
1303 1887 1351 1907 nec
1376 1881 1468 1915 augeri
1498 1881 1687 1915 multiplicari-

900 1933 952 1959 que
966 1925 1144 1959 permitteret.
1158 1925 1210 1953 Sed
1227 1925 1309 1952 Evam
1340 1933 1401 1953 mox
1431 1925 1571 1953 doloribus
1597 1931 1689 1960 partus

900 1970 1022 1998 affectam
1037 1972 1174 2006 peperisse
1194 1971 1260 1998 Cain
1289 1979 1320 1998 ex
1351 1971 1497 1999 cortcubitu
1527 1971 1688 2004 Salanaelis,

900 2023 927 2044 et
943 2025 1064 2045 sororem
1080 2018 1103 2044 ei
1117 2018 1243 2050 similem,
1262 2018 1305 2044 cui
1335 2026 1433 2045 nomen
1460 2017 1511 2045 fuit
1541 2018 1688 2052 (Salonem,

900 2065 986 2091 Adam
1004 2072 1068 2092 vero
1085 2063 1258 2091 :emulatione
1269 2067 1435 2091 commotum
1453 2071 1509 2091 rem
1522 2064 1607 2099 ipsam
1621 2071 1690 2099 quo-

901 2118 954 2145 que
974 2111 1099 2138 habuisse
1115 2118 1176 2138 curn
1188 2110 1252 2143 Eva,
1278 2114 1304 2137 et
1331 2109 1397 2138 Abel
1427 2110 1590 2144 suscepisse.
1609 2117 1688 2144 quem

901 2157 992 2184 statim
1004 2156 1166 2184 interﬁciens
1177 2156 1255 2188 Cain,
1269 2155 1445 2183 homicidium
1458 2156 1485 2183 in
1500 2158 1580 2183 vitam
1592 2156 1689 2183 intulit.

53 2209 132 2244 αὐτῇ
145 2209 310 2244 Καλωμενὰ,
329 2210 556 2246 ζηλοτυπήσαντα
571 2211 598 2237 δὲ
615 2211 662 2238 τὸν
683 2212 771 2246 Ἀδὰμ
787 2222 792 2238 <

950 2210 1019 2238 oque
1038 2202 1167 2230 Joannem
1195 2201 1345 2242 apostolum
1364 2202 1474 2234 dixisse,
1493 2202 1563 2236 quod
1574 2202 1639 2228 Cain
1658 2209 1689 2228 ex

54 2255 151 2283 ελθεῖν
166 2256 214 2282 καὶ
227 2256 308 2282 αὑτὸν
319 2257 353 2292 τῇ
369 2256 436 2292 Εὔα,
451 2256 498 2283 καὶ
513 2257 643 2292 γεννῆσαι
655 2258 701 2284 τὸν
716 2258 809 2291 ΙἈσελ,
823 2258 853 2285 ὃν

54 2300 168 2328 ἀνελὼν
176 2301 257 2333 εὐθὺς
269 2303 281 2328 ὁ
295 2302 377 2335 Κάῖν,
387 2302 434 2329 τὸν
443 2303 523 2336 φόνον
535 2305 574 2330 είς
582 2304 628 2330 τὸν
641 2303 698 2338 βίον
711 2305 851 2339 εἰσήγαγε,

55 2347 114 2373 Διὰ
131 2346 210 2373 τοῦτο
229 2348 276 2374 καὶ
293 2347 339 2374 τὸν
370 2349 520 2379 ἀπόστολον
550 2349 678 2384 Ἰωάννην
694 2352 782 2377 εἰπεῖν
793 2371 799 2382 ,
813 2351 854 2378 ὃτι

55 2392 71 2416 6
89 2390 160 2416 Κάῖν
171 2391 201 2417 ὲκ
209 2390 257 2417 τοῦ
273 2391 394 2426 πονηροῦ
407 2390 451 2427 ἦν,
463 2392 511 2418 τοῦ
522 2393 664 2428 Σαταναὴλ
677 2395 769 2428 μέντοι
786 2403 854 2429 συμ-

56 2436 215 2471 φθαρέντες
236 2437 359 2472 ἀσελγῶς
382 2439 416 2474 τῇ
440 2439 497 2475 Εὕα
515 2438 559 2465 διὰ
583 2439 667 2474 μέσου
687 2440 734 2467 τοῦ
753 2441 853 2476 ὄφεως,

56 2482 248 2517 ἀφαιρεθῆναι
263 2483 310 2510 ἀπ’
323 2483 405 2510 αὑτοῦ
422 2484 471 2519 τὴν
485 2484 559 2512 Θείαν
574 2485 674 2512 αὐτίκα
686 2487 734 2512 καὶ
746 2486 853 2521 στολὴν,

57 2528 113 2555 καὶ
132 2529 249 2564 μορφὴν,
265 2530 312 2556 καὶ
328 2530 378 2565 τὴν
397 2530 608 2566 δημιουργικὴν,
623 2531 661 2563 ὡς
676 2532 794 2568 εἴρηται,
808 2533 856 2559 δύ-

59 2583 158 2608 ναμιν,
173 2576 220 2601 καὶ
229 2575 279 2610 τὴν
290 2575 336 2602 τοῦ
352 2576 418 2603 Θεοῦ
434 2577 631 2612 προσηγορίαν.
646 2578 713 2604 θεὸν
725 2578 778 2613 γὰρ
791 2579 854 2613 ἄχρι

58 2622 126 2647 τότε
138 2621 185 2648 καὶ
199 2622 280 2648 αὑτὸν
294 2622 486 2657 ὀνομάζεσθαι.
500 2623 553 2650 Καὶ
562 2623 739 2658 γυμνωθέντα
752 2624 855 2650 τούτων

58 2667 195 2695 ἁπάντων
227 2668 364 2694 σκοτεινὸν
397 2669 544 2702 γενέσθαι,
574 2670 622 2695 καὶ
651 2669 770 2704 δυσειδῆ.
804 2670 855 2698 Τὸν

60 2713 88 2740 δ’
103 2714 208 2747 ἀγαθὸν
222 2714 331 2748 Πατέρα
344 2715 424 2750 μέχρι
439 2710 535 2742 τούξου
547 2717 686 2751 στήσαντα
696 2716 745 2751 τὴν
758 2717 854 2750 ὀργὴν,

61 2760 178 2792 ἀφεῖναι
193 2760 288 2787 τοῦτον
301 2762 509 2798 κοσμοκράτορα
532 2762 579 2788 καὶ
593 2762 698 2798 κύριον,
724 2760 760 2788 ὧν
775 2763 856 2794 αὐτος

63 2805 280 2839 ἐδημιούργησε,
297 2806 387 2834 πεσὼν
398 2808 510 2836 ἄνωθεν.
527 2807 619 2836 Ταῦτα
638 2810 686 2844 μὲν
699 2809 811 2836 ἐκείνων
823 2810 856 2836 τὰ

108 2863 114 2877 ¹
131 2861 229 2891 Ηυιιιι.
244 2871 285 2897 ιιι,
301 2864 340 2892 ιτ.

906 2249 1022 2285 maligno
1038 2255 1096 2277 erat
1115 2250 1134 2276 ‘.
1157 2249 1291 2277 (laterum
1312 2256 1375 2276 cum
1406 2249 1532 2276 Satanael
1557 2249 1692 2283 impudice

904 2303 965 2322 cum
995 2296 1049 2322 Eva
1081 2303 1128 2331 per
1161 2299 1313 2330 serpentem
1341 2299 1569 2328 corrumperetur,
1601 2293 1690 2321 divina

906 2340 989 2368 fuisse
1001 2341 1090 2368 statim
1100 2340 1234 2376 privatum
1242 2339 1326 2367 forma
1335 2347 1367 2366 ac
1377 2339 1547 2372 vestimento,
1557 2343 1584 2366 et
1594 2347 1690 2366 crean-

905 2386 930 2414 di
948 2386 1084 2418 facultate,
1108 2392 1136 2413 et
1163 2385 1211 2413 Dei
1233 2385 1422 2420 appellatione,
1448 2385 1546 2420 quibus
1558 2385 1691 2419 adempth

906 2434 985 2460 rebus
1001 2433 1200 2460 tenebricosum
1228 2436 1308 2467 atque
1340 2431 1465 2457 omnibus
1486 2431 1599 2457 invisum
1628 2438 1691 2458 eva-

905 2481 984 2508 sisse.
1000 2479 1052 2506 Sed
1068 2479 1168 2506 bonum
1183 2478 1290 2505 Patrem
1307 2479 1347 2505 sic
1359 2478 1526 2504 iracundiam
1543 2481 1691 2510 temperas-

905 2533 945 2559 se,
977 2530 1005 2552 ut
1032 2525 1204 2559 permitteret
1228 2531 1288 2551 cum
1325 2528 1461 2550 auctorem
1491 2529 1522 2548 ac
1552 2521 1689 2549 dominum

906 2580 998 2599 eorum
1015 2578 1086 2602 esse.
1101 2578 1159 2605 quae
1171 2571 1228 2605 ipse
1245 2577 1259 2597 e
1272 2569 1433 2598 sublimibus
1449 2568 1550 2595 cadens
1564 2567 1690 2594 condide-

906 2621 956 2644 rat.
974 2616 1124 2643 lstiusmodi
1141 2620 1204 2642 sunt
1233 2615 1354 2649 ipson-tt
1387 2612 1493 2640 fabulas.
1520 2611 1615 2638 Verum
1640 2619 1689 2640 cur

907 2670 959 2690 non
971 2662 1056 2696 potuit
1070 2662 1147 2696 aquis
1160 2661 1287 2691 insidere.
1311 2661 1364 2687 imo
1382 2666 1455 2690 vero,
1472 2657 1579 2692 quando
1591 2664 1688 2691 corpo-

908 2715 936 2735 ra
952 2715 1057 2742 quoque
1078 2706 1196 2734 insident
1216 2705 1304 2739 aquis,
1317 2712 1366 2731 cur
1379 2704 1435 2738 ipse
1452 2711 1503 2729 una
1527 2710 1587 2730 cum
1614 2703 1690 2730 defo-

911 2752 1042 2780 ctricibus
1063 2751 1114 2779 illis
1133 2750 1322 2785 poteSIatibus,
1337 2748 1474 2783 proprium
1490 2755 1542 2774 non
1559 2747 1651 2774 habuit
1662 2747 1690 2774 in

908 2799 984 2834 aquis
1011 2798 1196 2826 domicilium?
1225 2794 1440 2830 qnamloqnident
1471 2801 1540 2821 nunc
1564 2793 1691 2821 etiamin
