1873 3075
65 125 128 159 1301

507 131 694 162 PANOPLIA
715 131 943 162 DOGMATICA.
965 144 1000 151 -
1019 131 1092 161 TlT.
1113 131 1235 162 XXVII.

1608 127 1682 162 1302

64 191 145 219 ματος
156 181 205 215 ὼν,
220 183 385 218 σωματικῶς
396 185 429 220 τῇ
445 184 502 220 Εὕα
518 186 685 220 συνεγένετο,
701 187 725 213 εί
741 187 778 222 μή
792 194 803 212 τ

944 191 985 214 ter
1000 191 1085 221 pater.
1104 187 1203 214 Verum
1232 184 1361 221 quoniam
1383 183 1483 212 nullius
1498 191 1591 212 rerum
1618 192 1681 219 pro-

64 228 129 254 κατὰ
150 228 301 260 φαντασίαν
322 229 393 256 είποι
411 238 472 264 τις;
490 231 519 257 El
539 231 569 257 δὲ
589 233 659 258 κατὰ
674 232 845 266 φαντασίαν,

63 273 120 304 πῶς
133 273 166 300 ἂν
181 274 391 310 ἐπαιδοποίησιν
402 275 431 308 ἐξ
445 276 530 311 αὐτῆς
542 284 548 309 ;
563 277 625 308 Πῶς
636 277 664 304 δὲ
675 278 688 303 ὁ
704 277 773 304 Κάῖν
788 277 845 309 υίὸς

63 318 142 344 αὑτοῦ
158 319 278 353 γεγονὼς
300 320 350 346 οὐκ
369 321 444 356 αὺτῷ
456 319 490 357 ἧν
513 321 570 353 leo;
594 322 640 348 καὶ
657 323 760 357 ὅμοιος,
778 322 846 349 ἀλλὰ

63 364 100 398 τῷ
118 364 221 399 ’Δδάμ;
238 365 296 391 Πᾶν
305 365 361 400 γὰρ
372 366 495 402 γέννημα
511 367 568 394 ἴσον
583 367 630 394 καὶ
640 368 732 402 ὅμοιον
747 368 786 402 τῷ
800 376 845 402 γε-

64 410 207 445 γεννηκότι
227 411 300 437 κατὰ
317 410 367 446 τὴν
381 411 462 445 φύσιν
482 412 566 439 ἐστίν,
597 413 627 440 '0
643 413 672 439 δὲ
695 414 846 445 ἀπόστολος

69 455 191 490 Ἰωάννης
209 454 286 482 εἶπεν
300 457 335 484 ἐκ
349 456 402 484 τοῦ
421 457 554 492 πονηροῦ
569 458 623 485 τὸν
642 457 727 490 Κάτν,
743 459 792 493 οὐχ
808 460 846 491 ὡς

65 500 94 526 lx
107 499 153 526 τοῦ
168 500 289 535 πονηροῦ
302 502 467 536 σωματικῶς
481 503 657 538 γεννηθέντα,
673 503 731 530 ἀλλ’
746 504 784 536 ὡς
795 505 845 539 τὴν

47 534 161 590 κακίαν
171 545 202 577 ἐξ
212 534 319 573 ἐκείνου
332 534 521 583 μεμαθηκότα.
538 534 672 580 Ιίολλάκις
683 549 738 585 γὰρ
749 534 845 576 τέκνον

54 592 168 631 Γλέγεται
187 593 234 619 καὶ
244 594 258 620 ὁ
272 594 408 629 μαθητὴς,
421 595 468 621 καὶ
481 595 573 631 πατὴρ
600 595 681 627 αὖθις
697 597 710 623 ὁ
719 595 845 622 διδάσκα⁸

53 637 117 688 llos.
135 639 223 688 ⁸Ἐπεὶ.
245 639 275 666 δὲ
298 640 411 688 audenti
429 641 664 688 zévréyaoaulwv
685 642 845 688 κτισμάτων

54 683 166 718 ίέδείχθη
184 684 352 720 δημιουργὸς
364 687 378 712 ὁ
393 686 526 719 Σατανᾶς,
541 687 578 718 ὼς
594 688 623 713 ὲν
638 689 693 719 τοῖς
706 688 775 714 κατὰ
791 687 845 714 τῶν

65 729 251 757 Παυλικιάνων
268 731 426 764 κεφαλαίοις
441 732 661 768 ἀναγέγραπται,
678 733 746 767 πρὸς
759 733 777 760 ἃ
793 733 845 768 πρὸ

65 774 161 809 μικροῦ
172 776 400 812 προσπέμψαμεν,
413 778 519 810 οὐδενὸς
530 778 585 814 ἄρα
596 779 650 805 τῶν
661 779 689 804 ὲν
702 778 740 813 τῷ
750 779 845 813 κόσμῳ

63 821 219 855 κτισμάτων
236 823 449 858 κοσμοκράτορα
466 824 512 850 καὶ
539 824 634 859 κύριον
650 825 732 852 αὑτὸν
749 825 762 851 ὁ
778 824 845 855 Θεὸς

897 237 1062 263 creatarum,
1077 239 1135 266 qua:
1152 232 1177 258 in
1196 231 1296 259 mundo
1307 235 1380 263 sunt,
1396 236 1490 258 auctor
1501 235 1543 257 est
1555 229 1681 263 Satanas,

896 281 925 304 ut
941 277 967 304 in
988 277 1041 303 illis
1059 277 1192 310 capitibus
1208 277 1339 304 adversus
1362 276 1534 304 Paulieianos
1561 275 1680 310 scriptis,

897 322 930 349 ad
945 330 1004 356 qua:
1021 323 1101 357 paulo
1115 327 1178 349 ante
1194 323 1322 349 lectorem
1340 322 1492 356 rejecimus,
1514 322 1683 348 demortstra-

896 372 953 394 tum
970 372 1021 401 est,
1045 371 1162 399 constat,
1186 375 1247 395 eum
1277 368 1375 396 nullius
1401 367 1439 395 rei
1459 374 1518 402 quae
1533 367 1560 394 iu
1583 366 1682 394 mundo

896 415 942 447 sit,
961 415 1098 442 dominum
1111 422 1125 442 a
1139 414 1194 442 Deo
1207 414 1291 442 fuisse
1304 414 1495 442 constitutum.
1528 413 1580 440 Sed
1610 420 1679 447 quo-

895 459 968 486 niam
989 459 1149 486 vocabulum
1177 459 1241 491 hoc,
1258 459 1383 491 mundus,
1411 458 1551 493 multiplex
1574 462 1626 490 est,
1655 463 1683 484 et

896 504 1032 538 significat
1057 505 1138 532 etiam
1170 505 1300 532 malitiam
1337 509 1364 532 et
1384 504 1547 538 nequitiam,
1571 510 1630 537 qua:
1655 502 1681 529 in

895 551 996 577 mundo
1011 557 1062 583 est,
1073 550 1106 578 de
1121 558 1172 585 qua
1186 550 1314 577 Dominus
1339 550 1372 578 ad
1400 549 1547 583 discipulos
1569 548 1682 583 loquens

896 594 1027 623 intellexit
1044 604 1050 622 :
1067 595 1098 623 Si
1112 604 1144 623 ea:
1161 597 1268 628 mundo,
1283 596 1417 631 inquiem,
1442 595 1545 626 essetis,
1568 594 1682 621 mundus

895 641 964 676 quod
976 649 1053 668 suum
1068 645 1105 668 est
1117 641 1237 676 diligeret
1251 642 1272 674 ¹,
1303 641 1381 668 istius
1391 641 1475 668 solius
1488 640 1616 668 Dominus
1636 646 1682 672 ap-

896 686 1011 721 pellatur
1032 694 1039 712 :
1060 686 1116 720 ipse
1128 687 1199 714 enim
1213 687 1247 713 ab
1263 687 1375 714 honesto
1399 687 1527 713 recedens
1550 685 1680 712 malitiam

894 732 1011 767 peperit,
1024 737 1051 760 et
1067 739 1115 767 per
1131 733 1215 767 ipsam
1232 733 1359 767 princeps
1378 739 1409 760 ac
1433 733 1559 760 dominus
1585 738 1677 758 eorum

896 778 1082 811 constituitur,
1095 779 1139 813 qui
1154 778 1186 806 ab
1206 778 1250 806 illa
1266 779 1381 813 decepti,
1398 778 1423 806 ei
1448 785 1508 805 sese
1526 778 1598 805 ultro
1618 777 1682 804 sub-

893 824 1006 858 jiciunt.

63 868 239 903 κατέστηκεν.
275 868 346 895 Ἀλλ’
368 870 430 896 ἐπεὶ
457 870 664 905 πολυσήμαντον
686 870 770 904 ὄνομα
796 870 844 896 τοῦ
864 869 966 904 κόσμου
980 870 1113 904 πέφυκεν,
1127 869 1156 896 ἓν
1170 869 1199 896 δὲ
1223 870 1278 897 τῶν
1297 870 1510 905 σημαινομένων
1533 869 1592 896 ἐστὶ
1605 868 1680 904 καὶή

64 913 180 948 κοσμικὴ
204 913 290 940 κακία
326 915 373 941 καὶ
398 915 545 950 μοχθηρία,
565 915 629 949 περὶ
653 913 686 950 ἦς
711 916 725 941 ὁ
745 914 845 949 Κύριος
861 914 939 948 ἔλεγε
957 915 1025 949 πρὸς
1045 914 1110 945 τοὺς
1145 914 1280 950 μαθητὰς,
1303 915 1344 942 ὅτι
1363 916 1398 942 El
1429 916 1463 942 ἐκ
1486 915 1539 942 τοῦ
1562 914 1681 948 κόσμου

63 955 123 991 ἦτε,
138 960 154 986 ὀ
169 959 284 994 κόσμος
300 959 338 987 ἂν
351 960 384 986 τὸ
401 960 478 987 ίδιον
488 961 597 995 ἐφίλει,
614 961 715 995 ταύτης
732 959 760 986 δὲ
776 960 859 996 μόνης
878 960 1042 994 ὀνομάζεται
1059 962 1268 996 κοσμοκράτωρ,
1285 962 1363 993 αὐτὸς
1390 961 1439 994 τὴν
1455 961 1554 988 κακίαν
1581 960 1682 994 ταύτην

63 1003 266 1040 δημιουργήσας
279 1007 312 1041 τῇ
327 1005 374 1032 τοῦ
389 1005 474 1033 καλοῦ
491 1008 574 1042 φυγῇ,
591 1006 637 1034 καλ⁵
649 1006 683 1033 δι’
698 1006 782 1041 αὐτῆς
795 1006 897 1041 ἄρχων,
910 1007 958 1033 καὶ
976 1005 1111 1041 κυριεύων
1138 1007 1191 1033 τῶν
1211 1007 1257 1033 ὑπ’
1270 1007 1356 1042 αὐτῆς
1388 1006 1601 1042 δελεαζομένων,
1634 1008 1679 1035 καὶ

63 1051 287 1086 ὑποταττομένων
299 1051 429 1083 ἑκουσίως
443 1051 528 1086 αὐτῷ.

95 1096 276 1132 η’.Δέγουσιν,
283 1097 385 1123 ὅτιτῶν
393 1098 543 1132 ανθρώπων
553 1098 791 1133 πικρῶςτυραννου
796 1097 834 1132 μέ-

940 1097 956 1123 l.
971 1095 1076 1127 Dicunt,
1088 1103 1147 1123 eum
1157 1095 1279 1123 homines
1288 1095 1679 1123 acerhodaatnonumdominatu

63 1152 130 1176 νων,
147 1143 197 1170 καὶ
213 1143 326 1177 ἀπηνῶς
343 1143 556 1178 ἀπολλυμένων,
575 1145 655 1179 μόγις
669 1145 754 1178 ὀλίγοι
773 1144 843 1175 τινὲς

63 1191 108 1224 τῆς
129 1189 179 1216 τοῦ
195 1189 301 1224 Πατρὸς
319 1190 429 1225 μερίδος
447 1191 581 1224 ἐγένοντο,
599 1191 646 1217 καὶ
670 1191 711 1222 είς
725 1190 774 1225 τὴν
789 1190 843 1217 τῶν

63 1235 184 1270 ἀγγέλων
211 1235 289 1268 τάξιν
312 1235 460 1270 ἀνέϐησαν.
486 1235 604 1267 Τούτους
628 1236 656 1262 δὲ
684 1234 754 1262 εἷναι
781 1236 844 1268 τοὺς

63 1282 90 1308 ιν
106 1283 164 1314 ταῖς
181 1281 368 1315 γενιαλογίαις
379 1281 426 1308 τοῦ
438 1290 467 1308 τε
485 1282 554 1308 κατὰ
570 1282 709 1308 Ματοαῖον
723 1282 845 1316 Εὑαγγε-

63 1327 118 1354 λίου
134 1327 184 1354 καὶ
202 1325 250 1353 τοῦ
266 1327 338 1354 κατὰ
357 1327 466 1354 Δουκᾶν
490 1327 755 1362 μνημονευομένους.
779 1326 844 1361 Ὀψέ

64 1380 126 1398 ποτε
151 1372 180 1398 δὲ
196 1372 295 1407 συνῆκε
318 1372 531 1406 κατασοφισῠεὶς
555 1373 568 1398 ὁ
584 1372 688 1406 Πατὴρ,
715 1372 760 1397 καί
787 1370 844 1397 ἁδι-

64 1418 168 1445 κεϊσθαι
184 1419 275 1452 γνοὺς,
294 1419 334 1445 ὅτι
350 1419 380 1445 τὸ
395 1418 559 1452 τιμιώτερον
576 1419 659 1453 μέρος
674 1418 720 1444 τοῦ
735 1417 843 1453 ἀνθρώ-

65 1473 114 1491 που
128 1465 191 1496 δοὺς
201 1483 208 1496 ,
221 1464 256 1490 τὰ
269 1463 437 1498 καιριώτατα
456 1464 618 1495 συντελέσας
635 1464 675 1495 el;
690 1463 736 1489 τὸν
751 1464 842 1496 ἀπαρ-

65 1510 156 1544 τισμὸν
183 1508 279 1540 αὑτοῦ.
308 1510 572 1543 πολλοστημόριον
595 1509 775 1542 ἀποφαίνεται
797 1508 844 1534 τοῦ

65 1558 170 1590 γένους,
191 1557 237 1582 καὶ
262 1555 321 1590 ἅμα
340 1556 507 1591 κατελεήσας
530 1556 579 1590 τὴν
600 1555 700 1590 ψυχὴν,
728 1555 758 1582 τὸ
781 1555 846 1582 [διον

66 1602 216 1637 ἐμφύσημα
234 1601 390 1636 πάσχουσαν
403 1601 488 1632 οὕτως
504 1601 615 1632 ἀθλίως,
635 1601 683 1627 καὶ
695 1601 845 1628 “10.8w:-

67 1649 230 1683 στευομένην
255 1647 434 1681 διαναστῆναι
456 1647 523 1682 πρὸς
544 1647 662 1682 ἄμυναν,
676 1648 732 1680 ἶκαὶ
751 1649 785 1678 ,ὲν
807 1647 846 1681 τῷ

66 1693 328 1728 πεντακισχιλιοστῷ
344 1692 568 1727 πεντακοσιοστῷ
583 1692 638 1718 ἔτει
650 1692 846 1727 ὲξερεύξασθαι

65 1739 113 1773 τῆς
128 1738 227 1766 ἑαυτοῦ
251 1739 364 1774 καρδίας
383 1739 478 1772 Λόγον,
497 1738 591 1765 τοῦτον
603 1738 635 1773 δὴ
655 1739 701 1765 τὸν
715 1738 779 1765 Υίδν
800 1739 846 1765 καὶ

65 1785 138 1814 Θεόν.
159 1785 359 1818 Ἐξηρεύξατο
373 1784 439 1818 γὰρ,
455 1785 547 1818 φησὶν,
564 1784 583 1817 ὴ
597 1783 704 1818 καρδία
717 1793 776 1818 μου
793 1784 848 1811 Λό-

65 1840 118 1865 γον
133 1831 259 1866 ἀγαθόν.
277 1830 378 1857 Τοῦτον
398 1830 426 1856 δὲ
440 1829 486 1856 τὸν
501 1829 586 1863 Λόγον
602 1830 648 1856 καὶ
665 1829 729 1856 Υίὸν
746 1829 848 1864 ἰσχυρί-

66 1876 154 1907 ζονται
176 1875 246 1902 εῖναι
257 1876 302 1902 τὸν
321 1875 490 1911 ὰργάγγελον
502 1875 621 1909 Μιχαήλ.
632 1874 770 1902 Καλεῖτατ
782 1875 848 1909 γὰρ,

66 1923 141 1956 φησὶ,
158 1922 191 1948 τὸ
208 1922 301 1956 ὄνομα
317 1921 409 1948 αὑτοῦ
423 1923 557 1955 μεγιιλης
571 1920 693 1954 ,βουλῆς
709 1920 846 1955 ἄγγελος.

65 1967 248 2003 Ἀρχάγγελον
267 1967 316 2002 μὲν
328 1967 494 2002 καλούμενον
506 1967 544 1998 ὡς
564 1967 699 2001 θειότερον
713 1967 781 1993 ὅλων
795 1967 848 1993 τῶν

66 2014 199 2048 ἀγγέλων,
221 2013 325 2048 Ἰησοῦν
340 2013 378 2045 δὲ,
396 2014 434 2044 ὡς
449 2013 538 2040 πᾶσαν
554 2012 632 2038 νόσον
649 2012 696 2038 καὶ
711 2012 848 2047 μαλακίαν

67 2059 180 2094 ἰώμενον
191 2080 199 2092 ,
215 2059 332 2095 Χριστὸν
348 2059 386 2092 δὲ,
399 2059 437 2090 ὡς
456 2058 601 2094 χρισθέντα
618 2058 650 2092 τῇ
670 2057 760 2092 σαρκί.
779 2056 849 2083 Κατ-

66 2105 152 2133 ελθεὶν
176 2106 204 2132 δὲ
217 2105 334 2136 ἄνωθεν.
350 2106 396 2132 καὶ
407 2105 553 2140 είσρυῆναι
566 2103 610 2130 διὰ
618 2103 665 2130 τοῦ
681 2103 769 2136 δεξιοῦ
780 2103 848 2134 ὠτὸς

65 2151 113 2184 τῆς
130 2151 270 2186 Παρθένου
288 2150 335 2177 καὶ
353 2150 514 2185 περιθέσθαι
530 2149 620 2184 σάρκα
633 2149 673 2184 τῷ
690 2149 847 2183 φαινομένῳ

68 2196 116 2230 μὲν
139 2196 236 2232 ὑλικὴν
260 2196 307 2222 καὶ
331 2196 426 2230 ὁμοίαν
444 2195 590 2230 ἀνθρώπου
616 2195 753 2230 σώματος,
772 2196 805 2230 τῇ
827 2195 849 2222 δ’

67 2243 180 2279 ἀληθείᾳ
195 2243 275 2271 ᾶῢλον
288 2243 335 2270 καὶ
345 2242 496 2278 θεοπρεπῆ,
512 2243 560 2269 καὶ
571 2241 689 2275 ἐξελθεῖν
701 2239 778 2273 αὖθις
789 2242 849 2268 ὅθεν

67 2288 184 2323 εἰσῆλθε,
211 2288 262 2324 τῆς
292 2287 430 2327 Παρθένιον
461 2288 529 2323 μήτε
557 2288 606 2323 τὴν
633 2288 737 2314 εἴσοδον
766 2287 848 2314 αὑτοῦ

68 2334 193 2368 γνούσης,
212 2335 280 2369 μήτε
296 2334 344 2369 τὴν
362 2333 459 2367 ἔξοδον,
476 2333 532 2360 ἀλλ’
545 2332 637 2365 ἁπλῶς
654 2334 788 2368 εὑρούσης
803 2334 851 2360 αὗ-

67 2379 112 2404 τὸν
129 2380 157 2405 ὲν
178 2380 216 2415 τῷ
236 2380 361 2415 σπηλαίῳ
378 2380 504 2414 κείμενον
522 2378 782 2414 ἐσπαργανωμένον,
803 2380 850 2405 καὶ

67 2425 173 2453 τελέσαι
191 2426 240 2461 τὴν
257 2426 388 2461 ἓνσαρκον
407 2426 576 2461 οἰκονομίαν,
596 2426 643 2452 καὶ
664 2425 786 2459 ποιῆσαι,

67 2471 169 2503 διδάξαι
183 2472 217 2499 τὰ
232 2473 261 2498 ὲν
276 2473 331 2503 τοῖς
349 2472 525 2506 Εὐαγγελίοις
541 2471 746 2506 ἀναταττόμενα
757 2491 764 2503 ,
779 2470 849 2506 πλὴν

69 2517 98 2542 ὲν
129 2517 265 2552 φαντασίᾳ
294 2518 349 2548 τοῖς
377 2517 640 2552 ἁνθρωτιοπρεπέσιν
669 2517 851 2550 ὑποκείμενον

70 2562 179 2589 πάθεσι.
190 2563 388 2598 Σταυρωθέντα
399 2563 426 2590 δὲ
439 2563 486 2590 καὶ
497 2563 652 2590 ἀποθανεῖν.
669 2563 722 2589 Καὶ
735 2562 852 2596 ἀναστῆ-

69 2615 112 2633 ναι
133 2607 247 2641 δόξαντα
271 2608 351 2634 λῦσαι
377 2608 426 2642 τὴν
449 2608 561 2644 σκηνὴν,
586 2609 634 2634 καὶ
653 2604 809 2642 γυμνῶσαῗ
820 2607 851 2633 τὸ

69 2651 171 2686 δρᾶμα,
194 2653 241 2679 καὶ
258 2653 426 2686 ἀπηοέμενον
444 2653 474 2679 τὸ
491 2653 662 2688 προσωπεῖον
680 2653 789 2686 συσχεῖν
806 2651 851 2678 τὸν

71 2698 226 2733 ἀποστάτην
237 2719 244 2730 ,
262 2699 309 2725 καὶ
326 2700 409 2734 παχεῖ
424 2699 472 2726 καὶ
489 2699 567 2734 βαρεῖ
584 2699 666 2732 κλοιῷ
683 2698 831 2732 καταδῆσαι
843 2718 850 2729 ,

71 2744 118 2770 καὶ
135 2745 274 2778 ἐγκλεῖσαι
288 2745 327 2780 τῷ
341 2745 480 2781 ταρτάρῳ,
503 2745 676 2780 περιελόντα,
695 2746 740 2772 καὶ
759 2746 790 2772 ὲκ
804 2744 851 2771 τοῦ

109 2844 116 2858 ¹
133 2843 222 2871 Matth.
245 2852 290 2878 xv,
311 2844 350 2873 l9.
390 2845 399 2860 ¹
416 2845 486 2873 Ρειι.
504 2846 612 2878 Ittv,2.
653 2847 662 2862 ³
675 2845 715 2873 lsa
738 2854 774 2877 tt,
787 2846 812 2875 6.

893 1146 1092 1175 premerentur,
1109 1136 1308 1176 crudeliterque
1321 1141 1507 1176 perderentur,
1524 1141 1566 1167 vix
1578 1148 1678 1175 paucos

893 1193 924 1214 ex
940 1191 1014 1221 parte
1030 1187 1118 1213 Patris
1132 1186 1282 1219 exstitisse,
1295 1191 1322 1213 et
1334 1187 1359 1213 in
1374 1186 1529 1220 angelorum
1556 1187 1677 1213 ordinem

894 1232 1106 1264 aseendisse,eos
1116 1231 1254 1264 nimirum,
1269 1232 1314 1266 qui
1329 1233 1354 1259 in
1369 1231 1533 1266 genealogiis
1544 1231 1680 1267 Evangelii

894 1277 1193 1305 secundumMatthmum
1202 1281 1228 1304 et
1236 1277 1382 1304 secundum
1391 1277 1489 1304 Lucam
1499 1283 1680 1306 recensentur.

894 1322 1012 1349 Tandem
1024 1326 1111 1350 autem
1124 1322 1267 1357 aliquando
1275 1322 1382 1349 Patrem
1394 1330 1423 1349 se
1441 1322 1526 1356 decipi
1553 1323 1682 1357 atquein-

891 1367 960 1401 juria
968 1366 1036 1394 allici
1050 1367 1327 1402 animadvertisse,qui
1341 1375 1400 1395 cum
1411 1368 1624 1402 praestantiorem
1635 1368 1684 1395 lto-

894 1411 974 1438 minis
990 1416 1092 1445 partem
1110 1412 1257 1445 tribuisset,
1273 1413 1298 1439 in
1321 1420 1406 1446 eoque
1430 1413 1678 1448 perficiendo,qu.'e

895 1457 1036 1492 praecipuae
1054 1463 1116 1484 sunt
1126 1463 1215 1492 partes
1239 1458 1406 1491 absolvisset,
1418 1459 1520 1494 majore
1534 1463 1621 1486 tamen
1634 1467 1680 1495 ge-

895 1503 970 1529 neris
981 1503 1118 1530 hominum
1129 1510 1241 1530 numero
1253 1504 1412 1537 privaretur,
1428 1505 1599 1539 animamque
1609 1513 1682 1532 eom-

891 1549 1049 1580 miseratus,
1070 1555 1150 1583 quam
1170 1549 1226 1582 ipse
1246 1549 1418 1580 insulilasset.
1435 1558 1495 1585 quae
1511 1555 1564 1577 tam
1578 1552 1678 1578 misera

895 1593 1025 1620 servitute
1037 1593 1213 1627 atliigeretur,
1233 1593 1266 1620 ad
1294 1594 1423 1621 ultionem
1449 1602 1521 1621 anno
1537 1595 1681 1630 quinquies

896 1637 1039 1666 millesimo
1066 1639 1283 1673 quingentesimo
1313 1646 1346 1666 ex
1378 1640 1461 1667 corde
1486 1648 1535 1668 suo
1562 1639 1680 1667 Verbum

896 1690 1046 1717 eruetasse,
1056 1684 1080 1711 id
1094 1684 1383 1716 est,Fi|intnetDuum.
1394 1685 1657 1719 Scriptumestenim
1671 1695 1678 1713 :

897 1729 1089 1757 Eructavitcor
1114 1738 1199 1759 meum
1224 1730 1331 1757 Verbum
1353 1731 1448 1757 bonum
1463 1731 1484 1758 '.
1513 1731 1568 1758 lloc
1594 1737 1681 1759 autem

859 1762 881 1793 Ο
899 1775 1015 1803 Verbum
1043 1780 1071 1802 et
1101 1775 1198 1802 Filium
1227 1775 1383 1802 Michaelent
1410 1776 1598 1810 archangelum
1623 1784 1683 1804 esse

898 1821 1062 1848 contendunt
1082 1829 1090 1846 ι
1126 1819 1266 1846 Vocabitur
1288 1821 1368 1852 enim,
1398 1820 1494 1854 inquit,
1514 1829 1607 1848 nomen
1624 1823 1681 1856 ejus

898 1867 985 1901 magni
996 1865 1098 1892 consilii
1110 1866 1216 1900 angelus
1229 1866 1249 1891 ³.
1276 1865 1474 1899 Arcltangelmn
1494 1867 1582 1893 vocari
1608 1868 1679 1901 quod

898 1911 1000 1946 angelis
1025 1911 1151 1939 omnibus
1179 1912 1331 1942 antecellat,
1361 1911 1452 1938 Jesmn
1483 1917 1583 1945 autem,
1608 1913 1682 1948 quod

898 1965 1005 1986 omnem
1021 1958 1142 1984 morhutn
1168 1964 1329 1992 omnemque
1342 1957 1461 1984 dolorem
1493 1963 1580 1990 curet,
1602 1957 1682 1985 Chri-

898 2007 969 2029 stum
983 2008 1057 2033 vero,
1073 2001 1143 2035 quod
1157 2007 1251 2028 unctus
1262 2002 1299 2029 sit
1326 2009 1406 2028 carne
1417 2021 1425 2033 ,
1453 2001 1627 2030 descendisse
1650 2005 1683 2030 de

899 2048 985 2080 caelis,
1005 2053 1032 2076 et
1046 2056 1092 2082 per
1116 2056 1206 2075 aurem
1232 2047 1347 2083 Virginis
1364 2049 1502 2076 dexaeram
1531 2048 1678 2082 inlluxisse,

899 2101 1007 2121 carnem
1026 2093 1158 2125 induisse,
1170 2101 1229 2128 qua:
1242 2098 1351 2128 aspectu
1364 2095 1471 2129 quidem
1499 2094 1622 2122 videatur
1645 2103 1677 2122 ett

901 2138 1011 2165 materia
1027 2143 1161 2170 constare,
1178 2142 1205 2164 et
1216 2139 1325 2165 humani
1347 2139 1468 2173 corporis
1479 2146 1539 2166 esse
1569 2139 1679 2174 similis,

900 2191 960 2211 cum
991 2188 1079 2210 tamen
1091 2190 1183 2210 revera
1199 2184 1316 2211 malet-ire
1342 2185 1377 2211 sit
1401 2192 1497 2218 expers
1521 2193 1552 2212 ac
1577 2186 1678 2213 divina.

900 2230 1016 2257 ltursum
1032 2233 1119 2256 autem
1130 2235 1267 2262 egressum
1282 2236 1342 2258 esse
1355 2236 1403 2264 per
1416 2229 1488 2257 illam
1502 2236 1616 2265 partem,
1633 2238 1680 2265 per

900 2282 979 2310 quam
993 2273 1143 2306 introierat,
1158 2272 1268 2308 Virgine
1285 2281 1334 2301 nec
1360 2274 1500 2307 introitum
1527 2275 1612 2310 ipsius
1634 2283 1684 2303 nec

901 2321 1000 2348 exitum
1013 2319 1164 2346 sentiente:
1180 2318 1337 2353 simpliciter
1349 2319 1421 2347 enim
1435 2327 1496 2346 eum
1514 2319 1541 2347 in
1556 2320 1682 2355 spelunca

899 2367 1032 2402 iacentem
1062 2370 1091 2394 et
1119 2365 1213 2400 pannis
1240 2364 1386 2392 involutum
1412 2365 1554 2400 reperisse,
1582 2373 1614 2393 ac
1631 2367 1684 2394 dis-

803 2425 850 2452 χαιι
867 2427 889 2454 D
903 2412 1086 2448 pensationem
1101 2410 1209 2445 quidem
1227 2410 1253 2437 in
1266 2418 1346 2438 carne
1362 2411 1498 2445 peregisse
1521 2411 1681 2446 fecisseque.

903 2462 929 2485 ct
943 2457 1066 2484 docuisse
1077 2463 1108 2483 ea
1123 2463 1182 2490 quae
1196 2455 1223 2482 in
1233 2455 1384 2490 Evangeliis
1395 2456 1580 2488 continentur,
1594 2457 1682 2490 specie

900 2508 988 2530 tamen
1004 2507 1032 2530 et
1044 2502 1170 2536 opinione
1181 2502 1311 2529 duntaxat
1326 2500 1409 2528 fuisse
1421 2501 1545 2528 humanis
1561 2501 1682 2528 aﬂ‘eetio-

901 2550 979 2576 nibus
1011 2548 1169 2580 obttoxittm,
1197 2552 1224 2575 et
1248 2555 1309 2574 cum
1338 2547 1474 2573 videretur
1498 2547 1630 2581 cruciﬁgi,
1656 2554 1683 2574 et

901 2594 979 2626 mori,
991 2598 1018 2621 et
1055 2601 1204 2628 resurgere,
1234 2600 1343 2620 scenam
1365 2593 1489 2624 solvisse,
1511 2597 1539 2620 et
1563 2592 1679 2620 fabulam

901 2641 1070 2675 patefecisse,
1084 2640 1256 2674 depositaque
1272 2646 1385 2672 persona
1415 2638 1569 2666 confudisse
1592 2639 1683 2666 deser-

901 2693 997 2718 torem,
1009 2691 1035 2714 et
1051 2693 1142 2714 crassa
1166 2685 1294 2719 gravique
1308 2689 1401 2712 eatena
1417 2684 1537 2711 vinctum
1563 2684 1589 2711 in
1611 2683 1681 2712 Tar-

902 2738 958 2762 taro
974 2733 1124 2764 inclusisse,
1138 2731 1322 2765 ademisseque
1338 2729 1414 2762 illius.
1425 2730 1524 2761 nomini
1539 2730 1679 2766 syllabam,
