1873 3075
29 117 107 147 1335

486 119 672 150 PANOPLIA
693 119 924 150 DOGMATICA.
938 133 973 138 —
993 120 1066 151 TIT.
1088 121 1209 152 XXVII.

1601 123 1610 153 l
1618 123 1668 154 306

26 174 63 199 ὲκ
80 174 132 207 τῆ;
147 173 319 208 Μανιχαῦιῆς
332 175 424 206 αὐτοῖς
439 176 582 210 ἀνεσπὰρη
600 174 826 210 παραφροσύνης,
840 175 863 204 Α
878 179 959 203 Anne;

911 176 1015 203 'menios
1024 177 1142 210 scriptus
1157 182 1209 210 est,
1227 177 1284 211 lege
1297 177 1441 212 septimum
1467 179 1559 210 caput,
1594 182 1619 203 et
1635 178 1668 204 ad

28 222 82 247 καὶ
102 220 156 247 τῶν
172 221 225 255 προ
248 221 336 255 αὐτῆς
351 221 481 248 τοιούτων
504 222 647 256 αἱρέσεων.
676 221 827 255 ’Λνάγνωθι

27 267 59 292 δὲ
88 268 118 292 ἐν
139 266 177 301 τῷ
204 266 278 293 κατὰ
300 266 457 301 Ἀρμενίων
484 267 566 301 τίτλῳ
584 268 615 293 τδ
640 267 754 301 ἒὸδομον
780 275 827 293 κε-

31 313 163 346 φάλαιον,
177 313 225 340 καὶ
241 313 378 348 κατάϐηθι
391 314 433 346 ἐφ’
446 313 463 339 ἃ
475 313 553 339 τοῦτο
567 314 761 348 παραπέμπει,
780 314 824 341 καὶ

30 360 87 384 οὐκ
102 360 207 392 ἀγενεῖς
222 360 350 393 εὑρήσεις
366 360 557 395 παρατροπὰς.
573 360 679 387 Γελοῐον
695 360 722 387 δὲ
740 362 788 387 καὶ
796 362 827 388 τι)

34 406 175 440 περιεῖεἴν
202 406 232 432 τὸ
258 406 291 441 ἢλ
309 407 354 432 τοῦ
372 407 526 442 Σαταναὴλ,
545 408 591 435 καὶ
609 408 658 435 οὐκ
678 409 827 442 ἀξιόλογον.

31 453 56 478 1(
63 455 93 478 ﬂ".
108 453 164 488 γὰρ
181 454 228 480 καὶ
242 454 294 487 πρὸ
312 454 359 480 τοῦ
374 455 500 481 καθελεῖν
513 456 564 489 τὴν
577 455 721 490 τυραννίδα
733 456 827 482 τούτου

31 499 132 530 ἔλεγεν
152 498 167 524 ὁ
187 498 401 533 ἐνανθρωπὴσας
417 499 493 530 Θεὸς,
520 500 681 534 Ἐθεώρουν
698 500 752 526 τὸν
771 502 829 527 Σα-

31 544 135 571 τανᾶν
157 545 197 576 ὡς
218 544 379 578 ἀστραπὴν
400 545 435 571 ἐχ
453 544 506 571 τοῦ
530 545 662 578 οὐρανοῦ
684 546 829 577 πεσόντα,

35 589 128 622 μήπω
140 588 201 614 κατ’
229 588 327 618 αὐτοὺς
342 589 388 615 τοῦ
402 589 435 623 ῆλ
449 590 683 624 περιαιρεθέντος.
699 591 829 625 Περιττὸν

33 635 62 660 δὲ
83 635 132 661 καὶ
148 634 179 660 τὺ
194 634 332 661 ἀντειπεῖν
350 635 420 670 πρὸς
433 636 483 670 τὴν
501 636 570 670 μετὰ
583 639 632 671 τὴν
650 637 786 671 ἀνάληψιν
800 638 829 664 ὲν

32 681 113 716 δεξιᾷ
133 681 267 715 καθέδραν
284 682 331 708 τοῦ
349 683 538 717 σαρκωοέντος
555 683 605 718 τὴν
617 683 664 709 ἐπὶ
674 683 720 709 τοῦ
733 682 829 718 θρόνου

32 727 85 752 τοῦ
103 727 255 763 Σαταναήλ.
273 728 521 762 Προαποδέδεικται
534 729 598 764 γὰρ,
615 729 656 756 ὅτι
675 729 736 756 οὔτε
750 730 830 764 φύσει

36 774 98 804 uio;
112 771 146 808 ἦν
161 774 275 805 ἐκεῖνος,
286 774 346 800 οὐδὲ
359 775 544 809 πρωτότοκος,
558 775 621 802 οὕτε
637 776 731 811 θρόνον
747 774 828 812 εῒχιν,

35 819 100 844 οὕτε
122 819 151 845 ἐν
169 819 245 854 δεξιᾷ
261 827 326 845 ποτε
344 819 391 846 τοῦ
407 820 514 854 Πατρὺς
531 821 652 848 ἐκάθισε.

74 863 109 892 θ’.
126 864 242 897 Λέγουσι
262 866 327 896 τοὺς
348 865 537 898 ἁποπεσὸντσς
555 867 831 901 ἀγγέλδυς,ἀκούσαν

34 917 99 941 τις,
109 910 312 945 ὃτιόΣαταναὴλ
319 912 450 944 ὑπέσχετο
456 912 494 947 τῷ
501 913 588 948 Πατρὶ
594 913 764 949 πληροῦσθαι
771 915 833 946 τοὺς

36 957 67 982 ὲν
83 956 193 991 οὐρανῷ
208 959 306 989 τόπους
321 958 412 988 αὐτῶν
423 959 477 986 ἀπὺ
489 960 535 986 τοῦ
547 961 644 994 γένους
654 961 709 988 τῶν
725 961 832 997 ἀνθρώ-

38 1010 102 1028 πων
112 1024 119 1034 ,
137 1002 200 1029 ἰδεῖν
217 1003 343 1038 ἀσελγῶς
357 1004 406 1036 τὰς
420 1005 574 1042 Θυγατέρας
590 1007 645 1034 τῶν
659 1007 812 1043 ἀνθρώπων
822 1027 830 1039 .

38 1049 87 1074 καὶ
110 1048 203 1075 λαϐεῖν
222 1050 308 1082 αὑτὰς
329 1051 369 1084 εἰς
392 1053 538 1085 γυναῖκας,
559 1053 603 1079 ἵνα
627 1053 662 1080 τὰ
683 1054 831 1090 σπέρματα

37 1094 135 1121 αὐτῶν
155 1095 196 1126 είς
216 1096 262 1122 τὸν
283 1097 399 1131 οὐρανὸν
417 1099 566 1126 ἀνέλθωσιν
589 1101 629 1131 είς
649 1101 712 1132 τοὺς
732 1101 832 1134 τόπους

37 1139 95 1165 τῶν
116 1140 242 1175 πατέρων
258 1141 359 1169 αὐτῶν.
375 1140 488 1173 ἰδόντες
504 1144 569 1179 γὰρ,
585 1146 662 1179 φησὶ,
679 1146 702 1171 οἱ
719 1147 771 1173 υἱοὶ
785 1147 831 1173 τοῦ

37 1186 110 1212 Θεοῦ
124 1186 172 1217 τὰς
187 1187 343 1222 θυγατέρας
355 1187 409 1214 τῶν
420 1188 585 1223 ἀνθρώπων,
600 1190 641 1216 ὅτι
655 1190 736 1216 καλαί
748 1190 830 1222 εἰσιν,

38 1233 138 1260 ἕλαὸον
153 1234 257 1264 ἑαυτοῖς
274 1235 406 1267 γυναῖκας
418 1235 511 1266 ’Υἱοὺς
529 1235 557 1260 δὲ
573 1235 619 1261 τοῦ
637 1235 705 1262 Θεοῦ
721 1237 832 1269 τούτους

39 1278 237 1312 ὀνομάζουσιν,
253 1279 290 1310 ὡς
304 1279 352 1305 καὶ
368 1279 467 1311 αὐτοὺς
483 1279 530 1305 ἀπ’
545 1280 650 1307 ἐκείνου
665 1281 812 1315 γεγονότας
823 1301 830 1313 ,

41 1326 74 1352 ὲκ
95 1325 124 1352 δὲ
141 1326 191 1360 τῆς
209 1325 354 1357 συνουσίας
370 1326 461 1352 αὐτῶν
478 1326 698 1362 ἀπογεννηθῆναι
712 1328 774 1358 τοὺς
789 1327 833 1360 γί-

40 1380 159 1406 γαντας,
170 1371 216 1403 οὓς
230 1373 388 1407 ἀντιστῆναι
403 1372 443 1407 τῷ
457 1372 611 1406 Σαταναὴλ,
625 1374 672 1400 καὶ
683 1373 833 1408 θριαμϐεῦ-

42 1426 90 1444 σαι
107 1418 164 1447 τοῖς
183 1417 341 1452 ἀνθρώποις
360 1421 409 1452 τὴν
427 1419 596 1445 ἀποστασίαν
618 1419 720 1450 αὐτοῦ’.
738 1420 785 1446 τὸν
801 1420 830 1447 δὲ

41 1461 206 1497 θυμωθέντα
222 1462 374 1497 ἐπαγαγεῖν
394 1462 486 1493 αὐτοῖς
502 1463 547 1488 τὸν
564 1463 767 1498 κατακλυσμὸν,
785 1463 833 1490 καί

877 228 908 247 ea
921 222 1093 255 progredere,
1108 223 1139 249 ad
1159 230 1218 257 qua:
1245 222 1306 250 inde
1337 223 1468 257 rejiceris,
1491 227 1519 249 et
1541 228 1668 249 strenuas

877 268 1002 295 invenies
1015 268 1225 296 confutationcs.
1252 269 1311 296 Jam
1334 269 1397 296 illttd
1410 270 1552 296 ridiculutn
1580 273 1605 296 et
1620 270 1669 295 alt-

878 312 988 340 surdum
1011 319 1062 345 est,
1087 314 1158 348 quod
1184 323 1216 341 ex
1239 315 1348 347 nomine
1375 315 1501 342 Satanae!
1537 316 1667 350 syllabam

877 359 901 386 el
936 359 1088 392 ademptam
1119 362 1221 388 dicunt.
1258 361 1361 388 Etenim
1405 361 1486 389 etiam
1522 368 1667 396 anteqnmn

880 404 1048 439 tyrannidem
1065 405 1122 439 ejus
1148 407 1309 433 evertisset:
1330 406 1466 439 Videbunt,
1495 408 1581 442 inquit
1599 409 1668 434 Deus

879 451 960 478 homo
972 450 1070 483 factus,
1082 450 1211 478 Satanam
1226 457 1350 488 tanquam
1366 454 1480 487 fulgure
1493 454 1557 481 crrlo
1572 455 1668 480 caden—

880 501 929 522 tem
945 497 964 527 ¹,
990 505 1050 524 cum
1073 497 1191 525 nondum
1209 499 1232 525 el
1247 499 1348 534 syllaba
1374 499 1468 527 fuisset
1481 501 1596 527 sublata.
1614 501 1669 528 Su-

880 549 1076 576 pervacaneum
1095 549 1136 570 est
1148 545 1229 570 etiam
1246 545 1404 577 ostendere,
1421 553 1481 572 cum
1496 552 1553 580 post
1570 555 1666 573 ast-en-

880 588 983 616 sionem
1000 590 1109 616 suamin
1124 590 1191 616 solio
1204 590 1356 618 Satauaclis
1369 593 1401 618 ad
1422 592 1560 618 dexteram
1577 592 1667 620 Patris

881 636 1048 663 consedisse.
1061 635 1189 663 Satanacl
1202 637 1284 670 enim,
1298 641 1327 664 ut
1352 638 1607 671 demonstravimus,
1624 647 1670 666 ne-

881 689 933 716 que
960 683 1161 716 natttruttilius
1193 683 1244 710 fuit
1268 691 1357 718 neque
1384 685 1592 719 pritnogenitus,
1619 693 1669 713 nec

881 727 977 755 Solium
997 728 1100 761 habuit,
1125 736 1174 755 nec
1198 729 1231 756 ad
1266 730 1405 757 dexteram
1433 730 1522 757 Patris
1549 739 1668 766 unquam

882 773 996 800 assedit.

918 864 945 891 9.
967 863 1074 897 Dicunt,
1091 865 1199 900 angelos
1213 866 1258 900 qui
1273 866 1438 899 ceciderant,
1454 875 1514 894 cum
1525 867 1672 895 intellexis~

884 916 944 939 sent
960 911 1129 940 Satanaelem
1143 912 1217 940 Patri
1233 920 1295 941 esse
1309 914 1470 949 pollicitum.
1487 915 1544 943 loca
1554 916 1672 950 ipsorum

883 965 915 985 ex
932 958 1070 985 hominum
1082 967 1180 994 genere
1204 960 1337 995 completa
1363 961 1406 991 iri,
1435 961 1503 988 tilias
1530 961 1670 989 hominum

883 1005 1017 1039 impudice
1034 1007 1209 1040 conspexisse
1226 1014 1326 1041 easque
1340 1006 1366 1034 in
1394 1015 1493 1035 unxores
1519 1010 1671 1042 accepisse,

882 1059 935 1087 quo
952 1059 1042 1079 semen
1057 1053 1175 1087 ipsorum
1189 1053 1214 1079 in
1232 1053 1328 1080 cmlum
1351 1058 1532 1080 reverteretur
1554 1054 1587 1081 ad
1614 1053 1672 1081 loca

881 1104 988 1133 patrum
1004 1106 1126 1126 suorum.
1163 1098 1284 1126 Videnles
1298 1099 1529 1133 enim,inquiunt,
1552 1099 1604 1133 ﬁlii
1626 1099 1674 1127 Dei

882 1146 953 1180 ﬁlias
968 1146 1112 1177 hominum,
1123 1146 1193 1178 quod
1213 1151 1299 1173 essent
1315 1146 1443 1180 pulo/mc,
1460 1146 1672 1181 aeceperuntsibi

881 1192 945 1227 ἰμδὶε
959 1192 1083 1219 uxores‘.
1109 1192 1194 1220 Porro
1211 1192 1257 1219 Dei
1271 1191 1339 1219 tilios
1351 1192 1487 1226 appellant
1499 1192 1561 1224 hos.
1576 1199 1673 1226 quem-

882 1238 1027 1265 admodum
1052 1242 1080 1264 et
1103 1245 1132 1264 se
1158 1237 1191 1264 ab
1212 1237 1258 1264 illo
1274 1237 1390 1271 genitos.
1407 1236 1444 1263 Ex
1457 1237 1554 1263 horum
1583 1241 1672 1263 autem

883 1284 1075 1319 coniunctione
1085 1284 1206 1318 gigantes
1221 1283 1304 1310 fuisse
1329 1283 1420 1309 dicunt
1439 1285 1604 1316 procreatos,
1627 1282 1672 1316 qui

882 1337 943 1357 cum
965 1328 1107 1356 Satanaele
1122 1328 1312 1363 pugnaverint.
1335 1331 1362 1354 et
1374 1334 1422 1361 pro
1451 1326 1607 1354 hominibus
1638 1327 1673 1354 de

883 1375 928 1403 illo
944 1375 1109 1409 triumphum
1126 1373 1300 1407 reportariut.
1316 1373 1486 1407 Quapropter
1501 1371 1574 1398 illum
1604 1370 1675 1398 indi-

883 1427 993 1457 gnatum
1010 1421 1138 1448 diluvium
1155 1419 1291 1451 intulisse,
1318 1424 1345 1445 et
1360 1426 1411 1445 una
1441 1425 1502 1444 cum
1523 1417 1590 1451 ipsis
1615 1423 1674 1443 om-

883 1475 944 1495 nem
960 1474 1073 1494 carnem
1094 1467 1227 1494 viventem
1244 1464 1387 1492 delevisse.
1409 1463 1501 1491 Solum
1518 1466 1609 1489 autem
1618 1460 1675 1489 Nec

41 1507 200 1542 διαφθεῖραι
215 1507 264 1533 σὺν
279 1508 371 1539 αὐτοῖς
385 1509 476 1534 πᾶσαν
487 1508 579 1539 ζῶσαν
592 1510 692 1543 σάρκα,
710 1509 789 1543 μόνον
803 1509 830 1535 δὲ
845 1515 866 1543 c
883 1515 928 1549 qui
946 1514 959 1541 ﬁ

911 1515 928 1542 ti
946 1514 1028 1541 liliam
1045 1521 1095 1541 non
1110 1511 1228 1540 habebat
1241 1510 1419 1538 defectionem
1437 1508 1672 1543 Satanaelisigno-

42 1556 90 1582 τὶν
112 1554 174 1581 Νῶε
201 1555 340 1590 θυγατέρα
368 1555 405 1590 μὴ
429 1555 600 1590 κεκτημένον
626 1555 759 1590 ἀγνοῆσαι
783 1555 832 1590 τὴν

41 1600 213 1627 ἀποστασίαν
239 1600 287 1626 τοῦ
317 1601 476 1635 Σαταναὴλ,
510 1602 556 1627 καὶ
584 1601 722 1635 ἓιαμεϊναι
748 1600 832 1636 θερα-

42 1646 162 1672 πεύοντα
174 1644 277 1676 τοῦτον,
290 1642 321 1671 οὗ
331 1647 364 1680 τῇ
379 1645 493 1680 λατρεία
505 1646 550 1671 τὸν
564 1646 706 1680 Σαταναὴλ
718 1647 833 1680 ἀρεσκό-

44 1700 128 1724 μενον
146 1690 294 1717 ὑποθέσθαι
312 1691 344 1717 τὰ
361 1692 427 1725 περὶ
444 1692 495 1725 τῆς
513 1691 631 1718 κιϐωτοῦ
642 1712 649 1723 ,
668 1693 715 1718 καὶ
731 1692 832 1719 διασῶ-

43 1747 91 1763 σαι
113 1737 206 1763 τοῦτον
230 1738 311 1771 μόνον
339 1737 407 1772 μετὰ
427 1737 481 1763 τῶν
503 1738 532 1762 ἐν
558 1738 637 1772 αὐτῇ.
663 1738 755 1764 Ταῦτα
784 1739 833 1772 μὲν

43 1783 158 1809 ικεὲνων
174 1782 208 1808 τὰ
231 1782 394 1817 ληρήματα·
413 1783 532 1818 λέγομεν
555 1783 583 1809 δὲ
603 1784 665 1818 περὶ
682 1784 732 1818 τῆς
752 1785 834 1810 ἀσελ-

42 1829 112 1864 γοῦς
134 1829 279 1861 συνουσίας
297 1829 344 1856 καὶ
368 1829 541 1863 παιδογονίας
561 1829 615 1856 τῶν
640 1830 834 1856 ἀποπεσόντων

41 1875 147 1901 τοιῖτων
166 1874 291 1907 ἀγγέλων
304 1874 409 1909 ὅσαπερ
422 1873 551 1908 ἀνωτέρω
584 1873 632 1899 καὶ
648 1874 711 1907 περὶ
725 1873 774 1907 τῆς
786 1873 833 1899 τοῦ

43 1919 187 1954 Σαταναὴλ
204 1919 355 1946 ἀκολάστου
374 1919 443 1953 πρὸς
462 1919 513 1953 τὴν
531 1918 602 1945 Εὕαν
623 1919 768 1949 συνουσίας
787 1919 834 1945 καὶ

42 1966 218 1999 τεκνογονίας
247 1965 412 2000 εἰρήκαμεν.
440 1965 522 1996 Υἱοὺς
553 1965 602 2000 μὲν
621 1963 668 1991 οὖν
695 1965 744 1991 τοῦ
766 1964 834 1991 Θεοῦ

44 2011 180 2042 λαϐόντας
202 2012 334 2044 γυναῖκας
351 2010 493 2044 ὠνόμασεν
506 2012 522 2045 ὴ
537 2011 632 2046 Γραφὴ
645 2011 709 2042 τοὺς
724 2011 827 2044 ἀπογό-

44 2066 107 2087 νους
120 2056 166 2082 τοῦ
183 2056 247 2088 Σὴθ,
263 2056 292 2087 ὃς
305 2056 487 2091 ἐπωνομάσθη
499 2057 564 2088 Θεδς
578 2056 622 2082 διὰ
635 2056 680 2082 τον
697 2056 835 2090 Θεομίμη-

44 2112 93 2130 τον
112 2102 194 2129 αὑτοῦ
212 2103 281 2138 βίον,
299 2102 346 2129 καὶ
362 2102 392 2129 τὸ
405 2102 454 2137 τῆς
472 2102 610 2134 πολιτείας
629 2103 813 2137 ἀνεπίληπτον
826 2110 832 2116 “

45 2148 202 2184 θυγατέρας
225 2149 253 2175 δὲ
273 2148 424 2183 ἀνθρώπων
447 2149 496 2179 τὰς
518 2149 572 2175 ἀπὸ
592 2149 639 2176 τοῦ
667 2149 762 2182 γένους
786 2149 834 2176 τοῦ

45 2195 118 2222 Κάῖν
144 2195 191 2221 καὶ
220 2195 275 2221 τῶν
302 2194 331 2227 ἐξ
361 2195 444 2221 αὐτοῦ
472 2195 675 2228 καταγομένας.
704 2195 755 2221 Τὸν
786 2197 835 2230 μὲν

43 2242 91 2268 οὖν
107 2241 304 2275 κατακλυσμὸν
319 2241 461 2276 ἐπήγαγεν
479 2241 528 2275 οὐχ
544 2243 557 2267 ὁ
573 2241 717 2275 Σαταναὴλ
728 2262 735 2272 ,
749 2241 808 2267 ἀλλ’
823 2242 837 2268 ὸ

44 2288 112 2318 Θεὸς
131 2289 185 2318 τοῖς
205 2288 452 2320 κατακλυσθεῖσιν,
474 2288 502 2314 ὃν
516 2289 564 2313 καὶ
580 2289 594 2314 ὁ
607 2288 668 2314 Νῶε
689 2288 755 2314 Θεὸν
779 2288 838 2322 ἐγί-

43 2335 134 2361 νωσκέ
147 2343 175 2361 τε
201 2336 248 2362 καὶ
261 2334 437 2371 προσεκύνει,
453 2335 499 2362 καὶ
516 2335 562 2370 ὑφ’
575 2333 605 2362 οὗ
624 2336 673 2370 τὴν
690 2336 740 2369 τῆς
753 2336 838 2363 κιϐω-

43 2381 91 2407 τοῦ
109 2382 286 2415 κατασκευὴν
309 2382 463 2417 ἐπετράπη.
487 2379 572 2411 Οὗτος
593 2381 621 2407 δὲ
637 2379 671 2413 ἦν
690 2382 704 2408 ὁ
720 2382 768 2416 τῆς
786 2391 839 2408 πα”

43 2426 125 2456 λαιᾶς
141 2425 279 2460 Διαθήκης
294 2426 452 2461 νομοθέτης.
470 2427 531 2454 Ὅτι
544 2427 572 2453 δὲ
592 2427 694 2461 κυρίως
709 2427 756 2452 καὶ
771 2426 838 2461 ἁλη-

46 2472 101 2503 οτῑις
114 2469 191 2503 οὗτος
207 2472 282 2504 Θεὸς,
298 2473 542 2508 προαποδέδεικται
559 2474 653 2506 σαφῶς
667 2475 696 2499 ἐν
709 2473 749 2506 τῷ
764 2475 838 2501 κατὰ

46 2516 107 2543 τῶν
116 2517 327 2544 Παυλικιάνων
336 2518 428 2552 τίτλῳ,
439 2519 467 2544 ἐν
477 2519 532 2548 τοῖς
541 2517 697 2551 κεφαλαίοις
705 2517 837 2551 δηλονότι,

47 2561 88 2593 οἷς
113 2563 327 2598 ἐπιγέγραπται,
345 2564 406 2590 Ὅτι
430 2564 477 2590 τοῦ
494 2563 598 2597 ἁγαθοῦ
627 2563 696 2589 Θεοῦ
724 2563 792 2589 εἰσιν
821 2563 837 2598 ἥ

48 2617 78 2634 τε
97 2609 200 2635 παλαιὰ
216 2609 372 2641 νομοθεσία,
391 2609 439 2637 καὶ
454 2610 478 2637 οἱ
493 2611 521 2636 ὲν
534 2611 600 2644 αὐτῇ
614 2609 781 2644 λάμψαντες,
799 2609 838 2636 ἔτι

46 2653 75 2679 δὲ
92 2654 137 2679 καὶ
154 2654 181 2679 ὲν
196 2655 252 2684 τοῖς
270 2654 369 2688 ἐφεξῆς
387 2654 489 2682 τούτων
506 2655 677 2689 κεφαλαίοις.

85 2700 109 2724 ι’.
123 2698 240 2731 Λέγουσι
251 2699 296 2725 τὸν
309 2700 413 2735 Μωσῖνι
424 2701 595 2728 πλανηθέντα
607 2702 682 2735 παρά
693 2701 738 2728 τοῦ
751 2702 839 2728 Σατα-

48 2743 115 2778 ναὴλ
128 2743 257 2771 ἀπελθεῖν
270 2745 310 2776 είς
321 2745 458 2778 Αἴγυπτον
472 2744 561 2779 αὖθις,
574 2747 621 2773 καὶ
637 2746 778 2773 ἀπατῆσαι
792 2746 837 2772 τλυ

86 2835 94 2850 ¹
115 2835 178 2863 Luc.
200 2843 227 2868 λ,
244 2835 286 2864 is.
333 2836 421 2864 'Cen.
436 2843 473 2864 \‘l.
494 2836 520 2863 2.

884 1567 968 1592 rasse,
984 1565 1012 1587 et
1027 1560 1054 1586 in
1069 1559 1141 1586 illius
1165 1556 1338 1585 observantia
1367 1554 1560 1590 permansisse,
1597 1553 1676 1587 cujus

882 1604 991 1639 quidem
1005 1604 1077 1632 cultu
1093 1602 1263 1631 Satanaelem
1290 1602 1426 1636 placatum
1459 1600 1616 1634 permisisse
1647 1604 1676 1626 ut

883 1658 974 1678 arcam
986 1654 1156 1678 construeret
1172 1656 1256 1684 seque
1280 1648 1365 1675 solum
1395 1651 1518 1674 servaret
1539 1653 1600 1673 cum
1620 1645 1675 1672 illis

883 1697 928 1732 qui
942 1697 968 1723 in
985 1703 1015 1723 ea
1030 1699 1119 1722 erant.
1134 1693 1288 1721 Istiusmodi
1305 1697 1371 1719 sunt
1388 1699 1481 1719 eorum
1509 1698 1596 1725 nugas.
1622 1690 1676 1718 Nos

884 1749 986 1775 autem,
1004 1747 1134 1778 quantum
1150 1740 1263 1775 pertinet
1281 1739 1314 1765 ad
1329 1738 1492 1773 impudicam
1509 1737 1673 1771 angelorum

883 1799 945 1817 cum
965 1790 1072 1818 feminis
1089 1787 1314 1815 consuetudinem
1328 1791 1355 1813 et
1371 1786 1518 1813 liberorum
1543 1791 1674 1818 procrea-

885 1837 997 1868 tionem,
1018 1836 1043 1862 id
1060 1835 1266 1868 respondemus,
1284 1832 1356 1867 quod
1385 1830 1511 1865 superius
1544 1830 1675 1860 diximus,

885 1891 946 1911 cum
966 1883 999 1910 de
1019 1880 1155 1916 impudica
1171 1879 1323 1907 Satanaelis
1352 1885 1412 1904 cum
1448 1876 1501 1903 Eva
1528 1880 1676 1902 consuetu-

885 1930 947 1956 dine
961 1935 989 1955 et
1004 1928 1149 1954 liberorum
1174 1924 1361 1959 procreatione
1387 1923 1572 1956 loqueremur.
1601 1920 1675 1947 Scri-

885 1979 963 2010 ptura
978 1978 1068 2001 autem
1097 1971 1143 1998 Dei
1158 1971 1238 2001 ﬁlios,
1254 1970 1300 2004 qui
1320 1969 1447 1995 mulieres
1463 1974 1561 1994 uxores
1592 1973 1673 1993 acce-

885 2021 985 2054 perint,
997 2024 1073 2047 vocat
1094 2017 1163 2045 ﬁlios
1173 2017 1250 2049 Seth,
1264 2017 1308 2050 qui
1326 2021 1435 2050 propter
1448 2014 1568 2041 divinam
1592 2013 1674 2039 vitam

885 2074 911 2097 et
927 2067 1106 2096 innocentiam
1121 2065 1270 2101 appellatus
1291 2068 1332 2091 est
1367 2063 1444 2090 deus.
1474 2061 1556 2088 Filias
1585 2066 1675 2088 auten.

887 2115 1024 2143 hominum
1039 2120 1087 2140 eas
1103 2116 1189 2144 vocat,
1205 2118 1265 2146 quae
1281 2118 1313 2137 ex
1340 2116 1439 2144 genere
1455 2107 1520 2135 Cain
1540 2111 1567 2134 et
1587 2111 1676 2141 poste-

886 2161 924 2188 ris
938 2161 999 2195 ejus
1017 2159 1227 2187 descenderunt.
1243 2156 1377 2184 Diluvium
1394 2155 1477 2188 igitur
1503 2153 1593 2181 intulit
1622 2159 1675 2179 non

887 2207 1025 2239 Satztuael,
1040 2205 1088 2234 sed
1107 2205 1164 2240 ipse
1180 2205 1260 2236 Deus,
1291 2209 1372 2238 quem
1393 2201 1502 2236 quidem
1537 2199 1622 2226 Deunt
1650 2203 1678 2225 et

886 2253 943 2280 Noe
956 2251 1146 2286 cognoscebat,
1162 2254 1189 2276 et
1209 2248 1348 2278 adorabat,
1366 2252 1392 2274 et
1410 2248 1442 2272 ab
1454 2253 1487 2273 eo
1520 2245 1676 2273 ntandatum

886 2303 1028 2333 acceperat
1044 2301 1073 2324 ut
1096 2303 1187 2324 arcam
1210 2294 1401 2321 exaediﬁcaret.
1429 2291 1480 2319 Hic
1503 2291 1555 2318 fuit
1584 2295 1679 2317 auctor

886 2343 997 2377 Antiqui
1013 2340 1192 2372 Testamemi,
1210 2347 1290 2374 quem
1309 2336 1419 2372 proprie
1445 2341 1472 2364 et
1501 2343 1564 2363 vere
1592 2335 1677 2362 Deum

887 2397 945 2417 esse
961 2387 1102 2423 perspicue
1126 2387 1152 2412 in
1176 2385 1254 2412 titulo
1267 2385 1400 2411 Adversus
1426 2382 1598 2409 Puulicianor
1614 2389 1663 2408 cor

886 2435 988 2469 scripto
1004 2432 1259 2464 demonstravimus,
1276 2432 1301 2457 in
1315 2430 1368 2457 illis
1380 2429 1516 2463 capitibus
1531 2428 1556 2454 in
1579 2427 1678 2461 quibus

886 2480 1064 2512 ostendimus,
1076 2479 1140 2506 boni
1162 2478 1208 2505 Dei
1229 2485 1290 2504 esse
1307 2477 1511 2503 Testamentum
1541 2474 1634 2505 Vetus,
1649 2478 1677 2500 et

887 2528 932 2561 qui
951 2527 1021 2554 ineo
1034 2526 1152 2553 illustres
1167 2524 1328 2552 exstiterqu
1343 2544 1351 2556 ,
1372 2521 1438 2549 etin
1463 2521 1516 2548 illis
1547 2519 1612 2547 item
1633 2526 1679 2545 ca-

889 2574 989 2609 pitibus
1003 2581 1062 2608 quae
1076 2572 1291 2606 subsequuntur.

928 2698 970 2725 10.
986 2698 1091 2726 Dicunt,
1107 2695 1244 2730 Moyscma
1257 2693 1400 2722 Satauuele
1411 2691 1584 2726 deceptnmin
1597 2689 1680 2725 (Egy-

891 2749 966 2778 ptum
982 2742 1135 2775 revertisse,
1157 2740 1346 2768 etJudauorum
1377 2738 1503 2773 populum
1529 2737 1677 2770 decepisse,
