1873 3075
45 119 111 150 139

478 123 666 155 PANOPLIA
686 126 915 160 DOGMATICA.
934 141 968 149 α’
987 131 1060 164 ΤΙΤ.
1082 133 1206 165 XXVII.

1596 134 1667 166 1310

37 178 146 225 eamp‘
162 179 227 214 ἡμῖν
242 180 356 206 εἰκόνων
369 181 403 207 τὰ
418 181 587 215 πρωτότυπα
600 183 685 214 ὅντως
699 183 764 210 ὄντα
780 184 827 210 καὶ
841 186 866 214 Α
878 187 910 212 At

895 191 966 222 itque
981 189 1052 217 idola
1068 192 1177 225 quidem
1196 191 1388 221 sceleratorum
1413 196 1477 220 sunt
1507 193 1666 224 simulacra,

36 224 212 260 ἀλὴϐεὐοντα,
226 226 240 251 ὃ
255 225 413 253 καλοῦνται.
432 227 553 254 Κάκεῖνα
572 228 621 262 μὲν
637 228 735 255 εἴδωλα
754 238 803 264 μια
817 245 824 250 -

39 272 106 306 ρῶν,
118 271 201 297 ταῦτα
210 271 239 297 δὲ
251 271 356 303 εἰκόνες
369 272 643 308 ἀγίων.Πλατύτερον
652 274 680 300 δὲ
694 274 757 308 περὶ
769 273 824 300 τῶν

36 319 123 352 ἁγίων
143 318 254 345 εἰκόνων
276 318 385 354 εἴρηται
406 320 435 345 ὲν
448 319 486 355 τῷ
499 320 574 347 κατά
588 321 645 347 τῶν
656 320 823 355 Εὶκονομά-

35 375 100 401 κων
115 367 202 402 τίτλῳ.

76 411 117 447 ιβ’”
139 413 299 447 Ἐρωτηθεὶς
316 414 381 448 παρ’
404 414 482 449 ἡμῶν
507 415 579 449 ὁτῆς
591 415 723 449 αἱρέσεως
734 416 823 444 αὐτῶν

34 457 155 493 ἔξαρχος,
168 459 229 491 Πῶς
241 459 459 494 ἁποδοκιμάζετε
475 461 537 492 τοὺς
548 462 577 487 ἐν
588 462 677 494 ἁγίοις
691 463 822 498 ἱεράρχας

34 506 86 530 καὶ
99 505 157 535 τοὺς
167 505 319 540 μακαρίους
339 505 473 539 Ματέρας,
489 504 527 533 ὧν
539 508 572 533 τὰ
590 507 704 542 λείψανα
718 509 823 543 θαυμα-

32 550 194 584 τουργοῦσι’;
206 550 302 585 διάρας
313 551 346 578 τὰ
362 551 464 586 βέϐηλα
478 553 554 587 χείλη
568 553 733 589 ἐξηρεύξατο
745 555 823 589 λόγον

32 598 161 632 πονηρόν.
175 596 241 623 Eius
255 599 320 632 γὰρ,
332 599 372 624 ὅτι
387 600 627 634 συγκεκλήρωνται
643 601 748 633 τούτοις
764 603 821 629 δαί-

33 651 126 677 μονες,
137 644 160 669 οἳ
174 643 327 675 διδάξαντες
342 644 439 676 αὐτοὺς
450 644 488 671 ἔτι
503 645 618 677 ζῶντας,
640 647 664 673 οἳ
696 649 752 678 τοῖς
776 649 823 675 τάς

32 697 97 722 φοις
111 689 195 715 αὐτῶν
210 690 415 724 παραμένοντες
442 691 670 726 τερατουργοῦσιν
689 694 728 724 είς
738 694 822 728 πρόσ-

31 743 109 760 ωπον
131 734 218 761 αὐτῶν
243 735 286 762 ἵνα
310 737 374 766 τοὺς
397 736 528 771 ἀνοήτους
556 737 761 773 ἐξαπατήσωσι,
775 740 820 766 καὶ

28 782 146 807 πείσωσι
160 782 241 816 τιμᾷν
257 782 320 812 τοὺς
334 781 468 815 ἀνάγνους
495 782 532 814 ὡς
558 783 665 816 ἁγίους.
695 784 821 811 Τοσαῦτα

28 828 88 861 γὰρ
102 827 225 854 δύνασθαι
242 827 305 858 τοὺς
318 827 458 861 δαίμονας,
482 828 532 855 ὅσα
554 828 586 864 δὴ
605 830 651 856 καὶ
680 829 818 863 βούλονται

29 872 164 903 λαὸόντας
175 872 278 899 ἄνωθεν
291 872 415 904 ἐξουσίαν
436 873 501 908 ἄχρι
522 875 640 909 πέρατος
662 875 717 901 τῶν
749 876 818 902 ἔπτὰ

27 918 146 945 αἰώνων.
166 917 246 944 Ἀλλὰ
266 919 347 944 πόῦεν
355 917 433 944 τοῦτο
445 919 611 955 μεμαθηκὼς
622 920 704 955 ἔχεις,
719 918 741 947 ὧ
753 921 818 956 λῆρε

27 963 81 990 καὶ
105 963 263 998 παράφορε;
295 964 350 990 Ποῦ
372 964 399 990 δέ
424 966 472 991 καὶ
486 965 578 1000 θήσεις
591 966 621 992 τὸ
640 966 819 1000 εὖαγγελικὸν

24 1010 119 1036 ἐκεῖνο
136 1009 165 1035 τὺ
178 1009 248 1036 κατὰ
273 1009 318 1036 τὸν
342 1011 437 1045 καιρὸν
465 1011 510 1038 τοῦ
527 1012 692 1038 Δεσποτικοῠ
716 1013 819 1044 πάθους

25 1055 114 1093 ρηοξν
128 1056 156 1082 τὸ
169 1055 257 1088 λέγον,
273 1056 339 1083 Νῦν
354 1057 455 1092 ἅρχων
479 1057 532 1085 τοῦ
560 1059 679 1093 κόσμου
709 1059 818 1086 τούτου

22 1100 245 1134 ἐκϐληθήσεται
258 1101 336 1134 ἕξω;
350 1101 381 1127 Εἰ
395 1101 424 1127 δὲ
440 1102 453 1128 ὁ
463 1101 564 1136 ἄρχων,
576 1102 666 1137 πολλῷ
679 1103 779 1136 μᾶλλον
793 1102 818 1128 οι

24 1146 174 1181 ἀρχόμενοι
185 1145 323 1180 δαίμονες.
336 1146 399 1178 Πῶς
413 1146 440 1173 δὲ
459 1148 574 1179 καὶτοῖς
600 1148 739 1182 λειψάνοις
763 1148 818 1175 τῶν

23 1192 172 1227 μακαρίων
194 1192 325 1227 Πατέρων
349 1193 590 1228 συγκεκλήρωνται
611 1194 636 1220 οί
656 1194 816 1229 φρίσσοντες

22 1238 96 1264 αὐτὰ
116 1238 241 1272 δαίμονες
256 1247 263 1271 ;
282 1238 417 1270 Πολλάκις
435 1239 488 1275 γὰρ
505 1240 560 1267 τῶν
585 1239 817 1275 δαιμονιζομένων

22 1283 189 1318 ἐγγιζόντων
218 1286 273 1316 τοῖς
306 1285 404 1319 τάφοις
428 1285 534 1317 αὐτῶν,
557 1286 768 1321 δραπετεύουσιν
791 1289 815 1313 ιιί

22 1330 169 1364 δαίμονες,
189 1331 315 1366 καθάπερ
338 1332 390 1358 ὑπὸ
416 1332 501 1366 πυρὸς
524 1333 573 1368 τῆς
592 1333 733 1368 δυνάμεως
761 1335 816 1361 τῶν

22 1377 159 1411 λειψάνων
176 1377 369 1412 μαστιζὸμενοί
380 1387 409 1404 τε
422 1379 469 1405 καὶ
484 1378 670 1413 ἐλαυνόμενοι.
696 1380 727 1407 Εἰ
741 1380 769 1406 δὲ
781 1380 816 1406 τὰ

22 1423 139 1457 λείψανα
149 1423 251 1450 τούτων
268 1425 464 1458 δραπετεύουσι
478 1427 541 1456 τοὺς
557 1425 688 1460 δαίμονας
700 1447 708 1457 ,
726 1425 815 1460 πολλῴ

22 1469 125 1503 μᾶλλον
138 1471 235 1496 ἐκεῖνοι
247 1470 348 1502 ζῶντες
361 1470 471 1497 ἐδίωκον
484 1471 591 1503 αὐτοὺς,
603 1471 649 1498 καὶ
659 1472 720 1499 οὐδὲ
734 1481 814 1502 προσ-

875 234 1005 269 imagines
1019 243 1083 264 vero
1096 242 1253 264 sanctorum
1266 238 1378 273 efﬁgies.
1394 237 1447 264 Sed
1461 238 1494 264 de
1504 243 1664 264 sanctorum

876 282 1037 315 imaginibus
1055 283 1082 309 in
1098 283 1176 310 titulo
1195 283 1328 310 Adversus
1359 284 1505 318 imaginum
1531 290 1667 318 oppugna—

875 332 943 355 taret
959 328 1040 356 latius
1056 329 1270 364 disputavimus.

911 420 956 447 12.
966 419 1094 454 Princeps
1103 420 1217 447 istorum
1234 418 1356 449 lmresis.
1368 425 1428 445 cum
1445 425 1478 444 ex
1493 423 1525 444 eo
1533 423 1670 451 quaerere-

877 471 920 492 tur
927 473 976 492 cur
984 464 1260 500 sanctos|sacerdotes
1271 464 1418 497 beatOSque
1427 463 1522 489 Patres
1529 462 1666 497 rejiciant,

875 519 988 546 quorum
1005 511 1131 546 reliquias
1147 514 1320 540 venerantur,
1338 509 1417 536 labiis
1442 508 1564 542 profanis
1590 511 1668 542 pate-

874 557 953 584 factis
965 558 1076 584 verbum
1089 556 1188 583 malum
1213 556 1349 583 eructavil
1365 565 1372 582 :
1390 555 1537 588 Quoniam,
1567 554 1666 588 inquit,

873 610 935 630 cum
952 602 1006 630 illis
1023 606 1086 629 sunt
1102 603 1248 634 diemones,
1261 602 1308 636 qui
1322 609 1369 628 eos
1385 601 1448 628 dum
1461 601 1597 629 viverent.
1614 599 1661 626 do-

873 655 998 682 cuerunt,
1014 653 1041 676 et
1056 649 1089 676 ad
1105 656 1198 676 eorum
1222 649 1340 676 tumulos
1372 647 1524 674 assidentes
1538 650 1664 681 portenta

874 696 977 723 faciunt
994 695 1044 722 sub
1057 703 1152 722 eorum
1169 701 1295 729 persona,
1321 698 1349 721 ut
1376 694 1485 728 ignaros
1516 691 1663 726 decipiant,

873 743 1057 778 suadeantque
1069 746 1098 769 ut
1114 742 1234 775 impuros
1248 745 1376 777 tanquam
1397 744 1509 766 sanctos
1540 737 1663 766 adorent.

873 788 991 816 Tantum
1006 788 1077 815 enim
1087 787 1223 814 daemones
1236 793 1326 821 posse,
1338 790 1469 819 quantum
1484 782 1588 815 volunt,
1601 789 1661 807 cum

873 843 931 863 eam
950 842 965 862 e
980 833 1087 861 sublimi
1101 836 1262 867 potestatem
1272 831 1305 858 ad
1325 835 1428 865 septem
1442 836 1528 862 lisque
1551 826 1662 855 saeculo-

872 889 931 909 rum
951 881 1030 907 finem
1046 878 1211 914 acceperint.
1233 877 1285 904 Sed
1316 878 1385 904 unde
1416 881 1444 903 tu
1458 876 1514 902 haec
1534 873 1663 905 didicisti,

870 932 985 963 nugator
1000 927 1135 959 stulteque
1149 924 1252 952 senex?
1268 924 1320 950 Aut
1335 922 1381 949 ubi
1395 920 1582 955 evangelicum
1597 918 1661 945 illud

869 974 941 1008 quod
960 973 1093 999 Dominus
1115 971 1194 1005 paulo
1207 974 1269 996 ante
1284 969 1378 996 mortis
1392 975 1446 995 suae
1463 973 1568 1000 tempus
1597 964 1665 992 dixit

868 1019 1027 1050 collocabis,
1037 1018 1114 1045 Nunc
1125 1018 1245 1051 princeps
1254 1015 1333 1049 hujus
1344 1012 1562 1047 mundiejicietur
1573 1010 1662 1044 farus?

869 1065 944 1100 Quod
961 1065 983 1092 si
1000 1064 1137 1098 princeps,
1155 1061 1240 1089 multo
1254 1059 1342 1094 magis
1356 1059 1505 1089 datmones,
1538 1056 1584 1090 qui
1612 1055 1662 1082 sub

868 1113 928 1146 ejus
946 1115 1007 1137 sunt
1019 1108 1182 1144 principatu.
1202 1106 1336 1133 Prteterea
1352 1103 1488 1139 quomodo
1515 1103 1656 1128 beatorum

867 1157 978 1185 Patrum
992 1154 1116 1188 reliquiis
1129 1153 1264 1179 inhrerent
1279 1151 1427 1181 dmmones,
1444 1149 1488 1182 qui
1502 1155 1549 1174 eas
1574 1146 1660 1173 refor-

867 1202 971 1229 midant
986 1200 997 1226 ?
1013 1199 1176 1232 Plerumque
1195 1197 1267 1223 enim
1281 1203 1342 1223 cum
1357 1194 1481 1222 homines
1503 1200 1516 1218 a
1534 1191 1664 1218 dmuoni-

867 1246 916 1272 bus
924 1243 1012 1271 vexati
1023 1244 1055 1269 ad
1065 1249 1157 1269 eorum
1170 1238 1445 1273 acceduntsepulcra,
1459 1245 1473 1264 a
1487 1238 1584 1263 virtute
1598 1235 1664 1261 re|‘-

866 1297 1003 1325 qmarum,
1016 1293 1144 1322 tanquam
1158 1287 1192 1314 ab
1207 1286 1279 1321 igne,
1303 1284 1353 1319 ipsi
1369 1285 1503 1311 dmmones
1519 1281 1661 1316 aufugiuut

865 1333 955 1362 vexati
983 1337 1010 1361 et
1033 1332 1192 1360 exeruciati.
1220 1330 1295 1363 Quod
1322 1333 1344 1357 sl
1388 1329 1510 1362 reliquis:
1542 1327 1661 1360 ipsorum

865 1382 1003 1409 daemones
1021 1378 1145 1414 ejiciunt,
1161 1376 1349 1411 multomagis
1377 1375 1440 1410 ipsi,
1468 1381 1528 1401 cum
1556 1374 1583 1399 in
1609 1372 1661 1399 hac

866 1428 921 1454 vita
933 1427 1071 1461 degerent,
1100 1432 1147 1452 eos
1161 1423 1402 1459 persequebantur,
1418 1428 1468 1448 nec
1483 1420 1533 1454 ipsi
1555 1419 1588 1446 ad
1615 1424 1663 1445 eos

866 1472 1003 1498 audebant
1014 1470 1203 1502 accedere,sed
1217 1468 1277 1495 illos
1290 1473 1417 1502 tanquam
1430 1466 1464 1493 ab
1477 1466 1517 1493 eis
1527 1462 1662 1492 verberati

22 1516 134 1549 εγγίσαι
149 1516 254 1547 τούτοις
269 1516 391 1551 ἐτόλμων
401 1517 500 1543 ἐκεῖνοι
522 1517 670 1551 φεύγοντες
691 1518 728 1550 ὡς
743 1519 815 1545 αἰχί-
829 1519 851 1549 C
867 1517 914 1544 dec

895 1517 1048 1544 :clinabant.
1067 1513 1115 1542 Sin
1140 1513 1292 1545 evitabaut,
1309 1519 1363 1540 non
1383 1511 1477 1546 utique
1504 1509 1662 1537 habitabant

22 1563 130 1595 ζοντας.
148 1563 179 1588 Et
190 1562 217 1588 δὲ
229 1562 342 1596 ἔφευγον
357 1563 465 1596 αὐτοὺς,
484 1563 627 1599 πρόδηλον,
651 1565 691 1591 ὅτι
705 1565 735 1591 οὐ
753 1573 815 1591 συν-

22 1608 125 1644 ῷκουν,
148 1608 207 1635 οὐδὲ
220 1608 370 1635 ἐδίδασκον.

59 1654 105 1689 ιγ’.
117 1654 248 1688 Λέγουσιν
261 1654 308 1682 ἀπ’
320 1655 409 1681 αὐτῶν
424 1655 474 1690 μὲν
491 1656 588 1691 μόνων,
599 1657 658 1692 ἦτοι
671 1658 725 1685 τῶν
734 1657 816 1691 Βογο-

22 1701 121 1733 mm,
148 1701 259 1735 φεύγειν
273 1701 316 1729 ἀεὶ
330 1702 393 1732 τοὺς
407 1702 537 1737 δαίμονας
553 1703 618 1729 ὡσεὶ
633 1703 708 1736 τόξου
723 1703 813 1739 βολήν,

22 1749 130 1782 ἑκάστῳ
148 1747 177 1774 δὲ
188 1748 240 1774 τῶν
253 1747 340 1775 ἄλλων
359 1748 487 1775 ἁπάντων
501 1750 615 1776 ἐνοικεῖν
629 1750 753 1784 δαίμονα,
769 1752 815 1777 καὶ

22 1795 157 1822 ῖιδάσκειν
182 1795 263 1822 αὑτὸν
291 1795 324 1822 τὰ
353 1794 470 1829 πονηρὰ,
484 1796 531 1821 καὶ
555 1796 632 1830 ἄγειν
643 1797 690 1822 ἐπὶ
706 1797 755 1828 τὰς
769 1798 815 1823 ἀν-

22 1841 192 1875 ›σιουργίας,
209 1841 257 1866 καὶ
277 1841 495 1875 ἀποθνήσκοντος
519 1842 633 1868 ἐνοικεῖν
655 1842 733 1873 αὖθις
759 1844 814 1874 τοῖς

22 1887 159 1921 .ειψάνοις
176 1885 270 1919 αὐτοῦ,
288 1887 336 1913 καὶ
350 1886 521 1922 παραμένειν
531 1886 570 1922 τῷ
585 1887 673 1922 τάφῳ,
687 1889 734 1914 καὶ
748 1888 813 1914 ἀνα-

22 1933 114 1959 ιένειν
131 1933 180 1967 τὴν
192 1932 352 1965 ἀνάστασιν,
365 1931 409 1958 ἵνα
422 1932 471 1959 σὺν
489 1932 563 1967 αὐτῷ
591 1933 747 1967 κολασθείηλ
765 1934 813 1960 καὶ

22 1978 85 2012 ληδ¹
97 1979 126 2004 ἐν
138 1979 172 2013 τῇ
184 1977 293 2004 κολάσει
305 1977 400 2004 τούτου
415 1977 614 2013 διαχωρίζοιτο.
645 1978 681 2004 Τὸ
699 1979 747 2012 μὲν
766 1978 813 2006 οὖν

28 2025 137 2052 νοικεῖν
150 2025 259 2059 ἑκάστῳ
274 2023 328 2050 τῶν
340 2023 492 2058 ἀνθρώπων
501 2024 615 2059 δαίμονα
628 2024 682 2050 ἀπὸ
694 2024 744 2059 τῆς
759 2025 813 2051 τῶν

22 2070 204 2098 νίίασαλιανῶν
220 2070 327 2105 ἔχουσιν
343 2070 486 2104 αἱρέσεως,
505 2071 552 2096 καὶ
573 2070 691 2105 ζήτησον
716 2071 745 2096 ὲν
772 2070 812 2106 τῷ

22 2117 78 2144 ιατ’
95 2116 210 2143 ἐκείνων
221 2115 304 2150 τίτλῳ
314 2115 343 2142 τὸ
358 2119 377 2141 ε’
392 2115 551 2149 κεφάλαιον,
581 2117 628 2142 καὶ
652 2117 687 2143 τὰ
712 2116 813 2151 ἐφεξῆς

27 2162 102 2195 κτὼ,
113 2163 163 2190 καὶ
179 2162 288 2197 μαθήσῃ
303 2161 353 2196 τὴν
369 2161 483 2188 ἀτοπίαν
507 2162 554 2188 τοῦ
579 2162 724 2197 δόγματος.
753 2163 810 2198 Τῆς

22 2210 105 2245 ιρχῆς
121 2209 151 2235 δὲ
162 2208 278 2243 ψευδοῦς
294 2207 477 2243 ἐλεγχθείσης,
490 2209 539 2234 καὶ
557 2208 587 2234 τὸ
599 2208 674 2240 τέλος
689 2209 810 2235 τοιοῦτον

22 2255 276 2287 -υναποδείκνυται,
290 2253 322 2281 τὸ
345 2254 410 2288 περὶ
425 2253 480 2280 τῶν
497 2253 630 2288 λειψάνων
657 2254 738 2288 λέγω,
765 2255 813 2282 καὶ

26 2302 60 2335 ῆς
70 2301 101 2327 ὲν
115 2301 209 2332 αὐτοῖς
218 2300 351 2335 οἰκήσεως
359 2299 413 2326 τῶν
425 2300 570 2334 δαιμόνων.
583 2300 637 2327 Καὶ
650 2301 710 2327 καο’
720 2301 813 2336 ἓτερον

24 2349 39 2373 ὲ
58 2347 153 2380 λόγον,
171 2347 194 2373 εί
212 2346 366 2381 παρέμενεν
378 2346 485 2380 ἑκάστῳ
508 2345 561 2372 τῶν
576 2346 731 2373 τεθνεώτων
751 2348 811 2373 δαί-

22 2402 74 2421 ιων
93 2392 272 2428 ἐκδεχόμενος
287 2392 336 2426 τὴν
351 2391 509 2418 τελευταίαν
521 2391 679 2422 ἀνάστασιν.
708 2393 813 2419 ἐπέλει-

22 2448 65 2466 «av
98 2438 134 2465 ἂν
163 2439 188 2464 ot
212 2437 349 2473 δαίμονες.
369 2436 434 2463 Ἀπὸ
454 2437 508 2472 γὰρ
527 2436 612 2472 Ἀδὰμ
626 2437 690 2473 ἄχρι
704 2439 749 2464 καὶ
766 2438 813 2465 νῦν

25 2484 153 2512 πὲϐανον
175 2484 312 2518 ἄνθρωποι
328 2484 457 2519 μυριάδες
475 2483 669 2518 ἀναρίθμητοι.
695 2484 758 2510 Ὅτι
774 2484 813 2516 ,δὲ

22 2532 37 2558 ὑ
58 2529 215 2564 φεύγουσιν
227 2529 281 2555 ἀπὸ
298 2529 387 2564 μόνων
398 2529 451 2555 τῶν
464 2528 621 2563 Βογομίλων
637 2529 661 2555 οἱ
675 2528 811 2564 δαίμονες,

24 2576 81 2603 λλὰ
98 2576 150 2602 καὶ
166 2575 337 2609 συνδιάγουσι
370 2575 480 2610 μᾶλλον,
504 2575 551 2601 καὶ
578 2575 813 2610 παρῤησιάζονται

22 2623 83 2658 τρδς
99 2622 215 2653 αὐτοὺς,
231 2621 311 2656 δῆλον
329 2621 383 2648 ἀπό
397 2630 427 2648 τε
444 2621 494 2656 τῆς
518 2620 602 2655 ἄλλης
632 2621 737 2656 πλάνης
765 2622 814 2648 αὺ-

22 2670 76 2701 ὧν,
95 2670 148 2694 καὶ
161 2669 207 2694 τοῦ
222 2667 364 2702 φαίνεσθαι
376 2667 480 2699 τούτοις
494 2667 523 2694 ἐν
533 2667 653 2703 σχήμασι
665 2667 812 2703 διαφόροις,

22 2716 55 2744 αἱ
73 2715 238 2742 ὐποκατιὼν
256 2715 391 2750 εὑρήσεις.

41 2758 77 2787 ιδ’
81 2780 88 2787 .
99 2760 334 2795 ’Λτιμὰςουσιτδν
340 2759 410 2788 θεῖον
420 2769 486 2788 σταυ
492 2760 547 2796 ρον,
556 2761 594 2794 ὡς
605 2761 751 2798 άναιρέτην
763 2762 811 2789 τοῦ

41 2854 51 2872 ⁸
82 2854 232 2886 Joan.xu,
261 2852 305 2882 51.

866 1570 927 1590 eum
943 1561 1008 1594 illis,
1026 1567 1074 1588 nec
1086 1566 1132 1587 eos
1151 1558 1296 1586 docebant.

901 1663 946 1690 15.
963 1661 1061 1689 Dicunt
1076 1658 1207 1695 Bogomili
1220 1658 1356 1686 daemones
1369 1662 1499 1691 tanquam
1513 1662 1594 1682 arcus
1611 1662 1658 1681 sa-

865 1710 960 1745 gittam
978 1715 992 1735 a
1007 1715 1036 1735 se
1051 1707 1119 1734 solis
1144 1705 1284 1738 aufugere,
1303 1704 1425 1739 singulos
1440 1707 1529 1729 autem
1548 1701 1661 1735 reliquis

867 1754 1022 1782 hominibus
1037 1750 1152 1785 singulis
1167 1750 1320 1777 inhabitare
1348 1753 1375 1774 et
1389 1747 1509 1783 facinora
1535 1746 1661 1778 educere,

865 1807 892 1829 et
905 1801 937 1828 ad
949 1799 1049 1833 ﬂagitia
1062 1802 1089 1825 et
1102 1797 1183 1832 impia
1198 1796 1269 1822 facta
1287 1794 1444 1828 perducere,
1463 1797 1491 1819 et
1508 1800 1568 1819 cum
1586 1798 1659 1818 mor-

866 1847 905 1874 tui
917 1846 1028 1878 fuerint,
1045 1845 1072 1870 in
1090 1843 1212 1878 ipsorum
1228 1840 1351 1873 reliquiis
1365 1839 1495 1869 insidere,
1509 1842 1536 1864 et
1564 1837 1657 1870 sepul-

864 1892 919 1919 cris
932 1891 1070 1921 assistere,
1083 1893 1166 1922 atque
1182 1884 1410 1913 resurrectionem
1432 1887 1602 1916 exspectare.
1628 1885 1657 1907 ut

864 1945 918 1965 una
934 1944 994 1964 cum
1008 1935 1061 1962 illis
1077 1934 1237 1969 puniantur,
1256 1939 1287 1959 ac
1302 1938 1335 1958 ne
1351 1931 1377 1957 in
1395 1929 1530 1964 supplicio
1543 1928 1653 1963 quidem

864 1979 1153 2014 eosdesemre.ﬁQnod
1183 1980 1209 2005 in
1237 1977 1352 2011 singulis
1374 1975 1531 2002 hominibus
1557 1974 1660 2007 singuli

864 2031 1000 2057 dwmones
1014 2026 1168 2054 inhabitent
1180 2032 1213 2051 ex
1224 2022 1451 2050 Massalianorum
1465 2020 1561 2048 haeresi
1590 2020 1660 2047 didi-

863 2080 970 2104 cerunt.
985 2074 1106 2108 Quaerito
1120 2072 1146 2099 in
1162 2077 1256 2099 eorum
1275 2069 1351 2097 titulo
1369 2068 1494 2103 quintum
1510 2071 1603 2101 caput,
1632 2071 1657 2092 et

863 2128 934 2153 octo,
949 2128 1009 2156 qua:
1022 2120 1149 2153 deinceps
1165 2121 1380 2151 consequuntur,
1390 2119 1418 2142 et
1444 2121 1525 2148 quam
1552 2113 1588 2140 sit
1611 2112 1661 2139 ab-

864 2169 947 2197 surda
963 2168 1020 2195 haec
1035 2166 1138 2200 opinio.
1158 2163 1292 2197 intelliges
1319 2161 1379 2188 lam
1400 2168 1462 2188 cum
1491 2159 1657 2194 principium

863 2215 1079 2242 demonstratum
1097 2209 1178 2237 fuerit
1195 2216 1255 2236 esse
1268 2206 1377 2240 falsum,
1392 2210 1420 2232 et
1431 2209 1584 2232 extremum
1598 2210 1661 2230 esse

862 2260 950 2287 simile
967 2257 1132 2292 coarguitur,
1146 2263 1207 2283 cum
1219 2255 1357 2281 dzemones
1370 2251 1468 2278 dicunt
1482 2251 1509 2278 in
1534 2249 1660 2283 reliquiis

861 2305 1027 2332 inhabitare.
1055 2302 1215 2335 Quanquam
1232 2300 1254 2326 si
1268 2299 1405 2326 damnones
1422 2296 1521 2331 singuli
1538 2296 1564 2322 in
1587 2302 1661 2321 mor-

862 2351 916 2378 tuis
928 2349 1043 2384 singulis
1063 2347 1261 2380 inhabitarent,
1277 2351 1306 2374 et
1320 2351 1470 2373 extremam
1486 2345 1512 2371 in
1536 2344 1592 2371 illis
1614 2350 1660 2370 re-

862 2394 1062 2423 surrectionem
1080 2397 1264 2423 morarentur,
1282 2391 1432 2418 deficerent
1448 2389 1595 2417 dmmones.
1618 2388 1658 2414 Ab

862 2440 949 2467 Adam
965 2446 1038 2466 enim
1055 2439 1088 2465 ad
1105 2438 1156 2465 hoc
1169 2445 1256 2473 usque
1274 2443 1381 2472 tempus
1395 2435 1559 2464 interierunt
1573 2433 1656 2461 millia

862 2486 1004 2513 hominum
1017 2483 1236 2512 innumerabilia.
1249 2483 1327 2516 Quod
1339 2487 1431 2510 autem
1448 2489 1462 2508 a
1487 2481 1551 2508 solis
1573 2480 1658 2514 Bogo-

863 2532 937 2559 milis
951 2539 1003 2558 non
1014 2530 1117 2565 fugiant
1134 2530 1280 2562 daemones,
1307 2530 1354 2557 sed
1381 2536 1442 2556 cum
1470 2527 1523 2554 illis
1546 2527 1656 2561 degant,

863 2578 1047 2612 audacterque
1056 2580 1210 2607 versentur,
1224 2575 1400 2610 perspicuum
1414 2574 1454 2606 ﬁt,
1473 2577 1530 2600 lum
1546 2580 1578 2599 ex
1596 2571 1657 2598 aliis

863 2624 983 2659 ipsorum
994 2623 1146 2654 erroribus,
1165 2627 1220 2649 tum
1234 2629 1266 2649 ex
1281 2629 1313 2649 eo
1329 2620 1398 2655 quod
1422 2620 1474 2647 illis
1501 2626 1551 2646 sua
1577 2617 1652 2644 varia

864 2670 957 2706 specie
967 2675 1050 2706 atque
1061 2670 1149 2698 forma
1170 2676 1230 2697 sese
1249 2667 1411 2702 conspicuos
1435 2666 1567 2700 praebent.

905 2760 948 2789 ιι,
962 2759 1076 2789 Crucem
1087 2759 1207 2788 divinam
1216 2757 1378 2793 despiciunt,
1390 2754 1463 2791 quod
1475 2755 1502 2783 in
1510 2761 1541 2782 ea
1553 2752 1653 2781 Serva-
