1873 3075
26 174 103 206 1313

507 179 693 204 J'ANUFLJA
718 178 945 205 DUUMATICA.
963 178 1085 206 —'1‘l'l'.
1108 179 1230 207 XXVII.

1605 178 1672 210 1314

23 233 83 259 ὑπὸ
98 231 152 259 τοῦ
166 229 269 266 κυρίου
285 229 318 256 δι’
345 228 440 260 ὕδατος
463 229 568 263 γίνεται
590 230 636 256 καὶ
656 230 734 264 ἁγίου
748 230 832 256 Πνεὺ-
846 234 868 262 Α
884 231 933 258 libi

925 238 1031 262 rerum,
1064 239 1134 265 quos
1165 230 1280 264 probant
1315 232 1462 266 reperitur.
1491 231 1672 265 Quamobrem

25 286 133 312 ματος,
149 277 179 303 τὸ
198 275 227 302 δὲ
241 273 309 309 παρ’
320 274 433 300 ἐκείνων
447 274 529 300 πόθεν
545 275 692 309 παρεδόθη,
705 275 834 307 δειξάτωσ

23 331 90 349 σαν.
123 323 171 350 Ἐν
186 321 251 356 ποίᾳ
264 319 318 346 τῶν
338 319 441 346 δεκτῶν
463 320 554 351 αὐτοῖς
566 320 637 347 ἑπτὰ
651 320 750 355 βίδλων
765 322 830 356 περὶ

887 277 963 304 illum
982 285 995 303 a
1012 277 1180 304 dmmouilms
1213 276 1341 303 didicisse
1372 277 1542 312 perspicuum
1565 284 1617 312 est,
1644 285 1673 307 ut

884 330 950 350 vero
967 323 1115 355 divinoque
1129 322 1266 356 baptismo
1281 322 1476 355 spoliareutur.

23 369 131 396 τούτου
149 370 322 404 γέγραπται;
337 367 468 394 Δείπεται
496 364 541 393 οὖν
557 367 609 392 ὑπὸ
625 367 679 393 τῶν
695 367 828 402 δαιμόνων
847 368 928 395 τοῦτο
959 369 1054 403 μαθεῖν
1069 369 1178 399 αὐτοὺς,
1212 369 1257 395 ἵνα
1280 370 1443 404 γυμνωοῶσι
1465 370 1512 397 τοῦ
1543 370 1671 408 ἀληθινοῦ

25 418 74 443 καὶ
95 416 174 442 θείου
192 415 390 450 βαπτίσματος.

67 462 117 494 ιζ’.
138 463 311 497 Ἀτιμάζουσι
325 463 374 497 τὴν
390 462 524 498 μυστικὴν
533 463 579 488 καὶ
593 462 709 497 φρικτὴν
723 463 828 498 ἱερουρ-

27 509 108 542 γίαν,
125 508 174 534 καὶ
189 508 238 543 τὴν
252 508 300 534 τοῦ
317 508 483 534 Δεσποτικοῦ
498 509 623 543 σώματος
648 509 695 534 καὶ
712 507 829 543 αἵματος

25 555 115 588 ἁγίαν
131 554 296 588 μετάληψιν,
309 553 405 580 θυσίαν
420 554 475 580 τῶν
491 553 670 580 ἐνοικούντων
680 555 736 584 τοῖς
755 554 830 584 ναοῖς

26 600 174 634 δαιμόνων
188 599 290 634 ταύτην
304 599 515 630 ἀποκαλοῦντες.
536 599 567 624 Ὢ
581 599 686 633 μιαρῶν
701 598 828 633 χειλέωνί

20 643 51 671 ’ὦ
65 643 201 678 γλώσσης
227 644 416 680 μιαρωτέραςί
437 644 490 670 Καὶ
520 644 673 678 παριστῶσι
705 643 831 678 μάρτυρα

15 683 76 725 ἰτὶιν
91 691 240 725 προφήτην
259 690 374 716 Ἡσαΐαν
385 690 509 724 λέγοντα,
528 691 561 716 οι
575 688 779 722 ἑτοιμάζοντες
795 688 833 722 τῇ

30 737 111 770 τύχῃ
131 745 160 770 τί
168 736 289 769 άπεζαν,
304 736 353 763 καὶ
374 736 566 769 πληροῦντες
582 735 622 768 τῷ
638 735 756 770 δαίμονι
785 734 833 762 κέ-

23 777 151 816 ¹μισμα,
171 783 207 817 μὴ
225 781 361 812 συνιέντες
375 783 400 808 οί
416 782 607 817 παραπλῆγες,
621 782 662 808 ὅτι
680 781 749 816 πρὸς
769 781 832 812 τοὺς

31 828 300 863 είδωλολατροΰντας
330 830 343 855 ὁ
372 828 461 862 λόγος.
491 828 527 854 Τὸ
547 829 576 854 δὲ
611 828 740 862 μυστικὸν
766 828 830 862 παρ’

913 463 957 490 17.
974 462 1126 496 illysticum,
1148 463 1332 490 venerandum
1352 463 1516 491 sacriﬁcium
1549 469 1672 492 contem-

884 513 952 535 nunt
961 513 1043 542 atque
1052 508 1215 542 despiciunt.
1226 508 1257 535 Et
1265 514 1385 536 sant-tam
1393 509 1548 543 corporiset
1559 517 1671 545 saligni-

879 556 920 582 nis
932 554 1037 582 Domini
1048 555 1280 588 communionem,
1293 555 1455 586 diemonum.
1465 557 1548 589 quiin
1564 557 1672 590 templis

879 600 1189 631 haliitant,sacrilieium
1220 601 1368 636 appellant.
1389 601 1410 629 0
1434 602 1515 636 impia
1542 603 1629 635 labra,
1656 611 1673 630 o

880 648 985 682 linguas
1000 647 1199 675 exsecrandasl
1219 647 1297 674 Isaia:
1308 647 1445 682 prophetae
1467 648 1499 675 ad
1531 649 1581 674 hoc
1609 657 1671 682 pro-

882 693 1001 720 bandum
1018 693 1134 720 aderunt
1150 693 1346 726 testimonium,
1362 693 1477 720 dicentis
1494 702 1501 720 :
1516 694 1568 726 Qui
1592 702 1673 728 para-

880 743 1098 766 veruntmemam
1115 738 1241 773 fortunae,
1255 743 1280 765 et
1299 738 1413 765 dwmoni
1428 739 1549 773 poculum
1579 740 1672 773 imp'e-

880 786 1004 812 verunt‘.
1022 785 1075 812 Nec
1090 785 1244 819 intelligunt
1264 785 1390 812 homines
1411 785 1484 812 stulti
1519 786 1599 812 verba
1628 786 1673 812 illa

881 831 915 859 ad
932 831 1090 859 idololatras
1102 831 1166 863 dici,
1189 839 1250 858 cum
1279 831 1393 866 mystica
1414 838 1493 858 coena
1523 839 1604 865 quam
1626 839 1674 858 nos

32 877 100 909 ﬂlﬁv
119 875 227 902 δεῖπνον
252 875 266 900 ὁ
285 875 402 910 Χριστὸς
435 875 594 910 παρέδωκεν
618 873 714 905 εἰπὼν,
741 874 831 900 Τοῦτο
847 869 868 896 Β
883 877 933 904 εει.

921 877 1053 904 lebramus
1084 885 1098 903 ιι
1121 876 1236 903 Domino
1257 876 1354 902 tradita
1385 876 1431 907 sil,
1463 876 1590 903 dicente:
1619 876 1674 902 Iloc

31 920 150 946 ποιεῖτε
164 921 208 952 είς
226 920 284 953 τὴν
298 919 375 953 ἐμὴν
388 919 573 954 ἀνάμνησιν,
588 918 625 950 ὡς
641 920 665 945 ot
690 919 830 952 εὐαγγελι-

32 967 95 992 cui.
110 966 297 992 διδάσκουσιν.
316 966 431 1000 Εἴρηται
442 965 470 992 δὲ
483 967 511 991 ὲν
524 964 563 999 τῷ
577 965 647 991 κατὰ
660 965 713 991 τῶν
730 965 830 991 Παυλι-

31 1013 137 1039 κιάνων
153 1013 223 1048 λόγῳ
238 1013 284 1039 καὶ
299 1012 420 1047 περὶτῆς
437 1011 510 1043 θείας
524 1010 625 1046 ταύτης
640 1011 828 1046 μεταλήψεως,

32 1059 78 1084 καὶ
111 1058 232 1093 ζήτησον
258 1059 317 1085 ἐκεῖ
346 1058 411 1092 περὶ
424 1058 535 1092 ταύτης.
553 1055 615 1084 Οἴου
631 1057 660 1083 δὲ
680 1057 769 1084 αὐτῶν
784 1058 829 1083 καὶ

31 1103 137 1136 τοῦτο;
159 1104 257 1139 ’Ἄρτον
278 1104 326 1138 μὲν
353 1104 406 1137 γὰρ
426 1103 567 1133 κοινωνίας
591 1102 752 1137 ὀνομάζουσι
781 1101 831 1136 ἰὴν

33 1149 193 1183 προσευχὴν
201 1148 245 1174 τοῦ
251 1169 258 1182 ,
269 1148 357 1183 Πάτερ
363 1149 378 1183 ἡ
384 1148 441 1182 μῶν
451 1155 457 1162 ·
465 1148 520 1175 Τὸν
527 1147 617 1182 ἄρτον
624 1147 768 1181 γὰρ,φησὶ,
779 1146 833 1173 τὸν

35 1195 202 1221 ἐπιούσιον
212 1203 219 1209 ·
237 1194 366 1229 ποτήριον
381 1194 409 1220 δὲ
426 1194 565 1224 κοινωνίας
581 1193 681 1227 ὁμοίως
692 1192 739 1227 τὴν
754 1193 832 1226 λεγο-

36 1241 122 1274 μένην
141 1240 170 1266 ὲν
187 1239 224 1274 τῷ
236 1239 394 1274 Εὑαγγε).ίῳ
407 1238 549 1273 διαθήκην.
567 1237 658 1265 Τοῦτο
671 1238 734 1272 γὰρ,
752 1237 830 1272 φησὶ,

35 1285 67 1311 τὸ
88 1284 238 1318 ποτήριον
249 1285 267 1318 ή
287 1285 375 1318 καινὴ
386 1283 514 1317 διαθήκη
530 1283 666 1309 Μυστικὸν
679 1281 707 1308 δὲ
721 1282 830 1308 δεῖπνον

37 1330 86 1365 τὴν
103 1330 268 1365 ἀμφοτέρων
282 1329 385 1356 τούτων
398 1329 556 1365 μετάληψιν.
576 1329 605 1355 Εἰ
621 1329 648 1355 δέ
667 1337 708 1360 τις
728 1328 833 1354 ἀνθυπ-

37 1377 151 1410 αγὰγοι,
180 1376 234 1402 Καὶ
250 1376 308 1407 πῶς
331 1376 361 1402 τὸ
373 1376 463 1409 Πάτερ
479 1375 567 1410 ἡμῶν,
580 1375 617 1406 ὡς
639 1374 718 1408 σῶμα
730 1375 833 1400 Δεσπο-

39 1423 115 1447 τικὸν
133 1422 231 1447 κλᾶται
243 1423 290 1448 καὶ
311 1420 497 1455 διαμερίζεται
512 1428 519 1452 ;
551 1420 608 1451 πῶς
624 1419 652 1445 δὲ
667 1419 713 1445 καὶ
729 1419 759 1444 τὸ
774 1418 833 1451 νῦν,

46 1466 218 1500 Ἐδοξάσθη
234 1468 249 1493 ό
269 1467 335 1499 Υίὸς
354 1466 408 1493 τοῦ
419 1465 588 1499 ἀνθρώπου,
601 1464 694 1491 καὶτὰ
707 1464 780 1500 ἑξῆς,
794 1464 831 1496 ὡς

880 922 960 957 facile
975 923 1002 949 in
1016 930 1100 949 meam
1116 923 1388 949 commemorationem
1398 923 1419 954 ¹,
1436 926 1463 948 ut
1477 922 1575 949 docent
1590 929 1674 948 evan-

881 969 996 1004 gelistaa.
1029 969 1163 996 Caeterum
1195 972 1222 995 et
1247 968 1279 995 de
1302 968 1392 995 divina
1421 967 1471 994 hac
1500 969 1674 1002 perceptione

881 1015 983 1043 dictum
995 1021 1036 1043 est
1047 1016 1073 1042 in
1087 1015 1164 1042 titulo
1178 1013 1464 1041 PaulicianorumJllic
1474 1014 1556 1048 igitur
1569 1021 1672 1048 (iuuere.

882 1062 968 1089 Porro
992 1061 1191 1089 communionis
1225 1067 1340 1094 panem,
1363 1057 1549 1094 precationeni
1577 1059 1672 1085 illam:

884 1108 967 1135 Pater
980 1114 1077 1140 noster,
1099 1107 1245 1141 appellant.
1261 1104 1359 1131 Panem
1371 1107 1454 1137 enim,
1471 1105 1568 1139 inquit,
1585 1106 1674 1138 quoti-

884 1154 992 1181 dianum
1006 1153 1015 1168 ³
1032 1161 1039 1184 ;
1055 1152 1255 1180 communionis
1267 1151 1379 1178 calicem
1396 1150 1598 1177 Testamentum
1615 1158 1675 1177 esse

882 1200 987 1231 dicunt,
1004 1199 1075 1232 quod
1101 1198 1126 1224 in
1147 1196 1294 1231 Evangelio
1320 1201 1495 1223 memoratur.
1527 1196 1576 1223 llic
1587 1197 1673 1229 enim,

879 1247 977 1282 inquit,
992 1246 1064 1273 calix
1077 1253 1172 1272 novum
1189 1244 1414 1272 Testamentum‘.
1426 1244 1571 1280 Utriusque
1582 1250 1673 1272 autem

884 1293 1084 1328 perceptionem
1109 1291 1252 1325 mysticam
1280 1292 1386 1318 coenam
1418 1295 1526 1318 vocant.
1558 1290 1587 1317 Si
1614 1290 1676 1329 quis

883 1348 948 1367 vero
961 1339 1127 1374 subjecerit,
1144 1337 1295 1371 Quomodo,
1312 1338 1448 1372 inquiens,
1462 1337 1542 1364 Pater
1569 1344 1672 1371 uoster,

884 1391 914 1414 ut
932 1393 1031 1420 corpus
1044 1385 1149 1411 Domini
1167 1384 1301 1419 frangitur
1325 1389 1406 1417 atque
1428 1383 1575 1410 dividitur!
1599 1383 1674 1416 Quo-

885 1433 966 1460 modo
981 1433 1045 1460 item
1065 1432 1128 1458 illud
1145 1439 1153 1458 :
1171 1430 1249 1457 Nutu:
1261 1431 1425 1464 clariﬁcatus
1441 1435 1478 1457 εει
1490 1430 1578 1457 Filius
1591 1430 1675 1457 Immi-

886 1478 927 1504 nis
938 1477 961 1509 ⁵,
990 1482 1118 1511 tanquam
1134 1475 1287 1502 Servatoris
1303 1474 1414 1509 sanguis
1427 1481 1441 1501 a
1455 1473 1533 1501 vobis
1554 1473 1674 1501 eﬂ‘uudi-

39 1514 160 1547 αἵματος
173 1513 219 1539 τοῦ
231 1513 357 1548 Σωτῆρος
370 1512 441 1548 ὑπὲρ
457 1513 534 1547 ἡμῶν
553 1511 684 1546 ἑξεχύϐη;
704 1513 741 1546 μὴ
754 1511 835 1545 γινώ-
847 1513 869 1542 C
887 1529 930 1552 ml.

921 1524 949 1551 r?
960 1531 990 1551 se
1006 1524 1099 1551 dicunt
1108 1523 1242 1557 ignorare.

42 1566 116 1584 σχειν
139 1558 269 1592 ὁμολογοῖ)
274 1567 299 1584 σι
305 1579 310 1584 .

77 1603 124 1638 ιη’.
139 1604 271 1638 Λέγουσιν
282 1608 310 1630 ἐν
319 1605 445 1635 πᾶσιτοῖς
457 1605 537 1639 ἱεροῖς
549 1606 619 1635 ναοῖς
630 1604 764 1630 κατοικεῖν
772 1603 836 1635 τοὺς

43 1648 173 1683 δαίμονας
187 1649 364 1684 διαλαχόντας
381 1649 478 1681 αὐτοὺς
494 1650 631 1684 ἀναλόγως
645 1650 694 1685 τῆς
717 1650 834 1676 ἑκάστου

43 1695 148 1726 τάξεως
164 1695 379 1730 καὶδυνάμεως.
397 1696 448 1722 Τὸν
475 1696 569 1731 μέντοι
597 1697 721 1723 Σατανᾶν
749 1696 833 1723 πάλαι

45 1740 93 1773 μὲν
104 1740 302 1775 ἀποκληρῶσαι
320 1739 394 1775 αὺτῴ
416 1740 462 1767 τὸν
481 1740 699 1775 πολυθρύλλητον
710 1742 739 1767 ἐν
757 1740 836 1775 Ἰερο-

45 1785 173 1820 σολύμοις
193 1786 265 1816 ναὸν,
298 1786 367 1820 μετὰ
391 1786 420 1812 δὲ
450 1786 500 1820 τὴν
514 1786 619 1812 ἐκείνου
642 1786 835 1821 καταστροφὴν

46 1831 238 1864 ἐξιδιώσασθαι
250 1832 295 1859 τὸν
310 1833 340 1859 ὲν
353 1833 386 1867 τῇ
403 1831 519 1867 βασιλίδι
543 1831 631 1868 ταύτῃ
653 1832 707 1858 τῶν
732 1832 835 1858 πόλεων

47 1877 191 1912 ὑπερφερῆ
207 1878 254 1904 καὶ
265 1877 436 1912 περιώνυμον
451 1877 501 1910 τῆς
513 1877 558 1903 τοῦ
582 1876 649 1902 Θεοῦ
675 1876 770 1910 σοφίας
794 1875 835 1902 οἷ-

48 1931 104 1950 κον.
127 1923 164 1949 Οὐ
201 1923 254 1958 γὰρ
278 1924 291 1949 ὁ
306 1922 449 1957 Ὗψιστος,
464 1923 555 1957 φασὶν,
581 1922 609 1948 ὲν
637 1922 835 1957 χειροποιήτοις

48 1971 122 2000 ναοῖς
138 1970 270 2002 κατοικεῖ,
294 1969 339 1996 τὸν
361 1969 474 2003 οὐρανὸν
490 1968 558 2002 ἔχων
590 1968 757 2003 οίκητήριον.
781 1967 836 1994 Καὶ

51 2017 112 2050 μὴν,
135 2015 166 2042 '0
180 2013 260 2048 οἶκός
275 2024 344 2050 μου,
361 2015 443 2050 φησὶν
457 2016 471 2042 ὁ
484 2016 595 2050 Κύριος,
611 2013 693 2048 οἶκος
705 2021 836 2048 προσευ-

49 2062 106 2095 χῆς
121 2063 316 2097 κληθήσεται.
335 2063 389 2088 Καὶ
402 2060 479 2094 αὖθις
496 2061 588 2094 ἔλεγεν
604 2062 618 2088 ὁ
644 2061 770 2096 Χριστὸς,
787 2061 835 2094 Μὴ

50 2109 161 2135 ποιεῖτε
188 2108 243 2136 τὸν
268 2106 354 2135 οἷκον
365 2108 419 2135 τοῦ
440 2109 557 2142 Πατρός
571 2116 631 2143 μου
645 2105 730 2134 οἷκον
744 2107 836 2141 ἐμπο-

923 1604 968 1632 18.
985 1602 1014 1630 ln
1031 1602 1116 1629 sacris
1129 1601 1254 1629 omnibus
1268 1599 1377 1634 templis
1399 1599 1523 1626 habitare
1538 1599 1676 1626 daimones

885 1650 989 1682 dicunt,
1014 1655 1076 1675 cum
1092 1655 1123 1675 ea
1156 1648 1272 1682 quisque
1298 1646 1410 1673 sortitus
1440 1646 1475 1672 sit
1502 1645 1677 1680 proportione

884 1696 989 1724 ordinis
999 1700 1025 1723 et
1042 1694 1161 1722 virtutis.
1184 1694 1314 1720 Satanam
1334 1693 1442 1727 quidem
1453 1691 1504 1719 sibi
1527 1690 1676 1719 celeberri-

886 1751 958 1771 mum
972 1742 1109 1777 quondam
1126 1741 1191 1768 illud
1206 1739 1454 1774 Hierosolymorum
1471 1739 1600 1772 templum
1627 1738 1676 1764 de-

885 1789 994 1824 legisse,
1022 1795 1075 1822 quo
1104 1793 1199 1813 everso
1218 1785 1346 1813 eximium
1377 1788 1403 1811 et
1429 1784 1603 1811 decantatum
1630 1783 1676 1810 Dei

886 1835 992 1870 Sophim
1008 1833 1138 1868 templum
1160 1833 1186 1858 in
1206 1832 1258 1858 hac
1270 1831 1376 1858 urbium
1397 1830 1489 1864 regina
1509 1829 1674 1863 suscepisse.

885 1881 978 1916 Neque
995 1880 1078 1911 enim,
1096 1879 1233 1914 inquiunt.
1247 1877 1274 1903 in
1291 1884 1371 1903 manu
1394 1876 1474 1902 factis
1496 1875 1602 1908 templis
1629 1875 1676 1900 Al-

886 1925 1007 1954 tissimus
1022 1925 1136 1957 habitat,
1149 1931 1210 1951 cum
1225 1923 1325 1950 coelum
1351 1922 1386 1949 sit
1410 1921 1468 1954 ejus
1491 1920 1672 1947 domicilium.

887 1971 968 2007 Atqui
983 1991 991 2003 ,
1010 1971 1109 1998 Domus
1122 1978 1192 2002 mea,
1223 1969 1312 2002 inquit
1327 1967 1408 1997 Deus.
1431 1967 1524 1992 domu:
1545 1965 1675 1992 orationis

886 2019 1021 2046 vocabitur
1036 2018 1058 2044 ⁸.
1071 2017 1102 2044 Et
1117 2023 1234 2048 rursum,
1247 2014 1348 2045 Nolite,
1360 2013 1442 2047 inquit
1455 2012 1590 2043 Christus,
1604 2013 1677 2047 face.

887 2074 915 2093 re
929 2066 1034 2092 domum
1051 2063 1141 2090 Patris
1160 2061 1210 2088 mei
1235 2060 1341 2087 domum
1354 2058 1540 2094 negotiationis
1553 2057 1564 2073 "
1577 2076 1585 2088 .
1614 2065 1676 2084 cum

889 2113 923 2141 de
945 2110 1194 2145 Hierosolymorum
1224 2106 1326 2141 templo
1354 2105 1521 2139 loqueretur.
1549 2103 1625 2136 Quod
1654 2103 1677 2130 si

49 2153 126 2202 ρίου,
144 2155 208 2190 περὶ
217 2154 471 2190 τοῦξχειροποιὴτου
497 2154 562 2182 ναοῦ
580 2154 630 2189 τῆς
659 2153 838 2189 Ἰερουσαλὴμ
854 2175 876 2202 D
892 2165 933 2187 ιρι,

921 2157 1019 2192 mplum
1037 2156 1100 2182 illud
1114 2159 1173 2182 erat
1186 2153 1242 2185 Dei,
1259 2152 1343 2178 multo
1359 2150 1444 2184 magis
1458 2150 1519 2179 hoc.
1538 2149 1608 2184 quod
1632 2153 1676 2176 est

51 2197 129 2224 τοῦτο
145 2198 244 2232 λέγων.
260 2198 292 2225 Et
312 2199 339 2225 δὲ
352 2200 365 2225 ὁ
379 2200 408 2226 ὲν
429 2199 608 2234 Ἰερουσαλὴμ
632 2199 694 2230 vah,-
709 2197 782 2230 οἶκος
805 2196 838 2233 ἦν

52 2244 97 2269 τοῦ
113 2244 191 2276 Θεοῦ,
205 2244 294 2280 πολλῷ
309 2245 407 2280 μᾶλλον
420 2246 433 2272 ὁ
450 2246 478 2272 ὲν
511 2245 544 2280 τῇ
561 2244 678 2279 βασιλίδι
709 2244 764 2271 τῶν
791 2244 841 2270 τιό-

53 2290 131 2323 λεων,
145 2291 192 2318 καὶ
210 2291 304 2323 ἁπλῶς
316 2293 403 2318 εἰπεῖν
413 2292 512 2322 πάντες
526 2292 550 2317 οί
573 2291 645 2317 κατὰ
667 2291 749 2317 τόπον
764 2291 842 2328 ἀφιε-

55 2337 171 2372 ρωμένοι
184 2337 222 2372 τῷ
237 2337 307 2371 Θεῷ,
323 2338 368 2364 καὶ
383 2339 415 2372 τῇ
435 2336 597 2371 Θεομήτορι.
623 2336 670 2362 καὶ
693 2336 760 2362 πᾶσι
786 2337 841 2366 τοῖς

53 2381 140 2415 ἁγίοις
164 2385 223 2410 ναοὶ
244 2384 310 2410 θεῖοι
325 2384 355 2410 τὲ
371 2384 438 2416 εἰσι,
453 2383 499 2410 καὶ
527 2382 702 2417 ἀγιαστήρια,
719 2382 767 2408 καὶ
788 2381 841 2407 τῶν

54 2427 186 2463 δαιμόνων
208 2430 420 2465 φυγαδευτήρια.
436 2429 523 2455 Ὅπου
548 2428 602 2463 γὰρ
625 2429 695 2454 οἰκεῖ
710 2427 770 2453 θεία
793 2427 841 2461 χά-

57 2481 108 2507 ρις,
123 2475 225 2502 ἐκεῖθεν
240 2475 409 2511 ἀπελήλαται
439 2476 492 2502 πᾶν
509 2474 617 2510 πνεῦμα
634 2474 760 2509 πονηρὸν,
795 2473 843 2500 καὶ

57 2520 131 2547 πᾶσα
143 2521 195 2547 τῶν
211 2521 345 2556 δαιμόνων
359 2521 494 2556 ἐνέργεια.

93 2566 135 2593 ιῦ’.
145 2567 561 2604 Μόνηνὸνομάζουσιπροσευχὴν
570 2567 618 2602 τὴν
627 2566 679 2594 ὑπὸ
686 2565 731 2593 τοῦ
741 2565 841 2600 Κυρίου

59 2612 252 2645 παραδοθεῖσαν
267 2614 295 2640 ἐν
307 2615 364 2644 τοῖς
378 2614 570 2648 Εὐαγγελίοις,
589 2615 672 2649 ήγουν
695 2613 725 2639 τὺ
743 2611 838 2645 Πάτερ

59 2657 153 2692 ἡμῶν,
168 2659 214 2686 καὶ
232 2659 265 2686 τὰ
275 2659 348 2694 ἑξῆς.
364 2660 419 2686 Καὶ
430 2660 532 2695 ταύτην
545 2660 629 2695 μόνην
642 2658 839 2694 προσεύχονται

60 2702 170 2736 ἑπτάκις
186 2705 236 2740 μὲν
248 2705 298 2740 τῆς
315 2704 432 2740 ἡμέρας,
459 2705 589 2737 πεντάκις
609 2705 637 2731 δὲ
661 2704 711 2738 τῆς
735 2703 841 2734 νυκτός.

66 2746 172 2782 Ὁσάκις
197 2750 225 2776 δὲ
259 2751 298 2781 εἰς
321 2751 473 2785 προσευχὴν
497 2751 627 2783 ἵστανται,
659 2749 767 2783 λέγουσι
795 2748 844 2783 τήν

890 2205 918 2231 in
938 2204 988 2231 hac
1000 2202 1105 2230 urbium
1121 2200 1224 2235 regina,
1239 2203 1266 2225 et
1282 2202 1312 2224 ut
1334 2196 1453 2224 breviter
1467 2195 1566 2225 dicam,
1584 2194 1676 2220 omnia

889 2249 1070 2284 templa,quae
1083 2246 1180 2281 quovis
1196 2245 1222 2270 in
1247 2243 1307 2269 loco
1342 2246 1397 2268 tum
1419 2241 1484 2272 Deo,
1510 2245 1567 2266 tum
1594 2238 1674 2265 Matri

889 2296 959 2330 ejus,
976 2300 1031 2321 tum
1047 2292 1173 2321 omnibus
1187 2290 1289 2317 sanctis
1301 2291 1460 2315 consecrata
1475 2290 1549 2317 sunt.
1582 2284 1674 2312 divina

890 2347 1037 2374 sanctaque
1053 2342 1127 2369 sunt,
1143 2342 1170 2364 et
1205 2336 1340 2363 daemones
1360 2333 1507 2367 expellunt.
1537 2331 1586 2359 Ubi
1604 2330 1678 2358 enim

890 2387 981 2414 divina
993 2385 1098 2411 habitat
1112 2382 1208 2418 gratia,
1225 2381 1286 2407 inde
1301 2379 1391 2406 omnis
1409 2378 1495 2406 malus
1511 2377 1624 2412 spiritus
1649 2381 1676 2403 et

891 2433 979 2461 omnis
989 2432 1139 2458 dmmonum
1152 2428 1193 2454 vis
1205 2426 1361 2461 expellitur.

928 2565 1072 2594 19.Solam
1090 2563 1275 2598 precationem
1290 2560 1438 2596 appellant,
1453 2566 1533 2594 quam
1551 2558 1679 2585 Dominus

891 2612 1004 2640 tradidit
1015 2612 1040 2637 in
1056 2608 1219 2644 Evangeliis,
1247 2608 1336 2639 idest,
1366 2605 1450 2632 Pater
1473 2609 1571 2631 noster.
1591 2603 1624 2629 Et
1646 2610 1678 2630 ea

891 2656 947 2684 sola
963 2660 1075 2683 utuntur
1086 2653 1188 2688 septies
1203 2652 1314 2687 quidem
1332 2650 1385 2682 die.
1416 2649 1560 2684 quinquies
1587 2651 1678 2674 autem

893 2707 985 2729 nocte.
1002 2700 1054 2727 Sed
1070 2700 1177 2734 quoties
1194 2699 1226 2724 ad
1241 2696 1406 2732 precandum
1429 2695 1574 2726 accedunt,
1592 2694 1678 2721 toties

895 2755 954 2775 eam
970 2745 1111 2777 adhibent,
1128 2743 1174 2771 alii
1186 2743 1274 2771 decies
1283 2746 1312 2769 et
1327 2739 1483 2777 quinquies,
1506 2738 1550 2765 alii
1570 2740 1680 2773 saepius,

97 2849 104 2863 ‘
115 2849 167 2878 lsa.
180 2851 302 2887 m._H.
342 2852 352 2867 '
369 2850 434 2879 Luc.
449 2858 516 2884 χχιι,
537 2850 580 2878 19.
619 2850 628 2866 ³
640 2849 736 2887 Matth.
746 2856 783 2882 vr,
797 2847 871 2876 9-H.
893 2846 904 2863 ⁸
919 2846 933 2874 1

921 2846 985 2873 Luc.
997 2852 1065 2878 xui,
1084 2842 1128 2871 20.
1161 2841 1257 2869 'Joan.
1271 2847 1330 2873 ιιιι,
1351 2839 1397 2867 51.
1435 2839 1550 2871 ’Λειιιι
1564 2844 1620 2872 ut,
1637 2838 1681 2866 15.

62 2883 71 2899 "
85 2882 159 2914 Joau.
175 2894 205 2919 ii,
220 2885 264 2913 16.
