  <div class='ocr_page' id='page_1' title='image "/cluster/home/n/w/nwhite01/storage/ocr_20150623/130/njp.32101010942777/708.png"; bbox 0 0 1873 3075; ppageno 0'>
   <div class='ocr_carea' id='block_1_1' title="bbox 43 153 120 186">
    <p class='ocr_par' dir='ltr' id='par_1_1' title="bbox 43 153 120 186">
     <span class='ocr_line' id='line_1_1' title="bbox 43 153 120 186; baseline 0 0"><span class='ocrx_word' id='word_1_1' title='bbox 43 153 120 186; x_wconf 70' lang='lat'><strong>11317</strong></span> 
     </span>
    </p>
   </div>
   <div class='ocr_carea' id='block_1_2' title="bbox 513 154 1241 186">
    <p class='ocr_par' dir='ltr' id='par_1_2' title="bbox 513 154 1241 186">
     <span class='ocr_line' id='line_1_2' title="bbox 513 154 1241 186; baseline 0.001 -1"><span class='ocrx_word' id='word_1_2' title='bbox 513 155 701 186; x_wconf 76' lang='lat' dir='ltr'><strong>I’ANOPLIA</strong></span> <span class='ocrx_word' id='word_1_3' title='bbox 720 154 951 186; x_wconf 73' lang='lat' dir='ltr'><strong>DOGMATICA.</strong></span> <span class='ocrx_word' id='word_1_4' title='bbox 971 167 1004 173; x_wconf 92' lang='grc'><strong>·-</strong></span> <span class='ocrx_word' id='word_1_5' title='bbox 1021 154 1095 186; x_wconf 88' lang='grc' dir='ltr'><strong>ΤΙΤ.</strong></span> <span class='ocrx_word' id='word_1_6' title='bbox 1117 155 1241 186; x_wconf 76' lang='lat' dir='ltr'><strong>XXVII.</strong></span> 
     </span>
    </p>
   </div>
   <div class='ocr_carea' id='block_1_3' title="bbox 1621 151 1691 186">
    <p class='ocr_par' dir='ltr' id='par_1_3' title="bbox 1621 151 1691 186">
     <span class='ocr_line' id='line_1_3' title="bbox 1621 151 1691 186; baseline 0.029 -2"><span class='ocrx_word' id='word_1_7' title='bbox 1621 151 1691 186; x_wconf 81' lang='lat'><strong>1318</strong></span> 
     </span>
    </p>
   </div>
   <div class='ocr_carea' id='block_1_4' title="bbox 37 210 969 248">
    <p class='ocr_par' dir='ltr' id='par_1_4' title="bbox 37 210 968 248">
     <span class='ocr_line' id='line_1_4' title="bbox 37 210 968 248; baseline -0.002 -10"><span class='ocrx_word' id='word_1_8' title='bbox 37 221 87 244; x_wconf 88' lang='grc' dir='ltr'><strong>τες</strong></span> <span class='ocrx_word' id='word_1_9' title='bbox 108 213 147 248; x_wconf 85' lang='grc' dir='ltr'>μὴ</span> <span class='ocrx_word' id='word_1_10' title='bbox 167 211 300 245; x_wconf 75' lang='grc' dir='ltr'>ἀκούωσι,</span> <span class='ocrx_word' id='word_1_11' title='bbox 317 211 478 248; x_wconf 70' lang='grc' dir='ltr'>παραϐολὴν</span> <span class='ocrx_word' id='word_1_12' title='bbox 492 211 635 244; x_wconf 69' lang='grc' dir='ltr'>ὀνομάζων</span> <span class='ocrx_word' id='word_1_13' title='bbox 663 212 712 247; x_wconf 88' lang='grc' dir='ltr'>τὴν</span> <span class='ocrx_word' id='word_1_14' title='bbox 736 212 844 246; x_wconf 82' lang='grc' dir='ltr'><strong>ἀπάτην</strong></span> <span class='ocrx_word' id='word_1_15' title='bbox 859 214 882 242; x_wconf 82' lang='grc' dir='ltr'>Α</span> <span class='ocrx_word' id='word_1_16' title='bbox 896 210 968 237; x_wconf 88' lang='lat' dir='ltr'><strong>enim</strong></span> 
     </span>
    </p>
   </div>
   <div class='ocr_carea' id='block_1_5' title="bbox 919 210 1690 248">
    <p class='ocr_par' dir='ltr' id='par_1_5' title="bbox 919 210 1690 245">
     <span class='ocr_line' id='line_1_5' title="bbox 919 210 1690 245; baseline 0.003 -9"><span class='ocrx_word' id='word_1_17' title='bbox 919 210 980 242; x_wconf 74' lang='lat' dir='ltr'><strong>aim,</strong></span> <span class='ocrx_word' id='word_1_18' title='bbox 1013 210 1150 245; x_wconf 88' lang='lat' dir='ltr'><strong>inquiunt,</strong></span> <span class='ocrx_word' id='word_1_19' title='bbox 1171 210 1287 245; x_wconf 86' lang='lat' dir='ltr'><strong>appellat</strong></span> <span class='ocrx_word' id='word_1_20' title='bbox 1317 210 1407 238; x_wconf 89' lang='lat' dir='ltr'><strong>dolum</strong></span> <span class='ocrx_word' id='word_1_21' title='bbox 1434 213 1462 238; x_wconf 87' lang='lat' dir='ltr'><strong>et</strong></span> <span class='ocrx_word' id='word_1_22' title='bbox 1477 210 1690 238; x_wconf 69' lang='lat' dir='ltr'><strong>simulationem.</strong></span> 
     </span>
    </p>
   </div>
   <div class='ocr_carea' id='block_1_6' title="bbox 39 258 838 294">
    <p class='ocr_par' dir='ltr' id='par_1_6' title="bbox 39 258 838 294">
     <span class='ocr_line' id='line_1_6' title="bbox 39 258 838 294; baseline 0 -10"><span class='ocrx_word' id='word_1_23' title='bbox 39 259 90 284; x_wconf 75' lang='grc' dir='ltr'><strong>καὶ</strong></span> <span class='ocrx_word' id='word_1_24' title='bbox 102 259 152 292; x_wconf 84' lang='grc' dir='ltr'><strong>τὴν</strong></span> <span class='ocrx_word' id='word_1_25' title='bbox 168 258 326 292; x_wconf 79' lang='grc' dir='ltr'>ὑπόκρισιν.</span> <span class='ocrx_word' id='word_1_26' title='bbox 351 258 420 293; x_wconf 88' lang='grc' dir='ltr'><strong>Ἐγὼ</strong></span> <span class='ocrx_word' id='word_1_27' title='bbox 431 259 459 285; x_wconf 80' lang='grc' dir='ltr'>δὲ</span> <span class='ocrx_word' id='word_1_28' title='bbox 474 259 523 293; x_wconf 86' lang='grc' dir='ltr'>τὴν</span> <span class='ocrx_word' id='word_1_29' title='bbox 540 258 631 294; x_wconf 75' lang='grc' dir='ltr'>βίϐλον</span> <span class='ocrx_word' id='word_1_30' title='bbox 648 258 701 284; x_wconf 83' lang='grc' dir='ltr'><strong>τῶν</strong></span> <span class='ocrx_word' id='word_1_31' title='bbox 717 258 838 292; x_wconf 82' lang='grc' dir='ltr'>Εὑαγγε-</span> 
     </span>
    </p>
   </div>
   <div class='ocr_carea' id='block_1_7' title="bbox 37 303 838 339">
    <p class='ocr_par' dir='ltr' id='par_1_7' title="bbox 37 303 838 339">
     <span class='ocr_line' id='line_1_7' title="bbox 37 303 838 339; baseline 0 -9"><span class='ocrx_word' id='word_1_32' title='bbox 37 304 106 330; x_wconf 76' lang='grc' dir='ltr'>λίων</span> <span class='ocrx_word' id='word_1_33' title='bbox 125 303 172 330; x_wconf 80' lang='grc' dir='ltr'>τοῦ</span> <span class='ocrx_word' id='word_1_34' title='bbox 189 303 278 330; x_wconf 83' lang='grc' dir='ltr'>ταῦτα</span> <span class='ocrx_word' id='word_1_35' title='bbox 299 303 471 336; x_wconf 75' lang='grc' dir='ltr'><strong>διδάσκοντος</strong></span> <span class='ocrx_word' id='word_1_36' title='bbox 486 305 526 336; x_wconf 83' lang='grc' dir='ltr'><strong>είς</strong></span> <span class='ocrx_word' id='word_1_37' title='bbox 553 305 647 339; x_wconf 87' lang='grc' dir='ltr'>χεῖρας</span> <span class='ocrx_word' id='word_1_38' title='bbox 667 303 765 336; x_wconf 73' lang='grc' dir='ltr'>λαϐὼν,</span> <span class='ocrx_word' id='word_1_39' title='bbox 790 304 838 330; x_wconf 76' lang='grc' dir='ltr'>καὶ</span> 
     </span>
    </p>
   </div>
   <div class='ocr_carea' id='block_1_8' title="bbox 37 349 838 386">
    <p class='ocr_par' dir='ltr' id='par_1_8' title="bbox 37 349 838 386">
     <span class='ocr_line' id='line_1_8' title="bbox 37 349 838 386; baseline -0.001 -10"><span class='ocrx_word' id='word_1_40' title='bbox 37 350 289 385; x_wconf 76' lang='grc' dir='ltr'><strong>διερευνησάμενος</strong></span> <span class='ocrx_word' id='word_1_41' title='bbox 303 349 426 385; x_wconf 72' lang='grc' dir='ltr'>ἀκριϐῶς</span> <span class='ocrx_word' id='word_1_42' title='bbox 441 349 501 376; x_wconf 79' lang='grc' dir='ltr'>οὔτε</span> <span class='ocrx_word' id='word_1_43' title='bbox 521 349 569 385; x_wconf 83' lang='grc' dir='ltr'>τὴν</span> <span class='ocrx_word' id='word_1_44' title='bbox 584 350 637 386; x_wconf 81' lang='grc' dir='ltr'>πρὸ</span> <span class='ocrx_word' id='word_1_45' title='bbox 661 350 764 385; x_wconf 77' lang='grc' dir='ltr'><strong>ταύτης</strong></span> <span class='ocrx_word' id='word_1_46' title='bbox 790 349 838 383; x_wconf 81' lang='grc' dir='ltr'>δη-</span> 
     </span>
    </p>
   </div>
   <div class='ocr_carea' id='block_1_9' title="bbox 38 394 838 431">
    <p class='ocr_par' dir='ltr' id='par_1_9' title="bbox 38 394 838 431">
     <span class='ocr_line' id='line_1_9' title="bbox 38 394 838 431; baseline 0 -9"><span class='ocrx_word' id='word_1_47' title='bbox 38 396 178 422; x_wconf 45' lang='grc' dir='ltr'>)ιωθεῖσαν</span> <span class='ocrx_word' id='word_1_48' title='bbox 199 394 279 431; x_wconf 72' lang='grc' dir='ltr'>εὗρον</span> <span class='ocrx_word' id='word_1_49' title='bbox 302 396 404 430; x_wconf 75' lang='grc' dir='ltr'>φωνὴν,</span> <span class='ocrx_word' id='word_1_50' title='bbox 426 395 493 422; x_wconf 76' lang='grc' dir='ltr'>οὒτε</span> <span class='ocrx_word' id='word_1_51' title='bbox 508 396 558 431; x_wconf 82' lang='grc' dir='ltr'>τὴν</span> <span class='ocrx_word' id='word_1_52' title='bbox 585 396 738 431; x_wconf 82' lang='grc' dir='ltr'>παροῦσαν,</span> <span class='ocrx_word' id='word_1_53' title='bbox 770 395 838 422; x_wconf 75' lang='grc' dir='ltr'>ἀλλὰ</span> 
     </span>
    </p>
   </div>
   <div class='ocr_carea' id='block_1_10' title="bbox 36 439 839 477">
    <p class='ocr_par' dir='ltr' id='par_1_10' title="bbox 36 439 839 477">
     <span class='ocr_line' id='line_1_10' title="bbox 36 439 839 477; baseline 0 -9"><span class='ocrx_word' id='word_1_54' title='bbox 36 442 154 468; x_wconf 77' lang='grc' dir='ltr'>τοιαῦτα</span> <span class='ocrx_word' id='word_1_55' title='bbox 178 439 248 477; x_wconf 80' lang='grc' dir='ltr'>ἦσαν</span> <span class='ocrx_word' id='word_1_56' title='bbox 278 441 312 468; x_wconf 82' lang='grc' dir='ltr'><strong>τὰ</strong></span> <span class='ocrx_word' id='word_1_57' title='bbox 339 441 461 476; x_wconf 80' lang='grc' dir='ltr'>τέσσαρα</span> <span class='ocrx_word' id='word_1_58' title='bbox 489 442 654 476; x_wconf 76' lang='grc' dir='ltr'>Εὑαγγέλια,</span> <span class='ocrx_word' id='word_1_59' title='bbox 679 440 721 469; x_wconf 79' lang='grc' dir='ltr'>οἷα</span> <span class='ocrx_word' id='word_1_60' title='bbox 735 442 782 469; x_wconf 78' lang='grc' dir='ltr'>καὶ</span> <span class='ocrx_word' id='word_1_61' title='bbox 806 442 839 468; x_wconf 81' lang='grc' dir='ltr'><strong>τὰ</strong></span> 
     </span>
    </p>
   </div>
   <div class='ocr_carea' id='block_1_11' title="bbox 38 487 838 524">
    <p class='ocr_par' dir='ltr' id='par_1_11' title="bbox 38 487 838 524">
     <span class='ocr_line' id='line_1_11' title="bbox 38 487 838 524; baseline -0.001 -10"><span class='ocrx_word' id='word_1_62' title='bbox 38 488 109 524; x_wconf 82' lang='grc' dir='ltr'>παρ’</span> <span class='ocrx_word' id='word_1_63' title='bbox 137 489 204 523; x_wconf 86' lang='grc' dir='ltr'>ἡμῖν</span> <span class='ocrx_word' id='word_1_64' title='bbox 234 488 453 522; x_wconf 81' lang='grc' dir='ltr'>ἀπαραποιήτως</span> <span class='ocrx_word' id='word_1_65' title='bbox 478 487 585 523; x_wconf 77' lang='grc' dir='ltr'>ἔχοντα,</span> <span class='ocrx_word' id='word_1_66' title='bbox 612 489 659 515; x_wconf 78' lang='grc' dir='ltr'>καὶ</span> <span class='ocrx_word' id='word_1_67' title='bbox 688 487 838 523; x_wconf 83' lang='grc' dir='ltr'>ἀνήγγειλα</span> 
     </span>
    </p>
   </div>
   <div class='ocr_carea' id='block_1_12' title="bbox 37 532 839 569">
    <p class='ocr_par' dir='ltr' id='par_1_12' title="bbox 37 532 839 569">
     <span class='ocr_line' id='line_1_12' title="bbox 37 532 839 569; baseline 0 -9"><span class='ocrx_word' id='word_1_68' title='bbox 37 535 129 569; x_wconf 73' lang='grc' dir='ltr'>τούτῳ</span> <span class='ocrx_word' id='word_1_69' title='bbox 153 535 218 569; x_wconf 80' lang='grc' dir='ltr'>περὶ</span> <span class='ocrx_word' id='word_1_70' title='bbox 230 534 336 561; x_wconf 84' lang='grc' dir='ltr'>τούτου.</span> <span class='ocrx_word' id='word_1_71' title='bbox 358 532 387 561; x_wconf 86' lang='grc'><strong>’0</strong></span> <span class='ocrx_word' id='word_1_72' title='bbox 408 535 437 561; x_wconf 81' lang='grc' dir='ltr'>δὲ</span> <span class='ocrx_word' id='word_1_73' title='bbox 453 535 656 569; x_wconf 75' lang='grc' dir='ltr'><strong>σκυθρωπάσας</strong></span> <span class='ocrx_word' id='word_1_74' title='bbox 684 535 730 562; x_wconf 81' lang='grc' dir='ltr'>καὶ</span> <span class='ocrx_word' id='word_1_75' title='bbox 755 534 839 561; x_wconf 84' lang='grc' dir='ltr'>δεινο-</span> 
     </span>
    </p>
   </div>
   <div class='ocr_carea' id='block_1_13' title="bbox 40 580 836 616">
    <p class='ocr_par' dir='ltr' id='par_1_13' title="bbox 40 580 836 616">
     <span class='ocr_line' id='line_1_13' title="bbox 40 580 836 616; baseline 0.001 -10"><span class='ocrx_word' id='word_1_76' title='bbox 40 581 170 615; x_wconf 76' lang='grc' dir='ltr'>παθήσας</span> <span class='ocrx_word' id='word_1_77' title='bbox 185 580 222 612; x_wconf 86' lang='grc' dir='ltr'><strong>ὡς</strong></span> <span class='ocrx_word' id='word_1_78' title='bbox 236 580 418 616; x_wconf 75' lang='grc' dir='ltr'>ἐληλεγμένος</span> <span class='ocrx_word' id='word_1_79' title='bbox 432 580 594 615; x_wconf 74' lang='grc' dir='ltr'>ὡμολόγησε</span> <span class='ocrx_word' id='word_1_80' title='bbox 614 581 681 616; x_wconf 85' lang='grc' dir='ltr'>μηδέ</span> <span class='ocrx_word' id='word_1_81' title='bbox 693 589 759 607; x_wconf 82' lang='grc' dir='ltr'>ποτε</span> <span class='ocrx_word' id='word_1_82' title='bbox 776 580 836 616; x_wconf 88' lang='grc' dir='ltr'>μηδ’</span> 
     </span>
    </p>
   </div>
   <div class='ocr_carea' id='block_1_14' title="bbox 35 625 838 661">
    <p class='ocr_par' dir='ltr' id='par_1_14' title="bbox 35 625 838 661">
     <span class='ocr_line' id='line_1_14' title="bbox 35 625 838 661; baseline -0.002 -8"><span class='ocrx_word' id='word_1_83' title='bbox 35 627 122 657; x_wconf 67' lang='grc' dir='ltr'>αὐτὸς</span> <span class='ocrx_word' id='word_1_84' title='bbox 135 626 343 661; x_wconf 71' lang='grc' dir='ltr'><strong>ἐντετυχηκέναι</strong></span> <span class='ocrx_word' id='word_1_85' title='bbox 363 627 422 656; x_wconf 82' lang='grc' dir='ltr'>ταῖς</span> <span class='ocrx_word' id='word_1_86' title='bbox 439 625 486 651; x_wconf 78' lang='grc' dir='ltr'><strong>δύο</strong></span> <span class='ocrx_word' id='word_1_87' title='bbox 502 625 614 656; x_wconf 86' lang='grc' dir='ltr'>ταύταις</span> <span class='ocrx_word' id='word_1_88' title='bbox 640 626 753 659; x_wconf 80' lang='grc' dir='ltr'>φωναῖς,</span> <span class='ocrx_word' id='word_1_89' title='bbox 777 625 838 651; x_wconf 82' lang='grc' dir='ltr'>καί-</span> 
     </span>
    </p>
   </div>
   <div class='ocr_carea' id='block_1_15' title="bbox 27 663 836 711">
    <p class='ocr_par' dir='ltr' id='par_1_15' title="bbox 27 663 836 711">
     <span class='ocr_line' id='line_1_15' title="bbox 27 663 836 711; baseline -0.001 -12"><span class='ocrx_word' id='word_1_90' title='bbox 27 663 79 711; x_wconf 42' lang='grc' dir='ltr'>ξτοι</span> <span class='ocrx_word' id='word_1_91' title='bbox 96 672 230 703; x_wconf 75' lang='grc' dir='ltr'><strong>πολλάκις</strong></span> <span class='ocrx_word' id='word_1_92' title='bbox 250 671 449 705; x_wconf 83' lang='grc' dir='ltr'>ἀναγινώσκων</span> <span class='ocrx_word' id='word_1_93' title='bbox 468 672 498 698; x_wconf 78' lang='grc' dir='ltr'>τὸ</span> <span class='ocrx_word' id='word_1_94' title='bbox 513 671 692 705; x_wconf 76' lang='grc' dir='ltr'>Εὑαγγέλιον.</span> <span class='ocrx_word' id='word_1_95' title='bbox 719 672 783 698; x_wconf 87' lang='grc' dir='ltr'>Ὅτε</span> <span class='ocrx_word' id='word_1_96' title='bbox 797 672 836 703; x_wconf 83' lang='grc' dir='ltr'>δὲ,</span> 
     </span>
    </p>
   </div>
   <div class='ocr_carea' id='block_1_16' title="bbox 25 713 838 753">
    <p class='ocr_par' dir='ltr' id='par_1_16' title="bbox 25 713 838 753">
     <span class='ocr_line' id='line_1_16' title="bbox 25 713 838 753; baseline -0.001 -9"><span class='ocrx_word' id='word_1_97' title='bbox 25 713 107 753; x_wconf 67' lang='grc' dir='ltr'>’φησὶ</span> <span class='ocrx_word' id='word_1_98' title='bbox 118 738 126 750; x_wconf 91' lang='lat'><strong>,</strong></span> <span class='ocrx_word' id='word_1_99' title='bbox 144 718 193 752; x_wconf 81' lang='grc' dir='ltr'>τὴν</span> <span class='ocrx_word' id='word_1_100' title='bbox 217 718 357 753; x_wconf 81' lang='grc' dir='ltr'>παροῦσαν</span> <span class='ocrx_word' id='word_1_101' title='bbox 374 718 463 753; x_wconf 78' lang='grc' dir='ltr'>βίϐλον</span> <span class='ocrx_word' id='word_1_102' title='bbox 475 717 527 743; x_wconf 83' lang='grc' dir='ltr'><strong>τῶν</strong></span> <span class='ocrx_word' id='word_1_103' title='bbox 544 718 719 752; x_wconf 70' lang='grc' dir='ltr'>Εὑαγγελὶων</span> <span class='ocrx_word' id='word_1_104' title='bbox 737 718 838 752; x_wconf 76' lang='grc' dir='ltr'>ἐξωνη-</span> 
     </span>
    </p>
   </div>
   <div class='ocr_carea' id='block_1_17' title="bbox 34 763 835 800">
    <p class='ocr_par' dir='ltr' id='par_1_17' title="bbox 34 763 835 800">
     <span class='ocr_line' id='line_1_17' title="bbox 34 763 835 800; baseline 0 -10"><span class='ocrx_word' id='word_1_105' title='bbox 34 766 145 800; x_wconf 76' lang='grc' dir='ltr'>σάμην,</span> <span class='ocrx_word' id='word_1_106' title='bbox 163 764 310 799; x_wconf 83' lang='grc' dir='ltr'><strong>ἀπήντησα</strong></span> <span class='ocrx_word' id='word_1_107' title='bbox 329 764 440 798; x_wconf 82' lang='grc' dir='ltr'><strong>γέροντι</strong></span> <span class='ocrx_word' id='word_1_108' title='bbox 461 763 531 790; x_wconf 84' lang='grc' dir='ltr'>κατά</span> <span class='ocrx_word' id='word_1_109' title='bbox 545 772 606 790; x_wconf 74' lang='grc' dir='ltr'>τινα</span> <span class='ocrx_word' id='word_1_110' title='bbox 626 765 707 790; x_wconf 82' lang='grc' dir='ltr'>τόπον</span> <span class='ocrx_word' id='word_1_111' title='bbox 722 764 835 798; x_wconf 82' lang='grc' dir='ltr'>ἔρημον,</span> 
     </span>
    </p>
   </div>
   <div class='ocr_carea' id='block_1_18' title="bbox 33 808 837 844">
    <p class='ocr_par' dir='ltr' id='par_1_18' title="bbox 33 808 837 844">
     <span class='ocr_line' id='line_1_18' title="bbox 33 808 837 844; baseline -0.001 -7"><span class='ocrx_word' id='word_1_112' title='bbox 33 812 87 837; x_wconf 78' lang='grc' dir='ltr'>καὶ</span> <span class='ocrx_word' id='word_1_113' title='bbox 102 810 219 842; x_wconf 71' lang='grc' dir='ltr'>καλέσας</span> <span class='ocrx_word' id='word_1_114' title='bbox 238 810 292 836; x_wconf 76' lang='grc' dir='ltr'>ἀπὸ</span> <span class='ocrx_word' id='word_1_115' title='bbox 305 809 351 836; x_wconf 76' lang='grc' dir='ltr'>τοῦ</span> <span class='ocrx_word' id='word_1_116' title='bbox 368 811 501 842; x_wconf 75' lang='grc' dir='ltr'>ὀνόματος</span> <span class='ocrx_word' id='word_1_117' title='bbox 519 808 578 836; x_wconf 82' lang='grc' dir='ltr'>εῐπέ</span> <span class='ocrx_word' id='word_1_118' title='bbox 599 819 656 844; x_wconf 87' lang='grc' dir='ltr'>μοι,</span> <span class='ocrx_word' id='word_1_119' title='bbox 673 811 714 836; x_wconf 84' lang='grc' dir='ltr'>ὄτι</span> <span class='ocrx_word' id='word_1_120' title='bbox 740 811 837 843; x_wconf 77' lang='grc' dir='ltr'>Μέγαν</span> 
     </span>
    </p>
   </div>
   <div class='ocr_carea' id='block_1_19' title="bbox 33 855 838 891">
    <p class='ocr_par' dir='ltr' id='par_1_19' title="bbox 33 855 838 891">
     <span class='ocr_line' id='line_1_19' title="bbox 33 855 838 891; baseline 0 -9"><span class='ocrx_word' id='word_1_121' title='bbox 33 857 169 890; x_wconf 71' lang='grc' dir='ltr'>ἐξωνῆσω</span> <span class='ocrx_word' id='word_1_122' title='bbox 182 856 328 891; x_wconf 70' lang='grc' dir='ltr'>θησαυρόν.</span> <span class='ocrx_word' id='word_1_123' title='bbox 347 855 455 888; x_wconf 79' lang='grc' dir='ltr'><strong>Ταύτην</strong></span> <span class='ocrx_word' id='word_1_124' title='bbox 479 858 533 890; x_wconf 84' lang='grc' dir='ltr'>γὰρ</span> <span class='ocrx_word' id='word_1_125' title='bbox 552 857 636 891; x_wconf 87' lang='grc' dir='ltr'>μόνην</span> <span class='ocrx_word' id='word_1_126' title='bbox 666 858 716 891; x_wconf 84' lang='grc' dir='ltr'>τήν</span> <span class='ocrx_word' id='word_1_127' title='bbox 746 855 838 891; x_wconf 74' lang='grc' dir='ltr'>βίϐλον</span> 
     </span>
    </p>
   </div>
   <div class='ocr_carea' id='block_1_20' title="bbox 894 256 1691 291">
    <p class='ocr_par' dir='ltr' id='par_1_20' title="bbox 894 256 1691 291">
     <span class='ocr_line' id='line_1_20' title="bbox 894 256 1691 291; baseline 0.003 -8"><span class='ocrx_word' id='word_1_128' title='bbox 894 256 949 290; x_wconf 76' lang='lat' dir='ltr'><strong>Ego</strong></span> <span class='ocrx_word' id='word_1_129' title='bbox 965 263 1028 283; x_wconf 87' lang='lat' dir='ltr'><strong>vero</strong></span> <span class='ocrx_word' id='word_1_130' title='bbox 1044 264 1104 284; x_wconf 92' lang='lat' dir='ltr'><strong>cum</strong></span> <span class='ocrx_word' id='word_1_131' title='bbox 1123 256 1332 291; x_wconf 76' lang='lat' dir='ltr'><strong>Evangeliorum</strong></span> <span class='ocrx_word' id='word_1_132' title='bbox 1347 256 1446 283; x_wconf 89' lang='lat' dir='ltr'><strong>librum</strong></span> <span class='ocrx_word' id='word_1_133' title='bbox 1473 257 1553 284; x_wconf 85' lang='lat' dir='ltr'><strong>istius</strong></span> <span class='ocrx_word' id='word_1_134' title='bbox 1573 257 1691 286; x_wconf 88' lang='lat' dir='ltr'><strong>doctoris</strong></span> 
     </span>
    </p>
   </div>
   <div class='ocr_carea' id='block_1_21' title="bbox 894 301 1692 337">
    <p class='ocr_par' dir='ltr' id='par_1_21' title="bbox 894 301 1692 337">
     <span class='ocr_line' id='line_1_21' title="bbox 894 301 1692 337; baseline 0.003 -9"><span class='ocrx_word' id='word_1_135' title='bbox 894 302 921 328; x_wconf 91' lang='lat' dir='ltr'><strong>in</strong></span> <span class='ocrx_word' id='word_1_136' title='bbox 937 308 1034 328; x_wconf 88' lang='lat' dir='ltr'><strong>manus</strong></span> <span class='ocrx_word' id='word_1_137' title='bbox 1050 301 1193 335; x_wconf 80' lang='lat' dir='ltr'><strong>cepissem,</strong></span> <span class='ocrx_word' id='word_1_138' title='bbox 1209 306 1236 328; x_wconf 92' lang='lat' dir='ltr'><strong>et</strong></span> <span class='ocrx_word' id='word_1_139' title='bbox 1251 301 1393 336; x_wconf 77' lang='lat' dir='ltr'><strong>diligenter</strong></span> <span class='ocrx_word' id='word_1_140' title='bbox 1409 301 1584 336; x_wconf 86' lang='lat' dir='ltr'><strong>evolvissem,</strong></span> <span class='ocrx_word' id='word_1_141' title='bbox 1604 310 1692 337; x_wconf 90' lang='lat' dir='ltr'><strong>neque</strong></span> 
     </span>
    </p>
   </div>
   <div class='ocr_carea' id='block_1_22' title="bbox 892 347 1689 383">
    <p class='ocr_par' dir='ltr' id='par_1_22' title="bbox 892 347 1689 383">
     <span class='ocr_line' id='line_1_22' title="bbox 892 347 1689 383; baseline 0.005 -11"><span class='ocrx_word' id='word_1_142' title='bbox 892 354 986 374; x_wconf 76' lang='lat' dir='ltr'><strong>vocem</strong></span> <span class='ocrx_word' id='word_1_143' title='bbox 1005 348 1185 381; x_wconf 83' lang='lat' dir='ltr'><strong>superiorem,</strong></span> <span class='ocrx_word' id='word_1_144' title='bbox 1202 355 1290 383; x_wconf 86' lang='lat' dir='ltr'><strong>neque</strong></span> <span class='ocrx_word' id='word_1_145' title='bbox 1320 348 1389 374; x_wconf 93' lang='lat' dir='ltr'><strong>hanc</strong></span> <span class='ocrx_word' id='word_1_146' title='bbox 1417 348 1516 383; x_wconf 84' lang='lat' dir='ltr'><strong>reperi.</strong></span> <span class='ocrx_word' id='word_1_147' title='bbox 1541 347 1592 375; x_wconf 87' lang='lat' dir='ltr'><strong>Sed</strong></span> <span class='ocrx_word' id='word_1_148' title='bbox 1626 349 1689 376; x_wconf 86' lang='lat' dir='ltr'><strong>talia</strong></span> 
     </span>
    </p>
   </div>
   <div class='ocr_carea' id='block_1_23' title="bbox 891 393 1689 430">
    <p class='ocr_par' dir='ltr' id='par_1_23' title="bbox 891 393 1689 430">
     <span class='ocr_line' id='line_1_23' title="bbox 891 393 1689 430; baseline 0.004 -11"><span class='ocrx_word' id='word_1_149' title='bbox 891 397 974 420; x_wconf 86' lang='lat' dir='ltr'><strong>erant</strong></span> <span class='ocrx_word' id='word_1_150' title='bbox 1009 398 1126 428; x_wconf 78' lang='lat' dir='ltr'><strong>quatuor</strong></span> <span class='ocrx_word' id='word_1_151' title='bbox 1148 393 1304 429; x_wconf 81' lang='lat' dir='ltr'><strong>Evangelia,</strong></span> <span class='ocrx_word' id='word_1_152' title='bbox 1332 394 1423 429; x_wconf 85' lang='lat' dir='ltr'><strong>qualia</strong></span> <span class='ocrx_word' id='word_1_153' title='bbox 1450 400 1513 422; x_wconf 86' lang='lat' dir='ltr'><strong>sunt</strong></span> <span class='ocrx_word' id='word_1_154' title='bbox 1545 394 1613 430; x_wconf 84' lang='lat' dir='ltr'><strong>apud</strong></span> <span class='ocrx_word' id='word_1_155' title='bbox 1629 403 1689 427; x_wconf 89' lang='lat' dir='ltr'><strong>nos,</strong></span> 
     </span>
    </p>
   </div>
   <div class='ocr_carea' id='block_1_24' title="bbox 892 440 1689 476">
    <p class='ocr_par' dir='ltr' id='par_1_24' title="bbox 892 440 1689 476">
     <span class='ocr_line' id='line_1_24' title="bbox 892 440 1689 476; baseline 0.003 -10"><span class='ocrx_word' id='word_1_156' title='bbox 892 447 982 475; x_wconf 86' lang='lat' dir='ltr'><strong>neque</strong></span> <span class='ocrx_word' id='word_1_157' title='bbox 1006 440 1059 467; x_wconf 91' lang='lat' dir='ltr'><strong>ulla</strong></span> <span class='ocrx_word' id='word_1_158' title='bbox 1075 447 1103 467; x_wconf 92' lang='lat' dir='ltr'><strong>re</strong></span> <span class='ocrx_word' id='word_1_159' title='bbox 1121 441 1321 475; x_wconf 89' lang='lat' dir='ltr'><strong>discrepabant.</strong></span> <span class='ocrx_word' id='word_1_160' title='bbox 1351 441 1428 474; x_wconf 88' lang='lat' dir='ltr'><strong>Quod</strong></span> <span class='ocrx_word' id='word_1_161' title='bbox 1450 449 1510 468; x_wconf 91' lang='lat' dir='ltr'><strong>cum</strong></span> <span class='ocrx_word' id='word_1_162' title='bbox 1540 442 1573 468; x_wconf 88' lang='lat' dir='ltr'><strong>ad</strong></span> <span class='ocrx_word' id='word_1_163' title='bbox 1602 441 1689 476; x_wconf 90' lang='lat' dir='ltr'><strong>ipsum</strong></span> 
     </span>
    </p>
   </div>
   <div class='ocr_carea' id='block_1_25' title="bbox 893 485 1692 523">
    <p class='ocr_par' dir='ltr' id='par_1_25' title="bbox 893 485 1692 523">
     <span class='ocr_line' id='line_1_25' title="bbox 893 485 1692 523; baseline 0 -10"><span class='ocrx_word' id='word_1_164' title='bbox 893 485 1062 518; x_wconf 83' lang='lat' dir='ltr'><strong>detulissem,</strong></span> <span class='ocrx_word' id='word_1_165' title='bbox 1085 486 1128 513; x_wconf 90' lang='lat' dir='ltr'><strong>ille</strong></span> <span class='ocrx_word' id='word_1_166' title='bbox 1141 487 1237 519; x_wconf 89' lang='lat' dir='ltr'><strong>tristis,</strong></span> <span class='ocrx_word' id='word_1_167' title='bbox 1269 491 1297 514; x_wconf 90' lang='lat' dir='ltr'><strong>et</strong></span> <span class='ocrx_word' id='word_1_168' title='bbox 1315 494 1371 514; x_wconf 84' lang='lat' dir='ltr'><strong>rem</strong></span> <span class='ocrx_word' id='word_1_169' title='bbox 1383 495 1454 523; x_wconf 61' lang='grc' dir='ltr'>σιεγε</span> <span class='ocrx_word' id='word_1_170' title='bbox 1483 487 1583 520; x_wconf 73' lang='lat' dir='ltr'><strong>ferens,</strong></span> <span class='ocrx_word' id='word_1_171' title='bbox 1598 493 1692 522; x_wconf 80' lang='lat' dir='ltr'><strong>utpote</strong></span> 
     </span>
    </p>
   </div>
   <div class='ocr_carea' id='block_1_26' title="bbox 893 532 1691 567">
    <p class='ocr_par' dir='ltr' id='par_1_26' title="bbox 893 532 1691 567">
     <span class='ocr_line' id='line_1_26' title="bbox 893 532 1691 567; baseline 0.001 -8"><span class='ocrx_word' id='word_1_172' title='bbox 893 532 1086 566; x_wconf 85' lang='lat' dir='ltr'><strong>deprehensus,</strong></span> <span class='ocrx_word' id='word_1_173' title='bbox 1102 533 1242 560; x_wconf 78' lang='lat' dir='ltr'><strong>confessus</strong></span> <span class='ocrx_word' id='word_1_174' title='bbox 1257 537 1308 565; x_wconf 89' lang='lat' dir='ltr'><strong>est,</strong></span> <span class='ocrx_word' id='word_1_175' title='bbox 1330 540 1365 560; x_wconf 89' lang='lat' dir='ltr'><strong>ne</strong></span> <span class='ocrx_word' id='word_1_176' title='bbox 1381 540 1410 560; x_wconf 90' lang='lat' dir='ltr'><strong>se</strong></span> <span class='ocrx_word' id='word_1_177' title='bbox 1425 532 1534 567; x_wconf 79' lang='lat' dir='ltr'><strong>quidem</strong></span> <span class='ocrx_word' id='word_1_178' title='bbox 1561 534 1628 560; x_wconf 79' lang='lat' dir='ltr'><strong>duas</strong></span> <span class='ocrx_word' id='word_1_179' title='bbox 1642 533 1691 560; x_wconf 82' lang='lat' dir='ltr'><strong>has</strong></span> 
     </span>
    </p>
   </div>
   <div class='ocr_carea' id='block_1_27' title="bbox 892 579 1690 614">
    <p class='ocr_par' dir='ltr' id='par_1_27' title="bbox 892 579 1690 614">
     <span class='ocr_line' id='line_1_27' title="bbox 892 579 1690 614; baseline 0 -8"><span class='ocrx_word' id='word_1_180' title='bbox 892 586 983 611; x_wconf 78' lang='lat' dir='ltr'><strong>voces,</strong></span> <span class='ocrx_word' id='word_1_181' title='bbox 1003 586 1063 606; x_wconf 88' lang='lat' dir='ltr'><strong>cum</strong></span> <span class='ocrx_word' id='word_1_182' title='bbox 1080 586 1151 612; x_wconf 80' lang='lat' dir='ltr'><strong>saepe</strong></span> <span class='ocrx_word' id='word_1_183' title='bbox 1176 579 1306 613; x_wconf 80' lang='lat' dir='ltr'><strong>relegeret</strong></span> <span class='ocrx_word' id='word_1_184' title='bbox 1321 579 1506 614; x_wconf 75' lang='lat' dir='ltr'><strong>Evangt-linm,</strong></span> <span class='ocrx_word' id='word_1_185' title='bbox 1536 579 1690 613; x_wconf 85' lang='lat' dir='ltr'><strong>deprehen-</strong></span> 
     </span>
    </p>
   </div>
   <div class='ocr_carea' id='block_1_28' title="bbox 891 624 1688 661">
    <p class='ocr_par' dir='ltr' id='par_1_28' title="bbox 891 624 1688 661">
     <span class='ocr_line' id='line_1_28' title="bbox 891 624 1688 661; baseline 0 -9"><span class='ocrx_word' id='word_1_186' title='bbox 891 624 982 660; x_wconf 56' lang='lat' dir='ltr'><strong>disse}:</strong></span> <span class='ocrx_word' id='word_1_187' title='bbox 1001 625 1053 652; x_wconf 84' lang='lat' dir='ltr'><strong>Sed</strong></span> <span class='ocrx_word' id='word_1_188' title='bbox 1075 634 1135 652; x_wconf 83' lang='lat' dir='ltr'><strong>cum</strong></span> <span class='ocrx_word' id='word_1_189' title='bbox 1153 626 1249 652; x_wconf 73' lang='lat' dir='ltr'><strong>librum</strong></span> <span class='ocrx_word' id='word_1_190' title='bbox 1269 626 1351 657; x_wconf 85' lang='lat' dir='ltr'><strong>hunc,</strong></span> <span class='ocrx_word' id='word_1_191' title='bbox 1365 625 1460 660; x_wconf 83' lang='lat' dir='ltr'><strong>inquit,</strong></span> <span class='ocrx_word' id='word_1_192' title='bbox 1480 625 1688 661; x_wconf 80' lang='lat' dir='ltr'><strong>Evangeliorunl</strong></span> 
     </span>
    </p>
   </div>
   <div class='ocr_carea' id='block_1_29' title="bbox 891 672 1690 706">
    <p class='ocr_par' dir='ltr' id='par_1_29' title="bbox 891 672 1690 706">
     <span class='ocr_line' id='line_1_29' title="bbox 891 672 1690 706; baseline 0.001 -9"><span class='ocrx_word' id='word_1_193' title='bbox 891 672 954 704; x_wconf 90' lang='lat' dir='ltr'><strong>emi,</strong></span> <span class='ocrx_word' id='word_1_194' title='bbox 975 672 1000 698; x_wconf 93' lang='lat' dir='ltr'><strong>in</strong></span> <span class='ocrx_word' id='word_1_195' title='bbox 1025 673 1142 706; x_wconf 87' lang='lat' dir='ltr'><strong>quadam</strong></span> <span class='ocrx_word' id='word_1_196' title='bbox 1159 672 1305 699; x_wconf 86' lang='lat' dir='ltr'><strong>solitudine</strong></span> <span class='ocrx_word' id='word_1_197' title='bbox 1322 679 1415 699; x_wconf 75' lang='lat' dir='ltr'><strong>Senem</strong></span> <span class='ocrx_word' id='word_1_198' title='bbox 1436 672 1549 704; x_wconf 83' lang='lat' dir='ltr'><strong>oﬂ&#39;endi,</strong></span> <span class='ocrx_word' id='word_1_199' title='bbox 1582 672 1626 706; x_wconf 89' lang='lat' dir='ltr'><strong>qui</strong></span> <span class='ocrx_word' id='word_1_200' title='bbox 1645 680 1690 699; x_wconf 85' lang='lat' dir='ltr'><strong>me</strong></span> 
     </span>
    </p>
   </div>
   <div class='ocr_carea' id='block_1_30' title="bbox 892 717 1688 752">
    <p class='ocr_par' dir='ltr' id='par_1_30' title="bbox 892 717 1688 752">
     <span class='ocr_line' id='line_1_30' title="bbox 892 717 1688 752; baseline 0.001 -9"><span class='ocrx_word' id='word_1_201' title='bbox 892 717 1004 744; x_wconf 85' lang='lat' dir='ltr'><strong>nomine</strong></span> <span class='ocrx_word' id='word_1_202' title='bbox 1022 717 1199 752; x_wconf 86' lang='lat' dir='ltr'><strong>compellans,</strong></span> <span class='ocrx_word' id='word_1_203' title='bbox 1216 718 1266 750; x_wconf 88' lang='lat' dir='ltr'><strong>ait,</strong></span> <span class='ocrx_word' id='word_1_204' title='bbox 1296 724 1337 744; x_wconf 89' lang='lat' dir='ltr'><strong>me</strong></span> <span class='ocrx_word' id='word_1_205' title='bbox 1366 717 1523 744; x_wconf 81' lang='lat' dir='ltr'><strong>thesaurum</strong></span> <span class='ocrx_word' id='word_1_206' title='bbox 1559 724 1688 752; x_wconf 80' lang='lat' dir='ltr'><strong>magnum</strong></span> 
     </span>
    </p>
   </div>
   <div class='ocr_carea' id='block_1_31' title="bbox 891 765 1689 800">
    <p class='ocr_par' dir='ltr' id='par_1_31' title="bbox 891 765 1689 800">
     <span class='ocr_line' id='line_1_31' title="bbox 891 765 1689 800; baseline -0.001 -8"><span class='ocrx_word' id='word_1_207' title='bbox 891 765 1002 798; x_wconf 83' lang='lat' dir='ltr'><strong>emisse,</strong></span> <span class='ocrx_word' id='word_1_208' title='bbox 1019 765 1091 791; x_wconf 89' lang='lat' dir='ltr'><strong>illum</strong></span> <span class='ocrx_word' id='word_1_209' title='bbox 1108 765 1179 792; x_wconf 86' lang='lat' dir='ltr'><strong>enim</strong></span> <span class='ocrx_word' id='word_1_210' title='bbox 1206 765 1304 792; x_wconf 88' lang='lat' dir='ltr'><strong>librum</strong></span> <span class='ocrx_word' id='word_1_211' title='bbox 1323 765 1411 793; x_wconf 90' lang='lat' dir='ltr'><strong>solum</strong></span> <span class='ocrx_word' id='word_1_212' title='bbox 1425 765 1538 793; x_wconf 87' lang='lat' dir='ltr'><strong>Joannis</strong></span> <span class='ocrx_word' id='word_1_213' title='bbox 1568 765 1689 800; x_wconf 86' lang='lat' dir='ltr'><strong>Phryso—</strong></span> 
     </span>
    </p>
   </div>
   <div class='ocr_carea' id='block_1_32' title="bbox 892 811 1689 846">
    <p class='ocr_par' dir='ltr' id='par_1_32' title="bbox 892 811 1689 846">
     <span class='ocr_line' id='line_1_32' title="bbox 892 811 1689 846; baseline 0.001 -9"><span class='ocrx_word' id='word_1_214' title='bbox 892 811 984 843; x_wconf 85' lang='lat' dir='ltr'><strong>stomi,</strong></span> <span class='ocrx_word' id='word_1_215' title='bbox 1001 811 1040 838; x_wconf 88' lang='lat' dir='ltr'><strong>sic</strong></span> <span class='ocrx_word' id='word_1_216' title='bbox 1058 811 1130 838; x_wconf 83' lang='lat' dir='ltr'><strong>enim</strong></span> <span class='ocrx_word' id='word_1_217' title='bbox 1151 819 1263 838; x_wconf 87' lang='lat' dir='ltr'><strong>aureum</strong></span> <span class='ocrx_word' id='word_1_218' title='bbox 1288 812 1351 838; x_wconf 90' lang='lat' dir='ltr'><strong>illud</strong></span> <span class='ocrx_word' id='word_1_219' title='bbox 1364 820 1395 839; x_wconf 88' lang='lat' dir='ltr'><strong>os</strong></span> <span class='ocrx_word' id='word_1_220' title='bbox 1419 812 1607 846; x_wconf 71' lang='lat' dir='ltr'><strong>impurissima:</strong></span> <span class='ocrx_word' id='word_1_221' title='bbox 1622 812 1689 839; x_wconf 92' lang='lat' dir='ltr'><strong>isto-</strong></span> 
     </span>
    </p>
   </div>
   <div class='ocr_carea' id='block_1_33' title="bbox 892 857 1689 893">
    <p class='ocr_par' dir='ltr' id='par_1_33' title="bbox 892 857 1689 893">
     <span class='ocr_line' id='line_1_33' title="bbox 892 857 1689 893; baseline 0.001 -10"><span class='ocrx_word' id='word_1_222' title='bbox 892 864 951 883; x_wconf 90' lang='lat' dir='ltr'><strong>rum</strong></span> <span class='ocrx_word' id='word_1_223' title='bbox 966 857 1063 892; x_wconf 79' lang='lat' dir='ltr'><strong>linguze</strong></span> <span class='ocrx_word' id='word_1_224' title='bbox 1077 857 1224 893; x_wconf 86' lang='lat' dir='ltr'><strong>appellant,</strong></span> <span class='ocrx_word' id='word_1_225' title='bbox 1242 866 1337 885; x_wconf 88' lang='lat' dir='ltr'><strong>manus</strong></span> <span class='ocrx_word' id='word_1_226' title='bbox 1362 857 1500 893; x_wconf 68' lang='lat' dir='ltr'><strong>effugisse,</strong></span> <span class='ocrx_word' id='word_1_227' title='bbox 1517 863 1544 884; x_wconf 84' lang='lat' dir='ltr'><strong>et</strong></span> <span class='ocrx_word' id='word_1_228' title='bbox 1555 858 1624 886; x_wconf 87' lang='lat' dir='ltr'><strong>duas</strong></span> <span class='ocrx_word' id='word_1_229' title='bbox 1640 865 1689 884; x_wconf 92' lang='lat' dir='ltr'><strong>vo-</strong></span> 
     </span>
    </p>
   </div>
   <div class='ocr_carea' id='block_1_34' title="bbox 30 897 969 940">
    <p class='ocr_par' dir='ltr' id='par_1_34' title="bbox 30 897 969 937">
     <span class='ocr_line' id='line_1_34' title="bbox 30 897 969 937; baseline 0 -9"><span class='ocrx_word' id='word_1_230' title='bbox 30 902 223 936; x_wconf 60' lang='grc' dir='ltr'>διοιψυγοῦσαν</span> <span class='ocrx_word' id='word_1_231' title='bbox 240 902 289 932; x_wconf 76' lang='grc' dir='ltr'><strong>τὰς</strong></span> <span class='ocrx_word' id='word_1_232' title='bbox 304 903 397 936; x_wconf 76' lang='grc' dir='ltr'>χεῖρας</span> <span class='ocrx_word' id='word_1_233' title='bbox 418 902 544 928; x_wconf 67' lang='grc' dir='ltr'>Ἰωάννου</span> <span class='ocrx_word' id='word_1_234' title='bbox 560 902 606 928; x_wconf 82' lang='grc' dir='ltr'>τοῦ</span> <span class='ocrx_word' id='word_1_235' title='bbox 622 903 812 937; x_wconf 83' lang='grc' dir='ltr'>Φρυσοστόμου</span> <span class='ocrx_word' id='word_1_236' title='bbox 826 910 833 916; x_wconf 90' lang='grc'><strong>·</strong></span> <span class='ocrx_word' id='word_1_237' title='bbox 850 897 873 927; x_wconf 80' lang='grc' dir='ltr'><strong>Β</strong></span> <span class='ocrx_word' id='word_1_238' title='bbox 887 910 931 930; x_wconf 86' lang='lat' dir='ltr'><strong>ces</strong></span> <span class='ocrx_word' id='word_1_239' title='bbox 941 910 969 929; x_wconf 65' lang='lat' dir='ltr'><strong>ex</strong></span> 
     </span>
    </p>
   </div>
   <div class='ocr_carea' id='block_1_35' title="bbox 919 897 1689 940">
    <p class='ocr_par' dir='ltr' id='par_1_35' title="bbox 919 903 1689 940">
     <span class='ocr_line' id='line_1_35' title="bbox 919 903 1689 940; baseline 0.004 -11"><span class='ocrx_word' id='word_1_240' title='bbox 919 910 931 929; x_wconf 88' lang='lat' dir='ltr'><strong>s</strong></span> <span class='ocrx_word' id='word_1_241' title='bbox 941 910 973 929; x_wconf 85' lang='lat' dir='ltr'><strong>ex</strong></span> <span class='ocrx_word' id='word_1_242' title='bbox 984 903 1044 930; x_wconf 86' lang='lat' dir='ltr'><strong>aliis</strong></span> <span class='ocrx_word' id='word_1_243' title='bbox 1058 903 1212 937; x_wconf 81' lang='lat' dir='ltr'><strong>Evangeliis</strong></span> <span class='ocrx_word' id='word_1_244' title='bbox 1222 904 1346 931; x_wconf 69' lang='lat' dir='ltr'><strong>exclusos</strong></span> <span class='ocrx_word' id='word_1_245' title='bbox 1357 912 1429 932; x_wconf 87' lang='lat' dir='ltr'><strong>esse.</strong></span> <span class='ocrx_word' id='word_1_246' title='bbox 1443 904 1526 939; x_wconf 85' lang='lat' dir='ltr'><strong>Cujus</strong></span> <span class='ocrx_word' id='word_1_247' title='bbox 1538 911 1587 940; x_wconf 80' lang='lat' dir='ltr'><strong>ego</strong></span> <span class='ocrx_word' id='word_1_248' title='bbox 1599 905 1689 932; x_wconf 85' lang='lat' dir='ltr'><strong>verbis</strong></span> 
     </span>
    </p>
   </div>
   <div class='ocr_carea' id='block_1_36' title="bbox 31 947 835 983">
    <p class='ocr_par' dir='ltr' id='par_1_36' title="bbox 31 947 835 983">
     <span class='ocr_line' id='line_1_36' title="bbox 31 947 835 983; baseline 0.002 -10"><span class='ocrx_word' id='word_1_249' title='bbox 31 948 83 974; x_wconf 79' lang='grc' dir='ltr'>τὸν</span> <span class='ocrx_word' id='word_1_250' title='bbox 113 948 168 982; x_wconf 74' lang='grc' dir='ltr'>γὰρ</span> <span class='ocrx_word' id='word_1_251' title='bbox 198 948 391 982; x_wconf 69' lang='grc' dir='ltr'>Χρυσόστομον</span> <span class='ocrx_word' id='word_1_252' title='bbox 418 947 504 978; x_wconf 78' lang='grc' dir='ltr'>οὕτως</span> <span class='ocrx_word' id='word_1_253' title='bbox 539 948 563 974; x_wconf 75' lang='grc' dir='ltr'>οἱ</span> <span class='ocrx_word' id='word_1_254' title='bbox 595 947 835 983; x_wconf 80' lang='grc' dir='ltr'>ἀκαθαρτόστομοι</span> 
     </span>
    </p>
   </div>
   <div class='ocr_carea' id='block_1_37' title="bbox 33 993 836 1029">
    <p class='ocr_par' dir='ltr' id='par_1_37' title="bbox 33 993 836 1029">
     <span class='ocr_line' id='line_1_37' title="bbox 33 993 836 1029; baseline 0 -9"><span class='ocrx_word' id='word_1_255' title='bbox 33 993 264 1028; x_wconf 65' lang='grc' dir='ltr'>προσωνόμαζον·</span> <span class='ocrx_word' id='word_1_256' title='bbox 279 993 352 1028; x_wconf 79' lang='grc' dir='ltr'>ἔχειν</span> <span class='ocrx_word' id='word_1_257' title='bbox 369 994 600 1028; x_wconf 72' lang='grc' dir='ltr'><strong>ἐγγεγραμμένας</strong></span> <span class='ocrx_word' id='word_1_258' title='bbox 619 994 669 1025; x_wconf 78' lang='grc' dir='ltr'>τὰς</span> <span class='ocrx_word' id='word_1_259' title='bbox 685 995 836 1029; x_wconf 78' lang='grc' dir='ltr'>εἰρημένας</span> 
     </span>
    </p>
   </div>
   <div class='ocr_carea' id='block_1_38' title="bbox 30 1040 837 1075">
    <p class='ocr_par' dir='ltr' id='par_1_38' title="bbox 30 1040 837 1075">
     <span class='ocr_line' id='line_1_38' title="bbox 30 1040 837 1075; baseline 0.001 -9"><span class='ocrx_word' id='word_1_260' title='bbox 30 1040 85 1066; x_wconf 69' lang='grc' dir='ltr'><strong>δύο</strong></span> <span class='ocrx_word' id='word_1_261' title='bbox 101 1041 205 1073; x_wconf 65' lang='grc' dir='ltr'>φωνὰς,</span> <span class='ocrx_word' id='word_1_262' title='bbox 229 1040 410 1074; x_wconf 75' lang='grc' dir='ltr'>έκῦληθεὶσας</span> <span class='ocrx_word' id='word_1_263' title='bbox 435 1040 490 1066; x_wconf 76' lang='grc' dir='ltr'>ἀπὸ</span> <span class='ocrx_word' id='word_1_264' title='bbox 515 1040 569 1067; x_wconf 85' lang='grc' dir='ltr'><strong>τῶν</strong></span> <span class='ocrx_word' id='word_1_265' title='bbox 596 1040 683 1067; x_wconf 84' lang='grc' dir='ltr'>ἄλλων</span> <span class='ocrx_word' id='word_1_266' title='bbox 714 1041 837 1075; x_wconf 75' lang='grc' dir='ltr'>Εὐαγγέ-</span> 
     </span>
    </p>
   </div>
   <div class='ocr_carea' id='block_1_39' title="bbox 31 1085 835 1121">
    <p class='ocr_par' dir='ltr' id='par_1_39' title="bbox 31 1085 835 1121">
     <span class='ocr_line' id='line_1_39' title="bbox 31 1085 835 1121; baseline 0.002 -10"><span class='ocrx_word' id='word_1_267' title='bbox 31 1086 114 1111; x_wconf 82' lang='grc' dir='ltr'>λὶων.</span> <span class='ocrx_word' id='word_1_268' title='bbox 131 1085 282 1117; x_wconf 81' lang='grc' dir='ltr'>Πιστεύσας</span> <span class='ocrx_word' id='word_1_269' title='bbox 295 1087 322 1112; x_wconf 84' lang='grc' dir='ltr'>δὲ</span> <span class='ocrx_word' id='word_1_270' title='bbox 340 1087 395 1117; x_wconf 77' lang='grc' dir='ltr'>τοῖς</span> <span class='ocrx_word' id='word_1_271' title='bbox 409 1085 514 1112; x_wconf 75' lang='grc' dir='ltr'>ἐκείνου</span> <span class='ocrx_word' id='word_1_272' title='bbox 523 1085 611 1119; x_wconf 82' lang='grc' dir='ltr'>λόγοις</span> <span class='ocrx_word' id='word_1_273' title='bbox 625 1086 689 1120; x_wconf 74' lang='grc' dir='ltr'>ἐγὼ,</span> <span class='ocrx_word' id='word_1_274' title='bbox 706 1085 835 1121; x_wconf 81' lang='grc' dir='ltr'><strong>κηρύττω</strong></span> 
     </span>
    </p>
   </div>
   <div class='ocr_carea' id='block_1_40' title="bbox 31 1130 835 1165">
    <p class='ocr_par' dir='ltr' id='par_1_40' title="bbox 31 1130 835 1165">
     <span class='ocr_line' id='line_1_40' title="bbox 31 1130 835 1165; baseline 0 -9"><span class='ocrx_word' id='word_1_275' title='bbox 31 1130 86 1157; x_wconf 73' lang='grc' dir='ltr'>καὶ</span> <span class='ocrx_word' id='word_1_276' title='bbox 100 1130 214 1163; x_wconf 86' lang='grc' dir='ltr'>ταύτας,</span> <span class='ocrx_word' id='word_1_277' title='bbox 227 1130 264 1161; x_wconf 78' lang='grc' dir='ltr'>ὡς</span> <span class='ocrx_word' id='word_1_278' title='bbox 279 1131 312 1165; x_wconf 84' lang='grc' dir='ltr'>τῇ</span> <span class='ocrx_word' id='word_1_279' title='bbox 329 1131 381 1165; x_wconf 74' lang='grc' dir='ltr'><strong>ἐμῇ</strong></span> <span class='ocrx_word' id='word_1_280' title='bbox 407 1130 491 1165; x_wconf 80' lang='grc' dir='ltr'><strong>βίῦλῳ</strong></span> <span class='ocrx_word' id='word_1_281' title='bbox 510 1131 563 1157; x_wconf 84' lang='grc' dir='ltr'><strong>τῶν</strong></span> <span class='ocrx_word' id='word_1_282' title='bbox 585 1131 759 1164; x_wconf 68' lang='grc' dir='ltr'>Εὑαγγεὶίων</span> <span class='ocrx_word' id='word_1_283' title='bbox 789 1132 835 1165; x_wconf 80' lang='grc' dir='ltr'><strong>ἑγ-</strong></span> 
     </span>
    </p>
   </div>
   <div class='ocr_carea' id='block_1_41' title="bbox 884 948 1689 985">
    <p class='ocr_par' dir='ltr' id='par_1_41' title="bbox 884 948 1689 985">
     <span class='ocr_line' id='line_1_41' title="bbox 884 948 1689 985; baseline 0.004 -10"><span class='ocrx_word' id='word_1_284' title='bbox 884 948 983 983; x_wconf 87' lang='lat' dir='ltr'><strong>inquit,</strong></span> <span class='ocrx_word' id='word_1_285' title='bbox 998 950 1078 977; x_wconf 82' lang='lat' dir='ltr'><strong>iidem</strong></span> <span class='ocrx_word' id='word_1_286' title='bbox 1099 950 1213 982; x_wconf 79' lang='lat' dir='ltr'><strong>habens,</strong></span> <span class='ocrx_word' id='word_1_287' title='bbox 1228 951 1354 985; x_wconf 63' lang='lat' dir='ltr'><strong>praedico,</strong></span> <span class='ocrx_word' id='word_1_288' title='bbox 1371 951 1438 978; x_wconf 88' lang='lat' dir='ltr'><strong>duas</strong></span> <span class='ocrx_word' id='word_1_289' title='bbox 1458 952 1520 978; x_wconf 86' lang='lat' dir='ltr'><strong>item</strong></span> <span class='ocrx_word' id='word_1_290' title='bbox 1544 952 1593 979; x_wconf 87' lang='lat' dir='ltr'><strong>has</strong></span> <span class='ocrx_word' id='word_1_291' title='bbox 1605 959 1689 978; x_wconf 83' lang='lat' dir='ltr'><strong>voces</strong></span> 
     </span>
    </p>
   </div>
   <div class='ocr_carea' id='block_1_42' title="bbox 885 994 1690 1032">
    <p class='ocr_par' dir='ltr' id='par_1_42' title="bbox 885 994 1690 1032">
     <span class='ocr_line' id='line_1_42' title="bbox 885 994 1690 1032; baseline 0.005 -12"><span class='ocrx_word' id='word_1_292' title='bbox 885 994 913 1021; x_wconf 90' lang='lat' dir='ltr'><strong>in</strong></span> <span class='ocrx_word' id='word_1_293' title='bbox 937 995 1092 1030; x_wconf 73' lang='lat' dir='ltr'><strong>Evangeliis</strong></span> <span class='ocrx_word' id='word_1_294' title='bbox 1107 996 1226 1031; x_wconf 81' lang='lat' dir='ltr'><strong>scriptas</strong></span> <span class='ocrx_word' id='word_1_295' title='bbox 1242 1004 1313 1025; x_wconf 83' lang='lat' dir='ltr'><strong>esse.</strong></span> <span class='ocrx_word' id='word_1_296' title='bbox 1338 996 1383 1024; x_wconf 80' lang='lat' dir='ltr'><strong>Ille</strong></span> <span class='ocrx_word' id='word_1_297' title='bbox 1400 997 1510 1032; x_wconf 86' lang='lat' dir='ltr'><strong>quidem</strong></span> <span class='ocrx_word' id='word_1_298' title='bbox 1536 997 1606 1024; x_wconf 89' lang='lat' dir='ltr'><strong>hanc</strong></span> <span class='ocrx_word' id='word_1_299' title='bbox 1617 1002 1690 1024; x_wconf 88' lang='lat' dir='ltr'><strong>attu-</strong></span> 
     </span>
    </p>
   </div>
   <div class='ocr_carea' id='block_1_43' title="bbox 885 1041 1688 1077">
    <p class='ocr_par' dir='ltr' id='par_1_43' title="bbox 885 1041 1688 1077">
     <span class='ocr_line' id='line_1_43' title="bbox 885 1041 1688 1077; baseline 0.005 -11"><span class='ocrx_word' id='word_1_300' title='bbox 885 1041 916 1067; x_wconf 88' lang='lat' dir='ltr'><strong>lit</strong></span> <span class='ocrx_word' id='word_1_301' title='bbox 932 1041 1129 1069; x_wconf 74' lang='lat' dir='ltr'><strong>defensionem.</strong></span> <span class='ocrx_word' id='word_1_302' title='bbox 1148 1042 1202 1077; x_wconf 78' lang='lat' dir='ltr'><strong>Ego</strong></span> <span class='ocrx_word' id='word_1_303' title='bbox 1221 1049 1285 1070; x_wconf 86' lang='lat' dir='ltr'><strong>vero</strong></span> <span class='ocrx_word' id='word_1_304' title='bbox 1305 1043 1400 1069; x_wconf 90' lang='lat' dir='ltr'><strong>statim</strong></span> <span class='ocrx_word' id='word_1_305' title='bbox 1438 1043 1572 1076; x_wconf 72' lang='lat' dir='ltr'><strong>intellexi,</strong></span> <span class='ocrx_word' id='word_1_306' title='bbox 1588 1043 1688 1070; x_wconf 70' lang='lat' dir='ltr'><strong>daemo-</strong></span> 
     </span>
    </p>
   </div>
   <div class='ocr_carea' id='block_1_44' title="bbox 885 1086 1686 1124">
    <p class='ocr_par' dir='ltr' id='par_1_44' title="bbox 885 1086 1686 1124">
     <span class='ocr_line' id='line_1_44' title="bbox 885 1086 1686 1124; baseline 0.005 -12"><span class='ocrx_word' id='word_1_307' title='bbox 885 1093 946 1113; x_wconf 85' lang='lat' dir='ltr'><strong>nem</strong></span> <span class='ocrx_word' id='word_1_308' title='bbox 966 1086 1051 1114; x_wconf 79' lang='lat' dir='ltr'><strong>fuisse</strong></span> <span class='ocrx_word' id='word_1_309' title='bbox 1073 1087 1160 1121; x_wconf 86' lang='lat' dir='ltr'><strong>illum,</strong></span> <span class='ocrx_word' id='word_1_310' title='bbox 1176 1088 1222 1122; x_wconf 88' lang='lat' dir='ltr'><strong>qui</strong></span> <span class='ocrx_word' id='word_1_311' title='bbox 1243 1088 1292 1116; x_wconf 84' lang='lat' dir='ltr'><strong>sub</strong></span> <span class='ocrx_word' id='word_1_312' title='bbox 1316 1089 1455 1116; x_wconf 87' lang='lat' dir='ltr'><strong>mendacis</strong></span> <span class='ocrx_word' id='word_1_313' title='bbox 1474 1089 1549 1116; x_wconf 78' lang='lat' dir='ltr'><strong>senis</strong></span> <span class='ocrx_word' id='word_1_314' title='bbox 1567 1096 1686 1124; x_wconf 77' lang='lat' dir='ltr'><strong>persona</strong></span> 
     </span>
    </p>
   </div>
   <div class='ocr_carea' id='block_1_45' title="bbox 887 1132 1098 1160">
    <p class='ocr_par' dir='ltr' id='par_1_45' title="bbox 887 1132 1098 1160">
     <span class='ocr_line' id='line_1_45' title="bbox 887 1132 1098 1160; baseline 0.005 -1"><span class='ocrx_word' id='word_1_315' title='bbox 887 1132 991 1160; x_wconf 87' lang='lat' dir='ltr'><strong>locutus</strong></span> <span class='ocrx_word' id='word_1_316' title='bbox 1002 1133 1098 1160; x_wconf 76' lang='lat' dir='ltr'><strong>fuerat.</strong></span> 
     </span>
    </p>
   </div>
   <div class='ocr_carea' id='block_1_46' title="bbox 31 1177 1685 1217">
    <p class='ocr_par' dir='ltr' id='par_1_46' title="bbox 31 1177 1685 1217">
     <span class='ocr_line' id='line_1_46' title="bbox 31 1177 1685 1217; baseline 0.002 -13"><span class='ocrx_word' id='word_1_317' title='bbox 31 1179 246 1214; x_wconf 77' lang='grc' dir='ltr'>γεγραμμένας.</span> <span class='ocrx_word' id='word_1_318' title='bbox 271 1177 299 1204; x_wconf 84' lang='grc' dir='ltr'>Ὀ</span> <span class='ocrx_word' id='word_1_319' title='bbox 319 1178 367 1214; x_wconf 76' lang='grc' dir='ltr'><strong>μὲν</strong></span> <span class='ocrx_word' id='word_1_320' title='bbox 392 1177 438 1204; x_wconf 83' lang='grc' dir='ltr'>οὖν</span> <span class='ocrx_word' id='word_1_321' title='bbox 463 1178 592 1212; x_wconf 83' lang='grc' dir='ltr'>τοιαύτην</span> <span class='ocrx_word' id='word_1_322' title='bbox 609 1179 760 1211; x_wconf 80' lang='grc' dir='ltr'>ἐποιήσατο</span> <span class='ocrx_word' id='word_1_323' title='bbox 788 1179 837 1213; x_wconf 80' lang='grc' dir='ltr'>τὴν</span> <span class='ocrx_word' id='word_1_324' title='bbox 857 1179 1019 1214; x_wconf 83' lang='grc' dir='ltr'>ἀπολογίαν,</span> <span class='ocrx_word' id='word_1_325' title='bbox 1053 1179 1109 1214; x_wconf 71' lang='grc' dir='ltr'>ἐγὼ</span> <span class='ocrx_word' id='word_1_326' title='bbox 1140 1180 1169 1207; x_wconf 79' lang='grc' dir='ltr'>δὲ</span> <span class='ocrx_word' id='word_1_327' title='bbox 1187 1181 1292 1217; x_wconf 81' lang='grc' dir='ltr'>συνῆκα</span> <span class='ocrx_word' id='word_1_328' title='bbox 1314 1181 1432 1217; x_wconf 82' lang='grc' dir='ltr'>ταχέως,</span> <span class='ocrx_word' id='word_1_329' title='bbox 1455 1181 1497 1207; x_wconf 84' lang='grc' dir='ltr'>ὅτι</span> <span class='ocrx_word' id='word_1_330' title='bbox 1521 1182 1535 1208; x_wconf 84' lang='grc' dir='ltr'><strong>ὸ</strong></span> <span class='ocrx_word' id='word_1_331' title='bbox 1563 1181 1685 1208; x_wconf 79' lang='grc' dir='ltr'>Σατανᾶς</span> 
     </span>
    </p>
   </div>
   <div class='ocr_carea' id='block_1_47' title="bbox 31 1224 696 1261">
    <p class='ocr_par' dir='ltr' id='par_1_47' title="bbox 31 1224 696 1261">
     <span class='ocr_line' id='line_1_47' title="bbox 31 1224 696 1261; baseline 0.003 -11"><span class='ocrx_word' id='word_1_332' title='bbox 31 1225 69 1261; x_wconf 76' lang='grc' dir='ltr'>ἦν</span> <span class='ocrx_word' id='word_1_333' title='bbox 87 1226 101 1252; x_wconf 78' lang='grc' dir='ltr'><strong>ὸ</strong></span> <span class='ocrx_word' id='word_1_334' title='bbox 111 1225 155 1250; x_wconf 67' lang='grc' dir='ltr'><strong>τὸν</strong></span> <span class='ocrx_word' id='word_1_335' title='bbox 166 1224 334 1259; x_wconf 79' lang='grc' dir='ltr'>ψευδόγηρον</span> <span class='ocrx_word' id='word_1_336' title='bbox 348 1225 451 1251; x_wconf 73' lang='grc' dir='ltr'>ἐκεῖνον</span> <span class='ocrx_word' id='word_1_337' title='bbox 467 1225 696 1260; x_wconf 78' lang='grc' dir='ltr'>ὑποκρινάμενος.</span> 
     </span>
    </p>
   </div>
   <div class='ocr_carea' id='block_1_48' title="bbox 77 1268 835 1309">
    <p class='ocr_par' dir='ltr' id='par_1_48' title="bbox 77 1268 835 1309">
     <span class='ocr_line' id='line_1_48' title="bbox 77 1268 835 1309; baseline 0.007 -13"><span class='ocrx_word' id='word_1_338' title='bbox 77 1268 253 1304; x_wconf 68' lang='grc' dir='ltr'>κβ’.Λέγουσι</span> <span class='ocrx_word' id='word_1_339' title='bbox 260 1271 322 1303; x_wconf 82' lang='grc' dir='ltr'>τοὺς</span> <span class='ocrx_word' id='word_1_340' title='bbox 330 1271 379 1305; x_wconf 82' lang='grc' dir='ltr'>τῆς</span> <span class='ocrx_word' id='word_1_341' title='bbox 385 1271 608 1305; x_wconf 82' lang='grc' dir='ltr'>πίστεωςαὺτῶν,</span> <span class='ocrx_word' id='word_1_342' title='bbox 617 1273 690 1304; x_wconf 82' lang='grc' dir='ltr'>ὅσοις</span> <span class='ocrx_word' id='word_1_343' title='bbox 699 1274 835 1309; x_wconf 81' lang='grc' dir='ltr'>ἐνοικήσει</span> 
     </span>
    </p>
   </div>
   <div class='ocr_carea' id='block_1_49' title="bbox 33 1316 832 1353">
    <p class='ocr_par' dir='ltr' id='par_1_49' title="bbox 33 1316 832 1353">
     <span class='ocr_line' id='line_1_49' title="bbox 33 1316 832 1353; baseline 0.005 -10"><span class='ocrx_word' id='word_1_344' title='bbox 33 1317 68 1344; x_wconf 72' lang='grc' dir='ltr'>τὸ</span> <span class='ocrx_word' id='word_1_345' title='bbox 91 1316 156 1351; x_wconf 81' lang='grc' dir='ltr'>παρ’</span> <span class='ocrx_word' id='word_1_346' title='bbox 171 1317 261 1348; x_wconf 81' lang='grc' dir='ltr'>αὐτοῖς</span> <span class='ocrx_word' id='word_1_347' title='bbox 275 1317 351 1351; x_wconf 77' lang='grc' dir='ltr'>ἅγιον</span> <span class='ocrx_word' id='word_1_348' title='bbox 366 1318 489 1353; x_wconf 76' lang='grc' dir='ltr'>Πνεῦμα,</span> <span class='ocrx_word' id='word_1_349' title='bbox 507 1318 612 1350; x_wconf 83' lang='grc' dir='ltr'>πάντας</span> <span class='ocrx_word' id='word_1_350' title='bbox 628 1320 772 1352; x_wconf 78' lang='grc' dir='ltr'>θεοτόκους</span> <span class='ocrx_word' id='word_1_351' title='bbox 783 1321 832 1348; x_wconf 80' lang='grc' dir='ltr'>καὶ</span> 
     </span>
    </p>
   </div>
   <div class='ocr_carea' id='block_1_50' title="bbox 34 1361 834 1397">
    <p class='ocr_par' dir='ltr' id='par_1_50' title="bbox 34 1361 834 1397">
     <span class='ocr_line' id='line_1_50' title="bbox 34 1361 834 1397; baseline 0.003 -7"><span class='ocrx_word' id='word_1_352' title='bbox 34 1361 122 1396; x_wconf 67' lang='grc' dir='ltr'>εἶναι,</span> <span class='ocrx_word' id='word_1_353' title='bbox 135 1363 181 1389; x_wconf 75' lang='grc' dir='ltr'>καὶ</span> <span class='ocrx_word' id='word_1_354' title='bbox 194 1362 388 1396; x_wconf 77' lang='grc' dir='ltr'>ὀνομάζεσθαι.</span> <span class='ocrx_word' id='word_1_355' title='bbox 404 1363 592 1397; x_wconf 79' lang='grc' dir='ltr'>βαστάσαντας</span> <span class='ocrx_word' id='word_1_356' title='bbox 608 1365 655 1390; x_wconf 79' lang='grc' dir='ltr'>καὶ</span> <span class='ocrx_word' id='word_1_357' title='bbox 675 1365 773 1397; x_wconf 78' lang='grc' dir='ltr'>αὐτοὺς</span> <span class='ocrx_word' id='word_1_358' title='bbox 790 1366 834 1392; x_wconf 74' lang='grc' dir='ltr'>τὸν</span> 
     </span>
    </p>
   </div>
   <div class='ocr_carea' id='block_1_51' title="bbox 34 1409 832 1445">
    <p class='ocr_par' dir='ltr' id='par_1_51' title="bbox 34 1409 832 1445">
     <span class='ocr_line' id='line_1_51' title="bbox 34 1409 832 1445; baseline 0.004 -9"><span class='ocrx_word' id='word_1_359' title='bbox 34 1411 125 1443; x_wconf 66' lang='grc' dir='ltr'>Λόγον</span> <span class='ocrx_word' id='word_1_360' title='bbox 140 1409 187 1435; x_wconf 84' lang='grc' dir='ltr'>τοῦ</span> <span class='ocrx_word' id='word_1_361' title='bbox 201 1409 280 1441; x_wconf 79' lang='grc' dir='ltr'>Θεοῦ,</span> <span class='ocrx_word' id='word_1_362' title='bbox 294 1410 341 1436; x_wconf 72' lang='grc' dir='ltr'><strong>καὶ</strong></span> <span class='ocrx_word' id='word_1_363' title='bbox 356 1411 539 1445; x_wconf 83' lang='grc' dir='ltr'>γεννήσαντας</span> <span class='ocrx_word' id='word_1_364' title='bbox 564 1411 645 1437; x_wconf 74' lang='grc' dir='ltr'>αὐτὸν</span> <span class='ocrx_word' id='word_1_365' title='bbox 658 1411 702 1438; x_wconf 82' lang='grc' dir='ltr'>διὰ</span> <span class='ocrx_word' id='word_1_366' title='bbox 727 1412 774 1439; x_wconf 86' lang='grc' dir='ltr'>τοῦ</span> <span class='ocrx_word' id='word_1_367' title='bbox 790 1413 832 1439; x_wconf 90' lang='grc' dir='ltr'>δι-</span> 
     </span>
    </p>
   </div>
   <div class='ocr_carea' id='block_1_52' title="bbox 33 1453 831 1491">
    <p class='ocr_par' dir='ltr' id='par_1_52' title="bbox 33 1453 831 1491">
     <span class='ocr_line' id='line_1_52' title="bbox 33 1453 831 1491; baseline 0.001 -10"><span class='ocrx_word' id='word_1_368' title='bbox 33 1455 148 1481; x_wconf 77' lang='grc' dir='ltr'>δάσκειν</span> <span class='ocrx_word' id='word_1_369' title='bbox 161 1454 281 1488; x_wconf 76' lang='grc' dir='ltr'>ἑτέρους,</span> <span class='ocrx_word' id='word_1_370' title='bbox 299 1453 346 1480; x_wconf 77' lang='grc' dir='ltr'><strong>καὶ</strong></span> <span class='ocrx_word' id='word_1_371' title='bbox 374 1454 456 1490; x_wconf 85' lang='grc' dir='ltr'>μηδὲν</span> <span class='ocrx_word' id='word_1_372' title='bbox 472 1454 551 1480; x_wconf 81' lang='grc' dir='ltr'>πλέον</span> <span class='ocrx_word' id='word_1_373' title='bbox 573 1455 664 1481; x_wconf 81' lang='grc' dir='ltr'>αὐτῶν</span> <span class='ocrx_word' id='word_1_374' title='bbox 689 1454 761 1490; x_wconf 75' lang='grc' dir='ltr'>ἔχειν</span> <span class='ocrx_word' id='word_1_375' title='bbox 782 1456 831 1491; x_wconf 82' lang='grc' dir='ltr'>τὴν</span> 
     </span>
    </p>
   </div>
   <div class='ocr_carea' id='block_1_53' title="bbox 35 1497 828 1535">
    <p class='ocr_par' dir='ltr' id='par_1_53' title="bbox 35 1497 828 1535">
     <span class='ocr_line' id='line_1_53' title="bbox 35 1497 828 1535; baseline 0.003 -10"><span class='ocrx_word' id='word_1_376' title='bbox 35 1498 151 1535; x_wconf 77' lang='grc' dir='ltr'>πρώτην</span> <span class='ocrx_word' id='word_1_377' title='bbox 165 1497 306 1524; x_wconf 64' lang='lat' dir='ltr'><strong>emam.</strong></span> <span class='ocrx_word' id='word_1_378' title='bbox 319 1499 373 1526; x_wconf 69' lang='grc' dir='ltr'>Καὶ</span> <span class='ocrx_word' id='word_1_379' title='bbox 383 1499 442 1525; x_wconf 78' lang='grc' dir='ltr'>οὐδὲ</span> <span class='ocrx_word' id='word_1_380' title='bbox 455 1499 580 1526; x_wconf 87' lang='grc' dir='ltr'>τοσοῦτον</span> <span class='ocrx_word' id='word_1_381' title='bbox 592 1499 658 1533; x_wconf 83' lang='grc' dir='ltr'>γοῦν</span> <span class='ocrx_word' id='word_1_382' title='bbox 674 1500 828 1534; x_wconf 83' lang='grc' dir='ltr'>φρονοῦσιν,</span> 
     </span>
    </p>
   </div>
   <div class='ocr_carea' id='block_1_54' title="bbox 923 1271 1684 1307">
    <p class='ocr_par' dir='ltr' id='par_1_54' title="bbox 923 1271 1684 1307">
     <span class='ocr_line' id='line_1_54' title="bbox 923 1271 1684 1307; baseline 0.005 -9"><span class='ocrx_word' id='word_1_383' title='bbox 923 1271 1005 1298; x_wconf 81' lang='lat' dir='ltr'><strong>Aiunt</strong></span> <span class='ocrx_word' id='word_1_384' title='bbox 1029 1280 1094 1299; x_wconf 81' lang='lat' dir='ltr'><strong>suos</strong></span> <span class='ocrx_word' id='word_1_385' title='bbox 1121 1279 1225 1305; x_wconf 89' lang='lat' dir='ltr'><strong>omnes,</strong></span> <span class='ocrx_word' id='word_1_386' title='bbox 1251 1272 1277 1299; x_wconf 92' lang='lat' dir='ltr'><strong>in</strong></span> <span class='ocrx_word' id='word_1_387' title='bbox 1298 1272 1396 1307; x_wconf 85' lang='lat' dir='ltr'><strong>quibus</strong></span> <span class='ocrx_word' id='word_1_388' title='bbox 1423 1272 1542 1307; x_wconf 83' lang='lat' dir='ltr'><strong>Spiritus</strong></span> <span class='ocrx_word' id='word_1_389' title='bbox 1572 1279 1684 1302; x_wconf 85' lang='lat' dir='ltr'><strong>sanctus</strong></span> 
     </span>
    </p>
   </div>
   <div class='ocr_carea' id='block_1_55' title="bbox 885 1317 1684 1354">
    <p class='ocr_par' dir='ltr' id='par_1_55' title="bbox 885 1317 1684 1354">
     <span class='ocr_line' id='line_1_55' title="bbox 885 1317 1684 1354; baseline 0.004 -10"><span class='ocrx_word' id='word_1_390' title='bbox 885 1317 998 1349; x_wconf 80' lang='lat' dir='ltr'><strong>habitat,</strong></span> <span class='ocrx_word' id='word_1_391' title='bbox 1023 1317 1069 1344; x_wconf 85' lang='lat' dir='ltr'><strong>Dei</strong></span> <span class='ocrx_word' id='word_1_392' title='bbox 1087 1323 1213 1352; x_wconf 86' lang='lat' dir='ltr'><strong>parentes</strong></span> <span class='ocrx_word' id='word_1_393' title='bbox 1224 1322 1249 1344; x_wconf 88' lang='lat' dir='ltr'><strong>et</strong></span> <span class='ocrx_word' id='word_1_394' title='bbox 1266 1325 1338 1345; x_wconf 85' lang='lat' dir='ltr'><strong>csse.</strong></span> <span class='ocrx_word' id='word_1_395' title='bbox 1354 1323 1383 1346; x_wconf 86' lang='lat' dir='ltr'><strong>et</strong></span> <span class='ocrx_word' id='word_1_396' title='bbox 1402 1318 1536 1345; x_wconf 83' lang='lat' dir='ltr'><strong>nominari</strong></span> <span class='ocrx_word' id='word_1_397' title='bbox 1554 1325 1616 1345; x_wconf 86' lang='lat' dir='ltr'><strong>cum</strong></span> <span class='ocrx_word' id='word_1_398' title='bbox 1632 1319 1684 1354; x_wconf 88' lang='lat' dir='ltr'><strong>ipsi</strong></span> 
     </span>
    </p>
   </div>
   <div class='ocr_carea' id='block_1_56' title="bbox 883 1363 1682 1400">
    <p class='ocr_par' dir='ltr' id='par_1_56' title="bbox 883 1363 1682 1400">
     <span class='ocr_line' id='line_1_56' title="bbox 883 1363 1682 1400; baseline 0.003 -10"><span class='ocrx_word' id='word_1_399' title='bbox 883 1370 990 1398; x_wconf 87' lang='lat' dir='ltr'><strong>qttoque</strong></span> <span class='ocrx_word' id='word_1_400' title='bbox 1008 1363 1053 1390; x_wconf 88' lang='lat' dir='ltr'><strong>Dei</strong></span> <span class='ocrx_word' id='word_1_401' title='bbox 1073 1363 1189 1390; x_wconf 88' lang='lat' dir='ltr'><strong>Verbum</strong></span> <span class='ocrx_word' id='word_1_402' title='bbox 1209 1364 1376 1398; x_wconf 84' lang='lat' dir='ltr'><strong>concipiant,</strong></span> <span class='ocrx_word' id='word_1_403' title='bbox 1396 1369 1422 1391; x_wconf 90' lang='lat' dir='ltr'><strong>et</strong></span> <span class='ocrx_word' id='word_1_404' title='bbox 1439 1364 1465 1390; x_wconf 94' lang='lat' dir='ltr'><strong>in</strong></span> <span class='ocrx_word' id='word_1_405' title='bbox 1482 1371 1561 1392; x_wconf 92' lang='lat' dir='ltr'><strong>utero</strong></span> <span class='ocrx_word' id='word_1_406' title='bbox 1576 1370 1682 1400; x_wconf 78' lang='lat' dir='ltr'><strong>gerant.</strong></span> 
     </span>
    </p>
   </div>
   <div class='ocr_carea' id='block_1_57' title="bbox 881 1405 1683 1446">
    <p class='ocr_par' dir='ltr' id='par_1_57' title="bbox 881 1405 1683 1446">
     <span class='ocr_line' id='line_1_57' title="bbox 881 1405 1683 1446; baseline 0.004 -10"><span class='ocrx_word' id='word_1_407' title='bbox 881 1415 966 1446; x_wconf 86' lang='lat' dir='ltr'><strong>atque</strong></span> <span class='ocrx_word' id='word_1_408' title='bbox 1009 1411 1090 1437; x_wconf 88' lang='lat' dir='ltr'><strong>etiam</strong></span> <span class='ocrx_word' id='word_1_409' title='bbox 1119 1409 1227 1444; x_wconf 85' lang='lat' dir='ltr'><strong>pariant</strong></span> <span class='ocrx_word' id='word_1_410' title='bbox 1254 1410 1317 1437; x_wconf 89' lang='lat' dir='ltr'><strong>dum</strong></span> <span class='ocrx_word' id='word_1_411' title='bbox 1339 1411 1406 1437; x_wconf 87' lang='lat' dir='ltr'><strong>alios</strong></span> <span class='ocrx_word' id='word_1_412' title='bbox 1434 1411 1540 1438; x_wconf 84' lang='lat' dir='ltr'><strong>docent.</strong></span> <span class='ocrx_word' id='word_1_413' title='bbox 1561 1411 1593 1438; x_wconf 85' lang='lat' dir='ltr'><strong>Et</strong></span> <span class='ocrx_word' id='word_1_414' title='bbox 1613 1405 1683 1439; x_wconf 87' lang='lat' dir='ltr'><strong>nihil</strong></span> 
     </span>
    </p>
   </div>
   <div class='ocr_carea' id='block_1_58' title="bbox 883 1456 1682 1492">
    <p class='ocr_par' dir='ltr' id='par_1_58' title="bbox 883 1456 1682 1492">
     <span class='ocr_line' id='line_1_58' title="bbox 883 1456 1682 1492; baseline 0.001 -8"><span class='ocrx_word' id='word_1_415' title='bbox 883 1457 1009 1490; x_wconf 89' lang='lat' dir='ltr'><strong>amplius,</strong></span> <span class='ocrx_word' id='word_1_416' title='bbox 1026 1464 1105 1490; x_wconf 88' lang='lat' dir='ltr'><strong>quam</strong></span> <span class='ocrx_word' id='word_1_417' title='bbox 1134 1456 1183 1490; x_wconf 88' lang='lat' dir='ltr'><strong>ipsi</strong></span> <span class='ocrx_word' id='word_1_418' title='bbox 1203 1456 1329 1488; x_wconf 88' lang='lat' dir='ltr'><strong>habeant,</strong></span> <span class='ocrx_word' id='word_1_419' title='bbox 1348 1456 1449 1484; x_wconf 88' lang='lat' dir='ltr'><strong>habere</strong></span> <span class='ocrx_word' id='word_1_420' title='bbox 1477 1457 1593 1492; x_wconf 88' lang='lat' dir='ltr'><strong>primam</strong></span> <span class='ocrx_word' id='word_1_421' title='bbox 1608 1458 1682 1485; x_wconf 87' lang='lat' dir='ltr'><strong>illam</strong></span> 
     </span>
    </p>
   </div>
   <div class='ocr_carea' id='block_1_59' title="bbox 886 1502 1683 1536">
    <p class='ocr_par' dir='ltr' id='par_1_59' title="bbox 886 1502 1683 1536">
     <span class='ocr_line' id='line_1_59' title="bbox 886 1502 1683 1536; baseline 0.001 -7"><span class='ocrx_word' id='word_1_422' title='bbox 886 1503 932 1529; x_wconf 90' lang='lat' dir='ltr'><strong>Del</strong></span> <span class='ocrx_word' id='word_1_423' title='bbox 950 1502 1133 1530; x_wconf 86' lang='lat' dir='ltr'><strong>Genilricem.</strong></span> <span class='ocrx_word' id='word_1_424' title='bbox 1166 1502 1221 1529; x_wconf 75' lang='lat' dir='ltr'><strong>Nec</strong></span> <span class='ocrx_word' id='word_1_425' title='bbox 1242 1506 1345 1530; x_wconf 88' lang='lat' dir='ltr'><strong>lautum</strong></span> <span class='ocrx_word' id='word_1_426' title='bbox 1366 1503 1466 1530; x_wconf 87' lang='lat' dir='ltr'><strong>habent</strong></span> <span class='ocrx_word' id='word_1_427' title='bbox 1481 1505 1587 1536; x_wconf 88' lang='lat' dir='ltr'><strong>mentis,</strong></span> <span class='ocrx_word' id='word_1_428' title='bbox 1602 1510 1630 1532; x_wconf 92' lang='lat' dir='ltr'><strong>ut</strong></span> <span class='ocrx_word' id='word_1_429' title='bbox 1644 1505 1683 1532; x_wconf 89' lang='lat' dir='ltr'><strong>in.</strong></span> 
     </span>
    </p>
   </div>
   <div class='ocr_carea' id='block_1_60' title="bbox 33 1545 969 1583">
    <p class='ocr_par' dir='ltr' id='par_1_60' title="bbox 33 1545 969 1582">
     <span class='ocr_line' id='line_1_60' title="bbox 33 1545 969 1582; baseline 0.004 -10"><span class='ocrx_word' id='word_1_430' title='bbox 33 1546 100 1572; x_wconf 80' lang='grc' dir='ltr'>ὅσον</span> <span class='ocrx_word' id='word_1_431' title='bbox 113 1545 212 1571; x_wconf 73' lang='grc' dir='ltr'>εἰδέναι</span> <span class='ocrx_word' id='word_1_432' title='bbox 225 1545 356 1580; x_wconf 74' lang='grc' dir='ltr'>διαφορὰν</span> <span class='ocrx_word' id='word_1_433' title='bbox 368 1545 551 1572; x_wconf 78' lang='grc' dir='ltr'>ὲνυποστατου</span> <span class='ocrx_word' id='word_1_434' title='bbox 569 1546 616 1572; x_wconf 77' lang='grc' dir='ltr'>καὶ</span> <span class='ocrx_word' id='word_1_435' title='bbox 627 1545 727 1578; x_wconf 82' lang='grc' dir='ltr'>ζῶντος</span> <span class='ocrx_word' id='word_1_436' title='bbox 744 1547 832 1580; x_wconf 89' lang='grc' dir='ltr'>Λόγου</span> <span class='ocrx_word' id='word_1_437' title='bbox 847 1551 868 1581; x_wconf 81' lang='lat' dir='ltr'><strong>c</strong></span> <span class='ocrx_word' id='word_1_438' title='bbox 886 1548 969 1582; x_wconf 77' lang='lat' dir='ltr'><strong>telligt</strong></span> 
     </span>
    </p>
   </div>
   <div class='ocr_carea' id='block_1_61' title="bbox 919 1545 1682 1583">
    <p class='ocr_par' dir='ltr' id='par_1_61' title="bbox 919 1548 1682 1583">
     <span class='ocr_line' id='line_1_61' title="bbox 919 1548 1682 1583; baseline 0.004 -8"><span class='ocrx_word' id='word_1_439' title='bbox 919 1548 1006 1582; x_wconf 76' lang='lat' dir='ltr'><strong>lligere</strong></span> <span class='ocrx_word' id='word_1_440' title='bbox 1020 1548 1137 1581; x_wconf 79' lang='lat' dir='ltr'><strong>valeant,</strong></span> <span class='ocrx_word' id='word_1_441' title='bbox 1153 1548 1216 1583; x_wconf 85' lang='lat' dir='ltr'><strong>quid</strong></span> <span class='ocrx_word' id='word_1_442' title='bbox 1228 1549 1335 1576; x_wconf 87' lang='lat' dir='ltr'><strong>intersit</strong></span> <span class='ocrx_word' id='word_1_443' title='bbox 1355 1549 1424 1576; x_wconf 86' lang='lat' dir='ltr'><strong>inter</strong></span> <span class='ocrx_word' id='word_1_444' title='bbox 1448 1549 1568 1577; x_wconf 84' lang='lat' dir='ltr'><strong>Verbum</strong></span> <span class='ocrx_word' id='word_1_445' title='bbox 1586 1551 1611 1578; x_wconf 92' lang='lat' dir='ltr'><strong>in</strong></span> <span class='ocrx_word' id='word_1_446' title='bbox 1632 1559 1682 1578; x_wconf 84' lang='lat' dir='ltr'><strong>sua</strong></span> 
     </span>
    </p>
   </div>
   <div class='ocr_carea' id='block_1_62' title="bbox 33 1591 831 1628">
    <p class='ocr_par' dir='ltr' id='par_1_62' title="bbox 33 1591 831 1628">
     <span class='ocr_line' id='line_1_62' title="bbox 33 1591 831 1628; baseline 0.003 -10"><span class='ocrx_word' id='word_1_447' title='bbox 33 1591 132 1622; x_wconf 80' lang='grc' dir='ltr'>ἁπλῶς</span> <span class='ocrx_word' id='word_1_448' title='bbox 165 1591 244 1625; x_wconf 76' lang='grc' dir='ltr'>λόγου</span> <span class='ocrx_word' id='word_1_449' title='bbox 267 1591 445 1626; x_wconf 81' lang='grc' dir='ltr'>προφορικοῦ,</span> <span class='ocrx_word' id='word_1_450' title='bbox 470 1592 513 1618; x_wconf 84' lang='grc' dir='ltr'>ἵνα</span> <span class='ocrx_word' id='word_1_451' title='bbox 541 1592 769 1628; x_wconf 83' lang='grc' dir='ltr'>παραδράμωμεν</span> <span class='ocrx_word' id='word_1_452' title='bbox 795 1593 831 1620; x_wconf 81' lang='grc' dir='ltr'>τὰ</span> 
     </span>
    </p>
   </div>
   <div class='ocr_carea' id='block_1_63' title="bbox 32 1637 831 1674">
    <p class='ocr_par' dir='ltr' id='par_1_63' title="bbox 32 1637 831 1674">
     <span class='ocr_line' id='line_1_63' title="bbox 32 1637 831 1674; baseline 0.004 -11"><span class='ocrx_word' id='word_1_453' title='bbox 32 1637 108 1663; x_wconf 72' lang='grc' dir='ltr'>κατὰ</span> <span class='ocrx_word' id='word_1_454' title='bbox 138 1637 187 1672; x_wconf 83' lang='grc' dir='ltr'>τὴν</span> <span class='ocrx_word' id='word_1_455' title='bbox 216 1637 317 1672; x_wconf 84' lang='grc' dir='ltr'>κυρίως</span> <span class='ocrx_word' id='word_1_456' title='bbox 345 1637 475 1664; x_wconf 80' lang='grc' dir='ltr'>Θεοτόκον</span> <span class='ocrx_word' id='word_1_457' title='bbox 503 1638 605 1673; x_wconf 82' lang='grc' dir='ltr'>φρικτὰ</span> <span class='ocrx_word' id='word_1_458' title='bbox 627 1639 675 1665; x_wconf 76' lang='grc' dir='ltr'>καὶ</span> <span class='ocrx_word' id='word_1_459' title='bbox 691 1638 831 1674; x_wconf 80' lang='grc' dir='ltr'>παράδοξα</span> 
     </span>
    </p>
   </div>
   <div class='ocr_carea' id='block_1_64' title="bbox 33 1682 191 1719">
    <p class='ocr_par' dir='ltr' id='par_1_64' title="bbox 33 1682 191 1719">
     <span class='ocr_line' id='line_1_64' title="bbox 33 1682 191 1719; baseline 0.006 -10"><span class='ocrx_word' id='word_1_460' title='bbox 33 1682 191 1719; x_wconf 77' lang='grc' dir='ltr'>μυστήρια.</span> 
     </span>
    </p>
   </div>
   <div class='ocr_carea' id='block_1_65' title="bbox 82 1729 831 1766">
    <p class='ocr_par' dir='ltr' id='par_1_65' title="bbox 82 1729 831 1766">
     <span class='ocr_line' id='line_1_65' title="bbox 82 1729 831 1766; baseline 0.005 -11"><span class='ocrx_word' id='word_1_461' title='bbox 82 1729 199 1764; x_wconf 80' lang='grc' dir='ltr'>Λέγουσι</span> <span class='ocrx_word' id='word_1_462' title='bbox 227 1729 290 1760; x_wconf 78' lang='grc' dir='ltr'>τοὺς</span> <span class='ocrx_word' id='word_1_463' title='bbox 319 1729 456 1761; x_wconf 82' lang='grc' dir='ltr'>τοιούτους</span> <span class='ocrx_word' id='word_1_464' title='bbox 481 1730 518 1765; x_wconf 85' lang='grc' dir='ltr'>μὴ</span> <span class='ocrx_word' id='word_1_465' title='bbox 546 1730 738 1766; x_wconf 78' lang='grc' dir='ltr'>ἀποθνήσκειν,</span> <span class='ocrx_word' id='word_1_466' title='bbox 763 1731 831 1759; x_wconf 78' lang='grc' dir='ltr'>ἀλλὰ</span> 
     </span>
    </p>
   </div>
   <div class='ocr_carea' id='block_1_66' title="bbox 33 1775 830 1811">
    <p class='ocr_par' dir='ltr' id='par_1_66' title="bbox 33 1775 830 1811">
     <span class='ocr_line' id='line_1_66' title="bbox 33 1775 830 1811; baseline 0.004 -9"><span class='ocrx_word' id='word_1_467' title='bbox 33 1775 233 1809; x_wconf 78' lang='grc' dir='ltr'>μεθίστασθαι,</span> <span class='ocrx_word' id='word_1_468' title='bbox 246 1775 372 1811; x_wconf 76' lang='grc' dir='ltr'>καθάπερ</span> <span class='ocrx_word' id='word_1_469' title='bbox 388 1776 416 1801; x_wconf 81' lang='grc' dir='ltr'>ὲν</span> <span class='ocrx_word' id='word_1_470' title='bbox 432 1775 552 1810; x_wconf 79' lang='grc' dir='ltr'>ὓπνῳ,τδ</span> <span class='ocrx_word' id='word_1_471' title='bbox 567 1777 678 1811; x_wconf 88' lang='grc' dir='ltr'>πήλινον</span> <span class='ocrx_word' id='word_1_472' title='bbox 694 1778 767 1805; x_wconf 79' lang='grc' dir='ltr'>τουτὶ</span> <span class='ocrx_word' id='word_1_473' title='bbox 783 1781 830 1804; x_wconf 77' lang='grc' dir='ltr'>καὶ</span> 
     </span>
    </p>
   </div>
   <div class='ocr_carea' id='block_1_67' title="bbox 32 1822 829 1859">
    <p class='ocr_par' dir='ltr' id='par_1_67' title="bbox 32 1822 829 1859">
     <span class='ocr_line' id='line_1_67' title="bbox 32 1822 829 1859; baseline 0.001 -9"><span class='ocrx_word' id='word_1_474' title='bbox 32 1823 168 1857; x_wconf 82' lang='grc' dir='ltr'>σάρκινον</span> <span class='ocrx_word' id='word_1_475' title='bbox 182 1822 354 1857; x_wconf 77' lang='grc' dir='ltr'>περιϐόλαιον</span> <span class='ocrx_word' id='word_1_476' title='bbox 378 1822 486 1854; x_wconf 81' lang='grc' dir='ltr'>ἀπόνως</span> <span class='ocrx_word' id='word_1_477' title='bbox 505 1823 696 1858; x_wconf 85' lang='grc' dir='ltr'>ὲκδυομένους,</span> <span class='ocrx_word' id='word_1_478' title='bbox 723 1826 771 1851; x_wconf 82' lang='grc' dir='ltr'><strong>καὶ</strong></span> <span class='ocrx_word' id='word_1_479' title='bbox 782 1825 829 1859; x_wconf 83' lang='grc' dir='ltr'>τὴν</span> 
     </span>
    </p>
   </div>
   <div class='ocr_carea' id='block_1_68' title="bbox 30 1867 828 1905">
    <p class='ocr_par' dir='ltr' id='par_1_68' title="bbox 30 1867 828 1905">
     <span class='ocr_line' id='line_1_68' title="bbox 30 1867 828 1905; baseline -0.001 -8"><span class='ocrx_word' id='word_1_480' title='bbox 30 1869 176 1904; x_wconf 78' lang='grc' dir='ltr'>ἄφθαρτον</span> <span class='ocrx_word' id='word_1_481' title='bbox 195 1867 242 1895; x_wconf 80' lang='grc' dir='ltr'><strong>καὶ</strong></span> <span class='ocrx_word' id='word_1_482' title='bbox 255 1868 330 1895; x_wconf 80' lang='grc' dir='ltr'>θείαν</span> <span class='ocrx_word' id='word_1_483' title='bbox 341 1868 387 1895; x_wconf 85' lang='grc' dir='ltr'>τοῦ</span> <span class='ocrx_word' id='word_1_484' title='bbox 401 1868 520 1904; x_wconf 84' lang='grc' dir='ltr'>Χριστοῦ</span> <span class='ocrx_word' id='word_1_485' title='bbox 531 1869 626 1904; x_wconf 82' lang='grc' dir='ltr'>στολὴν</span> <span class='ocrx_word' id='word_1_486' title='bbox 640 1869 828 1905; x_wconf 72' lang='grc' dir='ltr'>ἐνδυομένους,</span> 
     </span>
    </p>
   </div>
   <div class='ocr_carea' id='block_1_69' title="bbox 30 1914 828 1950">
    <p class='ocr_par' dir='ltr' id='par_1_69' title="bbox 30 1914 828 1950">
     <span class='ocr_line' id='line_1_69' title="bbox 30 1914 828 1950; baseline 0 -8"><span class='ocrx_word' id='word_1_487' title='bbox 30 1916 85 1942; x_wconf 81' lang='grc' dir='ltr'>καὶ</span> <span class='ocrx_word' id='word_1_488' title='bbox 111 1914 270 1949; x_wconf 82' lang='grc' dir='ltr'>γινομένους</span> <span class='ocrx_word' id='word_1_489' title='bbox 287 1914 449 1949; x_wconf 90' lang='grc' dir='ltr'>συσσώμους</span> <span class='ocrx_word' id='word_1_490' title='bbox 467 1915 514 1942; x_wconf 79' lang='grc' dir='ltr'>καὶ</span> <span class='ocrx_word' id='word_1_491' title='bbox 538 1915 718 1950; x_wconf 81' lang='grc' dir='ltr'>συμμόρφους</span> <span class='ocrx_word' id='word_1_492' title='bbox 733 1916 828 1949; x_wconf 65' lang='grc' dir='ltr'>αὑτοῦ,</span> 
     </span>
    </p>
   </div>
   <div class='ocr_carea' id='block_1_70' title="bbox 33 1960 829 1997">
    <p class='ocr_par' dir='ltr' id='par_1_70' title="bbox 33 1960 829 1997">
     <span class='ocr_line' id='line_1_70' title="bbox 33 1960 829 1997; baseline 0.003 -11"><span class='ocrx_word' id='word_1_493' title='bbox 33 1960 257 1997; x_wconf 74' lang='grc' dir='ltr'>μεθισταμένους</span> <span class='ocrx_word' id='word_1_494' title='bbox 274 1961 318 1987; x_wconf 75' lang='grc' dir='ltr'><strong>διὰ</strong></span> <span class='ocrx_word' id='word_1_495' title='bbox 330 1961 496 1995; x_wconf 80' lang='grc' dir='ltr'>προπομπῆς</span> <span class='ocrx_word' id='word_1_496' title='bbox 517 1961 652 1996; x_wconf 84' lang='grc' dir='ltr'>ἀγγέλων,</span> <span class='ocrx_word' id='word_1_497' title='bbox 682 1962 730 1988; x_wconf 74' lang='grc' dir='ltr'>καὶ</span> <span class='ocrx_word' id='word_1_498' title='bbox 761 1963 829 1988; x_wconf 79' lang='grc' dir='ltr'>ἁπο-</span> 
     </span>
    </p>
   </div>
   <div class='ocr_carea' id='block_1_71' title="bbox 31 2006 830 2042">
    <p class='ocr_par' dir='ltr' id='par_1_71' title="bbox 31 2006 830 2042">
     <span class='ocr_line' id='line_1_71' title="bbox 31 2006 830 2042; baseline 0.001 -8"><span class='ocrx_word' id='word_1_499' title='bbox 31 2006 137 2034; x_wconf 80' lang='grc' dir='ltr'>στόλων</span> <span class='ocrx_word' id='word_1_500' title='bbox 153 2007 192 2038; x_wconf 70' lang='grc' dir='ltr'><strong>εἰς</strong></span> <span class='ocrx_word' id='word_1_501' title='bbox 206 2007 256 2041; x_wconf 85' lang='grc' dir='ltr'>τὴν</span> <span class='ocrx_word' id='word_1_502' title='bbox 272 2007 411 2041; x_wconf 79' lang='grc' dir='ltr'>βασιλείαν</span> <span class='ocrx_word' id='word_1_503' title='bbox 425 2007 472 2033; x_wconf 82' lang='grc' dir='ltr'>τοῦ</span> <span class='ocrx_word' id='word_1_504' title='bbox 498 2008 605 2042; x_wconf 85' lang='grc' dir='ltr'>Πατρδς</span> <span class='ocrx_word' id='word_1_505' title='bbox 615 2029 623 2041; x_wconf 88' lang='grc'><strong>,</strong></span> <span class='ocrx_word' id='word_1_506' title='bbox 648 2008 678 2034; x_wconf 83' lang='grc' dir='ltr'>τὸ</span> <span class='ocrx_word' id='word_1_507' title='bbox 693 2009 716 2035; x_wconf 81' lang='grc' dir='ltr'>δ’</span> <span class='ocrx_word' id='word_1_508' title='bbox 731 2009 830 2035; x_wconf 82' lang='grc' dir='ltr'>ἀποδυ-</span> 
     </span>
    </p>
   </div>
   <div class='ocr_carea' id='block_1_72' title="bbox 30 2052 827 2088">
    <p class='ocr_par' dir='ltr' id='par_1_72' title="bbox 30 2052 827 2088">
     <span class='ocr_line' id='line_1_72' title="bbox 30 2052 827 2088; baseline 0.001 -8"><span class='ocrx_word' id='word_1_509' title='bbox 30 2054 82 2080; x_wconf 58' lang='lat' dir='ltr'><strong>etv</strong></span> <span class='ocrx_word' id='word_1_510' title='bbox 101 2052 181 2087; x_wconf 84' lang='grc' dir='ltr'>σῶμα</span> <span class='ocrx_word' id='word_1_511' title='bbox 194 2053 298 2080; x_wconf 71' lang='grc' dir='ltr'>τούτων</span> <span class='ocrx_word' id='word_1_512' title='bbox 315 2054 354 2084; x_wconf 84' lang='grc' dir='ltr'><strong>εἰς</strong></span> <span class='ocrx_word' id='word_1_513' title='bbox 367 2053 471 2088; x_wconf 80' lang='grc' dir='ltr'>τέφραν</span> <span class='ocrx_word' id='word_1_514' title='bbox 487 2054 534 2080; x_wconf 73' lang='grc' dir='ltr'>καὶ</span> <span class='ocrx_word' id='word_1_515' title='bbox 559 2055 635 2081; x_wconf 83' lang='grc' dir='ltr'>κόνιν</span> <span class='ocrx_word' id='word_1_516' title='bbox 661 2054 827 2086; x_wconf 86' lang='grc' dir='ltr'>διαλύεσθαι,</span> 
     </span>
    </p>
   </div>
   <div class='ocr_carea' id='block_1_73' title="bbox 31 2099 827 2136">
    <p class='ocr_par' dir='ltr' id='par_1_73' title="bbox 31 2099 827 2136">
     <span class='ocr_line' id='line_1_73' title="bbox 31 2099 827 2136; baseline 0 -10"><span class='ocrx_word' id='word_1_517' title='bbox 31 2100 138 2136; x_wconf 76' lang='grc' dir='ltr'>μηκέτι</span> <span class='ocrx_word' id='word_1_518' title='bbox 152 2100 283 2134; x_wconf 78' lang='grc' dir='ltr'>μηδαμῶς</span> <span class='ocrx_word' id='word_1_519' title='bbox 298 2099 490 2134; x_wconf 79' lang='grc' dir='ltr'>ἀνιστάμενον.</span> <span class='ocrx_word' id='word_1_520' title='bbox 516 2100 576 2127; x_wconf 75' lang='grc' dir='ltr'>Ὀτι</span> <span class='ocrx_word' id='word_1_521' title='bbox 599 2100 628 2127; x_wconf 78' lang='grc' dir='ltr'>δὲ</span> <span class='ocrx_word' id='word_1_522' title='bbox 648 2101 678 2128; x_wconf 80' lang='grc' dir='ltr'>οὐ</span> <span class='ocrx_word' id='word_1_523' title='bbox 702 2101 827 2136; x_wconf 82' lang='grc' dir='ltr'>καθάπερ</span> 
     </span>
    </p>
   </div>
   <div class='ocr_carea' id='block_1_74' title="bbox 31 2145 827 2181">
    <p class='ocr_par' dir='ltr' id='par_1_74' title="bbox 31 2145 827 2181">
     <span class='ocr_line' id='line_1_74' title="bbox 31 2145 827 2181; baseline -0.001 -8"><span class='ocrx_word' id='word_1_524' title='bbox 31 2148 64 2173; x_wconf 83' lang='grc' dir='ltr'>ὲν</span> <span class='ocrx_word' id='word_1_525' title='bbox 81 2145 168 2178; x_wconf 71' lang='grc' dir='ltr'>ὕπνῳ,</span> <span class='ocrx_word' id='word_1_526' title='bbox 182 2147 226 2172; x_wconf 75' lang='grc' dir='ltr'>καὶ</span> <span class='ocrx_word' id='word_1_527' title='bbox 239 2145 387 2172; x_wconf 81' lang='grc' dir='ltr'>ἀπεκδύσει</span> <span class='ocrx_word' id='word_1_528' title='bbox 401 2146 576 2181; x_wconf 75' lang='grc' dir='ltr'>περιεθλαίου</span> <span class='ocrx_word' id='word_1_529' title='bbox 592 2147 698 2181; x_wconf 81' lang='grc' dir='ltr'>γίνεται</span> <span class='ocrx_word' id='word_1_530' title='bbox 722 2148 827 2178; x_wconf 81' lang='grc' dir='ltr'>τούτοις</span> 
     </span>
    </p>
   </div>
   <div class='ocr_carea' id='block_1_75' title="bbox 29 2191 827 2228">
    <p class='ocr_par' dir='ltr' id='par_1_75' title="bbox 29 2191 827 2228">
     <span class='ocr_line' id='line_1_75' title="bbox 29 2191 827 2228; baseline 0.001 -9"><span class='ocrx_word' id='word_1_531' title='bbox 29 2191 171 2223; x_wconf 81' lang='grc' dir='ltr'>ἀνώδυνος</span> <span class='ocrx_word' id='word_1_532' title='bbox 191 2192 205 2217; x_wconf 84' lang='grc' dir='ltr'>ὁ</span> <span class='ocrx_word' id='word_1_533' title='bbox 221 2192 345 2223; x_wconf 83' lang='grc' dir='ltr'>θάνατος,</span> <span class='ocrx_word' id='word_1_534' title='bbox 368 2191 468 2224; x_wconf 74' lang='grc' dir='ltr'>ἔδειξεν</span> <span class='ocrx_word' id='word_1_535' title='bbox 487 2192 500 2218; x_wconf 86' lang='grc' dir='ltr'><strong>ὁ</strong></span> <span class='ocrx_word' id='word_1_536' title='bbox 515 2193 564 2227; x_wconf 84' lang='grc' dir='ltr'>τῆς</span> <span class='ocrx_word' id='word_1_537' title='bbox 589 2194 722 2228; x_wconf 75' lang='grc' dir='ltr'>αἱρέσεως</span> <span class='ocrx_word' id='word_1_538' title='bbox 737 2194 827 2222; x_wconf 78' lang='grc' dir='ltr'>αὐτῶν</span> 
     </span>
    </p>
   </div>
   <div class='ocr_carea' id='block_1_76' title="bbox 28 2237 827 2275">
    <p class='ocr_par' dir='ltr' id='par_1_76' title="bbox 28 2237 827 2275">
     <span class='ocr_line' id='line_1_76' title="bbox 28 2237 827 2275; baseline 0.004 -11"><span class='ocrx_word' id='word_1_539' title='bbox 28 2239 160 2272; x_wconf 78' lang='grc' dir='ltr'>ἔξαρχος,</span> <span class='ocrx_word' id='word_1_540' title='bbox 171 2237 282 2268; x_wconf 82' lang='grc' dir='ltr'>πολλαῖς</span> <span class='ocrx_word' id='word_1_541' title='bbox 298 2237 406 2269; x_wconf 79' lang='grc' dir='ltr'>ὀδύναις</span> <span class='ocrx_word' id='word_1_542' title='bbox 418 2237 582 2272; x_wconf 71' lang='grc' dir='ltr'>ὑποϐληθεὶς</span> <span class='ocrx_word' id='word_1_543' title='bbox 592 2241 663 2274; x_wconf 79' lang='grc' dir='ltr'>μετὰ</span> <span class='ocrx_word' id='word_1_544' title='bbox 677 2240 707 2266; x_wconf 79' lang='grc' dir='ltr'>τὸ</span> <span class='ocrx_word' id='word_1_545' title='bbox 718 2240 827 2275; x_wconf 80' lang='grc' dir='ltr'>δοθῆναι</span> 
     </span>
    </p>
   </div>
   <div class='ocr_carea' id='block_1_77' title="bbox 30 2283 828 2323">
    <p class='ocr_par' dir='ltr' id='par_1_77' title="bbox 30 2283 828 2323">
     <span class='ocr_line' id='line_1_77' title="bbox 30 2283 828 2323; baseline 0.004 -13"><span class='ocrx_word' id='word_1_546' title='bbox 30 2283 97 2311; x_wconf 84' lang='grc' dir='ltr'>κατ’</span> <span class='ocrx_word' id='word_1_547' title='bbox 111 2283 193 2309; x_wconf 78' lang='grc' dir='ltr'>αὑτοῦ</span> <span class='ocrx_word' id='word_1_548' title='bbox 212 2283 261 2319; x_wconf 83' lang='grc' dir='ltr'>τὴν</span> <span class='ocrx_word' id='word_1_549' title='bbox 276 2283 321 2309; x_wconf 71' lang='grc' dir='ltr'><strong>διὰ</strong></span> <span class='ocrx_word' id='word_1_550' title='bbox 336 2283 422 2320; x_wconf 81' lang='grc' dir='ltr'>πυρὸς</span> <span class='ocrx_word' id='word_1_551' title='bbox 434 2284 584 2318; x_wconf 82' lang='grc' dir='ltr'>ἀπόφασιν,</span> <span class='ocrx_word' id='word_1_552' title='bbox 611 2285 660 2312; x_wconf 78' lang='grc' dir='ltr'>καὶ</span> <span class='ocrx_word' id='word_1_553' title='bbox 687 2286 725 2322; x_wconf 84' lang='grc' dir='ltr'>τῷ</span> <span class='ocrx_word' id='word_1_554' title='bbox 754 2287 828 2323; x_wconf 73' lang='grc' dir='ltr'><strong>φόὸῳ</strong></span> 
     </span>
    </p>
   </div>
   <div class='ocr_carea' id='block_1_78' title="bbox 29 2329 828 2368">
    <p class='ocr_par' dir='ltr' id='par_1_78' title="bbox 29 2329 828 2368">
     <span class='ocr_line' id='line_1_78' title="bbox 29 2329 828 2368; baseline 0.004 -11"><span class='ocrx_word' id='word_1_555' title='bbox 29 2329 362 2366; x_wconf 75' lang='grc' dir='ltr'>προσκαταδαπανηθεὶς,</span> <span class='ocrx_word' id='word_1_556' title='bbox 377 2330 425 2356; x_wconf 72' lang='grc' dir='ltr'>καὶ</span> <span class='ocrx_word' id='word_1_557' title='bbox 443 2329 556 2365; x_wconf 84' lang='grc' dir='ltr'>καιρίας</span> <span class='ocrx_word' id='word_1_558' title='bbox 580 2331 688 2367; x_wconf 82' lang='grc' dir='ltr'>πληγὰς</span> <span class='ocrx_word' id='word_1_559' title='bbox 711 2333 752 2364; x_wconf 84' lang='grc' dir='ltr'><strong>εις</strong></span> <span class='ocrx_word' id='word_1_560' title='bbox 778 2333 828 2368; x_wconf 86' lang='grc' dir='ltr'>τὴν</span> 
     </span>
    </p>
   </div>
   <div class='ocr_carea' id='block_1_79' title="bbox 28 2375 828 2414">
    <p class='ocr_par' dir='ltr' id='par_1_79' title="bbox 28 2375 828 2414">
     <span class='ocr_line' id='line_1_79' title="bbox 28 2375 828 2414; baseline 0.004 -12"><span class='ocrx_word' id='word_1_561' title='bbox 28 2375 151 2411; x_wconf 77' lang='grc' dir='ltr'>καρδίαν</span> <span class='ocrx_word' id='word_1_562' title='bbox 163 2375 320 2410; x_wconf 77' lang='grc' dir='ltr'>δεξάμενος,</span> <span class='ocrx_word' id='word_1_563' title='bbox 335 2376 380 2402; x_wconf 78' lang='grc' dir='ltr'>ὅτε</span> <span class='ocrx_word' id='word_1_564' title='bbox 391 2376 438 2402; x_wconf 87' lang='grc' dir='ltr'>τοῦ</span> <span class='ocrx_word' id='word_1_565' title='bbox 453 2376 592 2412; x_wconf 84' lang='grc' dir='ltr'>δράματος</span> <span class='ocrx_word' id='word_1_566' title='bbox 612 2378 828 2414; x_wconf 74' lang='grc' dir='ltr'>ἀπογυμνωθέν-</span> 
     </span>
    </p>
   </div>
   <div class='ocr_carea' id='block_1_80' title="bbox 27 2421 828 2460">
    <p class='ocr_par' dir='ltr' id='par_1_80' title="bbox 27 2421 828 2460">
     <span class='ocr_line' id='line_1_80' title="bbox 27 2421 828 2460; baseline 0.004 -11"><span class='ocrx_word' id='word_1_567' title='bbox 27 2431 89 2453; x_wconf 80' lang='grc' dir='ltr'>τος,</span> <span class='ocrx_word' id='word_1_568' title='bbox 107 2421 177 2455; x_wconf 71' lang='grc' dir='ltr'>ἔγνω</span> <span class='ocrx_word' id='word_1_569' title='bbox 199 2422 422 2457; x_wconf 82' lang='grc' dir='ltr'>κατασοφισθεὶς,</span> <span class='ocrx_word' id='word_1_570' title='bbox 448 2423 504 2450; x_wconf 85' lang='grc' dir='ltr'><strong>τῶν</strong></span> <span class='ocrx_word' id='word_1_571' title='bbox 521 2423 679 2459; x_wconf 78' lang='grc' dir='ltr'>μυστηρίων</span> <span class='ocrx_word' id='word_1_572' title='bbox 705 2425 754 2459; x_wconf 88' lang='grc' dir='ltr'>μὲν</span> <span class='ocrx_word' id='word_1_573' title='bbox 779 2425 828 2460; x_wconf 85' lang='grc' dir='ltr'>τῆς</span> 
     </span>
    </p>
   </div>
   <div class='ocr_carea' id='block_1_81' title="bbox 28 2467 829 2505">
    <p class='ocr_par' dir='ltr' id='par_1_81' title="bbox 28 2467 829 2505">
     <span class='ocr_line' id='line_1_81' title="bbox 28 2467 829 2505; baseline 0.006 -13"><span class='ocrx_word' id='word_1_574' title='bbox 28 2467 156 2497; x_wconf 76' lang='grc' dir='ltr'>πίστεως</span> <span class='ocrx_word' id='word_1_575' title='bbox 181 2467 264 2504; x_wconf 79' lang='grc' dir='ltr'>αὑτοῦ</span> <span class='ocrx_word' id='word_1_576' title='bbox 287 2467 523 2502; x_wconf 83' lang='grc' dir='ltr'>δημοσιευθέντων</span> <span class='ocrx_word' id='word_1_577' title='bbox 545 2469 593 2496; x_wconf 74' lang='grc' dir='ltr'>καὶ</span> <span class='ocrx_word' id='word_1_578' title='bbox 620 2470 829 2505; x_wconf 83' lang='grc' dir='ltr'>παραδοθέντων</span> 
     </span>
    </p>
   </div>
   <div class='ocr_carea' id='block_1_82' title="bbox 27 2512 829 2551">
    <p class='ocr_par' dir='ltr' id='par_1_82' title="bbox 27 2512 829 2551">
     <span class='ocr_line' id='line_1_82' title="bbox 27 2512 829 2551; baseline 0.009 -14"><span class='ocrx_word' id='word_1_579' title='bbox 27 2513 129 2548; x_wconf 81' lang='grc' dir='ltr'>γραφῇ</span> <span class='ocrx_word' id='word_1_580' title='bbox 146 2513 213 2547; x_wconf 71' lang='grc' dir='ltr'>πρὸς</span> <span class='ocrx_word' id='word_1_581' title='bbox 231 2512 377 2548; x_wconf 74' lang='grc' dir='ltr'>θρίαμϐον,</span> <span class='ocrx_word' id='word_1_582' title='bbox 396 2514 452 2541; x_wconf 90' lang='grc' dir='ltr'><strong>τῶν</strong></span> <span class='ocrx_word' id='word_1_583' title='bbox 468 2514 598 2551; x_wconf 82' lang='grc' dir='ltr'>μαθητῶν</span> <span class='ocrx_word' id='word_1_584' title='bbox 614 2516 641 2543; x_wconf 83' lang='grc' dir='ltr'>δὲ</span> <span class='ocrx_word' id='word_1_585' title='bbox 660 2516 752 2549; x_wconf 82' lang='grc' dir='ltr'>αὑτοῦ,</span> <span class='ocrx_word' id='word_1_586' title='bbox 782 2519 829 2545; x_wconf 76' lang='grc' dir='ltr'>καὶ</span> 
     </span>
    </p>
   </div>
   <div class='ocr_carea' id='block_1_83' title="bbox 30 2558 828 2599">
    <p class='ocr_par' dir='ltr' id='par_1_83' title="bbox 30 2558 828 2599">
     <span class='ocr_line' id='line_1_83' title="bbox 30 2558 828 2599; baseline 0.009 -16"><span class='ocrx_word' id='word_1_587' title='bbox 30 2558 157 2594; x_wconf 75' lang='grc' dir='ltr'>μάλιστα</span> <span class='ocrx_word' id='word_1_588' title='bbox 183 2560 334 2593; x_wconf 84' lang='grc' dir='ltr'>συγγενῶν,</span> <span class='ocrx_word' id='word_1_589' title='bbox 363 2561 411 2587; x_wconf 76' lang='grc' dir='ltr'>καὶ</span> <span class='ocrx_word' id='word_1_590' title='bbox 436 2561 490 2587; x_wconf 89' lang='grc' dir='ltr'><strong>τῶν</strong></span> <span class='ocrx_word' id='word_1_591' title='bbox 520 2561 608 2595; x_wconf 83' lang='grc' dir='ltr'>ἄλλως</span> <span class='ocrx_word' id='word_1_592' title='bbox 635 2564 828 2599; x_wconf 82' lang='grc' dir='ltr'>γνησιωτέρων</span> 
     </span>
    </p>
   </div>
   <div class='ocr_carea' id='block_1_84' title="bbox 30 2604 830 2642">
    <p class='ocr_par' dir='ltr' id='par_1_84' title="bbox 30 2604 830 2642">
     <span class='ocr_line' id='line_1_84' title="bbox 30 2604 830 2642; baseline 0.009 -13"><span class='ocrx_word' id='word_1_593' title='bbox 30 2604 278 2638; x_wconf 82' lang='grc' dir='ltr'>σαγηνευθέντων,</span> <span class='ocrx_word' id='word_1_594' title='bbox 305 2606 352 2632; x_wconf 81' lang='grc' dir='ltr'><strong>καὶ</strong></span> <span class='ocrx_word' id='word_1_595' title='bbox 373 2608 432 2638; x_wconf 87' lang='grc' dir='ltr'>ταῖς</span> <span class='ocrx_word' id='word_1_596' title='bbox 457 2607 581 2642; x_wconf 84' lang='grc' dir='ltr'>εἱρκταῖς</span> <span class='ocrx_word' id='word_1_597' title='bbox 608 2608 830 2636; x_wconf 80' lang='grc' dir='ltr'>ὲναποκλεισθὲν-</span> 
     </span>
    </p>
   </div>
   <div class='ocr_carea' id='block_1_85' title="bbox 27 2650 827 2690">
    <p class='ocr_par' dir='ltr' id='par_1_85' title="bbox 27 2650 827 2690">
     <span class='ocr_line' id='line_1_85' title="bbox 27 2650 827 2690; baseline 0.006 -13"><span class='ocrx_word' id='word_1_598' title='bbox 27 2659 103 2682; x_wconf 84' lang='grc' dir='ltr'>των,</span> <span class='ocrx_word' id='word_1_599' title='bbox 118 2650 165 2676; x_wconf 81' lang='grc' dir='ltr'>καὶ</span> <span class='ocrx_word' id='word_1_600' title='bbox 182 2651 271 2685; x_wconf 73' lang='grc' dir='ltr'>πάσης</span> <span class='ocrx_word' id='word_1_601' title='bbox 281 2651 356 2686; x_wconf 75' lang='grc' dir='ltr'><strong>αὑτῷ</strong></span> <span class='ocrx_word' id='word_1_602' title='bbox 369 2653 539 2688; x_wconf 85' lang='grc' dir='ltr'>πανταχόθεν</span> <span class='ocrx_word' id='word_1_603' title='bbox 566 2653 694 2690; x_wconf 83' lang='grc' dir='ltr'>βοηθείας</span> <span class='ocrx_word' id='word_1_604' title='bbox 719 2655 827 2682; x_wconf 82' lang='grc' dir='ltr'>ἀπολω-</span> 
     </span>
    </p>
   </div>
   <div class='ocr_carea' id='block_1_86' title="bbox 29 2695 825 2735">
    <p class='ocr_par' dir='ltr' id='par_1_86' title="bbox 29 2695 825 2735">
     <span class='ocr_line' id='line_1_86' title="bbox 29 2695 825 2735; baseline 0.009 -15"><span class='ocrx_word' id='word_1_605' title='bbox 29 2695 135 2727; x_wconf 85' lang='grc' dir='ltr'>λυίας,</span> <span class='ocrx_word' id='word_1_606' title='bbox 167 2698 214 2722; x_wconf 71' lang='grc' dir='ltr'>καὶ</span> <span class='ocrx_word' id='word_1_607' title='bbox 239 2697 362 2730; x_wconf 86' lang='grc' dir='ltr'>φρούδων</span> <span class='ocrx_word' id='word_1_608' title='bbox 391 2698 445 2724; x_wconf 85' lang='grc' dir='ltr'><strong>τῶν</strong></span> <span class='ocrx_word' id='word_1_609' title='bbox 466 2699 595 2734; x_wconf 59' lang='grc' dir='ltr'>;ὲλπίδων</span> <span class='ocrx_word' id='word_1_610' title='bbox 622 2701 825 2735; x_wconf 84' lang='grc' dir='ltr'>γεγενημένων.</span> 
     </span>
    </p>
   </div>
   <div class='ocr_carea' id='block_1_87' title="bbox 30 2741 828 2779">
    <p class='ocr_par' dir='ltr' id='par_1_87' title="bbox 30 2741 828 2779">
     <span class='ocr_line' id='line_1_87' title="bbox 30 2741 828 2779; baseline 0.005 -11"><span class='ocrx_word' id='word_1_611' title='bbox 30 2741 107 2772; x_wconf 78' lang='grc' dir='ltr'>Τοὺς</span> <span class='ocrx_word' id='word_1_612' title='bbox 119 2742 173 2775; x_wconf 77' lang='grc' dir='ltr'><strong>γὰρ</strong></span> <span class='ocrx_word' id='word_1_613' title='bbox 192 2741 328 2776; x_wconf 77' lang='grc' dir='ltr'>μαθητὰς,</span> <span class='ocrx_word' id='word_1_614' title='bbox 342 2743 379 2774; x_wconf 85' lang='grc' dir='ltr'>ὡς</span> <span class='ocrx_word' id='word_1_615' title='bbox 391 2744 511 2779; x_wconf 82' lang='grc' dir='ltr'>εἴρηται,</span> <span class='ocrx_word' id='word_1_616' title='bbox 539 2746 587 2771; x_wconf 81' lang='grc' dir='ltr'>καὶ</span> <span class='ocrx_word' id='word_1_617' title='bbox 599 2747 743 2779; x_wconf 78' lang='grc' dir='ltr'>συγγενεῖς</span> <span class='ocrx_word' id='word_1_618' title='bbox 756 2745 828 2773; x_wconf 78' lang='grc' dir='ltr'>οὕτω</span> 
     </span>
    </p>
   </div>
   <div class='ocr_carea' id='block_1_88' title="bbox 30 2787 823 2827">
    <p class='ocr_par' dir='ltr' id='par_1_88' title="bbox 30 2787 823 2827">
     <span class='ocr_line' id='line_1_88' title="bbox 30 2787 823 2827; baseline 0.005 -13"><span class='ocrx_word' id='word_1_619' title='bbox 30 2787 162 2818; x_wconf 77' lang='grc' dir='ltr'>ἐλεεινῶς</span> <span class='ocrx_word' id='word_1_620' title='bbox 187 2787 298 2822; x_wconf 72' lang='grc' dir='ltr'>ἔχοντας</span> <span class='ocrx_word' id='word_1_621' title='bbox 328 2790 389 2815; x_wconf 72' lang='grc' dir='ltr'>ἰδὼν</span> <span class='ocrx_word' id='word_1_622' title='bbox 429 2790 505 2825; x_wconf 68' lang='grc' dir='ltr'>παρὰ</span> <span class='ocrx_word' id='word_1_623' title='bbox 531 2792 621 2818; x_wconf 82' lang='grc' dir='ltr'>πᾶσαν</span> <span class='ocrx_word' id='word_1_624' title='bbox 649 2791 823 2827; x_wconf 65' lang='grc' dir='ltr'>προσδοκίαν</span> 
     </span>
    </p>
   </div>
   <div class='ocr_carea' id='block_1_89' title="bbox 67 2876 350 2908">
    <p class='ocr_par' dir='ltr' id='par_1_89' title="bbox 67 2876 350 2908">
     <span class='ocr_line' id='line_1_89' title="bbox 67 2876 350 2908; baseline 0.018 -6"><span class='ocrx_word' id='word_1_625' title='bbox 67 2877 75 2892; x_wconf 86' lang='grc'>¹</span> <span class='ocrx_word' id='word_1_626' title='bbox 99 2876 197 2905; x_wconf 82' lang='lat' dir='ltr'><strong>Matth.</strong></span> <span class='ocrx_word' id='word_1_627' title='bbox 227 2886 305 2908; x_wconf 75' lang='lat' dir='ltr'><strong>uin.</strong></span> <span class='ocrx_word' id='word_1_628' title='bbox 323 2879 350 2907; x_wconf 82' lang='lat'><strong>5.</strong></span> 
     </span>
    </p>
   </div>
   <div class='ocr_carea' id='block_1_90' title="bbox 881 1595 1682 1632">
    <p class='ocr_par' dir='ltr' id='par_1_90' title="bbox 881 1595 1682 1632">
     <span class='ocr_line' id='line_1_90' title="bbox 881 1595 1682 1632; baseline 0.002 -10"><span class='ocrx_word' id='word_1_629' title='bbox 881 1595 1033 1622; x_wconf 88' lang='lat' dir='ltr'><strong>subsistens</strong></span> <span class='ocrx_word' id='word_1_630' title='bbox 1055 1602 1181 1630; x_wconf 83' lang='lat' dir='ltr'><strong>persona,</strong></span> <span class='ocrx_word' id='word_1_631' title='bbox 1203 1600 1230 1622; x_wconf 89' lang='lat' dir='ltr'><strong>et</strong></span> <span class='ocrx_word' id='word_1_632' title='bbox 1247 1596 1371 1627; x_wconf 85' lang='lat' dir='ltr'><strong>verbum,</strong></span> <span class='ocrx_word' id='word_1_633' title='bbox 1407 1596 1478 1629; x_wconf 91' lang='lat' dir='ltr'><strong>quod</strong></span> <span class='ocrx_word' id='word_1_634' title='bbox 1496 1604 1544 1624; x_wconf 91' lang='lat' dir='ltr'><strong>ore</strong></span> <span class='ocrx_word' id='word_1_635' title='bbox 1560 1605 1682 1632; x_wconf 82' lang='lat' dir='ltr'><strong>pronun—</strong></span> 
     </span>
    </p>
   </div>
   <div class='ocr_carea' id='block_1_91' title="bbox 883 1641 1681 1672">
    <p class='ocr_par' dir='ltr' id='par_1_91' title="bbox 883 1641 1681 1672">
     <span class='ocr_line' id='line_1_91' title="bbox 883 1641 1681 1672; baseline 0.003 -4"><span class='ocrx_word' id='word_1_636' title='bbox 883 1641 975 1672; x_wconf 88' lang='lat' dir='ltr'><strong>tiatur,</strong></span> <span class='ocrx_word' id='word_1_637' title='bbox 994 1645 1023 1667; x_wconf 91' lang='lat' dir='ltr'><strong>ut</strong></span> <span class='ocrx_word' id='word_1_638' title='bbox 1034 1641 1193 1668; x_wconf 84' lang='lat' dir='ltr'><strong>omittamus</strong></span> <span class='ocrx_word' id='word_1_639' title='bbox 1209 1649 1252 1668; x_wconf 88' lang='lat' dir='ltr'><strong>res</strong></span> <span class='ocrx_word' id='word_1_640' title='bbox 1279 1641 1448 1668; x_wconf 84' lang='lat' dir='ltr'><strong>venerandas</strong></span> <span class='ocrx_word' id='word_1_641' title='bbox 1462 1646 1489 1668; x_wconf 89' lang='lat' dir='ltr'><strong>et</strong></span> <span class='ocrx_word' id='word_1_642' title='bbox 1505 1642 1681 1670; x_wconf 73' lang='lat' dir='ltr'><strong>admirabiles</strong></span> 
     </span>
    </p>
   </div>
   <div class='ocr_carea' id='block_1_92' title="bbox 881 1687 1414 1722">
    <p class='ocr_par' dir='ltr' id='par_1_92' title="bbox 881 1687 1414 1722">
     <span class='ocr_line' id='line_1_92' title="bbox 881 1687 1414 1722; baseline 0.002 -9"><span class='ocrx_word' id='word_1_643' title='bbox 881 1695 941 1722; x_wconf 64' lang='lat' dir='ltr'><strong>qua</strong></span> <span class='ocrx_word' id='word_1_644' title='bbox 956 1687 982 1714; x_wconf 88' lang='lat' dir='ltr'><strong>iu</strong></span> <span class='ocrx_word' id='word_1_645' title='bbox 996 1687 1040 1714; x_wconf 92' lang='lat' dir='ltr'><strong>Dei</strong></span> <span class='ocrx_word' id='word_1_646' title='bbox 1057 1687 1194 1714; x_wconf 87' lang='lat' dir='ltr'><strong>Genitrice</strong></span> <span class='ocrx_word' id='word_1_647' title='bbox 1210 1688 1327 1722; x_wconf 55' lang='lat' dir='ltr'><strong>propriae</strong></span> <span class='ocrx_word' id='word_1_648' title='bbox 1341 1693 1414 1715; x_wconf 80' lang='lat' dir='ltr'><strong>sunt.</strong></span> 
     </span>
    </p>
   </div>
   <div class='ocr_carea' id='block_1_93' title="bbox 916 1732 1681 1768">
    <p class='ocr_par' dir='ltr' id='par_1_93' title="bbox 916 1732 1681 1768">
     <span class='ocr_line' id='line_1_93' title="bbox 916 1732 1681 1768; baseline 0.003 -9"><span class='ocrx_word' id='word_1_649' title='bbox 916 1732 962 1759; x_wconf 70' lang='lat'><strong>23.</strong></span> <span class='ocrx_word' id='word_1_650' title='bbox 980 1733 1015 1760; x_wconf 83' lang='lat' dir='ltr'><strong>At</strong></span> <span class='ocrx_word' id='word_1_651' title='bbox 1033 1733 1079 1767; x_wconf 91' lang='lat' dir='ltr'><strong>qui</strong></span> <span class='ocrx_word' id='word_1_652' title='bbox 1108 1733 1164 1760; x_wconf 82' lang='lat' dir='ltr'><strong>sint</strong></span> <span class='ocrx_word' id='word_1_653' title='bbox 1178 1733 1322 1768; x_wconf 87' lang='lat' dir='ltr'><strong>ejusmodi,</strong></span> <span class='ocrx_word' id='word_1_654' title='bbox 1347 1740 1394 1760; x_wconf 71' lang='lat' dir='ltr'><strong>e05</strong></span> <span class='ocrx_word' id='word_1_655' title='bbox 1415 1737 1515 1768; x_wconf 75' lang='lat' dir='ltr'><strong>negant</strong></span> <span class='ocrx_word' id='word_1_656' title='bbox 1543 1733 1622 1767; x_wconf 87' lang='lat' dir='ltr'><strong>mori,</strong></span> <span class='ocrx_word' id='word_1_657' title='bbox 1634 1734 1681 1761; x_wconf 86' lang='lat' dir='ltr'><strong>sed</strong></span> 
     </span>
    </p>
   </div>
   <div class='ocr_carea' id='block_1_94' title="bbox 883 1779 1681 1812">
    <p class='ocr_par' dir='ltr' id='par_1_94' title="bbox 883 1779 1681 1812">
     <span class='ocr_line' id='line_1_94' title="bbox 883 1779 1681 1812; baseline 0.004 -8"><span class='ocrx_word' id='word_1_658' title='bbox 883 1783 1012 1812; x_wconf 83' lang='lat' dir='ltr'><strong>tauquam</strong></span> <span class='ocrx_word' id='word_1_659' title='bbox 1028 1779 1054 1804; x_wconf 94' lang='lat' dir='ltr'><strong>in</strong></span> <span class='ocrx_word' id='word_1_660' title='bbox 1071 1786 1166 1805; x_wconf 89' lang='lat' dir='ltr'><strong>somno</strong></span> <span class='ocrx_word' id='word_1_661' title='bbox 1181 1779 1376 1810; x_wconf 90' lang='lat' dir='ltr'><strong>transmutari,</strong></span> <span class='ocrx_word' id='word_1_662' title='bbox 1397 1784 1425 1807; x_wconf 91' lang='lat' dir='ltr'><strong>et</strong></span> <span class='ocrx_word' id='word_1_663' title='bbox 1449 1781 1508 1807; x_wconf 89' lang='lat' dir='ltr'><strong>sine</strong></span> <span class='ocrx_word' id='word_1_664' title='bbox 1523 1780 1577 1807; x_wconf 93' lang='lat' dir='ltr'><strong>ullo</strong></span> <span class='ocrx_word' id='word_1_665' title='bbox 1589 1781 1681 1808; x_wconf 83' lang='lat' dir='ltr'><strong>labore</strong></span> 
     </span>
    </p>
   </div>
   <div class='ocr_carea' id='block_1_95' title="bbox 881 1824 1681 1860">
    <p class='ocr_par' dir='ltr' id='par_1_95' title="bbox 881 1824 1681 1860">
     <span class='ocr_line' id='line_1_95' title="bbox 881 1824 1681 1860; baseline 0.004 -10"><span class='ocrx_word' id='word_1_666' title='bbox 881 1831 1020 1851; x_wconf 84' lang='lat' dir='ltr'><strong>ccenosum</strong></span> <span class='ocrx_word' id='word_1_667' title='bbox 1048 1825 1099 1851; x_wconf 93' lang='lat' dir='ltr'><strong>hoc</strong></span> <span class='ocrx_word' id='word_1_668' title='bbox 1128 1825 1218 1851; x_wconf 84' lang='lat' dir='ltr'><strong>carnis</strong></span> <span class='ocrx_word' id='word_1_669' title='bbox 1244 1824 1430 1851; x_wconf 77' lang='lat' dir='ltr'><strong>indumentum</strong></span> <span class='ocrx_word' id='word_1_670' title='bbox 1462 1832 1572 1859; x_wconf 83' lang='lat' dir='ltr'><strong>exuere,</strong></span> <span class='ocrx_word' id='word_1_671' title='bbox 1597 1831 1681 1860; x_wconf 86' lang='lat' dir='ltr'><strong>atque</strong></span> 
     </span>
    </p>
   </div>
   <div class='ocr_carea' id='block_1_96' title="bbox 882 1869 1677 1904">
    <p class='ocr_par' dir='ltr' id='par_1_96' title="bbox 882 1869 1677 1904">
     <span class='ocr_line' id='line_1_96' title="bbox 882 1869 1677 1904; baseline 0 -7"><span class='ocrx_word' id='word_1_672' title='bbox 882 1869 1062 1897; x_wconf 77' lang='lat' dir='ltr'><strong>immortalem</strong></span> <span class='ocrx_word' id='word_1_673' title='bbox 1091 1877 1123 1896; x_wconf 90' lang='lat' dir='ltr'><strong>ac</strong></span> <span class='ocrx_word' id='word_1_674' title='bbox 1152 1870 1270 1897; x_wconf 83' lang='lat' dir='ltr'><strong>divinam</strong></span> <span class='ocrx_word' id='word_1_675' title='bbox 1299 1870 1400 1897; x_wconf 80' lang='lat' dir='ltr'><strong>Christi</strong></span> <span class='ocrx_word' id='word_1_676' title='bbox 1423 1870 1520 1897; x_wconf 89' lang='lat' dir='ltr'><strong>stolam</strong></span> <span class='ocrx_word' id='word_1_677' title='bbox 1554 1871 1677 1904; x_wconf 72' lang='lat' dir='ltr'><strong>induere,</strong></span> 
     </span>
    </p>
   </div>
   <div class='ocr_carea' id='block_1_97' title="bbox 881 1915 1679 1950">
    <p class='ocr_par' dir='ltr' id='par_1_97' title="bbox 881 1915 1679 1950">
     <span class='ocr_line' id='line_1_97' title="bbox 881 1915 1679 1950; baseline 0.003 -8"><span class='ocrx_word' id='word_1_678' title='bbox 881 1915 1008 1948; x_wconf 83' lang='lat' dir='ltr'><strong>idemque</strong></span> <span class='ocrx_word' id='word_1_679' title='bbox 1044 1923 1143 1949; x_wconf 88' lang='lat' dir='ltr'><strong>corpus</strong></span> <span class='ocrx_word' id='word_1_680' title='bbox 1170 1919 1197 1942; x_wconf 89' lang='lat' dir='ltr'><strong>et</strong></span> <span class='ocrx_word' id='word_1_681' title='bbox 1221 1915 1335 1942; x_wconf 78' lang='lat' dir='ltr'><strong>formam</strong></span> <span class='ocrx_word' id='word_1_682' title='bbox 1364 1915 1486 1942; x_wconf 86' lang='lat' dir='ltr'><strong>eamdem</strong></span> <span class='ocrx_word' id='word_1_683' title='bbox 1515 1916 1639 1950; x_wconf 85' lang='lat' dir='ltr'><strong>induere,</strong></span> <span class='ocrx_word' id='word_1_684' title='bbox 1651 1923 1679 1944; x_wconf 77' lang='lat' dir='ltr'><strong>et</strong></span> 
     </span>
    </p>
   </div>
   <div class='ocr_carea' id='block_1_98' title="bbox 880 1961 1679 1996">
    <p class='ocr_par' dir='ltr' id='par_1_98' title="bbox 880 1961 1679 1996">
     <span class='ocr_line' id='line_1_98' title="bbox 880 1961 1679 1996; baseline 0.004 -9"><span class='ocrx_word' id='word_1_685' title='bbox 880 1961 1064 1996; x_wconf 73' lang='lat' dir='ltr'><strong>praeeuntibus</strong></span> <span class='ocrx_word' id='word_1_686' title='bbox 1091 1961 1195 1996; x_wconf 75' lang='lat' dir='ltr'><strong>angelis</strong></span> <span class='ocrx_word' id='word_1_687' title='bbox 1217 1965 1244 1987; x_wconf 86' lang='lat' dir='ltr'><strong>et</strong></span> <span class='ocrx_word' id='word_1_688' title='bbox 1260 1961 1388 1995; x_wconf 87' lang='lat' dir='ltr'><strong>apostolis</strong></span> <span class='ocrx_word' id='word_1_689' title='bbox 1403 1961 1429 1987; x_wconf 94' lang='lat' dir='ltr'><strong>in</strong></span> <span class='ocrx_word' id='word_1_690' title='bbox 1448 1961 1535 1988; x_wconf 83' lang='lat' dir='ltr'><strong>Patris</strong></span> <span class='ocrx_word' id='word_1_691' title='bbox 1566 1969 1679 1996; x_wconf 75' lang='lat' dir='ltr'><strong>regnum</strong></span> 
     </span>
    </p>
   </div>
   <div class='ocr_carea' id='block_1_99' title="bbox 881 2007 1678 2041">
    <p class='ocr_par' dir='ltr' id='par_1_99' title="bbox 881 2007 1678 2041">
     <span class='ocr_line' id='line_1_99' title="bbox 881 2007 1678 2041; baseline 0.003 -8"><span class='ocrx_word' id='word_1_692' title='bbox 881 2007 999 2040; x_wconf 88' lang='lat' dir='ltr'><strong>admitti,</strong></span> <span class='ocrx_word' id='word_1_693' title='bbox 1019 2014 1118 2041; x_wconf 86' lang='lat' dir='ltr'><strong>corpus</strong></span> <span class='ocrx_word' id='word_1_694' title='bbox 1136 2012 1236 2040; x_wconf 87' lang='lat' dir='ltr'><strong>autem,</strong></span> <span class='ocrx_word' id='word_1_695' title='bbox 1253 2008 1325 2041; x_wconf 89' lang='lat' dir='ltr'><strong>quod</strong></span> <span class='ocrx_word' id='word_1_696' title='bbox 1340 2008 1474 2039; x_wconf 75' lang='lat' dir='ltr'><strong>exuerint.</strong></span> <span class='ocrx_word' id='word_1_697' title='bbox 1503 2008 1530 2035; x_wconf 91' lang='lat' dir='ltr'><strong>in</strong></span> <span class='ocrx_word' id='word_1_698' title='bbox 1557 2008 1678 2036; x_wconf 83' lang='lat' dir='ltr'><strong>cinerem</strong></span> 
     </span>
    </p>
   </div>
   <div class='ocr_carea' id='block_1_100' title="bbox 880 2053 1679 2088">
    <p class='ocr_par' dir='ltr' id='par_1_100' title="bbox 880 2053 1679 2088">
     <span class='ocr_line' id='line_1_100' title="bbox 880 2053 1679 2088; baseline 0 -9"><span class='ocrx_word' id='word_1_699' title='bbox 880 2053 1072 2087; x_wconf 81' lang='lat' dir='ltr'><strong>pulveremque</strong></span> <span class='ocrx_word' id='word_1_700' title='bbox 1085 2053 1207 2085; x_wconf 89' lang='lat' dir='ltr'><strong>dissolvi,</strong></span> <span class='ocrx_word' id='word_1_701' title='bbox 1238 2061 1376 2088; x_wconf 85' lang='lat' dir='ltr'><strong>nunquam</strong></span> <span class='ocrx_word' id='word_1_702' title='bbox 1409 2054 1525 2088; x_wconf 84' lang='lat' dir='ltr'><strong>amplius</strong></span> <span class='ocrx_word' id='word_1_703' title='bbox 1540 2059 1679 2082; x_wconf 86' lang='lat' dir='ltr'><strong>surrectu-</strong></span> 
     </span>
    </p>
   </div>
   <div class='ocr_carea' id='block_1_101' title="bbox 880 2099 1678 2134">
    <p class='ocr_par' dir='ltr' id='par_1_101' title="bbox 880 2099 1678 2134">
     <span class='ocr_line' id='line_1_101' title="bbox 880 2099 1678 2134; baseline 0.003 -8"><span class='ocrx_word' id='word_1_704' title='bbox 880 2107 951 2126; x_wconf 86' lang='lat' dir='ltr'><strong>rum.</strong></span> <span class='ocrx_word' id='word_1_705' title='bbox 984 2099 1037 2126; x_wconf 82' lang='lat' dir='ltr'><strong>Sed</strong></span> <span class='ocrx_word' id='word_1_706' title='bbox 1070 2099 1167 2126; x_wconf 71' lang='lat' dir='ltr'><strong>falsum</strong></span> <span class='ocrx_word' id='word_1_707' title='bbox 1190 2107 1250 2126; x_wconf 82' lang='lat' dir='ltr'><strong>esse</strong></span> <span class='ocrx_word' id='word_1_708' title='bbox 1267 2100 1337 2134; x_wconf 88' lang='lat' dir='ltr'><strong>quod</strong></span> <span class='ocrx_word' id='word_1_709' title='bbox 1365 2103 1493 2134; x_wconf 77' lang='lat' dir='ltr'><strong>tanquam</strong></span> <span class='ocrx_word' id='word_1_710' title='bbox 1524 2101 1550 2127; x_wconf 94' lang='lat' dir='ltr'><strong>in</strong></span> <span class='ocrx_word' id='word_1_711' title='bbox 1582 2108 1678 2128; x_wconf 82' lang='lat' dir='ltr'><strong>somno</strong></span> 
     </span>
    </p>
   </div>
   <div class='ocr_carea' id='block_1_102' title="bbox 879 2146 1678 2180">
    <p class='ocr_par' dir='ltr' id='par_1_102' title="bbox 879 2146 1678 2180">
     <span class='ocr_line' id='line_1_102' title="bbox 879 2146 1678 2180; baseline 0.001 -8"><span class='ocrx_word' id='word_1_712' title='bbox 879 2146 1001 2180; x_wconf 82' lang='lat' dir='ltr'><strong>corporis</strong></span> <span class='ocrx_word' id='word_1_713' title='bbox 1029 2151 1131 2172; x_wconf 83' lang='lat' dir='ltr'><strong>exuant</strong></span> <span class='ocrx_word' id='word_1_714' title='bbox 1161 2147 1364 2178; x_wconf 83' lang='lat' dir='ltr'><strong>vestimentmn,</strong></span> <span class='ocrx_word' id='word_1_715' title='bbox 1392 2151 1420 2172; x_wconf 91' lang='lat' dir='ltr'><strong>et</strong></span> <span class='ocrx_word' id='word_1_716' title='bbox 1433 2147 1491 2173; x_wconf 88' lang='lat' dir='ltr'><strong>sine</strong></span> <span class='ocrx_word' id='word_1_717' title='bbox 1513 2147 1678 2174; x_wconf 83' lang='lat' dir='ltr'><strong>doloremo-</strong></span> 
     </span>
    </p>
   </div>
   <div class='ocr_carea' id='block_1_103' title="bbox 878 2191 1678 2228">
    <p class='ocr_par' dir='ltr' id='par_1_103' title="bbox 878 2191 1678 2228">
     <span class='ocr_line' id='line_1_103' title="bbox 878 2191 1678 2228; baseline 0.001 -10"><span class='ocrx_word' id='word_1_718' title='bbox 878 2193 993 2224; x_wconf 87' lang='lat' dir='ltr'><strong>riantur,</strong></span> <span class='ocrx_word' id='word_1_719' title='bbox 1012 2192 1138 2226; x_wconf 86' lang='lat' dir='ltr'><strong>princeps</strong></span> <span class='ocrx_word' id='word_1_720' title='bbox 1156 2191 1265 2218; x_wconf 68' lang='lat' dir='ltr'><strong>hazresis</strong></span> <span class='ocrx_word' id='word_1_721' title='bbox 1277 2192 1395 2226; x_wconf 87' lang='lat' dir='ltr'><strong>ipsorum</strong></span> <span class='ocrx_word' id='word_1_722' title='bbox 1413 2193 1543 2226; x_wconf 83' lang='lat' dir='ltr'><strong>ostendit,</strong></span> <span class='ocrx_word' id='word_1_723' title='bbox 1559 2194 1605 2228; x_wconf 90' lang='lat' dir='ltr'><strong>qui</strong></span> <span class='ocrx_word' id='word_1_724' title='bbox 1623 2200 1678 2220; x_wconf 88' lang='lat' dir='ltr'><strong>ma-</strong></span> 
     </span>
    </p>
   </div>
   <div class='ocr_carea' id='block_1_104' title="bbox 880 2238 1678 2273">
    <p class='ocr_par' dir='ltr' id='par_1_104' title="bbox 880 2238 1678 2273">
     <span class='ocr_line' id='line_1_104' title="bbox 880 2238 1678 2273; baseline 0.001 -7"><span class='ocrx_word' id='word_1_725' title='bbox 880 2240 940 2273; x_wconf 80' lang='lat' dir='ltr'><strong>gnis</strong></span> <span class='ocrx_word' id='word_1_726' title='bbox 963 2238 1075 2265; x_wconf 79' lang='lat' dir='ltr'><strong>allectus</strong></span> <span class='ocrx_word' id='word_1_727' title='bbox 1115 2238 1253 2265; x_wconf 85' lang='lat' dir='ltr'><strong>doloribus</strong></span> <span class='ocrx_word' id='word_1_728' title='bbox 1281 2243 1309 2265; x_wconf 87' lang='lat' dir='ltr'><strong>et</strong></span> <span class='ocrx_word' id='word_1_729' title='bbox 1337 2242 1397 2272; x_wconf 89' lang='lat' dir='ltr'><strong>post</strong></span> <span class='ocrx_word' id='word_1_730' title='bbox 1427 2238 1508 2265; x_wconf 84' lang='lat' dir='ltr'><strong>latam</strong></span> <span class='ocrx_word' id='word_1_731' title='bbox 1546 2240 1678 2267; x_wconf 69' lang='lat' dir='ltr'><strong>adversus</strong></span> 
     </span>
    </p>
   </div>
   <div class='ocr_carea' id='block_1_105' title="bbox 878 2285 1677 2319">
    <p class='ocr_par' dir='ltr' id='par_1_105' title="bbox 878 2285 1677 2319">
     <span class='ocr_line' id='line_1_105' title="bbox 878 2285 1677 2319; baseline 0.001 -7"><span class='ocrx_word' id='word_1_732' title='bbox 878 2293 938 2312; x_wconf 88' lang='lat' dir='ltr'><strong>eum</strong></span> <span class='ocrx_word' id='word_1_733' title='bbox 966 2285 1140 2316; x_wconf 86' lang='lat' dir='ltr'><strong>sententiam,</strong></span> <span class='ocrx_word' id='word_1_734' title='bbox 1171 2288 1202 2311; x_wconf 92' lang='lat' dir='ltr'><strong>ut</strong></span> <span class='ocrx_word' id='word_1_735' title='bbox 1241 2285 1301 2319; x_wconf 80' lang='lat' dir='ltr'><strong>igne</strong></span> <span class='ocrx_word' id='word_1_736' title='bbox 1329 2289 1507 2316; x_wconf 86' lang='lat' dir='ltr'><strong>cremaretur,</strong></span> <span class='ocrx_word' id='word_1_737' title='bbox 1532 2285 1677 2313; x_wconf 68' lang='lat' dir='ltr'><strong>formidine</strong></span> 
     </span>
    </p>
   </div>
   <div class='ocr_carea' id='block_1_106' title="bbox 878 2330 1677 2365">
    <p class='ocr_par' dir='ltr' id='par_1_106' title="bbox 878 2330 1677 2365">
     <span class='ocr_line' id='line_1_106' title="bbox 878 2330 1677 2365; baseline 0 -7"><span class='ocrx_word' id='word_1_738' title='bbox 878 2332 1059 2362; x_wconf 87' lang='lat' dir='ltr'><strong>excruciatus,</strong></span> <span class='ocrx_word' id='word_1_739' title='bbox 1078 2330 1187 2358; x_wconf 84' lang='lat' dir='ltr'><strong>lcthalia</strong></span> <span class='ocrx_word' id='word_1_740' title='bbox 1208 2331 1320 2358; x_wconf 87' lang='lat' dir='ltr'><strong>vulnera</strong></span> <span class='ocrx_word' id='word_1_741' title='bbox 1338 2331 1364 2357; x_wconf 93' lang='lat' dir='ltr'><strong>in</strong></span> <span class='ocrx_word' id='word_1_742' title='bbox 1378 2338 1426 2358; x_wconf 88' lang='lat' dir='ltr'><strong>cor</strong></span> <span class='ocrx_word' id='word_1_743' title='bbox 1454 2332 1603 2365; x_wconf 79' lang='lat' dir='ltr'><strong>accipiens,</strong></span> <span class='ocrx_word' id='word_1_744' title='bbox 1617 2337 1677 2359; x_wconf 83' lang='lat' dir='ltr'><strong>tan-</strong></span> 
     </span>
    </p>
   </div>
   <div class='ocr_carea' id='block_1_107' title="bbox 877 2377 1676 2413">
    <p class='ocr_par' dir='ltr' id='par_1_107' title="bbox 877 2377 1676 2413">
     <span class='ocr_line' id='line_1_107' title="bbox 877 2377 1676 2413; baseline 0.003 -9"><span class='ocrx_word' id='word_1_745' title='bbox 877 2386 957 2412; x_wconf 88' lang='lat' dir='ltr'><strong>quam</strong></span> <span class='ocrx_word' id='word_1_746' title='bbox 985 2377 1123 2404; x_wconf 84' lang='lat' dir='ltr'><strong>histrionis</strong></span> <span class='ocrx_word' id='word_1_747' title='bbox 1141 2377 1232 2404; x_wconf 84' lang='lat' dir='ltr'><strong>habitu</strong></span> <span class='ocrx_word' id='word_1_748' title='bbox 1254 2378 1376 2412; x_wconf 88' lang='lat' dir='ltr'><strong>deposito</strong></span> <span class='ocrx_word' id='word_1_749' title='bbox 1391 2378 1524 2412; x_wconf 91' lang='lat' dir='ltr'><strong>impostor</strong></span> <span class='ocrx_word' id='word_1_750' title='bbox 1553 2379 1676 2413; x_wconf 75' lang='lat' dir='ltr'><strong>cognitus</strong></span> 
     </span>
    </p>
   </div>
   <div class='ocr_carea' id='block_1_108' title="bbox 878 2424 1676 2458">
    <p class='ocr_par' dir='ltr' id='par_1_108' title="bbox 878 2424 1676 2458">
     <span class='ocr_line' id='line_1_108' title="bbox 878 2424 1676 2458; baseline 0.003 -8"><span class='ocrx_word' id='word_1_751' title='bbox 878 2429 928 2456; x_wconf 89' lang='lat' dir='ltr'><strong>est,</strong></span> <span class='ocrx_word' id='word_1_752' title='bbox 946 2424 1083 2458; x_wconf 88' lang='lat' dir='ltr'><strong>mysteriis</strong></span> <span class='ocrx_word' id='word_1_753' title='bbox 1101 2424 1162 2451; x_wconf 87' lang='lat' dir='ltr'><strong>iidei</strong></span> <span class='ocrx_word' id='word_1_754' title='bbox 1178 2424 1261 2458; x_wconf 81' lang='lat' dir='ltr'><strong>ipsius</strong></span> <span class='ocrx_word' id='word_1_755' title='bbox 1281 2424 1387 2458; x_wconf 90' lang='lat' dir='ltr'><strong>publice</strong></span> <span class='ocrx_word' id='word_1_756' title='bbox 1410 2424 1561 2458; x_wconf 66' lang='lat' dir='ltr'><strong>patefactis,</strong></span> <span class='ocrx_word' id='word_1_757' title='bbox 1582 2429 1610 2452; x_wconf 82' lang='lat' dir='ltr'><strong>et</strong></span> <span class='ocrx_word' id='word_1_758' title='bbox 1631 2424 1676 2452; x_wconf 47' lang='lat' dir='ltr'><strong>l‘t-</strong></span> 
     </span>
    </p>
   </div>
   <div class='ocr_carea' id='block_1_109' title="bbox 879 2470 1673 2506">
    <p class='ocr_par' dir='ltr' id='par_1_109' title="bbox 879 2470 1673 2506">
     <span class='ocr_line' id='line_1_109' title="bbox 879 2470 1673 2506; baseline 0.003 -10"><span class='ocrx_word' id='word_1_759' title='bbox 879 2474 998 2497; x_wconf 86' lang='lat' dir='ltr'><strong>terarum</strong></span> <span class='ocrx_word' id='word_1_760' title='bbox 1016 2471 1199 2497; x_wconf 89' lang='lat' dir='ltr'><strong>monmuentis</strong></span> <span class='ocrx_word' id='word_1_761' title='bbox 1218 2471 1310 2505; x_wconf 59' lang='lat' dir='ltr'><strong>tropaei</strong></span> <span class='ocrx_word' id='word_1_762' title='bbox 1329 2470 1388 2498; x_wconf 91' lang='lat' dir='ltr'><strong>loco</strong></span> <span class='ocrx_word' id='word_1_763' title='bbox 1402 2472 1582 2506; x_wconf 75' lang='lat' dir='ltr'><strong>consignatis,</strong></span> <span class='ocrx_word' id='word_1_764' title='bbox 1609 2479 1673 2499; x_wconf 93' lang='lat' dir='ltr'><strong>cum</strong></span> 
     </span>
    </p>
   </div>
   <div class='ocr_carea' id='block_1_110' title="bbox 878 2516 1674 2552">
    <p class='ocr_par' dir='ltr' id='par_1_110' title="bbox 878 2516 1674 2552">
     <span class='ocr_line' id='line_1_110' title="bbox 878 2516 1674 2552; baseline 0.003 -9"><span class='ocrx_word' id='word_1_765' title='bbox 878 2519 906 2543; x_wconf 89' lang='lat' dir='ltr'><strong>et</strong></span> <span class='ocrx_word' id='word_1_766' title='bbox 937 2516 1061 2550; x_wconf 87' lang='lat' dir='ltr'><strong>discipuli</strong></span> <span class='ocrx_word' id='word_1_767' title='bbox 1083 2516 1153 2550; x_wconf 85' lang='lat' dir='ltr'><strong>ejus,</strong></span> <span class='ocrx_word' id='word_1_768' title='bbox 1183 2521 1211 2543; x_wconf 92' lang='lat' dir='ltr'><strong>et</strong></span> <span class='ocrx_word' id='word_1_769' title='bbox 1230 2517 1269 2543; x_wconf 95' lang='lat' dir='ltr'><strong>illi</strong></span> <span class='ocrx_word' id='word_1_770' title='bbox 1295 2518 1444 2551; x_wconf 72' lang='lat' dir='ltr'><strong>praesertim</strong></span> <span class='ocrx_word' id='word_1_771' title='bbox 1467 2518 1511 2552; x_wconf 92' lang='lat' dir='ltr'><strong>qui</strong></span> <span class='ocrx_word' id='word_1_772' title='bbox 1542 2518 1674 2552; x_wconf 75' lang='lat' dir='ltr'><strong>sanguine</strong></span> 
     </span>
    </p>
   </div>
   <div class='ocr_carea' id='block_1_111' title="bbox 878 2562 1674 2596">
    <p class='ocr_par' dir='ltr' id='par_1_111' title="bbox 878 2562 1674 2596">
     <span class='ocr_line' id='line_1_111' title="bbox 878 2562 1674 2596; baseline 0.004 -8"><span class='ocrx_word' id='word_1_773' title='bbox 878 2567 904 2589; x_wconf 92' lang='lat' dir='ltr'><strong>et</strong></span> <span class='ocrx_word' id='word_1_774' title='bbox 935 2562 1133 2589; x_wconf 66' lang='lat' dir='ltr'><strong>neceSsitudine</strong></span> <span class='ocrx_word' id='word_1_775' title='bbox 1164 2562 1299 2596; x_wconf 88' lang='lat' dir='ltr'><strong>conjuncti</strong></span> <span class='ocrx_word' id='word_1_776' title='bbox 1318 2567 1406 2594; x_wconf 81' lang='lat' dir='ltr'><strong>erant,</strong></span> <span class='ocrx_word' id='word_1_777' title='bbox 1440 2563 1466 2589; x_wconf 91' lang='lat' dir='ltr'><strong>in</strong></span> <span class='ocrx_word' id='word_1_778' title='bbox 1480 2570 1618 2590; x_wconf 83' lang='lat' dir='ltr'><strong>carcerem</strong></span> <span class='ocrx_word' id='word_1_779' title='bbox 1645 2569 1674 2591; x_wconf 87' lang='lat' dir='ltr'><strong>et</strong></span> 
     </span>
    </p>
   </div>
   <div class='ocr_carea' id='block_1_112' title="bbox 877 2607 1673 2643">
    <p class='ocr_par' dir='ltr' id='par_1_112' title="bbox 877 2607 1673 2643">
     <span class='ocr_line' id='line_1_112' title="bbox 877 2607 1673 2643; baseline 0.003 -9"><span class='ocrx_word' id='word_1_780' title='bbox 877 2607 985 2634; x_wconf 76' lang='lat' dir='ltr'><strong>vincula</strong></span> <span class='ocrx_word' id='word_1_781' title='bbox 1002 2607 1115 2640; x_wconf 85' lang='lat' dir='ltr'><strong>conjecti</strong></span> <span class='ocrx_word' id='word_1_782' title='bbox 1131 2612 1205 2639; x_wconf 90' lang='lat' dir='ltr'><strong>sunt,</strong></span> <span class='ocrx_word' id='word_1_783' title='bbox 1219 2612 1247 2635; x_wconf 93' lang='lat' dir='ltr'><strong>et</strong></span> <span class='ocrx_word' id='word_1_784' title='bbox 1263 2609 1454 2643; x_wconf 85' lang='lat' dir='ltr'><strong>omnibusipse</strong></span> <span class='ocrx_word' id='word_1_785' title='bbox 1471 2609 1588 2643; x_wconf 87' lang='lat' dir='ltr'><strong>undique</strong></span> <span class='ocrx_word' id='word_1_786' title='bbox 1598 2610 1673 2636; x_wconf 83' lang='lat' dir='ltr'><strong>auxi-</strong></span> 
     </span>
    </p>
   </div>
   <div class='ocr_carea' id='block_1_113' title="bbox 876 2652 1671 2689">
    <p class='ocr_par' dir='ltr' id='par_1_113' title="bbox 876 2652 1671 2689">
     <span class='ocr_line' id='line_1_113' title="bbox 876 2652 1671 2689; baseline 0.005 -10"><span class='ocrx_word' id='word_1_787' title='bbox 876 2652 921 2681; x_wconf 89' lang='lat' dir='ltr'><strong>liis</strong></span> <span class='ocrx_word' id='word_1_788' title='bbox 935 2658 962 2680; x_wconf 94' lang='lat' dir='ltr'><strong>et</strong></span> <span class='ocrx_word' id='word_1_789' title='bbox 976 2654 1050 2680; x_wconf 90' lang='lat' dir='ltr'><strong>inani</strong></span> <span class='ocrx_word' id='word_1_790' title='bbox 1067 2660 1114 2688; x_wconf 89' lang='lat' dir='ltr'><strong>spe</strong></span> <span class='ocrx_word' id='word_1_791' title='bbox 1134 2653 1264 2687; x_wconf 85' lang='lat' dir='ltr'><strong>spoliatus</strong></span> <span class='ocrx_word' id='word_1_792' title='bbox 1278 2657 1328 2680; x_wconf 85' lang='lat' dir='ltr'><strong>est.</strong></span> <span class='ocrx_word' id='word_1_793' title='bbox 1342 2654 1409 2681; x_wconf 78' lang='lat' dir='ltr'><strong>Cum</strong></span> <span class='ocrx_word' id='word_1_794' title='bbox 1422 2653 1494 2680; x_wconf 90' lang='lat' dir='ltr'><strong>enim</strong></span> <span class='ocrx_word' id='word_1_795' title='bbox 1525 2654 1671 2689; x_wconf 82' lang='lat' dir='ltr'><strong>discipulos</strong></span> 
     </span>
    </p>
   </div>
   <div class='ocr_carea' id='block_1_114' title="bbox 876 2701 1671 2733">
    <p class='ocr_par' dir='ltr' id='par_1_114' title="bbox 876 2701 1671 2733">
     <span class='ocr_line' id='line_1_114' title="bbox 876 2701 1671 2733; baseline 0.001 -4"><span class='ocrx_word' id='word_1_796' title='bbox 876 2708 903 2729; x_wconf 87' lang='lat' dir='ltr'><strong>et</strong></span> <span class='ocrx_word' id='word_1_797' title='bbox 922 2701 1091 2729; x_wconf 88' lang='lat' dir='ltr'><strong>necessarios</strong></span> <span class='ocrx_word' id='word_1_798' title='bbox 1110 2721 1118 2733; x_wconf 89' lang='lat'><strong>,</strong></span> <span class='ocrx_word' id='word_1_799' title='bbox 1133 2705 1163 2727; x_wconf 91' lang='lat' dir='ltr'><strong>ut</strong></span> <span class='ocrx_word' id='word_1_800' title='bbox 1178 2701 1280 2728; x_wconf 85' lang='lat' dir='ltr'><strong>dictum</strong></span> <span class='ocrx_word' id='word_1_801' title='bbox 1298 2706 1349 2732; x_wconf 84' lang='lat' dir='ltr'><strong>est,</strong></span> <span class='ocrx_word' id='word_1_802' title='bbox 1369 2705 1422 2728; x_wconf 82' lang='lat' dir='ltr'><strong>tant</strong></span> <span class='ocrx_word' id='word_1_803' title='bbox 1436 2701 1535 2729; x_wconf 81' lang='lat' dir='ltr'><strong>misere</strong></span> <span class='ocrx_word' id='word_1_804' title='bbox 1556 2701 1671 2730; x_wconf 77' lang='lat' dir='ltr'><strong>atTectos</strong></span> 
     </span>
    </p>
   </div>
   <div class='ocr_carea' id='block_1_115' title="bbox 876 2747 1670 2783">
    <p class='ocr_par' dir='ltr' id='par_1_115' title="bbox 876 2747 1670 2783">
     <span class='ocr_line' id='line_1_115' title="bbox 876 2747 1670 2783; baseline 0.001 -8"><span class='ocrx_word' id='word_1_805' title='bbox 876 2748 1052 2783; x_wconf 80' lang='lat' dir='ltr'><strong>perspiceret,</strong></span> <span class='ocrx_word' id='word_1_806' title='bbox 1080 2754 1150 2782; x_wconf 90' lang='lat' dir='ltr'><strong>quos</strong></span> <span class='ocrx_word' id='word_1_807' title='bbox 1167 2749 1199 2774; x_wconf 88' lang='lat' dir='ltr'><strong>ad</strong></span> <span class='ocrx_word' id='word_1_808' title='bbox 1221 2752 1370 2774; x_wconf 77' lang='lat' dir='ltr'><strong>extremum</strong></span> <span class='ocrx_word' id='word_1_809' title='bbox 1390 2754 1475 2781; x_wconf 87' lang='lat' dir='ltr'><strong>usqtte</strong></span> <span class='ocrx_word' id='word_1_810' title='bbox 1492 2747 1562 2775; x_wconf 87' lang='lat' dir='ltr'><strong>diem</strong></span> <span class='ocrx_word' id='word_1_811' title='bbox 1577 2748 1670 2776; x_wconf 82' lang='lat' dir='ltr'><strong>felices</strong></span> 
     </span>
    </p>
   </div>
   <div class='ocr_carea' id='block_1_116' title="bbox 879 2792 1670 2830">
    <p class='ocr_par' dir='ltr' id='par_1_116' title="bbox 879 2792 1670 2830">
     <span class='ocr_line' id='line_1_116' title="bbox 879 2792 1670 2830; baseline 0 -8"><span class='ocrx_word' id='word_1_812' title='bbox 879 2794 985 2822; x_wconf 68' lang='lat' dir='ltr'><strong>futuros</strong></span> <span class='ocrx_word' id='word_1_813' title='bbox 1009 2801 1041 2822; x_wconf 78' lang='lat' dir='ltr'><strong>ex</strong></span> <span class='ocrx_word' id='word_1_814' title='bbox 1073 2793 1145 2829; x_wconf 78' lang='lat' dir='ltr'><strong>regis</strong></span> <span class='ocrx_word' id='word_1_815' title='bbox 1174 2793 1314 2828; x_wconf 84' lang='lat' dir='ltr'><strong>promissis</strong></span> <span class='ocrx_word' id='word_1_816' title='bbox 1344 2792 1526 2828; x_wconf 80' lang='lat' dir='ltr'><strong>existimabat,</strong></span> <span class='ocrx_word' id='word_1_817' title='bbox 1539 2801 1623 2830; x_wconf 80' lang='lat' dir='ltr'><strong>seque</strong></span> <span class='ocrx_word' id='word_1_818' title='bbox 1635 2795 1670 2823; x_wconf 86' lang='lat' dir='ltr'><strong>ab</strong></span> 
     </span>
    </p>
   </div>
  </div>
