1873 3075
196 168 265 201 1319

815 143 1016 195 sumunt
1028 161 1211 192 ZlGABENI

1765 161 1828 194 1320

193 227 246 254 illis
260 225 418 261 proditionis
433 223 560 255 incusari,
585 223 673 250 fontes
689 222 780 250 emisit
799 221 992 256 Iacrytuarum,

1095 220 1196 254 ίριγὰρ
1211 218 1258 253 τῆς
1274 217 1429 248 τελευταίας
1451 218 1557 252 ἡμέρας
1587 217 1657 253 ᾤετο
1673 218 1779 250 πάντας
1805 222 1829 246 ἐν

192 276 221 300 et.
236 271 384 306 profundos
400 271 485 298 edidit
503 270 630 304 gemitus,
647 268 747 303 quibus
775 268 865 294 comis
879 266 988 292 ﬂamma

194 319 375 346 indicabatur.
403 317 590 344 Calamitatum
616 315 697 349 igitur
727 319 854 347 tauquam
883 311 991 338 turbine

196 366 315 400 quodam
332 365 449 399 jactatus
463 363 554 390 animo
566 361 721 392 deficiebat,
739 364 766 386 et
783 359 906 393 spiritum
922 357 991 383 reci-

195 413 271 446 pieus
285 418 391 437 rursum
426 409 611 442 torquebatur,
638 411 664 433 et
682 406 830 432 consistere
847 411 898 430 non
915 407 991 436 pote-

197 460 252 489 rat,
273 456 359 483 donec
378 463 392 481 a
411 454 546 481 ministris
560 452 681 479 sublatus
697 451 728 478 ad
751 458 843 486 pyram
877 453 992 480 tractus,

196 507 224 531 et
238 501 473 530 voredeficiente.
507 498 682 532 auhelituque
709 502 839 531 perpetuo
866 495 994 522 laborans

197 549 224 576 in
237 548 372 575 ﬂatumam
390 545 529 579 coniectus
546 549 598 576 est,
614 550 694 578 atque
717 543 751 568 ita
771 540 896 571 dmmmti.
914 546 993 573 quem

197 593 371 624 adoraverat,
388 591 499 618 effectus
518 590 717 617 holocaustum.
740 586 785 613 Sic
802 587 859 620 ipse
885 584 993 618 quidem

199 641 227 667 in
245 639 333 666 locum
353 636 526 664 tenebrarqu
542 641 569 662 et
584 634 699 661 aliorum
714 632 843 659 malorum
855 631 904 658 sibi
919 637 998 663 para-

199 692 254 712 tum
272 683 407 719 profectus
421 687 472 710 est.
489 681 594 716 Corpus
621 684 711 706 autem
729 677 906 706 infelicissimi
922 675 996 702 senis

200 734 323 764 resurget
341 729 451 755 omnino
478 727 504 754 in
531 726 575 753 die
605 725 757 752 communis
781 721 991 750 resurrectionis

200 784 233 804 ex
256 775 361 802 Domini
375 773 519 803 sententia,
536 771 581 806 qui
597 771 664 797 dixit
691 769 813 796 homines
828 771 997 794 resurrectu-

201 830 256 854 ros,
272 823 421 855 iturosque,
438 819 483 854 qui
502 817 571 845 mala
588 817 690 852 egerint
706 816 732 842 in
750 814 910 849 supplicium
924 820 998 839 sem-

200 868 332 903 piternum
344 886 351 897 .
369 865 492 900 quamvis
504 865 553 891 iste
578 867 743 890 mortuOrum
759 859 997 890 resurrectionem,

1042 265 1153 296 ἀγαθοῖς
1169 263 1238 290 εἶναι
1253 264 1324 291 κατὰ
1335 263 1384 297 τὴν
1396 263 1442 289 τοῦ
1456 263 1588 297 βασιλέως
1604 265 1754 298 ὑπόσχεσιν
1764 274 1772 281 ·
1789 268 1832 291 καὶ

1042 310 1186 345 προδοσίαν
1214 308 1280 344 παρ’
1293 309 1381 335 αὐτῶν
1404 309 1558 343 ἐγκληθεὶς,
1588 310 1680 345 ἀφῆκε
1709 311 1757 345 μὲν
1791 321 1833 338 πι-

1042 355 1116 390 κρῶν
1127 354 1252 389 δακρύων
1271 355 1371 389 πηγὰς,
1388 355 1530 389 ἀνέπεμψε
1548 355 1577 381 δὲ
1598 358 1766 391 στε¹δαγμθῦς
1789 357 1833 390 βυ,

1044 400 1129 433 οίους,
1144 401 1192 435 τὴν
1206 400 1281 426 ἔνδον
1295 400 1345 434 τῆς
1367 401 1479 435 καρδίας
1505 401 1592 435 φλόγα
1609 403 1775 437 μηνύοντας.
1791 403 1834 430 καὶ

1044 447 1171 482 καθάπερ
1193 447 1296 481 τυφῶνι
1309 448 1369 479 ταῖς
1385 450 1540 482 συμφοραῖς
1556 449 1676 484 βληθεὶς,
1697 450 1834 476 ﬂet-rohi-

1046 500 1102 526 μει,
1116 492 1163 518 καὶ
1183 491 1375 526 ἀνακτώμενος
1387 490 1465 523 αὖθις
1476 494 1656 528 κατεφέρετο,
1675 495 1774 529 στῆναι

1045 538 1194 571 δυνάμενος
1205 537 1257 567 ἕως
1270 537 1322 564 ὑπὸ
1343 538 1398 564 τῶν
1411 539 1488 572 ἄγειν
1502 539 1703 566 κελευσθέντων
1733 540 1834 575 ἀρθεὶς,

1047 582 1249 618 βασταζόμενος
1263 583 1375 619 ἀπήχθη
1389 585 1454 619 πρὸς
1467 586 1517 619 τὴν
1530 585 1632 620 πυρὰν,
1649 587 1697 612 καὶ
1713 588 1763 620 τῆς
1780 596 1836 620 seu)-

1046 629 1093 662 νῆς
1106 628 1188 654 αὑτὸν
1200 628 1410 664 ἐπιλειπούσης,
1423 631 1517 665 πυκιιῷ
1536 631 1574 665 τῷ
1598 631 1719 666 ἄσθματι
1755 642 1836 658 κατα-

1049 673 1166 708 σχεθεὶς,
1181 674 1328 709 ὴκοντίσθη
1344 675 1413 701 κατὰ
1443 676 1492 709 τῆς
1513 677 1624 710 φλογὺς,
1645 678 1692 703 καὶ
1717 678 1836 704 (b10732;-

1048 719 1121 753 τώθη
1140 719 1180 755 τῷ
1196 721 1429 756 προσκυνουμένῳ
1445 721 1510 756 παρ’
1526 722 1610 748 αὑτοῦ
1634 722 1756 757 δαίμονι.
1786 725 1837 750 Καὶ

1048 766 1131 797 αὐτὸς
1146 766 1196 801 μὲν
1209 766 1360 801 ὲξεδήμησε
1379 767 1446 802 πρὸς
1462 767 1507 793 τὸν
1529 769 1738 802 ἡτοιμασμένον
1763 770 1837 804 αὐτῷ

1048 812 1135 838 τόπον
1161 812 1208 837 τοῦ
1239 811 1351 843 σκότους
1383 813 1429 839 καὶ
1457 813 1504 847 τῆς
1521 813 1604 846 ἄλλης
1615 814 1786 844 κακώσεως·
1809 816 1838 840 τὸ

1051 857 1131 892 σῶμα
1145 857 1173 884 δὲ
1185 858 1232 884 τοῦ
1246 858 1404 893 τρισαθλίου
1421 858 1517 885 τούτου
1535 859 1666 893 γέροντος
1691 860 1838 895 ἀναστήσε-

202 918 256 940 tam
281 912 372 938 multis
389 910 512 945 Apostoli
561 908 724 936 testimoniis
747 907 780 933 de
810 905 854 932 illa
888 905 1000 931 demou-

1111 902 1219 934 πάντως
1235 904 1265 929 ὲν
1277 904 1311 938 τῇ
1328 903 1418 938 ἡμέρᾳ
1430 903 1480 938 τῆς
1494 904 1586 938 κοινῆς
1598 905 1776 936 ἀναστάσεως
1793 914 1838 931 κα-

203 958 437 991 stratiouibusque
474 962 602 991 tauquam
630 953 704 981 falsis
737 952 857 987 rejectis,
882 950 1000 977 futuram

201 1012 350 1042 negaverit.

1054 948 1089 974 τὰ
1103 948 1153 983 τὴν
1170 948 1216 975 τοῦ
1233 949 1360 984 Σωτῆρος
1381 948 1530 982 ἀπόφασιν,
1551 949 1708 984 εἰρηκότος,
1722 951 1838 984 ἀναστή-

1051 994 1146 1020 σεσθαι
1163 993 1289 1025 καὶτοὺς
1305 994 1340 1020 τὰ
1361 993 1450 1028 φαῦλα
1474 994 1632 1028 πράξαντας
1654 996 1696 1026 είς
1731 996 1838 1023 κόλασιν

203 1053 361 1086 αίὼνιον,εί
379 1053 426 1079 καὶ
455 1050 536 1080 αὐτὸς
553 1048 589 1084 μὴ
605 1046 676 1081 ¹εἶναι
702 1045 755 1072 τῶν
780 1043 936 1070 τεθνεώτων
966 1039 1114 1067 ἀιάστασιν
1146 1039 1318 1074 ὲδογμάτιζε,
1353 1039 1402 1071 τὰς
1426 1040 1562 1072 τοσαύτας
1594 1041 1644 1068 τοῦ
1682 1042 1838 1070 ’Δποστάλου

202 1102 268 1136 περὶ
284 1085 386 1135 ταύτης
416 1097 578 1134 μαρτυρίας,
607 1095 653 1121 καὶ
681 1093 808 1128 γενναίας
835 1088 999 1120 ἀποδείξεις.
1019 1085 1055 1117 ὼς
1067 1085 1175 1120 ψευδεῖς
1190 1085 1413 1120 παρωθούμενος.

238 1159 285 1186 9.3.
299 1158 432 1185 Dicuntse
440 1156 529 1183 nonin
537 1153 640 1182 somnis
650 1151 749 1183 solum,
758 1150 803 1177 sed
814 1150 894 1177 etiam
906 1155 934 1174 rc
940 1152 1003 1172 vera

203 1211 315 1233 cernere
327 1204 432 1230 Patrem
443 1206 569 1235 tanquam
577 1206 668 1228 senem
677 1196 808 1232 profunda
820 1193 901 1222 barba
913 1191 1006 1227 praedi-

205 1259 272 1284 tum,
289 1249 387 1276 Filium
402 1254 528 1281 tanquam
542 1246 668 1280 juvenem
698 1242 902 1277 pubescentem,
919 1238 1005 1273 Spiri-

204 1299 261 1321 tum
287 1298 408 1320 sauctum
428 1289 576 1318 imberbem
589 1287 800 1319 adolescentem,
819 1292 880 1312 cum
893 1284 935 1311 eis
950 1284 1004 1309 dm-

207 1347 302 1368 mones
319 1339 355 1365 ita
369 1346 398 1366 se
415 1336 493 1363 facile
517 1335 678 1369 conspicuos
709 1332 858 1368 pra-beant,
874 1337 927 1364 quo
944 1329 1004 1355 illos

210 1388 261 1414 hac
274 1387 421 1413 formarum
439 1383 570 1410 varietate
588 1381 732 1415 decipiant,
761 1379 931 1411 doceantque
952 1375 1004 1401 im-

208 1440 298 1467 parem
317 1438 378 1458 esse
405 1434 528 1457 sanctam
558 1427 718 1455 Trinitatem
732 1429 759 1453 et
794 1423 1004 1456 discrepantem,

207 1465 388 1510 Arianamque
416 1476 496 1502 unius
533 1477 637 1500 natura:
681 1470 828 1498 sectionem
854 1467 910 1495 illis
941 1465 1004 1500 inji-

208 1524 292 1552 ciant.

245 1623 291 1651 24.
304 1621 495 1650 Mouachorum
509 1626 583 1646 more
597 1625 627 1645 se
640 1617 767 1646 vestiunt.
781 1621 807 1642 et
823 1621 916 1642 eorum
930 1612 1008 1640 habi-

211 1675 267 1698 tum
277 1675 403 1702 tauquam
412 1674 501 1694 escam
509 1668 658 1695 assumunt,
665 1667 738 1690 veste
746 1661 836 1695 lupum
847 1659 1009 1687 absconden-

211 1722 262 1747 tcs,
280 1722 333 1750 quo
343 1712 477 1740 faciliores
490 1710 589 1743 aditus,
605 1715 631 1736 et
651 1707 818 1742 colloquendi
835 1705 1005 1736 facultatem,

213 1766 322 1796 propter
336 1758 457 1786 habitum
469 1761 661 1790 assequamur,
677 1759 705 1781 et
715 1753 773 1780 sine
789 1751 944 1785 suspicione
958 1756 1008 1784 per

210 1813 367 1834 sermonum
382 1803 579 1838 benignitatem
596 1800 707 1828 auribus
738 1797 905 1825 audientium
925 1802 1009 1823 vene-

212 1860 276 1881 num
292 1851 423 1885 iujiciant.

246 1909 290 1936 25.
303 1907 437 1940 Secunda,
448 1911 474 1933 et
483 1909 591 1940 quarta,
602 1910 630 1932 et
646 1906 723 1931 sexta
735 1900 947 1936 diesiugularum
963 1898 1010 1925 he-

213 1955 373 1983 bdomadum
378 1952 508 1988 jejunium
516 1951 650 1983 indicunt,
659 1955 744 1983 usque
754 1947 787 1974 ad
795 1947 887 1974 horam
898 1951 1009 1973 nonam.

215 2001 293 2034 Quod
310 2000 332 2026 si
346 1999 407 2034 quis
422 2005 470 2024 eos
490 1997 524 2024 ad
544 1995 697 2023 convivium
713 1996 803 2026 vocet,
822 1991 913 2019 statim
930 1989 1009 2017 obliti

217 2045 342 2081 praecepti
355 2044 395 2072 sui
411 2044 493 2070 edunt
509 2047 537 2070 et
567 2041 662 2069 bibunt
687 2046 816 2074 tanquam
843 2037 1009 2072 elephantes.

215 2092 254 2119 Ex
283 2097 337 2126 quo
370 2093 444 2124 patet
469 2095 516 2115 eos
539 2087 621 2115 etiam
649 2085 784 2120 impudice
811 2083 914 2115 vivere,
947 2082 1010 2109 licet

217 2137 424 2165 fornicationem
492 2138 520 2160 et
578 2139 685 2160 omnem
733 2130 816 2158 aliam
869 2128 1010 2155 libidinem

218 2190 344 2218 tanquam
365 2181 456 2210 carnis
476 2186 503 2209 et
520 2179 645 2214 corporis
667 2182 792 2213 expertes
817 2174 906 2203 verbis
937 2174 1010 2201 iuse-

217 2234 308 2257 cteutu
314 2236 337 2255 r.

251 2285 297 2313 26.
313 2284 446 2319 Principio
454 2283 563 2319 quidem
579 2281 724 2309 initiandos
734 2279 893 2314 simpliciter
906 2280 1013 2312 docent,

220 2337 247 2360 et
259 2332 412 2363 hortantur,
424 2329 608 2357 uteredantiu
620 2327 774 2361 Patrem,et
794 2326 903 2358 Filium,
919 2324 1015 2359 etSpi-

220 2379 301 2406 ritum
312 2382 448 2408 sanctum,
464 2376 621 2409 discautque
635 2373 772 2401 Christum
786 2379 892 2399 carnem
906 2371 1013 2398 induis-

221 2432 250 2452 se
268 2423 428 2457 dedisseque
451 2421 554 2449 sanctis
567 2419 695 2455 apostolis
708 2427 814 2446 sacrum
831 2417 1015 2452 Evangeiium.

221 2470 254 2497 Et
284 2470 390 2504 jubent,
413 2473 442 2495 ut
472 2466 626 2502 evangelica
656 2465 781 2492 mandata
811 2464 975 2496 custodiant,
990 2467 1018 2490 et

221 2521 375 2552 precentur,
391 2518 417 2541 et
432 2513 564 2549 jcjuuent,
594 2519 678 2546 seque
694 2511 727 2538 ab
743 2511 816 2537 omni
833 2509 951 2544 nequitia
966 2516 1016 2542 pu-

222 2571 267 2590 ros
305 2563 481 2596 integrosque
506 2563 679 2590 conservent,
708 2561 734 2584 et
758 2556 824 2583 nihil
850 2555 1016 2590 possideant,

222 2609 424 2642 clementcsque
438 2606 504 2637 sint,
522 2608 602 2639 atque
617 2603 745 2635 humiles,
761 2607 789 2630 et
810 2602 931 2628 veritatis
956 2606 1017 2627 stu-

224 2654 305 2686 diosi,
320 2659 474 2686 mutuasque
486 2650 689 2678 benevolentiae.
704 2648 800 2676 Omnia
817 2647 934 2681 denique
947 2647 1017 2674 bona

224 2698 394 2734 praecipiunt,
414 2696 526 2731 utiiique
537 2696 662 2723 doctrina
686 2694 823 2729 pelliciunt
836 2693 1020 2728 paulatimque

225 2750 370 2776 venantur,
388 2750 416 2771 et
431 2744 464 2771 ad
480 2743 620 2770 interitum
652 2742 772 2768 trahunt.
789 2739 930 2774 Temporis
947 2739 1018 2765 enim

227 2798 370 2826 progressu
386 2790 475 2817 tritico
495 2789 600 2816 zizania
617 2787 756 2823 injiciunt,
778 2791 876 2814 etcum
906 2785 1020 2812 miseros

228 2837 277 2864 sibi
295 2835 439 2869 subjectos.
455 2835 666 2869 obedientesque
678 2832 851 2864 reddiderint,
882 2836 964 2865 atque
980 2831 1020 2857 in-

229 2886 267 2907 lra
284 2881 352 2908 retia
379 2881 532 2913 habuerint,
552 2884 616 2908 tunc
643 2878 742 2907 veneni
767 2878 903 2913 potionem
931 2876 1022 2912 propi-

1090 1148 1141 1178 κγ’.
1160 1146 1292 1179 Λέγουσιν
1315 1146 1365 1172 οὐκ
1385 1146 1451 1182 ὄναρ
1466 1147 1546 1182 μόνον
1556 1147 1698 1180 πολλάκις,
1715 1148 1782 1176 ἀλλὰ
1799 1144 1842 1176 καί

1053 1190 1128 1225 ὕπαρ
1137 1190 1246 1226 βλέπειν
1255 1191 1300 1218 τὸν
1307 1192 1416 1227 Πατέρα
1427 1193 1486 1227 μὲν,
1493 1193 1529 1224 ὡς
1538 1193 1653 1228 γέροντα
1663 1194 1840 1229 βαθυγένεισν,

1053 1236 1098 1263 τὸν
1113 1237 1140 1262 δὲ
1160 1237 1235 1270 Υἱὸν,
1264 1237 1302 1269 ὡς
1312 1238 1454 1274 ὑπηνήτην
1470 1239 1563 1274 ἄνδρα,
1575 1239 1605 1264 τὸ
1623 1240 1650 1266 δὲ
1681 1240 1791 1275 Πνεῦμα
1813 1241 1842 1267 ιδ

1054 1283 1140 1316 ἅγιον,
1156 1283 1192 1314 ὼς
1208 1283 1410 1318 λειοπρόσωπον
1423 1284 1541 1318 νεανίαν,
1565 1285 1618 1311 τῶν
1642 1285 1779 1320 δαιμόνων
1805 1288 1842 1316 ei;

1053 1329 1087 1355 τὰ
1114 1329 1170 1365 εἴδη
1199 1330 1287 1357 ταῦτα
1314 1330 1412 1366 ῥᾳδίως
1442 1332 1778 1366 μετασχηματιζομένων,
1799 1334 1843 1358 καὶ

1055 1375 1254 1407 ἐξαπατώντων
1268 1376 1378 1407 αὐτοὺς,
1395 1377 1443 1402 καὶ
1458 1376 1637 1403 διδασκόντων
1660 1377 1754 1404 ἄνισον
1779 1376 1845 1403 εἶναι

1054 1419 1103 1455 τὴν
1115 1421 1194 1455 ἁγίαν
1207 1421 1320 1456 Τριάδα,
1339 1422 1386 1448 καὶ
1399 1422 1527 1457 διάφορον
1542 1423 1611 1450 κατὰ
1631 1423 1682 1457 τὴν
1703 1423 1760 1450 τῶν

1057 1466 1150 1501 μάτων
1161 1467 1264 1493 τούτων
1277 1467 1417 1502 διαφορὰν,
1436 1467 1483 1493 καὶ
1503 1468 1553 1503 τὴν
1578 1468 1741 1503 ἀρε.ανικὴν
1765 1477 1848 1495 aut:-

1055 1512 1142 1548 τομὴν
1170 1513 1220 1548 τῆς
1255 1514 1318 1548 μιᾶς
1349 1512 1456 1547 φύσεως
1479 1512 1582 1545 τούτοις
1614 1514 1847 1550 ὲγκατασπειρὸγη

1018 1576 1040 1606 c
1058 1566 1124 1585 των.

1095 1613 1144 1640 κδ’.
1152 1613 1320 1644 Στολίζονται
1328 1614 1397 1640 κατὰ
1409 1614 1552 1650 μοναχοὺς,
1558 1613 1606 1641 καὶ
1613 1613 1643 1640 τὺ
1649 1614 1745 1648 σχῆμα
1752 1615 1845 1640 τούτων

1059 1658 1096 1690 ὼς
1110 1658 1205 1693 δέλεαρ
1219 1659 1438 1693 περιϐάλλονται,
1453 1659 1492 1694 τῷ
1504 1659 1593 1694 κωδίῳ
1609 1659 1655 1685 τὸν
1682 1660 1768 1686 λύκον
1789 1661 1847 1686 ὐπο-

1059 1703 1238 1739 κρύπτοντες,
1256 1704 1292 1736 ὡς
1305 1704 1338 1731 ἄν
1353 1704 1474 1736 εὐλαϐῶς
1487 1704 1531 1731 διὰ
1544 1705 1573 1731 τὺ
1586 1705 1682 1740 σχῆμα
1698 1706 1845 1741 παραῗεχύ-

1061 1759 1147 1784 μενοι,
1159 1750 1208 1777 καὶ
1223 1751 1315 1786 χώραν
1333 1750 1440 1785 ὁμιλίας
1468 1749 1663 1785 λαμϐάνοντες,
1692 1752 1848 1782 ἀνυπόπτως

1060 1796 1103 1822 διὰ.
1128 1798 1175 1831 τῆς
1204 1796 1400 1832 χρηστολογίας
1422 1795 1614 1823 ἑναποπτύωσι
1638 1796 1687 1822 τὸν
1715 1797 1757 1823 ἰὸν
1795 1798 1848 1828 ταῖς

1060 1843 1157 1874 ἀκοαῖς
1169 1843 1225 1870 τῶν
1254 1844 1448 1878 ἀκροωμένων.

1096 1901 1146 1926 κε’.
1167 1898 1261 1934 nam;
1275 1898 1422 1934 ἑϐδομάδος
1435 1899 1577 1934 δευτέραν,
1598 1899 1646 1926 καὶ
1669 1900 1798 1934 τετράδα,
1810 1900 1850 1926 aut

1062 1945 1239 1980 παρασκευὴν
1261 1944 1481 1980 παραγγέλλουσι
1492 1945 1634 1980 νηστεύειν
1649 1945 1707 1977 ἕως
1725 1946 1800 1980 ὧρας
1813 1947 1851 1971 ἑν-

1061 1991 1156 2025 νάτης.
1175 1990 1208 2017 Εί
1222 1991 1250 2017 δέ
1265 1999 1306 2022 τις
1334 1990 1433 2022 αὐτοὺς
1464 1990 1512 2017 ἐπὶ
1536 1991 1677 2026 τράπεζαν
1704 1992 1849 2019 καλέσειε.

1061 2037 1141 2068 εὐθὺς
1153 2036 1330 2072 ἐκλαθόμενοι
1352 2038 1402 2072 τῆς
1430 2036 1617 2072 παραγγελίας
1645 2037 1780 2068 ἐσθίουσι,
1810 2038 1851 2064 καὶ

1062 2083 1195 2116 πίνουσιν,
1213 2082 1250 2114 ὡς
1263 2082 1420 2117 ἐλέφαντες.
1441 2083 1490 2110 Ἐκ
1502 2082 1597 2109 τούτου
1609 2083 1637 2109 δὲ
1654 2084 1802 2118 πρόδηλον,
1817 2084 1851 2110 ὅτι

1061 2127 1278 2162 ἀσελγαίνουσιν,
1298 2127 1323 2154 εί
1338 2127 1385 2154 καὶ
1399 2128 1527 2163 πορνείαν
1553 2128 1599 2154 καὶ
1621 2128 1671 2161 τὴν
1686 2128 1772 2164 ἀλλην
1789 2129 1852 2154 ἀισ-

1062 2174 1176 2209 θαρσίαν
1209 2173 1281 2208 λόγῳ
1309 2173 1481 2204 κολάζουσιν,
1505 2172 1544 2205 ὡς
1571 2171 1689 2208 ἄσαρχοι
1709 2173 1762 2200 καὶ
1786 2173 1852 2200 ἀσώ-

1067 2229 1154 2256 ματοι.

1101 2280 1159 2309 κς¹.
1181 2276 1224 2302 Ἐν
1233 2276 1302 2311 ἀρχῇ
1314 2275 1363 2311 μὲν
1380 2276 1442 2306 τοὺς
1452 2274 1650 2309 είσαγωγικοῦς
1669 2274 1766 2305 ἁπλῶς
1777 2275 1854 2301 5:5:‘7-

1067 2331 1145 2350 κουσι
1158 2321 1387 2356 παρεγγυώμενοι
1400 2320 1540 2347 πιστεύειν
1551 2321 1590 2351 είς
1599 2320 1720 2354 Πατέρα,
1735 2321 1853 2348 καὶϊίἰν,

1066 2369 1114 2396 καὶ
1127 2369 1208 2403 ἅγιον
1222 2367 1344 2402 Πνεῦμα,
1358 2367 1406 2393 καὶ
1418 2366 1562 2400 γινώσκειν
1569 2366 1614 2392 τὸν
1629 2367 1750 2400 Χριστὸν
1765 2375 1854 2401 σεσαρ-

1067 2415 1181 2447 κῶσοαι,
1197 2414 1244 2440 καὶ
1257 2413 1348 2439 δοῦναι
1360 2414 1417 2444 τοῖς
1433 2413 1520 2446 ἁγίοις
1541 2413 1705 2444 ἀποστόλοις
1731 2414 1764 2439 τὸ
1792 2415 1855 2446 ἱερὴ

1068 2462 1244 2495 Εὑαγγέλιον,
1264 2462 1311 2487 καὶ
1324 2461 1514 2495 ὑποτιθέμενοι
1531 2462 1625 2496 τηρεῖν
1641 2462 1692 2492 τὰς
1720 2462 1852 2494 sumis};-

1067 2509 1117 2540 κὰς
1129 2509 1251 2540 ἐντολὰς,
1272 2508 1318 2534 καὶ
1334 2507 1543 2542 προσεύχεσθαι,
1564 2508 1612 2534 καὶ
1637 2508 1793 2541 νηστεύειν,
1815 2509 1852 2532 κστ

1068 2555 1193 2589 ἁγνεύειν
1219 2554 1310 2589 πάσης
1341 2553 1524 2589 ἀκαθαρσίας,
1553 2554 1601 2580 καὶ
1621 2555 1801 2589 ἁκτημονεῖν,
1817 2561 1845 2578 ιι

1069 2601 1252 2634 ἀνεξικακεῖν,
1265 2601 1312 2626 καὶ
1323 2600 1562 2635 ταπεινοφρονείν,
1579 2600 1627 2626 καὶ
1644 2599 1802 2635 ἀληθεύειν,
1818 2600 1855 2624 κεί

1069 2648 1178 2682 ἀγαπᾷν
1195 2647 1335 2682 ἀλλήλους,
1348 2647 1395 2674 καὶ
1405 2646 1500 2678 ἅπλῶς
1507 2646 1615 2681 χρηστὰ
1628 2646 1720 2673 πάντα
1731 2644 1856 2680 manus}

1070 2701 1106 2724 σι,
1121 2692 1256 2723 σαίνοντες
1268 2691 1318 2727 μὲν
1328 2692 1361 2727 τῇ
1377 2691 1504 2726 χρησίμῳ
1516 2690 1687 2725 διδασκαλίᾳ..
1703 2691 1856 2725 θηρεύοντες

1069 2738 1096 2764 δὲ
1108 2738 1179 2765 κατὰ
1188 2738 1294 2774 μικρὸν,
1311 2738 1358 2764 καὶ
1372 2737 1523 2772 λεληθότως
1536 2736 1651 2770 ἄγοντες
1665 2737 1707 2768 εἰς
1717 2736 1854 2763 ἀπώλεια

1071 2784 1174 2819 Καιροῦ
1197 2786 1250 2818 γὰρ
1268 2783 1461 2818 προϐαίνοντος
1475 2802 1482 2815 ,
1511 2783 1707 2817 ἐπισπείρουσι
1801 2782 1853 2807 ai:-

1070 2832 1116 2857 καὶ
1141 2830 1257 2862 ζιζάνια.
1286 2829 1341 2856 Καὶ
1355 2830 1418 2855 ὅταν
1433 2828 1496 2859 τοὺς
1514 2827 1625 2859 ἀθλίους
1636 2828 1792 2863 χειροήθεις
1818 2834 1854 2851 ιω.

1071 2876 1226 2912 πειθηνίους
1245 2876 1425 2911 ἐργάσωνται,
1441 2874 1488 2900 καὶ
1511 2873 1632 2900 λάϐωσιν
1646 2875 1715 2900 εἴσω
1739 2874 1787 2900 τώ-
1815 2874 1853 2896 ἀίι-
