1873 3075
110 143 176 176 1321

108 203 193 235 κύων,
207 202 266 229 τότε
282 202 314 238 δὴ
330 202 390 229 τότε
402 202 446 229 τὸν
458 202 582 229 κυκεῶνα
594 203 640 230 τοῦ
660 203 823 239 δηλητηρίου
851 213 897 230 πο-
913 208 936 236 Α

106 248 237 280 στίζουσιν,
266 247 508 283 ἀπαρακαλύπτως
528 247 762 283 βλασφημοῦντες,
797 250 843 277 καὶ
866 249 900 276 τὰ

105 295 229 330 δόγματα
242 294 289 321 τοῦ
304 294 428 321 διαϐόλου
448 295 691 330 μυσταγωγοῦντες
704 295 811 327 αὐτούς.

141 387 195 424 xi".
206 387 462 423 Παρερμηνεύουσιν
474 388 537 419 ὅλας
550 388 598 419 τὰς
617 388 817 424 προειρημένας
833 389 902 416 ἐπτά

107 421 228 468 βίϐλους,
245 421 406 469 τὰγρήματα
427 435 528 461 τούτων
556 433 758 469 στρεϐλοῦντες,
784 436 831 462 καὶ
851 435 901 470 τῆς

105 479 190 515 ὀρθῆς
203 479 383 514 ἐκτρέποντες
393 480 508 512 ἐννοίας,
524 480 571 506 καὶ
593 480 662 514 πρὸς
681 480 711 507 τὺ
729 480 824 508 δοκοῦν
849 481 901 508 αὐ-

103 527 163 556 τοῖς
177 525 387 560 μεταφέροντες.
403 525 457 552 Καὶ
469 526 518 551 ὅσα
536 525 584 559 μὲν
601 526 663 561 περὶ
677 527 899 562 ἁμαρτανόντων,

103 571 154 597 καὶ
171 570 354 603 ἀσεϐούντων,
382 571 430 597 καὶ
461 571 728 605 είδωλολατρούντων
756 573 785 598 ἐν
808 573 901 606 αὐτοῖς

104 616 226 651 εῐρηται,
239 616 325 642 ταῦτα
337 617 393 647 τοῖς
414 615 475 642 καθ’
496 617 569 651 ἡμᾶς
591 618 695 649 πιστοῖς
712 617 896 645 ἀνατιθέασιν·

104 663 156 689 ὅσα
172 661 199 688 δὲ
213 663 276 696 περὶ
291 662 510 696 εὐαρεστούντων
539 661 599 697 Θεῴ
624 662 692 698 πρὸς
719 663 830 695 ἑαυτοὺς
860 663 900 690 ἓλ-

102 717 194 741 κουσι,
210 709 257 734 καὶ
272 707 340 743 μετὰ
352 708 539 744 πληροφορίας
551 708 666 740 ἑαυτοὺς
677 705 746 736 εἶναι
763 709 825 741 τοὺς
851 710 899 736 ὲκ-

101 754 225 787 λεκτοὺς,
239 754 286 780 καὶ
302 754 424 786 δικαίους
440 754 488 781 καὶ
506 753 694 790 κληρονόμους
721 754 789 781 Θεοῦ
804 754 899 789 λέγου-

103 809 158 828 σιν.
180 799 314 834 Ἐκάστην
331 799 382 835 μὲν
404 797 451 826 οὖν
466 799 597 836 ἐξήγησιν
617 799 708 835 βίϐλου
734 800 799 836 παρ’
827 801 898 828 ἐκεί-

101 855 157 874 νων
168 844 373 880 ὑφηγουμένην,
392 844 493 879 μᾶλλον
514 844 543 871 δὲ
559 844 749 880 παρατροπὴν,
776 845 823 871 καὶ
850 844 897 871 τοῦ

101 879 304 926 καθεστηκότος
314 879 475 926 ἐξαλλαγὴν,
492 879 699 926 μακρὺνγᾶνεῑη
716 879 895 926 συγγράφειν,
913 879 935 908 Β

101 937 150 963 καὶ
163 937 260 972 χρόνου
276 937 374 964 πολλοῦ
391 937 527 972 δεόμενον,
540 937 586 963 καὶ
601 936 690 972 σαφὴς
705 937 896 971 ματαιοπονία,

100 985 151 1010 καὶ
165 983 247 1015 κόπος
260 983 300 1014 είς
313 983 389 1010 οὐδὲν
407 983 545 1018 χρήσιμον
561 982 733 1018 καταλήγων.
749 983 829 1018 Ἀχρι
844 983 898 1019 γὰρ

99 1028 194 1063 ὀλίγου
226 1028 420 1064 προϐαίνοντες
440 1029 465 1055 οἱ
484 1028 731 1063 ἀναγινώσκοντες,
756 1029 803 1055 καὶ
829 1029 898 1064 πρὸς

100 1074 151 1106 τὰς
166 1074 278 1106 ἀτοπίας
299 1073 354 1101 τῶν
378 1074 560 1110 βλασφημιῶν
585 1074 667 1107 εὐθὺς
691 1075 896 1108 ἀποκναίοντες,

100 1120 151 1146 καὶ
162 1119 286 1156 καθάπερ
301 1121 325 1147 οἱ
339 1120 504 1152 ναυτιῶντες
534 1120 638 1155 ῑλίγγου
657 1121 704 1147 καὶ
731 1121 896 1152 σκοτοδινίας

100 1168 198 1201 μεστοὶ
214 1167 352 1201 γινόμενοι
368 1166 493 1202 ῥίψουσιν
508 1166 599 1198 εὐθὺς,
611 1163 681 1198 οῖδα,
694 1166 728 1192 τὰ
741 1166 806 1201 περὶ
833 1165 896 1192 τού-

97 1220 155 1237 των
169 1211 355 1246 συντάγματα,
379 1212 426 1239 καὶ
444 1211 659 1242 καταπτύσουσι,
685 1211 732 1237 καὶ
757 1211 896 1246 ἀποστρα-

98 1256 248 1291 φὴσονται,
266 1257 367 1292 πολλὴν
378 1257 508 1293 ἀκαιρίαν
529 1256 794 1288 κατασκεδαννύντες
806 1257 894 1292 ἡμῶν.

97 1302 162 1330 Ἵνα
176 1303 204 1330 δὲ
221 1303 258 1339 μὴ
270 1304 394 1339 δοκῶμεν
405 1304 534 1331 πλάττειν
552 1302 710 1337 ἀπολογίαν,
728 1304 775 1330 καὶ
797 1304 896 1338 πειρᾶ-

97 1348 166 1375 σθαι
175 1349 373 1385 διαδιδράσκειν
388 1350 434 1376 τὸν
444 1349 472 1376 ὲν
490 1349 594 1381 τούτοις
614 1349 704 1381 πόνον,
721 1349 797 1384 ὀλίγα
827 1349 897 1384 ῥητὰ

97 1394 149 1421 τοῦ
177 1385 246 1422 κατὰ
271 1395 410 1422 Ματθαῐον
434 1394 695 1430 Εὑαγγελὶουζκατὰ
711 1395 761 1429 τὴν
784 1395 897 1422 ἐκείνων

97 1441 296 1476 παραπληξίαν
318 1441 574 1478 διερμηνεύσαντες,
609 1441 653 1468 ἶνα
679 1442 718 1477 μὴ
737 1441 809 1477 λόγῳ
839 1441 897 1468 δια-

97 1487 280 1522 στρέψαντες,
295 1488 427 1524 δείξωμεν
441 1488 494 1515 ἀπὸ
508 1487 556 1515 τοῦ
571 1487 708 1523 γεύματος
734 1487 781 1514 τὸν
806 1487 895 1522 πίθον,

568 144 757 175 PANOPLIA
777 145 1005 176 DOGMATICA.
1026 158 1062 165 -
1078 148 1150 178 ΤΙΤ.
1170 148 1292 180 XXVII.

1683 153 1750 185 132'!

952 210 1026 239 nant,
1068 211 1214 242 aperteque
1243 207 1418 243 maledicunt,
1438 214 1465 237 et
1490 210 1590 239 diaboli
1621 214 1748 247 mystt-rJu

957 254 1074 279 tradunt.

989 383 1034 411 27.
1045 383 1126 412 Totos
1139 390 1241 420 septem
1251 386 1336 415 libros
1346 395 1415 423 quos
1431 389 1547 418 diximus
1559 391 1599 419 sic
1615 392 1748 428 interpre-

953 433 1057 463 tantur,
1074 435 1103 457 ut
1123 438 1169 458 eos
1194 437 1360 466 pervertunt,
1385 435 1521 470 verbaque
1537 438 1715 473 detorqueant
1732 448 1747 467 a

953 481 1027 503 recta
1048 477 1194 508 sententia.
1212 482 1238 505 et
1255 479 1312 506 suis
1328 482 1535 509 accommodent
1561 483 1748 519 'opiuiouihus.

952 520 986 548 Et
1001 521 1129 557 quidquid
1143 522 1170 550 in
1193 523 1245 551 illis
1266 524 1397 553 adversus
1427 532 1584 561 peccatores
1612 530 1750 566 etitnpios

953 565 1110 594 idololatras
1128 568 1227 596 dictum
1252 574 1303 603 est,
1318 571 1344 598 id
1360 576 1454 600 contra
1477 581 1526 602 nos
1547 575 1648 604 dictum
1675 585 1749 606 asse<

952 617 1038 646 runt;
1055 614 1185 649 quidquid
1205 621 1293 644 autem
1308 617 1341 645 de
1364 619 1460 647 amicis
1487 621 1544 652 Dei.
1561 622 1586 649 id
1602 623 1635 650 ad
1650 631 1679 652 se
1694 629 1750 651 tra-

952 658 1030 692 hunt,
1054 660 1274 696 conﬁdenterque
1291 663 1401 697 electos,
1421 669 1448 692 et
1461 665 1561 700 justos,
1579 672 1606 695 et
1625 668 1748 698 haeredes

951 703 998 732 Dei
1021 712 1087 733 suos
1099 713 1159 734 esse
1171 707 1347 737 contendunt.
1361 709 1472 744 Magnus
1486 711 1568 747 igitur
1577 714 1652 741 labor
1662 721 1748 749 esset,

951 754 978 777 et
1002 751 1107 787 longus,
1121 757 1148 780 et
1162 754 1273 787 stultus,
1288 759 1369 790 atque
1383 757 1485 786 inutilis
1499 760 1520 787 si
1535 761 1596 795 quis
1616 762 1748 792 librorum

951 796 1116 832 singulorum
1131 807 1272 834 perversas
1285 803 1484 837 expositiones,
1504 813 1572 840 quas
1588 807 1703 837 afferunt
1731 818 1747 837 a

952 843 1089 877 proposito
1105 844 1285 874 abhorrentes
1304 847 1367 874 velit
1379 849 1511 878 refellere.
1543 851 1645 881 Vereor
1663 855 1746 887 enim,

949 896 983 916 ne
994 889 1039 923 qui
1055 890 1156 925 legunt,
1174 892 1311 926 paululum
1330 896 1535 930 progredientes
1562 898 1746 936 iueptisipso-

950 941 1009 960 rum
1029 935 1182 965 maledictis
1195 938 1234 965 sic
1249 938 1431 974 olfendantur,
1449 947 1478 970 ut
1505 935 1691 975 nauseantium
1704 949 1749 979 in-

949 983 1006 1007 star
1018 982 1149 1017 vertigine
1170 989 1198 1011 et
1212 986 1331 1014 tenebris
1347 988 1428 1022 pleni,
1444 997 1506 1024 quae
1526 991 1560 1018 de
1579 992 1632 1020 illis
1648 995 1748 1022 scribi-

949 1033 1022 1059 mus,
1049 1029 1140 1056 statim
1168 1029 1308 1065 abjiciant,
1326 1033 1530 1071 despiciantque
1550 1042 1579 1065 et
1600 1046 1748 1075 aspernen-

949 1076 1004 1104 tur,
1017 1080 1120 1109 nosque
1132 1079 1160 1102 ut
1173 1076 1325 1111 importune
1334 1079 1488 1110 laborantes
1498 1089 1635 1112 accusent.
1646 1086 1746 1116 Verum

949 1126 983 1145 ne
999 1119 1138 1148 videamur
1156 1121 1257 1157 ﬁngere
1271 1125 1430 1160 apologiam,
1441 1128 1613 1166 laboremque
1642 1132 1745 1168 fugere,

949 1171 1033 1198 pauca
1047 1166 1168 1200 quaedam
1187 1168 1305 1202 ipsorum
1319 1171 1389 1199 dicta
1402 1173 1426 1199 in
1439 1173 1615 1210 Evangelium
1627 1166 1746 1208 Mattbazi

948 1211 1063 1238 strictim
1079 1213 1253 1249 attingemus,
1268 1223 1328 1251 qua;
1344 1222 1470 1253 tanquatn
1487 1229 1520 1249 ex
1534 1228 1614 1257 gustu
1630 1225 1744 1260 dolium,

948 1262 975 1284 et
997 1265 1029 1285 ex
1048 1258 1135 1287 rivulo
1150 1261 1261 1295 fontem,
1276 1267 1303 1290 et
1320 1271 1352 1291 ex
1375 1272 1421 1292 ora
1440 1267 1629 1298 vestimentum
1644 1273 1747 1300 iudica-

948 1302 1026 1331 bunt.
1051 1303 1145 1340 Neque
1180 1313 1243 1334 vero
1257 1315 1289 1335 ea
1323 1311 1481 1340 conabimur
1508 1314 1659 1349 confutare,
1683 1327 1746 1347 eum

949 1349 1094 1385 semetipsa
1110 1353 1262 1381 confutent.
1290 1354 1384 1391 Neque
1397 1365 1428 1384 ea
1460 1366 1531 1387 nunc
1559 1369 1745 1397 recensemus.

948 1400 977 1422 ut
995 1395 1160 1431 refellamus,
1175 1399 1222 1426 sed
1248 1405 1279 1427 ut
1306 1408 1339 1428 ex
1370 1403 1424 1431 iliis
1447 1407 1631 1441 ostendamus,
1662 1395 1744 1445 quam

948 1441 1037 1476 inepta
1055 1443 1127 1470 sitet
1142 1444 1258 1472 absurda
1276 1447 1396 1482 ipsorum
1424 1449 1613 1486 interpretatio
1645 1441 1678 1483 in.
1698 1463 1747 1484 eos

948 1487 1043 1520 libros.
1055 1496 1123 1524 quos
1136 1492 1298 1526 approbant.

98 1536 153 1563 καὶ
163 1536 215 1563 ἀπὸ
226 1537 272 1564 τοῦ
307 1537 416 1573 ῥείθρου
433 1537 482 1573 τὴν
503 1537 606 1572 πηγὴν,
625 1538 671 1564 καὶ
693 1537 747 1564 ἀπὺ
775 1537 822 1563 τοῦ
847 1537 1003 1572 κρασπέδου
1024 1540 1054 1565 τὺ
1086 1539 1211 1576 ὕφασμα.
1234 1544 1292 1571 Οὐκ
1325 1545 1464 1582 ἐπάξομεν
1478 1549 1507 1577 δὲ
1526 1552 1573 1578 καὶ
1601 1552 1747 1589 διεστραμ-

99 1585 199 1620 μέναις
214 1587 325 1618 ταύταις
350 1586 510 1622 ἑρμηνείαις
536 1586 676 1622 ἐλέγχους,
705 1585 898 1636 αὐτελέγκτοις
938 1587 1043 1636 θύραις.
1075 1589 1143 1616 Οὐδὲ
1167 1591 1220 1626 γὰρ
1239 1592 1429 1630 ἀντιρρητικὺς
1451 1597 1517 1633 ἡμῖν
1538 1599 1552 1626 ὁ
1573 1585 1684 1636 ἐφεξῆς·
1701 1585 1747 1629 λό-

97 1641 161 1669 γος,
176 1632 243 1659 ἀλλὰ
257 1634 337 1668 μόνον
353 1633 517 1664 ἐνδεικτικὸς
543 1634 593 1669 τῆς
619 1632 812 1668 ἐνδιαστρόφου
828 1632 930 1659 τούτων

951 1633 1107 1670 ἐξηγήσεως
1122 1638 1176 1664 τῶν
1190 1640 1415 1676 παραδεχθέντων
1441 1645 1533 1678 αὐτοῖς
1562 1633 1682 1682 βιδλίων.

139 1678 192 1713 κη’.
202 1679 325 1714 Βηθλεὲμ
335 1679 497 1714 ὀνομάζουσι
506 1679 556 1714 τὴν
566 1679 726 1714 συναγωγὴν
738 1679 851 1706 ἑαυτῶν.
862 1679 905 1726 ᾞν
917 1683 940 1715 ρ

993 1681 1038 1709 ‘28.
1054 1682 1223 1720 Synagogam
1252 1695 1329 1716 suam
1357 1691 1493 1725 appellant
1510 1678 1657 1724 Bethleem.
1673 1696 1702 1725 In
1716 1705 1746 1726 Ie

97 1726 208 1757 ἑαυτοῖς
225 1726 278 1760 γὰρ
295 1725 458 1760 γεννηθῆναι
470 1733 536 1760 φασι
551 1725 597 1751 τὸν
615 1725 733 1761 Χριστὸν
744 1747 752 1758 ,
766 1726 825 1761 ἤτοι
849 1725 894 1751 τὸν

97 1770 188 1804 Λόγον
213 1770 259 1797 τοῦ
284 1770 352 1797 Θεοῦ
380 1770 426 1797 τὸν
442 1769 610 1803 κηρύττοντα
642 1769 692 1805 τῆς
709 1770 826 1802 πίστεως
847 1770 896 1805 τὴν

97 1817 240 1851 ἀλήθειαν.
262 1816 386 1852 Ἡρώδην
401 1815 429 1842 δὲ
445 1815 537 1842 νοοῦσι
552 1815 600 1850 τὴν
614 1815 673 1841 καθ’
688 1816 761 1850 ἡμᾶς
782 1816 896 1851 Ἐκκλη-

41 1882 45 1884 -
98 1863 173 1895 σίαν,
192 1863 367 1897 πειρωμένην
379 1862 484 1889 ἀνελεῖν
496 1862 540 1888 τὸν
553 1861 619 1896 παρ’
631 1861 721 1893 αὐτοῖς
732 1861 896 1897 γεννηθέντα

96 1908 188 1942 Λόγον
201 1911 250 1944 τῆς
266 1908 404 1944 ἀληθείας.
420 1909 475 1935 Καὶ
489 1908 592 1943 μάγους
604 1908 652 1942 μὲν
666 1905 744 1939 αὖθις
758 1915 896 1943 προσαγο-

98 1955 228 1991 ρεύουσιν
240 1955 364 1987 ἑαυτοὺς,
378 1955 458 1982 τοῦτο
475 1955 556 1990 μόνον
584 1954 773 1989 ἀληθεύοντες.
796 1956 896 1990 Γόητες

97 2002 158 2037 γάρ
176 2002 245 2027 εἰσιν
256 2001 340 2032 ὅντως
355 2000 403 2027 καὶ
417 2000 556 2035 λυμεῶνες
571 2000 617 2026 καὶ
630 1999 789 2034 ἀλάστορες.
815 1999 897 2034 Ἰερο-

97 2047 206 2079 σόλυμα
222 2047 250 2073 δέ
262 2047 342 2073 πάλιν
354 2047 515 2080 ὀνομάζουσι
537 2046 585 2080 τὴν
607 2045 747 2082 ,ἡμετέραν
783 2045 896 2080 Ἐκκλη-

98 2094 176 2125 σίαν,
191 2093 294 2126 ἀστέρα
310 2092 339 2118 δὲ
354 2092 399 2118 τὸν
413 2092 533 2124 Μωσέως
549 2092 642 2126 νόμον.
663 2091 724 2117 ’Υπ”
739 2091 821 2118 αὑτοῦ
840 2092 894 2127 γὰρ

96 2137 266 2173 ὁδηγηοῆναί
294 2145 360 2172 φασι
375 2136 457 2172 μέχρι
473 2137 520 2171 τῆς
533 2137 592 2163 καθ’
609 2137 680 2172 ἡμᾶς
693 2137 820 2169 πίστεως,
836 2134 895 2163 εἶτα

98 2185 179 2218 παρὰ
194 2184 248 2210 τῶν
262 2183 414 2218 ἀρχιερέων
433 2183 530 2217 αὐτῆς,
548 2183 594 2209 καὶ
616 2183 670 2209 τῶν
692 2183 780 2210 ἄλλων
807 2191 896 2218 γραμ-

100 2229 223 2266 ματέων,
240 2228 288 2255 καὶ
303 2228 471 2254 διδασκάλων
493 2227 589 2262 μαθεῖν
604 2227 712 2259 αὐτοὺς,
728 2228 768 2254 ὅτι
786 2228 799 2254 ό
828 2228 895 2262 Χρι-

99 2275 165 2306 στὸς
180 2276 208 2302 ἐν
224 2275 256 2309 τῇ
275 2273 427 2309 δηλωθείσης]
439 2273 567 2307 γεννᾶται
579 2271 715 2308 Βηθλεέμ.
737 2273 795 2307 Ἀφ’
816 2272 895 2307 ἡμῶν

97 2321 157 2356 γὰρ
176 2320 303 2354 γενέσθαι
319 2320 379 2350 τοὺς
397 2319 521 2353 πρώτους
538 2318 713 2349 διδασκάλους
728 2319 831 2346 αὐτῶν.

139 2367 192 2394 κθ¹.
207 2365 381 2393 Μυθεύονται
402 2364 504 2399 Ῥαχὴλ
522 2365 665 2397 γεγονέναι
688 2365 748 2390 τινὰ
773 2366 890 2398 γυναῖκα

97 2415 199 2450 χήραν.
211 2415 258 2441 δύο
271 2414 426 2448 θυγατέρας
437 2413 554 2448 ἔχουσαν
577 2411 677 2447 νηπίαν
692 2411 812 2445 ἀγούσας
834 2413 891 2447 ἡλι-

97 2461 177 2487 κίαν.
188 2460 252 2486 Ὅτε
272 2459 301 2486 δὲ
319 2460 353 2486 τὰ
367 2460 470 2495 ἄρρενα
485 2459 573 2494 βρέφη
588 2459 729 2493 συνῆγενό
749 2458 887 2494 Ἡρώδης,

97 2506 293 2534 ὑπολαὸοῦσαν
320 2507 403 2542 τιμῆς
421 2507 502 2538 αὐτὰ,
528 2506 574 2533 καὶ
604 2505 724 2540 χαρίτων
748 2503 890 2537 ἀξιοῦσθαι

97 2552 169 2587 παρ’
197 2552 293 2586 αὑτοῦ,
324 2552 569 2587 μετασχηματίσαι
587 2551 687 2583 ταύτας
702 2552 741 2583 εἰς
759 2551 888 2586 ἄρρενας,

98 2601 151 2626 καὶ
165 2600 352 2634 προσαγαγεῖν
369 2600 407 2631 ὡς
419 2598 506 2630 υἱούς.
531 2597 609 2625 Ἐπεὶ
623 2598 650 2625 δὲ
667 2599 714 2625 καὶ
729 2598 817 2625 ταῦτα
833 2600 890 2630 τοῖς

96 2644 204 2678 ἄλλοις,
233 2645 271 2677 ὡς
294 2646 410 2681 ἄρρενα,
440 2645 624 2681 συνανῃρέθη,
653 2645 701 2676 τὰς
722 2646 773 2680 μὲν
808 2646 891 2676 ἄλλας

100 2691 224 2727 μητέρας
245 2692 352 2719 κλαίειν
365 2692 475 2723 ἁπλῶς,
493 2692 542 2727 τὴν
560 2691 588 2718 δὲ
611 2691 713 2727 Ῥαχὴλ
726 2692 892 2728 ἀπαράκληο

97 2746 146 2770 τα,
174 2739 242 2765 διότι
268 2739 413 2765 σπεύσασα.
438 2739 675 2773 κατασοφίσασθαι
702 2740 888 2775 κατεσοφίσθη

100 2785 215 2820 μᾶλλον,
235 2786 281 2811 καὶ
301 2787 350 2816 τὰς
372 2786 527 2821 θυγατέρας
541 2786 611 2820 αὐτὴ
629 2787 718 2821 μάτην
737 2787 888 2814 ἀπώλεσεν.

105 2831 340 2867 Ἀλληγοροῦντες
356 2832 383 2858 δὲ
401 2833 447 2860 τὸν
458 2832 537 2867 λόγον
551 2834 628 2867 φασὶ,
647 2833 749 2868 Ῥαχὴλ
774 2834 824 2868 μὲν
846 2834 891 2860 τὸν

101 2878 266 2914 ἒπόυρὰνιον
281 2879 402 2913 Πατέρα,
418 2879 500 2906 τέκνα
523 2879 550 2905 δὲ
578 2879 661 2905 αὑτοῦ
682 2880 731 2916 τήν
752 2889 781 2908 τε
801 2880 890 2918 ψυχὴν

251 2928 395 2960 ,Pu'tmL.
419 2929 477 2960 (in.
501 2929 620 2960 CXXX.

911 2337 934 2363 D

949 1727 1021 1755 enim
1028 1728 1164 1758 Christum
1176 1732 1269 1760 dicunt
1278 1735 1364 1769 nasci,
1372 1743 1419 1764 seu
1429 1736 1545 1766 Verbum
1557 1740 1614 1773 Dei,
1623 1751 1676 1777 quo
1684 1744 1746 1772 ﬁdei

949 1775 1050 1803 veritas
1064 1778 1236 1811 praedicatur.
1251 1779 1375 1808 Nostram
1387 1788 1476 1811 autem
1499 1775 1647 1815 Ecclesiatit
1662 1789 1745 1818 llero-

949 1821 1243 1858 deminterpretantur,
1261 1835 1321 1861 qua:
1330 1827 1525 1865 Verbutnapud
1532 1841 1579 1861 eos
1593 1839 1683 1863 natum
1700 1845 1745 1865 co—

949 1872 1029 1894 netur
1044 1869 1177 1897 Occidere.
1194 1871 1284 1906 Magos
1295 1874 1358 1901 item
1373 1882 1402 1903 se
1418 1876 1490 1910 ipsos
1505 1884 1610 1912 vocant,
1623 1888 1673 1915 qua
1685 1884 1742 1917 qni-

948 1913 1008 1940 dem
1024 1914 1049 1941 in
1066 1922 1094 1942 re
1114 1917 1171 1943 sola
1188 1926 1281 1946 verum
1301 1921 1403 1950 dicunt.
1419 1922 1487 1951 Sunt
1499 1925 1570 1952 enim
1587 1934 1651 1954 vere
1674 1935 1738 1962 per-

948 1959 1044 1986 niciosi
1060 1963 1269 1998 prtestigiatorcs
1284 1971 1311 1993 et
1337 1967 1508 2002 irnpostores.
1529 1970 1743 2008 Hicroso'ytnaut

948 2011 1068 2034 nostram
1094 2009 1229 2043 appellant
1247 2011 1417 2047 Ecclesium;
1439 2017 1545 2044 stellam
1565 2024 1653 2046 autem
1684 2020 1743 2048 Μο-

948 2052 986 2080 sis
1008 2053 1094 2086 legem
1107 2063 1113 2080 :
1127 2064 1158 2082 ea
1184 2058 1255 2084 enim
1270 2059 1337 2087 duce
1362 2061 1394 2088 ad
1415 2067 1536 2090 nostram
1563 2072 1648 2100 usque
1662 2066 1743 2095 ﬁdem

948 2101 1092 2132 perveniri.
1112 2101 1210 2130 Deinde
1224 2111 1239 2130 a
1266 2106 1450 2137 sacerdotibus
1473 2109 1565 2144 ipsius,
1593 2117 1618 2138 et
1633 2114 1742 2148 scribis,

948 2148 976 2171 ct
991 2145 1146 2174 doetoribus
1165 2149 1257 2178 dicunt
1273 2158 1304 2178 se
1327 2151 1434 2182 discere
1450 2155 1587 2184 Christum
1613 2160 1685 2187 nasci
1714 2145 1741 2186 in

946 2190 1084 2220 Bethleem
1101 2195 1247 2223 antedieta.
1265 2197 1286 2223 Α
1306 2198 1384 2227 nobis
1411 2201 1482 2228 enim
1503 2203 1606 2236 primos
1618 2204 1741 2240 ipsorum

948 2240 1092 2274 magistros
1101 2248 1160 2269 esse
1172 2242 1328 2276 profectos.

978 2373 1023 2401 29.
1036 2374 1153 2409 Fingunt
1172 2375 1316 2406 Buchr-lem
1333 2379 1416 2407 fuiSse
1435 2381 1574 2411 mulierem
1591 2386 1736 2419 quamdam

941 2420 1049 2447 viduam
1067 2430 1127 2456 qum
1142 2430 1201 2449 cum
1220 2424 1288 2451 duas
1304 2425 1416 2454 haberet
1438 2428 1554 2457 infantes
1583 2430 1661 2464 ﬁlias,
1682 2441 1736 2466 quo

943 2470 1063 2501 tempore
1081 2467 1200 2496 Herodes
1228 2477 1325 2504 pueros
1339 2480 1426 2500 mares
1451 2477 1632 2510 congregavit,
1651 2479 1735 2504 honu-

942 2519 998 2539 retn
1014 2518 1040 2540 et
1055 2514 1168 2547 gratiam
1184 2516 1253 2550 apud
1270 2516 1357 2550 ipsum
1373 2526 1403 2546 se
1417 2520 1576 2548 existimans
1594 2523 1731 2556 iuittmun.

940 2566 987 2586 eas
1001 2559 1028 2586 in
1043 2561 1162 2587 marium
1178 2563 1295 2595 speciem
1312 2568 1430 2592 mutatas
1444 2567 1541 2594 attulit.
1557 2567 1656 2596 Vetum
1669 2578 1731 2597 cum

940 2609 966 2631 ct
983 2605 1043 2632 tiliae
1057 2613 1113 2633 sua:
1144 2613 1269 2642 tanquam
1284 2617 1373 2638 mares
1390 2619 1442 2640 una
1464 2620 1524 2640 cuin
1551 2614 1611 2641 aliis
1639 2621 1732 2643 essent

940 2650 1102 2685 interiectae,
1118 2657 1145 2679 et
1161 2654 1271 2687 reliqua:
1288 2661 1388 2684 matres
1413 2657 1545 2692 lugerent,
1564 2659 1664 2688 Rachel
1693 2661 1730 2688 ita

940 2697 1065 2731 plorabat
1082 2703 1112 2724 ut
1125 2698 1225 2726 nullam
1240 2699 1396 2728 admitteret
1409 2704 1632 2737 consolationem,
1661 2713 1729 2739 quu-

943 2743 1016 2769 niam
1031 2744 1093 2769 dum
1107 2749 1253 2771 conaretur
1266 2745 1390 2780 decipere
1402 2747 1513 2782 decepta
1529 2749 1626 2781 fuerat,
1646 2750 1730 2777 ﬁlias-

944 2795 997 2822 que
1011 2788 1066 2822 ipsa
1083 2795 1148 2814 suas
1166 2793 1267 2816 tetnet-e
1288 2790 1451 2824 perdiderat.
1467 2795 1554 2826 Atque
1584 2793 1635 2820 hoc
1668 2794 1733 2820 alle-

945 2833 1036 2868 gorice
1048 2833 1257 2869 interpretantes
1272 2835 1376 2867 dicunt,
1391 2834 1535 2863 Racheletn
1548 2837 1657 2865 Patrem
1674 2846 1735 2866 esse

944 2880 1095 2916 caelestem,
1124 2879 1200 2916 cujus
1231 2880 1291 2909 ﬁlia:
1320 2881 1374 2910 sint
1396 2882 1484 2910 animo
1509 2883 1573 2911 Adze
1598 2889 1624 2912 et
1649 2885 1736 2911 animo

1470 2929 1509 2961 42
