1873 3075
111 164 192 197 ’13Ξ3

737 154 892 186 EUTIIYM
901 154 927 183 ll
957 152 1136 183 ZlGABENI

1693 146 1760 179 13:24

117 220 236 254 Christi,
254 219 351 255 quibus
365 218 398 245 ab
411 217 527 250 Herode,
540 215 565 243 id
584 219 637 247 est,
648 222 662 241 ιι
675 213 766 241 mundi
784 211 917 248 principe,

1036 209 1134 244 Ἀδὰμ,
1162 207 1210 235 καὶ
1225 207 1274 242 τὴν
1288 205 1378 242 ψυχὴν
1394 204 1442 232 τοῦ
1453 203 1586 241 Χριστοῦ,
1600 200 1639 230 ὢν
1651 203 1763 238 ἀναιρε-

123 267 249 299 sublatis,
266 271 369 302 patrem
384 264 475 300 lugere
490 266 605 290 mortem
617 261 737 293 illarum,
753 266 805 286 nec
833 257 915 285 ullam

114 312 337 342 consolationem
353 311 506 338 admittere.

152 403 199 432 50.
208 403 267 438 Ipse
276 401 402 433 Joannes,
411 399 509 434 inquit,
516 396 828 425 habebatvestimentum
840 401 918 422 suum

124 451 158 478 de
167 449 229 485 pilis
240 447 416 477 camelorum,
429 451 455 473 et
484 452 580 472 zonam
601 442 740 479 pelliceam
756 442 827 469 circa
844 440 917 466 lum-

124 498 175 525 bos
187 503 260 523 suos.
275 495 308 521 Et
323 494 399 521 cibus
413 492 470 528 ejus
485 496 563 519 erant
576 491 697 521 locustae,
718 492 744 515 et
758 487 810 515 mel
826 486 916 522 sylve-

126 549 193 570 stre.
208 542 271 569 Hac
281 544 344 568 sunt
352 538 523 574 evangelista
533 537 625 564 verba.
634 534 845 563 Consideremus
853 531 919 567 quid

127 589 216 617 dehis
231 588 311 616 etiam
329 586 421 614 dicunt
437 583 552 616 attoniti,
566 587 593 610 et
611 582 710 614 insani,
726 588 758 608 ac
775 584 921 615 nugatores

126 636 184 664 isti.
197 633 297 662 Cameli
310 632 378 666 pilos
388 631 511 659 Mosaicae
521 629 586 665 legis
600 628 694 655 dicunt
702 634 763 655 esse
773 629 919 661 praecepta.

128 682 193 714 Quae
218 680 275 714 ipsa
297 684 414 712 quoque,
432 680 461 702 ut
474 675 602 706 camelos,
616 673 721 708 impura
751 672 796 703 sit,
807 678 869 698 cum
895 673 923 697 et.

128 733 203 753 esum
218 724 352 753 carnium.
366 721 482 756 nuptias,
493 717 729 754 etjusjurandum,
742 721 767 744 et
778 715 921 747 sacrificia,

128 777 157 799 et
170 771 266 802 czedes,
281 774 308 795 et
323 768 373 795 alia
384 767 466 794 multa
480 766 522 793 his
533 764 631 792 similia
646 763 760 791 subditis
771 761 921 798 permittat.

129 817 232 844 Zonam
249 823 311 842 vero
322 813 461 849 pelliceatn
476 819 583 838 sacrum
595 809 770 844 Evangelium
788 808 922 842 interpre-

128 866 232 894 tantur,
248 860 318 894 quod
338 858 429 885 ovium
461 856 575 891 pellibus
595 855 753 889 inscriptum
768 858 821 881 est.
850 852 921 880 Rur—
939 874 959 901 Β

129 914 243 942 smnqnc
257 905 379 932 Mosaicae
396 903 463 938 legis
480 901 681 928 adhortationes
697 901 815 927 locustas
831 899 923 934 appel-

130 955 198 985 lant.
216 959 275 987 quae
301 950 449 985 diiudicare
466 951 603 981 nequeunt
626 953 657 973 ea
672 953 732 980 qua:
753 950 827 971 recta
851 949 924 975 sunt,

130 1006 219 1034 neque
233 998 260 1025 id
291 995 444 1032 perspicere
462 993 532 1028 quod
556 992 652 1019 melius
677 995 729 1019 est.
759 990 809 1017 Mel
834 995 925 1016 autem

131 1046 264 1081 sylvestre
276 1046 374 1071 vocant
389 1040 575 1074 Evangelium,
588 1037 661 1072 quod
678 1037 730 1064 mel
746 1036 850 1064 videtur
861 1036 925 1072 illis,

132 1101 147 1119 a
166 1091 264 1126 quibus
280 1088 427 1122 suscipitur
441 1097 447 1114 :
461 1087 548 1119 Quam
560 1085 650 1112 dulcia
661 1084 738 1114 enim,
756 1083 853 1118 inquit,
867 1087 928 1117 gut-

133 1139 186 1166 turi
199 1145 255 1164 meo
271 1135 374 1170 eloquia
391 1138 448 1165 tua,
460 1140 537 1166 super
551 1131 600 1158 me!
611 1130 650 1157 ori
671 1138 727 1157 meo
746 1129 752 1144 '
766 1138 773 1163 ;
789 1129 928 1164 rsylvestre

133 1190 222 1213 autem
238 1182 291 1210 illis
304 1181 349 1216 qui
368 1180 454 1215 ipsum
472 1186 524 1206 non
543 1173 710 1212 suscipiant,
727 1181 837 1211 propter
852 1182 928 1202 acer-

132 1232 243 1259 bitatem
257 1232 379 1264 angustae
395 1230 478 1262 portae
489 1230 516 1253 et
531 1229 614 1252 arcta:
637 1223 696 1254 viae.
706 1231 787 1257 quam
797 1222 927 1249 ostendit.

134 1278 334 1306 Pr:t:cursorem
364 1274 436 1302 enim
463 1279 526 1300 esse
554 1271 672 1298 medium
699 1270 770 1297 inter
791 1269 928 1303 antiquam

135 1325 221 1359 legem
236 1327 263 1350 et
278 1325 421 1353 novam,et
434 1319 573 1353 utriusque
587 1317 669 1344 fuisse
678 1315 847 1350 participem,
859 1314 929 1341 illius

139 1370 248 1404 quidem
267 1368 356 1403 prius,
374 1365 456 1401 hujus
475 1368 564 1391 autem
581 1363 726 1398 posterius.

172 1415 218 1443 5L
241 1414 296 1442 Nos
310 1414 402 1441 dicunt
413 1419 473 1439 esse
483 1410 635 1438 Pharisaeos
646 1414 672 1437 et
686 1408 847 1436 Sadducams
858 1407 930 1438 illos.

136 1462 180 1497 qui
197 1461 230 1489 ad
257 1459 370 1488 Joannis
394 1459 557 1493 baptismum
582 1455 758 1483 accedebant.
794 1453 817 1482 Ο
844 1455 932 1488 impu-

137 1508 228 1536 dentia
242 1507 249 1534 l
265 1505 366 1533 Deinde
380 1511 441 1531 cum
456 1502 604 1537 ignominia
622 1508 670 1528 nos
683 1505 781 1528 vocant
794 1500 930 1542 genimina

970 256 1069 284 θεισῶν
1091 256 1168 290 παρὰ
1196 254 1243 282 τοῦ
1276 253 1411 289 Ἡρώδου,
1437 250 1560 286 δηλονότι
1587 249 1637 276 τοῦ
1661 258 1763 283 7.06pm-

971 303 1116 339 κράτορος,
1134 301 1240 328 κλαίειν
1257 299 1443 336 ἀπαράκλητα
1458 297 1506 324 τὸν
1525 296 1632 331 πατέρα
1646 295 1692 322 διὰ
1715 295 1762 321 τὸν

970 350 1073 376 τούτων
1089 348 1245 382 ἀναίρεσιν.

1008 396 1041 424 λ’.
1061 394 1147 426 Αὐτὸς
1161 394 1202 426 δί,
1216 393 1309 429 φησὶν,
1318 393 1332 418 ὁ
1347 391 1472 425 Ἰωάννης
1483 387 1540 425 εἶχε
1553 388 1583 415 τὸ
1597 388 1703 423 ἔνδυμα
1716 387 1765 412 αὑ-

969 441 1018 469 τοῦ
1031 441 1086 469 ἀπὸ
1095 440 1199 476 τριχῶν
1209 439 1345 474 καμήλου,
1359 437 1406 464 καὶ
1419 436 1507 471 ζώνην
1519 434 1688 470 δερματίνην
1699 433 1766 465 περὶ

969 489 1019 525 τὴν
1036 487 1123 522 ὀσφὺν
1138 486 1233 514 αὑτοῦ.
1251 476 1285 511 Ἦ
1299 485 1327 511 δὲ
1340 483 1428 520 τροφὴ
1439 482 1522 510 αὐτοῦ
1534 479 1568 517 ἦν
1587 481 1703 516 ἀκρίδες
1718 479 1766 505 καὶ

971 534 1032 569 μέλι
1044 534 1150 568 ἄγριον.
1166 530 1262 558 Ταῦτα
1276 530 1328 565 μὲν
1340 529 1374 556 τὰ
1390 528 1437 555 τοῦ
1459 525 1664 561 Εὑαγγελιστοῦ
1680 525 1764 559 {5111i-

973 579 1128 614 σκοπητέον
1137 578 1166 604 δὲ
1178 576 1227 603 καὶ
1243 577 1270 603 τί
1283 575 1394 609 λέγουσι
1410 574 1474 608 περὶ
1488 573 1593 600 τούτων
1600 572 1626 598 οί
1644 571 1766 606 ἐμϐρόν-

971 635 1060 661 τητοι,
1086 625 1134 652 καὶ
1152 623 1318 659 μεμηνότες,
1339 622 1388 648 καὶ
1411 619 1630 656 παραπαίοντες.
1659 618 1767 653 Τρίχας

974 673 1025 709 μὲν
1036 670 1162 707 καμήλου
1177 669 1244 705 φασὶ
1263 669 1312 700 τὰς
1325 667 1434 698 ἐντολὰς
1449 666 1496 693 τοῦ
1513 664 1654 701 μωσαῐκοῦ
1670 664 1767 698 νόμον.

973 719 1030 746 Καὶ
1046 717 1142 745 τοῦτον
1159 715 1214 752 γὰρ
1246 713 1404 748 ἀκάθαρτον
1428 710 1499 740 εἶναι
1514 711 1586 738 κατὰ
1606 710 1658 746 τὴν
1673 710 1769 744 κάμη-

973 767 1030 799 λον,
1053 765 1091 797 ὡς
1118 762 1308 799 κρεωφαγίαν,
1335 760 1383 787 καὶ
1407 760 1507 794 γάμον,
1532 758 1580 786 καὶ
1610 759 1706 791 ὅρκον.
1722 755 1771 782 καὶ

974 810 1082 843 θυσίας,
1110 809 1159 836 καὶ
1178 809 1288 843 φόνους,
1306 807 1354 833 καὶ
1372 804 1459 832 πολλὰ
1479 803 1593 831 τοιαῦτα
1618 804 1677 834 τοῖς
1700 803 1772 836 ὑπη-

973 857 1047 888 χόοις
1062 854 1266 889 ἐντελλόμενον.
1306 851 1400 886 Ζώνην
1420 851 1448 877 δὲ
1465 850 1575 884 λέγουσι
1599 848 1771 884 δερματίνην

975 904 1006 931 τδ
1021 903 1095 938 ἱερὸν
1121 900 1300 935 Εὐαγγέλιον,
1326 898 1365 930 ὡς
1387 898 1504 933 δέρμασι
1521 896 1672 932 προϐάτων
1688 895 1770 928 ἐγγε-

976 948 1149 986 γραμμένον·
1167 947 1215 973 καὶ
1228 943 1308 976 αὖθις
1323 943 1438 980 ἀκρίδας
1455 941 1505 977 μὲν
1525 941 1575 972 τὰς
1589 940 1637 967 τοῦ
1663 942 1770 975 μωσαῑ-

976 995 1024 1022 κοῦ
1039 995 1122 1028 νόμου
1138 991 1338 1028 παραγγελίας,
1351 989 1388 1021 ὡς
1400 988 1438 1024 μὴ
1450 986 1598 1022 κρινούσας
1612 985 1694 1021 ὀρθὰ,
1705 985 1771 1019 μηδὲ

976 1040 1166 1077 διαχρινούσας
1182 1039 1212 1065 τὺ
1233 1037 1355 1073 βέλτιον·
1374 1035 1436 1067 μέλι
1459 1034 1486 1060 δὲ
1508 1033 1604 1067 ἄγριον
1631 1033 1666 1058 τδ
1700 1032 1772 1059 θεῖον

978 1087 1159 1122 Εὐαγγέλιον,
1175 1085 1237 1120 μέλι
1255 1084 1303 1119 μὶν
1319 1082 1485 1118 φαινόμενον
1499 1080 1556 1110 τοῖς
1579 1078 1774 1114 παραδεχομέ-

977 1142 1033 1165 νοις
1044 1131 1122 1160 αὐτό”
1141 1131 1189 1164 Ὠς
1207 1128 1320 1165 γλυκέα
1338 1129 1404 1162 γὰρ,
1423 1125 1500 1160 φητὶ,
1515 1124 1555 1157 τῷ
1570 1124 1706 1158 λάρυγγί
1714 1132 1774 1157 μου

977 1180 1014 1206 τὰ
1024 1178 1111 1214 λότιά
1125 1184 1185 1204 σου
1201 1184 1208 1191 ·
1228 1176 1326 1209 ἄγριον
1355 1174 1383 1200 δὲ
1393 1174 1449 1204 τοῖς
1473 1171 1510 1206 μὴ
1537 1170 1774 1205 παραδεχομένοις

978 1227 1022 1253 διὰ
1043 1225 1092 1260 τὴν
1109 1223 1225 1261 πικρίαν
1247 1222 1297 1257 τῆς
1320 1220 1382 1261 κατ’
1406 1219 1472 1246 αὐτὸ
1495 1219 1593 1253 στενῆς
1619 1217 1712 1252 πύλης
1726 1216 1773 1242 καὶ

987 1257 1172 1307 τεθλιμμένης
1187 1268 1260 1296 ὁδοῦ.
1274 1267 1326 1294 Τὸν
1337 1257 1499 1301 Ῑ1ρόδρομον
1514 1263 1568 1299 γὰρ
1597 1263 1684 1298 μέσον
1702 1262 1775 1296 γενέ-

981 1319 1045 1347 σθαι
1063 1317 1112 1344 καὶ
1127 1316 1176 1343 τοῦ
1193 1313 1310 1342 παλαιοῦ
1327 1312 1424 1347 νόμου,
1444 1311 1493 1338 καὶ
1514 1309 1561 1336 τοῦ
1577 1309 1653 1340 νέου,
1664 1309 1714 1336 καὶ
1730 1317 1775 1344 με-

981 1365 1092 1399 τασχεῖν
1098 1362 1274 1399 ἀμφοτέρων,
1282 1359 1330 1386 τοῦ
1341 1359 1390 1394 μὲν
1398 1358 1542 1393 πρότερον,
1550 1355 1597 1384 τοῦ
1608 1356 1638 1383 δὲ
1649 1355 1713 1382 ὕστε
1718 1364 1773 1390 ρον.

1015 1409 1069 1436 λα’.
1084 1407 1250 1443 Φαρισαίους
1265 1404 1313 1432 καὶ
1323 1402 1519 1433 Σαδδουκαίους
1541 1401 1710 1436 ἐρχομένους
1726 1399 1774 1424 ἐπὶ

982 1456 1013 1482 τὺ
1036 1455 1180 1490 βάπτισμα
1210 1451 1335 1478 Ἰωάννου
1358 1447 1595 1484 προσαγορεύουσι
1621 1447 1688 1477 τοὺς
1713 1444 1775 1471 καθ’

983 1489 1058 1536 ἡμᾶς
1072 1498 1197 1530 πιστούς.
1225 1496 1257 1522 Ὢ
1266 1496 1316 1528 τῆς
1329 1493 1522 1529 ἀναισχυντίας
1536 1492 1543 1518 l
1563 1489 1631 1518 Εἶτα
1643 1489 1777 1525 καθυϐρί-

137 1555 307 1588 viperarum,
320 1551 378 1578 sive
398 1549 530 1584 serpentis
542 1547 656 1578 semina,
669 1546 724 1580 qui,
738 1551 766 1573 ut
782 1537 832 1580 ipsi
845 1545 929 1578 aiunt,

1017 1555 1076 1578 ντες
1093 1544 1275 1580 ὀνομάζουσιν
1291 1543 1365 1577 ἡμᾶς
1374 1538 1534 1575 γεννήματα
1550 1538 1674 1573 ἐχιδνῶν,
1692 1537 1778 1572 ἤγουν

135 1607 200 1627 cum
213 1598 267 1625 Eva
279 1594 433 1623 concubuit.
445 1593 479 1620 Et
490 1597 610 1625 monent,
620 1596 649 1619 ut
659 1600 711 1619 non
720 1599 790 1627 πει-ο
800 1592 928 1623 feramus,

137 1645 210 1680 quod
224 1651 238 1670 a
253 1641 374 1676 Baptista
389 1639 493 1667 Joanne
508 1645 570 1666 vere
579 1638 712 1666 nominati
729 1645 833 1666 sumus.

176 1776 222 1807 32.
234 1773 336 1803 Christi
349 1773 532 1802 calceamenta
549 1771 642 1799 dicunt
655 1778 714 1799 esse
725 1771 865 1804 miracula,
873 1778 933 1806 quae

138 1821 279 1857 discipulis
306 1823 334 1848 et
364 1818 451 1847 turbis
486 1816 690 1845 demonstravit.
724 1816 789 1850 Quae
825 1816 933 1851 quidem

140 1869 323 1896 calceamenta
338 1865 578 1899 loaunesgeslare
604 1870 657 1890 non
689 1866 803 1896 poterat,
834 1862 934 1897 quippe

119 1948 124 1951 ι
140 1915 188 1950 qui
200 1913 273 1941 nullo
302 1911 383 1940 modo
398 1911 505 1938 valebat.
521 1917 553 1937 ea
577 1907 708 1936 miracula
738 1907 932 1935 demonstrare.

140 1963 176 1988 At
194 1959 373 1988 ventilabrum
385 1956 486 1985 Christi
502 1959 598 1983 vocant
614 1954 751 1990 Evangelii
768 1961 934 1986 sermonem,

143 2013 171 2033 nt
184 2007 230 2041 qui
242 2013 274 2032 ex
290 2004 361 2032 illius
384 2010 431 2031 ore
445 2001 592 2037 prolectus.
610 2001 706 2029 Aream
723 2003 844 2030 homines
858 2001 937 2029 Chri-

142 2054 258 2085 stianos,
284 2053 310 2080 in
325 2059 378 2086 qua
399 2050 466 2077 varii
491 2049 644 2084 diversique
659 2055 738 2083 sunt,
769 2054 825 2076 tum
853 2054 935 2083 recte,

144 2106 201 2127 tum
219 2104 314 2127 contra
331 2096 492 2126 sentientes.
518 2094 651 2123 Triticum
670 2101 759 2122 autem
775 2103 851 2123 suam
864 2096 937 2129 ipso‘

145 2154 207 2173 rum
232 2144 322 2176 (idem,
356 2145 450 2177 utpote
470 2149 564 2176 puram
594 2145 621 2168 et
646 2140 806 2174 salutarem;
833 2141 938 2176 paleam

144 2199 210 2218 vero
228 2190 308 2218 ﬁdem
334 2194 455 2216 nostram
485 2192 611 2221 tanquam
637 2186 758 2214 inutilem
783 2192 863 2221 atque
877 2187 939 2221 igne

146 2238 253 2270 dignam
272 2234 417 2270 appellant.
430 2233 558 2266 Quaenam
570 2231 642 2259 auris
655 2232 696 2266 pia
714 2232 798 2266 possit
824 2232 938 2259 istorum

147 2283 351 2310 maledictorum
376 2278 542 2314 impietatem
579 2277 721 2312 perferre?
747 2276 941 2305 Stomachatur

148 2329 238 2356 anima
266 2334 324 2354 mea
347 2326 381 2352 ad
406 2325 520 2352 istorum
552 2324 678 2358 ineptias,
706 2327 733 2351 et
767 2331 862 2351 sensus
887 2325 939 2352 mei

148 2373 351 2409 perturbantur,
378 2377 407 2398 ut
423 2371 462 2398 ait
479 2370 609 2405 propheta
618 2371 639 2402 ',
667 2374 695 2398 et
713 2370 791 2397 velim
821 2372 939 2398 sermoni

148 2420 258 2446 modum
273 2418 422 2452 imponere,
453 2423 506 2443 nec
538 2415 642 2450 longius
668 2415 803 2450 progredi,
835 2423 885 2443 nec
909 2415 936 2443 in

147 2466 236 2493 lucem
255 2464 390 2498 proferre,
412 2468 439 2491 et
463 2463 602 2490 memoriae
621 2463 811 2495 tommeudare
833 2469 864 2490 ea
878 2470 938 2497 qua:

148 2512 268 2541 tenebris
282 2516 308 2539 et
327 2510 462 2539 oblivione
486 2514 550 2536 sunt
565 2508 655 2542 digna.

183 2652 228 2679 55.
248 2651 366 2678 Montem
381 2649 463 2676 altum
481 2647 575 2676 dicunt
588 2655 648 2676 esse
665 2648 810 2676 secundum
828 2649 936 2683 ccelum,

150 2707 204 2734 quo
216 2697 342 2725 Christus
359 2703 374 2723 a
388 2694 496 2723 diabolo
510 2695 631 2723 sublatus
643 2695 741 2723 viderit
753 2696 842 2723 omnia
855 2704 937 2731 regna

150 2745 255 2773 mundi.
288 2743 451 2778 Adduntque
480 2742 614 2770 diabolum
646 2743 672 2770 in
704 2742 768 2770 illud
791 2744 937 2771 secundum

151 2791 248 2819 ctnlum
278 2798 331 2818 non
360 2789 443 2817 fuisse
474 2796 697 2822 conscensurum,
724 2789 775 2818 nisi
801 2790 939 2826 proprium

191 2882 198 2897 ¹
213 2880 285 2908 Psal.
300 2887 394 2914 cxvm,
412 2880 474 2908 105.
513 2879 522 2895 ³
541 2879 641 2907 Jerem.
657 2885 694 2912 tv,
709 2878 753 2906 l9.

981 1593 1128 1628 σπέρματα
1141 1591 1190 1617 τοῦ
1204 1590 1293 1624 ὄφεως
1307 1588 1353 1615 τοῦ
1366 1585 1644 1621 συγκατακλιθέντος,
1656 1584 1695 1614 ὡς
1708 1592 1777 1618 πρε-

980 1639 1142 1673 δεδήλωται,
1156 1638 1188 1672 τῇ
1206 1635 1275 1669 Εῠᾳ,
1287 1634 1334 1661 καὶ
1349 1631 1516 1666 παραινοῦσι
1533 1630 1571 1666 μὴ
1583 1629 1776 1664 δυσχεραίνειν

981 1686 1020 1716 ὡς
1043 1685 1095 1711 ὑπὸ
1121 1682 1168 1710 τοῦ
1196 1679 1351 1708 Βαπτιστοῦ
1387 1678 1511 1705 Ἰωάννου
1547 1676 1675 1712 ἁψευδῶς
1697 1676 1777 1702 τοῦτο

982 1729 1266 1766 προσαγορευθέντας.

1018 1777 1066 1812 λβ’.
1090 1775 1266 1809 ’Υποδήματα
1281 1773 1330 1808 μὲν
1339 1771 1386 1798 τοῦ
1406 1770 1524 1806 Χριστοῦ
1537 1769 1648 1804 λέγουσι
1659 1769 1694 1796 τὰ
1708 1769 1776 1795 ὐπο-

984 1822 1119 1856 δείγματα
1133 1819 1187 1846 τῶν
1207 1818 1339 1854 σημείων,
1351 1818 1421 1853 ἅπερ
1433 1816 1557 1848 ὑπέδειξε
1568 1817 1625 1847 τοῖς
1639 1816 1778 1851 μαθηταῖς

985 1868 1032 1895 καὶ
1050 1867 1107 1898 τοῖς
1126 1865 1227 1900 ὄχλοις,
1243 1865 1261 1892 ἃ
1280 1864 1318 1899 μὴ
1337 1862 1469 1890 δύνασθαι
1483 1862 1619 1897 βαστάσαι
1636 1862 1682 1889 τὸν
1717 1861 1778 1888 Ἰω-

985 1913 1067 1948 άννην
1081 1912 1119 1943 ὡς
1132 1910 1315 1938 ἀδυνατοῦντα
1327 1909 1438 1940 πάντως
1450 1908 1590 1940 ὑποδεῖξαι
1598 1907 1716 1941 τπαῦτα
1726 1908 1776 1934 καὶ

987 1958 1084 1986 αὐτόν·
1102 1957 1187 1984 πτύον
1200 1957 1228 1983 δὲ
1251 1955 1298 1982 τοῦ
1323 1955 1443 1990 Χριστοῦ
1458 1955 1504 1981 τὸν
1523 1954 1707 1988 εὑαγγελικὸν
1731 1954 1777 1980 λό-

988 2013 1048 2040 γον,
1070 2004 1108 2036 th;
1133 2002 1348 2030 άποπτυσθέντα
1373 2002 1417 2028 διὰ
1440 2002 1487 2028 τοῦ
1516 2001 1652 2035 στόματος
1678 2001 1776 2031 αὐτοῦ,

990 2051 1037 2078 καὶ
1057 2050 1149 2077 ἅλωνα
1177 2049 1227 2084 μὲν
1249 2049 1314 2080 τοὺς
1337 2048 1521 2082 Χριστιανοὺς
1543 2047 1582 2078 ὡς
1605 2047 1704 2077 ἄλλους
1728 2047 1777 2073 καὶ

989 2095 1174 2127 ἅλλους-τοὺς
1189 2095 1237 2130 μὲν
1252 2094 1307 2129 γὰρ
1321 2093 1480 2128 ὀρθοδόξους
1493 2090 1574 2123 εἶναι,
1587 2092 1649 2124 τοὺς
1661 2092 1690 2118 δὲ
1700 2093 1779 2119 τοῦν-

992 2143 1087 2170 αντίον
1120 2140 1303 2177 ὲτεροδόξους·
1326 2141 1399 2167 σῖτον
1422 2139 1452 2166 δὲ
1477 2139 1528 2174 τὴν
1554 2139 1660 2166 ἑαυτῶν
1675 2139 1778 2171 πίστιν,

994 2190 1031 2221 ὼς
1048 2189 1173 2223 καθαράν
1187 2196 1217 2214 τε
1230 2187 1278 2214 καὶ
1298 2187 1442 2221 τρόφιμον·
1463 2186 1563 2222 ἄχυρον
1589 2185 1619 2211 δὲ
1638 2185 1689 2219 τὴν
1717 2185 1780 2210 καθ’

993 2237 1077 2271 ἡμᾶς,
1091 2234 1129 2266 ὡς
1145 2234 1284 2268 ἄχρηστον
1299 2233 1347 2260 καὶ
1372 2232 1456 2268 πυρὸς
1471 2231 1560 2264 ἀξίαν.
1580 2231 1629 2262 Τίς
1645 2230 1680 2258 ἃν
1699 2231 1781 2256 εὐσε-

991 2282 1042 2316 ϐὴς
1067 2279 1136 2314 ἀκοὴ
1156 2279 1286 2305 τοιούτων
1320 2277 1467 2312 ἀνάσχοιτο
1478 2275 1684 2311 «βλασφημιῶη
1707 2277 1783 2302 Οὲδεί

994 2326 1064 2362 πρὸς
1079 2325 1130 2357 τὰς
1152 2323 1266 2355 ἀτοπίας
1281 2323 1384 2354 ταύτας
1401 2323 1418 2358 ή
1433 2322 1488 2358 ἐμὴ
1502 2322 1588 2357 ψυχὴ,
1605 2322 1652 2348 καὶ
1667 2321 1703 2347 τὰ
1734 2323 1780 2347 αξ-

992 2371 1132 2407 σθητὴριά
1149 2378 1200 2405 μου
1219 2369 1382 2404 μαιμάσσει,
1407 2369 1478 2394 κατά
1499 2367 1545 2394 τὸν
1560 2367 1716 2402 προᾳήτην,
1734 2367 1783 2394 καὶ

992 2418 1125 2454 βούλομαι
1143 2417 1189 2444 τὸν
1205 2417 1285 2450 λόγον
1300 2414 1427 2449 ἐκκόψαι,
1451 2414 1499 2440 καὶ
1524 2413 1563 2449 μὴ
1581 2413 1718 2448 προϐῆναι
1736 2421 1782 2439 πε-

989 2463 1123 2500 ραιτέρω,
1142 2462 1209 2498 μηδὲ
1225 2461 1298 2496 φωτὶ
1314 2461 1362 2488 καὶ
1389 2461 1485 2496 μνήμῃ
1500 2459 1593 2486 δοῦναι
1614 2459 1650 2486 τὰ
1664 2459 1781 2490 σκότους

986 2510 1034 2538 καὶ
1062 2509 1150 2545 λήθης
1174 2508 1247 2540 ἄξια.
1279 2507 1486 2542 Παραδιαστέον
1507 2506 1535 2532 δὲ
1553 2505 1650 2540 μικρὸν
1668 2505 1719 2539 ἔτι,
1735 2506 1783 2532 καὶ

998 2555 1180 2591 καρτερητέον
1198 2555 1260 2589 άχρι
1275 2553 1349 2584 τινὸς
1365 2553 1414 2588 τὴν
1429 2552 1621 2587 γλωσσαλγίαν
1635 2551 1691 2578 τῶν
1712 2552 1784 2578 ἀπε-

994 2603 1165 2640 ραντολόγων
1180 2602 1295 2636 τούτων,
1310 2600 1356 2627 καὶ
1372 2600 1550 2635 παραφόρων,
1565 2599 1612 2625 καὶ
1635 2597 1785 2632 βδελυρῶν.

1027 2649 1079 2685 λγ’.
1102 2651 1186 2686 Ὄρος
1203 2649 1303 2685 ὑψηλὸν
1314 2649 1425 2682 λέγουσι
1448 2646 1494 2674 τδν
1505 2645 1632 2681 δεύτερον
1656 2645 1785 2679 οὐρανὸν,

993 2697 1042 2724 καὶ
1059 2695 1122 2728 εἱς-ὂ
1135 2697 1180 2723 τὸν
1195 2696 1314 2731 Χριστὸν
1328 2692 1626 2728 ἁναὸιϐασθῆναιπαρὰ
1635 2692 1684 2719 τοῦ
1693 2692 1787 2719 διαδάο

992 2743 1051 2775 λου,
1068 2743 1116 2770 καὶ
1134 2743 1198 2769 ίδείν
1212 2742 1302 2773 πάσας
1318 2741 1367 2772 τὰς
1381 2739 1521 2775 βασιλείας
1535 2739 1583 2765 τοῦ
1600 2739 1724 2773 κόσμου’
1738 2738 1786 2765 καί

993 2798 1087 2825 φασιν,
1098 2790 1139 2816 ὅτι
1155 2789 1205 2816 οὐκ
1220 2789 1254 2816 ἂν
1275 2788 1289 2815 ὀ
1302 2787 1426 2819 διάϐολος
1454 2786 1571 2822 ἀνῆλθεν
1593 2787 1634 2818 εἰς
1648 2786 1742 2819 αὐτὸν,
1762 2786 1785 2812 εἰ
