1873 3075
118 151 191 186 1325

578 150 768 182 PANOPLIA
786 150 1017 182 DOGMATICA-
1033 165 1067 171 -
1084 153 1161 186 ΤΙΤ.
1181 153 1304 185 XXVII.

1677 152 1747 185 1326

118 211 157 246 μὴ
169 209 276 245 ποίημα
293 209 389 236 τοῦτον
409 209 474 236 ῐδιον
498 209 657 244 ἐγίνωσκεν.
674 208 736 236 Οὐδ’
758 209 791 236 ἂν
812 208 906 245 ,ἑαυτῷ
919 212 937 241 Α

995 217 1046 238 tum
1057 217 1118 239 esse
1131 217 1199 246 opus
1209 212 1372 246 agnovisset.
1393 210 1484 246 Neque
1494 210 1595 244 omnia,
1606 211 1745 246 inquiunt,

116 256 320 291 παραδεδόσθαι
334 255 425 288 πάσας
439 255 489 288 τὰς
502 255 643 292 βασιλείας
664 253 751 288 εἶπεν,
770 255 794 281 εἰ
806 255 843 291 μὴ
858 254 905 282 καὶ

118 304 170 336 τὴν
183 302 289 329 τούτων
307 302 489 338 συνεχωρήθη
507 302 680 337 κυριαρχίαν,
694 301 731 333 ὡς
744 300 808 335 παρ’
822 299 904 328 αὑτοῦ

115 348 321 384 γεγενημένων,
338 347 429 380 καθὼς
441 348 658 384 προδεδήλωται.

151 395 198 421 λδν.
209 394 263 421 Καὶ
283 394 467 428 καταλιπὼν,
480 395 573 429 φησιν,
583 396 599 421 ὁ
618 394 732 428 Ἰησοῦς
743 393 801 428 τὴν
810 392 905 424 Ναζα-

111 440 177 474 ρὲτ,
193 440 288 468 ἐλθὼν
301 439 478 475 κατῴκησεν
490 441 534 473 εις
551 439 758 474 Καπερναούμ.
776 438 905 475 Ναζαρὲτ

118 487 169 521 μὲν
189 487 264 522 ἡμᾶς
277 487 526 522 προσαγορεύουσι,
537 486 724 522 Καπερναοὺμ
740 485 769 512 δὲ
779 484 905 517 ἑαυτούς.

116 533 174 559 Καὶ
183 532 231 560 νῦν
246 535 387 560 κατοικεῖν
401 534 450 569 μὲν
467 533 532 569 παρ’
548 533 639 565 αὐτοῖς
655 533 765 567 λέγουσι
779 531 826 559 τὸν
840 532 907 567 Χρι-

116 579 180 606 στὸν
196 579 382 607 καταλιπόντα
400 581 449 615 τήν
462 580 600 616 ἡμετέραν
617 580 790 615 συναγωγήν.

151 625 198 653 λε’.
213 626 282 658 Τοὺς
312 626 507 660 μακαρισμοὺς
539 626 644 657 πάντας
661 625 726 661 περὶ
741 625 830 661 μόνων
854 624 908 652 τῶν

114 673 176 698 κατ’
191 672 291 704 αὐτοὺς
305 672 422 704 πιστῶν,
438 673 498 708 ἤτοι
511 671 565 698 τῶν
585 671 743 706 Βογομίλων
757 672 846 698 εἰπεῖν
860 670 907 698 τὸν

112 718 234 753 Χριστὸν
265 718 500 746 διαϐεϐαιοῦνται.
539 718 686 750 Τοιούτους
712 719 766 755 γὰρ
803 718 905 750 αὐτοὺς

111 762 185 791 εἶναι
206 763 332 799 πτωχοὺς
349 764 389 800 τῷ
407 764 554 799 πνεύματι,
581 764 629 791 καὶ⁴
656 763 833 797 πενθοῦντας,
858 764 906 791 καὶ

112 811 282 844 πεινῶντας,
300 812 348 838 καὶ
363 811 501 846 διψῶντας
530 811 579 846 τὴν
604 811 791 846 δικαιοσύνην,
804 811 853 838 καὶ
871 811 906 838 τὰ

955 255 993 284 illi
1007 263 1091 291 regna
1116 256 1230 284 dixisset
1247 263 1308 284 esse
1332 256 1471 291 daturum,
1502 257 1552 284 nisi
1583 256 1746 285 obtinuisset

955 309 1048 330 eorum
1071 303 1251 336 dominatum,
1279 307 1308 330 ut
1325 310 1385 338 qua:
1412 310 1427 329 a
1443 310 1472 331 se
1499 307 1591 331 essent
1614 302 1696 337 facta,
1717 307 1747 330 ut

956 346 1125 374 declaratum
1140 352 1192 375 est.
1761 338 1765 374 ί

991 394 1037 422 54.
1051 392 1086 420 Et
1097 394 1200 428 relicto,
1214 394 1311 429 inquit,
1321 394 1607 430 Nazaretlt,'profectus
1618 394 1746 422 habitavit

956 439 984 466 in
1000 438 1169 474 Capernaum
1191 441 1212 468 ί,
1227 439 1283 468 Nos
1298 441 1390 468 dicunt
1402 448 1462 469 esse
1477 439 1622 474 Nazareth,
1634 448 1663 468 se
1683 447 1746 468 vero

956 483 1138 519 Capernaum.
1166 484 1200 511 Et
1213 492 1284 512 nunc
1313 486 1389 521 apud.
1403 493 1433 514 se
1454 486 1592 514 Christum
1623 486 1748 513 habitare

956 531 1049 560 relicta
1065 532 1185 561 Ecclesia
1200 538 1302 561 nostra.

991 622 1037 651 55.
1057 622 1242 650 Beatitudines
1265 630 1359 650 omnes
1384 623 1417 651 de
1433 622 1579 657 Bogonilis
1606 622 1745 648 Christum

957 669 1059 697 dixisse
1071 669 1248 697 contendunt.
1262 670 1297 697 Se
1311 670 1383 697 enim
1393 677 1454 698 esse
1461 676 1592 704 pauperes
1600 668 1709 704 spiritu,
1718 671 1746 695 et

956 715 1059 751 lugere,
1077 720 1104 743 et
1118 717 1233 748 esurire,
1267 721 1346 751 atque
1375 717 1451 744 sitire
1466 716 1611 752 justittam,
1628 720 1656 742 et
1684 722 1744 749 quae

956 768 1115 798 sequuntur.
1133 761 1169 790 Se
1198 764 1288 791 vocari
1315 763 1354 791 sal
1372 768 1459 796 terrm,
1478 767 1506 790 ct
1535 763 1625 790 mundi
1635 762 1742 793 lucem,
1783 775 1785 778 -

956 814 983 838 et
996 809 1128 845 quidquid
1142 809 1175 837 de
1192 809 1321 845 apostolis
1336 809 1462 837 Christus
1473 809 1551 836 dixit.

111 855 189 891 ἑξῆς.
207 856 327 887 Τούτους
360 855 390 882 δὲ
413 855 550 891 κληθῆναι
577 856 625 883 καὶ
648 856 716 889 ἃλας
731 858 781 891 τῆς
803 857 866 892 γῆς,
880 855 928 882 καὶ
946 855 1004 889 φῶς
1021 854 1068 881 τοῦ
1090 855 1206 889 κόσμου,
1232 854 1281 882 καὶ
1304 854 1354 880 ὃσα
1386 854 1452 890 περὶ
1476 853 1531 881 τῶν
1551 853 1709 882 ἀποστόλων
1731 853 1746 879 ὁ

111 903 219 937 Κύριος
233 902 357 938 εἴρηκεν.

146 933 202 982 λς’.
217 933 310 983 ναέτά,
328 951 423 986 φησιν,
438 951 472 978 ἐν
485 951 503 985 ἢ
515 952 570 986 μία
579 952 683 985 κεραία
693 952 729 979 οὐ
740 951 783 986 μὴ
794 951 906 985 παρέλ-
920 953 937 982 Ε

995 947 1038 974 56.
1050 933 1121 980 Iota,
1141 947 1237 982 inquit,
1252 954 1345 980 unum,
1358 951 1404 973 aut
1416 954 1484 974 unus
1500 955 1566 981 apex
1576 955 1629 974 mm
1640 953 1747 982 prater-

111 999 150 1032 θη
161 997 220 1025 ἀπὸ
236 997 290 1025 τοῦ
306 998 411 1033 νόμου,
427 998 483 1032 ἕως
499 999 538 1027 ἂν
553 998 653 1026 πάντα
673 998 805 1034 γένηται.
824 998 900 1025 Ίῶτα

114 1044 165 1079 μὲν
191 1043 241 1079 τὴν
271 1044 424 1078 Δεκάλογον
446 1045 494 1071 τοῦ
518 1045 602 1080 νόμου
627 1044 766 1077 νοοῦντες,
786 1044 901 1080 κεραίαν

114 1088 141 1113 δὲ
157 1087 238 1114 πάλιν
246 1087 297 1123 τὴν
307 1089 402 1124 αὑτήν.
421 1088 476 1124 Τὴν
485 1089 539 1125 γὰρ
556 1089 681 1125 κεραίαν,
690 1090 717 1117 si
727 1098 769 1122 τις
785 1089 901 1125 ὀρθώσει

114 1133 238 1168 πλαγίως
256 1136 404 1170 κειμένην,
423 1134 490 1162 ζῶτα
504 1136 625 1171 ποιήσει.
643 1134 711 1163 Eho;
733 1135 902 1172 ἑρμηνεύου-

114 1187 168 1211 σιν,
184 1181 225 1206 ὅτι
237 1181 267 1206 οὗ
285 1180 323 1215 μὴ
337 1180 461 1217 παρέλθῃ
475 1183 490 1216 ἠ
502 1181 654 1216 Δεκάλογος
666 1182 712 1209 τοῦ
727 1182 820 1217 νόμου,
833 1182 903 1209 ἀλλὰ

116 1227 196 1261 μενεῖ
223 1227 418 1263 φυλαττομένη
447 1228 524 1264 πσρὰ
550 1229 608 1260 τοῖς
627 1228 780 1264 Ἑὸραίοις,
799 1228 852 1261 ἕως
869 1228 903 1256 ἂν

116 1272 240 1308 παρέλθῃ
251 1273 265 1299 ὁ
280 1274 396 1309 οὐρανὸς
410 1275 455 1301 καὶ
468 1275 485 1310 ή
498 1274 544 1308 γῆ.
556 1275 617 1302 οὐκ
629 1273 723 1310 ἦλθον
739 1276 804 1310 γὰρ,
821 1275 901 1310 φησὶ,

115 1320 287 1348 καταλῦσαι
304 1320 362 1348 τὸν
377 1321 471 1356 νόμον
500 1322 641 1355 Μωσέως,
657 1322 738 1349 ἀλλὰ
747 1322 904 1356 πληρῶσαι

115 1366 163 1392 τὸν
179 1366 294 1401 οὺρανδν
306 1367 462 1394 κενωθέντα
481 1367 566 1395 πάλαι
582 1368 637 1395 τῶν
663 1367 840 1395 ἐνοικούντων
852 1367 904 1402 ἀγ-

116 1411 216 1445 γέλων,
241 1411 288 1438 καὶ
307 1412 505 1448 ἀναπληρῶσαι
527 1414 562 1440 τὰ
586 1414 715 1450 τάγματα
730 1413 786 1441 τῶν
801 1414 906 1442 ἀποπέ-

117 1457 265 1485 πτωκυιῶν
275 1458 429 1494 δυνάμεων.

154 1501 202 1534 λζ’.
224 1503 295 1530 Ἐὰν
317 1503 359 1538 μὴ
382 1505 582 1540 περισσεύσῃ,
595 1505 905 1541 φησὶν,ὴδικαισσύνη

117 1548 204 1584 ὑμῶν
218 1549 325 1576 πλεῖον
332 1549 392 1577 τῶν
403 1552 598 1586 γραμματέων
614 1552 664 1579 καὶ
679 1552 857 1586 Φαρισαίων,
870 1553 907 1580 οὺ

117 1595 160 1630 μὴ
182 1594 335 1623 είσέλθετε
358 1597 399 1630 εἰς
428 1597 485 1631 τὴν
500 1598 665 1630 ,βασιλείαν
683 1598 743 1625 τῶν
758 1598 906 1633 οὐρανῶν.

956 993 1004 1021 ibit
1018 1001 1034 1020 a
1052 993 1116 1028 lege,
1129 993 1211 1020 donec
1227 993 1315 1020 omnia
1327 992 1394 1026 ﬁant
1404 993 1424 1020 ’.
1437 992 1494 1021 lota
1508 992 1577 1027 legis
1589 993 1748 1028 Decalogum

954 1039 1132 1071 arbitrantur,
1146 1038 1251 1073 apicem
1275 1045 1369 1066 rursus
1383 1038 1506 1066 eamdem
1523 1039 1619 1074 legem.
1636 1038 1664 1066 Si
1687 1039 1748 1074 quis

954 1084 1027 1112 enim
1044 1083 1148 1118 apicem
1164 1091 1197 1110 ex
1213 1087 1368 1110 transverso
1382 1083 1518 1118 jacentem
1534 1084 1665 1118 erexerit,
1692 1085 1746 1112 iota

956 1131 1112 1157 constituet.
1142 1129 1231 1163 Atque
1263 1127 1299 1155 ita
1333 1132 1472 1162 exponunt
1500 1128 1663 1164 Decalogum
1692 1137 1747 1156 non

957 1176 1144 1207 transiturum,
1162 1175 1209 1202 sed
1239 1180 1443 1209 permansurum
1469 1175 1644 1203 observatum
1676 1177 1746 1211 apud

958 1221 1098 1254 Hebraeos,
1123 1222 1210 1250 donec
1240 1225 1358 1249 transeat
1393 1222 1491 1249 caelum
1521 1226 1549 1249 ct
1572 1225 1655 1250 terra.
1684 1221 1747 1250 Non

957 1269 1027 1300 veni,
1056 1268 1154 1303 inquit,
1185 1272 1214 1294 ut
1234 1267 1314 1302 legem
1348 1267 1487 1301 solverem,
1512 1267 1559 1295 sed
1589 1273 1616 1294 ut
1644 1268 1745 1295 cmlum

959 1315 1092 1350 implerem
1117 1313 1138 1347 ³,
1174 1314 1245 1349 quod
1268 1314 1380 1349 angelis,
1413 1313 1459 1349 qui
1487 1313 1551 1341 illud
1581 1313 1746 1348 incolebant,

958 1361 1075 1390 exclusis
1089 1368 1203 1388 vacuum
1229 1361 1339 1392 mansit,
1354 1365 1381 1388 et
1397 1365 1426 1388 ut
1447 1359 1555 1388 ordines
1581 1365 1746 1396 potestatum

959 1406 1105 1440 explerem,
1120 1411 1179 1440 quae
1192 1404 1358 1433 ceciderunt.

996 1496 1042 1524 '57.
1067 1495 1127 1522 Νἰιὶ
1139 1495 1321 1528 abundaverit,
1340 1494 1438 1530 inquit,
1451 1494 1560 1529 jurtltia
1579 1498 1666 1521 vestra
1689 1493 1748 1529 plus

961 1550 1041 1578 quant
1058 1541 1211 1570 Scribarum
1236 1546 1261 1568 et
1282 1539 1489 1574 Pharisworum,
1506 1548 1558 1567 non
1574 1540 1707 1567 intrabitis
1722 1541 1748 1567 in

963 1596 1071 1624 regnum
1087 1587 1211 1615 ctelorum
1223 1587 1243 1614 ⁸.
1261 1587 1372 1615 Scribas
1383 1591 1411 1615 et
1424 1586 1576 1615 Pliarisaaos
1595 1593 1644 1614 nos
1657 1586 1749 1621 appel-

117 1641 300 1677 Γραμματεῖς
310 1642 360 1678 μὲν
368 1643 586 1678 καὶΦαρισαιους
600 1645 673 1680 ἡμᾶς
688 1631 910 1680 προσακορεύουυ
923 1631 937 1663 ί

995 1639 1030 1667 nt,
1050 1638 1079 1661 ut
1093 1634 1138 1669 qui
1155 1634 1305 1661 litterarum
1321 1633 1419 1661 studiis
1433 1633 1629 1665 incumbamus.
1646 1637 1672 1660 ct
1683 1633 1748 1668 ipsis

118 1697 175 1722 σιν,
189 1688 227 1721 ὡς
241 1689 291 1723 τὴν
307 1690 507 1727 γραμματικὴν
524 1692 665 1720 παίδευσιν
679 1693 845 1727 ἀσκοῦντας,
860 1693 908 1720 καὶ

120 1736 363 1772 μεγαλαυχοῦντας
372 1737 416 1764 ἐπ’
434 1738 503 1774 αὐτῇ
513 1747 521 1754 ·
534 1738 706 1774 περισσεύειν
727 1738 756 1765 δὲ
771 1738 849 1774 ἡμῶν
860 1739 909 1775 τὴν

117 1783 295 1819 δικαιοσύνην
313 1784 404 1811 αὐτῶν
428 1784 555 1819 λέγουσιν
576 1787 605 1812 ἐν
627 1785 667 1820 τῷ
686 1786 825 1813 διδάσκειν
842 1785 909 1820 ἀλη-

120 1830 251 1866 Θέστερα,
279 1831 328 1859 καὶ
355 1831 480 1866 μετιέναι
510 1831 651 1858 πολιτείαν
665 1831 864 1866 ἀκριϐεστέραν
879 1840 910 1858 τε

119 1876 171 1904 καὶ
194 1877 395 1913 καθαρωτέραν
426 1878 616 1913 ἀπεχομένους
641 1877 830 1912 κρεωφαγίας,
863 1877 911 1904 καὶ

118 1922 213 1958 τυροῦ,
225 1924 273 1951 καὶ
292 1923 357 1956 ὠοῦ,
372 1923 421 1950 καὶ
437 1924 537 1959 γάμου,
554 1923 668 1950 καὶτῶν
682 1923 821 1950 τοιούτων.

159 1969 211 2004 λη’.
223 1970 310 2002 Ἶσθι,
321 1970 415 2006 φησὶν,
424 1970 539 1997 εὐνοῶν
552 1970 590 2002 τῷ
598 1968 739 2003 ἀντιδίκῳ
749 1977 817 1996 σου.
826 1968 912 1996 Ἀντί-

119 2016 200 2043 δικον
215 2016 269 2043 τῶν
279 2016 433 2052 ἀνθρώπων
445 2016 571 2051 λέγοντες
583 2016 629 2043 τὸν
640 2015 773 2048 διάὸολον,
783 2016 830 2043 καὶ
843 2023 911 2051 φρε-

120 2062 263 2094 νοϐλαὸὦς
279 2063 494 2098 ἑρμηνεύοντες,
520 2064 561 2090 ὅτι
579 2062 632 2098 χρὴ
648 2062 752 2089 εὐνοεῖν
767 2061 851 2097 αὐτῷ,
865 2061 913 2088 καὶ

121 2108 290 2143 θεραπεύειν
307 2109 352 2136 διὰ
373 2109 599 2144 προσκυνήσεως.
617 2108 656 2140 ὼς
675 2107 804 2142 ἀνωτέρω
824 2114 913 2141 παρα‹

121 2154 294 2190 δεδώκαμεν,
325 2155 370 2181 ἵνα
410 2156 448 2189 μὴ
477 2155 637 2190 πτερνίσας,
669 2154 718 2180 καὶ
751 2151 913 2180 καταϐαλὼν

121 2201 190 2232 τοὺς
211 2200 393 2232 ἀπειθοῦντας
419 2199 573 2236 παραδώσῃ
604 2200 644 2235 τῷ
663 2200 745 2235 κριτῇ
771 2198 818 2226 καὶ
841 2196 912 2232 Θεῷ,

122 2248 199 2275 κατά
215 2247 265 2283 τὴν
279 2247 387 2283 ἡμέραν
401 2247 451 2282 τῆς
469 2247 587 2282 κρίσεως
602 2246 683 2280 λόγον
706 2245 854 2280 ὑφέξοντας
863 2244 913 2279 τῆς

123 2294 339 2326 ὗποσκελίσεως.

161 2341 210 2368 λθ’.
232 2341 311 2368 Ἐπεὶ
323 2341 363 2374 τὸ,
380 2340 453 2373 Πᾶς,
468 2340 503 2374 ὃς
517 2340 556 2367 ἂν
565 2340 709 2374 ἀπολύσῃ
719 2339 777 2374 τὴν
787 2338 916 2374 γυναῖκα

123 2388 221 2415 αὐτου
236 2387 383 2422 παρεκτὸς
399 2388 493 2422 λόγου
514 2387 666 2421 πορνείας,
682 2386 730 2414 καὶ
741 2386 776 2413 τὰ
793 2386 857 2419 ἑξῆς
868 2383 915 2411 τοῦ

126 2433 222 2470 ῥητοῦ,
235 2433 275 2468 τῷ
291 2434 357 2468 περὶ
384 2433 432 2460 τοῦ
459 2433 496 2469 μὴ
516 2432 718 2467 συζεύγνυσθαι
732 2431 844 2466 γυναικὶ
855 2431 917 2464 δόγ-

127 2489 196 2515 ματι
219 2480 324 2508 τούτων
353 2480 519 2512 ἀντίκειται,
544 2480 628 2514 φασὶν
660 2479 805 2515 ἀπόρρητα
833 2477 916 2504 πᾶσιν

126 2523 201 2552 εἶναι
214 2526 312 2560 ταῦτα,
329 2527 376 2554 καὶ
392 2526 595 2562 ἀνερμήνευτα,
619 2525 666 2552 καὶ
683 2525 775 2559 μόνοις
789 2522 917 2558 γνώριμα

125 2572 186 2604 τοῖς
201 2572 411 2607 ἀποτιθεμένοις
433 2571 484 2607 ’τὴν
507 2572 608 2606 σάρκα.
634 2569 813 2600 Βεόαιοῦντες
835 2568 863 2594 δὲ
886 2567 916 2594 τδ

125 2617 217 2652 δόγμα
228 2618 279 2653 τῆς
291 2618 425 2654 ἀγαμίας,
440 2617 640 2652 προκομίζουσι
651 2615 699 2643 τοῦ
714 2615 816 2651 Κυρίου
826 2613 917 2648 λόγον,

127 2664 283 2700 εἰρηκότος,
299 2665 340 2693 ὅτι
363 2666 417 2693 Ἐν
436 2664 472 2700 τῇ
484 2664 655 2693 ἀναστάσει
670 2664 740 2691 οὔτε
757 2661 917 2698 γαμοῦσιν,

127 2711 199 2738 οὔτε
227 2712 443 2748 ὲκγαμίζονται,
474 2711 597 2744 νοοῦντες
623 2710 746 2746 ἀνοήτως
769 2709 919 2736 ἀνάστασιν

126 2756 179 2793 τὴν
194 2758 338 2793 μετάνοιαν
355 2760 403 2786 καὶ
425 2758 475 2794 τήν
488 2757 672 2793 εὐαγγελικὴν
683 2755 832 2783 πολιτείαν.

169 2849 177 2865 ‘
194 2848 290 2877 Matth.
313 2858 351 2882 vt,
385 2850 430 2878 15.

485 2851 495 2867 ¹
511 2850 608 2878 Matth.
626 2859 653 2885 ν,
672 2851 715 2878 18.

131 2888 143 2905 ⁷
159 2883 258 2914 Matth.
276 2892 342 2920 mi,
357 2885 406 2913 50.
429 2890 437 2899 ‘

771 2850 780 2866 ³
795 2849 860 2876 ibid.
879 2847 923 2875 l7.
962 2845 972 2862 ⁵
987 2844 1080 2872 Matth.
1099 2853 1123 2876 ν,
1139 2844 1184 2871 20.

961 1676 1117 1712 gloriemur.
1132 1675 1268 1704 Justitiam
1284 1683 1348 1703 vero
1362 1676 1482 1711 ipsorum
1499 1680 1599 1703 nostra:
1619 1679 1750 1710 praestare

961 1723 988 1750 in
998 1723 1032 1751 iis
1045 1723 1182 1756 docendis,
1208 1730 1268 1758 quae
1277 1722 1384 1750 veriora
1398 1726 1471 1755 sunt,
1488 1724 1515 1749 et
1525 1722 1610 1756 magis
1621 1721 1654 1748 ad
1668 1721 1749 1749 vitam

960 1773 1035 1796 recte
1057 1768 1085 1796 et
1105 1776 1170 1803 pure
1191 1768 1384 1796 instituendam
1397 1768 1618 1801 accommodata,
1639 1774 1700 1794 cum
1716 1768 1750 1794 ab

960 1822 1008 1843 esu
1024 1814 1127 1847 carnis,
1151 1819 1179 1841 et
1199 1814 1268 1847 ovis,
1287 1817 1315 1841 et
1344 1813 1457 1848 nuptiis,
1483 1817 1511 1841 et
1537 1812 1596 1841 aliis
1615 1811 1750 1848 ejusmodi

962 1861 1046 1889 rebus
1060 1860 1213 1888 abstineant

997 1965 1045 1994 58.
1070 1964 1145 1996 Esto,
1170 1963 1268 1998 inquit,
1293 1962 1459 1990 consentiens
1483 1963 1634 1990 adversaria
1658 1967 1702 1990 tuo
1726 1963 1749 1991 '.

962 2011 1156 2040 Adversarium
1170 2014 1292 2037 nostrum
1308 2009 1354 2037 hic
1365 2008 1500 2037 diabolum
1530 2009 1694 2044 intelligunt.
1718 2009 1751 2037 Et

965 2063 1057 2087 mente
1087 2057 1158 2093 capti
1183 2063 1246 2084 eum
1278 2055 1477 2088 benevolentia,
1509 2060 1537 2083 et
1568 2055 1751 2088 observantia,

963 2109 1043 2140 atque
1071 2103 1232 2132 adoratione
1266 2101 1466 2130 observandum
1514 2101 1617 2134 dicunt,
1647 2105 1675 2127 ιιι
1706 2108 1751 2127 su-

963 2151 1057 2185 perius
1082 2149 1260 2181 ostendimus,
1289 2155 1324 2175 ne
1350 2147 1526 2182 supplantans
1550 2152 1577 2174 et
1604 2147 1752 2181 subiiciens

964 2201 1140 2224 contumaces
1159 2196 1248 2223 tradat
1263 2193 1404 2228 eosjudici
1420 2198 1447 2222 et
1470 2193 1525 2221 Deo
1542 2193 1567 2221 in
1592 2193 1636 2221 die
1657 2193 1753 2229 judicii

965 2243 1194 2279 supplantationis
1209 2249 1303 2277 ptenas
1313 2241 1461 2269 subituros.

1002 2334 1047 2362 59.
1065 2333 1196 2368 Quoniam
1213 2332 1277 2359 illud
1291 2340 1298 2360 :
1312 2331 1403 2360 Omnis
1419 2331 1464 2366 qui
1476 2331 1604 2357 dimiserit
1633 2337 1752 2362 ttxorrm,

965 2386 1072 2415 excepta
1095 2379 1280 2415 fornicationis
1311 2387 1394 2405 causa
1409 2378 1430 2412 ⁸,
1459 2383 1485 2405 et
1505 2385 1564 2411 qua!
1590 2380 1753 2410 sequuntur,

965 2427 1082 2463 dogmati
1102 2427 1224 2461 ipsorunt
1242 2425 1275 2452 de
1292 2432 1376 2451 uxore
1394 2431 1449 2451 non
1473 2423 1594 2450 ducenda
1622 2426 1754 2455 repugnat

965 2477 993 2501 et
1008 2473 1180 2503 adversatur,
1204 2471 1297 2497 dicunt
1320 2478 1350 2498 ea
1379 2469 1460 2496 verba
1481 2475 1543 2495 esse
1568 2474 1679 2500 arcana,
1706 2474 1755 2493 nec

966 2520 1001 2548 ab
1014 2519 1067 2546 ullo
1081 2525 1161 2552 posse
1184 2515 1310 2550 intelligi,
1338 2514 1389 2542 nisi
1416 2514 1461 2548 qui
1496 2519 1608 2540 carnem
1637 2511 1754 2538 exuerit.

965 2566 1224 2598 Conlirmantrsque
1253 2562 1398 2590 caelibatus
1442 2560 1595 2591 rationem,
1637 2557 1755 2585 ai’cruut

967 2617 1120 2640 sermonem
1134 2608 1255 2639 Domini,
1274 2607 1331 2642 qui,
1365 2605 1396 2632 In
1424 2604 1624 2636 resurrectione,
1656 2603 1755 2637 inquit,

967 2666 1049 2694 neque
1067 2656 1173 2687 nubent,
1190 2662 1271 2689 neque
1295 2654 1390 2680 ducent
1412 2660 1506 2679 uxores
1521 2651 1543 2679 ⁷.
1569 2649 1757 2677 Rcsurrcctio-

968 2710 1085 2739 nemque
1115 2700 1301 2737 pmnitentiam
1335 2704 1362 2726 et
1391 2699 1472 2725 vitam
1499 2696 1683 2731 evangelicam
1715 2694 1756 2720 in-

970 2753 1165 2786 terpretantur.

1242 2843 1251 2858 ε
1266 2839 1363 2868 Matth.
1380 2845 1408 2870 ν,
1420 2837 1466 2866 25.
1522 2839 1532 2855 ι
1546 2836 1652 2875 _Mattlt.
1668 2842 1695 2869 ν,
1709 2833 1754 2863 32.
