1873 3075
171 167 182 200 1
192 168 241 200 3‘29

617 169 805 200 PANOPLIA
826 171 1057 205 DOGMATICA.
1077 186 1111 191 -
1131 174 1207 204 ΤΙΤ.
1227 175 1349 206 XXVII.

1736 175 1746 207 1
1753 176 1811 207 330

170 222 311 257 ἀνομίαν.
341 223 428 250 Ταυτὶ
458 224 486 251 δὲ
513 225 548 252 τὰ
575 226 687 261 ῥήματα
717 225 764 252 τοῦ
794 226 1042 260 Εὐαγγελίουᾼῑε

1051 236 1072 262 s,
1088 228 1138 256 hos
1155 236 1216 258 esse
1234 230 1325 258 dicunt
1341 234 1449 257 sanctos
1465 229 1605 264 pontiﬁces
1624 233 1740 264 nostros,
1764 231 1805 258 di-

171 267 415 304 διερμηνεύοντες,
432 272 500 306 φασὶ
512 272 624 304 τούτους
637 270 709 298 εἶναι
725 273 789 305 τοὺς
809 273 876 306 παρ’
896 274 963 308 ἡμῖν

170 314 267 348 ἁγίους
291 316 425 352 ίεράρχας
441 317 490 344 καὶ
505 318 596 350 θείους
622 318 760 354 Πατέρας,
775 319 833 346 ὅσοι
853 327 964 354 προφη-

170 359 253 396 τικῆς
268 362 380 396 χάριτος
399 363 571 399 ἠξιώθησαν,
586 364 635 392 καὶ
651 364 783 400 δαίμονας
804 366 963 401 ἀπήλασαν,

172 406 221 432 καὶ
249 407 319 434 ἄλλα
346 408 497 443 πάμπολλα
531 409 846 446 τεθαυματουργήκασι·
874 412 964 439 πάντα

172 453 228 487 γὰρ
255 453 320 485 τοὺς
336 454 512 487 ἐνοικοῦντας
543 456 636 488 αὐτοῖς
655 457 787 492 δαίμονας
813 466 965 493 τερατουρ-

171 499 232 532 γεῖν
245 499 285 530 είς
303 499 435 534 ἔκπληξιν
460 500 515 527 τῶν
536 502 738 538 ἁνοητοτέρων.
757 504 814 530 Καὶ
834 504 889 538 μὴν
907 504 965 531 δαί·

174 553 233 579 μων
245 545 296 572 οὐκ
307 546 437 574 ἐκϐάλλει
454 547 581 582 δαίμονα.
608 548 694 575 Τοῦτο
715 549 769 585 γὰρ
799 550 815 584 ή
833 550 966 586 αὐτοαλή-

173 590 235 617 θειά
264 600 349 627 φησιν
374 593 388 619 ὁ
415 593 544 629 Χριστός.
565 595 781 623 Λυσσωδέστατε
808 595 893 629 κύων,
927 596 965 628 ἰὸς

173 638 295 665 ἀσπίδων
312 639 365 665 ὑπὸ
373 639 408 667 τὰ
424 640 500 675 χείλη
515 649 576 668 σου.

221 684 277 718 μέν.
295 685 398 720 ’Λνδρα
416 686 466 721 μὲν
485 687 620 722 φρόνιμον
642 687 826 722 ὀνομάζουσιν
839 689 966 722 ἑαυτοὺς,

173 729 409 765 οἰκοδομήσαντας
419 730 468 767 τὴν
480 731 570 759 οίκίαν
585 733 631 759 ἐπὶ
638 733 688 768 τὴν
705 734 809 769 πέτραν
818 735 868 767 τῆς
879 742 966 768 προσ-

171 776 256 810 ευχῆς
273 774 319 802 τοῦ
335 776 432 811 Πάτερ
450 777 545 811 ἡμῶν
570 777 655 813 ἄνδρα
684 778 713 805 δὲ
731 780 822 814 μωρὸν
837 779 965 806 καλοῦσιν

172 822 258 856 ἡμᾶς,
280 823 517 859 οἰκοδομήσαντας
537 824 587 859 τὴν
600 825 691 852 οίκίαν
707 825 753 852 ἐπὶ
786 825 834 860 τὴν
850 825 966 861 ψάμμον

171 867 227 893 τῶν
240 867 329 896 ἄλλων
351 870 522 905 προσευχῶν,
536 870 590 897 τῶν
606 871 712 898 πολλῶν
729 871 787 906 μὲν,
801 872 925 899 ἀσθενῶν
936 872 965 899 δὲ

173 915 220 940 καὶ
234 914 368 949 ἀνοήτων,
387 915 426 947 ὡς
440 917 497 946 τοῖς
517 916 646 952 ἀνοήτοις
660 917 765 948 τούτοις
782 917 867 945 δοκεῖ.

209 967 266 998 μη’.
291 964 346 991 Καὶ
373 965 563 999 προσελθὼν,
591 966 686 1000 φησὶν,
715 963 759 998 εἷς
774 967 963 1001 γραμματεὺς

173 1008 261 1037 εἶπεν
278 1011 370 1044 αὐτῷ,
391 1011 572 1044 Διδάσκαλε,
595 1012 795 1045 ἀκολουθήσω
805 1021 866 1047 σοι,
885 1013 963 1041 ὅπου

172 1055 228 1083 ἐὰν
238 1057 365 1092 ἀπέρχῃ.
376 1059 428 1085 Kal
439 1058 521 1094 λέγει
531 1058 610 1092 αὐτῷ
621 1060 638 1086 ὁ
656 1059 777 1093 Ἰησοῦς
787 1068 794 1075 ’
804 1061 839 1088 Al
849 1061 965 1088 ἀλώπε-

172 1110 224 1135 κες
236 1103 372 1137 φωλεοὺς
383 1104 502 1139 ἔχουσι,
518 1105 567 1132 καί
581 1105 618 1133 τὰ
628 1106 749 1133 πετεινὰ
760 1106 813 1133 τοῦ
828 1107 963 1141 οὐρανοῦ

171 1150 429 1184 κατασκηνώσειςι
444 1153 460 1179 ὁ
473 1151 507 1178 δὲ
523 1151 590 1185 Υιὸς
598 1152 651 1180 τοῦ
663 1152 822 1187 ἀνθρώπου
832 1154 964 1188 obnixa

171 1195 232 1221 ποῦ
248 1195 306 1229 τὴν
323 1197 462 1231 κεφαλὴν
475 1197 586 1225 κλῖναι.
601 1198 776 1233 Γραμματέα
786 1199 836 1234 μὲν
851 1199 963 1234 λέγουσι

172 1240 264 1267 πάντα
278 1243 488 1278 γραμματικὸν,
505 1244 554 1271 καὶ
576 1245 816 1279 παραγγέλλουσιν
836 1246 964 1282 ἀλλήλοις

148 1295 155 1307 π
173 1287 211 1321 μὴ
227 1289 435 1324 παραδέχεσθαι
462 1291 661 1326 γραμματικὸν
680 1293 721 1323 είς
741 1292 869 1328 μαθητὰς
892 1294 964 1322 κατὰ

173 1331 302 1368 μίμησιν,
335 1334 373 1366 ὡς
388 1335 510 1371 εἴρηται,
527 1335 577 1363 τοῦ
596 1336 719 1373 Χριστοῦ
733 1338 784 1374 κμὴ
811 1338 965 1374 παραδεξα-

172 1377 255 1412 μένου
271 1379 317 1407 τδν
332 1381 512 1416 γραμματέα·
537 1383 686 1415 ἀλώπεκας
714 1384 744 1410 δὲ
778 1383 871 1412 νοοῦσι
898 1386 965 1417 τοὺς

171 1425 201 1451 ὲν
227 1426 404 1463 στενοχώροις
429 1428 566 1461 οικίσιιοις
596 1429 816 1465 καθειργμένους
828 1431 963 1467 ἀσκητάς,

171 1469 209 1502 ὡς
227 1470 256 1497 ἐν
266 1479 322 1498 τισι
337 1473 464 1507 φωλεοῖς.
480 1475 596 1502 Πετεινὰ
614 1475 643 1502 δὲ
671 1476 720 1503 τοῦ
756 1477 876 1512 οὐρανοῦ
899 1478 965 1510 τοὺς

172 1518 304 1551 κιονίτας,
321 1519 358 1551 ῶς
372 1520 500 1556 ἀνωτέρω
513 1522 686 1557 προείρηται,
705 1523 771 1558 παρ’
782 1520 823 1555 οἷς
845 1524 882 1559 μὴ
895 1533 964 1552 κατ-

171 1566 257 1591 οικεῖν
279 1566 348 1598 ὅλως
373 1567 420 1594 τὸν
442 1568 572 1604 Χριστὸν,
589 1569 627 1601 ὡς
647 1569 769 1602 ἀναξίοις
791 1570 842 1606 τῆς
868 1571 965 1607 ἐπιδη-

1015 275 1149 309 vinosque
1163 276 1268 308 Patres,
1278 276 1325 311 qui
1340 276 1487 311 prophetiae
1503 284 1615 304 munere
1625 277 1716 304 donati
1729 280 1805 310 sunt.

1016 321 1116 355 quique
1129 322 1265 349 daemonas
1280 322 1428 355 eiecerunt,
1456 327 1482 349 et
1505 322 1556 349 alia
1577 322 1660 349 multa
1676 322 1805 349 miracula

1016 368 1168 395 ediderunt.
1193 367 1258 400 Qum
1277 368 1386 402 quidem
1402 369 1492 396 omnia
1511 377 1525 396 a
1559 368 1737 399 dit-monibus,
1759 367 1806 402 qui

1016 415 1043 442 in
1068 415 1134 449 ipsis
1159 414 1328 448 habitabant,
1361 415 1446 442 fuisse
1472 415 1542 442 facta
1572 415 1748 445 contendunt,
1777 417 1807 440 ut

1016 461 1108 489 oculos
1125 461 1345 495 praestringerent
1365 461 1576 495 imperitiorum.
1595 461 1675 494 Atqui
1699 459 1805 486 daemon

1017 513 1070 533 non
1084 506 1158 541 ejicit
1177 507 1336 540 daemonem,
1353 511 1382 534 ut
1399 507 1455 540 ipsa
1478 506 1577 533 veritas
1606 505 1736 532 Christus
1764 507 1806 531 te-

1016 558 1114 581 statur.
1129 553 1312 581 Rubidissimc
1328 554 1415 586 canis,
1440 560 1574 580 venenum
1607 552 1729 587 asliidunt
1755 551 1805 578 sub

1017 599 1095 628 labiis
1113 601 1175 628 luis.

1052 692 1096 720 47.
1116 691 1207 720 Virum
1235 692 1393 727 prudentem
1426 698 1455 718 se
1485 690 1557 725 ipsos
1580 688 1805 722 interpretantur.

1017 739 1090 774 quod
1107 746 1189 773 super
1208 738 1373 774 precationis
1388 737 1469 770 illius,
1491 737 1570 764 Pater
1587 740 1684 767 noster,
1697 739 1804 768 petram

1018 786 1125 812 domum
1140 785 1290 818 mdiﬁcent;
1305 785 1416 812 stultum
1436 789 1539 816 autent,
1555 789 1604 809 nos
1630 781 1676 815 qui
1695 782 1805 808 domum

1017 833 1181 860 aediliccmus
1227 839 1309 866 super
1342 831 1410 857 alias
1456 836 1578 864 preces,
1618 835 1680 862 qum
1716 826 1807 853 multa:

1019 879 1127 913 quidem
1149 879 1213 910 sint,
1228 878 1275 906 sed
1293 877 1407 904 inﬁrma:
1422 881 1450 903 et
1469 875 1567 908 stultae,
1595 878 1623 901 ut
1651 873 1717 908 ipsis
1741 873 1807 899 stul-

979 920 1001 947 Β
1018 925 1054 954 tis
1067 925 1184 953 videtur.

1050 971 1095 998 48.
1114 970 1145 998 Et
1161 971 1297 1005 accedens,
1312 971 1492 1006 iuquit,‘unus
1513 968 1599 996 scriba
1611 967 1675 994 dixit
1692 967 1734 994 ei':
1748 965 1806 992 Mu-

1015 1019 1105 1054 gister,
1121 1026 1217 1053 sequar
1234 1024 1259 1046 te
1276 1025 1427 1054 quocunque
1441 1017 1515 1044 ierit.
1532 1015 1564 1043 Et
1583 1015 1646 1042 dicit
1659 1014 1682 1040 ei
1700 1012 1777 1040 Jews
1794 1018 1804 1036 :

1020 1063 1114 1099 Vulpes
1129 1065 1216 1098 faueas
1230 1063 1337 1097 habent,
1350 1067 1374 1090 et
1386 1062 1503 1090 volucres
1519 1061 1576 1088 mali
1592 1059 1667 1087 nidos
1680 1068 1688 1091 ;
1716 1057 1805 1085 Filius

1015 1116 1103 1138 autem
1131 1111 1252 1138 hominis
1271 1119 1323 1138 non
1346 1110 1435 1142 habet,
1463 1109 1508 1136 ubi
1540 1112 1619 1142 caput
1643 1106 1750 1133 reclinet
1783 1106 1804 1131 ⁸.

1015 1156 1126 1185 Scribas
1140 1156 1277 1192 appellant
1293 1164 1388 1185 omnes
1399 1156 1544 1188 litteratos,
1562 1161 1630 1189 quos
1646 1153 1672 1180 in
1686 1152 1807 1186 discipli-

1016 1212 1077 1232 nam
1100 1212 1154 1232 non
1179 1211 1239 1232 esse
1261 1203 1430 1238 recipiendos
1451 1210 1510 1230 sese
1531 1206 1623 1230 mutuo
1645 1201 1802 1229 admouent,

1015 1251 1049 1278 ad
1067 1249 1166 1279 Christi
1189 1250 1377 1283 imitationem,
1395 1254 1424 1277 ut
1441 1249 1542 1277 dictum
1555 1250 1606 1281 est,
1624 1246 1670 1282 qui
1687 1246 1803 1273 scribam

1015 1305 1070 1325 non
1088 1297 1199 1332 recepit.
1221 1296 1321 1331 Vulpes
1345 1300 1436 1324 autem
1468 1294 1621 1329 intelligunt
1647 1291 1807 1322 monachos.

1015 1342 1062 1378 qui
1077 1342 1104 1370 in
1133 1342 1307 1370 domunculis
1331 1341 1463 1376 angustis,
1488 1345 1617 1375 tanquam
1648 1338 1676 1366 in
1699 1337 1809 1365 latebris

1015 1387 1114 1415 inclusi
1127 1392 1200 1415 sunt.
1218 1386 1347 1415 Volatilia
1358 1385 1421 1414 cudi
1440 1392 1488 1413 eos
1511 1385 1680 1416 existimant,
1709 1382 1754 1418 qui
1780 1382 1806 1408 in

1016 1433 1149 1461 columnis
1180 1433 1262 1461 vitam
1292 1433 1402 1468 degunt,
1431 1435 1460 1458 ut
1481 1434 1545 1458 ante
1576 1429 1707 1462 diximus,
1737 1428 1807 1463 apud

1016 1487 1085 1516 quos
1098 1479 1225 1508 Christus
1239 1480 1353 1507 omnino
1367 1486 1418 1507 non
1435 1477 1548 1510 habitet,
1569 1484 1629 1504 cum
1646 1476 1718 1503 illius
1737 1482 1807 1509 pra:—

1016 1527 1103 1555 sentia
1123 1527 1178 1555 sint
1195 1526 1312 1569 indigni.
1335 1525 1496 1560 Sepulcrum
1522 1531 1586 1551 vere
1601 1527 1697 1558 patens
1714 1526 1807 1556 guttur

1017 1573 1131 1600 istorum
1147 1573 1285 1600 hominum
1300 1567 1493 1605 scelestorum,
1508 1569 1579 1605 quod
1595 1568 1709 1596 multum
1725 1567 1806 1594 fato-

172 1611 239 1645 μίις
265 1611 360 1640 αὑτοῦ.
389 1613 481 1649 Τάῳος
505 1614 590 1646 ὅντως
614 1615 791 1651 ἀνεῳγμένος
824 1618 838 1643 ὁ
861 1614 1001 1653 λάρυγξα
1018 1625 1042 1646 ι’(

1051 1626 1076 1645 m
1090 1618 1200 1646 emittit.

171 1660 228 1688 τῶν
245 1662 416 1698 ἀλαστόρων,
450 1663 555 1700 πολλὴν
573 1665 748 1701 ἀναπέμπων
772 1665 918 1700 δυσωδίαν,
950 1667 998 1695 καὶ
1018 1666 1185 1702 φθοροποιὸν
1209 1667 1248 1695 ίδν
1270 1666 1397 1703 προχέων
1415 1665 1461 1693 διὰ
1478 1664 1525 1692 τοῦ
1547 1662 1684 1699 θεομάχου
1704 1662 1807 1698 στόμα·

171 1715 228 1739 τος.

203 1756 257 1791 μθ’.
268 1755 320 1783 Δύο
329 1756 568 1793 δαιμονιζομένους
577 1759 704 1793 λέγουσιν
716 1760 747 1786 ὲκ
756 1759 810 1787 τῶν
822 1760 964 1796 μνημείων

172 1802 214 1834 his
220 1803 378 1839 ρχομένους,
392 1804 423 1831 τό
437 1813 466 1832 τε
481 1805 575 1840 τάγμα
588 1805 788 1841 τῶνμοναχῶν,
798 1807 846 1834 καὶ
858 1807 888 1833 τὸ
898 1807 965 1842 τάγ-

173 1859 211 1885 μα
227 1850 281 1877 τῶν
299 1851 450 1887 κληρικῶν.
486 1852 544 1880 Ἀεὶ
565 1852 620 1888 γὰρ
642 1853 670 1879 ὲν
687 1853 744 1884 τοῖς
764 1853 965 1889 χειροποιήτοις

174 1897 248 1928 ναοῖς
264 1897 425 1932 διατρίὸειν,
440 1898 568 1930 οὕστινας
582 1897 652 1926 εἶναι
666 1899 772 1933 τάφους
785 1899 966 1936 θησαυρίζον-

173 1952 223 1974 τας
241 1944 324 1971 ὀστέα
341 1945 457 1980 νεκρῶν.
474 1945 552 1972 Οὕτω
568 1945 622 1980 γὰρ
637 1945 663 1972 οι
679 1946 786 1980 ἐναγεῖς
801 1946 967 1982 ρνομάζουσι

147 1992 150 1994 ’
173 1991 208 2017 τὰ
228 1990 344 2025 λείψανα
363 1991 418 2018 τῶν
437 1992 535 2025 ἁγίων.
553 1989 631 2019 Εῐναι
651 1992 725 2019 δὲτὰ
738 1992 785 2019 δύο
798 1993 885 2020 ταῦτα
904 1994 969 2028 τάγ-

174 2043 249 2070 μιτα
270 2036 375 2071 φοὸερὰ
415 2035 478 2063 λίαν
498 2037 556 2069 τοῖς
575 2037 747 2073 Βογομίλοις,
769 2037 840 2065 ὥστε
863 2039 968 2074 μηδένα

174 2081 277 2107 τούτων
292 2081 395 2116 ἰσχύειν
408 2082 556 2116 παρελθεῖν
566 2082 611 2110 διὰ
621 2083 669 2117 τῆς
682 2083 744 2110 ὀδοῦ
758 2083 878 2118 ἐκείνης.
893 2084 969 2119 ’Δγέ-

174 2127 225 2162 λην
245 2127 274 2153 δὲ
294 2127 395 2162 χοίρων
417 2127 526 2156 πολλῶν
548 2127 724 2164 βοσκομένων
746 2129 881 2164 ὑπάρχειν
903 2126 968 2162 τοὺς

174 2173 319 2207 ἀγελαίους
330 2194 337 2206 ,
354 2174 400 2200 καὶ
415 2173 534 2209 ἀμαθεῖς
544 2194 552 2206 ,
565 2174 613 2200 καὶ
626 2174 768 2210 χοιρώδεις
782 2175 945 2211 ἀνθρώπους
955 2196 963 2210 ,

175 2220 215 2250 εἰς
229 2219 275 2251 οὓς
287 2220 457 2256 ἀπέρχεσθαι
470 2220 594 2254 τούτους,
607 2222 655 2248 καὶ
667 2221 805 2249 διδάσκειν
819 2222 866 2249 καὶ
882 2231 967 2249 κατα-

175 2265 352 2301 κρημνίζειν,
382 2267 431 2294 καὶ
449 2266 614 2302 ἁποπνίγειν
631 2267 731 2300 αὐτοὺς
741 2268 771 2295 ὲν
791 2269 825 2304 τῇ
843 2267 965 2305 θαλάσσῃ

175 2313 228 2349 τῆς
241 2313 391 2349 ἁμαρτίας.

1050 1759 1096 1788 49.
1119 1759 1189 1787 Duos
1207 1758 1267 1786 illos
1285 1756 1451 1785 dtemonibus
1466 1759 1587 1788 vexatos,
1605 1755 1651 1789 qni
1668 1755 1700 1782 de
1720 1754 1809 1789 δομοι-

1014 1807 1071 1835 cris
1096 1807 1217 1838 exibant,
1247 1806 1313 1832 duos
1343 1804 1453 1831 ordines
1469 1803 1692 1837 interpretantur,
1710 1808 1808 1835 nempe

1015 1853 1177 1881 clericorum
1194 1856 1222 1879 et
1247 1851 1458 1882 monachorum;
1482 1855 1588 1882 semper
1598 1848 1670 1876 enim
1686 1848 1710 1874 in
1726 1855 1807 1873 manu

1016 1898 1097 1926 factis
1110 1897 1218 1931 templis
1242 1904 1302 1931 qua
1318 1896 1360 1923 isti
1378 1895 1500 1929 sepulcra
1515 1898 1622 1926 vocant,
1637 1893 1804 1923 inhabitare.

1017 1944 1045 1972 in
1059 1943 1157 1978 quibus
1172 1947 1342 1970 mortuorum
1358 1947 1420 1969 ossa
1438 1939 1578 1968 recondita
1590 1939 1653 1966 sint.
1673 1938 1718 1965 Sic
1731 1939 1805 1965 enim

1017 1990 1141 2018 homines
1154 1988 1249 2017 nefarii
1268 1988 1403 2023 appellant
1417 1985 1546 2021 reliquias
1561 1989 1728 2013 sanctorum.
1749 1983 1809 2011 llos

1017 2044 1102 2073 porro
1127 2037 1196 2065 duos
1222 2034 1335 2064 ordines
1363 2033 1509 2069 Bogomilis
1535 2039 1595 2060 esse
1617 2031 1694 2059 valde
1708 2030 1805 2058 formi-

1017 2083 1131 2116 dandos,
1156 2082 1225 2110 adeo
1239 2086 1269 2109 ut
1302 2088 1383 2108 nemo
1408 2081 1528 2115 ipsorum
1555 2085 1603 2113 per
1630 2077 1703 2105 illam
1736 2077 1808 2103 viam

1019 2129 1137 2157 transire
1149 2133 1242 2164 queat.
1261 2127 1376 2162 Gregem
1389 2130 1479 2153 autem
1495 2131 1639 2160 porcorum
1661 2122 1808 2150 multorum

1018 2175 1189 2210 pascentium
1205 2181 1265 2202 esse
1283 2172 1406 2200 homines
1418 2171 1497 2203 viles,
1510 2175 1538 2198 et
1550 2169 1690 2204 imperitos
1699 2189 1706 2201 ,
1722 2175 1754 2195 ac
1766 2167 1808 2194 vi-

1020 2227 1075 2250 tam
1089 2222 1199 2250 suillam
1213 2224 1325 2257 agentes
1342 2226 1410 2254 quos
1425 2218 1462 2246 illi
1473 2218 1610 2246 suffocant
1624 2217 1650 2245 in
1664 2215 1731 2244 mari
1745 2222 1810 2250 pec-

1020 2272 1154 2297 catorum.

212 2365 245 2389 v'.
257 2359 336 2390 Οἶνον
346 2363 396 2398 μὲν
405 2363 517 2390 καλοῦσι
528 2362 588 2389 νέον
605 2363 654 2398 τὴν
662 2362 840 2390 διδασκαλίαν
849 2363 965 2396 ἑαυτῶν,
983 2369 1005 2397 ι)

1053 2363 1097 2392 50.
1118 2362 1214 2391 Vinum
1237 2369 1336 2390 novum
1365 2359 1502 2395 appellant
1529 2358 1679 2386 doctrinam
1713 2365 1804 2389 suam,

176 2411 279 2442 ἀσκοὺς
299 2411 328 2438 δὲ
348 2411 484 2442 παλαιοὺς
503 2410 567 2442 τοὺς
591 2409 629 2445 μὴ
650 2409 851 2445 προσιεμένους
872 2410 970 2444 αὐτὴν,

177 2458 280 2490 ἀσκοὺς
294 2457 322 2484 δὲ
334 2449 411 2489 νέδυς
424 2458 487 2489 τοὺς
501 2457 716 2492 ὑποδεχομένους
728 2456 831 2491 ταύτην
845 2457 897 2484 καὶ·
909 2465 970 2483 συν-

179 2504 330 2541 τηροῦντας
344 2505 373 2531 ὲν
388 2505 508 2535 ἑαυτοῖς,

215 2551 264 2579 να’.
278 2552 398 2578 Γυναῖκα
414 2551 522 2578 νοοῦσιν
529 2550 731 2586 αἱμορροοῠσαν
741 2549 791 2584 ἐτη
798 2548 903 2576 δώδεκα
919 2548 969 2584 τὴν

178 2600 209 2626 ἐν
232 2598 429 2634 Ἱεροσολύμοις
438 2597 616 2633 Ἐκκλησίαν,
624 2596 824 2632 αἱμορῤοοῦσαν
838 2597 896 2626 τοῖς
908 2603 968 2630 χεο-

179 2644 270 2680 μένοις
280 2642 378 2678 αἵμασι
394 2642 448 2669 τῶν
465 2642 566 2669 θυσιῶν
583 2642 612 2669 ὲν
623 2643 682 2674 ταῖς
693 2642 796 2668 δώδεκα
807 2641 905 2676 φυλαῖς
922 2640 969 2667 τοῦ

185 2690 307 2725 Ἰσραήλ.
331 2689 440 2723 Ταύτης
462 2689 517 2724 γὰρ
541 2688 590 2723 τὴν
613 2689 777 2724 αἱμόρῤοιαν
800 2687 898 2725 στῆσαι
923 2687 968 2713 τὸν

179 2722 310 2772 Χρῖστδν,
333 2722 574 2771 ἑξολοθρεύσανταγ
589 2735 658 2769 μετὰ
683 2722 781 2769 μικρὸν
804 2722 969 2768 τὰίίεροσό-

179 2783 264 2817 λυμα.
283 2782 364 2808 Ἀλλὰ
379 2782 438 2812 πῶς
454 2781 487 2808 ἂν
501 2781 549 2815 ἔτη
566 2780 671 2808 δώδεκα
687 2780 808 2815 νοηθεῖεν
825 2780 857 2806 ἂν
873 2780 902 2806 αἱ
917 2779 970 2806 δώ-

180 2828 245 2854 δεκα
259 2827 358 2862 (pulei;
371 2827 407 2853 Τὺ
423 2827 472 2860 μὲν
486 2826 540 2860 γὰρ
555 2826 615 2858 ἔτος
629 2827 754 2862 χρυνικόν
768 2835 793 2853 τι
806 2826 908 2861 κίνημα
922 2826 970 2852 καὶ

217 2918 223 2933 ¹
253 2918 348 2948 Matth.
367 2926 425 2951 vtn,
451 2918 550 2949 19,20.

1021 2415 1102 2438 utres
1121 2415 1211 2437 autem
1239 2412 1357 2440 veteres,
1391 2413 1437 2433 eos
1465 2405 1510 2439 qui
1534 2405 1606 2432 illam
1625 2413 1676 2432 nun
1710 2405 1807 2430 admit-

1020 2461 1081 2483 tunt
1115 2463 1122 2482 :
1148 2462 1234 2483 novos
1264 2461 1340 2486 vero,
1364 2451 1411 2487 qui
1445 2451 1519 2478 illam
1547 2449 1703 2483 suscipiunt
1729 2453 1810 2482 :thne

1020 2506 1193 2530 conservant.

1054 2547 1100 2575 5i.
1116 2547 1270 2579 Mulierem.
1292 2553 1350 2580 qua:
1381 2543 1523 2572 duodecim
1551 2550 1637 2570 annos
1664 2542 1806 2576 sanguinis

1019 2594 1092 2621 lluxu
1118 2593 1298 2625 laboraverat,
1326 2590 1596 2625 Hierosolymitanam
1610 2588 1744 2623 appellunt
1759 2588 1810 2615 Ec-

1018 2641 1142 2672 clesiam,
1171 2646 1231 2674 quae
1253 2638 1393 2672 sanguinis
1415 2637 1585 2664 victimarum
1607 2635 1765 2661 effusionem
1780 2634 1806 2660 iu

1018 2685 1160 2714 duodecim
1173 2684 1294 2712 tribubus
1308 2683 1415 2711 lsraelis
1429 2682 1589 2717 patiebatur.
1610 2680 1686 2707 iiuuc
1701 2681 1809 2713 sangui-

1022 2733 1064 2760 nis
1076 2732 1176 2760 lluxum
1190 2731 1295 2758 stitisse
1311 2730 1459 2761 Christum,
1473 2735 1534 2755 cum
1551 2728 1630 2762 paulo
1642 2731 1699 2761 post
1712 2726 1808 2753 evertit

1020 2777 1245 2812 Hierosolymam.
1264 2775 1315 2802 Sed
1332 2775 1467 2809 quomodo
1488 2781 1536 2809 per
1559 2781 1646 2800 annos
1668 2771 1806 2799 duodecim

1025 2824 1135 2858 intelligi
1169 2827 1284 2857 possunt
1322 2821 1465 2848 duodecim
1496 2819 1606 2852 tribus,
1635 2827 1695 2846 cum
1723 2824 1812 2844 annus
