1873 3075
60 136 140 183 tan

689 150 884 182 EUTHYMII
906 151 1088 184 ZIGABENI

1638 153 1711 185 1332

71 205 302 241 sittemporarius
326 205 435 241 quidam
451 209 541 234 motus
567 210 648 242 atque
676 206 842 235 intervallun

949 209 1054 246 Εστημα
1065 231 1073 243 ,
1089 211 1106 246 ἡ
1123 210 1151 238 δὲ
1169 211 1240 245 φυλὴ
1258 210 1336 246 γένος
1355 209 1520 246 ἀνθρώπων.
1535 209 1619 236 Ὂπον
1634 209 1665 236 δὲ
1680 210 1711 236 τὸ

71 253 159 280 tribus
187 256 279 280 autem
316 252 352 280 sit
378 259 462 288 genus
495 253 658 280 hominum?
680 253 749 287 Quid
770 259 862 282 autem

71 298 181 327 intersit
197 299 270 326 inter
287 298 425 327 hominem
454 303 481 327 et
503 303 610 335 tempus
624 299 688 335 quis
702 307 754 328 non
768 300 864 328 videt?

107 345 152 372 52.
171 345 271 373 Audite
288 345 373 381 magis
387 345 478 373 adhuc
498 346 639 374 ridiculam
659 347 863 381 interpretatio-

70 399 144 423 nem,
166 396 247 426 atque
262 391 324 419 inde
342 391 462 426 colligite
479 391 596 426 ineptias
610 392 678 420 nihil
692 394 727 421 ab
746 393 863 421 anilibus

71 438 148 473 nugis
164 442 190 466 et
203 437 302 466 fabulis
317 438 512 473 discrepantes.
530 438 598 466 lllud
616 439 702 473 enim,
729 439 863 474 [increpuit

29 481 32 484 ”
71 492 115 510 eos
131 483 223 518 Jews,
245 485 285 512 sic
313 484 536 519 interpretantur,
553 489 582 513 ut
617 485 688 513 idem
721 486 768 519 sit,
795 494 826 514 ac
839 486 863 514 si

71 528 210 556 dixisset:
230 528 322 563 injecit
353 529 406 557 illis
432 529 514 558 Jesus
532 538 696 559 sermonem.
727 531 794 559 Cum
817 540 862 567 pu-

72 573 149 606 dore,
167 575 232 602 mihi
260 575 376 607 credite.
392 581 418 602 et
434 576 533 604 invitus
544 576 600 604 haec
617 577 721 612 loquor.
738 578 862 606 Ridicule

72 621 144 647 cnim
157 629 384 656 commemorans,
407 624 538 651 ridiculus
566 625 674 654 videor.
702 626 862 660 Quanquam

71 668 166 700 paucis
187 668 276 696 dedita
295 677 377 704 opera
394 670 477 698 multa
504 671 675 705 coacervavi,
695 676 724 700 ut
754 680 787 700 ex
819 672 863 700 his

72 715 165 748 paucis
181 715 283 750 reliqua
300 716 414 745 lectores
425 717 578 751 judicarent
591 728 598 746 :
614 722 676 747 sunt
687 719 759 747 enim
771 720 862 747 omnia

74 761 207 796 ejusdem,
224 766 253 788 ut
268 763 355 795 aiunt,
381 763 505 792 olliciute.
528 763 638 792 Vastum
663 765 736 792 enim
767 765 863 800 impie-

75 807 141 834 tatis
166 807 278 843 pelagus
312 809 477 843 aperuimus,
510 810 544 838 ad
572 811 643 845 quod
673 811 862 846 trajiciendum

77 851 225 879 multorum
253 859 325 881 esset
341 862 408 888 opus
435 855 540 883 dierum
572 856 669 890 spatio.
691 857 747 884 Nos
768 862 860 885 autem

73 899 211 933 paululum
239 908 253 927 a
269 904 342 928 terra
360 901 448 929 adhuc
465 903 609 934 movimus.
627 907 654 930 et
689 908 779 932 tamen
813 912 862 932 vos

73 951 241 974 nauseantes
265 947 365 980 sentio,
389 948 446 975 imo
475 956 539 976 vero
572 949 638 976 tnihi
668 950 754 985 prius,
782 958 863 986 quam

72 993 162 1025 vobis,
181 993 208 1020 id
222 993 331 1021 accidit.
347 994 386 1022 Ac
399 994 464 1021 mihi
487 995 583 1022 melius
598 995 717 1029 videtur,
744 1001 775 1024 ut
802 1004 865 1024 ora-

73 1040 155 1068 tionis
171 1041 229 1069 vela
252 1041 456 1074 contrahemus,
473 1045 502 1070 et
524 1042 679 1070 inhibentes
708 1043 734 1070 in
751 1043 855 1071 silentii

73 1091 180 1126 portum
209 1088 428 1122 contendamus;
453 1093 479 1116 et
499 1095 532 1116 eo
555 1089 652 1124 magis,
675 1089 747 1124 qttod
775 1089 864 1124 lingua

73 1132 118 1160 illa
134 1130 247 1161 scelesta
272 1135 436 1170 garrulaque
448 1136 599 1169 conticuit;
618 1140 645 1163 et
661 1135 769 1164 nefaria
786 1136 861 1164 illius

73 1178 161 1211 labra,
187 1180 232 1214 qui
262 1181 358 1215 impias
388 1181 540 1210 istiusmodi
570 1189 654 1217 nugas
682 1183 864 1218 excogitabat,

73 1231 205 1259 oppressa
233 1232 307 1259 sunt,
335 1232 362 1253 ct
393 1229 548 1255 obturatum
571 1233 615 1255 est
642 1236 672 1256 os
695 1228 864 1264 loquentium

73 1270 177 1306 iniqua.
195 1271 262 1299 Cum
277 1273 349 1300 enim
369 1274 442 1301 hunc
455 1274 672 1309 sapientissimus
700 1280 729 1304 et
753 1283 866 1311 magna-

72 1317 165 1345 nimus
192 1323 288 1345 noster
317 1320 464 1352 imperator
500 1321 697 1348 accersendum
728 1326 864 1355 curasset,

72 1369 100 1391 ct
114 1372 148 1391 ex
163 1364 252 1392 verbis
273 1365 358 1399 ipsius
380 1365 476 1393 fabula:
491 1367 695 1395 simulationem
720 1367 865 1402 patefecis-

73 1415 126 1443 set,
151 1418 268 1445 eumque
297 1411 364 1439 nihil
395 1411 467 1440 aliud
494 1420 565 1445 esse,
590 1413 641 1441 nisi
668 1421 705 1441 tes
742 1413 865 1448 undique

72 1455 192 1484 tiuniens
210 1461 239 1484 et
260 1456 342 1484 fallax
372 1458 530 1492 reperisset,
557 1466 618 1486 cum
653 1459 734 1488 modo
745 1459 861 1494 ﬁngeret

73 1509 104 1530 se
119 1502 290 1537 resipiscere,
311 1503 391 1531 modo
410 1508 539 1539 tanquam
567 1505 644 1533 cauis
669 1505 703 1533 ad
732 1506 863 1534 vomitum

914 257 1043 292 διάφορον
1056 257 1201 293 ἀνθρώπου
1217 259 1264 285 καὶ
1277 258 1372 293 χρόνον
1384 257 1390 283 1

951 349 1003 383 νβ’.
1011 348 1161 376 ’Δκούσατε
1172 350 1219 376 καὶ
1230 348 1462 382 γελοιωδεστέραν
1471 347 1635 383 ἑρμηνείαν,
1646 347 1714 373 κάν-

914 394 1009 421 τεῦθεν
1027 395 1206 430 καταμάθετε
1222 395 1272 430 τὴν
1288 393 1402 428 ἀλογίαν
1418 393 1474 420 τῶν
1493 393 1577 428 μηδὲν
1595 393 1713 428 ἄμεινον

915 441 1008 477 γραῶν
1019 440 1250 475 κωθωνιζομένων
1257 439 1490 475 μυθολογούντων.
1501 438 1538 465 Τὸ
1549 438 1616 473 γὰρ,
1629 438 1713 464 Ἐνε-

915 487 1080 522 ὅριμήσατο
1094 486 1197 520 αὐτοῖς
1210 488 1227 514 ὁ
1241 485 1360 520 Ἰησοῦς
1373 485 1482 521 λέγων,
1497 484 1712 520 ἑρμηνεύουσιν,

914 534 956 560 ὅτι
977 533 1201 568 ὲνεδρωμάτισεν
1221 532 1313 563 αὐτοῖς
1333 532 1348 559 ὁ
1367 531 1473 567 Ἰησοῦς
1493 530 1583 565 λόγον.
1597 528 1664 565 Ἆρ’
1679 531 1711 556 οὐ

914 580 986 607 δοκῶ
1005 581 1054 606 καλ⁵
1075 579 1157 610 αὐτὸς
1178 579 1349 614 παραπαίειν
1366 578 1402 604 τὰ
1419 578 1474 605 τῶν
1491 576 1712 613 παραπαίοντων

915 626 1147 661 ὑποκρινόμενοςς
1166 625 1347 661 Αἰσχύνομαι,
1364 624 1542 656 πιστεύσατε,
1558 624 1607 650 καὶ
1624 623 1710 649 άὸου-

914 673 1003 708 λήτως
1025 672 1139 700 τοιαῦτα
1161 671 1329 707 φθέγγομαι.
1352 671 1402 698 Διὰ
1423 670 1503 698 τοῦτο
1526 669 1581 705 γὰρ
1604 670 1654 696 καὶ
1675 668 1712 695 τὰ

915 719 1002 747 πολλὰ
1019 719 1198 755 παρέδραμον
1215 718 1343 752 ἐπίτηδες
1354 739 1362 751 ,
1380 717 1429 744 καὶ
1447 716 1587 752 σποράδην
1604 715 1639 742 τὰ
1658 715 1711 750 ρη-

915 766 996 792 θέντα
1019 764 1247 800 συνεγραψάμην.
1269 764 1330 798 Χρὴ
1353 763 1382 790 δέ
1401 763 1466 795 τοὺς
1486 763 1712 797 ἐντυγχάνοντας

915 811 969 839 ἀπὸ
983 811 1038 837 τῶν
1052 810 1151 844 ὀλίγων
1164 809 1269 837 τούτων
1283 808 1432 843 διαγνῶναι
1446 808 1495 835 καὶ
1509 806 1544 834 τὰ
1558 806 1713 841 λειπόμενα

915 858 965 892 τῆς
982 857 1084 892 αὐτῆς,
1101 856 1115 883 ὅ
1132 864 1231 890 φασιν,
1249 855 1314 881 ὄντα
1330 853 1495 890 κεραμείας.
1513 852 1636 885 Πέλαγος
1655 851 1713 886 γὰρ

917 903 1044 935 ἁσεῦείας
1064 901 1167 937 ἀχανὲς
1186 900 1336 936 ὴνοίξαμεν
1357 899 1464 926 πολλῶν
1481 897 1597 934 ἡμερῶν
1618 898 1661 928 είς
1680 897 1712 923 τὸ

917 949 1150 985 διαπεραιωθῆναι
1164 948 1309 983 δεόμενον,
1327 947 1375 974 καὶ
1392 945 1492 981 μικρὸν
1506 944 1725 987 ἀπεσπάσαμεν.

915 997 966 1032 τῆς
989 996 1041 1031 γῆς
1065 995 1117 1022 ἔτι.
1142 995 1199 1021 Καὶ
1221 992 1396 1020 ναυτιώντων
1419 991 1498 1026 ὑμῶν
1523 990 1726 1025 αἰσθάνομαι,”

918 1043 1019 1078 μᾶλλον
1032 1043 1062 1070 δὲ
1077 1042 1124 1069 καὶ
1140 1041 1194 1077 πρδ
1209 1041 1288 1076 ὑμῶν
1303 1039 1386 1071 αὐτὸς
1402 1038 1457 1074 ἐγὼ
1469 1037 1550 1064 τοῦτο
1564 1035 1692 1063 πέπονθα
1703 1055 1712 1068 ,

916 1091 963 1118 καί
989 1099 1036 1126 μοι
1060 1090 1135 1117 δοκεῖ
1157 1088 1263 1124 βέλτιον
1284 1086 1443 1122 χαλάσαντα
1466 1084 1516 1120 τὴν
1539 1084 1639 1118 ὀθόνην
1664 1081 1714 1109 τοῦ

915 1139 997 1172 λόγου
1009 1157 1017 1170 ,
1034 1136 1083 1163 καὶ
1101 1135 1229 1170 πρύμναν
1247 1133 1437 1169 κρουσάμενον
1455 1133 1497 1162 είς
1513 1130 1559 1158 τὸν
1576 1131 1626 1165 τῆς
1646 1138 1714 1155 σιω-

916 1185 972 1220 πῆς
989 1183 1109 1218 κατᾶραι
1128 1180 1239 1216 λιμένα,
1257 1179 1306 1206 καὶ
1327 1178 1440 1214 μᾶλλον,
1458 1178 1500 1204 ὃτι
1525 1176 1677 1210 σεσίγηκεν
1694 1175 1713 1209 ἡ

916 1229 1023 1265 πονηρὰ
1040 1229 1088 1255 καὶ
1106 1227 1187 1258 λάλος
1204 1226 1335 1260 γλῶσσα,
1353 1224 1400 1250 καὶ
1417 1223 1453 1250 τὰ
1469 1222 1583 1257 ἔμμυσα
1602 1220 1714 1256 μέμυκε

915 1277 992 1312 χείλη
1005 1275 1052 1303 τοῦ
1067 1274 1117 1310 τὴν
1132 1272 1218 1307 ἐναγῆ
1233 1272 1337 1308 ταύτην
1351 1270 1511 1305 ἀδολεσχίαν
1526 1267 1714 1303 ὑφηγησαμέ-

915 1333 972 1356 νου,
996 1322 1044 1350 καὶ
1059 1320 1198 1356 ἐνεφράγη
1212 1318 1300 1351 στόμα
1322 1317 1476 1344 λαλούντων
1496 1315 1588 1341 ἄδικα.
1615 1313 1714 1348 Παραο

916 1369 1087 1406 στησάμενος
1111 1367 1166 1402 γὰρ
1191 1366 1273 1393 αὐτὴν
1295 1365 1309 1391 ὁ
1334 1363 1491 1398 σοφώτατος
1515 1362 1564 1388 καὶ
1589 1359 1713 1406 μεγαλόῖ

913 1405 1000 1452 ψυχος
1031 1415 1111 1451 ἡμῶν
1148 1412 1295 1450 βασιλεὺς,
1331 1411 1380 1438 καὶ
1407 1409 1457 1444 τὴν
1484 1407 1633 1444 ἀπόκρισιν
1660 1405 1711 1433 τοῦ

913 1465 1079 1499 γράμματος
1094 1458 1292 1493 ἀποκαλύψας,
1308 1457 1355 1484 καὶ
1371 1455 1578 1485 διακωδωνίσας
1592 1453 1711 1499 τοῦτον,

913 1498 1030 1543 ἐπείπερ
1045 1503 1109 1542 εὗρε
1122 1503 1292 1539 πανταχόθεν
1316 1501 1472 1537 ὑπόχαλκον
1497 1499 1632 1535 ἠχοῦντα,
1660 1498 1711 1525 καὶ

72 1557 151 1576 suum
166 1550 275 1582 rediret,
294 1557 322 1578 re
349 1551 534 1584 considerata,
568 1552 750 1587 omnibusque
778 1560 840 1588 mag

949 1555 1058 1590 δδηλον,
1075 1553 1123 1580 καὶ
1140 1551 1188 1578 νῦν
1207 1550 1258 1585 μέν
1275 1547 1514 1583 ἐπαγγελλόμενον
1532 1545 1707 1595 μεταδολὴν,

75 1595 208 1623 stratibus
224 1599 278 1622 tam
294 1595 433 1627 civilibus,
449 1603 531 1630 quam
548 1597 742 1625 ecclesiasticis
757 1605 860 1625 convo-

73 1641 153 1673 catis,
169 1640 335 1668 sententiam
360 1640 434 1672 tulit,
450 1645 479 1668 ut
498 1641 563 1676 igne
585 1641 800 1676 combureretur,
816 1643 863 1677 qui

73 1685 172 1712 multos
205 1685 233 1712 in
258 1685 389 1720 gehennat
418 1685 509 1720 ignem
539 1686 702 1719 conjecerat.
727 1686 767 1712 Ac
791 1694 864 1714 nunc

74 1730 119 1759 ille
141 1730 251 1766 quidem
282 1735 420 1758 crematus
455 1731 533 1759 abiit.
560 1730 629 1765 Quis
654 1735 745 1760 autem
775 1731 862 1760 dolori

73 1783 199 1814 questum
217 1785 363 1814 exaequans
377 1778 445 1807 satis
459 1777 547 1814 ipsius
571 1778 679 1806 meritis
710 1785 863 1814 conquera-

75 1829 129 1857 tur,
146 1825 193 1859 qui
209 1832 269 1852 cum
294 1824 448 1859 quindecim
468 1830 602 1852 annorum
619 1824 708 1858 spatio
736 1825 863 1859 dogmata

74 1869 225 1903 didicisset,
241 1876 273 1897 ea
299 1869 391 1897 docuit
425 1869 504 1897 annis
528 1869 644 1903 amplius
669 1869 862 1905 quadraginta,

75 1914 344 1950 innumerabilesque
358 1913 505 1948 discipulos
521 1914 548 1941 in
560 1914 720 1942 barathrum
735 1915 864 1950 perditio-

75 1961 117 1988 nis
144 1960 270 1994 detrusit,
296 1967 329 1988 ac
353 1959 471 1994 denique
484 1959 519 1988 ab
545 1960 598 1988 illis
629 1961 743 1989 minime
770 1966 864 1990 sancte

75 2006 231 2039 discedens,
249 2011 277 2034 et
289 2006 323 2034 ab
337 2010 454 2041 utraque
468 2006 524 2034 vita
541 2007 680 2040 exclusus,
695 2007 736 2035 sic
761 2012 864 2036 utrum-

75 2059 126 2087 que
141 2052 231 2087 ignem
241 2056 283 2080 est
300 2057 472 2084 consecutus,
487 2055 516 2080 ut
538 2053 571 2080 ab
585 2052 719 2082 exstincto
730 2053 765 2082 ad
776 2054 862 2088 illum,

75 2099 120 2132 qui
136 2105 191 2126 non
218 2097 412 2133 exstinguitur,
437 2097 575 2134 profectus
602 2099 661 2127 sit?
684 2099 724 2128 De
753 2100 864 2136 reliquis

75 2145 142 2171 item
159 2143 298 2172 ﬁdendum
313 2149 366 2172 est.
381 2144 469 2180 Caput
481 2145 553 2173 enim
574 2145 701 2174 draconis
713 2145 770 2182 jam
796 2153 863 2175 con-

75 2191 190 2220 fractum
208 2194 261 2224 est,
278 2197 423 2228 partesque
442 2191 536 2227 ipsius,
547 2199 579 2220 ac
592 2193 715 2222 membra
729 2193 863 2229 pracipua

913 1602 977 1636 ἄρτι
990 1600 1018 1626 δέ
1033 1598 1162 1633 καθάπερ
1177 1597 1247 1624 κύνα
1262 1595 1331 1631 πρὸς
1342 1594 1391 1622 τὸν
1405 1593 1470 1620 ἴδιον
1483 1591 1709 1626 ἐπανερχόμενον

914 1648 1022 1683 ἔμετον,
1037 1645 1136 1680 σκέψιν
1149 1643 1215 1679 περὶ¹
1228 1642 1325 1669 τούτου
1340 1639 1464 1676 προθεὶς,
1478 1639 1524 1666 καὶ
1538 1637 1709 1672 συμψήφους·

913 1692 977 1723 τοὺς
997 1692 1026 1718 ἐν
1045 1691 1119 1717 τέλει
1141 1689 1247 1719 πάντας
1267 1686 1359 1714 λαϐὼν
1377 1683 1625 1721 ἐκκλησιαστικοὺς
1647 1683 1709 1717 ἃμα

916 1738 963 1765 καὶ
973 1736 1140 1768 πολιτικοὺς,
1152 1734 1316 1762 κατεδίκασε
1330 1732 1378 1767 τὴν
1392 1731 1437 1758 διὰ
1452 1729 1538 1766 πυρὸς
1553 1727 1707 1763 ὑποστῆναι

914 1784 1052 1819 τιμωρίαν
1066 1781 1111 1809 τὸν
1127 1780 1244 1812 πολλοὺς
1259 1780 1300 1811 είς
1314 1779 1345 1806 τὺ
1359 1777 1409 1813 τῆς
1424 1777 1538 1812 γεέννης
1555 1774 1709 1810 παραπέμ-

915 1829 1078 1865 ψανταπῦρ.
1087 1828 1143 1855 Καὶ
1156 1827 1203 1854 νῦν
1215 1827 1229 1854 ό
1245 1827 1294 1861 μὲν
1307 1825 1494 1861 πυρίκαυστος
1506 1822 1604 1857 ᾤχετο,
1618 1827 1707 1854 πονη-

917 1876 963 1912 ρδν
986 1875 1114 1910 ἐντάφιον
1127 1872 1352 1907 ἀπενεγκάμενος
1363 1870 1413 1906 τὴν
1427 1869 1565 1897 ἀσέόειαν.
1578 1868 1626 1899 Τίς
1639 1866 1705 1894 δ’ᾶν

915 1921 993 1954 εἰδὼς
1008 1921 1108 1949 πάθεσι
1125 1919 1241 1955 θρήνους
1257 1917 1362 1951 ἐξισοῠν
1376 1916 1459 1949 ἀξίως
1474 1914 1555 1942 αὑτὸν
1566 1914 1708 1949 ὀδύραιτο,

916 1969 1038 2004 μαθόντα
1057 1967 1107 2003 μὲν
1122 1967 1158 1994 τὰ
1175 1965 1299 2000 δόγματα
1314 1964 1365 1999 τῆς
1382 1963 1487 1998 πλάνης
1503 1962 1532 1988 ἐν
1547 1961 1619 1988 ἔτεσι
1638 1968 1707 1986 πεν-

914 2012 1070 2045 τεκαίδεκα,
1083 2011 1226 2044 διδάξαντα
1242 2010 1271 2036 δὲ
1286 2009 1373 2036 ταῦτα
1388 2008 1470 2035 πάλιν
1484 2008 1514 2034 ἐν
1528 2006 1633 2034 πλείοσι
1649 2004 1707 2031 τῶν

914 2058 1130 2093 τεσσαράκοντα,
1146 2055 1262 2092 μυρίους
1276 2055 1305 2082 δὲ
1322 2054 1446 2090 μαθητὰς
1462 2053 1503 2085 είς
1517 2052 1548 2078 τὸ
1564 2051 1708 2087 βάραθρον

914 2104 1026 2132 ὦσαντα
1043 2104 1094 2139 τῆς
1114 2101 1264 2135 ἀπωλείας,
1283 2101 1331 2128 καὶ
1349 2100 1506 2128 τελευταῖον
1525 2099 1576 2126 οὐκ
1596 2097 1708 2128 εὐαγῡς

915 2151 1006 2182 αὐτοῖς
1023 2148 1231 2181 ἐπαπελθὸντα,
1249 2147 1297 2174 καὶ
1313 2146 1387 2182 ζωῆς
1405 2146 1455 2181 μὲν
1470 2144 1606 2180 ἑκατέρας
1622 2144 1709 2169 ἐκπι-

916 2198 1056 2230 πτωκότα,
1072 2196 1158 2233 πυρὸς
1171 2196 1199 2223 δέ
1211 2195 1308 2223 τούτου
1320 2193 1448 2221 κάκείνου
1461 2190 1643 2226 τετυχηκότα,
1658 2187 1709 2215 καὶ

76 2237 191 2271 sublata,
211 2238 315 2272 reliqua
335 2244 425 2267 autem
443 2238 561 2266 similem
577 2239 678 2266 exitum
694 2243 742 2267 aut
766 2239 842 2267 celeri

949 2244 962 2271 ὴ
976 2243 1022 2271 τοῦ
1042 2242 1203 2274 σϐεσθέντος
1220 2241 1270 2268 ἐπὶ
1282 2240 1314 2267 τὸ
1331 2239 1369 2275 μὴ
1388 2237 1570 2272 σϐεννύμενον
1584 2235 1708 2270 ἐκδημή-

76 2289 126 2318 ter,
155 2289 201 2312 aut
235 2284 316 2320 paulo
340 2290 401 2319 post
433 2290 641 2320 consequentur.
667 2285 741 2313 Bona
771 2291 861 2314 autem

76 2339 169 2360 sumus
183 2332 210 2359 in
226 2339 285 2367 spe,
301 2338 335 2360 ne
350 2331 464 2360 caudam
494 2331 600 2367 quidem
626 2333 790 2361 evitaturam
822 2334 862 2362 di-

76 2379 202 2413 ligentem
247 2382 274 2406 et
309 2382 467 2406 accuratam
501 2379 672 2412 imperatoris
710 2379 861 2416 indagatio-

76 2433 150 2459 netn,
175 2424 221 2461 qui
263 2432 363 2460 magno
403 2425 493 2453 studio
530 2431 610 2460 atque
651 2427 724 2454 omni
755 2427 861 2456 ratione

76 2476 187 2500 cunctos
215 2477 341 2504 venatur,
373 2474 402 2498 ut
429 2479 477 2499 eos
509 2472 612 2500 retibus
639 2473 860 2508 comprehendat,

77 2526 131 2553 quo
146 2518 256 2554 pietatis
274 2518 397 2546 triticum
428 2526 444 2545 a
470 2518 584 2546 zizaniis
608 2525 787 2554 expurgatum
818 2528 862 2548 os-

77 2566 212 2593 tondetur.

918 2298 1019 2323 σαντα;
1033 2288 1095 2325 Χρὴ
1109 2288 1202 2323 μέντοι
1216 2287 1328 2323 θαρρεῖν
1341 2286 1388 2313 καὶ
1402 2285 1467 2319 περὶ
1477 2283 1533 2311 τῶν
1545 2281 1708 2316 ὑπολελειμι

919 2337 1018 2373 μένων.
1037 2335 1236 2371 Συντέτριπται
1254 2334 1309 2369 γὰρ
1326 2333 1343 2367 ὴ
1360 2331 1408 2358 τοῦ
1425 2330 1573 2366 δράκοντος
1590 2328 1642 2364 ῆδη
1662 2336 1708 2354 κεο

916 2381 1072 2419 φαλή..Τῶν
1082 2381 1110 2408 δὲ
1123 2380 1215 2417 μερῶν
1229 2378 1311 2406 αὖτοῦ
1332 2379 1378 2405 καὶ
1391 2376 1481 2414 μελῶν
1490 2376 1525 2402 τὰ
1535 2374 1709 2410 καιριώτατα

917 2430 968 2465 μὲν
983 2428 1178 2461 συνείληπται,
1195 2427 1228 2454 τὰ
1241 2425 1271 2453 δέ
1286 2424 1396 2460 μέλλει,
1409 2423 1445 2450 τὰ
1459 2422 1487 2449 δὲ
1502 2419 1709 2457 προσαγγέλλε-

918 2485 962 2502 rat
978 2475 1038 2503 καθ’
1053 2476 1184 2509 ἑκάστην,
1202 2475 1249 2501 καὶ
1264 2471 1425 2508 τρεφόμεθα
1437 2470 1570 2506 χρησταῖς
1585 2467 1708 2499 ἐλπίσιν,

916 2522 955 2554 ὡς
969 2522 1030 2549 οὑδέ
1043 2522 1074 2549 τὸ
1089 2522 1199 2556 οὐραῖον
1214 2519 1378 2555 ἐκφεύξεται
1393 2518 1442 2554 τὴν
1458 2516 1567 2552 ἐμμελῆ
1581 2514 1628 2542 τοῦ
1646 2515 1721 2552 θεοη

917 2569 1085 2604 συνεργήτου
1098 2567 1231 2603 βασιλέως
1243 2566 1357 2602 ἐρευναν
1369 2566 1416 2593 καὶ
1428 2561 1708 2596 κατεσπουδασμένην

77 2614 244 2649 ἀναζήτησιν
257 2613 390 2649 μεγάλαις
403 2613 528 2648 φροντίσι
553 2615 780 2649 κατατεινομένου
792 2615 875 2642 παντὶ
893 2617 988 2653 τρόπῳ
1003 2617 1108 2649 πάντας
1123 2615 1224 2647 αὐτοὺς
1246 2615 1314 2642 ετσω
1328 2614 1450 2649 σαγήνης
1465 2612 1558 2640 λαόεἰν
1569 2631 1577 2646 ,
1592 2610 1641 2637 καὶ
1656 2617 1709 2650 κατ

78 2659 149 2694 θαρὰ
163 2659 292 2692 ζιζανίων
307 2659 447 2694 ἀποφῆναι
462 2659 512 2694 τῆς
526 2660 668 2693 εὐσεϐείας
682 2661 716 2688 τὰ
732 2662 804 2697 λήῖα.

327 2717 481 2746 TITULUS
507 2718 625 2747 XXVIII.

80 2768 85 2774 '
100 2765 228 2801 Aduersus
246 2764 406 2801 Saracenos,
435 2765 480 2800 qui
494 2771 621 2792 vocantur
635 2765 860 2801 Ismaelt'tce,quod

110 2801 142 2826 ab
158 2799 269 2827 lamaelc
292 2800 418 2834 originem
437 2802 572 2827 duxerint.
615 2801 663 2828 llic
693 2810 779 2829 autent
796 2799 859 2836 '{ut't

1198 2719 1325 2746 ΤΙΤΔΟΣ
1347 2719 1415 2747 Kﬂ'.

915 2769 995 2795 Κατὰ
1008 2767 1202 2801 Σαρακηνῶν,
1215 2766 1244 2794 οἳ
1253 2767 1420 2794 καλοῦνται
1432 2767 1623 2802 Ἰσμαηλιηιι
1635 2766 1706 2801 μὲν,

948 2803 987 2835 ὡς
998 2803 1058 2830 ἀπὸ
1072 2804 1126 2831 τοῦ
1146 2803 1274 2838 Ὶσμιιὴλ
1298 2803 1531 2837 καταγενόμενοι
1545 2810 1553 2818 ·
1571 2803 1641 2835 υίὸς
1671 2803 1709 2829 δὴ

109 2867 117 2876 ⁸
133 2866 204 2891 iiunc
217 2865 316 2891 titulum
327 2866 420 2896 primus
433 2867 516 2892 Graece
531 2872 556 2894 ct
569 2869 652 2895 Latine
675 2869 747 2894 edidit
764 2869 830 2895 Frid.
856 2869 1002 2901 Syiburgius
1022 2871 1047 2895 in
1068 2869 1231 2902 Saracenict's,
1254 2869 1318 2901 apud
1343 2869 1420 2896 licnr.
1443 2868 1624 2896 Commelinnm
1636 2875 1704 2894 anno
