1873 3075
137 99 207 130 1333

582 97 772 128 PANOPLIA
792 98 1020 130 DOGMATICA.
1037 111 1073 118 -·
1090 99 1162 131 TlT.
1184 98 1320 129 XXVIII.

1693 95 1763 128 133i

177 155 217 192 ἦν
240 154 329 192 οὗτος
357 156 418 192 τοῦν
433 156 587 192 ΪΑὸραὰμη
602 155 759 190 γεννηθεὶς
783 155 863 192 αὐτῷ
943 159 960 186 Α

1014 158 1126 184 Abralrre
1155 157 1226 190 ﬁlius
1253 164 1286 182 ex
1311 158 1385 189 Agar
1400 153 1497 192 αιπὶΙίᾱ
1521 152 1595 192 Sura:
1614 158 1760 192 susceptus.

174 190 262 226 ’Ᾱταρ
280 191 332 224 τῆς
353 190 517 224 παιδίσκης
545 190 673 225 Σάῤῥας’
707 191 856 226 ’Λγαρηγοι
879 190 923 226 δὲ,

172 225 233 255 ἀπὸ
252 227 344 260 ’Ἅγαρ
361 226 417 260 τῆς
440 227 555 261 μητρὸς
586 226 726 260 Ἰσμαήλ·
739 225 743 226 ⁷
755 225 925 260 Σαρακηνοι

171 262 215 295 δὲ,
236 262 296 288 ἀπὸ
309 261 363 288 τοῦ
376 260 539 296 τὴν⁷Ἃγαρ
564 261 661 296 εἰπεῖν
678 261 754 294 ,πρὸς
764 261 819 288 τὸν
835 260 924 296 ἅγγε-

171 300 237 327 λον.
255 296 304 323 ὅτε
320 295 508 323 ἀπελαθεῖσα
522 296 603 330 παρὰ
615 295 672 330 τῆς
693 297 801 330 κυρίας
815 295 924 328 αὐτῆς,

177 333 273 358 ὥδευε
301 332 377 358 κατὰ
402 331 461 365 τὴν
493 331 606 366 ἔρημον
635 331 835 366 ἐπιφερομένη
872 330 926 366 τόν

179 366 320 400 Ἰσμαὴλ.
333 366 377 393 ὅτι
393 367 494 400 Σάρῤα
508 365 615 400 κενήν·
636 374 675 401 με
695 365 866 399 ἀπέλυσεν,
886 365 928 398 ὡς

170 403 280 430 ἐκεῖνοι
292 401 450 436 λέγουσιν.

171 471 206 499 α’.
219 472 250 498 Ol
263 470 418 507 Σαρακηνοὶ
439 470 520 506 μέχρι
550 471 601 507 μὲν
625 470 680 498 τῶν
699 470 862 507 Ἡρακλείου
876 471 924 498 τοῦ

132 518 269 553 βασιλέως
283 518 389 553 χρόνων
401 517 625 553 εἰδωλολάτρουν,
647 517 872 553 προσκυνοῦντες
886 518 925 554 τῷ

132 563 269 598 ὲωσφόρῳ
286 563 390 598 ἄστρῳ,
411 563 458 589 καὶ
473 564 506 598 τῇ
529 562 687 599 ’Δφροδίτῃ,
706 564 739 599 ἢν
756 563 788 598 δὴ
803 564 851 591 καὶ
865 564 923 591 Χα-

132 610 190 644 ϐὰρ
211 611 244 645 τῇ
266 609 371 636 ἑαυτῶν
394 609 596 644 ἐπονομάζουσι
621 609 729 646 γλώττῃ
742 617 750 625 ·
765 610 840 643 δηλοῖ
864 610 892 637 δὲ
907 611 924 646 ἡ

132 656 208 688 λέξις
231 655 301 691 αὕτη
328 656 379 690 τὴν
395 655 519 690 μεγάλην
538 663 545 671 ·
565 656 625 682 τότε
642 656 671 682 δὲ
694 656 924 693 ψευδοπροφήτης

131 703 225 733 αὐτοῖς
239 702 340 737 ἀνέστη
367 701 503 736 Μωάμεο,
518 703 531 729 ὁ
548 703 609 734 ταῖς
623 702 813 738 βλασφημίαις
833 703 924 738 μέγας

131 748 184 775 καὶ
200 748 377 783 περιϐόητος.
397 743 495 780 Οὗτος,
520 747 575 774 ἀπὸ
592 749 658 783 μιᾶς
683 748 738 774 τῶν
757 748 786 781 ἐξ
811 749 924 785 Ἰσμαὴλ

132 795 228 828 φυλῶν
244 795 443 829 καταγόμενος,
464 795 511 821 καὶ
528 795 629 830 κομιδῆ
653 795 713 828 νέος
736 795 922 830 όρφανισθεὶς,

114 841 122 842 “
131 840 247 876 ὲοήτευε
261 840 337 875 παρὰ
355 840 466 874 γυναικὶ
480 840 564 875 χήρᾳ,
575 840 646 867 κατὰ
661 840 739 874 γένος
748 841 824 876 αὐτῷ
836 849 923 876 προσ-

133 887 251 922 ηκούσῃ.
284 887 340 921 Τὴν
352 885 482 920 παιδικὴν
493 885 522 912 δὲ
536 885 785 921 παραμειψάμενος
801 887 922 922 ἡλικίαν,

132 933 219 959 ὑπέδυ
235 933 348 968 ταύτην,
367 932 412 959 καὶ
432 932 591 966 συνεγένετο
603 952 610 965 ,
626 933 675 959 καὶ
690 933 816 968 φανερῶς
838 933 923 969 αὐτὴν

132 978 232 1004 ἐλαῦεν
247 979 286 1010 είς
302 979 430 1013 γυναῖκα.
445 979 595 1014 Γενόμενος
609 978 638 1004 δὲ
653 979 750 1014 κύριος
763 979 817 1006 τῶν
831 980 922 1014 ὑπαρ-

133 1023 239 1059 χόντων
265 1024 346 1059 αὐτῇ,
366 1024 497 1055 πολλάκις
526 1024 574 1051 καὶ
599 1024 736 1059 ἀπεδήμει
760 1024 820 1051 κατ’
838 1025 924 1060 ἐμπο-

134 1070 208 1105 ρίαν.
228 1069 281 1095 Καί
314 1078 381 1096 ποτε
400 1070 628 1105 παραγενόμενος
654 1070 695 1101 εἰς
726 1069 926 1109 Παλαιστίνηνι

134 1116 282 1151 συνέτυχεν
306 1115 444 1150 Ἑϐραίοις
458 1123 465 1131 ·
481 1115 539 1142 εἶτα
560 1116 608 1142 καὶ
635 1114 784 1152 Ἀρειανοῖς
799 1123 807 1132 ·
823 1115 923 1143 ἔπειτα

133 1163 185 1189 καὶ
206 1163 417 1198 Νεστοριανοῖς·
442 1163 490 1189 καὶ
511 1162 590 1195 δόξας
608 1162 773 1197 φιλομαθὴς,
799 1163 923 1199 ἠρύσατο

135 1209 241 1243 ταχέως
258 1209 288 1241 ἐξ
312 1208 448 1243 Ἑϐραίων
467 1209 517 1244 μὲν
542 1208 705 1244 μοναρχίαν,
724 1208 754 1242 ἐξ
774 1209 923 1244 Ἀρειανῶν

135 1255 166 1280 δὲ
185 1255 272 1289 Λόγον
294 1255 342 1282 καὶ
358 1256 470 1290 Πνεῦμα
489 1255 589 1282 κτιστά
599 1263 606 1271 ·
620 1255 673 1283 ἀπὸ
688 1255 716 1282 δὲ
728 1256 922 1290 Νεστοριανῶν

138 1301 407 1337 ὰνθρωπολατρείαν·
423 1301 470 1328 καὶ
482 1301 610 1333 σύνθετος
622 1301 653 1334 ἐξ
667 1301 756 1328 αὐτῶν
771 1301 924 1338 θρησκείαν

139 1347 229 1381 ιαυτῷ
258 1348 456 1382 συνεστήσατο.
476 1347 653 1382 Νοσήσαντος
668 1347 696 1373 δέ
717 1356 782 1374 ποτε
806 1348 924 1383 παρέσει

140 1393 241 1428 μελῶν,
262 1393 278 1429 ἡ
295 1393 445 1429 δηλωοεῖσα
458 1393 556 1420 τούτου
570 1394 638 1428 γυνὴ
652 1393 755 1430 σφόδρα
765 1394 862 1428 ἠνιᾶτο
878 1395 925 1421 καὶ

138 1438 282 1473 ῆσχαὶλεν,
305 1438 336 1464 οὺ
364 1438 446 1472 μόνον
466 1437 503 1469 ὼς
528 1438 627 1472 πένητι
653 1437 834 1471 συναφοεῖσα,
856 1437 926 1465 ἀλλὰ

1013 193 1125 226 Agareni
1139 188 1226 218 autem
1240 188 1365 217 dicuntur
1390 189 1423 215 ab
1438 191 1511 223 Agar
1525 188 1649 226 Ismariis
1665 193 1759 214 ηιαιινρ.

1013 223 1139 255 δᾶν-αεεηὶ
1157 235 1216 253 vero
1231 226 1396 260 appellantur
1415 232 1451 250 ea:
1473 232 1520 260 eo.
1537 223 1605 260 quod
1621 223 1692 260 Ag_rtr
1702 231 1761 248 cum

1011 271 1028 290 α
1052 263 1161 289 domina
1185 269 1233 288 sua
1251 258 1396 288 eluctusat'n
1410 259 1554 286 solitudine
1572 259 1623 285 iter
1651 258 1759 292 faceret,

1011 298 1046 324 ad
1063 297 1183 332 angelum
1197 297 1302 332 dixerit
1316 294 1385 332 sum
1404 295 1495 322 cerrita)
1518 295 1555 321 (id
1583 298 1621 320 est
1643 293 1761 325 uacuum)

1011 330 1113 360 dimisit
1134 340 1185 365 me,
1212 336 1239 358 ut
1255 331 1303 366 ipsi
1321 330 1421 357 dicunt.

1011 474 1037 502 ί.
1055 472 1184 501 Saraceni
1211 479 1297 508 usque
1322 472 1355 499 ad
1377 471 1491 500 Heraclii
1515 476 1634 507 tempora
1648 471 1761 499 simula-

975 520 1030 548 cris
1046 520 1165 548 colendis
1192 519 1277 548 dediti
1301 518 1388 551 fuere.
1413 525 1573 552 summaque
1589 517 1763 545 veneratione

974 567 1098 595 colebant
1111 565 1265 594 Luciferum
1282 571 1310 593 et
1329 565 1480 597 Venerem;
1494 564 1698 599 quam-quidem
1724 563 1762 590 illi

975 612 1080 641 Cltabar
1107 619 1155 639 sua
1181 611 1271 646 lingua
1297 609 1488 645 appellitabant
1504 617 1511 636 :
1529 608 1647 636 declarat
1671 613 1762 635 autem

974 660 1032 687 haec
1047 667 1098 686 vox
1113 666 1207 686 eorum
1223 657 1312 692 lingua
1328 664 1461 691 magnam.
1471 655 1529 688 Quo
1544 660 1666 690 tempore
1684 661 1765 688 pseu-

974 706 1137 741 dopropheta
1156 705 1225 740 apud
1236 704 1308 739 ipsos
1319 708 1429 731 exortus
1443 706 1484 731 est
1497 701 1632 730 Moameth
1648 700 1703 733 ille,
1717 700 1763 735 qui

974 753 1146 787 blasphemiis
1162 758 1323 786 magnopere
1349 749 1505 778 nobilitatus
1519 753 1571 776 est.
1590 747 1638 774 Hic
1653 755 1669 774 e
1692 747 1764 774 tribu

974 798 1089 834 quadam
1105 797 1267 826 [smaelitide
1284 803 1368 831 genus
1390 795 1503 825 ducens.
1517 793 1634 826 primum
1653 792 1779 827 quidem

974 845 1120 873 admodum
1146 843 1255 878 juvenis
1283 842 1444 878 parentibus
1473 841 1585 867 orbatus
1607 839 1780 866 servitutem.

975 890 1109 918 serviebat
1125 890 1196 924 apud
1207 889 1347 916 mulierem
1362 887 1506 922 quamdam
1516 886 1624 913 viduam
1646 893 1709 920 qua:
1722 892 1768 920 ge-

976 945 1041 966 nere
1058 938 1091 964 ad
1108 937 1195 971 ipsum
1211 935 1354 962 attinebat.
1382 933 1472 961 (Etate
1490 932 1588 968 puerili
1601 936 1709 964 exacta,
1740 931 1778 958 int

974 982 1097 1010 intimam
1124 979 1347 1007 consuetudinem
1375 978 1433 1013 ejus
1462 984 1523 1005 sese
1552 975 1708 1007 insinuavit,
1741 979 1773 1002 et

975 1035 1035 1056 cum
1049 1034 1080 1054 ea
1095 1025 1248 1055 concubuit.
1263 1024 1426 1058 tandemque
1436 1030 1496 1050 eam
1515 1023 1541 1049 in
1555 1029 1668 1050 uxorem
1681 1021 1766 1048 dum.

975 1073 1099 1101 Omnium
1127 1071 1220 1105 itaque
1241 1077 1321 1105 opum
1346 1069 1433 1096 haeres
1448 1068 1552 1101 factus,
1580 1075 1769 1103 saepenumero

974 1119 1055 1147 etiam
1092 1121 1252 1145 mercaturae
1281 1123 1364 1143 causa
1397 1122 1510 1150 peregre
1530 1114 1768 1149 proﬁciscebatur-

974 1165 1095 1199 Quodam
1110 1170 1176 1198 ergo
1187 1167 1307 1197 tempore
1325 1162 1351 1188 in
1375 1161 1547 1188 Palaestinam
1574 1160 1626 1188 iter
1654 1160 1767 1192 iaciens,

975 1211 1072 1240 incidit
1098 1211 1126 1239 in
1152 1209 1291 1242 Hebraeos,
1310 1207 1408 1236 deinde
1425 1212 1451 1236 et
1467 1208 1493 1235 in
1511 1207 1636 1240 Arianos,
1659 1206 1768 1233 tandem

974 1257 1056 1285 etiam
1085 1257 1112 1284 in
1136 1255 1331 1283 Nestorianos:
1364 1261 1478 1288 cumque
1504 1253 1640 1280 videretur
1661 1252 1770 1287 ingenio

975 1303 1096 1332 discendi
1110 1303 1218 1338 cupido,
1232 1301 1358 1330 celeriter
1383 1308 1399 1328 c
1416 1301 1570 1328 Iudaeorum
1597 1299 1705 1335 quidem
1722 1300 1770 1325 do-

975 1349 1074 1381 ctrina,
1098 1349 1179 1376 unius
1207 1347 1350 1382 imperium
1376 1347 1424 1383 (’l),
1441 1354 1475 1373 ex
1509 1346 1672 1374 Arianorum
1703 1352 1772 1373 vero

978 1395 1094 1423 Verbum
1107 1400 1135 1422 et
1149 1393 1280 1429 Spiritum
1295 1400 1340 1421 res
1349 1393 1475 1421 conditas
1491 1392 1592 1420 hausit.
1613 1391 1652 1419 Ex
1669 1392 1771 1426 quibus

977 1441 1106 1469 omnibus
1122 1440 1194 1468 inter
1210 1447 1240 1468 se
1254 1439 1356 1474 junctis
1373 1439 1485 1465 mixtam
1503 1438 1648 1473 quamdam
1663 1437 1771 1472 religio-

140 1486 186 1510 καὶ
197 1484 234 1515 ὡς
249 1484 436 1518 παραλυτικὸν
456 1483 558 1519 ἔχουσα
568 1483 614 1510 τδν
638 1483 810 1519 γημάμενον.
822 1482 875 1510 Ἦν
894 1484 924 1510 δὲ
938 1491 960 1524 C

1015 1494 1040 1513 m
1059 1490 1228 1513 commentus
1253 1489 1305 1512 est.
1338 1484 1389 1518 Qui
1414 1491 1474 1511 cum
1503 1483 1648 1518 aliquando
1688 1490 1770 1518 para-

138 1531 229 1561 αὺτοῖς
243 1531 317 1564 φίλος
348 1530 465 1565 μοναχός
491 1539 535 1562 τις
552 1530 699 1566 αἱρετικὺς,
730 1530 867 1566 ὲξόριστος
884 1531 925 1562 είς

139 1577 232 1603 ἐκεῖνα
250 1576 283 1602 τὰ
305 1577 377 1612 μέρη
391 1576 436 1603 διὰ
456 1576 640 1602 κακοπιστίαν
665 1575 826 1611 γενόμενος.
842 1573 926 1608 Οὗτος

140 1623 169 1655 ἐξ
186 1622 328 1657 ὑποθήκης
343 1621 390 1649 τοῦ
403 1622 527 1657 Μωὰμεθ
541 1621 752 1657 ὲπληροφόρησε
767 1621 815 1657 τὴν
831 1622 926 1649 τούτου

140 1667 269 1701 σύζυγον,
293 1667 332 1698 ὡς
362 1668 413 1694 οὐκ
441 1668 499 1694 ἐστι
520 1667 599 1702 κοινὴ
630 1667 708 1698 νόσος
736 1668 753 1701 ὴ
773 1668 927 1703 κατέχουσα

140 1714 235 1741 τοῦτον
250 1723 257 1730 ι
270 1714 327 1740 ἀλλ’
339 1714 435 1746 ὁσάκις
451 1713 484 1741 ἂν
499 1714 541 1750 ίδῃ
551 1714 598 1740 τὸν
609 1713 925 1750 ἀρχάγγελον-Γαὸριὴλ,

142 1761 180 1796 μὴ
193 1761 284 1794 φέρων
298 1760 382 1786 αὑτοῦ
401 1760 451 1794 τὴν
461 1747 581 1794 φοϐερὰν
595 1747 771 1793 ἐπιιράνειαν,
781 1747 830 1791 ἐἰς
847 1747 928 1787 τοῦτο

141 1808 307 1832 καταπίπτει
323 1805 354 1831 τὸ
373 1805 468 1837 πάθος.
486 1806 542 1833 Καὶ
558 1806 611 1840 γὰρ
626 1806 640 1832 ό
655 1805 787 1840 δηλωοεὶς
810 1806 926 1841 ἄγγελος

142 1853 181 1883 εἰς
196 1852 260 1882 τοὺς
278 1851 413 1886 μεγάλους
431 1851 628 1878 ἀποστέλλεται
642 1852 795 1887 προφήτας,
818 1853 927 1879 ἀποκα-

140 1898 250 1924 λύπτων
274 1898 365 1929 αὐτοῖς
384 1898 420 1924 τὰ
454 1898 596 1933 μυστήρια
623 1898 670 1924 τοῦ
697 1898 776 1931 Θεοῦ,
792 1899 840 1926 καὶ
853 1899 926 1933 γνῶ-

141 1953 185 1970 σιν
201 1944 256 1970 τῶν
292 1943 442 1978 ἐσομένων.
481 1943 693 1971 Ἀποστέλλεται
709 1943 749 1977 δὲ,
777 1944 856 1979 φησὶ,
877 1945 926 1971 καὶ

143 1990 212 2024 πρὸς
228 1990 275 2016 τδν
293 1989 378 2024 ἄνδρα
389 1990 436 2016 τὸν
449 1990 561 2025 σαυτῆς,
572 1990 610 2022 ὡς
627 1990 757 2025 μέγιστον
769 1991 925 2026 προφήτην.

143 2036 219 2071 Αὕτη
231 2036 271 2068 δὲ,
285 2035 431 2062 πεισθεῖσα
449 2037 505 2068 τοῖς
523 2036 694 2072 λεγομένοις,
710 2037 758 2064 καὶ
786 2037 924 2073 γενομένη

142 2082 307 2118 περιχαρὴς,
321 2083 456 2118 ἐκήρυττε
474 2082 623 2118 διαρρήδην
637 2084 698 2114 ταῖς
713 2082 809 2114 ἄλλαις
831 2091 927 2117 γυναι-

141 2128 193 2161 ξλν,
208 2129 248 2154 ὅτι
264 2127 350 2163 μέγας
365 2128 424 2155 ἐστὶ
438 2129 582 2163 προφήτης
592 2128 734 2164 Μωόιμεθό
748 2129 817 2165 ἀνὴρ
830 2129 925 2165 αὐτῆς.

141 2174 198 2200 Καὶ
223 2174 269 2200 τὸν
286 2174 387 2210 τρόπον
407 2174 502 2201 τοῦτον
524 2176 555 2201 ἐκ
569 2175 709 2209 γυναικῶν
734 2176 775 2207 είς
798 2175 899 2211 ἄνδρας
913 2177 928 2203 ὁ
944 2167 966 2195 Ῐ)

141 2220 221 2254 λόγος
254 2216 333 2252 οὗτος
379 2221 512 2252 διαδοθεὶς
556 2221 703 2256 ἐκράτησε,
732 2224 779 2248 καὶ
808 2222 928 2259 κατέστη

142 2266 262 2300 βέὃαιος.
279 2266 335 2293 Καὶ
350 2266 443 2293 λοιπὸν
454 2266 555 2302 ήρξατο
569 2266 706 2294 διδάσκειν
717 2268 731 2293 6
746 2267 846 2300 πλάνος
859 2269 930 2296 έκεῖ-

141 2320 197 2344 νος,
215 2313 262 2339 καὶ
278 2313 327 2348 τὴν
343 2312 397 2339 τῶν
410 2312 554 2348 δογμάτων
570 2311 653 2339 αὑτοῦ
667 2313 744 2340 νόσον
758 2314 929 2350 διασπείρειν

143 2359 189 2384 ἐπὶ
204 2358 266 2389 τοὺς
280 2358 423 2392 ἀνοήτους.

979 1533 1028 1569 lysi
1043 1532 1189 1565 laboraret,
1223 1532 1352 1567 praedicta
1372 1531 1456 1566 ipsius
1473 1538 1541 1558 uxor
1566 1537 1636 1565 aegre
1651 1529 1714 1557 illud
1743 1535 1771 1557 et

980 1579 1088 1613 indigne
1117 1577 1230 1612 ferebat,
1246 1581 1340 1613 utpote
1373 1585 1433 1612 qua:
1461 1583 1517 1604 non
1540 1575 1627 1604 solum
1658 1575 1772 1610 pauperi

979 1626 1025 1653 sed
1043 1628 1070 1652 et
1087 1623 1235 1659 paralytico
1253 1624 1402 1659 nupsisset.
1430 1622 1532 1655 Quibus
1556 1629 1617 1650 cutn
1630 1621 1774 1648 familiaris

979 1675 1049 1699 esset
1064 1670 1213 1698 monachus
1227 1669 1336 1705 quidam
1352 1670 1507 1702 haereticus,
1528 1668 1555 1696 in
1570 1675 1616 1696 eas
1632 1672 1722 1702 partes
1736 1667 1771 1694 ob

978 1724 1076 1753 pravas
1095 1716 1222 1752 quasdam
1237 1717 1269 1742 de
1284 1715 1335 1742 lidc
1349 1715 1491 1750 opiniones
1508 1714 1648 1748 expulsus,
1679 1713 1722 1740 hic
1737 1720 1771 1739 ex

979 1762 1111 1789 instinctu
1139 1761 1282 1788 Moamethi
1315 1760 1422 1795 conjugi
1453 1759 1510 1794 ejus
1532 1759 1688 1792 aliirmavit,
1717 1767 1771 1786 non

977 1815 1037 1836 esse
1055 1808 1129 1834 illum
1142 1814 1313 1834 communem
1330 1806 1454 1833 m0rbum
1483 1812 1538 1841 quo
1560 1806 1674 1832 maritus
1701 1804 1771 1832 alni-

981 1859 1122 1883 ctaretur:
1143 1853 1189 1881 sed
1203 1853 1416 1888 quotiescunque
1437 1851 1605 1886 conspiceret
1620 1851 1771 1884 archange-

979 1901 1034 1928 lum
1065 1899 1228 1932 Gabrielem,
1247 1903 1275 1926 et
1299 1903 1437 1934 aspectum
1475 1898 1561 1933 ipsius
1583 1897 1720 1924 insolitum
1738 1904 1771 1923 ac

979 1946 1127 1975 terribilem
1140 1945 1231 1972 minus
1247 1945 1339 1978 ferret,
1367 1945 1394 1972 in
1414 1945 1486 1973 hunc
1505 1945 1629 1971 morbum
1646 1943 1769 1970 incidere

978 1994 1077 2022 solere.
1086 1991 1152 2019 Nam
1162 1991 1205 2018 hic
1218 1991 1342 2026 angelus,
1351 1991 1449 2026 inquit,
1460 1991 1493 2018 ad
1503 1996 1615 2024 magnos
1624 1991 1770 2025 prophetas

978 2040 1117 2075 ablegatur
1132 2042 1162 2065 ut
1175 2038 1269 2066 iisdem
1287 2045 1385 2065 arcana
1399 2042 1425 2065 et
1437 2037 1562 2072 mysreria
1576 2036 1771 2070 scientiamque

978 2087 1128 2113 futurorum
1146 2084 1261 2120 aperiat.
1276 2083 1329 2111 Sed
1358 2088 1385 2111 et
1400 2083 1580 2116 adgmaritum
1605 2088 1692 2115 tuum,
1719 2083 1768 2115 ait,

978 2131 1094 2159 mittitur
1107 2150 1115 2163 ,
1135 2135 1261 2164 tanquam
1277 2130 1309 2157 ad
1332 2129 1492 2164 prophetam
1518 2128 1678 2157 maximum.
1708 2128 1770 2155 Haec

980 2184 1043 2205 vero
1059 2184 1120 2204 cum
1139 2176 1257 2204 orationi
1281 2176 1362 2204 fidem
1377 2175 1559 2208 adhibuisset.
1583 2182 1682 2210 magno
1707 2182 1769 2202 cum

977 2223 1074 2258 gaudio
1084 2222 1172 2258 palam
1181 2223 1250 2257 apud
1262 2222 1329 2249 alias
1341 2221 1468 2249 mulieres
1476 2220 1770 2255 divulgabatmiagnum

978 2269 1136 2304 prophetam
1150 2276 1210 2296 esse
1230 2267 1411 2296 Moamethum
1436 2275 1514 2296 suum
1543 2267 1641 2294 virum.
1681 2267 1773 2300 Atque

978 2312 1031 2343 hoc
1065 2315 1145 2343 modo
1170 2315 1251 2342 etiam
1281 2316 1350 2350 apud
1390 2314 1463 2342 viros
1495 2315 1553 2342 haec
1591 2314 1662 2341 fama
1709 2321 1770 2339 tnti-

979 2361 1056 2389 lieris
1076 2361 1194 2388 obtinuit
1223 2365 1250 2389 et
1264 2363 1485 2389 contirmataest.
1519 2360 1618 2395 Sicque
1643 2360 1770 2392 deinceps

143 2404 273 2438 impostor
297 2404 347 2432 ille
369 2403 468 2432 docere
497 2404 589 2439 carpit,
616 2409 643 2432 et
685 2410 786 2438 pestem
814 2412 925 2433 suorum
957 2407 1118 2442 placitorum
1144 2407 1215 2442 apud
1248 2408 1386 2442 imperitos
1416 2415 1448 2435 ac
1477 2406 1614 2442 simplices
1642 2405 1770 2433 disserui-

142 2456 218 2476 Ilal'e.

183 2507 216 2542 β’.
227 2505 311 2539 οὗτος
325 2508 504 2545 διεθρὺλλησε
514 2494 779 2547 γραφὴν-οὐρανόθεν
787 2511 830 2536 ἐπ’
845 2510 926 2537 αὑτὸν

142 2553 317 2589 κοιμώμενον
345 2556 522 2589 καταπεσεῖν,
549 2555 664 2591 ἔχουσαν
690 2557 821 2591 τοιαύτην
836 2556 928 2582 θεολο-

143 2601 223 2634 γίαν·
240 2601 300 2627 Ὀτι
327 2609 357 2627 τε
375 2599 416 2632 εἷς
444 2601 510 2632 Θεός
539 2602 610 2633 ἐστι,
632 2601 750 2637 ποιητὴς
766 2601 821 2628 τῶν
846 2601 926 2635 ὅλων,

178 2692 216 2726 ll)
231 2691 288 2720 Hoc
301 2696 352 2725 est,
370 2692 533 2727 singularem
549 2700 609 2720 esse
625 2693 651 2719 in
669 2692 722 2720 Deo
734 2699 888 2726 personam.

1016 2511 1043 2538 2.
1062 2511 1110 2539 llic
1133 2511 1281 2546 divulgavit
1307 2513 1469 2545 scripturam
1488 2508 1631 2544 quamdam
1661 2508 1769 2536 coalitus

984 2563 1066 2590 super
1081 2555 1169 2590 ipsum
1184 2555 1364 2582 dormientem
1380 2554 1529 2588 delapsam,
1545 2561 1604 2587 qua:
1634 2553 1712 2580 talem
1735 2554 1768 2580 de

983 2601 1037 2628 Deo
1051 2600 1202 2628 doctrinam
1220 2599 1445 2634 complecteretur
1462 2609 1468 2626 :
1490 2606 1586 2634 nempe
1600 2607 1682 2625 unum
1708 2606 1769 2626 esse

142 2771 212 2799 1595.
227 2771 295 2795 ἱππ-12
306 2778 311 2799 ;
327 2774 409 2797 exstat
421 2773 445 2796 in
461 2770 571 2796 editione
583 2771 668 2796 Latina
681 2771 767 2796 Franc.
791 2770 853 2800 Zinl,
864 2771 910 2796 sed
920 2770 1027 2795 omissus
1039 2773 1078 2795 est
1097 2772 1122 2795 in
1140 2769 1269 2801 Panoplr'a:
1281 2769 1362 2794 Graeca
1372 2769 1482 2801 editione
1501 2767 1685 2801 princip_e_anni
1698 2766 1767 2801 [719.

142 2809 192 2833 prae
205 2806 272 2826 metu
285 2798 428 2826 Turcarnm.
450 2803 603 2833 Opusculum
620 2802 703 2826 Graece
726 2806 752 2826 et
776 2798 862 2826 Latine
878 2803 1012 2832 repetitum
1033 2804 1072 2826 est
1087 2801 1112 2826 in
1140 2798 1292 2833 Bibliotheca
1314 2799 1480 2833 Qallatrdiana,
1501 2798 1726 2833 tom.__XlV!.unde
1742 2799 1768 2822 in

140 2828 250 2858 nostram
263 2828 503 2862 dcrivamus.multis
514 2837 596 2858 tamen
612 2835 637 2858 in
654 2832 744 2858 melius
754 2834 853 2858 mutatis
865 2828 916 2863 ope'
926 2836 1038 2858 notarum
1053 2831 1256 2862 Sylburgii,quas
1266 2830 1364 2857 omnino
1381 2831 1531 2862 neglexerat
1541 2830 1622 2855 editor
1639 2828 1761 2855 Venetus.
