1873 3075
123 113 194 146 1335

745 118 938 149 EU'IHYMII
959 118 1142 149 ZIGABENI

1693 116 1767 148 1336

122 174 206 201 Deum
237 173 404 202 conditorem
436 175 565 209 universi,
582 176 628 211 qui
642 183 729 211 neque
740 177 848 211 genitus
874 177 915 209 sit,

1002 169 1042 210 ἦτε
1062 176 1216 212 γεννηθεὶς.
1236 176 1305 211 μήτε
1325 176 1461 211 γεννήσας
1476 184 1482 189 ·
1500 176 1548 202 καὶ
1576 175 1618 201 ὅτι
1646 175 1660 201 ὁ
1678 174 1767 208 Λόγος

121 228 209 255 neque
236 221 361 255 genuerit
379 231 386 249 :
403 226 430 249 et
451 221 570 250 Verbum
598 222 645 250 Dei
678 228 759 256 atque
784 223 915 258 Spiritum

120 267 262 302 ejus.qu
287 268 341 294 sint
366 268 483 302 condita,
511 269 632 304 ingressa
657 269 768 296 Mariam
795 276 915 297 sororem

121 312 204 340 Mosis
225 318 252 340 et
278 314 403 346 Aut-citis,
419 315 543 350 hancque
557 315 617 342 sine
647 315 751 343 semine
779 315 916 350 peperisse

121 358 211 386 Jcsum
246 359 383 387 Christum
397 381 404 393 ,
433 361 476 396 qui
492 362 624 396 propheta
638 366 665 389 et
677 369 773 389 servus
792 361 837 389 Dei
855 361 914 389 fue-

127 406 170 438 rit,
205 405 367 441 Judteosque
387 408 490 435 invidia
522 409 673 436 concitatos
686 408 804 437 voluisse
829 410 914 444 ipsum

125 452 153 479 in
179 459 287 480 crucem
319 454 434 488 tollere,
468 463 522 490 quo
549 456 746 490 comprehenso
790 457 914 484 umbram

121 498 180 531 ejus
196 500 382 528 crucinxerint
395 510 402 528 :
416 501 554 528 Christum
571 510 636 530 vero
651 511 738 538 neque
754 503 914 531 cruciﬁxum

123 543 217 577 fuisse,
229 553 315 581 neque
331 547 432 575 oliiisse
447 557 452 574 :
469 547 552 575 Deum
566 548 637 575 enim
653 549 724 576 hunc
737 548 916 583 assumpsisse

123 598 156 627 eo
182 592 252 626 quod
280 593 368 627 ipsum
399 599 513 622 amaret.
534 594 616 622 Deum
647 595 729 622 etiam
762 594 913 622 Christum.

123 643 297 671 posteaquam
317 639 343 666 in
361 640 458 666 coelum
475 641 655 673 ascendisset,
681 641 862 676 interrogasse
873 641 915 668 di-

122 687 229 710 centem
249 692 255 710 :
280 692 290 708 (
317 682 339 711 Ο
359 683 422 712 Jesu
440 686 446 711 !
476 691 557 713 tuane
581 686 637 714 haec
652 691 694 713 est
715 687 813 718 oratio,
842 685 915 720 quod

122 733 149 754 tu
166 729 271 756 scilicet
293 730 332 757 sis
353 730 437 758 Filius
459 731 504 759 Dei
528 736 556 759 et
586 732 681 760 Deus?
706 738 734 760 et
763 731 854 760 Jesum
872 740 915 760 re.

122 774 265 807 spondisse
278 783 284 801 :
298 781 327 802 se
337 783 388 802 non
401 776 526 803 docuisse
539 777 587 804 hoe
600 784 687 811 neque
699 776 858 804 erubescere
868 774 915 804 Dei

121 825 230 844 servum
245 825 316 850 esse,
334 826 428 845 verum
442 819 565 847 homines
578 820 636 847 haec
647 821 682 847 ita
695 820 805 847 dixisse.
825 829 833 845 ι
854 819 915 847 Haec

121 865 226 899 aliaque
239 867 372 900 permulta
394 871 514 893 monstra
536 866 563 893 in
589 867 633 893 illa
664 867 796 901 scriptura
825 865 914 893 eﬂ‘utit
929 860 951 888 Β

123 911 249 944 ridicula,
277 919 359 946 quam
372 912 500 940 divinitus
520 912 552 939 ad
565 919 594 939 se
611 912 726 940 delatam
745 912 825 940 nimis
843 913 915 940 inso-

122 958 209 986 lenter
236 960 354 994 jactitat.

156 1005 184 1032 3.
197 1005 252 1034 Nos
269 1014 332 1035 vero
352 1007 484 1042 discipulo
499 1009 558 1043 ejus
590 1010 793 1043 re5pondemus,
819 1016 915 1036 omnes

122 1050 271 1083 prophetas
303 1051 336 1077 de
367 1051 480 1079 Domino
493 1057 586 1080 nostro
617 1053 680 1081 Jesu
702 1054 810 1082 Christo
836 1062 915 1088 pras—

121 1095 233 1128 dixisse,
251 1101 278 1124 et
296 1103 359 1124 ante
388 1098 437 1125 hos
459 1099 565 1131 Mosen,
594 1100 664 1134 quod
684 1103 711 1126 et
750 1099 797 1127 Dei
831 1099 915 1127 Filius

120 1145 147 1168 et
179 1140 251 1169 Deus
275 1143 404 1171 extremis
425 1144 590 1178 temporibus
620 1144 763 1171 humanam
790 1150 913 1172 naturam

121 1191 195 1215 esset
207 1194 396 1224 assumpturus
411 1198 418 1217 :
437 1194 463 1217 et
473 1191 595 1218 absoluta
608 1190 810 1226 dispensatione
823 1199 872 1218 sua
887 1191 914 1218 in

120 1241 204 1262 carne
235 1236 421 1271 cruciﬁgetur,
453 1237 609 1271 sepelietur,
625 1243 652 1264 et
671 1242 806 1272 resurget,
825 1243 852 1265 et
887 1237 913 1265 in

121 1281 218 1309 cmlum
243 1287 422 1310 aestimetur:
447 1283 611 1318 tandemque
636 1288 766 1311 venturus
783 1283 914 1319 sitjudex

121 1328 243 1356 omnium
254 1348 262 1362 ,
280 1330 394 1357 reddens
408 1330 555 1365 unicuique
569 1332 716 1358 secundum
732 1338 813 1366 opera
829 1331 888 1366 ejus
906 1340 913 1359 :

120 1378 203 1408 atque
218 1374 268 1402 hes
289 1375 398 1410 quidem
413 1377 559 1412 prophetas
585 1384 632 1403 vos
649 1384 768 1411 quoque,
791 1377 828 1404 uti
852 1376 915 1412 qui—

121 1420 182 1447 dettl
198 1419 298 1454 dicitis,
311 1421 443 1456 probatis.
475 1422 555 1456 Atqui
588 1423 622 1449 de
646 1422 800 1451 hloamctho
835 1430 926 1451 nemo

120 1466 230 1493 illm-um
249 1467 376 1502 praedixit
392 1468 463 1503 quod
496 1468 568 1496 Deus
591 1468 737 1497 Saracenis
756 1469 837 1498 talem
851 1476 915 1505 pro-

121 1513 235 1548 phetam
262 1514 432 1542 excitaturus
455 1515 500 1542 sit.
531 1515 565 1542 Et
592 1515 679 1544 Moses
711 1516 823 1551 quidem
851 1524 914 1544 cum

121 1567 199 1588 mons
220 1559 287 1588 Sina
319 1560 446 1589 terribilis
459 1567 531 1589 esset
545 1562 672 1596 nubibus.
690 1563 762 1598 igne,
781 1564 912 1597 tenebris,

120 1609 146 1632 et
161 1605 269 1632 turbine
281 1605 397 1640 aliisque
420 1606 617 1641 consimilibus,
631 1615 690 1643 qua:
709 1612 840 1637 terrorem
872 1609 915 1636 in-

120 1657 213 1679 cutere
228 1655 256 1679 et
272 1651 442 1680 formidinem
454 1653 555 1681 addere
584 1654 693 1688 solent,
715 1656 788 1683 omni
814 1655 914 1692 populo

121 1703 262 1732 spectante
293 1698 320 1726 ln
343 1699 467 1727 tenebras
479 1699 620 1735 ingressus
637 1706 679 1729 est
695 1701 837 1737 legemque
869 1710 914 1730 re-

122 1745 181 1772 tulit
198 1753 204 1772 :
221 1745 393 1774 Moamethus
419 1753 482 1774 vero
503 1747 554 1775 iste
588 1748 694 1783 quibus
703 1749 848 1784 portentis,
866 1753 914 1776 aut

121 1793 284 1825 quibusnam
298 1794 484 1828 spectantibus
501 1795 608 1830 accepit
633 1795 711 1822 illam
724 1796 854 1824 divinitus
878 1796 912 1824 ad

123 1848 152 1868 se
177 1841 301 1873 missam,
317 1844 349 1868 ut
367 1841 467 1874 aiebat,
483 1841 669 1877 scripturam?
683 1841 718 1869 At
733 1842 779 1870 isti
795 1850 856 1870 cum
869 1843 912 1870 his

123 1887 275 1915 rationibus
310 1891 472 1920 premuntur
482 1892 509 1914 et
532 1888 559 1914 in
576 1888 716 1923 angustias
738 1888 911 1923 rediguntur,

121 1933 307 1968 respondent.
330 1933 413 1960 Deum
440 1940 607 1968 quaecunque
636 1933 715 1967 velit,
741 1937 769 1961 et
800 1941 912 1969 quomo-

121 1978 157 2006 do
178 1977 257 2011 velit,
270 1977 370 2005 facere.
390 1977 491 2005 Deinde
508 1985 558 2006 nos
590 1978 688 2006 iterum
712 1985 839 2013 urgemus
856 1987 861 2005 :
878 1978 913 2005 At

122 2024 259 2059 quomodo
289 2023 430 2051 descendit
459 2023 504 2050 illa
526 2023 660 2059 scriptura
689 2024 722 2051 ad
752 2025 911 2059 prophetam

122 2069 265 2097 vestrum?
289 2068 322 2096 Et
351 2068 395 2095 isti
417 2070 579 2103 respondent
599 2079 605 2096 :
629 2069 668 2096 Eo
697 2070 858 2104 dormiente_
884 2070 912 2098 in

121 2116 210 2151 ipsum
236 2115 340 2143 incidit.
361 2113 396 2142 Et
417 2122 467 2142 nos
488 2115 586 2143 iterum
616 2116 771 2150 reponimus
788 2125 797 2144 :
812 2115 846 2144 Et
865 2125 913 2144 un-

122 2163 219 2189 denam
241 2165 347 2188 constat
374 2161 446 2197 quod
480 2161 607 2190 divinitus
625 2169 708 2197 super
727 2162 818 2198 ipsum
839 2163 912 2191 deei-

123 2209 219 2245 derit?
239 2207 377 2235 enimvero
392 2208 539 2236 verisimile
561 2213 602 2236 est
630 2208 767 2236 hominem
788 2210 834 2244 qui
854 2217 914 2238 eam
932 2215 953 2243 ι)

123 2254 270 2289 scripserat
296 2253 322 2281 in
339 2254 427 2288 ipsum
445 2254 593 2289 projeoisse
610 2263 617 2282 :
643 2255 686 2283 vel
704 2255 796 2290 potius
824 2255 913 2290 ipsum

124 2308 185 2327 eam
202 2299 385 2333 conﬁnxisse,
403 2304 430 2327 et
445 2305 553 2335 postea,
569 2300 646 2335 quasi
677 2300 784 2328 coalitus
802 2300 913 2335 delapsa

125 2347 172 2380 sit,
210 2346 383 2382 praedicasse.
414 2347 480 2375 Cum
515 2347 597 2382 igitur
611 2346 678 2374 nihil
705 2347 783 2375 solidi
806 2347 844 2374 ’ad
871 2347 913 2374 sui

125 2393 310 2421 defensionem
331 2394 356 2420 in
388 2393 505 2420 medium
534 2393 632 2421 alferre
654 2394 770 2429 possint,
799 2393 914 2421 dicimus

125 2448 176 2468 nos
194 2449 200 2468 :
220 2430 455 2474 Quemadmodum
479 2439 524 2475 qui
550 2441 660 2472 dormit,
679 2440 813 2475 loquendo
845 2440 914 2467 deli-

127 2489 179 2518 rat,
199 2489 225 2512 et
243 2492 314 2520 saepe
342 2484 443 2519 aliquid
471 2485 617 2513 monstrosi
643 2486 670 2512 in
690 2486 796 2513 somnis
830 2484 912 2517 videt,

125 2533 165 2559 sic
185 2534 266 2560 etiam
286 2531 329 2559 illa
355 2533 490 2566 scriptura
521 2539 581 2567 quae
602 2533 629 2560 in
656 2532 743 2567 ipsum
774 2532 910 2560 dormien-

127 2585 180 2605 tem
196 2578 318 2613 conjecta
341 2582 392 2610 est,
414 2577 538 2605 deliratio
563 2583 589 2605 et
609 2579 715 2605 somnio
745 2578 911 2605 simillimum

80 2662 82 2664 τ
125 2625 295 2653 mendacium
337 2623 397 2651 fuit.
426 2624 544 2652 Rursum
572 2632 632 2651 cum
665 2632 712 2651 nos
751 2633 783 2651 ex
815 2624 912 2651 iisdem

77 2679 82 2687 ι
126 2673 274 2708 qumrintus
299 2672 345 2708 qui
367 2673 412 2699 liat
444 2677 472 2698 ut
490 2679 551 2699 cum
571 2671 607 2699 illi
627 2679 659 2698 ex
689 2676 824 2706 proceepto
840 2671 914 2699 Mou-

127 2719 210 2746 methi
225 2719 291 2746 nihil
322 2719 380 2746 sine
409 2718 562 2745 testimonio
602 2725 688 2752 neque
711 2718 802 2745 facere
826 2725 914 2753 neque

128 2765 243 2798 probare
260 2769 288 2791 et
304 2764 447 2791 admittere
460 2763 579 2795 soleant,
604 2763 706 2790 nullutn
726 2764 912 2792 testimonium

129 2811 164 2838 ab
179 2812 272 2838 eodem
293 2811 442 2845 exegerint,
461 2811 531 2846 quod
550 2810 619 2838 Deus
648 2811 734 2845 ipsum
752 2815 779 2838 ut
796 2811 913 2846 prophe-

127 2859 181 2884 tant
199 2855 319 2892 elegerit,
342 2856 468 2891 quodque
488 2857 545 2892 ipse
565 2856 694 2886 divinitus
712 2857 781 2886 hanc
799 2858 830 2886 de
857 2857 912 2885 Dco

972 220 1020 247 τοῦ
1038 220 1118 254 Θεοῦ,
1141 222 1187 248 καὶ
1206 221 1237 247 τὸ
1255 220 1369 256 Πνεῦμα
1384 221 1479 253 αὐτοῦ,
1493 221 1591 248 κτιστὰ
1610 221 1686 250 ὅντα,
1707 221 1766 246 εισ-

971 268 1053 302 ἧλθεν
1068 269 1108 299 εις
1124 267 1233 303 Μαρίαν
1245 267 1294 302 τὴν
1306 267 1425 303 ἀδελφὴν
1439 267 1562 299 Μωσέως
1575 266 1624 293 καὶ
1645 265 1764 301 Ἀαρὼν,

972 314 1019 340 καὶ
1046 313 1195 348 ἐγέννησεν
1216 314 1286 349 αὐτὴ
1314 313 1377 348 δίχα
1410 313 1570 348 σπέρματος
1598 312 1706 346 Ἰησοῦν
1722 312 1766 338 τὸν

970 359 1099 394 Χριστὸν,
1115 359 1261 395 προφήτην
1274 359 1322 386 καὶ
1342 359 1436 385 δοῦλον
1459 359 1591 393 γεγονότα
1618 357 1667 385 τοῦ
1684 357 1764 384 Θεοῦ·

970 404 1017 432 καὶ
1033 405 1074 431 ὅτι
1090 405 1114 431 ot
1138 404 1260 432 Ἰουδαῖοι
1285 405 1472 439 φθονήσαντες
1511 404 1655 439 ἠθέλησαν
1678 403 1763 430 αὐτὶν

971 450 1150 487 σταυρῶσαι·
1178 452 1225 478 καὶ
1256 452 1447 487 κρατήσαντες
1465 472 1473 483 ,
1503 451 1690 486 ἐσταύρωσαν
1716 451 1767 486 τὴν

972 496 1052 524 σκιὰν
1064 496 1161 523 αὐτοῦ’
1178 497 1261 528 αὐτὸς
1284 497 1313 524 δὲ
1327 498 1341 524 ὁ
1366 496 1487 532 Χριστὸς
1509 497 1560 524 οὐκ
1586 496 1766 532 ἐσταυρώθη,

969 542 1031 570 οὐδὲ
1066 543 1222 571 ἀπέθανενθ
1251 544 1265 570 ὁ
1289 543 1344 578 γὰρ
1362 542 1431 575 Θεδς
1463 543 1561 570 ἔλασεν
1591 543 1677 570 αὑτὸν
1696 542 1768 577 πρὸς

970 589 1066 616 ἑαυτὸν
1081 590 1122 621 εῐς
1146 590 1191 616 τὸν
1220 590 1351 624 οὐρανὸν,
1375 590 1420 617 διὰ
1437 590 1467 617 τὸ
1481 590 1568 624 φιλεῖν
1594 590 1678 616 αὐτόν
1693 598 1701 605 ο
1719 590 1767 616 καὶ

969 636 1011 662 ὅτι
1024 635 1173 662 ἀνελθόντα
1185 635 1231 662 τὸν
1247 636 1366 671 Χριστὸν
1381 637 1422 668 εἰς
1441 636 1489 663 τδν
1501 636 1631 671 οὐρανὸν,
1657 635 1768 671 ἐρώτη-

971 690 1017 710 σεν
1030 683 1043 708 ό
1058 682 1134 716 Θεὸς,
1147 683 1252 717 λέγων·
1270 692 1279 709 ι
1295 681 1330 709 Ὦ
1350 682 1454 717 Ἰησοῦ,
1475 682 1507 709 σὺ
1528 681 1607 714 εἶπες
1623 682 1672 709 τὸν
1684 683 1767 716 λόγον

968 728 1074 762 τοῦτον,
1088 728 1129 755 ὅτι
1146 728 1210 760 Υἱὸς
1226 727 1251 755 εἷ
1274 728 1322 755 τοῦ
1341 728 1423 762 Θεοῦ,
1448 728 1495 756 καλ⁸
1509 728 1595 762 Θεός;
1622 728 1680 755 Καὶ
1693 729 1766 754 ἁπε-

969 774 1051 810 κρίθη
1075 774 1178 810 Ἰησοῦς
1194 775 1236 801 ὅτι
1250 775 1308 801 Οὐκ
1323 771 1402 802 εἷπον
1425 774 1481 808 ἐγώ
1493 783 1500 790 ·
1517 775 1579 801 οὐδὲ
1595 774 1765 810 αἰσχύνομαι
1777 766 1783 772 ’

970 817 1041 846 εἶναι
1057 820 1150 852 δοῦλός
1169 829 1229 847 σου.
1267 820 1340 846 Ἀλλ’
1359 820 1384 846 οἱ
1411 820 1552 854 ἄνθρωποι
1579 819 1704 854 λέγουσι,
1723 819 1765 845 ὅτι

967 866 1044 894 εἶπον
1059 866 1105 893 τὸν
1121 867 1200 900 λόγον
1223 867 1329 893 τοῦτον.
1351 876 1362 893 ι
1385 867 1440 894 Καὶ
1455 867 1525 894 ἄλλα
1539 866 1629 892 πολλὰ
1645 874 1764 899 τερατο-

965 913 1052 944 λογῶν
1077 914 1106 939 ὲν
1122 913 1154 948 τῇ
1172 913 1286 949 τοιαύτῃ
1312 914 1407 949 γραφῇ
1426 913 1548 947 γέλωτος
1565 912 1644 944 ἄξια,
1657 912 1764 947 ταύτην

966 962 997 987 ὲκ
1009 959 1076 986 Θεοῦ
1093 960 1135 986 ἐπ’
1147 959 1229 986 αὑτὸν
1244 959 1445 995 κατενεχθῆναι
1458 960 1640 994 φρυαττεται.

1002 1009 1039 1040 γ’.
1057 1006 1155 1041 Ἡμεῖς
1173 1007 1201 1033 δὲ
1218 1007 1334 1042 πρὸςτὺν
1352 1006 1476 1042 μαθητὴν
1489 1006 1572 1033 αὺτοῦ
1589 1006 1708 1041 λέγομεν
1723 1006 1763 1033 ὅτι

967 1054 1035 1088 Περὶ
1057 1053 1107 1087 μὲν
1118 1053 1165 1080 τοῦ
1180 1053 1285 1088 Κυρίου
1302 1053 1382 1088 ήμῶν
1404 1052 1492 1087 Ἰησοῦ
1510 1052 1634 1087 Χριστοῦ
1659 1052 1764 1082 πάντες

967 1100 991 1126 οι
1006 1099 1147 1134 προφῆται
1165 1099 1419 1134 προκατήγγειλαν,
1441 1098 1488 1125 καὶ
1507 1097 1561 1133 πρὸ
1572 1097 1680 1124 τούτων
1696 1098 1764 1125 Μω-

968 1147 1019 1182 σῆς
1033 1166 1040 1179 ,
1057 1147 1099 1173 ὅτι
1112 1146 1180 1173 Θεοῦ
1194 1146 1259 1178 Υἱὸς
1276 1145 1315 1172 ὣν
1335 1146 1384 1173 καὶ
1408 1145 1486 1178 Θεὸς,
1503 1145 1548 1172 ἐπ’
1567 1144 1694 1180 ἐσχάτων
1711 1144 1766 1170 τῶν

968 1192 1084 1228 ἡμερῶν
1111 1192 1322 1228 ὲνανθρωπήσει
1335 1199 1343 1207 ⁸
1360 1191 1408 1218 καὶ
1423 1190 1538 1222 τελέσας
1555 1191 1607 1225 τήν
1628 1191 1765 1226 ενσαρκον

967 1237 1129 1273 οἰκονομίαν
1156 1237 1254 1270 αὐτοῦ,
1274 1237 1503 1273 σταυρωθήσεται
1525 1237 1575 1263 καὶ
1594 1237 1762 1272 ταφήσεται,

968 1285 1016 1311 καὶ
1035 1284 1232 1319 ἀναστήσεται,
1253 1284 1301 1311 καὶ
1318 1285 1359 1315 εις
1379 1283 1495 1318 οὐρανὸν
1510 1282 1741 1318 ἀναληφθήσεται
1755 1291 1762 1298 ·

967 1331 1015 1357 καὶ
1030 1330 1190 1357 τελευταῖον
1208 1329 1269 1365 ἥξει
1282 1330 1380 1364 κριτὴς
1396 1329 1518 1362 πάντων,
1532 1328 1684 1359 ἁποδιδοῑλς
1696 1327 1764 1355 ἑκά-

968 1385 1024 1412 στῳ
1036 1376 1108 1404 κατὰ
1117 1377 1151 1403 τὰ
1163 1377 1234 1411 ἔργα
1247 1376 1342 1403 αὑτοῦ.
1353 1375 1471 1407 Τούτους
1483 1375 1512 1402 δὲ
1524 1376 1588 1407 τοὺς
1604 1375 1763 1410 προφήτας,

967 1424 1016 1450 καὶ
1028 1424 1118 1459 ὑμεῖς,
1129 1423 1168 1456 ὡς
1181 1423 1290 1458 λέγετε,
1303 1422 1425 1458 δέχεσθε.
1438 1422 1507 1458 Περὶ
1521 1422 1549 1449 δὲ
1559 1421 1608 1449 τοῦ
1633 1421 1764 1456 Μωάμεθ

967 1470 1071 1497 τούτων
1079 1469 1168 1501 οὐδεὶς
1184 1469 1403 1505 προεφήτευσεν,
1420 1469 1461 1496 ὅτι
1478 1470 1601 1495 τοιοῦτον
1615 1469 1764 1503 προφήτην

967 1515 1117 1549 ἀναστήσει
1135 1515 1191 1546 τοῖς
1206 1515 1380 1549 Σαρακηνοῖς
1402 1515 1415 1540 ὁ
1431 1514 1507 1545 Θεός.
1531 1514 1588 1541 Καὶ
1602 1514 1616 1539 ὁ
1628 1513 1679 1548 μὲν
1694 1513 1765 1539 Μω-

969 1563 1031 1598 σῆς,
1041 1561 1088 1588 τοῦ
1102 1561 1183 1596 ὄρους
1192 1561 1239 1588 τοῦ
1247 1561 1313 1588 Σινᾶ
1326 1560 1444 1595 φοϐεροῦ
1456 1560 1600 1595 γεγονότος
1609 1560 1637 1585 έν
1650 1559 1763 1595 νεφέλῃ,

968 1608 1016 1636 καὶ
1031 1607 1112 1642 πυρὶ,
1130 1607 1177 1634 καὶ
1199 1608 1304 1642 γνόφῳ,
1330 1607 1378 1633 καὶ
1408 1605 1518 1642 θυέλλῃ,
1545 1606 1592 1632 καὶ
1618 1606 1766 1636 τοιαύταις

967 1655 1062 1687 ἄλλαις
1078 1655 1206 1689 φρικταῖς
1232 1653 1448 1690 καταπλήξεσιν.
1479 1653 1599 1688 ὁρῶντος
1622 1652 1671 1679 τοῦ
1693 1651 1763 1678 λαοῦ

968 1701 1081 1734 παντὸς,
1104 1701 1230 1735 εἰσῆλθεν
1260 1700 1300 1731 εις
1321 1700 1368 1726 τὸν
1391 1700 1503 1734 γνόφον,
1529 1699 1577 1726 καὶ
1601 1699 1649 1726 τὸν
1676 1698 1764 1732 νόμον

942 1778 945 1786 Α
967 1747 1131 1783 ἐκομίσατο·
1147 1747 1161 1773 ὁ
1178 1746 1205 1773 δὲ
1221 1745 1357 1781 Μωάμεθ,
1374 1746 1460 1773 ποίων
1479 1745 1654 1781 θεοσημείων
1671 1753 1764 1780 προη-

967 1794 1146 1830 γησαμένων,
1162 1794 1178 1830 ἢ
1195 1794 1277 1821 τίνων
1294 1793 1431 1828 ὁρώντων,
1450 1793 1562 1826 ἐδέξατο
1573 1793 1623 1828 τὴν
1639 1793 1764 1828 θεόπεμ-

968 1848 1036 1868 πτον
1049 1839 1165 1875 ταύτην,
1181 1840 1218 1872 ὡς
1231 1839 1320 1873 ἔλεγε,
1337 1839 1467 1874 γραφήν;
1487 1838 1544 1865 Καὶ
1559 1834 1633 1865 οὗτοι
1657 1838 1764 1870 ἐξαποι

969 1886 1096 1923 ρούμενοι
1114 1885 1324 1921 ἀποκρίνονται,
1337 1886 1378 1913 ὅτι
1392 1886 1407 1913 ὁ
1422 1885 1500 1918 Θεδς.
1526 1886 1577 1912 ὅσα
1607 1884 1693 1915 θέλει,
1713 1885 1764 1911 καὶ

966 1933 1004 1964 ὼς
1019 1932 1103 1965 θέλει,
1121 1933 1204 1959 ποιεῖ.
1221 1929 1289 1959 Εἶτα
1302 1931 1385 1958 πάλιν
1396 1932 1477 1967 ἡμεῖς
1491 1939 1498 1946 ·
1519 1931 1600 1958 ’Δλλὰ
1615 1930 1675 1963 πῶς
1692 1939 1764 1957 κατ-

966 1977 1050 2013 ῆλθεν
1069 1978 1116 2005 ἐπὶ
1141 1977 1186 2004 τὸν
1203 1977 1348 2012 προφήτην
1369 1977 1445 2012 ὑμῶν
1465 1977 1481 2012 ἡ
1499 1977 1614 2012 γραφή;
1641 1977 1699 2003 Καὶ
1714 1977 1764 2003 λέ-

968 2031 1076 2057 γουσιν,
1104 2022 1146 2049 ὅτι
1166 2022 1341 2057 κοιμωμένου
1370 2022 1506 2049 ἐπέπεσεν
1523 2023 1567 2049 ἐπ’
1587 2022 1683 2050 αὐτόν.
1703 2022 1764 2048 Καὶ

967 2066 1045 2100 αὖθις
1063 2068 1154 2104 ἡμεῖς,
1175 2068 1232 2094 Καὶ
1249 2067 1334 2095 πόθεν
1355 2068 1447 2103 δῆλον,
1463 2069 1505 2095 ὅτι
1536 2067 1629 2094 θεόθεν
1658 2067 1764 2096 ἔπεσεν

966 2115 1010 2142 ἐπ’
1028 2114 1130 2148 αὐτόν;
1148 2114 1230 2146 Εἰκὸς
1246 2114 1301 2150 γὰρ
1325 2114 1471 2150 ἄνθρωπον
1504 2115 1590 2150 αὐτὴν
1612 2114 1764 2150 γράψαντα

968 2161 1045 2196 ῥίψαι
1059 2160 1103 2187 ἐπ’
1124 2160 1225 2187 αὐτόν·
1241 2161 1257 2196 ἦ
1277 2160 1325 2188 καὶ
1338 2160 1421 2188 αὑτὸν
1451 2160 1555 2196 ταύτην
1582 2160 1764 2195 πλασάμενον

967 2206 1115 2243 κηρύττειν
1130 2206 1173 2233 ὅτι
1191 2206 1284 2233 θεόθεν
1315 2206 1414 2234 ἔπεσεν
1434 2207 1479 2233 ἐπ’
1505 2206 1599 2235 αὐτόν.
1615 2207 1710 2242 Μηδὲν
1731 2208 1763 2234 δὲ

966 2254 1074 2290 καίριον
1087 2253 1356 2289 προσαπολογεῖσθαι
1382 2252 1553 2287 δυναμένων,
1583 2252 1703 2288 λέγομεν
1716 2254 1764 2280 ὅτι

967 2299 1076 2335 Ὠσπερ
1096 2300 1110 2325 ὁ
1134 2297 1309 2335 κοιμώμενος
1328 2298 1569 2334 παραφθέγγεται,
1585 2299 1632 2325 καὶ
1643 2299 1763 2326 ἀλλοκό-

965 2355 1029 2378 τους
1053 2346 1177 2382 ὀνείρους
1193 2346 1288 2381 βλέπει
1317 2345 1460 2378 πολλάκις,
1487 2345 1559 2372 οὓτω
1575 2347 1623 2372 καὶ
1653 2347 1689 2374 τὰ
1708 2348 1762 2381 τῆς

966 2394 1087 2429 γραφῆς,
1103 2394 1166 2428 ἥτις
1179 2392 1224 2419 ἐπ’
1239 2392 1323 2420 αὐτὸν
1342 2392 1447 2428 ἐρρίφη
1462 2393 1646 2428 κοιμώμενον,
1666 2401 1761 2427 παρα-

966 2440 1049 2476 φορὰ,
1071 2440 1120 2467 καὶ
1136 2438 1389 2476 ὀνειρωδικώτατον
1404 2439 1435 2465 τὸ
1444 2438 1553 2473 ψεῦδος.
1573 2438 1761 2473 Ἐρωτώντων

965 2487 994 2513 δὲ
1009 2487 1092 2514 πάλιν
1107 2486 1198 2521 ἡμῶν,
1218 2485 1291 2518 Πῶς,
1315 2485 1362 2512 τοῦ
1377 2485 1502 2520 Μωάμεθ
1518 2484 1582 2519 ὑμῖν
1598 2483 1762 2519 ἐντειλαμέ-

965 2542 1012 2560 νου
1027 2533 1111 2569 μηδὲν
1126 2533 1190 2559 ἄνευ
1208 2532 1364 2568 μαρτυρίας
1375 2532 1392 2567 ἢ
1408 2532 1523 2567 ποιετνῆ
1537 2532 1760 2567 παραδέχεσθαι,

966 2580 1016 2607 οὐκ
1034 2580 1197 2615 ἀπῃτήσατε
1223 2578 1307 2606 αὐτὸν
1335 2579 1500 2615 μαρτυρίαν,
1528 2579 1570 2605 ὅτι
1600 2587 1631 2605 τε
1653 2579 1668 2604 ὁ
1687 2578 1759 2611 Θεὸς

965 2627 1047 2654 αὐτὸν
1059 2626 1204 2662 προφήτην
1218 2626 1417 2662 ἐχειροτόνησε,
1431 2625 1479 2652 καὶ
1487 2626 1528 2652 ὅτι
1541 2625 1635 2652 θεόθεν
1644 2624 1759 2657 ἐδέξατο

966 2673 1016 2708 τὴν
1046 2673 1199 2708 εἰρημένην
1222 2671 1384 2713 θεολογίαη
1415 2671 1560 2698 Σιωπῶσιν
1583 2671 1758 2707 αἰδούμενοι.

966 2720 1023 2746 Καὶ
1036 2718 1115 2750 αὖθις
1140 2720 1236 2754 ἡμεῖς·
1254 2719 1286 2744 Ὢ
1306 2718 1356 2753 τῆς
1383 2718 1518 2750 ἀτοπίαςί
1546 2719 1684 2751 γυναῖκας
1707 2718 1762 2753 μὲν

965 2767 1012 2793 καὶ
1019 2766 1141 2800 δούλους,
1151 2766 1198 2793 καὶ
1210 2765 1339 2801 χρήματα
1350 2766 1397 2792 καὶ
1406 2765 1544 2799 κτήματα,
1555 2764 1602 2792 καὶ
1616 2765 1696 2796 ὅνους
1709 2767 1758 2793 καὶ

965 2813 1060 2846 κύνας,
1070 2812 1100 2838 τὺ
1111 2812 1318 2842 εὐτελέστατον,
1332 2812 1417 2846 χωρὶς
1429 2810 1586 2846 μαρτυρίας
1598 2811 1649 2837 οὐκ
1658 2811 1738 2845 ἔχετε
1748 2819 1756 2826 ·

968 2859 1051 2892 μόνην
1063 2858 1090 2887 δὲ
1098 2857 1191 2886 πίστιν
1201 2858 1248 2886 καὶ
1263 2857 1373 2890 γραφὴν
1386 2856 1472 2890 οὕτως
1482 2857 1642 2887 ἁμάοτυοον
1651 2857 1731 2889 ἔχετε
1746 2866 1757 2891 ;
