1873 3075
34 156 100 188 I337

476 157 664 188 PANOPLIA
686 158 917 190 DOGMA'I'ICA.
933 171 969 178 -
988 160 1062 191 TIT.
1080 161 1220 192 XXVIII.

1591 162 1661 196 I338

31 214 183 241 doctrinam
198 214 362 249 acceperit?
379 214 481 249 pudore
506 215 600 243 suffusi
620 215 817 244 conticescunt.
836 216 869 243 Et
897 224 946 244 nos
964 218 1061 245 iterum
1090 222 1182 245 contra
1201 228 1208 247 :
1228 218 1250 246 0
1278 219 1488 247 absurdissimos
1504 221 1572 247 vos!
1599 229 1662 248 mu-

30 259 109 287 lieres
127 265 153 287 et
167 268 272 294 servos,
287 260 416 295 pecunias
431 265 457 288 et
478 261 675 295 possessiones,
695 263 788 289 asinos
810 265 890 297 atque
923 271 1017 297 canes,
1034 264 1196 291 vilissimum
1233 265 1344 298 animal,
1378 266 1436 294 sine
1464 267 1578 294 testibus
1605 275 1658 294 non

30 305 174 340 possidetis
186 306 285 334 :solatn
299 314 364 335 vero
376 308 487 335 tidemet
500 312 661 343 scripturam
673 309 741 337 adeo
757 310 816 338 sine
843 310 956 338 testibus
972 311 1069 338 tenetis
1081 309 1092 336 ?

66 375 99 401 δ’.
118 374 188 401 Ἀλλ’
202 375 265 401 ἐπεὶ
293 375 398 409 Ἰησοῦν
409 376 529 411 Χριστὸν
546 376 642 410 λέγετε
662 377 749 412 Λόγον
769 377 818 404 τοῦ

30 420 108 452 Θεοῦ,
126 421 172 448 καὶ
185 421 298 456 Πνεῦμα
308 421 402 454 αὑτοῦ,
418 423 628 459 συνομολογείτε
643 425 690 451 καὶ
702 425 814 458 ἄκοντες

31 468 70 494 ὅτι
86 469 99 494 ὁ
113 468 201 501 Λόγος
214 467 263 495 τοῦ
287 467 356 495 Θεοῦ
383 469 432 496 καὶ
446 469 477 496 τὸ
506 470 618 505 Πνεῦμα
637 471 719 497 αὑτοῦ
735 472 764 498 ὲν
779 471 818 506 τῷ

31 514 86 549 Θεῷ
104 515 185 542 είσιν.
204 514 233 541 '0
248 515 303 550 γὰρ
318 515 405 550 Λόγος
431 516 478 542 τοῦ
496 516 563 542 Θεοῦ
582 518 630 544 καὶ
651 517 681 544 τὸ
704 518 818 552 Πνεῦμα

30 560 111 586 αὐτοῦ
127 560 270 596 ἀχώριστά
287 562 339 588 εἰσι
353 561 401 588 τοῦ
430 558 460 587 οὗ
480 562 559 594 εἰσιν,
589 563 633 589 ἴνα
657 563 695 598 μὴ
717 564 816 598 ἄλογος

29 606 75 633 καὶ
88 607 192 637 ἄπνους
207 606 370 643 ὑπολειφθῇ.
388 608 419 634 Et
433 608 462 634 δὲ
478 609 507 635 ὲν
522 608 561 643 τῷ
572 609 631 644 Θεῷ
647 609 720 636 ἐστιν
732 610 746 636 ὁ
764 611 817 637 Λό-

29 660 74 684 γος
100 652 196 683 αὑτοῦ,
223 653 344 688 δηλονότι
360 653 407 679 καὶ
435 654 502 685 Θεός
524 655 594 681 ἐστι.
609 655 664 682 Καὶ
685 655 779 682 λοιπὸν
803 656 817 681 ό

29 696 157 730 Χριστὸς,
175 697 212 728 ὡς
228 697 279 732 μὲν
295 699 381 732 Λόγος
393 698 441 724 τοῦ
456 688 535 730 Θεοῦ,
554 700 620 732 Θεός
635 701 720 733 ἐστιν,
737 701 774 732 ὡς
788 701 816 728 δὲ

29 744 60 769 ὲκ
77 742 218 777 Παρθένου
241 744 394 778 γεννηθεὶς,
415 744 559 780 ἄνθρωπός
581 746 650 772 ἐστι.
678 747 731 773 Καὶ
744 746 816 774 οὕτω

28 788 140 815 διπλοῦν
157 788 222 816 ὄντα
254 790 307 825 χρὴ
341 790 438 817 τοῦτον
463 792 616 826 ὁμολογεῖν,
634 793 700 820 Θεόν
714 802 743 819 τε
766 795 814 821 καὶ

904 377 1136 413 ι.νειύιη,ιιυὶ³
1154 387 1202 407 vos
1234 379 1328 408 Jesum
1367 380 1504 410 Christum
1540 382 1660 410 Verbum

867 423 915 451 Dei
941 428 968 451 et
995 424 1126 459 Spiritum
1151 425 1208 460 ejus
1229 426 1320 454 dicitis
1336 447 1344 458 ,
1374 427 1497 454 nolentes
1536 428 1657 456 volentes

868 469 1003 502 fatemini,
1034 470 1147 498 Verbum
1170 471 1218 498 Dei
1237 476 1265 499 et
1280 472 1410 506 Spirittun
1427 473 1511 507 ipsius
1538 474 1564 500 in
1595 475 1654 509 ipso

867 515 923 542 Deo
936 523 1004 542 esse.
1026 516 1141 543 Verbum
1172 517 1244 544 enim
1275 517 1333 550 Dei,
1355 523 1383 545 et
1414 518 1532 553 Spiritus
1559 520 1604 547 Dei
1625 521 1659 548 ab

867 568 900 588 eo
913 563 1032 595 separari
1044 568 1182 598 nequeunt
1205 564 1281 598 cujus
1296 570 1370 598 sunt,
1387 566 1451 599 quin
1469 573 1566 599 expers
1579 566 1659 593 Verbi

866 619 1019 647 expersque
1043 613 1159 647 Spiritus
1188 613 1367 648 relinquatur.
1386 614 1413 641 Si
1440 615 1560 649 igiturin
1594 615 1651 642 Deo

865 664 907 687 est
932 659 1059 687 Verbumi
1082 659 1291 694 eius,nimirum
1322 665 1348 687 et
1378 661 1466 695 ipsum
1503 661 1572 687 Deus
1604 666 1657 689 est.

865 704 958 739 Itaque
976 709 1003 732 et
1029 704 1152 733 Christus
1177 705 1295 733 Verbum
1331 706 1375 733 Dei
1414 707 1483 733 Dens
1511 711 1564 733 est.
1589 706 1657 739 Quia

867 757 932 777 vero
949 757 983 778 ex
1001 751 1110 786 Virgine
1130 756 1209 779 natus
1234 757 1288 784 est,
1316 753 1396 778 ctiattt
1422 752 1501 778 homo
1529 757 1582 779 est.
1611 752 1656 778 Sic

872 797 954 832 igitur
982 798 1085 825 duabus
1113 799 1216 826 naturis
1242 802 1410 826 constantem
1441 806 1513 831 eum,
1549 803 1656 832 oportet

29 834 182 869 ἄνθρωπον,
199 835 228 861 ὲν
242 836 290 862 δύο
302 835 400 870 φύσεσι
415 837 630 873 γνωριζόμενον,
643 839 771 875 Θεότητός
784 849 814 867 τε
831 847 854 876 Β
869 844 948 871 confit

904 844 993 871 ntiteri
1020 848 1047 871 et
1075 845 1158 871 Deum
1193 850 1220 871 et
1249 844 1396 876 hominem,
1425 848 1518 878 utpote
1550 845 1594 878 qui
1629 845 1656 871 in

29 883 74 908 καὶ
92 882 321 918 ἀνθρωπότητος.
343 885 426 911 Αὐτοὶ
440 885 470 912 δὲ.
495 886 578 913 πάλιν
599 887 753 921 ἀλογίστως
770 888 816 914 ἐπὶ

29 929 78 963 τὴν
114 929 289 964 θεόπεμπτον
314 931 425 966 γραφὴν
456 932 675 966 καταφεύγουσι.
706 933 767 968 Χρὴ
787 934 816 960 δὲ

29 976 74 1001 καὶ
89 975 308 1009 συλλογιστικῶς
320 976 418 1008 αὐτοὺς
433 978 585 1011 ἀναγαγεῖν
610 978 658 1004 ἐπὶ
670 978 720 1013 τὴν
743 979 816 1013 ἀλή-

28 1020 115 1048 θειαν.
135 1021 164 1048 '0
177 1021 254 1053 Θεὸς.
270 1023 372 1054 τέλειος
385 1023 434 1055 ὢν,
448 1024 498 1050 οὐκ
514 1024 611 1059 ἄλογός
627 1025 687 1052 ἐστι
702 1034 708 1040 ·
726 1026 816 1060 Λόγον

27 1066 53 1093 δὲ
65 1066 147 1102 ἔχων,
166 1067 216 1093 οὐκ
231 1068 420 1096 ἀνυπόστατον
436 1069 493 1105 ἔχει
513 1070 620 1103 τοῦτον,
648 1071 709 1098 οὐδὲ
726 1072 814 1107 ἀρξά-

29 1121 108 1147 μενον
123 1113 170 1140 τοῦ
183 1111 266 1146 εἶναι,
281 1114 343 1141 οὐδὲ
358 1116 531 1150 παυσόμενον
541 1124 549 1132 ·
559 1117 620 1143 οὐδὲ
636 1117 690 1152 γὰρ
704 1115 737 1153 ἦν
749 1127 814 1144 ποτε

27 1157 124 1193 ἄλογος
137 1167 145 1174 ο
164 1159 222 1186 ἀλλ’
237 1161 282 1186 ἀεὶ
295 1160 333 1187 ὢν
348 1160 395 1187 τὸν
410 1161 508 1188 ἑαυτοῦ
524 1161 612 1196 Λόγον
627 1162 698 1197 ἔχων
712 1163 742 1196 ἐξ
766 1164 816 1190 αὑ-

26 1206 71 1232 τοῦ
88 1205 272 1242 γεννώμενον,
287 1208 335 1234 καὶ
350 1208 379 1235 ὲν
395 1207 470 1243 αὐτῷ
488 1209 605 1244 μένοντα
615 1228 623 1241 ,
646 1211 695 1236 καὶ
710 1209 813 1244 ζῶντα,

27 1252 72 1279 καὶ
90 1252 206 1285 τέλειον,
225 1253 274 1280 καὶ
291 1254 321 1280 οὐ
341 1253 412 1281 κατὰ
429 1254 476 1281 τὸν
505 1254 641 1290 ἡμέτερον
656 1255 746 1290 λόγον.
763 1254 814 1282 Ὧν

27 1298 81 1334 γὰρ
95 1299 126 1325 τὸ
140 1296 210 1325 εἶναι
225 1299 365 1334 διάφορον.
378 1299 482 1326 τούτων
496 1301 544 1327 καὶ
558 1302 572 1327 ό
581 1300 661 1335 λόγος
674 1301 812 1336 διάφορος.

28 1344 136 1379 Ὥσπερ
164 1344 193 1371 δὲ
215 1345 380 1380 ὁὴμέτερος
406 1345 487 1379 λόγος
507 1346 539 1372 ὲκ
561 1347 607 1373 τοῦ
633 1347 680 1374 νοῦ
709 1348 814 1382 γίνεται

28 1391 186 1427 νοούμενος,
200 1391 249 1418 καὶ
263 1390 325 1418 οὔτε
342 1391 377 1418 δι’
391 1391 453 1418 ὅλου
478 1393 492 1418 ὁ
514 1392 597 1424 αὐτός
623 1394 681 1420 ἐστι
703 1394 743 1429 τῷ
765 1394 812 1429 νῷ,

25 1436 87 1464 οὔτε
114 1437 289 1465 παντάπασιν
310 1437 406 1474 ἕτερος
431 1438 475 1474 (ὲκ
491 1439 538 1465 τοῦ
555 1438 602 1466 νοῦ
621 1441 670 1475 μὲν
685 1441 740 1476 γὰρ
763 1440 812 1474 ὣν,

26 1484 104 1516 ἄλλος
118 1484 175 1511 ἐστὶ
190 1484 362 1519 παράὑτόνῖί
378 1485 462 1512 αὑτὸν
476 1485 505 1513 δὲ
520 1486 566 1512 τὸν
579 1487 643 1514 νοῦν
657 1488 811 1522 ἐμφαίνων,

25 1531 74 1557 οὐκ
87 1530 148 1557 ἐστι
163 1530 304 1562 παντελῶς
319 1531 413 1567 ἔτερος
426 1532 492 1568 παρ’
507 1533 601 1560 αὐτόν·
617 1533 675 1560 ἀλλ’
692 1534 723 1560 ἓν
739 1535 811 1563 κατὰ

25 1575 72 1610 τὴν
91 1575 186 1610 φύσιν,
200 1575 294 1611 ἕτερός
312 1577 371 1603 ἔστι
386 1577 426 1613 τῷ
450 1578 635 1615 ὑποκειμένῳ)
649 1587 658 1596 ο
673 1579 745 1608 οὕτω
762 1582 811 1608 καὶ

25 1623 38 1648 ό
51 1622 99 1649 τοῦ
116 1622 184 1649 Θεοῦ
200 1623 298 1657 Λόγος.
313 1623 342 1655 ὃς
358 1623 433 1650 ἐστιν
449 1624 462 1650 ό
483 1625 557 1658 Υίὸς,
573 1625 610 1660 τῷ
630 1626 678 1662 μὲν
693 1627 811 1661 ὑφεστά-

24 1678 67 1697 ναι
83 1669 146 1698 καθ’
160 1670 269 1704 ἑαυτὸν,
281 1670 410 1706 διῄρηται
428 1671 497 1707 πρὸς
508 1673 622 1706 ἐκεῖνον,
640 1674 705 1709 παρ’
717 1671 747 1701 οὗ
761 1675 811 1710 τὴν

26 1716 152 1751 γέννησιν
167 1717 268 1752 ἔσχηκε
280 1726 287 1734 ”
304 1717 343 1752 τῷ
352 1718 381 1745 δὲ
403 1717 492 1746 ταῦτα
503 1719 638 1746 δεικνύειν
655 1721 684 1746 ὲν
708 1720 809 1756 ἐαυτῷ,

25 1763 122 1799 inept
138 1765 185 1791 τον
200 1764 266 1791 Θεδν
280 1764 436 1800 θεωρεῖται,
452 1765 482 1792 ἓν
492 1765 551 1792 ἐστι
560 1766 629 1802 πρὸς
646 1766 727 1792 αὐτὸν
738 1766 812 1797 κατὰ

23 1809 71 1845 τὴν
85 1810 178 1846 φύσιν.
190 1811 237 1838 Δεῖ
246 1810 289 1838 τὸν
300 1811 386 1845 Λόγον
401 1810 475 1847 ἔχειν
487 1813 534 1839 καὶ
547 1812 670 1847 Πνεῦμα,
683 1821 811 1850 συμπαρ-

24 1856 161 1892 ομαρτοῦν
174 1865 204 1884 τε
219 1857 304 1893 αὐτῷ,
331 1857 379 1884 καὶ
401 1858 536 1894 φανεροῦν
558 1859 642 1886 αὐτοῦ
665 1859 715 1895 ¹εὴν
734 1861 810 1895 ἐνέρ-

23 1912 112 1938 γειαν.
128 1905 184 1932 Καὶ
203 1904 258 1941 γὰρ
280 1906 293 1932 ό
307 1905 441 1941 ῂμέτερος
456 1905 535 1940 λόγος
551 1907 602 1934 οὐκ
619 1907 736 1942 ἄμοιρός
750 1909 809 1935 ἐστι

24 1952 198 1988 πνεύματος·
225 1953 294 1989 ὅπερ
308 1953 338 1980 ἐν
367 1953 405 1989 τῷ
433 1953 522 1989 καιρῷ
546 1953 596 1988 τῆς
625 1953 809 1989 ἑκφωνήσεως

24 1998 102 2034 φωνὴ
116 1998 221 2032 γίνεται
235 1997 284 2025 τοῦ
299 1998 381 2033 λόγου
395 1997 488 2033 ἡμῶν,
508 1997 666 2033 φανεροῦσα
683 1997 733 2031 τὴν
746 1996 809 2023 τού-

22 2053 69 2071 του
92 2044 219 2080 δύναμιν.
249 2043 381 2079 Ἀλλέφ’
398 2044 478 2080 ἡμῶν
510 2045 560 2079 μὲν
588 2043 730 2079 ἀλλότριον
758 2043 810 2078 τῆς

24 2091 163 2127 ἡμετέρας
177 2090 272 2123 οὐσίας
287 2090 318 2117 τὸ
331 2090 442 2125 πνεῦμα
459 2090 549 2124 τοῦτο,
567 2091 647 2126 ἀέρος
664 2090 693 2117 ὃν
714 2091 809 2126 alapon

22 2137 69 2164 καὶ
84 2137 180 2173 ὲκροή·
196 2138 242 2164 ἐπὶ
254 2137 282 2164 δὲ
295 2136 343 2164 τοῦ
354 2137 435 2171 Θεοῦ,
462 2136 559 2172 ὥσπερ
570 2138 584 2164 ό
598 2137 684 2172 Λόγος
696 2137 726 2163 οὐ
739 2137 810 2164 κατὰ

24 2184 225 2219 τδνὴμέτερον,
241 2183 299 2212 ἀλλ’
319 2183 459 2214 οὺσιωδῶς
474 2183 609 2217 ὑφεστὼς,
632 2183 681 2210 καὶ
696 2183 747 2218 τῆς
760 2183 809 2210 αὺ-
821 2193 848 2224 D

22 2230 71 2265 τῆς
84 2229 179 2261 οὐσίας
189 2229 238 2256 καὶ
251 2228 361 2264 φύσεως
388 2229 428 2264 τῷ
438 2229 582 2263 γεννήτορι
594 2248 602 2261 ,
618 2229 691 2255 οὓτω
713 2230 760 2256 καὶ
775 2229 807 2256 τὸ

23 2276 134 2311 1]νεῦμ‹ι
152 2275 182 2302 τὸ
193 2275 284 2310 ἅγιον,
299 2275 437 2308 οὑσιωδῶς
453 2275 587 2310 ὑφεστὼς,
600 2275 648 2302 καὶ
660 2276 709 2311 τῆς
721 2276 807 2311 αὐτῆς

21 2322 58 2356 τῷ
75 2321 135 2357 Θεῷ
149 2322 243 2354 οὐσίας
261 2322 309 2349 καὶ
321 2322 430 2357 φύσεως
446 2322 495 2348 καὶ
517 2321 699 2357 τελειότητος,
714 2323 747 2349 ὲκ
758 2323 807 2348 τοῦ

21 2366 131 2401 [ἰατρὸς
147 2366 254 2402 προῖὸν,
268 2367 359 2402 καὶξέν
381 2366 458 2402 αὐτῷ
478 2366 518 2399 ὃν,
534 2367 580 2393 καὶ
600 2366 639 2401 τῷ
662 2367 742 2402 Λόγῳ
759 2367 807 2393 καὶ

20 2413 79 2449 Υιῷ
95 2414 360 2449 συημπαρομαρτοῦν,
378 2414 426 2441 καὶ
441 2414 607 2448 ἐκφαντικδν
619 2413 742 2449 ὑπάρχον
758 2414 808 2440 αὐ-

20 2460 79 2487 τοῦ.
97 2460 165 2495 Περὶ
176 2460 226 2495 μὲν
236 2458 284 2487 οὖν
296 2461 405 2496 Πατρὸς
419 2461 467 2488 καὶ
483 2459 549 2487 Υῑοῦ
562 2460 610 2488 καὶ
628 2459 706 2494 ἁγίου
723 2459 809 2487 Ilvati-

22 2517 120 2542 ματος,
143 2508 185 2534 ὅτι
212 2507 260 2534 καὶ
274 2508 341 2541 εἶσὶ,
370 2508 418 2535 καὶ
431 2508 480 2543 τῆς
501 2507 588 2543 αὐτῆς
608 2508 662 2534 εἰσι
687 2507 806 2542 φύσεως,

21 2554 124 2586 ἱκανῶς
138 2555 204 2590 ἡμῖν
221 2555 422 2582 ἀποδέδεικται.

867 889 973 916 duabus
989 890 1094 917 naturis
1108 895 1295 924 cognoscatur,
1313 890 1472 923 divinitatis,
1494 890 1613 924 inquam,
1631 896 1658 917 et

867 935 1055 962 humanitatis.
1077 935 1123 963 Isti
1140 943 1214 967 vero,
1232 940 1260 962 ut
1278 940 1367 966 antea,
1383 940 1482 962 temere
1509 941 1535 962 et
1565 936 1658 962 incon-

866 981 984 1008 siderate
997 981 1032 1008 ad
1052 982 1215 1015 scripturam
1231 981 1302 1008 illam
1315 981 1385 1009 falso
1396 981 1530 1008 divinitus
1542 983 1653 1008 missam

868 1027 1039 1063 confugiunt.
1063 1027 1157 1062 Itaque
1175 1028 1380 1055 ratiocinatione
1404 1028 1532 1063 quadam,
1549 1034 1578 1054 ut
1607 1036 1654 1054 vc-
1671 1039 1674 1040 ν

867 1082 926 1100 rum
942 1074 1120 1108 perspiciam,
1138 1074 1264 1109 adigendi
1281 1079 1354 1102 sunt.
1372 1075 1442 1102 Deus
1458 1083 1519 1101 cum
1536 1075 1571 1101 sit
1597 1083 1654 1107 per-

865 1118 963 1151 fectus,
973 1127 1071 1154 expers
1081 1121 1127 1147 τοῦ
1137 1121 1224 1154 Λόγου
1239 1121 1275 1156 (id
1289 1126 1340 1153 est,
1352 1121 1444 1155 Verbi)
1462 1129 1511 1148 non
1522 1127 1572 1148 εει.
1582 1121 1650 1148 Cum

866 1164 947 1199 igitur
961 1165 999 1199 τῷ
1013 1165 1092 1200 Λόγῳ
1102 1166 1199 1201 (idest,
1211 1165 1308 1200 Verbo)
1319 1166 1448 1200 praeditus
1466 1167 1511 1197 sit,
1529 1174 1580 1193 non
1594 1167 1654 1193 sine

866 1213 1001 1250 hypostasi
1015 1213 1086 1239 idem
1100 1212 1215 1244 obtinet,
1233 1219 1318 1246 neque
1334 1212 1406 1246 quod
1421 1213 1564 1247 aliquando
1588 1219 1650 1239 esse

865 1261 990 1295 coeperit,
1008 1265 1095 1295 neque
1119 1258 1190 1293 quod
1217 1258 1337 1286 desierit.
1364 1258 1457 1293 Neque
1488 1259 1560 1285 enim
1581 1258 1652 1286 Deus

865 1315 982 1343 unquam
992 1314 1089 1340 expers
1107 1305 1153 1332 τοῦ
1163 1306 1249 1339 Λόγου
1274 1306 1311 1340 (id
1327 1310 1369 1332 est
1391 1305 1483 1341 Verbi)
1502 1305 1570 1332 fuit:
1603 1306 1650 1332 sed

865 1361 926 1381 cum
939 1353 974 1380 sit
984 1359 1101 1386 semper,
1118 1359 1252 1386 suumque
1269 1351 1385 1378 Verbum
1410 1351 1519 1384 haheat,
1535 1351 1606 1386 quod
1620 1359 1653 1378 ex

865 1398 924 1433 ipso
935 1401 1090 1433 generatur,
1105 1401 1132 1424 et
1145 1396 1173 1424 in
1187 1397 1246 1434 ipso
1259 1401 1359 1428 manet.
1383 1401 1410 1424 et
1428 1397 1504 1430 vivit,
1536 1402 1563 1424 ct
1590 1404 1653 1431 per-

865 1445 963 1472 fectum
977 1447 1043 1471 est:
1065 1450 1119 1471 non
1150 1443 1296 1470 secundum
1326 1447 1449 1471 nostrum
1474 1441 1562 1475 λόγον,
1592 1443 1650 1469 sive

863 1491 994 1523 verbum;
1011 1497 1125 1525 quorum
1153 1489 1224 1523 enim
1250 1488 1369 1516 essentia
1389 1488 1492 1516 diversa
1525 1492 1576 1520 est,
1605 1496 1653 1516 eo-

865 1544 925 1564 rum
949 1537 1029 1563 etiatn
1045 1537 1060 1563 ὁ
1075 1535 1152 1571 λόγος
1176 1536 1234 1563 sive
1264 1536 1387 1562 verbum.
1415 1534 1648 1567 Quemadmodum

865 1584 954 1608 autem
970 1585 1091 1608 nostrum
1118 1580 1229 1608 verbum
1257 1580 1338 1614 (sive
1365 1579 1474 1614 oratio)
1499 1587 1531 1606 ex
1557 1585 1646 1608 mente

865 1626 986 1653 nascitur
1001 1634 1008 1653 :
1022 1633 1073 1653 non
1086 1631 1176 1653 autem
1191 1626 1301 1653 omnino
1315 1633 1375 1652 cum
1391 1630 1479 1652 mente
1487 1625 1580 1663 eadem
1594 1630 1648 1658 est,

864 1679 952 1707 neque
968 1671 1079 1706 penitus
1107 1671 1213 1698 diversa
1230 1679 1237 1698 :
1256 1678 1290 1698 ex
1311 1675 1400 1697 mente
1417 1671 1488 1697 enim
1517 1678 1577 1697 cuttt
1604 1671 1651 1703 sit,

864 1716 936 1744 aliud
977 1716 1105 1751 quiddam
1138 1721 1235 1750 praeter
1268 1711 1423 1750 ipsam"est
1453 1723 1461 1741 :
1494 1723 1555 1742 nam
1587 1715 1650 1748 quia

864 1768 981 1789 tuentem
1005 1762 1091 1796 ipsam
1122 1761 1252 1790 declarat.
1280 1767 1332 1787 non
1367 1764 1406 1787 est
1436 1767 1548 1787 ommno
1577 1761 1650 1788 aliud

863 1811 960 1840 przeter
977 1806 1062 1840 ipsam
1082 1813 1088 1831 :
1104 1805 1150 1832 sed
1168 1812 1250 1832 unum
1265 1804 1391 1838 quiddam
1408 1811 1469 1831 cttm
1485 1804 1540 1831 sint
1566 1810 1651 1831 natu-

863 1861 905 1885 ra,
920 1852 1040 1888 subjecte
1054 1851 1164 1879 interse
1176 1849 1322 1878 dill'erunt:
1343 1850 1382 1878 sic
1398 1850 1481 1878 etiam
1502 1849 1549 1877 Dei
1578 1849 1649 1878 Ver-

863 1899 926 1927 bum
944 1899 1031 1934 (quod
1046 1902 1073 1925 et
1095 1897 1180 1924 Filius
1207 1899 1259 1932 est)
1295 1898 1402 1932 propria
1428 1897 1536 1932 quidem
1561 1896 1649 1931 hypo-

863 1945 929 1973 stasi
948 1945 981 1972 ab
993 1952 1025 1973 eo
1040 1943 1195 1972 distinctum
1212 1949 1265 1977 est,
1284 1951 1299 1971 a
1314 1952 1368 1979 quo
1378 1948 1467 1972 ortum
1483 1943 1541 1970 sive
1566 1950 1649 1977 gene-

863 1992 996 2020 rationem
1012 1991 1092 2019 habet
1106 1999 1113 2018 :
1130 1991 1192 2024 quia
1206 1998 1272 2018 vero
1288 1984 1315 2017 in
1331 1997 1361 2018 se
1377 1990 1435 2024 ipso
1450 1988 1567 2016 ostendit
1588 1995 1648 2022 qua).

862 2038 945 2066 etiam
972 2037 1001 2065 in
1013 2037 1068 2065 Deo
1083 2041 1255 2070 cernuntur,
1279 2043 1362 2063 unum
1377 2042 1441 2063 cum
1466 2037 1526 2070 ipso
1549 2039 1591 2062 est
1617 2037 1646 2061 et

863 2075 972 2120 quidem
987 2088 1094 2112 natura.
1107 2082 1167 2111 Jam
1185 2090 1250 2111 vero
1262 2082 1379 2110 Verbum
1412 2087 1443 2109 ut
1464 2085 1492 2109 et
1516 2080 1648 2115 Spiritum

863 2129 1036 2165 conjunctum
1054 2130 1153 2157 habeat
1163 2133 1282 2164 oportet,
1299 2128 1344 2163 qui
1360 2128 1443 2163 ipsius
1468 2128 1520 2154 vim
1543 2131 1568 2153 et
1585 2125 1645 2153 eiii-

862 2177 965 2204 caciam
981 2176 1110 2204 declaret.
1120 2175 1243 2210 Namque
1271 2182 1304 2202 ne
1326 2178 1418 2201 nOstra
1449 2172 1559 2208 quidem
1584 2179 1647 2199 ora-

861 2223 898 2250 tio
912 2223 1023 2258 spiritus
1037 2230 1133 2254 expers
1144 2227 1197 2254 est,
1227 2222 1273 2256 qui
1303 2226 1422 2254 tempore
1441 2219 1646 2254 pronuntiatio-

859 2271 902 2297 nis
915 2276 967 2296 vox
985 2268 1015 2296 fit
1028 2273 1129 2296 nostra
1148 2267 1280 2300 rationis,
1300 2273 1360 2301 quae
1377 2272 1484 2293 omnem
1504 2265 1575 2291 illius
1592 2263 1650 2290 vim

859 2315 987 2348 ostendit,
1000 2320 1028 2343 et
1045 2315 1071 2342 in
1082 2318 1207 2349 apertum
1228 2313 1340 2349 profert.
1358 2312 1411 2339 Sed
1435 2312 1461 2338 in
1478 2310 1556 2338 nobis
1585 2310 1645 2344 spi-

860 2360 982 2389 ritusille
995 2360 1098 2388 alienus
1109 2365 1150 2387 est
1166 2368 1180 2387 a
1196 2364 1290 2387 nostra
1303 2359 1432 2390 essentia;
1458 2357 1556 2391 quippe
1584 2362 1651 2382 cum

861 2405 897 2433 sit
912 2404 1029 2433 influxus
1042 2409 1073 2432 et
1093 2404 1212 2432 reﬂuxus
1227 2412 1299 2431 aerts
1316 2412 1324 2431 :
1342 2403 1369 2430 in
1385 2403 1440 2430 Deo
1465 2409 1529 2429 vero
1554 2407 1652 2435 quem-

863 2451 1008 2479 admodum
1036 2452 1050 2478 ό
1075 2451 1162 2485 Λόγος
1180 2449 1334 2486 (Verbum).
1360 2456 1414 2476 non
1446 2448 1485 2476 uti
1525 2451 1651 2474 nostrum

861 2497 990 2531 verbum;
1008 2497 1054 2524 sed
1067 2497 1245 2525 essentialiter
1254 2497 1414 2527 subsistens,
1423 2495 1542 2530 ejusdem
1555 2500 1652 2520 essen-

866 2543 920 2576 tite,
936 2543 1057 2578 ejusdem
1086 2549 1187 2570 natura:
1217 2543 1270 2578 (est
1292 2550 1354 2570 cum
1382 2543 1525 2577 genitore:
1562 2540 1602 2567 sic
1623 2543 1652 2567 et

20 2601 141 2632 Spiritus
158 2607 278 2632 sanctus,
308 2601 488 2628 essentialiter
514 2600 676 2633 subsistens.
710 2601 829 2635 ejusdem
853 2608 913 2627 cum
932 2601 987 2628 Deo
998 2605 1040 2628 est
1067 2600 1191 2628 essentiae
1217 2604 1244 2627 et
1268 2600 1380 2636 naturae)
1405 2604 1432 2627 et
1458 2597 1650 2634 perfectionis:

20 2655 53 2675 ex
65 2647 123 2675 Deo
138 2646 299 2682 procedens,
314 2646 341 2673 in
361 2654 392 2673 eo
406 2647 561 2680 cxsistit,et
574 2646 612 2681 τῷ
645 2646 725 2681 Λόγῳ
742 2647 868 2681 (Verbo),
890 2647 959 2674 Filio
984 2654 1090 2681 nempe,
1106 2646 1278 2680 conjunctus,
1308 2646 1396 2681 ipsum
1414 2647 1543 2673 declarat.
1567 2645 1604 2672 Ae
1619 2645 1652 2672 de

21 2694 103 2722 Patre
113 2694 235 2729 quidem,
252 2697 280 2721 et
295 2693 373 2726 Filio,
390 2697 416 2720 et
429 2693 531 2728 Spiritu
551 2698 657 2725 sancto,
679 2693 749 2727 quod
777 2698 804 2720 et
823 2693 889 2725 sint,
914 2699 941 2720 et
965 2693 1084 2728 ejusdem
1105 2697 1207 2720 natura
1228 2693 1296 2726 sint,
1306 2693 1372 2719 satis
1402 2700 1416 2719 a
1444 2693 1520 2720 nobis
1538 2691 1651 2719 demon-

21 2747 78 2768 stra
84 2746 139 2767 ttttn
151 2745 203 2767 est.

60 2810 92 2838 ε’.
106 2811 174 2846 Περὶ
183 2810 212 2837 δὲ
227 2811 276 2845 τῆς
291 2810 393 2846 μητρὸς
402 2810 448 2837 τοῦ
459 2810 618 2845 ὲνανθρωπή
624 2817 718 2839 σαντος
729 2808 808 2840 Θεοῦ,

22 2856 72 2883 τοῦ
86 2856 150 2883 Υἱοῦ
169 2857 211 2884 τοῦ
231 2857 310 2889 Θεοῦ,
333 2857 437 2892 βραχέα
449 2857 509 2883 τινὰ
521 2856 687 2887 διαλεκτέον,
701 2855 748 2882 καὶ
759 2855 809 2881 ὅσα

22 2903 125 2929 δύναιτ’
142 2903 173 2930 ἂν
187 2903 297 2936 ἐλέγξαι
311 2903 546 2938 τὴνὺοεᾶπεμπτον
560 2903 667 2937 ἐκείνην
683 2902 806 2936 γραφήν,

900 2809 927 2835 ες.
939 2808 976 2837 De
992 2813 1079 2836 matre
1092 2816 1155 2836 vero
1165 2808 1226 2836 Filii
1239 2809 1297 2841 Dei,
1310 2809 1354 2844 qui
1372 2813 1496 2836 naturam
1505 2808 1652 2843 assumpsit

865 2855 1022 2888 humanam,
1038 2854 1131 2889 paucis
1161 2854 1361 2888 disserendum;
1377 2860 1404 2882 et
1424 2859 1556 2889 quantum
1584 2854 1651 2880 satis

863 2900 897 2928 sit
930 2901 963 2928 ad
992 2901 1187 2936 coarguendam
1221 2901 1382 2935 scripturam
1413 2899 1484 2927 illam
1516 2899 1648 2926 divinitus
