1873 3075
175 140 247 173 1339

783 138 974 169 EUTllYMIl
1006 139 1188 170 ZlGABENI

1748 141 1820 172 1350

174 201 282 229 scilicet
293 199 420 228 missam.
434 199 476 228 Ab
488 207 521 228 eo
544 199 635 234 itaque
661 204 782 235 tempore
805 207 859 235 quo
886 199 968 227 Mosis

1065 201 1087 236 ρ’
1103 199 1134 230 οὗ
1161 202 1216 238 γὰρ
1231 203 1248 236 ή
1269 201 1316 229 τοῦ
1340 202 1461 234 Μωσέως
1486 202 1535 230 καὶ
1567 201 1675 238 ’Δαρὼν
1710 203 1822 238 ἀδελφὴ

175 250 203 274 et
217 245 333 273 Aaronis
348 252 428 274 soror
449 245 532 273 Maria
559 245 773 279 cumjl'ratribus
796 252 827 272 ex
851 244 966 280 (Egypto

175 300 285 328 egressa
298 297 349 325 est,
368 292 496 328 periodus
512 292 553 319 bis
570 292 643 320 mille
657 299 788 319 annorum
818 298 906 325 usque
933 292 966 319 ad

175 340 278 367 Cltristi
294 341 321 367 in
333 347 416 367 carne
432 339 603 366 nativitatem
619 339 694 374 lapsa
724 344 776 367 est.
811 338 872 366 llaec
902 346 966 365 vero

177 387 261 413 Maria
290 394 343 413 non
361 385 480 413 excessit
497 392 652 412 mensuram
670 385 732 412 vita
753 385 895 412 mulierum
911 384 969 411 illa-

178 440 237 459 :um
265 439 325 466 qua
355 438 447 459 secum
470 437 502 458 ea
521 435 681 465 tempestate
712 430 847 458 vivebam.
881 429 968 457 Mani-

177 478 276 505 festum
314 485 380 512 ergo
409 477 581 504 mendacium
612 476 724 511 proprio
755 481 910 504 commento
942 481 971 504 et

178 523 309 550 historica
328 523 379 550 ﬁde
409 530 545 550 eversum.
566 521 600 549 Et
631 522 768 557 quomodo
792 521 876 548 David
897 521 970 549 iutcr

177 567 280 595 Christi
310 568 437 603 majores,
456 568 607 596 secundum
628 568 775 594 humanam
803 567 862 602 ejus
890 570 970 593 natu-

178 619 238 640 rain
258 613 409 646 computari
422 618 515 646 queat,
533 613 578 648 qui
607 618 668 647 post
693 612 794 639 obitum
809 611 911 644 Maria,
927 619 972 639 so-

179 658 250 685 roris
275 657 355 685 Mosis
381 663 409 685 et
424 658 552 689 Aaronis,
571 657 663 685 multis
680 657 759 684 annis
774 661 866 691 postea
881 661 909 684 et
922 663 972 683 na-

181 709 223 731 tus
235 705 397 732 eteducatus
405 709 456 737 est,
474 704 626 739 liberosque
637 703 811 739 procreavit?

219 751 247 778 6.
267 751 345 778 Nullo
373 755 453 785 pacto
466 751 548 786 igitur
564 751 694 778 divinitus
718 751 802 778 missa
831 751 973 778 est‘scri-

180 800 272 832 ptura,
289 804 349 831 quae
382 797 444 824 talia
459 802 586 832 nugatur,
607 802 633 824 et
659 801 734 825 tanta
768 797 972 824 mendaciorum

182 848 316 878 portenta.
331 843 359 870 Si
374 844 446 870 enim
475 843 565 870 Mariae
590 843 692 871 sororis
723 843 808 871 Hosis
834 848 862 870 et
887 843 974 871 Aaro-

183 890 225 916 nis
248 889 317 916 lilius
333 895 405 917 esset
419 889 558 921 Christus,
586 890 772 922 conveniebat,
801 889 889 924 ipsum
910 896 971 916 eum
987 884 1010 912 Β

182 937 278 964 Pontio
305 937 390 963 Pilato
406 936 568 971 judicandus
587 940 700 968 astaret,
727 941 854 963 extreme
883 935 972 963 aetatis

183 990 251 1012 esse,
267 986 293 1009 et
309 982 390 1009 veluti
411 982 527 1010 hominis
539 982 666 1016 reliquias
685 991 692 1009 :
722 985 815 1016 utpote
845 983 889 1016 qui
918 985 973 1008 tam

184 1028 275 1054 multis
292 1027 382 1060 anuis,
403 1028 448 1062 qui
464 1027 566 1055 interea
600 1027 667 1061 lapsi
682 1032 756 1060 sunt,
789 1026 918 1061 paulatim
945 1031 974 1054 et

184 1075 286 1101 sensitn
313 1080 490 1108 eottsumptus
509 1078 593 1101 esset.
616 1074 750 1101 Pmterea
772 1080 825 1101 non
848 1074 973 1100 umbram

183 1121 297 1153 Christi,
312 1121 357 1148 sed
366 1122 452 1155 ipsum
461 1121 600 1149 Christum
609 1121 769 1148 cruciﬁxum
784 1127 846 1149 esse
872 1127 975 1148 secun-

186 1168 249 1194 dum
263 1175 384 1200 carnem,
399 1166 520 1195 declarat
545 1167 665 1202 sanguis,
683 1167 730 1202 qui
747 1169 781 1196 de
803 1166 976 1194 sanctissimo

153 1205 155 1210 ’
187 1215 273 1248 ipsius
290 1222 402 1249 corpore
417 1214 539 1247 defluxit,
554 1215 601 1250 qui
617 1215 705 1242 adhuc
717 1215 788 1250 apud
800 1214 975 1243 Christianos

191 1266 368 1288 conservatur
386 1265 413 1288 ct
429 1261 588 1288 sanationes
604 1260 777 1296 scaturiginis
798 1261 884 1289 instar
899 1260 975 1294 edit,

189 1307 390 1341 tuultorumque
405 1307 599 1334 miraculorum
623 1306 778 1334 testimonio
800 1306 902 1334 Christi
917 1314 977 1334 esse

188 1352 393 1386 comprobatur.
407 1352 478 1385 Quin
495 1357 521 1380 et
537 1352 674 1388 propheta
698 1353 732 1380 de
749 1352 833 1387 ipsius
844 1352 977 1388 supplicio

188 1401 289 1431 crucis,
302 1401 388 1436 deque
402 1400 436 1428 iis
450 1408 510 1436 qua:
521 1401 585 1428 illud
600 1404 813 1434 antecesserunt,
836 1407 978 1436 perspicue

189 1447 328 1473 v:tticittati
353 1450 417 1475 sunt
433 1455 442 1474 :
465 1452 493 1474 ut
506 1447 562 1482 jam
577 1454 610 1474 ex
625 1447 736 1482 reliquis
750 1447 900 1478 Scriptum
915 1454 979 1481 par-

189 1493 261 1520 tibus
290 1493 464 1528 probationes
479 1494 648 1527 omittamus,
674 1501 743 1529 quas
757 1493 873 1528 Agareni
889 1500 979 1528 neque

189 1539 290 1571 sciunt,
303 1548 390 1575 neque
409 1547 474 1568 sane
485 1540 640 1567 admittunt.

225 1587 252 1612 7.
270 1585 329 1613 Jatn
347 1595 422 1618 vero,
440 1587 510 1621 quod
527 1586 594 1613 dicit
610 1576 654 1614 ille
671 1585 754 1614 Deum
770 1586 896 1621 ignorare
915 1593 978 1612 num

189 1633 316 1660 Christus
329 1633 450 1660 homines
463 1633 586 1659 docuerit
597 1633 668 1666 quod
680 1634 716 1659 sit
733 1632 803 1659 Deus
817 1633 900 1660 etiatn
911 1633 979 1666 ipse,

190 1685 216 1705 ct
228 1682 370 1712 propterea
391 1679 477 1711 ipsum
493 1678 662 1713 interrogare
677 1682 723 1705 :et
740 1678 798 1712 ipso
810 1679 861 1705 hoc
874 1686 978 1712 negan-

191 1729 229 1755 te,
242 1723 324 1750 Deum
342 1723 424 1750 veluti
455 1723 604 1759 apologiam
634 1723 718 1758 ipsius
745 1727 770 1751 et
796 1723 980 1751 defensionem

193 1769 320 1804 probasse
341 1777 349 1796 :
366 1768 417 1796 hoc
431 1776 496 1797 vero
516 1776 606 1796 annon
622 1769 718 1803 quavis
742 1768 917 1797 damnatione
941 1769 981 1797 di-

192 1824 273 1850 guttttt
285 1815 496 1849 estiQttontodo
511 1815 584 1842 enim
600 1814 672 1843 Deus
684 1819 736 1848 est,
766 1815 788 1842 si
818 1823 878 1850 quae
902 1816 980 1848 fiunt,

194 1863 320 1898 ignorat?
333 1863 474 1896 Quomodo
488 1862 623 1896 Christus,
639 1863 686 1898 qui
702 1864 841 1891 veritatem
861 1862 981 1896 seipsum

194 1910 220 1936 iu
237 1909 382 1944 Evangelio
393 1908 553 1941 nominavit,
568 1908 622 1936 Deo
642 1908 739 1936 falsum
751 1908 829 1940 dixit,
844 1914 906 1934 cum
933 1914 982 1934 ve-

195 1956 304 1982 ritatem
325 1954 452 1989 negavit“!
467 1955 566 1989 quippe
576 1955 622 1989 qui
642 1954 775 1987 Deusest,
804 1954 984 1990 quemadmo-

194 2001 256 2028 dum
273 2001 348 2035 prius
366 2002 580 2028 demonstratum
594 2005 645 2028 est.

230 2047 258 2072 8.
283 2046 438 2073 Tratlucuttt
454 2051 533 2081 atque
549 2047 679 2074 infamant
704 2055 754 2074 nos
771 2047 852 2075 veluti
874 2048 984 2076 simula-

195 2099 306 2120 crorum
324 2091 452 2124 cultores,
468 2099 500 2119 eo
515 2092 588 2127 quod
612 2100 720 2120 crucem
733 2093 890 2126 adoremus,
903 2100 983 2128 quam

197 2139 234 2166 illi
244 2140 325 2165 etiam
342 2143 530 2166 exsecrantur.
549 2139 581 2166 Et
601 2140 818 2172 respondemus:
843 2140 985 2174 Quomodo

195 2192 261 2219 ergo
278 2193 323 2211 vos
335 2184 416 2220 lapidi
429 2184 571 2212 adltzeretis
586 2184 750 2219 Bracltthan,
765 2190 792 2212 et
808 2186 894 2220 ipsum
905 2193 986 2213 oscu-

992 1554 1015 1585 C

1019 247 1112 283 Μαρία
1135 248 1204 283 μετὰ
1217 248 1272 275 τῶν
1293 248 1419 284 ἀδελφῶν
1430 248 1529 281 ,αὐτῆς
1550 249 1666 283 ἐξῆλθεν
1684 249 1743 276 ἀπὸ
1767 252 1821 284 τῆς

1019 294 1171 328 Αἰγύπτου,
1195 294 1336 330 δισχιλίων
1362 295 1432 322 ἐτῶν
1463 296 1589 331 περίοδος
1609 297 1677 331 ἄχρι
1697 296 1750 330 τῆς
1771 297 1822 322 τοῦ

1019 343 1125 378 Κυρίου
1152 342 1224 369 κατὰ
1242 342 1333 378 σάρκα
1360 342 1515 378 γεννήσεως
1534 343 1728 378 παρέδραμεν.
1744 343 1822 378 Αὕτη

1019 387 1047 414 δὲ
1064 387 1189 422 ήΜαρία
1203 387 1253 422 οὐχ
1270 387 1394 423 ὑπερέϐη
1420 389 1450 414 τὸ
1474 387 1576 424 μέτρον
1589 388 1642 422 τῆς
1658 388 1735 422 ζωῆς
1765 388 1823 414 τῶν

1020 434 1109 461 οὐσῶν
1125 434 1186 460 τότε
1197 433 1258 471 κατ’
1275 434 1361 469 αὐτὴν
1382 434 1533 468 γυναικῶν.
1559 434 1703 469 Πρόδηλον
1727 431 1777 460 οὖν
1792 434 1824 460 τὸ

1020 481 1131 515 ψεῦδος,
1149 481 1196 508 καὶ
1220 480 1425 512 κακόπλαστον,
1441 481 1489 508 καὶ
1509 481 1576 516 παρ’
1593 481 1732 515 ίστορίαν.
1759 480 1826 510 Πῶς

1021 527 1045 554 δ’
1059 527 1092 554 ἂν
1110 527 1158 554 καὶ
1174 527 1188 553 ό
1206 527 1301 559 Δαεὶδ,
1319 527 1454 562 πρόγονος
1475 526 1523 553 τοῦ
1538 526 1674 561 Χριστοῦ,
1699 526 1775 552 κειτᾶ
1791 525 1825 551 τὸ

1021 573 1195 609 ἀνθρώπινον
1220 573 1304 600 αὑτοῦ
1330 573 1482 608 λογισθείη,
1498 573 1567 608 μετά
1582 572 1628 599 τὸν
1642 572 1693 606 τῆς
1707 571 1826 605 Magia;

1023 621 1150 654 θάνατον,
1163 620 1214 655 τῆς
1227 621 1346 655 ἀδελφῆς
1363 620 1485 651 Μωσέως
1497 620 1546 647 καὶ
1572 619 1691 654 Ἀαρὼν,
1708 618 1825 647 nollet;

1024 669 1138 705 ὕστερον
1155 669 1228 696 ἔτεσι
1240 669 1384 704 γεννηθεὶς
1397 668 1446 696 καὶ
1458 667 1630 703 ἀνατραφεὶς
1647 667 1697 694 καὶ
1726 666 1825 692 παιδο-

1024 717 1142 752 ποιήσας
1155 724 1164 749 ;

1061 762 1099 796 ς’,
1112 763 1175 794 Πῶς
1182 761 1229 790 οὖν
1241 762 1440 797 θεόπεμπτοςὴ
1451 760 1565 788 τοιαῦτα
1578 759 1743 795 φλυαροῦσα
1754 767 1828 793 γρι-

1026 811 1074 846 φὴ,
1098 810 1145 836 καὶ
1171 807 1324 844 τηλικαῦτα
1340 808 1494 843 ψευδομένη
1509 815 1516 840 ;
1541 807 1572 834 Et
1585 808 1640 842 γὰρ
1650 807 1764 840 Μαρίας
1773 805 1827 839 τῆς

1024 857 1146 892 ἀδελφῆς
1161 856 1283 889 Μωσέως
1298 858 1347 882 καὶ
1365 856 1470 890 ’Δαρὼν
1482 854 1538 885 υἱὸς
1550 852 1584 889 ἦν
1595 854 1609 880 6
1619 853 1752 888 Χριστὸς,
1769 852 1826 878 iis:

1023 904 1130 936 τοῦτον,
1141 904 1186 930 ὅτε
1202 904 1358 938 παρίστατο
1379 901 1485 936 Ποντίῳ
1504 901 1618 935 Πιλάτῳ
1643 901 1824 934 κρινόμενος,

1024 951 1220 986 ἑσχατόγηρων
1231 947 1312 979 εἶναι,
1329 949 1378 975 καὶ
1391 945 1449 975 οἷον
1464 947 1613 982 ἀνθρώπου
1627 945 1769 980 λείψανον,
1784 945 1825 979 τῷ

1024 997 1116 1032 πολλῷ
1131 997 1214 1032 μήκει
1231 995 1286 1022 τῶν
1303 995 1331 1021 ἐν
1348 996 1422 1030 μέσῳ
1438 994 1545 1029 χρόνων
1558 993 1633 1019 κατὰ
1655 992 1758 1031 μικρὸν
1772 992 1826 1018 διο

1026 1043 1199 1080 πανὼμενον.
1218 1043 1280 1069 Ὀτι
1292 1042 1321 1069 δὲ
1335 1042 1385 1077 οὐχ
1400 1043 1416 1077 ἠ
1431 1041 1496 1068 σκιά
1512 1039 1562 1067 τοῦ
1581 1038 1721 1075 Χριστοῦ,
1739 1037 1798 1064 ἀλλ’
1812 1039 1828 1064 δ

1025 1091 1144 1127 Χριστδς
1173 1090 1254 1122 αὐτὸς
1276 1089 1440 1124 ἐσταυρώθη
1463 1087 1538 1115 κατά
1570 1087 1676 1122 σάρκα,
1693 1086 1773 1121 δηλοῖ
1796 1085 1828 1111 τὺ

1026 1137 1220 1174 καταρῤεὖσαν
1243 1136 1314 1171 αἷμα
1338 1136 1384 1163 τοῦ
1405 1136 1543 1170 παναγίου
1572 1134 1707 1168 σώματος
1726 1131 1827 1163 αὐτοῦ,

1026 1183 1104 1219 παρὰ
1118 1184 1294 1218 Χριστιανοῖς
1308 1181 1526 1217 φυλαττόμενον,
1538 1179 1588 1207 καὶ
1604 1178 1692 1215 βρύον
1721 1179 1826 1208 ἰάσεσι,

1027 1231 1076 1258 καὶ
1089 1230 1198 1262 πολλοῖς
1214 1229 1340 1264 θαύμασι
1367 1226 1609 1264 μαρτυρούμενον,
1626 1225 1670 1252 ὅτι
1688 1223 1740 1251 τοῦ
1754 1225 1825 1259 Χρι-

1028 1276 1094 1304 στοῦ
1104 1277 1175 1303 ἐστι.
1188 1275 1245 1302 Καὶ
1258 1275 1284 1302 oi
1298 1275 1436 1311 προφῆται
1450 1274 1479 1300 δὲ
1490 1272 1555 1307 περὶ
1569 1271 1621 1306 τῆς
1635 1279 1707 1297 παυ
1714 1271 1824 1305 ρώπως

1027 1324 1110 1352 αὑτοῦ
1128 1323 1175 1351 καὶ
1190 1323 1244 1350 τῶν
1258 1323 1313 1358 πρὸ
1327 1321 1430 1356 ταύτης
1450 1320 1627 1356 παθημάτων
1644 1318 1744 1352 σαφῶς
1758 1325 1828 1352 προ-

1027 1370 1214 1406 κατήγγειλαν
1226 1378 1238 1388 ἰ
1251 1369 1294 1396 ἵνα
1307 1369 1356 1400 τὰς
1371 1369 1403 1395 ἐκ
1415 1368 1469 1395 τῶν
1485 1367 1574 1395 ἄλλων
1590 1367 1714 1403 Γραφῶν
1736 1365 1830 1391 ἰάσω-

1030 1426 1080 1454 μεν
1100 1416 1266 1449 ἀποδείξεις,
1287 1415 1321 1447 ἃς
1335 1415 1396 1442 οὐδὲ
1409 1415 1571 1442 ἐπίστανται
1595 1415 1621 1441 ot
1647 1412 1827 1449 Σαρακηνοὶ,

1029 1462 1074 1489 ναὶ
1091 1461 1146 1497 μὴν
1162 1461 1224 1487 οὐδὲ
1242 1460 1455 1496 παραδέχονται.

1066 1596 1099 1630 ζ’.
1112 1596 1185 1624 τδδι
1195 1596 1241 1623 καὶ
1254 1595 1300 1622 τδν
1313 1595 1381 1621 Θεὸν
1392 1593 1512 1628 ἀγνοεῖν,
1524 1593 1548 1620 ει
1559 1594 1573 1620 ὁ
1586 1592 1708 1628 Χριστὸς
1719 1594 1831 1625 ἐδίδαξε

1031 1644 1095 1675 τοὺς
1114 1643 1276 1679 ἀνθρώπους
1297 1642 1338 1668 ὃτι
1354 1640 1421 1672 Θεὸς
1447 1641 1507 1667 ἐστι
1523 1640 1572 1667 καὶ
1599 1639 1693 1672 αὐτὸς,
1716 1641 1766 1666 καὶ
1784 1640 1832 1666 διὰ

1031 1690 1110 1717 τοῦτο
1127 1689 1270 1724 ἐπερωτᾷν
1286 1688 1377 1719 αὑτὸν,
1405 1687 1453 1713 καὶ
1471 1685 1673 1722 ἀρνησαμένου
1695 1685 1832 1718 δέξασθαι

1032 1736 1100 1768 τέως
1128 1735 1177 1771 τὴν
1194 1735 1345 1768 ἀπολογίαν
1360 1733 1459 1766 αὑτοῦ,
1477 1733 1559 1765 ποίας
1578 1733 1629 1759 οὐκ
1645 1732 1680 1759 ἂν
1698 1733 1745 1767 εἴη
1776 1742 1833 1759 κα-

1031 1783 1195 1816 ταγνώσεως
1213 1780 1307 1814 ἀξιον;
1325 1780 1387 1812 Πῶς
1407 1780 1462 1815 γὰρ
1479 1779 1557 1811 Θεὸς,
1577 1779 1602 1805 εί
1618 1780 1715 1813 ἀγνοεῖ
1734 1778 1767 1805 τὸ
1781 1787 1832 1812 γε·

1033 1829 1147 1864 νόμενον
1162 1837 1170 1861 ;
1187 1827 1248 1859 Πῶς
1263 1828 1292 1854 δὲ
1309 1827 1356 1854 καὶ
1369 1827 1383 1852 ὁ
1408 1826 1541 1861 Χριστὸς,
1561 1825 1696 1857 ἀλήθειαν
1727 1825 1832 1852 ἑαυτὸν

1033 1875 1105 1903 κατά
1117 1875 1147 1902 τὸ
1161 1873 1330 1909 Εὑαγγέλιον
1353 1873 1504 1908 ὀνομάσας,
1521 1872 1656 1907 ἐψεύσατο
1689 1871 1772 1907 παρά
1792 1871 1833 1906 τῷ

1032 1922 1093 1958 Θεῷ
1104 1921 1153 1958 τὴν
1174 1921 1305 1957 ἀλήθειαν
1320 1921 1523 1958 ἀρνησάμενος,
1541 1921 1632 1948 καίτοι
1646 1920 1715 1952 Θεὸς
1729 1919 1779 1953 ῶν,
1793 1920 1834 1951 ὡς

1033 1968 1283 2005 προαποδέδεικται
1296 1976 1306 2002 ;

1069 2048 1105 2085 η’.
1123 2047 1322 2076 Διαὸάλλουσιν
1356 2048 1432 2084 ἡμᾶς
1452 2047 1491 2079 ὡς
1511 2046 1787 2081 είδωλολάτρας,διά
1800 2046 1832 2072 τὸ

1035 2095 1201 2131 προσκυνεῖν
1223 2095 1272 2121 τὸν
1299 2095 1428 2129 σταυρὸν,
1443 2094 1473 2121 ὃν
1488 2094 1537 2120 καὶ
1553 2092 1759 2128 βδελύττονται.
1775 2093 1832 2119 Καὶ

1034 2140 1152 2176 λέγομεν
1165 2139 1232 2175 πρὸς
1251 2139 1366 2171 αὐτούς’
1386 2139 1448 2170 Πῶς
1461 2138 1508 2165 οὖν
1529 2139 1577 2165 καὶ
1597 2138 1679 2172 ὑμεῖς
1693 2138 1831 2173 προστρε-

1039 2186 1121 2213 6εσθε
1141 2185 1181 2221 τῷ
1195 2186 1263 2221 λίθῳ
1275 2185 1323 2212 τοῦ
1343 2184 1497 2219 Βραχθὰν,
1520 2185 1566 2210 καὶ
1588 2183 1695 2218 φιλεῖτε
1711 2182 1832 2214 τοῦτον;

197 2231 309 2258 lumini?
323 2230 356 2258 Et
368 2231 668 2265 respondentmounulli
680 2239 712 2259 ex
730 2231 813 2266 ipsis:
827 2231 900 2266 Ideo,
920 2233 978 2267 quia

1065 2232 1093 2259 αί
1107 2240 1182 2264 τινες
1199 2232 1249 2266 μὲν
1262 2231 1351 2258 αὐτῶν
1367 2239 1434 2266 φασι
1447 2239 1455 2247 '
1467 2229 1541 2256 Διότι
1554 2230 1650 2256 ἐπάνω
1666 2229 1754 2255 αὑτοῦ
1767 2237 1831 2255 συν-

197 2285 279 2312 super
291 2277 380 2311 ipsum
402 2278 537 2304 Abraham
549 2285 611 2304 cum
635 2278 707 2312 Agar
733 2285 894 2314 congressus
919 2282 984 2307 est:

197 2325 241 2351 alii
257 2332 330 2357 vero,
346 2324 407 2358 quia
422 2325 455 2351 ad
484 2324 573 2359 ipsum
597 2324 719 2359 alligavit
746 2325 894 2357 catur-lum,
923 2332 985 2352 cum

198 2369 516 2398 Laacumimmolaturus
530 2374 613 2399 esset.
630 2371 670 2398 Ad
682 2378 750 2406 quos
778 2379 827 2400 nos
863 2372 959 2399 iterum
976 2379 984 2399 :

197 2415 273 2442 Ilulle
286 2423 334 2442 vos
349 2422 401 2442 non
416 2415 497 2449 pudet
511 2417 626 2444 adorare
644 2420 670 2444 et
682 2417 816 2444 honorare
831 2417 946 2452 lapidem
960 2418 987 2445 in

197 2469 250 2496 quo
259 2469 320 2488 cum
334 2461 446 2489 muliere
456 2461 592 2490 Abraham
601 2463 694 2496 coivit,
709 2468 754 2491 aut
766 2465 799 2491 ad
809 2472 888 2499 quem
898 2472 988 2492 came-

198 2508 254 2535 lum
269 2508 388 2543 alligavit
405 2517 412 2534 :
436 2509 515 2537 nobis
531 2517 595 2537 vero
606 2510 776 2545 esprobratis
789 2511 860 2546 quod
881 2519 988 2538 crucem

198 2556 352 2586 adoremus.
364 2563 502 2591 perquam
538 2557 611 2584 vires
643 2557 808 2588 daemonum.
832 2561 861 2585 et
887 2556 989 2585 diaboli

198 2601 287 2629 omnis
298 2603 423 2637 deceptio
439 2607 606 2630 enervantur
623 2608 651 2630 et
676 2602 882 2637 infringuntur?
907 2603 990 2638 Atqui

200 2648 343 2682 praedictus
358 2648 423 2682 lapis
438 2648 490 2675 iste
506 2654 586 2683 caput
605 2653 648 2676 est
659 2647 782 2681 Veneris,
796 2657 876 2683 quam
889 2648 991 2676 lsmae-

201 2692 255 2720 lita:
267 2693 321 2726 jam
342 2693 405 2721 olim
414 2694 572 2721 adorabant.
589 2693 670 2729 Lapis
685 2694 730 2722 ille
754 2694 902 2721 etiamnum
920 2702 991 2730 pra:-

202 2738 264 2770 l'crt,
277 2739 299 2766 si
321 2740 381 2774 quis
397 2744 525 2766 accurate
549 2745 661 2774 spectet,
673 2740 769 2775 capitis
786 2740 916 2774 sculpello
936 2740 992 2767 for-

205 2785 270 2811 mati
286 2784 411 2820 elligicm.
425 2785 470 2812 Est
481 2784 655 2812 simulacrum
670 2784 774 2813 Baccha
791 2784 926 2812 Ismakeclt
939 2785 991 2811 illis

207 2829 318 2862 dictum,
336 2832 406 2863 quod
423 2831 479 2865 ipse
502 2830 650 2858 Aderamen
670 2832 854 2860 observationis
864 2831 990 2866 appellat,

208 2879 273 2902 etut
291 2876 380 2903 miseri
396 2875 502 2904 barbari
520 2877 666 2906 adorarent
677 2877 815 2914 praecepit.
833 2877 885 2905 Sed
896 2882 921 2905 et
938 2877 992 2905 duo

1038 2279 1151 2307 ουσίασε
1168 2280 1202 2315 τῇ
1229 2278 1316 2314 Ἀγὰρ
1342 2279 1358 2304 ὁ
1380 2276 1526 2312 Ἀϐραάμ·
1538 2276 1613 2303 ἄλλοι
1623 2276 1664 2308 δὲ,
1684 2276 1731 2302 ὅτι
1747 2283 1831 2310 προσ-

1037 2326 1133 2360 έδησεν
1142 2325 1218 2361 αὑτῷ
1232 2325 1283 2360 τὴν
1294 2324 1429 2360 κάμηλον,
1446 2323 1552 2359 μέλλων
1560 2322 1643 2349 θῦσαι
1659 2322 1707 2348 τὸν
1726 2323 1831 2349 Ἷσαάι.

1038 2372 1111 2407 Πρὸς
1124 2371 1171 2404 οὓς
1187 2371 1270 2398 πάλιν
1283 2367 1379 2406 ἡμεῖς·
1398 2368 1466 2397 Εἶτα
1483 2370 1563 2405 ὑμεῖς
1576 2368 1628 2403 μὲν
1646 2368 1698 2394 οὐκ
1709 2367 1832 2394 αἰδεῖσθε

1039 2417 1259 2454 προσκυνοῦντες
1275 2417 1323 2444 καὶ
1342 2416 1479 2451 τιμῶντες
1493 2415 1580 2447 λίθον,
1595 2413 1638 2448 tq'
1663 2410 1695 2440 οὗ
1717 2414 1831 2447 γυναικὶ

1041 2464 1219 2492 συνουσίασεν
1235 2464 1249 2489 ὁ
1271 2463 1410 2498 Ἀϐραὰμ..
1427 2461 1445 2497 ἢ
1459 2461 1611 2496 προσέδησε
1624 2459 1676 2495 τὴν
1691 2459 1831 2494 κάμηλον·

1040 2512 1108 2547 ἡμῖν
1126 2510 1156 2537 δὲ
1170 2509 1338 2542 ὀνειδίζεσθε
1355 2507 1539 2544 προσκυνοῦσι
1557 2506 1605 2533 τὸν
1619 2506 1742 2539 σταυρὸν
1755 2505 1790 2531 δι’
1802 2502 1831 2531 οὗ

1040 2558 1176 2592 δαιμόνων
1195 2556 1285 2591 ἰσχὺς,
1309 2555 1357 2582 καὶ
1375 2554 1503 2582 διαὸόλου
1533 2552 1702 2580 καταλύεται
1720 2552 1829 2586 πλᾶνη;

1046 2604 1076 2630 '0
1087 2603 1116 2630 δὲ
1133 2602 1229 2638 ῥηθεὶς
1258 2602 1334 2634 λίθος
1355 2600 1463 2636 κεφαλὴ
1481 2600 1532 2635 τῆς
1557 2599 1725 2634 Ἀφροδίτης
1746 2600 1828 2629 ἐστὶν,

1040 2650 1075 2685 ἢν
1093 2649 1179 2676 πάλαι
1192 2648 1381 2684 προσεκύνουν
1392 2648 1417 2674 οι
1436 2646 1628 2682 Ἰσμσηλίται·
1650 2645 1734 2680 φέρει
1754 2646 1829 2681 τὰρὸ

1041 2696 1116 2727 λίθος
1131 2696 1214 2730 μέχρι
1230 2695 1278 2721 καὶ
1291 2693 1339 2721 νῦν
1347 2695 1405 2725 τοῖς
1421 2692 1545 2728 ἀκριϐῶς
1559 2692 1787 2719 κατασκοποῖκην
1800 2693 1830 2718 ix

1042 2743 1170 2777 γλυφίδος
1185 2741 1364 2770 ἀποτύπωσιν
1375 2740 1508 2775 κεφαλῆς·
1521 2739 1551 2766 τὸ
1563 2739 1670 2773 Βακχὰ
1686 2738 1829 2773 Ἰσμακὲχ

1043 2789 1211 2824 καλούμενον
1226 2787 1346 2819 εἴδωλον,
1358 2787 1428 2822 ὅπερ
1441 2786 1524 2816 αὐτὸς
1548 2786 1758 2820 προσκύνημιι
1776 2794 1829 2812 και

1039 2837 1252 2871 ρατηρήματος
1267 2833 1408 2869 ὀνομάζει,
1439 2832 1504 2864 τοὺς
1530 2832 1645 2865 ἀθλίους
1677 2833 1829 2868 βαρϐάροκ

1043 2883 1209 2914 προσκυνεῖν
1227 2881 1366 2909 ἐκέλευσε.
1383 2880 1438 2908 Καὶ
1453 2878 1501 2907 δύο
1513 2879 1543 2908 δὲ
1558 2881 1685 2917 ὀνόματα
1696 2882 1827 2918 βάρϐαρα,
