1873 3075
42 162 110 196 ῙΊΗ

500 169 692 202 PANOPLIA
720 172 952 207 DOGMATICA.
969 188 1003 195 —
1019 177 1096 210 ΤΙΤ.
1105 178 1242 210 XXVIII.

1615 183 1682 216 132

38 221 72 274 τὲ
104 221 244 257 Τζὶτζαφὰ
264 222 312 250 καὶ
343 225 478 259 Μαρουὰ,
512 227 545 253 ἐκ
576 227 631 254 ¹τῶν
655 228 836 265 σεδασμάτων
852 234 906 262 Av

911 233 1022 261 acabula
1041 235 1170 269 barbara,
1185 244 1281 272 nempe
1297 236 1440 274 Tzilzapha
1452 242 1478 267 et
1506 239 1618 274 Manta,
1646 251 1680 270 ex

39 264 113 295 εἶναι
126 267 202 302 λέγει
216 269 264 296 τοῦ
279 269 348 297 Θεοῦ
362 278 369 286 ο
386 270 455 298 Θεοῦ
471 271 501 298 δὲ
521 273 631 305 πάντως
644 274 692 301 τοῦ
717 264 832 304 οίκείου.

39 314 97 341 Καὶ
111 316 170 346 τοῖς
182 316 373 351 ὴπατημένοις
386 317 414 344 δὲ
432 317 479 344 ὑπ’
489 319 583 352 αὑτοῦ,
602 324 834 358 παραγινομένοις

39 360 114 388 κατὰ
131 361 161 388 τὺ
177 362 267 388 ὲκετσε
289 363 389 398 μιαρὸν
403 363 507 399 οἴκημα
525 365 573 391 τοῦ
599 368 832 404 προσευκτηρίου,

38 408 198 442 περιελθεῖν
211 408 278 435 αὐτὸ
298 409 438 441 κυκλικῶς
455 411 633 445 προστάσσει.
653 412 697 445 Ὠς
709 414 738 440 δὲ
756 415 831 450 παρά

36 461 112 483 τινο;
138 454 167 487 ἐξ
186 454 278 481 αὐτῶν
298 455 366 489 πρὸς
387 456 569 491 Χριστιανοὺς
592 458 831 495 αὐτομολήσαντο;

36 499 155 535 ἔμαθον,
172 500 283 527 εῐδωλόν
298 509 324 528 τι
337 501 438 529 λίθινον
454 502 571 539 κάθηται
584 505 668 539 μέσον
684 505 732 532 τοῦ
742 507 829 533 οἴκου·

34 548 85 572 καὶ
101 547 126 572 οῑ
143 547 193 581 τὴν
212 547 313 582 πρᾶξιν
338 547 386 574 τοῦ
415 548 610 583 δαιμονιώδους
639 552 830 589 ἐπιτάγματος

32 593 136 620 τούτου
159 594 338 629 πληροῦντες,
360 595 521 629 κεκλικότες
534 598 596 629 τοὺς
611 599 722 631 ἀθλίους
737 600 829 627 αὐτῶν

31 640 166 674 αὐχένας,
180 641 228 668 καὶ
243 642 292 676 τὴν
308 643 386 677 χεῖρα
401 642 494 676 ὄρθιον
513 645 581 675 ποὺς
598 646 665 672 αὐτὸ
680 646 828 674 ἐκτετακό-

31 695 94 719 τες,
115 690 148 723 τῇ
167 697 197 714 τε
213 689 295 724 ἑτέρᾳ
308 689 337 715 τὸ
351 689 397 720 οῦς
417 690 521 716 ἑαυτῶν
538 692 711 727 κατέχοντες,
730 693 828 720 κυκλο-

31 734 128 769 τερῶς
146 736 353 771 περιέρχονται,
377 736 477 773 μᾶχρις
490 737 522 764 ἂν
537 739 689 775 σκοτοδινίᾳ
709 738 827 775 ληφθέν-

29 789 81 812 τες
107 782 314 810 καταπὲσωσιν.
351 782 419 810 Ἰδοὺ
449 785 591 820 προδήλως
619 786 826 822 εἰδωλολατρεϊν

29 826 245 862 ἐνομοθέτησεν.

69 872 104 900 θ’.
131 873 171 907 (l)
205 870 290 905 Οὗτος
315 875 329 900 ὁ
356 875 502 910 Μωάμεθ,
532 876 623 903 καετοι
657 878 765 914 ἀμαθὴς
787 880 826 906 ὢν

29 919 82 943 καὶ
103 918 245 953 ἄγροικος,
255 921 320 955 τρία
341 921 387 947 καὶ
396 921 463 948 δέκα
473 921 519 948 καὶ
528 922 626 949 ἑκατὸν
636 924 827 960 συνεγράψαντο

30 964 176 999 μυθάρια,
197 966 304 1001 ἑκάστῳ
323 966 426 993 τούτων
451 968 538 1002 ὄνομα
554 969 659 1001 ἐπιθεὶς
679 969 754 1002 ἄξιον
777 971 827 1005 τῆς

28 1011 215 1043 ἀπαιδευσίας
232 1011 279 1038 καὶ
289 1013 462 1048 μωρολογίας
475 1011 624 1042 αὖτοῦ.Ὦν
638 1015 766 1043 ἁπάντων
777 1016 827 1053 τὴν

28 1058 208 1093 ἀκαθαρσίαν
234 1061 281 1086 καὶ
306 1061 355 1095 τὴν
383 1061 518 1096 πρόδηλον
546 1063 684 1098 φλυαρίαν
716 1063 747 1089 τὸ
777 1063 826 1090 καὶ

27 1104 216 1139 διηγήσασθαι
225 1107 272 1132 καὶ
285 1107 437 1142 ἀνατρέψαι
450 1108 507 1135 ἴσον
523 1108 583 1135 ἐστὶ
596 1109 635 1144 τῷ
644 1109 694 1145 τὴν
707 1110 825 1144 Αὐγείου

28 1151 138 1186 κόπρον
155 1152 315 1187 ἐκκομίσαι,
331 1153 402 1180 κατὰ
420 1154 466 1180 τὸν
487 1155 638 1190 Ἡρακλέα.
651 1156 753 1183 Λοιπὸν
763 1154 823 1191 οῦν,

27 1197 119 1223 τᾶλλα
139 1198 380 1233 παραδραμόντες,
395 1199 494 1234 ὀλίγων
511 1200 684 1236 ποιησόμεθα
699 1202 822 1238 μνήμην,

26 1244 81 1270 καὶ
105 1244 155 1270 ὅσα
170 1244 280 1276 πάντως
295 1245 510 1280 ἀναγκαιότερα,
525 1246 594 1282 πρὸς
612 1246 642 1273 τὸ
655 1246 825 1283 διαγνωσθῆ-

26 1291 77 1318 ναί
89 1299 118 1318 τε
133 1292 178 1317 καὶ
194 1292 435 1327 καταγνωσθῆναι.

73 1337 240 1373 Ὀλόσφυρον
251 1339 327 1373 λέγει
342 1340 388 1366 τὸν
399 1340 477 1373 Θεὸν,
492 1341 550 1375 ἦτοι
566 1340 724 1377 σφαιρικὸν.
736 1340 824 1368 Τοῦτο

25 1385 57 1411 δὲ
73 1385 105 1411 τὸ
123 1385 216 1420 σχῆμα
230 1385 358 1420 σώματός
377 1387 447 1419 ἐστι,
459 1387 507 1414 καὶ
520 1387 601 1422 σῶμα
613 1387 755 1423 ἐμφαίνει·
772 1387 820 1414 ὦσι

25 1442 86 1469 περ
97 1433 130 1468 δὴ
147 1433 195 1460 καὶ
210 1434 256 1460 τδν
271 1434 374 1461 πυκνὸν
387 1435 435 1461 καὶ
449 1435 650 1469 πεπιλημένον.
673 1436 782 1471 Σφατρα
793 1435 823 1462 δὲ

25 1480 114 1515 ὑλικὴ
135 1479 197 1506 κατ’
213 1480 296 1507 αὐτὸν
314 1481 328 1508 ό
342 1481 410 1513 Θεὸς
429 1480 479 1514 ὢν,
494 1479 559 1508 οὔτε
579 1480 738 1514 ἀκούσεται,
757 1481 819 1508 οὔτε

26 1526 127 1561 ἥψεται
139 1533 147 1540 ⁸
164 1526 212 1553 καὶ
230 1527 426 1562 καταπρανῶς,
443 1527 480 1559 ὡς
503 1527 613 1564 ἔτυχεν,
628 1527 820 1564 ἐνεχοήσεται,

25 1572 79 1601 .zai.
98 1574 205 1600 άτακτα
224 1573 502 1610 κατακυλισοήσεται.

71 1663 256 1698 Δογματίζων
271 1663 357 1691 αἴτιον
376 1662 448 1691 εἶναι
463 1664 564 1697 παντὸς
580 1664 666 1692 κακοῦ
683 1665 729 1692 τὸν
742 1665 821 1695 Θιδν.

22 1709 125 1744 ὥσπερ
148 1709 180 1744 δὴ
195 1710 242 1738 καὶ
258 1710 360 1742 παντὸς
374 1711 488 1745 άγαοοῦ,
514 1711 597 1746 φησίν
609 1720 615 1726 ·
635 1720 645 1737 ί
665 1712 714 1738 ’ον
727 1712 823 1747 ὁδηγεῖ

23 1757 38 1783 ὀ
55 1754 134 1788 Θεὸς,
152 1755 254 1786 ἐκεῖνὰ
272 1757 346 1782 ἐστιν
366 1755 562 1792 ὡδηγημένος’
584 1757 633 1783 καὶ
649 1757 696 1789 οὓς
719 1757 822 1793 πλανᾷ,

26 1802 128 1830 ὶκεῖνοί
144 1802 212 1828 εἰσιν
224 1802 248 1828 οἱ
263 1801 433 1836 λειπόμενοι.
449 1811 459 1828 ›
474 1801 530 1829 Καὶ
548 1802 608 1837 μετ’
619 1802 699 1838 ὀλίγα
715 1803 745 1830 τὸ
757 1804 822 1831 αὐτὸ

27 1846 147 1874 Ξεὸαιῶν
161 1848 314 1883 ἐπήγαγεν,
327 1848 368 1874 ὅτι
388 1857 398 1873 ι
416 1848 452 1875 οὐ
464 1848 586 1884 κυριεύω
600 1849 651 1884 τῆς
664 1849 755 1884 ψυχῆς
768 1858 820 1884 μου

24 1894 69 1924 sl;
92 1892 239 1927 ὠφέλειαν,
268 1893 324 1921 εἴτε
343 1893 465 1929 βλάϐην,
491 1895 516 1921 si
548 1894 586 1930 μὴ
611 1894 680 1929 ὅπερ
704 1895 792 1922 ἐθέλει
807 1896 822 1922 ό

21 1938 106 1970 θεός.
123 1947 132 1964 ι
150 1939 206 1965 Καὶ
218 1938 417 1974 ἐπιλαθόμενος
429 1941 470 1967 ὅτι
483 1941 629 1976 προφήτην
644 1940 700 1977 πρὸ
720 1941 821 1977 μικροῦ

22 1986 184 2020 ἐκήρυσσεν
213 1985 320 2018 ἑαυτὸν,
339 1985 434 2020 λέγει·
462 1995 471 2012 I
487 1987 543 2014 Καὶ
561 1987 586 2013 ει
608 1987 761 2022 ἐγίνωσκον
786 1988 822 2015 τὰ

22 2033 145 2064 ἀπόντα,
158 2030 231 2067 εἶχον
253 2032 286 2059 ἂν
300 2032 448 2060 πλεονάσαι
463 2034 495 2060 ὲκ
508 2033 556 2060 τοῦ
575 2034 691 2068 ἀγαθοῦ,
707 2036 755 2061 καὶ
771 2035 821 2062 οὐκ

21 2080 59 2105 ἂν
79 2075 135 2112 εἶχέ
153 2086 205 2113 μου
220 2077 339 2113 ἅψασθαι
354 2079 455 2106 δεινόν.
472 2088 482 2105 ι
501 2079 557 2106 Καὶ
573 2079 631 2111 πῶς
645 2079 679 2107 ἄν
688 2079 822 2115 ἑξέφυγις

23 2125 61 2151 τὰ
74 2124 159 2157 δεινὰ,
180 2123 271 2159 φύσει,
303 2124 396 2156 καθὼς
422 2124 502 2156 αὐτὸς
525 2124 627 2160 λέγεις,
646 2126 730 2159 δντα;
748 2126 822 2154 Ειδδ

20 2170 147 2205 ἡδύνασο
173 2169 316 2205 διαφυγεῖν
337 2169 418 2204 αὐτὰ,
446 2170 476 2196 οὐ
501 2171 582 2204 φύσει
606 2172 714 2205 πάντως
733 2172 816 2201 εἰσιν.

21 2220 91 2245 "Ott
116 2217 144 2244 δὲ
161 2218 210 2244 οὐκ
224 2218 299 2244 ἔστιν
323 2218 409 2249 αἴτιος
425 2217 480 2244 τῶν
497 2219 590 2245 κακῶν
607 2220 621 2246 ὁ
634 2220 699 2252 Θεὸς
712 2221 822 2248 ἀπεδεί-

20 2265 116 2298 ξαμεν
129 2264 157 2291 ὲν
173 2262 212 2298 τῷ
223 2262 300 2290 κατὰ
332 2262 392 2290 τῶν
419 2263 649 2293 Μασσαλιανῶν
661 2266 755 2302 τίτλῳ,
774 2268 822 2294 καὶ

18 2311 147 2345 ζήτησον
160 2309 190 2335 τὸ
206 2308 239 2341 ιζ’
255 2309 418 2344 κεφάλαιον.

63 2355 149 2391 Φησὶν
164 2355 194 2382 ὲν
208 2355 248 2391 τῷ
261 2355 346 2390 ὀγδόῳ
358 2356 413 2383 τῶν
424 2355 565 2392 μυθαρίων
583 2357 666 2384 αὐτοῦ
677 2367 684 2374 ι
704 2359 822 2394 «Λέγου-

18 2412 70 2430 σιν
80 2402 106 2430 oi
123 2401 245 2429 Ἰουδαῖοι
261 2409 269 2418 '
293 2402 322 2429 Ὀ
338 2402 448 2438 Ἰσραήλ
472 2404 546 2430 ἐστιν
563 2404 578 2431 ὁ
591 2404 653 2436 ὐίὸς
668 2405 716 2432 τοῦ
736 2406 817 2433 Θεοῦ”

16 2449 75 2476 καὶ
95 2447 222 2482 λέγουσιν
236 2447 261 2474 οι
286 2447 459 2482 Χριστιανοὶ,
479 2449 520 2475 ὅτι
541 2449 555 2475 ὀ
569 2449 689 2484 Χριστός
716 2450 790 2477 ἐστιν
805 2450 818 2477 Δ

20 2495 91 2527 Υἱὸς
108 2494 154 2521 τοῦ
174 2493 243 2520 Θεοῦ
256 2501 264 2509 '
288 2493 360 2520 τοῦτ’
375 2493 450 2520 ἐστιν
463 2495 477 2521 ὁ
494 2494 574 2529 λόγος
599 2495 691 2523 αὐτῶν
709 2496 753 2523 διὰ
764 2496 818 2523 τῶν

20 2540 175 2575 στομάτων
188 2539 278 2566 αὐτῶν
291 2547 298 2554 ·
311 2549 321 2566 ι
342 2540 390 2567 καὶ
405 2540 438 2568 τὰ
453 2541 528 2576 ἑξῆς.
552 2541 622 2569 Ἀλλ’
635 2542 763 2576 ἄκουσον,
776 2543 819 2570 υἱὲ

18 2586 73 2614 τοῦ
94 2587 197 2621 πατρὸς
213 2585 260 2614 τοῦ
287 2586 411 2621 ψεύδους.
433 2588 556 2615 Ἰουδαῖοι
586 2588 636 2624 μὲν
653 2589 684 2616 οὔ
707 2590 820 2624 γνήσιον

20 2633 87 2660 υῐὺν
102 2631 148 2658 τοῦ
164 2631 232 2659 Θεοῦ
247 2631 356 2668 Ἰσραὴλ
375 2633 568 2668 ὀνομάζουσιν,
587 2634 647 2661 ἀλλ’
662 2635 678 2670 ἢ
692 2635 755 2661 ὅσον
764 2634 819 2661 δεῖ-

20 2681 71 2713 ξαι
97 2678 148 2714 τὴν
171 2679 240 2713 πρὸς
264 2679 364 2711 αὐτοὺς
385 2679 433 2706 τοῦ
448 2678 518 2706 Θεοῦ
548 2679 667 2715 στοργὴν
694 2680 740 2707 διὰ
767 2679 817 2716 τὴν

23 2725 184 2760 προσοῦσαν
211 2725 302 2757 αὐτοῖς
322 2725 482 2752 εὐσέϐειαν·
510 2726 534 2752 οἱ
558 2726 587 2752 δέ
612 2734 644 2760 γε
659 2726 818 2760 Χριστιανοὶ

20 2771 110 2806 φύσει
125 2770 188 2796 Υῑδν
197 2769 275 2803 Θεοῦ,
292 2771 338 2797 καὶ
352 2769 496 2804 ὁμοούσιον
509 2769 549 2805 τῷ
562 2770 650 2806 Πατρὶ
660 2791 668 2803 ,
682 2771 753 2797 κατὰ
767 2772 817 2805 τὴν

20 2818 154 2852 ὒεὸτητα,
170 2816 216 2843 τδν
235 2816 354 2852 Χριστὸν
367 2816 554 2852 ὁμολογοῦσιν.
578 2817 609 2844 El
625 2817 690 2852 γὰρ,
715 2817 752 2848 ὡς
768 2817 816 2843 αὑ-

888 280 1018 315 singulari
1037 281 1083 309 Dei
1100 283 1207 310 colendi
1222 283 1352 319 religione
1372 293 1433 313 esse
1445 286 1537 320 docet;
1555 286 1601 315 Dei
1633 295 1681 315 au-

886 331 938 353 tem
954 329 1065 356 omnino
1090 329 1132 357 sui
1149 334 1176 357 et
1189 331 1303 365 proprii.
1317 331 1387 364 Quin
1401 332 1484 360 etiam
1502 333 1546 361 illc
1572 334 1680 362 miseris

884 373 937 400 illis
956 378 1005 401 eta
1021 382 1051 401 se
1069 375 1199 411 deceptis,
1218 377 1242 403 in
1261 378 1421 406 exsecrabili
1451 379 1497 406 illo
1527 380 1676 414 domicilio,

883 420 955 454 quod
967 421 1169 455 precationibus
1182 423 1359 455 destinatum,
1379 425 1485 455 adesse.
1502 430 1530 452 et
1544 425 1571 452 in
1583 426 1678 453 orbem

882 465 947 493 illud
964 467 1081 495 circuire
1092 468 1187 504 jubet;
1207 474 1233 497 et
1248 471 1486 504 (quemadmodum
1502 479 1551 507 ego
1563 480 1594 500 ex
1608 481 1677 507 quo-

873 511 943 542 .dam
957 512 1248 548 ipsiusdiscipulorum,
1259 516 1303 550 qui
1318 516 1573 545 adChristianorum
1588 524 1678 552 partes

882 558 1000 590 transiit,
1018 559 1147 593 intellexi)
1164 564 1252 588 statua
1271 562 1393 596 quzedam
1408 563 1513 597 lapidea
1527 569 1618 591 erecta
1633 560 1677 592 est

881 604 909 631 in
927 604 1014 631 medio
1026 605 1170 638 domicilii,
1183 611 1209 634 ct
1235 607 1279 641 qui
1309 607 1472 636 daemoniaca
1487 610 1530 636 illa
1553 611 1675 638 mandati

882 650 965 678 istius
979 651 1087 678 actione
1102 652 1294 688 drfunguntur,
1321 654 1429 682 miseris
1455 656 1510 683 suis
1523 656 1675 684 cervicibus

879 695 1026 729 inclinatis,
1053 697 1138 725 altera
1170 707 1251 726 manu
1265 707 1371 727 sursum
1401 701 1434 728 ad
1458 701 1546 737 ipsam
1570 708 1673 735 erecta,

879 742 963 769 altera
993 747 1082 770 autem
1113 749 1246 776 tenentes,
1275 746 1468 779 circumeunt,
1500 748 1586 775 donec
1612 756 1674 775 ver-

879 788 962 823 tigine
978 790 1094 824 correpti
1109 790 1263 818 concidant.
1293 791 1437 821 Enimvero
1458 794 1523 828 quid
1535 794 1580 822 hic
1600 794 1674 822 aliud

878 842 958 868 quam
971 839 1088 864 statuam
1099 837 1188 864 colere
1210 838 1286 872 quasi
1302 838 1359 872 lege
1370 839 1483 867 sanxit?

915 881 942 909 9.
961 881 1010 909 llic
1025 882 1135 917 quidem
1147 883 1280 911 Moameth
1298 884 1362 912 licet
1375 890 1443 913 esset
1470 886 1545 914 rudis
1559 891 1586 915 et
1596 894 1676 922 agre-

881 928 932 956 stis
944 929 1036 962 homo,
1052 934 1142 957 tamen
1154 935 1261 958 centum
1272 937 1299 958 ct
1314 932 1442 959 tredecim
1458 933 1619 968 conscripsit
1636 934 1676 961 1³³-

879 974 972 1008 bellas,
980 979 1004 1002 et
1019 976 1167 1010 unicuique
1179 977 1274 1004 harum
1289 977 1400 1010 dignum
1425 979 1561 1013 quoddam
1577 987 1674 1008 nomen

878 1021 930 1049 hac
949 1029 998 1049 sua
1025 1022 1136 1050 inscitia
1150 1023 1257 1050 indidit.
1276 1023 1397 1056 Quarum
1414 1025 1521 1059 quidem
1552 1028 1672 1053 omnium

878 1067 1061 1102 impuritatem
1077 1073 1104 1095 et
1120 1076 1207 1103 nugas
1220 1069 1378 1097 manifestas
1390 1076 1417 1097 et
1431 1079 1572 1099 recensere
1586 1079 1613 1099 et
1630 1081 1672 1100 re-

877 1113 970 1140 fellere
983 1113 1050 1148 quid
1064 1114 1138 1142 aliud
1154 1114 1254 1149 fuerit,
1274 1123 1355 1151 quam
1371 1125 1431 1144 cum
1450 1117 1566 1145 Hercule
1580 1119 1672 1154 Angia:

875 1161 1012 1189 stabulum
1026 1168 1118 1197 egesto
1131 1167 1252 1191 stercore
1270 1164 1401 1198 purgare?
1420 1164 1564 1200 Reliquum
1589 1166 1672 1202 igitur

875 1207 970 1241 fuerit,
982 1208 1043 1237 aliis
1054 1210 1209 1244 praeteritis,
1223 1211 1316 1245 paucis
1330 1218 1422 1238 eorum
1433 1211 1566 1239 duntaxat
1577 1213 1675 1240 memi-

875 1254 1029 1289 nisse,qu:e
1045 1256 1158 1291 majoris
1172 1257 1301 1284 momenti
1313 1261 1386 1291 sunt,
1397 1263 1424 1284 et
1437 1259 1470 1285 ad
1487 1263 1560 1286 recte
1573 1266 1674 1293 cogno-

875 1299 1015 1333 scendam,
1029 1306 1056 1327 et
1080 1301 1113 1328 ad
1134 1301 1314 1329 damnandam
1335 1307 1440 1330 sectam
1464 1304 1671 1339 exsecrabilem_

912 1345 997 1373 Deum
1012 1346 1163 1382 ὀλόσφυρον
1203 1348 1278 1380 dicit,
1307 1348 1468 1382 sphzericum
1491 1349 1618 1377 videliCet
1639 1357 1672 1378 ac

875 1392 1034 1420 rotundum.
1051 1392 1133 1426 Atqui
1148 1392 1206 1419 haec
1222 1393 1305 1427 ligura
1319 1394 1442 1428 corporis
1471 1399 1524 1427 est,
1558 1400 1585 1421 et
1605 1402 1669 1422 cor-

874 1443 926 1472 pus
940 1436 1076 1470 declarat;
1104 1437 1330 1472 quemadmodum
1361 1438 1432 1473 quod
1452 1439 1562 1466 densum
1590 1445 1672 1474 atque

874 1483 1056 1518 constipatum
1070 1487 1122 1510 est.
1135 1483 1203 1511 Cum
1219 1483 1312 1518 igitur,
1340 1489 1369 1511 ut
1387 1484 1436 1518 ipsi
1474 1485 1574 1519 placet,
1599 1485 1671 1512 Dous

873 1527 1017 1555 materiata
1032 1527 1154 1562 quaedam
1165 1527 1201 1555 sit
1221 1528 1339 1562 spira-ra,
1369 1536 1455 1563 neque
1478 1528 1583 1561 audiet,
1612 1537 1664 1556 ne-

834 1576 857 1609 c
873 1580 926 1608 que
936 1572 1037 1600 videbit
1049 1580 1057 1599 :
1069 1577 1096 1600 et
1106 1573 1131 1600 in
1145 1580 1264 1608 praeceps
1276 1578 1377 1601 temere
1388 1573 1500 1606 feretur.
1514 1573 1665 1602 incondito-

873 1625 926 1653 que
942 1622 1017 1645 motu
1031 1617 1211 1646 volutabitur.

908 1664 977 1692 Cum
996 1670 1085 1693 autem
1103 1666 1197 1692 statuit
1215 1664 1299 1693 Deum
1314 1669 1453 1694 auctorem
1484 1666 1575 1694 omnis
1606 1666 1672 1695 mali

874 1711 1102 1746 quemadmodum
1120 1715 1147 1739 et
1163 1711 1253 1739 omnis
1267 1711 1342 1743 boni,
1368 1711 1406 1739 ait
1426 1720 1434 1740 :
1455 1721 1466 1738 ι
1484 1713 1570 1746 Quem
1597 1711 1675 1742 Deus

877 1757 963 1789 ducit,
982 1756 1027 1784 ille
1051 1762 1124 1784 recte
1139 1757 1246 1784 ducitur
1270 1761 1320 1784 :et
1344 1764 1412 1792 quos
1429 1757 1473 1784 ille
1489 1758 1515 1785 in
1544 1766 1674 1786 errorem:

875 1802 1003 1837 impellit,
1022 1802 1060 1829 illi
1076 1802 1199 1837 suntqui
1221 1802 1394 1830 deseruntur.
1413 1812 1423 1829 ι
1441 1804 1474 1830 Ει
1493 1804 1574 1838 paulo
1598 1809 1678 1839 post,,

875 1848 932 1875 haec
965 1848 1144 1882 confirmans;
1173 1848 1281 1883 subjicit
1312 1858 1349 1875 ιι
1369 1848 1426 1876 Νοιι
1455 1857 1514 1876 sum
1544 1851 1679 1877 dominusl

873 1893 980 1927 animae,
1001 1901 1090 1929 neque
1106 1895 1139 1920 ad
1149 1894 1263 1921 salutent
1290 1902 1377 1929 neque
1395 1894 1427 1922 ad
1446 1895 1604 1929 perniciem,
1617 1896 1677 1924 nisi-

873 1943 1009 1974 quatenus
1026 1939 1077 1966 hoc
1112 1939 1200 1974 ipsum
1218 1938 1288 1967 Deus
1314 1940 1382 1966 vult.
1406 1950 1416 1967 ι
1444 1940 1548 1968 Oblitus
1569 1940 1669 1968 deinde

873 1985 944 2020 quod
956 1985 1113 2020 prophetam
1123 1986 1203 2020 paulo
1213 1987 1400 2020 anteseipsum
1411 1986 1596 2021 praedicasset,
1609 1987 1648 2014 ait
1658 1997 1677 2016 :.

876 2041 885 2058 ι
899 2031 967 2059 Etsi
982 2038 1090 2058 nossem
1117 2039 1149 2059 ea
1161 2039 1220 2066 quae
1238 2032 1347 2066 absunt,
1363 2040 1469 2067 possem
1497 2040 1564 2061 sane
1587 2033 1670 2062 bonis

872 2077 993 2110 alliuere,
1010 2085 1098 2113 neque
1110 2085 1154 2105 me
1169 2083 1260 2112 posset
1276 2078 1376 2107 malum
1394 2079 1537 2113 attingere.
1566 2089 1576 2106 ι
1593 2080 1671 2114 Quo-

873 2124 954 2152 modo
978 2131 1044 2152 vero
1060 2129 1087 2151 tu
1105 2124 1174 2151 mala
1190 2123 1333 2159 ell‘ugeres,
1358 2133 1428 2159 quae,
1450 2126 1489 2153 uti
1520 2130 1548 2153 tu
1571 2127 1671 2160 doces.

872 2170 1069 2198 suntnatura?
1092 2170 1121 2198 Si
1144 2177 1207 2198 vero
1232 2174 1261 2198 tu
1291 2170 1336 2198 illa
1351 2171 1438 2199 vitare
1461 2171 1587 2206 potuisti,
1611 2179 1670 2200 non

875 2217 959 2252 igitur
975 2217 1020 2245 illa
1037 2221 1134 2244 natura
1146 2220 1221 2244 sunt.
1240 2216 1323 2244 Deum
1345 2224 1411 2245 vero
1429 2225 1483 2246 non
1497 2225 1559 2246 esse
1573 2223 1673 2247 aucto:

875 2270 932 2290 rem
955 2263 1087 2290 malorum
1108 2263 1137 2291 in
1152 2263 1229 2291 titulo
1250 2269 1343 2290 contra
1366 2262 1540 2292 Massaliota:
1560 2272 1574 2293 Ι
1589 2265 1676 2293 nobis.

875 2311 1090 2337 demonstratum
1116 2314 1157 2337 est
1174 2318 1182 2337 :
1197 2311 1309 2338 consule
1320 2317 1381 2345 cap.
1407 2310 1452 2338 ΓΙ.

910 2357 938 2383 In
952 2361 1046 2384 octava
1060 2355 1221 2385 fabellarum
1235 2364 1345 2384 suarum
1361 2357 1400 2385 ait
1421 2365 1454 2385 ιι
1471 2356 1556 2386 Judaei
1573 2358 1672 2386 dicuns

874 2400 1002 2430 lsraelem
1021 2409 1083 2429 esse
1096 2402 1179 2430 ﬁlium
1192 2400 1239 2429 Dei
1252 2410 1259 2429 :
1271 2407 1299 2430 et
1315 2403 1464 2431 Christiani
1482 2403 1667 2431 dicuntChri—

873 2451 944 2475 stum
961 2454 1022 2478 esse
1036 2446 1136 2475 Filium
1166 2448 1212 2476 Dei
1228 2455 1237 2475 :
1255 2447 1299 2476 hic
1315 2454 1357 2476 est
1382 2456 1474 2477 sermo
1491 2456 1526 2477 ex
1558 2441 1675 2484 proprio.

872 2493 992 2528 ipsorum
1010 2500 1058 2521 ore
1073 2494 1222 2529 profectus,
1238 2503 1248 2520 ι
1262 2499 1289 2522 et
1301 2502 1362 2529 qua!
1391 2499 1551 2530 sequuntur.
1567 2494 1666 2523 Verum

871 2540 995 2573 attende.
1026 2546 1043 2567 ο
1073 2539 1111 2567 liii
1140 2540 1226 2574 patris
1261 2540 1416 2568 mendacii!
1447 2539 1532 2568 Judaei
1558 2541 1667 2576 quidem

869 2592 925 2614 nort
947 2593 1106 2621 germanum
1136 2585 1184 2613 Dei
1204 2585 1289 2613 ﬁlium
1305 2586 1433 2614 lsraelem
1451 2587 1602 2620 nominant,
1615 2586 1666 2613 sed

869 2630 1027 2664 tantum,\it
1044 2632 1189 2659 ostendant
1203 2631 1248 2659 Dei
1260 2639 1324 2667 erga
1335 2639 1366 2660 se
1379 2639 1500 2660 amorem
1510 2637 1538 2659 et
1548 2639 1668 2666 propen-

868 2676 982 2711 sionem,
1006 2677 1041 2705 ob
1057 2685 1118 2706 cam
1145 2685 1198 2713 qua
1214 2683 1305 2712 patres
1320 2678 1490 2706 excellebant
1502 2679 1634 2713 pietatem
1655 2686 1662 2703 :

865 2722 1016 2750 Christiani
1061 2730 1126 2751 vero
1167 2728 1265 2751 natura
1297 2723 1396 2752 l-‘ilium
1430 2723 1479 2752 Det
1522 2729 1547 2752 et
1591 2715 1667 2751 Patri

867 2769 1130 2798 consubstantialem
1165 2771 1316 2798 secundum
1335 2771 1507 2799 divinitatem
1523 2771 1666 2799 Christum

862 2816 1034 2844 conﬁtentur.
1054 2815 1120 2844 Nam
1131 2817 1164 2850 si,
1174 2822 1203 2844 ut
1218 2816 1323 2850 fateris,
1340 2818 1448 2845 Christo
1463 2826 1478 2845 a
1496 2817 1550 2846 Deo
1578 2817 1669 2844 Evan-

60 2885 99 2913 (1)
118 2885 244 2920 Palatinus
260 2892 306 2912 ms.
318 2885 422 2920 {Exfrﬂw
437 2884 480 2920 τοῦ
494 2885 562 2920 ἁγίου
575 2886 739 2920 Εὐοὸίουηυῑὶ
751 2889 779 2920 et
790 2886 866 2920 linus
879 2885 903 2909 in

915 2891 1003 2916 τους..
1015 2886 1053 2910 Ea:
1073 2884 1159 2920 ξυοίίὶἱ
1170 2884 1282 2920 monachi
1297 2884 1403 2920 scriptis,
1420 2885 1489 2916 quasi
1508 2891 1558 2920 ex_
1577 2885 1666 2911 Evodil

21 2916 198 2942 monumentis
213 2917 344 2948 sequentia
361 2918 491 2947 desumpta
509 2917 567 2946 sint,
583 2919 609 2941 ut
623 2921 673 2942 tota
687 2916 739 2942 fere
762 2917 880 2949 Punoplia
900 2923 914 2942 e
931 2921 1046 2942 veterum
1074 2917 1172 2942 Patrum
1189 2917 1289 2948 scriptis
1301 2918 1448 2942 concinnata
1466 2920 1515 2942 est.
1543 2916 1663 2941 δηιυιιο.
