1873 3075
163 141 232 174 1313
778 137 962 170 ΕΠΤΠΥΜΙῙ

1050 137 1175 167 ιΑΒΕΝῙ
1649 145 1654 149 “
1722 136 1787 167 ΓΗ

161 201 260 236 gelium
275 199 367 227 datum
383 204 433 231 est,
448 197 673 234 quemadmodum
693 203 742 223 nos
768 195 819 230 ipsi
836 195 862 222 in
880 195 944 222 sub-
960 218 962 223 .

1058 195 1213 229 ὁμολογεῖς,
1233 194 1264 221 ὲκ
1273 194 1342 221 Θεοῦ
1355 194 1461 221 δέδοται
1479 193 1518 228 τῷ
1530 193 1644 229 Χριστῷ
1659 193 1690 219 τὸ
1703 194 1790 226 Εὐαγ-

162 245 336 280 soquentibus
354 244 600 272 demonstrabimus
614 252 620 270 :
635 247 661 270 et
679 243 706 269 in
721 240 865 276 Evangelia
879 240 946 268 scri-

1050 248 1100 272 ιον,
1116 239 1207 272 καθὼς
1223 240 1418 271 ὑποκιτιόντες
1448 239 1646 273 ἀποδείξομεν·
1664 240 1694 265 ἐν
1717 240 1790 273 αὖτῷ

160 298 234 327 ptum
246 296 287 319 est
301 291 371 325 quod
381 297 422 318 ter
436 291 504 318 Deus
515 290 620 318 εωηιιιε
627 290 659 316 de
667 290 774 316 Christo
789 288 948 315 testilieatus

1050 286 1079 321 τῷ
1094 286 1252 321 Εὑαγγελίῳ
1269 286 1445 320 γέγραπται,
1468 286 1510 312 ὅτι
1524 286 1618 321 τρίτον
1646 285 1755 312 ἄνωθεν
1778 287 1791 312 ὁ

162 338 218 369 sit;
236 337 334 364 alicubi
368 336 474 371 quidem
490 336 583 364 dicens
598 345 606 364 :
622 335 672 362 ilic
706 340 741 362 est
758 333 844 361 Filius
875 341 947 360 meus

1053 342 1065 364 ς
1091 332 1161 368 ὑπὲρ
1179 331 1300 368 Χριστοῦ
1326 333 1523 368 ἐμαρτύρησε,
1553 332 1591 367 πῆ
1622 331 1675 366 μὲν
1692 333 1792 366 λέγων,

164 384 180 408 ιι
193 383 273 409 lectus
291 384 299 398 ¹
318 391 324 408 :
353 382 451 410 alicubi
471 390 545 414 vero,
563 381 596 408 Et
614 381 761 417 gloriﬁcavi
777 385 803 407 et
820 378 948 416 (rursum)

1055 375 1150 410 οὗτός
1166 378 1251 404 ἐστιν
1266 379 1282 405 d
1299 378 1366 410 Υἱός
1395 387 1455 412 μου
1476 379 1492 405 ὁ
1505 377 1662 412 ἀγαπητός
1675 386 1682 392 ’
1700 378 1739 412 πῆ
1755 378 1793 409 δὲ,

163 428 316 463 gloriﬁcabo
329 429 338 444 '
361 437 368 461 ;
383 433 409 454 et
423 429 448 454 in
463 433 553 455 monte
564 427 689 455 Thabore
704 435 711 453 :
728 426 819 461 Ipsum
838 426 949 458 audite;

165 474 292 506 quidnam
326 474 435 500 sbsurdi
468 478 495 500 et
522 473 603 500 alieni
630 471 949 502 admiltttntChristiani,

166 520 210 554 qui
224 523 251 546 et
268 519 362 551 Deum.
384 523 411 546 et
425 519 471 546 Dei
494 519 590 547 Filium
611 519 748 547 Christum
766 518 950 546 confitentur:

166 571 228 591 cum
242 568 267 591 et
284 564 353 592 Deus
364 565 472 592 Christo
487 572 518 591 ea
536 565 635 592 tribuat
651 572 684 591 ex
699 563 853 591 testimonio
863 563 952 589 Evan-

167 609 240 642 gt'iii.
258 610 329 644 quod
348 610 432 638 etiam
449 615 476 637 tu
490 609 620 638 divinitus
639 610 732 637 datum
764 609 850 636 fuisse
879 607 952 634 alIir-

169 662 227 682 Inas
240 654 252 680 ?

203 699 271 727 Cum
291 707 355 727 vero
364 699 466 727 Christi
482 705 509 727 et
527 700 666 735 Evangelii
680 701 845 728 mentionem
863 700 952 734 ji‘acit,

168 753 200 772 ex
217 752 333 780 persona
354 745 400 772 Dei
422 745 461 772 ait
479 753 485 771 :
519 754 528 770 ι
560 745 680 773 Misimus
706 750 767 779 post
797 747 846 773 hos
859 753 954 773 omnes

169 789 246 824 (alios
273 789 376 817 scilicet
419 789 585 824 prophetas)
618 789 709 817 Jesum
729 790 812 817 lilium
844 790 953 824 Mariae;

169 840 198 861 ut
211 842 241 860 ea
258 843 317 870 qua:
347 835 375 862 in
391 835 450 870 lege
467 842 530 863 ante
557 837 656 870 scripta
681 842 773 870 erant,
801 844 862 864 vera
893 845 954 864 cer-

169 887 251 916 tique
289 887 517 916 reprtesentarct,
545 882 692 917 Evangelia
724 884 757 910 ad
791 885 878 918 ipsum
909 885 954 911 dc-

170 927 254 954 misso
275 936 281 953 :
313 927 338 954 in
366 935 418 961 quo
433 932 472 955 est
488 929 540 962 via,
559 928 602 955 lux
627 929 791 964 etjustitia:
810 930 960 958 secundum

170 973 316 1008 potentiam
327 973 403 1006 legis,
418 981 479 1008 qua:
497 974 583 1008 ipsum
595 976 752 1007 antecessit,
767 976 799 1002 ad
811 976 960 1004 inslilutio-

171 1025 230 1045 nem
247 1023 273 1045 et
288 1017 493 1051 promissionem
509 1019 601 1046 eorum
613 1020 658 1055 qui
675 1020 762 1054 ipsum
776 1020 882 1052 timent,
893 1021 962 1048 etad

168 1063 341 1097 judicauduui
351 1064 514 1091 domesticos
522 1065 688 1100 Evangelii.»
697 1065 725 1093 Si
738 1066 759 1100 ip
766 1066 819 1092 itur
828 1065 962 1100 Christus,

171 1115 237 1136 utea
252 1117 310 1143 qure
323 1110 354 1136 de
363 1110 421 1144 ipso
433 1111 558 1145 praedicta
569 1117 658 1146 erant,
672 1119 734 1139 vera
746 1117 962 1146 reprmsentaret,

171 1157 196 1182 ill
217 1163 259 1184 est
275 1162 301 1183 ut
314 1157 400 1191 legem
417 1164 536 1185 veterem
555 1161 685 1193 expleretI
704 1159 824 1191 advenit,
838 1158 964 1194 Evange-

171 1203 290 1236 liumque
316 1203 397 1237 viam,
424 1204 632 1238 institutionem,
661 1206 749 1233 lucem
779 1210 808 1233 et
830 1206 964 1241 justitiam

171 1248 326 1277 hominibus
361 1250 484 1281 tradidit,
508 1251 733 1284 quemadmodum
755 1255 783 1278 tu
809 1252 867 1286 ipse
897 1259 965 1280 con-

171 1294 267 1326 ﬁteris,
284 1298 311 1321 et
338 1295 394 1329 ipse
419 1295 551 1330 judicium
567 1295 688 1334 facturus
702 1301 754 1328 est,
777 1297 910 1332 reliquum
923 1302 966 1325 est

172 1339 244 1366 aliud
262 1344 288 1367 te
305 1341 371 1368 nihil
385 1341 539 1370 hominibus
569 1343 715 1370 obtrudere
737 1350 816 1377 quam
845 1350 962 1376 errores,

171 1389 201 1412 et
225 1393 284 1419 qua:
313 1394 346 1414 ex
379 1387 514 1416 diametro
537 1396 598 1417 cum
616 1389 741 1418 doctrina
765 1389 888 1418 veritatis
915 1398 966 1426 pu-

173 1435 269 1464 gnent.

210 1475 308 1503 lterum
323 1482 449 1514 tanquam
464 1487 496 1507 ex
511 1488 624 1515 persona
649 1481 695 1509 Dei
711 1482 838 1518 proponit
853 1491 859 1510 :
872 1491 882 1510 I
895 1482 964 1511 Cum

1000 424 1055 452 Καὶ
1066 424 1208 457 ἐδόξασα,
1227 425 1277 451 καὶ
1303 423 1397 452 πάλιν
1417 424 1556 456 δοξόσω·
1572 425 1620 450 καὶ
1637 425 1666 450 ἐν
1684 425 1724 459 τῷ
1737 425 1795 459 δρει

1001 469 1029 496 δὲ
1043 470 1081 504 τῷ
1096 469 1205 505 Θαὸὼρ,
1218 470 1318 497 Αὐτοῦ
1332 470 1459 497 ἀκούετε
1468 478 1475 485 ·
1495 469 1522 496 τί
1542 469 1646 496 ἄτοπον
1655 472 1703 496 καὶ
1721 470 1795 502 ξένον

1003 516 1126 542 ποιοῦσιν
1153 516 1177 542 οι
1197 516 1368 551 Χριστιανοὶ,
1388 515 1453 543 Θεὸν
1472 516 1520 542 καὶ
1535 516 1603 542 Θεοῦ
1620 516 1685 542 Υίὸν
1700 517 1797 550 ὁμολο-

1003 560 1112 595 γοῦντες
1125 561 1172 587 τὸν
1186 561 1314 595 Χριστὸν,
1328 560 1376 588 τοῦ
1389 560 1456 587 Θεοῦ
1485 561 1532 587 καὶ
1553 560 1593 595 τῷ
1606 560 1721 595 Χριστῷ
1731 560 1798 586 ταῦ-

1002 616 1036 634 τα
1052 606 1340 643 προσμαρτυροῦντος,
1367 606 1405 638 ὡς
1429 607 1554 633 διδάσκει
1569 607 1600 633 τὸ
1615 607 1796 640 Εὑαγγὲλιον,

1003 654 1017 680 ὃ
1032 655 1064 680 ὲκ
1076 654 1143 680 Θεοῦ
1157 654 1283 681 δεδόσθαι
1298 653 1459 688 ὁμολογετςς

1045 699 1239 736 Ἐπιμνησοεὶς
1251 700 1279 727 δὲ
1292 700 1339 727 τοῦ
1353 699 1472 735 Χριστοῦ
1488 701 1535 727 καὶ
1552 700 1599 726 τοῦ
1613 700 1796 734 Εὐαγγελίου,

1006 746 1088 781 φησιν
1103 747 1134 772 ὲκ
1148 745 1296 780 προσώπου
1309 745 1356 773 τοῦ
1374 746 1443 772 Θεοῦ
1455 754 1462 761 ·
1479 756 1488 772 ι
1500 746 1719 780 Ἀπεστείλαμεν
1734 746 1799 772 ἀκό-

1005 792 1101 819 λουθον
1109 791 1212 818 τούτων
1222 793 1334 820 πάντων
1342 792 1452 828 (δηλαδὴ
1462 792 1517 818 τῶν
1528 793 1799 827 προψητῶνὶῚηςοῦν

1006 839 1052 865 τὸν
1074 839 1131 865 υίὸν
1141 839 1262 874 Μαρίας,
1280 839 1321 870 εις
1331 839 1362 866 τδ
1376 839 1578 874 ἁληθοποιῆσαι
1588 839 1624 865 τὰ
1640 839 1694 873 πρὸ
1707 839 1798 871 αὐτοῦ,

1011 884 1045 911 τὰ
1067 885 1113 912 τοῦ
1133 885 1228 920 νόμου,
1249 887 1456 920 καταγαγόντες
1482 887 1550 921 πρὸς
1571 886 1655 913 αὐτὸν
1666 887 1698 913 τὸ
1712 886 1801 919 Εὐαγ-

1012 931 1102 965 γέλιον
1112 939 1119 947 ·
1138 933 1167 958 ἐν
1180 928 1202 966 ᾧ
1217 932 1292 959 ἐστιν
1306 932 1447 968 ὸδήγησις,
1469 933 1537 967 φῶς,
1553 934 1600 959 καὶ
1626 933 1799 968 δικαιοσίνη,

1013 978 1083 1004 κατὰ
1094 977 1143 1012 τὴν
1155 977 1272 1012 δύναμιν
1285 977 1333 1005 τοῦ
1358 979 1411 1014 πρὸ
1427 979 1510 1006 αὑτοῦ
1527 979 1627 1014 νόμου,
1645 980 1686 1011 εἰς
1702 979 1801 1014 ὸδήγη·

1013 1031 1057 1050 σιν
1080 1023 1127 1050 καὶ
1140 1024 1308 1058 ἐπαγγελίαν
1326 1026 1383 1056 τοῖς
1397 1025 1578 1059 φοϐουμένοις
1590 1026 1686 1057 αὐτὸν,
1705 1027 1752 1052 καὶ
1767 1027 1804 1057 εἰς

1013 1069 1044 1096 τὸ
1061 1071 1154 1105 κρῖναι
1167 1070 1231 1102 τοὺς
1243 1070 1361 1103 οἰκείους
1374 1070 1421 1097 τοῦ
1438 1071 1618 1106 Εὑαγγελίου.
1634 1082 1643 1098 ι
1660 1071 1729 1098 Εἱδὲ
1739 1072 1806 1106 ἀλη-

1015 1117 1160 1151 ῡοποιῆσαι
1177 1116 1210 1143 τὰ
1225 1117 1279 1151 πρὸ
1302 1117 1397 1149 αὑτοῦ,
1424 1117 1547 1144 τουτέστι
1562 1118 1598 1144 τὰ
1613 1117 1662 1144 τοῦ
1690 1117 1806 1144 παλαιοῦ

1014 1163 1111 1198 νόμον,
1129 1163 1354 1199 παραγινόμενος
1378 1164 1393 1189 ὸ
1406 1164 1535 1199 Χριστὸς,
1554 1166 1602 1192 καὶ
1624 1165 1656 1191 τὸ
1683 1164 1808 1198 Εὐαγγὲ-

1014 1212 1082 1244 λιον,
1095 1211 1236 1247 ὀδήγησιν,
1252 1211 1301 1239 καὶ
1325 1211 1395 1246 φῶς,
1412 1212 1459 1238 καὶ
1484 1211 1664 1247 δικαιοσύνην
1688 1214 1747 1244 τοῖς
1762 1214 1807 1240 ἀν-

1015 1256 1136 1292 Θρώποις
1145 1256 1315 1292 παρέδωκεν,
1327 1257 1366 1288 ὡς
1376 1256 1456 1288 αὐτὸς
1465 1256 1620 1291 ὁμολογεῖς,
1629 1259 1679 1284 καὶ
1687 1257 1806 1293 τὴνίρί-

1016 1311 1058 1330 σιν
1076 1303 1156 1335 αὐτὸς
1171 1303 1265 1338 μέλλει
1279 1304 1379 1335 ποιεῖν,
1398 1304 1439 1330 σοὶ
1465 1304 1676 1339 περιλέλειπται
1696 1313 1807 1331 συνεισ-

1016 1350 1138 1383 ενεγκεῖν
1163 1349 1220 1380 τοῖς
1250 1348 1408 1383 ἀνθρώποις
1426 1349 1502 1376 οὐδὲν
1525 1349 1622 1384 ἕτερον
1651 1349 1669 1384 ἢ
1704 1349 1809 1384 πλάνην

1016 1394 1064 1422 καὶ
1080 1393 1240 1421 ἐναντίωσιν
1250 1393 1301 1428 τῆς
1313 1393 1444 1430 ἀληθείας
1455 1389 1614 1428 δογμάτωνζ

1052 1477 1133 1511 Λέγει
1153 1475 1236 1503 πάλιν
1245 1475 1277 1503 ὲκ
1291 1475 1439 1510 προσώπου
1455 1475 1502 1503 τοῦ
1513 1476 1582 1503 Θεοῦ
1593 1484 1602 1492 ·
1618 1485 1628 1502 ‹
1643 1476 1733 1503 Ὅταν
1745 1477 1812 1511 ἢθε-

175 1522 310 1555 rcgionem
341 1523 459 1559 aliquam
478 1527 591 1560 perdere
603 1527 769 1559 volebamus,
802 1528 962 1563 jubebamus

1050 1532 1100 1559 μεν
1116 1522 1248 1550 ἀπολέσαι
1264 1522 1375 1558 χωρίον,
1392 1522 1556 1557 ἐκελεύομεν
1574 1524 1631 1554 τοῖς
1646 1523 1769 1550 ἑστῶσιν
1783 1525 1813 1550 ἐν

174 1567 297 1596 homines
309 1569 336 1596 in
350 1571 444 1598 eadem
457 1577 579 1606 agentes,
588 1581 647 1601 sese
660 1573 732 1601 luxui
743 1578 771 1602 et
782 1574 962 1610 intemperan-

1050 1570 1102 1605 ητῷ,
1114 1569 1163 1596 καὶ
1177 1569 1315 1604 ὴσώτευον
1324 1569 1353 1595 ὲν
1369 1568 1445 1604 αὑτῷ
1456 1576 1463 1584 ·
1476 1569 1525 1596 καὶ
1540 1568 1697 1596 ὲδιχαιοῦτο
1717 1571 1813 1596 ἐπάνω

175 1614 220 1641 tim
235 1615 333 1642 dedere
349 1625 356 1643 :
374 1621 400 1644 et
414 1617 464 1644 hoc
478 1618 614 1646 decretum
630 1620 663 1646 de
677 1620 825 1653 perditione
835 1621 965 1655 ipsorum,

175 1660 209 1686 de
229 1660 294 1694 ipsis
310 1668 402 1688 verum
426 1663 516 1696 ﬁebat,
545 1671 599 1691 una
625 1671 686 1691 cum
714 1665 846 1693 oraculo:
873 1671 900 1693 et
928 1666 969 1694 sic

175 1707 249 1742 ipsos
264 1714 326 1734 vere
341 1708 544 1742 perdomuimus
561 1719 568 1737 :
585 1710 738 1746 multosque
751 1711 920 1747 perdidimus
934 1721 967 1740 ex

177 1753 284 1781 sareulis
299 1753 352 1782 illis
375 1759 437 1789 post
449 1755 515 1784 Noe.
533 1765 542 1783 ι
562 1755 626 1784 Haec
647 1758 728 1785 verba
743 1759 850 1786 cuinam
876 1760 968 1794 potius

177 1801 338 1828 conveniant
350 1801 362 1828 τ
373 1800 464 1829 Deone
478 1803 574 1830 salutis
589 1804 714 1832 humanae
725 1805 837 1838 amanti,
854 1812 888 1832 an
904 1813 969 1833 vero

178 1845 305 1880 dzemoni,
319 1847 366 1882 qui
396 1846 519 1876 homines
549 1856 657 1876 summo
683 1849 746 1877 odio
772 1850 968 1886 prosequitur?

177 1890 284 1920 Densus
306 1893 382 1926 jubet
411 1893 534 1922 homines
548 1895 760 1930 intemperanter
794 1897 886 1924 vivere
901 1919 909 1932 ,
933 1905 968 1926 an

178 1938 321 1965 diabolus?
336 1939 371 1965 At
387 1939 432 1973 qui
445 1938 518 1974 jubet
530 1939 743 1976 intemperanter
755 1941 857 1976 vivere,
889 1943 911 1972 is
927 1949 970 1972 est

179 1988 273 2011 auctor
305 1985 519 2020 intemperantia
530 1991 557 2014 et
570 1987 660 2020 luxus,
671 1992 752 2023 atque
777 1989 846 2017 adeo
870 1990 969 2026 majori

180 2036 259 2063 pinna
273 2030 384 2065 dignus.

214 2075 302 2103 Moses
317 2076 427 2111 quidem
451 2076 551 2106 litteris
567 2079 706 2107 mandavit
737 2081 810 2115 quod
831 2081 899 2109 Filii
920 2083 970 2111 Del

179 2122 292 2149 sidentes
310 2122 379 2156 ﬁlias
394 2123 530 2150 hominum
545 2124 615 2160 quod
628 2130 714 2153 essent
733 2126 865 2161 formam.
884 2129 969 2157 duxe-

181 2166 402 2202 runljsibiuzom
425 2169 453 2197 ἐ
479 2169 548 2197 ﬁlios
561 2170 606 2198 Dei
615 2175 740 2206 posteros
749 2171 969 2209 Sethiappellans

179 2214 230 2248 (sic
244 2214 316 2241 enim
334 2213 380 2242 ille
406 2215 560 2244 nominatus
572 2221 613 2245 est
622 2217 847 2247 obimitationem
874 2220 923 2249 Dei
942 2226 971 2249 et

179 2260 298 2288 studium
334 2261 468 2297 virtutis,
501 2263 639 2298 vitamque
677 2264 866 2303 religiosam),
896 2268 969 2302 ﬁlim

179 2312 243 2332 vero
255 2306 388 2334 hominum
403 2307 472 2335 dixit
490 2315 547 2341 eas,
575 2316 634 2337 uuae
649 2315 663 2336 ι
679 2309 765 2337 Caino
782 2317 875 2340 essent
905 2321 970 2348 pro-

178 2356 277 2378 creatm
295 2357 341 2380 aut
355 2353 388 2381 ab
407 2354 466 2389 ipso
489 2362 574 2390 genus
588 2357 728 2385 ducerent.
745 2356 879 2387 Moameth
905 2367 970 2388 vero

178 2403 273 2425 contra
301 2398 392 2426 dixit:
414 2405 442 2428 et
466 2407 515 2435 pro
539 2402 600 2430 ﬁliis
623 2403 731 2437 quidem
769 2404 815 2432 Dei
857 2406 968 2440 angelos

179 2443 293 2471 feininas
319 2445 480 2480 nominavit,
497 2445 533 2474 ut‘
545 2452 588 2475 est
618 2448 644 2475 in
662 2449 760 2476 fabulis
788 2449 943 2479 Grzrcorum
959 2461 966 2480 :

180 2488 225 2514 Ast
241 2488 291 2515 Iris
312 2488 418 2517 Helena
429 2490 553 2525 formosi:
567 2493 660 2519 nuntia
677 2493 744 2520 venit
757 2492 777 2520 ⁸.
794 2494 848 2522 Pro
864 2494 969 2524 ﬁliabus

180 2541 245 2562 vero
271 2535 409 2563 hominum
440 2537 509 2565 ﬁlios
540 2538 678 2566 hominum
695 2539 831 2573 subjecit;
856 2542 968 2576 etquod

180 2582 303 2609 omnium
323 2583 438 2611 maxime
458 2584 613 2612 miserabile
628 2590 682 2619 est,
700 2586 757 2615 hac
774 2594 788 2613 a
813 2587 868 2614 Deo
896 2588 968 2615 facta

182 2632 287 2659 narrat,
300 2634 361 2654 eum
384 2628 421 2655 ait
438 2637 445 2655 :
466 2637 475 2654 ι
493 2629 580 2664 Elegit
602 2629 732 2657 Dominus
751 2635 842 2658 noster
868 2631 940 2660 illios
959 2641 968 2660 :

181 2675 209 2698 et
221 2673 366 2708 accepitex
398 2675 501 2708 angelis
531 2675 639 2709 quidem
669 2675 792 2704 feminas.
828 2676 882 2705 Vos
904 2685 970 2705 vero

154 2741 156 2743 .
183 2717 268 2744 ardua
298 2720 420 2753 quadam
447 2725 474 2747 et
511 2728 608 2756 magna
636 2722 829 2756 pronuntiatis,
862 2723 888 2750 id
917 2729 969 2756 est,

185 2761 269 2790 Deum
287 2765 386 2794 liberes
402 2767 502 2795 habere
518 2768 664 2804 divulgatis
678 2777 685 2796 :
708 2770 790 2796 immo
801 2776 864 2796 vero
880 2770 971 2804 potius

1018 1616 1109 1643 αὐτῶν
1137 1615 1152 1642 ὁ
1177 1615 1267 1650 λόγος,
1295 1616 1309 1642 ὁ
1326 1615 1376 1650 τῆς
1392 1615 1532 1646 ἀπωλείας
1555 1616 1647 1642 αὐτῶν
1675 1615 1812 1650 δηλονότι,

1018 1661 1130 1696 καὶτῆς
1156 1660 1218 1687 κατ’
1237 1660 1327 1688 αὐτῶν
1352 1661 1537 1695 ἀποφάσεως·
1560 1661 1609 1688 χαὶ
1630 1661 1814 1696 ὲδαμάσαμεν

1018 1708 1117 1740 αὐτοὺς
1129 1707 1265 1742 δαμάσει,
1282 1708 1331 1734 καὶ
1351 1707 1468 1738 πολλοὺς
1494 1707 1680 1742 ἀπωλέσαμεν
1701 1709 1735 1734 ἐκ
1758 1709 1814 1734 τῶν

1018 1754 1120 1788 γενεῶν
1133 1754 1203 1789 μετὰ
1213 1753 1259 1780 τὸν
1278 1754 1350 1780 Νῶε.
1365 1762 1374 1780 ι
1391 1753 1486 1780 Ταῦτα
1497 1754 1532 1780 τὰ
1549 1754 1665 1789 ῥήματι
1674 1754 1729 1780 τινι
1741 1755 1814 1789 μᾶλ-

1020 1800 1067 1827 λον
1087 1799 1214 1836 ἁρμόζει,
1231 1799 1271 1834 τῷ
1299 1798 1485 1834 φιλανθρώπῳ
1508 1799 1578 1834 Θεῷ,
1606 1800 1622 1833 ἢ
1652 1799 1692 1833 τῷ
1712 1808 1815 1833 pinv-

1019 1847 1122 1883 θρὼπῳ
1134 1846 1258 1882 δαίμονι;
1271 1845 1338 1875 Θεὸς
1349 1845 1457 1872 κελεύει
1470 1845 1631 1878 ἀσωτεύειν,
1641 1845 1658 1881 ἢ
1668 1845 1814 1878 adeo)“;

1025 1894 1054 1920 '0
1067 1893 1095 1920 δὲ
1109 1892 1229 1920 κελεύων
1244 1892 1409 1925 ἁσωτεύειν,
1433 1893 1538 1924 ἐκεῖνος
1553 1892 1606 1926 τῆς
1629 1892 1755 1924 ἀσωτίας
1771 1893 1815 1918 αῖ-

1018 1948 1076 1972 τιος
1093 1939 1222 1976 μάλιστα,
1232 1940 1280 1966 καὶ
1295 1939 1420 1971 πλείονος
1433 1939 1572 1970 κολάσεως
1587 1939 1676 1972 ἄξιος.

1055 2057 1160 2112 Μωσῆς
1178 2075 1230 2111 μὲν
1253 2074 1384 2111 ἔγραψεν,
1401 2074 1443 2101 ὃτι
1468 2073 1598 2107 Ἰδόντες
1622 2075 1650 2101 οι
1675 2075 1736 2101 υιοι
1763 2075 1815 2102 τοῦ

1019 2121 1094 2149 Θεοῦ
1117 2121 1172 2154 τὰς
1197 2120 1364 2156 θυγατέρας
1384 2119 1445 2148 τῶν
1465 2120 1640 2154 ἀνθρώπων,
1661 2120 1708 2147 ὅτι
1724 2123 1815 2148 παλαι

1019 2169 1110 2200 slew.
1123 2166 1270 2193 ἐλάϐοντο
1279 2166 1572 2209 ἐαυτοῒςτυναῖκαςτ
1596 2167 1674 2198 υἱοὺς
1689 2167 1741 2201 μὲν
1748 2167 1817 2194 Θεοῦ

985 2201 1008 2231 D
1021 2215 1086 2245 robe
1096 2213 1249 2248 ἀπογόνους
1265 2213 1313 2239 τοῦ
1329 2213 1383 2248 Σὴθ
1403 2201 1619 2248 προσαγορεῦων
1645 2212 1733 2246 (οὕτω
1763 2214 1817 2249 γὰρ

1022 2260 1096 2287 δοκεῖ
1111 2260 1271 2294 ὠνομάσθαι
1286 2259 1331 2286 διὰ
1356 2259 1387 2287 τὸ
1405 2259 1575 2295 θεομίμητον
1590 2259 1676 2286 αὑτοῦ
1700 2259 1751 2286 καὶ
1769 2261 1816 2294 τὴν

1022 2306 1151 2342 ἐνάρετον
1171 2307 1218 2334 καὶ
1251 2306 1356 2341 εὐλαϐῆ
1383 2306 1547 2341 πολιτείαν),
1582 2307 1757 2341 θυγατέρας
1785 2306 1816 2333 δὲ

1022 2353 1189 2387 ἀνθρώπων
1202 2353 1253 2385 τὰς
1263 2353 1296 2380 ὲκ
1308 2352 1357 2380 τοῦ
1368 2353 1439 2380 Κάίν
1457 2353 1505 2380 καὶ
1519 2352 1573 2380 τῶν
1587 2353 1618 2385 ἐξ
1630 2353 1717 2380 αὑτοῦ
1734 2363 1817 2381 κατα-

1022 2400 1165 2435 γομένων·
1190 2401 1205 2427 ὁ
1231 2400 1260 2427 δὲ
1279 2399 1403 2435 Μωὰμεθ
1424 2399 1582 2426 τούναντίον
1611 2399 1741 2434 εἴρηκεν·
1759 2401 1818 2427 ἀντὶ

1024 2446 1073 2482 μὲν
1087 2446 1142 2473 τῶν
1159 2446 1226 2474 υἱῶν
1242 2446 1290 2473 τοῦ
1322 2446 1391 2473 Θεοῦ
1416 2445 1528 2480 Θηλείας
1553 2445 1691 2478 ἀγγέλους
1720 2447 1816 2479 εἰπὼν,

1021 2492 1093 2520 κατὰ
1105 2492 1151 2519 τὸν
1166 2492 1288 2527 Ἕλληνα
1314 2492 1410 2527 μῦθον,
1430 2490 1509 2526 Ἶρις
1525 2491 1550 2518 δ’
1563 2489 1603 2519 αὖ
1621 2492 1729 2526 Ἑλένῃ
1748 2495 1818 2520 ,ιεινσ

1020 2539 1142 2572 κωλένῳ
1156 2539 1286 2574 ἄγγελος
1308 2537 1420 2574 ἦλθεν
1443 2539 1505 2566 ἀντὶ
1531 2539 1560 2565 δὲ
1574 2538 1629 2565 τῶν
1655 2539 1819 2574 θυγατέρων

1021 2585 1076 2612 τῶν
1089 2585 1240 2620 ἀνθρώπων
1255 2586 1333 2613 υἱοὺς
1359 2585 1511 2620 ἀνθρώπων
1534 2583 1698 2618 ἐπαγαγών.
1712 2579 1771 2612 Κὶὶ
1791 2586 1818 2610 τὸ

1024 2632 1134 2658 πάντων
1151 2631 1347 2664 ὲλεεινότατον,
1365 2631 1407 2658 ὅτι
1422 2631 1500 2666 παρὰ
1513 2631 1581 2658 Θεοῦ
1597 2630 1681 2657 τοῦτο
1692 2631 1818 2665 revisits:

1025 2677 1217 2711 καταγγέλλει,
1233 2677 1321 2710 λέγων
1332 2685 1339 2692 ·
1357 2686 1367 2703 ι
1379 2677 1538 2710 Ἐξελέξατο
1561 2677 1668 2712 Κύριος
1695 2677 1776 2712 ἡμῶν
1789 2677 1819 2702 tit

1025 2722 1124 2748 τέχναι
1141 2722 1187 2748 καὶ
1204 2721 1302 2748 ἐλαόεν
1317 2723 1350 2748 ὲκ
1367 2721 1421 2748 τῶν
1436 2722 1563 2756 ἀγγέλων
1578 2722 1705 2757 θηλείας.
1727 2722 1818 2756 ’Υμεῖς

1025 2768 1053 2794 δὲ
1064 2768 1158 2802 λέγετε
1175 2767 1271 2802 λόγους
1295 2768 1443 2803 μεγάλους,
1473 2768 1600 2795 τουτέστι
1625 2769 1766 2804 φημίξετε
1779 2768 1819 2793 τὶν

222 2844 231 2860 ³
244 2843 338 2873 Matth.
356 2855 395 2879 ιιι,
412 2848 441 2874 l7
455 2857 461 2863 '
485 2856 550 2882 xvn,
568 2849 593 2876 5.
634 2849 642 2864 ¹
656 2848 735 2876 Joun.
751 2857 799 2882 xu,
813 2849 858 2876 ‘28.
898 2850 908 2865 ³
924 2849 961 2877 Ge

1062 2850 1090 2877 2.
1128 2850 1139 2866 ⁸
1159 2849 1236 2878 Iliad.
1259 2858 1301 2877 ιιι.
