1873 3075
47 145 114 176 l3’t3

489 151 679 182 PANi)PLlA
700 154 930 194 DOGMATlCA.
948 168 981 173 —
1001 156 1076 187 TlT.
1099 157 1237 189 XXVIII.

1611 163 1621 195 1
1635 163 1679 193 ἶίϐ

41 203 109 229 Θεὸν
125 203 199 235 υἱοὺς
212 203 286 240 ἔχειν
303 206 495 248 Ἰμᾶλλονμὲν
509 205 554 234 οὖν
571 208 682 243 θηλείας
706 209 840 243 ἀγγέλους
855 213 878 240 Α
893 217 938 243 an;

910 210 1003 243 ngelos
1022 211 1147 245 feminas,
1175 213 1308 248 nymphas
1335 215 1409 243 dedit
1435 216 1478 244 ille
1499 217 1561 246 filiis
1591 219 1679 246 homi-

42 249 154 284 νύμφας
170 250 271 278 δέδωκε
290 253 346 284 τοῖς
363 254 431 285 υἱοῖς
445 253 500 280 τῶν
524 254 696 289 ἀνθρώπων
720 255 749 289 ἐξ
763 252 800 282 ὧν
811 257 836 283 οἱ

41 296 170 330 γίγαντες
200 297 397 333 ἐγεννήθησαν.
419 308 428 325 ι
456 300 511 326 Καὶ
534 300 576 327 ὅτι
601 301 650 336 μὲν
681 301 708 328 αι
727 302 836 337 θήλειαι

40 341 151 375 ἄγγελοι
167 341 217 369 οῦκ
233 344 286 370 είσι
303 343 454 380 θυγατέρες
478 345 557 380 Θεοῦ,
575 349 645 374 κατᾶ
669 349 716 375 τὸν
733 347 772 380 ις’
786 348 837 384 μῦ-

41 387 99 421 θον,
121 388 231 423 ὄμνυσι,
271 391 318 417 καὶ
346 391 486 427 ἐπαρᾶται
505 392 551 419 τὸν
576 393 656 420 τοῦτο
676 394 837 430 ὑπολαμϐά-

40 442 134 460 νοντα.’
148 435 189 462 ὅτι
203 435 232 462 δὲ
248 435 358 471 θήλειαι
374 437 487 472 ἄγγελοί
514 439 594 472 εἶσιν,
609 439 761 475 ἐνίσταται,
786 443 835 469 καὶ

39 480 248 517 διισχυρίζεται.
269 482 342 509 Ἀλλ’
356 484 380 510 εί
396 484 443 511 καὶ
460 484 565 521 δοθείη,
587 486 656 522 ὅπερ
677 488 832 523 ἀμήχανον,

38 528 123 563 ἄνδρα
139 529 234 566 θηλείᾳ
250 530 358 566 ἀγγέλῳ
374 532 533 567 μίγνυσθαι,
550 535 597 561 καὶ
611 537 792 571 σπερμαίνειν
805 537 833 564 ἐν

38 575 106 610 αὐτῇ
118 583 126 590 ·
147 575 177 602 ὲν
192 575 258 610 ποίᾳ
268 576 360 613 μήτρᾳ
378 577 485 610 συνέξει
500 579 548 606 καὶ
565 578 674 611 ζωώσει
691 582 721 607 τὸ
734 590 832 615 σωμα-

36 620 113 647 τικὸν
126 621 239 656 σπέρμα
254 622 270 657 ἡ
287 622 452 657 ἀσώματοςς
470 624 538 660 [Iota
552 625 580 651 δὲ
597 626 761 662 καταλλήλῳ
779 626 831 663 ὕλῃ

37 665 136 701 θρέψει
149 666 247 701 τοῦτο;
277 668 336 700 πῶς
350 668 378 695 δὲ
406 669 455 696 καὶ
473 671 639 705 ὲγγάστριον
657 672 786 708 περιάξει
801 673 832 699 τὸ

37 712 154 748 βρέφος;
171 713 230 746 πῶς
249 714 278 741 δὲ
292 716 339 742 καὶ
357 715 527 752 γαλουχήσει
549 717 579 744 τὸ
594 718 701 753 χυμοὺς
718 719 832 754 θρεπτι-

34 759 100 791 χοὺς
115 759 211 792 εἰωθὸς
226 761 397 789 ἐπισπᾶσθαι
428 762 499 794 ζῶον
524 764 540 798 ὴ
559 764 641 796 ἀῦλος
655 765 702 792 καὶ
715 766 831 801 ἄναιμος

34 805 135 840 φύσις
165 806 223 834 Οὐκ
246 807 301 843 ἄρα
320 809 431 841 πάντως
449 809 512 836 οὔτε
541 810 638 846 enim
654 812 730 838 ἐστιν
747 812 830 847 ἀγγε-

34 852 94 884 λος·
112 853 144 879 τὸ
161 855 216 888 γαρ
231 854 317 890 ἄρρεν
337 857 384 883 καὶ
400 856 431 883 τὸ
458 857 527 892 θῆλυ
543 858 679 893 σωμάτων
693 859 758 886 ἴδια.

890 257 1112 290 num;equibus
1129 258 1252 291 gigantes
1278 261 1334 287 nati
1365 266 1437 288 sunt.
1480 272 1489 288 ι
1521 263 1579 291 Jam
1611 272 1676 293 vero

888 301 999 335 angelos
1018 301 1134 328 feminas
1147 310 1200 330 nou
1222 310 1282 331 esse
1299 305 1367 333 ﬁlias
1383 306 1441 339 Dei,
1459 313 1500 334 ut.
1517 314 1558 336 θδι
1583 309 1609 336 iu
1636 310 1677 337 fa-

888 346 956 374 bella
973 355 1027 380 xw,
1042 348 1222 383 jurejurando
1256 350 1392 384 afﬁrmat;
1423 360 1538 388 eumque
1564 356 1609 389 qui
1643 357 1677 384 ita

888 394 1025 428 opinetur.
1042 401 1212 423 exsecratur.
1227 397 1304 431 Quod
1316 406 1379 425 vero
1390 399 1498 428 feminae
1512 401 1599 435 angeli
1612 404 1677 435 sint,

886 440 984 468 iterum
998 441 1149 477 iterumque
1176 443 1291 471 afﬁrmat
1316 449 1343 472 et
1373 448 1519 480 pertendit.
1545 448 1622 480 Quod
1654 450 1677 476 si

886 488 968 515 etiam
997 488 1118 523 daretur,
1150 492 1222 525 quod
1247 495 1337 518 tamen
1370 492 1428 519 fieri
1458 494 1563 529 nequit,
1589 497 1676 523 virum

884 542 944 562 cum
960 535 1059 563 femina
1073 537 1169 571 angelo
1183 545 1239 564 rem
1252 538 1364 572 habere,
1385 545 1413 566 et
1439 548 1532 568 semen
1555 542 1579 568 iu
1601 550 1676 569 eam-

885 582 944 609 dem
957 583 1084 610 eminere
1102 592 1110 611 :
1127 591 1254 619 quanam,
1274 587 1351 618 cedo,
1378 587 1494 615 matrice
1514 589 1674 621 continebit,

883 632 910 653 et
926 627 1016 655 vivum
1034 629 1133 656 elliciet
1146 637 1177 657 ea
1187 638 1248 665 qum
1260 632 1384 666 corporis
1395 637 1436 659 est
1451 641 1558 668 expers,
1580 642 1674 662 semen

883 680 1045 708 corporeum
1063 675 1075 701 ‘l
1095 675 1207 709 Deinde,
1229 685 1348 712 quanam
1361 684 1530 713 Congruente
1546 680 1675 709 alimonia

882 722 984 750 nutriet
1005 723 1077 751 istud
1092 724 1103 750 7
1116 726 1253 759 quomodo
1286 726 1428 760 infantem,
1448 729 1492 763 qui
1519 734 1582 757 ante
1611 738 1676 765 par-

883 773 940 795 tum
968 768 995 796 in
1019 774 1114 798 ventre
1145 770 1263 804 fovetur,
1308 772 1484 802 circumferet
1513 775 1525 802 ?
1551 775 1675 811 Denique

880 815 1017 849 quomodo
1034 816 1103 844 lacte
1116 816 1217 845 fovebit
1229 819 1339 852 animal,
1354 821 1426 854 quod
1439 828 1536 850 succos
1549 824 1674 850 nutrien-

881 865 921 887 tes
954 861 1091 889 attrahere
1123 863 1287 896 consuevit,
1328 872 1359 892 ea
1389 873 1450 900 qua:
1481 867 1603 894 materiae
1645 871 1673 895 et

33 899 177 934 sanguinis
196 905 238 927 est
263 908 363 938 expers
377 908 473 930 natura
485 905 503 938 τ.
528 903 588 932 Non
613 905 697 941 igitur
733 906 847 934 omnino
863 912 904 935 est
930 908 1042 943 angelus
1055 908 1176 938 femina:
1195 910 1297 938 femina
1318 911 1391 940 enim
1422 917 1451 941 et
1483 921 1540 943 mas
1565 915 1672 950 propria

33 950 95 973 Sllﬂl
119 953 269 981 corpororu
274 957 296 975 nl
302 969 309 976 .

69 992 97 1020 ι’.
107 993 224 1028 Είσάγει
236 996 283 1022 τὸν
291 996 358 1024 Θεὸν
368 997 443 1034 αὐτῷ
451 998 573 1027 τοιοῦτον
582 1000 664 1037 ὅρκον
677 1001 825 1036 ὀμνύοντα,
842 1005 864 1033 Β
915 1001 938 1028 14

915 1001 960 1029 10.
975 1001 1082 1030 inducit
1101 1003 1184 1031 Deum
1198 1012 1276 1032 suum
1289 1004 1334 1032 tali
1347 1005 1525 1041 jurejurando
1543 1017 1602 1037 sese
1617 1012 1672 1038 ob-

35 1048 44 1064 t
62 1039 108 1066 Μά
126 1040 223 1074 φουλκὶ
247 1041 303 1068 τῶν
337 1043 474 1077 φουλκῶν,
500 1045 547 1071 καὶ
567 1046 744 1082 προθίσματα
761 1056 827 1082 προ-

31 1085 186 1120 Θισμάτιυν.
207 1097 216 1113 ι
247 1089 301 1115 Kal
331 1087 412 1121 αὖθις
431 1091 460 1118 ἐν
485 1091 573 1127 ἑτέρῳ
590 1093 727 1128 μυθαρίῳ,
749 1103 758 1119 ι
780 1094 828 1121 Μὰ

30 1130 185 1166 λικμοῦντα
211 1133 395 1170 λικμούντων,
423 1136 471 1163 καὶ
498 1136 687 1172 βασταζούσας
711 1139 824 1174 γάμους,

32 1179 77 1205 καὶ
97 1178 249 1215 τρεχούσας
269 1180 388 1215 εὐθεῖαν,
412 1184 511 1210 καὶτὰ
529 1183 676 1219 μερίζοντα
695 1187 826 1222 πράγμα-

31 1232 65 1250 τα
76 1231 82 1238 ·
106 1234 115 1249 ι
135 1225 181 1251 xal
194 1225 275 1252 πάλιν
287 1226 315 1253 έν
329 1227 426 1263 ἐτέρῳο
440 1237 449 1254 ›
461 1228 508 1256 Μὰ
522 1229 552 1256 τὸ
568 1229 640 1264 ὅρος,
656 1231 705 1257 καὶ
716 1231 826 1266 γραφὴν

31 1270 243 1306 δ.στιχισμένην
259 1272 289 1298 ἐν
306 1272 462 1309 μεμϐράνῳ
478 1274 543 1309 λιτῷ
558 1282 566 1290 ·
582 1277 630 1301 καὶ
646 1275 676 1302 τδ
692 1276 825 1311 ὁστιήτιον

31 1317 61 1342 τὺ
77 1316 303 1352 ᾠκοδομημένον,
315 1319 363 1345 καὶ
377 1319 407 1346 τὺ
423 1320 519 1354 στέγος
535 1320 564 1348 τὸ
580 1322 760 1357 σηκούμενον,
777 1324 825 1350 καὶ

31 1362 79 1397 τὴν
93 1362 234 1389 θάλασσαν
248 1363 298 1399 τὴν
311 1364 469 1402 δεδεμένην.
490 1376 500 1392 ι
523 1367 579 1394 Kal
593 1369 621 1394 ὲν
639 1369 745 1403 ἑτέροις
757 1368 825 1396 ἄλλα

31 1409 94 1434 τινὰ
110 1408 266 1445 βαρϐαρικὰ
273 1411 321 1438 καὶ
337 1412 451 1447 ἀνόητα,
467 1413 578 1449 καὶτῆς
593 1415 677 1442 αὐτοῦ
691 1416 825 1452 φλυαρίας

32 1455 79 1481 καὶ
89 1455 305 1490 φρενοὸλαϐείας
317 1457 369 1484 οὐκ
385 1459 545 1487 ἀποδέοντα.
559 1461 616 1488 Kal
637 1461 757 1498 ἀλλαχοῦ
772 1463 825 1491 πά·

31 1500 92 1527 λιν⁶
124 1510 133 1527 ι
153 1502 198 1529 Μὰ
222 1503 268 1530 τὸν
297 1503 420 1540 κάλαμον
447 1507 495 1533 καὶ
514 1506 532 1534 ἃ
554 1509 740 1543 στιχιζουσιη
767 1509 824 1537 Kal

31 1546 115 1573 πάλιν
127 1547 156 1573 ὲν
167 1547 348 1585 ἀλλοιςρρκον
363 1551 520 1587 πεποίηται,
540 1562 550 1579 ‹
570 1554 616 1580 Μὰ
631 1554 681 1586 τὰς
703 1555 823 1583 ἀπολυοπ

32 1593 117 1627 μένας
140 1593 257 1628 ὁρδίνου,
278 1596 325 1622 καὶ
356 1597 525 1631 καταιγίδων
560 1600 743 1634 καταιγίδας,
776 1601 823 1628 καὶ

30 1639 212 1667 ἀπλωθέντων
227 1641 394 1677 διπλώματα,
411 1643 459 1670 καὶ
473 1644 617 1679 χωρούσας
630 1645 761 1682 χώρημα,
773 1647 822 1684 και

32 1686 184 1721 ριπτούσας
201 1688 314 1723 γνώμην
328 1689 542 1726 ἁπολογητικήν.
563 1700 573 1717 ι
605 1691 675 1718 Kal'
689 1691 768 1725 αὖθις
792 1694 821 1721 ὲν

30 1732 141 1764 ἄλλοις·
161 1742 169 1758 ι
185 1733 232 1760 Μὰ
256 1734 305 1766 τὰς
320 1735 522 1771 ἀνασπωμένας
541 1737 673 1774 βόλισμα,
692 1740 740 1766 καὶ
754 1741 823 1775 ἀφε-

29 1778 147 1814 λομένας
160 1780 304 1814 ἀφέλωμα,
333 1781 380 1807 καὶ
393 1783 583 1816 κολυμὸούσας
599 1785 746 1820 κόλυμὸον,
774 1787 820 1813 καὶ

30 1823 223 1857 προλαὸούσας
240 1824 422 1861 προλάΰωμα,
435 1828 483 1854 καὶ
493 1827 649 1861 διωκούσας
658 1831 777 1866 πρᾶγμα
792 1832 821 1858 έν

29 1871 124 1908 ἡμέρᾳ
148 1871 177 1898 ἐν
226 1872 293 1899 σείει
310 1875 440 1909 σεισμός”
461 1885 470 1902 ι
501 1877 550 1903 καὶ
567 1875 645 1910 αὖθις
661 1879 690 1905 ὲν
716 1880 819 1916 ἐτέρῳο

33 1928 42 1943 ι
55 1919 104 1945 Μὰ
112 1918 157 1946 τὸν
166 1919 281 1954 οὐρανὸν
289 1920 336 1947 τὸν
349 1923 576 1957 πεπυργωμένον,
591 1925 637 1950 καὶ
649 1924 698 1960 τὴν
713 1925 821 1961 ἡμέραν

32 1964 83 2000 τῆς
101 1966 249 2000 συνταγῆςε
260 1967 306 1993 καὶ
321 1967 427 2002 μάρτυν
437 1968 485 1994 καὶ
501 1969 753 2004 μαρτυρούμενον.»
765 1970 821 1998 Kal

28 2010 113 2038 πάλιν
132 2010 159 2037 ἐν
177 2011 283 2047 ἑτέρῳ·
303 2021 313 2038 ι
327 2013 374 2039 Μὰ
394 2013 439 2039 τὸν
453 2015 569 2050 οὐρανὸν
596 2016 643 2042 καὶ
658 2016 705 2043 τὸν
724 2017 820 2045 ’Λλτα-

28 2056 85 2092 pix.
103 2065 113 2082 ι
128 2057 182 2084 Καί
196 2058 222 2084 τί
239 2056 314 2089 οἶδας
329 2059 356 2085 τί
367 2058 398 2085 τὸ
416 2059 564 2095 Ἀλταρίκ;
586 2061 616 2088 '0
628 2062 716 2098 ἀστὴρ
730 2064 744 2090 ὁ
756 2072 821 2100 τρυ-

25 2103 133 2139 πητός·
162 2104 210 2131 καὶ
237 2105 266 2131 ὲν
296 2105 369 2140 ἄλλῳ
391 2106 490 2133 πάλινυ
519 2116 530 2133 ι
547 2108 593 2134 Μὰ
607 2108 639 2135 τὸ
667 2109 750 2144 abre;
774 2111 821 2137 καὶ

25 2151 131 2182 νύκτας
145 2150 227 2177 δέκα·
242 2152 289 2179 καὶ
305 2152 321 2187 ἡ
338 2153 408 2188 ζυγὴ
421 2154 468 2180 καὶ
483 2154 499 2187 ἠ
518 2154 643 2190 ἀποζυγή
655 2163 662 2170 ·
679 2156 726 2182 καὶ
740 2157 757 2192 ἡ
772 2156 821 2189 νὺξ

27 2199 95 2224 όταν
106 2196 278 2231 ὲφαπλῶται.
294 2207 304 2224 ι
317 2198 373 2224 Kal
387 2198 464 2230 αὖθις
475 2199 504 2226 ἐν
514 2199 587 2235 ἄλλῳ
597 2208 604 2216 ’
616 2210 625 2227 ι
640 2201 688 2228 Μὰ
705 2201 754 2233 τὰς
772 2210 820 2228 συ-

26 2244 80 2275 κείς
94 2244 140 2269 καὶ
152 2244 201 2274 τὰς
214 2243 308 2275 ἐλαίας
319 2244 367 2270 τοῦ
375 2245 450 2276 Σινᾶ,
463 2245 510 2272 καὶ
520 2246 624 2281 ταύτην
637 2247 687 2282 τὴν
699 2247 817 2286 χώραν.)

26 2291 85 2317 Kal
104 2290 133 2316 ὲν
148 2290 221 2325 ἄλλῳ
237 2289 336 2317 πάλιν·
358 2299 368 2316 ι
387 2291 435 2318 Μὰ
451 2291 501 2322 τὰς
527 2291 685 2327 δραμούσας
706 2295 736 2320 έν
752 2295 820 2321 ὑλα-

26 2336 134 2371 κισμῷ,
158 2337 207 2363 καὶ
223 2336 273 2368 τὰς
295 2336 474 2369 δεικνυούσας
487 2338 656 2373 πυροόολίαν
669 2358 677 2371 ,
707 2339 755 2366 καὶ
769 2340 820 2372 τὰς
835 2354 858 2382 D

27 2383 252 2418 περιπιπτούσας
269 2383 309 2415 είς
322 2383 353 2409 τὸ
367 2391 461 2418 αυγος,
477 2385 522 2411 καὶ
536 2385 710 2419 ταράξαντας
727 2387 766 2419 εἰς
789 2387 819 2414 τὸ

26 2428 215 2465 ὐδρόσταθμα.
234 2438 243 2454 ι
269 2429 323 2455 Kal
340 2429 458 2465 ἀλλαχοῦ
470 2438 477 2445 ·
499 2439 508 2456 ι
523 2430 570 2457 Μὰ
590 2431 638 2458 τὸν
659 2431 786 2468 Ἀλεζερ.
805 2443 815 2460 ι

26 2475 139 2503 Τούτων
151 2475 180 2502 δὲ
188 2475 242 2502 τῶν
254 2475 344 2511 ὅρκων
361 2476 425 2508 τοὺς
442 2477 491 2510 μὲν
503 2477 550 2503 τοῦ
564 2477 629 2513 παρ’
647 2478 730 2505 αὐτοῦ
749 2479 817 2506 Θεοῦ

26 2529 112 2556 φησιν
128 2519 206 2553 εἶναι,
221 2521 284 2552 τοὺς
296 2520 325 2547 δὲ
338 2520 418 2551 αὐτὸς
428 2521 537 2556 ὄμνυσι,
553 2521 752 2557 καταπλήττων
765 2523 817 2550 κάν

25 2567 134 2599 τούτοις
149 2567 211 2598 τοὺς
225 2566 392 2601 βαρϐάρους,
415 2567 463 2593 καὶ
489 2567 575 2594 Θέλων
600 2567 685 2601 δεῖξαι
711 2568 818 2601 τούτοις

25 2613 200 2648 πολυμαθὴς,
215 2612 262 2639 καὶ
269 2612 354 2648 βαθέα
369 2614 508 2648 μυστήρια
519 2614 712 2649 ἐπιστάμενος,
725 2614 818 2650 ὥσπερ

25 2660 76 2687 καὶ
90 2659 153 2686 ὅταν
166 2659 244 2695 λέγῃ,
261 2668 271 2685 ι
293 2658 451 2694 Ἐπιγραφὴ
468 2659 509 2690 είς
522 2659 553 2686 τὸ
575 2660 676 2687 Ἀκκά·
693 2670 702 2687 ›
724 2662 770 2688 καὶ
793 2663 819 2688 τί

25 2705 105 2738 οἶδας
118 2705 144 2732 τί
163 2705 194 2732 τὸ
213 2705 300 2733 Ἀκκά
313 2713 321 2738 ;
336 2706 384 2732 καὶ
399 2706 467 2733 ἀλλα
494 2705 579 2734 πολλὰ
595 2706 707 2733 τοιαῦτα
719 2716 816 2735 παντε-

26 2753 85 2784 λῶς
101 2752 262 2788 δύσφραστα
274 2753 321 2779 καὶ
336 2753 452 2787 ἀνόητα,
471 2753 519 2780 καὶ
530 2754 579 2785 τὰς
599 2753 684 2785 ἀκοὰς
700 2762 819 2781 κατατυ-

28 2798 136 2826 ποῦντα
144 2798 200 2825 τῶν
215 2798 447 2834 μαθητευομένων
459 2799 544 2836 αὐτῷ.

68 2877 133 2907 Ἔτι
148 2879 293 2914 ἐξόμνυται
316 2879 438 2916 Μωάμεθ
455 2880 526 2909 κατά
537 2889 567 2909 τε
586 2881 660 2916 ἡλίου
675 2882 722 2909 καὶ
740 2881 819 2917 σελή-

880 1048 1058 1082 stringentem
1073 1058 1080 1076 :
1099 1059 1108 1075 ι
1124 1049 1171 1078 Na:
1188 1058 1237 1085 per
1251 1051 1364 1086 phulcos
1378 1053 1548 1087 pbulcorum,
1567 1062 1593 1083 et
1608 1065 1672 1092 pro-

882 1094 1011 1122 thismata
1030 1096 1249 1131 prothismatum.
1271 1107 1281 1125 ι
1315 1099 1349 1125 Ει
1364 1100 1462 1127 iterum
1480 1101 1505 1127 in
1522 1102 1573 1129 alia
1589 1103 1672 1131 fabel-

879 1140 902 1167 la
922 1148 929 1167 :
952 1150 961 1166 ι
987 1141 1032 1168 Nae
1053 1149 1101 1176 per
1117 1141 1248 1169 licmunta
1267 1142 1443 1177 licinuntum,
1479 1150 1506 1172 et
1530 1153 1671 1181 portantes

878 1193 972 1219 onera,
999 1192 1194 1222 currentesque
1223 1193 1325 1215 TCClalﬂ
1338 1189 1422 1223 viam,
1439 1195 1467 1217 et
1482 1199 1513 1218 ea
1542 1201 1602 1228 ειυω
1625 1203 1669 1222 res

877 1231 1041 1264 partiuntur.
1061 1241 1070 1257 ι
1104 1232 1136 1259 Et
1153 1233 1248 1260 iterum
1266 1233 1294 1260 in
1324 1233 1376 1261 alia
1396 1244 1402 1262 :
1419 1244 1428 1261 ι
1455 1235 1500 1263 Na:
1515 1245 1564 1272 per
1593 1247 1669 1266 lttOtt-

878 1279 931 1303 tem
948 1281 975 1304 et
999 1276 1163 1312 scripturam
1194 1278 1301 1306 duobus
1329 1280 1453 1309 versibus
1483 1283 1613 1318 scriptam
1641 1286 1668 1313 in

876 1320 1034 1355 membrana
1065 1321 1160 1354 tenui;
1189 1326 1217 1349 et
1249 1321 1396 1357 hospitium
1439 1325 1612 1360 aediﬁcatum.
1641 1335 1669 1357 et

877 1370 981 1393 rectum
999 1368 1070 1401 quod
1085 1369 1258 1403 appenditur,
1277 1374 1303 1396 et
1329 1378 1378 1405 per
1397 1369 1473 1400 mare
1500 1374 1632 1403 vinctum.
1653 1386 1663 1403 ι

877 1414 910 1441 Ει
927 1414 953 1441 in
969 1413 1030 1442 aliis
1061 1415 1113 1442 alia
1134 1417 1256 1449 quaedam
1280 1416 1435 1451 barbarica,
1455 1420 1548 1454 stulta,
1563 1422 1667 1458 inepta.

877 1467 927 1487 nec
939 1459 1027 1487 aliena
1051 1460 1084 1487 ab
1117 1461 1203 1496 ipsius
1231 1463 1311 1496 nugis
1331 1468 1358 1490 et
1382 1466 1511 1494 amentia.
1544 1467 1576 1495 Et
1603 1469 1668 1498 alibi

876 1513 1008 1533 rursum:
1043 1515 1053 1532 ι
1083 1505 1135 1534 Per
1168 1508 1315 1541 Calamum,
1351 1515 1379 1537 et.
1412 1518 1473 1545 qua:
1497 1513 1668 1550 distinguunt

876 1558 982 1579 versus.
1003 1560 1013 1577 ι
1031 1551 1064 1579 Ει
1084 1552 1181 1579 iterum
1199 1552 1224 1580 in
1241 1553 1501 1588 aliisjuramentum
1518 1559 1636 1594 concipit
1656 1568 1666 1589 ε

878 1605 888 1622 ι
909 1596 962 1624 Per
987 1597 1128 1626 absolutas
1145 1599 1252 1632 ordine,
1280 1604 1308 1626 et
1334 1607 1381 1634 per
1398 1603 1578 1636 procellarum
1606 1614 1668 1640 pro-

877 1642 972 1677 cellas,
990 1651 1038 1679 per
1052 1651 1233 1679 expensorum
1251 1647 1445 1680 expansiones,
1463 1654 1491 1676 et
1523 1652 1666 1686 capientes

965 1675 998 1679 ν.
1088 1675 1094 1679 .
1289 1675 1294 1680 .
1439 1675 1444 1680 .
1471 1675 1474 1676 ν
1526 1675 1663 1686 ,νγ--..η-

835 1675 858 1705 C
877 1693 1084 1724 conceptamen,
1098 1690 1268 1724 etjacicntes
1278 1693 1440 1720 sententiam
1451 1694 1629 1724 defensoriam
1640 1708 1663 1725 ,ι

874 1735 908 1763 Ει
922 1736 1019 1762 iterum
1033 1735 1059 1762 in
1082 1736 1163 1763 aliis:
1189 1745 1198 1762 ι
1228 1735 1276 1763 Na:
1307 1745 1356 1772 per
1382 1746 1429 1766 eas
1447 1747 1506 1774 qua:
1524 1747 1550 1768 at
1566 1744 1667 1772 raliuut

873 1781 1003 1814 bolidem,
1022 1789 1070 1816 per
1082 1781 1234 1809 adimentes
1260 1784 1440 1818 adimentum,
1469 1793 1517 1821 per
1540 1794 1665 1817 natantes

872 1827 1050 1861 natationem,
1067 1834 1115 1862 per
1128 1828 1308 1862 anticipantes
1325 1830 1519 1866 anticipamen,
1538 1841 1585 1867 per
1617 1836 1665 1862 ad-

876 1872 1068 1900 ministrantes
1091 1873 1229 1908 negotium
1261 1875 1287 1901 in
1312 1875 1355 1902 die
1382 1883 1437 1910 quo
1464 1881 1545 1905 terra:
1575 1884 1665 1911 motus

872 1920 971 1954 quatit.
986 1928 995 1946 ι
1007 1919 1155 1947 Etrursum
1174 1921 1200 1947 in
1212 1921 1265 1948 alia
1283 1929 1290 1948 :
1311 1930 1321 1948 ι
1340 1921 1386 1949 Na:
1400 1930 1448 1956 per
1463 1925 1560 1952 malum
1584 1928 1664 1954 turri-

872 1969 940 1998 tum,
956 1969 984 1991 et
996 1963 1067 1991 diem
1083 1965 1298 2001 compoaitiouis,
1315 1975 1364 2002 per
1379 1974 1474 1996 testem
1488 1975 1515 1997 et
1535 1973 1665 1999 testifica-

873 2014 942 2037 tum.
964 2018 973 2035 ι
997 2010 1029 2037 Et
1044 2011 1282 2040 rursuminalia:
1316 2023 1325 2039 ι
1356 2012 1404 2042 Na:
1431 2022 1479 2049 per
1506 2017 1606 2044 caelum
1637 2025 1664 2046 et

871 2054 986 2082 Altarilt.
1003 2064 1013 2081 ι
1033 2055 1067 2082 Ει
1093 2055 1138 2089 qui
1167 2055 1237 2083 scire
1264 2057 1352 2090 possis
1380 2058 1446 2093 quid
1475 2059 1512 2086 sit
1535 2061 1663 2090 Altarik?

875 2108 884 2125 ι
899 2099 1102 2134 Stella,inquit,
1113 2099 1276 2134 perforata.»
1290 2102 1355 2129 Elin
1367 2102 1488 2131 alioloco
1504 2113 1511 2132 :
1532 2113 1541 2130 ι
1553 2105 1598 2132 Nae
1614 2112 1663 2141 per

873 2145 1004 2181 fulgorem
1019 2150 1046 2172 et
1064 2151 1156 2173 noctes
1173 2146 1269 2174 decem
1285 2155 1293 2175 :
1321 2148 1536 2182 perjuucluram
1563 2155 1590 2177 et
1617 2159 1661 2178 se-

871 2191 1042 2226 juncturam,
1060 2199 1109 2225 per
1125 2196 1231 2219 noctem
1254 2200 1316 2220 cum
1332 2200 1452 2228 expansa
1469 2194 1561 2223 fuerit.
1589 2206 1599 2222 ι
1629 2197 1663 2224 Et.

872 2246 968 2266 rursus
980 2239 1006 2264 in
1037 2238 1111 2266 alio:
1135 2247 1143 2264 ι
1165 2237 1210 2264 Νςε
1224 2246 1272 2272 per
1281 2239 1347 2267 ﬁcus
1365 2245 1391 2267 et
1405 2241 1479 2268 oleas
1497 2244 1597 2270 momis
1621 2244 1664 2271 Si-

871 2291 919 2315 na,
941 2289 968 2311 et
985 2291 1032 2318 per
1049 2284 1122 2311 hanc
1136 2284 1287 2318 regionem.
1303 2294 1312 2310 ι
1330 2285 1398 2312 Etin
1413 2286 1467 2313 alio
1484 2295 1491 2313 :
1522 2296 1530 2313 ι
1553 2288 1598 2315 Na:
1615 2297 1662 2324 per

872 2336 1026 2357 currentem
1043 2330 1068 2357 in
1102 2330 1214 2362 latratu.
1251 2335 1278 2358 et
1307 2339 1356 2366 per
1380 2339 1565 2362 monstrantes
1591 2335 1661 2370 ignis

869 2375 1042 2410 jacula;per
1062 2383 1122 2404 eam
1138 2384 1199 2411 qua:
1224 2377 1322 2404 incidit
1345 2378 1371 2405 in
1395 2379 1538 2414 fulgorem,
1559 2386 1586 2408 et
1612 2389 1662 2415 per

871 2429 918 2449 eos
934 2423 979 2456 qui
999 2423 1109 2450 turbant
1127 2431 1227 2458 aquam
1257 2430 1439 2460 stagnantem.
1472 2436 1482 2453 ι
1501 2427 1535 2454 Et
1563 2429 1627 2456 alibi
1651 2438 1657 2456 :

874 2476 883 2493 ι
900 2466 946 2495 Nae
959 2475 1006 2502 per
1024 2468 1132 2496 Alezer.
1149 2478 1158 2495 ι
1172 2469 1273 2497 llarum
1288 2477 1352 2498 vero
1364 2471 1543 2499 formularum
1563 2474 1659 2507 juran—

871 2514 909 2546 di,
940 2515 1007 2542 alias
1025 2516 1135 2550 quidem
1153 2517 1196 2544 sui
1214 2516 1261 2544 Dei
1270 2524 1332 2545 esse
1346 2518 1404 2550 ait;
1419 2518 1479 2546 aliis
1505 2527 1568 2546 vero
1601 2520 1658 2556 ipse

872 2562 968 2593 utitur,
992 2562 1086 2589 volens
1103 2563 1130 2589 in
1162 2563 1206 2591 his
1244 2572 1352 2601 quoque
1380 2566 1511 2595 barbaros
1533 2573 1656 2596 conster-

871 2614 948 2640 nare,
982 2613 1063 2641 atque
1091 2608 1238 2637 ostendere
1262 2617 1293 2637 se
1329 2611 1506 2647 multiplicem
1539 2613 1658 2648 discipli-

871 2661 934 2680 nam
962 2661 993 2682 ac
1022 2654 1158 2688 profunda
1185 2657 1312 2691 mysteria
1337 2658 1455 2692 callere;
1485 2663 1513 2686 ut
1539 2663 1567 2686 et
1594 2667 1655 2687 cum

871 2700 955 2728 dicit:
969 2700 1112 2736 Inscriptio
1127 2702 1154 2728 in
1172 2702 1265 2734 Acca;
1282 2707 1310 2730 et
1326 2704 1371 2738 qui
1393 2705 1463 2732 scire
1488 2705 1578 2739 possis
1592 2706 1657 2739 quid

875 2745 909 2772 sit
920 2745 1128 2781 Accalaliaque
1142 2748 1274 2782 permulta
1287 2749 1430 2783 ejusmodi.
1443 2758 1502 2785 quae
1515 2756 1540 2778 et
1552 2752 1656 2786 prolatu

871 2797 934 2819 sunt
955 2792 1086 2825 difﬁcilia,
1106 2799 1132 2819 et
1147 2793 1258 2829 intelligi
1275 2802 1386 2829 prorsus
1406 2802 1554 2831 nequeunt,
1575 2804 1657 2827 aures

872 2846 970 2874 nempe
981 2846 1095 2866 suorum
1107 2839 1302 2874 discipulorum
1318 2842 1503 2876 pcrcellenlia.

907 2884 984 2913 Jurat
1008 2890 1138 2919 praeterea
1173 2885 1308 2915 Moametb
1341 2894 1389 2921 per
1420 2888 1528 2921 solem,
1550 2889 1654 2921 lunam.
