1873 3075
51 131 112 164 1349
466 125 653 157 PANOPLIA
674 121 902 154 DOGMATICA.
921 133 956 140 --
972 121 1046 151 TlT.
1061 120 1199 152 XXVIII.
1590 116 1662 151 1350

47 199 95 218 σιν,
103 188 176 216 Ἀλλά
184 188 242 220 πῶς
252 187 344 223 ἄψυχα
355 185 440 213 ταῦτα
448 185 522 218 ὄντα,
531 183 658 211 ίππεύειν
673 183 799 210 δύνανται
809 188 816 213 ς

919 180 1004 208 ιηιοάο
1021 187 1087 209 haec.
1102 187 1161 206 cum
1177 182 1230 206 sint
1244 177 1373 209 inanima,
1386 175 1509 209 equitare
1525 175 1661 209 p05>lllll1

48 237 101 268 πῶς
115 235 139 262 δὲ
155 234 199 261 καὶ
214 234 239 260 οἱ
259 221 337 260 ἵπποι
352 232 443 267 δχημα
460 230 546 266 πυρὸς
557 229 627 257 εἷναι
649 228 818 263 ὕποστήσον-

919 226 1079 260 »[ηοιίοεηυὶ
1093 225 1163 260 ignis
1192 222 1348 251 vehiculum
1375 230 1434 249 esse
1469 221 1661 249 sustinebunt?

46 267 100 315 ταις
115 281 201 316 Γήῖνος
216 280 270 314 γὰρ
288 279 404 310 ἕκαστος
423 278 515 310 ἵππος,
532 278 579 304 καὶ
596 275 702 310 δαπάνη
721 274 819 309 πυρός.

919 280 965 299 ius
975 271 1048 299 enim
1069 270 1208 298 terrestris
1221 274 1272 302 est,
1289 273 1315 296 et
1332 268 1386 302 igni
1402 267 1548 303 deﬂagrare
1561 272 1661 302 potest.

48 328 78 354 Ol
92 327 117 354 δὲ
133 314 198 353 πιστὰ
213 325 259 352 τδν
280 325 373 351 Ἠλίαν
391 324 510 360 ἔμπυροι
532 323 609 350 ἵπποι
626 322 656 349 οὐ
683 320 764 356 φύσιν
782 317 820 346 εῖ-

919 327 937 346 a
951 326 1013 346 vero
1029 317 1066 346 illi
1080 318 1150 353 ignei
1168 317 1228 351 equi
1258 316 1370 351 ﬁguram
1382 322 1512 348 equorum
1536 314 1660 349 prefere-

47 383 91 409 χον
103 374 198 405 ίππων,
214 371 282 399 ἀλλὰ
299 371 393 407 σχῆμα
407 370 500 406 μόνον,
516 368 627 404 ἄγγελοι
640 367 708 395 Θεοῦ
721 365 822 402 τυγχά-

919 369 948 399 tt,
961 372 1021 393 cum
1036 371 1129 393 revera
1142 363 1230 398 angeli
1242 362 1289 392 Dei
1305 366 1407 390 essent.

46 429 184 492 vo::'£.‘.'Ex
195 464 307 500 βδέλλης
334 462 477 499 ἄνθρωπον
497 461 620 497 γίνεσθαι
634 461 720 494 λέγει,
741 460 823 488 Ἀλλά

47 512 104 544 πῶς
117 513 146 538 ὲκ
172 511 219 538 τοῦ
238 510 400 545 ἀτιμοτάτου
423 509 454 536 τὺ
467 508 642 544 τιμιώτατον,
663 507 712 535 καὶ
728 508 760 534 ὲκ
775 506 822 533 τοῦ

48 557 142 592 ἀλόγου
157 556 201 583 τὸν
212 555 334 590 λογικδν,
349 555 398 582 καὶ
413 554 445 581 ἐκ
457 553 505 581 τοῦ
526 552 644 588 φευκτοῦ
659 552 690 579 τδ
707 551 821 584 εὐκτόν;

82 690 129 725 ις’.
141 691 187 718 Ἕκ
197 689 307 717 πάντων
314 689 369 716 τῶν
378 688 456 720 ζώων
464 688 513 724 τῆς
525 687 652 724 βρώσεως
663 685 826 720 ἀποπέμπει

47 747 92 766 ται
101 737 176 774 μόνον
191 736 237 763 τὸν
251 737 356 771 χοῖρον·
372 735 433 762 οὔτε
447 735 476 761 δὲ
490 734 569 767 κύνα,
583 733 646 760 οὔτε
658 732 751 764 λύκον,
764 731 826 758 οὔτε

46 794 72 812 τι
94 785 170 811 ἀλλο·
189 783 258 811 ἀλλὰ
274 781 383 809 πάντων
401 782 526 816 μετέχειν
546 779 733 815 προτρέπεται
761 778 826 809 τοὺς

49 831 96 858 ὑπ’
105 830 183 857 αὐτοῦ
200 828 396 864 ἠπατημένους
406 836 413 843 ·
425 837 434 853 t
444 828 548 862 Φάγετε
562 826 627 860 γὰρ,
642 834 651 851 ι
667 825 760 859 φησὶν,
774 833 783 849 t
796 824 828 850 bc

44 877 98 904 τῶν
108 876 187 903 ὄντων
202 860 231 901 έν
242 876 275 910 τῇ
287 860 326 910 .έῇ
338 883 346 891 ·
362 873 471 908 καθαρὰ
487 860 541 907 λίάρ
555 872 603 898 καὶ
615 870 687 898 καλά
697 879 704 886 ·
726 869 774 897 καὶ
791 869 827 904 μὴ
844 860 865 888 Β

45 922 207 957 ἀκολουθῆτε
224 923 279 952 τοῖς
297 920 383 955 ἴχνεσι
403 919 451 946 τοῦ
467 918 586 945 Σατανᾶ.
609 927 618 944 t
642 916 764 943 Σατανᾶν
781 915 829 950 δη-

45 968 133 995 λονότι
153 966 243 994 καλῶν
269 965 315 993 τὺν
341 965 376 992 τὰ
394 964 443 1000 μὲν
459 963 580 999 καθαρὰ,
599 963 633 989 τὰ
643 962 671 989 δὲ
685 962 830 997 ἀκάθαρτα

45 1012 284 1050 προσηγορευκότα
298 1011 377 1038 Θεόν.
394 1009 465 1037 Ἀλλ’
476 1010 500 1036 sl
518 1009 642 1040 Σατανᾶς
655 1004 744 1041 οὗτος,
770 1007 830 1039 πῶς

44 1060 111 1086 Θεὺν
125 1059 203 1085 αὑτὸν
218 1059 248 1084 ὲν
263 1057 354 1089 ἄλλοις
378 1056 534 1091 ὀνομάζεις,
547 1063 570 1082 ω
580 1055 646 1090 λῆρε
661 1055 709 1081 καὶ
724 1053 829 1088 σεαυτῷ

46 1105 186 1143 μαχόμενε
197 1113 204 1137 ;

81 1151 123 1184 ιζ’.
142 1151 210 1186 Περὶ
238 1150 366 1186 νηστείας
389 1148 543 1184 νομοθετῶν
569 1148 640 1175 οὕτω
664 1147 763 1183 φησίν·
788 1147 829 1174 ὅτι

44 1209 56 1228 ι
63 1200 186 1232 Ἐξεστιν
195 1198 259 1232 ὑμῖν
268 1198 284 1233 ὴ
292 1196 341 1229 νὺξ
347 1197 395 1232 τῆς
404 1195 532 1231 νηστείας
542 1196 582 1227 είς
591 1195 665 1230 μίξιν
673 1195 727 1221 τῶν
733 1201 830 1228 ,γυναια

41 1247 104 1275 ⁴ιιιῶν
128 1244 213 1280 ὑμῶν.
226 1241 312 1271 Abeat
327 1243 382 1279 γὰρ
406 1242 483 1277 ὑμῶν
496 1242 550 1268 είσι
567 1240 750 1275 σκεπάσματα
763 1247 770 1254 ·
784 1239 830 1266 καὶ

42 1293 126 1328 ὑμεῖς
137 1291 230 1322 αὐταῖς
254 1291 317 1316 ἐστε
347 1288 540 1324 σκεπάσματα.
555 1287 647 1321 Ἔγνω
666 1285 721 1321 γὰρ
738 1286 752 1311 6
767 1284 833 1317 Θεὸς

42 1340 88 1367 ὅτι
102 1335 341 1373 παραϐουλεύεσθε
354 1336 414 1367 ταῖς
428 1335 528 1370 ψυχαῖς
539 1333 615 1368 ὑμῶν
624 1333 653 1359 ὲν
662 1332 695 1367 τῇ
708 1331 831 1366 νηστείᾳ,

44 1385 97 1412 καὶ
113 1384 190 1415 ῐλεως
206 1383 272 1417 ὑμῖν
288 1381 404 1416 γίνεται.
431 1380 555 1416 Μίχθητε
569 1379 667 1410 αὑταῖς
689 1378 728 1410 είς
744 1378 834 1412 παρά-

43 1431 158 1465 κλησινο
187 1428 289 1463 φάγετε
318 1426 437 1462 ἑσπέρας
461 1425 508 1452 καὶ
545 1424 638 1457 πίετε,
670 1423 724 1455 ἕως
740 1422 834 1457 τὸτῆς

43 1476 143 1507 νυκτὸς
161 1474 245 1510 μέλαν
261 1475 333 1509 φανῇ
347 1473 445 1500 λευκὸν
458 1472 503 1498 διὰ
517 1471 568 1506 τῆς
580 1470 688 1506 ἡμέρας
698 1478 705 1484 ·
719 1470 767 1495 καὶ
780 1469 834 1495 πά-

912 457 954 485 l5.
971 457 1007 483 Ex
1029 456 1156 484 birudine
1177 456 1235 484 sive
1249 456 1412 491 sanguisuga
1445 456 1579 483 hominem
1607 456 1666 483 ﬁeri

876 504 951 532 dicit.
970 504 1070 531 Verum
1087 504 1227 530 enimvero
1250 511 1301 538 qua
1317 504 1421 531 ratione
1435 511 1467 531 ex
1482 503 1666 539 ahjectissium

875 551 1115 586 pretiosissimum,
1129 558 1162 578 ει
1178 550 1259 578 bruto
1283 549 1387 577 ratione
1419 551 1571 585 praeditum,
1587 558 1618 578 ex
1633 559 1668 577 eo

876 597 947 633 quod
976 596 1133 631 fugiendum
1162 600 1189 624 et
1216 597 1395 624 aversandum
1429 601 1491 629 est,
1524 596 1551 623 id
1593 597 1666 631 quod

875 643 1032 679 expetitur?

913 691 956 719 ιο.
972 691 1011 718 Ex
1019 698 1066 718 esu
1081 690 1199 718 omnium
1214 689 1372 717 animalium
1391 690 1477 717 solum
1495 690 1667 718 abominatur

877 744 1003 773 porcum;
1022 744 1109 771 neque
1123 744 1227 769 canem,
1243 744 1330 771 neque
1344 736 1447 770 lupum,
1473 744 1560 771 neque
1585 736 1668 763 ullum

878 784 971 816 aliud;
989 783 1036 811 sed
1051 783 1157 811 caeteris
1172 783 1299 810 omnibus
1326 783 1396 810 vesci
1417 783 1495 817 jubet
1523 783 1669 818 dicipulos

880 837 894 857 a
909 837 938 857 se
951 830 1087 864 deceptos.
1110 837 1119 855 ι
1137 829 1286 862 Comedite,
1301 829 1398 864 inquit,
1415 829 1448 856 de
1471 829 1513 856 his
1530 837 1589 863 quae
1605 833 1671 856 sunt

880 874 907 902 in
923 879 994 901 terra
1010 881 1099 910 ;pnra
1115 874 1186 902 enim
1201 879 1264 902 sunt
1280 878 1308 901 et
1319 875 1406 908 bona;
1423 881 1510 909 neque
1528 874 1671 909 sequimini

880 921 992 956 vestigia
1027 920 1179 948 Satanan)
1212 920 1341 948 Satanam
1379 921 1482 948 scilicet
1510 921 1672 956 appellitans

883 967 976 999 Deum,
990 967 1035 1001 qui
1051 967 1103 994 alia
1119 967 1227 1001 quidem
1245 967 1355 999 munda,
1374 967 1425 994 alia
1440 974 1504 994 vero
1531 967 1670 994 immunda

882 1013 962 1041 dixit.
980 1012 1033 1040 Sed
1049 1012 1072 1040 si
1102 1014 1210 1047 quidem
1228 1013 1280 1040 iste
1305 1012 1421 1040 Satanas
1456 1017 1508 1044 est,
1536 1013 1672 1047 quomodo

881 1058 968 1094 ipsum
981 1058 1008 1086 in
1027 1058 1088 1086 aliis
1106 1058 1189 1086 Deum
1208 1058 1339 1094 appellas,
1354 1065 1371 1086 ο
1384 1066 1453 1087 vane
1467 1065 1592 1093 nugator,
1610 1058 1672 1085 tibi-

882 1111 935 1140 que
950 1104 1002 1139 ipsi
1021 1103 1195 1139 repugnans?

917 1150 960 1177 17.
976 1149 1014 1176 De
1022 1149 1125 1184 jejunio
1133 1149 1194 1178 dum
1209 1149 1281 1185 leges
1290 1149 1351 1183 fert,
1362 1149 1401 1177 sic
1411 1149 1465 1177 ait:
1486 1158 1496 1174 ι
1510 1148 1567 1176 Nox
1578 1147 1673 1184 jejuuii

885 1195 964 1224 vobis
979 1196 1061 1223 libera
1070 1203 1197 1224 concessa
1205 1200 1256 1228 est,
1265 1200 1294 1223 ut
1301 1203 1360 1223 cum
1369 1195 1466 1223 vestris
1475 1195 1603 1223 uxoribus
1615 1203 1676 1222 cou-

883 1241 1099 1278 cumbatistsa;
1107 1242 1179 1270 enim
1188 1247 1250 1270 sunt
1258 1247 1347 1270 vestra
1355 1245 1601 1278 tegumenta,etvos
1609 1242 1676 1275 ipsis

884 1289 950 1317 estis
962 1289 1208 1324 tt-gumenta.Deus
1227 1290 1297 1316 enim
1309 1294 1478 1324 perspectum
1499 1289 1593 1316 habuit
1614 1288 1677 1315 iusi-

885 1335 944 1363 dias
953 1336 1029 1363 vobis
1039 1335 1095 1362 lleri
1106 1335 1218 1370 jejunio,
1227 1341 1254 1362 et
1261 1335 1394 1370 propitius
1404 1340 1454 1362 est.
1464 1335 1555 1370 Itaque
1564 1335 1677 1363 miscea-

885 1381 952 1409 miui
963 1390 1024 1409 cum
1041 1381 1094 1409 illis
1106 1383 1139 1409 ad
1153 1381 1365 1409 consolationem
1395 1382 1532 1416 etvesperi
1544 1381 1677 1409 comedita

885 1433 917 1454 ac
930 1426 1025 1460 bibite,
1048 1428 1133 1455 donec
1146 1434 1178 1454 ex
1190 1432 1247 1454 atra
1260 1427 1348 1454 noctis
1361 1427 1475 1462 caligine
1489 1427 1603 1455 candida
1618 1427 1677 1454 dies

886 1473 1027 1501 illucescat
1037 1482 1044 1503 :
1055 1478 1082 1501 et
1095 1474 1191 1501 iterum
1203 1474 1308 1509 expleto
1316 1481 1403 1508 usque
1413 1474 1447 1501 ad
1458 1474 1677 1510 vesperamjeju-

41 1523 90 1549 λιν
102 1520 265 1556 πληρώσατε
279 1519 328 1555 τὴν
353 1517 480 1554 νηστείαν
498 1518 551 1549 ἕως
564 1518 615 1552 τῆς
633 1517 765 1551 ἑσπέρας,
788 1515 829 1542 καλ

919 1526 942 1552 o,
958 1527 1019 1546 cum
1034 1519 1195 1548 mulieribus
1207 1527 1264 1547 rem
1278 1519 1387 1553 habete,
1403 1520 1553 1548 oratoriutn
1567 1521 1676 1548 assidue

44 1568 166 1605 μίχθητε
184 1567 290 1598 αὑταῖς,
308 1565 385 1600 ὑμῶν
399 1564 589 1599 συχναζὸντων
606 1564 634 1589 ὲν
659 1562 696 1597 τῷ
711 1570 834 1598 προσκυ-

42 1614 180 1649 νητηρίῳ.
194 1611 270 1646 Αὕτη
285 1611 359 1637 ἐστὶν
373 1611 387 1637 ὁ
401 1611 483 1645 νόμος
498 1609 578 1637 Θεοῦ.
597 1619 607 1635 ι
626 1609 695 1636 Ποία
709 1608 832 1644 νηστεία,

41 1660 198 1694 ἀλάθαρτε,
223 1658 240 1693 ἢ
266 1658 343 1688 ποῖος
371 1657 453 1692 νόμος
470 1655 551 1689 Θεοῦ,
577 1655 609 1682 τὸ
623 1655 656 1682 δι’
671 1654 735 1688 ὅλης
762 1654 835 1689 (τῆς)

41 1705 147 1736 νυκτὸς
163 1704 273 1735 εὐάζειν
287 1703 336 1730 καὶ
350 1702 542 1737 ἀσελγαίνειν;

81 1752 152 1788 Περὶ
165 1749 344 1785 σωφροσύνης
360 1750 452 1780 αὐτοῖς
466 1747 656 1782 διαλεγόμενός
667 1756 750 1782 φησιν
759 1755 766 1762 ·
788 1747 835 1774 «Δί

887 1564 1105 1598 frequentantes.
1121 1565 1183 1593 Haec
1198 1565 1338 1601 jejunandi
1359 1566 1427 1593 ratio
1445 1566 1487 1594 lex
1519 1566 1564 1594 Dei
1589 1572 1641 1594 est.
1662 1575 1673 1593 ι

889 1610 1030 1644 Quodnam
1047 1619 1110 1639 vero
1120 1611 1265 1646 jejunium,
1287 1620 1302 1639 ο
1321 1613 1445 1647 impure;
1472 1621 1595 1647 quamam
1629 1612 1677 1640 Dei

889 1656 945 1689 lex,
960 1664 1008 1692 per
1023 1663 1107 1685 totam
1128 1664 1235 1685 noetein
1251 1657 1380 1686 bacchari
1416 1663 1442 1685 et
1469 1658 1573 1686 libidini
1586 1658 1677 1686 indul-

889 1704 972 1739 gere?

926 1750 962 1778 De
976 1751 1139 1778 continentia
1156 1756 1237 1785 atque
1263 1750 1394 1777 modestia
1416 1751 1485 1785 apud
1506 1758 1569 1778 suos
1590 1751 1677 1778 disse-

40 1799 179 1835 γυναῖκες
208 1796 296 1832 ὑμῶν,
322 1795 417 1827 ναετδς
443 1794 531 1830 ὑμῶν.
551 1793 692 1820 Είσέλθετε
710 1794 751 1824 είς
773 1793 829 1824 τοὺς

922 1802 953 1822 us
969 1794 1028 1821 ait:
1052 1794 1195 1821 «Mulieres
1221 1798 1317 1821 vestrm
1337 1794 1518 1822 habitaculum
1555 1791 1675 1821 v'cstrum

40 1846 161 1876 ναετοῦς
187 1844 276 1879 ὑμῶν,
293 1842 355 1869 ὅθεν
378 1841 524 1876 βούλεσθε·
548 1840 595 1866 καὶ
619 1838 759 1866 συνέλθετε
776 1839 829 1869 ταῖς

919 1843 966 1867 int.
994 1839 1139 1868 lnlratein
1155 1845 1276 1868 vestrum
1308 1840 1502 1872 habitaculum.
1537 1840 1675 1868 undecun-

38 1893 150 1930 ψυχαῖς
163 1890 240 1926 ὑμῶν
253 1898 259 1904 ·
271 1899 281 1915 ι
300 1889 435 1920 τουτέστι,
449 1888 539 1914 πᾶσαν
555 1885 704 1921 ἐπιθυμίαν
719 1885 773 1912 τῶν
785 1885 829 1920 ψυ-

919 1893 945 1913 )e
958 1885 1051 1919 vultis,
1063 1890 1090 1913 et
1102 1894 1162 1914 cum
1173 1887 1271 1914 animis
1294 1887 1394 1914 vestris
1418 1886 1613 1920 congredimini
1633 1895 1641 1914 :
1662 1896 1672 1912 ι

38 1929 101 1976 χῶν
114 1936 192 1972 ὑμῶν
208 1934 387 1970 πληρώσατε,
407 1932 456 1960 καὶ
488 1930 627 1967 χρήσασθε
641 1931 702 1962 ταῖς
715 1929 829 1964 γυναιξὶι

934 1937 986 1964 est,
1001 1940 1109 1960 omnem
1125 1932 1264 1960 libidinem
1285 1933 1368 1959 animi
1397 1931 1480 1960 vestri
1504 1931 1622 1967 explete,
1648 1938 1676 1960 et

38 1984 126 2020 ὑμῶν
143 1981 347 2017 ἀμφοτέρωθεν.
370 1979 403 2006 Τί
419 1979 469 2013 τῆς
494 1978 543 2012 σῆς
575 1977 744 2012 ἀκαθαρσίας
771 1976 829 2004 ταύ-

919 1977 1000 2005 iimini
1013 1977 1172 2006 mulieribus
1191 1979 1289 2006 vestris
1308 1979 1447 2013 utrinque.
1466 1977 1535 2011 Quid
1551 1978 1602 2005 hac
1629 1982 1674 2005 tua

37 2039 96 2066 της
112 2027 315 2062 ἀσελγέστερον
326 2025 373 2052 καὶ
386 2024 575 2060 μιαρώτερον;

919 2024 1053 2058 upuritats
1069 2025 1193 2059 spurcius
1202 2029 1230 2052 et
1245 2024 1452 2052 abominabilius
1467 2024 1480 2052 ?

83 2072 132 2109 ιη’.
150 2070 233 2103 Οὗτος
243 2069 420 2106 ἐνομοθέτησε
429 2069 562 2103 γυναῖκας
570 2067 621 2103 μὲν
629 2066 764 2102 τέσσαρας
774 2066 829 2093 Εκα-

929 2070 974 2098 18.
994 2069 1043 2098 Hic
1055 2071 1141 2106 legem
1163 2070 1232 2103 tulit,
1248 2075 1277 2097 ut
1292 2071 1406 2105 quisque
1424 2075 1543 2097 vestrum
1562 2074 1677 2104 quatuor

37 2128 112 2148 στον
128 2117 230 2155 [ὑμῶν]
240 2116 407 2151 λαμϐάνειν·
428 2114 569 2144 παλλακὰς
582 2113 611 2139 δὲ
627 2113 727 2148 χιλίας,
744 2112 829 2148 ἢὸσας

919 2124 991 2145 tores
1010 2118 1110 2145 ducere
1128 2122 1228 2153 queat;
1246 2117 1354 2152 pellices
1365 2125 1429 2145 vero
1442 2117 1525 2150 mille,
1539 2121 1585 2144 aut
1597 2122 1679 2152 quot-

35 2169 78 2195 ἃν
92 2166 207 2200 τρέφειν
219 2162 361 2198 δυνηθείη.
373 2159 550 2187 ’Υποκείσθαι
563 2159 591 2185 δὲ
603 2161 664 2191 ταῖς
672 2158 779 2193 γυναιξὶ
788 2158 829 2189 τὰς

919 2167 958 2191 tot
975 2163 1073 2199 aliquis
1092 2163 1165 2190 alere
1180 2163 1275 2199 possit.
1296 2162 1396 2190 Verum
1415 2163 1544 2190 uxoribus
1562 2163 1673 2197 subjec-

35 2196 195 2241 παλλαιιάς
205 2217 213 2225 ·
231 2196 330 2242 καινὴν
343 2196 387 2234 γᾶν
403 2207 417 2233 ὁ
431 2205 500 2241 ἀνὴρ
525 2204 673 2240 βούληται,
695 2204 826 2232 ἀπολύειν

919 2217 933 2237 ι
947 2216 1006 2237 esse
1018 2196 1077 2236 vult
1092 2196 1201 2243 pellices
1214 2217 1222 2236 :
1235 2208 1420 2243 permittitque
1436 2208 1579 2242 repudiare
1593 2196 1676 2243 quam
1719 2208 1722 2210 ’

34 2259 94 2287 καὶ
110 2255 199 2291 ἄλλην
221 2254 404 2288 ἀντεισάγειν.
434 2252 467 2278 Ὢ
490 2251 541 2286 τῆς
556 2251 764 2286 ἀνυπερὸλήτου
793 2259 828 2277 κα

922 2255 1006 2283 aritus
1021 2255 1098 2288 velit,
1119 2260 1146 2282 et
1173 2256 1252 2283 aliam
1273 2262 1321 2289 pro
1340 2262 1371 2282 ea
1396 2254 1505 2282 ducere.
1532 2253 1554 2281 0
1570 2254 1676 2281 incom-

33 2301 201 2341 χοιρὼδους
219 2300 236 2336 ἢ
252 2299 391 2330 κυνὼδους
408 2296 576 2328 ἀκολασίαςί

919 2301 1053 2335 trabileut,
1071 2301 1265 2336 porcinamque
1279 2304 1327 2328 aut
1342 2301 1466 2328 caninam
1495 2299 1679 2334 intemperan-

893 2348 957 2375 tiam
971 2348 978 2375 l

929 2394 997 2422 Cum
1014 2395 1125 2423 divortii
1137 2394 1263 2422 meminit
1283 2393 1355 2421 inter
1390 2393 1478 2421 virum
1502 2399 1529 2421 et
1554 2401 1678 2425 uxorem.

893 2439 952 2467 haec
969 2439 1115 2467 constituit
1130 2449 1138 2467 :
1159 2448 1169 2466 ι
1185 2439 1214 2467 Si
1229 2439 1291 2474 quis
1307 2446 1422 2467 uxorem
1451 2447 1527 2467 suam
1551 2439 1678 2474 repudia-

893 2486 974 2519 verit,
990 2485 1048 2520 ipsa
1065 2485 1149 2513 nubat
1165 2485 1211 2513 alii
1227 2494 1234 2519 ;
1248 2490 1330 2521 atque
1342 2486 1390 2519 ita,
1411 2485 1434 2513 si
1451 2485 1516 2514 velit
1543 2485 1588 2521 qui
1615 2492 1678 2512 eam

894 2532 995 2560 dimisit
1014 2532 1130 2560 maritus
1143 2532 1213 2566 ejus,
1229 2532 1261 2559 ad
1279 2531 1365 2566 ipsum
1380 2536 1543 2560 revertatur.
1569 2530 1679 2558 Reverti

894 2585 959 2605 vero
972 2578 1005 2604 ad
1024 2577 1125 2611 ipsum,
1140 2582 1286 2612 antequam
1303 2577 1348 2604 alii
1377 2578 1509 2611 nupserit,
1532 2585 1584 2604 nou
1613 2576 1680 2604 lice-

893 2625 942 2652 bit.
971 2634 980 2651 t
997 2624 1131 2652 Praeclara
1147 2632 1211 2652 vero
1228 2625 1282 2657 lex.
1307 2632 1367 2659 qua:
1388 2625 1550 2652 adulterium
1578 2625 1677 2658 sancit,

893 2676 920 2698 et
934 2677 968 2698 eo
986 2670 1044 2698 vult
1058 2670 1199 2705 repudium
1219 2669 1322 2704 expiari
1339 2673 1346 2696 i

79 2395 201 2426 Δύσεως
230 2391 420 2429 μνημονεύσας
448 2390 588 2425 γυναικὸς,
606 2389 638 2422 ἐξ
661 2389 756 2424 ἀνδρός
775 2397 841 2423 φησι

30 2443 124 2473 τάδε·
142 2450 152 2467 ι
171 2440 235 2468 Ἐάν
247 2448 289 2471 τις
306 2438 429 2473 ἀπολύσῃ
444 2436 492 2473 τὴν
506 2437 624 2471 γυναῖκα
641 2435 734 2468 αὑτοῦ,
750 2436 842 2471 γαμη-

31 2491 125 2525 οἰῃω
140 2485 216 2522 αὕτη
228 2485 315 2520 ἑτέρῳ
326 2493 334 2501 ο
350 2484 399 2511 καὶ
417 2482 516 2516 οὕτως,
530 2483 555 2509 εί
569 2482 696 2518 βούλεται
713 2483 727 2508 ό
741 2481 842 2509 ἀπολύ-

32 2545 96 2567 σας
114 2534 206 2570 αὐτὴν
220 2533 291 2568 ἀνὴρ
313 2531 409 2567 αὐτῆς,
427 2530 679 2565 ὲπαναστρεψάσοω
702 2529 771 2566 πρὸς
792 2529 842 2557 αὐ-

30 2583 104 2610 τόν.
124 2581 186 2608 Οὐκ
199 2580 307 2613 ἐξέσται
319 2579 347 2605 δὲ
360 2578 440 2613 αὐτῇ,
452 2577 506 2612 πρὸ
518 2576 565 2603 τοῦ
577 2576 735 2612 γαμηθῆναι
746 2577 842 2612 ἑτέρῳ,

30 2627 261 2662 ὲπαναστρέψαι
291 2625 358 2660 προς
379 2624 469 2651 αὐτόν.
491 2634 500 2650 ι
540 2623 630 2655 Καλὸς
654 2623 735 2658 νόμος
751 2623 765 2649 ό
781 2630 844 2658 μοι-

28 2676 128 2713 χείαν
145 2673 311 2705 ἐπιτάττων,
327 2672 374 2698 καὶ
396 2669 547 2706 καθάρσιον
567 2669 651 2705 αὐτὴν
673 2669 723 2704 τῆς
737 2669 842 2696 ἀπολύ-

30 2731 120 2752 σεως
137 2720 298 2755 ὁριζόμενος
311 2718 319 2746 ι

81 2766 132 2793 ιθ’.
146 2766 194 2797 Εἰς
210 2766 254 2792 τὸν
269 2764 330 2792 καθ’
340 2764 418 2799 ἡμῶν
431 2764 548 2799 πόλεμον
556 2763 671 2799 ἐγείρων
679 2764 742 2795 τοὺς
756 2763 829 2799 μαθη

931 2763 973 2791 19.
994 2763 1060 2791 Cum
1073 2769 1137 2790 vero
1150 2769 1214 2790 suos
1231 2761 1380 2796 discipulos
1391 2761 1418 2788 in
1434 2761 1536 2789 bellum
1549 2761 1680 2789 adversus

27 2824 47 2841 τ
54 2813 94 2844 ὰς
103 2812 197 2838 αὑτοῦ
211 2820 278 2846 φησι
286 2819 293 2827 ·
305 2820 314 2837 ι
324 2809 474 2837 Φονεύσατε
486 2810 584 2841 αὐτοὺς
592 2809 658 2836 ὅπου
671 2809 704 2836 ἂν
713 2809 827 2844 συναντή

919 2817 944 2837 as
962 2810 1066 2842 incitat,
1080 2809 1135 2837 ait:
1151 2807 1293 2836 «Occidite
1304 2807 1387 2843 ipsos,
1397 2806 1555 2842 ubicunque
1566 2806 1593 2834 in
1604 2806 1680 2842 ipsos

27 2867 116 2894 σητε
134 2859 242 2891 αὐτοῖς.
262 2869 271 2886 ι
288 2857 370 2885 Ἀλλὰ
383 2857 456 2889 τίνος
475 2857 556 2884 ἕνεκα
573 2856 652 2883 τοῦτο
667 2855 801 2889 κελεύεις,
819 2851 829 2883 ὃ

919 2855 1058 2884 icidcritis.
1079 2864 1088 2880 ι
1109 2853 1163 2882 Sed
1179 2853 1258 2890 cujus
1269 2853 1308 2881 rei
1326 2859 1410 2881 causa
1435 2852 1489 2881 hoc
1518 2852 1607 2888 ipsum
1632 2851 1679 2886 ju-
