1873 3075
199 122 267 156 1351

827 122 1021 154 EUTHYMII
1041 122 1222 153 ZIGABENI

1769 121 1826 153 1352

195 178 253 212 bes,
280 186 297 206 ο
319 178 491 213 sanguinarie
508 177 519 204 ἲ
537 177 576 205 Ne
601 177 737 211 videlicet,
766 185 826 205 cum
852 179 986 213 sapientes

1078 177 1171 212 αιερόνε
1184 185 1190 209 ;
1215 177 1260 202 ινα
1273 175 1381 206 πάντως
1399 176 1448 210 μὴ,
1461 177 1594 210 νουνεχεῐς
1608 175 1827 212 Εντες,ὲλέγχωσι

195 224 260 256 sint,
277 224 358 259 impia
385 228 428 250 tua
443 229 470 251 et
483 231 581 258 spurca
597 223 695 258 placita
709 228 870 258 coarguant.

232 280 278 307 20.
292 281 400 308 Excitat
412 285 503 307 autem
514 280 607 308 multis
618 280 704 307 modis
713 286 739 308 et
749 285 836 307 armat
847 280 928 308 barba
934 288 988 312 ros,

198 330 228 352 ut
245 326 465 353 Christianorum
487 327 621 361 sanguine
645 326 805 361 polluantur
824 335 830 353 :
852 327 917 354 dum
935 327 990 354 illis

198 379 359 406 persuasum
373 380 435 399 esse
450 373 517 404 vult,
531 380 657 407 magnam
673 377 700 399 et
716 373 856 407 copiosam
884 380 990 400 nterce-

198 418 260 446 dem
280 420 350 453 apud
369 419 452 446 Deum
476 420 623 453 repositam
633 426 695 447 esse
712 419 744 447 iis
772 421 818 454 qui
845 420 991 447 crudeliter

199 465 226 491 in
237 465 310 499 ipsos
330 464 597 500 grassenturJubet
621 466 704 493 etlam
731 467 854 500 quintam
884 471 989 501 partem

198 512 368 545 Captivorum
380 516 407 537 et
423 511 538 538 aliorum
552 511 702 546 spoliorum
721 512 842 539 dedicari
874 512 940 544 Deo,
963 517 992 539 et

199 557 337 592 prophetae
350 556 527 591 apostoloque
553 557 614 592 ejus
627 557 791 586 Moametlio.
810 557 903 592 Neque
918 557 990 585 enim

199 611 307 638 aequum
326 608 386 631 erat
397 604 466 631 lucri
482 612 534 631 non
544 612 678 636 essecum
692 605 746 632 illis
756 605 915 639 participem
928 611 990 631 eum

200 649 245 683 qui
265 649 331 683 ipsis
350 649 511 684 perditionis
525 650 746 678 Christianorum
762 650 857 678 luisset
870 656 967 677 auctor
982 657 991 682 ;

199 696 247 723 sed
268 703 317 730 par
342 700 402 723 erat
428 690 469 723 εἰ
487 697 664 731 sanguinaria
693 696 792 730 populo
814 695 992 731 sanguinario

199 744 338 776 propheta:
351 742 543 776 sanguinarias
559 743 695 777 primitias
708 743 835 771 decerni.

236 797 289 824 Sed
305 801 395 824 tamen
412 799 572 830 rogantibus
587 798 752 827 Christianis
767 799 844 835 jubet
867 801 991 828 reconci-

1041 224 1075 250 τὰ
1090 222 1230 250 ἀσέϐειατά
1247 231 1294 249 σου
1312 222 1358 249 καὶ
1371 222 1551 249 κατάπτυστα
1561 223 1701 257 δόγματα.

1077 280 1122 314 κ’.1
1137 281 1296 315 Διανίστησι
1310 280 1357 307 καὶ
1379 279 1516 313 ἐξοπλίζει
1538 281 1763 315 πανῖοιοτρόπως
1778 283 1831 311 τοίς

1043 327 1196 364 βαρϐάρους
1212 326 1282 361 πρὸς
1295 326 1324 352 τὸ
1338 327 1392 358 τοῖς
1419 325 1475 353 τῶν
1491 326 1665 361 Χριστιανῶν
1679 327 1777 359 αἵμασι
1791 337 1832 353 κι-

1041 373 1248 408 ταχραξνεσθαι,
1265 372 1445 403 πιστεύοντας
1457 372 1560 408 πολλὴν
1573 374 1651 408 παρὰ
1666 373 1729 408 Θεῷ
1741 374 1832 407 p156:-

1042 418 1171 444 ποδοσίαν
1197 408 1305 444 κεῖσθαι
1328 419 1385 450 τοῖς
1403 417 1486 453 ὠμῶς
1512 417 1573 444 κατ’
1594 419 1687 445 αὐτῶν
1710 419 1832 453 χωροῦσι.

1042 465 1098 500 Τὴν
1119 465 1248 500 πέμπτην
1273 465 1302 491 δὲ
1319 465 1417 500 μοῖραν
1433 464 1490 491 τῶν
1516 465 1705 500 αἰχμαλώτων
1723 465 1833 491 καὶτῶν

1042 511 1131 538 ἄλλων
1147 512 1254 538 σκύλων
1269 511 1446 539 ἀνατίθεσθαι
1462 511 1500 546 τῷ
1510 511 1582 546 Θεῷ,
1596 513 1644 538 καί
1657 512 1696 547 τῷ
1713 513 1833 547 προεήτῃ

1042 558 1090 583 καὶ
1103 557 1247 594 ἀποστόλῳ
1267 557 1352 586 αὑτοῦ
1372 557 1513 592 Μωάμεθ·
1535 558 1566 584 οὐ
1592 558 1648 594 γὰρ
1664 559 1721 585 ἔδει
1740 560 1778 594 μὴ
1792 561 1832 585 καὶ

1042 603 1090 630 τοῦ
1101 603 1218 639 κέρδους
1249 604 1340 635 αὐτοῖς
1365 604 1530 639 κοινωνῆσαι
1557 605 1604 630 τὸν
1624 604 1676 639 τῆς
1700 605 1833 636 ἀπωλείας

1043 650 1135 682 αὐτοῖς
1151 650 1249 677 αἴτιον.
1277 650 1376 686 Ἐχρῆν
1390 650 1419 677 δὲ
1434 651 1468 677 ὲκ
1484 651 1629 686 μιαιφόνου
1645 651 1712 678 λαοῦ
1728 652 1833 686 μιαιφό-

1043 705 1081 731 νῳ
1099 697 1228 732 προφήτῃ
1241 696 1402 732 μιαιφόνους
1415 694 1485 724 εῐναι
1501 697 1551 728 τὰς
1567 697 1758 732 προσενέεεις.

1080 797 1135 824 Καὶ
1150 796 1383 825 καταλλάττεσθαι
1408 797 1438 823 δὲ
1459 796 1577 830 κελεύει,
1602 797 1831 832 παρακαλούντων

200 842 273 869 liari.
309 843 389 877 Papa:
421 843 596 871 inhumanam
626 832 848 873 humanitatem!
870 846 898 874 Si
921 847 986 874 enin

1077 843 1227 879 ριστιανῶν.
1242 843 1331 870 Βαὸαὶ
1347 843 1397 878 τῆς
1408 843 1594 877 ἀπανθρώπου
1608 843 1828 878 φιλανθρωπίαςῑ

201 889 361 921 Christiani,
381 891 453 917 tacta
472 891 705 923 reconciliatione,
733 892 760 918 in
793 891 993 920 Saracenorum

201 941 294 969 partes
306 937 502 968 concesserint,
528 942 555 964 et
577 942 672 971 postea
690 938 723 964 ab
742 938 900 965 eorumdem
919 943 995 972 pote-

201 985 274 1008 state
288 981 474 1016 seabgrcgare
487 983 546 1009 ausi
576 983 687 1016 iuerint,
708 983 806 1010 bellum
825 988 921 1011 corttra
949 991 996 1011 eos

201 1026 316 1054 conﬂari
336 1028 487 1062 etjugulari
499 1035 546 1056 eos
560 1029 679 1061 vult;at
698 1029 721 1056 si
737 1029 860 1057 eamdem
887 1029 996 1065 religio~

202 1080 265 1101 nem
284 1074 488 1108 amplexentur,
503 1074 530 1101 in
550 1073 664 1102 fratrum
680 1083 823 1102 numerum
841 1076 939 1111 recipi.

240 1140 251 1157 ι
269 1131 327 1159 Non
345 1132 462 1166 adigetis
492 1132 578 1167 ipsos,
603 1132 651 1165 ait,
665 1132 698 1160 ad
713 1132 884 1160 ﬁdem.Nam
899 1140 931 1162 ex
954 1134 996 1161 lu-

203 1178 281 1205 brico
297 1182 326 1205 et
341 1178 507 1212 periculoso,
523 1179 594 1212 quod
611 1183 716 1214 gratum
731 1184 928 1214 acceptumque
942 1185 994 1212 est,

206 1225 315 1260 planum
331 1225 433 1252 factum
446 1230 497 1258 est,
519 1235 529 1252 ι
563 1225 588 1252 id
603 1231 658 1258 est,
689 1227 814 1261 apparuit
826 1229 916 1253 vestra
929 1226 996 1254 ﬁdes

204 1271 261 1298 Deo
280 1276 369 1307 grata,
396 1272 456 1299 aliis
473 1271 648 1306 religionibus
666 1271 838 1307 improbatis,
865 1277 994 1307 tanquam

203 1318 378 1353 periculosis.
398 1318 481 1354 Euge,
500 1325 596 1354 magna
608 1325 674 1345 sane
688 1318 853 1351 humanitas,
867 1320 940 1354 quod
953 1320 995 1347 in-

203 1365 332 1392 terficere
345 1364 517 1392 Christianos
533 1365 685 1392 mandasti!
711 1365 821 1400 adigere
835 1365 944 1393 interim
960 1368 995 1394 ad

207 1411 287 1438 tidem
303 1418 354 1438 non
376 1410 493 1446 jussisti,
511 1410 561 1438 sed
576 1412 704 1438 occidere
716 1411 850 1439 mandasti
864 1411 871 1438 l
887 1419 940 1440 non
959 1413 994 1441 ob

204 1456 321 1483 alienam
335 1456 413 1484 tidem
423 1477 431 1489 ,
450 1457 497 1484 sed
512 1457 547 1484 ob
573 1457 684 1484 insitam
697 1457 828 1485 saevitiern
843 1462 925 1493 atque
951 1458 994 1487 in-

1046 891 1078 917 El
1106 890 1157 925 μὲν
1174 889 1405 924 καταλλαγέντες,
1423 889 1471 916 καὶ
1493 889 1554 916 καθ’
1585 889 1705 921 ἑαυτοὺς
1728 890 1831 924 γενόμε-

1046 945 1098 968 νοι,
1122 936 1289 971 τολμήσουσι
1308 935 1357 970 τῆς
1385 934 1472 970 αὐτῆς
1499 927 1624 967 ὲξοῦσίας
1644 935 1830 971 ἁποδιαιρεῇῆ-

1047 989 1102 1013 ναι,
1121 981 1242 1016 πόλεμον
1257 981 1318 1008 κατ’
1335 980 1427 1007 αὐτῶν
1443 981 1617 1016 συγκροτεῖν,
1634 981 1684 1007 καὶ
1700 981 1831 1015 ἀποσφατ-

1046 1035 1104 1054 τειν
1135 1027 1250 1058 αὐτούς·
1276 1027 1301 1053 ει
1319 1027 1348 1054 δὲ
1369 1027 1420 1062 τὴν
1452 1027 1539 1062 αὐτὴν
1561 1027 1739 1054 έπανέλοιντο
1775 1028 1832 1063 θρη-

1048 1073 1155 1107 σιιείαν,
1169 1074 1209 1105 εἰς
1225 1073 1357 1107 ἀδελφοὺς
1368 1073 1467 1105 αὐτοὺς
1482 1073 1700 1109 παραδέχεσθαι.

1085 1139 1095 1156 ι
1114 1130 1150 1156 Οὐ
1186 1130 1422 1165 καταναγκάσετε.
1451 1131 1555 1166 φησὶν,
1589 1132 1630 1163 είς
1667 1133 1762 1159 πξστιν
1789 1134 1832 1160 αὖ·

1046 1175 1121 1207 τούς.
1154 1176 1329 1212 Ἐφανερώθη
1344 1177 1399 1212 γὰρ
1413 1177 1444 1204 τὺ
1454 1177 1655 1213 εὐπρόσδεκτον
1668 1180 1704 1206 ὲκ
1716 1180 1761 1207 τοῦ
1772 1188 1833 1214 σφα-

1046 1221 1138 1256 λεροῦ.
1158 1230 1168 1247 ›
1193 1221 1351 1254 Τουτέστιν,
1378 1221 1466 1256 ἐφάνη
1481 1222 1497 1256 ή
1515 1222 1578 1248 καθ’
1599 1222 1676 1257 ὑμᾶς
1692 1223 1783 1257 πίστις
1795 1223 1834 1248 εὑ-

1048 1254 1214 1303 πρόσδεκτος
1242 1268 1281 1303 τῷ
1297 1268 1369 1302 θεῷ,
1396 1254 1451 1294 τῶν
1460 1254 1554 1295 ’ἄλλων
1567 1254 1693 1296 πίστεων
1702 1254 1832 1296 Exuimu-

1050 1314 1218 1349 μασθεισῶν,
1229 1311 1273 1341 οἶα
1287 1314 1442 1350 σφαλερῶν.
1457 1312 1529 1349 Εὖγε
1545 1317 1595 1350 τῆς
1609 1315 1832 1351 φιλανθρωπίκὶ

1048 1361 1090 1388 ὅτι
1104 1360 1220 1395 σφάξειν
1235 1361 1299 1393 τοὺς
1311 1362 1494 1397 Χριστιανοὺς
1510 1362 1656 1395 ἐπιτάξας.
1671 1363 1711 1399 μὴ
1722 1363 1836 1397 ἀναγκα-

1048 1407 1106 1441 ζειν
1120 1408 1190 1440 τέως
1197 1408 1238 1440 εις
1246 1408 1296 1443 τὴν
1309 1408 1402 1435 πίστιν
1413 1409 1540 1435 ἐκέλευσε
1553 1409 1682 1444 φονεύειν
1696 1409 1836 1442 ἐπιτάξας,

1048 1456 1080 1482 οὐ
1115 1456 1149 1483 δι’
1169 1456 1364 1492 ἀλλοτριότητα
1404 1456 1542 1490 πίστεως,
1574 1457 1645 1484 ἀλλά
1669 1457 1708 1484 δι’
1740 1457 1838 1484 οἰκείαν

211 1503 422 1537 humanitatem,
441 1508 469 1530 et
480 1511 515 1531 ne
523 1504 688 1538 superstites
700 1509 851 1540 coarguant
867 1509 941 1532 tuam
954 1506 981 1533 in

1077 1502 1181 1538 τὴνειαν
1210 1503 1259 1529 καὶ
1283 1501 1504 1538 ἀπανθρωπίαν,
1529 1503 1577 1530 καὶ
1601 1503 1647 1530 ῐνα
1675 1504 1716 1539 μὴ
1743 1504 1840 1536 ζῶντες

204 1549 310 1577 saniam
321 1554 402 1584 atque
423 1550 600 1585 impietatem,
613 1551 650 1577 uti
665 1551 823 1585 praedictum
837 1557 890 1579 est.

239 1650 374 1677 Admonet
386 1656 450 1677 suos
470 1650 562 1677 dicens
578 1657 586 1678 :
604 1659 614 1676 (
634 1649 673 1678 Ne
690 1650 751 1678 sitis
765 1651 831 1679 socii
845 1661 933 1688 neque
945 1653 996 1682 Ju-

205 1695 339 1728 daeorum,
374 1703 462 1730 neque
489 1695 720 1724 Christianorum.
745 1697 812 1725 Nam
840 1699 998 1735 quicunque

205 1743 279 1778 ipsos
293 1742 425 1774 defendit.
439 1750 471 1770 ex
484 1743 551 1778 ipsis
558 1747 611 1770 est.
627 1752 637 1769 ι
653 1742 719 1771 Esto
729 1751 812 1772 sane:
825 1744 997 1774 Christianos

205 1790 419 1824 omnipotentem
436 1795 612 1824 sanctamque
625 1789 784 1822 Trinitatem
802 1792 923 1820 colentes
935 1793 997 1820 odio

206 1836 397 1871 prosequeris;
416 1835 444 1863 in
459 1835 567 1863 Iudaeos
584 1843 658 1869 vero,
684 1836 730 1870 qui
747 1836 911 1871 profitentur
936 1846 996 1866 sese

206 1883 354 1910 Abrahami
370 1882 448 1910 [idem
467 1889 642 1915 conservare,
664 1890 713 1909 cur
731 1884 782 1910 hoc
800 1884 924 1911 moliris?
943 1884 997 1912 Sed

207 1931 274 1958 nihil
291 1930 406 1958 alienum
423 1938 437 1956 a
453 1935 497 1956 tua
508 1930 623 1957 malitia.
641 1929 717 1957 Nosti
731 1931 803 1958 enim
820 1931 890 1965 quod
904 1932 948 1959 lex
957 1931 997 1959 di-

208 1976 345 2003 vinitatem
359 1975 459 2002 Christi
471 1975 589 2002 declaret
602 1984 607 2002 :
621 1975 723 2003 idcirco
735 1980 864 2011 utrosque
875 1977 937 2004 odio
950 1978 998 2005 ha-

206 2023 272 2049 bere
304 2021 439 2057 praecipis,
455 2021 501 2056 qui
512 2020 623 2055 Christi,
641 2021 744 2054 imo,ut
776 2022 865 2057 potius
893 2022 995 2057 dicam,

207 2067 255 2096 Dei
265 2068 355 2096 hostis
365 2075 406 2095 es.
794 2066 798 2069 ‘
863 2060 866 2066 “

1049 1550 1183 1585 ὲλέγχωσι
1208 1550 1259 1584 τὴν
1290 1549 1382 1577 αὐτῶν
1417 1549 1548 1577 ἀπόνοιαν
1571 1550 1620 1577 καὶ
1646 1550 1839 1585 ἀσέδειαν,ὡ;

1050 1598 1224 1632 προείρηται.

1085 1653 1285 1689 Παραινεῑτοῖς
1302 1654 1377 1686 ιδίοις
1391 1653 1479 1689 λέγων
1492 1661 1499 1669 ”
1518 1662 1528 1680 ε
1547 1654 1594 1689 Μὴ
1607 1654 1721 1688 γίνεσθε
1736 1655 1841 1691 ἀντιλή-

1050 1708 1150 1736 πτορες
1170 1700 1308 1727 Ἰουδαίων
1337 1709 1368 1727 τε
1395 1701 1443 1727 καὶ
1459 1700 1644 1736 Χριστιανῶν.
1662 1702 1765 1734 Ὅστις
1789 1702 1839 1738 γὰρ

1049 1746 1270 1782 ὑπερασπίζεται
1287 1746 1377 1773 αὐτῶν
1388 1746 1418 1779 εξ
1431 1747 1520 1782 ὑμῶν,
1536 1748 1550 1773 ὁ
1566 1746 1690 1779 τοιοῦτος
1711 1748 1743 1781 ἐξ
1757 1749 1842 1775 αὐτῶν

1050 1793 1182 1828 ὑπάρχει.
1200 1801 1210 1818 ι
1241 1792 1356 1819 ”Εστω’
1386 1791 1569 1827 Χριστιανοὺς
1603 1793 1665 1828 μὲν,
1701 1795 1768 1826 τοὺς
1796 1795 1844 1829 τὴν

1051 1839 1224 1875 παντουργδν
1240 1839 1289 1866 καὶ
1303 1839 1386 1873 ἁγίαν
1402 1839 1507 1874 Τριάδα
1522 1839 1663 1872 σέϐοντας,
1681 1842 1786 1875 μισεῖς,
1796 1842 1843 1867 καὶ

1049 1884 1162 1911 τοιαῦτα
1187 1885 1335 1920 ὑπομένειν
1368 1884 1510 1916 κελεύεις·
1543 1885 1685 1917 Ἰουδαίοις
1718 1887 1760 1919 δὲ,
1788 1889 1843 1918 τοῖς

1050 1931 1302 1966 ἐπαγγελλομένοις
1332 1931 1382 1966 τὴν
1394 1931 1442 1957 τοῦ
1465 1931 1592 1966 ’Δῦραὰμ
1607 1931 1769 1965 ἀποσώζειν
1798 1934 1842 1959 πί-

1051 1986 1123 2011 στιν,
1148 1977 1192 2004 διὰ
1208 1977 1235 2004 τί
1265 1977 1354 2005 ταῦτα
1374 1977 1515 2013 προξενεῖς
1530 1986 1539 2011 ;
1557 1977 1627 2004 Ἀλλ’
1654 1978 1708 2004 οὐκ
1735 1979 1790 2012 ἔξω
1800 1980 1842 2005 καὶ

1051 2025 1132 2052 τοῦτο
1147 2026 1197 2060 τῆς
1212 2027 1260 2061 σῆς
1272 2024 1492 2060 κακοφροσύνης.
1509 2022 1590 2056 Οἶδας
1602 2025 1656 2060 γὰρ
1672 2026 1716 2052 ὃτι
1734 2027 1749 2052 ό
1763 2027 1842 2061 νόμος

1052 2072 1101 2108 τὴν
1124 2072 1171 2099 τοῦ
1193 2071 1317 2107 (Χριστοῦ
1334 2070 1450 2104 θεότητα
1465 2069 1585 2097 δείκνυσι
1604 2078 1612 2086 '
1630 2071 1678 2098 καὶ
1702 2071 1751 2098 διὰ
1766 2073 1843 2099 τοῦτο

1053 2119 1229 2154 ἀμφοτέρους
1254 2117 1410 2153 ὲχΘραίνεὶν
1440 2116 1575 2150 κελεύεις,
1596 2118 1798 2154 χριστομὰχος,
1827 2119 1842 2153 ἥ

1012 2183 1037 2214 D
1055 2165 1155 2202 μᾶλλον
1172 2165 1271 2196 εἰπεῖν,
1287 2162 1421 2214 Θεομόὲος
1432 2162 1483 2214 (ἓν.

245 2215 346 2244 Deinde
366 2215 404 2243 sic
420 2215 546 2243 condolet
574 2215 674 2244 Judaeis
687 2218 715 2243 et
738 2214 912 2249 Christianis,
936 2223 998 2244 cum

209 2264 266 2291 ait:
299 2261 371 2289 «Va:
386 2262 475 2296 vobis,
505 2262 651 2291 domestici
682 2261 904 2296 Scripturarum!
932 2263 999 2291 nihil

211 2310 286 2337 vobis
297 2309 360 2342 erit,
379 2309 468 2343 quoad
484 2309 571 2343 legem
586 2309 735 2342 sequemiui
749 2313 778 2336 et
791 2308 996 2343 Evangelium.)

208 2355 294 2388 Nihil,
309 2361 406 2388 nempe
432 2354 568 2381 utilitatis.
599 2355 680 2389 Atqui
702 2354 782 2389 paulo
801 2360 865 2382 ante
878 2354 965 2390 legem
984 2363 998 2382 a

208 2401 318 2431 Christo
354 2401 493 2436 impletam
523 2401 608 2428 fuisse
636 2400 736 2433 dixisti,
765 2400 999 2436 Evangeliumque

208 2448 408 2485 promulgatum
437 2454 499 2475 esse
529 2447 601 2473 viam
630 2450 657 2473 et
687 2446 773 2474 lucem
806 2453 833 2474 et
852 2447 998 2481 justitiam.

209 2495 265 2522 Sed
280 2501 375 2521 revera
390 2493 560 2521 mendacium
575 2492 693 2527 seipsum
707 2492 822 2528 jugulat,
850 2498 879 2521 ut
890 2494 998 2521 eviden-

209 2546 250 2569 ter
264 2545 438 2576 coarguatur.
991 2532 1013 2571 ί

1087 2210 1144 2238 Εἴθ’
1173 2210 1246 2237 οὓτω
1273 2209 1411 2241 ταλανίζει
1435 2209 1619 2244 Χριστιανούς
1646 2218 1679 2236 τε
1697 2212 1748 2238 καὶ
1783 2212 1837 2238 Ἰους

1050 2258 1154 2290 δαίους,
1179 2257 1282 2292 λέγων·
1316 2265 1325 2282 ι
1345 2255 1414 2282 Οὐαὶ
1431 2255 1508 2290 ὑμῖν,
1537 2256 1634 2282 οἰκεῖοι
1650 2256 1789 2292 Γραφέινῐ
1802 2259 1842 2284 οὑ-

1050 2305 1094 2331 δὲν
1123 2305 1187 2339 ὑμῖν
1203 2303 1291 2335 ἔσται,
1307 2302 1360 2333 ἕως
1380 2301 1413 2328 ἂν
1427 2301 1626 2337 ὲξακολουθῆτε
1654 2302 1696 2338 τῷ
1707 2304 1785 2338 νόμῳ
1799 2305 1842 2330 καὶ

1050 2352 1089 2387 τῷ
1111 2349 1282 2385 Εὑαγγελίῳ,
1304 2358 1312 2374 ι
1332 2348 1447 2382 Ὄφελον
1474 2347 1612 2383 δηλονότι.
1635 2349 1695 2376 Καὶ
1709 2350 1763 2385 μὴν
1779 2352 1842 2377 (ξι-γωδ

1049 2398 1123 2433 τέρω
1152 2396 1250 2431 μικρὸν
1282 2392 1517 2429 ἀληθοποιηθῆναι
1550 2392 1602 2427 μὲν
1618 2393 1697 2428 παρὰ
1721 2394 1841 2429 Χριστοῦ

1049 2443 1094 2469 τὸν
1110 2442 1191 2474 νόμον
1207 2441 1321 2474 εἴρηκας
1337 2446 1343 2454 ·
1364 2438 1475 2473 δοθῆναι
1489 2437 1518 2463 δὲ
1537 2437 1582 2464 διὰ
1599 2437 1648 2464 τοῦ
1672 2438 1843 2473 Εὑατγελξον

1050 2490 1189 2524 ὁδῂγησιν,
1214 2488 1259 2513 καὶ
1289 2485 1358 2520 φῶς,
1374 2484 1424 2511 καὶ
1435 2483 1622 2518 δικαιοσύνην.
1660 2483 1736 2511 Ἀλλ’
1761 2486 1843 2515 ὅντως

1013 2546 1016 2551 λ
1050 2534 1141 2569 ἑαυτῷ
1159 2533 1320 2568 περιπίπτει
1333 2531 1368 2558 τὰ
1381 2530 1467 2557 πολλὰ
1481 2530 1511 2556 τὸ
1526 2530 1636 2564 ψεῦδος,
1653 2530 1703 2558 ἵνα.
1718 2540 1843 2566 φανερω-

1038 2568 1136 2616 “”“τέρως
1156 2579 1312 2615 ἐλεγχθείη.

247 2629 284 2658 De
296 2628 506 2657 circumcisione
520 2634 548 2656 et
558 2629 672 2656 marium
699 2633 727 2656 et
738 2628 899 2656 feminarum
912 2629 998 2664 legem

210 2677 271 2705 tulit
287 2685 294 2704 :
311 2676 453 2704 interdixit
470 2675 523 2703 illis
543 2675 624 2702 etiam
643 2675 717 2702 vino.
736 2674 769 2702 Et
787 2682 875 2702 mares
888 2675 997 2709 quidem

211 2722 406 2752 circumcidere
429 2710 592 2749 llebraicum
610 2720 749 2754 ;leminas
763 2727 827 2748 vero
858 2721 1000 2755 impuden-

210 2770 254 2798 tia:
273 2768 458 2796 Moamethicae
471 2767 622 2803 proprium.
643 2766 748 2794 scilicet
765 2771 794 2794 ut
811 2767 998 2794 circumcisio-

212 2823 274 2843 nem
307 2815 333 2852 in
360 2814 418 2849 lege
447 2814 634 2848 praescriptam
659 2812 712 2840 hoc
736 2817 813 2846 pacto
838 2813 996 2846 corrigeret.

210 2861 382 2891 Abstinentia
397 2870 412 2890 a
427 2861 488 2889 vino
504 2860 555 2889 hoc
577 2860 644 2895 vult,
664 2867 698 2890 ne
715 2859 783 2889 ebrii
814 2858 890 2894 tacti,
918 2859 997 2888 facile

1085 2626 1265 2662 Περιτέμνειν
1282 2624 1329 2651 καὶ
1354 2624 1417 2654 τοὺς
1442 2623 1561 2658 ᾶῤῥενας
1588 2623 1638 2649 καὶ
1651 2623 1707 2655 τὰς
1732 2623 1840 2659 Θηλεὶας

1049 2673 1249 2709 νομοθετήσας,
1278 2670 1472 2705 ἀπηγόρευσεν
1502 2669 1595 2698 αὐτοῖς
1624 2670 1674 2696 καὶ
1700 2670 1747 2696 τὸν
1763 2668 1841 2696 οἷκον.

1049 2721 1086 2746 Τὸ
1105 2719 1155 2755 μὲν
1170 2718 1217 2744 οὖν
1231 2716 1409 2752 περιτέμνειν
1427 2716 1490 2746 τοὺς
1499 2715 1620 2750 ᾰρῤειας
1636 2715 1798 2751 Ἑϐραῖκόν·
1815 2715 1842 2741 τὸ

1049 2767 1077 2792 δὲ
1091 2766 1140 2796 τὰς
1157 2765 1267 2799 Θηλείας
1284 2763 1333 2798 τῆς
1344 2762 1392 2789 τοῦ
1409 2761 1533 2796 Μωάμεθ
1549 2762 1751 2797 ἀναισχυντίας
1766 2762 1840 2792 ἴδιον,

1051 2813 1100 2838 ἐπὶ
1114 2809 1258 2846 διορίιώσει
1282 2809 1363 2844 δῆθεν
1383 2808 1433 2843 τῆς
1459 2808 1578 2843 νομικῆς
1596 2810 1755 2844 περιτομῆς
1768 2817 1775 2823 ·
1791 2808 1843 2842 ἡὸὲ

1051 2857 1143 2894 ἀποχὴ
1159 2856 1206 2884 τοῦ
1224 2856 1306 2889 οἴνου,
1337 2855 1381 2883 ἵνα
1414 2853 1452 2890 μὴ
1481 2853 1690 2891 μεθυσκόμενοι
1716 2854 1771 2885 τάς
1798 2853 1850 2891 ἐκ
