1873 3075
42 164 120 198 1353

487 167 678 198 PANOPLIA
701 167 933 200 DOGMATICA.
947 181 981 188 -ο
993 169 1068 201 ΤΙΤ.
1090 169 1228 201 XXVI”.

1609 168 1678 201 1354

36 223 120 259 θροῖς
146 223 238 250 αὐτῶν
266 223 399 251 εὐάλωτοι
432 223 607 258 γίγνωνται,
638 227 687 252 καὶ
720 226 903 260 μάλισταΛιι

911 225 927 254 b
941 226 1064 254 hostibus
1081 227 1108 254 in
1128 230 1288 261 potestatem
1304 227 1503 261 redigerentur,
1515 232 1542 257 et
1559 230 1679 257 maxime

33 271 97 302 τοῖς
119 271 306 305 Χριστιανοῖς.

83 316 290 351 Ἐμυθολόγησε
311 315 435 350 κάμηλόν
458 323 518 341 τινα
541 317 688 350 γενέσθαι,
716 318 837 352 δυναμέ-

34 371 90 397 νην
110 363 199 390 πίνειν
216 363 276 390 ὅλον
297 363 344 389 τὸν
370 362 564 398 παραρρέοντα
593 364 717 398 ποταμόν
732 371 739 378 ·
767 362 837 392 εἶναι

33 409 66 434 δὲ
81 408 185 444 ταύτην
201 408 381 444 παμμεγέθη,
399 409 448 435 καὶ
464 409 503 445 μὴ
516 410 699 445 χωρουμένην
729 411 834 446 μεταξὺ

33 455 87 482 δύο
115 455 170 482 τῶν
186 456 324 490 μεγίστων
351 456 448 490 ὀρέων.
471 455 544 487 Λαὺς
570 453 629 488 οὖν,
647 457 740 491 φησὶν,
755 455 790 492 ἦν
806 458 835 484 ἐν

32 499 77 533 τῷ
95 500 172 535 τόπῳ
185 508 193 515 ’
217 501 265 526 καὶ
279 501 329 536 τὴν
344 500 396 534 μὲν
411 500 475 535 μίαν
491 501 600 536 ἡμέραν
616 502 698 533 αὐτὸς
715 502 790 529 ἔπινε
804 503 835 529 τὸ

35 545 116 581 ὕδωρ
133 545 180 571 τοῦ
199 545 334 581 ποταμοῦ,
363 546 414 581 τὴν
443 546 471 572 δὲ
485 547 581 581 ἑτέραν
601 548 617 582 ή
634 547 766 582 κάμηλος.
786 549 836 575 Πί-

34 599 127 617 νουσα
142 591 171 617 δὲ
189 591 219 618 τὸ
244 591 316 627 ὕδωρ
333 593 381 618 τοῦ
416 593 554 628 ποταμοῦ,
581 593 709 625 ἐπότιζεν
723 594 834 628 αὐτοὺς,

34 637 68 662 τὺ
99 638 202 672 ἑαυτῆς
229 638 301 672 γάλα
340 639 517 674 παρεχομένη
545 640 607 666 ἀντὶ
639 640 687 667 τοῦ
720 640 827 671 ὕδατος.

41 684 217 719 Ἀνέστησαν
239 684 285 711 οὖν
305 686 420 717 ἐκεῖνοι,
440 686 556 721 πονηροὶ
572 687 662 719 ὄντες,
695 687 743 714 καὶ
762 679 834 714 ἀπέ-

32 736 156 755 κτειναν
171 729 221 765 τὴν
241 730 375 765 κάμηλον.
393 730 488 758 Ἦνδὲ
503 731 604 767 ταύτης
634 734 769 768 γέννημα,
787 743 833 768 μι-

33 775 96 809 κρὰ
136 775 272 810 κάμηλος,
312 777 385 812 ἥτις,
416 777 610 813 ἀναιρεθείσης
634 779 684 813 τῆς
715 780 832 814 μητρὸς,

32 820 141 856 ἐδέησε
157 821 225 856 πρὸς
241 823 286 849 τὸν
303 822 371 850 Θεόν
387 831 395 838 θ
411 823 459 850 καὶ
475 824 573 851 ἔλασεν
587 824 675 860 αὐτὴν
688 826 757 860 πρὸς
769 826 833 852 ἑαυ-

30 866 95 894 τόν.
120 867 283 902 Ἐρωτῶμεν
297 867 344 895 οὖν
357 870 420 901 τοὺς
438 869 486 896 τοῦ
516 870 757 906 μυθολογήσαντος
766 872 833 899 ταῦ-

31 921 69 939 τα
103 913 241 949 μαθητὰς,
256 914 374 950 πότερον
390 916 422 942 εκ
447 916 618 951 συνδυασμοῦ
636 917 799 952 γεγέννηται
814 919 829 954 ὴ

32 960 128 993 μικρὰ
151 960 285 996 κάμηλος,
304 961 320 996 ἦ
336 962 397 997 δίχα
428 963 595 995 συνουσίας;
632 963 689 990 Καὶ
703 964 826 998 λέγουσι,

33 1014 43 1030 ι
62 1005 131 1040 δίχα
158 1006 313 1039 συνουσίας.
335 1016 345 1033 ι
371 1008 427 1034 Καὶ
449 1008 532 1035 πάλιν
561 1009 653 1044 ἡμεῖς,
684 1010 754 1036 «Kal
770 1010 831 1043 πῶς

29 1050 99 1084 δίχα
130 1052 298 1085 συνουσίας;
321 1061 331 1078 ι
374 1053 430 1080 Καὶ
454 1054 581 1087 λέγουσιν
617 1055 737 1089 ἀγνοεῖν.
775 1057 830 1083 Καὶ

30 1094 119 1127 αὖθις
135 1097 225 1130 ἡμεῖς,
248 1106 258 1123 σ
278 1097 340 1130 Πῶς
357 1098 426 1132 πρὸς
441 1099 541 1126 ἑαυτὸν
553 1101 567 1126 ὁ
579 1100 646 1131 Θεὸς
660 1100 709 1136 τὴν
726 1102 828 1137 μικρὰν

29 1140 163 1175 κάμηλον
180 1141 340 1173 ἀνελάϐετο.
359 1144 406 1170 καὶ
421 1144 472 1170 ποῦ
491 1144 643 1178 βύσκεται;
663 1146 723 1178 πῶς
735 1147 764 1172 δὲ
780 1147 829 1174 καὶ

27 1189 42 1214 ὁ
60 1188 212 1223 προφήτης
224 1188 302 1223 ὑμῶν
317 1190 367 1216 οὐκ
384 1189 488 1222 ἐδίδαξε
503 1191 536 1218 τὰ
550 1193 615 1227 περὶ
630 1194 681 1228 τῆς
695 1193 829 1220 ἁσυνδυά-

29 1242 101 1259 που
117 1234 217 1268 γέννης
234 1235 339 1270 αὑτῆς;
355 1236 412 1262 Καὶ
427 1236 478 1263 ποῦ
491 1237 605 1272 νέμεται
618 1246 625 1270 ς
640 1239 694 1265 Καὶ
709 1240 734 1265 εί
748 1239 781 1274 ζῇ
799 1240 828 1265 ὲν

26 1279 70 1314 τῷ
104 1279 227 1314 οὐρανῷ,
254 1281 271 1315 ἢ
303 1281 374 1316 μετὰ
387 1282 437 1316 τὴν
459 1283 595 1318 ἀνάληψιν
606 1284 827 1319 τετελεύτηκεν;

28 1324 47 1360 ἢ
65 1323 229 1359 πρόδρομος
246 1325 324 1360 ὑμῶν
341 1326 468 1361 είσῆλθεν
487 1328 527 1358 είς
543 1328 589 1354 τὸν
604 1328 769 1364 παράδεισον
786 1338 793 1363 ;
814 1339 822 1355 ι

27 1370 90 1397 Καὶ
108 1370 194 1405 μηδὲν
209 1370 319 1406 ἔχοντες
335 1373 436 1405 εἰπεῖν,
454 1374 568 1408 μένουσι
582 1375 725 1408 σιγῶντες.

66 1419 126 1443 κου.
152 1416 263 1444 Ἑαυτὸν
278 1418 352 1452 λέγει
369 1419 419 1450 τὰς
432 1419 507 1452 κλεῖς
521 1420 570 1446 τοῦ
588 1421 753 1456 παραδείσου
778 1423 826 1450 λα-

26 1461 105 1486 ϐεῖν·
120 1461 169 1487 καὶ
186 1462 257 1488 κατὰ
267 1463 434 1499 τὴνὴμέραν
444 1465 494 1499 τῆς
510 1466 684 1501 παγκοσμίου
697 1468 826 1502 κρίσεως,

29 1507 108 1542 μετὰ
122 1508 152 1533 τὸ
167 1508 400 1545 καταδικασθῆναι
416 1511 518 1538 Μωσέα
537 1512 609 1546 μετὰ
620 1513 674 1539 τῶν
692 1513 825 1550 Ἐϐραίων

24 1553 169 1580 ἁπάντων
203 1554 249 1581 διὰ
261 1555 311 1591 τὴν
336 1556 382 1582 τοῦ
399 1556 481 1592 νόμου
506 1557 674 1593 παράϐασιν,
692 1561 737 1586 καὶ
757 1561 825 1594 μετὰ

26 1600 85 1634 τὴν
122 1601 195 1626 κατὰ
223 1601 278 1627 τῶν
295 1602 466 1637 Χριστιανῶν
485 1603 585 1638 ψῆφον,
601 1605 636 1640 ἢν
658 1606 826 1641 ὑποστήσον-

21 1655 74 1673 ται
107 1647 362 1682 προσαγορεύοντες
390 1649 436 1675 τὸν
460 1649 580 1684 Χριστὸν
610 1651 674 1678 rm
691 1652 758 1679 Θεοῦ
774 1654 822 1680 καὶ

22 1692 114 1724 Θεὸν,
141 1693 284 1728 ἀνοιγῆναι
315 1694 364 1729 μὲν
393 1695 440 1721 τὸν
465 1696 688 1732 παράδεισονὺπ’
714 1699 796 1725 αὑτοῦ
814 1708 821 1716 ·

22 1737 216 1764 συνεισελθεῖν
244 1738 272 1764 δὲ
298 1740 373 1775 αὐτῷ
395 1741 518 1776 χιλιάδας
542 1743 731 1778 ἑϐδομήκοντα
769 1747 823 1773 ἀπὸ

21 1783 84 1809 τῶν
103 1782 335 1818 παραδεξαμένων
350 1785 400 1819 τὴν
428 1785 603 1814 διδασκαλίαν
628 1789 711 1815 αὑτοῦ
727 1797 734 1804 '
760 1792 823 1822 τοὺς

21 1827 52 1853 δὲ
67 1826 184 1858 λοιποὺς
195 1827 250 1854 τῶν
264 1828 345 1854 αὑτοῦ
359 1830 491 1864 μαθητῶν
508 1831 687 1866 κριθήσεσθαι
703 1833 805 1868 φάσκει
815 1843 821 1850 ·

21 1872 78 1899 καὶ
98 1872 163 1903 τοὺς
193 1873 242 1907 μὲν
260 1874 419 1908 κρείττονας
452 1874 482 1908 ἐξ
510 1876 601 1903 αὐτῶν
630 1878 823 1914 ἀναμφιὸόλως

19 1917 76 1943 καὶ
103 1916 203 1948 αὐτοὺς
223 1918 263 1948 εἰς
289 1919 335 1945 τὸν
362 1919 527 1954 παράδεισον
542 1922 700 1957 εἰσαχθῆναι
716 1943 724 1956 ,
756 1925 821 1956 τοὺς

19 1963 52 1989 δὲ
71 1961 185 1996 χείρους
215 1963 261 1989 καὶ
277 1963 460 1998 ἁμαρτωλοὺς
484 1967 626 1993 πιττάκιον
637 1967 678 2002 τῷ
691 1970 822 2004 τραχήλῳ

19 2008 142 2036 ἑαυτῶν
157 2009 364 2044 περιδεδεμένον
384 2010 530 2045 φέροντας,
544 2014 591 2039 καὶ
608 2013 708 2046 αὐτοὺς
723 2016 763 2046 είς
775 2015 821 2042 τὸν

17 2054 200 2090 παράδεισον
235 2056 420 2090 εἰσαχθῆναι·
448 2058 494 2085 καὶ
532 2059 673 2086 καλεῖσθαι
708 2061 820 2094 τούτους

19 2110 30 2127 ι
51 2100 259 2136 ἀπελευθέρους
284 2101 330 2128 τοῦ
351 2102 420 2129 Θεοῦ
440 2104 487 2130 καὶ
510 2104 558 2131 τοῦ
575 2106 716 2142 προφήτου
733 2107 819 2135 Mind-

17 2146 97 2182 μεο.
120 2155 129 2172 ι

56 2191 118 2226 κβ’.
143 2191 194 2219 Τὸν
216 2194 381 2229 παράδεισον
403 2197 540 2230 τέσσαρας
569 2197 643 2231 λέγει
675 2201 817 2234 ποταμοὺς

849 901 870 929 Β

840 1583 862 1612 C

889 277 903 297 a
920 270 1093 300 Christianis.

923 315 1071 345 Fabulatus
1093 323 1136 346 est
1164 318 1248 345 fuisse
1270 317 1403 346 camelum
1431 319 1589 353 quamdam,
1615 328 1676 355 qua

887 363 1008 396 potuerit
1029 365 1154 399 integros
1175 363 1275 392 ﬂuvios
1295 363 1511 399 praeterﬂuentes
1541 369 1674 399 epotare:

887 407 972 436 fuisse
988 414 1080 437 autem
1098 409 1170 437 illam
1189 417 1378 446 permagnam,
1394 415 1422 438 et
1446 418 1505 446 quas
1523 411 1594 439 inter
1608 411 1677 439 duos

886 460 992 482 montes
1010 455 1142 484 maximos
1156 463 1209 484 non
1237 461 1390 492 caperetur.
1421 457 1455 484 Et
1470 457 1496 485 in
1521 465 1563 492 eo,
1578 457 1674 493 inquit,

889 499 950 528 loco
978 501 1094 536 populus
1122 507 1203 536 erat;
1233 510 1262 530 et
1291 502 1377 531 altero
1409 504 1518 538 quidem
1549 504 1592 532 die
1619 505 1676 538 ipse

887 553 983 581 aquam
1001 547 1073 575 ﬂuvii
1091 548 1209 580 bibebat,
1224 548 1311 577 altero
1325 556 1401 582 vero.
1416 549 1536 578 camelos
1557 556 1565 576 :
1588 557 1676 586 eaque

886 600 947 619 cum
961 593 1073 622 bibisset
1085 602 1194 629 aquam,
1211 595 1308 630 populo
1321 595 1357 623 illi
1371 600 1464 631 potum
1479 596 1616 631 praebebat
1632 596 1675 624 lae

885 646 975 672 suum,
999 647 1048 674 pro
1072 647 1152 675 aqua.
1173 639 1225 668 Hie
1262 636 1355 676 itaque
1385 642 1510 676 populus.
1538 650 1600 670 cum
1623 650 1668 670 cs-

885 689 928 712 set
944 685 1042 718 malus.
1064 686 1215 714 insurrexit
1236 690 1262 714 et
1280 687 1413 715 camelum
1433 687 1582 715 interfecit.
1607 688 1674 715 Erat

884 739 975 759 autent
997 733 1076 767 hujus
1096 733 1185 767 pullus
1211 734 1327 769 exiguus
1351 734 1481 768 camelos,
1510 735 1558 770 qui
1583 735 1670 763 inter-

884 778 954 806 fecta
971 783 1057 806 matre
1076 780 1109 806 ad
1130 779 1213 807 Deum
1241 781 1380 812 clamavit,
1391 785 1419 809 et
1434 782 1582 816 assumpsit
1596 790 1673 810 eum-

883 825 943 852 dem
974 825 1007 852 ad
1033 825 1162 860 seipsum.
1189 825 1391 862 lnterrogemus
1418 827 1498 862 igitur
1524 828 1673 863 discipulos

884 870 964 905 hujus
979 870 1140 899 fabulatoris
1153 892 1161 905 .
1194 877 1285 900 utrum
1305 881 1339 900 ex
1362 873 1552 908 conjunctione
1575 883 1674 909 parvus

884 917 1006 946 camelus
1030 922 1111 945 natus
1127 918 1174 952 sit,
1194 927 1228 946 an
1251 919 1356 955 absque
1390 921 1483 948 coitu?
1508 921 1542 948 Et
1553 922 1647 950 dicunt
1663 931 1673 951 :

887 972 897 988 ‹
920 964 1029 999 Absque
1046 964 1129 992 coitu.
1149 974 1158 991 ›
1186 966 1219 993 Et
1236 973 1287 994 nos
1308 974 1416 995 rursum
1436 975 1443 993 :
1466 977 1476 994 ‹
1494 967 1526 994 Et
1538 969 1674 1002 quomodo

883 1010 987 1044 absque
1003 1011 1076 1038 coitu
1089 1011 1100 1038 ‘l
1113 1020 1122 1037 ι
1146 1011 1181 1038 Et
1204 1014 1367 1048 respondent
1382 1021 1411 1041 se
1427 1014 1561 1049 ignorare.
1580 1015 1613 1042 Et
1624 1024 1672 1043 nos

884 1056 981 1084 iterum
1002 1065 1009 1083 :
1036 1066 1046 1083 ‹
1065 1058 1206 1090 Quomodo
1226 1066 1290 1086 vero
1317 1058 1389 1086 Deus
1408 1060 1440 1087 ad
1463 1061 1581 1095 seipsum
1611 1070 1674 1096 par-

884 1108 946 1127 vum
962 1100 1036 1128 illum
1057 1102 1191 1130 camelum
1207 1104 1365 1135 assumpsit,
1381 1109 1409 1130 et
1423 1104 1466 1131 ubi
1483 1105 1607 1138 pascitur
1621 1126 1629 1139 ,
1645 1110 1671 1133 et

884 1151 938 1178 quo
951 1148 1031 1178 pacto
1052 1145 1182 1179 propheta
1195 1145 1284 1174 vester
1306 1154 1359 1174 non
1374 1147 1520 1182 explicavit
1543 1147 1602 1182 ejus
1624 1156 1671 1176 or-

885 1194 953 1223 tum,
968 1198 1029 1218 eum
1053 1190 1124 1218 nulla
1145 1193 1225 1226 plane
1242 1193 1420 1221 antecesserit
1436 1194 1614 1228 conjunctio?
1636 1195 1669 1223 Et

883 1237 928 1263 ubi
941 1237 1083 1271 pascitur?
1102 1237 1135 1265 Et
1148 1242 1238 1266 utrum
1254 1239 1320 1266 vivit
1331 1239 1357 1266 in
1377 1240 1457 1274 cmlo,
1471 1248 1506 1268 an
1518 1248 1584 1269 vero
1597 1248 1670 1276 post-

882 1290 964 1317 quam
984 1289 1138 1320 assumptus
1163 1290 1205 1313 est
1224 1285 1301 1320 obiit,
1336 1291 1384 1314 aut
1406 1295 1454 1315 vos
1474 1289 1500 1316 in
1513 1289 1668 1323 paradisum

883 1331 1045 1364 praecurrit?
1066 1341 1075 1357 ι
1096 1332 1143 1359 Isti
1158 1339 1223 1361 vero
1236 1340 1299 1360 cum
1317 1342 1371 1361 non
1395 1334 1512 1363 habeant
1539 1339 1610 1371 quod
1628 1346 1670 1365 re-

882 1377 1043 1410 spondeant.
1058 1378 1256 1407 conticescunt.

917 1421 964 1448 21.
976 1421 1100 1458 Seipsum
1115 1424 1153 1451 ait
1163 1425 1251 1453 claves
1266 1427 1383 1460 paradisi
1397 1429 1546 1463 accepisse,
1561 1431 1670 1459 etclrca

883 1467 958 1496 diem
989 1469 1152 1498 universalis
1177 1471 1284 1505 judicii,
1315 1479 1462 1508 postquam
1487 1475 1577 1504 Moses
1605 1484 1667 1504 cum

881 1512 1014 1549 llebrteis,
1044 1516 1079 1544 ob
1104 1517 1173 1552 legis
1205 1520 1450 1554 transgressiones,
1472 1523 1669 1552 condemnatus

880 1559 981 1594 fuerit,
1013 1565 1041 1589 et
1060 1567 1121 1596 post
1143 1564 1307 1592 sententiam
1332 1567 1365 1594 de
1382 1566 1548 1596 Christianis
1570 1569 1664 1602 latam,

878 1614 959 1641 quam
977 1606 1020 1634 illi
1033 1607 1122 1635 ferent
1149 1609 1213 1643 quia
1233 1611 1372 1639 Christum
1387 1618 1415 1640 et
1436 1612 1486 1642 Dei
1514 1614 1612 1643 Filium
1639 1623 1667 1644 et

879 1653 963 1680 Deum
978 1654 1127 1688 appellant,
1160 1661 1283 1690 apertum
1305 1657 1337 1685 iri
1361 1659 1517 1693 paradisum
1534 1661 1569 1689 ab
1596 1663 1665 1697 ipso,

877 1703 904 1726 et
925 1699 1006 1726 simul
1034 1707 1095 1728 cum
1128 1701 1188 1735 ipso
1212 1702 1361 1731 intraturas
1390 1705 1521 1733 chiliadas
1554 1713 1666 1741 septua-

877 1747 962 1781 ginta,
984 1754 1016 1774 ει
1031 1755 1125 1775 eorum
1140 1756 1256 1776 numero
1275 1751 1322 1784 qui
1343 1751 1494 1779 doctrinam
1507 1754 1592 1788 ipsius
1606 1764 1665 1782 am.

876 1793 947 1828 plexi
966 1794 1075 1827 fuerint,
1099 1796 1219 1830 reliquos
1236 1804 1300 1825 vero
1317 1806 1381 1826 suos
1394 1800 1542 1835 discipulos
1554 1802 1664 1836 judica-

877 1844 931 1866 tum
951 1841 982 1867 iri
1002 1841 1107 1868 dictitat
1133 1846 1178 1869 :et
1191 1843 1303 1877 quidem
1321 1845 1448 1873 meliores
1461 1847 1579 1881 ipsorum
1590 1849 1659 1876 citra

875 1893 982 1913 omnem
997 1888 1212 1916 controversiam
1228 1893 1255 1916 ct
1271 1890 1344 1925 ipsos
1361 1892 1488 1925 paradiso
1505 1894 1638 1928 petituros
1653 1905 1659 1926 ;

873 1931 979 1966 pejores
1002 1940 1065 1960 vero
1098 1939 1125 1960 et
1146 1940 1316 1970 peccatores,
1346 1937 1498 1965 chartulam
1523 1939 1558 1967 de
1590 1941 1660 1969 colo

873 1978 1034 2011 pendentem
1057 1979 1184 2013 ferentes.
1205 1985 1234 2008 et
1248 1982 1320 2016 ipsos
1344 1982 1371 2009 in
1388 1984 1545 2017 paradisum
1570 1985 1655 2013 intro-

873 2024 987 2051 missum
1015 2024 1058 2058 iri,
1079 2026 1267 2062 appellarique
1292 2027 1360 2056 i5tos
1377 2036 1388 2054 ι
1423 2028 1537 2058 libertos
1563 2029 1610 2059 Dei
1629 2037 1657 2060 et

873 2069 1010 2105 prOpheta:
1023 2070 1178 2100 Moametbi.
1208 2082 1218 2098 ι

905 2197 950 2227 εξ.
968 2197 1128 2226 Paradisum
1146 2200 1256 2234 quidem
1289 2207 1407 2236 quatuor
1424 2202 1538 2232 ﬂumina
1554 2206 1656 2236 habere

12 2241 113 2275 ἔχειν,
128 2238 157 2270 ἐξ
171 2239 266 2271 ὓδατος
292 2240 429 2267 ἁθολώτου
443 2261 450 2274 ,
470 2243 517 2268 καὶ
533 2242 667 2276 γάλακτος
683 2245 817 2280 καθαροῦ,
834 2251 857 2278 ι)
874 2247 903 2270 tr:

911 2244 966 2276 Idll,
980 2252 1012 2272 ex
1029 2252 1098 2279 aqua
1113 2253 1190 2280 pura,
1208 2247 1275 2275 lacte
1289 2255 1366 2282 puro,
1376 2254 1403 2275 et
1419 2249 1488 2278 dulci
1504 2251 1575 2285 vino,
1591 2256 1657 2282 mel-

13 2287 70 2313 καὶ
85 2285 159 2311 οἴνου
169 2286 309 2319 ἡδέος,καὶ
323 2287 433 2322 μέλιτος
445 2288 565 2315 ὑλιστοῦ.
578 2290 614 2315 Συ
623 2291 769 2323 νουσιάζειν
783 2293 812 2319 δὲ

12 2334 70 2360 καὶ
93 2331 219 2364 γυναιξὶν
233 2333 263 2358 ἐν
278 2332 316 2367 τῷ
332 2333 490 2368 παραδείσῳ
502 2342 508 2348 ·
531 2335 579 2362 καὶ
597 2333 668 2362 εἶναι
687 2338 737 2372 τὴν
754 2347 816 2365 συν-

10 2379 124 2405 ουσίαν
138 2377 228 2404 αὐτῶν
244 2378 381 2415 ἡδυτάτην
399 2380 482 2412 πάνυ,
499 2381 545 2407 καὶ
569 2381 680 2417 διαρκῆ,
701 2385 748 2410 καὶ
767 2384 816 2420 ἄῤ-

11 2427 152 2461 ρευστον.
182 2423 252 2456 Τοὺς
283 2425 376 2459 μέντοι
407 2426 562 2459 Ἐϐραίους,
584 2428 710 2461 καὶτοὺς
727 2430 814 2466 Χρισ‹

9 2470 135 2499 naturai);
153 2469 219 2501 ξύλα
231 2470 277 2496 τοῦ
305 2470 415 2496 αἰωνίου
432 2472 612 2506 χρηματίζειν
629 2474 714 2508 πυρός
728 2483 734 2489 '
751 2478 814 2508 τοὺς

8 2518 41 2544 δὲ
64 2515 246 2550 Σαμαρείτας
269 2515 456 2550 ἁποτετάχθαι
470 2518 539 2551 πρὸς
558 2519 607 2553 τὴν
628 2520 750 2555 ἐκφορὰν
767 2522 814 2558 τῆς

8 2565 132 2596 κόπρου
145 2563 198 2588 τῶν
215 2563 244 2588 ὲν
256 2563 294 2597 τῷ
311 2563 470 2599 παραδείσῳ
485 2565 687 2601 διαιτωμένων,
719 2568 761 2594 ἵνα
775 2569 813 2604 μὴ

7 2608 155 2642 ὲποζὲσῃ,
181 2609 495 2644 φησὶν,ὁπαράδεισος.
528 2611 621 2639 Ταῦτα
649 2613 749 2646 πάντα,
783 2615 814 2641 τὰ

7 2653 217 2688 καταγέλαστα
245 2656 333 2682 πάντα
364 2656 411 2682 καὶ
435 2657 613 2692 ἀπαράδεκτα
637 2659 812 2694 Χριπιανῡίς

5 2704 98 2732 ὄντα,
121 2701 168 2726 καὶ
186 2701 318 2736 μυθάρια,
343 2702 389 2728 καὶ
403 2702 554 2736 ἁσύστατα,
584 2704 633 2730 οὐκ
657 2705 811 2733 ἐπιδέονταί

4 2755 93 2778 τινος
111 2747 282 2783 ἀνατροπῆς,
297 2748 411 2775 αὐτόθεν
421 2748 602 2784 ἐληλεγμένα.

47 2836 113 2867 κγ’.
131 2833 297 2860 Ἀποκλείων
311 2835 378 2861 πᾶσι
395 2835 444 2869 τὴν
457 2835 572 2871 ἔρευναν
584 2837 639 2863 τῶν
652 2838 717 2872 παρ’
726 2837 809 2864 αὑτοῦ

2 2879 275 2916 ὂογματιζομένων,
303 2882 328 2907 εί
343 2880 431 2916 ἀληθῆ
459 2882 580 2919 ταῦταῆ
607 2884 658 2920 μὴ,
687 2884 808 2920 κελεύει,

187 2929 321 2960 l’aruoa.
337 2932 396 2962 Gn.
416 2931 531 2966 CXXX.

875 2290 956 2324 lequc
984 2291 1124 2320 defaecato.
1154 2291 1218 2319 ltem
1261 2295 1439 2323 concumbere
1475 2297 1548 2332 ipsos
1593 2308 1654 2327 cum

872 2336 1028 2364 mulieribus
1050 2337 1075 2363 in
1093 2338 1217 2371 paradiso
1233 2346 1239 2364 :
1256 2346 1369 2373 esseque
1382 2347 1556 2376 congressum
1585 2345 1656 2379 ipso-

871 2388 930 2408 rum
947 2382 1172 2415 jucundissimum
1193 2385 1302 2412 omnino
1316 2391 1344 2413 et
1356 2386 1545 2423 suilloientem,
1564 2397 1591 2418 et
1608 2393 1654 2426 qui

870 2435 1006 2462 nunquam
1029 2429 1143 2457 dillluat.
1187 2430 1316 2460 llebrmos
1341 2441 1406 2461 vero
1433 2438 1459 2462 et
1486 2436 1655 2465 Christianos

871 2474 942 2509 ligna
962 2475 1116 2508 sempiterni
1142 2476 1209 2510 ignis
1229 2478 1356 2511 appellari
1377 2487 1384 2505 :
1403 2480 1588 2510 Samarilauos
1600 2493 1650 2510 uu-
1687 2507 1692 2512 .

870 2527 921 2548 lem
936 2521 1085 2548 destinatos
1100 2529 1160 2549 esse
1178 2528 1207 2549 ut
1221 2529 1328 2552 stercus
1356 2526 1469 2553 eﬂerunt
1486 2535 1581 2555 eorum
1605 2531 1652 2564 qui

868 2568 894 2594 in
913 2567 1039 2602 paradiso
1052 2574 1146 2602 agunt,
1160 2576 1193 2595 ne
1205 2571 1325 2603 graviter
1338 2572 1410 2598 oleat
1424 2574 1576 2606 paradisus.
1590 2575 1653 2602 [Leu

867 2613 973 2648 quidem
988 2613 1090 2646 omnia,
1104 2617 1132 2640 et
1146 2614 1256 2641 ridicula
1270 2616 1447 2651 nndequaquc
1465 2624 1491 2644 et
1505 2619 1593 2646 aliena
1618 2621 1651 2647 ab

867 2660 939 2686 omni
955 2659 1172 2687 Christianorum
1194 2662 1327 2696 doctrina,
1349 2663 1466 2699 itemque
1490 2665 1605 2701 fabellae,
1623 2675 1651 2695 et

866 2707 983 2734 absurda
1023 2708 1135 2735 minime
1172 2710 1360 2744 consistentia,
1388 2719 1442 2740 non
1480 2721 1560 2748 egent
1598 2717 1650 2744 ulla

867 2751 1041 2784 reFutatione,
1056 2757 1085 2779 ut
1100 2761 1159 2788 qua:
1174 2762 1189 2780 a
1205 2754 1302 2790 seipsis
1327 2757 1525 2792 redarguantur
1538 2765 1570 2799 et.
1582 2770 1650 2788 con-

867 2796 1022 2822 vincantur.

900 2841 945 2868 25.
959 2841 992 2868 Et
1007 2847 1035 2869 ut
1050 2843 1242 2871 intercluderet
1257 2846 1382 2875 onmibus
1392 2849 1460 2877 viam
1470 2851 1649 2885 investigandi

864 2893 912 2929 sua
930 2887 1042 2923 placita,
1062 2893 1152 2916 utrum
1180 2890 1300 2928 scilicet_
1317 2900 1380 2922 vera
1411 2895 1475 2928 sint,
1501 2905 1534 2923 an
1560 2897 1627 2926 falsa
1641 2919 1650 2933 ,

1453 2943 1491 2975 43
