1873 3075
171 135 239 165 1355

789 130 980 161 EUTHYMII
1000 130 1085 161 ZIGA
1092 131 1179 160 BENI

1729 126 1795 157 i358

172 192 294 224 mandat,
315 191 367 218 hoc
383 190 490 224 quidem
510 193 641 223 tempore,
669 193 796 222 tanquam
824 187 954 214 divinitus
969 190 988 217 Α

1081 187 1132 223 μὲν
1153 189 1191 219 ὠς
1216 188 1386 214 θεόπνευστα
1409 186 1536 221 δέχεσθαι
1563 184 1597 211 τὰ
1614 183 1678 218 παρ’
1711 183 1795 210 αὑτοῦ

173 239 313 273 inspirata,
328 245 375 264 sua
388 235 512 271 atnplecti
523 235 626 267 omnia,
639 234 877 268 investigationem
888 240 954 260 vero

174 285 280 312 illorum
295 290 322 310 et
343 283 528 317 probationem
544 281 577 308 ad
593 281 664 308 diem
693 287 779 315 usque
800 283 953 306 extremum

175 330 269 365 judicii
285 328 445 357 universalis
468 326 668 356 reservandam.
686 327 762 353 Tunc
785 325 858 353 enim
885 325 956 360 quod

177 378 290 410 probum
322 375 514 409 sincerumque
538 376 584 408 sit,
603 374 711 408 planum
736 373 805 400 fore.
824 372 863 399 Ne
892 379 957 399 vero

178 423 320 457 quisquam
340 422 413 449 dicat
429 430 436 450 ε
455 431 464 447 ι
489 420 596 448 Postula
611 427 625 447 a
640 420 694 447 Deo
713 420 820 454 signum
848 417 958 453 aliquod

176 469 210 495 ad
226 467 460 495 conﬁrmationem
486 471 592 493 tuorum
618 464 790 499 placitorum,
813 473 822 489 ι
847 463 959 490 simulat

177 514 343 548 petitionem,
359 517 386 539 et
401 511 435 539 ad
451 512 533 538 Deum
548 511 608 537 ait:
629 520 638 536 ι
660 509 803 537 Postulant
821 517 835 536 a
863 513 889 536 te
908 509 958 536 do-

179 559 282 587 mestici
307 562 333 585 et
361 557 499 585 vernaculi
532 556 656 590 discipuli
680 556 821 590 scriptura:
842 555 879 589 (id
904 558 956 586 est,

180 606 225 638 qui
250 605 412 639 scripturam
434 603 505 630 illam
521 603 649 630 divinitus
665 602 774 629 missam
790 601 959 636 amplectun-

181 651 234 685 tur)
251 655 281 677 ut
296 651 422 678 demittas
438 650 471 677 ad
491 656 537 677 eos
556 648 718 683 scripturam
737 655 753 674 e
772 647 858 678 ccelis,
883 655 892 671 ι
910 646 962 673 sci-

181 698 248 724 licet
262 697 422 732 scripturam
439 696 594 727 secundam,
617 701 678 729 quae
689 697 781 721 certos
798 700 846 720 eos
869 693 961 720 reddat

182 744 279 777 placita
296 751 311 770 a
327 750 370 770 me
395 742 531 777 proposita
554 746 581 768 et
598 740 744 768 constituta
771 745 833 767 esse
852 746 917 766 vera
936 742 963 765 et

184 789 232 817 tibi
249 793 335 824 grata.
352 788 448 816 Postea
464 787 497 814 de
526 785 646 813 Hebreis
663 785 798 820 proponit,
825 784 896 818 quod
925 783 963 810 illi

186 836 273 870 majus
289 834 427 870 quippiam
441 840 457 860 a
472 832 549 860 Moss
568 831 704 866 petierint,
725 831 863 858 dicentes:
885 839 895 856 ι
914 830 965 858 0s-

184 864 263 910 tende
283 864 364 909 nobis
388 880 472 907 Deum
490 864 642 908 manifesto,
668 886 677 903 ι
701 881 727 904 et
751 877 824 911 quod
840 883 965 910 compre-
981 864 1004 892 Β

188 928 311 956 henderit
339 928 411 962 ipsos
426 925 497 953 Deus
511 924 545 952 oh
572 923 733 958 injustitiam
754 930 843 954 suam,
870 922 896 949 id
926 927 968 949 est

188 971 469 1003 sustuleritemedio,
481 970 516 998 ob
529 970 599 996 hanc
625 968 771 995 absurdam
799 972 826 995 et
851 967 967 1002 ineptam

189 1020 344 1054 petitionem
362 1017 494 1052 ipsorum.
522 1015 584 1042 Hac
600 1014 708 1049 quidem
737 1013 780 1041 ille
804 1013 918 1045 addidit,
942 1018 970 1040 ut

191 1069 305 1092 lerrerel
320 1061 466 1096 discipulos
478 1067 552 1094 suos,
568 1065 596 1087 ut
608 1060 761 1094 prohiberet
774 1058 822 1095 (uti
849 1058 971 1086 declara-

192 1118 248 1137 tqu
261 1110 313 1145 est)
329 1108 467 1142 inquirere
489 1106 732 1134 demonstrationes
760 1106 885 1133 veritatis
903 1113 911 1138 ;
937 1112 972 1132 ne

192 1157 295 1185 scilicet
320 1154 418 1183 similia
433 1153 498 1188 ipsis
513 1153 678 1180 acciderent.
695 1152 779 1180 Judaei
797 1157 887 1179 tamen
913 1158 971 1178 ma-

191 1203 232 1237 gis
249 1201 384 1236 deprecati
396 1204 468 1232 sunt,
503 1206 535 1226 ne
551 1198 620 1225 Deus
642 1198 798 1232 loqueretur
827 1197 859 1224 ad
887 1198 971 1232 ipsos,

193 1253 220 1276 et
231 1248 342 1284 gloriam
361 1247 418 1278 Dei,
435 1252 495 1280 quae
509 1244 574 1279 ipsis
589 1243 616 1270 in
633 1248 726 1271 monte
749 1243 814 1270 Sina
841 1250 973 1278 apparue-

192 1299 245 1329 rat,
262 1293 417 1322 horribilem
433 1291 622 1320 existimarunt
634 1295 661 1318 et
683 1289 879 1317 intolerabilem
896 1299 902 1316 :
924 1289 974 1315 fal—

193 1347 307 1375 sumque
322 1343 364 1367 est
385 1337 540 1373 exemplum
569 1335 743 1364 Hebraeorum
769 1336 816 1370 qui
837 1343 871 1363 eo
898 1335 975 1362 modo

193 1385 336 1421 perierint.

230 1432 362 1459 Praeterea
399 1437 514 1460 conatur
543 1432 691 1461 conciliare
717 1431 766 1458 sibi
782 1429 905 1458 veritatis
917 1433 976 1456 stu-

196 1479 281 1510 ilium,
298 1484 325 1506 et
343 1479 394 1506 (ide
416 1479 523 1514 dignam
553 1479 746 1506 auctoritatem
783 1477 891 1512 placitis
921 1475 978 1504 suis

1006 234 1096 260 πάντα
1111 242 1120 249 ·
1135 233 1319 268 παραπέμψαι
1346 233 1374 260 δὲ
1389 233 1438 267 τὴν
1455 232 1570 259 ’τούτων
1606 231 1723 265 ἔρευναν
1750 229 1798 255 καὶ

1005 279 1167 314 δοκιμασίαν
1181 279 1222 310 είς
1237 279 1286 311 τὴν
1295 278 1456 305 τελευταίαν
1471 278 1578 312 ἡμέραν
1595 275 1645 307 τῆς
1689 282 1798 307 παγκο-

1009 325 1089 358 σμίου
1104 324 1224 358 κρίσεως
1239 332 1245 339 ·
1262 324 1323 350 τότε
1336 324 1391 359 γὰρ
1405 322 1523 358 φανῆναι
1545 322 1574 348 τὸ
1588 321 1696 351 πάντως
1719 319 1796 346 δόκι-

1010 379 1069 405 μον.
1085 371 1146 398 Ἰνα
1159 370 1187 397 δὲ
1206 371 1243 405 μή
1254 378 1296 402 τις
1314 370 1389 406 εἴτι-ῃ,
1406 378 1416 394 ι
1436 369 1552 403 Δῐτησαι
1569 366 1646 402 παρὰ
1662 366 1712 393 τοῦ
1723 364 1797 392 Θεοῦ

1010 417 1122 451 σημεῖον
1140 417 1180 448 είς
1196 416 1329 443 πίστωσιν
1354 415 1411 442 τῶν
1430 414 1507 448 παρὰ
1533 413 1581 440 σοῦ
1595 412 1803 446 δογματιζομέο

1009 471 1074 493 νων,
1091 472 1099 488 ι
1118 462 1296 497 ὑποκρίνεται
1309 461 1358 496 τὴν
1370 461 1487 495 αἴτησιν,
1519 459 1568 485 καί
1590 467 1657 492 φησι
1671 457 1742 492 πρὸς
1755 457 1802 482 τὴν

1009 508 1077 534 Θεόν
1088 514 1095 522 '
1118 515 1127 532 ι
1148 506 1291 533 Δίτοῦνταί
1306 514 1335 532 σε
1352 506 1377 532 οἱ
1392 505 1487 532 ηίκεῖοι
1503 504 1553 538 τῆς
1566 503 1674 537 γραφῆς
1694 502 1804 536 (τουτέ-

1012 562 1071 580 στιν
1083 554 1108 580 oi
1125 553 1176 587 τὴν
1196 552 1370 585 θεόπεμπτον
1387 559 1434 578 σου
1450 549 1559 584 γραφὴν
1573 549 1732 583 δεξάμενοι)
1752 547 1803 574 τοῦ

1012 599 1175 632 κατενέγκαι
1188 598 1281 625 ἐπάνω
1294 596 1384 624 αὐτῶν
1399 595 1509 630 γραφὴν
1523 596 1555 621 ἐκ
1568 593 1613 620 τοῦ
1626 593 1749 628 οὐρανοῦ
1760 601 1768 609 ·
1791 602 1802 618 s

1012 644 1121 681 γραφὴν
1135 644 1265 679 δευτέραν
1274 643 1407 678 δηλονότι,
1421 639 1649 676 πληροφοροῦσαν
1665 639 1733 673 περὶ
1745 638 1806 664 τῶν

1012 692 1080 726 παρ’
1106 690 1188 718 αὑτοῦ
1207 688 1464 723 δογματιζομένων,
1479 687 1522 714 ὅτι
1537 686 1624 720 ἀληθῆ
1642 687 1690 712 καὶ
1703 685 1808 721 εὐάρε-

1015 746 1074 764 στα.
1093 735 1160 763 Εἶτα
1191 734 1388 771 προσεκτίθησι
1410 734 1474 768 περὶ
1501 732 1554 759 τῶν
1587 731 1740 766 Ἐϐραίων,
1762 732 1808 757 ὅτι

1014 783 1150 819 ᾐτήσαντο
1177 783 1223 809 τὸν
1253 782 1357 816 Μωσῆν
1388 779 1504 815 μείζονα
1522 778 1630 809 τούτου,
1651 778 1699 804 καὶ
1713 775 1807 808 εἷπον,

1022 839 1031 856 ι
1050 830 1142 862 Δεῖξον
1153 830 1218 864 ἡμῖν
1235 829 1282 855 τὸν
1297 828 1365 855 Θεδν
1381 826 1505 862 φανερῶς
1517 835 1525 842 ·
1546 835 1554 851 ι
1578 825 1625 852 καὶ
1643 824 1743 852 ἔλαϐεν
1757 824 1810 850 αὑ-

1019 875 1081 905 τοὺς
1094 875 1124 900 τὸ
1147 875 1225 900 Θεῖον
1240 874 1283 900 διὰ
1314 873 1363 907 τῆς
1387 871 1492 902 ἀδικίας
1516 871 1607 897 αὐτῶν
1623 877 1631 885 ⁸
1651 869 1810 899 τουτέστιν,

1019 920 1123 947 ἀνεῖλεν
1155 920 1253 951 αὐτοὺς
1272 919 1316 946 διὰ
1330 919 1380 954 τὴν
1409 918 1565 953 παράλογον
1577 917 1683 949 ταύτην
1694 915 1811 948 αἴτησιν

1019 966 1118 993 αὐτῶν.
1138 965 1232 992 Ταῦτα
1248 965 1276 991 δὲ
1291 964 1474 999 προσέθηκεν.
1489 962 1614 996 ἐκφοὸιῖιν
1624 961 1690 991 τοὺς
1717 960 1808 995 μαθη-

1019 1013 1069 1043 τὰς
1083 1011 1176 1042 αὑτοῦ,
1196 1011 1244 1037 καὶ
1266 1009 1379 1037 κωλύων
1402 1009 1451 1043 (ὡς
1461 1007 1619 1043 δεδήλωται)
1649 1007 1744 1041 ζητεῖν
1760 1005 1811 1032 αὖ·

1020 1058 1084 1090 τοὺς
1102 1057 1253 1090 ἀποδείξεις
1279 1057 1329 1091 τῆς
1340 1056 1480 1091 ἀληθείας,
1493 1055 1536 1081 ἵνα
1550 1055 1589 1090 μὴ
1609 1056 1643 1082 τὰ
1658 1055 1742 1088 ὅμοια
1752 1054 1811 1080 πά-

1022 1105 1098 1132 θωσι.
1128 1104 1222 1131 Καίτοι
1238 1103 1431 1139 παρῃτήσαντο
1454 1101 1552 1137 μᾶλλον
1577 1101 1604 1127 οι
1636 1100 1763 1127 Ἰουδαῖοι
1778 1100 1813 1124 τὸ

1024 1151 1114 1178 λαλεῖν
1137 1150 1206 1185 πρὸς
1229 1149 1330 1180 αὐτοὺς
1356 1149 1401 1175 τὸν
1421 1148 1487 1174 Θεόν
1502 1156 1509 1162 ·
1539 1147 1588 1174 καὶ
1609 1147 1661 1181 τὴν
1685 1145 1734 1171 ἐπὶ
1762 1144 1811 1170 τοῦ

1023 1198 1102 1231 ὅρους
1116 1196 1247 1230 ὀφθεῖσαν
1262 1194 1307 1222 τοῦ
1323 1194 1391 1222 Θεοῦ
1418 1194 1499 1226 δόξαν
1518 1193 1655 1228 φορτικὴν
1673 1193 1813 1227 ἡγήσαντο

1024 1243 1072 1269 καὶ
1090 1242 1275 1269 ἀνυπόστατον
1290 1250 1298 1257 ο
1316 1240 1364 1268 καὶ
1378 1240 1476 1275 ψευδὲς
1499 1239 1565 1266 αὐτὸ
1584 1239 1616 1265 τὸ
1630 1237 1811 1273 παράδειγμα

1024 1289 1080 1315 τῶν
1094 1288 1179 1319 οὕτως
1195 1286 1388 1314 ἀποθανόντων
1407 1285 1552 1321 Ἐϐραίων.

1064 1436 1123 1462 Ἔτι
1139 1433 1366 1469 περιποιούμενος
1382 1431 1471 1465 ἑαυτῷ
1485 1428 1614 1464 ἀλήθειαν
1638 1427 1685 1454 καὶ
1705 1425 1818 1459 ἀξιοπι-

1029 1482 1104 1508 στίαν
1117 1480 1163 1507 ἐπὶ
1188 1480 1243 1511 τοῖς
1269 1476 1519 1513 δογματιζομένοις,
1550 1474 1658 1507 εἰσάγει
1673 1471 1818 1506 πρόσωπὰ

197 1529 331 1557 astruere,
357 1525 420 1551 dum
439 1526 464 1552 iu
483 1525 599 1552 medium
612 1524 721 1552 adducit
732 1530 863 1558 personas
897 1529 977 1556 quas—

1074 1537 1090 1554 α
1121 1528 1205 1554 πᾶσιν
1232 1525 1415 1559 ἁδιᾶγνωστα,
1446 1524 1486 1554 si;
1526 1522 1660 1556 κήρυγμα
1684 1519 1740 1553 πρὸ
1769 1518 1822 1544 τοῦ

197 1571 258 1598 dam
271 1571 393 1599 didiciles
409 1572 529 1606 cognitu,
546 1579 606 1606 qum
620 1576 683 1598 ante
696 1570 753 1598 Noe
769 1570 801 1596 ad
824 1568 977 1604 praedican-

197 1619 262 1645 dum
278 1618 412 1650 venerint,
424 1622 450 1644 et
464 1618 488 1644 in
500 1617 597 1652 quibus
610 1618 717 1651 quidem
729 1616 794 1650 ipsis
812 1615 877 1641 lidcs
889 1613 979 1640 hahita

199 1664 292 1695 fuerit,
314 1663 527 1690 benedictionem
547 1669 670 1697 magnam
694 1665 833 1688 assecutus
854 1666 915 1686 esse
933 1658 981 1685 ho-

199 1710 303 1743 mines;
333 1711 359 1736 in
392 1708 489 1743 quibus
516 1714 580 1735 vero
607 1707 672 1734 ﬂdes
687 1707 811 1741 derogata
833 1706 878 1738 sit,
897 1705 981 1732 male-

200 1756 344 1784 dictionem
353 1762 485 1782 summam
495 1754 622 1781 sensisse.
633 1754 697 1780 Post
704 1752 758 1780 Noe
767 1759 830 1779 vero
837 1751 982 1779 introducit

200 1801 298 1829 Tzaled
313 1800 456 1837 quemdam
470 1800 640 1836 prophetam,
651 1799 761 1826 fratrem
775 1797 905 1825 Thamodi
916 1817 924 1830 ,
936 1797 982 1831 qui

202 1856 288 1882 neque
311 1855 427 1883 unquam
442 1847 502 1879 fuit,
520 1853 608 1880 neque
628 1844 662 1872 ab
675 1845 729 1871 ullo
751 1844 802 1871 alio
828 1843 984 1871 nominatus

202 1900 242 1922 est
256 1903 264 1927 -,
281 1895 344 1922 item
365 1898 392 1921 et
407 1893 530 1928 Saipum,
547 1891 670 1919 similiter
688 1891 807 1924 ignotum
820 1894 847 1916 et
864 1889 942 1921 Mosi,
958 1892 985 1916 et

203 1942 328 1969 omnibus
343 1940 404 1967 aliis
419 1937 567 1966 historicis.
583 1937 671 1971 Atque
691 1937 739 1962 hos
761 1935 869 1970 quidem
891 1941 985 1962 omnes

205 1990 366 2025 praedicasse
381 1987 457 2018 dicit,
469 1986 635 2019 eosdemque
646 1983 698 2010 illis
709 1983 755 2018 qui
766 1982 845 2010 tidem
859 1982 926 2016 ipsis
939 1981 986 2008 ha-

205 2035 325 2067 buerint,
339 2034 422 2060 Deum
442 2031 588 2067 propitium
602 2029 750 2064 praebuisse
764 2037 771 2056 :
786 2028 829 2056 ubi
843 2035 907 2055 vero
920 2027 987 2054 ﬁdes

207 2082 261 2109 illis
270 2083 377 2115 penitus
387 2079 477 2107 habita
487 2086 540 2105 nou
552 2078 613 2110 l'uit,
622 2084 668 2105 eas
676 2080 770 2112 geutes
779 2074 862 2102 fuisse
868 2081 986 2102 eversas.

241 2127 287 2154 24.
298 2126 429 2160 Deinceps
439 2125 472 2152 de
488 2124 577 2159 seipso
595 2123 668 2150 addit
677 2121 739 2150 talia
753 2130 759 2148 :
775 2130 783 2147 ι
795 2120 839 2148 Va:
847 2120 986 2148 homines!

209 2181 259 2209 ego
274 2181 333 2201 sum
346 2172 392 2199 Dei
403 2171 551 2206 apostolus.
568 2179 577 2196 I
604 2168 642 2196 Ex
673 2168 781 2202 placitis
794 2167 848 2195 tuis
878 2167 988 2201 planum

210 2221 250 2252 ﬁt,
274 2219 350 2253 cujus
374 2218 428 2250 dei,
444 2224 461 2245 o
481 2217 630 2251 impostor,
658 2215 696 2243 sis
724 2214 873 2249 apostolus,
909 2212 988 2244 falso,

211 2267 334 2300 inquam,
349 2265 388 2291 sic
405 2262 547 2297 appellati,
571 2267 667 2296 nempe
688 2259 813 2290 Satanae;
837 2258 900 2285 huic
915 2264 991 2284 nam-

211 2318 263 2346 que
278 2314 353 2345 grata
366 2313 392 2336 et
403 2308 489 2335 amica
510 2307 602 2339 doces,
618 2310 645 2333 at
656 2305 765 2332 inimica
781 2311 844 2331 vero
857 2307 884 2330 et
895 2309 992 2337 magno

213 2358 278 2385 Deo.

247 2406 364 2433 Rursum
383 2403 455 2431 ve!ut
467 2411 500 2430 ex
519 2408 633 2437 persona
656 2400 701 2427 Dei
718 2398 783 2426 dicit
801 2406 808 2424 :
825 2398 846 2423 1(
872 2395 994 2424 Misimus

213 2459 241 2480 te
259 2452 292 2479 ad
312 2456 429 2485 gentem,
448 2454 476 2476 ut
495 2456 525 2476 ea
541 2455 599 2482 qua:
615 2446 661 2474 tibi
683 2445 799 2472 revelata
815 2447 842 2470 et
860 2441 993 2476 patefacta

214 2503 288 2530 sunt,
303 2497 390 2525 eidem
408 2495 518 2530 praesint
533 2499 560 2521 et
581 2493 726 2527 imperent,
741 2499 751 2516 ι
773 2489 800 2517 id
814 2492 867 2521 est,
890 2491 920 2514 ut
949 2485 994 2513 illa

216 2544 335 2578 subjecta
359 2542 393 2570 sit
417 2541 450 2568 iis
479 2547 540 2575 quae
563 2538 611 2566 tibi
644 2536 762 2564 revelata
790 2538 853 2562 sunt
876 2532 994 2567 placitis.

216 2593 302 2625 Atque
321 2590 372 2616 hoc
396 2587 503 2622 quidem
522 2585 582 2612 ideo
603 2581 689 2614 dixit,
713 2585 742 2608 ut
761 2579 949 2607 auctoritatem
969 2582 996 2605 et

218 2637 297 2664 tidem
327 2634 378 2662 sibi
405 2634 587 2668 compararet,
615 2626 840 2664 quemadmodum
875 2631 997 2659 saepenu-

219 2690 296 2710 mero
315 2679 457 2709 consuevit
487 2679 587 2705 facere.
617 2674 650 2702 Et
673 2674 771 2702 iterum
795 2671 892 2698 addit:
912 2679 921 2695 ι
947 2669 998 2703 Qui

216 2727 374 2762 religionem
393 2729 515 2752 nostram
537 2720 699 2757 improbant,
717 2720 793 2747 aiunt
806 2724 849 2744 me
867 2723 924 2743 non
938 2722 998 2742 esse

220 2773 371 2808 apostolum
394 2779 402 2798 :
427 2771 496 2798 Deus
513 2768 577 2796 mihi
603 2765 726 2797 sulIiciat,
743 2763 786 2791 hic
805 2762 876 2789 inter
903 2767 948 2787 me
973 2763 1000 2786 et

219 2805 266 2847 vos
280 2818 367 2847 testis.
389 2826 398 2843 ι
415 2816 492 2850 Quod
518 2818 606 2841 autem
633 2811 697 2839 dicit
715 2820 721 2838 :
743 2819 752 2835 ι
786 2808 905 2836 Sufficiat
932 2805 999 2834 mihi

222 2866 325 2897 Deus,i
344 2863 416 2891 idem
434 2865 474 2890 est
490 2867 520 2888 ac
531 2859 554 2887 si
565 2858 696 2887 dixisset:
713 2855 834 2887 Sullioict
847 2854 912 2882 mihi
926 2854 997 2881 Deus

1030 1573 1092 1600 Νῶι
1121 1571 1232 1599 ἐλθόντα
1248 1579 1255 1586 ·
1272 1571 1320 1596 καὶ
1338 1571 1366 1596 ὲν
1378 1565 1419 1600 οἷς
1436 1569 1485 1602 μὲν
1502 1565 1716 1599 ἐπιστεύθησαν,
1734 1563 1820 1591 θείαν

1031 1617 1157 1652 εὐλογίαν
1189 1615 1401 1652 προεξενηκότα,
1439 1615 1469 1640 ἐν
1498 1611 1538 1644 οἷς
1559 1613 1587 1639 δὲ
1613 1609 1823 1646 ἠπιστήθησαν,

1032 1665 1154 1699 κατάραν
1172 1663 1316 1698 μεγίστην.
1334 1661 1411 1688 Μετὰ
1427 1661 1519 1696 μέντοι
1528 1659 1573 1686 τδν
1588 1659 1650 1685 Νῶε
1675 1657 1825 1690 ἐπεισάγει

1033 1711 1135 1743 Τζάλεδ
1165 1709 1225 1736 τινὰ
1238 1708 1393 1743 προφήτην,
1424 1705 1539 1740 ἀδελφὺν
1559 1702 1671 1738 Θαμὼδ,
1692 1702 1743 1728 τὸν
1758 1701 1825 1727 οὗτε

1034 1756 1176 1791 γεγονότα,
1210 1754 1272 1781 οὕτε
1301 1752 1366 1787 παρ’
1395 1752 1475 1779 ἄλλου
1506 1749 1711 1785 ὀνομασθέντα·
1737 1747 1827 1774 ἔτιδὲ

1034 1802 1082 1829 καὶ
1107 1802 1220 1831 Σάῖπον,
1246 1799 1348 1834 ὁμοίως
1376 1798 1515 1832 ἄγνωστον
1530 1796 1577 1822 καὶ
1603 1795 1642 1828 τῷ
1657 1793 1827 1828 Μωσῇ,ια”ί

1035 1848 1103 1874 πᾶσι
1118 1847 1173 1877 τοῖς
1182 1845 1272 1876 ἄλλοις
1288 1843 1436 1878 ἱστορικοῖς
1450 1849 1458 1857 ⁵
1475 1841 1523 1872 οὓς
1550 1840 1627 1874 λέγει
1643 1838 1827 1874 κηρύξαντας

1036 1894 1102 1929 παρ’
1112 1891 1152 1924 οἷς
1171 1893 1218 1927 μὲν
1229 1889 1440 1924 ἐπιστεύθησαν.
1469 1888 1516 1914 τδν
1530 1887 1596 1914 Θεὸν
1611 1886 1702 1917 αὐτοῖς
1717 1885 1828 1920 εὐμενῆ

1038 1939 1252 1975 παρεσχηκέναι,
1266 1936 1332 1971 παρ’
1348 1932 1388 1966 οἷς
1401 1934 1430 1961 δδ
1444 1932 1646 1968 ὴπιστήθησαν,
1666 1938 1829 1965 καταστρο-

1038 1985 1091 2020 φὴν
1106 1984 1196 2014 αὐτοῖς
1209 1981 1347 2017 γενέσθαι.

1076 2117 1127 2145 κδ’.
1149 2114 1215 2143 Εἶτα
1233 2113 1396 2150 προστίθησι
1411 2112 1479 2147 περὶ
1492 2110 1590 2138 ἑαυτοῦ
1608 2109 1715 2137 τοιάδεο
1734 2117 1745 2134 ι
1758 2108 1829 2135 Οὐαὶ

1042 2164 1180 2198 ἂνθρωποι
1193 2163 1200 2187 1
1213 2159 1268 2195 ἐγὼ
1282 2159 1427 2189 ἁπόστολός
1439 2158 1498 2192 εἰμι
1507 2156 1554 2184 τοῦ
1569 2155 1650 2182 Θεοῦ.
1665 2164 1675 2180 ι
1692 2153 1832 2185 Ἐδειξας,

1044 2209 1091 2244 ἀφ’
1108 2206 1146 2236 ὧν
1156 2206 1343 2241 δογματίζεις,
1356 2201 1379 2231 ὧ
1395 2203 1491 2234 πλάνε.
1507 2202 1585 2228 ποίου
1609 2200 1673 2227 θεοῦ
1695 2199 1833 2234 ὑπάρχεις

1046 2253 1206 2285 ἀπόστολος,
1214 2252 1255 2278 ὃτι
1263 2250 1310 2277 τοῦ
1318 2248 1498 2284 ψευδωνύμου
1506 2266 1515 2280 ,
1525 2246 1598 2282 φημὶ
1606 2245 1637 2280 δὴ
1653 2244 1702 2271 τοῦ
1712 2244 1831 2270 Σατανᾶ.

1048 2300 1141 2335 Τούτῳ
1158 2299 1207 2335 μὲν
1220 2298 1273 2332 γὰρ
1290 2296 1356 2330 φίλα
1368 2294 1517 2326 διδάσκεις,
1530 2291 1617 2328 ἐχθρὰ
1630 2291 1660 2318 δὲ
1676 2290 1717 2325 τῷ
1735 2289 1834 2324 ἀληθεί

1046 2347 1094 2374 καὶ
1110 2345 1220 2380 μεγάλῳ
1231 2343 1301 2378 Θεῷ.

1083 2391 1165 2425 Λέγει
1178 2390 1257 2416 πάλιν
1274 2389 1311 2419 ὡς
1324 2389 1356 2414 ὲκ
1371 2384 1518 2422 προσώπου
1543 2381 1589 2408 τοῦ
1603 2380 1672 2408 Θεοῦ
1691 2381 1761 2414 περὶ.
1773 2381 1836 2406 ἑαυ-

1047 2437 1094 2465 τοῦ
1108 2445 1115 2453 ·
1135 2446 1145 2463 ι
1167 2433 1381 2468 ’Δπεστείλαμὲν
1394 2441 1423 2459 σε
1435 2431 1504 2464 πρὸς
1519 2429 1608 2459 ἔθνος.
1623 2426 1672 2454 τοῦ
1685 2427 1838 2460 τυγχάνειν

1047 2484 1140 2512 ἐπάνω
1154 2481 1243 2509 αὐτῶν
1252 2481 1288 2508 τὰ
1303 2477 1515 2516 δηλοποιηθέντα
1529 2474 1599 2509 πρδς
1616 2473 1658 2505 σὲ,
1681 2481 1691 2498 ι
1709 2471 1837 2498 τουτέστι

1049 2529 1096 2557 τοῦ
1123 2527 1285 2556 ὑποκεῖσθαι
1308 2524 1408 2555 αὐτοὺς
1443 2522 1502 2552 τοῖς
1530 2517 1752 2554 δηλοποιηθείσι.
1781 2517 1836 2543 Καὶ

1048 2575 1128 2602 τοῦτο
1143 2574 1171 2601 δὲ
1183 2574 1305 2608 εἴρηκεν,
1321 2569 1479 2602 ἀξιόπιστον
1493 2565 1588 2593 ἑαυτὸν
1597 2563 1694 2594 ποιῶν,
1704 2562 1745 2593 ὡς
1760 2561 1836 2587 ciues

1050 2620 1180 2651 πολλάκις
1198 2619 1297 2644 ποιεῖν.
1330 2615 1385 2642 Καὶ
1400 2613 1478 2644 αὖθις
1501 2609 1663 2646 προστίθησι
1678 2615 1687 2623 ’
1708 2616 1719 2634 ε
1738 2608 1834 2638 Λέγουη

1052 2677 1095 2695 σιν
1114 2667 1139 2694 οἱ
1154 2664 1328 2700 ἀρνούμενοι,
1344 2662 1385 2688 ὅτι
1395 2659 1446 2687 οὐκ
1458 2660 1518 2693 εἰμι
1536 2656 1701 2686 ἀπόστολος.
1753 2654 1836 2700 {ipss-

1053 2715 1106 2749 σθῇ
1126 2698 1199 2748 μοι-ό
1231 2698 1298 2740 ὀξύς
1311 2713 1321 2722 ⁸
1345 2704 1421 2737 οὗτος
1451 2704 1556 2739 μάρτυς
1571 2701 1674 2737 μεταξῦ
1696 2699 1767 2749 suo?
1793 2698 1838 2748 sta-tl

1054 2743 1143 2794 ῡμὲιᾷ.
1162 2767 1171 2783 ι
1199 2755 1236 2782 To
1249 2755 1289 2786 δὲ,
1307 2763 1316 2779 ι
1333 2750 1468 2786 Ἀρκεσθῇ
1490 2749 1562 2784 μοιὸ
1573 2747 1654 2779 Θεὸς,
1676 2755 1686 2772 ι
1703 2745 1767 2772 ἀντὶ
1781 2743 1837 2794 τοῦ,

1058 2789 1182 2838 ’Ᾰρκὲσει
1201 2809 1246 2835 μοι
1263 2799 1304 2830 είς
1329 2795 1481 2833 μαρτυρίαν
1504 2794 1520 2819 ὸ
1535 2793 1626 2838 Θεόςγ·
1641 2791 1672 2838 ὃς
1688 2791 1762 2838 ἔστι.
1772 2789 1837 2838 μάξ-

1052 2833 1099 2881 τυξ
1118 2845 1185 2882 ἐμοῦ
1202 2833 1262 2881 μιν,
1277 2844 1318 2871 ὅτι
1336 2841 1395 2878 εἰμὶ
1414 2839 1567 2871 ἀπόστολος
1589 2836 1686 2870 αὑτοῦ,
1703 2834 1782 2869 ὑμῶν
1796 2833 1836 2864 α,
