1873 3075
114 131 187 164 1357

562 134 749 166 PANOPLIA
769 136 1047 170 DOGMATlCA.-—
1065 141 1140 171 TIT.
1161 142 1301 175 XXVIII.

1674 149 1743 178 1358

111 189 158 218 ὅτι
178 190 319 218 ἀπιστεῖτέ
336 199 392 224 μοι.
409 190 476 218 Θεὺν
499 191 548 226 μὲν
561 190 607 218 οὖν
623 192 804 226 προὸἁλλεται
836 193 907 229 μάρ-
921 204 944 233 Α

1001 196 1196 232 testimonium,
1208 200 1253 234 qui
1263 200 1340 228 testis
1351 204 1392 229 est
1404 201 1469 229 mihi
1481 201 1600 237 quidem,
1611 204 1681 238 quod
1690 204 1755 232 sim'

111 245 186 271 τυρα
203 237 252 272 τῆς
267 236 421 272 ἀποστολῆς
436 236 529 269 αὐτοῦ,
542 237 620 264 οὐδὲν
630 238 660 264 δὲ
670 237 740 264 Θεοῦ
756 239 833 271 ἄξιον
846 240 908 266 ἑπι-

113 283 252 318 φέρεται⁹
270 283 314 309 ναὶ
345 283 399 318 μὴν
426 283 488 309 οὔτε
518 283 669 310 ἀποστόλου
700 284 845 318 σύμϐολον,
875 285 907 311 οὐ

114 328 352 363 θαυματουργίαν,
384 328 414 354 οὐ
430 329 604 364 προφητείαν
629 329 773 365 ἀληθινὴν,
798 331 828 356 οὐ
848 329 907 365 βίον

113 375 315 410 ἐξησκημένον,
330 375 392 401 οὐδὲ
408 375 504 407 ἀπλῶς
517 376 620 410 γνῶσιν
638 385 644 392 ·
680 377 739 404 ἀλλ’
761 377 906 404 ἀναποδεί-

113 429 204 452 κτως,
222 429 231 446 ι
250 421 318 452 Θεός
333 430 378 455 μοι
392 421 507 456 μάρτυς,
527 431 537 447 ι
552 422 645 457 φησίν.

957 242 1116 277 apostolus;
1135 244 1211 271 vobis
1224 252 1300 279 vero,
1315 247 1385 281 quod
1401 248 1468 276 mibi
1486 247 1567 276 ﬁdem
1582 255 1635 276 non
1658 249 1742 277 babe-

958 286 1003 314 tis.
1029 287 1075 315 Sic
1116 288 1200 316 Deum
1228 290 1273 317 ille
1298 291 1449 320 obtestatur
1469 293 1544 321 velut
1565 297 1661 322 testem
1699 295 1740 322 sui

956 332 1149 367 apostolatus;
1177 341 1228 362 nec
1256 339 1347 364 tamen
1373 337 1520 373 quidquam
1554 338 1609 366 Deo
1631 339 1741 374 dignum

956 377 1055 410 adfert,
1071 379 1117 412 qui
1144 380 1243 408 nullam
1258 388 1366 416 quoque
1382 384 1496 418 apostoli
1531 389 1661 412 tesseram
1682 385 1739 412 sive

957 423 1119 458 symbolum,
1137 432 1223 460 neque
1242 428 1410 462 prophetiam
1432 436 1535 462 veram,
1554 438 1639 466 neque
1656 431 1740 458 mira-

113 467 190 500 cula,
208 473 294 501 neque
307 467 390 494 vitam
404 468 645 497 exercitationibus
663 471 765 497 sanctis
781 469 925 500 excultam.
938 477 1025 505 neque
1035 470 1115 498 aliam
1131 473 1171 507 (ut
1187 473 1346 508 simpliciter
1364 475 1465 511 dicam)
1482 477 1665 511 cognitionem
1675 485 1740 512 pro-

113 513 169 540 fert
190 521 198 540 :
216 513 262 540 sed
276 514 380 548 absque
409 514 481 542 omni
502 515 662 550 probatione
675 521 702 542 et
727 516 958 543 demonstratione
980 525 986 542 :
1007 526 1016 542 ι
1043 517 1112 544 Deus
1143 517 1209 546 mihi
1235 520 1310 547 testis
1325 525 1376 554 est,
1396 530 1405 547 ι
1425 521 1522 557 inquit.

152 563 203 597 κε’.
218 570 274 596 Καὶ
289 570 372 597 πάλιν
386 570 415 597 ὲν
429 570 515 606 ἑτέρῳ
524 571 597 606 λόγῳ
607 571 671 599 τάδε
693 571 833 604 διέξεισιν,
860 572 902 598 ὅτι

116 624 127 641 ι
141 615 253 647 Πάντως
264 615 357 650 ἐροῦσι
367 624 424 650 μοι,
434 616 475 643 ὅτι
483 617 713 653 Δαιμονιζόμενος
724 616 759 649 εἴ,
773 617 861 652 λέγων
871 618 902 644 ἐκ

113 661 184 687 Θεοῦ
200 660 331 693 δέξασθαι
350 661 448 690 ταῦτα.
469 662 500 689 El
516 662 571 698 γὰρ
584 661 654 699 ἦσαν
669 663 769 698 ἀληθῆ,
786 663 902 697 ἄγγελος

112 706 149 732 ἂν
162 706 354 741 κατήγγειλεν.
374 707 495 738 »Δίτίας
529 707 559 734 δὲ
592 708 685 743 τίθησι
714 708 761 735 τοῦ
798 708 901 743 μηδένα

113 751 270 786 καταϐῆναι
294 751 421 785 ἄγγελον,
450 751 498 778 καί
527 761 621 787 φησιν,
655 753 697 779 ὅτι
718 761 727 778 ι
746 752 806 779 Εἰσί
830 760 902 783 τινες

102 786 211 838 ἷδιόὒς
240 796 321 823 τοῦτο
350 797 507 824 κωλύεται’
539 799 585 824 καὶ
611 798 663 830 ὅτι,
690 799 745 824 τῶν
777 798 902 832 ἀγγέλων

99 839 315 873 ¹κατελθόντων,
330 842 362 869 τὸ
377 842 439 869 ὅλον
455 843 590 877 ῆνυσται·
611 843 659 871 καὶ
683 843 725 876 τίς
748 844 829 879 χάρις
845 844 903 875 τοῖς

112 888 272 923 ἀνθρώποις
284 896 292 921 ;
305 897 315 914 ›
338 887 422 915 Ἀλλά
430 889 484 923 μὴν
496 889 717 924 πρόφασιςτοῦτο
726 890 774 922 τῆς
786 889 904 922 ἀπορίας

113 935 163 961 καὶ
186 934 236 968 τῆς
262 934 411 966 ἀσθενείας
439 943 498 962 σου.
534 935 671 966 Πολλάκις
699 936 754 971 γὰρ
789 936 904 970 ἄγγελοι

114 981 255 1014 κατῆλθον
280 980 321 1012 εις
347 980 397 1016 τὴν
425 981 489 1014 γῆν,
523 981 625 1015 μᾶλλον
654 981 682 1007 δὲ
708 981 768 1008 καθ’
785 981 904 1017 ἑκάστην

115 1027 342 1060 καταϐαίνουσιν,
373 1028 413 1058 είς
428 1026 822 1062 διακονίαν’ἀποστελλόμενοι
849 1028 904 1055 τῶν

114 1073 293 1108 σωζομένων.

154 1221 216 1251 κς¹.
231 1218 341 1246 Ὀποῖον
356 1218 384 1246 δὲ
396 1218 484 1246 καὶτὸ
492 1219 605 1254 σημεῖον
617 1219 665 1246 καὶ
681 1219 697 1254 ἡ
709 1218 846 1251 ἀπόδειξις
855 1219 905 1254 τῆς

114 1265 271 1301 ἀποστολῆς
287 1264 370 1292 αὑτοῦ
385 1274 392 1299 ;
408 1274 417 1291 t
436 1264 519 1291 Ἴδετε
531 1265 595 1300 γὰρ,
611 1273 622 1289 )
635 1265 713 1299 φησὶ,
729 1274 739 1291 ι
758 1265 807 1296 τὰς
820 1265 901 1291 ἀστε-

116 1311 256 1347 ροτοξίας,
274 1311 397 1346 ὁπηνίκα
411 1310 554 1338 ἀναϐαίνει
569 1312 582 1337 ό
593 1311 727 1344 Σατανᾶς,
767 1311 907 1346 ἀκροάσα-

115 1358 183 1384 σθαι
211 1357 296 1384 θέλων
309 1357 343 1384 τὰ
365 1358 394 1383 ὲν
419 1356 528 1392 οὐρανῷ
551 1356 706 1391 λαλούμενα
721 1364 728 1372 ⁸
754 1357 798 1384 διὰ
823 1357 904 1384 τοῦτο

115 1403 297 1436 πιστεύσατε,
313 1404 354 1430 ὅτι
376 1403 529 1435 ἀπόστολός
547 1403 616 1437 εἰμι,
633 1403 732 1435 Ἀλλος
758 1404 811 1438 γὰρ
825 1403 905 1430 τοῦτο

113 1449 173 1484 πρὸ
186 1441 252 1484 ἐμοῦ
263 1449 313 1476 οὐκ
330 1449 451 1482 ἐδίδαξεν
460 1468 466 1476 .
488 1458 498 1476 t
516 1449 621 1480 Ὄντως
630 1449 719 1481 οὐδεὶς
730 1449 811 1481 ἄλλος
825 1449 906 1476 τοῦτο

114 1495 222 1528 ἐδίδαξε
233 1503 239 1509 ·
258 1495 324 1522 διότι
335 1495 470 1530 πρόδηλόν
482 1495 541 1522 ὲστι
558 1495 666 1530 ψεῦδος.
685 1496 742 1522 οὐκ
755 1496 909 1532 ἀστεροτο-

115 1541 173 1574 ξίαι
187 1541 242 1576 γὰρ
257 1529 362 1575 ταῦτα,
376 1540 469 1573 καθὼς
485 1529 570 1573 αὑτός
584 1550 662 1576 φησι,
688 1542 759 1568 κατά
773 1529 832 1570 τοῦ.
847 1543 907 1570 δαί·
920 1529 943 1561 C

116 1595 200 1622 μενος
236 1587 459 1621 ἐκπεμπόμενα·
488 1585 547 1612 ἀλλ’
576 1586 823 1623 ἀποσπινθηρίσεις
849 1588 904 1615 τῶν

114 1634 252 1668 ἀστέρων.
270 1633 408 1663 Ἕκαστος
422 1633 477 1667 γὰρ
492 1631 582 1668 ἀστὴρ
602 1631 659 1667 πῦρ
683 1633 753 1665 ἐστι,
769 1633 817 1659 καὶ
833 1634 904 1660 κατὰ

113 1679 167 1715 τὴν
180 1680 227 1706 τοῦ
242 1679 328 1714 πυρὸς
357 1677 440 1713 φύσιν
460 1678 660 1714 ἐκπυρηνισεις
677 1678 831 1714 ἐκπέμπει.

142 1735 239 1775 ΛΠάλιν
255 1734 346 1770 ἑαυτῷ
360 1734 578 1766 κατασκευάζων
597 1735 627 1762 τὸ
642 1735 813 1768 ἀξιόπιστον,
830 1736 904 1763 είσά-

114 1789 164 1815 γει
186 1781 233 1807 τὸν
252 1780 320 1807 Θεὸν
347 1779 540 1815 μαρτυροῦντα
562 1780 627 1814 περὶ
643 1781 741 1807 ἑαυτοῦ
758 1781 807 1807 καὶ
819 1781 903 1816 ὀμνύ-

113 1835 193 1858 οντα,
205 1826 252 1852 καὶ
264 1825 392 1859 λέγοντα·
411 1834 420 1851 ι
435 1825 482 1852 Μὰ
491 1825 522 1851 τὸ
538 1825 639 1859 ἄστρον
654 1826 684 1852 τδ
695 1825 836 1861 δυόμενον,
851 1827 902 1853 οὐκ

115 1872 259 1907 ἐπλανήθη
270 1872 284 1898 ὁ
297 1872 405 1907 ἑταῖρος
421 1871 510 1906 ὑμῶν,
532 1870 593 1898 οὐδὲ
622 1870 761 1906 ἡνόμησε,
791 1872 839 1900 καὶ
854 1873 905 1899 οὐκ

114 1917 272 1952 ἐφθέγξατο
289 1918 321 1944 ὲκ
343 1917 517 1953 θελήματος·
543 1918 594 1944 οὐκ
616 1918 691 1944 ἔστιν
715 1918 789 1953 αὐτῷ
816 1919 840 1946 εί
866 1919 904 1954 μὴ

113 1963 293 1998 ἀποκάλυψις
323 1963 564 1998 ἀποκαλυφθείσα,
599 1963 633 1998 ἠν
656 1963 758 1995 ἔδειξεν
787 1964 862 2000 αὐτῷ
890 1966 904 1991 ὁ

117 2010 230 2044 ἰσχυρὸς
254 2010 294 2040 εἰς
306 2009 432 2044 δύναμιν,
459 2009 474 2034 ὁ
495 2008 667 2044 ἀθεώρητος.
691 2018 701 2034 ι
727 2009 807 2036 Ἀλλὰ
838 2011 904 2045 μὴν,

117 2056 215 2090 ὥσπερ
230 2055 261 2081 τὸ
276 2055 323 2082 τὸν
345 2055 412 2082 Θεὸν
440 2055 540 2089 ὀμόσαι
556 2055 626 2082 κατὰ
651 2055 767 2090 ἀστέρος
793 2056 902 2090 ψευδὲς,

115 2102 191 2128 οὕτω
204 2102 235 2137 δὴ
249 2101 296 2128 καὶ
309 2102 359 2129 ὅσα
369 2101 551 2137 ἀπεκαλύφθη
570 2101 610 2135 τῷ
623 2101 747 2137 Μωάμεθ
759 2102 844 2137 ψευδῆ
857 2104 904 2130 καὶ

115 2147 163 2173 ea:
167 2147 295 2182 μονιώδη.

155 2247 223 2282 Φησὶ
241 2247 430 2283 προφητεῦσαι
452 2247 557 2282 Ἰησοῦν
569 2248 615 2275 τὸν
629 2249 694 2275 Υίὸν
716 2249 827 2285 Μαρίας
843 2249 907 2284 περὶ

118 2292 231 2324 ἑαυτοῦ,
245 2293 376 2320 εἰπόντα·
398 2303 407 2319 ι
432 2293 504 2327 Ἐγὼ
528 2293 678 2325 ἀπόστολος
702 2294 760 2329 ειμι
776 2294 824 2321 τοῦ
837 2294 906 2320 Θεοῦ

120 2338 193 2372 πρὸς
205 2338 289 2373 ὑμᾶς,
307 2337 481 2372 ἀληθοποιῶν
504 2338 539 2365 τὰ
556 2339 713 2374 ἔμπροσθέν
730 2348 780 2373 μου
805 2339 840 2365 τὰ
858 2339 905 2365 τοῦ

116 2384 214 2418 νόμου,
243 2384 290 2410 καὶ
314 2384 560 2419 εὐαγγελιζόμενος
579 2384 730 2411 ἀπόστολον
755 2385 906 2420 ἐρχόμενον

120 2431 180 2466 μετ’
196 2431 246 2465 ὲμέ
260 2438 268 2446 ο
281 2431 368 2466 ὄνομα
390 2430 465 2465 αὑτῴ
490 2431 624 2466 Μωάμεθ.
639 2440 650 2457 ι
667 2430 724 2457 Καὶ
748 2431 801 2457 ποῦ
820 2432 902 2458 τοῦτο

118 2477 326 2512 προεφήτευσεν
345 2479 359 2503 ὁ
376 2477 506 2512 Χριστὸς,
522 2477 539 2512 ἢ
562 2478 592 2503 ἐν
615 2476 681 2512 ποίᾳ
699 2478 793 2512 γραφῇ
809 2486 816 2508 ;
834 2478 906 2504 Πάν-

118 2531 174 2555 τως
186 2523 240 2559 γὰρ
252 2523 315 2555 τοὺς
329 2523 376 2549 τοῦ
393 2523 513 2557 Χριστοῦ
538 2523 644 2556 λόνους,
664 2523 825 2558 όπηδήποτε
853 2532 908 2550 κει.

122 2569 231 2604 μένους,
261 2571 302 2600 είς
329 2569 473 2604 ἀκρίΰειαν
500 2568 659 2596 ἐπίστασθε,
686 2571 790 2603 Ἤγουν
818 2569 906 2603 δειξὰ-

120 2624 208 2642 τωιταν
220 2616 245 2641 οἱ
258 2615 306 2641 τοῦ
321 2615 446 2650 Μωάμεθ
474 2615 596 2650 μαθηταὶ
619 2617 820 2652 γεγραμμένην
853 2625 904 2643 που

119 2661 175 2686 τῶν
185 2660 372 2687 θεοπνεύστων
397 2660 512 2695 Γραφῶν
539 2661 644 2696 ταύτην
683 2661 733 2697 τὴν
768 2662 833 2695 περὶ
857 2661 905 2688 τοῦ

120 2707 244 2741 Μωάμεθ
267 2706 442 2742 πρόρῤησινο
468 2707 485 2742 ἢ
515 2707 610 2740 σαφῶς
638 2708 756 2733 ἴστωσαν
781 2707 822 2734 ὅτι
858 2707 905 2733 καὶ

120 2752 200 2778 τοῦτο
212 2751 322 2787 ψεῦδος,
344 2752 439 2788 ὥσπερ
452 2753 485 2788 δὴ
500 2753 547 2780 καὶ
560 2753 644 2780 τᾶλλα
664 2753 718 2781 τῶν
732 2753 905 2788 διδαγμάτων

121 2806 216 2825 αυτου.

160 2845 212 2876 κζ’.
226 2844 418 2873 Τδὲκατοστὸν
434 2845 585 2873 δωδέκατον
604 2845 738 2881 μυθάριον
753 2846 904 2881 ἐπιγέγρα-

991 571 1036 600 25.
1053 573 1087 600 Et
1102 574 1198 601 iterum
1211 575 1238 602 in
1255 575 1308 603 alio
1323 584 1448 604 sermone
1461 577 1518 604 haec
1535 580 1644 604 narrat:
1659 575 1743 604 «Om-

957 620 1021 646 nino
1038 619 1105 646 mibi
1137 621 1276 656 objicient,
1288 629 1332 649 me
1356 622 1477 649 daemone
1500 622 1667 657 exagitatum
1688 622 1743 649 dic-

955 665 1035 693 titare
1063 665 1146 693 Deum
1174 667 1230 694 haec
1257 667 1322 695 mihi
1351 667 1505 694 tradidisse.
1522 667 1549 694 Si
1567 667 1655 696 ,enim
1685 667 1743 694 haec

955 715 1046 738 essent
1065 719 1139 744 vera,
1156 713 1266 746 angelus
1281 713 1383 748 aliquis
1409 713 1465 740 haec
1487 713 1554 740 mibi
1582 713 1742 740 annuntiaso

962 759 1013 782 set.
1037 764 1047 781 ι
1064 755 1178 790 Exponit
1194 756 1276 783 etiam
1290 764 1387 784 causas
1404 764 1453 783 cur
1469 756 1558 784 nullus
1582 756 1739 792 angelorum

955 801 1110 835 descendat,
1129 807 1154 830 et
1164 803 1218 830 ait:
1234 812 1242 829 t
1257 803 1322 830 Esse
1332 803 1438 838 aliquos
1449 811 1496 837 per
1506 811 1573 837 quos
1585 804 1636 831 hoc
1653 803 1741 838 ipsum

956 847 1116 883 impediatur
1132 857 1138 876 :
1157 849 1263 883 etquod
1279 849 1380 884 angelis
1396 848 1620 876 descendentibus
1631 849 1742 876 univer-

957 900 1016 921 sum
1028 892 1081 920 boc
1099 899 1148 927 per
1164 900 1212 921 eos
1228 897 1447 921 consummatum
1475 898 1558 927 esset,
1580 897 1608 920 et
1620 898 1744 927 qualum

960 938 1046 973 gratia
1064 939 1217 966 hominibus
1231 938 1335 966 luerit?
1354 948 1364 966 ι
1382 939 1462 974 Atqui
1479 939 1536 967 haec
1553 938 1641 966 oratio
1667 938 1744 965 fucus

960 989 1148 1019 ctprzetextus
1163 989 1204 1012 est
1232 985 1350 1020 perplexi
1383 986 1464 1012 animi
1493 986 1542 1017 tui,
1570 989 1597 1012 et
1631 984 1745 1012 inscitia

959 1033 1041 1065 atque
1058 1029 1251 1058 imbecillitatis
1265 1035 1327 1058 luat.
1347 1030 1538 1065 Saepenumero
1560 1029 1633 1057 enim
1657 1029 1743 1063 angeli

959 1076 986 1103 in
999 1080 1096 1103 terram
1112 1076 1308 1103 descenderunt
1323 1084 1331 1105 :
1347 1076 1400 1103 imo
1425 1075 1545 1111 quotidie
1566 1075 1743 1107 descenduat,

960 1129 1020 1150 cum
1046 1123 1189 1149 mittuntur
1218 1122 1251 1150 ad
1279 1122 1458 1150 ministerium
1483 1128 1576 1149 eorum
1606 1120 1653 1155 qui
1681 1125 1745 1148 sunt

959 1169 1093 1197 servandi.

995 1225 1040 1253 26.
1057 1226 1197 1259 Quodnam
1209 1234 1273 1262 ergo
1284 1227 1388 1262 signum
1398 1231 1424 1255 et
1433 1226 1627 1254 demonstratio
1638 1229 1745 1259 aposto-

959 1272 1029 1298 latus
1041 1272 1119 1306 ejus?
1136 1281 1145 1297 ί
1161 1271 1319 1303 Observate,
1332 1273 1380 1306 ait,
1393 1272 1583 1307 ejaculationes
1596 1275 1743 1302 astrorum,

961 1317 1070 1351 quando
1089 1317 1203 1345 Satanas
1229 1317 1351 1345 ascendit
1379 1317 1412 1344 ad
1439 1317 1600 1344 audiendum
1624 1323 1656 1343 ea
1681 1323 1745 1349 quae

962 1362 987 1389 in
1004 1362 1072 1389 cmlo
1094 1362 1220 1389 dicuntur
1251 1371 1259 1389 :
1286 1368 1366 1397 atque
1385 1362 1420 1389 ob
1450 1361 1476 1389 id
1495 1361 1597 1388 credite
1612 1368 1656 1388 me
1683 1367 1745 1388 esse

962 1407 1123 1441 apostolum,
1146 1407 1214 1435 alius
1236 1408 1307 1435 enim
1337 1413 1400 1435 ante
1429 1414 1473 1434 me
1506 1407 1556 1434 hoc
1583 1406 1672 1433 nullus
1694 1406 1743 1432 do—

963 1454 1028 1481 cuit.
1050 1462 1060 1479 ι
1088 1454 1096 1488 (
1117 1453 1198 1485 Sane.
1230 1453 1320 1487 nullus
1338 1453 1406 1480 alius
1431 1453 1482 1481 boc
1498 1451 1592 1480 docuit
1619 1450 1743 1486 ideoque)

964 1498 1137 1526 manifestum
1164 1503 1205 1526 est
1240 1498 1438 1532 mendacium;
1479 1505 1568 1533 neque
1594 1499 1666 1525 enim
1691 1497 1744 1524 ista

961 1548 1024 1571 sunt
1040 1543 1179 1571 stellarum
1192 1543 1363 1579 saginatum
1375 1551 1446 1579 qua,
1474 1547 1504 1570 ut
1532 1543 1589 1577 ipse
1604 1542 1653 1575 ait,
1675 1548 1743 1569 con-

962 1594 1003 1616 tra
1016 1590 1163 1617 daemonem
1177 1590 1350 1622 emittuntur,
1364 1589 1412 1617 sed
1429 1588 1637 1617 scintillationes
1649 1594 1663 1614 a
1677 1586 1744 1614 stel-

960 1635 996 1663 lis
1007 1635 1125 1663 emissae.
1143 1635 1359 1670 unumquodque
1373 1635 1445 1662 enim
1471 1638 1575 1662 astrutn
1601 1632 1670 1667 ignis
1691 1637 1744 1664 εει,

961 1685 988 1708 et
1001 1687 1050 1715 pro
1065 1685 1162 1708 natura
1176 1681 1245 1716 ignis
1259 1681 1392 1709 scintillas
1403 1680 1512 1708 emittit.
1668 1674 1671 1675 ⁷

996 1739 1096 1766 lterum
1127 1738 1233 1765 tandem
1266 1737 1453 1764 auctoritatem
1482 1742 1510 1765 et
1532 1737 1612 1764 tidem
1639 1737 1689 1764 sibi
1715 1743 1744 1762 a-

962 1788 1068 1811 struere
1089 1782 1196 1814 nititur,
1211 1789 1272 1809 cum
1296 1782 1442 1809 introducit
1453 1783 1536 1809 Deum
1555 1782 1744 1810 testiﬁcantem

961 1829 993 1856 de
1007 1828 1108 1863 seipso,
1132 1828 1325 1862 jurantemque
1350 1834 1383 1855 ac
1408 1827 1541 1854 dicentem
1562 1835 1570 1853 :
1592 1835 1601 1852 ι
1622 1825 1669 1854 Nae
1691 1833 1740 1861 per

959 1878 1062 1901 astrum
1090 1873 1160 1908 quod
1193 1872 1302 1906 occidit,
1321 1872 1413 1900 socius
1441 1878 1533 1900 vester
1566 1879 1620 1900 non
1647 1876 1689 1899 est
1715 1872 1742 1899 in

960 1926 1079 1947 errorem
1095 1919 1245 1952 inductus;
1278 1926 1366 1953 neque
1388 1918 1481 1953 inique
1495 1918 1559 1953 egit,
1582 1924 1669 1952 neque
1695 1924 1744 1952 pro

961 1973 1011 1993 suo
1034 1966 1166 1992 arbitratu
1191 1965 1297 1992 loculus
1309 1968 1352 1992 est
1366 1973 1374 1998 ;
1389 1971 1475 1999 neque
1491 1969 1533 1991 est
1550 1963 1671 1991 doctrina
1684 1962 1743 1997 ejus

962 2013 1033 2039 aliud
1048 2019 1128 2046 quam
1145 2010 1274 2038 revelatio
1292 2008 1344 2045 ipsi
1364 2010 1482 2038 revelata
1497 2018 1505 2043 ;
1520 2016 1601 2044 quant
1625 2008 1744 2037 ostendit

962 2059 986 2086 ei
1001 2057 1080 2085 fortis
1097 2057 1141 2084 ille
1159 2056 1263 2084 viribus
1278 2061 1306 2083 et
1322 2056 1475 2083 invisibilis.
1491 2064 1501 2081 ι
1524 2055 1577 2082 Sed
1601 2059 1631 2081 ut
1660 2054 1744 2082 Deum

960 2104 1054 2137 jurare
1077 2110 1125 2137 per
1155 2102 1273 2135 stellam,
1303 2106 1345 2129 est
1376 2101 1557 2133 mendacium,
1594 2100 1634 2127 sic
1662 2099 1743 2127 etiam

962 2153 1131 2183 quaecunque
1158 2146 1292 2181 patefacta
1316 2150 1380 2174 sunt
1395 2145 1555 2178 Moametlto,
1585 2143 1652 2172 falsa
1681 2149 1746 2173 sunt

962 2198 990 2221 et
1006 2193 1151 2220 diabolica.

997 2249 1101 2282 Tradit,
1117 2249 1211 2277 Jesum
1230 2248 1320 2276 Mariae
1353 2248 1453 2276 Filium
1482 2249 1640 2285 praedixisse
1660 2248 1693 2276 de
1716 2254 1747 2275 se

961 2295 1004 2323 bis
1024 2296 1114 2323 verbis
1135 2304 1142 2322 :
1163 2303 1173 2320 ι
1197 2294 1253 2330 Ego
1285 2302 1345 2322 sunt
1369 2294 1417 2322 Dei
1443 2296 1584 2330 apostolus
1604 2298 1667 2322 ante
1684 2301 1745 2326 vos,

960 2342 1075 2377 implens
1088 2349 1118 2369 ea
1132 2349 1192 2377 qua:
1226 2344 1290 2369 ante
1312 2349 1355 2369 me
1367 2342 1394 2368 in
1424 2341 1482 2377 lege
1506 2341 1634 2376 praedicta
1660 2341 1745 2370 fuere.

960 2388 994 2416 Et
1012 2388 1145 2415 annuntio
1166 2387 1245 2415 vobis
1259 2387 1413 2422 apostolum
1440 2392 1585 2415 venturum
1604 2392 1665 2422 post
1689 2395 1744 2418 mc.

960 2433 1004 2461 cui
1022 2440 1121 2461 nomen
1136 2432 1284 2460 Moametlt.
1313 2443 1327 2456 ι
1349 2432 1466 2460 Ubinam
1492 2440 1556 2460 vero
1587 2433 1638 2460 hoc
1665 2431 1744 2459 Citri-

960 2485 1018 2507 stus
1038 2479 1185 2514 praedixit?
1210 2482 1256 2506 aut
1270 2478 1297 2506 in
1312 2486 1428 2513 quanam
1450 2479 1608 2513 scriptura?
1625 2477 1742 2505 Omnino
1764 2473 1782 2513 ί

959 2516 1030 2555 enim
1066 2527 1166 2554 Christi
1192 2526 1312 2560 oracula,
1343 2527 1497 2562 ubicunque
1527 2526 1635 2553 tandem
1680 2531 1745 2553 sunt
1765 2514 1774 2526 μ

960 2574 1073 2608 scripta,
1103 2577 1229 2600 accurate
1259 2574 1365 2601 tenetis.
1401 2574 1453 2600 Aut
1498 2573 1577 2607 igitur
1619 2572 1742 2607 discipuli

960 2619 1092 2647 Moamedi
1113 2620 1301 2646 demonstrent
1317 2619 1387 2646 banc
1401 2618 1434 2646 de
1460 2618 1616 2645 Moamelho
1628 2619 1742 2652 praedic-

960 2666 1058 2693 tionem
1090 2665 1116 2691 in
1147 2664 1236 2700 aliqua
1263 2669 1339 2698 parte
1377 2663 1505 2690 divinitus
1544 2663 1740 2698 inspiratarnm

960 2711 1162 2746 Scripturarum
1176 2710 1353 2744 perscriptum
1376 2716 1438 2736 esse
1455 2715 1462 2734 :
1477 2713 1522 2735 aut
1540 2708 1642 2743 liquido
1653 2708 1742 2735 sciant

958 2764 1018 2784 esse
1031 2757 1114 2784 etiam
1139 2756 1191 2783 hoc
1221 2755 1401 2788 mendacium,
1430 2754 1658 2789 quemadmodum
1687 2754 1739 2781 alia

958 2801 1044 2836 ipsius
1061 2801 1198 2836 dogmata.

992 2847 1038 2875 27.
1056 2848 1208 2876 Centesima
1225 2846 1384 2875 duodecima
1411 2845 1507 2874 fabella
1536 2846 1739 2880 inscriptionem
