4060 6278
404 381 468 444 15
1632 372 2015 435 EUTHYMII
2052 368 2411 434 ZIGABENI
3572 370 3635 430 16

468 495 541 547 Τὸ
567 492 777 547 τοιοῦτο
805 489 1091 563 τοιγαροῦν
1116 491 1212 545 καὶ
1234 487 1523 561 τηλικοῦτο
1549 490 1647 559 τῆς
1679 489 1956 551 εὐσεϐείας
1977 489 2259 560 κειμήλιον
2280 490 2387 543 τίνι
2416 486 2463 541 δ’
2489 486 2554 543 ἂν
2575 487 2747 560 ἑτέρῳ
2772 489 3233 560 προσφωνήσαιμι
3260 487 3598 559 δικαιότερον
3621 529 3636 551 ,

401 584 837 652 ἐκλαμπρότατε,
869 582 963 633 καὶ
991 577 1565 650 μεγαλεπιφανέστατε
1597 577 1752 648 κύριε
1785 578 2022 646 Στέφανε
2050 576 2485 649 Μπραγκοϐάνε,
2510 578 2717 648 πατρὸς
2741 577 2948 644 ἀγαθοῦ
2978 578 3213 648 χρηστὸν
3242 577 3510 647 γέννημα,
3544 578 3637 629 καὶ⁵

398 675 497 740 τῆς
541 668 751 722 ἐκείνου
795 670 994 738 ἀρετῆς
1027 668 1122 721 καὶ
1148 665 1515 736 χρηστότητος
1546 666 1842 733 ἐκμαγεῖον
1863 704 1880 728 ,
1914 664 2008 716 καὶ
2037 666 2258 735 γνήσιον
2290 663 2758 733 ἀποσφράγισμα,
2787 663 2910 734 ἢτῇ
2942 667 3007 734 σῇ
3040 664 3477 734 ἐκλαμπρότητι,
3511 663 3636 733 ἥτις

400 760 587 811 πᾶσαν
626 756 724 826 μὲν
770 755 869 825 τὴν
899 754 1004 821 ἔξω
1044 752 1429 823 λαμπρότητα,
1470 751 1569 823 τὴν
1611 752 1720 805 ἀπὸ
1748 751 1843 804 τοῦ
1881 752 2206 807 θεοστέπτου
2250 750 2486 819 κράτους
2527 750 2621 803 τοῦ
2654 750 3106 821 έκλαμπροτάτου
3143 751 3238 804 καὶ
3268 748 3636 819 γαληνοτάτου

401 845 610 915 πατρός
645 860 740 896 σου
776 843 969 914 κυρίου
1009 840 1199 911 κυρίου
1249 840 1493 894 Ἰωάννου
1530 839 1943 894 Κωνσταντίνου
1976 840 2309 910 Βασσαράϐα
2342 838 2567 891 ϐοεϐόδα
2611 840 2706 892 καλ⁹
2770 838 3039 909 ἡγεμόνος
3083 840 3264 909 πάσης
3292 838 3616 910 Οὐγγροϐλα

402 934 525 1001 χίας
554 930 943 1000 έπιρῤέουσαν,
972 928 1060 980 καὶ
1094 927 1340 995 ἀφθόνως
1371 926 1896 998 μετοχετευομένην,
1931 927 2125 999 μικρὸν
2156 928 2249 981 καὶ
2288 926 2511 989 ἀσθενὲς
2539 926 2674 995 πρός
2706 943 2769 993 γε
2799 927 2898 996 τὴν
2927 927 3239 996 ἀκροτάτην
3268 925 3513 990 εὐδοξίαν
3542 926 3641 979 σὺν

399 1019 478 1086 τῷ
516 1017 708 1084 ἀληθεῖ
742 1016 883 1085 λόγῳ
919 1013 1237 1084 ἡγησαμένη
1260 1052 1274 1077 ,
1308 1015 1402 1067 καὶ
1434 1015 1545 1076 τοῖς
1575 1013 1827 1082 ἀγεννέσι
1854 1013 2055 1084 μᾶλλον
2080 1014 2325 1084 οίηθεϊσα
2345 1015 2645 1082 προσήκειν
2679 1012 2984 1083 ἀλλοτρίοις
3016 1014 3203 1075 καλοῖς
3236 1011 3639 1082 σεμνύνεσθαι,

403 1108 497 1160 καὶ
528 1105 731 1175 ἀπορίᾳ
760 1104 975 1156 οἰκείων
1005 1103 1142 1173 πρὸς
1176 1101 1275 1172 τὴν
1301 1101 1409 1155 τῶν
1444 1103 1727 1172 Πατέρων,
1751 1102 1826 1167 ὡς
1849 1103 1982 1174 πρὸς
2008 1102 2070 1155 τὸ
2096 1101 2268 1163 νόθον,
2304 1100 2400 1154 καὶ
2426 1100 2681 1171 τεχνητὸν
2710 1099 2932 1168 ἔρευθος
2963 1103 3020 1153 αί
3046 1099 3141 1155 τοῦ
3170 1100 3414 1168 ἐμφύτου
3443 1099 3642 1168 χηρεύ-

401 1210 582 1257 ουσαι,
626 1189 993 1259 καταφεύγειν
1022 1188 1242 1259 ἀρετὴν,
1280 1190 1375 1242 καὶ
1405 1189 1798 1259 λαμπρότητα,
1842 1188 2017 1253 οὑτως
2046 1189 2247 1258 ἑαυτὴν
2275 1189 2569 1258 ἐξεπόνησε
2602 1189 2696 1242 καὶ
2753 1188 3083 1260 διεκόσμησε
3123 1187 3271 1259 πάσῃ
3308 1187 3407 1258 μὲν
3437 1187 3643 1257 ἀρετῆς

406 1282 541 1351 ἰδέᾳ,
570 1281 717 1349 πάσῃ
745 1278 800 1331 δὲ
821 1276 1040 1347 παιδείᾳ
1091 1278 1186 1330 καὶ
1206 1276 1307 1343 ζὼς
1337 1277 1610 1331 συνελόντι
1642 1279 1826 1343 πᾶσιν,
1853 1273 1936 1340 οἷς
1980 1277 2305 1345 κοσμεῖσθαι
2352 1277 2448 1330 καὶ
2471 1271 2552 1339 οἷς
2578 1278 2607 1330 ὀ
2636 1274 2842 1345 ἀληθὴς
2867 1275 3369 1345 χαρακτηρίζεσθαι
3398 1275 3644 1342 πέφυκεν

401 1369 720 1437 ἄνθρωπος,
751 1365 892 1418 ὥστε
929 1364 1153 1432 ἄγαλμα
1186 1361 1251 1434 δή
1283 1382 1335 1416 τι
1365 1367 1465 1432 τῆς
1506 1363 1712 1434 ἀρετῆς
1742 1364 2007 1433 ἔμπνουν,
2039 1366 2134 1419 καὶ
2167 1365 2373 1434 ἀγαθοῦ
2410 1365 2611 1429 παντὸς
2642 1364 2838 1435 ἓμϐιον
2872 1366 3097 1435 ἄγαλμα
3132 1366 3445 1436 πρόκειται.
3499 1362 3643 1419 ’Δνθ’

402 1462 528 1512 ὅτου
560 1460 653 1510 καὶ
692 1458 753 1509 τὸ
782 1457 882 1526 μὲν
902 1455 1076 1523 αὐτῆς
1113 1454 1272 1523 σῶμα
1304 1454 1354 1505 οί
1383 1453 1600 1516 Μυσίας
1638 1454 1753 1523 ὅροι
1780 1453 2194 1524 περιειλήφασι,
2225 1453 2286 1506 τὸ
2306 1452 2364 1507 δὲ
2388 1453 2491 1523 τῆς
2518 1454 2724 1523 ἀρετῆς
2779 1455 2874 1508 καὶ
2912 1452 3316 1520 καλοκαγαθίας
3351 1450 3507 1515 κλέος
3538 1468 3641 1503 πε-

408 1548 553 1617 ριθεῖ
588 1547 686 1616 τὴν
721 1545 809 1613 ὑφ’
857 1544 1008 1613 ῆλιον
1031 1585 1044 1607 ,
1078 1543 1175 1596 καὶ
1213 1543 1471 1611 περιηχεί
1496 1543 1611 1605 τοῖς
1642 1541 1885 1604 ἐπαίνοις
1915 1540 2012 1611 τῆς
2044 1544 2366 1615 σοφωτάτης
2406 1561 2501 1597 σου
2532 1544 3011 1616 ἐκλαμπρότητος.
3049 1546 3210 1608 Ἤτις
3248 1547 3305 1598 ἐν
3336 1542 3643 1616 τηλικαύτῃ

402 1634 632 1703 ἀφθονίᾳ
662 1632 770 1685 τῶν
798 1630 924 1695 ἔξω,
952 1630 1046 1685 καὶ
1077 1630 1301 1700 εὐῤῥοίᾳ
1334 1631 1673 1700 πραγμάτων
1700 1629 1761 1681 οὐ
1793 1631 2045 1699 παρεῖδεν
2074 1630 2273 1700 ἑαυτὴν
2315 1632 2727 1702 ὑποσυρομένην
2755 1635 2834 1696 είς
2856 1632 2892 1687 ἃ
2928 1633 3173 1700 πέφυκεν
3206 1630 3455 1693 ἐλεεινῶς
3483 1631 3645 1699 ὑφέλ-

402 1739 520 1774 κειν
547 1719 845 1787 ἐξυϐρίζων
873 1720 900 1769 ὀ
927 1716 1176 1779 πλοῦτος,
1205 1716 1343 1769 ἀλλά
1372 1715 1603 1784 γενναίῳ
1652 1715 1747 1767 καὶΙ
1784 1714 2081 1787 ἐρρωμένῳ
2102 1718 2410 1788 φρονήματι
2439 1719 2534 1789 ὅλη
2562 1718 2612 1788 γ’
2645 1719 2900 1789 ὑπεράνω
2926 1719 3025 1786 τῆς
3052 1716 3174 1771 κατ’
3209 1718 3370 1771 αὑτὸν
3398 1716 3519 1785 βίας
3548 1732 3644 1783 γε-

404 1808 607 1875 νομένη
628 1846 642 1869 ,
687 1807 765 1867 είς
796 1804 987 1871 σκέψιν
1027 1805 1224 1872 ἑαυτὴν
1260 1803 1468 1870 καθῆκε
1492 1840 1507 1866 ,
1543 1803 1640 1855 καὶ
1672 1801 2079 1872 διηκριϐώσατο
2116 1806 2382 1876 νουνεχῶς
2410 1805 2550 1859 ἅττα
2590 1808 2819 1877 κοσμεῖν
2852 1801 2961 1859 οἶδε
2986 1806 3078 1859 τὸν
3115 1805 3424 1874 ἄνθρωπον.
3464 1803 3554 1856 Διὸ
3576 1803 3641 1873 δὴ

406 1894 628 1963 παιδείᾳ
654 1892 851 1945 σαυτὸν
885 1894 949 1943 ὲκ
982 1892 1103 1944 νέου
1133 1892 1199 1960 τῇ
1232 1888 1525 1958 ἐλευθερίῳ
1553 1887 1861 1954 ὑποϐαλὼν,
1900 1889 2085 1961 διττὴν
2115 1892 2324 1946 ἐκεῖθεν
2353 1894 2418 1963 τῇ
2453 1893 2653 1948 σαυτοῦ
2677 1894 2824 1964 ψυχῇ
2858 1894 3042 1963 πηγὴν
3071 1894 3403 1962 έφειλκύσω,
3434 1893 3547 1953 τοῖς
3577 1908 3641 1945 τε

408 1982 547 2036 κατὰ
574 1980 804 2050 θεωρίαν
829 1978 920 2031 καὶ
952 1980 1062 2041 τοῖς
1094 1978 1150 2029 ὲν
1178 1976 1374 2045 πράξει
1404 1975 1582 2037 καλῶς
1603 1975 2055 2047 ἐνησχολημένος.
2086 1980 2177 2031 Διὸ
2208 1981 2299 2033 καὶ
2330 1982 2637 2051 εὐδοκιμεῖς
2669 1982 2768 2050 μὲν
2797 1984 2855 2034 ὲν
2881 1981 3144 2052 συνεδρίῳ
3170 1984 3371 2049 σοφῶν,
3405 1974 3486 2042 οἷς
3513 1997 3642 2032 συν-

406 2067 751 2139 διημερεύειν
789 2069 881 2119 καὶ
942 2064 1404 2134 συμπαννυχίζειν
1427 2062 1494 2117 τὰ
1523 2063 1750 2118 πλεῖστα
1774 2065 1966 2134 φιλεῖς,
1987 2068 2114 2120 ὅσου
2142 2068 2241 2137 τῆς
2273 2069 2409 2135 πρὸς
2439 2069 2763 2139 φιλοσοφίαν
2796 2067 3127 2132 οίκειώσεως
3159 2070 3356 2139 δεῖγμα
3390 2068 3643 2138 λαμπρόν

406 2173 584 2218 τατον,
612 2155 771 2208 ὁπότε
794 2157 906 2216 τοῖς
932 2153 1141 2221 ὁμοίοις
1170 2154 1383 2221 χαίρειν
1412 2152 1644 2204 ἕκαστον
1668 2154 1779 2215 τοῖς
1801 2155 1985 2221 σοφοῖς
2011 2158 2447 2225 γνωματεύεται,
2468 2156 2653 2221 αὑξεις
2676 2157 2733 2211 δὲ
2763 2158 2851 2210 διὰ
2877 2157 3073 2213 σαυτοῦ
3101 2158 3192 2212 τὸν
3215 2156 3514 2225 κατάλογον
3531 2159 3642 2209 τῶν

405 2244 546 2296 κατὰ
570 2242 666 2311 τὴν
694 2244 751 2295 ὲν
773 2240 967 2312 πράξει
987 2239 1192 2308 ἀρετὴν
1218 2237 1546 2306 εὐδοκίμων,
1573 2237 1890 2308 εύαρίθμων
1911 2240 2052 2307 ἄγαν
2080 2245 2261 2311 φέρων
2285 2244 2354 2297 τὰ
2374 2242 2627 2310 δεύτερα.
2650 2245 2744 2295 καὶ
2764 2245 2878 2306 τοῖς
2906 2244 3250 2313 πρωτεύουσι
3278 2243 3398 2297 κατ’
3425 2244 3643 2311 ἐκείνην

404 2328 856 2400 διαμιλλώμενος,
897 2325 1039 2379 ὥστε
1082 2341 1149 2394 με
1180 2326 1280 2377 οὐκ
1311 2326 1389 2388 είς
1423 2325 1642 2394 μακράν
1669 2340 1727 2377 σε
1759 2326 1968 2390 πάντας
1995 2328 2151 2383 ἐᾶσαι
2184 2330 2418 2384 κατόπιν
2439 2334 2505 2402 τῇ
2545 2331 2676 2402 δόξῃ
2708 2332 2817 2385 τῶν
2849 2332 3300 2401 κατορθουμένων
3332 2332 3643 2405 θαρροῦντα

406 2416 803 2481 διατείνεσθαι,
837 2416 950 2483 εἴγε
978 2414 1048 2469 τὰ
1078 2413 1363 2482 φθάσαντα
1392 2414 1503 2467 τῶν
1537 2417 1812 2485 ἐσομένων
1853 2416 2240 2486 ἀσφαλέστατα
2268 2419 2550 2487 τεκμήρια
2582 2417 2848 2486 πέφυκεν.
2897 2420 3058 2472 Ἀλλά
3087 2416 3292 2474 τούτων
3327 2423 3427 2490 μὲν
3454 2420 3603 2474 ἄλλοι
3627 2460 3641 2483 ,

408 2508 503 2559 καὶ
545 2499 623 2567 οἷς
654 2504 813 2573 ἔργον
843 2500 1096 2571 ἐγκώμια
1126 2500 1349 2565 πλέκειν
1377 2502 1505 2565 τοὺς
1532 2504 1786 2565 ἐπαίνους
1812 2503 2293 2574 φιλοτεχνούντων.
2340 2503 2483 2571 Ἐγὼ
2512 2503 2558 2555 δ’
2587 2504 2615 2556 δ
2644 2506 2744 2575 τῆς
2774 2506 3048 2574 ὑμετέρας
3079 2505 3425 2576 ένδοξότητος
3457 2507 3647 2574 διαφεο

413 2596 612 2665 ρόντως
644 2589 979 2658 ἀποδέχομαι
1004 2605 1064 2640 τε
1096 2587 1190 2639 καὶ
1219 2586 1432 2657 ἄγαμαι
1467 2592 1594 2660 σιγῇ
1628 2591 2012 2661 παραδραμεῖν
2039 2591 2141 2644 οὐκ
2173 2590 2465 2660 ἀνέχομαι.
2506 2590 2645 2644 ἀλλά
2674 2592 2768 2644 καὶ
2795 2590 2872 2654 ὡς
2904 2592 3011 2662 ἔχω
3042 2592 3328 2662 δυνάμεως
3360 2594 3467 2657 ἓως
3501 2596 3645 2667 ὑπὲρ

410 2684 511 2749 γῆς
542 2682 659 2749 είην
688 2673 1022 2747 διαθρυλλῶν
1071 2675 1166 2728 καὶ
1228 2674 1515 2743 κηρύττων
1555 2677 1696 2746 μετά
1725 2694 1789 2746 γε
1834 2675 2110 2744 θαύματος
2144 2677 2206 2728 οὑ
2238 2676 2540 2746 παύσομαι.
2576 2678 2699 2740 Πῶς
2728 2677 2839 2747 γάρ
2885 2680 2984 2731 οὐκ
3019 2679 3085 2733 ἂν
3126 2680 3298 2750 λήθην
3346 2680 3378 2751 ἢ
3444 2682 3644 2751 φθόνον

411 2768 561 2836 ὄφλω
588 2766 835 2826 δικαίως,
858 2762 887 2815 ὅ
912 2778 975 2828 γε
999 2760 1086 2815 διά
1111 2760 1382 2814 πλείστων
1413 2761 1715 2831 πέπεισμαι
1745 2765 1821 2833 μὴ
1849 2762 2148 2833 προτιθεὶς,
2169 2763 2308 2833 μηδὲ
2334 2763 2701 2833 δημοσιεύων,
2733 2765 3056 2835 ἀποστερῶν
3087 2766 3143 2819 δὲ
3173 2769 3239 2836 τῇ
3265 2768 3483 2837 ἀκαίρῳ
3515 2773 3646 2841 σιγῇ

408 2857 510 2925 τῆς
539 2855 605 2906 ἐκ
629 2851 820 2906 τούτου
850 2848 1119 2918 ὠφελείας
1147 2850 1269 2912 τούς
1296 2865 1359 2917 γε
1383 2849 1751 2921 εὐγνώμονας,
1778 2845 1859 2913 οἷς
1882 2849 2217 2919 ὑπέκκαυμα
2246 2850 2532 2918 γίγνεσθαι
2561 2851 2774 2921 φιλοῦσι
2809 2852 2945 2919 πρὸς
2971 2852 3040 2906 τά
3067 2852 3261 2922 βελτίω
3288 2854 3397 2908 τῶν
3419 2856 3651 2922 ἀγαθῶν

410 2946 588 3014 ἔργων
624 2943 674 2994 οί
704 2940 946 3003 έπαινοις
972 2939 1034 2990 El
1060 2937 1118 2990 δὲ
1147 2938 1216 2990 τὰ
1246 2939 1353 2991 τῶν
1393 2938 1572 2992 ἄλλων
1605 2939 1901 3009 σπινθῆρος
1932 2937 2122 3010 χρείαν
2154 2937 2518 3006 συμϐάλλοιτο
2538 2978 2554 3001 ,
2588 2938 2704 3001 πῶς
2729 2939 2851 3007 οὐχὶ
2886 2940 3098 3010 πυρσὸν
3132 2943 3190 2993 ὲν
3221 2943 3408 3005 αὐτοῖς
3442 2943 3646 3013 ἀρετῆς

410 3029 709 3085 ἀνακαύσει
736 3027 830 3083 τοῦ
861 3028 919 3081 ὲν
948 3026 1031 3082 σο¹ι
1060 3027 1181 3078 κατ’
1214 3025 1407 3097 ἐξοχὴν
1434 3027 1836 3097 ἐνυπάρχοντος
1863 3029 1924 3080 τὸ
1956 3026 2229 3096 διήγημα;
2259 3020 2444 3096 υύπερ
2476 3026 2700 3090 οὐδένας
2728 3021 2885 3096 οἶμαί
2916 3029 2968 3097 γ’
2994 3030 3052 3093 ές
3076 3030 3192 3083 τόδε
3222 3030 3488 3083 διατελεῖν
3517 3033 3646 3098 ἀνη-

411 3122 593 3186 κόους,
628 3117 767 3188 πλὴν
790 3116 838 3169 εί
860 3115 934 3184 μή
964 3130 1049 3177 τις
1070 3114 1157 3184 εῐη
1184 3114 1486 3184 ἀνέραστος
1513 3113 1623 3170 τῶν
1646 3114 1826 3167 καλῶν
1853 3115 1949 3168 καὶ
1969 3113 2251 3184 ὀλίγωρος.
2281 3114 2416 3166 Τίνα
2438 3113 2546 3183 γάρ
2576 3113 2642 3167 ἂν
2669 3116 2761 3168 καὶ
2785 3114 3007 3185 λήσειεν
3030 3118 3057 3169 ὀ
3084 3116 3218 3186 παρ’
3242 3117 3379 3189 αὐτῇ
3442 3118 3647 3190 θερμδς

410 3211 505 3261 καὶ
554 3207 817 3275 διάπυρος
863 3201 1005 3272 ὑπὲρ
1044 3199 1328 3264 εὐσεϐείας
1373 3200 1558 3270 ζῆλος,
1602 3203 1698 3255 καὶ
1768 3203 1843 3265 ώς
1894 3202 2033 3272 μετὰ
2073 3201 2275 3272 πολλῆς
2321 3202 2415 3255 καὶ
2452 3200 2711 3267 διακαοῦς
2756 3204 3066 3274 προθυμίας
3112 3207 3499 3277 ὑπεραγωνίζῃ
3549 3210 3649 3263 καὶ

410 3292 774 3366 προασπίζεις
796 3290 906 3344 τῶν
927 3287 1124 3357 ὀρθῶν,
1156 3288 1253 3340 καὶ
1281 3287 1522 3357 πατρίων
1550 3288 1862 3358 δογμάτων,
1898 3289 2192 3359 στρατείαν
2218 3287 2422 3359 ταύτην
2448 3287 2684 3360 ἀρίστην
2713 3290 2793 3361 τῷ
2817 3290 3038 3364 Χριστῷ
3070 3296 3523 3364 στρατευόμενος,
3547 3298 3648 3351 καὶ

410 3379 775 3454 προπολεμῶν
824 3376 922 3446 τῆς
964 3374 1274 3446 ὀρθοδοξίας
1300 3374 1439 3444 μετά
1477 3377 1679 3445 πολλῆς
1723 3376 1814 3429 καὶ
1848 3376 2180 3447 καρτερικῆς
2207 3377 2305 3446 τῆς
2346 3378 2649 3442 ὲνστάσεως
2680 3378 2714 3448 ή
2747 3378 2945 3441 πύλαις
2975 3378 3100 3453 ᾆδον
3130 3380 3272 3435 κατά
3300 3381 3398 3451 τὴν
3429 3381 3643 3455 ἀψευδῆ

410 3471 502 3524 τοῦ
535 3468 783 3537 Σωτῆρος
809 3461 1141 3530 ἐπαγγελίαν
1169 3460 1427 3517 οὐδέποτε
1448 3462 1931 3535 κατισχυθήσεται,
1962 3464 2072 3534 ὅσῳ
2096 3463 2258 3517 πλέον
2283 3464 2606 3535 πολεμεῖται
2641 3466 2845 3534 μᾶλλον
2872 3466 3226 3535 ἀκμάζουσα,
3251 3468 3345 3522 καὶ
3366 3469 3425 3523 ὲν
3454 3473 3521 3543 τῇ
3548 3488 3647 3524 τα·

412 3558 673 3613 πεινώσει
698 3551 868 3621 αὑτῆς
891 3548 1323 3619 λαμπρυνομένη
1358 3548 1453 3601 καὶ
1477 3546 1886 3617 ἀναθάλλουσας
1920 3552 2018 3606 Διά
2050 3552 2205 3606 ταῦτ’
2237 3552 2347 3623 ἄρα
2380 3553 2539 3618 κάγὼ
2567 3554 2651 3608 σοὶ
2679 3552 2757 3624 τῷ
2782 3553 2970 3626 θερμῷ
2994 3555 3210 3627 ζηλωτῇ
3242 3557 3337 3613 καὶ
3370 3560 3646 3628 προμάχῳ

414 3646 523 3699 τῶν
552 3644 655 3712 τῆς
687 3638 945 3710 ἀληθείας
979 3636 1267 3707 δογμάτων
1300 3637 1524 3705 ταυτηνὶ
1558 3637 1738 3705 φέρων
1768 3639 2077 3707 προσφωνῶ
2095 3639 2193 3709 τὴν
2218 3639 2561 3711 δογματικὴν
2598 3642 2946 3707 Πανοπλίαν,
2984 3644 3131 3706 ὅπως
3168 3646 3646 3717 τεθωρακισμένος

412 3736 480 3804 τῇ
505 3732 597 3784 τοῦ
632 3727 950 3798 Πνεύματος
983 3724 1164 3795 χάριτι
1186 3765 1200 3788 ,
1226 3722 1656 3794 ῥωμαλεώτερον
1687 3724 2129 3796 ἀντιπαρατάττῃ
2153 3726 2211 3778 τδ
2234 3727 2343 3780 ἀπὸ
2363 3727 2519 3783 τοῦδε
2542 3730 2658 3792 τοῖς
2684 3729 3024 3798 ἀντιλέγουσι
3050 3734 3113 3803 τῇ
3137 3732 3385 3805 ἀληθείᾳ,
3413 3736 3472 3792 τὸ
3500 3734 3646 3788 θεῖον

417 3822 568 3891 ῥῆμα
605 3817 788 3886 φέρων
820 3814 961 3868 κατὰ
993 3812 1091 3882 τὴν
1127 3811 1404 3880 σάλπιγγα
1434 3812 1540 3864 τῶν
1583 3807 1941 3883 Ἐκκλησιῶν,
1974 3812 2186 3868 Παῦλόν
2211 3831 2355 3884 φημι
2380 3814 2472 3870 τὸν
2486 3815 2794 3887 μακάριον,
2823 3816 2963 3889 ὑπὲρ
2991 3819 3171 3872 πᾶσαν
3206 3820 3518 3890 μάχαιραν,
3550 3821 3646 3875 καὶ

418 3906 694 3979 ῥομφαίαν
719 3902 977 3971 ἀμφήκη,
1011 3900 1104 3951 καὶ
1135 3897 1201 3949 δι’
1231 3896 1398 3950 αὑτοῦ
1424 3897 1548 3960 τοὺς
1581 3898 1676 3953 τοῦ
1710 3898 1963 3962 εὐσεϐοῦς
1993 3901 2154 3970 λόγου
2185 3900 2557 3973 διαχρώμενος
2590 3904 2907 3973 πολεμίους,
2937 3906 3032 3960 καὶ
3058 3906 3285 3977 λαμπρά
3314 3907 3432 3962 κατ’
3460 3909 3645 3962 αὐτῶν

419 3993 582 4048 ἱστῶν
609 3991 849 4063 τρόπαια
868 4027 882 4053 ,
913 3982 1096 4055 ὧνπερ
1125 3984 1185 4037 οὐ
1215 3985 1408 4054 ῥέοντα
1437 3986 1530 4037 καὶ
1566 3986 1885 4054 χαμαίζηλα
1917 3989 2123 4060 κομίσῃ
2152 3989 2218 4042 τὰ
2242 3984 2402 4055 ἆθλα,
2434 3991 2556 4047 οὑδὲ
2580 3991 2739 4054 δόξαν
2762 3992 2918 4063 ῥᾷστ’
2959 3992 3306 4048 ἀπανθοῦσαν
3350 3996 3441 4048 καὶ
3469 3996 3647 4049 ἐκλεί-

416 4101 646 4147 πουσαν,
671 4079 784 4133 ἀλλ’
806 4078 951 4147 άπερ
977 4073 1090 4127 οὔτ’
1120 4074 1427 4143 ὀφθαλμοῖς
1455 4076 1534 4137 είς
1556 4075 1684 4131 θέαν
1709 4078 1925 4143 ἐφικτὰ,
1953 4074 2065 4128 οὐτ’
2091 4074 2226 4143 ἀκοῇ
2253 4074 2495 4145 χωρητά,
2525 4073 2621 4126 καὶ
2651 4074 2809 4142 λόγου
2841 4074 3040 4139 παντὸς
3066 4076 3361 4146 ὑπερπαίει
3388 4077 3642 4148 δύναμιν,

419 4171 695 4243 βασιλείαν
725 4164 989 4234 οὐρανῶν,
1021 4161 1112 4216 καὶ
1138 4161 1515 4230 μακαριότητα
1538 4162 1973 4225 διαιωνίζουσαν,
2006 4162 2102 4232 τήν
2136 4165 2510 4233 ἀποκειμένην
2539 4166 2651 4228 τοῖς
2681 4165 3097 4234 ἐκλελεγμένοις
3130 4167 3236 4237 πρὸ
3263 4166 3483 4221 πάντων
3519 4168 3651 4223 αἰώ-

419 4277 543 4318 νων.
580 4255 655 4311 Οὑ
684 4252 843 4323 μόνον
875 4251 931 4303 δὲ
960 4247 1047 4301 διὰ
1079 4246 1254 4300 ταῦτα
1289 4248 1586 4317 προσήκειν
1616 4247 1785 4316 ἐγνων
1816 4266 1908 4301 σου
1942 4251 2005 4319 τῇ
2042 4250 2345 4322 ἐνδοξότητι
2378 4251 2438 4304 τὸ
2466 4252 2715 4323 δώρημα,
2748 4252 2885 4307 ἀλλά
2914 4253 3009 4306 καὶ
3044 4253 3130 4306 ὅτι
3158 4254 3222 4325 δὴ
3252 4254 3405 4325 παρά
3436 4258 3649 4319 πάντας

420 4348 556 4414 αὐτῇ
579 4341 872 4412 ᾠκείωται,
899 4334 1170 4405 βασίλειον
1191 4329 1323 4389 οὖσα
1349 4334 1656 4405 κειμήλιον,
1678 4339 1760 4388 σο)⁵
1782 4336 1826 4388 δ’
1851 4336 1911 4389 οὐ
1938 4337 2096 4406 μόνον
2116 4338 2183 4391 τὰ
2208 4339 2302 4392 τοῦ
2331 4340 2520 4407 γένους
2542 4342 2606 4393 ὲκ
2629 4340 2924 4406 βασιλικῶν
2949 4341 3143 4412 πηγῶν
3164 4343 3492 4417 ἐπιρρέοντα
3513 4346 3648 4415 ὀμο-

419 4434 684 4500 λογεῖται,
714 4425 784 4479 τά
825 4425 961 4494 πρὸς
1001 4424 1234 4492 μάμμης
1283 4422 1366 4483 είς
1399 4422 1525 4485 τοὺς
1576 4426 1861 4491 ἐπιφανεῖς
1896 4425 2388 4495 Καντακουζηνοὺς
2420 4428 2759 4498 ἀναγόμενα,
2797 4428 2935 4484 ἀλλά
2961 4429 3024 4501 δὴ
3057 4430 3152 4483 καὶ
3184 4432 3252 4485 τά
3297 4433 3649 4502 πραττόμενα

424 4515 713 4593 βασιλικῆς
753 4510 1039 4593 εὐγενείας
1068 4508 1430 4578 λαμπρότατα
1460 4507 1731 4573 ἀποσώζει
1762 4510 2039 4581 μαρτύρια
2060 4553 2075 4580 ,
2109 4518 2203 4570 καὶ
2236 4519 2499 4587 κηρύττει
2544 4520 2647 4591 τὴν
2680 4519 2812 4591 πρὸς
2849 4520 3089 4584 ἐκείνους
3120 4522 3436 4591 συγγένειαν
3471 4524 3504 4593 ή
3539 4522 3647 4575 τῶν

422 4589 674 4677 ὲράξεων
706 4598 978 4669 ὁμοιότης.
1014 4589 1112 4647 Ὦν
1143 4595 1353 4648 οίκοθεν
1388 4594 1530 4664 ἔχεις
1551 4635 1566 4660 ,
1604 4598 1696 4648 καὶ
1748 4595 1840 4665 ἀφ’
1874 4598 2057 4661 ἐστίας
2106 4602 2240 4668 φασὶ
2268 4603 2326 4654 τὸ
2366 4589 2747 4675 παράδειγμα,
2781 4606 2857 4669 ὡς
2889 4607 2994 4660 ὑπό
3029 4589 3520 4680 ζῶντι-ἀρχετύπῳ
3568 4607 3648 4676 τῷ

421 4693 616 4763 κλεινῷ
665 4694 758 4744 καὶ
787 4684 1222 4759 ἐκλαμπροτάτῳ
1254 4680 1447 4759 γενέτη
1481 4682 2021 4751 παιδαγωγούμενος,
2054 4687 2150 4739 καὶ
2198 4686 2348 4741 σύνει
2378 4691 2594 4763 νύκτωρ
2625 4694 2718 4746 κιὶ
2768 4694 2886 4763 μεθ’
2920 4694 3136 4765 ήμέραν
3166 4698 3233 4765 τῇ
3266 4699 3417 4765 πηγῇ
3438 4736 3455 4762 ,
3493 4695 3552 4761 ἐξ
3580 4691 3648 4765 ἧς

422 4779 666 4850 ἀφθόνως
698 4774 936 4845 ὑπάρχει
974 4767 1240 4840 ἀρύεσθαι
1266 4784 1369 4834 σοι,
1402 4768 1496 4820 καὶ
1527 4768 1666 4822 κατὰ
1693 4769 1791 4832 τὰς
1823 4770 2114 4840 φιλεργοῦς
2143 4777 2399 4845 μελίττας
2431 4777 2542 4835 οἷον
2570 4780 2629 4848 ἐξ
2656 4783 2928 4836 ἀθανάτου
2960 4782 3225 4852 λειμῶνος
3253 4785 3646 4849 ἀπανθίζεσθτι

421 4873 529 4925 τῶν
558 4864 768 4937 ἀρετῶν
800 4864 869 4915 τὰ
906 4859 1080 4927 εὐώδη
1122 4858 1219 4911 καὶ
1243 4855 1468 4925 ἀειθαλῆ
1502 4856 1657 4928 ἄνθη.
1699 4858 1840 4944 Ἀνθ’
1885 4860 2004 4913 ὅτου
2047 4862 2142 4913 καὶ
2173 4862 2487 4930 διπλασίους
2535 4868 2757 4931 εἰκότως
2794 4870 3081 4940 τυγχάνεις
3111 4872 3339 4940 ὀφείλων
3384 4876 3451 4944 τῇ
3481 4871 3646 4927 αὑτοῦ

423 4957 724 5025 ὲκλάμπρῳ
756 4948 1082 5035 γαληνότητι
1110 4946 1337 5018 χάριτας
1360 4984 1374 5008 ,
1402 4945 1536 5015 πρός
1559 4962 1622 5014 γε
1647 4944 1724 5015 τῷ
1753 4943 1893 5002 εἶναι
1940 4948 2034 5002 καὶ
2064 4952 2226 5005 αὐτοῦ
2259 4957 2351 5010 τοῦ
2374 4951 2433 5009 εὖ
2465 4951 2603 5012 εἶναι
2626 4960 2777 5028 παρά
2804 4962 2902 5032 τῆς
2925 4962 3085 5015 αὐτοῦ
3117 4943 3449 5035 ὑψηλότητος
3475 4980 3647 5035 προσο

421 5047 776 5115 υπάρχονιος.
808 5031 913 5099 Ἷις
943 5037 1076 5105 δῆτα
1121 5035 1238 5089 καθ’
1268 5037 1414 5106 ήμᾶς
1451 5038 1514 5122 αίγ
1537 5036 1726 5105 ἀρεταὶ
1754 5038 1865 5099 τοῖς
1913 5039 2110 5109 πέρασι
2144 5041 2641 5115 διατεθρύλληντιαι,
2687 5049 2784 5117 τῆς
2811 5031 3040 5119 ἀρίστης
3073 5031 3641 5122 εὐνομίαςνμετὲι-τῆς

383 5128 764 5207 δικαιοσύνης
792 5122 1261 5211 “‘"TM‘WF’V‘
1310 5122 1400 5211 τρν
1458 5121 1789 5211 “fma?”
1831 5124 1927 5180 καὶ
1980 5126 2361 5198 λαμπρότατον
2397 5133 2605 5202 Θρόνον,
2637 5136 2723 5203 ἐφ’
2755 5131 2817 5189 οὗ
2845 5137 2909 5205 δὴ
2941 5137 3077 5205 πρὸς
3108 5137 3244 5191 Θεοῦ
3272 5121 3441 5199 πάλαι
3465 5156 3643 5211 πρ⁰⁴⁰⁶

432 5218 661 5293 ρισμένη
700 5215 759 5266 ἐν
793 5210 869 5281 τῷ
913 5209 1236 5279 καταλλήλῳ
1266 5209 1444 5279 χρόνῳ
1481 5210 1631 5283 παρά
1682 5210 1780 5280 τῆς
1826 5210 1991 5264 αὑτοῦ
2041 5217 2297 5283 προνοίας
2342 5220 2648 5289 ἐφίδρυται,
2700 5222 2863 5275 ὁπότε
2908 5225 2939 5293 ή
2985 5224 3076 5277 τοῦ
3120 5224 3313 5295 χρόνου
3362 5209 3645 5295 ἀνωμαλία

426 5312 515 5362 τὸν
540 5304 710 5359 δεινὸν
737 5301 815 5361 είς
847 5297 1114 5369 διοίκησιν
1133 5297 1355 5367 ἀπῄτει,
1380 5296 1469 5349 διὰ
1500 5300 1834 5368 πολυσχιδῶν
1858 5300 1990 5353 ὁδῶν
2025 5304 2446 5374 παραστήσοντα
2478 5307 2574 5375 τὴν
2594 5305 2831 5377 ἔμφυτον
2862 5308 3290 5379 καλοκαγαθίαν,
3314 5318 3407 5367 καὶ
3432 5312 3643 5378 έκάστῳ

428 5394 749 5467 προσφόρως
778 5386 1150 5459 ἐπαρκέσοντα
1184 5386 1317 5454 πρὸς
1342 5385 1439 5459 τὴν
1466 5387 1675 5456 χρείαν,
1705 5388 1799 5440 καὶ
1824 5388 1901 5458 τῷ
1924 5387 2106 5460 οἰκείῳ
2136 5387 2493 5461 ὑποδείγματι
2520 5390 2607 5445 τὸν
2632 5393 2734 5445 ὑπό
2759 5396 2913 5465 χεῖρα
2940 5393 3077 5448 λεὼν
3104 5396 3170 5449 τά
3202 5397 3423 5467 θεοφιλῆ
3451 5400 3642 5450 ἐκπαι-

426 5482 703 5536 δεύσοντα.
747 5474 907 5529 Ἀλλᾶ
939 5472 1021 5535 τίς
1058 5471 1124 5525 άν
1160 5488 1248 5555 μοι
1274 5471 1430 5539 λόγος
1464 5474 1738 5543 ἀρκέσειε,
1772 5476 1923 5537 ποῖος
1959 5474 2200 5545 κάλαμος
2224 5477 2560 5550 ὑπηρετήσει
2592 5479 2659 5536 ἶν’
2688 5482 3066 5552 ἀπαριθμήσει
3098 5483 3230 5554 γοῦν
3258 5485 3391 5555 μόνῃ
3420 5483 3639 5554 χρήσω⁴

430 5586 526 5641 μαι
555 5564 661 5618 τῶν
690 5559 1143 5632 προτερημάτων,
1170 5552 1250 5620 οἷς
1275 5560 1302 5610 ὀ
1330 5558 1418 5620 σὸς
1448 5560 1671 5629 γενέτης
1700 5560 2126 5632 καθωραῖζεται,
2152 5564 2259 5619 τῶν
2288 5566 2509 5633 ἀγαθῶν
2528 5606 2544 5632 ,
2574 5561 2649 5621 ὧν
2678 5569 2739 5621 οὐ
2776 5573 2838 5640 τῇ
2875 5570 3058 5641 Μυσίᾳ
3087 5552 3337 5642 μόνῃξήν
3367 5552 3457 5624 καί
3484 5569 3642 5633 λόγου

430 5652 627 5729 μικροῦ
654 5651 763 5704 δεῖν
794 5651 1020 5720 ἄμοιρον
1068 5647 1261 5719 πρώην
1286 5645 1451 5701 οὖσαν
1474 5686 1488 5711 ,
1526 5648 1757 5701 Μουσῶν
1791 5650 2042 5718 ἀπέφηνε
2076 5650 2422 5721 καταγώγιον
2443 5693 2458 5717 ,
2489 5653 2585 5706 καὶ
2614 5655 2795 5723 σοφῶν
2827 5657 3038 5727 ἀνδρῶν
3066 5656 3408 5725 περιώνυμον
3438 5652 3640 5709 ἐνδιαί-

428 5762 573 5817 τημά
592 5783 607 5809 ,
641 5742 837 5810 ἀρετῆς
868 5757 926 5791 τε
955 5741 1132 5809 πάσης
1161 5741 1236 5810 τῷ
1268 5739 1380 5796 ὄντι
1408 5741 1707 5811 γυμνάσιον
1728 5783 1741 5809 ,
1772 5741 1886 5796 ἀλλ’
1915 5740 2014 5812 ’ήδη
2048 5740 2140 5793 καὶ
2169 5742 2233 5809 τῇ
2265 5740 2474 5811 ὑφηλίῳ
2506 5740 2766 5814 ξυμπάσῃ
2797 5743 3008 5812 ὑπῆρξε
3037 5743 3218 5808 πατὴρ
3243 5781 3257 5806 ,
3289 5742 3640 5799 πολυτρόπως
