4094 6286
214 284 219 289 ’
324 306 388 370 21
1524 310 1900 373 PANOPLIA
1945 314 2406 390 DOGMATICA,
3523 324 3596 388 ιε

324 420 352 472 ό
405 417 750 490 πανταχόθεν
808 421 1324 492 συγκεκροτημένος
1378 425 1758 494 αὐτοκράτωρ,
1815 424 1911 475 καὶ

2026 429 2135 497 gior
2173 431 2272 482 sim
2299 472 2314 494 ,
2342 439 2536 485 cuncta
2571 430 2658 484 illa
2683 471 2696 496 ,
2736 432 2936 502 quibus
3017 432 3310 504 imperator
3357 435 3597 504 undique

325 512 500 574 δεινὸς
549 511 814 583 ὁμιλῆσαι
848 515 1162 586 πράγμασι,
1223 515 1315 567 καὶ
1372 515 1539 586 πόρον
1599 516 1903 586 ἀμηχάνοις

325 603 527 674 εὑρεῖν,
554 604 651 658 καὶ
687 604 822 676 πρὸς
848 607 974 669 τοὺς
1006 607 1236 678 καιροὺς
1287 608 1382 662 καὶ
1414 610 1511 670 τὰς
1535 610 1903 672 καταστάσεις

326 695 714 766 συμφερόντως
747 695 1234 768 μεθαρμοςόμενος
1264 700 1596 770 γνωρίζεται
1646 703 1742 754 καὶ
1792 702 1907 756 δια-

330 789 690 856 γινώσκεται·
723 787 830 841 τῶν
883 789 1062 844 ἄλλων
1109 790 1166 843 δὲ
1217 792 1414 845 τούτου
1467 795 1908 864 προτερημάτων

327 880 428 932 οὐκ
477 879 697 934 ἔλαττον
750 882 833 944 είς
883 880 1045 950 λόγον
1095 881 1376 954 εὐφημίας
1431 886 1491 936 τὸ
1547 885 1909 955 προκείμενον

330 973 676 1042 σπούδασμα,
704 971 804 1044 τὴν
837 972 1104 1045 συλλογὴν
1157 974 1300 1044 λέγω
1350 976 1459 1030 τῶν
1495 977 1784 1046 δογμάτων
1810 977 1909 1047 τῆς

328 1062 602 1132 ὀρθοδόξου
623 1064 878 1127 πίστεως.
897 1065 1020 1128 Πῶς
1043 1065 1334 1130 τοσαύταις
1348 1071 1641 1138 κοσμικαῖς
1656 1069 1908 1138 φροντίσι

331 1157 780 1228 περιρρεόμενος,
813 1159 908 1211 καὶ
962 1159 1171 1230 μυρίων
1226 1161 1573 1231 πραγμάτων
1619 1161 1912 1225 ἀνθολκαῖς

326 1245 586 1299 ἑκάστοτε
639 1245 1082 1317 περισπώμενος,
1131 1247 1252 1301 οὐδὲ
1304 1248 1495 1303 τούτου
1545 1248 1642 1302 τοῦ
1711 1251 1913 1319 μέρους

327 1337 702 1407 ἀφροντίστως
721 1341 870 1410 ἔσχε,
896 1340 1151 1411 καθάπερ
1175 1341 1362 1394 πολλοὶ
1386 1341 1494 1395 τῶν
1523 1343 1912 1412 προλαϐόντων

330 1429 775 1500 αὐτοκρατόρων,
823 1426 905 1493 οἷς
956 1432 1159 1502 ἤρκεσε
1210 1432 1369 1502 μόνον
1417 1433 1607 1504 ὥσπερ
1657 1434 1752 1486 καὶ
1801 1434 1914 1496 τοῖς

331 1520 544 1572 πλείοσι
577 1520 687 1575 τῶν
710 1521 833 1574 τότε
873 1523 968 1575 καὶ
993 1521 1088 1575 νῦν
1146 1523 1407 1594 ὑπηκόων
1471 1526 1506 1594 ὴ
1561 1523 1916 1594 στοιχειώδης

329 1613 426 1665 καὶ
471 1612 736 1682 σύντομος
760 1613 1023 1682 ὁμολογία
1045 1615 1145 1684 τῆς
1184 1615 1439 1680 πίστεως,
1463 1614 1491 1668 δ
1510 1616 1605 1669 καὶ
1634 1615 1916 1687 Σύμϐολον

331 1703 480 1774 ἱερὸν
544 1703 815 1757 καλεῖται.
859 1704 1308 1774 Διασκεψάμενος
1352 1704 1409 1758 δὲ
1463 1707 1560 1759 καὶ
1617 1707 1684 1777 τῇ
1752 1705 1918 1777 πείρᾳ

331 1796 494 1864 γνοὺς
532 1795 614 1848 δτι
679 1795 894 1850 πολλῶν
952 1796 1148 1867 μέρεσι
1183 1797 1284 1867 τῆς
1323 1775 1912 1869 Ῥωμαῖκῆςῃὲπικραξ
1947 1775 1992 1834 Β

330 1889 480 1950 τείας
504 1888 930 1958 παρεισεφθάρη
956 1889 1120 1943 πάλιν
1146 1889 1330 1943 ἰοὸόλα
1361 1890 1454 1942 καὶ
1480 1888 1752 1960 θεοστυγῆ
1787 1891 1915 1958 δόγ-

335 1996 506 2048 ματα,
533 1979 628 2032 καὶ
654 1979 764 2032 τῶν
794 1981 1187 2052 πνευματικῶν
1213 1982 1476 2050 γεωργῶν
1503 1982 1916 2046 ἀπονυσταξᾶιν-

331 2088 438 2123 των
469 2069 556 2124 διὰ
586 2070 685 2142 τὴν
714 2070 824 2124 τῶν
858 2071 1138 2143 πολεμίων
1184 2073 1315 2136 ίσως
1374 2074 1594 2146 μακρὰν
1629 2073 1726 2127 καὶ
1759 2075 1921 2127 πολυ-

333 2167 547 2235 χρόνιον
628 2167 981 2237 προσεδρίαν,
1070 2169 1360 2238 ἐπεσπάρη
1431 2167 1508 2240 τῷ
1569 2169 1722 2239 καλῷ
1786 2170 1920 2242 σίτῳ

335 2257 575 2322 ζιζάνιον
607 2259 910 2329 ἀκαρπίας,
938 2260 1035 2314 καὶ
1084 2261 1222 2330 πρὸς
1282 2261 1453 2332 μόνην
1489 2261 1688 2315 καῦσιν
1730 2263 1924 2335 ἐπιτή-

335 2351 475 2402 δειον
503 2349 610 2403 τῶν
633 2351 1018 2420 αίρετιζόντων
1059 2353 1469 2424 είδωλομανίας,
1491 2353 1527 2408 ἃ.
1553 2356 1648 2407 καὶ
1679 2353 1922 2424 θολεροῖς

334 2441 547 2511 νάμασι
607 2442 782 2512 λόγων
856 2443 1176 2513 ἀρδεύοντες
1224 2443 1274 2496 oi
1326 2443 1536 2498 τοὺτων
1587 2444 1921 2508 διδάσκαλοι,

338 2530 660 2600 βλαστάνειν
715 2533 1220 2604 παρασκευάζουσι,
1247 2535 1300 2588 τί
1351 2537 1534 2604 ποιεῖ;
1566 2536 1921 2606 περιοιδησά-

337 2640 440 2692 σης
488 2623 638 2694 αὐτῷ
675 2625 774 2695 τῆς
809 2624 1038 2694 καρδίας
1076 2627 1144 2696 τῇ
1201 2625 1442 2698 τοσαύτῃ
1475 2629 1921 2698 καταφρονήσει,

337 2709 680 2766 διανίσταται
712 2712 849 2783 πρὸς
868 2711 1052 2783 ζῆλον,
1076 2715 1171 2766 καὶ
1208 2714 1309 2784 τῆς
1341 2714 1641 2784 θεραπείας
1690 2718 1923 2787 αὐτουρ-

337 2803 434 2871 γὸς
461 2803 699 2872 γίνεται,
727 2804 820 2858 καὶ
852 2807 1098 2876 περινοεί
1119 2823 1171 2859 τι
1209 2807 1354 2876 μέγα
1405 2806 1502 2860 καὶ
1534 2807 1758 2880 ὑψηλόν.
1781 2810 1920 2862 Και-

341 2895 467 2963 pob;
506 2895 616 2964 γὰρ
649 2895 1068 2966 ἀποταξάμενος
1094 2899 1159 2966 τῇ
1189 2897 1392 2971 μελέτῃ
1411 2897 1520 2952 τῶν
1544 2899 1920 2954 θεοπνεύστων

339 2986 598 3056 Γραφῶν,
631 2986 722 3040 ὅτε
757 2989 850 3041 καὶ
882 2989 1090 3059 μικράν
1140 2990 1455 3060 ἐκεχειρίαν
1489 2986 1628 3061 ἦγεν
1669 2992 1780 3046 ἀπὸ
1810 2993 1922 3048 τῶν

2017 522 2184 576 fultus
2233 533 2287 576 et
2316 524 2582 589 munitus,
2643 532 2762 578 tum
2802 525 3192 594 rempublicam
3231 540 3440 595 regere.
3481 536 3594 580 tum

2018 631 2082 670 ex
2122 615 2535 672 difﬁcultatibus
2587 633 2707 671 sese
2763 616 3059 686 expedire,
3117 625 3169 672 et
3211 618 3376 673 rebus
3429 627 3596 686 atque

2016 708 2349 777 temporibus
2365 709 2775 763 accommodare
2794 708 2998 763 utiliter
3017 709 3358 777 scienterque
3385 715 3591 778 potest:

2015 799 2114 854 sed
2153 801 2257 855 boc
2301 800 2421 870 ejus
2477 802 2531 854 in
2611 801 2801 870 primis
2831 801 3158 856 laudandu
3211 817 3274 856 ac
3316 801 3600 856 celebran-

2015 892 2144 946 dum
2175 901 2256 946 est
2287 892 2526 947 studium
2567 901 2728 962 atque
2761 893 3074 958 consilium,
3107 894 3250 964 quod
3280 893 3599 948 orthodoxa:

2016 983 2136 1038 ﬁdei
2171 983 2389 1043 decreta
2435 983 2734 1055 colligenda
2773 983 3020 1051 curavit,
3055 1000 3156 1039 nec
3197 985 3444 1054 quamvis
3490 995 3595 1038 tam

2019 1072 2208 1126 multis
2240 1073 2427 1127 mundi
2472 1074 2736 1128 molestiis
2789 1073 3384 1144 innumerabilibusque
3435 1089 3598 1144 nego-

2018 1161 2105 1217 tiis
2135 1171 2187 1218 et
2217 1164 2548 1234 gravissimis
2577 1166 3024 1234 occupationibus
3055 1167 3285 1222 assidue
3309 1167 3595 1235 distringa-

2018 1260 2147 1318 tur,
2182 1263 2393 1323 partem
2445 1253 2584 1309 hanc
2631 1253 2734 1308 sibi
2779 1254 3154 1326 negligendam
3199 1256 3399 1321 duxit,
3447 1264 3598 1308 utex

2022 1345 2398 1415 superioribus
2451 1345 2873 1416 imperatoribus
2909 1346 3097 1410 multi,
3130 1348 3328 1416 quibus
3361 1347 3414 1400 id
3467 1345 3598 1402 satis

2019 1436 2157 1500 fuit,
2192 1440 2334 1508 quod
2388 1437 2666 1508 plerisque
2717 1441 2799 1493 vel
2856 1439 3002 1494 illius
3027 1479 3041 1504 ,
3074 1441 3160 1494 vel
3200 1439 3432 1510 hujusce
3460 1448 3600 1491 tvm-

2023 1526 2173 1596 poris
2205 1526 2430 1597 privatis
2478 1528 2793 1583 hominibus
2841 1529 2972 1584 satis
3015 1537 3130 1594 est,
3173 1513 3370 1598 nempe
3419 1527 3601 1582 brevis

2021 1616 2141 1672 ﬁdei
2205 1618 2514 1684 confessio,
2580 1620 2854 1690 religionis
2909 1620 3198 1677 continens
3287 1621 3597 1683 elementa,

2020 1710 2162 1778 quod
2197 1724 2410 1764 sacrum
2469 1709 2782 1782 Symbolum
2829 1712 3152 1782 appellatur.
3205 1711 3275 1765 At
3312 1712 3428 1780 ipse
3475 1726 3599 1764 cum

2019 1803 2396 1872 experimento
2447 1806 2722 1876 cognitum
2791 1820 2853 1858 ac
2931 1814 3282 1874 perspectum
3339 1803 3597 1865 haberet,

2020 1894 2311 1964 pestiferas
2361 1912 2576 1950 rursum
2611 1905 2662 1952 et
2706 1897 2899 1966 impias
2929 1897 3218 1966 opiniones
3272 1895 3457 1949 multis
3490 1893 3600 1947 Ro-

2023 1986 2170 2038 mani
2210 1985 2423 2055 imperii
2457 1985 2701 2055 partibus
2733 1985 3055 2056 irrepsisse,
3097 1970 3160 2039 ac
3209 1993 3430 2055 propter
3484 1983 3604 2037 lon-

2027 2093 2152 2149 gum
2188 2077 2419 2132 fortasse
2465 2077 2900 2148 diuturnumque
2965 2075 3206 2131 hostium
3261 2075 3601 2130 dominatum

2021 2169 2162 2223 inter
2187 2169 2388 2223 bonum
2432 2169 2671 2222 triticum
2717 2169 2853 2222 mala
2902 2167 3234 2222 luxuriantis
3303 2167 3604 2222 haeretico—

2023 2275 2141 2313 rum
2171 2259 2428 2314 doctrina:
2448 2298 2463 2321 ,
2507 2275 2628 2328 qua:
2659 2274 2765 2311 non
2799 2258 2902 2312 nisi
2932 2253 2996 2312 ad
3028 2257 3454 2311 comburendum
3495 2257 3630 2308 uti--

2021 2353 2088 2408 lis
2112 2363 2194 2407 est
2217 2393 2233 2418 ,
2260 2349 2468 2404 zizania
2499 2347 2666 2403 fuisse
2699 2365 2889 2418 sparsa
2921 2364 2983 2402 ac
3010 2347 3364 2401 disseminata
3385 2387 3400 2411 ,
3432 2361 3604 2415 eaque

2027 2453 2088 2500 ut
2146 2444 2397 2513 vigerent
2460 2450 2515 2496 et
2575 2447 2927 2505 crescerent,
2991 2438 3222 2494 turbidis
3285 2453 3602 2492 sermonum

2026 2535 2218 2589 rivulis
2241 2533 2310 2588 ab
2333 2533 2575 2603 ipSnrum
2611 2530 3159 2604 doctoribusirrigari
3189 2572 3204 2596 ,
3241 2531 3429 2585 animo
3456 2546 3605 2585 com-

2024 2637 2226 2692 motus,
2276 2637 2439 2695 atque
2479 2625 2549 2678 ob
2582 2621 2848 2695 insignem
2885 2640 3072 2678 eorum
3112 2623 3395 2678 audaciam
3439 2633 3604 2692 atque

2022 2716 2347 2774 dementiam
2384 2713 2772 2778 inflammatus,
2827 2721 2978 2767 tanto
3013 2713 3150 2767 malo
3169 2713 3269 2768 sibi
3299 2728 3597 2768 occurren—

2021 2810 2151 2866 dum
2188 2825 2253 2863 ac
2303 2806 2604 2862 remedium
2670 2803 3045 2858 adhibendum
3093 2803 3452 2858 existimavit.
3493 2805 3604 2857 lta-

2021 2917 2125 2972 que
2147 2914 2269 2956 cum
2295 2913 2323 2952 a
2359 2897 2589 2967 publicis
2619 2895 2849 2966 negotiis
2868 2935 2880 2956 ,
2904 2893 3235 2968 gravissimis
3287 2894 3604 2965 reipublicae

2023 2987 2605 3054 muneribus,etcuris
2635 2997 2944 3058 superesset
2986 2986 3186 3054 aliquid
3229 2989 3518 3057 temporis,
3551 2988 3605 3043 id

340 3077 620 3147 δημοσίων
682 3078 780 3132 καὶ
837 3079 1186 3148 κοινωφελῶν
1251 3081 1572 3151 φροντίδων,
1606 3083 1912 3154 ἀναγνώσει

2026 3099 2186 3140 omne
2223 3082 2277 3135 in
2300 3080 2604 3136 divinarum
2625 3077 3025 3148 Scripturarum
3059 3079 3427 3134 voluminibus
3443 3095 3606 3132 aecu-

342 3169 618 3240 φιλοπόνῳ
643 3171 911 3235 συντόνως
937 3170 1132 3225 ἑαυτὸν
1163 3172 1431 3240 ἐπεδίδου,
1456 3177 1918 3246 συναιρουμένους

341 3259 480 3331 ιχων
502 3262 629 3324 τοὺς
661 3264 1078 3333 παρατυχόντας
1103 3262 1214 3316 τῶν
1256 3264 1582 3335 ἐλλογίμων,
1602 3261 1680 3323 ὧν
1710 3269 1919 3323 πολλῶν

341 3354 436 3406 καὶ
466 3353 648 3407 καλῶν
674 3356 929 3424 εὐπορεῖν
961 3354 1154 3408 εἴωθεν
1185 3355 1273 3409 ἀεὶ
1300 3357 1369 3410 τά
1395 3357 1665 3428 βασίλεια,
1686 3359 1921 3432 μάλιστα

341 3445 396 3498 δὲ
422 3447 550 3508 τοὺς
578 3446 946 3515 δογματικοὺς
975 3447 1199 3516 ἠσκεῖτο
1229 3448 1445 3518 λόγους,
1465 3453 1559 3504 καὶ
1581 3450 1785 3523 θερμόν
1801 3469 1922 3506 τινα

343 3536 439 3590 καὶ
465 3537 730 3607 διάπυρον
756 3535 937 3608 ἔρωτα
974 3539 1180 3592 τούτων
1205 3539 1262 3592 ἐν
1295 3542 1358 3610 τῇ
1383 3538 1530 3614 ψυχῇ
1569 3542 1919 3612 περιέφερεν.

348 3628 548 3684 Ἔνθεν
611 3645 697 3681 τοι
751 3629 846 3682 καὶ
899 3628 1156 3701 καθάπερ
1241 3630 1457 3702 σίδηρος
1520 3632 1722 3703 θερμὸς
1772 3633 1922 3687 ὕδατι

307 3788 310 3792 η
345 3720 542 3791 ψυχρῷ
582 3719 910 3791 στομωθεὶς,
937 3721 1033 3774 καὶ
1061 3722 1162 3793 τὴν
1215 3721 1464 3792 γλῶτταν
1493 3727 1616 3789 ταῖς
1650 3724 1924 3796 παρατρί-

345 3809 474 3880 ψεσι
512 3812 621 3865 τῶν
681 3811 942 3866 τοιούτων
996 3811 1176 3882 λόγων
1211 3815 1524 3886 ἀκονηθεὶς,
1581 3816 1924 3885 ἀμφίστομος

349 3903 686 3974 ἀπετελέσθη
711 3906 952 3974 μάχαιρα
969 3905 1114 3958 κατά
1124 3904 1231 3958 τῶν
1251 3905 1587 3978 βλασφήμων
1612 3907 1922 3977 δογμάτων,

349 3996 446 4050 καὶ
474 3995 842 4065 διδαγμάτων,
874 3997 970 4050 καὶ
1003 3999 1271 4064 πέλεκυς
1295 3999 1537 4052 κόπτων
1589 3999 1840 4066 πέτραν,
1865 3997 1927 4050 τὸ

347 4087 448 4156 τῆς
488 4086 714 4156 Γραφῆς
744 4087 942 4152 εἰπεῖν,
962 4089 1062 4158 τὴν
1100 4087 1346 4158 σκληρὰν
1375 4089 1471 4141 καὶ¹
1502 4088 1929 4159 πεπωρωμένην

347 4177 712 4246 ἀναισθησίαν
739 4178 845 4232 τῶν
879 4178 1186 4249 θεομάχων,
1214 4179 1290 4242 ὡς
1313 4178 1475 4244 αὐτὸς
1505 4177 1616 4248 ἐγὼ
1637 4181 1720 4243 δὶς
1749 4196 1930 4249 παρα-

346 4268 531 4340 τυχὼν
567 4270 938 4341 διαλεγομένῳ
979 4271 1307 4340 κατενόησα,
1331 4271 1428 4324 καὶ
1472 4275 1931 4344 παρεσημειωσά-

351 4380 461 4433 μην
481 4379 494 4393 ·
520 4362 662 4416 οὕτω
685 4361 974 4434 τοιγαροῦν
999 4364 1128 4428 τοὺς
1162 4364 1260 4435 μὲν
1293 4363 1404 4418 τῶν
1433 4365 1515 4429 είς
1554 4365 1716 4436 χεῖρα
1735 4365 1928 4419 ίόντων

2025 3185 2140 3232 rate
2171 3171 2512 3245 perlegendis
2549 3169 2938 3232 consumebat,
2995 3171 3166 3239 deque
3200 3169 3266 3225 iis
3315 3184 3439 3224 cum
3473 3169 3608 3222 viris

2025 3265 2259 3327 eximiis,
2283 3277 2514 3334 quorum
2534 3261 2745 3332 egregia
2757 3261 3102 3316 multitudine
3124 3260 3267 3332 regia
3290 3276 3504 3330 semper
3518 3276 3606 3314 re-

2027 3357 2163 3412 ferta
2189 3368 2311 3409 esse
2341 3351 2504 3419 solet,
2527 3350 2954 3421 colloquebatur,
2976 3353 3304 3422 approbatos
3331 3353 3382 3404 in
3415 3351 3605 3420 primis

2026 3460 2310 3504 sermones
2339 3444 2545 3509 colens,
2590 3459 2821 3514 quorum
2877 3443 3081 3516 ingenti
3127 3444 3358 3514 quodam
3418 3458 3605 3497 amore

2029 3540 2241 3595 animus
2261 3538 2381 3610 ejus
2399 3537 2662 3592 incensus
2695 3537 2941 3592 ardebat.
2963 3537 3042 3592 Ex
3074 3552 3184 3608 quo
3208 3537 3409 3591 factum
3430 3545 3514 3592 est
3548 3545 3606 3590 ut

2029 3631 2218 3686 talium
2250 3645 2561 3684 sermonum
2594 3629 2994 3685 consuetudine
3051 3610 3293 3700 linguam
3327 3643 3604 3681 exacuens

2032 3733 2291 3794 tanquam
2324 3721 2529 3777 ferrum
2560 3721 2786 3794 ignitum
2808 3737 2946 3790 aqua
2974 3720 3164 3792 frigida
3187 3719 3566 3775 conﬁrmatum
3589 3761 3602 3779 ,

2032 3821 2194 3884 atque
2223 3813 2361 3866 adeo
2404 3811 2614 3881 gladius
2668 3810 2924 3881 utrinque
2989 3821 3183 3866 acutus
3220 3810 3288 3865 ad
3365 3809 3607 3863 detesta-

2033 3905 2171 3961 biles
2199 3903 2483 3974 opiniones
2503 3943 2517 3965 ,
2536 3910 2699 3971 atque
2725 3899 3002 3955 doctrinas
3027 3897 3426 3955 exscindendas
3445 3937 3459 3959 ,
3488 3897 3603 3959 vel,

2033 3995 2401 4064 utScripturae
2417 3993 2597 4048 verbis
2626 4004 2748 4047 utar
2768 4034 2783 4057 ,
2809 3991 3019 4047 Securis
3039 4001 3248 4061 petram
3274 3990 3603 4050 concidens‘,

2035 4101 2281 4158 asperam
2311 4085 2570 4139 nimirum
2624 4100 2687 4139 ac
2715 4083 2906 4138 duram
2934 4125 2949 4150 ,
2981 4092 3150 4154 atque
3231 4080 3380 4136 omni
3439 4095 3627 4135 sensu.

2037 4189 2310 4234 carentem
2341 4177 2699 4248 pertinaciam
2723 4175 3011 4246 impiorum
3043 4175 3296 4230 evaserit.
3333 4171 3393 4227 ιιι
3414 4211 3430 4238 ,
3461 4171 3626 4242 quod.

2037 4289 2136 4346 ego
2167 4271 2353 4326 testari
2383 4283 2603 4340 possum
2630 4307 2646 4333 ,
2677 4267 2769 4339 qui
2821 4281 2934 4322 rem
2966 4265 3360 4329 animadverti,
3419 4271 3475 4318 et
3511 4263 3625 4317 ad-.

2037 4362 2260 4428 notavi,
2292 4377 2416 4417 cum
2465 4360 2513 4416 ei
2563 4357 2864 4429 disputanti
2919 4357 3057 4413 forte
3108 4355 3324 4411 fortuna
3355 4353 3450 4409 bis.
3472 4351 3608 4409 mibi

347 4456 684 4526 ἀγχεμάχοις
706 4453 892 4519 ὅπλοις
918 4454 1079 4508 ἔϐαλε
1116 4456 1209 4509 καὶ
1239 4456 1508 4512 κατέϐαλε
1525 4472 1540 4489 ο
1563 4457 1714 4521 τινας
1739 4457 1796 4512 δὲ
1816 4457 1922 4511 τῶν

2030 4451 2318 4521 contigerit
2343 4448 2640 4503 interesse.
2717 4446 2992 4514 Quosdam
3043 4446 3190 4505 enim
3239 4460 3424 4501 secum
3477 4458 3609 4498 cou-

351 4549 756 4619 ἑνδιαστρόφων
789 4547 895 4619 ,καὶ
943 4547 1084 4617 πρὸς
1132 4546 1233 4618 τὴν
1267 4547 1574 4617 ἁρμονικὴν
1615 4547 1932 4619 ήδυφωνίαν

349 4637 829 4707 ὑπαλλαττόμενος
849 4634 1123 4689 νουθετεῖν
1145 4635 1427 4705 ιπειρᾶτο,
1443 4635 1538 4688 καὶ
1563 4636 1931 4706 μετακλίνειν,

357 4728 564 4800 πολλὴν
602 4726 991 4798 μακροθυμίαν
1021 4727 1114 4780 καὶ
1143 4725 1448 4779 ἐπιείκειαν
1469 4727 1581 4788 τοῖς
1613 4724 1796 4794 λόγοις
1823 4743 1933 4780 πα-

356 4818 656 4891 ρακιρνῶν.
700 4819 820 4872 Ἵνα
867 4817 926 4872 δὲ
981 4819 1080 4871 καὶ
1114 4819 1232 4886 μετ’
1271 4817 1433 4870 αὑτὸν
1462 4817 1516 4870 οι
1555 4815 1935 4887 βασιλεύοντες

353 4911 660 4980 ὲνάγωνται
677 4909 812 4980 πρὸς
829 4909 928 4982 τὴν
954 4908 1209 4980 μίμησιν,
1229 4908 1503 4978 ἐσκέψατο
1524 4909 1670 4980 μάλα
1697 4909 1930 4975 συνετῶς

364 5000 651 5074 ἔγγραφον
673 5003 860 5066 αὑτοίς
887 5017 945 5055 τε
975 5002 1074 5055 καὶ
1099 5002 1235 5055 πᾶσι
1259 5002 1374 5065 τοῖς
1409 5003 1675 5072 ὑπηκόοις
1706 5002 1933 5057 καταλι-

357 5097 482 5146 πεῖν
509 5093 612 5163 τὴν
657 5093 765 5145 τῶν
814 5091 1171 5162 δογματικῶν
1213 5091 1397 5145 ὃπλων
1429 5093 1816 5162 παρασκευὴν,
1838 5093 1934 5146 καὶ

353 5183 454 5246 τὰς
483 5182 856 5253 πνευματικὰς
895 5183 1196 5250 ἑλεπόλεις,
1224 5183 1317 5235 καὶ
1337 5181 1404 5236 τὰ
1443 5183 1636 5251 λογικά
1684 5184 1934 5254 μηχανή-

359 5291 529 5345 ματα,
547 5273 800 5346 καθάπερ
828 5275 878 5326 oi
909 5275 978 5328 τά
1002 5273 1524 5345 προσαγορευόμενα
1551 5274 1782 5325 τακτικὰ
1803 5289 1933 5326 συν-

355 5368 640 5435 τάξαντες,
667 5368 730 5420 οὐ
760 5367 821 5420 τὸ
851 5367 963 5422 τῶν
1001 5366 1304 5438 ἀρχιερέων
1346 5365 1510 5436 ἔργον
1542 5363 1935 5434 σφετεριξόμε·

359 5475 472 5522 νος,
491 5457 628 5512 ἀλλά
658 5457 946 5521 κάκείνους
971 5455 1260 5527 διεγείρων
1309 5456 1387 5525 τῷ
1415 5451 1540 5508 καθ’
1569 5453 1764 5506 ἑαυτὸν
1803 5452 1935 5506 ὕπο-

360 5548 637 5620 διίγματι,
679 5551 775 5603 καὶ⁵
830 5548 1156 5620 συμμαχίαν
1222 5547 1459 5620 μάλιστα
1533 5543 1930 5616 παρεχόμενος.

439 5730 459 5763 ⁸
493 5729 694 5788 Jcrem.
722 5745 876 5798 nni,
910 5731 1000 5787 29.

2030 4541 2340 4614 gredientes
2410 4539 2562 4594 hisce
2605 4539 2772 4592 armis
2811 4536 3063 4592 cominus
3093 4535 3365 4606 percussit
3398 4542 3608 4610 etpro~

2032 4631 2257 4704 ﬂigavit.
2299 4629 2448 4686 Alios
2475 4639 2658 4684 autem
2697 4628 2994 4700 fugitantes
3019 4627 3288 4684 orationis
3331 4625 3605 4680 suavitate

2030 4725 2254 4796 capiens
2329 4729 2386 4778 et
2418 4720 2667 4775 alliciens
2690 4761 2706 4787 ,
2761 4720 3100 4790 multamque
3131 4717 3313 4772 verbis
3339 4716 3454 4771 suis
3507 4731 3607 4786 pa-

2033 4815 2279 4871 tientiam
2321 4829 2384 4868 ae
2435 4813 2718 4868 lenitatem
2767 4812 3086 4867 immiscens
3113 4810 3182 4865 ad
3213 4811 3498 4865 sanitatem
3549 4821 3608 4866 et

2032 4907 2292 4978 optimam
2329 4904 2540 4977 frugem
2582 4904 2848 4960 reducere
2881 4902 3174 4958 nitebatur.
3206 4902 3360 4968 Quod
3384 4903 3606 4974 quidem

2030 4997 2341 5068 exemplum
2379 5005 2438 5051 ut
2478 5003 2609 5067 post
2636 5009 2697 5050 se
2756 4989 3034 5069 regnaturi
3082 4993 3298 5066 possint
3362 4995 3604 5058 imitari,

2030 5089 2293 5158 Optimum
2329 5086 2456 5144 iniit,
2503 5086 2793 5143 consilium
2819 5126 2834 5152 ,
2888 5093 2980 5152 ut,
3027 5087 3485 5158 quemadmodum
3527 5086 3606 5142 illi

2031 5183 2123 5252 qui
2155 5196 2242 5236 res
2275 5179 2343 5235 ad
2374 5177 2624 5234 militiam
2663 5179 3004 5248 pertinentes
3031 5188 3390 5249 comparant,
3429 5179 3508 5233 eis
3541 5193 3605 5232 ac

2038 5271 2284 5329 subditis
2315 5285 2506 5325 eorum
2564 5269 2781 5340 populis
2838 5269 3262 5340 approbatorum
3326 5285 3603 5325 armorum

2039 5371 2358 5436 apparatum
2385 5362 2533 5415 omni
2589 5361 2964 5416 machinarum
2998 5377 3199 5434 genere
3294 5371 3458 5432 atque
3519 5361 3606 5416 in-

2041 5461 2351 5513 strumento
2386 5451 2582 5508 bellico
2630 5451 2996 5517 instructum,
3055 5453 3355 5509 litterarum
3417 5467 3605 5507 monu-

2043 5546 2243 5605 mentis
2274 5545 2650 5620 consignatum
2688 5545 3045 5618 relinqueret.
3076 5544 3192 5611 Qua
3221 5557 3353 5599 sane
3385 5559 3445 5601 re
3495 5562 3607 5601 non
