4060 6278
450 274 521 351 53
1668 288 2046 364 EUTHYMII
2084 289 2443 361 ZIGABENI
3047 388 3053 395 ε
3622 283 3693 347 et

453 407 557 463 sibi
592 398 913 480 pontificum
985 422 1183 474 munus
1221 422 1530 492 arrogavit.
1594 423 1689 478 sed
1765 423 2014 494 exemplo

2128 419 2365 490 Ἀνάγκη
2397 418 2527 489 γὰρ,
2556 416 2873 478 σιωπῶντος
2909 411 3157 483 ἀκαίρως
3187 408 3281 463 τοῦ
3309 406 3406 478 τὴν
3439 406 3690 471 ἐξουσίαν

456 514 556 554 suo
591 502 878 571 pontiﬁces
910 508 1203 574 excitavit,
1257 526 1425 582 seque
1458 513 1561 568 illis
1594 515 1801 569 socium
1834 526 1891 572 et
1925 516 2024 572 ad-

448 592 688 660 iutorem
753 597 1020 668 adjunxit.
1064 601 1252 672 Neque
1294 620 1423 660 vero
1469 606 1681 661 crimini
1736 618 1831 664 aut
1887 609 2019 665 vitio

456 682 775 740 vertendum
841 698 963 753 est,
1042 693 1088 745 si
1137 705 1247 747 non
1326 696 1498 751 solum
1558 696 1851 767 imperator
1902 699 2019 769 ipse

451 772 676 842 pietatis
729 778 1199 850 studiosissimus‘,
1259 776 1355 840 sed
1410 780 1585 857 quivis
1619 790 1900 846 omninoe
1952 791 2021 846 ti-

451 864 656 920 tlelium
692 885 951 939 numero,
1005 876 1167 930 modo
1195 880 1403 946 peritus
1449 880 1520 936 sit
1557 882 1882 953 dicendique
1918 901 2015 955 po—

362 952 367 956 ’
452 957 644 1015 testate
673 964 955 1032 praeditus,
989 969 1268 1025 veritatem
1301 972 1355 1026 in
1387 974 1677 1031 discrimen
1731 952 2015 1035 adductam

366 1086 370 1113 έ
452 1050 897 1126 laborantemqne
949 1067 1166 1114 tueatur
1201 1073 1364 1132 atque
1401 1065 1698 1123 defendat:
1729 1069 1834 1123 nisi
1877 1070 2017 1126 forte

449 1143 546 1212 Qui
595 1144 884 1203 immanem
918 1156 971 1204 et
1019 1147 1350 1210 moniferam
1396 1146 1628 1227 aliquam
1666 1154 1835 1215 feram
1874 1150 2019 1217 occi-

449 1235 590 1291 derit
609 1278 623 1300 .
654 1253 721 1293 eo
742 1244 964 1298 nomine
991 1245 1043 1298 in
1073 1244 1278 1302 crimen
1307 1246 1489 1304 vocari
1505 1250 1665 1306 debet
1684 1290 1699 1316 ,
1728 1253 1870 1322 quod
1892 1270 2015 1308 cum

448 1339 558 1379 non
593 1327 664 1382 sit
692 1330 945 1400 indigena
967 1372 982 1394 .
1016 1336 1292 1391 communi
1317 1341 1468 1405 peste
1500 1340 1567 1395 de
1599 1342 1778 1397 medio
1807 1343 2016 1397 sublata

450 1416 654 1504 incolas
691 1431 746 1476 et
784 1423 1068 1495 indigenas
1103 1421 1171 1483 ab
1205 1429 1325 1499 ejus
1369 1431 1614 1501 pernicie
1666 1434 2019 1504 perieuloque

449 1501 781 1594 liberaverit.
836 1510 1122 1568 Beatorum
1201 1515 1367 1589 igitur
1448 1501 1682 1576 Patrum
1746 1501 2017 1594 rectaeque

451 1593 576 1649 ﬁdei
613 1596 961 1655 defensorum
993 1603 1227 1660 decretis
1275 1620 1372 1676 per
1405 1610 1681 1678 sapientes
1709 1616 1764 1667 et
1812 1593 2017 1682 peritos

450 1685 616 1755 hujus
642 1690 821 1746 aetatis
852 1691 996 1748 viros
1048 1692 1239 1751 electis
1267 1736 1282 1760 ,
1311 1694 1365 1751 in
1414 1704 1692 1770 unumque
1748 1702 2012 1769 redactis,

2126 513 2338 582 ἔχοντος
2368 511 2461 564 τοῦ
2513 496 2861 577 διαλέγεσθαι
2898 505 3028 576 περὶ
3072 503 3332 564 πίστεως,
3357 495 3694 566 ἀντιλαμϐά-

2124 604 2310 658 νεσθαι
2340 600 2741 663 κινδυνεύοντος
2779 597 2873 651 τοῦ
2904 592 3185 681 λόγουημὴ
3219 593 3301 645 ὅτι
3326 606 3389 658 γε
3418 589 3509 641 τὸν
3544 588 3694 640 εὐσε-

2125 696 2385 749 ϐέστατον
2431 693 2679 763 βασιλέα,
2717 691 2809 746 τὸν
2832 690 2926 744 καὶ
2954 691 3065 752 τοῖς
3086 686 3319 756 δόγμασι
3348 683 3455 767 τῶν
3497 682 3686 751 ἀρχιε-

2126 788 2263 857 ρέων
2283 786 2344 839 τὸ
2372 785 2538 856 κῦρος
2569 785 2654 839 διὰ
2681 783 2781 854 τῆς
2823 780 3017 836 ἑαυτοῦ
3067 767 3237 864 ῥοπῆς
3289 777 3385 831 καὶ
3421 773 3691 864 συνέσεως

2125 879 2508 950 χαριζόμενον,
2530 876 2666 930 ἀλλά
2693 876 2790 928 καὶ
2825 874 2915 928 τὸν
2955 862 3142 934 ἁπλῶς
3172 869 3362 923 πιστὸν
3392 862 3692 934 ἀνδρα,καὶ

2123 973 2301 1041 λέγειν
2347 971 2707 1041 ἐπιστάμενον
2770 968 2865 1021 καὶ
2911 965 3227 1034 δυνάμενον,
3259 961 3308 1049 εί
3344 959 3417 1028 μὴ
3447 956 3565 1049 ,καὶ
3594 955 3690 1049 τάν

2127 1061 2391 1115 ἀνελόντα
2433 1056 2621 1128 θηρίον
2674 1053 3131 1125 ἀνθρωποφθόρον
3152 1046 3459 1103 αἰτιάσαιτό
3484 1061 3587 1109 τις,
3608 1043 3695 1094 ὅτι

2128 1152 2201 1223 μὴ
2218 1150 2480 1222 ἐγχώριος
2497 1148 2570 1201 ὢν
2586 1148 2675 1201 τὸν
2699 1146 2873 1201 κοινὸν
2889 1144 3108 1215 ὄλεθρον
3127 1143 3192 1195 ἐκ
3208 1140 3373 1210 μέσου
3399 1135 3693 1204 πεποίηκέ,

2123 1243 2219 1296 καὶ
2252 1230 2351 1311 τῆς
2379 1239 2627 1292 ἐντεῦθεν
2660 1238 2838 1308 λύμης
2874 1232 3145 1305 ἀπήλλαξε
3172 1233 3298 1293 τοὺς
3325 1226 3686 1297 αὐτόχθονας.

2124 1326 2235 1389 Καὶ
2268 1323 2330 1405 δὴ
2362 1333 2430 1387 τὰ
2478 1332 2724 1402 δόγματα
2757 1328 2869 1381 τῶν
2925 1326 3209 1398 μακαρίων
3264 1320 3545 1394 Πατέρων,
3595 1316 3695 1369 καὶ

2124 1416 2433 1497 προμάχων
2474 1424 2571 1494 τῆς
2613 1415 2782 1493 ὀρθῆς
2812 1419 3047 1481 πίστεως
3068 1416 3156 1470 διὰ
3175 1415 3281 1467 τῶν
3301 1410 3396 1465 τοῦ
3423 1408 3697 1480 παρόντος

2123 1518 2317 1588 καιροῦ
2352 1515 2532 1585 σοφῶν
2566 1502 2659 1567 καὶ
2694 1512 3038 1579 πολυπείρων
3069 1506 3279 1577 ἀνδρῶν
3305 1502 3695 1569 ἐκλεξάμενος,

2122 1610 2217 1665 καὶ
2238 1597 2560 1675 συναγαγὼν
2586 1606 2709 1675 ἐμοὶ
2736 1594 2836 1673 τὴν
2864 1598 3140 1670 (ξυνθήκην
3168 1594 3373 1648 τούτων
3397 1589 3696 1660 ἐπέτρεψε,

2121 1704 2217 1757 καὶ
2240 1701 2393 1768 τάξιν
2421 1698 2693 1753 ἐπιθεῖναι
2720 1694 2951 1757 τούτοις,
2970 1680 3065 1745 καὶ
3087 1681 3489 1771 διεσκεμμένην
3516 1684 3697 1771 ἁρμο-

450 1776 591 1834 banc
623 1780 756 1835 mihi
783 1784 1118 1852 provinciam
1155 1785 1507 1845 demandavit
1532 1832 1546 1855 ,
1584 1768 1645 1847 ut
1674 1796 1861 1849 eorum
1892 1810 2014 1849 sen-

2123 1796 2257 1859 νίαν,
2282 1795 2377 1847 καὶ
2411 1790 2807 1860 λελογισμένην
2835 1784 3156 1855 οἰκονομίαν
3187 1768 3493 1834 ἐκέλευσεν.
3532 1768 3698 1860 ἐπεὶ

450 1870 651 1926 tentias
686 1871 974 1945 diligenter
1004 1876 1059 1931 in
1094 1879 1317 1934 ordines
1354 1880 1742 1938 distribuerem
1775 1923 1790 1949 ,
1823 1896 1876 1940 et
1904 1876 2018 1941 suis

447 1970 696 2031 qnasque
718 1963 850 2020 locis
877 1976 1002 2037 apte
1032 1969 1406 2042 concinneque
1434 1972 1780 2043 disponerem
1810 1992 1872 2031 ac
1902 1969 2016 2032 col-

447 2051 713 2109 locarem.
750 2055 1115 2122 Quamobrem
1143 2073 1266 2116 eum
1309 2063 1428 2133 ejus
1459 2066 1729 2121 mandatis
1763 2083 1827 2122 ac
1849 2068 2018 2139 jussis

447 2143 605 2200 nefas
641 2147 711 2202 sit
748 2150 1043 2219 adversari,
1078 2160 1246 2208 restat
1279 2163 1338 2208 ut
1378 2155 1591 2211 ratione
1641 2157 1861 2228 Deoque
1916 2162 2019 2215 hu-

443 2232 534 2306 jus
566 2240 810 2294 muneris
841 2241 979 2296 duce
1007 2281 1022 2307 ,
1057 2259 1155 2313 per
1209 2261 1368 2314 quem
1404 2256 1459 2302 et
1496 2263 1690 2303 manus
1732 2249 2018 2306 instruun-

453 2332 538 2382 tur
569 2330 637 2384 ad
691 2346 926 2403 pugnam
961 2372 977 2400 ,
1025 2343 1078 2390 et
1126 2335 1276 2410 digiti
1311 2338 1617 2395 scribentes
1668 2341 1736 2395 ad
1782 2342 2019 2399 haereses

450 2420 813 2494 profligandas
844 2425 1154 2497 diriguntdr
1188 2467 1203 2494 ,
1237 2432 1660 2504 congrediamur
1689 2472 1705 2497 ,
1735 2442 1792 2488 et
1823 2450 2019 2489 manus

450 2526 802 2569 conseramus
834 2558 850 2582 ,
886 2514 973 2573 vel
1006 2519 1187 2589 potius
1236 2516 1553 2591 religionem
1590 2524 1728 2577 tueri
1758 2563 1773 2589 ,
1806 2532 1862 2579 et
1893 2540 2015 2578 cum

451 2605 698 2661 hostibus
724 2607 841 2677 ejus
860 2608 1140 2669 decertare
1157 2610 1461 2669 volentibus
1476 2620 1624 2669 arma
1644 2630 2019 2685 comparemus

452 2698 794 2754 adamantina
831 2715 895 2755 ac
915 2700 1130 2757 letbalia
1162 2717 1397 2774 vereque
1416 2704 1676 2770 coalestia,
1708 2708 1906 2776 quibus
1925 2708 2017 2779 qui

2114 1887 2171 1941 δέ
2202 1874 2311 1939 οὐκ
2354 1880 2423 1955 ἦν
2478 1880 2824 1942 ἀναδύεσθαι,
2850 1876 3040 1930 λοιπὸν
3093 1872 3391 1977 τοῦ-Λόγου
3427 1863 3694 1977 καὶθεῖεοῗ

2120 1974 2555 2045 στρατηγοῦντος
2606 1971 2699 2025 τοῦ
2739 1970 3119 2040 συντάγματος
3145 1965 3254 2018 τῶν
3306 1963 3501 2029 λόγων,
3531 1959 3598 2012 δι’
3631 1959 3696 2010 οὗ

2117 2068 2212 2121 καὶ
2232 2060 2411 2138 χεῖρες
2440 2066 2780 2119 διδάσκονται
2807 2061 2940 2132 πρὸς
2967 2054 3291 2128 ¹ιἐαράταξιν,
3320 2054 3413 2106 καὶ
3433 2046 3697 2103 δάκτυλοι

2120 2154 2423 2229 γράφοντες
2454 2154 2780 2226 κατορθοῦσι
2803 2153 2893 2205 τὸν
2919 2150 3062 2203 κατά
3091 2146 3197 2200 τῶν
3230 2143 3496 2213 αἱρέσεων
3527 2138 3696 2191 πόλε-

2127 2266 2247 2320 μον*
2273 2249 2409 2301 ἰτέον
2440 2247 2569 2317 ἡμῖν
2601 2246 2701 2317 ἤδη
2736 2243 2874 2314 πρὸς
2894 2242 2993 2312 τὴν
3022 2237 3356 2309 ἐγχείρησιν,
3382 2233 3477 2286 καὶ
3514 2247 3697 2320 κατα-

2124 2317 2472 2405 σκευαστέον,
2503 2337 2701 2408 μᾶλλον
2744 2336 2803 2389 δέ
2845 2332 3177 2387 συντακτέον
3221 2325 3531 2381 Πανοπλίαν
3577 2317 3700 2388 τοῖς

2125 2433 2467 2503 βουλομένοις
2503 2416 2840 2499 ὑπερμαχεῖν
2883 2426 2981 2493 τῆς
3010 2416 3316 2487 εὐσεϐείας,
3358 2418 3453 2472 καὶ
3483 2415 3699 2486 συρρή-

2124 2526 2352 2594 γνυσοαι
2372 2528 2483 2586 τοῖς
2506 2523 2718 2592 ἐχθροῖς
2747 2521 2937 2589 αὐτῆς,
2959 2510 3149 2571 παθεΰ
3181 2514 3281 2584 μὲν
3298 2511 3697 2581 ἀδαμαντίνην,

2125 2620 2256 2689 δρᾷν
2289 2619 2345 2672 δὲ
2376 2617 2766 2686 καιριωτάτην,
2785 2614 2882 2668 καὶ
2911 2613 3048 2676 ὅλως
3093 2605 3568 2677 ἀκαταγὼνιστον,
3597 2595 3701 2658 καὶ

2124 2711 2293 2773 ὅντως
2318 2709 2830 2781 οὒρανοχάλκευτον.

451 2801 614 2847 erunt
645 2791 1066 2866 instrueti,cum
1094 2799 1213 2854 laedi
1238 2809 1513 2871 nequeant
1544 2796 1787 2868 omnino,
1830 2801 1942 2859 tum
2012 2803 2346 2863 adversarios
2403 2807 2506 2878 ipsi
2565 2806 2869 2867 vulnerent,
2914 2808 3263 2875 prosternant
3316 2812 3379 2854 ac
3410 2804 3698 2867 superents

523 2892 901 2962 Appellabitur
965 2906 1146 2952 autem
1193 2896 1283 2953 hic
1340 2898 1477 2953 liber
1498 2897 1833 2971 ζοτιΙιοᾱοπιε
1895 2902 2020 2972 ﬁdei

452 2975 761 3054 Dogmalica
809 2986 1098 3055 Panoplia,
1149 2990 1235 3045 vel
1289 2990 1639 3047 Decretorum
1703 2994 2022 3049 Armamen—

452 3073 810 3141 tarium,'ut
865 3092 987 3133 cum
1073 3080 1343 3151 pugnandi
1411 3090 1623 3152 tempus
1701 3082 2017 3150 advenerit,

455 3168 895 3239 Oportueritque'
943 3170 1217 3241 spiritales
1284 3184 1712 3245 propugnatores
1780 3168 2018 3241 armari,

454 3272 520 3311 eo
579 3257 848 3327 patefacto
884 3297 901 3324 ,
977 3261 1141 3317 armis
1192 3262 1335 3317 bello
1413 3281 1512 3335 pro
1585 3276 1826 3337 tempore
1893 3282 2023 3321 con-

454 3349 770 3417 gruentibus
825 3350 1195 3408 instruantur.
1228 3356 1345 3410 Hoc
1403 3357 1547 3412 enim
1596 3358 1743 3413 varia
1793 3359 2021 3413 telorum

454 3455 836 3511 armorumque
890 3458 1088 3513 genera
1115 3445 1181 3499 ad
1214 3446 1394 3501 omnia
1434 3447 1572 3503 bella
1605 3448 1839 3519 gerenda
1889 3463 2022 3503 con-

455 3530 799 3602 ﬁciendaque
837 3536 1049 3591 abunde
1075 3537 1527 3594 subministrabit.
1561 3541 1826 3597 Caéterum
1849 3582 1865 3606 ,
1895 3558 2021 3597 cum

454 3628 657 3696 duplex
690 3626 794 3691 sit,
827 3624 1287 3698 quemadmodum
1324 3628 1484 3686 tradit
1519 3631 1813 3702 Gregorius
1843 3632 2023 3687 Theo-

453 3716 610 3790 logus
642 3761 657 3785 ,
689 3718 950 3775 orationis
976 3732 1148 3791 genus
1175 3761 1190 3784 ,
1226 3737 1394 3776 unum
1444 3738 1552 3793 quo
1592 3733 1779 3779 nostra
1835 3724 2023 3780 delen-

455 3810 636 3864 dimus
667 3848 685 3875 ,
740 3808 1009 3873 alterum,
1062 3816 1171 3879 qna
1227 3824 1314 3865 res
1369 3802 1804 3866 adversariorum
1856 3826 2023 3881 appu-

454 3915 683 3971 gnamus
709 3940 726 3967 ,
756 3900 834 3956 sic
864 3899 991 3955 item
1019 3916 1121 3956 nos
1172 3917 1395 3973 agemus
1419 3943 1433 3966 ,
1492 3914 1550 3959 ut
1610 3904 1811 3959 noStris
1871 3904 2022 3974 prius

453 3990 714 4062 expositis
745 4006 808 4047 ac
838 3993 1169 4059 constitutis,
1205 3989 1315 4049 tum
1366 3986 1583 4049 domum
1630 3992 1807 4049 aliena
1859 3992 2021 4063 atque

453 4082 671 4138 hostilia
723 4084 1092 4155 proﬂigemus.
1130 4070 1431 4156 Utrumque
1495 4096 1675 4141 autem
1743 4086 2021 4157 praestabi-

455 4187 576 4226 mus
606 4213 621 4237 ,
654 4181 713 4226 ut
760 4172 961 4226 dictum
996 4173 1079 4226 est
1108 4215 1123 4238 ,
1167 4174 1367 4227 anxilio
1413 4175 1605 4229 muniti
1664 4174 1883 4228 Patrum
1930 4192 2019 4229 sa-

452 4261 957 4333 pientissimorum,
1011 4263 1104 4332 qui
1153 4275 1278 4318 ante
1330 4273 1431 4318 nos
1482 4280 1578 4334 pro
1619 4264 1844 4319 veritate
1894 4263 2018 4319 ﬁdei

452 4349 831 4414 dimicarunt,
892 4349 1203 4420 scriptaque
1263 4368 1400 4418 sua,
1435 4363 1492 4407 ut
1547 4343 1701 4409 ﬁrma
1758 4353 2019 4408 adversus

454 4441 634 4495 varios
673 4439 908 4495 hostium
967 4439 1203 4510 impetus
1244 4442 1492 4511 prazsidia
1527 4485 1543 4510 ,
1583 4455 1636 4500 et
1682 4442 2019 4501 fortitudinis

454 4531 706 4600 exempla
732 4530 889 4585 nobis
917 4530 1257 4589 bzereditaria
1283 4532 1640 4604 reliquerunt.
1668 4536 2022 4606 E'xponentur

455 4631 634 4676 autem
665 4630 877 4676 servato
908 4632 1211 4694 temporum
1238 4627 1428 4680 ordine
1450 4628 1681 4682 aliorum
1712 4629 2019 4698 sententiae,

457 4724 715 4785 tanquam
746 4715 803 4769 in
835 4717 1098 4771 malorum
1131 4720 1493 4788 explicatione
1540 4736 1736 4792 pravas
1783 4713 2022 4779 haereses

455 4800 530 4861 ita
562 4817 915 4863 recensentes
945 4848 960 4875 ,
992 4819 1050 4862 ut
1081 4810 1260 4865 statim
1293 4810 1592 4881 sequantur
1639 4829 1825 4868 earum
1885 4830 2020 4870 con-

457 4898 751 4955 futationes
775 4940 790 4967 ,
822 4910 874 4955 et
897 4900 988 4970 qui
1021 4901 1075 4956 in
1100 4895 1325 4972 singulis
1362 4905 1673 4961 evertendis
1710 4907 1914 4976 optime
1963 4922 2022 4964 se

382 5024 388 5031 ι
456 5000 784 5062 gesserunt,
830 4993 1155 5063 scriptisque
1207 4991 1321 5051 suis
1384 5012 1476 5053 eas
1532 5006 1917 5069 oppugnarunt
1968 5009 2024 5056 et

456 5081 883 5138 transﬁxorum.
946 5076 1299 5155 Antiquiores
1354 5080 1573 5155 quidem
1641 5092 2021 5159 vetustateqde

451 5170 561 5261 jam
618 5175 863 5233 aboletas
918 5184 1077 5247 atque
1116 5191 1469 5250 consumptas
1528 5178 2018 5250 pratermisimus,

456 5266 801 5338 insigniores'
821 5282 950 5322 vero
983 5308 998 5332 ,
1048 5276 1103 5323 et
1154 5283 1384 5339 quarum
1439 5268 1566 5326 licet
1620 5273 1888 5327 exstincta
1950 5273 2023 5327 sit

455 5355 672 5415 ﬂamma
700 5400 715 5427 ,
742 5360 1006 5415 carbones
1030 5370 1206 5415 tamen
1240 5355 1537 5417 Eeclesiam
1560 5364 1762 5419 laedunt
1785 5406 1799 5431 ,
1831 5365 1985 5421 nobis
2004 5404 2021 5432 ,

458 5456 516 5503 ‘ut
552 5452 763 5518 signum
794 5493 808 5517 ,
845 5454 1109 5520 petendas
1148 5453 1466 5523 sagittisque
1518 5454 1866 5524 conligendas
1895 5466 2022 5525 pro-

456 5541 742 5608 pesnilnus
764 5582 779 5596 .
817 5545 894 5598 Ae
919 5544 964 5598 sl
996 5560 1114 5615 quae
1162 5555 1418 5615 praeterea
1459 5562 1524 5599 ex
1570 5547 1636 5601 iis
1668 5547 1894 5601 excissis
1916 5589 1930 5613 ,
1964 5546 2021 5601 ut

457 5633 699 5690 Stolones
732 5637 952 5704 quidam
1005 5640 1214 5706 relicti,
1259 5641 1475 5696 interim
1519 5641 1851 5711 pullularunt
1883 5682 1897 5706 ,
1929 5657 2021 5697 eas

458 5728 676 5801 quoque
742 5726 1074 5799 dejiciendas
1135 5733 1626 5803 opprituendasquc
1685 5732 2015 5791 curavimus.

2198 2893 2391 2958 Ἔσται
2408 2904 2465 2958 δὲ
2495 2907 2562 2975 τῇ
2586 2902 2752 2972 βίϐλῳ
2772 2900 2945 2973 ταύτῃ
2972 2898 3161 2968 κλῆσις
3184 2892 3516 2965 Δογματικὴ
3539 2896 3699 2946 Hora

2127 2995 2332 3059 οπλΙα,
2378 2995 2411 3065 ἢ
2462 2993 2739 3063 ὁπλοθήκη
2802 2991 3109 3061 δογμάτων,
3142 2987 3282 3040 ὥστε
3331 2983 3527 3053 καιροῦ
3559 2999 3697 3035 ποτε

2128 3086 2416 3147 καλοῦντος
2443 3086 2520 3146 είς
2553 3086 2753 3157 μάχην,
2779 3081 3015 3143 καὶτοὺς
3040 3077 3443 3147 πνευματικοὺς
3465 3074 3697 3135 ὁπλίτας

2124 3172 2451 3249 ἐγείροντος,
2473 3177 2839 3232 ἀναπτύσσειν
2861 3174 3085 3244 ταύτην,
3115 3171 3209 3225 καλ⁵
3243 3169 3379 3240 πρὸς
3409 3170 3508 3230 τὰς
3547 3166 3696 3228 ἰδέας

2122 3272 2229 3324 τῶν
2250 3271 2503 3341 πολέμων
2529 3268 2861 3341 φράττεσθαι
2885 3268 2995 3328 τοῖς
3012 3267 3269 3317 ἐναποκει
3277 3260 3453 3330 μένοις
3469 3257 3658 3320 ὅπλοις
3676 3271 3692 3287 ⁸

2125 3350 2381 3428 πολυειδῆ
2438 3360 2544 3432 γὰρ
2578 3359 2775 3421 ταῦτα,
2817 3358 2912 3412 καὶ
2960 3354 3178 3423 δαψιλῆ,
3237 3349 3497 3419 καὶπρὸς
3551 3365 3695 3401 παν·

2123 3455 2264 3506 τοῖον
2294 3452 2528 3521 πόλεμον
2573 3449 2932 3522 ἐξαρκοῦντα.
2990 3444 3180 3500 Διττοῦ
3210 3444 3267 3496 δὲ
3318 3442 3469 3503 ὄντος
3524 3439 3693 3507 λόγου

2125 3544 2351 3610 παντὸς,
2386 3542 2529 3597 κατὰ
2583 3537 2676 3596 τὸν
2728 3541 2993 3608 Θεολόγον
3052 3538 3220 3607 φάναι
3251 3531 3694 3605 Γρηγόριον,τοῦ

2126 3636 2224 3706 μέν
2250 3636 2309 3689 τὺ
2329 3638 2527 3691 οἰκεῖον
2547 3633 3070 3697 κατασκευάζοντος,
3095 3628 3190 3682 τοῦ
3222 3626 3279 3680 δὲ
3300 3625 3360 3679 τὸ
3392 3621 3695 3677 ἀντίπαλον

2122 3726 2545 3796 ἀνατρέποντος,
2575 3725 2670 3778 καὶ
2707 3725 2867 3793 ἡμεῖς
2902 3722 2991 3775 τὸν
3022 3721 3224 3774 οἰκεῖον
3244 3717 3528 3786 ἐκθέμενοι
3559 3713 3697 3784 πρό-

2122 3833 2303 3887 τερον,
2335 3816 2477 3871 οὕτω
2506 3817 2573 3870 τὰ
2607 3816 2716 3869 τῶν
2763 3815 3023 3869 ἐναντίων
3061 3809 3371 3878 ἀνατρέψαι
3421 3804 3693 3876 πειρασόο

2127 3904 2286 3976 μεθα,
2330 3909 2422 3960 καὶ
2456 3906 2744 3976 ἀμφότερα
2771 3896 2825 3957 δέ
2850 3904 2938 3957 διὰ
2964 3902 3072 3955 τῶν
3100 3896 3507 3966 πανσόφων,ὼς
3545 3896 3699 3965 εῐρηε

2124 4014 2213 4051 ται
2238 4036 2252 4061 ,
2283 3996 2544 4067 Πατέρων
2572 3996 2679 4050 τῶν
2708 3994 3174 4065 προκεκμηκότων
3198 3989 3337 4058 ὺπέρ
3365 3986 3459 4040 τοῦ
3492 3987 3692 4053 Λόγου,

2126 4087 2222 4141 καὶ
2253 4086 2506 4157 καθάπερ
2539 4087 2663 4140 τινὰ
2689 4086 2888 4155 κλῆρον
2912 4081 3383 4136 καταλελοιπότων
3408 4079 3544 4149 ἡμῖν
3567 4075 3696 4137 τοὺς

2126 4172 2358 4240 οἰκείους
2388 4179 2602 4244 λόγους,
2625 4178 2719 4232 καὶ
2753 4178 2850 4240 τὰς
2898 4178 2961 4229 ἐκ
2990 4174 3196 4229 τούτων
3230 4173 3365 4243 πρὸς
3390 4173 3488 4234 τὰς
3523 4171 3694 4221 ὑπεν-

2125 4269 2339 4332 αντίους
2368 4268 2618 4333 ποικίλας
2659 4267 3001 4338 συμπλοκὰς,
3035 4267 3130 4321 καὶ
3163 4266 3289 4324 τοὺς
3318 4262 3556 4334 τρόπους
3585 4261 3695 4313 τῶν

2125 4349 2653 4430 ἀνδραγαθημάτων.
2686 4346 3102 4430 Ἐκτεθήσονται
3141 4354 3197 4409 δὲ
3230 4350 3382 4421 τάξει
3422 4353 3530 4409 τινὶ
3555 4351 3695 4408 κατὰ

2050 4466 2097 4525 D
2125 4451 2250 4515 τοὺς
2302 4452 2528 4521 χρόνους
2568 4452 2623 4503 αἱ
2670 4449 2781 4502 τῶν
2836 4449 3012 4504 ἄλλων
3044 4448 3118 4510 ὼς
3151 4447 3208 4501 ἐν
3256 4445 3457 4513 ἐκλογῇ
3506 4440 3693 4496 κακῶν

2129 4530 2466 4608 ἐπιλογείσαι
2492 4540 2787 4611 κακοήθεις
2815 4539 3054 4608 αἱρέσεις
3087 4536 3185 4598 τὰς
3218 4533 3531 4603 ἀνατροπὰς
3560 4532 3691 4582 ἐποο

2135 4624 2301 4705 μένας
2328 4632 2570 4703 ἔχουσαι,
2600 4630 2695 4685 καὶ
2719 4631 2847 4692 τοὺς
2872 4629 2958 4696 ἐφ’
2998 4626 3232 4697 ἑκάστης
3260 4622 3692 4695 ἀριστεύσαντας

2127 4726 2561 4796 κατατρέχοντας
2588 4722 2772 4795 αὐτῶν
2808 4721 2894 4775 διὰ
2927 4719 3034 4772 τῶν
3065 4719 3283 4771 οἰκείων
3312 4713 3690 4787 ὰντιρῤήσεων

2125 4818 2221 4872 καὶ
2268 4815 2909 4879 κατακοντίζοντας.’ῐ’ὰς
2966 4812 3062 4882 μὲν
3092 4804 3188 4865 οὖν
3223 4807 3587 4875 παλαιοτέρας
3614 4801 3690 4863 ὡς

2124 4909 2229 4978 πρὸ
2254 4906 2449 4962 πολλοῦ
2478 4908 2905 4977 σεσηπυίας,κα“ι
2927 4906 3105 4972 πάντη
3129 4900 3526 4970 διαφθαρείσας
3546 4912 3688 4962 παρὸ

2124 4988 2452 5071 εδράμομεν,
2490 4999 2587 5062 τὰς
2640 4998 3046 5068 ἐπισημοτέρας
3104 4984 3161 5047 δὲ
3191 5032 3207 5057 ,
3233 4993 3328 5046 καὶ
3379 4984 3552 5072 ὧν,βί
3596 4984 3689 5039 καὶ

2124 5089 2160 5159 ἡ
2184 5086 2312 5158 φλὸξ
2342 5085 2729 5157 ἀπεμαράνθη,
2756 5081 3209 5153 παραλυποῦντες
3233 5079 3312 5133 ἔτι
3329 5079 3428 5148 τὴν
3465 5073 3687 5141 Ἐκκλη-

2126 5179 2247 5231 σίαν
2267 5179 2317 5232 oi
2347 5178 2643 5247 ἄνθρακες,
2666 5176 2871 5238 ταύτας
2905 5174 3219 5243 ἐστήσαμεν
3253 5170 3491 5248 σκοποὺς
3516 5165 3594 5224 εἰς
3624 5161 3682 5211 τδ

2126 5270 2416 5343 βάλλεσθαι
2464 5270 2556 5325 καὶ
2582 5264 3061 5335 κατατοξεύεσθάι.
3093 5262 3204 5315 Καὶ
3237 5261 3289 5315 εἴ
3315 5277 3459 5322 τινες
3493 5253 3545 5308 δέ
3576 5251 3683 5343 stin!

2126 5339 2330 5433 μεταξὺ
2360 5362 2453 5416 καὶ
2501 5359 2786 5431 προσεχῶν
2819 5355 3220 5425 παρειάθησαν,
3261 5352 3335 5413 ὼς
3381 5339 3681 5440 ἀποσπάδξς

2122 5440 2415 5523 τούτων,ἧ
2451 5449 2806 5521 παραφυάδες
2847 5445 3173 5516 ἀφείθησαν,
3236 5440 3337 5511 τῆς
3395 5443 3680 5488 καταπτω-

2125 5561 2266 5608 σεως
2296 5542 2403 5598 τῶν
2444 5530 2905 5613 προϐεϐλημένων
2937 5537 3129 5607 ἱκανῆς
3184 5532 3275 5586 καὶ
3324 5525 3518 5586 ταύτας
3550 5534 3679 5587 συῬ

2124 5656 2195 5693 κα
2205 5637 2506 5693 ταόάλλειν.
