4094 6286
344 359 415 421 25
1537 364 1909 427 PANOPLIA
1950 352 2411 433 DOGMATICA.
3519 366 3593 435 εδ

415 472 587 525 Πόθεν
616 465 713 526 οὖν
742 471 872 542 ἡμῖν
908 472 1139 540 ἀρκτέον
1172 474 1267 526 τοῦ
1300 476 1660 544 προκειμένου
1685 477 1914 545 συντάγο

2077 478 2279 536 Verum
2311 481 2585 537 undenam
2639 478 2868 552 hujusce
2916 480 3099 552 operis
3125 478 3407 536 exordium
3436 481 3596 536 nobis

348 580 519 636 ματος
569 566 667 617 καὶ
701 561 1151 632 σπουδάσματος;
1188 566 1356 618 πόθεν
1400 567 1702 639 ἄλλοθεν,ἢ
1740 568 1863 622 ὅθεν
1886 570 1916 622 ὁ

349 656 522 727 μέγας
562 657 619 708 ὲν
654 656 902 726 θεολογίᾳ
943 656 1081 725 φησὶ
1118 656 1457 727 Γρηγόριος,
1480 660 1645 730 Τρεῖς
1680 662 1738 714 αί
1772 663 1914 715 ἀνω·

344 747 493 801 τάτω
525 744 693 810 δόξαι,
726 745 902 813 λέγων
935 750 1064 818 περὶ
1086 746 1225 801 Θεοῦ
1245 764 1261 780 ο
1293 748 1548 820 ἀναρχία,
1588 750 1916 821 πολυαρχία,

346 839 441 892 καὶ
502 838 791 907 μοναρχία.
844 839 910 890 Δί
962 839 1061 908 μὲν
1110 838 1206 893 οὖν
1248 840 1342 893 δύο
1399 843 1586 895 παισὶν
1649 842 1919 912 Ἑλλήνων

346 931 705 1000 ὲπαίχθησαν,
733 932 828 985 καὶ
877 933 1298 997 παιζέσθωσαν·
1347 934 1408 988 τό
1448 952 1507 988 τε
1544 935 1653 1005 γὰρ
1683 937 1918 1006 ἄναρχον

344 1024 596 1087 ἄτακτον,
651 1023 714 1074 τό
774 1039 831 1075 τε
887 1024 1195 1094 πολύαρχον
1238 1026 1554 1089 στασιῶδες,
1606 1026 1700 1079 καὶ
1746 1023 1920 1090 οὕτως

345 1114 598 1183 ἄναρχον,
629 1114 724 1166 καὶ
756 1114 929 1177 οὕτως
953 1116 1209 1171 ἄτακτον,
1240 1115 1335 1178 Είς
1367 1118 1566 1171 ταυτὸν
1594 1118 1704 1186 γὰρ
1741 1120 1919 1187 ἀμφόο

244 1234 278 1285 t_
345 1218 472 1273 τερα
495 1203 652 1274 φέρει
684 1206 783 1274 τὴν
810 1205 1058 1271 ἀταξίαν,
1084 1209 1115 1276 ἡ
1144 1207 1201 1261 δὲ
1236 1210 1316 1269 είς
1364 1208 1517 1262 λύσιν
1539 1215 1552 1240 δ
1588 1211 1785 1275 ἀταξία
1809 1212 1918 1281 γὰρ

349 1293 546 1364 μελέτη
606 1294 836 1358 λύσεως.
891 1297 1057 1365 Ἡμῖν
1101 1297 1157 1349 δὲ
1188 1299 1454 1367 μοναρχία
1485 1300 1545 1351 τὸ
1582 1299 1914 1369 τιμώμενονδ

349 1386 619 1454 μοναρχία
672 1385 727 1437 δὲ
762 1386 862 1455 οὐχ
921 1388 988 1455 ἠν
1017 1388 1074 1439 ἓν
1115 1389 1451 1458 περιγράφει
1488 1390 1799 1458 πρόσωπον,
1824 1390 1918 1442 καὶ

343 1471 411 1523 τὰ
442 1470 587 1540 ἑξῆς.
614 1472 814 1526 Λοιπὸν
847 1468 940 1527 οὖν
991 1475 1151 1544 ὀλίγα
1200 1479 1292 1529 κοιλ¹
1330 1478 1747 1549 συντετμημένα
1778 1481 1919 1535 κατά

344 1580 406 1617 τε
430 1563 539 1616 τῶν
568 1564 821 1633 ἀνάρχων
866 1566 960 1617 καλ⁸
989 1566 1166 1620 ἀθέων
1222 1569 1637 1638 Ἐπικουρείων,
1686 1571 1777 1624 καὶ
1811 1571 1919 1625 τῶν

345 1655 524 1709 ἄλλων
550 1656 1002 1727 πολυάρχων,καὶ
1030 1658 1205 1713 ἀθέων
1243 1657 1513 1729 Ἐλλήνων
1530 1660 1917 1729 διεξελθόντες,

2019 572 2326 628 ducendum
2367 580 2496 636 εει,
2540 572 2644 628 nisi
2673 588 2740 627 ex
2775 572 2883 628 illis
2931 572 3116 628 verbis
3170 572 3315 627 unde
3365 588 3594 644 magnus

2019 663 2111 718 ille
2140 666 2194 719 in
2233 664 2503 736 theologia
2557 663 2851 735 Gregorius
2910 666 3209 729 exorditur,
3274 664 3456 730 Tres,
3510 665 3598 718 in-

2018 755 2213 824 quiens
2238 798 2252 823 ,
2288 756 2356 812 de
2386 756 2500 810 Deo
2538 756 2825 810 sententiae
2875 766 3042 822 sunt,
3070 772 3177 811 una
3215 773 3438 819 eorum.
3498 759 3591 828 qui

2019 849 2261 916 nullius;
2321 849 2524 911 altera,
2571 848 2663 918 qni
2699 848 3038 916 multorum;
3087 850 3267 911 tertia,
3305 850 3394 919 qui
3433 849 3594 904 unius

2018 936 2267 993 asserunt
2294 938 2523 1007 imperio
2554 938 2815 992 mundum
2849 938 3165 1007 gubernari.
3232 938 3452 994 Priores
3475 939 3595 993 duae

2018 1031 2258 1101 pueriles
2291 1038 2463 1093 sunt,
2521 1038 2636 1084 eta
2691 1028 2897 1083 Graecis
2954 1030 3221 1082 inventae.
3297 1029 3478 1094 Quare
3534 1037 3596 1083 ut

2019 1124 2255 1194 pueriles
2286 1126 2724 1177 contemnantur.
2752 1119 2885 1175 Nam
2911 1129 2964 1174 et
2986 1120 3128 1189 quod
3152 1120 3384 1189 imperio
3404 1128 3590 1186 caret,

2016 1213 2299 1271 confusum
2333 1222 2458 1268 est:
2496 1224 2552 1269 et
2578 1213 2723 1281 quod
2764 1213 3063 1266 multorum
3098 1213 3305 1283 regitur
3340 1213 3589 1282 imperio,-

2019 1307 2359 1372 seditiosum,
2382 1314 2436 1361 et
2461 1306 2663 1361 idcirco
2698 1306 2859 1360 etiam
2895 1304 3125 1375 imperio
3179 1320 3399 1366 vacans,
3430 1314 3593 1374 atque

2021 1395 2145 1450 ideo
2183 1395 2473 1450 confusum
2501 1434 2513 1449 .
2554 1395 2741 1464 Itaque
2783 1397 2955 1449 ambae
3019 1396 3305 1449 sententia
3338 1395 3393 1447 in
3462 1410 3596 1449 con-

2018 1486 2286 1543 fusionem
2319 1489 2635 1542 incurrnnt.
2673 1486 3063 1542 Conlusionem
3128 1501 3296 1553 porro
3346 1486 3596 1555 sequitur

2018 1577 2230 1631 eversio
2281 1592 2345 1631 ac
2398 1576 2703 1632 dissolutio.
2766 1573 2905 1640 Quid
2935 1573 3080 1628 enim
3122 1574 3267 1628 aliud
3320 1583 3402 1629 est
3449 1589 3596 1629 con—

2020 1666 2202 1721 lusum
2237 1681 2357 1721 esse
2428 1674 2589 1735 atque
2635 1664 2827 1719 ordine
2858 1677 3052 1718 vacare
3080 1703 3095 1728 ,
3134 1662 3241 1717 nisi
3276 1664 3341 1717 ad
3367 1663 3593 1717 exitium

347 1750 443 1800 καὶ
472 1749 570 1817 τὴν
595 1750 845 1803 ἐναντίαν
878 1750 1092 1821 πλάνην
1120 1752 1327 1804 τούτων
1359 1769 1420 1805 τε
1455 1755 1726 1807 κάκείνων
1773 1755 1916 1808 κατά

2021 1757 2434 1827 perniciemque
2450 1755 2832 1811 contendere?
2866 1753 3102 1808 Proinde
3133 1753 3291 1807 nobis
3324 1753 3480 1806 tertia
3504 1752 3593 1804 illa

345 1839 707 1909 παραδρομὴν
759 1840 1105 1908 ὲλέγξαντες,
1134 1845 1229 1895 καὶ
1275 1843 1706 1914 ἀνατρέψαντες,
1741 1846 1916 1911 οὕτως

2020 1822 2291 1904 sententia
2326 1822 2712 1917 comprobatur
2740 1887 2755 1912 ,
2793 1860 2900 1915 qua
2924 1844 3088 1910 unius
3118 1845 3383 1900 asseritur
3422 1844 3597 1913 impea

344 1934 439 1986 ὲπὶ
474 1936 543 1987 τά
574 1935 751 1988 οίκεῐα
784 1936 1129 2006 χωρήσομεν.
1155 1936 1281 1990 Τῶν
1306 1936 1415 2007 γὰρ
1447 1937 1720 2007 Ἑλλήνων
1742 1940 1792 1991 oi
1819 1939 1920 2008 μὲν

2016 1939 2098 1993 rio
2128 1954 2194 1994 ac
2253 1939 2558 2009 principatu
2606 1948 2801 1994 cuncta
2829 1938 2941 2008 regi
2993 1945 3156 2005 atque
3183 1935 3579 1990 administrari.

342 2026 515 2094 ἥλιον,
565 2027 616 2079 οἱ
670 2026 727 2080 δὲ
761 2026 1016 2097 σελήνην,
1035 2030 1084 2081 οἱ
1141 2029 1198 2081 δὲ
1229 2030 1482 2100 ἀστέρων
1515 2030 1739 2099 ¹ιιλῆθος,
1769 2030 1821 2083 οἱ
1860 2031 1918 2084 δὲ

2018 2029 2191 2085 Unius
2248 2038 2431 2085 autem
2486 2029 2855 2099 principatum
2912 2028 3152 2098 intelligo
3189 2067 3207 2093 ,
3265 2043 3375 2083 non
3421 2043 3583 2096 quem

343 2118 576 2187 οὐρανὸν
601 2119 788 2183 αὑτὸν,
814 2120 935 2187 ἅμα
984 2120 1217 2186 τούτοις,
1246 2138 1328 2186 οις
1373 2124 1466 2175 καὶ
1498 2122 1561 2176 τὸ
1600 2124 1709 2176 πᾶν
1760 2124 1917 2190 ἄγειν

2016 2138 2123 2178 una
2154 2136 2385 2192 persona
2452 2120 2886 2185 circumscribit;
2938 2127 2995 2175 et
3040 2134 3160 2188 quae
3208 2119 3467 2189 deinceps
3511 2134 3598 2174 se.

345 2207 612 2262 δεδώκασι
652 2212 795 2265 κατά
823 2212 883 2263 τὸ
906 2212 1059 2264 ποιὸν
1082 2213 1117 2283 ἢ
1133 2214 1193 2265 τὸ
1218 2214 1381 2266 ποσὸν
1412 2214 1511 2283 τῆς
1533 2216 1796 2283 κινήσεως
1815 2229 1829 2244 ·
1865 2217 1916 2267 oi

2016 2221 2291 2284 quuntur.
2327 2212 2617 2280 Reliquum
2661 2220 2747 2265 est
2789 2211 2992 2281 igitur,
3024 2220 3084 2265 ut
3138 2226 3308 2280 pauca
3357 2212 3592 2280 conjun‘a

347 2299 405 2352 δὲ
451 2303 522 2354 τὰ
561 2306 824 2373 στοιχεῖα,
845 2306 967 2373 γῆν,
990 2300 1158 2378 ὕδωρ,
1178 2306 1338 2375 ἀέρα,
1357 2306 1468 2377 πῦρ
1498 2306 1586 2359 διὰ
1632 2307 1693 2360 τὸ
1728 2306 1922 2376 χρειῶο

2019 2313 2215 2373 cteque
2242 2302 2489 2357 dicamus
2539 2310 2652 2356 tum
2682 2310 2869 2356 contra
2888 2303 3085 2372 impios
3112 2302 3406 2371 Epicureos
3439 2340 3455 2364 ,
3487 2304 3579 2371 qui

347 2391 457 2457 δες,
483 2387 560 2448 ὧν
590 2394 715 2448 ἄνευ
745 2395 863 2449 οὐδὲ
896 2400 1159 2467 συστῆναι
1190 2396 1416 2449 δυνατὸν
1440 2395 1533 2448 τὸν
1581 2396 1922 2465 ἀνθρώπινον

2019 2409 2050 2449 a
2081 2394 2232 2449 nullo
2259 2433 2275 2458 ,
2331 2400 2446 2447 tum
2502 2392 2765 2448 adversus
2800 2392 2936 2447 alios
2972 2393 3188 2449 Graecos
3214 2433 3230 2456 ,
3262 2394 3354 2463 qui
3394 2408 3427 2447 a
3455 2393 3596 2447 mul-

349 2482 466 2552 βίον
490 2502 504 2515 ·
532 2486 582 2537 oi
614 2485 671 2538 δὲ
703 2487 730 2539 ὃ
761 2503 813 2539 τι
833 2486 1050 2557 τύχοιεν
1078 2488 1307 2549 ἕκαστος
1332 2486 1442 2538 τῶν
1464 2488 1566 2556 δρα
1597 2486 1705 2538 τῶν
1734 2486 1922 2539 ἐσεϐά-

2024 2485 2094 2540 tis
2130 2483 2401 2539 allirmant
2441 2485 2708 2539 mundum
2758 2485 3049 2554 gubernari
3102 2524 3118 2549 ,
3165 2485 3478 2555 duplicique
3538 2494 3596 2539 et

347 2581 579 2651 σθησαν,
599 2575 674 2634 ὧν
702 2581 888 2651 ἑώρων
906 2584 974 2637 τά
997 2583 1260 2636 κάλλιστα
1282 2582 1437 2644 θεοὺς
1461 2580 1922 2651 προστησάμενοι.

2039 2579 2315 2635 contrario
2355 2579 2588 2634 istorum
2622 2594 2810 2635 errore
2855 2578 3095 2633 breviter
3122 2578 3405 2634 confutato
3433 2588 3598 2648 atque

346 2677 636 2742 convicto,
691 2679 759 2733 ad
785 2688 972 2733 nostra
1038 2678 1597 2747 veniamus.lleliqui
1662 2674 1837 2731 Graeci
1876 2674 2070 2743 partim
2121 2675 2316 2739 solem,
2379 2674 2579 2744 partim
2646 2673 2879 2738 lunam,
2935 2673 3133 2743 partim
3190 2672 3595 2726 multitudinem

346 2767 622 2822 stellarum
652 2805 669 2832 ,
736 2769 986 2825 nonnulli
1073 2774 1183 2824 una
1215 2784 1341 2824 cum
1388 2770 1476 2823 bis
1528 2766 1725 2823 caelum
1756 2768 1933 2837 ipsum
1964 2804 1981 2831 ,
2023 2778 2253 2836 quorum
2290 2765 2551 2836 qualitate
2597 2773 2778 2820 motus
2828 2772 2884 2819 et
2933 2764 3235 2833 quantitate
3276 2777 3436 2833 agere
3486 2770 3601 2816 trs-

343 2859 481 2913 dunt
501 2859 686 2914 orbem
719 2860 1032 2917 universum
1058 2878 1072 2926 ;
1107 2861 1327 2931 quidam
1377 2860 1646 2916 elementa
1667 2899 1682 2922 ,
1714 2868 1933 2919 terram.
1977 2871 2170 2926 aquam
2197 2896 2211 2921 ,
2250 2866 2375 2910 aera
2404 2894 2421 2921 ,
2484 2855 2664 2926 ignem
2712 2861 2933 2924 propter
2962 2853 3254 2907 utilitatem
3282 2891 3297 2918 ,
3324 2866 3449 2905 cum
3478 2850 3601 2904 sine

344 2949 432 3005 bis
462 2950 572 3006 vita
601 2952 834 3006 humana
865 2954 984 3023 degi
1020 2968 1130 3008 non
1191 2953 1397 3023 possit;
1454 2952 1551 3007 alii
1619 2966 1754 3008 vero
1826 2949 2029 3019 aliquid
2095 2962 2288 3004 eorum
2340 2944 2462 3018 quae
2510 2954 2812 3002 cernuntur
2848 2945 3092 3027 venerati
3174 2952 3301 2998 sunt
3329 2984 3361 3026 ,ῃ
3388 2951 3444 2999 et
3481 2957 3603 3012 quae

342 3046 709 3116 pulcherrima
742 3046 956 3101 fuerant
1007 3046 1309 3117 conspicati
1351 3054 1411 3100 ut
1446 3044 1671 3098 numina
1703 3043 2009 3098 coluerunt.

441 3160 581 3235 Περὶ
609 3165 717 3221 τοῦ
760 3165 1109 3233 Ἐπικούρου
1156 3166 1445 3235 ποσαχῶς
1481 3165 1548 3219 τὸ
1597 3163 1842 3234 ἄτομον.

432 3257 757 3327 Ἐπίκουρος
783 3251 843 3310 δὲ
900 3256 1177 3315 ἐκϐάλλων
1209 3256 1305 3309 καὶ
1355 3254 1491 3308 Θεὸν
1528 3254 1628 3309 καὶ
1657 3253 1927 3325 πρόνοιαν,
1962 3247 1968 3251 ⁴

339 3344 404 3402 τὸ
434 3348 745 3417 αὐτόματον
776 3336 988 3415 εἰσῆγε,
1010 3345 1107 3399 καὶ
1135 3345 1235 3409 τὰς
1262 3345 1523 3415 ἀτόμους.
1551 3344 1915 3414 Πολυσήμαν-

338 3454 436 3492 τον
469 3439 527 3491 δὲ
559 3436 620 3491 τὸ
649 3436 875 3506 ἄτομον.
910 3430 1146 3506 Λέγεται
1196 3437 1305 3505 γὰρ
1342 3436 1402 3489 τὸ
1435 3435 1762 3507 δύστμητον,
1786 3435 1859 3498 ὡς
1888 3436 1917 3488 ὁ

339 3520 585 3600 ἀδάμας,
616 3529 712 3582 καὶ
742 3530 803 3581 τὸ
832 3526 1113 3591 παντελῶς
1136 3522 1401 3597 ἄτμητον,
1420 3518 1493 3592 ὦς
1522 3530 1580 3581 τὸ
1602 3526 1915 3598 ἀσώματον,

341 3622 439 3674 καὶ
474 3621 535 3674 τὸ
570 3620 721 3690 παρά
750 3622 862 3683 τοῖς
897 3620 1212 3689 φιλοσόφοις
1247 3619 1475 3691 μερικὸν
1507 3621 1604 3675 καὶ
1639 3619 1764 3673 καθ’
1786 3610 1917 3674 ἕκα-

342 3711 541 3775 στον,δ
570 3711 843 3781 τμηθῆναι
878 3710 976 3779 μὲν
1003 3711 1252 3779 δύναται,
1286 3711 1632 3782 τετμημένον
1678 3708 1735 3764 δὲ
1760 3711 1917 3782 φθεί-

342 3814 527 3875 ρεται,
570 3802 762 3873 ὥσπερ
799 3802 827 3853 ὁ
862 3801 1163 3873 Σωκράτης
1197 3804 1397 3873 τυχόν.
1440 3803 1770 3873 τεμνόμενος
1806 3804 1916 3873 γὰρ

341 3897 424 3957 είς
456 3893 723 3963 κεφαλὴν,
750 3895 844 3946 καὶ
871 3890 1081 3965 χεῖρας,
1144 3894 1239 3945 καὶ
1287 3890 1522 3955 κοιλίαν,
1566 3894 1751 3947 οὐκέτι
1800 3895 1916 3947 ἐστὶ

343 3986 676 4055 Σωκράτης·
729 3985 992 4054 τέταρτον
1050 3984 1253 4053 ἄτομον
1283 3982 1342 4036 τὸ
1370 3984 1459 4037 διὰ
1496 3983 1812 4052 βραχύτητα
1843 3983 1917 4055 μὴ

341 4072 647 4145 δυνάμενον
681 4065 1072 4145 τμηθῆναι,ὧς
1107 4074 1167 4126 τὸ
1209 4074 1438 4149 σημεῖον
1470 4071 1568 4139 μὲν
1601 4070 1749 4141 παρά
1781 4090 1919 4140 γεω-

345 4166 601 4236 μέτραις,
644 4168 677 4236 ἡ
714 4165 880 4236 μονὰς
914 4165 971 4219 δὲ
1022 4164 1177 4234 παρὰ
1230 4162 1635 4235 ἀριθμητικοῖς,
1661 4164 1688 4216 ὁ
1718 4161 1811 4216 νῦν
1860 4162 1919 4216 δὲ

340 4258 538 4329 χρόνος
564 4257 715 4327 παρά
747 4258 1021 4326 φυσικοῖς.
1042 4256 1298 4310 Τοιοῦτόν
1323 4272 1377 4307 τι
1408 4254 1634 4326 ἄτομον,
1652 4256 1748 4309 καὶ
1777 4254 1835 4308 τὸ
1857 4254 1917 4321 ἐξ

341 4346 585 4417 ἡλιακῆς
612 4346 832 4406 ἀκτῖνος
862 4345 921 4396 ὲν
963 4344 1087 4415 ἀέρι
1125 4343 1567 4413 διαφαινόμενον,
1592 4344 1689 4397 καὶ
1714 4338 1826 4397 οἷον
1854 4345 1917 4396 ἐκ

1945 3145 1989 3200 (ἶ
2111 3155 2187 3210 De
2214 3155 2457 3225 Epicuro,
2500 3154 2868 3226 quotupliciter
2914 3162 3120 3207 atOmus
3149 3152 3498 3224 intelligatur.

2086 3245 2156 3300 At
2183 3246 2468 3315 Epicurus,
2501 3243 2612 3299 Deo
2658 3244 3106 3314 providentiaque
3152 3243 3375 3312 reiecta,
3408 3258 3597 3297 casum

2019 3345 2075 3394 et
2095 3346 2303 3392 atomos
2327 3336 2645 3391 introduxit.
2679 3336 2856 3390 Multis
2905 3344 3085 3389 autem
3145 3335 3319 3390 modis
3370 3343 3585 3389 atomus

2016 3428 2358 3500 intelligitur.
2386 3426 2518 3482 Nam
2557 3436 2612 3482 et
2637 3426 2689 3481 id
2722 3427 2988 3498 signiﬁcat
3048 3427 3192 3497 quod
3219 3442 3342 3481 cum
3369 3428 3420 3481 di
3434 3427 3599 3483 nicul-

2018 3529 2128 3575 tate
2156 3518 2329 3574 secari
2366 3525 2562 3588 potest,
2591 3528 2652 3571 ut
2680 3516 2934 3583 adamas;
3001 3523 3057 3570 et
3092 3515 3241 3586 quod
3273 3516 3478 3569 nullam
3512 3530 3601 3570 se~

2018 3613 2253 3668 ctionem
2282 3610 2536 3675 admittit,
2566 3619 2627 3664 ut
2658 3609 2711 3664 id
2736 3608 2879 3679 quod
2908 3612 3061 3663 vacat
3092 3622 3339 3678 corpore,
3370 3616 3422 3662 et
3455 3608 3601 3677 quod

2016 3718 2046 3757 a
2076 3702 2411 3772 philOsophis
2438 3702 2775 3757 individuum
2812 3700 3187 3771 singulareque
3210 3700 3428 3764 dicitur,
3456 3696 3602 3770 quod

2018 3792 2188 3847 secari
2213 3792 2430 3862 quidem
2460 3800 2655 3862 potest,
2684 3800 2890 3847 sectum
2914 3801 3092 3845 tamen
3108 3791 3493 3861 corrumpitur,
3519 3802 3598 3854 ut.

2014 3884 2246 3953 exempli
2285 3884 2477 3954 gratia,
2502 3882 2777 3940 Socrates.
2822 3881 3035 3938 Etenim
3074 3883 3119 3937 si
3171 3891 3389 3938 secetur
3423 3884 3478 3936 in
3511 3897 3605 3936 ca-

2016 3982 2135 4042 put,
2194 3983 2249 4028 et
2299 3989 2514 4039 manus,
2562 3984 2620 4029 et
2669 3982 2939 4039 ventrem,
2998 3982 3053 4028 et
3094 3974 3279 4042 pedes,
3336 3988 3445 4029 non
3495 3973 3602 4027 erit

2018 4066 2249 4134 amplius
2289 4065 2564 4121 Socrates.
2617 4067 2873 4120 Atomum
2921 4066 3157 4135 denique
3211 4067 3404 4121 dicunt
3452 4069 3597 4137 quod

2017 4163 2237 4225 propter
2266 4156 2611 4226 exiguitatem
2635 4156 2800 4211 dividi
2832 4157 3042 4226 nequit,
3074 4167 3136 4211 ut
3161 4168 3425 4227 punctum
3447 4161 3591 4228 apud

2018 4254 2342 4317 geomctras,
2374 4247 2552 4304 unitas
2581 4248 2722 4318 apud
2785 4248 3179 4314 arithmeticos,
3243 4258 3297 4303 et
3354 4266 3602 4307 momen-

2020 4347 2136 4393 tum
2169 4340 2310 4408 aptt'd
2342 4339 2693 4409 philosophos
2753 4340 3050 4396 naturales.
3085 4339 3245 4396 Tales
3267 4344 3429 4397 atomi
3488 4352 3601 4398 tum

344 4438 443 4492 τοῦ
480 4438 712 4507 ἐδάφους
738 4434 1111 4505 ἀνιμώμενον,
1137 4434 1405 4505 ξεσμάτιά
1428 4452 1550 4489 τινα
1569 4434 1720 4488 δοκεί
1741 4434 1917 4490 ταῦτα

2026 4428 2082 4481 in
2106 4443 2231 4483 aere
2262 4430 2394 4485 solis
2421 4430 2583 4486 radiis
2628 4430 2899 4486 illustrato
2935 4442 3216 4501 apparent,
3260 4441 3372 4488 tum
3402 4449 3437 4489 θ
3486 4437 3605 4491 solo

346 4548 445 4585 κον
453 4546 499 4583 ιο
507 4527 685 4598 ρτώδη
701 4528 798 4582 καὶ
811 4525 981 4580 αὐτοῦ
994 4526 1090 4579 τοῦ
1111 4527 1233 4596 χοὸς
1252 4526 1576 4597 λεπτότερα.
1603 4527 1699 4579 Ἐκ
1713 4527 1920 4580 τούτων

345 4623 442 4677 οὖν
480 4622 810 4691 Ἐπίκουρος
843 4619 1204 4674 συνίστασθαι
1235 4621 1412 4675 πάντα
1434 4613 1756 4685 ἔλεγεν,οῆ
1779 4619 1922 4673 κατά

347 4715 614 4770 ἀνάλυσιν
648 4714 759 4767 ἀπὸ
793 4712 905 4765 τῶν
966 4711 1222 4781 μεγεθῶν
1264 4712 1483 4783 χωρῶν,
1508 4711 1600 4766 καὶ
1634 4711 1798 4781 μηδὲν
1829 4711 1925 4765 εὑ-

350 4806 561 4876 ρίσκων
590 4803 964 4873 ἁπλούστερον
1018 4801 1053 4872 ἢ
1087 4801 1440 4869 λεπτότερον.
1464 4803 1724 4871 Λέγονται
1745 4801 1803 4857 δὲ
1828 4802 1925 4855 καὶ

345 4896 647 4967 οὐδετέρως
676 4898 891 4966 ἄτομα,
911 4894 1011 4946 καὶ
1057 4892 1305 4965 θηλυκῶς
1333 4896 1551 4964 ἄτομοι.

344 5008 509 5067 Κατὰ
547 5009 973 5075 Ἐπικουρείων
1002 5007 1111 5062 τοῦ
1129 5007 1395 5075 μεγάλου
1446 5007 1778 5077 Γρηγορίου
1815 5008 1923 5063 τοῦ

494 5079 793 5147 Θεολότου
815 5078 886 5132 ἐκ
915 5078 1022 5132 τοῦ
1057 5079 1192 5146 περὶ
1218 5080 1540 5148 Θεολογίας
1568 5080 1777 5147 λόγου.

414 5169 527 5225 τοῦ
566 5170 665 5239 μὶν
695 5168 806 5237 γάρ
840 5164 983 5223 εἶναι
1018 5169 1173 5234 Θεὸν,
1205 5170 1299 5222 καὶ
1334 5167 1435 5240 τὴν
1497 5170 1716 5223 πάντων
1760 5186 1923 5240 ποιη-

345 5264 510 5333 τικήν
548 5278 608 5314 τε
644 5261 738 5314 καὶ
774 5262 1097 5330 συνεκτικὴν
1136 5260 1343 5325 αἰτίαν,
1370 5263 1464 5314 καὶ
1513 5263 1637 5329 δψις
1665 5261 1922 5316 διδάσκα-

347 5356 461 5421 λος,
496 5358 593 5408 καὶ
627 5356 657 5406 ὁ
690 5352 915 5423 φυσικὸς
971 5355 1161 5422 νόμος,
1218 5354 1250 5421 ἡ
1298 5352 1399 5422 μὲν
1451 5353 1562 5407 τῶν
1627 5355 1922 5424 ὁρωμένων

349 5443 756 5514 προϐάλλουσα,
805 5443 901 5496 καὶ
943 5440 1223 5511 πεπηγόσι
1272 5441 1473 5506 καλῶς,
1517 5442 1610 5496 καὶ
1647 5443 1919 5509 ὁδεύουσι,

348 5535 449 5591 καὶ
477 5533 777 5598 ἀκινήτως,
822 5532 890 5585 ἶν’
918 5532 1089 5595 οὕτως
1114 5532 1274 5597 εἴπω,
1331 5531 1673 5603 κινουμένως
1699 5534 1794 5586 καὶ
1826 5552 1921 5602 gos-

351 5625 622 5695 ρομένως,
653 5626 681 5676 ὁ
714 5622 774 5675 δὲ
805 5621 895 5676 διὰ
928 5621 1039 5673 τῶν
1078 5622 1371 5691 ὁρωμένων
1419 5623 1512 5676 καὶ
1561 5626 1919 5693 τεταγμένων

350 5717 444 5773 τὸν
491 5716 736 5785 ἀρχηγὸν
786 5714 994 5771 τούτων
1036 5713 1505 5788 συλλογιζόμενος.
1539 5717 1661 5781 Πῶς
1704 5718 1813 5789 γὰρ
1849 5718 1916 5773 ἂν

2023 4518 2443 4589 pavimentoque
2464 4520 2746 4576 tolluntur.
2779 4521 2912 4588 Quae
2933 4531 3180 4578 ramenta
3217 4525 3466 4593 quaedam
3493 4536 3604 4580 ter-

2026 4609 2220 4664 restria
2250 4609 2526 4676 videntur,
2566 4610 2685 4681 ipso
2741 4612 2904 4666 etiam
2949 4614 3174 4683 pulvere
3223 4614 3491 4669 tenuiora.
3522 4614 3600 4669 Ex

2024 4700 2110 4758 his
2138 4704 2321 4757 omnia
2342 4705 2593 4774 componi
2623 4714 2678 4760 et
2699 4704 3002 4761 consistere
3042 4703 3276 4760 allirmat
3310 4707 3603 4776 Epicurus.

2024 4806 2147 4846 cum
2180 4807 2277 4863 per
2328 4794 2715 4849 resolutionem
2748 4810 2781 4849 a
2816 4795 3027 4866 magnis
3078 4796 3395 4866 corporibus
3424 4798 3601 4854 disce.

2026 4883 2180 4949 dens,
2220 4883 2355 4940 nihil
2381 4886 2681 4956 simplicius
2708 4886 3083 4957 subtiliusque
3113 4888 3351 4957 reperiat

2088 5013 2291 5069 Castra
2319 5012 2624 5084 Epicureos,
2656 5015 2836 5085 magni
2863 5013 3102 5086 Gregorii
3131 5014 3373 5086 Theologi
3395 5028 3601 5071 more»

2509 5086 2646 5139 tione
2678 5100 2717 5139 ιι
2743 5084 2806 5139 de
2829 5084 3107 5155 tlwolbgia.

2095 5172 2250 5241 Quod
2285 5173 2425 5231 Deus
2455 5174 2546 5240 sit,
2574 5174 2828 5244 quodque
2858 5176 3000 5230 idem
3042 5192 3226 5232 rerum
3262 5176 3334 5233 sit
3357 5176 3601 5232 omnium

2024 5281 2185 5322 causa
2208 5266 2473 5331 ell‘ectrix,
2494 5276 2550 5322 et
2569 5269 2962 5332 conservatrix,
2990 5284 3114 5325 cum
3168 5270 3311 5326 oculi
3365 5285 3465 5324 nos
3503 5269 3601 5322 dos

2022 5370 2150 5415 cent
2174 5358 2296 5429 ipsi,
2333 5366 2448 5413 tum
2481 5359 2565 5414 lex
2608 5361 2888 5415 naturalis.
2925 5359 3103 5426 Oculi,
3171 5364 3299 5418 dum
3357 5361 3476 5415 illos
3531 5361 3601 5417 ad

2022 5464 2110 5504 res
2164 5465 2284 5519 qua:
2343 5450 2597 5517 praeclare
2631 5462 2926 5522 compactae
2971 5464 3099 5508 sunt
3153 5461 3209 5507 et
3228 5451 3418 5506 ordine
3450 5451 3603 5509 inse;

2022 5541 2179 5606 dunt,
2237 5541 2628 5612 immobilique,
2666 5553 2726 5598 ut
2783 5545 2856 5599 ita
2907 5545 3107 5606 dicam,
3159 5544 3369 5599 ratione
3438 5556 3597 5603 motae

2023 5632 2292 5688 feruntur.
2321 5632 2761 5702 contemplandas
2790 5632 3198 5698 convertimus;
3243 5642 3449 5690 naturae
3481 5637 3596 5702 lex.

1989 5804 2009 5810 μ
2022 5723 2152 5781 dum
2164 5738 2226 5781 cx
2244 5722 2361 5795 ipso
2378 5738 2585 5795 rerum,
2607 5737 2744 5795 quas
2771 5720 3047 5784 cernimus
3063 5733 3117 5786 et
3145 5728 3601 5799 contemplemur,
