4060 6278
529 312 601 380 35

1782 307 2163 372 EUTHYMII
2232 307 2590 370 ZlG‘AB’ENI

3711 312 3783 370 36

529 429 736 487 buente
777 423 976 483 divina
1015 433 1224 480 naturae
1251 435 1531 486 ,-rursum
1582 419 1920 487 rogabimus,
1973 435 2139 487 num.

2238 421 2498 490 πολογίᾳ,
2551 419 2782 489 πότερον
2826 417 3057 484 τέλειον,
3103 419 3136 490 ἢ
3181 419 3429 483 ὲλλειπὲς
3481 421 3695 490 ἡγεῖται
3723 422 3784 474 τὸ

531 520 788 575 omnibus
817 518 923 572 illis
957 516 1280 584 rationibus,
1308 528 1429 584 quae
1467 514 1523 568 in
1552 511 1842 569 divinitate
1871 517 2105 566 cernun-

532 622 640 676 tur,
670 610 968 681 perfectum
991 609 1157 674 dicat,
1200 622 1270 660 ne
1311 620 1377 660 ex
1409 604 1720 668 contrariis,
1761 604 2109 674 perfectoque

532 712 590 759 et
617 703 934 772 imperfecto
963 707 1200 756 constet.
1234 698 1353 763 Quo
1392 697 1519 752 item
1547 712 1834 761 concesso,
1867 712 1973 750 non
2005 696 2110 752 erit

527 795 752 851 difﬁcile
802 791 1096 860 adversarii
1159 791 1403 846 animum
1471 788 1698 842 deorum
1760 789 2110 848 multitudine

536 891 854 945 distractum
909 885 1198 946 adducere,
1245 891 1308 936 ut
1361 880 1706 936 divinitatem
1762 895 1925 942 unam
1991 895 2111 942 esse

534 982 788 1036 fateatur.
825 977 955 1034 Nam
987 975 1034 1030 si
1063 973 1361 1044 perfectum
1393 973 1644 1026 omnibus
1676 972 1913 1039 partibus
1940 972 2111 1036 dabit,

538 1175 600 1218 ut
626 1164 681 1216 in
707 1163 772 1215 iis
801 1175 920 1229 qua:
946 1157 1093 1212 nulla
1130 1155 1336 1210 ratione
1361 1153 1764 1222 discrepabunt,
1793 1155 1886 1207 sed
1918 1155 2110 1209 eadem

538 1268 765 1324 prorsus
821 1250 1169 1318 videbuntur,
1222 1255 1314 1299 aut
1360 1245 1638 1313 proprium
1683 1244 1884 1312 aliquid
1927 1260 2116 1299 omen-

538 1347 725 1403 datur,
756 1349 850 1394 aut
884 1339 926 1393 si
959 1337 1162 1408 propnii
1199 1334 1335 1389 nihil
1381 1333 1716 1403 apparuerit,
1767 1332 1971 1388 nullam
2006 1335 2118 1389 ani.

539 1450 663 1491 mus
697 1431 1056 1496 dilIerentiam
1088 1426 1287 1498 poterit
1311 1424 1567 1494 cogitare.
1599 1422 1810 1476 Etenim
1851 1424 1894 1478 si
1930 1439 2028 1477 nec
2055 1439 2116 1477 ea

541 1539 600 1577 re
631 1521 922 1576 discrimen
965 1515 1483 1586 comprehendetur,
1519 1513 1662 1580 quod
1707 1513 1910 1583 maiora
1943 1514 2120 1572 mino.

544 1629 669 1668 rave
705 1613 851 1675 sint,
890 1610 1145 1680 quoniam
1174 1605 1521 1677 perfectionis
1545 1603 1682 1658 ratio
1710 1619 1817 1658 non
1844 1604 2080 1658 admittit
2103 1642 2116 1667 ,

545 1714 606 1759 ut
633 1705 810 1758 min-or
839 1704 947 1758 sit:
996 1715 1096 1755 nec
1147 1698 1290 1769 quod
1347 1696 1619 1752 deteriora
1663 1696 1792 1757 sint,
1851 1704 1942 1748 aut
1985 1711 2123 1765 prae-

2209 510 2354 564 θείον
2373 529 2387 575 ;
2407 509 2514 563 Τοῦ
2541 509 2619 572 δὲ,
2649 510 2788 563 κατὰ
2819 508 2878 561 τὸ
2911 509 3076 573 εἰκὸς,
3100 509 3199 579 τὴν
3230 509 3541 579 τελειότητα
3575 529 3785 582 μαρτυ-

2165 651 2168 654 .
2213 603 2436 674 ροῦντος
2483 605 2553 672 τῇ
2574 602 2694 672 θεία
2729 601 2890 670 φύσει
2935 602 2995 654 τὺ
3036 602 3125 654 διὰ
3176 604 3398 656 πάντων
3445 603 3626 655 αὐτῶν
3679 604 3785 655 τῶν

2210 694 2661 762 ὲνμθεωρουμένων
2689 695 2752 762 τῇ
2783 691 2998 762 θεότητι
3029 693 3235 746 τέλειον
3265 695 3668 764 ἁπαιτήσομεν,
3697 695 3772 757 ὡς

2213 786 2280 840 ἂν
2313 787 2386 855 μὴ
2415 785 2724 853 σύμμικτον
2755 787 2820 837 ὲκ
2846 784 2956 838 τῶν
2983 785 3244 838 ἐναντίων
3271 784 3534 854 θεωροίτο
3555 784 3616 837 τὸ
3643 785 3786 837 θεῖον

2211 880 2270 944 ἐξ
2302 877 2581 939 ensum];
2611 877 2707 930 καὶ
2739 877 2971 931 τελείου.
3009 878 3263 930 Τοιούτου
3287 877 3343 930 δὲ
3387 877 3653 943 δοθέντος,
3689 878 3789 930 οὑκ

2165 1011 2168 1015 .
2213 967 2291 1022 ἔτ’
2323 969 2390 1020 ἂν
2416 969 2502 1038 εἴη
2528 967 2763 1037 χαλεπὸν
2794 967 2855 1018 τὸ
2877 965 3280 1035 ἐσκεδασμένον
3307 967 3404 1034 τῆς
3435 966 3675 1030 διανοίας
3710 969 3819 1029 είς-

539 1071 818 1138 multaque
855 1067 1044 1121 eodem
1079 1074 1238 1134 pacto
1264 1061 1504 1132 perfecta
1544 1062 1705 1120 dicet,
1733 1075 1959 1114 necesse
1989 1061 2112 1128 erit,
2163 1103 2166 1107 .

2218 1060 2426 1128 πλῆθος
2462 1059 2600 1111 θεῶν
2631 1058 2770 1129 πρὸς
2805 1061 2936 1128 μιᾶς
2971 1057 3229 1127 θεότητος
3259 1060 3623 1126 περιαγαγεῖν
3661 1060 3791 1126 ὁμο-

2215 1149 2422 1217 λογίαν.
2459 1150 2518 1202 Εἰ
2558 1150 2664 1219 γὰρ
2707 1149 2770 1201 τὸ
2811 1150 3018 1200 τέλειον
3058 1150 3115 1199 ἐν
3167 1151 3328 1200 παντὶ
3375 1149 3494 1218 θείη
3547 1149 3676 1218 περὶ
3733 1149 3794 1200 τὸ

2219 1240 2577 1308 ὑποκείμενον
2603 1239 3004 1308 ὁμολογεῖσθαι,
3037 1240 3217 1292 πολλὰν
3236 1240 3293 1297 δὲ
3333 1237 3472 1292 εἶναι
3511 1242 3576 1291 τὰ
3605 1240 3788 1291 τέλεια

2217 1331 2304 1384 διὰ
2363 1331 2474 1384 τῶν
2531 1331 2713 1383 αὐτῶν
2759 1330 3276 1399 χαρακτηριζόμενα
3333 1329 3523 1396 λέγοιο
3575 1330 3791 1400 ἀνάγκη

2219 1423 2368 1478 πᾶσα
2403 1425 2496 1475 ἐπὶ
2530 1422 2638 1474 τῶν
2685 1422 2926 1493 μηδεμιᾷ
2975 1421 3300 1492 παραλλαγῇ
3335 1421 3792 1492 διακρινομένων,

2179 1575 2184 1580 ι
2219 1515 2338 1568 ἀλλ’
2380 1517 2438 1568 ἐν
2487 1516 2602 1577 τοῖς
2646 1514 2834 1576 αὐτοῖς
2883 1513 3300 1582 θεωρουμένων,
3341 1513 3375 1581 ἢ
3427 1513 3694 1579 ἐπιδείξαι
3736 1515 3800 1566 τὸ

2223 1605 2374 1668 ίδιον,
2411 1603 2443 1674 ἢ
2469 1605 2519 1654 εί
2543 1603 2710 1673 μηδὲν
2743 1601 3054 1666 ἰδιαζόντως
3085 1601 3499 1672 καταλαμϐάνοι
3529 1605 3561 1672 ή
3595 1604 3797 1667 ἔννοια,

2223 1698 2310 1764 ἐφ’
2346 1690 2421 1751 ὧν
2453 1695 2514 1750 τὸ
2540 1694 2819 1763 διακρίνον
2846 1694 2949 1747 οὐκ
2985 1693 3124 1757 ἔστι,
3157 1693 3233 1764 μὴ
3266 1694 3515 1748 ὑπονοεῖν
3553 1691 3651 1762 τὴν
3679 1691 3802 1746 διάο

544 1798 831 1860 stantiora,
863 1796 989 1863 quia
1022 1792 1276 1846 divinitas
1298 1804 1410 1844 non
1440 1787 1585 1842 cadit
1610 1787 1661 1840 in
1697 1787 1751 1840 id
1797 1786 1944 1854 quod
1969 1786 2123 1840 dete-

2238 1806 2432 1861 κρισιν.
2463 1788 2524 1841 Εί
2551 1788 2660 1858 γὰρ
2695 1787 2832 1857 μήτε
2860 1787 3014 1856 παρὰ
3032 1784 3286 1856 τδοπλόον
3315 1786 3411 1841 καὶ
3445 1784 3668 1836 ἔλαττον
3698 1785 3798 1853 τὴν

437 1880 442 1884 ’
546 1887 660 1939 rius
684 1881 944 1954 appellari
973 1889 1156 1952 potest
1189 1897 1206 1933 :
1257 1893 1358 1933 nec
1400 1878 1544 1948 quod
1594 1875 1899 1944 antiquiora
1932 1889 2126 1929 recen-

549 1981 757 2033 tiorave
796 1976 926 2035 sint,
975 1972 1420 2044 quandoquidem
1473 1969 1525 2024 id
1574 1967 1719 2038 quod
1759 1979 1974 2034 semper
2015 1979 2128 2019 non

548 2079 652 2131 est,
686 2068 753 2122 ab
782 2081 847 2122 eo
883 2066 1027 2139 quod
1066 2077 1273 2118 numen
1306 2079 1372 2116 ac
1400 2061 1570 2116 Deum
1605 2073 1726 2112 esse
1767 2069 1922 2111 mens
1945 2053 2129 2109 concio

551 2167 647 2230 pit,
678 2163 865 2213 abest:
899 2173 1022 2212 eum
1057 2170 1164 2211 una
1203 2153 1500 2221 eademque
1532 2150 1603 2204 sit
1635 2147 1937 2203 divinitatis
1963 2145 2125 2209 ratio,

552 2254 815 2321 nullaque
845 2250 900 2304 in
937 2264 1002 2303 ea
1054 2261 1183 2302 vere
1232 2247 1537 2316 proprietas
1580 2239 1903 2309 reperiatur,
1940 2251 2132 2291 neces-

549 2345 753 2398 sarium
793 2349 910 2405 est,
959 2350 1017 2394 ut
1071 2338 1163 2408 qui
1217 2335 1491 2406 Opinionis
1543 2347 1730 2388 errore
1782 2331 1980 2385 multos
2027 2325 2128 2384 sibi

552 2441 684 2496 deos
715 2435 968 2508 fingebat,
995 2447 1158 2490 unum
1188 2429 1530 2486 divinitatem
1553 2442 1676 2482 esse
1711 2424 1964 2481 fateatur.
1992 2421 2126 2476 Nam

553 2532 601 2588 si
630 2533 854 2595 bonum,
889 2537 943 2582 et
981 2528 1212 2599 justum,
1255 2532 1310 2577 et
1342 2517 1582 2590 sapiens,
1611 2528 1666 2572 et
1709 2525 1927 2585 potens,
1961 2522 2016 2567 et
2046 2512 2130 2564 in-

555 2631 896 2690 corruptnm,
955 2626 1011 2670 et
1062 2625 1349 2674 attentum,
1399 2620 1454 2664 et
1504 2603 1750 2676 reliqua!
1783 2618 1974 2659 omnes
2031 2601 2131 2670 pia:

555 2715 809 2766 notiones
845 2710 916 2762 ita
955 2712 1374 2775 congregemur,
1417 2710 1475 2754 ut
1506 2700 1681 2752 omnis
1715 2696 1941 2749 omnino
1971 2692 2128 2747 tolla-—

560 2815 648 2857 tur
698 2800 1040 2862 dideren'ia,
1101 2797 1184 2848 his
1245 2793 1498 2847 omnibus
1548 2791 1602 2844 in
1658 2801 1767 2842 uno
1830 2785 2130 2852 eodemque

558 2892 852 2958 concidis,
885 2888 1194 2956 necessario
1247 2885 1491 2940 aufertur
1541 2883 1764 2938 deorum
1812 2877 2128 2932 multitudo.

2229 1879 2497 1950 διαφορὰν
2547 1878 2882 1948 ὶξευρίσκοι,
2933 1876 3072 1930 διότι
3115 1877 3214 1946 τὴν
3262 1876 3557 1931 ἐλάττωσιν
3617 1877 3646 1929 6
3701 1876 3805 1942 τῆς

2229 1974 2569 2043 τελειότητος
2597 1972 2659 2026 οὑ
2696 1970 3065 2042 παραδέχεται
3089 1969 3248 2036 λόγος
3278 1969 3416 2036 μήτε
3447 1967 3546 2037 τὴν
3568 1967 3716 2036 παρὰ
3743 1967 3806 2024 τὸ

2232 2069 2436 2138 χεῖρον.
2477 2065 2574 2119 καὶ
2624 2063 3041 2135 προτιμότερον·
3086 2060 3150 2113 ού
3177 2059 3286 2131 γὰρ
3323 2057 3390 2112 ἂν
3431 2057 3512 2112 ἔτι
3555 2057 3811 2128 θεότητος

2233 2155 2502 2227 ὑπόληψιν
2534 2154 2691 2226 σχοίη
2716 2145 2778 2206 οὗ
2809 2155 2841 2223 ἡ
2871 2151 2964 2206 τοῦ
2989 2150 3232 2222 χείρονος
3250 2148 3351 2202 οὐκ
3371 2149 3569 2202 ἁπεστι
3598 2164 3809 2216 προση-

2230 2250 2413 2320 γορία,
2447 2250 2587 2321 μήτε
2611 2247 2752 2302 κατὰ
2779 2247 2841 2300 τὲ
2860 2245 3087 2318 ἀρχαῖον
3111 2244 3208 2298 καὶ
3231 2243 3544 2315 πρόσφατον
3567 2256 3584 2274 ⁸
3607 2240 3668 2295 τὸ
3695 2240 3808 2309 γὰρ

2236 2343 2312 2415 μὴ
2337 2343 2425 2396 ἀεὶ
2469 2341 2530 2395 ὃν
2557 2340 2664 2406 ἔξω
2711 2340 2809 2409 τῆς
2843 2339 2972 2410 περι
2998 2337 3060 2390 τδ
3087 2336 3231 2390 θεῖόν
3260 2335 3408 2389 ἐστιν
3436 2332 3760 2403 ὑπολήψεως
3789 2347 3807 2364 ο

2231 2433 2349 2490 ἀλλ’
2399 2428 2478 2496 εἷς
2507 2431 2600 2484 καὶ
2633 2432 2660 2482 ὁ
2701 2430 2866 2490 αὑτὸς
2911 2430 3012 2496 τῆς
3061 2426 3318 2495 θεότητος
3358 2425 3516 2492 λόγος
3551 2424 3813 2493 οὐδεμιᾶς

2237 2525 2500 2594 ἰδιότητος
2540 2524 2597 2574 ὲν
2634 2521 2810 2576 οὐδενὶ
2839 2520 2982 2574 κατὰ
3012 2519 3072 2571 τὸ
3100 2516 3326 2586 εὔλογον
3364 2517 3762 2586 εὑρισκομένης
3795 2531 3812 2547 ο

2237 2622 2456 2685 ἀνάγκη
2488 2616 2641 2668 πᾶσα
2693 2615 2830 2684 πρὸς
2877 2613 3006 2682 μίαν
3055 2610 3310 2680 θεότητος
3349 2609 3644 2678 ὁμολογίαν
3687 2625 3820 2660 συν-

2236 2710 2486 2778 θλιόῆναι
2512 2707 2611 2774 τὴν
2657 2703 3084 2774 πεπλανημένην
3114 2703 3246 2771 περὶ
3292 2702 3386 2754 τοῦ
3420 2701 3661 2771 πλήθους
3703 2700 3820 2751 τῶν

2217 2802 2376 2856 ,θεῶν
2407 2799 2736 2869 φαντασίαν.
2771 2798 2832 2849 Εἰ
2873 2797 2981 2865 γὰρ
3009 2795 3069 2848 τὸ
3097 2794 3325 2862 ἀγαθὸν,
3370 2795 3465 2847 καὶ
3493 2794 3554 2846 τὸ
3583 2793 3819 2854 δίκαιον,

2237 2898 2297 2950 τό
2345 2913 2406 2950 τε
2437 2893 2622 2962 σοφὸν,
2656 2892 2748 2944 καὶ
2785 2890 2846 2943 τδ
2884 2887 3112 2942 δυνατὸν
3135 2886 3396 2948 ὡσαύτως
3424 2887 3658 2952 λέγοιτο,
3693 2885 3727 2953 ἦ
3756 2900 3821 2938 τε

558 3009 861 3080 ἀρθαρσία,
893 3007 1051 3075 καὶὴ
1085 3004 1347 3076 ἀῖδιότης,
1401 3003 1496 3057 καὶ
1544 3003 1694 3056 πᾶσα
1742 2996 1972 3068 εὐσεϐὴς
2029 2995 2242 3050 διάνοια
2301 2991 2441 3046 κατὰ
2493 2992 2584 3042 τὸν
2640 2987 2800 3043 αὑτὸν
2853 2984 3168 3055 ὁμολογοῖτο
3196 2981 3424 3052 τρόπον,
3458 2981 3640 3048 πάσης
3674 2981 3824 3034 κατὰ

561 3073 740 3158 ’καίτοι
771 3103 932 3170 λόγον
977 3073 1246 3170 διαφορᾶς
1283 3073 1737 3167 τύφαιρουμένης,
1777 3094 2195 3162 συνυφαιρείται
2227 3089 2370 3144 κατὰ
2417 3089 2666 3155 ἀνάγκην
2721 3083 2784 3136 τὸ
2821 3080 2930 3134 τῶν
2969 3079 3110 3133 θεῶν
3159 3075 3367 3145 πλῆθος
3413 3073 3521 3127 ἀπὸ
3569 3075 3660 3127 τοῦ
3691 3075 3823 3144 δόγ-

567 3214 757 3268 ματος,
799 3195 900 3263 τῆς
941 3194 1034 3248 διὰ
1059 3197 1282 3248 πάντων
1321 3192 1653 3261 ταυτότητος
1699 3191 1783 3254 είς
1823 3189 1886 3242 τὸ
1931 3186 1989 3242 ἓν
2029 3186 2129 3258 τὴν
2153 3187 2341 3240 πίστιν
2373 3181 2769 3253 περιαγούσης.

637 3289 833 3343 Verum
859 3288 985 3356 quia
1018 3286 1293 3358 religionis
1321 3287 1522 3339 veritas
1545 3285 1832 3353 quamdam
1879 3296 2137 3352 persona—
2169 3289 2210 3344 C,

566 3395 688 3434 rmn
721 3379 1082 3434 d.li'ert-ntiam
1125 3375 1392 3447 perspicit
1426 3375 1482 3429 in
1533 3375 1741 3432 uiritate
1790 3383 2026 3436 naturae,
2068 3387 2138 3426 ne

567 3472 696 3527 dum
727 3473 942 3525 Graecos
975 3470 1379 3540 impugnamus,
1426 3469 1480 3521 in
1528 3465 1840 3521 .Iudreorum
1873 3463 2142 3517 labamur

566 3575 832 3620 errorem,
868 3573 976 3610 non
1006 3557 1244 3611 alienum
1293 3563 1414 3619 est,
1455 3565 1512 3608 ut
1562 3568 1687 3608 eum
1733 3566 1948 3622 quoque
1975 3550 2148 3604 artiti-

569 3653 715 3706 ciosa
758 3651 986 3719 quadam
1028 3647 1380 3704 distinctione
1426 3645 1773 3700 confutcmus
1819 3655 1866 3697 et
1930 3641 2144 3695 refella-

570 3763 710 3802 mus.
740 3746 852 3800 Nec
885 3745 961 3799 illi
1001 3744 1242 3813 quidem,
1293 3742 1384 3811 qui
1434 3757 1464 3794 a
1513 3750 1697 3795 nostra
1753 3737 2009 3808 religione
2053 3737 2148 3790 ab-

575 3839 819 3901 horrent,
865 3850 1066 3890 numen
1118 3834 1344 3888 rationis
1399 3847 1592 3902 expers
1633 3822 1994 3894 constituunt,
2042 3828 2148 3882 hoc

571 3939 754 3982 autem
812 3927 969 3980 nobis
1031 3939 1354 3979 concessum
1430 3922 1562 3976 satis
1630 3929 1712 3974 est
1765 3921 1831 3976 ad
1891 3920 1944 3973 id
2001 3918 2145 3988 quod

573 4025 824 4079 volumus
853 4010 1336 4092 comprobandum.
1369 4017 1488 4085 Qui:
1505 4015 1654 4070 enim
1683 4015 1854 4070 Deum
1886 4029 1992 4068 ιιο;ι
2025 4027 2147 4067 esse

575 4116 802 4170 rationis
825 4122 1101 4182 expertem
1150 4109 1466 4168 confitetur,
1497 4109 1546 4162 is
1570 4106 1942 4162 eunt.babere
1983 4104 2150 4160 ratio-

576 4221 701 4260 nam
742 4203 1010 4259 concedit.
1045 4201 1206 4267 Atqui
1257 4201 1449 4254 eodem
1496 4197 1718 4251 nomine
1749 4197 1948 4250 dicitur
1978 4196 2144 4248 etiam

579 4301 815 4352 humana
849 4293 1009 4348 ratio.
1051 4292 1232 4357 Quare
1283 4290 1330 4345 si
1391 4290 1513 4359 quis
1559 4289 1624 4342 ad
1669 4287 1895 4342 rationis
1948 4298 2149 4342 nostrae

580 4385 992 4442 simi;itudinem
1029 4382 1124 4438 Dei
1172 4381 1438 4436 rationem
1477 4379 1755 4451 cOgit-abit,
1798 4393 1922 4432 mox
1957 4379 2024 4433 ad
2053 4394 2149 4433 no-

583 4484 786 4536 tionem
839 4475 1216 4531 sublimiorum
1280 4473 1632 4543 perducetur.
1705 4468 1940 4526 Necesse
2002 4471 2148 4527 enim

583 4579 696 4635 est,
749 4576 806 4623 ut
859 4566 1052 4622 eodem
1107 4566 1270 4620 modo
1321 4563 1462 4619 ratio
1516 4578 1614 4619 seu
1655 4563 1830 4618 oratio
1884 4570 2149 4635 congruat

583 4674 812 4722 natura.
844 4677 954 4731 quo
982 4659 1191 4729 reliqua
1224 4657 1353 4713 item
1397 4657 1580 4712 omnia
1619 4656 1972 4712 conveniunt.
2017 4656 2152 4711 Nam

586 4757 708 4811 licet
759 4753 816 4808 in
869 4751 1090 4809 homine
1141 4751 1287 4812 vita,
1340 4758 1396 4804 et
1453 4747 1731 4818 potentia,
1776 4757 1834 4803 et
1890 4747 2154 4816 sap'entia

589 4856 865 4909 cernatur,
915 4860 1023 4898 non
1061 4852 1240 4897 tamen
1293 4842 1363 4897 ob
1410 4840 1693 4895 nominum
1739 4839 2151 4893 similitudinem

588 4936 839 4990 eamdem
879 4934 935 4987 in
970 4932 1080 4986 Deo
1107 4931 1291 4992 vitam,
1327 4940 1421 4984 aut
1450 4930 1770 4998 potentiam,
1807 4936 1903 4982 aut
1940 4929 2156 4997 sapien-

537 5069 544 5079 .
593 5029 724 5082 tiam
753 5026 920 5089 dices,
963 5024 1058 5079 sed
1106 5038 1207 5093 pro
1250 5021 1441 5076 humili
1479 5028 1686 5074 natum
1724 5028 1924 5073 nostra:
1965 5017 2160 5074 condi-

592 5118 745 5172 tione
781 5117 1144 5172 demittentur
1172 5123 1226 5169 et
1253 5114 1695 5168 extenuabuntur
1739 5094 1932 5165 harum
1966 5125 2162 5164 vocum

592 5207 1040 5281 significationes.
1073 5205 1286 5260 Etenim
1317 5206 1577 5274 quoniam
1611 5203 1857 5258 mortalis
1898 5212 1954 5258 et
1993 5202 2167 5256 imbe-

591 5304 719 5360 cilla
751 5311 839 5358 est
863 5310 1055 5354 natura
1103 5307 1310 5366 nostra,
1351 5298 1556 5353 idcirco
1600 5305 1656 5353 et
1705 5298 1814 5354 vita
1849 5297 2030 5352 brevis
2063 5306 2167 5362 est,

595 5405 654 5450 et
678 5393 920 5464 potentia
947 5392 1181 5459 infirma,
1218 5403 1273 5449 et
1303 5393 1442 5447 ratio
1482 5393 1597 5447 sive
1627 5392 1804 5446 oratio
1835 5392 2065 5446 incerta.
2099 5390 2167 5445 At

595 5488 857 5557 quidquid
906 5489 974 5542 de
1026 5502 1294 5557 suprema:
1340 5487 1486 5540 illius
1525 5495 1735 5540 naturae
1798 5482 2166 5554 magnitudine

596 5578 820 5640 dicitur,
852 5579 903 5633 id
949 5594 1204 5650 magnum
1249 5578 1406 5648 eique
1449 5590 1749 5646 congruum
1781 5583 1885 5631 est.
1932 5574 2167 5628 Proinde

599 5684 725 5724 cum
766 5670 858 5725 Dei
887 5672 1049 5734 ratio,
1092 5671 1206 5725 sive
1247 5671 1426 5725 oratio
1474 5669 1767 5723 verbumve
1811 5667 2066 5733 dicimus,
2111 5666 2164 5720 id

600 5772 714 5814 non
749 5758 1101 5829 intelligimus
1131 5761 1257 5828 tale,
1295 5769 1373 5827 ut,
1421 5757 1876 5828 quemadmodum
1919 5759 1970 5812 in
2009 5758 2165 5813 nobis

2331 3278 2471 3334 Ἀλλ’
2505 3276 2810 3342 ὲπειδὲ,περ
2845 3273 2873 3324 6
2903 3271 3004 3339 τῆς
3038 3267 3328 3327 εὐσεϐείας
3356 3263 3516 3336 λόγος
3551 3259 3662 3316 οἷδὲ
3695 3279 3826 3316 τινα

2246 3371 2524 3442 διάκρισιν
2556 3367 2910 3421 ὑποττάσεων
2954 3364 3012 3416 ὲν
3052 3363 3119 3430 τῇ
3171 3359 3382 3427 ὲνὸτητι
3435 3355 3536 3426 τῆς
3580 3357 3829 3417 ’πίστεως

2248 3463 2488 3532 βλέπειν,
2529 3458 2604 3521 ὡς
2630 3457 2696 3510 ἂν
2760 3456 2835 3526 μὴ
2879 3457 2946 3525 τῇ
2993 3452 3128 3522 πρδς
3172 3451 3299 3512 τοὺς
3344 3446 3613 3515 ’Έλληνας
3669 3445 3826 3514 μάχῃ

2250 3554 2388 3624 πρὸς
2416 3555 2508 3606 τὶν
2545 3549 2856 3619 ἱονδαῖσμδν
2887 3548 3021 3616 ἡμῖν
3043 3546 3071 3597 6
3095 3543 3253 3611 λόγος
3285 3537 3630 3607 ὑπενεχθείη,
3659 3536 3829 3589 πάλιν

2249 3646 2521 3715 προσήκει
2557 3640 2812 3709 διαστολῇ
2844 3655 2949 3691 τινι
2981 3635 3204 3705 τεχνικῇ
3246 3633 3339 3684 καὶ
3368 3631 3470 3700 τὴν
3504 3631 3634 3696 περὶ
3665 3627 3832 3680 τοῦτο

2248 3739 2460 3808 πὶῄνην
2509 3729 3035 3802 ἐπανορθώσασθαιο
3077 3725 3199 3779 οὐδὲ
3253 3723 3364 3794 γὰρ
3394 3722 3507 3781 τοῖς
3556 3719 3661 3785 ἔξω
3727 3719 3832 3772 τοῦ

2248 3829 2374 3885 καθ’
2431 3829 2578 3898 ἡμᾶς
2626 3826 2895 3894 δόγματος
2949 3821 3144 3886 ἄλογον
3198 3810 3340 3869 εἶναι
3379 3815 3438 3866 τὸ
3475 3813 3616 3868 θεῖον
3670 3812 3837 3865 ὑπείο

2250 3923 2474 3992 ληπται.
2501 3918 2669 3972 Τοῦτο
2690 3918 2745 3970 δὲ
2769 3915 2898 3986 παρ’
2923 3913 3146 3968 ἐκείνων
3169 3907 3601 3982 ὁμολογούμενον
3623 3903 3832 3966 ἱκανῶς

2250 4013 2580 4084 διαρθρώσει
2623 4013 2715 4066 τὸν
2747 4011 3016 4080 ἡμέτερον
3052 4005 3236 4071 λόγον.
3295 4001 3357 4054 '0
3401 4002 3512 4070 γὰρ
3545 3998 3835 4068 ὁμολογῶν

2255 4110 2332 4178 μὴ
2357 4107 2556 4173 ἄλογον
2584 4101 2725 4157 εἶναι
2749 4100 2849 4154 τὸν
2875 4098 3008 4153 Θεὸν
3028 4096 3248 4157 πάντως
3273 4093 3434 4160 λόγον
3458 4091 3602 4161 ἔχειν
3636 4090 3726 4142 τὸν
3755 4089 3836 4159 μὴ

2251 4202 2447 4266 ἄλογον
2479 4192 2980 4262 συγκαταθήσεται.
3016 4189 3139 4241 Ὀτι
3170 4188 3248 4249 ὡς
3281 4187 3337 4238 αἱ
3367 4183 3834 4250 οὐσίαι-διάφοροι

2251 4292 2349 4344 τοῦ
2376 4306 2437 4344 τε
2473 4287 2610 4341 Θεοῦ
2644 4288 2736 4338 καὶ
2767 4283 2859 4337 τοῦ
2892 4281 3210 4350 ἀνθρώπου,
3244 4276 3499 4346 διάφορός
3531 4276 3648 4327 ἐστι
3669 4276 3767 4326 καὶ
3807 4275 3838 4326 6

2251 4381 2429 4450 λόγος.
2464 4379 2624 4434 Ἀλλά
2647 4376 2754 4446 μὴν
2777 4377 2870 4429 καὶ
2891 4375 2919 4426 6
2935 4371 3276 4442 ἀνθρώπινος
3290 4367 3594 4439 ὁμωνύμως
3615 4365 3836 4434 λέγεται

2251 4474 2444 4543 λόγος·
2494 4467 2694 4526 οὐκοῦν
2752 4468 2800 4519 εί
2847 4466 2999 4534 λέγοι
3035 4460 3160 4516 καθ’
3195 4461 3489 4530 ὁμοιότητα
3541 4455 3638 4510 τοῦ
3687 4458 3828 4529 παρ’

2256 4567 2410 4639 ημῖν,
2441 4562 2658 4617 καὶτὸν
2701 4557 2796 4614 τοῦ
2848 4555 2986 4611 Θεοῦ
3025 4553 3187 4621 λόγον
3233 4549 3501 4616 ὑπονοεῖν,
3547 4547 3698 4602 οὕτω
3739 4565 3838 4618 με-

2259 4662 2589 4732 ταχθήσεται
2614 4652 2751 4723 πρὸς
2779 4651 2877 4722 τὴν
2905 4645 3245 4718 ὑψηλοτέραν
3267 4641 3555 4714 ὑπόληψιν.
3595 4641 3836 4732 Ἀνάγκη

2260 4731 2372 4826 γὰρ
2402 4752 2556 4806 πᾶσα
2585 4743 2926 4814 κατάλληλον
2955 4735 3100 4793 εῖναι
3138 4735 3418 4792 πιστεύειν
3452 4736 3520 4805 τῇ
3550 4731 3711 4802 φύσει
3742 4732 3836 4784 τὸν

2261 4825 2440 4915 λόγον,
2465 4842 2541 4904 ὡς
2576 4841 2672 4894 κα)⁸
2699 4838 2770 4891 τὰ
2795 4835 2934 4894 ἄλλα
2963 4831 3162 4886 πάντα.
3199 4830 3309 4889 Καὶ
3337 4828 3448 4896 γὰρ
3470 4825 3699 4895 δύναμίς
3725 4839 3832 4889 τις,

2264 4939 2360 4994 καὶ
2389 4934 2524 5004 ζωὴ,
2565 4932 2662 4985 καὶ
2709 4927 2874 4997 σοφία
2912 4925 3042 4994 περὶ
3067 4923 3128 4976 τὸ
3170 4918 3513 4991 ἀνθρώπινον
3548 4917 3832 4987 βλέπεται,

2265 5026 2380 5084 ἀλλ’
2409 5027 2508 5080 οὐκ
2530 5023 2595 5077 ἄν
2625 5038 2710 5082 τις
2739 5020 2804 5073 ὲκ
2841 5017 2942 5087 τῆς
2980 5012 3274 5084 ὁμωνύμου
3308 5011 3567 5081 τοιαύτην
3614 5009 3710 5062 καὶ
3741 5006 3837 5060 ἐπὶ

2266 5119 2362 5173 τοῦ
2393 5115 2530 5170 Θεοῦ
2564 5112 2662 5184 τὴν
2690 5110 2857 5179 ζωὴν,
2903 5107 2937 5176 ἢ
2989 5107 3090 5172 τὴν
3117 5103 3350 5170 δύναμιν
3397 5101 3431 5171 ἢ
3485 5103 3602 5178 τὴν,
3641 5098 3834 5167 σοφίαν

2271 5211 2644 5279 ὑπονοήσειεν,
2669 5205 2806 5258 ἀλλὰ
2840 5201 2973 5268 πρὸς
2995 5200 3055 5254 τὸ
3080 5200 3178 5268 τῆς
3205 5197 3418 5264 φύσεως
3441 5196 3538 5263 τῆς
3563 5186 3834 5263 ήμετέρσῑς

2275 5301 2476 5371 μέτρον
2509 5293 2996 5351 συνταπεινοῠνται
3039 5288 3134 5341 καὶ
3179 5289 3242 5341 al
3280 5285 3390 5338 τῶν
3419 5282 3675 5336 τοιούτων
3722 5282 3838 5332 tivo-

2275 5368 2462 5459 μάτων
2499 5389 2786 5459 ἐμφάσεις.
2831 5380 3049 5452 Ἐπειδὴ
3077 5382 3186 5450 γὰρ
3217 5376 3428 5447 φθαρτὴ
3476 5373 3571 5426 καὶ
3606 5368 3836 5438 ἀσθενὴς

2273 5482 2432 5555 ἡμῶν
2469 5484 2500 5551 ἡ
2538 5480 2721 5550 φύσις,
2757 5475 2848 5529 διὰ
2897 5474 3058 5528 τοῦτο
3095 5474 3384 5540 ὠκύμορος
3423 5465 3580 5536 ἡμῶν
3620 5465 3653 5534 ἡ
3701 5460 3834 5555 ζωόν),

2274 5551 2641 5632 ἀνυπόστατος
2670 5573 2702 5639 ἡ
2723 5571 2976 5639 δύναμις,
3009 5567 3228 5636 ἀπαγὴς
3247 5565 3275 5614 ό
3305 5561 3481 5628 λόγος.
3501 5557 3626 5612 Ἐπὶ
3651 5556 3707 5610 δὲ
3735 5551 3835 5616 τῆς

2273 5663 2673 5735 ὑπερκειμένης
2699 5661 2914 5730 φύσεως
2947 5662 3019 5730 τῷ
3051 5655 3318 5729 μεγαλείῳ
3345 5652 3438 5706 τοῦ
3466 5647 3834 5722 θεωρευῴνρυ

2273 5759 2381 5810 πᾶν
2410 5757 2468 5810 τὸ
2511 5757 2636 5826 περὶ
2667 5755 2836 5826 αὐτῆς
2868 5753 3161 5822 λεγόμενον
3195 5749 3598 5816 συνεπαίρεται.
3632 5735 3835 5795 Οὐκοῦν
