4060 6278
306 364 374 423 37
1313 377 1693 440 PANOPLlA
1737 381 1905 443 DOGi

2007 384 2200 445 TICA.
2239 411 2306 427 -
2347 391 2500 455 TIT.
2544 392 2596 456 Ι.
3527 399 3600 462 38

309 477 417 578 κάν
455 476 484 531 ό
519 475 694 578 Λόγος
747 479 890 578 θεοῦ
928 482 1178 555 λέγηται,
1239 488 1339 541 οὐκ
1382 491 1440 545 ὲν
1473 495 1540 564 τῇ
1600 493 1748 565 ὁρμῇ
1800 494 1900 547 τοῦ

2007 497 2088 564 ﬁt,
2121 503 2188 554 ad
2221 501 2495 572 loquentis
2529 507 2794 578 impetum
2845 508 3135 576 consistat,
3169 519 3225 566 et
3263 506 3329 564 ad
3364 508 3597 566 nihilum

308 570 689 640 φθεγγομένου
709 573 810 644 τὴν
836 575 1137 632 ὑπόστασιν
1163 579 1323 661 ἔχειιι
1332 583 1746 653 νομισθήσεται,
1776 587 1898 642 καθ’

307 663 610 732 ὁμοιότητα
629 665 724 717 τοῦ
754 668 1034 744 ἡμετέρου
1061 675 1400 744 μεταχωρῶν
1426 678 1506 739 είς
1526 679 1900 749 ἀνύπαρκτον,

305 749 434 803 ἀλλ’
470 750 653 823 ὥσπερ
703 755 738 822 ἡ
774 755 1028 827 ἡμετέρα
1070 759 1233 828 φύσις
1289 763 1555 834 ὲπῑκηρος
1604 765 1767 832 οὖσα,
1807 769 1904 822 καὶ

309 843 588 914 ἐπίκηρον
631 845 724 898 τὸν
775 847 938 915 λόγον
989 851 1124 923 ἔχει,
1183 854 1356 919 οὕτως
1391 857 1422 927 ὴ
1454 857 1750 930 ἄφθαρτος,
1810 863 1905 915 καὶ

302 932 404 984 ἀεὶ
445 934 654 988 ἑστῶσα
682 937 846 1005 φύσις
877 939 1049 994 ἀΐδιον
1085 942 1197 1012 ἔχει
1221 947 1638 1016 καὶ’ὐφεστῶτα
1688 949 1777 1004 τὸν
1803 953 1905 1005 Λό-

314 1043 440 1092 γον.
473 1029 533 1080 Εἰ
573 1029 628 1082 δὲ
657 1032 818 1084 τοῦτο
849 1035 990 1087 κατὰ
1022 1036 1083 1089 τὺ
1102 1037 1400 1094 ἀκόλουθον
1430 1044 1812 1115 ὁμολογηθείη,
1843 1045 1906 1100 τὸ

310 1119 613 1184 ὑφεστάναι
641 1122 734 1176 τον
762 1125 858 1178 τοῦ
884 1126 1021 1181 Θεοῦ
1055 1129 1228 1197 Λόγον
1253 1133 1462 1194 ἀῖδίως.
1497 1135 1710 1206 ἀνάγκη
1754 1140 1902 1192 πᾶσα

309 1212 368 1263 ἐν
409 1211 521 1288 ζωῇ
566 1215 662 1268 τοῦ
701 1219 876 1287 Λόγου
928 1221 1025 1293 τὴν
1068 1225 1368 1278 ὑπόστασιν
1411 1223 1551 1281 εἶναι
1597 1229 1901 1298 ὁμολογεῖν.

307 1304 386 1357 0-3
412 1306 521 1375 γὰρ
546 1309 671 1362 καθ’
697 1311 991 1383 ὁμοιότητα
1016 1315 1124 1368 τῶν
1150 1316 1318 1370 λίθων
1343 1319 1567 1389 ἀψύχοις
1600 1322 1902 1388 ὑφεστάναι

306 1395 402 1449 τὶν
443 1399 620 1466 Λόγον
660 1402 857 1469 εὐαγὲς
889 1405 1040 1459 ἐστιν
1078 1406 1323 1461 οἴεσθαι·
1359 1409 1476 1463 ἀλλ’
1510 1411 1557 1463 εί
1597 1413 1900 1483 ὑφέστηκε,

309 1491 505 1559 νοερόν
535 1509 590 1544 τι
630 1495 820 1563 χρῆμα
875 1499 970 1551 καὶ
996 1499 1292 1568 ἀσώματον
1330 1501 1414 1564 δν,
1467 1505 1534 1575 ζῇ
1569 1507 1807 1569 πάντως.
1839 1507 1902 1561 El

311 1579 371 1634 δὲ
407 1580 502 1634 τοῦ
547 1582 649 1652 ζῇν
689 1583 1047 1654 κεχώρισται,
1080 1590 1206 1642 οὐδὲ
1241 1592 1300 1644 ἐν
1333 1593 1635 1648 ὑποστάσει
1684 1596 1900 1658 πάντως

310 1673 488 1732 ιστίν,
539 1674 704 1730 ’Λλλά
759 1679 866 1748 μὴν
898 1681 1092 1744 ἀσεϐὲς
1143 1684 1443 1756 ἀπεδείχθη
1497 1687 1589 1740 τὸν
1628 1687 1723 1740 τοῦ
1763 1687 1902 1742 Θεοῦ

317 1766 498 1832 Λόγον
545 1769 922 1825 ἀνυπόστατον
996 1771 1174 1828 εἶναι·
1233 1777 1431 1830 οὐκοῦν
1508 1779 1902 1852 συναπεδείχθη

312 1857 461 1908 κατὰ.
514 1857 579 1911 τὺ
637 1860 935 1916 ἀκόλουθον
974 1865 1036 1917 τὸ
1078 1867 1136 1918 ὲν
1189 1866 1301 1939 ζωῇ
1355 1868 1547 1922 τοῦτον
1582 1870 1904 1942 Θεωρεῖσοαι
1935 1866 1981 1925 Β

309 1948 408 2000 τὸν
448 1950 646 2016 Λόγον.
693 1952 899 2025 ’Δπλῆς
930 1956 988 2010 δὲ
1021 1957 1123 2028 τῆς
1156 1958 1248 2012 τοῦ
1287 1959 1466 2027 Λόγου
1503 1961 1721 2030 φύσεως
1760 1965 1904 2019 κατὰ

310 2040 376 2092 τδ
403 2043 551 2105 είκ>ις
575 2039 715 2098 εἶναι
742 2049 1202 2122 πεπιστευμένης,
1230 2052 1326 2104 καὶ
1353 2053 1475 2105 οὐδὲ
1507 2053 1636 2122 μίαν
1657 2055 1902 2126 διπλόην,

314 2131 412 2184 καὶ
451 2135 703 2189 σύνθεσιν
732 2139 790 2191 ὲν
845 2141 1013 2213 ἑαυτῇ
1045 2143 1424 2215 δεικνυούσης,
1459 2147 1558 2199 οὐκ
1589 2147 1663 2200 ἔτ’
1713 2147 1781 2201 ἄν
1821 2166 1904 2212 τις

312 2227 459 2280 κατὰ
489 2232 783 2297 μετουσίαν
810 2230 954 2305 ζωῆς
983 2238 1074 2288 τὸν
1103 2239 1280 2307 Λόγον
1305 2241 1363 2292 ὲν
1387 2240 1502 2311 ζωῇ
1537 2239 1792 2311 θεωροίη.
1824 2240 1900 2294 Οὐ

313 2320 424 2388 γὰρ
464 2321 621 2384 ἐκτὸς
680 2324 765 2393 εἰη
809 2326 1115 2394 συνθέσεως
1159 2332 1192 2400 ἡ
1229 2329 1454 2403 τοιαύτη
1513 2332 1802 2403 ὑπόληξις,
1843 2333 1905 2386 τὸ

313 2408 506 2476 Enyo-2
527 2413 586 2462 ἐν
609 2413 783 2482 ἑτέρῳ
813 2413 992 2482 λέγειν
1018 2414 1185 2481 εἶναι,
1213 2419 1331 2472 ἀλλ’
1369 2422 1587 2489 ἀνάγκη
1621 2425 1772 2474 πᾶσα
1803 2421 1904 2487 τῆς

315 2499 621 2569 ἁπλότητος
662 2505 1128 2578 ὀμολογουμένης.
1164 2509 1448 2580 αὑτοζωὴν
1487 2507 1627 2565 εἶναι
1661 2511 1753 2564 τὸν
1799 2512 1905 2565 Λόη

315 2608 414 2658 γον
451 2593 680 2660 οἴεσθαι,
702 2598 764 2650 οὐ
797 2597 946 2670 ζωῆς
983 2602 1296 2670 μετουσίαν.
1327 2605 1387 2656 Et
1421 2602 1514 2657 οὖν
1544 2602 1610 2674 ζῇ
1643 2605 1670 2656 ὁ
1709 2604 1901 2671 Λόγος,

312 2687 390 2750 ὡς
459 2689 570 2761 ζωὴ
617 2690 715 2757 ὢν,
768 2697 862 2748 καὶ
911 2700 1307 2766 προαιρετικὴν
1352 2699 1472 2768 ἦτοι
1529 2699 1904 2770 θεληματικὴν

312 2784 536 2845 πάντως
565 2784 794 2855 δύναμιν
834 2786 972 2857 ἔχει.
1007 2789 1176 2841 Οὐδὲν
1232 2789 1340 2860 γάρ
1389 2791 1756 2862 ἀπροαίρετον
1800 2792 1905 2846 τῶν

312 2874 540 2938 ζώντων
569 2879 707 2934 ὲστί.
750 2881 861 2952 Τὴν
889 2881 999 2952 γὰρ
1031 2883 1352 2953 προαίρεσιν
1382 2885 1589 2954 ταύτην
1621 2885 1714 2938 καὶ
1745 2887 1906 2938 δυνα-

307 2968 414 3034 τὴν
442 2964 583 3024 εἷναι
607 2972 748 3024 κατά
770 2973 830 3025 τὸ
852 2974 1146 3028 ἀκόλουθον
1167 2975 1388 3040 εὐσεϐές
1421 2977 1539 3028 ἐστι
1563 2976 1900 3044 λογίζεσθαι.

309 3059 376 3112 Εἰ
421 3063 530 3132 γὰρ
575 3064 650 3134 μή
697 3080 780 3126 τις
811 3065 871 3118 τὸ
921 3065 1148 3119 δυνατὸν
1177 3066 1490 3137 ὁμολογοίη,
1531 3069 1592 3122 τὸ
1639 3069 1903 3123 ἀδύνατον

309 3153 539 3217 πάντως
581 3158 1000 3212 κατασκευάσει.
1069 3159 1233 3212 ’Λλλά
1284 3163 1392 3229 μὴν
1435 3162 1625 3232 πὸῥρω
1682 3160 1898 3224 πάντως

305 3244 411 3313 τῆς
469 3244 600 3317 περὶ
656 3247 719 3298 τὸ
775 3247 916 3300 θεῖον
958 3241 1283 3320 submitso;
1325 3254 1442 3304 ἐστι
1483 3253 1545 3304 τὸ
1608 3252 1892 3307 ἀδύνατον.
1927 3222 1970 3282 C

309 3336 484 3390 Οὐδὲν
517 3337 624 3408 γὰρ
650 3337 757 3390 τῶν
801 3339 1255 3410 ἀπεμφαινόντων
1287 3343 1416 3413 περὶ
1448 3343 1544 3411 τὴν
1576 3343 1727 3397 Θείαν
1760 3345 1899 3398 θεω-

311 3431 493 3498 ρεῖται
531 3430 717 3498 φύσιν.
766 3432 1003 3502 ’Λνάγκη
1030 3434 1085 3486 δὲ
1129 3436 1279 3489 πᾶσα
1306 3436 1578 3507 τοσαύτην
1600 3433 1741 3490 εἶναι
1773 3440 1902 3507 όμο-

312 3527 500 3590 λογεῖν
565 3525 661 3576 τοῦ
720 3526 894 3594 Λόγου
948 3528 1046 3594 τὴν
1085 3528 1339 3600 δύναμιν,
1379 3528 1480 3599 δση
1536 3531 1653 3582 ἐστὶ
1726 3532 1818 3583 καὶ
1869 3531 1900 3600 ὴ

312 3618 602 3687 πρόθεσις,
644 3619 733 3671 ἵνα
773 3619 848 3690 μή
889 3637 974 3682 τις
1012 3621 1161 3689 μίξις
1200 3621 1309 3674 τῶν
1339 3623 1604 3676 ἐναντίων
1642 3622 1738 3675 καὶ⁸
1769 3639 1896 3674 συν-

311 3709 494 3779 δρομὴ
529 3709 660 3779 περὶ
688 3713 750 3761 τὸ
783 3710 992 3763 ἁπλοῦν
1021 3711 1299 3780 θεωροῖτο.
1350 3713 1677 3783 ’Λδυναμίας
1712 3713 1768 3765 δὲ
1807 3713 1902 3764 καὶ

313 3802 603 3871 δυνάμεως
641 3806 700 3856 ἐν
722 3805 787 3873 τῇ
828 3803 965 3873 αὐτῇ
1001 3804 1255 3874 προθέσει
1287 3803 1701 3874 θεωρουμένων,
1742 3806 1902 3876 εἴπερ

313 3894 378 3946 τὸ
424 3895 526 3960 μὲν
565 3893 808 3960 δύναται,
839 3897 978 3966 πρὸς
1012 3897 1068 3948 δέ
1095 3914 1146 3949 τι
1192 3897 1474 3958 ἀδυνάτως
1527 3896 1664 3966 ἔχει,
1722 3896 1901 3950 πάντα

315 3985 374 4037 δὲ
400 3985 713 4056 δυναμένην
736 3987 835 4058 τὴν
873 3988 967 4040 τοῦ
993 3988 1170 4056 Λόγου
1202 3989 1545 4058 προαίρεσιν,
1581 3990 1716 4058 πρὸς
1749 3989 1902 4041 οὐδὲν

313 4081 430 4133 τῶν
480 4079 667 4134 κακῶν
713 4081 812 4148 τὴν
859 4081 1033 4153 ῥοπὴν
1087 4081 1272 4151 ἔχειν’
1316 4081 1578 4153 ἀλλοτρία
1641 4083 1749 4150 γὰρ
1799 4081 1902 4148 τῆς

315 4169 473 4231 Θείας
502 4170 717 4238 φύσεως
745 4173 778 4244 ἡ
817 4171 954 4240 πρὸς
981 4175 1182 4226 κακίαν
1233 4174 1375 4245 ὁρμή
1406 4187 1420 4201 ’
1471 4172 1610 4226 ἀλλά
1651 4173 1759 4228 πᾶν
1798 4172 1825 4224 ὅ
1851 4187 1902 4224 τι

316 4279 428 4332 περ
462 4263 610 4314 ἐστὶν
640 4263 865 4331 ἀγαθον,
897 4265 1056 4316 τοῦτο
1086 4265 1182 4319 καὶ
1206 4264 1524 4334 βούλεσθαι·
1568 4264 1900 4335 βουλομένην

314 4354 396 4417 δὲ,
441 4355 536 4406 καὶ
573 4353 871 4408 δύνασθαι·
913 4356 1225 4427 δυναμένην
1277 4357 1358 4419 δὲ,
1403 4357 1478 4426 μὴ
1533 4356 1899 4426 ἀνενέργητον

318 4443 486 4507 εἶναι,
524 4445 663 4497 ἀλλὰ
709 4447 889 4500 πᾶσαν
923 4448 1128 4516 ἀγαθοῦ
1170 4449 1429 4517 πρόθεσιν
1477 4449 1556 4509 είς
1611 4447 1901 4516 ἐνέργειαν

2009 593 2216 658 tendat,
2269 597 2366 651 sed
2416 609 2474 653 ut
2520 609 2716 654 natura
2757 611 2962 666 nostra,
3019 619 3144 657 cum
3198 601 3271 659 sit
3322 603 3598 666 mortalis,

2008 687 2238 743 mortale
2306 706 2524 761 quoque
2580 693 2808 747 verbum
2868 694 3076 758 habet,
3141 695 3222 750 sic
3271 695 3600 751 immortalis

2007 793 2332 849 semperque
2384 783 2696 838 consistens
2743 794 2935 838 natura
2971 783 3208 840 Verbum
3268 787 3436 842 habet
3489 788 3598 842 im-

2008 871 2234 926 mortale
2290 887 2352 926 ae
2416 874 2832 941 sempiternum.
2885 871 3003 927 Jam
3041 873 3083 927 si
3132 889 3200 928 ex
3249 874 3334 929 bis
3377 874 3602 930 contici-

2009 973 2100 1018 tur
2157 964 2247 1019 Dei
2282 963 2517 1019 Verbum
2551 981 2769 1036 semper
2804 973 3056 1020 constare
3079 1006 3092 1028 ,
3124 979 3354 1021 necesse
3401 975 3502 1030 est,
3537 965 3603 1019 il-

2006 1058 2097 1112 lud
2139 1059 2190 1112 in
2229 1060 2334 1114 vita
2369 1061 2668 1115 consistere
2701 1060 2973 1115 conﬁteri.
3018 1059 3203 1130 Neque
3258 1061 3405 1116 enim
3463 1076 3600 1116 con-

2006 1161 2326 1205 sentaneum
2377 1160 2480 1216 est,
2538 1152 2712 1222 ipsum
2772 1151 3010 1220 lapidum
3065 1151 3238 1206 instar
3296 1151 3600 1206 inanimum

2006 1242 2282 1296 arbitrari.
2318 1241 2425 1296 Sed
2468 1243 2512 1298 si
2548 1251 2652 1309 est,
2699 1258 2824 1298 cum
2879 1241 3188 1312 intelligens
3219 1242 3291 1296 sit
3328 1251 3382 1296 et
3415 1243 3602 1296 incor-

2007 1351 2255 1405 poreum,
2292 1335 2424 1391 vivit
2471 1337 2716 1390 omnino.
2755 1334 2886 1389 Nam
2922 1335 2965 1388 si
2999 1334 3143 1388 absit
3174 1350 3202 1386 a
3236 1334 3368 1398 vita,
3423 1335 3605 1386 neuti-

2007 1443 2166 1496 quam
2201 1429 2472 1480 consistit.
2508 1428 2574 1482 At
2619 1428 2801 1483 dicere
2850 1426 2943 1479 Dei
2976 1425 3208 1479 Verbum
3243 1440 3353 1476 non
3413 1424 3594 1478 consi-

2009 1527 2180 1584 stere,
2212 1521 2442 1589 impium
2495 1528 2600 1586 est,
2635 1529 2694 1575 ut
2727 1517 3145 1584 declaravimus,
3178 1532 3244 1572 ex
3272 1531 3379 1586 quo
3418 1516 3603 1583 sequi-

2009 1619 2118 1672 tur,
2153 1621 2209 1666 ut
2241 1612 2344 1666 hoc
2376 1611 2611 1667 Verbum
2654 1611 2706 1663 in
2741 1611 2849 1664 vita
2897 1619 3198 1678 spectetur.
3234 1606 3366 1678 Ejus
3413 1619 3597 1661 autem

2006 1712 2200 1756 natura
2238 1718 2362 1756 cum
2407 1703 2634 1772 simplex
2663 1703 2752 1765 sit,
2789 1717 2890 1756 nec
2923 1702 3301 1770 duplicétatcm
3333 1707 3425 1753 aut
3449 1714 3598 1754 com-

2009 1796 2334 1866 pusitionem
2367 1797 2529 1849 ullam
2564 1797 2835 1853 admittat.
2875 1810 3038 1849 nemo
3101 1793 3232 1846 illud
3276 1793 3354 1846 sic
3392 1792 3444 1844 iu
3491 1791 3600 1845 vita
3688 1808 3692 1810 ·

2010 1903 2129 1942 esse
2179 1889 2478 1959 cogitat-it.
2532 1889 2686 1958 quasi
2732 1897 2944 1942 natura:
2995 1886 3065 1939 sit
3120 1885 3411 1956 particeps.
3467 1881 3598 1936 Na-n

2008 1979 2277 2048 ejusmodi
2336 1980 2593 2049 cogitatio
2638 1993 2669 2032 a
2728 1974 3130 2046 compositione
3185 1991 3292 2028 non
3345 1972 3596 2032 abesset.

2008 2071 2213 2142 quippe
2243 2086 2363 2141 qum
2394 2088 2504 2126 rem
2537 2087 2701 2124 unam
2736 2069 2790 2122 in
2835 2068 2938 2122 alia
2987 2067 3369 2122 constitueret.
3409 2063 3598 2132 Itaque

2008 2161 2172 2217 Verbi
2206 2163 2555 2232 simplicitate
2595 2177 2862 2217 concessa
2911 2175 3137 2214 necesse
3173 2166 3280 2221 est,
3316 2156 3448 2210 illud
3488 2170 3596 2207 non

2008 2253 2132 2306 vita:
2182 2254 2475 2321 particeps,
2529 2252 2624 2306 sed
2669 2249 2845 2322 ipsam
2904 2265 3027 2304 esse
3095 2249 3261 2302 vitam
3326 2243 3600 2301 confiteri.

2007 2345 2162 2410 Quod
2193 2343 2237 2396 si
2275 2344 2405 2397 vivit
2460 2343 2718 2407 Verbum,
2772 2351 2936 2410 atque
2991 2340 3128 2393 adeo
3175 2347 3260 2392 est
3305 2337 3419 2407 ipsa
3468 2337 3598 2397 vita,

2007 2437 2266 2492 nimirum
2319 2443 2375 2489 et
2423 2432 2708 2503 propositi,
2748 2449 2809 2486 ac
2845 2431 3139 2486 voluntatis
3177 2429 3340 2483 habet
3369 2427 3598 2481 faculta-

2014 2539 2143 2583 tem.
2175 2527 2320 2581 Nihil
2350 2526 2494 2580 enim
2529 2525 2583 2579 in
2614 2539 2804 2578 eorum
2833 2538 2952 2593 quae
2997 2524 3189 2576 vivunt
3219 2531 3302 2574 est
3349 2534 3598 2583 numero,

2006 2617 2149 2688 quod
2197 2619 2299 2672 bac
2344 2626 2528 2671 careat
2571 2614 2846 2670 facultate.
2895 2613 3328 2668 Existimandum
3369 2621 3456 2666 est
3503 2627 3602 2663 au-

2008 2723 2113 2767 tetn
2147 2709 2488 2781 propositum
2522 2723 2586 2763 ac
2624 2707 2958 2762 voluntatem
3001 2707 3119 2776 ejus
3167 2705 3280 2758 fieri
3326 2719 3506 2773 posse.
3539 2701 3598 2756 Si

2006 2801 2131 2869 quis
2163 2800 2306 2853 enim
2343 2798 2397 2853 id
2445 2799 2588 2868 quod
2614 2797 2730 2852 ﬁeri
2777 2805 2974 2865 potest,
3010 2811 3117 2849 non
3151 2794 3512 2853 concesserit,
3544 2793 3598 2845 id

2005 2893 2288 2963 qttodlleri
2323 2893 2533 2962 nequit,
2583 2907 2865 2961 nunquam
2917 2889 3180 2944 inveniet.
3232 2889 3300 2940 At
3355 2903 3479 2940 cum
3527 2887 3598 2938 de

2005 2983 2118 3038 Deo
2149 2984 2476 3054 cogitamus,
2508 2983 2656 3053 quod
2689 2983 2800 3037 lieri
2827 2997 2934 3035 non
2969 2989 3151 3051 potest
3173 2977 3366 3048 procul
3398 2977 3466 3029 ab
3503 2976 3598 3030 illo

2006 3089 2396 3140 removentus;
2441 3061 2578 3127 nihil
2606 3074 2752 3128 enim
2797 3073 3222 3126 dissentaneum
3251 3071 3304 3122 in
3337 3078 3592 3122 naturam

2006 3168 2247 3223 divinam
2305 3165 2468 3221 cadit.
2515 3164 2687 3218 Porro
2741 3173 2950 3218 tantam
3018 3174 3248 3215 necesse
3299 3168 3384 3212 est
3433 3157 3596 3210 Verbi

2008 3270 2327 3330 potestatem
2373 3259 2638 3323 confiteri,
2688 3265 2954 3326 quantum
2989 3256 3110 3323 ejus
3153 3262 3238 3308 est
3261 3251 3598 3321 propositum

2007 3351 2322 3414 voluntatis,
2355 3366 2426 3404 ne
2468 3364 2575 3420 qua
2631 3347 3034 3404 contrariorum
3090 3344 3376 3415 perrnistio
3431 3343 3485 3396 in
3533 3358 3600 3420 eo

2005 3445 2152 3514 quod
2198 3443 2428 3511 simplex
2477 3415 2561 3496 est
2593 3444 2920 3510 reperiatur,
2966 3438 3132 3506 idque
3171 3437 3318 3504 quod
3355 3436 3469 3488 tieri
3507 3415 3584 3487 ne

2007 3537 2150 3604 quit,
2186 3543 2240 3587 et
2269 3532 2413 3602 quod
2451 3531 2564 3585 fieri
2599 3538 2776 3602 potest
2809 3530 2862 3582 in
2893 3530 3084 3584 eodem
3123 3528 3402 3598 proposito
3435 3541 3602 3594 appa-

2006 3635 2198 3690 reant,
2258 3626 2526 3695 siquidem
2574 3623 2717 3678 aliud
2763 3622 2979 3676 efﬁcere
3039 3620 3218 3682 valet,
3280 3619 3426 3672 aliud
3483 3632 3593 3670 non

2005 3721 2167 3774 Valet.
2193 3718 2461 3772 Caeterum
2496 3733 2618 3770 cum
2648 3715 2830 3769 omnia
2879 3713 3040 3768 Verbi
3082 3711 3366 3781 proposito
3411 3709 3601 3778 perlici

2005 3813 2244 3883 possint,
2275 3810 2341 3864 ad
2378 3809 2515 3862 nihil
2551 3819 2731 3861 tamen
2783 3807 2930 3875 quod
2982 3805 3189 3859 malum
3225 3804 3314 3866 sit,
3357 3801 3598 3856 cilicii-n-

2005 3903 2134 3956 dum
2164 3909 2434 3955 movetur.
2487 3899 2625 3952 Nam
2681 3897 2880 3950 divina:
2922 3905 3131 3948 natura)
3176 3903 3358 3947 motus
3390 3907 3418 3944 a
3455 3892 3598 3944 malo

2005 3992 2217 4045 alienus
2247 4002 2349 4046 est.
2393 3989 2671 4058 Quidquid
2708 3999 2888 4041 autem
2936 3987 3140 4040 bonum
3196 3993 3302 4045 est.
3346 3983 3397 4036 id
3431 3983 3598 4040 etiam

2004 4080 2157 4145 vult;
2191 4078 2335 4147 quod
2367 4089 2548 4131 autem
2587 4076 2718 4138 vult,
2749 4084 2806 4129 et
2845 4074 3006 4144 plane
3045 4079 3244 4142 potest.
3275 4071 3431 4137 Quod
3470 4087 3600 4126 vero

2006 4182 2219 4244 potest,
2266 4171 2527 4226 infectum
2568 4183 2676 4224 non
2725 4169 2893 4232 sinit,
2937 4167 3030 4221 sed
3062 4182 3404 4236 quaecunque
3453 4166 3594 4219 bona

2005 4267 2108 4322 sibi
2140 4266 2418 4336 proponit,
2476 4279 2538 4319 ea
2591 4263 2828 4334 perlicit.
2882 4260 3120 4316 Mundus
3154 4271 3337 4315 autem
3373 4259 3596 4313 mundi-

2003 4376 2111 4430 que
2159 4368 2342 4429 partes
2391 4372 2621 4420 omnes,
2673 4371 2793 4426 quae
2851 4356 3134 4424 sapienter
3187 4353 3597 4422 artiﬁcioscque

2005 4451 2160 4506 facta:
2199 4457 2519 4509 cernuntur,
2561 4456 2689 4502 sunt
2736 4448 2912 4501 boum.
2955 4446 3148 4516 Itaque
3196 4443 3430 4498 viventis
3471 4442 3596 4512 qui-

321 4539 501 4606 ἄγειν.
555 4538 782 4606 ’Λγαθδν
807 4540 863 4592 δὲ
902 4541 926 4591 ό
964 4538 1188 4609 κόσμος,
1217 4541 1312 4592 καὶ
1340 4540 1408 4590 τά
1454 4541 1510 4591 ἐν
1540 4537 1690 4606 αὐτῷ
1721 4538 1900 4592 πάντα

2007 4544 2126 4598 dem
2154 4558 2217 4599 ac
2251 4541 2599 4596 subsistentis
2625 4539 2784 4594 Verbi
2827 4553 2956 4593 sunt
2984 4553 3174 4605 opera,
3204 4535 3460 4604 quoniam
3500 4534 3594 4589 Dei

327 4631 508 4698 σοφῶς
539 4647 598 4683 τε
625 4632 719 4682 καὶ
741 4631 1002 4700 τεχνικῶς
1026 4630 1404 4702 θεωρούμενα.
1439 4631 1581 4700 Ἀρι
1604 4629 1698 4683 τοῦ
1725 4631 1901 4699 Λόγου

325 4723 469 4793 ἔργα
520 4723 588 4776 τὰ
625 4724 820 4788 πάντα,
859 4722 951 4779 τοῦ
987 4723 1191 4788 ζῶντος
1252 4723 1372 4793 μὲν,
1416 4723 1510 4776 καὶ
1563 4722 1902 4790 ὑοεστῶτος,

321 4819 407 4869 ὅτι
447 4817 585 4869 θεοῦ
623 4818 794 4885 Λόγος
830 4819 965 4880 ἐστὶ,
1004 4815 1442 4887 προαιρουμένου
1474 4815 1550 4877 δὲ,
1570 4815 1651 4868 ὅτι
1687 4813 1777 4885 ζῇ,
1815 4815 1908 4866 δυ-

321 4910 564 4980 ναμένου
591 4910 648 4963 δὲ
687 4913 794 4963 πᾶν
822 4913 850 4965 ὃ
887 4929 939 4964 τι
969 4927 1077 4981 περ
1107 4911 1172 4963 ἂν
1215 4909 1407 4980 ἕλη-ται
1431 4924 1444 4938 ο
1481 4909 1812 4980 αἱρουμένου
1849 4907 1906 4960 δὲ

323 5003 386 5056 τὸ
410 5006 616 5073 ἀγαθόν
647 5022 726 5067 τε,
756 5006 848 5058 καὶ
879 5007 1042 5074 σοφὸν
1074 5003 1315 5066 πάντως,
1347 5002 1438 5055 καὶ
1459 5001 1578 5055 εἴτι
1601 5003 1700 5068 τῆς
1724 5000 1909 5072 κρείτ-

320 5114 483 5161 τονος
511 5096 788 5167 σημασίας
817 5097 985 5153 ἐστίν.
1029 5097 1184 5151 Ἐπεὶ
1207 5093 1299 5151 οὖν
1329 5095 1536 5164 ἀγαθόν
1567 5113 1620 5149 τι
1651 5097 1679 5148 ό
1705 5095 1908 5162 κόσμος

321 5191 702 5263 ὡμολόγηται,
750 5190 1044 5263 ἀπεδείχθη
1087 5191 1144 5246 δὲ
1179 5191 1270 5246 διὰ
1303 5190 1424 5242 τῶν
1461 5189 1774 5260 εἰρημένων
1812 5187 1906 5240 τοῦ

324 5286 510 5353 Λόγου
542 5283 705 5354 ἔργον
742 5282 832 5336 τὸν
884 5284 1092 5353 κόσμον
1122 5278 1286 5347 εἶναι,
1321 5280 1415 5336 τοῦ
1445 5284 1507 5334 τὸ
1558 5282 1770 5347 ἀγαθὸν
1811 5279 1907 5334 καὶ

323 5375 687 5446 αἱρουμένου,
711 5374 804 5427 καὶ
827 5374 1148 5444 δυναμένου,
1178 5375 1286 5444 ἀρα
1303 5376 1331 5427 ὁ
1362 5373 1534 5444 Λόγος
1553 5369 1706 5438 οὗτος
1724 5371 1909 5443 ἕτερός

320 5467 444 5520 ἔστι
477 5465 632 5534 παρά
665 5467 757 5517 τὸν
785 5459 848 5519 οὗ
877 5467 992 5519 ἔστι
1019 5466 1214 5535 Λόγος.
1249 5466 1463 5538 Τρόπον
1493 5467 1604 5538 γάρ
1647 5482 1770 5520 τινα
1800 5464 1908 5518 τῶν

325 5561 470 5628 πρός
499 5575 554 5610 τι
579 5557 889 5629 λεγομένων
915 5559 1010 5612 καὶ
1034 5551 1192 5620 οὗτός
1218 5559 1388 5622 ἐστιν,
1420 5557 1607 5624 ἐπειδὴ
1639 5558 1746 5628 χρὴ
1777 5557 1913 5611 πάν-

321 5669 437 5712 τως
473 5651 552 5720 τῷ
595 5651 754 5720 Λόγῳ
784 5651 883 5704 καὶ
915 5651 1010 5704 τὸν
1057 5650 1278 5718 Πατέρα
1323 5648 1419 5704 τοῦ
1455 5651 1634 5718 Λόγου
1670 5665 1913 5703 συνυπα-

320 5744 609 5800 κούεσθαι.
645 5747 718 5799 οὐ
746 5746 857 5816 γὰρ
886 5745 953 5799 ἂν
983 5744 1071 5812 εἴη
1102 5745 1299 5813 Λόγος,
1327 5745 1402 5814 μή
1433 5761 1580 5808 τινος
1603 5743 1678 5798 ὣν
1712 5743 1905 5813 Λόγος.

329 5843 397 5894 Et
431 5835 526 5896 οὖν
564 5839 858 5910 διακρίνειε
888 5838 965 5909 τῷ
1008 5837 1242 5910 σχετικῴ
1276 5840 1372 5911 τῆς
1408 5838 1687 5911 σημασίας
1735 5839 1768 5908 ἠ
1802 5837 1910 5891 τῶν

2011 4635 2248 4689 Verbum
2272 4643 2356 4688 est
2381 4651 2395 4696 ;
2423 4633 2651 4688 consilio
2673 4641 2852 4685 autem
2895 4629 3253 4700 proponentis
3304 4637 3468 4696 atque
3501 4627 3598 4681 dco

2007 4726 2293 4784 liberantis
2336 4726 2591 4795 quoniam
2646 4723 2815 4784 vivit,
2870 4723 3209 4789 valentisque
3268 4720 3336 4775 ad
3383 4720 3592 4774 exitum

2007 4822 2306 4892 perducere
2355 4819 2619 4888 quidquid
2667 4816 3017 4888 proposuerit
3053 4825 3215 4885 atque
3265 4814 3596 4877 decreverit,

2008 4915 2102 4970 sed
2132 4914 2269 4969 nihil
2308 4923 2486 4968 tamen
2541 4910 2893 4966 decernentis
2944 4907 3046 4961 nisi
3105 4907 3247 4976 quod
3285 4907 3486 4960 bonum
3532 4920 3597 4960 ac

2009 5008 2227 5078 sapiens
2257 5008 2350 5070 sit,
2375 5015 2467 5060 aut
2499 5005 2543 5058 si
2596 5002 2724 5072 quid
2756 5001 2901 5055 aliud
2937 4999 3162 5054 meliore
3210 4998 3389 5068 aliqua
3424 4996 3597 5066 signi-

2010 5098 2262 5154 ﬁcatione
2291 5097 2619 5152 declaratur.
2656 5092 3022 5158 Quamobrem
3055 5089 3179 5160 quia
3216 5090 3418 5143 bonum
3469 5101 3594 5141 esse

2009 5191 2272 5247 mundum
2301 5187 2663 5250 ostendimus,
2707 5184 3001 5255 Verbique,
3045 5183 3189 5254 quod
3232 5181 3438 5236 bonum
3466 5189 3596 5231 ante

2010 5282 2255 5338 decernit
2278 5280 2668 5348 decretumque
2691 5286 2870 5348 potest
2899 5274 3139 5338 ellicere,
3173 5271 3435 5325 mundum
3469 5280 3594 5320 esse
3673 5341 3676 5344 Ι

2011 5389 2151 5445 opus
2198 5370 2587 5430 indicavimus.
2638 5368 2988 5440 perspicuum
3035 5372 3146 5433 est,
3200 5361 3436 5416 Verbum
3487 5359 3593 5410 hoc

2013 5463 2156 5521 aliud
2194 5464 2262 5519 ab
2292 5478 2359 5518 eo
2402 5478 2524 5519 esse
2567 5462 2723 5533 cujus
2775 5469 2860 5516 est
2903 5457 3161 5514 Verbum.
3210 5451 3302 5505 Est
3353 5448 3500 5502 enim
3535 5456 3594 5504 et

2013 5560 2119 5616 hoc
2163 5555 2563 5630 quodammodo
2615 5571 2784 5610 unum
2839 5569 2904 5608 ex
2943 5551 3011 5605 iis
3055 5561 3175 5616 quae
3224 5557 3346 5597 cum
3409 5541 3593 5609 aliquo

2014 5653 2389 5710 conferuntur.
2417 5650 2696 5722 Siquidem
2730 5649 2917 5701 audito
2948 5641 3145 5705 Verbo,
3180 5635 3343 5693 Verbi
3375 5649 3592 5706 quoque

2014 5761 2210 5817 parcns
2243 5745 2592 5814 intelligatur,
2626 5751 2850 5793 necesse
2901 5744 3003 5790 est.
3053 5731 3239 5801 Neque
3281 5730 3424 5783 enim
3461 5725 3594 5777 Ver-

2020 5837 2142 5894 bum
2175 5843 2339 5905 esset,
2375 5836 2476 5890 nisi
2518 5831 2748 5904 alicujus
2788 5838 2930 5885 esset
2962 5827 3218 5882 Verbum.
3257 5823 3394 5877 Cum
3423 5817 3588 5886 igitur
