4094 6286
459 329 531 386 39
1720 324 2114 399 ,EUTHYMII
2155 324 2521 385 ZIGABENI
3647 328 3718 380 Ml

457 439 738 494 tunditores
785 438 1115 508 Cogitatione
1174 438 1511 509 distinguant
1573 438 1814 492 Verbum
1865 440 1933 492 ab
1982 453 2031 491 ε(

2152 434 2460 487 ἀκουόντων
2511 433 2719 495 διάνοια
2744 432 2906 486 αὑτόν
2938 448 2994 489 τε
3025 429 3114 484 τὸν
3139 429 3331 498 Λόγον,
3363 429 3458 484 καὶ
3481 431 3570 483 τὸν
3598 430 3720 485 ὅθεν

460 529 618 597 cujus
650 536 734 581 est
764 527 1025 591 Verbum,
1055 544 1165 581 non
1193 528 1427 596 amplius
1455 530 1772 598 mysterium
1800 528 1955 581 nobis
1986 527 2039 581 in

466 620 713 691 periculo
760 630 1034 681 versatur,
1087 635 1154 673 ne
1207 620 1332 672 dum
1388 618 1699 674 Grzccorum
1759 620 2044 689 opiniones

462 712 781 771 reri-llimus.
812 712 1095 765 videamur
1131 711 1441 766 Judaeorum
1480 713 1805 768 sententiam
1838 729 2040 782 appro-

462 803 723 858 bautibus
770 802 1049 855 assentiri.
1102 801 1236 857 Nam
1290 803 1749 873 quemadmodum
1799 804 1852 857 in
1887 804 2044 859 nobis

454 894 689 949 dicimus
757 896 981 949 verbum
1034 911 1060 947 a
1112 904 1293 949 mente
1341 895 1633 965 proﬁcisci,
1684 912 1861 967 neque
1903 898 2042 951 idem

458 986 683 1044 omnino
741 1001 861 1038 esse
912 986 1055 1053 quod
1092 996 1175 1039 est
1225 1003 1398 1053 mens,
1431 1002 1531 1041 nec
1578 987 1646 1040 ab
1685 988 1771 1041 illa
1819 1004 2044 1063 prorsus

461 1076 736 1129 diversum
768 1075 990 1145 (etenim
1035 1086 1305 1145 quatenus
1345 1078 1413 1131 ab
1450 1079 1537 1132 illa
1579 1080 1856 1148 provenit,
1894 1079 2041 1139 aliud

457 1164 714 1232 quiddam
747 1181 908 1233 quam
956 1167 1068 1236 ipsa
1114 1178 1195 1221 est
1233 1184 1246 1220 :
1294 1179 1563 1236 quatenus
1592 1180 1772 1228 autem
1803 1180 2040 1233 mentem

459 1254 800 1321 perspicuam
838 1253 966 1308 facit
1004 1266 1059 1309 et
1084 1256 1339 1324 explicat,
1398 1271 1507 1310 non
1546 1257 1695 1313 aliud
1734 1259 1843 1328 jam
1874 1259 1943 1312 ab
1980 1273 2041 1312 ea

455 1342 734 1395 diversum
794 1344 1085 1414 cogitatur,
1148 1349 1241 1400 sed
1291 1357 1483 1409 natura
1542 1364 1732 1412 unum,
1794 1349 2043 1418 subjecto

456 1440 667 1489 tantum
700 1432 978 1501 dim-rens;
1014 1453 1026 1488 :
1057 1434 1135 1488 sic
1165 1434 1327 1490 etiam
1358 1436 1451 1490 Dei
1482 1435 1743 1503 Verbum,
1773 1448 2043 1507 quatenus

453 1536 553 1589 per
595 1537 653 1575 se
678 1523 951 1587 subsistit,
995 1524 1062 1577 ab
1106 1540 1171 1579 eo
1209 1525 1562 1595 distinguitur
1610 1528 1754 1587 unde
1804 1535 1862 1588 ut
1914 1529 2042 1583 sub—

457 1612 618 1666 sistat
644 1613 805 1675 habet
830 1629 843 1666 :
874 1623 1145 1682 quatenus
1174 1624 1352 1669 autem
1385 1630 1447 1675 ea
1488 1614 1731 1670 declarat
1759 1617 1812 1670 in
1840 1618 2040 1686 seipse,

456 1721 578 1773 quas
617 1716 915 1759 cernuntur
950 1707 1003 1759 in
1043 1705 1170 1770 Deo,
1218 1707 1358 1760 idem
1391 1715 1476 1761 est
1508 1719 1702 1761 natura
1739 1724 1861 1763 eum
1898 1711 2037 1779 ipso,

2144 525 2320 589 ἐστὶν,
2351 525 2451 577 οὐκ
2477 524 2555 577 ἐτ’
2580 524 2645 577 ἂν
2672 526 2802 593 ἡμῖν
2833 520 3157 593 κινδυνεύσῃ
3182 521 3242 573 τὸ
3268 521 3570 590 μυστήριον
3600 523 3720 582 ταῖς

2146 616 2453 687 ἑλληνικαὶξ
2497 615 2803 685 μαχόμενον
2839 613 3144 683 ὑπολήψεσι
3176 612 3290 673 τοῖς
3329 609 3397 663 τὰ
3446 609 3719 662 Ἰουδαίων

2148 705 2512 774 πρεσϐεύουσι
2546 704 2950 775 συνενεχθῆναι.
2977 704 3187 774 ’Ὥσπερ
3217 704 3327 771 γὰρ
3352 702 3435 771 ἐφ’
3465 701 3622 771 ἡμῶν
3656 702 3721 754 ἐκ

2145 796 2241 857 τοῦ
2281 796 2370 848 νοῦ
2426 813 2607 865 φαμεν
2654 794 2795 849 εἶναι
2851 798 2942 849 τὸν
2994 796 3176 863 λόγον,
3220 793 3345 847 οῦτε
3395 792 3574 845 διόλου
3627 794 3720 846 τὸν

2146 888 2307 941 αὑτὸν
2331 888 2459 940 ὄντα
2491 887 2567 957 τῷ
2595 888 2692 957 νῷ,
2719 887 2839 941 οὔτε
2874 889 3218 942 παντάπασιν
3286 886 3502 956 ἕτερον·
3532 885 3593 938 τὸ
3618 885 3718 955 μὲν

2146 977 2254 1050 γὰρ
2280 978 2338 1042 ἐξ
2364 978 2571 1031 ἐκείνου
2597 972 2739 1031 εἶναι
2769 978 2897 1032 ἄλλο
2922 996 2995 1045 τι,
3025 979 3115 1032 καὶ
3143 979 3241 1033 οὑκ
3277 977 3454 1031 ἐκεῖνό
3484 980 3623 1031 ἐστι’
3659 978 3719 1038 τὸ

2143 1070 2197 1122 δὲ
2228 1072 2390 1124 αὑτὸν
2430 1070 2518 1124 τὸν
2550 1070 2674 1124 νοῦν
2707 1072 2796 1123 τὸν
2822 1073 2901 1134 εἰς
2931 1071 2989 1123 τὸ
3023 1071 3262 1140 ἐμφανὲς
3296 1071 3452 1138 ἄγειν
3506 1072 3607 1123 οὑκ
3641 1069 3718 1133 ἐτ’

2146 1162 2212 1215 ἂν
2263 1163 2452 1233 ἕτερόν
2483 1180 2534 1215 τι
2559 1165 2688 1235 παρ’
2724 1166 2930 1216 ἐκεῖνον
2955 1165 3254 1226 ὑπονοοῖτο,
3291 1163 3426 1215 ἀλλὰ
3449 1162 3591 1215 κατὰ
3616 1164 3719 1232 τὴν

2147 1254 2310 1324 φύσιν
2335 1254 2394 1305 ἓν
2421 1253 2495 1308 ὣν
2533 1256 2720 1325 ἕτερον
2747 1256 2823 1326 τῷ
2859 1256 3206 1329 ὑποκειμένῳ
3234 1255 3380 1314 ἐστίν
3401 1271 3415 1286 ·
3451 1254 3596 1307 οὕτω
3625 1265 3719 1314 καί

2146 1349 2174 1399 ὁ
2234 1346 2327 1400 τοῦ
2367 1347 2501 1400 Θεοῦ
2556 1349 2729 1416 Λόγος
2771 1348 2848 1420 τῷ
2886 1348 2986 1419 μὲν
3015 1349 3316 1416 ὑφεστάναι
3369 1348 3493 1403 καθ’
3521 1348 3717 1410 ἑαυτὸν

2144 1437 2398 1508 διῄρηται
2438 1441 2573 1511 πρὸς
2611 1442 2818 1495 ἐκεῖνον
2859 1441 2988 1510 παρ’
3015 1434 3076 1503 οὗ
3108 1440 3205 1512 τὴν
3236 1442 3533 1495 ὑπόστασιν
3560 1440 3676 1510 εχει
3701 1458 3715 1471 ·

2143 1530 2220 1598 τῷ
2248 1530 2303 1581 δὲ
2346 1529 2520 1584 ταῦτα
2574 1530 2844 1595 δεικνύειν
2879 1533 2937 1584 ἐν
2960 1530 3140 1601 ἑαυτῷ
3189 1529 3225 1584 ἃ
3253 1532 3381 1600 περὶ
3438 1533 3531 1583 τὸν
3580 1531 3717 1592 Θεὸν

2145 1619 2472 1689 καθορᾶται,
2516 1621 2543 1674 ὁ
2568 1622 2731 1684 αὑτός
2765 1624 2881 1686 ἐστι
2912 1622 3055 1675 κατὰ
3081 1623 3178 1692 τὴν
3209 1622 3373 1689 φύσιν
3404 1623 3597 1691 ἐκείνῳ
3640 1621 3717 1689 τῷ

2144 1710 2408 1764 δι”αὑτῶν
2437 1713 2545 1764 τῶν
2580 1712 2979 1783 γνωρισμάτων
3002 1713 3397 1785 εὑρισκομένῳ.
3430 1714 3557 1767 Εἴτε
3608 1712 3717 1782 γὰρ

458 1796 512 1849 in
548 1811 656 1864 quo
699 1796 891 1853 eadem
954 1796 1152 1849 indicia
1198 1808 1252 1853 et
1294 1806 1436 1851 notae
1480 1802 1852 1867 reperiuntur.
1902 1776 2031 1855 Nam

2146 1804 2480 1871 ἀγαθότητα,
2509 1776 2620 1856 εἴτε
2647 1776 2899 1873 δῦναμιν,
2929 1804 3041 1861 εἴτε
3068 1776 3289 1874 ’σοφία-ν,
3315 1776 3425 1857 sive
3449 1804 3508 1857 τὸ
3532 1776 3717 1865 ἀϊδνίως

456 1889 573 1940 sive
632 1887 955 1949 bonitatem,
1007 1890 1124 1941 sive
1177 1889 1494 1960 potentiam,
1544 1890 1659 1947 sive
1691 1891 2035 1960 sapientiam,

454 1980 570 2034 sive
596 1981 980 2046 aeternitatem,
1017 1981 1131 2035 sive
1165 1982 1410 2045 malitiae,
1432 1970 1624 2040 mortis
1652 1994 1707 2037 et
1728 1984 2037 2056 corruptio-

454 2072 540 2125 nis
570 2075 921 2137 vacuitatem,
955 2073 1069 2126 sive
1105 2072 1319 2140 aliquod
1356 2073 1500 2127 aliud
1535 2073 2037 2144 ejusmodisignutn

458 2166 781 2226 constituas,
814 2179 923 2234 quo
953 2162 1111 2221 Patre
1140 2163 1254 2232 ipse
1306 2165 1820 2232 comprehendatur,
1847 2166 2038 2220 eodem

455 2253 612 2322 signo
663 2263 719 2309 et
768 2256 1047 2320 Verbum,
1099 2259 1242 2324 quod
1288 2269 1354 2309 ex
1408 2256 1499 2315 illo
1556 2259 1825 2322 subsistit,
1882 2260 2037 2314 inve-

454 2360 625 2405 llCl‘lS.

951 2539 1024 2593 De
1061 2538 1261 2607 Spiritu
1298 2548 1501 2595 sancto.

525 2654 604 2704 Ac
649 2651 1108 2719 quemadmodum
1161 2651 1311 2705 hisce
1364 2650 1626 2720 gradibus
1678 2653 2039 2715 ascendentes

450 2758 521 2796 ex
547 2751 734 2796 nostra
766 2758 1075 2811 supremam
1106 2742 1250 2799 illam
1284 2751 1531 2798 naturam
1560 2744 1927 2812 cognovimus,
1960 2745 2040 2798 sic

458 2834 685 2894 umbris,
720 2848 784 2885 ac
820 2833 1127 2886 simulacris
1167 2833 1493 2901 quibusdam
1528 2835 1814 2901 potestatis
1864 2834 2034 2898 illius,

453 2939 575 2993 qua:
604 2925 787 2978 verbis
816 2924 1075 2993 explicari
1127 2940 1236 2978 non
1285 2933 1487 2993 potest,
1521 2926 1573 2979 in
1625 2934 1817 2983 natura
1850 2937 2036 2980 nostra

452 3016 764 3087 conspectis
824 3018 893 3071 ad
970 3016 1207 3086 Spiritus
1256 3017 1627 3087 cognitionem
1696 3019 2034 3090 accedimus.

2145 1889 2309 1959 εἶναι,
2362 1894 2472 1946 εἴτε
2529 1894 2590 1947 τὺ
2645 1893 2868 1958 κακίας,
2915 1895 3009 1947 καὶ
3062 1894 3316 1958 Θανάτου,
3355 1895 3450 1947 καὶ
3508 1893 3717 1964 φθορᾶς

2142 1985 2518 2053 ἀνεπίδεκτον,
2580 1988 2688 2040 εἴτε
2736 1988 2828 2040 τὸν
2888 1990 2945 2041 ἐν
2992 1986 3154 2040 παντὶ
3212 1987 3445 2051 τέλειον,
3502 1988 3612 2039 εἴτε
3661 2002 3716 2037 τι

2139 2078 2382 2131 τοιοῦτον
2415 2080 2552 2143 ὅλως
2602 2080 2831 2151 σημεῖόν
2862 2097 2943 2142 τις
2979 2083 3186 2132 ποιεῖτο
3230 2081 3329 2149 τῆς
3358 2081 3453 2130 τοῦ
3496 2078 3710 2149 Πατρὶς

2145 2169 2533 2238 καταλήψεως,
2574 2170 2660 2223 διὰ
2708 2170 2816 2222 τῶν
2840 2172 3018 2223 αὑτῶν
3052 2171 3275 2241 εὑρήσει
3330 2168 3576 2243 σημείων
3624 2172 3717 2233 καὶ

2140 2265 2232 2313 τὶν
2273 2264 2330 2328 ἐξ
2372 2264 2585 2315 ἐκείνου
2627 2263 2911 2341 ὑφεστῶτα
2942 2264 3139 2330 Λόγον.

2462 2510 2604 2579 Περὶ
2667 2511 2773 2565 τοῦ
2815 2512 2990 2580 ἁγίου
3034 2513 3399 2583 llr-stipatae.

2219 2628 2438 2697 Ὠσπερ
2486 2627 2541 2680 δὲ
2574 2628 2664 2679 τὸν
2711 2628 2883 2695 Λόγον
2913 2628 2975 2679 ἐκ
3024 2627 3130 2678 τῶν
3166 2625 3290 2678 καθ’
3317 2627 3463 2696 ἡμᾶς
3498 2625 3715 2694 ἀναγωο

2144 2719 2316 2793 γικῶς
2342 2719 2435 2771 ἐπὶ
2469 2718 2565 2786 τῆς
2595 2718 2999 2787 ὑπερκειμένης
3029 2716 3276 2785 ἔγνωμεν
3309 2716 3545 2783 φύσεως,
3575 2718 3720 2779 κατὰ

2137 2814 2231 2863 τὸν
2260 2811 2424 2862 αὑτὸν
2452 2810 2652 2883 τρόπον
2682 2811 2772 2861 καὶ
2805 2811 2871 2883 τῇ
2906 2811 3036 2877 περὶ
3063 2808 3156 2861 τοῦ
3188 2808 3505 2877 Πνεύματος
3532 2810 3719 2883 ἐννοίᾳ

2143 2901 2600 2971 ὑπαχθησόμεθα,
2652 2902 2812 2963 σκιάς
2865 2918 3039 2967 τινας,
3113 2900 3209 2953 καὶ
3259 2901 3556 2975 μιμήματα
3615 2903 3721 2976 τῆς

2140 2995 2419 3067 ἀφραστου
2469 2993 2750 3062 δυνάμεως
2797 2996 2853 3046 tv
2901 2996 2969 3071 τῇ
3008 2992 3130 3047 καθ’
3177 2993 3323 3063 ἡμᾶς
3379 2991 3720 3062 θεωροῦντες

450 3083 773 3176 Quanquam
832 3083 1059 3176 spiritus
1116 3105 1210 3175 qui
1272 3083 1349 3161 in.»
1377 3105 1534 3161 nobis
1560 3115 1678 3173 est,
1728 3110 1796 3161 ex
1840 3083 2031 3161 'alieuo

2140 3086 2318 3161 φύσει.
2364 3085 2503 3145 Ἀλλ’
2538 3086 2623 3154 ἐφ’
2662 3083 2820 3161 ημῶν
2861 3086 2957 3155 μὲν
2986 3087 3045 3138 τὸ
3090 3085 3307 3156 πνεῦμα
3345 3086 3378 3157 ἠ
3423 3085 3516 3138 τοῦ
3551 3086 3717 3165 ἀέρος

452 3200 749 3259 reducitur,
790 3214 987 3268 nempe
1026 3214 1089 3252 ex
1125 3214 1276 3257 aere.
1301 3198 1395 3266 qui
1434 3198 1500 3252 ad
1537 3200 1784 3268 corporis
1826 3202 2035 3253 consti-

450 3291 719 3344 tutionem
759 3289 1072 3347 necessario
1102 3288 1355 3343 hauritur
1382 3297 1438 3343 et
1468 3289 1787 3356 eﬂ‘unditur,
1824 3300 1878 3345 et
1908 3305 2031 3344 cum

430 3376 672 3435 'verbum
704 3379 1117 3450 pronuntiatur,
1148 3380 1204 3434 lit
1236 3396 1336 3433 vox
1363 3394 1484 3449 quae
1531 3381 1680 3435 verbi
1710 3392 2033 3451 potestatem

449 3471 504 3525 in
530 3472 708 3539 seipsa
735 3472 1012 3536 declarat;
1048 3472 1100 3523 in
1138 3471 1320 3525 divina
1353 3487 1481 3527 vero
1510 3480 1725 3535 natura,
1756 3474 1856 3527 etsi
1886 3474 2031 3542 pium

448 3570 553 3623 est,
586 3560 680 3615 Dei
712 3561 978 3630 Spiritum
1029 3562 1295 3631 cogitare,
1332 3563 1791 3631 quemadmodum
1832 3573 1886 3617 et
1926 3563 2023 3625 Dei

454 3656 684 3710 Verbum
717 3656 945 3710 inferius
975 3660 1067 3719 sit,
1110 3657 1154 3709 si
1200 3666 1447 3714 nostrum
1482 3672 1605 3713 cum
1642 3659 1861 3728 Spiritu,
1899 3659 2028 3714 illud

446 3748 565 3805 sine
614 3748 815 3818 spiritu
876 3763 999 3807 esse
1036 3751 1311 3813 credatur,
1360 3766 1471 3811 non
1522 3759 1705 3809 tamen
1744 3762 2031 3811 conserua-

449 3854 613 3897 neum
721 3848 806 3893 εει
869 3841 1087 3910 Deoque
1162 3842 1385 3911 dignum
1478 3842 1730 3896 arbitrari
1794 3844 2028 3901 alienum

451 3929 731 3996 quiddam,
776 3939 833 3983 ut
879 3930 934 3983 in
974 3930 1167 3999 spiritu
1206 3942 1395 3985 nostro
1441 3932 1726 4003 contingit,
1770 3932 1822 3989 in
1858 3934 2028 3988 Deum

444 4020 792 4076 extrinsecus
816 4020 1063 4082 inﬂuere.
1086 4021 1141 4075 in
1178 4021 1404 4091 ipsoque
1434 4023 1684 4092 spiritum
1709 4023 1866 4079 allici.
1915 4024 2023 4079 Sed

446 4114 589 4167 sicut
619 4113 711 4167 Dei
746 4112 982 4167 Verbum
1020 4114 1326 4176 audientes,
1382 4129 1490 4169 non
1544 4114 1848 4184 cogitamus
1895 4114 2027 4169 illud

449 4202 740 4270 ejusmodi,
791 4205 937 4270 quod
994 4218 1089 4271 per
1134 4218 1193 4257 se
1242 4219 1352 4256 non
1397 4203 1685 4268 subsistat,
1742 4214 1834 4257 aut
1882 4205 2027 4272 quod

449 4294 698 4348 doctrina
750 4294 1123 4361 ingencretur,
1169 4307 1368 4347 voceve
1409 4293 1736 4361 proferatur,
1790 4302 1884 4348 aut
1923 4294 2027 4350 dis-

448 4384 691 4438 solvatur
741 4391 1098 4454 posteaquam
1158 4384 1572 4453 pronuntiatum
1636 4392 1740 4449 εει,
1788 4393 1883 4439 aut
1937 4385 2024 4444 cui

2139 3180 2287 3234 ἐστὶν
2340 3179 2495 3249 ὁλκὴ,
2535 3178 2822 3249 ἀλλοτρίου
2877 3181 3207 3249 πράγματος
3260 3178 3400 3250 πρὸς
3453 3179 3553 3250 τὴν
3611 3181 3719 3233 τοῦ

2139 3271 2390 3340 σώματος
2430 3272 2690 3324 σύστασιν
2726 3273 3041 3340 ἀναγκαίως
3076 3272 3457 3341 εἰσελκομένου
3516 3290 3574 3325 τε
3616 3279 3723 3337 καὶ

2136 3359 2535 3433 προχεομένου,
2588 3359 2726 3429 ὅπερ
2772 3361 2828 3410 ἐν
2861 3359 2939 3429 τῷ
2970 3359 3151 3429 καιρῴ
3179 3362 3278 3429 τῆς
3334 3361 3721 3430 ἐκφωνήσεως

2135 3433 2230 3505 τοῦ
2261 3453 2423 3521 λόγου
2457 3451 2608 3527 ςρωνὴ
2649 3454 2862 3520 γίνεται
2906 3453 3008 3522 τὴν
3044 3452 3135 3504 τοῦ
3172 3454 3348 3521 Λόγου
3381 3452 3615 3532 δύναμιν
3658 3456 3722 3505 ἐν

2135 3539 2302 3609 ἑαυτῇ
2337 3540 2683 3609 φανεροῦσαο
2725 3540 2819 3591 ἐπὶ
2850 3540 2905 3592 δὲ
2940 3540 3040 3606 τῆς
3082 3540 3234 3603 θείας
3269 3541 3484 3608 φύσεως
3511 3546 3570 3593 τό
3606 3543 3718 3612 μὲν

2134 3627 2276 3683 εἶναι
2314 3631 2540 3700 Πνεῦμα
2584 3630 2718 3684 Θεοῦ
2770 3630 2993 3692 εὐσεόὲς
3036 3632 3321 3702 ἐνομίσθη,
3368 3631 3509 3685 καθὰ
3544 3634 3715 3706 ἐδόθη

2135 3722 2230 3772 καὶ
2273 3722 2446 3789 Λόγον
2477 3718 2618 3773 εἶναι
2657 3722 2792 3775 Θεοῦ
2825 3723 2913 3774 διὰ
2959 3722 3020 3774 τὸ
3070 3722 3239 3793 μηδὲν
3289 3724 3719 3797 ἐλλειπέστερον

2131 3810 2225 3861 τοῦ
2258 3811 2525 3880 ἡμετέρου
2555 3811 2713 3877 λόγου
2745 3812 2835 3862 τὸν
2861 3810 2955 3863 τοῦ
2977 3811 3112 3864 Θεοῦ
3143 3811 3281 3865 εἶναι
3315 3814 3508 3880 Λόγον,
3543 3818 3719 3887 εἰπερ

2130 3901 2321 3955 τούτου
2368 3902 2507 3971 μετὰ
2549 3903 2642 3954 τοῦ
2685 3902 2991 3973 πνεύματος
3043 3902 3446 3974 θεωρουμένου,
3496 3909 3720 3976 ἐκεῖνος

2130 3994 2253 4065 δίχα
2289 3994 2602 4063 Πνεύματος
2634 3991 2776 4048 εἶναι
2817 3998 3159 4052 πιστεύοιτο·
3190 4000 3252 4051 οὐ
3283 3998 3390 4071 μὴν
3417 4000 3718 4071 ἀλλότριόν

2129 4102 2181 4137 τι
2208 4084 2331 4139 καθ’
2357 4087 2656 4158 ὁμοιότητα
2688 4087 2782 4140 τοῦ
2831 4089 3105 4159 ἡμετέρου
3143 4089 3458 4157 πνεύματος
3498 4092 3719 4157 ἑξωθεν

2129 4181 2377 4249 ἐπιρῤεῐν
2428 4180 2505 4250 τῷ
2541 4181 2683 4251 Θεῷ,
2724 4182 2819 4234 καὶ
2874 4185 2931 4235 ἐν
2987 4183 3136 4255 αὑτῷ
3180 4184 3426 4257 γίνεσθαι
3478 4190 3719 4259 πνεῦμα

2130 4265 2434 4335 θεοπρεπές
2493 4271 2641 4322 ἐστιν
2700 4269 2927 4323 οἴεσθαι.
2993 4272 3134 4333 Ἀλλ’
3192 4274 3268 4336 ὡς
3328 4275 3465 4328 Θεοῦ
3532 4280 3722 4350 Λόγον

2129 4358 2462 4422 ἀκούσαντες
2492 4362 2593 4412 οὐκ
2621 4361 2995 4415 ἀνυπόστατόν
3026 4380 3078 4417 τι
3124 4367 3361 4435 πρᾶγμα
3393 4368 3487 4420 τὸν
3534 4372 3723 4441 Λόγον

449 4476 684 4542 denique
726 4473 929 4540 aliquid
977 4488 1165 4526 eorum
1214 4474 1431 4528 eveniat
1472 4490 1593 4543 qua:
1628 4475 1796 4529 verbo
1839 4486 2026 4531 nostro

2135 4446 2413 4520 ᾠήθημεν,
2454 4450 2574 4504 οὐδὲ
2606 4453 2669 4505 ἐκ
2709 4453 2999 4521 μαθήσεως
3037 4456 3408 4526 ἐγγινόμενον,
3445 4462 3581 4517 οὕτε
3627 4437 3723 4522 διὰ

454 4565 710 4624 videmus
739 4564 1007 4631 accidere,
1046 4564 1142 4618 sed
1180 4573 1377 4618 natura
1426 4565 1754 4632 subsistens,
1790 4575 1843 4619 et
1890 4566 2026 4622 libe-

452 4676 593 4723 rum,
626 4669 680 4713 et
709 4658 919 4722 emcax,
949 4668 1003 4712 et
1039 4658 1426 4727 omnipotens:
1465 4659 1655 4713 eodem
1696 4661 1857 4714 modo
1898 4675 2022 4715 cum

456 4751 553 4803 Dei
585 4749 872 4819 Spiritum,
893 4751 985 4818 qui
1027 4748 1204 4802 Verbo
1249 4749 1621 4806 testimonium
1658 4748 1834 4815 aﬂ‘ert,
1879 4750 2025 4819 ejus-

451 4856 558 4909 que
616 4840 721 4893 vim
770 4840 1111 4909 perspicuam
1172 4841 1388 4906 reddit,
1448 4840 1835 4910 intelligimus.
1914 4858 2020 4895 non

450 4930 720 4984 anhelitus
768 4932 1017 4998 spiritum
1055 4929 1357 5000 cogitamus
1392 4930 1587 4997 (nimis
1634 4930 1781 4984 enim
1818 4931 2023 5001 ahjice-

452 5032 602 5075 retur
628 5021 825 5075 divinae
871 5021 1156 5091 potestatis
1205 5020 1539 5090 magnitudo,
1571 5021 1614 5075 si
1649 5021 1871 5091 spiritus
1903 5022 2022 5092 ejus

452 5123 638 5166 nostro
661 5112 851 5165 similis
886 5109 1186 5180 putaretur)
1214 5126 1229 5163 :
1263 5111 1359 5164 sed
1391 5126 1513 5163 cum
1543 5110 1596 5164 in
1628 5126 1687 5164 se
1729 5110 2022 5166 subsisten-

452 5212 562 5256 tem
602 5217 722 5270 quae
778 5202 831 5254 in
885 5203 1101 5270 propria
1145 5210 1337 5255 natura
1394 5200 1740 5270 perspicitur,
1792 5219 2021 5272 qumque

447 5309 551 5348 nec
578 5309 608 5347 a
647 5295 754 5348 Deo
778 5295 832 5345 in
866 5309 974 5361 quo
1018 5301 1119 5356 est,
1172 5307 1273 5346 nec
1306 5308 1336 5346 a
1388 5292 1479 5346 Dei
1508 5291 1704 5358 Verbo,
1749 5295 1835 5348 cui
1873 5298 2024 5349 testi-

449 5388 692 5441 inonium
745 5385 954 5449 tribuit,
1002 5384 1241 5452 separari
1290 5392 1486 5453 potest.
1545 5392 1638 5437 aut
1682 5384 1736 5438 in
1788 5386 2018 5442 nihilum

451 5477 643 5544 redigi,
694 5476 789 5530 sed
841 5474 908 5529 ad
962 5474 1126 5529 Verbi
1186 5473 1278 5528 Dei
1325 5475 1759 5540 similitudinem,
1811 5492 1908 5545 per
1960 5493 2020 5532 se

448 5567 713 5630 subsistit,
746 5576 801 5622 et
826 5566 995 5622 libera
1022 5576 1124 5631 est,
1158 5575 1211 5619 et
1243 5581 1339 5635 per
1373 5581 1431 5620 se
1457 5574 1721 5632 movetur,
1746 5576 1800 5621 et
1834 5568 2019 5624 efﬁcax

448 5670 553 5720 est,
590 5666 645 5711 et
675 5673 889 5727 semper
937 5660 1138 5713 bonum
1174 5660 1305 5721 vult,
1339 5658 1563 5729 etscjus
1608 5660 1868 5715 voluntati
1906 5670 2017 5717 sta-

452 5750 548 5803 tim
584 5746 895 5817 perﬁciendi
928 5759 1164 5817 potestas
1191 5750 1363 5803 adest.

2130 4538 2311 4607 ιρωνῆς
2343 4542 2810 4615 προσφερόμενον,
2848 4544 2971 4598 οὔτε
3001 4549 3140 4616 μετὰ
3168 4550 3225 4601 τι
3260 4557 3724 4628 προσενεχθῆναι

2127 4630 2497 4700 διαλυόμενον,
2546 4635 2667 4688 οὐδὲ
2717 4635 2845 4689 ἄλλο
2876 4656 2929 4691 τι
2966 4638 3241 4710 πάσχοντα
3287 4643 3573 4715 τοιοῦτον,
3632 4651 3727 4707 οἷα

2127 4724 2259 4792 περὶ
2312 4725 2402 4777 τὸν
2455 4728 2731 4799 ἡμέτερον
2788 4730 2944 4797 λόγον
2998 4731 3284 4801 θεωρεῖται
3340 4735 3529 4812 πάθη,
3602 4748 3725 4799 ἀλλ’

2126 4816 2399 4881 οὑσιωδὼς
2432 4820 2743 4887 ὑφεστῶτα,
2782 4826 3169 4895 προαιρετικόν
3200 4844 3258 4879 τε
3312 4835 3410 4884 καὶ
3446 4835 3713 4907 ἐνεργὸν,

2126 4908 2221 4958 καὶ
2268 4910 2678 4990 παντοδύναμον
2707 4912 2884 4967 οὕτω·
2922 4919 3015 4970 καὶ
3056 4918 3277 4989 Πνεῦμα
3313 4928 3717 5000 μεμαθηκότες

2123 4996 2287 5095 Θεοῦ,
2316 5000 2374 5053 τὺ
2406 5008 2912 5077 συμπαρομαρτοῦν
2944 5007 3022 5079 τῷ
3073 5010 3252 5082 Λόγῳ,
3299 5024 3397 5070 καὶ
3430 4996 3717 5095 φανεροῦν

2126 5092 2292 5146 αὑτοῦ
2325 5095 2421 5163 τὴν
2451 5097 2754 5165 ἐνέργειαν,
2785 5101 2845 5151 οὑ
2877 5102 3045 5171 πνοὴν
3090 5102 3332 5173 ᾄσματος
3383 5092 3715 5185 ἐννοοῦμεν.

2121 5180 2199 5239 Ἦ
2235 5187 2342 5263 γὰρ
2384 5188 2449 5241 ἂν
2496 5190 2810 5259 καθαιροῖτο
2844 5192 2977 5261 πρὸς
3018 5198 3389 5267 ταπεινότητα
3421 5204 3485 5254 τὸ
3528 5180 3714 5276 μετα-

2119 5281 2262 5333 λεῖον
2299 5284 2395 5351 τῆς
2423 5283 2573 5346 θείας
2619 5286 2923 5355 δυνάμεως,
2982 5291 3029 5341 εί
3089 5290 3242 5373 καθ’.
3267 5296 3576 5365 ὁμοιότητα
3612 5306 3713 5358 τοῦ

2122 5377 2390 5448 ἡμετέρου
2424 5378 2517 5430 καὶ
2561 5379 2619 5430 τὸ
2671 5380 2729 5430 tv
2774 5380 2923 5450 αὑτῷ
2966 5380 3189 5451 Πνεῦμα
3219 5384 3535 5454 ὑπονοοῖτο,
3568 5395 3712 5451 ἀλλὰ

2120 5468 2347 5536 δύναμιν
2391 5468 2621 5539 οὑσιώδη
2678 5470 2848 5539 αὐτὴν
2897 5473 2981 5538 ἐφ’
3045 5474 3244 5543 ἑαυτῆς
3299 5478 3358 5527 ὲν
3416 5480 3709 5562 ίδιαζοΰσῃ

2122 5560 2417 5614 ὑποστάσει
2448 5561 2853 5633 θεωρουμένην,
2902 5562 3025 5616 οὔτε
3062 5550 3407 5635 χωρισθῆναι
3432 5576 3530 5625 τοῦ
3567 5550 3713 5634 Θεοῦ

2121 5653 2177 5705 ἐν
2207 5646 2249 5718 ᾧ
2280 5655 2451 5717 ἐστιν,
2488 5655 2519 5724 ἢ
2556 5653 2648 5705 τοῦ
2694 5655 2871 5723 Λόγου
2896 5654 2991 5709 τοῦ
3039 5656 3196 5723 Θεοῦ,
3242 5650 3287 5724 ᾧ
3319 5676 3709 5742 παρομαρτεῖ,

2123 5750 2449 5821 δυναμένην,
2485 5749 2606 5803 οὗτε
2640 5751 2773 5815 πρός
2815 5752 2874 5805 τὸ
2911 5752 3256 5821 ἀνύπαρκτον
3282 5752 3702 5833 ἀναχεομένην,
