4060 6278
423 329 493 392 43
1655 319 1967 380 ΕἨῚΊΙΥΜ
1987 319 2040 377 lI
2117 321 2183 378 Zi
2195 317 2477 378 ϐΑ-ΒΕΝΙ
3627 312 3698 373 44

418 442 670 512 Ejusdem
713 437 1048 494 ratiocinatio
1104 434 1426 512 syllogistica
1475 450 1578 504 qua
1638 431 1800 486 Deum
1849 447 2006 482 unum

2129 432 2227 484 Τοῦ
2259 433 2446 486 αὑτοῦ
2476 429 2919 512 συλλογιστικὴ
2947 426 3275 494 ἀπόδειξις,
3314 425 3400 479 ὅτι
3428 423 3517 494 εἷς
3553 429 3697 494 Θεός

966 523 1075 561 esse
1103 509 1451 566 demonstrat,

490 605 635 661 Deus
664 602 719 656 in
770 599 1030 656 omnibus
1083 596 1361 665 perfectus
1411 604 1514 649 est.
1546 593 1699 659 Quod
1735 592 1776 645 si
1827 593 2007 662 plures

422 697 723 752 dixerimus
771 693 904 748 deos
945 704 1091 752 esse,
1153 701 1378 742 necesse
1424 685 1531 740 erit
1577 684 1870 737 discrimen
1913 681 2011 735 ali-

422 786 644 856 quodin
675 783 776 837 illis
809 778 1062 852 perspici.
1107 777 1240 830 Nam
1277 775 1321 828 si
1362 774 1509 828 nulla
1552 773 1606 826 in
1645 773 1724 826 eis
1755 771 2010 826 ditiorem-

424 880 518 942 tia,
567 892 675 930 non
725 884 851 929 sunt
898 871 1121 942 plures.
1167 869 1264 924 sed
1305 881 1447 921 unus
1489 865 1690 935 potius.
1723 861 1819 916 Sin
1851 860 2010 917 diﬁc-

421 970 602 1042 tcntia
628 969 773 1021 inter
801 965 923 1018 illos
958 959 1263 1021 intercedit,
1295 959 1387 1027 qui
1429 957 1481 1010 in
1535 956 1791 1011 omnibus
1836 953 2013 1023 perfev

423 1072 542 1117 ctus
573 1071 676 1126 est,
702 1061 747 1113 is
791 1058 939 1110 solus
980 1065 1061 1110 est
1093 1054 1257 1108 Deus.
1312 1051 1415 1118 Qui
1460 1066 1591 1105 vero
1627 1049 1712 1102 vel
1746 1049 2009 1112 bonitate,

424 1155 508 1208 vel
546 1151 806 1222 potentia,
839 1149 923 1202 vel
941 1146 1230 1216 sapientia,
1258 1144 1341 1198 vel
1383 1143 1563 1211 aliqua
1587 1141 1690 1206 alia
1722 1138 2014 1210 perfectio-

424 1262 495 1301 ne
519 1256 688 1310 caret,
715 1244 759 1296 is
781 1244 920 1296 Deus
944 1255 1066 1295 esse
1085 1255 1192 1293 non
1218 1244 1417 1308 potest.
1437 1234 1728 1300 Praeterea,
1758 1233 1800 1286 si
1831 1231 2014 1301 plures

426 1349 575 1403 sunt,
632 1337 722 1407 qui
771 1334 886 1388 fieri
911 1333 1144 1404 poterit,
1197 1339 1258 1385 ut
1302 1345 1410 1383 non
1465 1326 2011 1389 eircumscribantur,

426 1447 549 1489 cum
580 1431 670 1485 ubi
701 1443 843 1483 unus
882 1435 986 1491 est,
1019 1425 1160 1478 alter
1183 1437 1306 1478 esse
1345 1436 1452 1474 non
1489 1428 1675 1490 queat,
1707 1417 1797 1486 qui
1829 1425 2013 1471 autem

429 1524 574 1578 Deus
623 1529 724 1587 est,
767 1520 812 1574 is
859 1533 962 1572 nec
1009 1513 1512 1577 circumscribatur,
1555 1519 1610 1565 et
1659 1510 1842 1564 omnia
1900 1516 2013 1561 tum

429 1615 668 1684 impleat,
712 1620 826 1664 tum
857 1607 1272 1678 complectatur,
1317 1613 1374 1658 et
1415 1599 1890 1671 comprehendat?
1934 1599 2016 1654 Ad

430 1711 546 1764 ltazc
571 1721 806 1778 quonam
837 1711 996 1774 pacto
1023 1699 1392 1755 constituatur
1449 1693 1686 1749 mundus
1726 1703 1780 1746 et
1815 1691 2016 1762 guber-

432 1809 611 1862 netur,
639 1813 764 1852 eum
801 1773 863 1852 ea
889 1795 970 1850 sit
999 1789 1323 1850 diﬂ'erentia‘.
1353 1795 1568 1851 natura,
1612 1796 1671 1843 ut
1700 1785 1874 1860 pariat
1903 1783 2016 1838 dis-
2044 1773 2092 1836 B

430 1890 782 1946 sensionem?

433 2004 684 2074 Ejusdem
745 2001 1092 2074 mtioanatio
1139 1996 1466 2074 syllogistica
1507 2007 1620 2074 qua
1697 1987 1922 2043 Verbum
1968 1993 2016 2040 et

913 2068 1113 2124 Filium
1135 2065 1247 2127 esse
1279 2065 1544 2119 declarat.

505 2165 671 2225 Deus,
703 2179 828 2219 cum
855 2163 1133 2232 perfectus
1156 2160 1246 2223 sit,
1310 2157 1525 2218 ratione
1561 2167 1658 2207 seu
1696 2151 1863 2206 verbo
1908 2161 2018 2203 non

433 2270 604 2315 caret.
638 2255 879 2309 Verbum
933 2262 1117 2307 autent
1167 2251 1288 2319 ejus
1345 2263 1458 2302 non
1493 2253 1577 2300 est
1627 2239 1918 2312 ejusmodi,
1961 2245 2022 2291 ιιι

435 2367 531 2422 per
567 2367 627 2404 se
660 2365 768 2403 non
803 2345 1093 2408 consistat,
1135 2350 1230 2396 aut
1263 2355 1387 2395 esse
1438 2337 1690 2409 cmperit,
1727 2343 1819 2388 aut
1854 2333 2018 2387 ﬁnem

435 2457 675 2512 unquam
711 2439 780 2494 sit
829 2437 1163 2491 habiturum.
1219 2431 1507 2503 Nunquam
1553 2427 1701 2483 enim
1751 2425 1856 2478 fuit
1904 2425 2022 2478 sine

434 2537 627 2599 verbo,
657 2531 750 2586 sed
777 2545 902 2584 eum
945 2540 1161 2596 semper
1190 2525 1280 2585 sit,
1332 2535 1548 2592 semper
1590 2519 1754 2574 etiam
1788 2515 2022 2569 Verbum

435 2643 594 2684 suum
651 2623 837 2683 habet,
870 2636 936 2675 ex
984 2633 1044 2674 se
1073 2615 1351 2688 genitum,
1377 2623 1431 2667 et
1475 2613 1528 2665 iu
1583 2624 1642 2665 se
1678 2620 1929 2667 manens,
1968 2613 2023 2660 et

437 2723 646 2782 vivens,
669 2727 724 2772 et
751 2713 1075 2788 perfectum,
1097 2723 1207 2763 non
1232 2715 1413 2761 autem
1445 2703 1569 2768 tale,
1594 2700 1753 2771 quale
1776 2704 2021 2751 nostrum

437 2821 522 2866 est
588 2808 837 2864 verbum.
896 2803 1138 2870 Quorum
1189 2798 1335 2854 enim
1392 2803 1586 2850 natura
1645 2792 1858 2848 diversa
1918 2794 2022 2850 est,

439 2920 630 2960 eorum
673 2911 730 2956 et
789 2898 1018 2954 verbum
1068 2902 1154 2948 est
1193 2892 1498 2947 diversum.
1552 2880 2024 2950 Quemadmodum

440 3003 622 3050 autem
655 2990 878 3045 verbum
914 2992 1161 3043 nostrum
1187 2998 1217 3036 a
1248 2990 1431 3034 mente
1457 2975 1717 3047 gignitur,
1749 2984 1851 3024 nec
1883 2967 2022 3022 idem

439 3098 524 3143 est
545 3083 790 3146 otunino,
819 3079 965 3150 quod
1006 3077 1122 3146 ipsa
1167 3089 1340 3138 mens,
1372 3086 1472 3126 nec
1507 3069 1666 3140 plane
1710 3065 1984 3120 diversum
2008 3072 2043 3140 ε⁸

441 3193 568 3238 nam
608 3190 732 3229 cunt
769 3188 795 3226 a
839 3179 1024 3225 mente
1062 3164 1462 3237 proﬁciscatur,
1514 3159 1660 3219 aliud
1708 3165 1792 3211 est
1862 3165 2022 3222 quam

442 3282 618 3333 mens,
674 3274 730 3319 et
781 3277 905 3317 cum
961 3269 1202 3312 mentem
1264 3255 1440 3324 ipsam
1493 3251 1719 3311 indicat,
1778 3252 1886 3302 non
1943 3251 2028 3297 est

443 3373 668 3434 prorsus
696 3357 762 3411 ab
797 3355 887 3409 illa
917 3351 1216 3412 diversum,
1243 3345 1338 3398 sed
1363 3358 1486 3397 cutn
1515 3343 1586 3396 sit
1607 3353 1776 3393 unum
1809 3344 2026 3396 natura,

442 3425 590 3509 aliud
623 3460 804 3504 tamen
838 3442 1101 3513 «subiecto
1136 3445 1261 3492 est:
1307 3435 1477 3490 sic-et
1509 3431 1607 3486 Dei
1639 3428 1901 3490 Verbum,
1933 3425 2027 3494 qui

447 3545 621 3602 Filius
659 3549 761 3601 est,
801 3545 1074 3610 quatenus
1115 3529 1333 3602 propria
1370 3524 1626 3581 subsistit
1655 3533 1932 3591 persona,
1963 3515 2029 3570 ab

446 3653 512 3694 eo
537 3632 910 3703 distinguitur,
941 3645 972 3683 a
1005 3641 1113 3696 quo
1139 3623 1384 3694 genitum
1407 3629 1510 3673 est.
1539 3615 1823 3681 Quatenus
1845 3623 2030 3664 autem

450 3731 542 3788 illa
582 3730 636 3782 in
668 3740 728 3781 se
760 3720 1038 3794 exprimit,
1079 3732 1202 3794 quae
1245 3718 1548 3772 cernuntur
1596 3708 1652 3764 in
1692 3704 1826 3770 Deo,
1864 3715 2031 3759 unum

452 3832 645 3879 natura
682 3832 808 3874 cum
832 3815 928 3869 illo
956 3819 1059 3868 est.

450 3931 704 4007 Ejusdem
735 3923 1075 4007 ratiocinatio
1093 3918 1417 4007 syllogistica
1445 3930 1557 4007 qua
1603 3909 1865 3980 Spiritum
1905 3921 2036 3959 aan-

998 3987 1140 4047 ειιιυῐ
1153 3987 1261 4044 esse
1289 3987 1497 4057 probat.

529 4096 759 4165 Oportet
820 4098 880 4144 ut
950 4085 1190 4144 Verbum
1259 4079 1458 4135 habeat
1527 4072 1828 4144 Spiritum,
1882 4067 2037 4136 cujus

463 4160 774 4242 testimonio
813 4179 1139 4240 declaretur,
1189 4183 1246 4225 et
1294 4169 1438 4223 actio
1488 4165 1658 4234 ipsius
1690 4160 2034 4231 ostendatur.

460 4276 688 4343 Quando
728 4286 830 4328 nec
858 4268 1084 4325 verbum
1125 4270 1376 4319 nostrum
1425 4257 1620 4326 spiritu
1650 4260 1824 4312 vacat,
1853 4250 1944 4319 qui
1981 4247 2037 4301 in

458 4341 577 4437 ipsa
625 4355 1072 4433 pronuntiatione
1106 4351 1260 4408 verbi
1296 4346 1470 4404 nostri
1499 4361 1601 4400 vox
1645 4341 1899 4404 eilicitur,
1931 4353 2040 4408 qua

2809 501 3000 553 ἐστιν.

2195 593 2255 645 Ὀ
2285 593 2416 657 Θεδς
2450 593 2653 656 τέλειός
2689 595 2804 646 ἐστι
2845 593 2984 646 κατὰ
3012 591 3211 646 πάντα.
3247 592 3310 645 ΕΞ
3341 589 3432 644 οὖν
3471 591 3697 655 πολλοὺς

2112 681 2348 751 ἐροῦμεν
2416 682 2600 746 Θεοὺς,
2651 681 2878 750 ἀνάγκη
2919 681 3154 751 διαφορὰ
3211 681 3268 731 ὲν
3322 683 3432 744 τοῖς
3481 661 3728 743 πολλοῖς’

2113 776 2457 844 θεωρεῖσθαι.
2499 776 2559 828 Εἰ
2589 775 2698 846 γὰρ
2725 775 2947 844 οὐδεμία
2979 773 3214 843 διαφορὰ
3237 772 3321 844 εἴη
3349 777 3404 826 ὲν
3429 773 3633 836 αὐτοῖς,
3668 775 3696 824 6

2061 927 2066 932 ,
2118 871 2217 938 μὲν
2253 868 2396 922 κατὰ
2431 869 2611 921 πάντα
2641 868 2870 933 τέλειος,
2901 861 3055 929 οὗτος
3102 866 3167 920 ἂν
3203 867 3286 936 εἴη
3335 867 3492 934 μόνος
3542 864 3693 926 Θεὸς.

2118 961 2232 1022 Πᾶς
2262 960 2316 1012 δὲ
2350 961 2376 1012 ὁ
2403 959 2496 1012 τοῦ
2532 959 2742 1012 ’τελείου
2790 957 3161 1028 λειπόμενοςῆ
3192 958 3330 1011 κατὰ
3361 957 3696 1024 ἁγαοότητα,

2113 1053 2429 1123 ἢδύναμιν,
2472 1052 2503 1122 ἢ
2545 1053 2759 1120 σοφίαν,
2810 1051 2842 1122 ἦ
2896 1051 3030 1112 ὅλως
3079 1051 3222 1103 κατά
3269 1067 3342 1110 τι,
3379 1050 3478 1102 οὐκ
3519 1050 3583 1101 ἂν
3610 1049 3694 1117 εἴη

2114 1145 2271 1208 Θεός.
2305 1145 2427 1206 Πῶς
2455 1143 2512 1198 δὲ
2542 1143 2632 1196 καὶ
2662 1142 2878 1206 πολλοῖς
2905 1141 3020 1196 οὑσι
3055 1141 3115 1196 τὸ
3159 1141 3572 1212 ἀπερίγραπτον
3597 1158 3697 1208 φυ-

2114 1236 2490 1307 λαχθὴσεται;
2541 1235 2670 1290 ἔνθα
2717 1235 2826 1304 γὰρ
2858 1235 2923 1288 ἂν
2971 1234 3054 1304 εἴη
3095 1234 3123 1285 6
3163 1229 3267 1298 εἷς,
3305 1234 3407 1286 οὑκ
3449 1232 3515 1284 ἂν
3555 1233 3641 1302 εἴη
3669 1233 3696 1283 ὁ

2116 1331 2326 1399 ἕτερος.
2370 1330 2461 1380 Δεῖ
2511 1326 2568 1383 δὲ
2618 1327 2709 1380 τὸν
2751 1325 2885 1380 Θεὸν
2938 1325 3354 1394 ἀπερίγραπτςν
3401 1319 3562 1384 εἶναι,
3607 1320 3699 1374 καὶ

2117 1423 2299 1476 πάντα
2364 1411 2716 1491 π>.ήροῦντα,
2765 1417 2860 1470 καὶ
2920 1418 2978 1468 ὲν
3028 1416 3208 1484 ἐαυτῷ
3262 1415 3696 1484 περιγράφοντα.

2119 1511 2332 1574 "mm;
2360 1527 2417 1563 τε
2445 1511 2538 1568 καὶ
2565 1509 2682 1572 πῶς
2715 1509 2818 1561 ὑπὸ
2855 1507 3064 1561 πολλῶν
3093 1509 3120 1560 6
3156 1507 3360 1576 κόσμος
3414 1507 3696 1573 σύγκειται

2119 1606 2214 1658 καὶ
2243 1602 2734 1675 κυϐερνηθήσεται,
2763 1604 2861 1672 τῆς
2891 1599 3154 1674 διαφορᾶς
3207 1597 3526 1654 ἐναντίωσιν
3553 1598 3702 1654 εἱσα-

2119 1710 2358 1762 γουση;;

2124 1991 2234 2046 Τοῦ
2257 1990 2443 2046 αὑτοῦ
2472 1987 2918 2059 συλλογιστικὴ
2949 1983 3258 2051 ἀπόδειξις
3289 1983 3422 2050 περὶ
3452 1980 3561 2036 τοῦ
3587 1980 3701 2034 Adv

2683 2077 2793 2110 νου
2828 2058 2926 2110 καὶ
2967 2056 3123 2110 Υίοῦ.

2683 2077 2793 2126 γου
2828 2073 2926 2110 και
2969 2073 2991 2110 ι
3010 2073 3123 2109 ιου.

2204 2156 2262 2209 Ὀ
2291 2153 2446 2218 Θεὸς,
2477 2152 2683 2215 τέλειος
2718 2149 2816 2216 ὣν,
2870 2150 2971 2202 οὐκ
3015 2145 3208 2214 ἄλογός
3253 2148 3390 2197 ἐστι.
3430 2143 3602 2210 Λόγον
3644 2140 3700 2194 δὶ

2124 2249 2288 2318 ἔχων,
2330 2247 2432 2299 οὑκ
2459 2244 2829 2297 ἀνυπόστατον
2867 2241 2980 2308 ἕχει
3012 2236 3220 2302 τοῦτον,
3255 2234 3361 2288 οὐδ’
3397 2235 3702 2302 ἀρξάμενον

2120 2343 2214 2396 τοῦ
2245 2333 2409 2403 εἷναι,
2439 2337 2560 2391 οὐδὲ
2588 2337 2957 2404 παυσόμενον.
2981 2331 3054 2385 Οὐ
3082 2330 3189 2399 γὰρ
3225 2323 3293 2400 ἦν
3329 2344 3456 2381 ποτε
3487 2327 3703 2392 ἄλογος,

2121 2435 2257 2488 ἀλλὰ
2288 2432 2376 2485 ἀεὶ
2423 2429 2521 2492 ὣν,
2553 2430 2639 2480 ἀεὶ
2669 2428 2762 2480 τὸν
2810 2423 3008 2478 ἑαυτοῦ
3053 2423 3226 2489 Λόγον
3257 2419 3394 2488 ἔχει,
3449 2419 3508 2480 ἐξ
3539 2415 3703 2474 αὑτοῦ

2125 2541 2184 2576 τε
2211 2520 2573 2591 γεννώμενον,
2609 2516 2705 2567 καὶ
2730 2515 2788 2566 ὲν
2813 2510 2962 2580 αὑτῷ
2996 2509 3244 2577 μένοντα,
3273 2504 3367 2558 καὶ
3385 2504 3582 2567 ζῶντα,
3613 2500 3706 2553 καὶ

2122 2587 2348 2672 τέλειον.
2388 2587 2483 2662 οιαὶ
2530 2605 2590 2658 οὑ
2632 2605 2775 2658 κατὰ
2806 2602 2897 2654 τὸν
2923 2597 3190 2670 ἡμέτερον
3235 2593 3411 2662 λόγον.
3447 2588 3549 2642 Ὧν
3595 2587 3706 2658 γὰρ

2123 2708 2183 2759 τὸ
2233 2699 2372 2756 εἶναι
2419 2700 2698 2768 διάφορον,
2745 2693 2951 2746 τούτων
2998 2689 3094 2741 καὶ
3131 2690 3158 2740 6
3205 2686 3362 2751 λόγος
3423 2681 3702 2749 διὰφορος.

2125 2799 2336 2866 ’Ὠσπερ
2366 2794 2420 2846 δὲ
2455 2795 2482 2844 6
2515 2789 2784 2861 ἡμέτερος
2817 2785 2974 2853 λόγος
3025 2783 3089 2834 ὲκ
3117 2778 3211 2833 τοῦ
3248 2776 3339 2830 νοῦ
3371 2771 3706 2844 γεννώμενος

2125 2886 2246 2940 οὔτε
2279 2883 2455 2938 διόλου
2503 2882 2530 2932 6
2564 2878 2723 2941 αὑτός
2755 2877 2870 2928 ἐστι
2904 2872 2982 2942 τῷ
3027 2869 3124 2939 νῷ,
3177 2866 3302 2924 οὔτε
3358 2861 3706 2916 παντάπασιν

2125 2981 2312 3050 ἔτερος
2334 2991 2349 3006 °
2370 2977 2441 3042 ,ἐκ
2468 2972 2561 3028 τοῦ
2588 2969 2679 3028 νοῦ
2721 2969 2819 3038 μὲν
2849 2965 2958 3036 γὰρ
2988 2963 3064 3016 ὣν
3094 2959 3254 3022 ἄλλος
3302 2958 3416 3010 ἐστὶ
3447 2951 3577 3023 παρ’
3606 2952 3707 3004 αὑ-

2129 3069 2240 3133 τὸν,
2265 3067 2426 3125 αὑτὸν
2459 3063 2515 3116 δὲ
2542 3061 2633 3113 τὸν
2657 3057 2780 3112 νοῦν
2811 3054 3093 3126 ἐμφαίνων
3139 3051 3240 3102 οὑκ
3277 3048 3393 3098 ἔστι
3423 3041 3706 3102 παντελῶς

2127 3160 2212 3216 Era
2224 3176 2313 3228 ρος
2347 3155 2478 3225 παρ’
2505 3151 2688 3213 αὑτὸν,
2726 3147 2840 3203 ἀλλ’
2891 3147 2948 3205 ἓν
2978 3143 3052 3198 ὣν
3069 3143 3212 3198 κατὰ
3241 3139 3337 3208 τὴν
3377 3136 3562 3204 φύσιν,
3586 3132 3705 3185 ξτες

2131 3254 2221 3322 ρός
2246 3253 2360 3302 ἐστι
2394 3247 2471 3317 τῷ
2510 3241 2892 3310 ὑποκειμένην
2941 3237 3082 3290 οὑτω
3117 3235 3208 3287 καὶ
3239 3235 3267 3284 6
3305 3230 3399 3283 τοῦ
3433 3225 3570 3279 Θεοῦ
3600 3226 3705 3280 Ari-

2127 3317 2245 3410 γος,
2282 3343 2336 3403 ξς
2366 3342 2512 3391 ἐστιν
2542 3337 2570 3389 6
2594 3335 2743 3398 Υἱὸς,
2770 3332 2848 3404 τῷ
2881 3331 2980 3402 μὲν
3021 3326 3317 3396 ὑφεστάναι
3364 3321 3486 3374 καθ’
3514 3317 3707 3372 ἑαυτὸν

2128 3435 2384 3506 διῄρηται
2431 3430 2570 3500 πρὸς
2617 3428 2826 3480 ἐκεῖνον
2880 3421 3011 3493 παρ’
3040 3415 3101 3474 οὑ
3133 3417 3232 3486 τὴν
3277 3413 3532 3483 γέννησιν
3569 3410 3702 3480 ἔχει,

2130 3500 2319 3598 δὲ
2379 3523 2553 3577 ταῦτα
2606 3518 2906 3574 “δεικνύειν
2969 3515 3028 3567 ὲν
3093 3507 3294 3578 ἐαυτῷ,
3347 3505 3384 3566 ἃ,
3439 3503 3566 3573 περὶ
3617 3500 3706 3553 τὸν

2131 3596 2262 3680 Θεὸν
2303 3617 2588 3688 θεωρεῖται
2647 3614 2707 3668 ἓν
2744 3615 2858 3664 ἐστι
2883 3609 3017 3680 πρὸς
3057 3605 3219 3664 αὑτὸν
3247 3598 3391 3658 κατὰ
3417 3596 3598 3670 φύσιν.

2143 3902 2250 3958 Τοῦ
2299 3899 2487 3954 αὑτοῦ
2553 3890 2992 3962 συλλογιστικὴ
3055 3884 3360 3952 ἀπόδειξις
3415 3880 3550 3949 περὶ
3600 3879 3706 3934 τοῦ

2636 3968 2733 4036 dri
2736 3983 2806 4018 ου
2838 3962 3221 4029 ιινεύματος.ε

2207 4065 2299 4118 Δεῖ
2333 4063 2422 4117 τ’δν
2471 4061 2644 4128 Λόγον
2692 4057 2837 4127 ἔχειν
2883 4056 2976 4106 καὶ
3033 4051 3254 4119 Πνεῦμα
3307 4061 3711 4117 συμπαρομαρ-

2140 4157 2266 4211 τοῦν
2301 4154 2471 4226 αὐτῷ,
2503 4151 2612 4206 ’καὶ
2644 4146 2912 4219 φανεροῦν
2939 4143 3102 4198 αὑτοῦ
3133 4141 3229 4208 τὴν
3259 4140 3563 4208 ἐνέργειαν.
3595 4136 3706 4189 Καὶ

2142 4250 2252 4318 γὰρ
2285 4249 2312 4300 6
2337 4246 2605 4316 ἡμέτερος
2639 4241 2792 4309 λόγος
2816 4239 2914 4293 οὑκ
2946 4233 3174 4305 ἄμοιρός
3209 4233 3326 4284 ἐστι
3373 4229 3708 4298 πνεύματος.

2141 4341 2279 4408 ὅπερ
2331 4339 2390 4390 ὲν
2426 4334 2506 4404 τῷ
2549 4331 2726 4401 καιρῷ
2767 4329 2862 4399 τῆς
2917 4325 3282 4392 ὲκφωνήσεως
3313 4321 3463 4391 φωνὴ
3503 4319 3714 4388 γίνεται

459 4409 577 4437 Ὗ--

459 4461 545 4515 vis
576 4458 720 4511 illius
766 4449 1097 4508 declaratur.
1147 4442 1348 4498 Verum
1385 4439 1440 4493 in
1485 4435 1644 4492 nobis
1680 4432 1902 4503 spiritus
1949 4429 2028 4483 hic

2139 4431 2218 4502 τῷ
2244 4431 2386 4500 λόγῳ
2408 4427 2566 4498 ἡμῶν
2593 4422 2904 4494 φανεροῦσα
2933 4417 3031 4492 τὴν
3061 4415 3252 4469 τούτου
3278 4415 3535 4482 δύναμιν.
3574 4409 3714 4463 Ἀλλ’

461 4553 530 4605 ab
553 4545 787 4604 essentia
818 4550 1008 4598 nostra
1041 4537 1253 4591 alienus
1282 4541 1387 4596 est,
1433 4544 1557 4584 cum
1587 4526 1659 4582 sit
1709 4523 1944 4578 inﬂuens
1986 4529 2042 4576 et

463 4642 691 4696 ellluens
714 4633 932 4708 quidam
965 4643 1078 4683 aer.
1114 4625 1174 4679 1n
1205 4625 1316 4678 Deo
1359 4629 1540 4677 autem
1584 4612 2041 4687 quemadmodum

465 4729 702 4787 Verbum
731 4701 859 4779 ’non
911 4720 977 4775 ad
1027 4715 1180 4773 verbi
1232 4711 1404 4769 nostri
1464 4706 1895 4766 similitudinem,
1949 4701 2042 4755 sed

463 4836 563 4893 per
599 4816 897 4874 essentiam
947 4808 1219 4874 subsistit,
1274 4815 1330 4859 et
1371 4801 1638 4864 eamdem,
1683 4811 1846 4868 quatn
1875 4795 2043 4849 'Pater

443 4919 720 4986 .naturam
753 4905 940 4970 habet,
972 4902 1051 4958 sic
1090 4907 1145 4955 et
1181 4897 1421 4968 Spiritus
1460 4899 1682 4951 sanctus
1715 4902 1812 4956 per
1854 4899 2044 4940 essen-

427 5049 430 5052 λ
474 4981 603 5059 tiam
640 4997 908 5062 subsistit,
958 5002 1012 5049 et
1057 5008 1122 5048 ex
1171 4991 1329 5046 Patre
1375 4985 1699 5057 procedens,
1740 4989 1795 5035 et
1837 4981 1892 5034 in
1929 4979 2047 5047 ipso

473 5093 765 5155 cxsistens,
798 5098 853 5142 et
885 5087 1058 5141 Verbo
1092 5100 1157 5158 ac
1185 5082 1319 5136 Filio
1375 5077 1745 5135 testimonium
1794 5073 2048 5137 reddens,

472 5200 706 5255 eumque
739 5177 1068 5250 signiﬁcans,
1125 5188 1287 5227 unam
1347 5179 1401 5225 et
1447 5168 1692 5224 eamdem
1741 5180 1864 5220 cum
1916 5160 2049 5233 ipsis

473 5289 730 5332 naturam
770 5271 956 5325 habet.
1634 5264 1643 5272 ‘

475 5388 728 5459 Ejusdem
754 5380 1084 5459 admir_al_t_ilis
1125 5393 1215 5447 per
1254 5359 1512 5459 exenipla'
1533 5357 1902 5459 ιιςιιεὶοοὶιιίιιίο,
1947 5380 2051 5459 q‘na

545 5441 783 5520 Patrem,
825 5465 873 5510 et
901 5441 1134 5516 Filium,-
1166 5459 1210 5502 ct
1250 5441 1506 5513 Spiritum
1533 5441 1779 5496 ‘attnctum
1823 5453 1933 5491 esse
1959 5441 2052 5488 de-

547 5537 824 5584 monstrat.
1635 5537 1663 5550 ι-

547 5638 1013 5710 Quemadmodum
1068 5634 1197 5689 solis
1251 5629 1456 5693 radius,
1499 5623 1553 5681 et
1596 5611 1683 5678 lui
1729 5622 1809 5676 sic
1855 5620 1921 5674 ad
1957 5631 2054 5671 nos

484 5752 656 5806 usque
688 5731 1033 5803 perveniunt,
1087 5736 1143 5780 ut
1173 5740 1274 5779 nec
1325 5737 1354 5775 a
1403 5721 1516 5775 sole
1559 5715 1863 5780 discedant,
1897 5727 1994 5764 nec
2025 5724 2054 5762 a

2145 4526 2233 4596 ἐφ’
2273 4521 2427 4592 ἡμῶν
2483 4519 2582 4589 μὲν
2633 4515 2910 4584 ἀλλότριον
2955 4513 3054 4580 τῆς
3101 4508 3375 4580 ἡμετέρας
3427 4504 3615 4567 οὐσίας
3653 4504 3716 4556 τὸ

2147 4594 2364 4684 πνεῦμα
2391 4613 2452 4665 τὸ
2499 4612 2660 4674 ἀέρος
2690 4607 2749 4660 ὂν
2793 4602 2980 4674 είσροὴ
3038 4603 3131 4656 καὶ
3181 4599 3343 4671 ἑκροή
3375 4614 3390 4630 ο
3419 4596 3512 4649 ἐπὶ
3537 4595 3592 4649 δὲ
3619 4594 3716 4649 τοῦ

2147 4709 2298 4776 Θεοῦ,
2324 4708 2511 4775 ὥσπερ
2561 4704 2590 4756 6
2627 4701 2796 4769 Λόγος
2841 4699 2902 4753 οὐ
2939 4698 3082 4752 κατὰ
3119 4697 3208 4749 τὸν
3266 4692 3557 4762 ἡμέτερον,
3598 4689 3715 4742 ἀλλ’

2148 4800 2419 4860 οὖσιωδῶς
2469 4791 2736 4864 ὑφεστὼς,
2789 4789 3016 4858 καὶτῆς
3060 4789 3229 4855 αὐτῆς
3269 4783 3452 4844 οὐσίας
3495 4784 3588 4835 καὶ
3618 4780 3717 4848 φύ-

2152 4909 2288 4953 σεως
2326 4889 2405 4960 τῷ
2445 4886 2753 4956 γεννήτορι,
2807 4882 2948 4936 οὕτω
2979 4881 3159 4932 καὶτὸ
3207 4875 3432 4943 Πνεῦμα
3464 4873 3526 4926 τὸ
3566 4873 3719 4939 ἅγιον

2150 4982 2424 5043 οὑσιωδῶς
2479 4975 2750 5047 ὑφεστὼς,
2796 4973 2890 5026 καὶ
2935 4975 3032 5037 τῆς
3066 4969 3232 5037 αὐτῆς
3260 4966 3334 5036 τῷ
3373 4965 3492 5035 Θεῷ
3533 4963 3720 5023 οὐσίας

2151 5079 2244 5129 καὶ
2274 5073 2489 5143 φύσεως
2523 5071 2618 5122 καὶ
2652 5065 2987 5134 τελειότητος
3019 5064 3080 5114 ὲκ
3102 5060 3196 5112 τοῦ
3244 5058 3457 5128 Πατρὸς
3509 5053 3717 5126 προϊὸν,

2151 5168 2247 5220 καὶ
2293 5167 2348 5217 ὲν
2380 5163 2528 5230 αὑτῷ
2581 5160 2661 5224 ὃν,
2697 5157 2793 5211 καὶ
2829 5155 2907 5227 τῷ
2959 5155 3120 5221 Λόγῳ
3151 5154 3244 5206 καὶ
3275 5150 3388 5219 rte
3429 5160 3718 5218 συμπαρο-

2155 5255 2418 5330 μαρτοῦν,
2450 5254 2544 5307 καὶ
2583 5249 2915 5321 ὲκφαντικὸν
2943 5246 3194 5316 ὑπάρχον
3226 5241 3414 5297 αὑτοῦ.

2158 5370 2270 5426 Τοῦ
2341 5363 2528 5420 αὐτοῦ
2582 5358 3092 5436 παραδειγματική
3119 5355 3452 5436 ’ἀπόδειξις
3488 5353 3723 5436 ιθαιυιια-

2228 5420 2486 5498 omnim
2539 5420 2678 5502 περί
2723 5420 2975 5499 Ματρὸς,
3036 5420 3135 5481 καὶ
3194 5426 3347 5491 Υὶοῦ,
3403 5421 3502 5477 καὶ
3552 5420 3726 5488 ἁγίου

2227 5509 2590 5576 Ιινεύμιιτος.
3029 5551 3031 5555 .

2227 5622 2439 5690 Ὥσπερ
2470 5620 2501 5688 ἡ
2539 5615 2630 5670 τοῦ
2659 5615 2809 5687 ἡλίου
2836 5614 2994 5676 ἀκτὶς
3030 5612 3125 5666 καὶ
3165 5608 3278 5676 φῶς
3307 5604 3430 5658 οὔτε
3453 5601 3548 5656 τοῦ
3576 5601 3728 5672 ἡλίου

2157 5708 2679 5786 χωριζόμενα,λοὺτε
2718 5708 2964 5778 ἀλλήλων
3000 5701 3464 5768 ἁποδιαιρούμενα
3503 5694 3630 5749 aut!
3672 5710 3726 5745 σι
