4094 6286
449 307 517 369 4.7
1488 358 1491 359 κ
1662 326 2045 391 summu
2122 334 2485 397 ZlGABENI
3623 337 3695 399 48

446 423 739 494 theologia.
773 425 890 492 Qua
936 429 1149 487 ratione
1180 446 1245 487 ex
1276 432 1602 505 incorporeo
1634 436 2001 510 ἰηάἱνίιιυοςυι

2131 443 2414 513 θεολογίας
2458 447 2577 510 Πῶς
2608 450 2672 501 ἐκ
2722 447 2816 502 τοῦ
2856 450 3023 504 αὔλου
3060 452 3151 506 καὶ
3199 449 3441 522 ἀμεροῦς
3489 450 3695 519 ἀγαθοῦ

446 511 590 566 bono
619 513 807 568 intima
832 516 1084 573 bonitatis
1119 519 1322 576 lumina
1349 524 1636 592 pullulent,
1663 537 1719 581 et
1748 544 1777 580 a
1801 540 2001 584 coaeter

2124 536 2194 587 τὰ
2228 511 2495 607 ἐγκάρεια
2528 541 2627 608 τῆς
2663 539 2995 610 ἀγαθότητος
3044 540 3207 611 ἐξέφυ
3239 511 3434 609 λρένὲα,
3462 511 3558 594 sui.
3598 540 3696 608 τῆς

446 619 517 657 na
548 619 671 658 cum
722 607 840 676 ipsa
870 610 1222 679 pullulatione
1272 614 1326 667 in
1354 615 1492 684 ipso,
1528 627 1583 670 et
1617 617 1670 671 in
1725 619 1938 688 seipsis,
1969 631 2021 676 et

446 693 587 749 inter
625 712 684 751 se
737 702 1019 757 mansione
1073 704 1152 760 sic
1182 717 1402 775 exeant,
1442 718 1498 763 ut
1526 709 1595 764 ab
1621 725 1684 764 ea
1743 726 2021 782 nunquam

446 789 750 846 discedant.

568 905 655 957 Ex
691 908 863 974 capite
886 907 922 960 2
951 909 1012 963 de
1041 911 1190 963 unita
1236 911 1589 983 distinctaque
1614 914 1893 983 theologia.

510 1074 570 1129 In
604 1078 805 1133 unione
830 1081 1007 1136 divina
1032 1083 1148 1138 sive
1178 1098 1372 1141 natura
1409 1088 1496 1142 illa
1523 1091 1817 1145 essentiam
1855 1107 2021 1164 supe-

440 1176 593 1221 rante
622 1169 920 1238 conjuncta
960 1174 1183 1242 quidem
1238 1188 1365 1231 sunt
1414 1189 1469 1233 et
1496 1182 1810 1235 communia
1842 1186 2017 1239 unicae

437 1258 830 1331 principalique
894 1265 1119 1320 trinitati
1153 1269 1474 1324 exsistentia
1524 1274 1813 1328 essentiam
1856 1290 2015 1346 supe—

436 1363 582 1415 rans,
625 1352 882 1408 divinitas
906 1356 1192 1412 divinitate
1217 1361 1488 1429 superior,
1518 1362 1735 1418 bonitas
1770 1365 2013 1422 bonitate

436 1442 802 1510 praestantior,
834 1448 1027 1500 eadem
1065 1450 1205 1504 ratio
1240 1452 1404 1505 totius
1446 1454 1796 1523 proprietatis
1828 1459 2011 1514 omnia

435 1533 744 1600 superantis
766 1536 948 1589 omnia
975 1552 1262 1607 superans,
1296 1542 1478 1598 unitas
1511 1545 1779 1615 principio
1832 1549 2013 1603 excel-

435 1625 650 1688 lentior,
682 1625 973 1693 ineffabile,
997 1632 1142 1698 quod
1177 1634 1365 1688 multis
1400 1636 1631 1691 vocibus
1663 1640 2005 1706 enuntiatur,

435 1713 705 1785 ignoratio
752 1734 872 1787 quae
920 1722 1122 1789 passim
1187 1723 1509 1796 intelligitur
1537 1730 1779 1800 omnium
1814 1732 2009 1801 positio

433 1806 673 1860 omnium
697 1808 918 1874 ablatio,
936 1813 1254 1869 excellentia
1276 1831 1493 1872 omnem
1515 1820 1843 1888 positionem
1870 1824 2011 1878 abla-

432 1894 743 1967 tionemque
770 1914 1057 1970 superans,
1091 1919 1454 1973 personarum
1506 1911 1717 1966 ratione
1753 1916 2006 1984 principii

431 1985 849 2057 dominantium,
870 1993 915 2048 si
934 1994 1118 2050 dicere
1144 1997 1218 2051 ita
1237 1998 1383 2066 licet,
1412 2011 1599 2056 mutua
1620 2004 1761 2059 inter
1778 2022 1836 2061 se
1858 2023 2009 2061 man-

430 2077 533 2143 sio,
571 2090 732 2149 atque
758 2084 921 2139 sedes
966 2100 1131 2155 supra
1163 2090 1383 2144 modum
1444 2094 1617 2161 unita,
1647 2096 1903 2167 nullaque
1941 2115 2007 2153 ex

429 2178 583 2236 parte
608 2171 855 2240 confusa,
877 2176 1336 2244 quemadmodum
1365 2181 1573 2238 lumina
1596 2185 1926 2256 lampadum,
1947 2198 2007 2243 ut

429 2261 616 2316 sensui
669 2265 931 2332 expositis
964 2275 1015 2321 et
1047 2268 1286 2337 propriis
1326 2282 1546 2327 utamur
1604 2278 1895 2346 exemplis,
1947 2279 2003 2333 in

374 2344 375 2347 “
429 2350 594 2405 domo
634 2367 741 2407 una
766 2370 888 2409 cum
927 2356 1059 2423 sint,
1096 2368 1152 2413 et
1186 2370 1296 2415 tota
1332 2363 1386 2416 in
1439 2364 1567 2419 totis
1633 2344 1820 2421 mutuo
1854 2378 2001 2433 sunt,

425 2453 481 2498 et
513 2446 703 2514 puram
739 2448 1150 2521 absolutamque
1194 2454 1337 2509 inter
1371 2470 1428 2510 se
1461 2458 1678 2527 proprie
1701 2461 2004 2515 subsisten-

426 2546 537 2590 tem
571 2536 773 2593 habent
794 2540 1229 2608 distinctionem,
1259 2546 1592 2602 discretione
1617 2552 1835 2617 quidem
1871 2568 2002 2607 con-

424 2628 631 2698 juncta,
661 2640 717 2686 et
740 2633 953 2690 unione
985 2651 1202 2690 rursum
1233 2637 1376 2692 inter
1406 2654 1464 2693 se
1493 2640 1751 2698 discreta.
1791 2642 1848 2697 In
1884 2644 2003 2713 ipsa

423 2722 640 2790 quidem
666 2724 834 2781 domo
861 2742 992 2783 cum
1027 2729 1307 2799 lampades
1343 2746 1591 2787 accensa:
1619 2744 1749 2788 sunt
1792 2735 2001 2803 multa,

423 2814 673 2870 videmus
703 2818 948 2872 omnium
988 2820 1193 2874 lumina
1240 2822 1308 2877 ad
1345 2839 1516 2876 unum
1567 2825 1837 2893 quoddam
1868 2842 2000 2881 con-

420 2903 611 2973 juncta
674 2908 879 2973 lumen,
916 2925 1194 2980 unumque
1244 2914 1594 2983 splendorem
1652 2916 1997 2974 individuum

424 2995 995 3067 praeferentia.Neque
1020 3012 1225 3069 posset,
1258 3012 1317 3057 ut
1347 3003 1603 3069 arbitror,
1636 3006 1834 3076 aliquis
1868 3008 2002 3062 latn-

2125 625 2183 678 ἐν
2235 626 2404 696 αὐτῷ,
2459 629 2554 681 καὶ
2592 630 2652 682 ὲν
2704 632 2908 694 αὐτοῖς,
2958 633 3055 686 καὶ
3105 634 3162 685 ὲν
3215 632 3464 703 ἀλλήλοις
3518 634 3697 683 συναῖ-

2122 716 2236 771 δίου
2287 723 2352 790 τῇ
2405 719 2808 793 ἀναϐλαστήσει
2852 725 3022 795 μονῆς
3071 725 3493 796 ἀπομεμένηκεν
3540 724 3698 778 ἀνεκ-

2124 810 2352 880 φοὶτητα
2379 829 2393 877 ;

2135 922 2228 976 Ἐκ
2251 922 2356 976 τοῦ
2401 922 2534 991 περὶ
2558 924 2871 994 ήνωμένης
2896 930 2992 980 καὶ
3020 927 3468 997 διακεκριμένης
3494 931 3693 982 θεολοο

2710 997 2842 1064 γίας
2875 1014 3008 1065 κερ.
3033 999 3117 1061 β’.

2200 1083 2324 1137 Ἐπὶ
2353 1086 2451 1154 τῆς
2488 1086 2739 1150 ἑνώσεως
2762 1089 2859 1157 τῆς
2886 1090 3057 1153 θείας,
3080 1091 3197 1160 ἦτοι
3248 1091 3347 1159 τῆς
3383 1092 3691 1160 ὑπερουσιό-

2115 1190 2298 1242 τητος.
2328 1176 2607 1245 ἡνωμένον
2642 1177 2761 1229 ἐστὶ
2791 1181 2855 1248 τῇ
2894 1180 3158 1250 ὲναρχικῇ
3210 1179 3424 1249 Τριαδι,
3456 1180 3550 1233 καὶ
3574 1198 3691 1234 zot-

2116 1266 2207 1318 νον
2250 1266 2283 1336 ή
2335 1266 2662 1337 ὑπερούσιος
2716 1268 2971 1338 ὓπαρξις,
3029 1273 3062 1339 ή
3117 1271 3378 1340 ὑπέρθεος
3417 1270 3687 1343 θεότης,ή

2117 1357 2462 1427 ὑπεράγαθος
2502 1360 2796 1430 ἁγαθότης,
2831 1362 2863 1431 ἡ
2903 1361 3044 1431 ὑπὲρ
3078 1362 3337 1433 ἐναρχιαν
3377 1362 3588 1432 ἑνότης,
3626 1364 3691 1414 τὸ

2112 1436 2440 1520 ἄφθεγκτον,
2490 1451 2552 1504 τὸ
2587 1452 2925 1521 πολύφωνον,
2966 1456 2998 1525 ἡ
3051 1454 3313 1522 ἀγνωσία,
3355 1455 3416 1506 τὸ
3458 1456 3689 1525 παννὸη-

2111 1556 2225 1607 τον,
2279 1544 2313 1614 ὴ
2362 1542 2581 1597 πάντων
2633 1545 2803 1609 θέσις,
2851 1547 2883 1613 ἡ
2934 1547 3156 1602 πάντων
3203 1546 3513 1616 ἀφαίρεσις,
3558 1549 3591 1617 ή
3629 1550 3687 1599 ἐν

2113 1635 2390 1706 ἀλλήλαις,
2428 1639 2475 1691 εἰ
2519 1637 2661 1691 οὓτω
2700 1637 2806 1707 χρὴ
2838 1638 3022 1707 φάναι,
3066 1638 3175 1691 τῶν
3212 1640 3516 1709 ἐναρχικῶν
3550 1639 3686 1692 ὐπο-

2115 1726 2356 1779 στάσεων
2411 1727 2547 1797 μονὴ
2596 1727 2690 1780 καὶ
2738 1728 2969 1798 ἵδρυσις,
3024 1729 3222 1792 ὁλικῶς
3265 1730 3684 1801 ὑπερηνωμένη,

2113 1817 2370 1888 καθάπερ
2427 1819 2582 1888 φῶτα
2635 1820 2997 1891 λαμπτήρων,
3051 1822 3116 1875 ἶν’
3159 1822 3438 1892 αἰσθητοῖς
3473 1825 3566 1875 καὶ
3611 1824 3687 1879 0i-

2112 1910 2281 1973 κείοις
2329 1912 2792 1982 παραδείγμασιν,
2835 1913 3009 1967 ὄντων
3034 1916 3097 1966 ὲν
3134 1913 3269 1985 οἴκῳ
3304 1915 3407 1969 ὲνῐ.
3452 1916 3560 1968 Καὶ
3588 1915 3685 1968 ὅλα

2110 2000 2221 2069 γὰρ
2252 2003 2310 2053 ἐν
2342 2001 2592 2072 ἀλλήλοις
2623 2004 2767 2065 ὅλοις
2813 2006 2950 2071 ἐστὶ,
2974 2007 3069 2058 καὶ
3101 2005 3302 2077 ἀκριϐῆ
3338 2007 3435 2077 τὴν
3464 2007 3559 2059 ἀπ’
3590 2007 3685 2059 ἁλ-

2108 2087 2283 2157 λήλων
2313 2090 2496 2155 ἰδικῶς
2525 2093 2899 2164 ὑφισταμένην
2943 2095 3058 2164 ἔχει
3099 2097 3397 2164 διάκρισιν,
3424 2096 3682 2166 ἡνωμένα

2106 2186 2172 2253 τῇ
2228 2184 2522 2254 διακρίσει,
2584 2188 2680 2241 καὶ
2733 2191 2801 2258 τῇ
2860 2189 3053 2242 ὲνώσει
3103 2190 3522 2261 διακεκριμένα.
3573 2193 3683 2245 Καὶ

2106 2273 2238 2341 γοῦν
2269 2277 2504 2345 ὁρῶμεν,
2532 2279 2590 2331 έν
2635 2279 2770 2349 οἴκῳ
2800 2279 3010 2335 πολλῶν
3045 2282 3275 2336 ἐνόντων
3318 2283 3681 2356 λαμπτήρων,

2107 2366 2247 2436 πρὸς
2292 2367 2352 2421 ἓν
2398 2385 2452 2420 τι
2498 2369 2614 2437 φῶς
2652 2370 2919 2437 ένούμενα
2973 2372 3043 2425 τὰ
3096 2375 3313 2429 πάντων
3362 2377 3540 2443 φῶτα,
3588 2377 3684 2429 καὶ

2110 2459 2241 2527 μίαν
2266 2460 2462 2529 αἴγλην
2512 2460 2825 2530 ἀδιάκριτον
2872 2464 3286 2531 ἀναλάμποντα,
3331 2467 3425 2518 καὶ
3478 2469 3578 2521 οὐκ
3616 2470 3681 2522 ἄν

2103 2568 2208 2614 τις,
2239 2552 2315 2613 ὡς
2349 2548 2524 2620 οἶμαι,
2562 2552 2782 2606 δύναιτο
2813 2552 2873 2604 τὸ
2902 2554 3055 2605 τοῦδε
3084 2554 3179 2608 τοῦ
3215 2555 3539 2628 λαμπτῆρος
3562 2561 3679 2628 φῶς

2105 2643 2213 2696 ἀπὸ
2248 2644 2355 2696 τῶν
2385 2644 2564 2697 ἄλλων
2598 2646 2662 2696 ἐκ
2708 2642 2802 2696 τοῦ
2830 2643 3008 2697 πάντα
3032 2646 3099 2697 τὰ
3134 2645 3289 2713 φῶτα
3330 2649 3676 2719 περιέχοντος

2103 2735 2264 2803 ἀέρος
2324 2735 2623 2804 διακρῖναι,
2665 2736 2760 2789 καὶ
2812 2736 3093 2790 ἰδεῖνᾶνευ
3148 2738 3377 2808 θατέρου
3424 2740 3672 2811 θάτερον,

2103 2827 2239 2881 ὅλων
2293 2829 2351 2879 ὲν
2412 2827 2555 2889 ὅλοις
2590 2827 2810 2896 ἀμιγῶς
2849 2831 3332 2897 συγκεκραμένων,
3380 2831 3540 2884 Ἀλλὰ
3582 2838 3678 2885 καὶ

2103 2918 2151 2969 εἰ
2209 2916 2300 2971 τὸν
2351 2917 2447 2970 ἕνα
2490 2934 2574 2981 τις
2638 2920 2846 2988 πυρσὸν
2893 2920 3154 2987 ὑπεξάγοι
3199 2922 3293 2974 τοῦ
3354 2924 3626 2994 δωματίου
3655 2966 3671 2991 ,

2108 3007 2550 3074 συνεξελεύσεται
2611 3010 2705 3063 καὶ
2761 3012 2820 3062 τὸ
2877 3010 3077 3063 οἰκεῖον
3130 3011 3279 3064 ἅπαν
3336 3014 3484 3079 φῶς,
3520 3014 3672 3067 οὐδέν

422 3086 575 3155 padis
609 3086 767 3155 hujus
804 3088 988 3144 lumen
1027 3092 1095 3145 ab
1133 3092 1252 3148 aliis
1296 3108 1363 3149 ex
1392 3110 1518 3150 aere
1546 3106 1742 3153 cuncta
1795 3099 2000 3156 lumina

2105 3115 2155 3151 τι
2210 3098 2317 3151 τῶν
2349 3099 2550 3170 ἐτέρων
2618 3101 2807 3169 φώτων
2867 3102 3043 3171 ἐαυτῷ
3085 3108 3667 3174 συνεπισπασάμενον,

378 3240 391 3249 ο
422 3179 737 3234 continente
761 3196 1077 3249 secernere,
1110 3197 1165 3239 et
1199 3202 1365 3241 unum
1388 3188 1456 3243 ab
1486 3189 1658 3245 altero
1686 3192 1996 3261 sejunctum

421 3270 647 3334 intueri,
676 3276 807 3326 eum
873 3282 984 3328 tota
1019 3276 1073 3328 in
1114 3279 1244 3331 totis
1291 3280 1410 3333 sine
1466 3280 1721 3337 mistione
1759 3286 1869 3338 sint
1910 3289 1997 3339 in-

421 3372 588 3416 serta.
622 3362 778 3427 Quod
809 3365 856 3417 si
921 3366 1041 3434 quis
1074 3367 1382 3438 lampadem
1415 3386 1575 3425 unam
1613 3389 1643 3428 e
1685 3377 1862 3429 medio
1895 3380 1995 3433 tol.

420 3450 531 3515 lat,
563 3452 842 3523 proprium
872 3456 998 3526 ejus
1026 3457 1209 3512 lumen
1252 3469 1421 3514 totum
1469 3463 1759 3519 abeuntem
1790 3467 1997 3539 lampa-

418 3546 544 3596 dem
568 3544 947 3611 comitabitur,
986 3563 1085 3602 nec
1111 3550 1345 3605 aliorum
1385 3553 1659 3610 luminum
1696 3560 1994 3630 quidquam

418 3646 605 3685 secum
644 3635 889 3702 trahens,
923 3651 1103 3706 neque
1153 3655 1216 3693 ex
1253 3655 1352 3695 suo
1395 3647 1611 3701 caeteris
1644 3649 1850 3718 aliquid
1891 3652 1996 3707 litt-

417 3737 616 3790 quens.
650 3724 779 3778 Erat
810 3727 978 3789 enim,
1032 3739 1091 3782 ut
1124 3728 1381 3798 diximus,
1436 3734 1547 3790 illie
1583 3738 1820 3805 perfecta
1853 3751 1996 3797 toto-

419 3828 538 3865 rum
583 3828 707 3867 cum
753 3816 880 3869 totis
931 3820 1245 3889 conjunctio
1298 3839 1399 3879 nec
1439 3827 1549 3881 ullo
1599 3829 1759 3884 modo
1809 3833 1990 3899 mista,

416 3916 595 3970 neque
652 3905 760 3961 ulla
795 3921 861 3960 ex
921 3919 1079 3977 parte
1109 3913 1361 3969 confusa.
1406 3915 1472 3971 Et
1526 3918 1640 3974 haec
1669 3922 1885 3989 quidem
1918 3925 1993 3979 ita

416 4006 476 4045 se
534 3992 763 4060 habent,
803 4001 1054 4066 quamvis
1108 4004 1298 4059 lumen
1326 4009 1399 4060 sit
1449 4008 1502 4061 in
1534 4025 1782 4080 corpore,
1840 4030 1988 4083 aere,

415 4093 471 4139 et
526 4101 591 4139 ex
646 4090 893 4156 materia,
927 4108 1122 4163 nempe
1171 4096 1294 4166 igne
1346 4099 1668 4168 dependeat.
1720 4103 1992 4162 Unionem

415 4192 548 4230 vero
589 4179 733 4233 illam
778 4187 1015 4238 essentia
1053 4189 1391 4255 superiorem
1428 4197 1814 4251 transcendere
1848 4200 1989 4252 dici-

413 4283 558 4333 ntus,
583 4283 691 4321 non
720 4273 949 4327 uniones
985 4283 1213 4335 tantum,
1240 4292 1360 4345 qua:
1383 4279 1517 4333 tiunt
1549 4280 1603 4333 in
1628 4297 1876 4352 corpore,
1896 4288 1991 4341 sed

414 4357 536 4410 illas
567 4359 755 4424 etiam,
787 4376 907 4429 qua:
966 4364 1017 4417 in
1052 4368 1255 4421 animis
1291 4368 1680 4436 coniiciuntur,
1728 4374 1839 4429 ituo
1898 4392 1990 4431 cas

2100 3188 2133 3259 ἢ
2168 3189 2226 3241 τὸ
2269 3189 2463 3244 ἑαυτοῦ
2512 3193 2626 3252 τοῖς
2677 3192 2885 3260 ἑτέροις
2921 3192 3239 3248 καταλιπόν.
3303 3189 3411 3246 Ἦν
3445 3196 3551 3264 γὰρ
3582 3197 3674 3250 a0-

2100 3279 2227 3342 τῶν,
2269 3280 2406 3349 ὅπερ
2457 3280 2616 3351 ἔφην,
2650 3283 2682 3351 ἡ
2718 3282 2857 3335 ὅλων
2924 3283 3059 3353 πρὸς
3104 3285 3202 3338 ὅλα
3238 3286 3506 3356 παντελὴς
3537 3287 3671 3341 ἓνωο

2102 3387 2184 3433 σις
2232 3372 2437 3441 ἀμιγὴς
2482 3374 2733 3433 καθόλου.
2781 3378 2874 3428 καὶ
2921 3377 3098 3430 οὐδενὶ
3138 3378 3297 3446 μέρει
3344 3386 3675 3448 συμπεφυρε

2102 3463 2261 3533 μένη.
2301 3465 2410 3517 Καὶ
2440 3464 2610 3518 ταῦτα
2649 3465 2801 3529 ὄντος
2831 3470 2887 3521 ἐν
2945 3466 3161 3537 σώματι
3187 3469 3265 3539 τῷ
3299 3471 3459 3540 ,ἀέρα
3490 3473 3583 3523 καὶ
3611 3472 3671 3535 ἐξ

2099 3552 2286 3605 ὲνύλου
2340 3554 2435 3607 τοῦ
2491 3559 2662 3625 πυρὸς
2712 3558 3025 3627 ἠρτημένου
3078 3559 3172 3612 τοῦ
3213 3559 3411 3627 φωτὸς,
3444 3561 3577 3613 ὅπου
3605 3578 3668 3633 γε

2095 3641 2193 3711 τὴν
2219 3643 2544 3713 ὑπερούσιον
2593 3645 2787 3699 ἕνωσιν
2827 3645 3224 3716 ὑπεριδρύσθαι
3261 3648 3439 3716 φαμὲν
3469 3648 3531 3699 οὐ
3559 3650 3669 3699 τῶν

2095 3734 2153 3786 ὲν
2195 3735 2409 3802 σώματι
2448 3739 2608 3805 μόνον
2649 3736 2919 3802 ὲνώσεων,
2952 3738 3089 3791 ἀλλὰ
3131 3738 3226 3792 καὶ
3256 3738 3364 3793 τῶν
3386 3740 3443 3791 ὲν
3470 3738 3666 3807 ψυχαῖς

2095 3825 2309 3889 αὐταῖς,
2340 3827 2434 3879 καὶ
2463 3830 2519 3879 ὲν
2560 3828 2745 3891 αὐτοῖς
2794 3830 2925 3893 νοίς,
2956 3827 3023 3892 ἃς
3064 3828 3278 3900 ἔχουσιν
3312 3829 3526 3899 ἀμιγῶς
3573 3833 3665 3883 καὶ
3734 3894 3737 3897 _

2097 3917 2485 3988 ὑπερκοσμίως
2519 3920 2588 3973 δι’
2629 3921 2766 3973 ὅλων
2797 3922 2893 3979 ὅλοι
2954 3922 3025 3974 τὰ
3076 3922 3280 3992 θεοειδῆ
3308 3927 3399 3989 καί
3431 3922 3666 3991 ὑπερουο

2097 4011 2258 4081 ρανία
2293 4012 2448 4079 φῶτα
2496 4012 2639 4065 κατὰ
2680 4013 2897 4081 μέθεξιν
2944 4014 3206 4082 ἀνάλογον
3233 4014 3347 4075 τοῖς
3377 4012 3667 4082 μετέχουσι

2092 4104 2192 4171 τῆς
2243 4105 2463 4157 πάντων
2511 4104 2906 4175 ὑπερηρμ.ένης
2947 4106 3216 4167 ὲνώσεως.
3280 4106 3436 4157 Ἔστι
3474 4107 3531 4158 δὲ
3572 4106 3668 4159 καὶ

2091 4194 2367 4261 διάκρισις
2414 4198 2469 4249 ὲν
2503 4199 2624 4258 ταῖς
2667 4195 3015 4264 ὑπερουσίοις
3077 4194 3399 4260 θεολογίαις,
3453 4197 3552 4265 οὐχ
3598 4197 3666 4264 ἣν

2095 4283 2233 4351 ἔφην
2282 4284 2464 4352 μόνον,
2513 4285 2595 4337 ὅτι
2640 4285 2782 4337 κατὰ
2834 4285 2936 4355 τὴν
2994 4284 3187 4341 ἕνωσιν
3244 4285 3461 4354 ἁμιγῶς
3515 4288 3666 4356 ἵδρυ-

2091 4391 2182 4427 ται
2229 4375 2325 4427 καὶ
2368 4375 2689 4445 ἁσυγχύτως
2720 4376 2931 4446 ἑκάστη
2988 4377 3094 4429 τῶν
3153 4377 3460 4447 ἑναρχικῶν
3523 4379 3667 4435 ὑπο-

413 4464 651 4518 quoque,
686 4467 807 4520 quae
835 4454 1148 4510 elIiciuntur
1189 4460 1240 4511 in
1272 4462 1566 4529 mentibus,
1606 4480 1741 4534 quas
1767 4468 1987 4536 quidem

2105 4468 2362 4529 στάσεων,
2416 4466 2530 4520 ἀλλ’
2562 4468 2644 4521 ὅτι
2688 4470 2785 4521 καὶ
2823 4469 2893 4523 τὰ
2940 4470 3041 4538 τῆς
3095 4470 3422 4540 ὑπερουσίον
3481 4471 3666 4539 θεογο-

419 4552 530 4595 tota
566 4543 653 4597 illa
680 4544 865 4600 divina
895 4556 949 4602 et
1004 4555 1415 4620 supercmlestia
1445 4556 1673 4624 lumina,
1706 4575 1801 4628 per
1854 4570 1990 4630 tota,

415 4634 626 4690 ratione
648 4637 767 4706 plus
793 4654 955 4709 quam
987 4644 1260 4698 mundana
1288 4645 1504 4701 sincere
1528 4651 1821 4708 admodum
1861 4670 1988 4724 pos-

2091 4559 2209 4621 νιας
2256 4560 2356 4612 οὐκ
2403 4559 2756 4630 ἀντιστρέφει
2786 4562 2923 4631 πρὸς
2972 4560 3198 4631 ἄλληλα.
3241 4563 3391 4631 Μόνη
3424 4564 3481 4619 δὲ
3512 4564 3665 4635 πηγὴ

2091 4653 2189 4722 τῆς
2228 4651 2553 4721 ὑπερουσίου
2598 4652 2853 4722 θεότητος
2882 4654 2910 4705 ὅ
2941 4653 3150 4723 Πατὴρ,
3188 4656 3289 4707 οὐκ
3335 4654 3489 4717 ὄντος
3532 4655 3663 4708 Υιοῦ

416 4727 621 4792 sident,
649 4734 1033 4788 communione
1057 4738 1288 4803 quadam
1321 4740 1545 4794 unitatis
1568 4743 1711 4799 illius
1740 4747 1992 4802 omnibus

2105 4745 2179 4797 ιοῦ
2241 4745 2454 4815 [ἰατρὸς
2483 4784 2497 4810 ,
2545 4745 2665 4799 οὐδὲ
2716 4747 2928 4817 Πατρὺς
2988 4745 3083 4800 τοῦ
3152 4746 3276 4801 1⁸ἱοῦ
3310 4761 3326 4776 ⁸
3362 4748 3663 4814 φυλαττόνο

420 4819 802 4875 anteccllentis
857 4831 911 4877 et
996 4827 1289 4897 unicuique
1352 4846 1449 4899 pro
1506 4834 1769 4905 cujusque
1825 4839 1990 4895 modo

2105 4853 2196 4889 των
2233 4836 2290 4891 δὲ
2340 4837 2410 4890 τὰ
2440 4837 2617 4890 οἰκεῖα
2665 4838 2776 4891 τῶν
2813 4839 2998 4909 ὓμνων
3047 4840 3261 4908 εὐαγῶς
3308 4839 3514 4913 ἑκάστῃ
3556 4840 3663 4892 τῶν

410 4906 646 4976 seipsam
675 4909 1059 4980 impartientis.
1112 4917 1208 4971 Est
1260 4930 1441 4975 autem
1472 4924 1729 4980 discretio
1770 4929 1825 4981 in
1876 4944 1973 4982 su-

2105 4928 2401 4998 ὶεαρχικῶν
2439 4928 2817 4984 ὑποστάσεων.

499 4975 507 4976 ,
755 4975 768 4980 -
1877 4975 1940 4982 __
2098 4975 2392 4998 --νη----γ
2446 4975 2817 4984 -.-η-νη-..

402 4975 602 5069 ἷριθιιιο
640 5003 926 5077 theologia,
984 5024 1095 5062 non
1150 5010 1346 5077 solum,
1379 5029 1540 5082 quant
1594 5020 1755 5073 modo
1815 5021 2237 5091 dicebam,qnia
2269 5022 2321 5075 in
2374 5038 2488 5091 ipsa
2557 5023 2762 5078 unitate
2804 5023 2986 5077 divina
3044 5023 3270 5095 singulae
3318 5024 3662 5080 dominantes

412 5113 663 5167 persona:
698 5114 888 5168 puram
946 5112 1001 5157 et
1045 5103 1433 5175 impermistatn
1493 5113 1593 5166 sibi
1651 5125 1873 5169 servant
1924 5119 2332 5187 proprietatem,
2392 5118 2485 5173 sed
2552 5119 2715 5173 etiam
2766 5120 3019 5188 quoniam
3054 5132 3175 5187 qua:
3215 5118 3272 5173 in
3329 5118 3419 5173 illa
3476 5121 3660 5175 divina

411 5199 466 5245 et
514 5192 807 5246 essentiam
860 5207 1159 5264 superante
1208 5203 1555 5273 generatione
1604 5216 1753 5273 sunt,
1793 5208 2033 5266 vicissim
2100 5227 2209 5264 non
2268 5221 2681 5265 convertuntur.
2741 5212 2899 5265 Solus
2957 5213 3100 5266 enim
3190 5212 3314 5267 l'ons
3366 5217 3660 5270 essentiam

409 5285 721 5355 superantis
761 5286 1061 5343 divinitatis
1119 5268 1437 5359 estiPater‘,
1490 5312 1668 5367 neque
1719 5268 1880 5356 Pater
1910 5312 1995 5357 est
2047 5302 2237 5369 Filius,
2272 5319 2449 5373 neque
2481 5304 2648 5359 Filius
2680 5315 2762 5361 cst
2796 5304 2979 5360 Pater.
3030 5305 3215 5375 Itaque
3263 5308 3406 5362 sacri
3473 5309 3658 5381 hymni

408 5392 503 5434 sua
532 5380 826 5449 unicuique
873 5380 1180 5437 divinarum
1214 5400 1575 5454 personarum
1607 5394 1695 5463 pie
1731 5408 2030 5468 sancteque
2055 5408 2403 5454 conservant.

831 5534 855 5573 Ι
924 5481 1009 5532 Ea:
1042 5484 1218 5536 eodem
1264 5487 1456 5555 capite.

486 5588 503 5622 ι
540 5568 731 5625 Nullus
758 5568 956 5631 bonus,
986 5571 1087 5628 nisi
1131 5591 1271 5631 unus
1308 5577 1506 5637 Dcus’.
1542 5601 1558 5633 ι
1597 5582 1727 5640 lllud
1770 5595 1821 5641 et
1848 5586 1973 5643 alibi

481 5741 499 5772 ³
546 5735 753 5791 Matth.
794 5750 900 5794 xui,
944 5733 1024 5787 l7.

2457 5497 2559 5550 Ἕκ
2593 5496 2698 5551 τοῦ
2728 5496 2911 5552 αὑτοῦ
2940 5500 3294 5568 κεφαλαίου.

2154 5590 2343 5654 Οὐδεὶς
2375 5588 2577 5661 ἀγαθὸς
2622 5592 2669 5647 εἰ
2733 5590 2809 5661 μὴ
2865 5592 2893 5644 ὅ
2938 5593 3088 5673 Θεός.
3122 5593 3291 5648 Τοῦτο
3319 5594 3420 5663 μὲν
3441 5588 3533 5648 οὖν
3565 5595 3660 5650 καὶ
