4094 6286
342 443 413 506 ω
1312 444 1690 508 PANOPLIA
1733 445 2293 510 DOGMATICA.—
2332 447 2485 510 TIT.
2523 446 2609 508 Il.
2861 390 2886 408 κ
3517 446 3585 508 50

343 559 401 611 ὲν
425 557 606 619 ἄλλοις
634 555 918 622 ἑξετασθὲν
945 555 1074 626 ἡμῖν
1109 555 1519 612 ἀποδέδεικται·
1567 561 1628 612 τδ
1657 560 1835 622 πάσας
1857 559 1917 612 ἂν

2027 575 2054 614 a
2090 560 2252 615 nobis
2307 575 2609 630 expensum
2664 573 2727 614 ac
2775 559 3204 617 demonstratum
3259 567 3364 624 est,
3395 574 3590 615 omnes
3629 559 3632 562 ’

343 651 442 708 τὰς
479 647 801 715 θεοπρεπεῖς
829 644 1134 716 θεωνυμίας
1161 648 1220 701 οὐ
1251 648 1514 717 μερικῶς,
1546 649 1658 702 ἀλλ’
1695 649 1786 702 ἐπὶ
1818 652 1914 718 τῆς

343 738 479 804 ὅλης
508 738 599 790 καὶ
631 736 924 800 παντελοῦς
958 739 1051 792 καὶ
1093 739 1385 810 ὁλοκλήρου
1415 740 1508 794 καὶ
1535 740 1779 810 πλήρους
1801 740 1916 793 θεό-

343 846 506 896 τητος
531 828 633 880 ὑπὸ
657 829 762 880 τῶν
803 827 997 896 λογίων
1031 829 1314 898 ὑμνεῖσθαι
1338 845 1353 860 ⁶
1401 833 1492 884 καὶ
1542 832 1720 894 πάσας
1749 831 1916 893 αὑτὰς

344 916 589 984 ἁμερῶς,
634 915 938 981 ἀπολύτως,
977 917 1437 990 ἀπαρατηρήτως,
1487 920 1680 984 ὑλικῶς
1730 920 1914 991 ἁπάσῃ

345 1010 408 1076 τῇ
437 1008 643 1074 ὀλότητι
684 1011 783 1079 τῆς
806 1008 1080 1071 ὀλοτελοῦς
1125 1011 1217 1063 καὶ
1248 1010 1426 1080 πάσης
1453 1010 1701 1080 θεότητος
1738 1011 1918 1065 ἀνατί-

345 1099 557 1153 θεεθαι.
603 1100 713 1152 Καὶ
757 1099 886 1167 γοῦν
920 1100 996 1164 ὼς
1024 1103 1080 1154 ἐν
1116 1103 1230 1164 ταῖς
1269 1100 1604 1168 θεολογικαῖς
1633 1100 1920 1156 ὑποτυπώ-

345 1201 492 1244 σεςιν
541 1193 954 1264 ύπεμνήσιμεν,
994 1196 1042 1248 εἰ
1091 1193 1166 1266 μὴ
1205 1197 1334 1263 περὶ
1367 1196 1465 1264 τῆς
1509 1195 1635 1264 ὅλης
1668 1195 1918 1266 θεότητος

344 1282 476 1350 gain
531 1297 617 1344 τις
658 1281 812 1336 τοῦτο
845 1284 1121 1354 εἰρῆσθαι,
1155 1284 1248 1340 καὶ
1299 1283 1615 1356 ἀποσχίζενν
1662 1286 1918 1354 ἀθέσμως

341 1376 515 1446 τολμᾷ
545 1375 644 1444 τὴν
681 1375 1107 1447 ύπερηνωμένην
1137 1378 1317 1444 ὲνάδα,
1340 1379 1529 1450 ῥητέον
1558 1379 1632 1441 ὡς
1666 1379 1825 1441 αὐτός
1858 1395 1916 1432 τε

339 1472 368 1523 6
391 1470 705 1542 ἅγαθοφυὴς
746 1469 849 1540 ἔφη
901 1469 1096 1537 Λόγος,
1134 1469 1214 1524 ὅτι
1258 1491 1276 1522 ι
1298 1469 1441 1539 Ἐγὼ
1478 1472 1680 1540 ἀγαθός
1714 1473 1864 1541 εἰμι·
1894 1491 1914 1524 s

344 1562 439 1613 καί
469 1579 553 1623 τις
584 1561 694 1614 τῶν
722 1563 1036 1631 θεολήπτων
1066 1563 1360 1633 προφητῶν
1392 1564 1569 1633 ὑμνεῖ,
1606 1581 1624 1615 ι
1656 1557 1728 1615 Τὸ
1759 1563 1919 1617 πνεῦ-

351 1653 429 1719 μά
465 1669 554 1705 σου
587 1652 645 1705 τὸ
690 1653 925 1720 ἀγαθόν’
962 1673 981 1706 ›
1034 1655 1127 1708 καὶ
1176 1646 1329 1718 αὖθις
1376 1649 1456 1720 τὸ,
1507 1674 1526 1706 ι
1561 1654 1701 1722 Ἐγώ
1744 1658 1858 1726 εἰμι
1892 1659 1919 1709 6

347 1742 422 1794 ὼν
450 1758 463 1771 ο
503 1762 520 1795 ›
569 1743 616 1796 εἰ
645 1743 719 1814 μὴ
759 1743 881 1797 καθ’
911 1745 1039 1814 ὅλης
1079 1748 1309 1814 φήσουσι
1340 1748 1436 1818 τῆς
1479 1749 1729 1818 θεότητος
1771 1749 1921 1820 εἰρῆ-

347 1835 496 1897 σθαι,
538 1835 662 1888 καθ’
693 1828 750 1889 ἓν
782 1837 840 1889 δὲ
885 1837 1048 1907 μέρος
1081 1838 1212 1890 αὐτὸ
1243 1839 1582 1910 περιγράψαι
1617 1839 1915 1911 βιάσαιντο,

2019 666 2235 720 semper
2264 651 2734 706 denominationes
2759 649 2870 704 Deo
2897 649 3085 722 dignas
3114 665 3223 705 non
3253 664 3352 720 per
3379 657 3584 719 partes,

2021 743 2116 796 sed
2148 741 2198 795 in
2242 750 2376 804 tota,
2408 741 2684 811 perfecta.
2741 741 2948 812 integra
2988 748 3046 795 et
3090 740 3249 811 plena
3298 740 3588 795 divinitate

2020 833 2073 887 in
2105 835 2309 888 sanctis
2356 833 2535 888 Libris
2566 833 2853 898 celebrari,
2886 843 2939 888 et
2963 846 3157 887 omnes
3199 831 3346 901 ipsas
3387 831 3588 886 indivi-

2019 925 2144 988 duc,
2198 925 2465 990 absolute,
2519 934 2717 995 praeter
2762 939 2979 980 omnem
3016 923 3350 979 discriminis
3401 922 3590 978 obser-

2020 1015 2282 1079 vantiam,
2318 1016 2526 1086 integra
2553 1017 2768 1070 ratione
2801 1015 3071 1070 universae
3112 1014 3408 1086 integritati
3464 1028 3589 1084 per-

2020 1107 2174 1161 rectae
2199 1115 2252 1160 et
2284 1107 2449 1161 totius
2469 1107 2770 1162 divinitatis
2797 1107 3043 1162 attribui.
3070 1107 3187 1161 Jam
3214 1121 3365 1170 vero,
3395 1121 3589 1175 quem-

2019 1199 2310 1252 admodum
2365 1197 2417 1252 in
2497 1199 2818 1268 theologicis
2902 1197 3338 1253 institutionibus
3395 1197 3588 1250 admo-

2020 1290 2261 1353 nuimus,
2319 1279 2430 1343 nisi.
2477 1290 2600 1358 quis
2643 1291 2745 1345 hoc
2775 1291 2842 1344 de
2887 1299 2997 1344 tota
3045 1290 3329 1343 divinitate
3386 1288 3588 1342 dictum

2021 1379 2364 1444 conﬁteatur,
2392 1381 2642 1435 scindere
2671 1381 2834 1436 audet
2868 1382 3174 1434 temeritate
3205 1379 3440 1434 neianda
3471 1379 3592 1433 uni-

2029 1478 2195 1524 tatem
2246 1473 2416 1541 ipsam
2467 1474 2864 1542 superunitam.
2931 1472 3230 1527 Dicendum
3274 1472 3468 1540 igitur,-
3521 1471 3590 1526 de

2024 1571 2136 1616 tota
2163 1564 2450 1620 divinitate
2490 1566 2659 1636 accipi
2692 1575 2944 1636 oportere
2977 1565 3204 1619 verbum
3241 1565 3340 1618 hoc
3386 1563 3588 1634 ipsum,

2023 1665 2218 1711 natura
2270 1657 2496 1711 bonum.
2545 1659 2723 1726 Atque
2754 1658 2952 1726 aliquis
2977 1673 3042 1710 ex
3079 1656 3362 1726 prophetis
3393 1654 3590 1710 divini-

2023 1756 2110 1802 tus
2184 1747 2636 1811 alllatiscanit:
2704 1767 2720 1801 t
2782 1746 3021 1818 Spiritus
3085 1748 3261 1802 bonus
3297 1747 3339 1800 ⁸.
3386 1764 3404 1797 ι
3471 1745 3591 1800 lluc

2026 1839 2196 1893 tendit
2247 1849 2301 1894 et
2350 1839 2524 1895 illud:
2587 1859 2604 1892 ι
2636 1841 2745 1911 Ego
2794 1857 2936 1903 sum,
2991 1839 3082 1909 qui
3135 1855 3253 1894 sum
3285 1841 3327 1893 ⁸.
3367 1857 3385 1889 ι
3433 1837 3590 1904 Quod

345 1929 462 1991 πῶς
489 1928 816 1981 ἀκούσονται
873 1929 987 1994 τοῦ,
1031 1931 1198 1982 «Τάδε
1228 1931 1374 1999 λέγει
1415 1932 1443 1984 6
1495 1932 1591 1998 ὢν,
1623 1934 1716 1987 καὶ
1765 1937 1792 1986 6
1821 1929 1910 2005 ἦν,

2021 1930 2120 1983 nisi
2151 1931 2217 1984 de
2249 1939 2358 1984 tota
2386 1931 2588 1985 dictum
2621 1932 2906 1985 divinitate
2936 1931 3301 1995 consentiant,
3357 1929 3452 1984 sed
3496 1929 3590 1984 uni

343 2024 440 2096 καί
468 2022 494 2072 ἑ
515 2021 810 2090 ἐρχόμενος
834 2023 861 2073 6
884 2024 1296 2092 παντοκράτωρ,
1341 2041 1360 2075 ι
1401 2023 1517 2087 καὶ,
1544 2035 1563 2075 t
1593 2026 1663 2078 Σὺ
1691 2025 1746 2077 δὲ
1770 2027 1796 2078 ὁ
1821 2027 1916 2078 αύ-

343 2113 434 2172 τὸς
458 2109 528 2175 εἶ,
564 2132 582 2164 ›
636 2116 750 2179 καὶ,
789 2132 806 2164 t
831 2113 903 2164 Τδ
954 2112 1178 2183 Πνεῦμα
1218 2114 1315 2183 τῆς
1361 2112 1616 2184 ἀληθείας
1654 2115 1714 2168 τὸ
1757 2115 1835 2180 ὃν,
1889 2116 1917 2168 ὃ

343 2209 499 2278 παρὰ
547 2207 636 2261 τού
685 2208 894 2278 Πατρδς
939 2209 1329 2279 ἐκπορεύεται;
1368 2228 1386 2260 ι
1434 2211 1544 2264 Καὶ
1582 2210 1628 2262 εἰ
1668 2212 1764 2280 μὲν
1791 2212 1918 2280 ὃλην

345 2294 483 2350 εἶναι
515 2316 645 2366 φασι
674 2299 769 2369 τὴν
799 2299 1054 2370 θεαρχίαν
1099 2299 1262 2371 ζωὴν,
1293 2301 1408 2364 πῶς
1442 2300 1649 2370 ἀληθὴς
1684 2304 1710 2354 ὁ
1740 2302 1918 2371 φήσας

351 2389 495 2456 ἱερὸς
521 2389 707 2454 Λόγος,
741 2389 982 2460 «Ὠσπερ
1017 2391 1045 2442 ὁ
1075 2391 1260 2461 Πατὴρ
1289 2391 1491 2456 ἐγείρει
1516 2393 1638 2453 τοὺς
1670 2393 1914 2462 νεκροὺς,

350 2478 444 2528 καὶ
469 2477 739 2542 ζωοποιεῖ,
770 2479 912 2533 οὕτω
941 2480 1035 2534 καὶ
1062 2483 1089 2534 6
1116 2482 1240 2545 Υἱὸς
1291 2482 1382 2544 οὒς
1417 2482 1556 2535 θέλει
1587 2481 1840 2546 ζωοποιεῖ
1865 2500 1911 2548 ;s

351 2573 444 2624 καὶ
461 2573 540 2623 ὅτι
567 2572 624 2624 τὸ
648 2573 871 2644 Πνεῦμά
900 2576 1014 2627 ἐστι
1043 2575 1102 2628 τὸ
1129 2575 1455 2644 ζωοποιοῦνς
1484 2577 1604 2628 Ὀτι
1628 2577 1795 2630 δὲκαὶ
1819 2577 1918 2648 τὴν

348 2665 542 2732 κυρίαν
591 2667 704 2737 ἔχει
743 2670 851 2721 τῶν
884 2670 1079 2738 ὅ).ωνή
1128 2670 1225 2739 ὅλη
1275 2669 1482 2740 θεότης,
1531 2672 1659 2742 περὶ
1693 2672 1790 2738 μὲν
1821 2672 1920 2739 τῆς

346 2755 597 2816 θεογὸνου
628 2757 903 2827 θεότητος,
942 2759 974 2832 ἢ
1010 2760 1106 2829 τῆς
1145 2761 1344 2828 υἱικῆς,
1375 2759 1495 2812 οὐδὲ
1543 2761 1718 2812 εἰπεῖν
1751 2759 1917 2823 ἔστιν,

345 2844 520 2926 οἶμαι,
564 2851 775 2920 ποσαχῆ
823 2852 922 2920 τῆς
966 2851 1239 2919 θεολογίας
1283 2852 1377 2906 ἐπὶ
1427 2852 1634 2922 Πατρὸς
1664 2852 1758 2905 καὶ
1787 2849 1918 2904 Υἱοῦ

344 2937 747 3006 διαθρυλλεῖται
798 2941 892 3006 τὸ,
942 2943 1178 3010 Κύριος.
1248 2942 1409 2996 Ἀλλὰ
1458 2943 1552 2996 καὶ
1608 2943 1808 3013 Κύριος
1857 2943 1919 2995 τὸ

352 3029 574 3098 Πηεῦμά
598 3033 735 3088 ἐστι.

2023 2029 2231 2074 tantum
2285 2021 2420 2090 parti
2461 2031 2727 2074 conentur
2779 2020 3072 2081 ascribere,
3129 2033 3367 2089 quonam
3426 2016 3592 2071 modo

2018 2110 2149 2164 illud
2197 2111 2465 2181 accipient
2513 2127 2528 2165 :
2585 2131 2603 2162 ‹
2652 2110 2778 2166 [hec
2823 2112 2899 2165 ait
2938 2110 3030 2180 qui
3066 2118 3169 2173 est,
3223 2109 3315 2176 qui
3364 2117 3504 2173 erat,
3535 2116 3593 2162 et

2018 2202 2110 2275 qui
2137 2210 2396 2256 venturus
2417 2209 2518 2266 est,
2548 2202 2640 2271 qui
2675 2209 2760 2256 est
2781 2201 3127 2271 omnipotens
3147 2202 3223 2266 ‘;s
3262 2199 3390 2254 item
3416 2199 3543 2254 illud
3573 2219 3586 2254 :

2025 2315 2043 2347 ‹
2079 2294 2158 2348 Tu
2183 2304 2363 2347 autem
2401 2294 2544 2348 idem
2602 2293 2717 2361 ipse
2753 2307 2812 2346 es
2836 2293 2892 2357 7;
2935 2311 2954 2343 ι
3015 2307 3118 2346 nec
3153 2307 3262 2345 non
3323 2301 3379 2345 et
3412 2291 3541 2346 illud
3574 2311 3588 2344 :

2025 2409 2042 2440 ι
2089 2387 2324 2456 Spiritus
2357 2386 2620 2450 veritatis,
2677 2384 2770 2454 qui
2818 2393 2922 2447 est,
2976 2384 3066 2454 qui
3121 2400 3152 2439 a
3205 2383 3364 2438 Patre
3401 2397 3591 2452 proce-

2019 2480 2186 2533 dit“?
2223 2498 2240 2530 ›
2303 2479 2466 2548 Atqui
2530 2479 2635 2532 nisi
2671 2486 2836 2530 totam
2873 2477 3208 2532 divinitatem
3251 2491 3376 2532 esse
3420 2477 3591 2530 vitam

2021 2572 2201 2627 dicant
2226 2583 2388 2639 atque
2416 2568 2707 2634 viviﬁeam,
2733 2582 2968 2638 quonam
3002 2567 3161 2622 modo
3188 2582 3370 2621 verum
3396 2577 3479 2621 est
3513 2565 3588 2632 id,

2021 2667 2166 2734 quod
2199 2663 2434 2718 Verbum
2477 2676 2692 2716 sacrum
2745 2662 2819 2714 ait
2854 2677 2868 2715 :
2929 2679 2946 2712 ι
2979 2659 3468 2724 Quemadmodum,
3505 2658 3592 2712 in-

2021 2755 2236 2822 quiens,
2273 2751 2438 2805 Pater
2481 2752 2709 2805 suscitat
2739 2758 3002 2812 mortuos,
3037 2757 3092 2804 et
3131 2749 3386 2813 viviticat,
3431 2749 3509 2804 sic
3534 2758 3592 2803 et

2021 2849 2208 2912 Filius,
2241 2862 2377 2916 quos
2414 2845 2529 2898 vult
2577 2843 2815 2898 viviﬁcat
2844 2843 2907 2896 ’ἲ
2940 2862 2957 2893 ι
2992 2843 3111 2898 Jam
3136 2857 3268 2896 vero
3300 2841 3440 2911 quod
3477 2849 3589 2895 tota

2019 2940 2274 2995 divinitas
2312 2938 2514 2992 habeat
2561 2936 2805 2990 omnium
2874 2935 3238 3001 dominatum,
3295 2934 3585 3004 perspicue

2023 3041 2190 3100 patet.
2221 3030 2296 3084 Ac
2327 3029 2396 3083 de
2438 3028 2676 3082 secunda
2702 3027 2919 3096 quidem
2952 3025 3126 3081 Patris
3153 3025 3460 3090 divinitate,
3503 3025 3592 3079 vel

345 3125 415 3176 dc
459 3123 744 3179 divinitate
780 3125 919 3186 Filii,
976 3141 1085 3179 non
1146 3125 1300 3181 facile
1339 3139 1563 3182 narratu
1597 3136 1700 3189 est,
1764 3135 1822 3180 ut
1861 3122 2120 3188 arbitror,
2183 3135 2344 3190 quam
2403 3119 2592 3174 multis
2660 3116 2943 3188 theologia:
2991 3117 3124 3173 locis
3181 3117 3249 3172 de
3322 3113 3482 3172 Patre
3534 3126 3604 3172 et-

350 3215 486 3271 Filio
506 3219 733 3283 dicatur,
767 3221 1050 3277 Dominus.
1081 3221 1278 3277 Verum
1311 3232 1366 3278 et
1399 3223 1633 3293 Spiritus
1652 3222 1918 3276 Dominus
1949 3225 2051 3273 est.

351 3345 475 3415 Ἕζι
507 3343 637 3411 περὶ
667 3345 898 3415 Πατρός
928 3345 1025 3398 καὶ
1058 3345 1193 3399 Υιοῦ
1223 3347 1318 3399 καὶ
1348 3346 1518 3414 ἁγίου
1553 3348 1917 3415 Πνεύματος.

2027 3341 2101 3395 De
2133 3340 2295 3394 Patre
2322 3339 2466 3400 item,
2507 3345 2556 3388 et
2576 3335 2736 3415 Filio,
2766 3343 2814 3388 et
2842 3332 3048 3415 Spiritu
3074 3329 3593 3415 sancto—distinctam

417 3411 836 3482 διακεκριμένη
890 3416 1008 3484 ἅμα
1055 3415 1152 3468 καὶ
1204 3411 1478 3483 ἡνωμένη
1507 3411 1781 3483 θεολοῖῖία
1810 3414 1914 3468 τοῦ

411 3486 682 3551 μεγάλου
737 3484 1113 3554 Ἀθανασίου.
1171 3487 1279 3538 Καὶ
1322 3487 1410 3538 ὅτι
1456 3484 1493 3538 d
1536 3487 1828 3554 λέγουσιν
1857 3486 1917 3554 al

418 3557 568 3607 θεῖαι
593 3553 824 3620 Γραφαὶ
850 3555 982 3620 περὶ
1013 3554 1118 3607 τοῦ
1145 3554 1390 3621 Πατρός.
1419 3555 1604 3608 ταῦτά
1624 3553 1779 3623 φασι
1808 3553 1915 3607 ad-

417 3627 522 3678 λιν
547 3625 642 3678 καὶ
675 3625 808 3694 ,περὶ
834 3625 939 3678 τοῦ
969 3624 1100 3678 Ποῦ
1127 3627 1224 3694 καί
1253 3624 1386 3690 περὶ
1403 3623 1508 3678 τοῦ
1533 3627 1703 3694 ἁγίου
1732 3627 1919 3694 Ili-8237

413 3711 622 3762 ματος,
671 3691 1060 3748 δεικνύουσαι
1109 3691 1256 3762 μίἀν
1308 3694 1422 3762 τὴν
1465 3695 1537 3748 ἐν
1580 3691 1710 3760 ’τοῖς
1756 3693 1915 3762 τρισὶ

419 3767 686 3831 Οεότητα.

423 3858 601 3925 Ἀπερ
630 3853 783 3910 εἶπεν
811 3859 838 3910 6
869 3855 1057 3928 Πατὴρ
1088 3858 1145 3910 ἐν
1174 3857 1252 3927 τῷ
1295 3858 1508 3927 Ἡσαΐᾳ,
1541 3855 1713 3909 ταῦτα
1745 3855 1773 3908 6
1801 3856 1916 3908 Ἰω-

348 3949 514 4016 άννης
543 3947 712 4016 λέγει,
746 3929 827 4001 ὅτι
853 3950 880 4000 6
910 3948 1033 4012 Υἱὸς
1059 3943 1232 4014 εἶπεν,
1251 3949 1347 4003 Ἐν.
1363 3948 1418 4001 6's
1442 3950 1561 4010 ταῖς
1589 3946 1858 4017 Πράξεσιν
1889 3947 1918 3999 6

348 4039 560 4101 Πιῦλός
603 4055 784 4108 φησιν,
827 4042 906 4093 ὅτι
939 4039 999 4092 τὸ
1040 4039 1265 4109 Πνεῦμα
1308 4039 1371 4091 τὸ
1415 4039 1568 4107 ἅγιον
1606 4035 1748 4090 εἷπε.
1773 4038 1840 4118 Τί
1862 4037 1918 4090 δὲ

347 4133 659 4200 γέγραπται
687 4133 744 4184 ὲν
774 4131 850 4200 τῷ
868 4131 1099 4202 Ἠσαῖᾳ;
1139 4129 1325 4184 «Εἶδον
1349 4130 1434 4183 τὸν
1465 4130 1666 4198 Κύριον
1691 4126 1916 4182 Σαϐαὼθ

348 4225 664 4293 καθήμενον
713 4224 806 4274 ἐπὶ
854 4221 1043 4291 θρόνου
1076 4221 1282 4291 ὑψηλοῦ
1313 4221 1407 4275 καὶ
1445 4221 1783 4290 ἐπηρμένου,
1825 4220 1919 4272 καὶ

349 4317 562 4385 πὶηρης
603 4317 630 4366 ὁ
662 4310 808 4377 οἶκος
849 4316 950 4385 τῆς
991 4315 1149 4384 δόξης
1195 4312 1382 4376 αὐτοῦ,
1433 4313 1527 4366 καὶ
1567 4313 1811 4382 σεραφὶμ
1837 4313 1918 4364 εί-

347 4415 640 4475 στήκεισαν
682 4406 863 4478 κύκλῳ
887 4406 1074 4473 αὑτοῦ,
1102 4406 1162 4471 ἒξ
1191 4409 1459 4477 πτέρυγες
1489 4407 1567 4477 τῷ
1607 4405 1708 4468 ἐνὶ,
1736 4407 1828 4458 καὶ
1859 4406 1916 4472 ἒξ

347 4501 621 4572 πτέρυγες
670 4499 746 4570 τῷ
796 4501 898 4555 ἑνί.
931 4500 1037 4552 Καὶ
1061 4501 1182 4562 ταῖς
1223 4498 1323 4568 μὲν
1352 4499 1473 4552 δυσὶ
1506 4498 1762 4566 πτέρυξιν
1786 4499 1917 4551 ἑκά·-

345 4591 550 4644 λυπτον
590 4590 658 4644 τὰ
693 4592 962 4659 πρόσωπα
1007 4588 1207 4653 αὐτῶν,
1251 4589 1370 4650 ταῖς
1403 4583 1460 4641 δὲ
1505 4588 1626 4640 δυσὶ
1659 4589 1787 4650 τοὺς
1828 4587 1920 4640 πό-

342 4683 464 4747 δας,
491 4683 584 4735 καὶ
605 4684 726 4746 ταῖς
757 4683 912 4736 δυσὶν
935 4684 1216 4735 ὲπέταντο.
1256 4681 1365 4733 Καὶ
1394 4680 1695 4750 ἐκέκραγον
1728 4676 1915 4749 ἕτερος

2021 4695 2073 4738 ct
2101 4683 2350 4738 dicebant
2407 4699 2420 4736 :

344 4775 486 4844 πρὸς
530 4776 619 4828 τὸν
663 4775 846 4846 ἕτερον
871 4792 886 4807 ο
923 4775 1131 4843 Ἄγιος,
1169 4774 1344 4841 ἅγιος,
1393 4774 1545 4841 ἆγιος
1580 4770 1782 4842 Κύριος
1811 4771 1920 4827 Σα-

343 4866 516 4931 ϐαὼθ,
567 4868 777 4940 πλήρης
818 4868 970 4920 πᾶσα
1011 4868 1044 4938 ἠ
1078 4867 1149 4936 γῆ
1183 4866 1279 4937 τῆς
1324 4865 1480 4935 δόξης
1528 4863 1715 4918 αὑτοῦ.
1751 4883 1769 4916 ›
1809 4865 1923 4950 Kal:

347 4959 467 5028 μετ’
514 4958 668 5027 ὀλίγα
721 4961 749 5011 6
789 4958 990 5021 αὐτός’
1046 4959 1330 5011 ι’Πκουσα
1362 4958 1462 5025 τῆς
1502 4957 1686 5028 φωνῆς
1716 4957 1916 5028 Κυρίου

343 5051 595 5120 λέγοντος
621 5069 634 5082 ·
663 5052 797 5104 Ίίνα
826 5052 1150 5118 ἀποστείλω,
1184 5055 1278 5105 καὶ
1310 5052 1395 5114 τίς
1430 5051 1756 5121 πορεύσεται
1783 5049 1918 5120 πρὸς

341 5142 438 5194 τὸν
480 5141 608 5194 λαὸν
649 5142 871 5210 τοῦτον;
916 5146 1008 5197 καὶ
1041 5139 1173 5197 εἶπα
1201 5158 1217 5176 ⁸
1266 5144 1396 5198 Ἰδοὺ
1438 5141 1568 5210 ἐγὼ,
1597 5142 1918 5196 ἀπόστειλον

347 5249 438 5300 με.
471 5233 584 5286 Καὶ
606 5229 728 5287 εἶπέ
757 5251 883 5303 μοι’
925 5235 1226 5307 Πορεύθητι
1269 5236 1405 5305 πρὸς
1427 5237 1519 5289 τὸν
1543 5235 1692 5300 λαὸν,
1720 5234 1815 5288 καὶ
1844 5231 1920 5288 εἱ-

343 5337 447 5373 πον
480 5323 665 5393 αὐτῷ’
704 5322 864 5395 Ἀκοῇ
893 5325 1177 5390 ἀκούσετε,
1223 5326 1319 5378 καὶ
1359 5327 1418 5379 οὐ
1465 5326 1542 5395 μὴ
1573 5326 1790 5396 συνῆτε,
1826 5324 1920 5378 καὶ

412 5472 433 5498 ⁸
467 5470 613 5542 Psal.
644 5452 809 5536 Exul,
834 5473 985 5530 6-l0.
1060 5476 1082 5508 ⁸
1117 5474 1284 5530 Exod.
1338 5489 1417 5537 Ill,
1446 5470 1638 5526 13-”.
1701 5471 1722 5502 ⁶
1750 5471 1919 5542 Apoc.
1971 5485 2010 5537 ι,
2045 5471 2099 5527 ι.
2177 5472 2198 5503 ⁷
2253 5471 2396 5528 Psal.
2429 5485 2506 5541 ct,
2536 5467 2628 5526 9.8.

343 5539 436 5596 2|.
525 5541 568 5572 ⁸⁸
602 5542 701 5598 lsa.
738 5559 812 5610 vr,
846 5543 868 5596 l
900 5559 1016 5614 sqq.
1095 5545 1134 5576 “
1158 5545 1289 5600 ibid.
1322 5543 1353 5597 8
1382 5559 1503 5614 sqq.

421 5685 504 5758 (1)
528 5685 853 5758 _Capitulum
885 5687 992 5742 hoc
1045 5703 1168 5758 cum
1200 5687 1447 5756 sequenti
1483 5688 1636 5742 deest
1684 5686 1738 5740 in
1793 5686 1908 5741 edi-

342 5755 493 5826 t'ﬁoae
526 5755 939 5826 Tergobystcnsi
973 5757 1100 5812 anni
1129 5755 1295 5819 171οζ
1324 5767 1539 5811 exstant
1576 5759 1628 5812 in
1659 5757 1908 5812 versione

344 5824 434 5879 Fr.
496 5824 652 5882 lini;
698 5824 941 5882 Primum
989 5826 1186 5883 Graece
1261 5827 1427 5883 edidit
1474 5829 1574 5883 Cb.
1634 5826 1782 5883 Frid.
1839 5826 1909 5880 de

2090 3411 2250 3464 simul
2281 3419 2436 3474 atque
2466 3406 2802 3474 conjuncta"?
2835 3419 2945 3456 esse
2976 3402 3284 3474 Divinitqlis
3307 3400 3594 3474 rationem,

2088 3489 2136 3532 ει
2169 3495 2286 3548 qua:
2320 3471 2498 3548 dicunt
2541 3471 3143 3548 divirtgﬁcriptttrtende
3182 3472 3369 3548 _Pat_re,
3405 3471 3594 3548 eadem

2088 3539 2333 3604 similiter
2367 3547 2488 3599 illas
2514 3555 2562 3599 et
2599 3547 2662 3598 de
2688 3545 2844 3607 Filio,
2873 3539 2920 3596 et
2961 3544 3024 3595 de
3050 3541 3254 3608 Spiritu
3275 3550 3460 3593 sancto
3495 3539 3585 3592 di-

2090 3635 2234 3681 cere,
2277 3617 2491 3669 unicam
2539 3617 2592 3667 in
2634 3616 2799 3668 tribus
2857 3613 3195 3667 Divinitalem
3243 3610 3600 3664 ostendentes.

2086 3688 2266 3760 Magni
2295 3684 2572 3740 Athanasii
2605 3685 2702 3754 (1).

2087 3860 2218 3926 Quae
2256 3860 2417 3915 Pater
2447 3859 2522 3914 ait
2551 3858 2695 3928 apud
2739 3857 2962 3921 lsaiam',
3015 3871 3078 3911 ea
3112 3856 3353 3912 Joannes
3394 3857 3602 3912 Filium

2016 3952 2221 4007 dixisse
2255 3952 2468 4006 asserit.
2528 3951 2724 4003 l'aulus
2755 3959 2938 4002 autem
2981 3946 3171 4000 eadem
3210 3947 3327 4014 ipsa
3358 3946 3590 4016 Spiritui

2019 4052 2208 4098 sancto
2267 4044 2319 4095 in
2375 4043 2744 4112 apostolorum
2801 4039 2951 4094 Actis
2996 4037 3239 4092 ascribit.
3296 4038 3387 4093 Sic
3445 4039 3598 4102 enim,

2017 4135 2158 4204 apud
2191 4133 2378 4188 Isaiam
2415 4134 2676 4201 scriptum
2710 4130 2937 4202 legimus
2963 4131 3007 4161 '°
3041 4148 3056 4184 :
3103 4127 3256 4184 «Vidi
3297 4125 3598 4182 Dominunt

2017 4226 2292 4282 sedentem
2324 4225 2378 4278 in
2401 4224 2536 4279 solio
2559 4223 2772 4278 excelso
2795 4233 2849 4277 et
2878 4224 3105 4285 elevato,
3127 4230 3182 4277 et
3208 4222 3363 4290 plena
3394 4222 3596 4292 demus

2017 4318 2184 4388 gloria
2216 4317 2364 4386 ejus,
2408 4326 2458 4370 et
2506 4315 2782 4384 seraphim
2820 4313 3124 4388 stabant‘in
3175 4312 3411 4368 circuitu
3446 4312 3589 4382 ejus.

2021 4385 2125 4465 Sex
2151 4385 2255 4465 alie
2274 4410 2388 4472 uni,
2416 4418 2472 4463 et
2507 4423 2598 4462 sex
2627 4409 2727 4461 ala:
2757 4407 2935 4463 alteri.
2989 4385 3207 4462 Duabus
3241 4407 3459 4476 quidem
3492 4421 3596 4462 ve-

2019 4502 2207 4556 labant
2239 4501 2432 4555 faciem
2467 4515 2618 4554 suam
2642 4540 2657 4564 ,
2693 4499 2904 4554 duabus
2943 4514 3072 4554 vero
3106 4501 3360 4569 tegebant
3392 4500 3602 4570 pedes,

2018 4602 2074 4647 et
2115 4592 2326 4647 duabus
2365 4593 2617 4646 volabant
2651 4600 2706 4644 et
2739 4590 3046 4645 clamabant
3071 4592 3206 4646 alter
3245 4592 3310 4647 ad
3339 4593 3590 4659 alterum,

2491 4682 2757 4744 Sanctus,
2793 4693 3046 4746 sanctus,
3079 4692 3300 4736 sanctus
3331 4683 3593 4736 Dominus

2024 4773 2282 4841 Sabaoth,
2304 4775 2462 4844 plena
2494 4783 2577 4829 est
2598 4775 2777 4829 omnis
2811 4785 2951 4827 terra
2975 4773 3144 4844 gloria
3175 4773 3310 4842 ejus.
3330 4773 3424 4826 οΕι
3445 4773 3588 4827 idem

2024 4868 2185 4938 paulo
2211 4875 2330 4936 post
2360 4866 2397 4896 ¹¹
2423 4881 2438 4918 :
2469 4884 2487 4916 ι
2528 4865 2594 4918 Et
2633 4865 2813 4920 audivi
2845 4880 3029 4920 vocem
3075 4862 3286 4919 Domini
3318 4863 3602 4919 dicentis:

2021 4957 2195 5024 Quem
2230 4959 2472 5021 mittam,
2515 4967 2571 5012 et
2598 4958 2722 5027 quis
2749 4957 2849 5010 ibit
2871 4957 2940 5011 ad
2970 4957 3228 5026 populum
3266 4955 3464 5010 istum?
3525 4955 3592 5012 Et

2023 5049 2174 5105 dixi:
2209 5051 2346 5105 Ecce
2384 5064 2502 5121 ego,
2537 5048 2688 5103 mitte
2721 5064 2828 5102 me.
2867 5048 2932 5102 Et
2969 5048 3109 5102 dixit
3143 5065 3156 5101 :
3214 5048 3363 5103 Vade
3405 5057 3460 5102 et
3498 5047 3592 5102 die

2029 5141 2231 5210 populo
2261 5141 2420 5196 huic:
2451 5140 2655 5194 Auditu
2685 5140 2919 5195 audietis
2951 5149 3006 5194 et
3039 5155 3148 5193 non
3172 5139 3502 5210 intelligetis,
3535 5147 3593 5194 et

2025 5233 2274 5287 videntes
2334 5232 2609 5297 videbitis,
2659 5241 2714 5287 et
2759 5247 2870 5286 non
2918 5231 3282 5301 perspicit-tis.
3337 5230 3591 5284 Crassum

2027 5324 2172 5379 enim
2201 5333 2288 5378 est
2312 5323 2566 5378 eﬂ'ectum
2618 5340 2712 5380 eor
2753 5324 2939 5394 populi
2975 5325 3164 5395 hujus.
3204 5324 3440 5378 Auribus
3466 5333 3591 5391 gra-

2731 5472 2752 5501 '
2779 5469 2938 5527 Joan.
2983 5484 3074 5534 xv,
3105 5467 3197 5520 26.
3284 5465 3306 5496 ⁹
3340 5463 3502 5522 Joan.
3532 5481 3592 5538 ν,

2015 5685 2250 5743 Mattlmi
2279 5686 2333 5741 in
2360 5685 2574 5759 Proleg.
2597 5686 2662 5741 ad
2677 5681 2954 5759 Euthymii
2987 5679 3276 5759 Comment
3295 5681 3361 5759 in
3379 5651 3588 5759 graus.

2015 5773 2073 5828 p.
2107 5759 2184 5815 i5
2205 5773 2355 5829 seqq.
2396 5771 2412 5825 ;
2444 5749 2674 5814 altérutn
2700 5749 2878 5808 exstat
2911 5752 3055 5807 inter
3082 5749 3258 5830 Opera
3293 5751 3350 5808 S.
3381 5749 3588 5810 Basilii.
