4060 6278
505 379 577 442 5'5
641 438 650 443 -
1747 367 2128 438 EUTHYMII
2167 363 2528 436 ZIGABENI
3079 330 3082 334 ’
3133 421 3144 434 ,,
3698 363 3770 432 56

508 486 662 541 radix
698 501 716 551 ,'
763 501 828 542 ex
857 498 968 558 quo
999 487 1122 542 fons
1169 488 1292 542 vitae
1339 485 1580 556 prolluit.
1625 484 1925 554 Sapientia,
1985 497 2083 552 po-

2188 487 2300 548 τοῐς
2343 480 2514 548 οὖσιν,
2569 485 2602 555 ἡ
2659 482 2784 555 ῥίζα
2847 479 2955 535 τῶν
3013 480 3253 545 ζώντων.
3301 479 3464 532 Ὅθεν
3530 479 3769 550 προῆλθε

509 587 700 642 testas,
732 580 910 651 imago
937 580 1028 634 Dei
1047 578 1338 633 invisibilis
1359 577 1788 643 absolutissima,
1817 575 1988 630 Filius
2010 589 2078 628 ex

508 669 670 726 Patre
687 673 922 743 genitus,
943 672 1033 742 qui
1057 674 1244 728 vivens
1275 681 1359 726 est
1383 669 1646 734 Verbum,
1675 670 1764 740 qui
1801 669 1944 724 Deus
1975 678 2080 731 est,

508 771 566 816 et
595 771 681 817 est
721 765 866 834 apud
914 766 1151 820 Patrem.
1193 761 1286 818 Sic
1329 770 1513 817 autem
1549 773 1652 827 est,
1698 771 1757 817 ut
1803 778 2080 833 nunquam

509 865 618 906 non
649 854 830 920 fuerit,
877 871 1000 910 cum
1035 855 1109 910 sit
1147 862 1274 909 ante
1318 855 1537 920 sa’cula,
1585 869 1694 908 non
1743 862 1926 908 autem
1958 863 2082 924 post

510 946 832 1013 acquisitns.
864 947 1055 1010 Filius,
1080 947 1327 1016 inquam,
1354 961 1464 1002 non
1491 947 1798 1016 possessio;
1832 947 2077 1012 ell'ector,

510 1048 620 1088 non
652 1034 830 1090 factus
861 1054 872 1090 :
907 1046 1140 1101 creator,
1184 1052 1292 1090 non
1321 1046 1560 1102 creatus,
1595 1037 1687 1106 qui
1710 1037 1872 1092 habet
1895 1039 2081 1092 omnia

509 1139 632 1193 quae
685 1128 739 1180 in
777 1128 937 1183 Patre
991 1139 1142 1193 sunt,
1182 1128 1382 1182 Filium
1418 1137 1474 1182 et
1517 1127 1732 1184 Patrem
1781 1129 1925 1187 dico.
1973 1128 2082 1184 ilas

509 1219 646 1272 mihi
689 1221 1053 1290 proprietates
1090 1221 1339 1276 observa.
1379 1219 1438 1274 ln
1467 1234 1533 1275 eo
1566 1236 1800 1290 namque
1832 1237 2079 1286 manens,

510 1317 571 1360 ut
600 1309 768 1363 Filius
799 1312 892 1374 sit,
930 1313 1194 1383 quidquid
1256 1321 1341 1368 est
1383 1312 1576 1380 Pater,
1616 1316 1755 1370 idem
1812 1314 1929 1384 ipse
1975 1323 2080 1379 est,

508 1403 972 1466 quemadmodum
1008 1407 1244 1476 ipsemet
1282 1409 1548 1464 Dominus
1592 1424 1726 1462 voce
1773 1423 1868 1462 sua
1903 1407 2084 1462 decla-

511 1505 626 1562 rat,
700 1516 718 1548 ι
753 1497 946 1554 Omnia
973 1538 988 1563 ,
1021 1520 1039 1552 ι
1091 1500 1342 1570 inquiens
1367 1542 1385 1568 ,
1471 1521 1489 1551 ‹
1528 1516 1868 1569 qumcunque
1919 1499 2085 1553 habet

509 1587 691 1653 Pater,
727 1602 845 1642 mea
891 1597 1020 1641 sunt
1057 1588 1124 1643 ⁸ο.
1161 1607 1180 1639 ›
1234 1588 1371 1643 Vere
1421 1589 1566 1644 enim
1611 1587 1819 1652 omnia,
1851 1602 1970 1656 qua:
2025 1586 2080 1641 in

509 1685 840 1750 exemplaris
883 1683 1059 1735 forma
1107 1690 1254 1746 sunt,
1313 1685 1492 1750 imago
1549 1683 1815 1736 continet.
1875 1699 1894 1733 ι
1932 1680 2084 1734 Vidi-

513 1787 655 1834 mus,
696 1791 716 1823 ›
753 1772 934 1840 inquit
969 1773 1326 1843 evangelista,
1369 1793 1386 1824 ι
1421 1775 1648 1844 gloriam
1679 1774 2079 1845 ejus,,gloriam

2187 579 2219 647 ή
2255 579 2407 649 πηγὴ
2437 579 2536 648 τῆς
2576 578 2743 648 ζωῆς,
2787 579 2820 648 ἡ
2866 576 3048 645 σοφία,
3093 576 3125 646 ἡ
3173 574 3425 644 δύναμις,
3465 575 3498 642 ἡ
3547 573 3708 626 εἰκὼν
3733 574 3770 645 ἡ

2184 670 2604 739 ἀπαράλλακτος
2634 669 2727 722 τοῦ
2773 668 3008 740 ἀοράτου
3043 665 3201 732 Θεοῦ,
3253 667 3280 718 ὁ
3328 667 3391 720 ἐκ
3433 667 3526 719 τοῦ
3561 667 3772 738 Πατρδς

2184 761 2466 829 γεννηθεὶς
2494 759 2642 823 Υίὸς,
2695 761 2722 812 ὁ
2762 759 2869 823 ζῶν
2911 758 3107 826 Λόγος,
3148 760 3175 811 δ
3212 757 3346 820 Θεὸς
3378 757 3474 820 ὢν,
3507 757 3770 826 καὶπρὸς

2185 851 2274 904 τὸν
2321 849 2454 904 Θεὸν
2497 848 2614 902 ῶν·
2663 847 2760 913 ὣν,
2811 849 2934 917 οὐχὶ
2981 847 3456 918 προσγενόμενοςέ
3503 845 3768 915 ὑπάρχων

2186 942 2293 1012 πρὸ
2321 939 2430 995 τῶν
2465 940 2702 1003 αἰώνων,
2745 939 2867 1008 οὐχὶ
2904 935 3273 1008 προσκτηθεὶς
3306 936 3531 1006 ὕστερον
3556 953 3571 968 ο
3617 936 3767 1000 Υίδς,

2184 1033 2308 1102 οὐχὶ
2354 1032 2575 1100 κτῆμαο
2649 1030 2880 1099 ποιητὴς
2905 1071 2920 1093 ,
2985 1028 3108 1098 οὐχὶ
3173 1028 3386 1097 ποίημα
3414 1043 3430 1058 ο
3502 1026 3772 1096 κτίστηςῖ,

2185 1125 2305 1195 οὐχὶ
2353 1124 2594 1193 κτίσμα’
2642 1123 2818 1176 πάντα
2853 1122 2930 1174 ὢν
2965 1123 3068 1174 ὅσα
3108 1122 3258 1173 ἐστὶν
3281 1122 3310 1172 ὁ
3339 1120 3531 1189 Πατήρ
3554 1133 3568 1149 ·
3605 1118 3764 1180 Tite,

2187 1213 2362 1281 εἷπον,
2406 1215 2503 1269 καὶ
2549 1214 2763 1284 Πατήρ.
2802 1213 3048 1267 Φυλασσέ
3107 1227 3198 1282 μοι
3249 1209 3450 1272 ταύτας
3491 1212 3590 1272 τὰς
3642 1209 3771 1263 ἰδιότ-

2183 1327 2375 1380 τητας.
2415 1309 2610 1363 Μένων
2655 1306 2748 1359 οὖν
2783 1308 2839 1358 ἐν
2885 1304 2966 1376 τῷ
3010 1301 3150 1357 εἶναι
3199 1303 3343 1366 Υἱὸς,
3392 1302 3571 1355 πάντα
3621 1301 3771 1355 ἐστὶν

2186 1405 2287 1457 ὅσα
2344 1403 2493 1455 ἐστὶν
2540 1403 2568 1453 ὁ
2619 1401 2832 1470 Πατὴρ,
2881 1397 3027 1451 κατὰ
3083 1397 3185 1466 τὴν
3229 1395 3414 1465 φωνὴν
3460 1392 3625 1447 αὑτοῦ
3674 1390 3772 1444 τοῦ

2185 1495 2396 1566 Κυρίου
2449 1493 2730 1556 εἰπόντος·
2776 1490 2977 1544 Πάντα
3026 1489 3144 1542 ὅσα
3174 1488 3299 1556 ἔχει
3330 1489 3363 1540 ό
3406 1485 3627 1552 Πατὴρ,
3658 1482 3775 1551 ἐμά

2187 1585 2338 1638 ἐστι.
2363 1583 2452 1653 Τῷ
2472 1583 2586 1636 δντι
2607 1583 2718 1651 γὰρ
2737 1581 2833 1651 τῆς
2858 1580 3065 1642 εἰκόνος
3092 1579 3211 1631 ἐστὶ
3239 1577 3440 1639 πάντα,
3475 1577 3575 1628 ὅσα
3597 1574 3774 1644 πρέσο

2187 1694 2304 1730 εστι
2364 1679 2430 1746 τῇ
2488 1678 2832 1743 πρωτοτύπῳ
2882 1674 3085 1741 μορφῇ.
3166 1668 3576 1737 Ἐοεασόμεθα
3635 1666 3770 1735 γὰρ,

2191 1771 2358 1840 φησίν
2387 1771 2414 1822 ὁ
2442 1767 2856 1836 εὐαγγελιστὴς,
2884 1765 2996 1833 τὴν
3022 1765 3212 1828 δόξαν
3237 1761 3450 1825 αὐτοῦ,
3479 1759 3667 1823 δόξαν
3689 1759 3773 1826 ᾡς

510 1873 571 1916 ιιι
611 1860 885 1933 Unigeniti
911 1879 941 1916 a
983 1862 1143 1918 Patre
1176 1863 1242 1927 “,
1288 1883 1306 1917 ι
1341 1865 1448 1920 hoc
1474 1875 1586 1930 est,
1634 1881 1742 1919 non
1785 1881 1871 1920 res
1905 1865 2080 1918 adrni-

2188 1859 2568 1930 Μονογενοῦς
2593 1856 2754 1925 παρὰ
2792 1855 3024 1924 Πατρός
3044 1870 3060 1886 ο
3109 1854 3411 1914 τουτέστιν,
3445 1851 3546 1902 οὐκ
3577 1852 3642 1901 ὲκ
3668 1849 3772 1901 δω-

509 1953 710 2007 rabiles
752 1955 802 2007 ei
846 1967 1075 2009 munere
1128 1965 1184 2009 et
1231 1956 1404 2025 gratia
1456 1957 1720 2018 tributas,
1775 1955 1870 2010 sed
1915 1971 2080 2025 quam

512 2060 578 2096 ex
607 2045 871 2099 societate
910 2047 1144 2100 naturali
1176 2046 1347 2101 Filius
1400 2047 1612 2103 obtinet
1656 2057 1896 2117 paternm
1942 2047 2082 2102 divi-

509 2135 698 2190 nitatis
756 2137 1098 2206 dignitatem.
1156 2139 1446 2208 Accepisse
1519 2140 1662 2192 enim
1725 2155 1848 2194 cum
1917 2139 2081 2193 rebus

507 2224 706 2278 creatis
737 2239 1032 2280 commune
1066 2236 1168 2288 est,
1214 2234 1409 2279 natura
1441 2241 1620 2280 autem
1662 2227 1908 2280 obtinere
1951 2241 2077 2296 pro-

493 2313 688 2382 prium
727 2324 810 2368 est
852 2315 1044 2385 geniti.
1074 2315 1440 2380 Quamobrem
1507 2325 1568 2370 ut
1615 2315 1780 2370 Filius
1838 2317 2082 2386 possidet

506 2420 847 2476 quaecunque
916 2417 1042 2462 sunt
1100 2407 1311 2472 Patris,
1370 2418 1430 2462 ut
1503 2406 1828 2478 Unigenitus
1897 2418 2078 2463 autem

507 2502 765 2552 universa
819 2501 872 2552 in
926 2505 986 2554 se
1035 2500 1159 2570 ipso
1221 2501 1574 2558 centinet.et
1625 2500 2078 2570 comprehcndit,

507 2591 658 2644 nulla
697 2605 757 2645 re
789 2607 912 2645 cum
959 2592 1066 2646 alio
1100 2592 1296 2646 divisa.
1339 2590 1416 2644 Ex
1465 2592 1578 2661 ipsa
1622 2590 1785 2662 igitur
1841 2591 2081 2660 appella-

511 2691 660 2736 ttone
691 2696 816 2737 eum
866 2694 1076 2738 natura:
1120 2683 1328 2736 socium
1362 2683 1732 2753 intelligimus,
1769 2698 1877 2737 non
1923 2684 2076 2746 jussu

509 2781 776 2836 creatum.
811 2775 906 2829 sed
945 2789 1008 2828 ex
1048 2775 1284 2830 essentia
1315 2773 1687 2844 eﬂ‘ulgentem,
1741 2776 1858 2829 sine
1911 2775 2081 2830 inter-

508 2866 686 2930 vallo,
730 2868 850 2920 sine
897 2877 1144 2938 tempore
1179 2868 1534 2937 coniunctum
1578 2867 1750 2931 Patri,
1783 2884 1969 2938 parem
2023 2868 2078 2922 in

507 2959 776 3022 bonitate,
833 2958 886 3012 in
957 2960 1200 3028 potentia
1244 2961 1540 3029 aequalem,
1604 2960 1788 3032 gloria:
1847 2961 2081 3016 socium.

507 3050 649 3117 Quid
678 3050 824 3104 enim
860 3061 945 3106 est
971 3051 1137 3113 aliud,
1181 3052 1280 3105 nisi
1316 3053 1578 3121 sigillum,
1613 3063 1667 3108 et
1695 3053 1873 3124 imago
1905 3063 2079 3108 totum

508 3141 566 3195 in
605 3157 665 3197 se
710 3141 927 3198 Patrem
965 3143 1319 3212 exprimens?
1363 3143 1496 3207 Quae
1539 3154 1723 3198 autem
1767 3153 1976 3215 postea,
2024 3144 2078 3198 in

507 3249 739 3303 corpore
771 3235 1107 3289 constitutus
1154 3235 1218 3289 ad
1250 3243 1302 3289 te
1347 3234 1608 3303 loquitur,
1651 3236 1951 3304 disponens
1983 3238 2084 3291 ho-

508 3325 717 3378 minum
767 3327 999 3379 salutem
1043 3341 1207 3394 quam
1264 3327 1319 3379 in
1380 3341 1547 3382 carne
1602 3328 1766 3382 nobis
1815 3344 2084 3397 apparens

505 3418 715 3484 attulit,
745 3433 804 3472 se
843 3421 1070 3472 missum
1094 3433 1219 3472 esse
1240 3419 1454 3485 dicens,
1487 3432 1544 3474 et
1574 3421 1712 3474 nihil
1745 3437 1811 3475 ex
1840 3437 1898 3476 se
1924 3437 2086 3491 posse

509 3513 712 3573 facere,
746 3520 801 3564 et
843 3525 902 3565 se
935 3509 1252 3563 mandatum
1288 3511 1588 3579 accepisse,
1627 3521 1684 3566 et
1727 3512 1808 3567 his
1859 3513 2082 3572 similia.

509 3614 663 3662 cave,
708 3614 778 3653 ne
823 3600 1096 3669 praebeant
1118 3600 1214 3654 tibi
1263 3603 1633 3666 occasionem,
1691 3613 1751 3658 ut
1809 3603 2086 3674 Unigeniti

510 3692 852 3747 divinitatem
885 3693 1200 3748 imminuas.
1271 3693 1518 3748 Potentis
1542 3695 1688 3749 enim
1733 3697 1798 3751 ad
1844 3695 2088 3752 imbecil-

512 3783 720 3836 litatem
749 3793 894 3837 tuam
929 3784 1248 3838 summissio
1280 3800 1390 3838 non
1423 3783 1587 3839 debet
1619 3801 1738 3840 esse
1781 3786 2084 3842 divinitatis

512 3873 632 3942 ejus
673 3873 1007 3927 imminutio.
1058 3875 1324 3929 Naturam
1361 3876 1529 3945 igitur
1568 3877 1744 3948 cogita
1801 3879 1908 3931 Deo
1954 3893 2088 3954 con-

513 3963 822 4036 gruentem,
856 3983 920 4022 ex
943 3968 1124 4022 verb’s
1155 3975 1338 4022 autem
1366 3969 2088 4040 abjectioribusdispositio-

514 4074 638 4137 nem
665 4061 924 4131 intellige.
951 4061 1148 4116 Verum
1187 4061 1231 4116 si
1257 4061 1322 4116 de
1361 4062 1444 4116 his
1482 4063 1746 4118 vellemus
1773 4064 2088 4120 accuratius

516 4147 567 4206 in
602 4147 890 4223 praascntia
916 4153 1213 4219 disserere,
1251 4155 1466 4226 longam
1497 4167 1661 4226 atque
1708 4159 1844 4212 adeo
1898 4159 2084 4214 infini-

513 4229 622 4296 tam
685 4245 926 4298 sermoni
977 4253 1166 4298 nostro
1223 4246 1648 4314 diSputationem
1708 4237 2090 4319 imprudenter

512 4337 904 4388 insereremus.
955 4334 1134 4400 Quare
1199 4335 1265 4389 ad
1309 4337 1648 4406 propositum
1725 4351 2085 4398 revertamur.

511 4426 761 4492 Animus,
805 4426 950 4495 quia
998 4427 1238 4481 materia:
1275 4427 1662 4484 allec-tionibus
1689 4445 1809 4487 sese
1851 4435 2088 4503 potuerit

2191 1955 2318 2024 ρεᾶς
2349 1953 2445 2006 καὶ
2473 1953 2698 2022 χάριτος
2726 1950 2989 2002 δοθέντων
3013 1947 3160 2013 αὐτῷ
3183 1946 3291 1998 τῶν
3309 1943 3627 2012 θαυμάτων,
3653 1939 3772 1993 ἀλλ’

2185 2047 2251 2097 ὲκ
2286 2046 2385 2113 τῆς
2433 2042 2576 2095 κατὰ
2609 2041 2774 2111 φύσιν
2807 2038 3094 2100 κοινωνίας
3133 2037 3351 2106 ἔχοντος
3380 2033 3475 2086 τοῦ
3505 2032 3636 2084 Υίοῦ
3668 2031 3771 2098 τῆς

2188 2138 2467 2207 πατρικῆς
2508 2135 2765 2204 θεότητος
2802 2132 2864 2185 τὸ
2904 2131 3144 2202 ἀξίωμα.
3194 2128 3267 2182 Τὸ
3319 2129 3420 2198 μὲν
3450 2127 3557 2196 γὰρ
3584 2125 3776 2179 λαϐεῖν

2188 2230 2370 2283 κοινὸν
2411 2230 2508 2282 καὶ
2547 2226 2685 2298 πρὸς
2720 2226 2820 2296 τὴν
2845 2225 3057 2277 κτίσινο
3089 2224 3150 2274 τὸ
3185 2221 3242 2275 δὲ
3276 2221 3423 2291 ἔχειν
3453 2219 3518 2272 ὲκ
3553 2217 3775 2286 φύσεως

2189 2324 2321 2376 ἴδιον
2362 2323 2456 2375 τοῦ
2503 2321 2880 2390 γεννηθέντος.
2931 2319 3019 2381 Ὠς
3067 2317 3168 2386 μὲν
3199 2312 3293 2369 οὖν
3345 2313 3490 2375 Υίδς,
3527 2311 3777 2379 φυσικῶς

2186 2419 2456 2486 κέκτηται
2486 2415 2552 2467 τὰ
2574 2414 2670 2466 τοῦ
2706 2413 2922 2481 Πατρός
2945 2429 2957 2444 ο
2992 2411 3064 2474 ὼς
3093 2411 3149 2463 δὲ
3171 2406 3505 2475 Μονογενὴς,
3531 2405 3627 2459 ὅλα
3657 2404 3776 2474 ἔχει

2185 2511 2244 2562 ὲν
2275 2507 2457 2578 ἐαυτῷ
2493 2505 2801 2567 συλλαϐὼν,
2831 2502 3046 2565 οὐδενὸς
3077 2497 3597 2568 καταμεριζομένου
3634 2494 3776 2565 πρὸς

2184 2599 2395 2669 ἓτερον.
2459 2597 2545 2662 Ἐξ
2593 2594 2767 2663 αὐτῆς
2814 2593 2997 2646 τοίνυν
3049 2591 3149 2659 τῆς
3205 2588 3331 2642 Υίοῧ
3391 2591 3777 2657 προσηγορίας

2184 2689 2566 2760 διδασκόμεθα,
2601 2689 2684 2740 ὅτι
2709 2687 2808 2756 τῆς
2836 2685 3050 2754 φύσεώς
3070 2687 3184 2737 ἐστι
3207 2680 3481 2744 κοινωνόςο
3516 2679 3578 2731 οὐ
3599 2693 3779 2748 προσ-

2184 2784 2427 2850 τάγματι
2483 2779 2748 2843 κτισθεὶς,
2813 2776 2930 2831 ἀλλ’
2985 2777 3051 2828 ὲκ
3095 2774 3197 2844 τῆς
3241 2773 3427 2835 οὐσίας
3477 2770 3776 2839 ἐκλάμψας

2185 2873 2544 2933 ἀδιαστάτως,
2586 2868 2831 2939 ἀχρόνως
2882 2865 2963 2935 τῷ
3019 2863 3196 2932 Πατρὶ
3237 2859 3606 2930 συνημμένος,
3655 2859 3778 2919 ἶσος

2185 2965 2245 3017 ὲν
2273 2961 2592 3030 ἀγαθὸτητι,
2640 2960 2755 3022 [σος
2801 2959 2860 3010 ὲν
2889 2955 3146 3025 δυνάμει,
3175 2954 3429 3016 κοινωνὸς
3453 2953 3554 3022 τῆς
3587 2952 3774 3020 δόξης.

2189 3057 2298 3108 Καὶ
2329 3055 2382 3107 τί
2413 3052 2544 3122 γὰρ,
2572 3051 2688 3104 ἀλλ’
2724 3051 2758 3122 ἢ
2801 3047 3038 3120 σφραγὶς
3065 3047 3160 3100 καὶ
3191 3045 3380 3110 είκὼν,
3413 3044 3533 3098 ὅλον
3563 3045 3620 3096 ὲν
3642 3043 3777 3096 ἑαυ-

2185 3148 2261 3220 τῷ
2299 3147 2516 3208 δεικνὺς
2563 3144 2654 3196 τὸν
2695 3144 2946 3214 Πατέρα;
2984 3141 3128 3194 Ὅσα
3176 3138 3233 3191 δέ
3285 3154 3368 3189 σοι
3419 3136 3558 3205 μετὰ
3596 3135 3776 3188 ταῦτα

2188 3240 2294 3294 dm);
2337 3239 2436 3307 τῆς
2487 3236 2812 3306 σωματικῆς
2867 3231 3217 3301 κατασκευῆς
3265 3230 3618 3296 διαλέγεται,
3666 3228 3778 3297 τὴν

2187 3335 2294 3388 τῶν
2329 3329 2634 3403 ἀνθρώπων
2667 3328 2944 3398 σωτηρίαν
2973 3325 3302 3394 οἰκονομῶν,
3355 3323 3423 3393 ἢν
3450 3321 3540 3375 διὰ
3565 3320 3778 3390 σαρκὸς

2189 3425 2479 3496 ἐπιφανεὶς
2529 3424 2664 3493 ἡμῖν
2706 3419 3042 3484 ἐπεδείξατο,
3083 3415 3553 3485 ἀποστελλόμενον
3591 3413 3776 3481 λέγων

2187 3519 2400 3581 ἑαυτὸν,
2444 3516 2538 3570 καὶ
2565 3515 2732 3586 μηδὲν
2757 3512 3059 3582 δυνάμενον
3089 3511 3180 3579 ἀφ’
3209 3507 3405 3563 ἑαυτοῦ
3437 3509 3636 3568 ποιεῖν,
3679 3506 3776 3559 καὶ

2188 3613 2410 3682 ἐντολὴν
2439 3609 2694 3672 λαϐόντα,
2723 3607 2820 3660 καὶ
2864 3607 2967 3659 ὅσα
2995 3603 3238 3670 τοιαῦτα,
3270 3605 3343 3674 μή
3373 3619 3455 3655 σοι
3485 3601 3779 3671 παρεχέτω

2189 3705 2444 3774 ἀφορμὰς
2499 3701 2638 3770 πρὸς
2670 3701 2732 3752 es
2767 3697 3240 3768 κατασμικρύνειν
3281 3695 3376 3748 τοῦ
3424 3691 3776 3759 Μονογενοῦς

2189 3795 2286 3866 τὴν
2315 3793 2565 3862 θιότητα.
2593 3791 2666 3845 Οὐ
2691 3791 2800 3859 γὰρ
2823 3790 2854 3859 ἡ
2884 3789 3018 3854 πρὸς
3043 3790 3102 3840 τὸ
3133 3787 3224 3840 σὶν
3246 3783 3469 3846 ἀσθενὲς
3495 3783 3776 3853 συγκατὰέ

2190 3887 2346 3949 ϐασις
2373 3885 2668 3945 ἐλάττωσις
2703 3882 2908 3950 ὀφείλει
2941 3879 3186 3947 γίνεσθαι
3220 3881 3319 3950 τῆς
3350 3876 3508 3941 ἀξίας
3553 3874 3647 3928 τοῦ
3677 3875 3772 3928 δυ·

2192 3978 2385 4031 νοτοῦο
2413 3977 2550 4029 ἀλλὰ
2586 3974 2685 4045 τὴν
2721 3974 2820 4042 μὲν
2870 3973 3034 4042 φύσιν
3073 3973 3184 4023 νόει
3238 3969 3585 4040 θεοπρεπῶς,
3616 3969 3685 4021 τὰ
3714 3967 3771 4020 δὲ

2189 4066 2549 4136 ταπεινότερα
2579 4064 2688 4116 τῶν
2725 4063 2986 4135 ῥημάτων
3019 4063 3174 4132 δέχου
3217 4060 3600 4130 οἰκονομικῶς.
3637 4057 3773 4127 Περὶ

2191 4155 2265 4214 ὧν
2306 4161 2354 4211 ἐξ
2414 4157 2811 4228 βουληθείημεν
2845 4153 2903 4210 ὲν
2935 4156 3012 4226 τῷ
3047 4155 3276 4226 παρόντι
3310 4156 3445 4224 πρὶς
3479 4153 3772 4224 ἀκρίϐειαν

2189 4251 2518 4321 διηγεῖσθαι,
2561 4249 2824 4318 λάθοιμεν
2863 4248 2930 4301 ἂν
2974 4243 3204 4311 ἑαυτοὺς
3249 4247 3384 4300 πολύ
3421 4265 3474 4300 τι
3509 4249 3601 4299 καὶ
3631 4245 3772 4299 dnt-

2192 4362 2388 4417 ραντςν
2445 4342 2648 4413 πλῆθος
2691 4341 2868 4410 λόγων
2928 4341 3320 4409 ἐπεισάγοντες
3357 4343 3423 4410 τῇ
3487 4338 3770 4394 ὑποθέσει.

2201 4435 2342 4490 Ἀλλ’
2401 4436 2496 4487 ἐπὶ
2544 4435 2605 4487 τὸ
2653 4436 3020 4506 προκείμενον
3066 4435 3397 4504 ἐπανίωμεν.
3456 4433 3579 4487 Ὀτι
3650 4433 3769 4487 διὰ-

511 4529 834 4588 expurgarc,
883 4525 938 4572 et
1001 4518 1063 4572 iis
1123 4534 1243 4587 quae
1296 4530 1480 4574 creata
1554 4532 1682 4576 sunt
1735 4526 2081 4592 posthabitis,

2190 4547 2306 4582 νοια
2330 4530 2363 4598 ἡ
2401 4527 2693 4598 δυνηθεῖσα
2732 4528 2841 4579 τῶν
2869 4544 2928 4579 τε
2970 4527 3173 4581 ὑλικῶν
3210 4526 3549 4598 καθαρεῦσαι
3582 4525 3773 4580 παθῶν

513 4625 580 4663 ex
633 4609 906 4680 profundo
974 4610 1039 4664 ad
1098 4625 1296 4680 supera
1347 4613 1510 4681 piscis
1564 4614 1734 4668 inslar
1780 4632 2084 4687 emergere,

510 4704 565 4754 in
633 4717 694 4756 ea
746 4705 1002 4771 puritate,
1076 4717 1183 4771 qua
1215 4704 1471 4758 conditus
1525 4716 1630 4769 est,
1670 4707 1826 4770 situs,
1883 4711 2089 4764 ridebit

510 4795 622 4848 illic
654 4810 774 4849 esse
807 4796 1073 4865 Spiritum
1115 4807 1390 4862 sanctum,
1453 4797 1543 4851 ubi
1578 4797 1770 4864 Filius,
1833 4811 1888 4855 et
1926 4802 2088 4858 Pater

509 4897 614 4951 est,
670 4889 961 4944 habentem
994 4889 1267 4959 et-ipsum
1305 4891 1488 4944 omnia
1535 4892 1896 4962 coniunctim,
1941 4905 2088 4950 etcx

471 4989 728 5052 {.natura,
779 4983 1100 5048 bonitatem,
1147 4983 1549 5048 rectitudinem,
1595 4986 1966 5049 sanctitatem,
2003 4989 2089 5043 vi—

450 5053 619 5132 itam
661 5089 676 5126 :
721 5072 959 5144 Spiritus
1022 5075 1192 5139 enim,
1224 5076 1420 5145 inquit,
1455 5084 1580 5130 tuus
1629 5076 1718 5132 ille
1772 5077 1982 5141 bonus,
2037 5091 2092 5135 et

512 5166 747 5236 Spiritus
791 5176 993 5230 rectus;
1023 5178 1077 5220 et
1109 5167 1344 5236 Spiritus
1384 5179 1530 5235 tuus,
1559 5171 1707 5224 illum
1733 5184 2001 5228 sanctum.
2031 5175 2089 5228 Et

511 5259 592 5312 lex
647 5257 882 5326 Spiritus
939 5257 1084 5320 vitm,
1129 5257 1331 5313 Paulus
1376 5259 1472 5314 ait.
1521 5259 1764 5324 Quorum
1818 5263 1954 5318 nihil
1990 5265 2091 5335 ipsi

511 5362 887 5422 comparatum
932 5361 1034 5414 est,
1098 5361 1193 5404 aut
1247 5353 1517 5420 posterius
1561 5355 1916 5422 adiunctum,
1987 5359 2083 5412 sed

512 5442 973 5510 quemadmodum
1033 5455 1137 5495 nec
1182 5441 1532 5496 calefaciendi
1573 5445 1655 5499 vis
1685 5446 1753 5498 ab
1799 5447 1943 5517 igne,
1983 5462 2086 5502 nec

511 5535 774 5602 splndor
810 5551 839 5588 a
887 5535 1010 5588 luce
1042 5533 1286 5604 separari
1322 5543 1520 5603 potest,
1562 5537 1640 5591 sic
1671 5553 1698 5592 a
1745 5537 1953 5608 Spiritu
1987 5557 2086 5596 nec

513 5625 774 5678 sanctitas
810 5626 1044 5695 sejungi,
1083 5641 1184 5680 nec
1229 5627 1465 5693 benilas,
1503 5643 1604 5683 nec
1631 5633 1922 5687 rectitude.
1975 5633 2084 5690 Illic

513 5713 641 5784 ergo
672 5717 925 5771 etmsistit
975 5717 1245 5787 Spiritus,
1281 5718 1391 5775 illic
1433 5720 1488 5774 in
1523 5721 1679 5778 beata
1709 5736 1903 5781 natura
1931 5767 1946 5792 ,
1984 5743 2082 5782 nec

589 5816 636 5859 ‘°
660 5829 812 5885 Joan.
841 5847 945 5895 1m,
981 5833 1063 5886 t5;
1106 5834 1148 5865 “
1182 5839 1337 5891 Joau.
1379 5851 1418 5902 ι,
1453 5838 1538 5891 Η.

2186 4619 2283 4672 καὶ
2311 4619 2411 4686 τὴν
2455 4618 2654 4688 νοητὴν
2704 4618 2879 4671 κτίσιν
2923 4621 3107 4672 πᾶσαν
3145 4619 3489 4680 καταλιπεῖν,
3523 4619 3618 4671 καὶ
3661 4616 3772 4670 οἶόν

2185 4728 2269 4774 τις
2326 4710 2479 4780 ἰχθὺς
2529 4711 2640 4763 ἀπὸ
2698 4711 2791 4762 τοῦ
2843 4710 3010 4779 βυθοῦ
3061 4713 3197 4782 πρὸς
3256 4711 3355 4780 τὴν
3403 4711 3515 4764 ἀνω
3567 4710 3772 4781 ἐπιφά-

2189 4819 2338 4856 νειαν
2397 4801 2790 4870 ἀνανήξασθαι,
2819 4805 2878 4856 ἐν
2908 4803 2986 4874 τῷ
3035 4804 3262 4873 καθαρῴ
3291 4803 3391 4873 τῆς
3426 4804 3656 4868 κτίσεως
3681 4815 3773 4870 γε·

2187 4897 2408 4965 νομένη.
2474 4897 2592 4946 ἐκεῖ
2649 4894 2840 4964 ὄψεται
2889 4897 2951 4949 τὸ
3010 4895 3236 4965 Πνεῦμα
3291 4896 3354 4948 τὸ
3410 4895 3588 4963 ἆγιον,
3637 4898 3770 4948 ὅπου

2190 4987 2341 5050 Υἱὸς,
2371 4986 2467 5039 καὶ
2505 4986 2640 5038 ὅπου
2669 4986 2882 5055 Πατὴρ,
2916 4985 3098 5038 πάντα
3136 4983 3260 5054 ἔχον
3290 4985 3385 5038 καὶ
3417 4985 3549 5036 αὐτὸ
3582 4994 3773 5036 συνου-

2191 5077 2474 5147 σιωμὲνως
2523 5079 2667 5130 κατὰ
2707 5077 2806 5146 τὴν
2848 5077 3032 5144 φύσιν,
3064 5077 3165 5144 τὴν
3193 5074 3525 5145 ἁγαθότητα,
3561 5075 3663 5144 τὴν
3687 5073 3773 5126 εὐ-

2190 5171 2415 5240 θύτητα,
2449 5172 2539 5224 τὸν
2588 5171 2884 5241 ἁγιασμδν,
2932 5171 3028 5240 τὴν
3061 5170 3229 5239 ζωήν.
3279 5171 3348 5223 Τὸ
3378 5168 3623 5238 Πνεῦμα
3650 5168 3772 5240 ,γὰρ

2192 5281 2333 5324 σου,
2366 5265 2553 5333 φησὶν,
2589 5265 2652 5316 τὸ
2681 5263 2906 5333 ἀγαθόν
2928 5277 2943 5293 θ
2971 5261 3066 5314 καὶ
3096 5261 3280 5324 πάλιν,
3313 5261 3556 5330 Πνεῦμα
3575 5260 3768 5326 εὑθές·

2195 5359 2288 5409 καὶ
2335 5355 2512 5419 πάλιν,
2568 5355 2637 5408 Τὸ
2685 5353 2929 5422 Πνεῦμα
2958 5351 3025 5406 τὸ
3055 5351 3245 5422 ἅγιον.
3288 5352 3399 5406 Καὶ
3446 5353 3474 5403 ὁ
3522 5352 3774 5404 Ἀπόστο·

2194 5448 2323 5512 λοςο
2369 5448 2433 5500 '0
2480 5448 2664 5516 νόμος
2717 5447 2822 5502 τοῦ
2883 5449 3230 5517 Πνεύματος
3273 5444 3378 5513 τῆς
3414 5443 3587 5513 ζωῆς.
3640 5442 3774 5496 Τού-

2195 5557 2302 5593 των
2355 5539 2508 5592 οὑδὲν
2553 5539 2850 5609 ἐπίκτητον
2906 5540 3076 5610 αὐτῷ,
3109 5540 3230 5592 οὐδὲ
3271 5540 3497 5610 ὕστερον
3522 5537 3771 5604 ἐπιγενό-

2199 5649 2362 5700 μενον
2389 5633 2708 5703 πρόσεστιν·
2743 5633 2858 5685 ἀλλ’
2893 5631 3082 5701 ὥσπερ
3115 5633 3417 5702 ἀχώριστον
3449 5630 3525 5698 τῷ
3556 5629 3690 5699 πυρὶ
3713 5627 3774 5679 τδ

2193 5725 2528 5796 θερμαίνκν,
2575 5727 2665 5780 καὶ
2711 5725 2786 5796 τῷ
2815 5727 2953 5795 φωτὶ
2981 5726 3042 5779 τδ
3088 5725 3324 5794 λάμπειν
3346 5739 3362 5756 ⁸
3399 5720 3543 5776 οὓτω
3575 5721 3669 5776 καὶ
3696 5718 3772 5788 τῷ
