4094 6286
395 535 400 540 -
473 499 710 552 fossione
734 497 884 550 illiilli
919 495 1108 557 etiam,
1159 494 1315 560 cuius
1347 502 1426 546 est
1467 492 1734 561 spiritus:
1788 501 1871 544 est
1906 491 2051 543 enim

471 291 542 352 59
1717 284 2032 343 EU'l'li'YM
2049 285 2096 342 ll
2144 284 2504 344 ZIGABENI
3706 283 3802 344 60

474 410 641 462 ritum
673 413 886 459 tantum
934 402 1093 463 dixit,
1144 400 1560 471 comprehendit
1591 399 1752 452 simul
1793 400 1892 452 hac
1921 415 2054 452 con-

2184 401 2268 452 ἱαὶ
2312 401 2339 452 ὁ
2391 402 2452 453 τὸ
2497 400 2718 469 Πνεῦμα
2770 402 2932 470 μόνον
2988 400 3158 454 εἰπὼν
3213 400 3638 470 συμπεριέλαϐε
3719 407 3806 473 τῇ

2161 488 2423 560 ὁμολογίᾳ
2484 491 2660 560 ταύτῃ
2712 495 2808 544 καὶ
2854 491 2914 542 τὸ
2965 482 3024 542 οὗ
3076 493 3192 543 ἐστι
3243 492 3302 542 τὸ
3347 491 3573 560 Πνεῦμα
3609 506 3630 522 ⁸
3679 492 3804 544 τοῦ

2161 579 2398 649 Χριστοῦ
2435 581 2543 649 γάρ
2566 599 2578 611 ο
2610 582 2702 633 καὶ
2732 583 2792 634 τὸ
2827 582 2885 645 ἐξ
2926 575 2985 634 οὗ
3017 599 3030 612 ·
3075 583 3140 634 ἐκ
3173 580 3268 634 τοῦ
3313 581 3451 634 Θεοῦ
3484 582 3625 652 γὰρ,
3670 600 3808 637 κα-

2161 669 2230 720 θά
2283 687 2449 738 φησιν
2497 673 2524 723 ὁ
2579 670 2812 735 Παῦλος.
2854 673 2964 726 Καὶ
3002 671 3193 743 ὥσπερ
3242 673 3337 725 ἐπὶ
3372 672 3469 738 τῆς
3507 673 3807 736 ἁλύσεως

2160 761 2188 812 ὁ
2221 761 2340 824 ἐνὸς
2399 761 2569 832 ἄκρου
2601 763 2904 832 ζ’ἀψάμενος
2940 769 3032 817 καὶ
3076 764 3140 816 τὸ
3166 764 3356 832 ἕτερεν
3387 765 3556 832 ἄκρον
3594 783 3804 818 συνε-

2163 853 2512 918 mundano,
2539 853 2712 918 οὕτως
2735 857 2762 906 ὁ
2788 857 2849 906 τὺ
2873 853 3094 926 Πνεῦμα
3123 855 3376 920 ἑλκύσας,
3410 857 3552 909 καθά
3585 873 3803 924 φησεν

2162 945 2191 997 ὁ
2220 947 2530 1016 προφήτης,
2567 946 2634 998 δι’
2667 946 2831 999 αὐτοῦ
2864 948 2962 1000 καὶ
2980 950 3071 1000 τὸν
3108 948 3259 1013 Υἱὸν,
3291 951 3385 1000 καὶ
3413 953 3504 1002 τὸν
3537 951 3801 1019 Πατέρα

2165 1035 2501 1089 συνείλκυσε.
2551 1037 2660 1090 Καὶ
2711 1041 2756 1090 εί
2793 1039 2884 1091 τὸν
2929 1038 3058 1091 Υἱόν
3089 1056 3171 1102 τις
3216 1039 3398 1105 λάϐοι,
3447 1040 3560 1104 ἕξει
3589 1039 3802 1093 αὐτὸν

2165 1127 2531 1196 ἑκατέρωθεν,
2573 1132 2647 1199 πῆ
2692 1130 2791 1199 μὲν
2828 1129 2918 1181 τὸν
2975 1129 3173 1182 ἑαυτοῦ
3229 1129 3469 1199 Πατέρα,
3503 1129 3578 1198 πῆ
3613 1131 3688 1183 δὲ
3729 1130 3800 1182 τὸ

455 589 678 644 Christi
713 605 727 642 :
764 598 818 641 et
853 603 1002 648 eum,
1055 601 1120 638 ex
1148 601 1284 651 quo;
1330 599 1451 637 nam
1483 592 1565 638 est
1597 599 1661 636 ex
1698 584 1825 644 Deo,
1881 592 1940 636 ut
1975 583 2058 634 in-

473 683 592 752 quit
661 679 972 750 Apostolus.
1024 677 1084 731 Et
1111 677 1567 746 quemadmodum
1623 675 1675 727 in
1722 683 1912 728 eatena
1966 674 2059 742 qui

473 773 874 829 evtrentitatem
938 785 1098 822 unam
1161 768 1396 836 attingit,
1447 767 1605 821 simul
1634 767 1795 819 etiam
1827 765 2054 819 alteram

477 865 640 919 trahit
672 861 1093 925 extremitatem,
1160 861 1241 914 sic
1287 859 1378 927 qui
1433 858 1702 928 Spiritum
1760 858 1940 919 traxit,
2002 864 2064 910 ut.

476 957 652 1024 inquit
681 955 975 1021 Propheta,
1026 967 1122 1020 per
1175 951 1353 1019 ipsum
1392 947 1458 1004 'et
1513 949 1708 1003 Filium
1759 960 1814 1002 et
1848 949 2058 1001 Patrem

477 1045 638 1100 simul
687 1043 927 1096 attraxit.
984 1041 1167 1109 thui
1225 1039 1417 1093 Filium
1471 1039 1915 1108 apprehenderit,
1967 1040 2061 1092 lia-

475 1139 627 1191 licliit
660 1137 834 1205 ipsum
866 1135 934 1188 ab
963 1135 1130 1196 altera
1167 1133 1386 1201 quidem
1427 1143 1577 1201 parte
1626 1133 1838 1185 Patrem
1877 1147 2058 1195 suum,

476 1225 544 1276 ab
585 1224 751 1276 altera
784 1231 966 1275 autem
1003 1230 1152 1290 parte
1180 1220 1440 1288 Spiritum
1474 1221 1750 1289 proprium
1786 1221 2062 1274 adducen-

481 1327 609 1368 tem.
671 1313 855 1380 Neque
898 1313 1044 1364 enim
1097 1327 1126 1363 a
1177 1310 1343 1364 Patre
1386 1311 1585 1379 poterit
1634 1311 1911 1379 separari,
1967 1312 2059 1379 qui

480 1421 698 1473 semper
725 1415 808 1456 est
848 1405 900 1456 in
935 1403 1117 1465 Patre,
1177 1418 1355 1470 neque
1385 1419 1413 1454 a
1450 1402 1654 1470 Spiritu
1680 1402 1914 1472 sejungi,
1969 1405 2061 1471 qui

479 1495 664 1550 o:nnia
730 1511 825 1563 per
855 1496 1033 1570 ipsum
1094 1495 1222 1563 agit.
1279 1493 1644 1558 Quamobrem
1691 1495 1836 1547 nulla
1871 1495 2059 1556 scelio,

481 1600 575 1642 aut
607 1588 806 1642 divisio
862 1588 972 1640 ullo
1005 1588 1166 1641 modo
1202 1595 1385 1656 potest
1442 1587 1764 1655 exc0gilari,
1819 1601 1924 1654 qua
1978 1585 2064 1638 vel

485 1681 644 1733 Pater
697 1680 816 1734 sine
862 1679 1019 1737 Filio,
1053 1679 1139 1733 vel
1199 1680 1368 1732 Filius
1401 1678 1521 1731 sine
1561 1677 1765 1746 Spiritu
1796 1677 2063 1746 intelliga-

485 1781 592 1822 tttr.
630 1768 736 1823 Sed
775 1785 834 1823 ea
886 1771 937 1822 in
973 1771 1056 1822 his
1109 1777 1192 1822 est
1250 1778 1362 1822 tum
1397 1769 1551 1829 unio,
1611 1776 1723 1820 tum
1770 1767 2065 1832 distinctio,

484 1878 604 1928 quae
640 1877 742 1916 nec
763 1862 1008 1914 oratione
1037 1871 1217 1930 potest
1244 1861 1529 1930 explicari.
1559 1875 1662 1913 nec
1710 1861 1892 1914 animo
1918 1877 2070 1914 com-

485 1951 769 2022 prehendi,
807 1968 930 2005 eum
963 1965 1062 2006 nec
1102 1963 1458 2021 personarum
1496 1951 1776 2005 distinrt’o
1817 1953 2070 2007 essentia:

485 2046 752 2100 distrahat
795 2045 1240 2113 coniunctionem
1286 2059 1388 2098 nec
1446 2047 1696 2098 essentia!
1747 2047 2067 2111 coniunctio

487 2149 847 2205 personarum
879 2135 1176 2187 confundat
1206 2134 1621 2202 proprietatem.
1652 2134 1878 2188 Mirabili
1913 2149 2065 2186 naru-

490 2241 597 2294 que
630 2225 838 2279 ratione
893 2226 947 2278 in
1005 2225 1088 2278 his
1117 2234 1199 2278 est
1247 2235 1357 2279 tum
1418 2226 1710 2294 conjuncta
1768 2226 2069 2291 distinctio,

492 2327 604 2373 tuin
657 2318 914 2377 distincta
962 2315 1299 2384 conjunctio.
1349 2317 1546 2370 Verum
1589 2326 1646 2370 ut
1685 2317 1864 2386 aliquo
1911 2319 2074 2372 modo

492 2409 568 2462 rei
603 2408 908 2461 obscuritas
933 2407 1250 2470 illustrelur,
1304 2407 1388 2460 vel
1424 2407 1669 2476 qumdam
1704 2411 1884 2478 potius
1913 2409 2074 2462 adhi-

491 2502 683 2554 beatur
705 2501 1050 2554 adumbratio
1089 2500 1358 2560 veritatis,
1399 2501 1640 2554 emlestis
1672 2516 1855 2562 arcus,
1909 2517 2072 2570 quem

493 2593 616 2645 irim
650 2593 948 2660 appellant,
989 2591 1301 2659 exemplum
1331 2591 1768 2646 consideremus.
1805 2591 2064 2647 Omnium

493 2682 640 2733 enim
675 2680 916 2732 colorum
946 2679 1120 2747 ipsius
1152 2681 1474 2748 splendores
1525 2690 1580 2733 et
1612 2682 1854 2735 distincti
1885 2683 2075 2738 vid-cn-

493 2779 582 2825 ξυι-
615 2785 754 2830 esse,
780 2771 1040 2838 quoniam
1076 2770 1242 2824 luridi-
1289 2777 1436 2835 sunt,
1486 2779 1541 2826 et
1583 2773 1882 2841 conjuncti,
1935 2790 2075 2843 quo-

492 2863 641 2914 niam
713 2861 886 2914 latent
952 2862 1141 2914 oculos
1181 2873 1396 2917 nostros
1465 2866 1778 2918 nti-tionem
1832 2867 2073 2931 termini,

494 2954 696 3021 quibus
779 2953 1196 3023 distinguuntur
1272 2955 1514 3008 colorum
1584 2956 1952 3021 diversitates,
2016 2964 2074 3012 ut

2104 1737 2144 1792 Β

2165 1220 2298 1272 ἴδιον
2324 1220 2547 1289 Πνεῦμα
2581 1222 3043 1290 συνεπαγόμενον.
3094 1219 3236 1273 Οὔτε
3270 1220 3377 1288 γὰρ
3410 1222 3503 1273 τοῦ
3538 1221 3794 1290 Πατρὸς

2163 1312 2192 1362 ὁ
2225 1313 2310 1364 ἀεὶ
2332 1312 2390 1362 ὲν
2425 1311 2502 1380 τῷ
2535 1313 2706 1381 Πατρὶ
2734 1313 2806 1365 ὢν
2837 1314 3226 1383 ἀποτμηθῆναι
3257 1313 3575 1382 δυνήσεται,
3633 1312 3796 1365 οὔτε

2165 1403 2261 1456 τοῦ
2310 1403 2628 1473 Πνεῦματός
2685 1421 2814 1456 ποτε
2868 1404 2962 1457 τοῦ
3025 1405 3154 1457 Υἰοῦ
3223 1404 3688 1475 διαζευχθήσεται
3762 1409 3797 1458 ὁ

2165 1495 2346 1548 πάντα
2377 1498 2436 1547 ἐν
2494 1495 2644 1565 αὐτῷ
2674 1496 2940 1565 ἐνεργῶν.
2970 1497 3087 1549 Οὐκ
3137 1494 3287 1547 ἔστιν
3335 1494 3429 1547 οῦν
3467 1498 3793 1566 ἐπινοῆσαι

2165 1587 2337 1658 τομὴν
2386 1587 2417 1657 ἢ
2478 1587 2745 1656 διαίρεσιν
2794 1587 2917 1640 κατ’
2964 1587 3160 1641 οὐδένα
3212 1589 3356 1654 τρόπ
3389 1605 3440 1651 ν,
3490 1587 3630 1660 ὼςῆ
3679 1590 3794 1640 τὸν

2177 1681 2402 1758 Πατέρα
2435 1681 2607 1750 χωρὶς
2640 1679 2731 1732 τοῦ
2765 1679 2896 1732 Υίοῦ
2926 1678 3206 1749 νοηθῆναι,
3253 1679 3286 1747 ἦ
3313 1680 3405 1732 τὸν
3429 1679 3559 1731 Υίὸν
3594 1680 3794 1750 χωρὶς

2175 1768 2267 1822 τοῦ
2321 1769 2658 1838 Πνεῦματος,
2705 1769 2840 1822 ἀλλά
2868 1787 2951 1832 τις
2979 1770 3218 1841 άρῤητος
3252 1769 3345 1822 καὶ
3391 1771 3791 1840 ἁκατανόητος

2177 1866 2235 1916 ὲν
2266 1860 2481 1925 τούτοις
2538 1865 2632 1914 καὶ
2663 1863 2862 1925 ἓνωσις
2896 1863 2991 1916 καὶ
3030 1863 3320 1933 διαίρεσις,
3371 1862 3494 1916 οὒτε
3523 1863 3622 1933 τῆς
3657 1863 3793 1916 τῶν

2178 1955 2534 2008 ὑποστάσεων
2562 1955 2828 2024 διαφορᾶς
2872 1953 2934 2006 τὸ
2983 1954 3206 2024 συνεχὲς
3243 1954 3338 2024 τῆς
3379 1954 3593 2023 φύσεως
3646 1957 3789 2008 δια-

2181 2049 2426 2119 σπώσης,
2454 2049 2580 2102 οὔτε
2600 2050 2696 2120 τῆς
2722 2049 2863 2103 κατὰ
2887 2051 2984 2120 τὴν
3008 2051 3196 2103 οὐσίαν
3227 2051 3522 2119 συνανξείας
3548 2049 3606 2102 τὸ
3631 2050 3792 2103 ιδιά-

2179 2141 2272 2206 ζον
2301 2141 2407 2194 τῶν
2439 2141 2842 2210 γνωρισμάτων
2883 2140 3244 2212 άναχεούσης.
3287 2141 3397 2194 Καὶ
3437 2140 3552 2193 ἐστι
3592 2157 3792 2206 παρα-

2178 2230 2351 2294 δόξως
2393 2231 2489 2282 ἐπὶ
2542 2229 2748 2283 τούτων
2800 2231 2896 2284 καὶ
2943 2231 3214 2300 διάκρισις
3269 2232 3618 2301 συνημμένη,
3675 2230 3790 2283 καὶ

2177 2322 2574 2392 διακεκριμένη
2631 2322 2917 2391 συνάφεια.
2979 2322 3375 2393 Προσκείσεται
3433 2323 3491 2375 δὲ
3556 2323 3650 2375 καί
3720 2339 3787 2374 τι

2181 2419 2316 2486 πρδς
2355 2417 2651 2483 ἐπίγνωσιν
2677 2418 2926 2492 άμυδρξν
2957 2415 3286 2482 ὑπόδειγμα,
3326 2415 3528 2483 μᾶλλον
3562 2415 3616 2467 δὲ
3641 2422 3787 2467 σκιά

2184 2523 2268 2568 τις
2303 2504 2561 2574 ἀληθείας
2595 2506 2626 2573 ἡ
2657 2503 2956 2574 πολύχροος
2987 2499 3118 2573 ῐρις.
3151 2503 3375 2556 Πάντων
3423 2504 3532 2572 γάρ
3566 2504 3678 2556 τῶν
3719 2503 3789 2555 ἐν

2179 2597 2318 2667 αὐτῇ
2344 2596 2649 2668 χρωμάτων
2693 2596 2749 2648 αί
2780 2595 2948 2660 αὐγαὶ
2981 2595 3075 2668 καὶ
3110 2593 3530 2663 διακεκριμέναι
3555 2594 3792 2661 φαῖνον-ι

2183 2713 2275 2748 ται
2314 2695 2390 2766 τῷ
2451 2695 2744 2764 τηλαυγεῖς
2798 2688 2961 2757 εἶναι,
3005 2690 3102 2744 καὶ
3157 2689 3506 2762 συνηνῶσθαι
3553 2689 3786 2740 δοκοῦσι

2180 2788 2258 2858 τῷ
2288 2787 2575 2840 λανθάνειν
2623 2785 2780 2856 ἡμῶν
2819 2785 2915 2846 τὰς
2968 2784 3122 2852 ὄψεις
3162 2784 3288 2845 τοὺς
3343 2783 3503 2851 ὅρους
3536 2781 3644 2832 τῶν
3681 2782 3786 2849 put-

2185 2879 2339 2945 ξεων,
2372 2881 2495 2942 τοὺς
2523 2877 2898 2948 διακρίνοντας
2923 2877 3022 2939 τὰς
3046 2877 3153 2927 τῶν
3181 2872 3389 2943 χρόνων
3423 2872 3780 2942 ἑτερότητας,

2183 2973 2255 3036 ὡς
2285 2974 2571 3043 ἀμήχανον
2594 2971 2836 3040 ἐξευρεῖν
2869 2969 3033 3039 μέχρι
3057 2968 3197 3030 τινος
3229 2965 3430 3034 ἕστηκε
3464 2965 3522 3018 τὸ
3557 2983 3790 3034 πυραυσυ

492 3044 805 3098 discernere
833 3058 1192 3113 nequeamus,
1219 3059 1510 3113 quousque
1545 3047 1816 3114 pertineat
1843 3057 1938 3101 aut
1971 3047 2076 3100 ini-

2184 3065 2298 3132 γὲς,
2342 3065 2374 3133 ἢ
2413 3050 2790 3133 σμαραγδίζον
2812 3061 2912 3130 τῆς
2945 3059 3218 3129 αἴγλης,ἣ
3253 3057 3483 3128 χλοάζον
3514 3055 3790 3146 ἰτῆςῗλαμ.⁴

497 3136 633 3188 tium
696 3145 877 3190 sumat
936 3134 1022 3188 vel
1087 3135 1303 3197 rutilus,
1359 3135 1446 3189 vel
1503 3137 1927 3206 smaragdinus,
1995 3136 2083 3190 vel

497 3226 720 3295 glaucus
745 3225 966 3277 luminis
991 3226 1156 3277 nitor.
1181 3222 1300 3287 Quo
1319 3225 1540 3291 quidem
1573 3235 1780 3280 natura:
1831 3225 2084 3294 exemplo

505 3332 607 3370 nos
643 3318 780 3369 ratio
812 3316 991 3377 docet,
1023 3330 1090 3366 ne
1123 3316 1326 3368 frustra
1362 3316 1602 3368 laborem
1656 3317 1996 3371 insumamus
2025 3319 2079 3371 in

497 3407 768 3476 dogmatis
804 3405 1112 3460 rationibus
1145 3407 1529 3476 exquirendis,
1565 3423 1690 3462 cum
1721 3410 1778 3463 in
1807 3410 2084 3466 difficilem

498 3501 733 3567 aliquam
764 3498 1187 3566 disputationem
1221 3497 1530 3563 incidimus,
1559 3510 1614 3555 et
1640 3510 1820 3555 utrum
1853 3501 1941 3567 iis,
1969 3518 2088 3572 qua:

499 3592 780 3654 dicuntur,
817 3589 1234 3644 assentiendum
1292 3591 1380 3654 sit,
1420 3591 1756 3647 haesitamus.
1806 3592 2086 3658 Quemad-

501 3683 724 3736 modum
752 3683 898 3742 enim
928 3683 982 3735 in
1018 3681 1081 3735 iis
1136 3698 1256 3750 qua:
1288 3683 1462 3738 oculis
1503 3694 1826 3750 cernuntur,
1857 3687 2088 3740 rationi-

500 3774 604 3828 bus
636 3783 896 3843 przestant
943 3775 1340 3843 experimenta,
1393 3776 1470 3830 sie
1521 3778 1573 3830 in
1627 3777 1951 3832 sublimibus
1996 3778 2090 3832 do-

502 3867 804 3936 ginatibus,
867 3866 1191 3936 cognitioni,
1222 3883 1342 3937 qua:
1370 3867 1672 3924 rationibus
1719 3881 2088 3941 comparatur,

503 3958 641 4012 ﬁdes
674 3958 970 4012 antecellit.

507 4070 761 4140 Ejusdem
810 4087 876 4126 ex
931 4074 1132 4127 decimo
1191 4084 1372 4128 ortara
1415 4078 1642 4145 capitum
1695 4079 1768 4131 ad
1823 4078 2094 4145 Amphiloé

508 4178 514 4181 -
643 4199 648 4210 ξ
1202 4146 1398 4198 Chium.

583 4234 738 4288 Unus
770 4232 911 4286 Deus
947 4243 1003 4287 et
1041 4233 1220 4297 Pater,
1257 4245 1311 4288 et
1343 4251 1484 4288 unus
1520 4236 1833 4305 unigenitus
1876 4237 2046 4293 Filius
2072 4279 2088 4305 ,

509 4336 565 4378 et
605 4340 746 4376 unus
773 4323 1012 4390 Spiritus
1040 4337 1283 4379 sanctus.
1314 4325 1767 4396 Unamquamque
1797 4343 2091 4398 personam

2187 3156 2557 3224 πηδόνος,.καὶ
2579 3155 2689 3209 ἀπὸ
2719 3149 2866 3216 τίνος
2896 3153 3150 3222 ἄρχεται,
3188 3149 3558 3213 παιδεύοντος,
3592 3145 3780 3217 οἶμαι,

2185 3246 2280 3299 τοῦ
2321 3246 2482 3314 λόγου
2516 3245 2612 3298 καὶ
2643 3245 2732 3298 διὰ
2786 3245 2881 3314 ’τῆς
2918 3243 3151 3306 κτίσεως
3188 3242 3347 3312 ἡμῶν
3383 3239 3459 3310 μὴ
3506 3254 3787 3293 καινοπαά

2190 3338 2304 3390 θεῖν
2343 3340 2455 3400 τοῖς
2490 3337 2620 3407 περὶ
2667 3334 2760 3388 τοῦ
2812 3335 3082 3404 δόγματος
3139 3333 3341 3401 λόγοις,
3397 3333 3550 3397 ὅταν,
3597 3332 3675 3394 είς
3722 3330 3790 3382 τὸ

2187 3430 2565 3500 δυσθεώρητον
2613 3428 2968 3499 ἐμπεσόντες,
3028 3425 3164 3493 πρὸς
3216 3425 3313 3494 τὴν
3367 3423 3787 3493 συγκατάϐασιν

2190 3523 2299 3575 τῶν
2335 3521 2647 3592 λεγομένων
2686 3520 3099 3589 ἰλιγγιάσωμεν.
3141 3517 3230 3581 Ὠς
3269 3518 3376 3589 γάρ
3405 3519 3501 3570 ἐπὶ
3530 3517 3639 3570 τῶν
3664 3519 3783 3579 τοῖς

2189 3613 2492 3684 ὀφθαλμοῖς
2532 3612 2878 3683 φαινομένων
2914 3612 3183 3682 κρείττων
3228 3611 3402 3680 ἐφάνη
3439 3610 3538 3679 τῆς
3581 3607 3789 3661 ἁντιλο·

2192 3707 2317 3776 γίας
2353 3709 2385 3777 ἡ
2416 3711 2604 3777 πεῖρα,
2645 3706 2792 3760 οὕτω
2821 3706 2916 3759 καὶ
2950 3705 3044 3757 ἐπὶ
3071 3703 3181 3757 τῶν
3214 3701 3790 3773 ὑπεραναόεϐηκότων

2191 3801 2480 3870 δογμάτων
2529 3801 2795 3871 κρείττων
2825 3799 2860 3870 ἡ
2905 3797 3088 3862 πίστις
3126 3796 3268 3851 ἔστω
3299 3796 3397 3868 τῆς
3436 3793 3526 3849 διὰ
3563 3794 3671 3848 τῶν
3695 3792 3790 3845 λοι-

2191 3893 2412 3964 γισμῶν
2442 3891 2825 3963 καταλήψεως.

2207 4073 2308 4125 Ἐκ
2325 4068 2432 4123 τοῦ
2460 4071 2649 4126 αὑτοῦ
2679 4066 3212 4188 ἀπομεφωιῧίωσις
3241 4063 3462 4130 δεκάτη
3496 4063 3615 4116 τῶν
3635 4061 3797 4130 πρδς

2815 4145 2989 4188 Auct.
3055 4151 3202 4188 γιον.

2797 4139 3202 4205 Ἀμφιλόχιον.

2266 4232 2360 4298 Εἷς
2386 4235 2515 4296 Θεὸς
2542 4233 2636 4285 καὶ
2666 4231 2876 4300 Πατὴρ,
2919 4228 3014 4282 καὶ
3052 4222 3132 4290 είς
3168 4222 3466 4296 μονογενὴς
3512 4223 3664 4288 Υἱὸς,
3696 4228 3796 4280 καὶ

2196 4327 2254 4380 ἓν
2283 4327 2438 4396 ἅγιον
2477 4324 2724 4394 Πνεῦμα.
2772 4321 3044 4392 Ἐκάστην
3080 4321 3188 4374 τῶν
3234 4321 3586 4373 ὑποστάσεων
3623 4339 3794 4390 μον-ιο

515 4415 794 4484 sigillatim
849 4415 1226 4472 enuntiautus.
1288 4418 1539 4488 Cumque
1585 4429 1838 4488 oporteat
1877 4436 2079 4475 connu-

2196 4419 2306 4492 χῶς
2347 4417 2772 4488 ἐξαγγέλλομεν.
2822 4415 3072 4468 Ἐπειδὰν
3102 4415 3155 4466 δὲ
3183 4413 3636 4480 συναριθμεῖσθαι
3667 4413 3789 4484 δέῃ,

514 4524 752 4571 merare,
783 4526 890 4563 non
922 4510 976 4563 id
1006 4512 1238 4579 agimus,
1277 4521 1335 4565 ut
1392 4512 1664 4566 inerudita
1703 4514 2088 4569 numeratione

512 4601 582 4654 ad
635 4600 956 4670 multiplicis
1013 4601 1314 4656 divinitatis
1374 4601 1790 4671 intelligentiam
1850 4601 2095 4657 adduca-

516 4707 660 4744 mur.
716 4689 902 4760 Neque
937 4692 1080 4744 enim
1110 4692 1495 4761 componendo
1549 4707 1960 4757 enumeramus,
2016 4695 2101 4746 ina-

514 4794 857 4838 crementum
889 4784 967 4837 ab‘
1012 4798 1122 4837 uno
1148 4784 1212 4836 ad
1241 4784 1654 4837 multitudinem
1687 4784 1974 4849 facientes,
2020 4786 2097 4838 di-

500 4882 817 4942 ‘Centcsque
873 4888 1061 4938 unum,
1119 4882 1172 4928 et
1234 4873 1365 4937 duo,
1398 4881 1453 4927 et
1483 4874 1585 4926 tria
1632 4891 1646 4927 :
1699 4885 1793 4927 aut
1833 4876 2097 4945 primum,

522 4973 618 5018 aut
647 4964 974 5028 secundum,
1001 4973 1094 5018 aut
1123 4965 1367 5019 tertium.
1409 4984 1428 5016 ι
1466 4966 1580 5035 Ego
1613 4984 1657 5029 ι,
1705 4967 1872 5027 enim,
1902 4967 2099 5035 inquit,

528 5074 548 5106 ι
593 5055 732 5108 Deus
764 5055 972 5123 primus
999 5096 1014 5120 ,
1070 5065 1125 5110 et
1180 5071 1284 5126 ego
1311 5057 1592 5127 deinceps.
1633 5075 1650 5108 ›
1697 5058 1865 5112 Deum
1901 5074 2101 5113 secun-

523 5147 656 5199 dum
693 5145 760 5199 ad
791 5146 936 5199 hunc
981 5161 1154 5215 usque
1221 5148 1366 5201 diem
1423 5164 1704 5218 nunquam
1771 5150 2101 5206 audivimus.

525 5236 619 5292 Bic
649 5238 794 5291 enim
829 5236 998 5290 Deum
1023 5253 1090 5290 ex
1123 5239 1234 5292 Deo
1282 5245 1596 5306 adoramus,
1654 5250 1712 5295 ut
1745 5256 2102 5310 personarum

528 5331 931 5402 proprietatem
1009 5328 1356 5394 conﬁtentes,
1451 5333 1672 5386 unicum
1740 5336 2109 5404 principatum

525 5437 865 5486 asseramus,
900 5437 1003 5476 nec
1033 5421 1337 5478 divinitatis
1379 5425 1645 5479 rationem
1693 5427 1744 5479 in
1799 5428 2108 5482 multitudi-

531 5525 659 5568 nem
719 5516 1052 5570 subdivisam
1121 5516 1519 5580 discindimus,
1582 5519 1840 5588 quoniam
1891 5536 1997 5573 una
2055 5521 2107 5574 in

536 5597 668 5667 Deo,
694 5614 748 5659 et
780 5607 960 5670 Patre,
990 5615 1046 5661 et
1080 5605 1220 5660 Filio
1240 5609 1528 5678 unigenito
1561 5610 1711 5678 quasi
1739 5611 1913 5664 forma
1953 5627 2113 5680 spe-c-

537 5702 686 5754 tatur
735 5700 1163 5754 incommutabili
1199 5703 1490 5771 conjuncta
1525 5704 1740 5758 vinculo
1783 5703 2110 5760 divinitatis.

2195 4513 2318 4582 οὐχὶ
2356 4509 2676 4579 ἀπαιδεύτῳ
2723 4507 3023 4580 ἀριθμήσει
3055 4507 3191 4576 πρὸς
3231 4505 3526 4568 πολυθεῖας
3571 4503 3785 4559 ἔννοιαν

2195 4601 2568 4671 ὲκφερόμεθα.
2622 4602 2698 4653 0-3
2757 4601 2866 4667 γὰρ
2927 4598 3072 4652 κατὰ
3133 4598 3379 4650 σὺνθεσιν
3441 4595 3792 4666 ἀριθμοῦμεν

2197 4698 2290 4764 ἀφ’
2319 4697 2438 4756 ἑνὸς
2485 4697 2565 4757 εἰς
2600 4691 2806 4762 πλῆθος
2842 4692 3160 4762 ποιούμενοι
3189 4689 3287 4760 τὴν
3329 4690 3700 4759 παραύξησιν,
3733 4689 3793 4742 ἓν

2200 4789 2437 4853 καὶδύο,
2485 4788 2578 4840 καὶ
2613 4788 2744 4856 τρία
2793 4784 3081 4852 ’.έγοντεςκ
3121 4781 3244 4835 οὐδὲ
3280 4781 3520 4851 πρῶτον,
3550 4782 3644 4834 καὶ
3673 4781 3796 4834 δεύει

2198 4899 2379 4951 τερον,
2413 4880 2507 4932 καὶ
2537 4877 2738 4948 τρίτον.
2780 4893 2803 4930 ι
2825 4875 2968 4946 Ἐγὼ
2997 4875 3131 4946 γάρ,
3164 4893 3182 4926 ι
3228 4876 3386 4943 φησὶ,
3426 4891 3444 4924 ι
3473 4873 3604 4935 Θεὸς
3647 4875 3798 4944 πρῶ·-

2200 4990 2314 5038 τος,
2341 4969 2453 5040 ἐγὼ
2493 4969 2588 5024 καὶ
2635 4967 2773 5039 μετὰ
2814 4967 3012 5020 ταῦτα,
3045 4985 3064 5017 ι
3115 4965 3380 5030 Δεύτερον
3422 4965 3553 5017 Θεὸν
3583 4964 3796 5017 otiosum

2205 5065 2299 5119 καὶ
2339 5065 2580 5132 τήμερον
2616 5059 2957 5129 ἀκηκόαμεν.
3011 5057 3144 5109 Θεὸν
3197 5058 3306 5121 γὰρ
3357 5057 3420 5108 ἐκ
3453 5055 3587 5108 Θεοῦ
3627 5071 3800 5126 πρισ-

2207 5155 2498 5217 κυνοῦντες
2525 5193 2538 5216 ,
2589 5154 2684 5205 καὶ
2723 5151 2786 5205 τὸ
2849 5148 3053 5212 ἰδιάζον
3082 5149 3183 5216 τῆς
3218 5148 3568 5209 ὑποστάσεως
3600 5147 3797 5211 ὀβολοσ-

2208 5247 2437 5315 γοῦμεν,
2479 5245 2574 5296 καὶ
2609 5243 2842 5312 μένομεν
2869 5241 2964 5292 ἐπὶ
3003 5239 3100 5310 τῆς
3124 5238 3451 5309 μοναρχίας,
3484 5240 3563 5301 εἰς
3594 5238 3797 5308 πλῆθος

2209 5338 2614 5408 ἀπεσχισμένον
2640 5337 2738 5405 τὴν
2765 5333 3043 5401 θεολογίαν
3083 5332 3158 5404 μὴ
3194 5331 3601 5397 σκεδαννύντες,
3627 5331 3713 5384 διὰ
3738 5333 3797 5386 τδ

2217 5430 2348 5500 μίαν
2399 5431 2457 5480 ὲν
2510 5425 2630 5497 Θεῷ
2681 5425 2776 5479 καὶ
2821 5425 2998 5493 Πατρὶ
3049 5426 3141 5476 καὶ
3194 5423 3310 5494 Υἱῷ
3367 5424 3648 5492 μονογενεῖ
3695 5424 3794 5492 τὴν

2214 5522 2375 5574 οἱονεὶ
2413 5519 2626 5589 μορφὴν
2653 5515 2976 5586 θεωρεῖσθαι
3009 5514 3086 5583 τῷ
3114 5515 3524 5584 ἁπαραλλάκτῳ
3553 5511 3650 5582 τῆς
3681 5515 3797 5566 θεό-

2215 5629 2379 5682 τητος
2422 5611 2759 5680 ὲ·.ιζομένην.
2797 5609 2926 5670 Υἱὸς
2961 5606 3070 5678 γὰρ
3105 5608 3160 5659 ὲν
3211 5605 3406 5673 Πατρὶ,
3467 5606 3562 5658 καὶ
3609 5605 3798 5676 Πατὴρ

2218 5709 2278 5761 ἐν
2328 5703 2464 5767 Υἱῷ,
2526 5702 2715 5767 ἐπειδὴ
2769 5701 2864 5754 καὶ
2907 5693 3066 5764 οὗτος
3108 5697 3366 5764 τοιοῦτος,
3405 5691 3515 5761 οἷος
3563 5699 3791 5761 ἐκεῖνος,
