4060 6278
166 348 240 411 85
1152 348 1243 409 PA
1253 350 1531 411 NOPLiA
1577 351 1741 413 DOG.‘

1847 355 2042 415 'I‘ICA.
2085 380 2148 392 -—
2188 359 2341 419 φιτ.
2377 360 2461 421 Il.
3385 361 3456 437 60°

177 461 391 531 Ἀρεῖου
433 455 616 522 καλῶς
647 456 1052 524 ὀνομασθεῖσαν
1116 461 1338 527 μανίαν,
1384 461 1417 530 ἦ
1474 462 1741 531 ἁνάρχους

1854 464 2120 521 dissectas
2144 480 2369 525 naturas
2397 470 2787 537 distrahamus,
2813 484 2873 529 ut
2904 475 3015 530 Arii
3046 477 3162 532 vult
3197 479 3349 536 furor
3396 495 3452 537 et

161 554 263 607 καὶ
290 550 583 613 ἀτάκτους,
622 560 721 601 καί
750 542 865 600 οἷον
891 550 1070 621 εἰπεῖν
1098 550 1402 615 ἀντιθέους,
1428 553 1506 621 τῷ
1554 554 1650 621 μὲν
1676 554 1755 616 εὶς

175 643 484 713 Ἰουδαῖκὴν
525 639 922 711 σμικρολογίαν
969 641 1437 711 κατακλεισθῆναι
1489 644 1636 714 μόνῳ
1679 646 1756 714 τῷ

160 738 459 807 ἀγεννήτῳ
508 735 604 805 τὴν
640 736 870 802 θεότητα
926 735 1393 807 περιγράψαντας,
1437 737 1515 808 τῷ
1564 737 1619 789 δὲ
1674 739 1754 802 εἰς

156 830 412 882 ἱναντῖον
437 828 553 897 μὲν,
580 829 752 881 κακὸν
775 828 829 881 δὲ
859 829 975 881 ἴσον
1014 831 1201 881 πεσεῖν
1228 832 1377 898 τρεῖς
1410 828 1585 899 ἀρχὰς
1618 830 1753 883 62:0.-

156 921 513 990 τιθεμένους,
581 921 675 974 καὶ
725 923 877 989 τρεῖς
918 920 1097 986 Θεοίις,
1128 919 1156 971 ὃ
1187 921 1297 973 τῶν
1332 923 1754 990 προειρημένων

155 1012 537 1082 ἀτοπώτερον,
560 1012 681 1065 δέον
713 1012 848 1081 μήτε
873 1010 1052 1075 οὕτως
1091 1008 1230 1065 εἶναι
1262 1029 1415 1074 τινας
1458 1013 1753 1082 φιλοπάτο-

161 1122 285 1171 ρας,
315 1106 396 1167 ὠς
429 1104 522 1156 καὶ
551 1103 611 1155 τὸ
642 1098 784 1155 εἶναι
825 1103 1043 1172 Πατέρα
1082 1104 1392 1171 περιαιρεῖν
1420 1119 1435 1133 ·
1472 1104 1615 1166 τίνος
1643 1103 1752 1174 γὰρ

158 1194 222 1247 ἂν
248 1197 353 1247 καὶ
383 1195 469 1262 εἴη
494 1194 685 1264 Πατὴρ
709 1194 803 1247 τοῦ
835 1195 965 1248 Υἱοῦ
1000 1195 1098 1263 τὴν
1133 1196 1297 1264 φύσιν
1329 1195 1748 1267 ἀπεξενωμένου

158 1288 250 1337 καὶ
302 1285 746 1354 ἠλλοτριωμένου
793 1289 931 1355 μετά
959 1285 1060 1355 τῆς
1107 1286 1380 1352 missing;
1430 1288 1569 1357 μήτε
1608 1288 1753 1342 οὕτω

159 1380 573 1448 φιλοχριστους,
634 1378 709 1440 ὡς
756 1379 895 1449 μήτε
943 1379 1119 1450 τούτῳ
1160 1382 1451 1447 φυλάττειν
1495 1382 1557 1434 τὸ
1609 1378 1751 1435 εἶναι

162 1470 288 1522 Υῑὸν
318 1484 338 1502 ο
370 1471 518 1532 τίνος
557 1468 668 1540 γὰρ
704 1468 770 1523 ἂν
821 1472 916 1522 καὶ
964 1471 1054 1541 εῐη
1092 1472 1218 1534 Υἱὸς
1252 1472 1328 1541 μὴ
1383 1473 1517 1542 πρὶς
1572 1478 1749 1527 αἴτιον

162 1562 575 1631 ἁναιρερομενος
610 1563 705 1615 τὸν
756 1564 1013 1633 Πατέρας
1053 1567 1192 1635 μήτε
1241 1564 1318 1636 τῷ
1354 1566 1530 1636 Πατρὶ
1559 1566 1617 1619 τὸ
1649 1571 1750 1637 τῆς

161 1653 339 1724 ἀρχῆς
370 1654 837 1724 κατασμικρύνων
866 1654 1107 1726 ἀξίωμα,
1144 1660 1249 1727 τῆς
1300 1658 1375 1721 ώς
1424 1659 1601 1729 Πατρὶ
1651 1659 1748 1713 καὶ

169 1748 477 1816 γεννήτορι.
529 1747 763 1815 Μικρῶν
804 1750 909 1819 γὰρ
944 1749 1011 1802 ἂν
1045 1750 1131 1818 εἴη
1170 1750 1265 1803 καὶ
1297 1751 1537 1815 ἀναξίων
1578 1754 1744 1822 ἁρχὴ.

1859 554 2069 610 insania
2148 560 2387 614 autsine
2438 563 2767 633 principatu,
2821 577 2917 619 aut
2965 567 3082 621 sine
3130 569 3341 636 ordine,
3397 580 3453 628 et

1856 646 2009 715 quasi
2043 647 2405 712 adversarios,
2441 662 2500 706 ιιι
2531 652 2599 706 ita
2628 654 2827 715 dicam.
2866 656 2998 710 deos
3024 660 3449 731 constituentes,

1856 737 1941 790 vel
1974 738 2039 791 ad
2066 738 2347 794 Judaicam
2385 742 2775 798 demissionem
2805 747 3159 812 declinemus,
3200 763 3255 804 ut
3305 753 3457 821 inge-

1858 829 1974 881 nito
2022 841 2231 884 tantum
2278 833 2617 889 divinitatem
2658 839 3020 902 ascribamus,
3087 843 3167 894 \el
3213 843 3265 895 in
3316 860 3451 897 con-

1855 920 2099 982 trariam.
2132 924 2224 977 sed
2252 940 2404 993 asque
2436 926 2629 980 malam
2658 929 2971 997 opinionem
3007 932 3362 997 adducantur,
3394 948 3455 991 ut

1855 1011 1954 1063 tria
1990 1023 2292 1069 statuamus
2334 1017 2623 1087 principia,
2656 1028 2710 1072 et
2766 1030 2876 1075 tres
2931 1023 3088 1087 deos,
3140 1027 3284 1092 quod
3331 1042 3452 1080 om-

1853 1102 2005 1155 nium
2057 1118 2176 1171 qua
2213 1104 2361 1158 dicta
2393 1116 2541 1169 sunt,
2593 1118 2676 1161 cst
2722 1109 3193 1165 absurdissimum.
3246 1113 3452 1166 Caven-

1851 1194 1979 1248 dum
2011 1196 2158 1250 enim
2184 1206 2287 1261 est,
2320 1213 2390 1250 ne
2412 1198 2541 1253 dttm
2594 1198 2775 1254 Patris
2807 1202 3035 1254 nimium
3074 1203 3300 1256 studiosi
3329 1218 3454 1257 esse

1850 1288 2128 1350 volumus,
2170 1288 2348 1356 ipsum
2383 1289 2716 1346 auferamus.
2758 1292 2929 1359 Cujus
2959 1293 3104 1345 enim
3140 1294 3245 1346 erit
3269 1294 3450 1356 Pater.

1851 1378 1897 1432 si
1936 1388 2145 1432 natura:
2175 1380 2407 1435 diversa:
2439 1381 2634 1444 Filius,
2667 1392 2853 1451 utpote
2884 1398 3006 1436 cum
3060 1384 3223 1438 rehus
3251 1386 3451 1439 creatis

1849 1481 2169 1525 numeratus
2236 1473 2592 1539 assignetur?
2631 1475 2737 1527 Aut
2795 1475 2923 1527 dum
2970 1475 3173 1528 Christi
3221 1476 3445 1530 nimium

1848 1572 2094 1616 amantes
2122 1563 2294 1616 videri
2320 1565 2588 1632 cupimus,
2633 1564 2678 1617 ei
2711 1579 2781 1617 ne
2815 1564 2945 1618 illud
2990 1565 3210 1633 quidem
3257 1580 3447 1618 serve-

1850 1668 1992 1714 mus,
2032 1663 2090 1706 ut
2117 1652 2285 1707 Filius
2311 1654 2399 1707 sit.
2440 1653 2573 1707 Nam
2612 1653 2770 1722 cujus
2791 1654 2895 1708 erit
2961 1654 3151 1718 Filius,
3217 1655 3323 1708 nisi
3380 1656 3449 1709 ad

1850 1762 2068 1800 causam
2104 1747 2317 1815 (l),qui
2359 1747 2515 1801 Pater
2541 1758 2645 1809 est,
2702 1746 3018 1802 referatur?
3082 1747 3231 1801 Neve
3294 1748 3440 1801 l‘atri

165 1836 235 1905 pi;
266 1836 531 1905 οεότητος
578 1836 652 1888 ὣν
700 1838 870 1899 αἴτιος
919 1839 1018 1909 τῆς
1070 1841 1128 1892 ὲν
1162 1840 1277 1908 Υἰῷ
1332 1841 1427 1892 καὶ
1473 1842 1741 1910 Πνεῦματι

1858 1838 2172 1891 minuamns
2200 1836 2450 1904 print-hii
2507 1836 2845 1906 dignitatem,
2906 1852 3027 1903 quae
3073 1838 3141 1891 ad
3196 1836 3342 1889 illum
3392 1845 3452 1891 ut

162 1927 571 1997 Oswpoapévq‘.
613 1928 836 1998 Ἐπειδὴ
870 1929 973 1998 χρὴ
1006 1930 1098 1989 καὶ
1136 1932 1225 1983 τὸν
1256 1932 1351 1984 ἕνα
1381 1932 1512 1985 Θεὸν
1538 1935 1751 2002 τηρεῖν,

160 2017 251 2068 καὶ
302 2021 406 2079 τὰς
452 2019 598 2086 τρεῖς
660 2018 991 2083 ὑποστάσεις
1051 2020 1360 2089 ὁμολογεῖν,
1398 2022 1578 2075 εῖτουν
1620 2026 1749 2093 τρῖα

162 2108 460 2177 πρόσωπα,
498 2110 592 2161 καὶ
633 2110 874 2179 ἑκάστην
909 2110 1046 2179 μετὰ
1085 2112 1182 2181 τῆς
1220 2112 1500 2180 ἰδιότητος.

1861 1928 2074 1981 Patrem
2135 1930 2547 1998 genitoremque
2600 1929 2859 1998 pertinet.
2916 1929 3244 1983 Minutarum
3304 1929 3448 1981 enim

1861 2034 2067 2079 rerum,
2096 2030 2151 2073 et
2184 2035 2305 2088 qua:
2335 2034 2391 2073 se
2425 2020 2569 2072 haud
2623 2022 2759 2074 satis
2787 2020 2966 2074 forent
3019 2022 3195 2090 dignae
3249 2020 3449 2089 princi-

1859 2111 2008 2180 pium
2041 2121 2227 2174 esset.
2291 2111 2397 2164 nisi
2439 2126 2601 2165 causa
2638 2120 2782 2165 esset
2836 2112 3155 2173 divinitatis,
3210 2129 3330 2180 qua:
3395 2112 3449 2164 in

161 2201 297 2258 Filio
327 2214 381 2258 et
403 2204 612 2273 Spiritu
670 2214 868 2259 sancto
902 2205 1259 2275 conspicitur.
1300 2205 1391 2262 Sic
1421 2208 1586 2277 igitur
1620 2214 1836 2276 Oportet
1889 2205 2056 2287 Deum
2117 2218 2283 2257 unum
2332 2217 2596 2265 asserere.
2648 2212 2708 2257 ut
2769 2215 2876 2258 tres
2938 2205 3277 2273 Ityposiases,
3351 2217 3446 2255 sou

158 2300 269 2351 tres
308 2313 573 2367 personas
600 2314 723 2353 cum
774 2312 872 2351 sua
912 2314 1184 2368 quamque
1212 2301 1547 2371 proprietate
1573 2300 1857 2354 fateantur.

166 2414 270 2470 Ἕκ
311 2416 423 2470 τοῦ
457 2419 638 2486 λόγου
686 2418 793 2472 τοῦ
830 2419 919 2484 sic
958 2420 1201 2487 ’Πρωνα
1240 2419 1348 2471 τὸν
1375 2420 1740 2487 φιλόσοφον.

233 2507 465 2578 Ὀρέζου
504 2510 559 2561 δὲ
593 2510 687 2563 καὶ
717 2511 818 2577 τὴν
844 2510 1127 2580 ἡμετέραν
1161 2510 1448 2563 εὐσέϐειαν
1474 2510 1742 2563 διδάσκων

158 2601 248 2655 ενα
276 2602 380 2671 μὲν
407 2602 606 2654 εἰδέναι
657 2602 790 2655 Θεὸν
816 2604 1113 2672 ἀγέννητον
1144 2602 1235 2654 τὸν
1265 2602 1480 2671 Πατέρα
1507 2617 1520 2631 ⁸
1561 2602 1657 2653 ἕνα
1686 2603 1742 2653 δὲ

159 2693 413 2763 γεννητὸν
446 2692 653 2762 Κύριον
681 2695 776 2747 τὸν
804 2693 933 2746 Υιδν
967 2693 1098 2745 Θεὸν
1128 2693 1246 2763 μὲν,
1277 2694 1365 2746 ὅτε
1397 2692 1522 2744 καθ’
1552 2693 1745 2745 ἑαυτὸν

160 2782 378 2852 λέγηται
408 2783 983 2855 προσαγορευόμενον,
1021 2783 1227 2853 Κύριον
1284 2784 1362 2846 δὲ,
1409 2784 1539 2836 ὅταν
1595 2784 1737 2852 μετὰ

166 2873 244 2926 τοῦ
287 2875 504 2944 Πατρὶς
538 2875 898 2943 ὀνομάζηται,
956 2877 1016 2927 τὸ
1052 2875 1151 2943 μὲν
1189 2874 1277 2927 διὰ
1307 2875 1407 2944 τὴν
1457 2875 1638 2942 φύσιν,
1685 2875 1745 2926 τὸ

164 2965 312 3019 δὲδιᾶ
335 2966 438 3034 τὴν
470 2966 772 3037 μοναρχίαν
796 2982 809 2995 ·
846 2966 905 3018 ἓν
929 2966 984 3019 δὲ
1017 2966 1240 3035 Πνεῦμα
1300 2966 1454 3031 ἆγιον
1485 2966 1747 3031 προελθὸν

166 3058 219 3115 ἐκ
239 3056 327 3108 τοῦ
359 3058 596 3126 Πατρδς,
626 3057 659 3125 ἢ
685 3056 781 3107 καὶ
812 3074 849 3107 π
869 3057 1010 3125 ροῖὸν
1036 3056 1168 3109 Θεὸν
1195 3060 1305 3119 τοῖς
1327 3057 1533 3124 νοητὼς
1562 3056 1743 3109 νοοῦσι

164 3146 223 3199 τὰ
256 3148 684 3218 παρακείμενα·
720 3150 833 3210 τοῖς
886 3149 987 3216 μὲν
1038 3148 1261 3201 ἀσεϐέσι
1315 3149 1410 3200 καὶ
1471 3147 1743 3218 πολεμού-

166 3256 335 3307 μενον,
369 3241 488 3301 τοῖς
534 3240 591 3292 δὲ
632 3239 775 3308 ὑπὲρ
806 3240 1035 3303 τούτους
1087 3240 1399 3310 νοούμενον,
1432 3242 1545 3301 τοῖς
1576 3257 1743 3293 πνευ-

164 3334 555 3402 ματεκωτέροις
613 3331 669 3383 δὲ
718 3332 815 3384 καὶ
860 3332 1192 3401 λεγόμενον·
1256 3334 1396 3402 μήτε
1424 3332 1527 3385 ὑπὸ
1568 3332 1744 3403 ἀρχὴν

161 3427 322 3476 ποιεῖν
366 3424 464 3474 τὸν
498 3424 742 3491 Πατέρα,
786 3421 873 3476 ἵνα
916 3424 991 3492 μὴ
1036 3422 1131 3475 τοῦ
1181 3422 1401 3491 πρώτου
1438 3439 1489 3475 τι
1526 3425 1744 3494 πρῶτον

162 3515 494 3582 εἰσάγωμεν,
526 3516 584 3577 ἐξ
610 3508 673 3567 οὗ
711 3516 805 3566 καὶ
850 3514 912 3566 τὸ
958 3510 1098 3566 εἶναι
1137 3514 1339 3584 πρώτῳ
1385 3517 1740 3585 περιτραπή-

162 3624 342 3661 σεται*
405 3608 547 3677 μήτε
586 3608 824 3679 ἄναρχον
870 3608 960 3660 τὸν
1016 3609 1167 3673 Υἰὺν,
1214 3610 1247 3679 ἢ
1287 3610 1348 3662 τὸ
1396 3611 1618 3680 Πνεῦμα
1681 3611 1742 3663 τὸ

160 3699 326 3766 ἄτιον,
357 3700 452 3763 ἵνα
486 3700 561 3771 μὴ
592 3699 653 3753 τὸ
692 3699 784 3757 τοῦ
814 3701 1025 3769 Πατρδς
1070 3702 1201 3753 ἴδιον
1228 3700 1576 3771 περιέλωμεν
1599 3720 1612 3734 ·
1643 3703 1742 3755 οὐκ

161 3791 361 3861 ἄναρχα
418 3792 529 3860 γὰρ
588 3792 803 3861 ἇναρχά
840 3810 976 3857 πως,
1014 3793 1043 3845 ὃ
1098 3795 1193 3846 καὶ
1247 3794 1551 3862 παράδοξον
1584 3811 1599 3827 ο
1643 3797 1741 3848 ούκ

162 3882 364 3952 inple.
407 3884 508 3952 μὲν
545 3885 655 3951 γὰρ
688 3884 764 3954 τῷ
798 3885 996 3955 αἰτίῳ,
1029 3888 1093 3939 ὲκ
1124 3886 1259 3939 Θεοῦ
1298 3889 1424 3956 γὰρ,
1463 3890 1511 3940 εἰ
1538 3890 1633 3942 καὶ
1663 3890 1740 3959 μὴ

167 3978 272 4043 μετ’
298 3976 491 4039 αὑτὸν,
521 3976 596 4037 ὼς
632 3976 692 4040 ἐξ
718 3976 868 4046 ἡλίου
899 3979 1013 4046 φῶς
1044 3996 1057 4010 ο
1097 3978 1306 4048 ἄναρχα
1344 3980 1398 4031 δὲ
1425 3980 1503 4050 τῷ
1538 3982 1733 4050 χρῦνῳ·

168 4068 226 4118 οὐ
252 4069 359 4138 γὰρ
396 4068 505 4121 ὑπὸ
547 4069 760 4138 χρόνον,
796 4070 880 4122 ἵνα
920 4072 994 4139 μὴ
1032 4070 1093 4122 τὸ
1125 4071 1248 4140 ρἐν
1339 4071 1449 4123 τῶν
1481 4073 1734 4125 ἑστώτων

165 4159 550 4229 πρεσϐύτερον,
595 4160 688 4211 καὶ
742 4160 850 4212 τῶν
904 4162 1103 4214 οὐσιῶν
1147 4161 1209 4213 τὸ
1250 4163 1500 4215 ἀνούσιον
1534 4178 1553 4195 ο
1598 4165 1737 4232 μήτε

163 4248 322 4316 ἀρχὰς
346 4251 520 4316 τρεῖς,
549 4248 636 4299 ῖνα
663 4248 739 4319 μὴ
782 4247 1098 4318 Ἑλληνικὸν
1184 4251 1239 4302 τὸ
1266 4251 1525 4304 πολύθεον
1549 4268 1563 4280 ο
1600 4256 1735 4322 μήτε

165 4339 281 4406 μίαν
324 4339 449 4407 μὲν,
499 4338 803 4407 Ἰουδαῖνὴν
834 4338 888 4391 δὲ
929 4341 1121 4408 στενήν
1162 4358 1284 4393 τινα
1322 4343 1415 4395 καὶ
1446 4342 1735 4412 φθονερὰν,

1922 2416 2177 2482 Eiusdem
2205 2432 2269 2468 ex
2300 2416 2541 2469 aratione
2572 2417 2625 2468 in
2655 2415 3318 2485 HeronempliilosOplmm.

1916 2508 2512 2577 Religionemnostram
2535 2509 2604 2562 ita
2621 2508 2866 2570 deﬁnito,
2885 2519 2941 2561 nt
2957 2526 3121 2563 unum
3139 2526 3257 2563 esse
3278 2508 3445 2567 ficum

1842 2599 2059 2662 doceas,
2086 2601 2417 2668 ingenitum,
2455 2600 2627 2667 ipsum
2667 2597 2879 2652 Patrem
2911 2616 2922 2650 :
2975 2616 3142 2653 unum
3198 2602 3439 2670 genitum

1844 2690 2165 2753 Dominum,
2204 2704 2404 2758 nempe
2430 2688 2646 2751 Filium,
2674 2690 2764 2759 qui
2796 2698 2851 2743 et
2889 2691 3003 2759 ipse
3036 2691 3252 2759 quidem
3282 2709 3443 2755 voca-

1848 2792 1935 2835 tur
1968 2779 2132 2839 Dvus.
2165 2794 2287 2833 cum
2322 2794 2421 2848 per
2447 2794 2505 2833 se
2537 2778 2753 2844 dicitur,
2784 2777 3046 2833 Dominus
3088 2791 3294 2845 autem,
3317 2798 3440 2836 cum

1844 2889 1950 2925 una
1977 2887 2102 2926 cum
2130 2869 2293 2925 Patre
2316 2871 2629 2925 nominatur
2658 2871 2801 2924 Deus
2824 2872 3041 2937 quidem
3085 2884 3303 2938 natura,
3335 2874 3441 2930 llo-

1847 2964 2025 3017 miuus
2058 2972 2239 3017 autem
2271 2962 2598 3030 principatu.
2640 2961 2821 3017 Unum
2854 2960 3117 3031 Spiritum
3187 2976 3437 3018 sanctum

1848 3055 1937 3124 qui
1970 3071 2033 3108 cx
2064 3053 2220 3107 Patre
2247 3054 2523 3122 provenit,
2554 3054 2668 3107 sive
2706 3055 2974 3129 procedit.
3010 3054 3073 3109 Et
3121 3056 3262 3108 Deus
3316 3058 3441 3126 qui-

1849 3146 1971 3200 dem
2001 3144 2351 3215 cognoscitur
2376 3144 2443 3197 ab
2478 3143 2543 3196 iis
2579 3143 2668 3212 qui
2730 3159 2942 3205 eorum,
2976 3160 3095 3211 qua:
3162 3161 3359 3214 propes
3386 3157 3436 3199 ta

1848 3248 1995 3301 sunt,
2039 3236 2287 3295 notitiam
2317 3236 2541 3289 habent.
2584 3235 2664 3288 Ab
2692 3235 2876 3309 impiis
2907 3245 3088 3289 autem
3146 3236 3435 3307 impugna-

1849 3340 1971 3393 tur;
1999 3340 2052 3384 ct
2073 3330 2138 3383 ab
2167 3330 2288 3383 aliis
2317 3329 2534 3399 quidem
2570 3337 2779 3392 tantum
2812 3328 3127 3398 intelligitur
3152 3346 3164 3389 ;
3192 3331 3260 3383 ah
3317 3331 3437 3399 aliis

1845 3436 1996 3485 vero,
2026 3420 2117 3489 qui
2163 3420 2334 3490 magis
2363 3419 2800 3489 spiritalessuut,
2863 3419 3027 3472 etiam
3089 3422 3432 3489 praedicatur.

1844 3512 1919 3565 Ac
1956 3511 2167 3569 Patrem
2195 3511 2411 3579 quidem
2445 3512 2546 3565 sub
2581 3509 2846 3579 principio
2880 3525 2984 3563 nou
3025 3526 3143 3564 esse
3188 3521 3435 3566 statuen-

1845 3603 1997 3668 dum,
2030 3619 2099 3657 ne
2133 3605 2311 3671 primo
2370 3603 2600 3673 aliquid,
2674 3601 2819 3653 unde
2880 3610 2934 3654 et
2967 3602 3145 3669 ipsum
3185 3605 3433 3668 exs'stat,

1844 3696 2225 3764 adiungamus.
2264 3695 2458 3749 Filium
2503 3709 2630 3748 vero
2673 3704 2726 3748 et
2755 3695 3016 3764 Spiritum
3051 3704 3295 3750 sanctum
3322 3711 3431 3748 non

1844 3799 1964 3837 csse
1999 3786 2117 3837 sine
2148 3784 2435 3854 principio,
2472 3800 2537 3837 ne
2577 3788 2715 3849 quod
2775 3786 3054 3852 proprium
3119 3795 3204 3839 est
3250 3786 3431 3838 Patris

1843 3873 2164 3931 adimamus.
2197 3871 2298 3937 Qui
2352 3889 2473 3925 ιιιιιι
2506 3871 2623 3925 sine
2660 3872 2933 3941 principio
2989 3888 3093 3935 nou
3136 3875 3263 3935 sint,
3326 3874 3427 3925 ali-

1841 3972 2143 4031 quotamen
2177 3964 2356 4025 modo,
2377 3963 2518 4030 quod
2548 3963 2796 4016 mirabile
2828 3973 2930 4022 est.
2970 3973 3097 4021 sunt
3121 3964 3239 4027 sine
3277 3964 3430 4031 prin-

1843 4055 2006 4123 cipio.
2043 4055 2161 4108 Non
2194 4056 2311 4108 sine
2379 4054 2646 4122 principio
2701 4064 2850 4115 sunt,
2900 4054 2952 4106 id
3013 4063 3116 4117 est.
3161 4071 3268 4106 nou
3306 4054 3426 4108 sine

1841 4164 2007 4207 causa
2040 4167 2057 4214 ;
2091 4157 2219 4202 sunt
2242 4147 2388 4201 enim
2410 4164 2477 4201 ex
2506 4148 2636 4209 Deo,
2668 4148 2916 4215 quamvis
2946 4156 3066 4216 post
3110 4148 3282 4217 ipsmn
3314 4163 3426 4200 non

1840 4241 1971 4305 sint,
2005 4252 2063 4296 ut
2086 4242 2177 4297 lux
2200 4257 2259 4295 ex
2300 4242 2435 4296 sole.
2471 4241 2601 4294 Siue
2626 4240 2893 4309 principio
2929 4250 3132 4302 autem,
3174 4240 3314 4308 quod
3357 4240 3423 4293 ad

1844 4341 2061 4402 tempus
2121 4333 2374 4404 pertinet,
2402 4350 2471 4388 ne
2496 4348 2583 4387 res
2612 4332 2755 4385 ﬂuxa
2814 4332 3085 4385 stantibus
3150 4333 3425 4401 antiquior

164 4433 245 4482 καὶ
292 4431 582 4495 ἀδύνατον,
633 4429 667 4497 ἢ
725 4432 787 4484 τὸ
842 4431 1155 4484 ἀναλίσκειν
1206 4432 1286 4495 εἰς
1343 4434 1544 4502 ἑαυτὴν
1605 4432 1734 4485 Θεό-

1847 4426 1949 4486 sit,
1981 4427 2312 4483 etessentiis
2360 4424 2412 4480 id
2464 4424 2608 4493 quod
2666 4425 2904 4477 essentia
2937 4435 3105 4478 caret.
3157 4424 3269 4477 Nec
3322 4426 3421 4478 tria

162 4540 309 4592 v.11,
343 4524 371 4575 δ
390 4526 502 4585 τοῖς
528 4524 830 4592 προάγουσι
866 4525 965 4593 μὲν
994 4528 1057 4578 ἐκ
1085 4525 1180 4577 τοῦ
1216 4527 1433 4596 Πατρὸς
1462 4525 1549 4578 τὸν
1579 4526 1731 4591 Υἱὸν,

166 4617 232 4672 εἰς
271 4615 442 4667 αὑτὸν
473 4614 529 4666 δὲ
569 4614 735 4668 πάλιν
764 4615 1090 4668 ἁναλύθυσιν
1123 4617 1343 4686 ἤρεσεν,
1386 4618 1417 4687 ἢ
1453 4617 1512 4669 τὸ
1561 4634 1735 4670 κατα-

166 4706 379 4758 εαλλειν
416 4705 512 4768 τὰς
568 4706 783 4773 φύσεις,
840 4707 937 4759 καὶ
985 4707 1303 4776 ἀλλοτριοῦν
1356 4708 1641 4777 Θεότητος,
1703 4709 1731 4761 ὂ

164 4800 258 4859 sai;
293 4797 399 4849 νῦν
440 4797 663 4867 ἀρέσκει
700 4800 907 4865 σοφοῖς,
931 4798 1122 4869 ὥσπερ
1159 4799 1461 4852 δεδοικυῖαν
1499 4800 1571 4869 μὴ
1609 4801 1734 4852 ἀντ-

162 4890 474 4959 εξάγωνται,
510 4889 544 4959 ἦ
587 4890 755 4959 μηδὲν
783 4890 1089 4959 δυναμένην
1127 4891 1268 4960 ὑπὲρ
1298 4892 1367 4943 τὰ
1405 4891 1680 4961 κτίσμα-τα
1715 4908 1729 4923 ο

165 4984 286 5051 μήτε
336 4983 632 5052 ἀγέννητον
667 4986 760 5036 τὸν
794 4983 943 5047 Υἱὸν,
984 4977 1066 5047 εἷς
1102 4984 1211 5053 γὰρ
1249 4988 1275 5037 ὁ
1321 4986 1510 5055 Πατήρ
1534 5000 1548 5013 ⁸
1590 4986 1727 5054 μήτε

162 5072 273 5126 Υἱὸν
336 5074 397 5127 τὸ
447 5075 695 5145 Πνεῦμα,
746 5070 827 5138 εἷς
883 5077 993 5145 γὰρ
1036 5079 1064 5129 ὁ
1120 5078 1457 5147 Μινογενὴς,
1496 5077 1582 5129 ἴνα
1636 5076 1730 5129 καὶ

162 5166 302 5219 τοῦτο
338 5166 521 5220 θεῖκδν
559 5167 726 5236 ἔχωσι
764 5169 825 5220 τὸ
852 5169 1179 5233 Μοναδικὸν,
1209 5169 1237 5221 δ
1270 5169 1369 5238 μὲν
1408 5169 1509 5237 τῆς
1545 5169 1729 5237 υἰότη-

164 5271 261 5323 τος,
285 5260 346 5311 τὸ
374 5259 436 5312 δὲ
466 5257 569 5326 τῆς
600 5260 856 5328 προόδου,
901 5262 995 5313 καὶ
1034 5261 1131 5331 οὐχ
1166 5263 1435 5330 υἱὸτητος.
1487 5259 1729 5330 Ἀληθῶς

166 5350 367 5419 Πατέρα
405 5353 497 5406 τὸν
534 5353 778 5423 Πατέρα,
834 5356 930 5407 καὶ
969 5354 1102 5407 πολύ
1150 5372 1214 5423 γε
1262 5354 1372 5408 τῶν
1424 5355 1555 5423 παρ’
1598 5355 1729 5423 ἡμῖν

167 5442 539 5514 ἀληθέστερον,
603 5446 687 5497 ὅτι
758 5446 958 5514 μόνως.
1032 5446 1376 5517 ’ἰδιοτρόπως
1436 5446 1565 5514 γὰρ,
1635 5445 1729 5497 καὶ

169 5532 252 5603 οὐχ
274 5533 346 5597 ὡς
375 5535 446 5589 τὰ
480 5534 733 5605 σώματα.
769 5536 879 5588 Καὶ
922 5536 1107 5605 μόνος,
1145 5537 1205 5589 οὐ
1237 5539 1344 5607 γὰρ
1386 5537 1523 5607 μετὰ
1565 5536 1727 5601 συζυ-

1844 4514 2131 4583 principia,
2162 4530 2230 4568 ne
2258 4531 2288 4568 a
2319 4514 2520 4569 Gra'cis
2575 4515 2803 4575 conficta
2855 4515 3076 4577 deorum
3134 4514 3424 4568 multitudo

1842 4615 2235 4675 consequatur.
2267 4605 2375 4659 Nec
2407 4622 2573 4659 unum
2626 4621 2693 4664 eo
2744 4606 3011 4669 duntaxat
3068 4607 3250 4668 modo,
3315 4622 3422 4673 quo

1835 4694 2004 4751 Judtei
2030 4703 2222 4764 putant
2273 4704 2563 4766 angustum
2594 4696 2889 4764 quoddam,
2947 4705 3000 4749 et
3030 4696 3301 4757 invidum,
3338 4698 3419 4747 iu-

1837 4788 2185 4856 validumque
2209 4787 2562 4856 principium,
2598 4787 2763 4843 utvel
2806 4787 2857 4839 in
2912 4787 3089 4855 seipsa
3157 4786 3418 4840 lliviuitas

1838 4890 2212 4943 consumatur,
2247 4880 2298 4932 id
2332 4878 2476 4948 quod
2531 4879 2736 4948 placuit
2799 4879 2865 4933 iis
2935 4881 3026 4949 qui
3094 4877 3288 4933 Filium
3346 4881 3419 4935 ita

1838 4970 2168 5023 deducunta
2196 4971 2387 5032 Patre,
2414 4979 2622 5024 utcum
2660 4987 2851 5028 rursus
2904 4988 3026 5035 cum
3088 4971 3243 5026 Patre
3290 4990 3420 5026 con-

1839 5062 2074 5115 fundant
2110 5078 2123 5114 :
2159 5062 2264 5126 vel,
2296 5062 2439 5132 quod
2461 5063 2719 5131 probatur
2775 5062 2970 5117 abillis
3037 5065 3126 5133 qui
3172 5081 3230 5119 se
3275 5082 3419 5119 nunc

1840 5152 2120 5219 sapientes
2154 5160 2369 5220 putant,
2399 5158 2459 5203 ut
2522 5149 2640 5202 Filii
2668 5150 3015 5220 Stiiritusque
3063 5164 3270 5205 natura}
3325 5152 3417 5205 de-

1838 5242 2126 5295 mittantur
2179 5251 2232 5293 et
2277 5240 2613 5310 dejicianlur
2643 5256 2671 5293 a
2710 5240 3021 5308 Divinitate,
3066 5252 3287 5295 verente
3348 5256 3417 5293 ne

1835 5331 1937 5395 sibi
1970 5331 2331 5391 adversentur
2355 5369 2369 5392 ,
2405 5338 2497 5384 aut
2520 5340 2666 5385 certe
2718 5332 2919 5384 nullam
2958 5332 3194 5384 habente
3246 5331 3415 5395 majo-

1834 5436 1948 5474 rem
1976 5420 2111 5483 vim,
2139 5434 2299 5487 quam
2336 5418 2467 5488 ips-.e
2509 5418 2744 5473 habeant
2778 5433 2864 5472 res
2919 5426 3233 5486 procreatae.
3303 5414 3415 5469 Nec

1833 5512 2028 5569 Filium
2059 5512 2398 5583 ingenitum;
2422 5511 2581 5566 unius
2606 5510 2750 5566 enim
2776 5522 2856 5564 cst
2880 5506 3185 5562 Pater..\’ec
3214 5505 3411 5563 Filium

230 5716 298 5785 (Ι)
338 5721 504 5776 Vacat
560 5721 777 5776 Patrem
819 5738 1064 5782 causam.
1131 5731 1189 5777 ut
1232 5721 1411 5776 Solent.
1464 5721 1709 5779 doctores
1772 5718 1950 5777 ϐιωθὶ
2005 5734 2223 5776 causam
2280 5732 2498 5773 sumere
2529 5730 2625 5786 pro
2688 5711 2956 5784 principio
3016 5712 3100 5767 vel
3169 5715 3408 5787 origine,

174 5792 297 5853 ﬁtted
319 5801 372 5846 et
398 5792 451 5847 in
482 5792 843 5862 sequentibus
870 5794 1183 5861 frequenter
1212 5793 1478 5849 invenies.
