4094 6286
237 369 304 429 63
1214 369 1592 429 PANOPLlA
1635 370 1818 430 DOG)

1924 372 2094 431 l’lCA.
2135 398 2205 410 -
2245 375 2396 434 ΤΙΤ.
2444 377 2526 435 ll.
3442 378 3512 440 70

243 487 592 557 πραγμάτων
649 485 854 540 ἀνὲσων
909 486 1339 556 ἀπαρίθμησις·
1409 489 1439 558 ἢ
1497 488 1548 538 τί
1621 488 1820 540 κωλύει

1929 507 2110 544 rerum
2143 491 2493 562 insequalium
2527 507 2780 555 numero,
2817 492 3057 562 alioquin
3124 492 3253 563 quid
3317 494 3512 562 ,ιιοίιί-

232 578 453 640 δεκάδα,
514 577 611 630 καὶ
667 577 1025 639 ἐκατοντάδα,
1085 578 1181 628 καὶ
1237 577 1472 643 μυριάδα
1528 578 1817 645 ὀνομάζειν

237 670 378 740 μετὰ
453 669 724 722 τοσούτων
805 667 1242 740 συντιθεμένην;
1322 671 1495 732 πολλὰ
1571 675 1682 739 γὰρ
1754 673 1820 726 τὰ

233 760 641 830 ἀριθμούμενα,
696 759 793 812 καὶ
845 761 1014 811 πλείω
1066 762 1309 812 τούτων·
1361 760 1482 813 ἀλλ’
1535 762 1664 813 ἴσων
1722 763 1820 815 καὶ

232 849 520 918 ὁμοτίμων
561 847 844 918 σύλληψις,
896 847 1124 918 ἐνούσης
1170 852 1267 918 τῆς
1321 853 1699 920 προσηγορίας
1753 853 1820 907 τὰ

233 945 494 1010 ἡνωμένα
534 945 598 994 ὲκ
647 943 886 1008 φύσεως,
923 942 1015 994 καὶ
1067 941 1168 994 οὐκ
1217 939 1393 1008 ἐώσης
1450 943 1818 1012 σκεδασθῆναι

235 1035 461 1104 ἀριθμῷ
492 1034 740 1102 λυομένῳ
780 1035 848 1087 τὰ
887 1035 962 1103 μὴ
992 1035 1256 1106 λυόμενα.
1295 1038 1453 1089 Οὕτω
1485 1037 1815 1106 φρονοῦμεν,

235 1127 330 1179 καὶ
353 1123 528 1187 οὕτως
575 1125 798 1193 ἔχομεν.
839 1124 1001 1176 Ὥστε
1032 1127 1180 1188 ὅπως
1213 1127 1310 1196 μὲν
1337 1127 1452 1196 ἔχει
1480 1127 1654 1179 ταῦτα
1679 1129 1816 1198 πρὸς

237 1217 445 1286 ἄλληλα
474 1216 714 1286 σχέσεώς
737 1233 795 1268 τε
820 1219 914 1270 καὶ
939 1216 1168 1286 τάξεως,
1197 1219 1335 1288 αὐτῇ
1369 1219 1508 1290 μόνῃ
1532 1222 1594 1290 τῇ
1629 1219 1819 1288 Τριὰδι

240 1313 547 1382 συγχωρεῖν
587 1310 812 1372 εἰδέναι,
846 1312 939 1368 καὶ
976 1304 1054 1371 οἷς
1094 1310 1162 1362 ἂν
1209 1312 1242 1380 ἡ
1279 1311 1448 1380 Τριὰς
1491 1312 1817 1384 ἀποκαλύψῃ

239 1403 676 1471 κεκαθαρμένιις
710 1403 742 1470 ἥ
777 1401 872 1453 νῦν
913 1401 943 1469 ἢ
981 1400 1208 1470 ὕστερον
1235 1417 1249 1432 ·
1283 1402 1440 1453 αὐτοὶ
1472 1402 1526 1468 δε
1565 1403 1690 1472 μίαν
1722 1405 1818 1457 καὶ

236 1496 334 1564 τὴν
359 1495 534 1563 αὐτὴν
554 1493 755 1546 εἰδέναι
793 1491 957 1561 φύσιν
985 1492 1252 1561 Θεὸτητος
1287 1493 1531 1562 ἅνὰρχῳ,
1569 1499 1663 1546 καὶ
1692 1511 1813 1560 γεν·

237 1588 417 1655 νήσει,
449 1588 542 1638 καὶ
569 1584 781 1654 προόδῳ
800 1584 1236 1653 γνωριζομένην,
1267 1584 1341 1646 ὡς
1370 1583 1445 1654 νῷ
1473 1585 1550 1653 τῷ
1575 1587 1631 1637 ὲν
1663 1589 1814 1656 ἡμῖν,

237 1681 328 1730 καὶ
355 1676 523 1746 λόγῳ,
553 1678 648 1730 καὶ
681 1673 975 1744 πνεύματι,
1011 1677 1134 1727 ὅσον
1158 1675 1378 1728 εἰκάσαι
1406 1677 1516 1737 τοῖς
1540 1674 1816 1744 αἰσθητοῖς

236 1768 302 1822 τὰ
351 1769 545 1838 νοητὰ,
601 1768 838 1828 καὶτοῖς
903 1769 1122 1834 μικροῖς
1157 1765 1224 1819 τὰ
1286 1766 1540 1835 μέγιστα.
1598 1765 1817 1835 Ἐπειδὴ

1929 579 2052 633 beat
2083 580 2296 647 decem,
2322 592 2415 635 aut
2448 593 2685 644 contum,
2722 593 2814 635 aut
2849 583 3038 636 decem
3070 582 3258 646 millia,
3295 595 3387 636 aut
3425 583 3513 637 his

1929 674 2088 727 etiam
2130 675 2308 742 plura,
2333 676 2550 743 Quando
2584 678 2753 728 multa
2786 685 2938 740 sunt,
2968 690 3091 743 qua:
3122 683 3506 734 numerantur.

1927 764 2232 824 nominare,
2278 781 2340 818 ex
2378 766 2580 834 quibus
2613 764 2731 834 ipsa
2779 764 3180 833 componatur?
3239 763 3341 818 Sed
3394 780 3514 832 quae

1930 871 2014 909 res
2037 854 2273 924 aequales
2303 867 2357 910 et
2389 855 2503 926 pari
2539 855 2747 910 honore
2782 863 3102 925 praestantes
3150 855 3220 909 ita
3267 870 3516 924 compr-
3575 909 3578 911 Α

1931 946 2142 1012 hendit,
2177 957 2373 1015 utqua:
2405 959 2598 1003 natura
2630 947 2780 1000 unita
2816 955 2970 1010 sunt,
2999 946 3174 1008 uniat,
3209 961 3313 1000 nec
3371 947 3516 1001 sinat

1927 1054 1990 1093 ea
2045 1053 2166 1106 quze
2221 1040 2444 1093 diSSolvi
2507 1053 2616 1096 non
2685 1048 2933 1108 possunt,
3001 1038 3218 1094 solubili
3283 1053 3514 1092 numero

1928 1129 2206 1199 dissipari.
2236 1129 2312 1184 ita
2347 1132 2632 1196 sentimus,
2659 1140 2710 1185 ct
2736 1133 2875 1186 hanc
2905 1140 3121 1185 tuemur
3151 1132 3509 1190 sententiam.

1927 1219 2209 1285 Quomodo
2239 1232 2420 1276 autem
2456 1223 2570 1277 ham
2601 1234 2712 1277 tum
2743 1224 2929 1278 habitu
2970 1233 3083 1277 tum
3139 1225 3335 1276 ordine
3390 1237 3512 1276 sese

1927 1312 2184 1379 habeant,
2215 1315 2384 1368 solam
2407 1314 2580 1385 ipsam
2616 1315 2938 1370 'Frinitatem
2975 1331 3138 1370 nosse
3158 1317 3509 1382 conﬁtemur,

1926 1413 1980 1459 et
2013 1418 2224 1461 mentes
2257 1408 2374 1461 illas
2411 1409 2644 1462 mundas
2674 1425 2738 1462 ac
2767 1423 2953 1477 puras,
3013 1408 3214 1477 quibus
3257 1423 3514 1466 arcanum

1927 1493 2031 1548 hoc
2067 1494 2308 1551 Trinitas
2344 1497 2460 1565 ipsa
2497 1497 2580 1550 vel
2608 1511 2755 1550 nunc
2786 1496 2979 1564 aperit,
3015 1495 3100 1549 vel
3145 1495 3196 1550 in
3232 1504 3514 1562 posterum

1926 1585 2235 1655 patefaciet.
2272 1588 2380 1642 Nos
2437 1598 2622 1643 autem
2657 1589 2883 1652 scimus,
2949 1604 3110 1640 tiliam
3165 1599 3218 1638 et
3267 1585 3515 1641 eamdem

1927 1693 2048 1732 esse
2073 1679 2377 1734 divinitatis
2407 1692 2682 1745 naturam,
2707 1696 2772 1734 eo
2828 1679 2919 1749 qui
2958 1679 3075 1738 sine
3112 1679 3384 1748 principio
3407 1687 3517 1739 est,

1927 1782 2076 1825 eteo
2107 1772 2196 1840 qui
2219 1781 2532 1841 generatur,
2569 1783 2624 1826 et
2653 1789 2719 1828 eo
2765 1773 2857 1842 qui
2917 1772 3169 1841 procedit
3226 1771 3298 1829 ita
3381 1784 3516 1823 con-

241 1861 481 1936 μηδεμία
532 1859 698 1913 εἰκὼν
757 1860 950 1927 φθάνει
1005 1859 1140 1928 πρὸς
1197 1858 1295 1929 τὴν
1336 1858 1596 1927 ἀλήθειαν
1642 1858 1811 1926 αὐτὴν

1924 1863 2280 1931 5tantem,ut,
2309 1865 2353 1918 si
2403 1881 2470 1919 ex
2521 1867 2775 1920 humanis
2799 1866 3002 1930 divina,
3061 1873 3116 1918 et
3171 1863 3406 1922 maxima
3450 1878 3518 1916 ex

181 2011 190 2018 ,
239 1954 404 2023 ἑαυτῇ
469 1951 885 2020 συμϐαίουσανν
934 1951 1034 2004 -ἀεὶ
1075 1950 1174 2022 τὴν
1228 1949 1420 2021 αὐτὴν,
1469 1950 1555 2002 ἀεὶ
1583 1949 1819 2012 τελείαν,

240 2045 449 2110 ἄποιον,
503 2044 730 2106 ἄποσον,
783 2043 1037 2114 ἄχρονον.
1083 2045 1364 2107 ᾶκτιστον,
1424 2041 1818 2113 ἀπερίληπτον,

239 2135 430 2191 οὔποτε
478 2137 775 2191 λείπουσαν
803 2136 1025 2206 ἑαυτῆς,
1062 2137 1095 2205 ἢ
1137 2135 1435 2206 λείψονσαν
1467 2150 1481 2165 ⁸
1526 2134 1693 2199 ζωὰς,
1727 2135 1821 2188 καὶ

242 2227 402 2298 ζωὴν,
441 2228 598 2295 φῶτα
619 2267 633 2289 ,
669 2228 766 2282 καὶ
799 2227 915 2297 φῶς
939 2244 952 2258 ·
986 2227 1186 2296 ἀγαθὰ,
1232 2229 1328 2280 καὶ
1368 2227 1593 2293 ἀγαθόν.
1627 2226 1818 2291 Δόξας,

240 2323 330 2374 καὶ
389 2319 588 2383 δόξαν·
631 2319 908 2389 ἀληθινὸν,
953 2319 1048 2372 καὶ
1098 2317 1395 2388 ἀλήθειαν,
1449 2319 1544 2371 καὶ
1592 2316 1820 2386 Πνεὶμα

239 2411 338 2479 τῆς
381 2411 665 2482 ἀληθείας.
699 2412 886 2481 Ἅγια,
932 2410 1024 2463 καὶ
1059 2409 1482 2478 αὑτοαγιότητα.
1524 2407 1657 2461 Θεὸν
1690 2409 1819 2461 ἕκα-

240 2521 366 2564 στον
391 2504 455 2557 ἂν
481 2504 757 2579 θεωρῆται
787 2503 948 2572 μόνον
980 2503 1074 2557 τοῦ
1103 2503 1196 2560 νοῦ
1225 2501 1552 2573 χωρίζοντος
1578 2502 1646 2556 τὰ
1674 2491 1819 2573 ἁγώ-

241 2613 419 2668 ριστα.
467 2597 606 2656 Θεὸν
639 2599 708 2651 τὰ
766 2597 892 2666 τρία
946 2595 1064 2666 μετ’
1104 2595 1353 2666 ἀλλήλων
1415 2595 1682 2663 νοούμενα
1743 2597 1824 2664 τῷ

237 2689 418 2758 ταυτῷ
457 2689 563 2759 τῆς
597 2690 870 2758 κινήσεως
907 2690 1004 2742 καὶ
1058 2687 1158 2756 τῆς
1217 2686 1455 2755 φύσεως.
1489 2685 1646 2739 Ὀὔτε
1680 2687 1819 2759 ὑπὲρ

239 2783 430 2851 ἑαυτήν
473 2799 540 2834 ’τι
594 2780 1029 2844 καταλιποῦσαν,
1100 2779 1133 2850 ἢ
1192 2778 1509 2855 ὑπερϐᾶσαν
1557 2777 1686 2830 ἄλλο
1742 2794 1822 2852 τι..

240 2875 310 2927 Οὐ
345 2876 449 2941 γὰρ
493 2867 572 2942 ’ἦν
603 2871 728 2924 οὕτε
779 2871 900 2941 μεθ’
936 2871 1138 2939 ἑαυτήν
1180 2887 1234 2924 τι
1285 2869 1752 2938 καταλείψουσαν,
1785 2871 1818 2940 ἦ

241 2965 721 3036 ὑπερϐησομένην.
759 2965 874 3017 Οὐκ
906 2962 1058 3015 ἔσται
1090 2960 1198 3031 γὰρ
1227 2959 1354 3021 οὔτε
1387 2961 1506 3030 μεθ’
1541 2963 1740 3029 ἑαυτῆς
1769 2978 1820 3014 τι

241 3057 696 3129 παραδεχομὲνην
739 3057 1026 3124 ὁμότιμον.
1083 3054 1159 3106 Οὐ
1213 3053 1322 3125 γὰρ
1374 3052 1715 3121 ὲφικνεῖσθαί
1769 3070 1819 3105 τι

238 3151 341 3206 τῶν
390 3147 656 3212 κτιστῶν,
722 3149 818 3200 καὶ
863 3147 1088 3212 δούλων,
1153 3147 1249 3199 καὶ
1312 3145 1669 3216 μετεχόντων,
1725 3145 1892 3243 κα.ὶο

242 3241 640 3312 περιγραπτῶν
698 3239 798 3308 τῆς
843 3239 1126 3300 ἅκτίστου.
1195 3239 1291 3290 καὶ
1342 3237 1674 3306 δεσποτικῆς
1728 3239 1820 3290 καὶ

244 3332 627 3404 μεταληπτῆς,
689 3333 784 3385 ml.
834 3333 1066 3402 ἀπείρου
1121 3331 1360 3399 φύσεως.
1429 3330 1510 3383 τὰ
1563 3330 1666 3399 μὲν
1711 3331 1821 3400 γὰρ

240 3427 407 3496 πάντη
432 3427 654 3497 πὸῥρω,
678 3425 746 3478 τὰ
765 3425 822 3478 δὲ
845 3424 1026 3486 ποσῶς
1052 3421 1424 3492 πλησιάζοντα
1455 3424 1546 3475 καὶ
1573 3421 1730 3476 τοῦτο
1758 3422 1821 3475 ού

240 3519 413 3588 φύσει,
457 3518 604 3571 ἀλλὰ
658 3501 989 3586 μεταλήψειξ
1033 3515 1142 3567 Καὶ
1181 3514 1390 3583 πηνίκα
1418 3513 1582 3580 ;ὅταν
1616 3514 1676 3566 τὸ
1701 3513 1824 3566 δου-

239 3589 417 3664 λεῦσαι
454 3607 645 3671 καλῶς
677 3609 745 3678 τῇ
780 3604 972 3674 Τριάδι
998 3604 1140 3677 ὑπὲρ
1167 3605 1265 3674 τὴν
1292 3602 1537 3657 δουλείαν
1566 3605 1820 3675 γένηται,

241 3701 390 3772 εἴπερ
425 3703 500 3771 μὴ
535 3701 636 3758 καὶ
666 3697 827 3758 τοῦτο
853 3695 985 3750 αὐτὸ
1009 3697 1043 3765 ἡ
1073 3695 1379 3766 ἐλευθερία,
1435 3697 1530 3748 καὶ
1573 3695 1822 3766 βασιλεία

241 3793 296 3858 τὸ
326 3794 531 3862 γνῶναι.
577 3791 760 3853 καλῶς
809 3789 1152 3853 δεσποτείαν,
1197 3789 1334 3846 ἀλλὰ
1390 3788 1465 3860 μὴ
1513 3790 1708 3860 φύρειν
1753 3789 1822 3842 τὰ

242 3885 498 3942 διεστῶτα
534 3883 632 3936 νοῦ
680 3882 1057 3951 ταπεινότητι.
1086 3875 1180 3943 Οἷς
1212 3882 1270 3934 δὲ
1296 3881 1355 3934 τὸ
1405 3881 1694 3940 δουλεῦσαι
1734 3899 1823 3936 1:0.-

245 3971 450 4038 σοῦτον,
495 3969 712 4041 πηλίκη
769 3969 976 4027 τούτων
1115 3969 1442 4035 δεσποτείας
1508 3971 1616 4023 Καὶ
1662 3971 1710 4023 εί
1760 3970 1822 4023 τδ

245 4066 440 4128 γνῶναι
509 4063 882 4136 μακαριότης,
948 4064 1181 4131 πηλίκον
1249 4063 1310 4116 τὸ
1368 4064 1821 4134 γινωσκόμενον;

245 4158 408 4212 Τοῦτο
437 4161 591 4236 ’ἡμῖν
622 4157 684 4219 τὸ
733 4157 878 4228 μέγα
922 4159 1224 4228 μυστήριον
1273 4155 1561 4225 βούλεται’
1590 4155 1750 4209 τοῦτο
1789 4158 1820 4228 ἡ

245 4251 319 4313 εἰς
355 4249 579 4320 Πατέρα
613 4250 707 4301 καὶ
747 4247 874 4299 Υίον
921 4247 1016 4300 καὶ
1044 4245 1201 4311 ἆγιον
1234 4245 1459 4315 Πνεῦμα
1488 4244 1584 4298 καὶ
1620 4244 1677 4298 τὸ
1705 4263 1824 4302 κοι·

245 4341 329 4396 νον
392 4342 572 4411 ὄνομα
646 4342 869 4403 πίστις,
947 4339 1043 4391 καὶ
1110 4339 1510 4407 ἀναγέννησις,
1586 4339 1818 4409 ἄρνησις

247 4432 448 4499 ἁθεῒας,
483 4432 584 4487 καὶ
609 4432 877 4502 ὁμολογία
909 4431 1184 4500 θεότητος.
1223 4429 1394 4482 Τοῦτο
1425 4431 1535 4500 γὰρ
1555 4430 1616 4484 τὸ
1644 4433 1822 4491 κοινὸν

246 4523 330 4576 δνο
338 4542 430 4579 μα.

1924 1956 2254 2024 parvis-licet
2292 1957 2598 2026 conjicere,
2656 1959 2874 2011 animus
2928 1966 3120 2010 noster
3178 1970 3244 2009 ex
3309 1965 3516 2020 mente,

1923 2045 2157 2113 ratione,
2237 2056 2293 2101 et
2361 2050 2558 2117 spiritu
2610 2057 2846 2104 constat.
2908 2047 3233 2116 Quanquam
3297 2044 3516 2101 nullum

1924 2139 2237 2208 exemplum
2303 2141 2496 2194 adduci
2554 2149 2754 2210 potest,
2817 2139 2960 2208 quod
3027 2139 3311 2205 veritatem
3372 2137 3517 2191 illius

1924 2232 2212 2292 adumbret
2253 2241 2419 2300 atque
2449 2235 2741 2300 eitpriinat.
2773 2232 2896 2286 llaec
2927 2231 3028 2286 sibi
3060 2230 3176 2298 ipsa
3233 2229 3514 2294 convenit,

1924 2337 2146 2392 semper
2193 2333 2278 2378 est
2331 2325 2545 2387 eadem,
2601 2338 2821 2392 semper
2894 2324 3154 2391 perfecta,
3228 2323 3513 2390 qualitate,

1925 2414 2250 2483 quantitate,
2281 2423 2336 2467 et
2371 2424 2615 2483 tempore
2639 2421 2811 2479 caret,
2843 2423 3020 2466 creata
3048 2427 3156 2466 non
3202 2421 3306 2474 est,
3361 2426 3514 2465 οοιιιᾳ

1924 2505 2192 2575 prehendi
2225 2521 2331 2561 non
2365 2515 2562 2574 potest,
2604 2521 2885 2574 nunquam
2945 2519 2975 2557 a
3028 2518 3087 2557 se
3115 2505 3408 2568 deseritur,
3454 2517 3513 2557 se

1924 2612 2202 2668 nunquam
2226 2597 2448 2654 deserit.
2509 2595 2566 2650 In
2626 2598 2727 2650 hac
2767 2596 2903 2650 vitas
2955 2606 3007 2649 et
3041 2595 3251 2660 vitam;
3307 2595 3514 2648 lumina

1923 2700 1978 2747 et
2013 2689 2235 2752 lumen;
2267 2687 2409 2742 bona
2472 2695 2527 2740 et
2582 2686 2829 2752 bonum;
2882 2685 3084 2754 glorias
3125 2694 3181 2738 et
3245 2685 3512 2754 gloriam;

1924 2795 2111 2834 verum
2141 2792 2196 2834 et
2229 2779 2534 2840 veritatem,
2572 2787 2626 2830 et
2676 2775 2938 2846 Spiritum
2973 2776 3260 2840 veritatis;
3327 2785 3515 2828 sancta

1927 2883 1982 2928 et
2011 2873 2356 2929 sanctitatem
2384 2870 2558 2940 ipsam
2611 2871 2984 2940 agnoscimus.
3051 2854 3505 2936 Unamquamquo

1930 2965 1985 3020 in
2010 2979 2073 3017 ea
2110 2977 2422 3032 personam,
2454 2961 2497 3013 si
2531 2975 2628 3028 per
2691 2975 2752 3014 se
2803 2968 3104 3028 spectetur,
3163 2959 3328 3012 Deum
3391 2971 3512 3012 esse

1925 3054 2182 3118 dicimus,
2215 3054 2397 3107 animo
2426 3061 2482 3106 et
2529 3052 2858 3122 cogitatione
2914 3051 3333 3120 distinguentes.
3389 3066 3510 3118 qua:

1925 3145 2166 3214 separari
2192 3160 2298 3198 non
2320 3152 2574 3214 possunt.
2637 3143 2769 3196 Tres
2832 3142 2958 3195 item
3010 3157 3270 3211 personas
3317 3141 3506 3194 eadem

1927 3239 2491 3304 motionenaturaque
2519 3237 2664 3289 inter
2693 3250 2752 3288 se
2785 3237 3108 3302 conjunctas
3171 3234 3400 3287 colimus
3452 3241 3510 3284 ut

1927 3346 2095 3384 unum
2129 3331 2322 3390 Deum.
2376 3328 2579 3384 lla’rum
2636 3330 2839 3382 nullam
2895 3328 3011 3384 haec
3063 3341 3227 3396 supra
3261 3341 3320 3379 se
3361 3325 3453 3379 det
3485 3353 3510 3363 -

1925 3425 2122 3479 riorem
2154 3422 2363 3490 habuit,
2404 3433 2497 3511 aut
2532 3421 2990 3491 praistantiorem,
3024 3434 3202 3488 neque
3222 3418 3373 3471 enim
3455 3418 3508 3470 id

1926 3515 2044 3570 ﬁeri
2075 3515 2254 3584 potuit
2295 3529 2311 3568 :
2345 3529 2447 3576 nec
2479 3522 2600 3583 post
2623 3528 2680 3567 se
2707 3513 3062 3574 deteriorem,
3103 3519 3198 3564 aut
3250 3519 3511 3580 praestan-

1928 3607 2121 3662 liorem
2149 3616 2238 3662 est
2269 3607 2549 3670 habitura,
2588 3621 2769 3674 neque
2799 3605 2946 3659 enim
2984 3604 3036 3658 id
3098 3602 3216 3657 ﬁeri
3283 3602 3506 3672 poterit,

1925 3699 2036 3759 Nec
2057 3701 2206 3755 aliud
2233 3699 2529 3770 quidquam
2569 3699 2759 3754 eodem
2820 3698 3042 3754 honoris
3095 3695 3265 3767 gradu
3319 3710 3506 3752 secum

1925 3798 2011 3844 est
2035 3797 2353 3860 acceptura.
2386 3787 2532 3842 Nihil
2581 3788 2726 3846 enim
2783 3801 2971 3841 eorum
3028 3800 3150 3853 quae
3206 3793 3388 3838 creata
3454 3793 3510 3850 et

1926 3895 2082 3935 serva
2107 3889 2256 3943 sunt,
2297 3889 2352 3934 et
2411 3885 2621 3936 tantum
2690 3876 2916 3941 babtnt,
2960 3883 3225 3944 quantum
3273 3871 3378 3926 illis
3425 3881 3512 3927 cst

1925 3971 2294 4039 impertitum,
2317 3984 2546 4038 quaeque
2583 3968 2698 4021 suis
2727 3965 3138 4033 circumscripta
3171 3973 3299 4018 sunt
3323 3965 3513 4016 tereti-.-

1926 4062 2010 4122 nis
2040 4061 2108 4116 ad
2161 4061 2483 4120 int-reatam,
2537 4067 2592 4112 et
2656 4057 2981 4126 principem,
3050 4063 3107 4109 et
3160 4055 3507 4118 immensam,

1921 4161 2091 4222 atque
2123 4153 2392 4206 inﬁnitam
2429 4159 2680 4209 naturam
2707 4155 2887 4217 potest
2913 4148 3180 4216 aspirare,
3238 4147 3338 4199 sed
3381 4160 3508 4214 par-

1928 4245 2024 4298 tim
2057 4244 2279 4299 omnino
2306 4252 2442 4298 sunt
2471 4240 2861 4300 remotissima,
2898 4239 3096 4308 partim
3128 4239 3351 4307 propius
3406 4238 3503 4289 abs

1923 4345 2078 4400 sunt,
2111 4347 2206 4389 aut
2232 4334 2682 4402 aberunt.-ldque
2712 4349 2820 4387 non
2844 4343 3058 4396 natura,
3115 4331 3211 4394 sed
3254 4345 3503 4384 munere.

1925 4431 2223 4499 Ecquando
2267 4431 2403 4493 haec,
2434 4443 2559 4484 cum
2583 4427 2654 4480 ita
2689 4429 2755 4479 de
2786 4424 3063 4484 Trinitate
3123 4423 3412 4483 sentimus,
3449 4431 3507 4474 ut

1847 4515 1900 4574 D
1927 4535 1983 4577 et
2014 4523 2247 4578 libenter
2275 4519 2618 4576 serviamus?
2673 4518 2731 4572 Si
2773 4528 2956 4572 tamen
3012 4515 3160 4571 recta
3218 4515 3508 4570 dominan-

248 4625 314 4676 tis
346 4621 651 4676 divinitat's
697 4619 958 4690 cognitio,
1023 4633 1132 4684 qua
1180 4618 1384 4671 mentis
1445 4617 1817 4678 imbecillitate
1874 4635 1986 4676 non
2036 4619 2393 4674 comm-isceas
2427 4632 2491 4672 ea
2545 4633 2666 4686 quae
2723 4617 2864 4670 inter
2892 4630 2952 4669 se
3000 4614 3223 4677 distant,
3275 4611 3508 4678 servitus

247 4713 560 4781 appellanda
590 4721 696 4774 est,
719 4727 783 4766 ac
813 4726 919 4765 non
983 4711 1165 4779 potius
1221 4710 1469 4777 libertas,
1520 4718 1575 4764 et
1612 4726 1861 4781 regnum.
1925 4711 2174 4777 .Quorum
2205 4720 2386 4766 autem
2407 4719 2514 4765 tam
2556 4709 2809 4780 prazclara
2873 4710 3109 4762 servitus
3169 4714 3274 4769 est,
3331 4705 3508 4770 (nais

248 4808 347 4865 erit
377 4822 568 4862 eorum
592 4805 974 4876 principatus?
1005 4805 1060 4859 Si
1099 4806 1232 4860 tanti
1263 4804 1432 4860 refert
1483 4807 1830 4879 cognovisse,
1882 4809 2074 4878 quanti
2123 4808 2232 4863 erit
2287 4807 2505 4878 cognito
2565 4806 2810 4876 perfrui?
2861 4806 2978 4859 Hoc
3025 4803 3180 4858 vobis
3232 4800 3346 4861 vult
3394 4814 3508 4860 ma-

249 4918 408 4970 gnum
435 4902 614 4973 ipsum
677 4902 1022 4973 mysterium.
1063 4899 1179 4956 Hoc
1237 4902 1288 4954 in
1325 4901 1562 4969 Patrem,
1592 4905 1888 4973 etFi‘lium,
1945 4917 1998 4962 et
2041 4897 2302 4975 Spiritum
2352 4915 2600 4960 sanctum
2638 4902 2916 4957 communi
2971 4899 3196 4956 nomine
3238 4898 3393 4964 ﬁdes,
3453 4910 3508 4951 et

249 4997 610 5069 regeneratio,
663 4979 951 5064 abnegatio
997 4993 1314 5064 impietatis,
1375 5007 1431 5051 et
1511 4996 1812 5054 divinitatis
1867 5001 2163 5055 confessio.
2205 5000 2338 5056 Nam
2373 4998 2424 5053 id
2455 5014 2554 5068 per
2603 4997 2691 5051 illa
2753 4995 2916 5050 verba
2965 4993 3244 5048 communi
3287 4991 3507 5046 nomine

250 5088 583 5142 intelligitur.

259 5107 410 5140 llllClll
433 5107 583 5142 ’lllll'.

259 5182 356 5243 Ἐκ
381 5107 488 5235 τιξῦ
516 5181 704 5248 λόγου
731 5179 836 5232 τοῦ
865 5181 954 5245 είς
987 5179 1057 5233 τὰ
1091 5180 1367 5248 γενέθλια
1397 5181 1502 5235 τοῦ
1531 5184 1811 5251 Χριστοῦ.

313 5297 444 5350 Θεοῦ
491 5296 550 5350 δὲ
589 5298 714 5348 ὅταν
755 5295 910 5357 εἴπω,
956 5293 1098 5363 λέγω
1155 5294 1364 5364 Πατρὺ;
1402 5294 1498 5348 καὶ
1548 5296 1677 5358 Υίοῦ
1731 5300 1823 5352 καὶ

251 5389 398 5457 ἁγίου
447 5389 786 5458 Πνεύματος,
832 5385 954 5448 οὔτε
1011 5387 1152 5458 ὑπὲρ
1197 5388 1368 5441 ταῦτα
1412 5389 1510 5458 τῆς
1557 5390 1822 5461 Θεότητος

248 5482 529 5551 χεομὲνης,
574 5483 646 5551 μὴ
685 5481 854 5552 δῆμον
890 5480 1026 5533 θεῶν
1066 5482 1474 5550 εἰσαγάγωμεν,
1510 5478 1633 5534 οὔτε
1672 5483 1822 5547 ἐντὸς

247 5575 443 5626 τούτων
481 5572 831 5643 ὁριζομένης,
873 5573 960 5625 ἵνα
1004 5572 1078 5642 μὴ
1115 5573 1306 5624 πενίαν
1344 5561 1608 5642 Θεότητος
1647 5590 1817 5627 κατα-

248 5663 544 5734 κριθῶμεν,
575 5663 607 5734 ῆ
644 5665 730 5718 διὰ
759 5664 860 5734 τὴν
893 5664 1192 5734 μοναρχίαν
1255 5665 1632 5731 ίουδαῒζον-τες,
1674 5667 1704 5737 ἢ
1734 5667 1821 5720 διὰ

249 5756 338 5824 τὴν
361 5755 616 5824 ἀφθονίαν
635 5755 1022 5827 ἑλληνίζοντες.
1055 5757 1128 5808 Τὸ
1162 5756 1270 5827 γὰρ
1298 5759 1466 5812 κακον
1491 5759 1546 5811 ἐν
1573 5760 1814 5830 cippo-ceu

253 5861 360 5918 ροις
394 5850 597 5919 ὅμοιον,
634 5851 737 5904 κᾶν
769 5853 824 5904 ὲν
853 5850 965 5914 τοῖς
993 5849 1256 5915 ἐναντίοις
1291 5852 1632 5924 εὑρίσκηται.

1998 5182 2248 5251 Ejusdem
2280 5199 2342 5237 ea:
2376 5184 2616 5237 oratione
2650 5183 2703 5235 in
2741 5182 2875 5237 diem
2905 5178 3139 5232 natalem
3168 5177 3383 5232 Christi.
3471 5203 3473 5206 -

1993 5301 2130 5356 Cum
2151 5297 2318 5354 Deum
2336 5297 2592 5361 dicimus,
2611 5296 2844 5359 Patrem,
2862 5295 3146 5356 etFilium,
3163 5303 3216 5346 et
3237 5290 3502 5360 Spiritum

1921 5403 2173 5451 Sanctum
2195 5389 2569 5460 intelligimus,
2589 5405 2657 5442 ne
2677 5387 2720 5442 si
2739 5404 2902 5458 supra
2917 5388 3218 5443 ternarium
3239 5386 3384 5436 hunc
3401 5403 3424 5432 ιτ
3440 5399 3505 5435 ιιι»

1921 5502 2134 5543 merum
2154 5485 2456 5541 divinitatis
2475 5483 2830 5548 diﬁ'undatur,
2852 5481 3078 5535 deorum
3095 5476 3501 5536 multitudinem

1919 5577 2364 5641 introducamus;
2396 5584 2508 5637 aut,
2546 5573 2590 5628 si
2628 5571 2770 5627 infra
2815 5565 3320 5629 circumscribatur,
3355 5563 3502 5618 illam

1927 5672 2104 5741 in0pia
2125 5671 2469 5734 damnemus,
2493 5669 2546 5722 in
2567 5668 2848 5733 alteroque
2865 5661 3084 5716 Judaeos
3103 5658 3503 5721 imitenmnuni

1931 5756 2796 5828 totumascribenlesimperium,
2832 5757 2887 5810 in
2933 5755 3104 5809 altero
3153 5755 3504 5807 auteane-

1924 5873 2017 5913 cos
2037 5870 2352 5925 sequamur,
2367 5853 2592 5907 deorum
2607 5849 2826 5904 turbam
2850 5849 3247 5918 conﬁngentes.
3269 5845 3328 5899 ln
3352 5856 3503 5899 uti-ao

1923 5956 2030 6014 que
2054 5940 2196 5996 enim
2224 5938 2485 6010 opinione
2529 5933 2723 5993 similis
2747 5950 2902 5991 error
2934 5932 3386 6006 deprehenditur.
