4060 6278
549 371 613 437 ’11

913 491 1167 559 Eiusdem
1205 489 1258 542 in
1287 495 1472 540 sancta
1501 483 1746 538 Lunu’na.

621 583 758 637 Cum
783 580 983 635 auditis
1017 581 1210 642 Deum,
1237 594 1347 631 uno
1371 576 1553 640 simul,
1585 585 1641 629 et
1665 573 1836 628 tribus
1899 571 2121 626 lumini-

553 676 656 731 bus
679 672 1046 728 illustramini.
1075 670 1275 724 Tribus
1297 677 1559 736 quantum
1609 665 1851 735 pertinet
1885 664 1951 719 ad
1998 679 2123 733 pro-

555 768 836 834 prietates,
888 778 983 816 seu
1045 761 1218 814 mavis
1293 760 1636 829 hypostases,
1697 765 1791 810 aut
1840 769 2120 824 personas.

551 852 738 921 Neque
769 851 915 906 enim
939 850 992 903 in
1014 848 1242 904 vocibus
1273 844 1645 916 expendendis
1679 843 2120 915 digladiabimur,

554 946 682 998 dum
713 943 778 997 ad
801 943 1044 996 eamdem
1075 955 1176 994 uos
1228 938 1555 993 sententiam
1588 937 1811 997 ducant.
1854 935 1975 990 Uno
2023 949 2122 986 au-

553 1045 662 1087 tem
689 1041 952 1102 quantum
996 1031 1060 1084 ad
1099 1033 1361 1084 essentia:
1398 1029 1664 1086 rationem
1711 1026 2124 1081 divinitatemve

553 1131 782 1191 spectat.
817 1119 1050 1174 lndiviso
1070 1119 1235 1184 enim,
1268 1117 1418 1172 utita
1451 1114 2120 1178 dicam,dividiturmodo,

553 1213 838 1282 divisoque
903 1211 1276 1280 conjungitur.
1340 1207 1472 1261 Nam
1525 1207 1785 1262 divinitas
1833 1207 1886 1261 in
1953 1205 2125 1260 tribus

553 1313 658 1358 est.
689 1301 751 1356 Et
781 1308 899 1357 hate
925 1303 1048 1366 tria,
1083 1302 1136 1354 in
1162 1301 1362 1370 quibus
1387 1309 1472 1353 est
1503 1298 1786 1362 divinitas,
1818 1298 1903 1350 vel
1935 1307 1993 1351 ut
2035 1310 2127 1370 ve-

554 1396 672 1449 rius
693 1395 894 1459 dicam,
923 1408 1043 1463 quae
1079 1393 1194 1461 ipsa
1227 1401 1356 1446 sunt
1408 1389 1695 1452 divinitas.
1753 1403 1922 1442 unum
1973 1395 2121 1441 sunt.

554 1483 665 1541 Nec
686 1489 837 1555 plura
865 1484 953 1538 hic
977 1485 1324 1539 admittimus
1363 1496 1464 1535 nec
1499 1482 1776 1550 pauciora.
1829 1477 1952 1532 Haec
1997 1491 2128 1531 vero

556 1579 633 1631 ita
657 1594 683 1630 s
709 1577 992 1642 atuimus.,
1024 1583 1082 1628 ut
1113 1589 1292 1642 neque
1335 1572 1389 1626 in
1449 1572 1661 1625 unitate
1718 1569 1975 1624 confusio
2033 1567 2123 1634 sit,

555 1683 735 1737 neque
759 1666 1098 1723 indivisionc
1125 1664 1433 1718 dissidium.
1464 1660 1641 1730 Eque
1705 1660 1850 1714 enim
1890 1667 1946 1712 et
1991 1673 2124 1714 con-

556 1762 880 1815 tractionem
912 1758 1152 1823 Sabellii,
1190 1765 1245 1810 et
1297 1754 1407 1809 Arii
1449 1753 1834 1809 dissectioaem
1885 1752 2123 1806 detesta-

1777 367 2162 431 EUTI‘IYMU
2205 364 2566 434 ZlGABENl

3733 360 3798 420 τι

2422 479 2524 532 Ἐκ
2572 477 2679 531 τοῦ
2711 477 2897 546 λόγου
2925 477 3031 531 τοῦ
3060 477 3146 542 εὶς
3167 473 3238 528 τὰ
3267 473 3404 541 ἅγια
3435 471 3620 524 Φῶτα.

2289 571 2424 624 Θεοῦ
2454 571 2508 622 δὲ
2534 571 2658 624 ὅταν
2684 571 2841 634 εἴπω,
2875 573 2956 624 ἑνὶ
2989 571 3128 639 φωτὶ
3157 566 3669 640 πριαστράφϐητε.
3699 565 3794 618 καὶ

2219 663 2367 729 τρισί
2384 677 2399 692 ο
2429 662 2576 730 τρισὶ
2615 662 2743 730 μὲν,
2765 662 2904 714 κατὰ
2943 661 3039 724 τὰς
3067 659 3336 732 ἰδιότητας
3357 655 3537 712 είτουν
3559 658 3796 711 ὑποπά-

2223 770 2354 816 σεις,
2385 754 2437 805 εἰ
2453 753 2738 836 τινιφίλον
2772 753 2978 817 καλεῖν,
3011 753 3120 805 εἴτε
3155 746 3425 822 πρόσωπα
3454 767 3470 782 ·
3503 751 3656 803 οὐδὲν
3686 751 3795 820 γὰρ

2223 852 2349 918 περὶ
2403 848 2512 900 τῶν
2553 848 2832 917 ὀνομάτων
2874 847 3355 918 ζυγομαχήσομεν,
3401 845 3506 909 ἕως
3555 844 3620 897 ἂν
3669 844 3804 913 πρὸς

2223 941 2320 1009 τὴν
2348 939 2516 1010 αὐτὴν
2540 940 2745 994 ἔν·.οιαν
2772 941 2826 992 αἱ
2855 938 3118 990 συλλαϐαὶ
3145 937 3412 1008 φέρωσιν·
3445 937 3526 989 ἐνὶ
3554 936 3632 996 δὲ,
3664 937 3805 992 κατὰ

2223 1031 2316 1085 τὸν
2357 1032 2456 1100 τῆς
2498 1032 2682 1093 οὐσίας
2731 1030 2890 1097 λόγον
2944 1030 3116 1083 εἴτουν
3171 1029 3443 1099 θεότητος.
3502 1029 3805 1097 Διαιρεῖται

2225 1122 2332 1191 γὰρ
2384 1122 2724 1191 ἀδιαιρέτως,
2767 1122 2832 1174 ἵν’
2889 1120 3060 1183 οὕτως
3109 1121 3269 1183 εἴπω,
3321 1119 3414 1170 καὶ
3470 1117 3806 1170 συνάπτεται

2226 1213 2589 1282 διῃρημένως.
2648 1214 2742 1266 Ἓν
2784 1213 2892 1284 γὰρ
2941 1215 2999 1267 ἐν
3037 1217 3219 1283 τρισὶν
3269 1212 3300 1280 ἡ
3341 1210 3551 1280 θεότης,
3607 1212 3701 1262 καὶ
3736 1209 3806 1262 τὰ

2225 1305 2352 1375 τρία
2387 1303 2466 1367 ἓν,
2505 1304 2575 1356 τὰ
2629 1306 2685 1357 ὲν
2722 1301 2801 1367 οἷς
2833 1306 2866 1374 ἡ
2897 1305 3106 1374 θειότης.
3143 1303 3249 1364 Τὰς
3292 1302 3346 1354 δὲ
3376 1301 3678 1371 ὑπερϐολὰς
3712 1299 3810 1353 καὶ

2226 1395 2486 1464 ἐλλείψεις
2537 1394 2894 1466 ἐλλείζνωμεν,
2951 1393 3074 1447 οὔτε
3125 1393 3225 1464 τὴν
3283 1394 3478 1447 ἕνωσιν
3551 1393 3814 1463 σύγχυσιν

2229 1483 2615 1555 ἐργαζόμενοι,
2647 1482 2769 1536 οὔτε
2799 1486 2896 1552 τὴν
2931 1483 3197 1553 διαίρεσιν
3228 1481 3608 1552 ἀλλοτρίωσιν.
3646 1481 3812 1533 Ἀπέ-

2203 1590 2206 1594 .
2230 1590 2342 1626 στω
2368 1573 2478 1642 γὰρ
2510 1573 2666 1642 ἡμῶν
2698 1572 2756 1638 ἐξ
2792 1572 2907 1625 ἴσου
2948 1572 3040 1626 καὶ
3067 1573 3099 1640 ἡ
3137 1569 3429 1622 Σαὸελλίου
3459 1567 3770 1637 συναιρεσὲς
3793 1607 3811 1630 ο

2230 1665 2327 1718 καὶ
2366 1667 2398 1735 ὴ
2444 1663 2652 1732 Ἀρείου
2682 1664 2968 1735 διαίρεσις,
2993 1663 3062 1716 τὰ
3093 1663 3158 1715 ὲκ
3191 1661 3485 1730 διαμέτρου
3521 1660 3688 1728 κακὰ,
3715 1659 3815 1710 καὶ

2231 1757 2470 1827 ὁμότιμα
2493 1758 2592 1826 τὴν
2619 1755 2974 1809 hostium.“
3001 1755 3112 1826 γὰρ
3133 1757 3214 1807 δεῖ
3234 1752 3367 1807 Θεὸν
3398 1752 3429 1823 ἢ
3467 1750 3812 1817 συναλείξειν

554 1863 700 1914 mur,
724 1863 956 1917 quorum
991 1845 1278 1900 sententia:
1307 1844 1438 1899 licet
1466 1859 1533 1898 ex
1566 1843 1834 1897 diametro
1859 1849 2122 1912 pugnent,

2242 1847 2433 1912 κακῶς,
2462 1848 2494 1919 ἢ
2527 1845 2888 1915 κατατέμνειν
2914 1848 2993 1908 είς
3037 1844 3329 1914 ἀνισότητα
3363 1859 3378 1909 ;
3417 1842 3582 1911 Ἡμῖν
3622 1840 3680 1893 δὲ
3731 1834 3814 1901 εἷς

553 1939 611 1994 in
641 1939 887 1992 eamdem
921 1946 1101 1990 tamen
1135 1937 1469 2005 impietatem
1496 1935 1807 1987 incurrunt.
1860 1933 2132 1997 Quorsum

552 2029 703 2084 enim
758 2029 972 2094 attinet,
1029 2029 1200 2082 Deum
1257 2027 1342 2080 vel
1399 2040 1561 2095 prave
1616 2025 1971 2093 conjungere,
2049 2021 2135 2076 vel

560 2121 854 2190 inaequales
885 2121 936 2174 in
957 2131 1140 2189 partes
1181 2119 1494 2174 dissecare?
1549 2115 1718 2171 Nobis
1765 2126 1944 2169 autent
1994 2129 2136 2169 unus

556 2223 639 2266 est
679 2213 830 2266 Deus
863 2211 1043 2278 Pater,
1069 2226 1135 2265 ex
1161 2225 1269 2278 quo
1299 2210 1518 2273 omnia;
1576 2217 1634 2262 et
1683 2223 1824 2261 unus
1873 2205 2136 2260 Dominus

555 2302 719 2362 Jesus
753 2302 1029 2362 Christus,
1059 2316 1156 2370 per
1182 2315 1342 2368 quem
1397 2298 1582 2354 omnia
1605 2312 1620 2363 ;
1642 2307 1699 2354 et
1730 2311 1872 2350 unus
1899 2294 2136 2364 Spiritus

557 2404 806 2457 sanctus,
832 2392 884 2445 in
905 2407 1013 2460 quo
1031 2391 1230 2445 omnia.
1257 2391 1387 2456 Quae
1413 2390 1632 2460 quidem
1651 2389 1838 2453 verba,
1863 2405 1881 2437 ι
1908 2402 1973 2441 ex
2000 2399 2130 2454 quo,

557 2495 616 2539 et
642 2503 660 2536 ι
694 2501 790 2554 per
812 2499 1028 2554 quem,»
1059 2491 1135 2555 ct,
1163 2501 1180 2532 ‹
1203 2483 1255 2534 in
1283 2496 1391 2550 quo
1421 2500 1441 2533 ι
1468 2490 1692 2535 naturas
1709 2494 1818 2536 non
1841 2486 2047 2542 secant,
2067 2492 2137 2532 ne

557 2576 643 2630 sic
684 2575 1125 2645 preposit'onum
1171 2573 1390 2641 quidem
1419 2571 1780 2628 etnominmn
1828 2572 1962 2628 ordo
1987 2585 2137 2625 com-

559 2677 804 2723 mittetur
841 2682 856 2720 :
889 2665 984 2720 sed
1034 2664 1316 2719 distinctas
1381 2665 1542 2716 unius
1601 2661 1826 2715 minime
1890 2661 2134 2717 confusa:

560 2770 772 2813 natura:
832 2757 1197 2827 proprietates
1254 2763 1466 2808 notant.
1513 2753 1568 2808 1d
1612 2768 1676 2807 ex
1731 2767 1801 2806 eo
1851 2754 2155 2822 pcrspicue'

2234 1940 2366 2001 θεὸς
2395 1941 2424 1992 6
2449 1938 2656 2008 Πατὴρ.
2675 1936 2734 2001 ἐξ
2756 1931 2816 1989 οὗ
2844 1939 2910 1990 τὰ
2938 1937 3139 2009 πάνταο
3165 1937 3257 1988 καὶ
3287 1930 3363 1996 εἷς
3384 1929 3813 2003 ΚύριςςἾησοῦς

2234 2030 2491 2100 Χριστὸς,
2519 2030 2587 2088 δι’
2612 2025 2673 2084 οὗ
2701 2030 2771 2083 τὰ
2793 2031 2990 2082 πάντα·
3017 2029 3111 2081 καὶ
3133 2027 3190 2091 ἓν
3221 2025 3442 2096 Πνεῦμα
3471 2025 3644 2093 ἅγιον,
3675 2023 3735 2074 ὲν
3765 2019 3812 2091 ᾧ

2233 2123 2304 2175 τὰ
2340 2123 2539 2182 πάντα.
2562 2122 2657 2175 τοῦ
2687 2140 2705 2172 ι
2730 2122 2791 2189 ἐξ
2811 2116 2890 2186 οὗ,
2921 2141 2938 2172 ι
2976 2121 3070 2174 καὶ
3095 2141 3113 2172 ι
3143 2121 3211 2174 δι’
3231 2113 3345 2186 ob,»
3370 2119 3465 2173 καὶ
3495 2135 3515 2170 ι
3538 2119 3596 2170 ὲν
3618 2110 3661 2184 ᾧ
3682 2133 3701 2166 ι
3735 2114 3813 2184 μὴ

2238 2214 2428 2280 φύσεις
2459 2211 2799 2280 τεμνόντων’
2832 2210 2956 2264 οὐδὲ
2985 2212 3094 2278 γὰρ
3124 2211 3190 2266 ἂν
3215 2213 3542 2280 μετέπιπτον
3579 2207 3638 2260 αἱ
3671 2221 3812 2274 προ-

2237 2303 2434 2367 Θέσεις,
2461 2304 2493 2375 ἢ
2526 2306 2582 2357 al.
2615 2304 2796 2369 τάξεις
2829 2306 2935 2360 τῶν
2960 2305 3241 2375 ὀνομάτων
3265 2319 3280 2334 ο
3311 2303 3446 2356 ἀλλὰ
3473 2313 3813 2371 χαρακτηρι-

2239 2393 2436 2457 ξὸντων
2493 2396 2621 2463 μιᾶς
2655 2397 2748 2447 καὶ
2787 2395 3094 2465 ἀσυγχύτου
3126 2395 3336 2465 φύσεω,
3374 2394 3662 2462 ἰδιότητας.
3701 2390 3815 2456 καὶ

2235 2486 2393 2538 τοῦτο
2415 2485 2573 2554 δῆλον
2596 2486 2656 2554 ἐξ
2689 2479 2763 2544 ὧν
2793 2488 2872 2550 είς
2902 2486 2960 2539 ἓν
2985 2486 3309 2554 συνάγονται
3339 2483 3523 2548 πάλιν,
3547 2482 3600 2534 εἴ
3619 2498 3698 2552 τῳ
3735 2480 3812 2548 μὴ

2239 2575 2529 2644 παρέργως
2593 2578 2768 2630 ἐκεῖνο
2827 2576 3264 2644 ἀναγινώσκεται
3323 2576 3474 2645 παρᾶ
3527 2572 3604 2641 τῷ
3663 2572 3813 2640 αὐτῷ

2255 2666 2584 2737 Ἀποστὸλιιγ
2605 2669 2714 2731 τὸ,‹
2741 2667 2829 2732 Ἐξ
2845 2669 3031 2734 αὐτοῦ,
3058 2671 3152 2721 καὶ
3167 2670 3232 2722 δι’
3251 2667 3413 2722 αὑτοῦ
3437 2668 3530 2721 καὶ
3547 2670 3624 2729 εἰς
3647 2665 3816 2719 αὐτᾶν

2241 2757 2309 2808 τὰ
2349 2757 2548 2823 πάντα,
2581 2759 2727 2829 αὐτῷ
2759 2763 2797 2837 η
2822 2760 2948 2825 δόξα
2974 2762 3052 2822 είς
3084 2762 3208 2824 τοὺς
3243 2763 3465 2822 αἰῶνας.
3504 2777 3521 2809 ι
3543 2760 3739 2828 Ἀμήν.

563 2861 732 2919 patet,
758 2850 901 2918 quod
949 2849 1016 2903 ad
1068 2863 1237 2902 unum
1277 2862 1467 2902 rursus
1497 2845 1679 2900 omnia
1716 2845 2049 2909 referuntur,
2085 2854 2143 2900 ut
2175 2847 2336 2903 facile
2366 2849 2793 2914 animadvertes,
2829 2855 2871 2907 si
2903 2861 3109 2907 attente
3161 2853 3360 2924 legeris
3385 2868 3504 2921 qua:
3524 2852 3590 2904 ab
3618 2849 3811 2903 eodem

565 2944 824 3012 Apostolo
855 2943 985 2996 alibi
1029 2942 1232 3012 scripta
1263 2950 1412 3006 sunt,
1444 2956 1567 2995 cum
1624 2938 1752 2993 dicit
1791 2955 1806 2992 :
1851 2957 1868 2989 ‹
1904 2940 1978 2993 Ex
2027 2939 2164 3009 ipso,
2215 2951 2268 2997 et
2325 2959 2418 3013 per
2449 2945 2650 3013 ipsum,
2685 2954 2741 3001 et
2795 2945 2849 3000 in
2883 2946 3004 3016 ipso
3051 2957 3176 3001 sunt
3227 2949 3409 3002 omnia
3457 2947 3522 2999 “.
3564 2965 3582 2997 ι
3647 2947 3815 3001 Add.l

561 3037 712 3090 enim
739 3051 754 3088 :
785 3053 810 3088 ,ι
845 3034 948 3104 ipsi
971 3034 1142 3105 gloria
1167 3033 1221 3086 in
1260 3032 1512 3086 saecula.)
1541 3032 1737 3086 Amen.

1037 3147 1122 3200 Ex
1142 3147 1322 3200 eadem
1352 3148 1607 3202 oratione.

641 3241 801 3294 Pater
841 3249 923 3295 est
953 3240 1134 3303 Pater,
1191 3249 1245 3293 et
1281 3240 1400 3294 sine
1460 3238 1726 3308 principio
1771 3257 1784 3292 :
1845 3236 2013 3292 Filius
2057 3248 2142 3293 est

567 3332 738 3397 Filius
765 3341 819 3384 et
855 3345 961 3384 non
1013 3330 1131 3383 sine
1170 3329 1461 3399 principio,
1513 3345 1544 3382 a
1614 3327 1775 3382 Patre
1831 3327 1976 3381 enim
2035 3337 2139 3384 est.

567 3421 725 3488 Quod
760 3422 802 3474 si
842 3421 1103 3490 temporis
1129 3419 1456 3489 principium
1483 3419 1778 3491 intelligas,
1829 3419 1944 3488 ipse
2001 3435 2142 3489 quo-

573 3530 679 3581 que
707 3522 812 3566 erit
843 3511 961 3565 sine
996 3510 1286 3580 principio,
1335 3509 1539 3580 quippe
1571 3511 1662 3579 qui
1708 3518 2011 3579 temporum
2073 3511 2146 3564 sit

571 3604 823 3665 eﬂeCLor,
855 3618 962 3656 non
997 3612 1178 3656 autem
1213 3601 1464 3655 subditus
1489 3601 1743 3671 tempori.
1779 3602 2014 3670 Spiritus
2060 3612 2147 3657 est

555 3676 702 3756 ’κλει-υ
740 3693 978 3764 Spiritus
1005 3703 1226 3746 sanctus
1249 3708 1276 3745 a
1310 3691 1468 3746 Patre
1507 3692 1858 3761 provenicns,
1912 3707 2022 3746 non
2078 3707 2142 3746 ea

571 3785 789 3851 ratione
846 3798 948 3852 qua
979 3782 1172 3847 Filius,
1229 3796 1407 3852 neque
1473 3783 1620 3836 enim
1675 3792 1982 3851 generatur,
2050 3783 2145 3837 sed

573 3877 845 3949 procedit.
873 3876 1027 3941 Quod
1062 3875 1107 3929 si
1138 3875 1264 3928 novi
1299 3875 1502 3943 aliquid
1537 3875 1588 3928 in
1625 3873 1829 3937 verbis,
1895 3890 2004 3943 quo
2056 3889 2144 3929 res

574 3969 860 4025 dilucidior
894 3967 1006 4033 fiat,
1041 3967 1412 4035 usurpandum
1444 3976 1546 4029 est,
1580 3981 1685 4020 uec
1734 3967 1900 4020 Pater
1950 3967 2147 4034 deper-

570 4061 655 4114 dit
677 4057 880 4124 aliquid
907 4072 969 4110 ex
998 4070 1064 4110 eo
1094 4056 1241 4124 quod
1268 4055 1541 4125 ingenitus
1572 4064 1676 4118 est,
1707 4062 1930 4125 generat
1967 4055 2138 4109 enim.

575 4151 689 4204 Nec
720 4149 890 4202 Filius
921 4148 990 4201 ob
1016 4147 1070 4200 id
1130 4146 1276 4214 quod
1307 4155 1621 4215 generatur,
1670 4161 1792 4198 nam
1826 4159 1893 4198 ex
1943 4144 2151 4215 ingeni-

577 4249 655 4293 to.
691 4238 801 4292 Nec
829 4237 1086 4305 Spiritus,
1111 4236 1238 4304 quia
1268 4236 1354 4289 vel
1375 4236 1438 4288 ad
1470 4233 1714 4298 Patrem,
1745 4235 1830 4289 vel
1853 4237 1917 4287 ad
1953 4233 2148 4286 Filium

573 4331 872 4398 referatur.
902 4329 1153 4384 Procedit
1175 4329 1344 4394 enim,
1379 4337 1435 4382 et
1467 4327 1611 4383 Deus
1642 4337 1748 4393 est,
1776 4329 1909 4384 licet
1967 4329 2150 4398 impiis

579 4428 740 4482 aliter
771 4427 1034 4480 videatur.
1071 4424 1204 4479 Nam
1245 4425 1289 4479 si
1314 4424 1622 4494 proprietas
1646 4434 1749 4488 est,
1775 4425 1882 4479 erit
1946 4424 2148 4479 immo-

580 4519 728 4573 bilis.
751 4516 845 4572 Sin
879 4526 1182 4580 moveatur,
1211 4524 1268 4569 et
1298 4515 1572 4584 concidat,
1596 4516 1991 4585 quomodoerit
2022 4529 2157 4585 pro-
2185 4500 2234 4560 υ

581 4609 964 4680 prictas?-Qui
1013 4620 1199 4662 autem
1236 4608 1502 4677 ingenito,
1565 4609 1857 4677 genitoque
1897 4607 2030 4661 deos
2078 4605 2154 4659 ita

581 4710 850 4765 statuunt,
886 4699 1238 4754 utcommuni
1268 4707 1480 4752 tantum
1520 4698 1746 4752 nomine
1797 4697 2152 4762 conveniant,

583 4799 779 4843 natura
811 4797 991 4842 autem
1017 4789 1218 4843 diversi
1249 4789 1535 4852 exsistant,
1568 4788 1604 4841 ii
1652 4789 1882 4843 fortasse
1905 4798 1959 4842 et
1984 4787 2153 4841 Adam

583 4889 641 4932 et
664 4880 798 4933 Setb
822 4890 1018 4933 natura
1047 4879 1294 4934 diversos
1324 4894 1446 4934 esse
1486 4880 1844 4942 contendent,
1891 4881 1982 4934 ille
2008 4881 2155 4951 quod

579 4964 707 5024 sine
730 4966 920 5023 cautis
957 4977 1124 5034 opera
1175 4976 1230 5020 et
1270 4966 1660 5037 conjunctione
1709 4968 1884 5023 lactus
1939 4971 2032 5035 sit,
2071 4970 2159 5025 hic

586 5063 768 5110 autem
809 5056 877 5109 ab
927 5056 1097 5111 Adam
1156 5057 1376 5126 Evaque
1428 5059 1761 5128 progenitus.
1793 5058 1946 5114 Unus
1997 5058 2160 5130 igitur

591 5147 736 5202 Deus
745 5149 805 5208 in
835 5149 1032 5214 tribus,
1065 5159 1118 5202 et
1147 5151 1253 5208 tria
1284 5167 1478 5218 unum,
1509 5163 1568 5206 ut
1598 5153 1802 5208 dictum
1843 5163 1945 5212 est.

699 5259 956 5330 Ejusdem
982 5278 1047 5316 ea:
1073 5264 1311 5329 oratione
1339 5265 1633 5327 hortatoria
1661 5268 1731 5320 ad
1761 5267 2080 5335 baprz’smum

1180 5337 1597 5404 suscipiendum.

665 5423 818 5481 Hanc
863 5427 960 5481 tibi
1025 5427 1192 5482 totius
1251 5429 1377 5483 vitae
1459 5429 1661 5484 sociam
1731 5428 2160 5498 praefectamque

588 5518 776 5579 tribuo
823 5519 1162 5574 divinitatem
1215 5535 1403 5583 unam,
1461 5531 1515 5585 et
1565 5531 1912 5590 potestatem,
1949 5536 2069 5589 qua:
2109 5528 2163 5574 et

594 5606 650 5660 in
688 5608 861 5662 tribus
912 5610 1260 5682 singulariter
1296 5611 1593 5680 invenitur,
1639 5621 1695 5667 et
1729 5613 1830 5667 tria
1864 5611 2163 5690 particula-

662 5777 710 5810 ”
752 5779 910 5838 llcm.
949 5801 1008 5850 tt,
1034 5785 1124 5839 36.

2699 3160 2801 3214 Ἐκ
2831 3160 2935 3214 τοῦ
2962 3159 3149 3226 αὑτοῦ
3176 3162 3384 3225 λόγου.

2315 3248 2504 3318 Πατὴρ
2541 3251 2566 3301 ὁ
2597 3251 2805 3322 Πατὴρ,
2852 3255 2945 3305 καὶ
2987 3253 3240 3322 ἄναρχος,
3292 3253 3351 3306 οὐ
3387 3252 3494 3321 γὰρ
3529 3250 3591 3303 ἐκ
3644 3262 3816 3310 “ct-V0?

2245 3340 2370 3402 Υἱὸς
2405 3345 2431 3396 ὁ
2456 3342 2609 3408 Υἱὸς,
2652 3344 2742 3394 καὶ
2775 3343 2872 3396 οὐκ
2905 3345 3136 3413 ἄναρχος
3159 3384 3173 3407 ,
3203 3347 3264 3395 ἐκ
3297 3343 3386 3395 τοῦ
3431 3343 3642 3412 Πατρ’ς
3682 3340 3814 3412 γάρ,

2245 3433 2308 3486 Εἰ
2356 3434 2412 3486 δὲ
2458 3438 2550 3487 καὶ
2597 3437 2694 3505 τὴν
2732 3435 2836 3486 ἀπὸ
2881 3435 3074 3505 χρόνου
3125 3434 3422 3504 λαμϐάνεις
3479 3434 3673 3503 ἀρχὴν,
3718 3432 3820 3484 καὶ

2244 3527 2499 3596 ἄναρχος.
2560 3527 2795 3596 Ποιητὴς
2853 3527 2960 3595 γὰρ
3014 3525 3244 3596 χρόνων,
3300 3524 3396 3594 οὐχ
3452 3525 3554 3576 ὑπ’)
3605 3523 3820 3598 χρόνον,

2245 3618 2472 3689 Πνεῦμα
2514 3620 2668 3688 ἅγιον
2721 3607 2935 3688 ἀληθῶς
2984 3619 3042 3671 τὸ
3094 3605 3336 3688 Πνέῧμα,
3377 3621 3563 3685 προϊὸν
3613 3614 3709 3683 μὲν
3757 3615 3824 3664 ἐκ

2245 3707 2340 3760 τοῦ
2375 3710 2604 3778 Πατρὸς,
2639 3709 2734 3779 οὐχ
2766 3708 2960 3772 υἱικῶς
2991 3708 3068 3775 δὲ,
3097 3707 3216 3760 οὐδὲ
3237 3707 3342 3777 γὰρ
3368 3705 3662 3774 γεννητῶς,
3703 3701 3824 3754 ἀλλ’

2247 3800 2698 3871 ὲκπορευτῶςηεί
2725 3800 2808 3870 δεῖ
2832 3818 2883 3852 τι
2911 3801 3304 3868 καινοτομῆσαι
3335 3797 3550 3868 περὶτὰ
3580 3795 3824 3866 ὀνόματα

2249 3893 2542 3964 σαφηνείας
2585 3893 2806 3960 ἕνεκεν,
2843 3891 2967 3946 οὔτε
3009 3890 3102 3945 τοῦ
3143 3892 3354 3961 Πατρδς
3394 3889 3685 3950 ἐκστάντος
3723 3890 3828 3955 τῆς

2246 3986 2587 4056 ἀγεννησίας,
2636 3986 2767 4053 διότι
2822 3985 3172 4055 γεγέννηκεν,
3226 3971 3348 4036 οὔτε
3397 3983 3490 4036 τοῦ
3536 3981 3666 4034 Υίοῦ
3719 3981 3825 4050 τῆς

2247 4081 2574 4148 γεννήσεως,
2623 4080 2703 4131 ὅτι
2748 4081 2812 4130 ἐκ
2853 4077 2948 4130 τοῦ
2994 4077 3324 4147 ἀγεννήτουο
3359 4074 3474 4137 πῶς
3518 4073 3654 4142 γάρς
3698 4070 3825 4123 οὔτε

2249 4171 2340 4224 τοῦ
2395 4172 2711 4242 Ιίνεύματος
2749 4171 2882 4241 ῆείς
2918 4170 3137 4238 Πατέρα
3179 4168 3632 4237 μεταπίπτοντος,
3679 4163 3712 4234 ἢ
3743 4165 3826 4226 είς

2251 4264 2400 4331 Υίὸν,
2433 4266 2514 4334 ὅτι
2551 4265 2970 4334 ὲκπεπόρευται,
3005 4262 3098 4314 καὶ
3127 4262 3208 4314 ὅτι
3238 4259 3394 4324 Θεὸς,
3430 4257 3535 4313 κᾶν
3574 4259 3650 4329 μὴ
3690 4243 3824 4326 δυκῇ

2250 4359 2361 4418 τοῖς
2402 4356 2598 4416 ἀθέοις.
2662 4356 2726 4407 Ἢ
2771 4355 2878 4424 γὰρ
2926 4354 3124 4423 ἰδιότης
3165 4352 3441 4423 ἀκίνητος.
3493 4351 3563 4407 Ἣ
3601 4349 3715 4412 πῶς
3761 4349 3830 4402 ἂν

2261 4445 2455 4516 ἰδιότης
2493 4445 2642 4514 μένοι
2679 4444 2971 4513 κινουμένη
3035 4442 3129 4495 καὶ
3172 4443 3616 4512 μεταπίπτουσας
3659 4440 3720 4492 Ol
3767 4440 3827 4509 δὲ

2260 4536 2358 4606 τὴν
2393 4535 2717 4604 ἀγεννησίαν
2747 4536 2839 4587 καὶ
2868 4535 2965 4604 τὴν
2999 4533 3247 4604 γέννηῖιν
3277 4531 3468 4600 φύαεις
3499 4530 3648 4600 Θεῶν
3677 4530 3829 4599 δμω-

2258 4626 2446 4696 νύμων
2470 4626 2763 4696 τιθέμενοι,
2785 4627 2924 4695 τάχα
2941 4625 3006 4678 ἂν
3029 4625 3232 4678 καὶτὸν
3253 4624 3445 4697 Ἀδὰμ,
3473 4622 3564 4674 καὶ
3583 4623 3674 4673 τὸν
3697 4619 3831 4688 Σὴθ,

2257 4721 2336 4772 ὅτι
2366 4718 2463 4788 μὲν
2487 4719 2586 4788 οὐκ
2615 4717 2722 4770 ἀπὸ
2753 4718 2953 4787 σαρκὸς
2973 4760 2988 4784 ,
3023 4717 3247 4784 πλάσμα
3278 4717 3384 4786 γὰρ
3405 4753 3420 4777 ,
3453 4716 3480 4766 6
3512 4713 3568 4768 δὲ
3601 4713 3708 4767 ἀπὸ
3733 4713 3831 4764 τοῦ

2271 4809 2442 4880 Ἀδὰμ
2497 4809 2590 4862 καὶ
2638 4810 2738 4878 τῆς
2790 4807 2972 4870 Εῢας,
3026 4807 3268 4876 ἀλλήλων
3321 4803 3464 4859 κατὰ
3520 4806 3619 4872 τὴν
3668 4803 3833 4870 φύσιν

2260 4900 2712 4974 ἀλλοτριὼσωσιν.
2766 4896 2859 4962 Εἷς
2905 4895 2998 4953 οὖν
3043 4896 3174 4961 Θεὸς
3209 4897 3268 4949 ὲν
3311 4911 3456 4966 τρισι
3499 4893 3832 4974 προσώπεις,

2267 4995 2361 5049 καὶ
2382 4971 2450 5046 τὰ
2476 4993 2600 5062 τρία
2623 4993 2701 5059 ἓν,
2725 4992 2914 5064 ὥσπερ
2935 4993 3165 5061 ἔφαμεν.
3812 4971 3817 4978 ’

2278 5268 2382 5332 Ἐκ
2430 5265 2536 5320 τοῦ
2591 5269 2780 5336 λόγου
2832 5263 2939 5318 τοῦ
2993 5261 3430 5330 προτρεπτικοῦ
3484 5262 3571 5313 alr
3611 5259 3676 5312 τὸ
3732 5255 3843 5318 8d-

2921 5348 3168 5401 πτισμα.

2333 5429 2551 5498 Ταύτην
2603 5428 2797 5498 δίδωμι
2855 5426 3054 5490 παντὸς
3097 5424 3193 5494 τοῦ
3251 5425 3367 5497 βίου
3426 5420 3682 5493 κοινωνὸν
3741 5420 3841 5488 καὶ

2264 5523 2599 5593 προστάτην,
2623 5519 2721 5601 τῂν
2747 5520 2878 5590 μίαν
2902 5518 3136 5597 Θεότητά
3161 5535 3220 5587 τε
3243 5518 3336 5570 καὶ
3364 5515 3614 5584 δύναμιν,
3641 5514 3698 5565 ὲν
3727 5513 3843 5586 τοῖς

2267 5591 2444 5684 τρισὶν
2476 5595 2874 5682 εὑρισκομένην
2908 5595 3122 5681 ἑνικῶς,
3151 5611 3245 5680 καῇ
3271 5609 3397 5682 τρία
3438 5591 3862 5685 συλλαμϐάνουφξ

3865 5847 3911 5878 ν
