4094 6286
339 270 417 334 73
1329 265 1707 335 PANOPLIA
1751 264 2213 332 DOGMATICA.
2255 292 2319 308 -
2360 270 2511 334 TIT.
2552 272 2639 334 II.
3548 273 3620 336 74

336 397 442 435 σαν
475 395 542 452 με
549 380 751 453 ριστῶς
773 394 791 412 ο

333 476 461 530 οὕτε
491 474 551 529 δὲ
578 471 977 544 αὐξανομένην,
1009 472 1045 545 ἢ
1102 471 1434 543 μειουμένην
1465 471 1794 543 ὑπερϐολαῖς
1834 473 1931 526 καὶ

336 569 569 639 ὑφέσεσι
594 584 608 599 ·
638 565 904 621 πάντοθεν
934 566 1081 638 ίσην,
1112 564 1213 636 τὴν
1251 564 1423 636 αὐτὴν
1445 564 1732 631 πάντοθεν,
1765 564 1841 629 ὡς
1872 564 1931 616 ἓν

333 663 396 716 οὐ
407 660 573 734 ρανοῦ
596 659 787 723 κάλλος
815 659 914 713 καὶ
946 659 1175 729 μέγεθος
1198 673 1214 689 ο
1237 657 1408 728 τριῶν
1435 657 1681 729 ἀπείρων
1703 658 1931 726 ἄπειρον

339 753 625 823 συμφυΐαν
649 766 666 782 ο
705 748 841 804 Θεὸν
879 748 1116 802 ἕκαστον
1153 746 1276 801 καθ’
1314 746 1476 801 ἑαυτὸ
1515 744 1931 817 θεωρούμενον,

337 846 415 906 ὡς
467 842 688 912 Πατέρα
730 839 827 896 καὶ
872 840 1021 904 Υίδν,
1064 840 1142 904 ὡς
1186 838 1318 894 Υίὸν
1357 838 1454 893 καὶ
1506 838 1568 892 τὸ
1607 837 1831 906 Πνεῦμα
1871 837 1934 892 τὸ

337 939 516 1007 δγιον,
544 932 969 1005 φυλασσομένης
998 932 1218 1003 ἑκάστῳ
1251 932 1351 1003 τῆς
1386 932 1678 1003 ίδιότητοςο
1708 930 1842 985 Θεὸν
1866 931 1936 986 τά

338 1033 467 1103 τρία
504 1030 601 1084 σὺν
635 1028 890 1098 ἀλλήλοις
920 1025 1190 1097 νοούμενα
1213 1039 1229 1055 °
1261 1026 1439 1080 έκεῖνο
1476 1024 1566 1079 διὰ
1600 1022 1699 1096 τὴν
1734 1024 1935 1095 δμοου-

341 1122 599 1194 σιότητα,
631 1121 793 1175 τοῦτο
824 1118 915 1174 διὰ
948 1118 1051 1191 τὴν
1087 1116 1412 1189 μοναρχίαν.
1448 1116 1526 1171 Οὐ
1558 1115 1747 1187 φθάνω
1782 1116 1845 1171 τὸ
1876 1116 1937 1170 ἓν

339 1214 555 1279 νοῆσαι,
589 1216 687 1266 καὶ
718 1213 834 1276 τοῖς
869 1210 1020 1284 τρισὶ
1055 1208 1502 1281 περιλάμπομαι.
1538 1209 1613 1262 Ού
1652 1208 1842 1279 φθάνω
1867 1209 1939 1263 τὰ

341 1306 471 1376 τρία
499 1304 718 1371 διελεῖν,
754 1303 848 1358 καὶ
875 1303 955 1365 είς
975 1301 1037 1355 τὸ
1062 1301 1121 1354 ἓν
1142 1299 1512 1372 ἀναφέρομαι.
1548 1301 1721 1354 Ὀταν
1750 1299 1809 1352 ἓν
1832 1298 1940 1356 τῶν

341 1401 513 1470 τριῶν
559 1396 875 1468 φαπασθῶ,
912 1396 1071 1450 τοῦτο
1119 1394 1327 1466 νομίζω
1381 1393 1444 1448 τὸ
1515 1394 1649 1459 πᾶν,
1690 1391 1790 1446 καὶ
1840 1392 1941 1463 τὴν

348 1492 475 1563 δψιν
506 1491 895 1563 πεπλήρωμαι,
947 1481 1042 1544 καὶ
1068 1488 1128 1543 τὸ
1155 1488 1340 1543 πλεῖον
1365 1486 1640 1557 διέφυγεν.
1681 1487 1796 1541 Οὐκ
1834 1485 1941 1557 ἔχω

341 1586 408 1641 τὸ
443 1583 683 1657 μέγεθος
723 1581 916 1637 τούτου
955 1581 1308 1648 καταλαϐεῖν,
1336 1581 1425 1634 ἵνα
1455 1579 1531 1634 δῶ
1556 1578 1618 1634 τὸ
1652 1579 1834 1636 πλεῖον
1864 1580 1943 1654 τῷ

342 1679 678 1747 λειπομένῳ.
715 1676 887 1730 Ὅταν
916 1675 984 1730 τὰ
1018 1673 1145 1745 τρία
1187 1672 1394 1727 συνέλω
1426 1672 1494 1743 τῇ
1528 1670 1768 1744 θεωρίᾳ,
1807 1672 1942 1742 μίαν

840 375 966 434 οὔτε
1007 377 1298 451 ἀνώμαλον
1344 380 1559 445 οὐσίαις
1603 379 1636 452 ἢ
1683 380 1933 451 φύσεσιν,

2039 381 2139 436 tim
2188 382 2631 452 comprehendit.
2676 381 2868 455 Neque
2937 378 3202 451 essentia,
3260 394 3357 442 aut
3420 394 3619 442 natura

2032 480 2116 527 est
2179 471 2485 544 inaequalis,
2562 488 2743 544 neque
2807 476 3200 547 superlatione,
3252 475 3622 533 demissione-

2032 576 2100 618 ve
2160 573 2415 635 augetur,
2437 574 2532 622 aut
2577 567 2943 635 imminuitur,
2968 570 3063 625 sed
3085 568 3328 639 undique
3371 568 3623 639 aequalis,

2034 655 2284 725 undique
2332 656 2549 723 eadem,
2590 659 3054 728 quemadmodum
3097 675 3205 716 una
3249 668 3349 716 σειν
3379 660 3624 730 pulchri-

2036 746 2168 800 tudo
2193 746 2315 801 cceli
2364 756 2420 802 et
2450 748 2771 818 magnitudo
2798 767 2812 805 :
2847 749 3009 805 trium
3037 750 3247 806 inﬁnita
3278 750 3623 820 conjunctio,

2034 854 2268 910 quorum
2315 843 2719 912 unusquisque,
2754 844 2800 899 si
2840 859 2937 914 per
2978 859 3039 899 se
3080 844 3487 908 consideretur.
3536 854 3625 899 est

2035 930 2217 987 Deus:
2249 932 2392 988 sicut
2423 934 2603 1001 Pater,
2622 936 2700 990 sic
2734 936 2898 992 etiam
2931 937 2970 992 F
2975 937 3097 993 ilius
3124 953 3140 1004 ;
3163 947 3220 992 et
3250 936 3395 995 sicut
3422 936 3618 1001 Filius,

2035 1024 2117 1079 sic
2133 1025 2296 1081 etiam
2317 1026 2553 1097 Spiritus
2571 1037 2813 1094 sanctus,
2835 1030 3170 1099 proprietate
3185 1029 3625 1100 uniuscujusque

2038 1129 2381 1176 conservata.
2417 1119 2513 1175 Sin
2543 1130 2658 1177 tres
2677 1121 2839 1177 simul
2863 1123 3306 1191 considerentur,
3327 1131 3457 1178 sunt
3479 1138 3625 1177 unus

2040 1210 2208 1266 Deus.
2255 1211 2312 1266 ω
2360 1220 2584 1283 propter
2626 1213 2874 1268 eamdem
2905 1224 3112 1269 natura;
3161 1218 3482 1279 essentiam,
3515 1218 3624 1273 hoc

2038 1309 2264 1371 propter
2306 1300 2601 1373 imperium
2640 1302 2937 1374 singulare.
2994 1305 3177 1360 Unum
3223 1306 3463 1376 cogitare
3508 1322 3624 1362 non

2040 1407 2288 1464 possum,
2336 1395 2468 1464 quin
2507 1411 2538 1450 a
2587 1395 2765 1452 tribus
2811 1396 3113 1454 luminibus
3169 1400 3426 1456 illustrer.
3490 1400 3620 1460 llaec

2041 1486 2238 1541 intueri
2289 1487 2539 1544 distincta
2591 1503 2828 1558 nequeo,
2857 1491 2991 1560 quin
3024 1491 3092 1547 ad
3148 1509 3319 1552 unum
3354 1495 3622 1565 perducat

2042 1577 2415 1648 splendorem.
2446 1579 2583 1636 Cum
2606 1582 2824 1653 aliquod
2842 1598 3034 1639 eorum
3060 1600 3230 1641 unum
3258 1588 3623 1659 contemplor,

2043 1666 2097 1721 in
2129 1681 2198 1723 eo
2252 1677 2421 1725 totam
2452 1670 2633 1727 lucem
2673 1674 3075 1740 animadverto,
3121 1678 3421 1749 oculosque
3470 1696 3623 1737 meos

341 1769 456 1840 ὁρῶ
493 1738 777 1837 λαμπάδα.
818 1764 935 1821 Οὐκ
969 1738 1078 1836 ἔχω
1106 1763 1381 1835 διελεῖν,ἢ
1421 1738 1782 1835 μετρῆσαι-τὺ
1808 1738 1936 1833 ’φῶς

2044 1760 2116 1814 ita
2173 1761 2415 1831 repletos
2461 1764 2662 1829 sentio,
2720 1774 2782 1821 ut
2836 1765 2906 1834 si,
2941 1738 3086 1838 quod
3131 1738 3452 1839 majusest,
3499 1771 3624 1830 illos

342 1859 676 1932 ένιζόμενον.
715 1859 861 1930 Φοϐῇ
900 1858 965 1913 σὺ
1000 1858 1274 1928 γέννησιν,
1309 1856 1397 1911 ῐνα
1428 1858 1506 1928 μὴ
1530 1874 1583 1911 τι
1619 1855 1771 1929 πάθῃ
1802 1855 1936 1919 Θεὸς

340 1955 371 2008 ὁ
407 1952 483 2026 μὴ
522 1953 789 2026 πάσχωη
844 1952 958 2021 έγὼ
1006 1948 1283 2022 φοϐοῦμαι
1318 1949 1419 2021 τὴν
1457 1949 1663 2016 κτίσιν,
1716 1948 1804 2004 ἵνα
1857 1948 1935 2019 μὴ

344 2045 478 2099 Θεδν
505 2044 764 2100 ἀπολέσω
799 2044 888 2098 διὰ
916 2042 1018 2114 τῆς
1052 2041 1265 2114 ὕϐρεως
1291 2042 1386 2096 καὶ
1411 2041 1512 2112 τῆς
1544 2041 1730 2096 ἀδίκου
1762 2057 1932 2117 κατα-

340 2137 540 2206 τομῆς,
590 2134 626 2208 ἢ
673 2136 769 2189 τὸν
814 2134 947 2191 Υίδν
978 2136 1192 2206 τέμνων
1227 2132 1338 2189 άπδ
1360 2131 1457 2187 τοῦ
1486 2133 1723 2205 Πατρὸς,
1754 2132 1789 2205 ἢ
1824 2132 1933 2187 ἀπὸ

341 2226 437 2281 τοῦ
474 2225 611 2280 Υίοῦ
648 2225 749 2299 τὴν
785 2225 978 2280 οὐσίαν
1004 2225 1099 2280 τοῦ
1134 2223 1478 2294 Πνεύματος.
1514 2222 1590 2277 Τὸ
1618 2223 1728 2293 γὰρ
1759 2221 1943 2294 παρά-

341 2320 518 2387 δοξον,
554 2321 638 2376 ὅτι
680 2320 757 2391 μὴ
798 2321 974 2385 κτίσις
1004 2318 1273 2387 έπάγεται
1305 2320 1467 2387 μόνον
1492 2315 1613 2387 Θεῷ
1649 2316 1802 2387 παρὰ
1825 2318 1941 2381 τοῖς

347 2410 534 2473 κακῶς
562 2410 790 2479 θεότητα
822 2408 1266 2473 ταλαντεύουσιν,
1295 2406 1433 2461 ἀλλά
1468 2406 1566 2460 καὶ
1594 2405 1734 2476 αὕτη
1776 2405 1940 2460 πάλιν

344 2504 382 2573 ἠ
423 2503 601 2565 κτίσις
646 2504 728 2567 είς
761 2500 964 2573 ἑαυτὴν
1007 2501 1287 2572 τέμνεται.
1331 2499 1547 2568 Ὠσπερ
1583 2497 1680 2552 τοῦ
1718 2498 1939 2569 Πατρὺς

343 2594 736 2649 ὑποστέλλεται
766 2595 794 2647 ὀ
825 2593 955 2657 Υἱὸς
981 2594 1095 2656 τοῖς
1130 2593 1409 2656 ταπεινοῖς
1432 2588 1531 2644 καὶ
1564 2589 1714 2645 κάτω
1739 2589 1937 2660 κειμέ-

343 2702 480 2750 νοις,
507 2684 681 2749 οὖτως
710 2683 1184 2755 ύποστελλομένης
1216 2681 1379 2736 πάλιν
1409 2683 1506 2735 καὶ
1540 2679 1646 2735 ἀπὸ
1672 2679 1770 2734 τοῦ
1801 2680 1934 2734 Υίοῦ

340 2776 445 2847 τῆς
466 2776 625 2843 ἀξίας
662 2777 758 2832 τοῦ
786 2775 1127 2847 Πνεύματος,
1156 2774 1233 2839 ὡς
1260 2776 1326 2829 ἂν
1347 2775 1441 2829 καὶ
1470 2773 1604 2838 Θεὸς
1628 2772 1726 2828 καὶ
1758 2772 1937 2836 κτίσις

342 2867 638 2940 ὑϐρίζηται
664 2871 731 2943 τῇ
760 2870 889 2941 κενῇ
919 2866 1093 2939 ταύτῃ
1123 2865 1395 2937 θεολογίᾳ.
1427 2856 1436 2864 ’

2043 1853 2294 1926 eﬂugiat,
2336 1870 2447 1910 non
2490 1856 2703 1912 valeam
2744 1858 3175 1929 magnitudinem
3215 1860 3335 1932 ejus
3370 1876 3617 1933 compre-

2042 1942 2308 2012 hendere,
2370 1955 2427 2001 et
2486 1945 2787 2012 deﬁcienti,
2851 1947 2905 2003 id
2962 1949 3110 2019 quod
3168 1949 3260 2006 alii
3304 1960 3622 2023 exsuperat,

2040 2035 2362 2091 attribuere.
2411 2036 2548 2092 Cum
2572 2038 2676 2093 tria
2710 2038 3043 2110 cogitatione
3081 2041 3379 2115 conjungo,
3418 2044 3600 2115 lampa

2038 2124 2165 2181 dem
2199 2141 2364 2182 unam
2403 2126 2485 2183 sic
2539 2127 2778 2195 intueor,
2815 2137 2878 2184 ut
2921 2130 3100 2186 lucem
3142 2132 3265 2201 ejus
3309 2134 3621 2203 copulatam

2041 2226 2205 2287 atque
2269 2217 2475 2273 auitam
2525 2219 2794 2287 dividere,
2846 2232 2942 2277 aut
2976 2222 3215 2278 dimetiri
3251 2238 3361 2280 non
3394 2226 3624 2295 possim.

2041 2309 2124 2364 Tu
2169 2310 2579 2380 generationem
2616 2313 2961 2382 reformidas,
3004 2328 3074 2371 ne
3113 2315 3225 2371 Deo
3266 2315 3624 2373 atl’ectionum

2041 2404 2261 2476 experti
2304 2415 2307 2419 '
2342 2404 2693 2462 aﬂectionem
2764 2409 3011 2478 assignes
3048 2425 3064 2474 ;
3135 2425 3238 2482 ego
3285 2411 3625 2466 creationem

2042 2500 2228 2564 timeo,
2262 2513 2335 2553 ne
2372 2497 2545 2553 Deum
2583 2498 2790 2566 tollam,
2810 2498 2858 2555 si
2889 2500 2971 2555 vel
3010 2499 3206 2555 Filium
3242 2515 3273 2555 a
3304 2498 3495 2566 Patre,
3533 2502 3624 2556 vel

2041 2588 2280 2661 Spiritus
2318 2599 2570 2645 naturam
2601 2605 2633 2645 a
2662 2589 2800 2646 Filio
2826 2592 3229 2667 contumeliosa
3262 2601 3319 2647 et
3371 2592 3627 2663 inaequali

2044 2681 2297 2737 sectione
2344 2680 2645 2754 seiungam.
2698 2680 2759 2737 id
2802 2681 2951 2738 enim
2993 2682 3291 2738 absurdum
3330 2693 3436 2749 est,
3480 2682 3629 2754 quod

2043 2772 2285 2839 abistis,
2322 2773 2417 2844 qui
2447 2788 2705 2844 perverse
2745 2773 3102 2831 Divinitatem
3144 2775 3480 2841 examinant,
3513 2790 3628 2830 non

2044 2867 2222 2922 solum
2276 2865 2389 2922 Deo
2444 2866 2759 2935 ascribitur,
2807 2868 2954 2939 quod
3009 2877 3228 2924 creatus
3276 2867 3388 2936 sit,
3432 2884 3626 2925 verum

351 2969 520 3023 etiam
576 2983 719 3039 quos
757 2976 977 3024 creatos
1024 2975 1303 3031 asserunt,
1362 2978 1578 3019 rursum
1654 2961 1948 3053 dissecant.
2023 2960 2162 3018 Nam
2225 2973 2286 3020 ut
2363 2977 2397 3019 a
2460 2963 2622 3021 Patre
2693 2964 3006 3035 seiunctum
3081 2963 3281 3020 Filium
3338 2964 3396 3020 in
3461 2963 3628 3021 rebus

339 3059 644 3117 humilibus
699 3071 756 3118 et
792 3060 935 3116 intra
994 3060 1212 3132 positis,
1270 3073 1468 3131 nempe
1515 3057 1716 3116 creatis
1758 3059 1962 3124 locant,
2024 3057 2105 3115 sic
2157 3075 2375 3115 rursum
2446 3060 2640 3129 procul
2693 3075 2723 3115 a
2792 3058 2935 3117 Filio
2995 3060 3315 3133 dignitatem
3387 3058 3626 3131 Spiritus

341 3167 651 3228 separatam
727 3164 971 3226 ponunt,
1036 3162 1098 3209 ut
1150 3154 1256 3209 ista
1324 3166 1469 3209 nova
1533 3151 1805 3225 theologia
1865 3164 1921 3210 et
1965 3155 2113 3211 Deus
2184 3155 2367 3221 simul,
2426 3164 2483 3212 et
2547 3171 2636 3212 res
2703 3162 2903 3213 creatae
2966 3153 3273 3209 aliiciantur
3304 3151 3626 3224 ignominia.

797 3269 901 3323 Ἐκ
928 3267 1036 3323 τοῦ
1059 3267 1248 3322 αὐτοῦ
1269 3267 1484 3337 λόγου.

411 3363 565 3418 Θέλω
612 3363 705 3418 τὸν
747 3361 968 3430 Πατέρα
1015 3360 1190 3432 μείζω
1239 3361 1438 3427 είπείν,
1490 3358 1552 3426 te
1607 3351 1670 3412 οὗ
1719 3358 1815 3415 καὶ
1866 3358 1929 3411 τ’)

340 3453 485 3518 ἴσοις
531 3449 677 3509 εἶναι
709 3454 823 3516 τ.ἶς
859 3455 995 3515 [σοις
1032 3451 1150 3505 έστὶ
1173 3491 1191 3517 ,
1226 3451 1322 3506 καὶ
1344 3452 1406 3505 τὸ
1432 3449 1608 3506 εἰναι·
1638 3449 1800 3504 τοῦτο
1822 3448 1930 3521 γάρ

341 3547 501 3618 παρὰ
551 3549 778 3603 πάντων
822 3546 1151 3617 δοθήσεται·
1198 3545 1294 3599 καὶ
1340 3544 1554 3599 δέδοικα
1581 3544 1684 3615 τὴν
1729 3543 1929 3615 ἀρχὴν,

347 3643 427 3714 μὴ
457 3642 759 3696 έλαττόνων
791 3640 967 3711 ἀρχὴν
992 3639 1228 3709 ποιήσω,
1258 3638 1353 3692 καὶ
1385 3626 1809 3708 καθυϐρίσωδιά
1833 3637 1934 3707 τῆς

344 3735 761 3804 προτιμήσεως.
788 3731 865 3784 οὐ
890 3728 1000 3800 γὰρ
1031 3728 1158 3795 δόξα
1195 3728 1276 3799 τῷ
1305 3727 1365 3794 te
1386 3722 1447 3785 οὗ
1478 3729 1513 3800 ἠ
1543 3728 1655 3783 τῶν
1683 3726 1742 3794 εξ
1766 3725 1933 3783 αὑτοῦ

346 3827 706 3887 ταπείνωσις.
744 3824 890 3896 Πρὸς
921 3823 979 3878 δέ
1030 3820 1129 3875 καὶ
1160 3821 1455 3891 ὐφορῶμαι
1485 3821 1587 3891 τὴν
1623 3822 1721 3891 σην
1753 3819 1936 3889 ἀπλη-

346 3921 527 3984 στίαν,
573 3918 672 3988 μὴ,
697 3916 760 3969 τὸ
791 3914 980 3987 μεῖζον
1004 3912 1209 3977 λαϐὼν,
1241 3911 1607 3984 διχοτομήσης
1634 3910 1734 3979 τὴν
1769 3908 1973 3978 φύσιν,

351 4013 496 4067 κατά
519 4011 697 4066 πάντα
725 4008 803 4080 τῷ
836 4007 1048 4079 μείζονι
1077 4004 1388 4078 χρώμενος.
1420 4004 1496 4058 Οὐ
1529 4005 1639 4074 γὰρ
1668 4001 1810 4056 κατὰ
1835 4002 1935 4071 τὴν

351 4106 514 4176 φύσιν
565 4104 626 4159 τὸ
679 4102 888 4173 μεῖζον,
942 4099 1042 4172 τὴν
1089 4098 1273 4154 αἰτίαν
1316 4097 1393 4153 δέ.
1449 4095 1619 4150 Ούδλν
1669 4094 1780 4166 γὰρ
1826 4093 1936 4147 τῶν

349 4195 655 4265 δμοουσίων
706 4196 775 4265 τῇ
832 4193 990 4262 οὐσίᾳ
1036 4188 1222 4262 μεῖζον
1268 4188 1585 4259 ἢβλαττον.
1633 4185 1785 4240 Θέλω
1842 4184 1936 4240 τὸν

356 4288 483 4342 Υίδν
529 4284 873 4358 προτιμῆσαι
927 4280 1023 4335 τοῦ
1064 4278 1380 4351 Πνεύματος
1416 4279 1492 4342 ὡς
1537 4277 1687 4343 Υίὶν,
1737 4277 1832 4352 καὶ
1873 4275 1934 4328 ού

356 4378 633 4450 συγχωρεί
688 4393 782 4448 μοι
833 4375 895 4431 τὸ
953 4372 1239 4444 βάπτισμα
1296 4370 1539 4426 τελειοῦν
1594 4387 1663 4441 με
1710 4367 1800 4424 διὰ
1839 4366 1935 4449 τοῦ

353 4470 696 4542 Πνεύματος.

1952 3273 2001 3335 C

2522 3269 2606 3326 Ea:
2633 3271 2819 3325 eadem
2858 3269 3129 3325 oratione.
3213 3331 3216 3334 ,

2105 3360 2466 3419 VoloPatrem
2493 3360 2754 3433 majorem
2771 3362 2987 3419 dicere:
3011 3377 3077 3418 ex
3093 3376 3200 3433 quo
3219 3358 3364 3418 enim
3386 3362 3626 3435 mquales

2031 3453 2236 3509 habent
2261 3460 2323 3510 ut
2343 3455 2453 3510 sint
2482 3454 2740 3526 mquaies,
2758 3469 2825 3511 ex
2851 3454 3043 3511 eodem
3075 3450 3373 3526 babent(id
3397 3456 3537 3526 quod
3555 3456 3624 3512 ab

2031 3544 2291 3604 omnibus
2305 3546 2672 3619 concedetur)
2702 3556 2762 3603 ut
2798 3547 2907 3603 sint
2938 3564 2955 3603 :
2986 3546 3084 3604 sed
3114 3561 3309 3603 vereor
3359 3562 3426 3602 ne
3442 3546 3621 3615 illum,

2031 3638 2123 3710 qui
2150 3638 2477 3710 principium
2494 3650 2601 3708 est,
2616 3640 2891 3697 minorum
2918 3640 3249 3712 principium
3269 3642 3623 3709 constituam,

2032 3739 2088 3786 et
2103 3730 2191 3786 cui
2212 3731 2476 3789 honorem
2500 3733 2743 3789 tribuere
2774 3731 3037 3803 majorem
3063 3746 3253 3796 conor,
3272 3731 3622 3804 ignominiam

2034 3824 2283 3882 aﬂ‘eram.
2311 3825 2373 3881 Ei
2392 3840 2630 3893 namque
2650 3825 2833 3881 decori
2853 3839 2976 3881 esse
3003 3840 3116 3881 non
3140 3835 3322 3896 petest
3345 3826 3623 3883 humilitas

2032 3931 2245 3982 eorum,
2271 3915 2364 3987 qui
2387 3918 2455 3973 ah
2483 3919 2603 3988 ipso
2629 3927 2777 3973 sunt.
2804 3918 3005 3973 Adhaec
3034 3927 3088 3972 te
3121 3916 3240 3972 fore
3271 3916 3521 3986 suspicor
3539 3917 3622 3971 in-

2035 4007 2364 4072 satiabilem,
2414 4017 2476 4063 ut
2494 4009 2902 4077 cummaiorem
2935 4006 3233 4078 acceperis,
3262 4007 3336 4063 ita
3367 4015 3622 4064 naturam

2035 4114 2214 4164 seces,
2244 4099 2389 4155 ut‘in
2420 4098 2680 4156 omnibus
2708 4099 2980 4169 majorem
3042 4098 3217 4155 dicas.
3269 4096 3406 4154 Nam
3425 4106 3623 4157 natura

2036 4193 2214 4264 major
2270 4206 2382 4248 non
2447 4201 2555 4259 est,
2615 4191 2873 4261 quamvis
2930 4191 3113 4256 detur,
3154 4200 3233 4251 ut
3285 4205 3451 4247 causa
3520 4190 3620 4248 sit.

2036 4287 2240 4344 Eorum
2291 4285 2463 4351 enim,
2503 4284 2884 4357 qumejusdem
2930 4293 3063 4341 sunt
3099 4283 3375 4350 essentia,
3408 4284 3620 4343 nullum

2037 4378 2282 4436 essentia
2315 4377 2492 4447 majus
2519 4384 2625 4433 est.
2664 4375 2800 4432 Volo
2832 4375 2889 4431 in
2912 4376 3126 4433 honore
3159 4372 3389 4446 Spiritui
3419 4374 3618 4431 Filium

2037 4473 2335 4539 anteferre,
2386 4469 2484 4526 sed
2536 4469 2843 4542 baptismus
2889 4483 3003 4525 non
3052 4468 3279 4541 patitur,
3336 4482 3450 4541 quo
3475 4484 3616 4541 .sum

2039 4566 2288 4623 initiatus
2315 4580 2414 4637 per
2443 4565 2626 4637 ipsum
2652 4564 2943 4635 Spiritum.

364 4698 471 4753 Ἕκ
507 4697 613 4753 τοῦ
646 4696 839 4767 λόγου
869 4693 998 4767 τοῦ-
1024 4696 1126 4767 εἰς,
1154 4692 1266 4747 τὸν
1295 4689 1649 4767 κατάπλουν
1686 4687 1806 4741 τῶν
1841 4689 1936 4743 Δί-

2043 4679 2301 4751 Ejusdcm
2382 4696 2447 4735 ex
2498 4679 2763 4767 inratione-
2848 4679 2919 4733 ad
2970 4677 3275 4767 ‘gpiscopos,
3338 4678 3429 4747 qui
3496 4679 3620 4732 navi

815 4765 1083 4836 τυπτίων
1104 4763 1477 4818 ἐπισκόπων.

422 4862 528 4915 Δύο
551 4859 820 4930 διαφορὰς
846 4860 904 4911 ὲν
940 4859 1057 4921 τοῖς
1090 4854 1212 4909 οὖσι
1243 4854 1500 4924 γινώσκω
1520 4851 1621 4916 τάς
1647 4849 1936 4916 ἀνωτάτω,

350 4952 672 5007 δεσποτείαν
703 4968 764 5004 τε
796 4951 892 5005 καὶ
919 4946 1188 5012 δουλείαν,
1228 4946 1329 5016 οὐχ
1362 4943 1427 5008 ἃς
1456 4943 1588 5014 παρ’
1614 4942 1748 5013 ἡμῖν
1774 4940 1807 5013 ἢ
1845 4957 1935 4995 tuo

355 5044 544 5115 ραννὶς
599 5042 817 5112 ῑτεμεν,
872 5040 905 5111 ἢ
946 5038 1109 5092 πενία
1156 5037 1460 5105 διέστησεν,
1502 5033 1618 5088 ἀλλ’
1660 5032 1727 5095 ἀς
1772 5031 1935 5100 φύσις

352 5134 635 5204 διώρισεν,
658 5135 711 5186 εί
730 5150 811 5203 τῳ
849 5132 1003 5202 φίλον
1032 5130 1176 5184 οὕτω
1204 5128 1413 5184 καλεῖν.
1454 5124 1528 5180 Th
1566 5125 1677 5195 γὰρ
1715 5122 1934 5195 πρῶτον

353 5231 448 5283 καὶ
482 5229 627 5299 ὑπὲρ
659 5227 759 5296 τὴν
793 5228 977 5297 φύσιν.
1016 5225 1236 5279 Τούτων
1276 5224 1334 5277 δὲ
1372 5223 1406 5293 ἡ
1445 5221 1546 5291 μέν
1579 5217 1837 5289 ποιητική
1874 5215 1934 5269 τέ

354 5326 470 5377 έστι
490 5362 504 5386 ,
541 5324 637 5376 καὶ
664 5322 900 5393 ἀρχικὴ,
934 5322 1030 5375 καὶ
1067 5321 1360 5389 ἀκίνητος,
1388 5319 1422 5388 ὴ
1459 5315 1514 5368 δὲ
1545 5312 1895 5383 πεποιημένη
1916 5347 1933 5376 ,

354 5420 448 5476 καὶ
479 5416 586 5471 ὑπὸ
612 5417 792 5488 χεῖρα,
819 5417 915 5469 καὶ
942 5414 1377 5486 μεταπίπτουσα.
1410 5410 1518 5463 Καὶ
1543 5406 1624 5460 ἔτι
1652 5402 1934 5473 συντομώ·

351 5528 509 5579 τερον
542 5509 741 5573 εἰπεῖν,
771 5508 806 5579 ἡ
849 5508 949 5580 μὲν
1000 5505 1139 5577 ὑπὲρ
1170 5503 1362 5575 χρόνον
1382 5545 1397 5569 ,
1429 5503 1464 5572 ἡ
1492 5500 1549 5555 δὲ
1576 5498 1683 5553 ὑπὸ
1714 5498 1929 5568 χρόνον.

352 5604 615 5659 Καλείται
653 5604 710 5658 δὲ
743 5605 779 5674 ἡ
819 5600 920 5672 μὲν
967 5599 1120 5663 Θεὸς,
1159 5599 1255 5650 καὶ
1298 5596 1347 5648 εί
1391 5597 1450 5648 ὲν
1499 5593 1649 5665 τρισὶ
1683 5593 1794 5653 τοίς
1834 5607 1929 5660 με-

354 5697 559 5767 γίστοις
597 5697 814 5750 ἵσταται
836 5736 848 5759 ,
887 5693 1073 5763 αἰτίῳ,
1107 5691 1203 5744 καὶ
1240 5687 1557 5761 δημιουργῷ
1596 5686 1689 5742 καὶ
1726 5683 1930 5739 τελειο-

689 5790 959 5853 ΡΑτιιοι..
1003 5789 1119 5850 Gn.
1153 5786 1415 5847 CXXX.

2439 4753 2762 4806 advenerant
2825 4766 2892 4805 ea:
2943 4748 3208 4820 Δίθεριο.

2113 4846 2259 4903 Duas
2308 4846 2362 4901 in
2412 4845 2582 4903 rebus
2618 4845 2884 4900 maximas
2918 4856 3195 4913 cognosco
3249 4840 3617 4908 differentias,

2035 4938 2472 4996 dominationem
2508 4944 2566 4994 et
2599 4937 2948 5001 servitutem,
2996 4948 3109 4989 non
3151 4948 3288 5004 quas
3329 4933 3475 5003 apud
3516 4948 3620 4988 nos

2034 5032 2121 5087 vel
2173 5031 2423 5102 tyrannis
2488 5030 2690 5095 secuit,
2742 5029 2829 5086 vel
2890 5037 3190 5102 paupertas
3250 5025 3459 5091 divisit,
3512 5025 3612 5083 sed

2036 5138 2175 5193 quas
2222 5124 2341 5194 ipsa
2391 5132 2587 5179 natura
2642 5121 2978 5199 pmscripsit
3014 5160 3029 5187 ,
3068 5118 3115 5175 si
3148 5128 3332 5175 tamen
3387 5117 3471 5172 tas
3526 5128 3615 5174 est

2038 5216 2113 5271 ita
2148 5216 2321 5287 loqui,
2349 5231 2474 5272 cum
2498 5216 2649 5286 prior
2679 5208 2753 5270 sit
2770 5215 2935 5272 ctiam
2966 5214 3083 5285 ipsa
3108 5223 3306 5269 natura
3332 5210 3607 5278 superior.

2040 5312 2244 5366 Harum
2266 5324 2374 5364 una
2392 5318 2478 5365 est
2497 5308 2773 5373 eﬂ‘ectrix,
2799 5317 2856 5364 et
2887 5308 3163 5380 princeps,
3187 5318 3244 5365 et
3264 5302 3563 5363 immobilis
3588 5318 3608 5362 :

2039 5403 2211 5458 altera
2256 5401 2420 5469 facta,
2470 5410 2527 5457 et
2556 5400 2823 5471 subjecta,
2858 5400 3287 5457 commutabilis.
3315 5398 3514 5466 Atque,
3551 5404 3615 5453 ut

2040 5496 2265 5553 brevius
2312 5496 2514 5562 dicam,
2545 5510 2656 5552 una
2698 5510 2863 5566 supra
2917 5503 3133 5564 tempus
3165 5500 3273 5556 est,
3311 5489 3481 5545 altera
3511 5490 3619 5546 sub

2039 5601 2307 5659 tempore.
2383 5588 2539 5645 Prior
2596 5596 2825 5644 vocatur
2886 5587 3032 5643 Deus
3064 5624 3081 5651 ,
3137 5583 3268 5638 licet
3322 5582 3383 5638 in
3443 5583 3620 5638 tribus

2040 5680 2323 5747 consistat,
2366 5696 2552 5747 causa,
2603 5676 2825 5749 opiﬁce,
2860 5693 2915 5735 et
2964 5677 3304 5751 perﬁciente.
3353 5678 3459 5732 hoc
3509 5684 3618 5741 est,

3257 5771 3294 5830 3
