4094 6286
478 306 549 367 75
1731 302 2061 363 EUTHYMI

2162 302 2502 363 ZIGABENI
3668 301 3737 364 76

480 420 663 481 Patre,
696 415 853 481 Filio,
889 424 943 470 et
994 414 1202 485 Spiritu
1254 426 1465 472 sancto.
1522 414 1624 482 Qui
1671 430 1772 469 nee
1820 414 1892 468 ita
1940 414 2053 468 dis-

2162 416 2318 485 ποιῷ,
2359 415 2439 484 τῷ
2478 413 2673 483 Πατρῖ,
2709 412 2874 481 λέγω,
2906 413 3001 468 καὶ
3049 412 3125 483 τῷ
3166 412 3301 483 Υἱῷ,
3339 411 3434 466 καὶ
3473 411 3552 482 τῷ
3590 414 3733 485 ἁγίῳ

482 508 643 562 tracti
696 515 849 572 sunt,
892 515 950 561 ut
990 505 1323 563 dirimantur
1371 515 1566 561 natura
1602 517 1619 564 :
1655 517 1758 569 nec
1806 503 1879 559 ita
1908 518 2053 557 com-

485 598 683 670 pressi,
722 607 782 652 ut
846 611 952 652 una
1012 596 1409 652 concludantur
1469 610 1701 665 persona
1736 609 1751 649 ι
1788 594 1842 649 id
1905 593 2056 649 enim

483 690 739 745 Arianam
769 689 913 758 sapit
952 687 1220 744 insaniam
1257 702 1274 752 ;
1341 688 1447 743 hoc
1475 686 1837 745 Sabellianam
1864 685 2058 754 impie-

486 793 655 839 tatem
693 783 833 838 :sed
881 791 938 837 et
986 781 1145 850 plane
1203 779 1484 835 distractis
1548 777 1893 845 coniunctior
1953 786 2055 841 est,

478 886 540 930 et
573 876 791 945 penitus
820 874 1077 929 solitariis
1106 873 1400 943 copiosior.
1444 872 1724 928 Posterior
1767 871 2056 926 nobiscum

484 976 607 1029 est,
637 977 694 1021 et
744 981 866 1036 quae
912 976 1099 1021 creata
1147 975 1298 1029 sunt,
1350 965 1607 1020 universa
1652 963 2057 1033 complectitur,

386 1084 387 1087 η
484 1074 740 1128 quorum,
764 1068 823 1112 ut
843 1058 1267 1128 unumquodque
1290 1057 1479 1128 magis,
1504 1070 1600 1113 aut
1619 1056 1800 1110 minus
1848 1054 2059 1113 accedit

487 1153 553 1205 ad
615 1151 806 1215 Deum,
864 1153 957 1205 .sic
1019 1151 1164 1206 inter
1221 1161 1417 1206 caetera
1472 1151 1666 1221 magis,
1722 1159 1817 1204 aut
1874 1149 2059 1204 minus

487 1242 718 1297 excellit.

560 1332 848 1386 liaeceum
877 1329 950 1384 ita
976 1346 1035 1385 se
1075 1329 1329 1395 habeant,
1371 1330 1571 1401 quibus
1610 1330 1874 1386 Dominus
1904 1331 2057 1386 cordi

484 1434 590 1489 σει,
626 1424 660 1477 ii
699 1424 962 1479 accedant
998 1423 1064 1476 ad
1098 1438 1219 1486 nos,
1254 1432 1311 1477 ut
1356 1439 1517 1477 unam
1554 1423 1608 1476 in
1642 1424 1815 1478 tribus
1846 1423 2056 1477 Divini—

487 1524 653 1567 tatem
721 1512 1034 1576 adoremus,
1103 1513 1241 1566 nihil
1319 1513 1617 1582 abjectum,
1696 1523 1792 1569 aut
1855 1514 2059 1569 humile

490 1603 713 1657 sublimi
762 1602 838 1657 illi
889 1603 1289 1673 inaccessaeque
1342 1603 1526 1672 gloriae
1564 1603 1927 1668 ascribentes,
1962 1603 2058 1658 sed

487 1693 762 1747 exeelsam
799 1693 963 1748 unius
998 1693 1090 1748 Dei
1124 1694 1465 1765 majestatem
1501 1693 1554 1746 in
1601 1693 1775 1748 tribus
1807 1694 2058 1762 personis

2160 507 2460 577 Πνεύματι,
2495 506 2531 560 ἃ.
2566 510 2705 578 μήτε
2734 505 2907 570 οὕτως
2941 506 3187 575 ἀλλήλων
3217 507 3549 576 ἀπήρτηται,
3590 505 3733 560 ὥστε

2160 599 2321 667 φύσει
2354 598 2680 667 τέμνεσθαι,
2714 598 2852 666 μήτε
2888 594 3063 659 οὕτως
3089 595 3417 661 ὲστένωται,
3446 593 3521 659 ὡς
3552 597 3630 659 είς
3669 594 3730 648 ἓν

2160 690 2449 760 πρόσωπον
2474 688 2931 759 περιγράφεσθαι.
2954 688 3028 740 Τὸ
3054 687 3152 756 μὲν
3172 686 3278 758 γὰρ
3305 687 3402 757 τῆς
3444 687 3730 757 Ἀρειανῆς

2164 781 2378 851 μανίας,
2409 782 2468 833 τὸ
2512 780 2571 834 δὲ
2612 782 2711 850 τῆς
2758 778 3120 848 Σαϐελλιαιιῆς
3155 778 3342 843 ἀθεϊας
3374 779 3542 835 ἐστίν.
3590 779 3730 832 Ἀλλ’

2158 875 2276 927 ἐστι
2329 874 2437 925 τῶν
2487 874 2588 943 μὲν
2647 872 2864 935 πάντως
2917 871 3208 941 διαιρετῶν
3255 870 3575 939 ὲνικώτερα,
3622 870 3731 922 τῶν

2158 967 2215 1019 δὲ
2244 966 2467 1029 τελείως
2490 963 2797 1035 μοναδικῶν
2821 962 3196 1032 ἀφθονώτερα.
3239 962 3304 1014 Ἦ
3333 962 3389 1016 δὲ
3422 960 3543 1029 μεθ’
3574 960 3731 1028 ἡμῶν

2158 1074 2217 1110 τε
2288 1052 2403 1109 ἐστι
2460 1056 2553 1110 καὶ
2611 1054 2857 1109 καλεῖται
2925 1054 3141 1118 κτίσις,
3200 1053 3304 1106 κᾶν
3362 1052 3498 1106 ἄλλα
3556 1052 3732 1106 ἄλλων

2161 1147 2436 1218 ὑπεραίρῃ
2478 1146 2622 1200 κατά
2664 1146 2763 1216 τὴν
2797 1145 3090 1213 ἀναλογίαν
3134 1144 3234 1213 τῆς
3278 1143 3413 1215 πρὸς
3456 1144 3588 1198 Θεὸν
3639 1145 3731 1212 ὲγ-

2161 1240 2420 1309 γύτητος.

2231 1329 2451 1381 Τούτων
2478 1327 2535 1380 δὲ
2560 1327 2733 1391 οὕτως
2760 1327 3013 1395 ἑχόντων,
3045 1326 3152 1396 ὅτῳ
3184 1325 3283 1395 μὲν
3314 1326 3346 1396 ἡ
3371 1326 3565 1395 καρδία
3598 1328 3735 1397 πρὸς

2162 1411 2386 1488 Κύριον,
2423 1420 2519 1470 ἴτω
2556 1418 2672 1487 μεθ’
2703 1418 2879 1488 ἡμῶν,
2913 1419 3006 1471 καὶ
3038 1419 3439 1493 προσκυνῷμεν
3470 1420 3569 1489 τὴν
3603 1421 3733 1488 μίαν

2162 1512 2218 1562 ἐν
2244 1513 2353 1570 τοῖς
2390 1511 2537 1577 τρισὶ
2561 1510 2823 1579 Θεότητα,
2850 1506 3015 1579 μηδὲν
3043 1509 3431 1580 ταπεινότητος
3458 1511 3630 1580 ὄνομα
3664 1516 3731 1583 τῇ

2160 1603 2445 1674 ἀπροσίτῳ
2480 1601 2607 1672 δόξῃ
2639 1604 3031 1671 προσάγοντες,
3063 1602 3199 1656 ἀλλά
3230 1602 3328 1666 τὰς
3364 1602 3603 1672 iiii/(Last;
3636 1604 3733 1657 τοῦ

2160 1693 2277 1754 ὲνὲς
2316 1692 2451 1745 Θεοῦ
2487 1694 2543 1746 ἐν
2579 1694 2690 1754 τοῖς
2722 1695 2867 1762 τρισὶ
2897 1694 2983 1746 διά
3027 1694 3229 1756 παντὸς
3272 1694 3329 1746 ὲν
3370 1693 3448 1763 τῷ
3497 1694 3733 1765 λάρυγγι

489 1785 779 1853 perpetuis
814 1784 1092 1849 laudibus,
1133 1793 1189 1838 et
1210 1760 1331 1837 uno
1364 1799 1458 1838 ore
1507 1760 1871 1839 celebrantes.
1908 1783 2056 1850 Quo-

2162 1784 2438 1854 φέροντες.
2491 1778 2598 1847 Ἦς
2649 1760 2770 1855 γὰρὴ
2811 1786 2932 1839 οὐδὲ
2986 1785 3215 1856 μέγεθος
3265 1760 3479 1855 φύσεως
3527 1760 3734 1855 κυρίως

488 1877 651 1932 modo
724 1877 873 1931 enim
952 1876 1003 1932 ei
1077 1885 1304 1939 natura),
1381 1876 1539 1946 cujus
1616 1874 2059 1946 amplitudinem,

485 1969 745 2041 quoniam
794 1969 1065 2024 immensa
1117 1968 1439 2037 inﬁnitaque
1495 1976 1600 2032 est,
1641 1966 1915 2036 explicare
1950 1982 2058 2021 non

488 2075 803 2130 possumus,
836 2059 1135 2130 quidquam
1162 2059 1462 2128 abjectum,
1488 2067 1584 2112 aut
1610 2056 1817 2132 humile
1849 2056 2060 2111 tribue-

490 2170 535 2209 ιιι
547 2168 610 2206 us
630 2153 652 2207 ?
672 2152 932 2220 Quisquis
955 2159 1141 2206 autem
1161 2150 1318 2205 aliter
1339 2149 1505 2205 sentit
1524 2150 1590 2205 de
1620 2149 1751 2214 Deo,
1776 2156 1835 2204 et
1854 2147 2059 2203 idcirco

489 2243 990 2313 praestautissimam
1038 2243 1157 2312 ejus
1201 2243 1493 2297 essentiam
1522 2242 1577 2295 in
1608 2252 1834 2297 naturas
1862 2240 2061 2295 scindit

478 2333 808 2404 inaequales,
863 2334 910 2388 is
935 2333 982 2388 si
1017 2333 1201 2389 divino
1230 2332 1410 2403 gladio
1436 2331 1818 2396 dissecabitur,
1847 2339 1904 2386 et
1932 2345 2060 2402 pars

492 2427 666 2494 ipsius
716 2435 953 2495 ponetur
1008 2440 1137 2480 eum
1191 2425 1521 2487 inﬁdelibus,
1576 2434 1631 2478 et
1685 2437 1833 2477 nunc
1890 2431 1945 2477 ct
2002 2422 2059 2478 in

490 2523 766 2585 posterum
792 2513 1019 2568 acerbos
1044 2529 1226 2584 pravas
1245 2514 1520 2585 Opinionis
1539 2512 1751 2568 fructus
1774 2509 2058 2583 percipiat,

490 2604 717 2660 minime
750 2602 851 2656 erit
882 2602 1281 2657 admirandum.

561 2698 637 2748 Ac
672 2695 740 2749 de
770 2692 930 2747 Patre
962 2692 1184 2760 quidem
1224 2693 1362 2747 nihil
1419 2694 1619 2746 attinet
1656 2692 1863 2758 dicere,
1907 2691 2061 2762 cujus

490 2787 558 2843 ab
608 2786 871 2841 omnibus
918 2785 1009 2852 qui
1056 2784 1295 2838 naturali
1356 2785 1668 2856 cognitione
1701 2794 1755 2839 et
1783 2784 2059 2837 communi

490 2890 655 2931 sensu
705 2873 917 2943 praediti
956 2879 1105 2932 sunt,
1141 2872 1441 2941 amplitudo
1487 2872 1832 2937 conceditur,
1883 2886 2061 2939 quan-

486 2980 649 3033 quam
675 2962 987 3032 ignominia:
1011 2960 1216 3030 primas
1244 2961 1358 3029 ipse
1390 2961 1532 3026 tulit,
1568 2976 1691 3016 cum
1723 2975 1752 3015 a
1786 2961 2077 3017 veteribus.

489 3057 593 3109 illis
616 3070 878 3109 novarum
914 3070 1096 3107 rerum
1127 3051 1387 3107 studiosis
1421 3053 1476 3106 in
1509 3053 1712 3108 bonum
1746 3063 1801 3108 et
1858 3053 2058 3108 malum

486 3148 736 3216 epilicem
779 3146 987 3200 divisus
1040 3154 1145 3200 est.
1198 3142 1269 3199 De
1320 3143 1456 3199 Filio
1529 3155 1712 3199 autem
1753 3156 1806 3201 et
1850 3145 2058 3215 Spiritu

488 3249 680 3292 sancto
740 3237 936 3299 videte,
999 3250 1161 3304 quam
1229 3233 1463 3303 simplici
1511 3241 1567 3287 et
1627 3234 1779 3287 brevi
1848 3235 2060 3287 ratione

490 3331 847 3392 disseramus,
880 3329 924 3381 si
976 3328 1101 3395 quis
1148 3326 1350 3394 poterit
1380 3324 1582 3394 aliquid
1619 3326 1671 3378 in
1724 3325 1808 3377 liis
1860 3326 2058 3393 depre-

488 3420 752 3480 hendere,
802 3419 946 3487 quod
1000 3416 1198 3470 inverti
1258 3414 1654 3469 commutarive
1682 3422 1883 3483 queat;
1915 3412 2061 3482 quod

489 3510 772 3580 temporis,
824 3516 919 3561 aut
983 3508 1113 3571 loci,
1168 3515 1263 3560 aut
1325 3506 1632 3575 potestatis,
1689 3513 1785 3559 aut
1831 3505 2065 3560 actionis

486 3603 669 3671 aliquo
724 3601 852 3663 line,
906 3607 999 3653 aut
1051 3608 1308 3653 mensura
1379 3596 1897 3666 comprehendatur,
1956 3596 2062 3651 nisi

491 3698 669 3764 ipsum
711 3702 901 3745 natura
945 3692 1173 3754 bonum,
1232 3690 1337 3743 nisi
1406 3698 1607 3758 sponte
1660 3702 1759 3744 sua
1809 3689 2062 3754 mobiles,

492 3787 595 3839 nisi
630 3785 874 3854 ejusdem
915 3782 1191 3845 essentize,
1224 3782 1331 3834 nisi
1375 3782 1660 3842 adorandi,
1707 3780 1812 3834 nisi
1858 3780 2073 3835 collau~

490 3876 678 3938 dandi,
708 3873 811 3927 nisi
847 3872 1164 3933 venerandi,
1192 3870 1297 3923 nisi
1327 3870 1522 3923 eodem
1558 3883 1790 3923 numero
1823 3868 2069 3923 habendi

492 3968 661 4037 plane
696 3965 1049 4028 videbuntur,
1116 3962 1168 4016 id
1234 3960 1623 4031 comprobetur
1667 3970 1831 4031 atque
1875 3970 2069 4016 esten--

488 4063 670 4123 datur,
714 4072 819 4112 nee
865 4057 1093 4111 verbum
1126 4053 1341 4118 faciam,
1371 4052 1507 4122 quin
1532 4052 1822 4108 sententiae
1865 4062 2067 4109 vestra

486 4151 898 4220 acquiescentes
948 4161 1047 4202 eos
1092 4155 1487 4223 conservorum
1538 4145 1749 4200 honore
1796 4146 2065 4201 colendos

493 4257 618 4297 esse
663 4240 957 4299 fateamur,
1012 4239 1142 4291 licet
1185 4251 1253 4290 eo
1304 4236 1531 4290 nomine
1579 4237 1637 4289 in
1687 4236 1775 4290 his
1815 4236 2066 4292 facienda

494 4335 571 4387 sit
603 4331 919 4385 Divinitatis
946 4330 1179 4399 jactura,
1207 4327 1293 4381 sin
1316 4326 1521 4391 omnia,
1548 4341 1670 4396 qua
1691 4326 1853 4381 Pater
1876 4328 2063 4395 habet,

494 4424 616 4478 Filii
646 4430 797 4487 sunt,
820 4428 1071 4489 excepto,
1098 4426 1246 4489 quod
1288 4417 1459 4472 Filius
1484 4432 1595 4472 non
1627 4427 1715 4473 est
1747 4419 2061 4487 ingenitus:

487 4524 544 4571 et
593 4526 936 4585 quaecunque
987 4519 1118 4569 sunt
1177 4509 1325 4577 Filii,
1378 4520 1511 4566 sunt
1569 4510 1734 4565 etiam
1778 4511 2063 4581 Spiritus,

487 4617 686 4676 prater
724 4620 892 4659 unum
946 4604 1023 4668 id,
1075 4603 1221 4673 quod
1265 4602 1507 4673 Spiritus
1540 4617 1652 4657 non
1689 4612 1776 4659 est
1819 4605 2059 4674 genitus.

486 4697 767 4767 Quidquid
819 4707 1002 4751 autem
1045 4695 1115 4750 de
1154 4692 1295 4749 Filio
1324 4694 1545 4759 dicitur,
1583 4695 1725 4762 quod
1762 4694 1829 4749 ad
1861 4709 2061 4766 corpus

486 4799 717 4856 spectet,
779 4788 831 4842 id
863 4787 937 4841 ad
998 4793 1344 4856 assumptum
1398 4783 1635 4855 pertinet
1682 4785 1959 4840 hominem
2006 4795 2061 4840 et

2161 1877 2308 1929 ἐστιν
2338 1878 2510 1930 εἰπεῖν
2539 1877 2627 1930 διά
2652 1876 2712 1930 τὸ
2741 1877 2967 1944 ἄπειρον
2995 1880 3089 1932 καὶ
3114 1879 3385 1949 ἀόριστον,
3417 1880 3535 1944 πῶς
3559 1884 3735 1955 ταύτῃ

2158 1968 2525 2037 ταπεινότητα
2556 1967 2916 2037 ὲπεισάξομεν
2942 1986 2955 2035 ;
2991 1970 3181 2034 Ὅστις
3213 1970 3271 2023 δὲ
3302 1970 3597 2041 ἀλλοτρίως
3620 1972 3734 2042 ἔχει

2160 2056 2317 2121 Θεοῦ,
2346 2057 2440 2110 καὶ
2462 2056 2549 2110 διά
2579 2058 2735 2112 τοῦτο
2763 2061 2950 2126 τέμνει
2971 2062 3069 2130 τὴν
3102 2061 3228 2128 μίαν
3261 2060 3355 2114 καὶ
3388 2061 3527 2131 ὑπὲρ
3555 2062 3735 2114 πάντα

2159 2148 2229 2202 τά
2258 2148 2385 2203 ὄντα
2411 2150 2597 2224 οὴσίαν
2627 2152 2707 2215 είς
2731 2151 3029 2224 ἀνισότητα
3061 2152 3310 2221 φύσεων,
3345 2142 3656 2222 θαυμαστὸν
3684 2152 3735 2205 εί

2164 2238 2240 2310 μὴ
2285 2240 2353 2311 τῇ
2394 2240 2640 2310 ῥομφαίᾳ
2682 2240 3068 2313 τμηθήσεται,
3115 2243 3209 2296 καὶ
3249 2242 3311 2295 τὸ
3357 2243 3522 2313 μέρος
3565 2241 3732 2296 αὑτοῦ

2163 2330 2298 2409 μετά
2342 2332 2450 2384 τῶν
2478 2333 2721 2386 ἀπίστων
2763 2335 3070 2406 τεθήσεται,
3114 2334 3350 2405 πονηρὸν
3397 2333 3731 2406 δρεπομένου

2162 2424 2406 2493 πονηρᾶς
2436 2423 2594 2495 δόξης
2626 2424 2838 2495 καρπὸν
2867 2428 2960 2480 καὶ
2987 2425 3081 2480 νῦν
3101 2465 3119 2493 ,
3148 2428 3235 2480 καὶ
3272 2426 3520 2497 ὕστερον.

2231 2682 2369 2753 Περὶ
2409 2682 2509 2753 μὲν
2538 2683 2649 2753 γὰρ
2686 2682 2779 2737 τοῦ
2820 2685 3033 2754 Πατρὸς
3061 2686 3118 2738 τί
3147 2687 3255 2760 χρὴ
3291 2693 3383 2740 καὶ
3416 2687 3635 2756 λέγειν;
3672 2682 3734 2742 οῦ

2161 2774 2254 2827 καὶ
2292 2775 2353 2826 τὸ
2394 2774 2547 2846 παρά
2588 2775 2805 2830 πάντων
2847 2780 3272 2849 συγκεχωρηκὸς
3311 2781 3573 2849 φείδεται.
3612 2785 3733 2846 ταῖς

2161 2868 2421 2934 φυσικαῖς
2470 2867 2701 2931 ἐννοίαις
2748 2870 3328 2942 προκατειλημμένων,
3381 2874 3430 2925 εί
3482 2874 3577 2925 καὶ
3628 2874 3727 2942 τῆς

2162 2956 2385 3026 ἀτιμίας
2417 2958 2485 3013 τά
2532 2960 2722 3031 πρῶτα
2751 2960 3042 3030 ⁴Ιγνέγκατο,
3086 2963 3300 3031 πρῶτος
3348 2965 3598 3036 τιμηθεὶς
3654 2966 3733 3028 είς

2163 3050 2370 3121 ἀγαθὸν
2412 3052 2508 3105 καὶ
2537 3051 2872 3122 δημιουργὸν
2916 3050 3066 3124 παρὰ
3096 3055 3196 3124 τῆς
3227 3056 3461 3125 ἀρχαίας
3494 3074 3737 3110 καινοτοο

2164 3145 2335 3214 μίαςο
2380 3145 2507 3213 περὶ
2540 3142 2596 3195 δὲ
2642 3142 2735 3196 τοῦ
2779 3143 2908 3197 Υίοῦ
2938 3145 3029 3199 καὶ
3072 3136 3166 3199 τοῦ
3210 3146 3366 3213 ἀγίου
3418 3149 3736 3217 ῐῐνεύματος

2162 3236 2415 3288 σκοπεῖτε
2442 3275 2456 3297 ,
2487 3235 2561 3297 ὡς
2596 3234 2778 3297 ἁπλῶς
2811 3237 2905 3288 καὶ
2942 3237 3221 3306 συντόμως
3261 3238 3639 3309 διαλεξόμεθα.
3673 3242 3736 3294 El

2142 3325 2263 3395 -μέν
2291 3342 2373 3388 τις
2404 3324 2516 3395 ἔχοι
2547 3325 2752 3379 τούτων
2784 3342 2836 3379 τι
2870 3325 3049 3394 λέγειν
3069 3329 3322 3398 τρεπτὸν,
3358 3330 3389 3399 ἢ
3423 3332 3737 3397 ἀλλοιωτὸν,

2160 3418 2193 3487 ἦ
2224 3424 2418 3488 χρόνῳ,
2453 3416 2488 3488 ἢ
2520 3418 2729 3486 τρόπῳ,
2757 3418 2789 3488 ἢ
2813 3418 3057 3488 δυνάμει,
3087 3421 3119 3490 ἢ
3152 3420 3400 3491 ἐνεργείᾳ⁴
3438 3423 3740 3493 μετρούμε-

2161 3524 2273 3573 νον,
2301 3508 2334 3578 ἦ
2360 3508 2423 3559 οὐ
2454 3507 2699 3576 φυσικῶς
2718 3509 2947 3577 ἀγαθὸν,
2974 3510 3008 3581 ἢ
3037 3511 3138 3565 οὐκ
3171 3512 3545 3584 αὐτοκίνητον,
3574 3514 3605 3583 ἢ
3635 3516 3737 3569 οὐκ

2164 3596 2530 3663 αὐτεξούσιον,
2556 3597 2588 3668 ἢ
2616 3597 2951 3665 λειτουργὸν,
2976 3599 3008 3669 ἢ
3037 3600 3299 3670 ὑμνῳδὸν,
3324 3601 3356 3671 ἢ
3383 3603 3736 3673 φοϐούμενον,

2163 3690 2199 3760 ἢ
2226 3688 2700 3760 ἑλευθερούμενον,
2730 3690 2764 3761 ἢ
2803 3690 2865 3743 οὐ
2903 3690 3405 3761 συναριθμούμενον
3427 3711 3443 3725 ο
3473 3694 3740 3749 δεικνύτω

2163 3781 2341 3847 τοῦτο,
2394 3783 2487 3834 καὶ
2532 3784 2696 3852 ἡμεῖς
2742 3781 3037 3852 στέρξομεν
3093 3784 3390 3838 συνδούλων
3446 3786 3739 3855 σεμνότητι

2163 3873 2541 3944 δοξαζόμενοι,
2577 3874 2628 3926 τί
2660 3873 2756 3928 καὶ
2784 3874 2918 3926 Θεὸν
2955 3874 3300 3944 ζημιούμεθα
3328 3889 3342 3903 ·
3377 3876 3425 3928 εί
3462 3877 3520 3929 δὲ
3563 3877 3741 3931 πάντα

2164 3968 2264 4021 ὅσα
2310 3965 2423 4037 εχει
2454 3969 2483 4021 ό
2521 3966 2732 4037 Πατὴρ,
2760 3965 2854 4020 τοῦ
2895 3966 3029 4021 Υίοῦ
3062 3971 3180 4021 ἐστι
3215 3966 3351 4039 πλὴν
3380 3968 3483 4037 τῆς
3511 3971 3744 4040 ἀγεννη-

2167 4058 2310 4125 σίας,
2343 4058 2521 4113 πάντα
2547 4058 2604 4113 δὲ
2645 4059 2746 4112 ὅσα
2784 4058 2879 4112 τοῦ
2934 4058 3084 4123 Υίοῦ,
3131 4061 3226 4114 καὶ
3277 4058 3373 4113 τοῦ
3422 4060 3739 4130 Ηνεύματος

2166 4149 2306 4220 πλὴν
2349 4151 2449 4219 τῆς
2489 4150 2757 4219 υίότητος,
2799 4151 2891 4203 καὶ
2930 4152 3040 4204 τῶν
3086 4151 3186 4204 ὅσα
3238 4151 3567 4220 σωματικῶς
3612 4152 3741 4220 περὶ

2167 4240 2334 4296 αὑτοῦ
2382 4241 2602 4309 λέγεται
2671 4240 2761 4295 διὰ
2812 4242 2905 4296 τὸν
2948 4242 3080 4313 ἐμὸν
3129 4241 3437 4312 ἄνθρωπον,
3496 4244 3590 4297 καὶ
3640 4243 3742 4311 τὴν

2168 4332 2309 4402 ἐμὴν
2360 4334 2635 4403 σωτηρίαν
2659 4374 2673 4399 ,
2726 4334 2815 4388 ἵνα
2867 4334 2931 4388 τὸ
2988 4335 3120 4404 ἐμὸν
3180 4334 3363 4387 λαϐὼν
3424 4334 3487 4387 τὸ
3546 4334 3741 4388 εαυτοῦ

2168 4424 2460 4496 χαρίσηται
2501 4425 2591 4478 διὰ
2630 4426 2729 4491 τῆς
2778 4426 2968 4495 καινῆς
3014 4427 3371 4496 ἀνακράσεως
3396 4442 3410 4457 ·
3458 4424 3742 4479 παύσασθε

2167 4515 2631 4586 παραληροῦντες.
2710 4515 2837 4587 Ὀψὲ
2907 4517 3059 4586 γοῦν,
3135 4512 3180 4572 ὦ
3244 4521 3495 4586 σοφισταὶ
3546 4518 3743 4572 κοινῖιν

2168 4608 2430 4678 ῥημάτων
2489 4609 2654 4663 αὐτοῦ
2713 4610 3056 4677 πιπτόντων,
3112 4610 3205 4665 καὶ
3259 4609 3344 4663 ἵνα
3405 4609 3458 4662 τι
3506 4607 3743 4677 ἀποθνιή-

2171 4715 2362 4769 σκητε,
2399 4694 2546 4764 οἶκος
2607 4699 2856 4771 Ἰσραὴλ,
2903 4700 2968 4752 ἶν’
3028 4704 3092 4756 ὲκ
3162 4702 3259 4772 τῆς
3324 4701 3549 4772 Γραφῆς
3600 4699 3741 4769 ὑμᾶς

2168 4790 2451 4860 ὀδύρωμαι
2482 4809 2496 4857 ;

482 4886 723 4939 salutem
789 4893 1056 4948 nostram,
1136 4898 1262 4938 cum
1316 4882 1397 4948 id,
1461 4879 1612 4951 quod
1677 4890 1927 4936 nostrum
1977 4891 2117 4951 erat,
2172 4887 2555 4957 assumpserit,
2608 4896 2668 4942 ut
2720 4901 2860 4941 nova
2916 4886 3305 4957 conjunctione
3347 4886 3542 4954 nobis,
3596 4885 3739 4957 quod

486 4998 647 5037 suum
694 4990 811 5036 erat
855 4981 1204 5049 elargiretur.
1271 4977 1515 5033 Desinite
1545 4977 1764 5032 tandem
1797 4977 2089 5047 aliquando
2150 4980 2405 5049 delirare,
2449 4981 2695 5038 inanium
2734 4982 3025 5038 verborum
3054 4993 3110 5037 et
3141 4998 3239 5038 nos
3271 4983 3341 5037 ab
3390 4982 3511 5054 ipso
3553 4982 3743 5054 depel-

489 5074 715 5127 lentium
770 5073 1085 5129 inventores.
1150 5071 1223 5129 Ut
1288 5070 1421 5141 quid
1477 5068 1761 5140 deperitis,
1802 5082 1837 5123 o
1896 5068 2095 5125 domus

480 5166 770 5234 deplorem
791 5165 817 5219 ?

560 5261 806 5313 Veneror
841 5257 1098 5326 equidem
1118 5256 1243 5311 Filii
1272 5256 1665 5326 appellationes
1721 5265 1831 5312 tam
1858 5255 2060 5311 multas

482 5362 715 5422 tamque
781 5350 1044 5411 sublimes
1100 5359 1161 5404 et
1241 5364 1506 5420 magnas,
1576 5366 1713 5420 quas
1786 5352 2060 5404 dazmones

488 5456 708 5512 quoque
772 5441 1188 5512 pertimescunt.
1268 5438 1515 5494 Veneror
1586 5441 1720 5495 item
1794 5439 2058 5507 aqualem

488 5531 732 5600 Spiritus
785 5533 958 5587 sancti
1016 5531 1363 5600 dignitatem,
1416 5530 1514 5585 sed
1568 5531 1747 5585 minas
1798 5530 2059 5584 adversus

482 5621 632 5685 illos,
668 5623 759 5691 qui
794 5624 1055 5691 Spiritum
1090 5622 1270 5691 ipsum
1312 5626 1691 5684 exsecrantur,
1738 5616 2055 5673 reformido.

480 5709 805 5767 Emcratio
838 5713 985 5766 enim
1017 5722 1123 5779 est,
1162 5729 1269 5769 non
1313 5711 1606 5781 theologia,
1639 5725 1762 5780 qua:
1789 5708 2053 5779 Spiritum

2179 5072 2417 5136 lsraelis,
2496 5081 2555 5126 ut
2628 5071 2926 5143 Scriptum
3001 5073 3183 5128 verbis
3254 5072 3429 5128 vicem
3507 5082 3741 5128 vestram

2243 5248 2335 5314 Ὣς
2368 5250 2546 5319 ἔγωγε
2584 5250 2837 5321 αἰδοῦμαι
2869 5251 2969 5321 μὲν
3000 5250 3097 5314 τάς
3132 5250 3226 5305 τοῦ
3258 5253 3433 5324 Λόγου
3462 5273 3743 5328 προσηγο-

2168 5342 2294 5413 ρίας
2342 5339 2612 5402 τοσαύτας
2669 5357 2728 5393 τε
2778 5341 2965 5405 οὔσας,
3014 5341 3109 5394 καὶ
3160 5341 3333 5407 οὕτως
3384 5343 3596 5415 ὑψηλὰς
3647 5346 3745 5398 καὶ

2170 5433 2451 5501 μεγάλας,
2492 5432 2555 5495 ἀς
2595 5436 2687 5486 καὶ
2729 5432 2981 5504 δαίμονες
3022 5435 3437 5505 ὲνετράπησανο
3484 5436 3744 5508 αἰδοῦμαι

2165 5526 2221 5583 δὲ
2255 5523 2352 5594 τὴν
2386 5525 2678 5594 ὁμοτιμίαν
2705 5527 2798 5578 τοῦ
2840 5526 3156 5596 Πνεύματος
3185 5542 3198 5555 θ
3238 5526 3513 5597 φοόοῦμαι
3546 5529 3604 5582 δὲ
3642 5532 3743 5600 τὴν

2164 5616 2479 5688 ὡρισμένην
2541 5617 2772 5687 ἀπειλὴν
2835 5620 2948 5681 τοῖς
3005 5621 3087 5683 είς
3143 5620 3276 5673 αὐτὸ
3332 5619 3741 5690 βλασφημοῦσι.

2162 5706 2489 5778 Βλασφημία
2524 5707 2578 5761 δὲ
2609 5708 2706 5779 οὐχ
2734 5711 2769 5780 ἠ
2805 5709 3049 5781 θεολογία
3069 5752 3083 5777 ,
3119 5712 3178 5765 τὸ
3206 5711 3260 5764 δὲ
3293 5710 3607 5781 ἀλλοτριοῦν
3640 5710 3744 5780 τῆς
