4094 6286
441 270 511 332 77
1437 272 1808 331 PANOPLIA
1850 270 2310 335 DOGMATICA.
2342 302 2411 315 -
2448 277 2596 338 TlT.
2635 277 2719 338 Il.

3617 283 3688 345 73

442 377 720 444 θεότητος,
771 368 867 430 καὶ
908 375 1176 447 τηρητέον
1229 375 1481 444 ἐνταῦθα,
1513 380 1597 433 ὅτι
1628 381 1688 434 τὺ
1721 381 1821 452 μὶν
1860 381 2013 451 βλασ-

2123 399 2153 438 a
2207 384 2489 442 divinitate
2509 394 2801 442 remotum
2832 386 3037 442 statuit.
3066 385 3201 442 [Πιιά
3258 397 3440 443 autem
3470 388 3561 445 hic
3606 400 3690 447 est

439 468 797 537 φημούμενον
836 469 864 520 ὁ
914 468 1116 537 Κύριος
1167 463 1259 539 ἦν,
1308 470 1370 521 τὸ
1409 470 1465 523 δὲ
1515 470 1899 541 διιδικούμενον
1953 471 2033 525 τὸ.

441 560 675 629 Πνεῦμα
718 559 780 612 τὸ
836 558 1011 627 ᾰγιον,
1061 559 1137 622 ὡς
1168 560 1392 631 Κύριος,
1434 561 1497 614 οὐ
1530 562 1682 632 φέρω
1714 562 2017 631 ἀφώτιστος

440 647 582 703 εἷται
610 648 750 719 μετὰ
773 649 833 701 τὸ
855 648 1133 720 φώτισμα,
1155 651 1597 722 παραχαράσσων
1615 670 1670 706 τι
1689 653 1797 706 τῶν
1823 655 2013 725 τριῶν,

438 744 520 803 εἰς
552 740 588 794 ἃ
628 740 1020 809 βεδάπτισμαι,
1058 740 1153 794 καὶ
1193 739 1367 804 οὕτως
1404 744 1701 812 ἐνταφῆναι
1734 743 1815 814 τῷ
1861 744 2017 799 ὕδατι

437 834 543 886 οὐκ
587 832 667 895 εἰς
723 829 1107 911 άναγέννησιν,
1162 831 1282 887 ἀλλ’
1328 833 1410 897 sic
1462 834 1736 905 νέκρωσιν
1779 833 2021 889 relumi-

442 942 626 998 μενος.

512 1131 709 1201 Τολμῶ
729 1148 783 1183 τι
818 1127 1178 1200 φθέγξασθαι,
1211 1121 1257 1182 ὧ
1282 1127 1474 1194 Τριὰς,
1502 1128 1596 1181 καὶ
1626 1125 1924 1200 συγγνώμη
1946 1130 2012 1199 τῇ

437 1221 667 1292 ἀπονοίᾳ
688 1242 705 1257 -
738 1221 869 1290 περὶ
896 1219 1075 1289 ψυχῆς
1108 1218 1217 1288 γὰρ
1242 1219 1272 1270 ό
1296 1218 1555 1279 κίνδυνος.
1586 1217 1763 1271 Etitth
1786 1219 1900 1287 εἰμι
1922 1219 2017 1272 καὶ

437 1316 603 1377 αὐτὸς
652 1312 788 1366 Θεοῦ
824 1312 926 1380 τῆς
962 1311 1075 1365 ἅνω
1106 1310 1296 1379 δόξης,
1325 1312 1375 1363 εἰ
1421 1309 1519 1363 καὶ
1560 1311 1711 1364 κάτω
1743 1309 2011 1381 τέθειμαι.

437 1408 513 1460 Οὐ
557 1404 815 1474 πείθομαι
847 1403 925 1472 τῷ
964 1401 1213 1473 ὁμοτίμῳ
1251 1401 1639 1465 σώζεσθαι.,Εἰ
1681 1402 1755 1471 μὴ
1785 1401 1918 1465 Θεὸς
1954 1402 2015 1455 τδ

439 1499 668 1566 Πνεῦμα
693 1496 754 1549 τὸ
776 1493 1234 1563 ἆγιον,’θεωθήτω
1265 1493 1499 1562 πρῶτον,
1526 1491 1620 1546 καὶ
1639 1490 1782 1546 οὕτω
1811 1492 2015 1546 θεούτω

441 1607 511 1661 με
551 1588 643 1641 τὸν
671 1587 952 1657 ὁμότιμον.
990 1584 1106 1638 Νῦν
1136 1583 1192 1637 δὲ
1224 1583 1309 1647 τις
1337 1585 1369 1655 ή
1401 1582 1585 1653 ἀπάτη
1623 1583 1722 1652 τῆς
1755 1582 2013 1655 χάριτος,

443 1681 645 1753 μᾶλλον
691 1679 747 1732 δὲ
794 1677 904 1731 τῶν
944 1676 1194 1730 διδόντων
1238 1676 1337 1744 τὴν
1392 1675 1574 1745 χάριν,
1612 1674 1690 1738 ὼς
1745 1675 1826 1738 εἰς
1880 1673 2015 1729 Θεὸν

435 1771 728 1827 πιστεῦσαι
750 1809 764 1833 ,
798 1770 895 1824 καὶ
928 1768 1172 1823 ἀνελθεῖν
1204 1766 1400 1833 ἄθεονς
1440 1767 1604 1820 ’Δλλο
1635 1767 2015 1836 καθομολογῆ-

436 1880 549 1931 σαι,
574 1863 668 1916 καὶ
696 1862 825 1915 ἄλλο
847 1859 1224 1926 διδάσκεσθαι;
1250 1853 1373 1911 Οἷαι
1392 1858 1508 1910 ’τῶν
1528 1858 1701 1924 λόγων
1718 1857 1777 1909 αἱ
1797 1856 2013 1923 κλοπαὶ,

435 1956 530 2008 καὶ
562 1954 769 2009 ἀπάται
802 1951 870 2005 δι’
895 1951 1062 2020 ἄλλης
1098 1951 1421 2021 ἐρωτήσεως
1442 1990 1458 2016 ,
1489 1949 1583 2002 καὶ
1615 1948 1905 2019 ὁμολογίας
1936 1949 2015 2012 εἰς

434 2047 564 2101 ἄλλο
604 2049 908 2116 φέρουσαις
943 2042 1102 2113 Οῐμοι
1134 2043 1231 2112 τῆς
1261 2041 1669 2112 λαμπρότητοςι
1705 2041 1752 2094 εἰ
1787 2039 1928 2111 μετὰ
1956 2038 2016 2094 τὺ

434 2137 659 2208 λουτρὸν
706 2135 1096 2206 μεμελάνωμαι
1122 2149 1135 2163 ·
1178 2135 1226 2185 εξ
1273 2132 1688 2203 λαμπροτέρους
1730 2133 1840 2202 δρῶ
1889 2132 2015 2195 τοὺς

436 2230 590 2282 οῦπω
624 2226 1071 2298 κεκαθαρμένους
1099 2239 1113 2256 ·
1155 2226 1202 2277 εἰ
1231 2226 1297 2294 τῇ
1317 2224 1409 2276 τοῦ
1437 2222 1742 2276 Βαπτιστοῦ
1777 2221 2011 2275 κακοδο-

440 2321 530 2389 ξίᾳ.
563 2318 863 2387 κυὸεὐομαι
889 2334 902 2347 ·
942 2319 989 2370 εἰ
1028 2314 1174 2387 ζητῶ
1210 2314 1433 2384 Πνεῦμα
1469 2316 1753 2383 κρεῖττον,
1789 2312 1884 2365 καὶ
1915 2312 2014 2380 οὐχ

438 2413 697 2482 εὑρίσκω.
745 2410 842 2472 Δός
888 2426 978 2477 μοι
1027 2407 1249 2476 λουτρὸν
1292 2405 1563 2475 δεύτερον,
1608 2405 1704 2457 καὶ
1752 2402 1882 2474 περὶ
1918 2401 2013 2455 τοῦ

441 2502 658 2572 πρώτου
685 2501 871 2564 κακῶς
901 2502 1174 2569 ἐννόησον.
1210 2497 1275 2550 Ti
1305 2514 1394 2567 μοι
1426 2495 1640 2565 φθονεῖς
1667 2494 1770 2563 τῆς
1799 2493 2014 2556 τελείας

434 2593 853 2664 ἀναγεννήσεως
883 2608 897 2657 ;
931 2592 995 2643 Τί
1022 2606 1087 2661 με
1119 2592 1291 2653 ποιεῖς
1318 2588 1442 2642 ναδν
1472 2588 1601 2640 ὄντα
1633 2585 1725 2640 τοῦ
1758 2583 2013 2653 Πνεύμα-

433 2703 525 2750 τος
569 2686 644 2747 ὡς
679 2684 815 2737 Θεοῦ
855 2682 1276 2752 κατοικητήριον
1319 2681 1652 2749 κτίσματος;
1698 2677 1766 2729 Τί
1805 2676 1865 2729 τὸ
1911 2675 2011 2745 μὲν

436 2779 604 2848 τιμᾷς
645 2776 754 2830 τῶν
799 2774 970 2845 ἐμῶν,
1021 2773 1081 2826 τὸ
1118 2773 1175 2827 δὲ
1219 2772 1529 2841 ἀτιμάζεις,
1570 2768 1757 2830 κακῶς
1794 2767 2012 2836 θεότητι

434 2867 678 2931 διαιτῶν,
709 2865 776 2920 ἵν’
798 2866 921 2938 ἐμοὶ
948 2864 1123 2938 τέμῃς
1153 2864 1212 2916 τὸ
1233 2862 1500 2933 χάρισμα,
1535 2860 1736 2931 μᾶλλον
1763 2858 1820 2911 δὲ
1847 2855 2011 2910 αὐτὸν

435 2960 538 3029 ἐμὲ
569 2961 645 3030 τῷ
666 2958 1004 3030 χαρίσματι;
1040 2958 1109 3008 Ἢ
1139 2955 1198 3008 τὸ
1223 2957 1329 3008 πᾶν
1358 2958 1611 3023 τιμησον,
1644 2944 1689 3003 ὦ
1715 2948 1866 3003 καινὲ
1897 2947 2012 3000 θεο-

2116 475 2515 533 observandum
2534 517 2551 542 ,
2582 476 2728 546 quod
2764 491 2887 533 cum
2907 476 3169 531 Dominus
3204 477 3277 532 sit
3306 479 3371 541 is,
3402 480 3491 534 cui
3522 480 3692 535 male-

2116 567 2317 623 dicitur
2351 566 2614 638 Spiritus,
2646 576 2902 639 tanquam
2954 568 3216 624 Dominus
3247 569 3390 623 ultor
3448 571 3691 638 exsistit,

2116 655 2258 713 ferre
2312 673 2423 714 non
2455 674 2696 728 possum,
2730 667 2791 713 ut
2815 673 2999 715 verser
3056 658 3110 712 in
3155 658 3411 722 tenebris,
3471 668 3688 729 postea—

2116 764 2276 818 quam
2306 763 2426 804 sum
2457 748 2776 815 illustratus,
2815 758 2870 804 et
2895 764 2964 803 ex
2991 748 3184 812 tribus,
3219 748 3271 802 in
3304 763 3534 818 quorum
3572 764 3689 802 no-

2116 842 2266 896 mine
2292 840 2599 912 baptizatus
2628 856 2773 908 sum,
2802 840 3037 911 aliquem
3067 840 3331 894 minorem
3367 840 3564 903 dicam,
3628 849 3690 895 ut

2115 943 2243 985 vere
2264 929 2320 985 in
2359 944 2498 998 aqua
2524 931 2769 999 sepultus
2794 930 2921 999 sim,
2950 945 3062 986 non
3111 930 3181 986 ad
3216 933 3685 998 regenerationem

2114 1018 2382 1081 initiatus.
2405 1019 2501 1077 sed
2521 1021 2587 1076 ad
2610 1030 2859 1077 mortem.

2185 1128 2460 1185 Audacter
2485 1129 2684 1195 dicam,
2715 1145 2748 1186 o
2773 1128 3016 1187 Trinitas
3044 1137 3253 1198 sancta,
3310 1139 3369 1186 tu
3434 1148 3692 1202 arrogan-

2116 1218 2204 1274 tia:
2232 1218 2482 1290 ignoscas
2503 1233 2675 1275 meae:
2715 1233 2841 1273 nam
2872 1219 2940 1274 de
2973 1218 3167 1273 animae
3195 1220 3440 1289 periculo
3489 1221 3687 1291 agitur.

2116 1309 2231 1377 Ego
2251 1321 2465 1377 quoque
2525 1307 2703 1378 imago
2758 1322 2879 1363 sum
2939 1308 3034 1361 Dei
3082 1310 3426 1379 cmlestisque
3479 1310 3688 1381 gloria’,

2116 1399 2243 1454 licet
2275 1398 2327 1452 in
2357 1399 2515 1454 terris
2544 1399 2761 1469 dogam.
2784 1398 3148 1464 Quamobrem
3173 1401 3369 1455 adduci
3402 1417 3513 1455 non
3554 1417 3686 1471 pos-

2115 1506 2259 1555 sum,
2298 1489 2615 1557 utcredam,
2643 1506 2730 1545 me
2752 1506 2846 1561 per
2866 1491 3016 1545 illum
3044 1491 3134 1560 qui
3165 1492 3408 1561 ejusdem
3444 1493 3516 1547 sit
3557 1502 3690 1548 con-

2114 1582 2358 1646 ditionis,
2394 1597 2502 1652 qua
2525 1596 2626 1652 ego
2654 1597 2797 1649 sum,
2829 1584 3060 1638 salutem
3095 1584 3332 1652 assequi.
3365 1583 3423 1639 Si
3455 1583 3690 1653 Spiritus

2116 1681 2340 1727 sanctus
2370 1687 2477 1726 non
2518 1681 2604 1727 est
2640 1673 2802 1739 Deus,
2847 1674 3046 1728 evadat
3101 1673 3276 1743 prius,
3333 1675 3548 1744 meque,
3593 1675 3689 1745 qui

2119 1763 2308 1818 eodem
2337 1778 2463 1817 cum
2492 1763 2587 1817 illo
2614 1777 2734 1819 sum
2773 1763 2989 1828 ordine,
3028 1771 3156 1819 tunc
3193 1764 3439 1820 divinum
3465 1766 3687 1823 elliciat.

2117 1852 2274 1907 Nunc
2299 1865 2481 1908 autem
2515 1868 2635 1923 qua:
2659 1854 2827 1919 fraus,
2860 1855 2951 1923 qui
2984 1854 3140 1909 dolus
3193 1862 3279 1910 est
3315 1857 3522 1925 gratiae,
3577 1857 3688 1913 imo

2117 1957 2249 1997 vero
2278 1956 2491 2006 eorum,
2525 1944 2614 2013 qui
2649 1943 2877 2013 gratiam
2912 1943 3200 1999 tribuunt?
3242 1943 3424 2015 Egone
3466 1947 3687 2003 credam

2117 2034 2174 2088 in
2210 2033 2404 2098 Deum,
2440 2044 2502 2089 ut
2533 2036 2734 2104 impius
2763 2036 2998 2090 reddar?
3038 2035 3199 2091 Aliud
3248 2037 3570 2104 conﬁtebor,
3626 2047 3688 2093 ut

2116 2124 2265 2179 aliud
2297 2125 2542 2180 discam?
2568 2124 2829 2191 Quaenam
2859 2126 2976 2181 ista:
3010 2125 3237 2181 fallacias
3295 2129 3589 2183 verborum
3628 2137 3689 2185 et

2118 2216 2359 2281 fraudes,
2401 2232 2524 2286 qua;
2561 2218 2675 2272 suis
2696 2221 2814 2286 [me
2875 2218 3391 2289 interrogationibus
3436 2220 3505 2275 ad
3572 2221 3689 2276 hanc

2115 2303 2420 2359 conﬁtenda
2453 2304 2779 2373 perducunt,
2817 2314 2875 2359 ut
2911 2305 2980 2360 ad
3006 2306 3120 2360 .illa
3166 2302 3494 2365 deveniam?
3534 2308 3690 2364 Miso-
3788 2327 3791 2330 ·

2116 2411 2238 2451 rum
2285 2402 2450 2465 atque
2519 2395 2812 2450 obscurum
2859 2396 3200 2465 splendorem
3251 2413 3456 2464 meum,
3508 2399 3690 2453 sordi-

2114 2487 2349 2556 damque
2376 2487 2724 2550 munditiem,
2755 2487 2800 2542 si
2831 2486 3103 2557 baptismo
3125 2489 3204 2543 sic
3239 2489 3451 2555 abluor,
3488 2500 3548 2545 ut
3600 2492 3689 2545 ni-

2117 2580 2267 2652 grior
2310 2578 2477 2645 fiam;
2515 2579 2557 2633 si
2586 2578 2875 2635 nitidiores
2901 2588 3065 2647 atque
3114 2581 3431 2636 mundiores
3456 2583 3686 2653 aspicio,

2113 2672 2205 2742 qui
2223 2684 2333 2724 non
2352 2668 2687 2735 suntahluti;
2709 2669 2756 2724 si
2772 2668 2908 2722 mala
2927 2669 3688 2743 baptizantisoptuionegdelu-

2112 2761 2321 2827 δοκεῖ
2343 2761 2595 2831 spiritum
2618 2760 2899 2817 meliorem
2921 2775 3128 2830 quacro,
3175 2771 3230 2817 et
3282 2778 3392 2818 non
3445 2764 3685 2823 invenio.

2114 2851 2355 2925 Da,mibi
2383 2852 2710 2921 baptismum
2768 2851 3020 2918 alterum,
3081 2861 3138 2907 et
3179 2854 3249 2909 de
3314 2855 3496 2925 priore
3548 2858 3689 2916 male

2114 2944 2335 2999 sentite.
2364 2940 2504 3007 Quid
2544 2940 2676 2994 mihi
2713 2938 3005 3009 perfectam
3060 2941 3270 2998 invides
3322 2947 3693 3015 regeneratio-

434 3023 585 3120 λόγε,
617 3023 761 3120 ’ἢητό
798 3023 909 3101 παν
946 3023 1238 3116 ἀτίμασον,
1288 3044 1400 3106 ἵνα,
1449 3042 1554 3096 κᾶν
1596 3040 1823 3107 ἀσεὸῇς,
1874 3036 2011 3092 ἀλλὰ

2116 3028 2278 3084 nem?
2308 3028 2419 3082 Cur
2440 3040 2527 3081 me
2546 3041 2615 3080 ex
2677 3027 2880 3096 templo
2925 3023 3186 3096 Spiritus,
3236 3032 3328 3100 qui
3384 3032 3527 3089 Deus
3557 3040 3688 3099 ’est,

436 3137 650 3208 σεαυτῷ
688 3154 751 3205 γε
786 3135 1079 3198 ἀκόλουθος
1113 3131 1179 3208 ᾗς
1201 3172 1216 3199 ,
1254 3133 1327 3203 μὴ
1362 3131 1563 3203 κρίνων
1601 3128 1805 3191 ἀνίσως
1843 3125 2006 3196 φύσιν

435 3231 719 3301 ὁμότιμον.
938 3233 943 3237 ’

2112 3120 2280 3177 creati
2307 3119 2534 3189 spiritus
2563 3117 2931 3174 habitaculum
2963 3119 3184 3176 reddis?
3210 3121 3318 3178 Cur
3336 3138 3548 3191 eorum,
3567 3143 3689 3196 qua:

2115 3226 2236 3266 mea
2272 3217 2422 3273 sunt,
2465 3208 2613 3263 aliud
2640 3208 2901 3275 honoras,
2944 3210 3091 3265 aliud
3137 3210 3306 3270 aliieis
3354 3215 3689 3294 ignominia,

435 3299 742 3394 inaequales
773 3322 827 3377 in
860 3320 1152 3375 Divinitate
1180 3329 1363 3389 partes
1393 3319 1707 3381 constituis,
1761 3322 1823 3371 ut
1877 3310 2013 3369 mihi
2076 3306 2304 3377 gratiam
2336 3314 2492 3359 seces
2518 3311 2574 3355 et
2607 3299 2926 3366 imminuas,
2949 3302 3035 3357 vel
3082 3304 3263 3375 potius
3290 3318 3349 3361 ut
3391 3312 3577 3382 gratiae
3603 3330 3690 3367 me

437 3418 707 3473 subducas
731 3424 787 3471 et
815 3414 1147 3469 subtrahas?
1174 3420 1280 3468 Aut
1310 3421 1484 3468 totum
1516 3413 1903 3477 bonora,vane
1956 3402 2225 3471 theologe.
2250 3409 2347 3453 aut
2392 3405 2565 3452 totum
2595 3396 2812 3467 despice
2845 3413 2861 3463 ;
2896 3407 2954 3453 ut
2973 3400 3220 3469 Quamvis
3246 3401 3411 3472 impie
3453 3408 3681 3470 sentias,

440 3510 537 3564 tibi
560 3517 742 3562 tamen
778 3506 897 3575 ipse
918 3514 1156 3570 constes,
1198 3518 1301 3559 nec
1324 3513 1573 3559 naturam
1595 3517 1749 3572 teque
1770 3502 2094 3556 honoratam
2118 3496 2302 3562 inique
2341 3489 2576 3559 iudices.

506 3646 821 3715 Κεφάλαιον
863 3643 921 3696 δὲ
959 3643 1054 3698 τοῦ
1083 3643 1273 3711 λόγου,
1310 3643 1447 3714 μετά
1472 3644 1583 3697 τῶν
1635 3645 1884 3716 Σεραφὶμ
1922 3646 2009 3698 δό-

437 3736 602 3801 ξισον
632 3734 982 3801 συναγόντων
1030 3734 1134 3798 τὰς
1192 3736 1342 3803 τρεῖς
1397 3734 1692 3803 ἁγιότητας
1740 3737 1820 3798 εἰς
1874 3734 2005 3804 μίαν

438 3826 761 3897 κυριότητα,
800 3826 896 3878 καὶ
927 3825 1184 3880 τοσοῦτον
1225 3829 1710 3898 παραδεικνύντων
1736 3828 1833 3899 τῆς
1854 3826 2003 3898 πρώ-

434 3935 538 3987 της
593 3918 805 3982 οὐσίας,
856 3919 982 3971 ὅσον
1020 3919 1375 3987 ὑπανοίγουσι
1435 3920 1551 3983 τοῖς
1582 3920 1893 3987 φιλοπόνοις
1944 3921 2001 3973 αἱ

439 4012 736 4082 πτέρυγες.
775 4012 931 4065 Μετὰ
970 4010 1137 4064 Δαόὶδ
1167 4011 1474 4081 φωτίσθητι
1509 4011 1647 4081 πρὸς
1676 4009 1738 4063 τὸ
1780 4010 1892 4078 φῶς
1912 4010 2034 4064 λέν

438 4117 652 4168 γοντος,
697 4120 716 4153 ι
777 4102 866 4154 Ἐν
902 4101 982 4171 τῷ
1011 4101 1151 4171 φωτὶ
1182 4118 1277 4155 σου
1334 4100 1577 4173 ὀψόμεθα
1632 4100 1770 4170 φῶς,
1815 4119 1833 4154 ι
1890 4099 2003 4155 οἷον

442 4191 635 4262 ὥσπερ
664 4194 722 4245 ἐν
776 4192 854 4262 τῷ
885 4193 1163 4262 Πνεύματι
1184 4192 1278 4246 τὸν
1321 4192 1473 4260 Υῑδν,
1506 4184 1568 4246 οὗ
1606 4192 1660 4247 τι
1695 4194 1761 4247 ἂν
1792 4193 2004 4262 γένοιτο

441 4284 881 4353 τηλαυγέστερον
914 4300 930 4349 ;
964 4284 1121 4338 Μετὰ
1164 4284 1411 4343 Ἰωάννου
1446 4283 1738 4355 βρόντησον
1764 4284 1856 4338 τοῦ
1870 4284 2001 4338 Υἱοῦ

435 4373 536 4441 τῆς
570 4372 824 4442 βροντῆς,
868 4373 1035 4444 μηδὲν
1071 4374 1203 4444 περὶ
1228 4373 1365 4428 Θεοῦ
1391 4375 1648 4428 ταπεινὸν
1673 4374 1844 4446 ἠχῶν,
1870 4375 2004 4446 μηδὲ
2031 4403 2083 4464 D

442 4466 552 4517 ἀπὸ
575 4466 705 4535 γῆς,
763 4465 880 4519 ἀλλ’
906 4465 1136 4534 ὑψηλὸν,
1176 4465 1271 4520 καὶ
1307 4466 1609 4538 μετέωρον,
1648 4466 1741 4520 τὸν
1782 4468 1839 4520 ὲν
1860 4467 2001 4538 ἀρχῇ

412 4542 497 4608 ’τε
524 4556 673 4619 ὅντα,
704 4558 797 4610 καὶ
842 4556 979 4626 πρὸς
1019 4556 1111 4610 τὸν
1165 4556 1297 4611 Θεδν
1325 4557 1483 4623 ὄντα,
1514 4560 1610 4610 καὶ
1640 4557 1774 4610 Θεὸν
1804 4558 2003 4625 Λόγον,

441 4646 572 4698 Θεὸν
593 4647 900 4714 γινώσκων,
951 4648 1045 4700 καὶ
1070 4646 1204 4701 θεὸν
1232 4646 1489 4717 ἀληθινὸν
1518 4648 1575 4714 ἐξ
1609 4647 1867 4718 ἀληθινοῦ
1895 4648 2003 4703 Πα-

439 4734 729 4804 τρὸς,άλλ’
776 4736 839 4790 οὐ
890 4735 1174 4790 σύνδουλον
1230 4737 1437 4806 ἀγαθὸν
1486 4738 1617 4793 Υἱοῦ
1661 4738 2006 4810 προσηγορίᾳ

444 4828 581 4897 μόνῃ
614 4828 1005 4899 τετιμημένον,
1036 4830 1242 4883 καὶτὸν
1290 4829 1451 4885 ἄλλον
1484 4829 1861 4902 παράκλητον,
1907 4830 2006 4900 δη-

442 4916 579 4985 λαὸὴ
615 4915 777 4970 ἄλλον
833 4916 931 4971 τοῦ
990 4916 1267 4990 λέγοντος.
1309 4918 1444 4972 Θεοῦ
1475 4919 1536 4971 δὲ
1583 4922 1610 4972 ὁ
1644 4918 1841 4988 Λόγος.
1895 4918 2006 4973 Καὶ

433 5009 565 5061 ὅταν
602 5009 727 5079 μὲν,
760 5027 781 5061 ι
826 5008 968 5077 Ἐγὼ
988 5011 1085 5063 καὶ
1108 5013 1136 5063 ό
1159 5010 1347 5082 Πατὴρ
1363 5011 1423 5065 ἐν
1448 5012 1637 5082 ἐσμεν,
1689 5028 1708 5063 ι
1735 5009 2004 5080 ἀναγινώ-

442 5114 600 5172 σκῃς,
625 5101 686 5154 τὸ
707 5102 943 5171 συναφὲς
975 5102 1077 5171 τῆς
1107 5103 1297 5166 οὐσίας
1330 5103 1782 5172 ἑνοπτριζόμενος
1814 5121 1828 5135 ·
1877 5104 2004 5158 ὅταν

435 5190 518 5255 δί,
555 5209 575 5243 ι
613 5192 757 5262 Πρὸς
784 5194 950 5247 αὐτὸν
982 5193 1345 5264 ἐλευσόμεθα,
1376 5195 1470 5247 καὶ
1493 5194 1664 5265 μονὴν
1698 5194 1829 5265 παρ’
1853 5195 2003 5266 αὺτῷ

435 5284 763 5353 ποιήσομεν,
801 5303 819 5336 ι
859 5286 917 5338 τὸ
942 5285 1275 5359 διῃρημένον
1305 5287 1417 5340 τῶν
1464 5285 1817 5341 ὑποστάσεων
1850 5287 1998 5355 λογι-

434 5375 662 5442 ζόμενος
686 5388 704 5405 ’
735 5374 866 5429 ὅταν
896 5376 955 5428 δὲ
987 5378 1048 5431 τὸ
1093 5377 1329 5450 [ἰατρὸς.
1379 5378 1474 5431 καὶ
1517 5376 1669 5439 Υῐοῦ,
1712 5379 1807 5432 καὶ
1836 5378 1996 5448 ἁγίου

433 5464 751 5536 Πνεῦματος
780 5467 974 5538 ὄνομα,
1008 5470 1109 5533 τὰς
1136 5471 1283 5542 τρεῖς
1315 5470 1606 5540 ἰδιότητας.
1650 5458 1659 5469 ’

504 5620 549 5653 ⁸⁸
577 5622 717 5679 Psal.
753 5639 914 5692 xxxv,
946 5623 1036 5681 50.
1113 5624 1159 5657 “
1176 5623 1329 5680 Joan.
1353 5641 1405 5692 ι,
1434 5627 1523 5682 50.
1600 5627 1647 5661 ’⁸³
1673 5625 1830 5686 Joan.
1863 5644 1973 5690 xw,
2006 5631 2099 5687 25.

2182 3630 2257 3684 Fa
2288 3643 2415 3685 vero
2441 3636 2640 3685 nostrae
2668 3628 2738 3683 sit
2758 3629 3022 3685 orationis
3050 3646 3282 3695 summa,
3337 3633 3432 3689 Dei
3497 3636 3689 3695 laudes

2108 3738 2236 3778 cum
2281 3722 2591 3791 seraplrinis
2618 3721 2868 3787 dccanta,
2901 3722 2992 3790 qui
3030 3739 3197 3777 unum
3235 3724 3287 3778 in
3318 3728 3685 3799 principatum

2108 3826 2222 3871 tres
2261 3816 2552 3875 conferunt
2590 3813 2993 3879 sanctitates,et
3021 3819 3276 3872 essentite
3298 3820 3443 3875 illius
3495 3823 3688 3892 prima:

2105 3913 2311 3959 tantum
2330 3903 2644 3965 ostendunt,
2659 3912 2918 3972 quantum
2938 3905 3177 3974 ipsorum
3202 3910 3298 3962 alae
3314 3910 3569 3967 studiosis
3593 3929 3689 3984 pa-

2105 3996 2389 4052 tefaciunt.
2420 3996 2693 4049 lllustrare
2717 3996 2878 4049 simul
2900 3994 3029 4050 'cum
3066 3999 3265 4055 Davide
3295 4002 3473 4058 lumen
3509 4006 3686 4075 ipsum

2114 4090 2195 4143 sic
2214 4087 2553 4157 alloquente:
2579 4108 2597 4140 ‹
2625 4091 2680 4142 In
2708 4089 2914 4144 lumine
2934 4099 3025 4145 tuo
3052 4091 3360 4150 videbimus
3390 4095 3679 4162 lumeu”,r

2106 4175 2300 4231 Filium
2325 4178 2582 4231 nimirum
2608 4179 2661 4233 in
2693 4177 2919 4249 Spiritu,
2945 4196 3051 4250 quo
3076 4183 3201 4250 quid
3223 4183 3336 4240 ﬁeri
3369 4196 3544 4257 potest
3564 4189 3687 4245 illu-

2105 4268 2693 4326 strius?CumJoanne
2736 4271 2972 4328 tonitrus
3014 4273 3120 4329 tilio
3156 4277 3416 4333 tonitrum
3452 4282 3678 4348 emitte,

2111 4360 2249 4415 nihil
2271 4361 2339 4416 de
2364 4360 2473 4415 Deo
2497 4361 2725 4428 humile,
2751 4362 3218 4432 nihil‘terrenum,
3253 4370 3349 4425 sed
3400 4373 3678 4430 excelsum

2107 4462 2271 4519 atque
2300 4450 2533 4505 sublime
2557 4453 2758 4522 aliquid
2791 4468 3011 4521 sonans,
3038 4467 3226 4526 utpote
3241 4464 3331 4532 qui
3357 4477 3677 4533 cognoscas,

2107 4543 2162 4597 in
2193 4543 2462 4613 principio
2520 4559 2641 4599 esse
2667 4544 2928 4611 Verbum,
2982 4556 3037 4602 et
3080 4548 3322 4607 Verbum
3371 4571 3492 4612 esse
3536 4562 3679 4630 apud

2111 4633 2392 4703 Deum,_et
2421 4635 2587 4690 Deum
2615 4650 2737 4691 esse
2769 4637 3028 4706 Verbum,
3063 4650 3118 4696 et
3155 4642 3324 4698 Deum
3370 4664 3558 4704 verum
3610 4668 3678 4708 ex

2106 4740 2235 4781 vero
2266 4725 2446 4792 Patre,
2479 4743 2588 4781 non
2612 4738 2794 4782 autem
2834 4745 3158 4787 conservum
3188 4735 3419 4803 bonum,
3444 4743 3558 4797 sola
3587 4743 3678 4798 Fi-

2104 4818 2163 4871 lii
2195 4817 2558 4887 appellatione
2585 4819 2922 4887 decoratum,
2950 4833 3005 4877 et
3042 4824 3205 4880 alium
3242 4826 3675 4902 Consolatorem,

2106 4909 2272 4964 alium
2308 4909 2566 4965 nimirum
2595 4911 2662 4966 ab
2688 4926 2774 4977 eo,
2812 4913 2904 4982 qui
2940 4916 3205 4985 loquitur,
3255 4923 3400 4990 quod
3442 4936 3525 4982 est
3580 4926 3675 4983 Dei

2109 5000 2369 5057 Verbum.
2397 5001 2460 5056 Et
2496 5017 2624 5057 cum
2647 5002 2779 5074 legis
2814 5020 2829 5058 :
2863 5022 2881 5056 ι
2917 5005 3030 5079 Ego
3054 5018 3111 5064 et
3155 5010 3314 5068 Pater
3359 5032 3528 5072 unum
3577 5034 3675 5073 su-

2107 5105 2258 5152 mus,
2300 5092 2349 5123 “
2384 5132 2399 5156 ,
2438 5112 2456 5144 ι
2513 5102 2717 5148 naturae
2774 5097 3215 5168 conjunctionem
3275 5112 3673 5180 contemplare.

2104 5184 2333 5247 Quando
2356 5184 2486 5240 illud
2506 5186 2663 5241 audis
2695 5203 2711 5243 :
2752 5207 2769 5240 ι
2798 5190 2881 5245 Ad
2913 5204 3038 5247 eum
3068 5194 3370 5265 veniemus,
3408 5210 3465 5253 et
3512 5217 3673 5257 man-

2107 5274 2318 5329 sionem
2345 5276 2486 5347 apud
2514 5291 2639 5333 eum
2666 5277 2929 5339 faciemus
2952 5278 3020 5354 “,
3062 5303 3082 5336 ι
3143 5302 3495 5356 personarum
3560 5293 3671 5351 dis-

2110 5364 2427 5434 tinctionem
2460 5367 2719 5442 intellige.
