4060 6278
439 315 509 380 ’ῖ9
1651 306 2035 369 EUTIIYMII
2099 307 2460 372 ZIGABENI
3617 309 3689 374 80

509 430 581 486 At
615 443 737 484 cum
758 425 946 487 Patris,
974 421 1211 492 et'Filii,
1240 430 1294 479 ct
1330 422 1570 495 Spiritus
1585 425 2002 494 sanctijnomcn.

2184 428 2337 482 Μετὰ
2376 427 2559 483 Λουκᾶ
2583 426 2957 500 ἑμπνεύσθητι
2997 425 3388 498 ταῖςἫράξεσι
3420 428 3531 483 τῶν
3557 430 3685 485 ἀπο-

447 536 561 579 tres
583 522 774 591 utique
802 520 1163 590 proprietates
1194 557 1210 582 ,
1246 531 1351 570 una
1383 531 1508 571 cum
1535 516 1681 571 Luca
1736 516 1790 571 in
1850 517 2017 572 rebus

441 616 509 670 ab
547 613 808 684 apostolis
833 611 999 683 gestis
1029 608 1521 673 versanS'invenis,
1544 623 1657 664 cur
1688 623 1812 664 cum
1868 610 2016 663 Ana-

440 706 527 760 nia
555 715 611 761 et
662 703 894 773 Saphira
928 701 1088 756 novis
1113 701 1324 755 furibus
1365 699 1472 755 inis
1493 701 1811 755 societatem
1830 701 1854 755 Ἰ
1874 701 2017 757 Vere

441 799 585 854 enim
613 810 812 851 novum
830 794 1061 849 ‘lurandi
1102 808 1275 863 genus
1305 802 1409 858 est,
1442 808 1565 847 cum
1605 792 1728 862 quis
1774 808 1839 848 ea
1894 808 2017 862 qua:

439 890 652 959 propria
675 884 1077 955 suntsubripit,
1116 885 1414 953 praesertim
1460 885 1506 939 si
1562 899 1672 941 non
1705 894 2015 956 argentum,

436 990 531 1035 aut
558 979 702 1034 aliud
724 977 996 1048 quidpiam
1024 977 1167 1046 quod
1194 977 1300 1032 vile
1342 991 1677 1048 parvumque
1705 977 1797 1040 sit,
1823 986 1882 1031 ut
1912 977 2016 1031 lin-

437 1089 593 1143 guam
616 1075 856 1135 auream,
911 1079 1001 1123 aut
1034 1077 1378 1135 tenuem,aut
1403 1068 1740 1132 didrachma,
1771 1078 1830 1123 ut
1862 1068 2015 1123 miles

439 1168 526 1221 ille
578 1165 852 1234 quondam
898 1164 1246 1228 insatiabilis,
1290 1163 1385 1217 sed
1435 1162 1783 1218 Divinitatem
1842 1161 2012 1230 ipsam

440 1260 672 1323 furetnr,
698 1257 1100 1325 mentiaturqne
1122 1252 1580 1323 quemadmodum
1600 1251 1873 1316 audivisti,
1901 1266 2012 1306 non

440 1349 666 1414 homini,
708 1350 802 1401 sed
845 1345 1377 1400 Deo.‘Venerandam
1415 1343 1649 1413 Spiritus
1682 1343 1812 1397 cole
1861 1351 2014 1411 pole—

436 1448 654 1504 statcm,
683 1438 879 1506 quibus
934 1435 1070 1501 vult,
1125 1445 1181 1489 et
1216 1433 1435 1503 quando
1471 1432 1607 1496 vult,
1651 1442 1705 1486 et
1745 1441 2013 1501 quantum

433 1530 910 1600 vult,‘a5pirantis.
950 1526 1245 1582 Descendit
1276 1527 1421 1579 enim
1486 1538 1651 1593 super
1698 1524 2011 1578 Cornelium

433 1632 487 1675 et
510 1621 841 1675 domesticos
898 1619 1039 1688 ejus,
1090 1624 1214 1671 ante
1250 1616 1637 1685 baptismum;
1669 1629 1832 1683 super
1875 1614 2012 1668 alios

433 1721 613 1765 autem
637 1727 735 1782 per
758 1711 1029 1781 apostolos
1055 1717 1177 1779 post
1210 1708 1567 1777 baptismum,
1589 1714 1650 1759 ut
1678 1715 1751 1761 et
1798 1721 1865 1760 ex
1919 1705 2010 1772 iis,

2119 518 2325 573 στόλων
2362 520 2737 590 προσομιλῶν.
2762 521 2828 572 Τί
2866 519 3007 590 μετὰ
3058 520 3302 574 Ἀνανίου
3354 520 3552 593 τάττῃ,
3594 523 3689 576 καὶ

2119 609 2465 681 Σαπφείρας,
2523 612 2634 664 τῶν
2680 610 2885 666 καινῶν
2928 610 3263 680 νοσφιστῶν,
3316 600 3439 679 εἴγε
3503 611 3690 668 καινὸν

2116 698 2287 763 ὅντως
2319 700 2353 768 ἡ
2388 701 2498 753 τῶν
2548 701 2693 754 ίδίων
2737 701 2941 772 xko-id);
2994 703 3090 755 καὶ
3137 703 3309 755 ταῦτα
3359 702 3690 773 νοσφιζόμε-

2116 807 2206 853 νος
2249 791 2352 845 οὑκ
2400 793 2690 863 ἀργύριον,
2728 793 2839 846 οὐδ’
2894 792 3024 848 ἀλλο
3068 811 3121 848 τι
3152 795 3263 847 τῶν
3310 795 3544 849 εὐτελῶν
3593 798 3688 851 καὶ

2119 882 2358 953 μικρῶν,
2408 879 2523 938 οἷον
2562 886 2818 954 γλῶσσαν
2852 886 3085 956 χρυσῆν,
3117 886 3150 958 ἦ
3187 886 3371 958 ψιλὴν,
3409 888 3691 958 ἢδίδραχ-

2117 988 2242 1043 μον,
2277 975 2354 1038 ὡς
2407 975 2539 1029 ποτε
2594 976 2940 1049 στρατιώτης
3001 978 3299 1047 ἄπληστος,
3348 978 3465 1031 ἀλλ’
3517 979 3690 1051 αὐτὴν

2118 1063 2372 1119 κλέπτων
2421 1067 2674 1138 θεότητα,
2726 1070 2823 1122 καὶ
2857 1069 3187 1140 ψευδόμενος
3241 1069 3343 1123 οὐκ
3372 1069 3687 1141 ἄνθρωπον,

2114 1157 2250 1211 ἀλλά
2302 1159 2462 1225 Θεὸν,
2492 1161 2629 1231 ὅπερ
2657 1161 2893 1232 ἥκουσα.
2939 1160 3006 1214 Τί
3065 1178 3158 1230 μοι
3197 1161 3252 1214 δὲ
3300 1160 3398 1231 τὴν
3436 1162 3689 1226 ἐξουσίαν

2115 1250 2242 1321 αἰδῇ
2269 1250 2365 1304 τοῦ
2401 1252 2748 1332 Πνεύματος,
2780 1254 2866 1323 ἐφ’
2901 1252 2997 1317 οὒς
3030 1254 3196 1318 Θέλει,
3221 1255 3316 1308 καὶ
3352 1254 3536 1325 ἡνίκα,
3588 1255 3688 1308 καὶ

2112 1340 2236 1393 ὅσον
2270 1342 2558 1407 πνέοντος;
2591 1344 2889 1413 Ἐπιδημεῖ
2913 1347 3026 1408 τοῖς
3082 1346 3209 1416 περὶ
3238 1346 3540 1416 Κορνήλιον
3578 1349 3686 1418 πρὸ

2113 1431 2207 1484 τοῦ
2268 1432 2665 1503 βαπτίσματος,
2706 1434 2892 1499 ἄλλοις
2952 1436 3094 1505 μετά
3123 1437 3183 1488 τὸ
3246 1436 3535 1506 βάπτισμα
3598 1438 3687 1493 διά

2112 1520 2221 1574 τῶν
2245 1522 2587 1578 ἀποστόλων.
2623 1525 2785 1577 Ὥστε
2822 1525 3215 1596 ἀμφοτέρωθεν
3256 1526 3320 1579 ἐκ
3350 1545 3407 1580 τε
3441 1520 3516 1581 ὧν
3564 1529 3689 1581 ἑπι-

2113 1616 2285 1685 φοιτᾷ
2335 1616 2696 1681 δεσποτικῶς,
2732 1618 2851 1671 ἀλλ’
2904 1619 2968 1671 οὐ
3004 1617 3295 1685 δουλικῶς,
3354 1620 3451 1673 καὶ
3505 1620 3566 1684 ἐξ
3608 1614 3686 1675 ῶν

2112 1706 2454 1777 ἐπιζητείται
2481 1709 2618 1779 πρὸς
2642 1708 2740 1781 τὴν
2766 1710 3049 1765 τελείωσιν
3076 1711 3177 1783 τὴν
3208 1710 3442 1783 θεότητα
3471 1728 3654 1784 μαρτυ

432 1818 571 1873 qum,
600 1818 710 1858 non
737 1811 798 1856 ut
824 1816 1033 1867 servus,
1072 1800 1167 1855 sed
1192 1808 1449 1868 tanquam
1480 1796 1737 1851 dominus
1766 1796 1929 1866 gerit,
1950 1805 2002 1851 et

2114 1776 2329 1870 ρεῖσθαι
2361 1800 2457 1854 τοῦ
2502 1776 2847 1873 Πνεῦματος.

433 1909 497 1948 ex
520 1894 644 1959 illis,
683 1908 804 1964 quae
839 1893 891 1948 in
918 1906 1019 1955 eo,
1053 1891 1145 1961 qui
1177 1890 1476 1945 initiandus
1502 1897 1608 1954 est,
1632 1887 1882 1958 requirit,
1920 1887 2008 1943 di-

434 1984 713 2039 vinitatem
753 1991 985 2038 testetur
1015 1996 1195 2037 suam.

472 2075 634 2131 "Cum
662 2075 847 2140 Paulo,
881 2075 972 2145 qui
996 2075 1048 2129 in
1082 2072 1301 2128 tertium
1362 2070 1609 2127 sublatus
1651 2078 1734 2125 est
1783 2068 2005 2136 ctelum,

430 2179 600 2224 tracta
661 2168 1006 2238 theologiam,
1036 2166 1126 2235 qui
1186 2178 1330 2217 nunc
1387 2172 1497 2217 tres
1527 2168 1810 2231 pereonas,
1858 2162 2008 2216 ordi-

434 2277 504 2316 ne
538 2268 875 2315 commutato
924 2258 997 2310 ita
1052 2261 1428 2317 connumerat,
1500 2260 1560 2305 ut
1599 2266 1745 2306 nunc
1804 2252 2004 2321 primo,

428 2362 577 2403 nunc
610 2346 875 2411 secundo,
913 2359 1065 2399 nunc
1092 2344 1259 2399 tertio
1276 2344 1396 2397 loco
1432 2342 1679 2396 eamdem
1717 2356 2003 2411 personam

424 2440 741 2505 nominans,
786 2446 995 2492 natura:
1059 2435 1303 2490 declaret
1360 2434 1722 2504 mqualitatem
1776 2450 1793 2488 :
1858 2448 2005 2489 nunc

426 2533 705 2593 duas,‘aut
733 2544 894 2583 unam
926 2542 1115 2581 earum
1149 2526 1385 2594 aliquam
1424 2534 1633 2579 tantum
1665 2524 1840 2594 ponit,
1880 2533 2003 2578 tan-

426 2639 588 2694 quam
618 2624 837 2692 reliqure
863 2627 1267 2688 consequantur
1282 2617 1543 2671 omnino.
1582 2616 1738 2670 Atlas
1768 2614 1999 2684 Spiritui

424 2716 668 2785 assignat
700 2712 970 2766 actionem
996 2710 1112 2773 Dei,
1143 2708 1296 2777 quasi
1328 2706 1467 2760 nihil
1513 2706 1905 2772 referat,hune
1930 2721 1999 2760 an

423 2810 574 2864 illum
598 2806 762 2862 dicat.
795 2804 941 2858 Alias
964 2811 1145 2856 autem
1166 2816 1265 2870 pro
1278 2800 1492 2870 Spiritu
1515 2800 1792 2854 Christum
1820 2798 1996 2855 affert.

2183 2066 2340 2121 Μετὰ
2364 2065 2583 2122 Παύλου
2609 2066 2938 2138 θεολόγησον
2960 2065 3052 2120 τοῦ
3078 2065 3215 2135 πρὸς
3247 2066 3437 2138 τρίτον
3502 2067 3672 2138 οὖρα-

2110 2158 2200 2212 νὸν
2236 2157 2587 2229 ἀναχθέντος,
2622 2158 2753 2212 ποτὲ
2788 2159 2889 2229 μὲν
2922 2157 3386 2229 συναριθμοῦντος
3410 2160 3508 2224 τὰς
3530 2162 3681 2231 τρεῖς

2110 2250 2467 2315 ὑποστάσεις,
2500 2252 2597 2305 καὶ
2636 2250 2795 2304 τοῦτο
2824 2249 3271 2321 ἐνηλλαγμένως,
3333 2251 3394 2305 οὐ
3445 2268 3684 2323 τετηρη-

2111 2342 2288 2412 μένως
2316 2345 2435 2406 ταῖς
2455 2341 2665 2408 τάξεσι,
2697 2342 3200 2413 προαριθμοῦντος,
3231 2342 3679 2413 ἑναριθμοῦντος,

2108 2435 2552 2505 ὑπαριθμοῦντος
2596 2436 2657 2489 τὸ
2684 2436 2817 2488 αὑτό
2846 2451 2860 2465 ·
2898 2436 2985 2487 ἵνα
3034 2434 3089 2488 τί
3135 2434 3387 2509 δηλώσῃς
3436 2434 3534 2505 τὴν
3568 2436 3681 2488 lao-

2102 2529 2289 2598 τιμίαν
2326 2530 2425 2599 τῆς
2484 2526 2701 2595 φύσεως
2723 2543 2736 2557 ·
2775 2527 2906 2580 ποτε
2958 2525 3015 2578 δὲ
3040 2525 3153 2595 τῶν
3193 2525 3363 2595 τριῶν
3393 2526 3681 2595 μεμνημέ-

2103 2637 2216 2685 νου,
2272 2618 2405 2671 ποτε
2444 2616 2502 2670 δὲ
2544 2616 2653 2671 τῶν
2700 2615 2735 2686 ἢ
2795 2615 2961 2681 τινὸς,
3026 2615 3101 2679 ὡς
3144 2616 3415 2685 ἑπομένου
3452 2616 3675 2680 πάντως

2100 2710 2196 2764 τοῦ
2242 2710 2524 2772 λείποντος
2549 2723 2563 2738 ⁸
2626 2709 2721 2761 καὶ
2773 2707 2903 2760 ποτὲ
2952 2709 3052 2777 μὲν
3099 2707 3198 2786 τὴν
3252 2709 3533 2779 ἐνέργειαν
3582 2708 3679 2762 τοῦ

2099 2802 2235 2855 Θεοῦ
2287 2802 2369 2872 τῷ
2408 2799 2690 2869 Πνεῦματι
2716 2800 2973 2866 διδόντος,
3016 2799 3089 2862 ὡς
3133 2798 3285 2851 οὐδὲν
3306 2798 3675 2870 διαφέροντος,

424 2900 488 2955 Et
527 2897 816 2967 aliquando
851 2894 1069 2965 quidem
1095 2908 1355 2962 personas
1384 2891 1711 2961 distinguit:
1752 2890 1990 2956 ιυιιιιερ

2104 2896 2230 2947 ποτε
2253 2893 2313 2947 δὲ
2340 2894 2471 2947 ἀντὶ
2485 2890 2578 2944 τοῦ
2629 2890 2947 2960 Πνεύματος
2981 2891 3072 2944 τὸν
3100 2891 3333 2961 Χριστὸν
3385 2890 3676 2960 ἐπιφέρον-

420 2988 695 3059 inquiens,
730 3004 750 3037 ι
786 2985 946 3050 Deus,
977 2997 1041 3037 ex
1074 2997 1181 3051 quo
1203 2984 1409 3043 omnia,
1446 2990 1502 3035 et
1527 2996 1628 3035 nos
1654 2980 1711 3034 in
1760 2980 1989 3049 ipsum:

2104 3003 2208 3053 τος,
2237 2987 2333 3040 παὶ
2352 2986 2445 3040 ὅτε
2473 2987 2573 3055 μὲν
2597 2984 2797 3054 διαιρεῖ
2824 2983 2919 3046 τὰς
2953 2983 3301 3048 ὑποστάσεις,
3334 2976 3457 3046 «Εἷς
3482 2983 3669 3047 Θεὸς,ι

423 3088 495 3145 et
518 3093 659 3132 unus
685 3073 948 3130 Dominus
976 3071 1136 3126 Jesus
1164 3069 1441 3135 Christus,
1474 3086 1569 3139 per
1591 3084 1756 3139 quem
1785 3069 1990 3134 omnia,

2104 3078 2365 3146 λέγοντος,
2385 3078 2483 3145 de
2509 3073 2571 3133 οῦ
2598 3077 2669 3132 τὰ
2697 3076 2898 3143 πάντα,
2931 3075 3026 3129 καὶ
3051 3076 3213 3144 ἡμεῖς
3239 3075 3321 3137 είς
3352 3075 3537 3131 αὐτόν.
3560 3076 3673 3130 Καὶ

420 3179 475 3226 et
504 3184 605 3224 nos
635 3182 733 3238 per
768 3168 946 3237 ipsum
968 3162 1039 3216 “.
1076 3181 1095 3215 ›
1122 3162 1426 3231 Aliquando
1454 3171 1633 3215 autem
1676 3176 1839 3217 unam
1896 3176 1994 3215 ex-

2104 3163 2177 3232 εἷς
2225 3169 2426 3240 Κύριος
2464 3168 2675 3239 Ἰησοῦς
2717 3168 2976 3238 Χριστὸς,
3010 3166 3078 3221 δι’
3112 3162 3174 3221 οῦ
3219 3166 3288 3221 τά
3325 3169 3525 3236 πάντα,
3577 3169 3675 3222 καὶ

421 3261 613 3333 ptimit
639 3258 1012 3314 divinitatem:
1050 3272 1068 3304 ‹
1143 3254 1433 3319 Quoniam.
1485 3271 1505 3305 ι
1535 3252 1812 3322 inquiens,
1875 3270 1893 3303 ι
1926 3267 1993 3306 ex

2104 3263 2259 3332 ἡμεῖς
2287 3262 2355 3315 δι’
2386 3260 2574 3316 αὑτοῦ·
2605 3280 2624 3313 ι
2652 3262 2741 3315 ὅτε
2769 3261 2827 3314 δὲ
2854 3261 3076 3328 συνάγει
3114 3262 3212 3332 τὴν
3246 3262 3378 3330 μίαν
3419 3261 3674 3332 θεότητα,

423 3350 564 3420 ipso,
600 3360 655 3402 et
687 3362 783 3417 per
806 3346 1010 3414 ipsum,
1043 3353 1097 3398 et
1128 3343 1183 3396 in
1216 3344 1392 3410 ipsum
1444 3342 1625 3395 omnia
1653 3341 1719 3407 ",
1742 3353 1775 3394 ἰ
1828 3340 1996 3395 nimi-

2104 3369 2121 3404 ι
2135 3353 2256 3406 Ὅτι
2278 3349 2339 3417 ἐξ
2360 3350 2546 3416 αὐτοῦ,
2566 3350 2664 3405 καὶ
2675 3348 2745 3405 δι’
2761 3350 2950 3415 αὐτοῦ,
2968 3349 3154 3413 καὶείς
3180 3350 3341 3404 αὐτὸν
3352 3350 3420 3403 τὰ
3439 3352 3668 3414 πάντα,›

420 3455 544 3495 rum
574 3454 672 3510 per
702 3438 878 3507 ipsum
907 3433 1196 3504 Spiritum,
1227 3433 1688 3503 quemadmodum
1716 3432 1770 3487 in
1810 3433 1994 3489 multis

2104 3443 2295 3513 δηλαδὴ
2313 3443 2404 3497 διὰ
2421 3443 2515 3497 τοῦ
2532 3442 2690 3510 ἁγίου
2716 3442 3056 3512 Πνεύματος,
3074 3442 3148 3504 ὡς
3172 3440 3440 3511 πολλαχοῦ
3463 3442 3673 3495 δείκνυ-

422 3533 717 3603 εοτίριυτω
733 3529 868 3585 Ιοοίϐ
886 3528 1215 3583 ἀθειθτδιιιΐ-
2095 3552 2185 3589 ται
2210 3535 2308 3605 τῆς
2338 3535 2580 3605 Γραφῆς.
2603 3534 2762 3607 Αὐτῷ
2790 3535 2824 3605 ἡ
2843 3532 2971 3598 δόξα
2990 3534 3067 3594 είς
3088 3534 3215 3597 τοὺς
3238 3533 3457 3597 αίῶνας.
3474 3534 3672 3605 ’Δμήν.

422 3643 672 3714 Ejusdem
700 3657 766 3696 ex
818 3642 1057 3695 oratione
1096 3640 1150 3692 in
1195 3638 1447 3704 Arianae,
1512 3638 1567 3693 in
1592 3654 1695 3709 qua
1753 3648 1803 3693 et
1851 3639 1996 3694 dese

1017 3712 1130 3765 ipso
1150 3711 1412 3765 loquitur.

2105 3642 2203 3697 Ἐκ
2237 3642 2344 3697 τοῦ
2362 3642 2550 3712 λόγου
2577 3642 2684 3697 τοῦ
2712 3640 3257 3765 πρὸςὲέΑρειανοὺς,
3287 3642 3386 3695 καί
3414 3644 3501 3710 είς
3533 3644 3674 3697 ἐαυ-

2805 3728 2835 3765 τ
2918 3751 2933 3765 .
3578 3760 3581 3763 .

1017 3720 1130 3779 ipso
1150 3720 1412 3779 loquitur.

2805 3720 2933 3765 τόν.
3578 3760 3581 3763 .

358 3866 367 3877 ί
486 3806 599 3862 Nos
625 3814 805 3860 autem
833 3804 1125 3858 adoramus
1141 3801 1381 3867 Patrem,
1408 3812 1462 3855 et
1490 3799 1709 3865 Filium,
1740 3801 1994 3871 etSpiri-

2169 3804 2334 3859 Αὐτοὶ
2386 3805 2444 3859 δὲ
2496 3802 2925 3873 προσκυνοῦμεν
2973 3802 3066 3857 τὸν
3128 3803 3371 3873 Πατέρα,
3423 3806 3517 3857 καὶ
3578 3805 3671 3859 τὸν

419 3911 531 3953 tum
564 3908 833 3961 sanctum,
854 3896 1064 3949 Patrem
1095 3896 1282 3958 Deum,
1310 3893 1506 3947 Filium
1535 3894 1724 3956 Deum,
1749 3903 1804 3948 et
1827 3895 1995 3965 Spiri-

2104 3899 2248 3964 Υίδν,
2283 3900 2378 3952 καὶ
2412 3898 2474 3950 τὺ
2503 3899 2730 3966 Πνεῦμα
2762 3896 2825 3949 τὸ
2873 3897 3049 3963 ἆγιον.
3077 3895 3214 3949 Θεὸν
3272 3896 3368 3948 τὸν
3422 3897 3666 3967 Πατέρα,

419 4003 532 4047 ιυιιι
574 3987 982 4054 sanetum,.nisi
1046 3988 1272 4040 moleste
1303 3985 1433 4050 fers,
1492 3985 1687 4040 Deum.
1732 3985 1992 4040 Naturam

2104 3989 2227 4042 Θιδν
2280 3988 2372 4040 τὸν
2424 3987 2572 4051 Υίδν,
2624 3986 2796 4052 Θεὸν,
2853 3987 2904 4038 εί
2963 3983 3040 4055 μὴ
3089 3982 3355 4054 τραχύνῃ,
3391 3981 3453 4035 τὸ
3499 3982 3669 4034 [Ινεῦ-

410 4099 581 4151 ,ιιιιοιιι
627 4083 682 4136 in
735 4081 908 4135 tribus
954 4076 1547 4149 .prOprietatibus,qu2e
1604 4087 1786 4131 mente
1820 4077 1995 4147 perci-

2104 4098 2176 4150 μα
2216 4080 2279 4133 τὸ
2309 4080 2464 4147 ἀγιον
2492 4095 2504 4108 ·
2551 4078 2680 4147 μίαν
2732 4077 2894 4145 φύσιν
2958 4079 3017 4129 ὲν
3067 4075 3244 4146 τρισὶν
3280 4074 3506 4142 ἰδιότησι
3557 4090 3673 4125 νοε-

406 4178 666 4246 utuntur,
688 4174 1048 4243 perfectaeque
1083 4179 1231 4232 sunt,
1259 4178 1311 4223 et
1349 4184 1445 4239 per
1478 4184 1536 4221 se
1562 4176 1831 4223 constant.
1863 4171 1994 4234 Qua:

2104 4174 2238 4242 ραῖς,
2275 4171 2529 4233 τελείαις,
2570 4168 2691 4222 καθ’
2746 4168 2947 4230 ὲαυτάς
3006 4166 3347 4235 ὕφεστώσαις
3375 4201 3397 4228 ,
3455 4163 3670 4233 ἀριθμῷ

417 4280 648 4320 numero
673 4263 890 4332 quidem
913 4258 1637 4330 distinguuntur,divinitate
1668 4276 1795 4314 vero
1826 4260 1992 4333 dividi

2104 4265 2430 4333 διαιρεταῖς,
2492 4262 2585 4314 καὶ
2642 4261 2704 4315 οὐ
2764 4261 3061 4329 διαιρεταίς
3138 4257 3371 4326 Θεότητι.
3452 4257 3670 4309 Τούτων

412 4362 715 4422 nequeunt.
743 4352 851 4404 Has
877 4351 1006 4404 mihi
1041 4366 1199 4405 voces
1218 4351 1457 4406 concede
1482 4362 1557 4418 tu,
1590 4352 1681 4421 qui
1716 4351 1874 4405 hodie
1894 4332 1993 4405 mi-

2104 4332 2417 4425 παραχώρει
2475 4370 2567 4423 μοι
2623 4353 2733 4406 τῶν
2784 4352 2977 4418 φωνῶν
3046 4351 3154 4411 πᾶς
3189 4350 3219 4401 ὁ
3276 4349 3516 4403 ἀπειλῶν
3573 4351 3670 4417 σή-

415 4448 632 4508 nitaris,
663 4446 866 4516 reliqua
896 4446 988 4515 qui
1019 4445 1230 4510 volunt,
1262 4455 1472 4499 curent.
1501 4446 1622 4498 Non
1672 4442 1875 4513 patitur
1932 4443 1988 4496 in

2104 4464 2283 4517 μερον,
2309 4448 2418 4499 τῶν
2437 4446 2491 4498 δὲ
2517 4444 2693 4498 ἀλλων
2721 4441 3229 4512 μεταποιείσθωσαν
3246 4442 3293 4493 οί
3328 4439 3665 4509 βουλόμενοι.

413 4537 552 4593 Filio
591 4539 1036 4607 Paterjacturam
1087 4536 1226 4600 ﬁeri,
1281 4552 1382 4590 nec
1428 4535 1619 4599 Filius,
1675 4536 1730 4588 in
1787 4533 1993 4604 Spiritu

2104 4539 2208 4591 Οὐκ
2232 4538 2487 4607 ἀνέχεται
2525 4536 2712 4606 Πατὴρ
2755 4536 2880 4588 my
2929 4534 3318 4603 ζημιούμενος,
3357 4533 3478 4586 οὐδὲ
3536 4533 3666 4593 Υίὸς

414 4640 625 4685 sancto.
660 4627 840 4685 Fierct
870 4637 1049 4683 autem
1076 4628 1315 4697 jactura,
1340 4627 1384 4681 si
1413 4638 1594 4681 essent
1618 4625 1785 4680 creati
1810 4642 1821 4676 :
1847 4624 1993 4696 quod

410 4727 555 4776 enim
592 4733 831 4779 creatum
854 4731 956 4783 est,
992 4720 1134 4773 Deus
1185 4735 1295 4774 non
1356 4728 1464 4773 est.
1520 4716 1637 4772 Non
1702 4718 1839 4785 fero,
1902 4721 1992 4771 in-

409 4814 555 4879 quis,
576 4810 969 4880 perfectionem
1001 4810 1250 4863 imminui
1285 4824 1502 4879 :neque
1541 4824 1662 4880 ego.
1696 4810 1815 4865 Una
1834 4808 1991 4873 ﬁdes,

400 4914 558 4953 .unus
589 4898 876 4962 Dominus,
908 4915 1079 4953 unum
1117 4900 1406 4969 baptisma.
1446 4900 1503 4953 Si
1557 4901 1628 4954 ab
1684 4900 1788 4953 hoc
1830 4899 1991 4953 exci-

404 4990 566 5053 dero,
600 4989 688 5042 ubi
716 4990 1006 5044 nanciscar
1067 4990 1341 5044 alterum?
1398 4989 1605 5059 Ecquid
1653 4989 1837 5045 dicitis
1874 5005 1991 5054 vos,

400 5066 503 5151 Aqui
534 5080 841 5149 haptizatis,
878 5090 972 5133 aut
1008 5082 1398 5152 rebaptizatis?
1426 5080 1653 5136 Licetne
1712 5096 1835 5137 esse
1877 5083 1993 5152 spi-

410 5172 620 5225 ritalem
651 5170 770 5224 sine
802 5170 1050 5241 Spiritu?
1105 5171 1215 5225 Aut
1268 5172 1538 5241 particeps
1594 5172 1828 5241 Spiritus
1885 5182 1992 5239 est,

411 5264 503 5330 qui
528 5260 791 5331 Spiritum
824 5277 935 5314 non
970 5260 1142 5315 colit?
1174 5262 1284 5315 Aut
1318 5263 1582 5332 Spiritum
1616 5263 1834 5327 colitis,
1891 5264 1985 5332 qui

412 5353 469 5405 in
501 5354 724 5407 nomine
761 5352 928 5407 creati
957 5356 1323 5423 conservique
1354 5354 1582 5424 spiritus
1646 5356 1983 5426 baptizatur?

408 5443 630 5499 Minime
659 5460 808 5500 vero.
840 5444 1130 5514 Nunquam
1158 5445 1307 5498 dices
1340 5452 1447 5498 tam
1481 5445 1671 5510 multa,
1703 5456 1811 5499 uta
1856 5461 1982 5500 vera

403 5536 677 5591 sententia
721 5537 1018 5593 discedam.
1056 5537 1174 5594 Non
1218 5537 1401 5591 fallam
1464 5548 1536 5602 te,
1577 5536 1738 5593 Pater
1787 5552 1981 5609 expers

477 5705 525 5734 δ’
553 5704 575 5755 l
607 5704 729 5759 Cor.
772 5721 888 5771 un,
914 5710 966 5761 υ.
1045 5708 1090 5739 ⁸⁷
1126 5707 1240 5763 Col.
1266 5724 1307 5773 ι,
1345 5708 1429 5763 16.

2076 4628 2153 4681 ·τδ
2188 4629 2415 4697 Πνεῦμα
2450 4628 2508 4679 τὸ
2559 4628 2716 4693 ἅγιον
2742 4640 2755 4654 ’
2800 4623 3171 4693 ζημιοῦταιδδ
3193 4624 3240 4674 εί
3283 4622 3434 4686 ποτὲ,
3470 4622 3562 4675 καὶ
3614 4622 3665 4675 εί

2095 4721 2325 4790 κτίσμα.
2360 4720 2435 4771 Οὐ
2463 4718 2569 4787 γὰρ
2607 4717 2740 4775 Θεὸς
2780 4716 2840 4768 τὺ
2871 4715 3211 4784 κτιζόμενον.
3266 4715 3344 4767 Οὐ
3382 4715 3531 4783 φέρω
3565 4717 3665 4784 ςη-

2096 4810 2389 4879 μιούμενος
2415 4808 2537 4860 οὐδὲ
2564 4807 2680 4874 ἐγὼ
2724 4805 2824 4874 τὴν
2850 4804 3149 4858 τελείωσιν.
3190 4799 3285 4866 Εἷς
3314 4803 3534 4875 Κύριος,
3568 4807 3669 4873 μία

2092 4901 2299 4964 πίστις,
2350 4898 2412 4951 ἓν
2485 4898 2792 4967 βάπτισμα.
2842 4896 2910 4949 Et
2973 4894 3131 4948 τοῦτο
3185 4895 3499 4965 ἀκυρωθείη
3550 4910 3665 4964 μοι,

2092 4996 2244 5063 παρὰ
2273 4991 2417 5055 τίνος
2430 4991 2488 5043 τὸ
2506 4990 2761 5060 δεύτερον
2785 5006 2799 5056 ;
2825 4988 2891 5042 Τί
2910 5003 3047 5056 φατε
3063 4989 3114 5040 oi
3143 4986 3665 5050 καταϐαπτίζοντες,

2090 5088 2124 5160 ἢ
2168 5082 2674 5147 ἀναὸαπτίζοντες;
2709 5080 2899 5134 Ἔστιν
2946 5073 3086 5133 εἶναι
3126 5077 3499 5148 πνευματικὸν
3533 5080 3666 5131 ἄνευ

2092 5178 2187 5232 τοῦ
2221 5175 2538 5245 Πνεῦματος
2564 5191 2581 5241 ;
2615 5175 2851 5242 Μετέχει
2880 5171 2940 5224 δὲ
2966 5168 3283 5240 Πνεύματος
3317 5169 3347 5221 ό
3378 5168 3453 5239 μὴ
3486 5168 3665 5238 τιμῶν

2091 5267 2153 5320 τὺ
2185 5265 2446 5335 Πνεῦμα;
2476 5264 2626 5333 Τιμᾷ
2647 5263 2756 5316 δὲό
2789 5264 2870 5324 είς
2924 5261 3157 5329 κτίσμα,
3219 5261 3314 5314 καὶ
3370 5258 3664 5330 ὁμόδουλον

2094 5356 2529 5428 βαπτιζόμενοςς
2565 5356 2678 5408 υὺκ
2706 5355 2878 5407 ἐστιν.
2928 5352 3042 5421 Οὐχ
3091 5351 3234 5404 οὕτω
3282 5350 3452 5404 πολλά
3489 5352 3657 5420 ἐρεῖς.

2094 5448 2169 5499 Οὐ
2197 5444 2483 5516 ψεύσομαι
2514 5459 2598 5508 σε,
2632 5445 2815 5511 Πάτερ
2859 5442 3083 5513 ἄναρχε.
3128 5443 3206 5495 Οὐ
3242 5441 3517 5510 ψεύσομαι
3576 5457 3660 5507 σε,

2093 5538 2388 5611 μονογενὲς
2442 5537 2604 5607 Δόγε.
2647 5535 2720 5589 Οὐ
2753 5534 3028 5605 ψεύσομαι
3088 5552 3171 5603 σε,
3206 5536 3269 5588 τὸ
3307 5532 3532 5604 Πνεῦμα
3596 5533 3663 5588 τὸ
