4094 6286
389 404 457 471 81
929 481 932 484 ,
1391 419 1772 480 PANOPLIA
1814 421 1960 482 DOG

2063 422 2273 486 tTICA.
2312 451 2380 462 -·-
2415 427 2564 489 ΤΙΤ.
2585 429 2669 492 ΙΙ.
3581 438 3650 502 82

386 523 574 590 ἅγιον.
617 519 753 578 Οἶδα
798 526 852 579 τί
881 525 1230 598 ὡμολόγησα,
1263 533 1357 585 καὶ
1395 534 1502 587 τίνι
1560 538 1948 610 απεταξαμην.

2063 540 2336 610 prmclpii.
2369 541 2489 596 Non
2514 537 2696 599 fallam
2731 551 2806 608 te,
2844 543 3083 604 Verbum
3141 551 3502 624 unigmitmn.
3530 555 3648 612 Non
3678 551 3680 553 ’

385 618 465 670 Οὐ
511 617 741 689 δέχομαι
793 619 892 683 τὰς
925 621 1119 676 πιστοῦ
1150 625 1334 692 φωνὰς
1359 627 1700 700 διδαχθῆναι,
1727 635 1823 686 καὶ
1862 651 1965 704 μα-

386 708 506 762 θεῖν
535 709 788 772 ἄπιστος·
831 712 1170 783 ὁμολογῆσαι
1219 715 1502 787 ἀλήθειαν,
1556 723 1654 776 καὶ
1707 725 1964 790 γενέσθαι

392 801 538 868 μετὰ
566 800 660 854 τοῦ
687 801 936 869 ψεύδους
983 804 1062 869 ὡς
1095 807 1476 879 τελειούμενος
1527 813 1832 883 κατελθεῖν,
1870 817 1965 873 καῖ

389 888 637 942 ἀνελθεῖν
691 890 1080 963 ἀτελέστορος²
1106 895 1183 959 ὡς
1214 897 1517 968 ζησόμενος
1571 901 1961 974 βαπτισθῆναι,

394 981 493 1035 καὶ
518 982 927 1054 ἐννεκρωθῆναι
957 986 1040 1057 τῷ
1069 986 1246 1054 ὕδατι,
1274 990 1530 1063 καθάπερ
1549 991 1618 1046 τὰ
1637 995 1759 1058 ταῖς
1779 994 1964 1049 ὠδῖσιν

394 1071 883 1144 ἐναποθνήσκοντα
912 1078 1199 1148 κυήματα,
1237 1080 1332 1133 καὶ
1372 1081 1675 1153 σύνδρομον
1730 1084 1966 1141 λαϐόντα

394 1164 460 1232 τῇ
489 1165 744 1233 γεννήσει
785 1166 881 1219 τὸν
926 1166 1178 1224 θάνατον.
1220 1170 1310 1223 Τί·
1337 1189 1406 1242 με
1460 1177 1640 1238 ποιεῖς
1692 1177 1965 1248 μακάριον

391 1253 450 1304 ὲν
467 1254 673 1324 ταυτῷ,
707 1257 804 1310 καὶ
819 1257 1006 1312 ἄθλιον
1033 1275 1051 1327 ;
1085 1262 1468 1332 νεοφώτιστον,
1501 1267 1596 1319 καὶ
1618 1267 1963 1337 ἀφώτιστονς

388 1344 556 1408 θεῖον,
599 1350 695 1402 καὶ
717 1349 911 1420 ἄθεον;
944 1351 1033 1406 ῖνα
1065 1358 1364 1424 ναυαγήσω
1390 1359 1483 1412 καὶ
1513 1359 1612 1430 τὴν
1647 1361 1843 1416 ἑλπίδα
1861 1364 1963 1432 τῆς

391 1437 758 1505 ὰναπλάσεως
786 1458 801 1506 ;
834 1443 1056 1514 Βραχὺς
1092 1445 1121 1496 ὁ
1145 1447 1304 1515 λόγος
1331 1465 1345 1481 ο
1385 1449 1657 1520 μνήσθητι
1714 1453 1812 1522 τῆς
1841 1454 1969 1524 ὁμο-

386 1524 596 1594 λογίας.
629 1530 718 1592 Είς
757 1530 811 1584 τί
866 1531 1210 1606 δῦαπτίσθης
1243 1553 1262 1604 ;
1298 1539 1382 1600 είς
1417 1539 1674 1610 [lat-ipa;
1747 1541 1965 1608 Καλῶς,

391 1617 540 1688 πλὴν
585 1621 854 1675 ίουδαῖκὸν
890 1624 1000 1680 ἔτι.
1039 1624 1132 1692 Εἰς
1169 1626 1335 1695 my;
1370 1627 1594 1694 Καλῶς,
1613 1631 1716 1684 οὐκ
1745 1631 1825 1686 ἔτι
1868 1633 1967 1704 μὲν

393 1710 681 1776 ιουδαίκδν,
713 1713 868 1768 οῦπω
903 1716 960 1770 δὲ
981 1717 1207 1774 τέλειον.
1249 1720 1344 1781 Et;
1389 1723 1452 1774 τὸ
1503 1721 1661 1790 ἅγιον
1692 1725 1918 1796 Πνεῦμα
1946 1745 1962 1796 ;

403 1801 730 1871 Ὑπέρευγε,
805 1804 967 1860 τοῦτο
1015 1809 1240 1864 τέλειον.
1305 1805 1436 1881 Ἆρ’
1472 1807 1569 1866 οὖν
1627 1814 1822 1879 ἁπλῶς
1885 1817 1968 1881 εἰς

2065 630 2248 686 tallam
2271 643 2342 698 te,
2373 645 2562 689 sancte
2590 633 2853 704 Spiritus.
2871 637 3012 704 Quid
3037 643 3318 698 confessus
3346 645 3650 715 sim,quem

2065 720 2422 788 deseruerim,
2446 743 2606 798 quem
2629 732 2853 787 secutus
2873 733 3244 798 sim,memini.
3262 735 3377 790 Non
3408 741 3659 795 commit-

2068 822 2201 879 tam,
2240 827 2300 872 ut
2321 819 2412 889 qui
2432 824 2669 894 magistri
2702 827 2873 882 fidelis
2909 843 3068 882 voces
3100 829 3288 883 doctus
3319 845 3463 894 sum,
3491 831 3657 886 disci-

2066 910 2229 978 pulus
2253 909 2358 966 sim
2376 912 2606 970 infidelis
2629 934 2643 982 ;
2669 918 2759 987 qui
2782 921 3067 975 veritatem
3088 922 3372 977 confessus
3387 939 3530 990 sum,
3547 941 3659 980 am-

2066 999 2276 1069 plectar
2299 1004 2641 1062 mendacium
2666 1027 2680 1075 ;
2701 1011 2788 1079 qui
2821 1020 2879 1066 ut
2897 1013 3488 1082 perfectusevaderem,
3512 1021 3658 1085 veni,

2065 1099 2312 1146 revertar
2332 1092 2490 1165 longe
2513 1111 2676 1166 quam
2704 1117 2959 1156 veneram
3012 1104 3545 1178 imperfectior:qui
3601 1120 3661 1164 ut

2065 1181 2234 1236 vitam
2266 1199 2608 1255 assequerer,
2641 1206 2761 1244 sum
2789 1193 3123 1264 baptizatus,
3163 1197 3214 1250 in
3251 1213 3391 1270 aqua
3426 1210 3656 1256 mortem

2067 1272 2362 1340 inveniam,
2399 1278 2573 1356 instar
2601 1297 2813 1348 eorum,
2839 1287 3007 1354 quiin
3051 1289 3169 1357 ipso
3216 1301 3373 1359 partu
3407 1294 3658 1350 moriun-

2067 1373 2178 1431 tur,
2214 1378 2271 1424 ει
2329 1371 2538 1427 obitum
2592 1391 2716 1431 cum
2775 1386 2898 1432 ortu
2957 1383 3318 1453 conjungunt.
3375 1385 3517 1450 Quid
3569 1403 3658 1442 me

2073 1459 2267 1513 eodem
2298 1471 2570 1533 -tempore
2601 1467 2822 1524 beatum
2869 1470 3006 1526 facis
3067 1481 3120 1527 et
3162 1473 3465 1530 miserum?
3517 1477 3658 1532 luci-

2067 1548 2195 1604 dum
2230 1560 2286 1606 et
2335 1553 2675 1612 obscurum?
2707 1560 2856 1630 pium
2903 1571 2958 1617 ct
2998 1563 3266 1634 impium!
3292 1569 3372 1620 An
3405 1577 3465 1622 ut
3497 1584 3652 1639 spem

2067 1645 2498 1710 regenerationis
2526 1649 2772 1705 amittam
2794 1653 2817 1706 ?
2837 1651 3066 1721 Verum,
3097 1665 3153 1710 ut
3175 1658 3365 1726 paucis
3382 1674 3498 1714 rem
3518 1677 3655 1716 con-

2068 1731 2281 1788 cludam
2313 1749 2327 1789 :
2358 1743 2479 1792 esto
2535 1740 2895 1799 confessionis
2919 1760 3150 1801 memor.
3181 1745 3238 1802 In
3273 1765 3433 1818 quem
3477 1751 3656 1820 bapti-

2069 1829 2222 1876 zatus
2287 1825 2390 1879 es?
2432 1826 2488 1880 in
2549 1827 2819 1886 Patrem?
2874 1833 3047 1900 Bene,
3102 1837 3198 1892 sed
3255 1837 3547 1896 Judaicum
3604 1841 3659 1897 id

389 1892 586 1961 ταῦτα,
625 1895 660 1965 ἢ
687 1897 782 1949 καὶ
817 1898 997 1952 κοινὸν
1028 1900 1236 1954 τούτων
1283 1902 1488 1972 δνομα;
1520 1905 1632 1958 Καὶ
1671 1908 1873 1961 κοινόν.
1901 1908 1962 1962 Τί

2069 1919 2156 1966 εει
2181 1913 2378 1970 adhuc.
2406 1915 2464 1971 ln
2497 1918 2694 1976 Filium
2727 1924 2751 1977 ?
2781 1924 2970 1993 Recte,
3007 1892 3187 1999 neque
3222 1931 3369 1986 enim
3401 1933 3504 1987 hoc
3542 1947 3660 1987 am-

391 1985 590 2050 τοῦτος
627 1989 842 2059 Δηλαδὴ
885 1993 947 2045 τὸ
975 1992 1070 2046 τοῦ
1107 1994 1266 2048 Θεοῦ.
1320 1994 1414 2059 Είς
1465 1997 1627 2050 τοῦτο
1675 2000 1738 2052 τὸ
1788 2001 1966 2056 κοινὸν

2065 2001 2211 2073 plius
2263 2003 2570 2076 Judaicum,
2605 2022 2845 2070 attamen
2910 2019 3152 2074 nondum
3211 2021 3540 2090 perfectum.
3589 2023 3661 2079 Et

385 2073 562 2145 ὄνομα
595 2077 845 2139 πίστευε,
885 2082 978 2134 καὶ
1021 2085 1342 2151 κατευοδοῦ,
1387 2088 1483 2141 καὶ
1521 2088 1799 2158 βασίλευε.
1854 2093 1962 2145 Καὶ

2068 2093 2125 2148 in
2192 2093 2455 2166 Spiritum
2507 2107 2806 2160 sanctum?
2855 2108 3097 2178 Optime,
3163 2073 3470 2182 perfectum
3510 2114 3659 2172 istud

389 2165 630 2236 μετέϐης
671 2168 925 2222 ἐντεῦθεν
978 2173 1060 2234 είς
1100 2172 1200 2241 τὴν
1231 2175 1445 2229 ἐκεῖθεν
1485 2180 1896 2250 μακαριότητα·
1928 2183 1961 2253 ή

2063 2183 2175 2254 jam
2215 2197 2319 2243 est.
2368 2189 2641 2248 Caeterum
2699 2212 2820 2268 age,
2876 2215 3009 2254 num
3051 2203 3107 2255 in
3164 2165 3269 2258 eos.
3309 2206 3655 2274 simpliciter,

385 2251 446 2305 δέ
475 2255 646 2320 ἐστιν,
672 2257 745 2323 ὥς
779 2263 902 2330 ἐμοὶ
915 2264 1085 2330 δοκεῖ,
1107 2266 1139 2336 ή
1165 2264 1374 2320 τούτων
1390 2269 1572 2323 αὐτῶν
1599 2270 1962 2343 ὲκτυπωτὲρα

2066 2251 2079 2254 -
2734 2251 2820 2268 υκ,
2879 2251 3009 2254 mm
3174 2251 3264 2258 η-
3309 2251 3653 2274 νην-νην.

2068 2289 2136 2327 an
2185 2276 2406 2346 aliquod
2445 2294 2530 2337 est
2581 2285 2748 2340 etiam
2805 2288 3000 2342 horum
3056 2305 3352 2346 commune
3409 2294 3653 2348 nomen?

389 2358 492 2395 κατ
500 2345 720 2417 ἀληψις.

2068 2345 2325 2432 Quidni?
2356 2371 2580 2442 Ecquod
2613 2377 2744 2434 illud
2805 2382 3126 2436 θειι-υυιις.
3173 2382 3232 2437 ln
3283 2345 3389 2438 huc
3444 2345 3650 2440 stega

389 2450 683 2496 commune
709 2444 890 2510 crede,
923 2447 1136 2513 incede,
1154 2457 1212 2504 et
1241 2464 1428 2522 regna,
1465 2462 1522 2508 et
1549 2455 1815 2510 ascendes
1872 2456 2004 2511 hinc
2064 2459 2134 2515 ad
2169 2462 2450 2522 caelestem
2478 2468 2625 2526 illam
2679 2471 3021 2543 felicitatem,
3067 2491 3208 2546 quae,
3239 2489 3302 2534 ut
3341 2480 3472 2534 mihi
3531 2482 3658 2551 qui-

386 2533 510 2588 dem
535 2535 764 2600 videtur,
803 2540 939 2595 nihil
987 2541 1134 2598 aliud
1165 2552 1270 2609 est,
1308 2545 1414 2600 nisi
1435 2561 1693 2618 expressa
1734 2549 1930 2604 horum
1971 2555 2416 2624 comprehensio.

389 2645 506 2704 Τοῦ
554 2651 742 2705 αὐτοῦ
763 2653 831 2708 ἐκ
863 2656 969 2731 τοῦ
990 2655 1178 2726 λόγου
1196 2657 1306 2713 τοῦ
1327 2659 1418 2725 είς
1437 2659 1554 2728 τὴν
1578 2659 1700 2714 τῶν
1721 2659 1814 2731 pr"
1839 2661 1966 2718 ἐπι·-

837 2727 1089 2781 σκόπων
1118 2731 1482 2794 παρουσίαν.

458 2811 538 2864 Τὰ
567 2811 630 2866 δδ
673 2814 796 2866 καθ’
821 2814 1077 2880 ἕκαστον,
1104 2815 1174 2872 ἵν’
1195 2818 1410 2873 ἐπέλθω
1441 2820 1746 2891 συντόμως,
1789 2821 1963 2896 ἄναρ-

384 2923 502 2978 χον,
555 2907 653 2961 καὶ
680 2908 849 2980 ἀρχὴ.
883 2911 980 2964 καὶ
1021 2911 1086 2966 τὺ
1144 2914 1284 2982 μετὰ
1309 2913 1410 2984 τῆς
1445 2913 1646 2985 ἀρχῆς,
1680 2909 1763 2980 εἷς
1807 2917 1962 2980 Θεός.

382 2997 525 3053 Οὔτε
554 3000 650 3052 τοῦ
685 3002 931 3072 ἀνάρχου
953 3003 1015 3056 τὸ
1048 3003 1288 3076 ἄναρχον
1335 3004 1529 3073 φύσις,
1565 3006 1599 3077 ἢ
1643 3007 1707 3061 τὸ
1735 3008 1964 3078 ἀγέννη-

381 3108 500 3147 τον.
533 3092 674 3148 Οὐδὲ
702 3095 800 3164 μία
832 3096 943 3167 γὰρ
995 3097 1182 3166 φύσις,
1213 3097 1297 3153 δτι
1332 3097 1410 3170 μὴ
1451 3097 1570 3153 τόδε
1603 3100 1777 3166 ἐστιν,
1840 3102 1961 3155 ἀλλ’

2071 2664 2157 2722 Ex
2179 2672 2439 2740 oratione,
2472 2691 2640 2746 quam
2665 2677 2849 2752 habuit
2878 2682 2943 2734 in.
2961 2691 3241 2752 conspectu
3259 2694 3469 2738 centum
3496 2686 3654 2742 enim

2529 2749 2784 2818 quaginta
2833 2749 3214 2821 episcoporum.

2139 2833 2342 2890 Verum
2373 2844 2435 2890 ut
2457 2836 2575 2892 haec
2601 2839 2816 2908 singula
2849 2839 3092 2896 breviter
3138 2857 3556 2912 percurramus,
3588 2845 3652 2905 is,

2068 2927 2162 2998 qui
2191 2929 2313 2983 sine
2350 2929 2624 3000 principio
2659 2939 2764 2998 est,
2793 2939 2848 2986 ει
2874 2932 2920 2986 is
2939 2933 3031 3002 qui
3056 2935 3390 3004 principium
3441 2945 3546 3000 est,
3600 2945 3676 2990 et‘

2067 3017 2134 3080 is,
2174 3018 2270 3088 qui
2293 3033 2423 3074 cum
2443 3020 2722 3090 principio
2739 3031 2844 3085 est,
2877 3031 3008 3076 sunt
3061 3039 3204 3078 unus
3228 3026 3390 3078 Deus.
3443 3026 3550 3080 Nec
3585 3026 3654 3079 il-

2068 3109 2196 3173 lius,
2225 3109 2321 3179 qui
2346 3110 2580 3166 estsine
2615 3112 2925 3183 principio,
2959 3124 3155 3169 natura
3188 3116 3244 3169 in
3284 3131 3352 3171 eo
3391 3117 3495 3172 sita
3544 3128 3652 3183 est,

378 3186 464 3240 δτι
504 3187 647 3241 τόδε.
692 3188 756 3241 Ἦ
794 3188 890 3242 τοῦ
919 3190 1076 3253 ὄντος
1113 3191 1286 3256 θέσις,
1320 3192 1422 3262 οὐχ
1469 3194 1505 3262 ή
1559 3190 1658 3246 τοῦ
1696 3193 1774 3264 μὴ
1807 3193 1962 3258 ὄντος

2065 3201 2220 3272 ειυοά
2243 3201 2366 3256 sine
2390 3202 2680 3272 principio.
2707 3213 2801 3258 aut
2829 3205 3109 3274 ingenitus
3141 3209 3232 3260 sit.
3278 3207 3433 3263 Nulla
3482 3225 3644 3264 nam-

381 3280 689 3350 ἀνκίρεσις.
723 3280 864 3336 Οῦτε
892 3282 925 3353 ή
961 3283 1107 3355 ἀρχὴ
1135 3283 1215 3354 τῷ
1246 3284 1392 3356 ἀρχὴ
1417 3280 1560 3341 εἶναι
1589 3286 1686 3340 τοῦ
1714 3287 1959 3360 ἁνάρχου

2065 3306 2174 3362 que
2213 3301 2408 3346 natura
2434 3293 2791 3348 constituitur
2827 3310 2892 3349 ex
2923 3309 3012 3356 eo,
3042 3297 3186 3364 quod
3241 3297 3344 3352 hoc
3375 3309 3469 3353 aut
3520 3301 3653 3355 illud

379 3370 707 3443 διείργεται.
739 3373 816 3426 Οὐ
846 3374 956 3444 γὰρ
991 3374 1154 3443 φύσις
1184 3375 1337 3446 αὑτῷ
1375 3378 1409 3448 ή
1435 3377 1604 3449 ἀρχή,
1637 3378 1963 3450 ὦσπεροῠδ’

382 3461 581 3531 δκείνῳ
615 3462 678 3515 τὸ
715 3464 976 3535 ἄναρχον.
1016 3465 1151 3536 Περὶ
1171 3465 1282 3538 γὰρ
1312 3467 1419 3537 τὴν
1460 3467 1646 3537 φύσιν,
1675 3470 1742 3524 οὐ
1783 3471 1963 3526 ταῦτα

380 3552 566 3620 φύσις.
612 3556 723 3609 Καὶ
773 3555 836 3608 τὸ
891 3555 1032 3626 μετὰ
1066 3555 1160 3611 τοῦ
1195 3558 1463 3630 ἀνάρχου,
1509 3562 1737 3631 καὶτῆς
1785 3563 1962 3634 ἀρχῆς

379 3645 483 3699 οὐκ
538 3645 669 3700 ἄλλο
711 3664 788 3713 τι,
841 3649 876 3720 ἢ
924 3649 1061 3719 ὅπερ
1114 3650 1318 3705 ἐκεῖνα.
1359 3651 1570 3723 Ὄνομα
1616 3654 1673 3708 δὲ
1733 3655 1813 3726 τῷ
1861 3655 1962 3725 μὲν

379 3735 606 3806 ἁνάρχῳ
636 3738 847 3809 Πατὴρ,
881 3743 948 3812 τῇ
993 3740 1051 3794 δὲ
1108 3742 1254 3814 ἀρχῆ
1289 3743 1438 3808 Υἱὸς,
1471 3743 1552 3815 τῷ
1594 3745 1652 3800 δὲ
1685 3748 1825 3816 μετὰ
1856 3747 1960 3818 τῆς

378 3831 560 3901 ἀρχῆς
611 3830 837 3902 Πνεῦμα
902 3831 1081 3902 ἅγιον.
1150 3835 1316 3908 Φύσις
1363 3835 1422 3889 δὲ
1473 3839 1586 3901 τοῖς
1625 3842 1774 3910 τρισὶ
1836 3842 1956 3910 μία,

383 3924 540 3990 Θεὸς,
568 3925 766 3988 ἓνωσις
804 3926 863 3980 δὲ
892 3929 921 3980 ὁ
965 3927 1178 3998 Πατὴρ,
1211 3930 1269 3994 ἐξ
1300 3925 1382 3994 οὗ,
1425 3933 1520 3985 καί⁵
1555 3934 1693 4004 πρὸς
1727 3935 1789 3989 δν
1829 3937 1959 3990 ἀνά-

380 4032 539 4083 γεται
566 4016 634 4070 τὰ
665 4017 813 4089 ἑξῆς,
849 4020 949 4088 οὐχ
986 4018 1060 4082 ὡς
1091 4020 1542 4090 συναλείφεσθαι,
1573 4023 1690 4077 ἀλλ’
1714 4024 1790 4088 ὡς
1829 4025 1951 4095 ἕχε-

381 4115 530 4179 σθαι,
576 4113 717 4183 μήτε
777 4115 972 4185 χρόνου
1020 4116 1374 4184 διείργοντος,
1419 4118 1562 4187 μήτε
1621 4118 1957 4190 θελήματος,

382 4206 521 4275 μήτε
557 4205 866 4277 δυνάμεως.
895 4207 1084 4264 Ταῦτα
1117 4209 1226 4279 γὰρ
1253 4211 1402 4281 ἡμᾶς
1439 4211 1615 4265 πολλὰ
1670 4208 1819 4266 εἶναι
1853 4231 1960 4266 ⁴σιτε-

378 4298 630 4368 ποίηκεν,
659 4300 827 4354 αὐτοῦ
855 4319 910 4354 τε
947 4301 1182 4355 ἑκάστου
1207 4303 1342 4368 πρὸς
1369 4303 1555 4366 ἑαυτὸ,
1584 4309 1679 4357 καὶ
1731 4305 1870 4377 πρὸς
1899 4307 1959 4360 τὸ

376 4390 566 4461 ἓτερον
601 4392 1009 4457 στασιάζοντος.
1025 4389 1123 4456 Οἷς
1150 4393 1208 4446 δὲ
1237 4395 1383 4462 ἁπλῆ
1410 4395 1595 4464 φύσις,
1615 4394 1708 4450 καὶ
1739 4395 1800 4448 τὸ
1815 4391 1959 4450 εἶναι

379 4485 604 4548 ταυτὸν,
636 4484 853 4548 τούτοις
888 4487 984 4539 καὶ
1018 4487 1081 4540 τὸ
1114 4486 1174 4539 ἓν
1205 4487 1423 4558 κιῖριον.

2063 3397 2177 3437 non
2207 3384 2298 3447 sit,
2320 3384 2415 3439 sed
2449 3385 2594 3454 quod
2624 3384 2730 3439 hoc
2775 3390 2866 3440 sit.
2930 3386 3023 3441 Est
3058 3388 3206 3441 enim
3259 3391 3653 3459 positioillius,

2061 3474 2330 3544 quodest,
2356 3490 2468 3530 non
2495 3487 2679 3530 autem
2719 3477 2920 3532 ablatio
2975 3478 3140 3540 illius,
3171 3482 3328 3548 jquod
3383 3498 3494 3536 non
3545 3493 3650 3538 est.

2064 3563 2252 3634 Neque
2285 3565 2618 3635 principium
2653 3583 2720 3621 ex
2743 3583 2832 3631 eo,
2861 3569 3008 3638 quod
3038 3570 3372 3639 principium
3412 3583 3516 3638 est,
3581 3575 3652 3628 ab

2065 3669 2155 3720 eo,
2195 3655 2288 3725 qui
2311 3656 2431 3712 sine
2460 3657 2735 3728 principio
2764 3669 2869 3726 est,
2917 3663 3205 3722 dividitur.
3259 3664 3448 3734 Neque
3503 3667 3650 3720 enim

2063 3754 2257 3801 natura
2289 3747 2617 3817 principium
2656 3759 2760 3816 est,
2782 3755 3240 3820 quemadmodum
3273 3772 3374 3810 nec
3405 3757 3526 3825 ejus
3558 3771 3655 3811 na-

2064 3847 2206 3900 tura,
2230 3839 2322 3906 qui
2353 3839 2686 3911 principium
2724 3858 2833 3895 non
2894 3844 3083 3908 habet,
3122 3855 3209 3899 est
3267 3847 3411 3901 illud
3466 3847 3650 3916 ipsum

2060 3927 2203 3996 quod
2240 3938 2397 3982 vacat
2420 3929 2716 3999 principio.
2751 3931 2874 3986 Haec
2905 3935 3074 3998 enim,
3095 3950 3317 4003 nempe.
3342 3938 3462 3989 sine
3490 3938 3649 4004 prino

2061 4019 2208 4087 cipio
2235 4033 2358 4074 esse
2385 4061 2400 4082 ,
2429 4030 2485 4074 et
2519 4037 2642 4077 esse
2699 4026 3058 4092 principium,
3115 4028 3181 4080 ad
3222 4036 3472 4082 naturam
3531 4044 3652 4098 spe-

2061 4116 2230 4173 ctant,
2255 4124 2365 4162 non
2393 4119 2574 4164 autem
2607 4120 2811 4166 natura:
2841 4123 2988 4168 sunt.
3020 4115 3152 4170 Illud
3178 4117 3362 4178 etiam,
3395 4116 3650 4172 nimirum

2061 4212 2181 4253 esse
2207 4213 2329 4252 cum
2355 4197 2466 4265 illo,
2501 4199 2592 4266 qui
2627 4199 2890 4268 principio
2925 4211 3101 4268 vacat,
3155 4212 3212 4257 et
3267 4217 3392 4256 cum
3434 4217 3503 4256 eo
3552 4204 3650 4272 qui

2060 4288 2394 4359 principium
2427 4289 2613 4344 itidem
2643 4291 2831 4344 habet.
2858 4290 3068 4345 Nomen
3139 4307 3266 4346 veno
3314 4291 3486 4356 illius,
3545 4293 3638 4361 qui

2060 4393 2172 4434 non
2202 4379 2372 4435 habet
2400 4381 2762 4450 principium,
2795 4391 2880 4437 est
2912 4381 3090 4438 Pater.
3129 4383 3260 4452 Ejus
3302 4392 3486 4437 autem
3545 4383 3641 4456 qui

2061 4480 2146 4526 est
2169 4471 2521 4542 principium,
2546 4473 2736 4527 Filius.
2767 4477 2837 4527 At
2875 4475 3042 4542 illius,
3076 4477 3166 4545 qui
3191 4492 3318 4530 cum
3373 4476 3644 4546 principio

377 4583 484 4638 est,
509 4574 749 4644 Spiritus
780 4589 1022 4633 sanctus.
1073 4579 1282 4635 Horum
1353 4582 1516 4636 trium
1574 4599 1682 4637 una
1730 4593 1949 4640 natura.
2010 4584 2208 4641 Unitas
2235 4587 2414 4652 Pater,
2465 4603 2533 4643 ex
2561 4603 2670 4657 quo
2701 4599 2852 4654 sunt,
2907 4599 2960 4644 et
2984 4589 3051 4645 ad
3105 4605 3270 4659 quem
3328 4591 3648 4647 referuntur

381 4667 594 4737 reliqui,
623 4685 732 4724 non
766 4680 825 4725 ut
861 4671 917 4724 in
953 4685 1060 4726 una
1108 4671 1514 4728 confundantur
1564 4690 1823 4746 persona,
1882 4677 1979 4732 sed
2032 4676 2201 4732 utsic
2236 4680 2376 4734 inter
2407 4696 2466 4736 se
2491 4681 2734 4737 vicissim
2793 4681 3054 4745 habeant,
3085 4696 3210 4736 cum
3247 4683 3300 4737 id
3355 4697 3456 4736 nec
3503 4691 3647 4736 tem'

382 4775 505 4828 pus,
540 4776 641 4815 nec
669 4763 943 4826 voluntas,
970 4778 1074 4818 nec
1119 4773 1362 4835 potestas
1407 4766 1691 4836 impediat,
1757 4784 1880 4837 quae
1932 4769 2112 4823 solent
2173 4786 2293 4826 esse
2349 4787 2552 4837 causae,
2609 4787 2711 4827 cur
2763 4788 2865 4828 nos
2917 4773 2974 4827 in
3024 4774 3190 4828 multa
3247 4775 3644 4842 distrahamur,

379 4869 484 4907 nec
509 4855 685 4910 solum
714 4858 784 4912 ab
848 4856 994 4922 aliis,
1026 4872 1215 4912 verum
1252 4860 1418 4914 etiam
1481 4877 1516 4916 a
1574 4862 1737 4918 nobis
1768 4862 1879 4932 ipsi
1918 4862 2206 4921 distemus.
2248 4864 2319 4921 At
2353 4883 2587 4938 quorum
2632 4876 2827 4922 natura
2876 4867 3111 4938 simplex
3157 4876 3261 4936 est,
3309 4869 3350 4923 ii
3399 4879 3455 4925 et
3501 4868 3646 4924 idem

377 4960 522 5012 esse,
575 4955 632 5002 et
658 4963 826 5002 unum
849 4963 974 5002 esse
1006 4948 1226 5017 proprie
1251 4949 1535 5006 dicuntur.
1589 4972 1597 5006 :

451 5035 566 5094 Τὰς
600 5037 700 5105 μὲν
730 5035 824 5089 οὖν
850 5037 1192 5106 φιλονεικους
1222 5038 1317 5091 ἐπὶ
1372 5042 1582 5113 θάτερα
1613 5041 1962 5111 μετακλίσεις

2137 5047 2527 5104 Contentiosas
2563 5065 2690 5104 vero
2716 5049 2769 5104 in
2800 5053 3119 5108 alterutram
3146 5056 3413 5109 sermonis
3431 5063 3642 5124 partem

387 5126 486 5183 τοῦ
556 5128 744 5197 λόγου,
809 5129 908 5182 καὶ
953 5128 1353 5200 ἀντισηκώσεις
1415 5133 1629 5201 χαίρειν
1684 5133 1958 5202 ἐάσωμεν,

383 5218 510 5272 οῦτι
534 5219 612 5290 τῷ
633 5219 712 5273 ἐνὶ
737 5220 1157 5286 σαόελλίζοντες
1181 5221 1325 5276 κατὰ
1353 5222 1461 5277 τῶν
1483 5223 1674 5293 τριῶν,
1708 5226 1802 5279 καὶ
1830 5243 1959 5280 συν-

382 5314 598 5384 αιρέσει
639 5315 784 5383 κακῇ
817 5313 924 5384 τὴν
970 5313 1239 5384 διαίρεσιν
1265 5313 1510 5378 λύοντες,
1536 5315 1664 5368 οῦτε
1691 5320 1806 5380 τοῖς
1836 5335 1959 5391 τρι-

382 5407 470 5460 σὶν
501 5404 911 5476 ἀρειανίζοντες
929 5408 1074 5460 κατὰ
1103 5407 1201 5461 τοῦ
1232 5409 1376 5475 ἐνὸς,
1426 5407 1522 5462 καὶ
1549 5412 1763 5481 πονηρᾷ
1819 5411 1961 5465 διαι-

384 5499 532 5567 ρέσει
560 5499 621 5552 τὸ
685 5499 744 5554 ἒν
792 5500 1215 5571 ἀνατρέποντες.
1260 5501 1337 5557 Οὐ
1393 5503 1502 5571 γὰρ
1557 5502 1730 5556 κακοῦ
1792 5503 1962 5557 κακὸν

381 5588 729 5655 ἀλλάξασθαι
759 5589 821 5643 τδ
843 5590 1009 5659 ζητού
1021 5587 1206 5660 μενον,
1233 5591 1372 5647 ἀλλὰ
1399 5592 1492 5645 τοῦ
1525 5591 1692 5645 καλοῦ
1763 5593 1830 5646 τὸ
1887 5593 1963 5664 μὴ

381 5681 724 5752 διαμαρτεῖν.
777 5682 864 5744 Ὠς
918 5682 1099 5740 ταῦτά
1144 5701 1210 5753 γε
1259 5684 1357 5738 τοῦ
1412 5685 1654 5755 πονηροῦ
1714 5684 1962 5755 παίγνια,

386 5772 575 5836 κακῶς
614 5774 684 5826 τὰ
730 5775 981 5845 ἡμέτερα
1041 5774 1484 5840 ταλαντεύοντος.
1551 5777 1717 5830 Αὐτοὶ
1762 5777 1820 5830 δὲ
1866 5777 1962 5849 τὴν

389 5864 564 5938 μέσην
595 5865 928 5939 βαδίζοντες,
967 5871 1063 5925 καὶ
1104 5867 1416 5942 βασιλικὴν,
1467 5872 1526 5926 ὲν
1557 5863 1592 5946 ᾖ
1621 5870 1716 5929 καὶ
1762 5869 1824 5925 τὸ
1853 5871 1961 5928 τῶν

2057 5139 2452 5194 declinationes
2503 5141 3092 5214 compensationesque
3118 5145 3302 5198 valere
3323 5143 3637 5212 jubeamus.

2057 5225 2136 5280 Ne
2161 5227 2246 5280 vel
2275 5226 2329 5280 in
2365 5243 2476 5282 uno
2507 5237 2696 5284 contra
2721 5237 2834 5287 tres
2861 5231 3163 5288 Sabellium
3195 5233 3362 5288 secuti
3388 5232 3638 5302 improba

2057 5317 2432 5372 contractione
2468 5319 2880 5376 distinctionem
2904 5334 3217 5380 evertamus
3248 5341 3262 5376 :
3321 5322 3402 5376 vel
3429 5322 3484 5374 in
3546 5323 3642 5376 tri-

2057 5406 2161 5463 bus
2183 5416 2375 5462 contra
2424 5423 2596 5463 unum
2663 5411 2803 5466 Ario
2833 5411 3084 5467 faventes
3151 5411 3420 5466 divisione
3472 5425 3639 5479 prava

2061 5497 2325 5552 unitatem
2364 5499 2748 5559 dissolvamus.
2773 5501 2896 5556 Non
2926 5504 3071 5557 enim
3105 5500 3305 5554 malum
3327 5500 3472 5554 malo
3497 5516 3641 5555 com-

2062 5599 2277 5644 mutare
2297 5594 2616 5659 quaerimus,
2641 5595 2735 5648 sed
2769 5609 2800 5648 a
2834 5593 2987 5648 bono
3014 5608 3126 5647 non
3155 5593 3438 5649 aberrare.
3500 5593 3639 5649 Illud

2059 5679 2205 5735 enim
2232 5680 2501 5735 ludicrum
2544 5685 2775 5751 improbi
2833 5683 3144 5754 cujuspiam
3194 5684 3286 5749 sit,
3345 5687 3486 5741 male
3545 5701 3636 5740 res

2061 5782 2274 5829 nostras
2302 5775 2682 5844 expendentis.
2721 5775 2906 5845 Itaque
2946 5791 3066 5843 nos,
3120 5793 3219 5847 per
3274 5778 3508 5833 mediam
3571 5792 3640 5833 ac

2061 5867 2266 5938 regiam
2325 5867 2644 5927 incedentes
2699 5869 2864 5939 viam,
2901 5871 2956 5926 in
3016 5886 3122 5942 qua
3153 5871 3414 5928 virtutum
3467 5869 3636 5926 etiam
