4060 6278
432 380 534 445 83-
1691 383 2075 445 EUTHYMII
2111 383 2469 445 ZIGABENI
3617 369 3685 438 8⁴ι

433 490 676 562 graditur
708 491 932 556 chorus,
976 502 1033 549 ut
1065 500 1319 550 asserunt
1348 492 1444 557 illi,
1470 493 1562 564 qui
1619 494 1674 548 in
1736 495 2008 564 ejusmodi

2120 496 2328 566 ἀρετῶν
2366 497 2627 568 ἕστηκεν,
2665 496 2742 561 ὡς
2777 496 3066 559 δοκεῖτοῖς
3113 495 3284 550 ταῦτα
3316 492 3534 556 δεινοῖς,
3590 510 3687 545 πι-

435 582 618 637 studiu
650 592 934 653 praestant,
958 586 1232 640 credimus
1264 585 1318 638 in
1371 584 1608 652 Patrem,
1670 574 1732 641 et
1792 585 2014 651 Filium,

438 684 494 728 ct
525 672 788 743 Spiritum
812 685 1081 737 sanctum,
1113 690 1416 744 eorumque
1471 690 1634 731 unam
1657 686 1713 731 et
1765 676 2015 731 eamdem

436 773 685 818 naturam
713 779 839 819 esse
876 763 1110 819 dicimus
1141 772 1196 818 et
1225 764 1567 835 dignitatem.
1622 766 1678 820 In
1704 766 1791 821 his
1846 775 1902 820 et
1920 767 2016 821 ba-

450 854 1061 925 ptisma-perl‘ectionem
1089 855 1277 921 habet,
1310 866 1364 910 et
1399 857 1454 911 in
1477 858 1813 921 nominibus,
1851 867 1905 912 et
1960 858 2015 912 in

440 944 623 999 rebus.
649 945 898 1015 Abnegas
941 942 1087 999 enim
1116 954 1175 999 ut
1204 946 1343 1000 nosti
1391 956 1471 1012 tu,
1496 948 1586 1017 qui
1614 948 1872 1012 initiaris,
1911 948 2014 1004 im-

440 1032 696 1101 pietatem
724 1033 966 1097 illorum,
988 1034 1079 1105 qui
1116 1033 1338 1102 Filium,
1374 1047 1470 1091 aut
1497 1036 1768 1108 Spiritum
1822 1038 2016 1095 volunt

435 1138 559 1178 esse
585 1122 786 1191 Deum,
811 1124 1014 1195 quique
1044 1125 1282 1192 Patrem,
1308 1137 1362 1183 et
1390 1127 1608 1195 Filium,
1642 1139 1699 1184 et
1747 1128 2015 1200 Spiritum

440 1214 799 1269 commiscent
841 1225 1006 1286 atque
1034 1217 1397 1285 confundunt,
1430 1229 1485 1274 et
1511 1220 1822 1276 distinctam
1853 1232 2017 1291 atque

438 1316 601 1356 unam
634 1302 978 1362 divinitatem
1013 1307 1319 1361 conﬁteris.
1381 1307 1554 1375 Quem
1610 1310 1775 1381 igitur
1820 1320 2015 1366 natura

437 1409 606 1448 unum
635 1397 980 1466 agnoscimus
1003 1408 1057 1452 ct
1081 1399 1394 1465 adoramus,
1434 1400 1486 1454 in
1528 1408 1638 1455 tres
1675 1401 2014 1472 bypostases,

438 1484 556 1540 sive
579 1500 869 1555 personas,
896 1488 941 1542 si
980 1488 1068 1543 cui
1101 1504 1162 1543 ea
1194 1505 1289 1543 vox
1315 1490 1485 1560 magis
1524 1490 1722 1561 placet,
1778 1493 1851 1547 ita
1903 1492 2015 1548 dis-

440 1575 756 1648 tinguimus.
789 1577 977 1649 Neque
1008 1580 1153 1634 enim
1191 1581 1281 1651 qui
1338 1581 1407 1636 de
1453 1583 1722 1653 ejusmodi
1789 1585 2016 1641 vocibus

439 1665 829 1736 digladientur,
868 1686 947 1736 se,
983 1686 1106 1726 cum
1144 1672 1292 1727 idem
1319 1675 1581 1744 sentiant,
1612 1676 1852 1733 vicissim
1915 1677 2014 1733 de-

434 1759 571 1814 bent
594 1760 874 1827 insectari,
902 1763 1130 1834 perinde
1160 1765 1317 1835 quasi
1350 1765 1524 1836 pictas
1566 1768 1623 1822 in
1673 1767 1876 1833 verbis,
1951 1784 2016 1823 ac

440 1862 555 1902 non
624 1851 679 1904 in
731 1833 917 1908 rebus,
969 1855 1104 1925 ipsis
1152 1833 1438 1914 consistat.
1485 1858 1625 1923 Quid
1651 1859 1799 1915 enim
1833 1860 2017 1915 dicitis
2047 1833 2089 1887 Β

438 1955 559 2006 vos,
590 1943 681 2012 qui
709 1952 821 1999 tres
846 1944 1053 2001 aﬂ‘ertis
1076 1947 1432 2018 hypostases?
1461 1950 1602 2004 Num
1629 1960 1738 2006 tres
1761 1966 1883 2005 esse
1916 1966 2018 2006 na-

442 2041 597 2089 turas
626 2034 952 2093 existimatis
977 2037 1000 2092 ?
1029 2039 1382 2108 respondete.
1421 2039 1549 2095 Scio
1581 2056 1676 2096 vos
1705 2056 1824 2097 esse
1846 2041 2021 2095 recla-

435 2134 704 2192 maturos,
754 2128 799 2182 si
837 2128 960 2197 quis
994 2130 1063 2184 ita
1096 2130 1162 2184 de
1194 2131 1345 2186 vobis
1372 2135 1705 2201 suspicetur.
1757 2132 1897 2199 Quid
1928 2150 2025 2188 au-

437 2225 547 2270 tem
588 2233 705 2285 vos,
730 2220 820 2289 qui
881 2236 1146 2290 personas
1205 2223 1498 2290 adducitis,
1553 2240 1797 2279 unumne
1863 2225 2024 2296 quid-

443 2308 593 2377 piam
626 2312 1017 2381 cempositum,
1073 2323 1129 2369 et
1184 2314 1359 2370 tribus
1402 2304 1692 2383 praeditum
1748 2317 2022 2383 personis,

440 2400 762 2457 ethominis
810 2404 1039 2458 omnino
1065 2404 1259 2461 faciem
1318 2408 1614 2476 praeferens
1667 2408 2024 2477 conﬁngitis?

439 2493 646 2563 Apage,
684 2509 783 2548 vos
818 2493 949 2548 item
986 2496 1145 2551 valde
1180 2496 1571 2551 reclamaturos
1619 2499 1758 2561 scio,
1802 2497 2017 2552 Nullam

438 2582 591 2637 enim
612 2584 879 2654 ejusmodi
908 2600 1031 2640 esse
1063 2600 1353 2655 personam
1387 2585 1504 2641 Dei.
1532 2580 1675 2651 Quid
1738 2602 1872 2657 ergo
1924 2602 2019 2642 ve-

440 2682 573 2728 strae
606 2675 764 2730 vobis
788 2675 977 2729 volunt
1001 2676 1372 2747 hypostascs?
1402 2685 1497 2732 ant
1548 2691 1768 2731 rursum
1827 2686 2021 2732 vestra:

436 2767 593 2821 vobis
624 2767 914 2836 personae?
951 2767 1060 2823 Vos
1090 2768 1235 2822 enim
1255 2768 1451 2822 iterum
1478 2768 1840 2840 interrogabo.
1872 2767 2021 2823 Non-

440 2871 512 2912 ne
537 2842 747 2912 itatres
776 2872 917 2922 esse,
955 2867 1015 2913 ut
1069 2874 1182 2913 non
1242 2867 1435 2913 natura
1499 2856 1682 2924 divisi,
1736 2857 1832 2913 sed
1893 2873 2020 2928 pro—

2118 589 2384 658 στεύομεν
2422 588 2504 651 είς
2543 589 2769 659 Πατέρα
2789 589 2884 642 καὶ
2915 587 3045 640 Υίδν
3072 588 3170 640 καὶ
3228 584 3456 653 Πνεῦμα
3506 583 3685 649 ἀγιον,

2116 679 2385 750 ὑμοούσιά
2434 696 2496 733 τε
2531 681 2629 735 καὶ
2655 679 2913 749 ὸμόδοξα,
2941 680 3000 733 ιν
3035 675 3120 740 οἷς
3150 677 3247 731 καὶ
3303 676 3367 730 τὸ
3400 676 3686 745 βάπτισμα

2115 771 2216 842 τὴν
2252 772 2533 826 τελείωσιν
2560 772 2675 843 ἔχει
2713 772 2772 825 εν
2797 788 2857 825 τε
2912 771 3142 838 ὀνόμασι
3193 770 3295 822 καὶ
3342 766 3685 837 πράγμασιν.

2118 862 2280 926 Οἶδας
2310 866 2338 918 ὸ
2372 863 2627 936 μυηθεὶς,
2665 866 2895 935 ἄρνησις
2924 861 2985 915 δν
3020 862 3231 926 άθεῐας,
3285 860 3383 914 καὶ
3427 856 3690 928 ὁμολογία

2118 959 2390 1029 θεότητος,
2418 960 2514 1013 καὶ
2539 958 2685 1013 οὕτω
2713 957 3159 1030 ηταρτιζὸμεθα
3183 973 3201 990 ο
3253 955 3313 1009 τὸ
3362 956 3461 1024 μὲν
3503 956 3563 1007 ιν
3621 957 3686 1025 τῇ

2116 1052 2279 1124 οὐσίᾳ
2300 1051 2693 1120 γινώσκοντες,
2734 1051 2831 1106 καὶ
2878 1051 2939 1105 τὸ
2976 1050 3261 1119 ἀμερίστῳ
3297 1051 3397 1116 τῆς
3448 1063 3690 1116 προσκυ-

2116 1146 2349 1214 νήσεως,
2375 1145 2445 1198 τά
2478 1145 2534 1198 δὲ
2563 1145 2692 1216 τρία
2729 1146 2851 1207 ταῖς
2878 1143 3243 1196 ύποστάσισιν
3261 1140 3360 1193 εἴτ’
3394 1137 3487 1191 οῦν
3513 1153 3692 1205 προσ-

2117 1237 2313 1303 ώποις,
2364 1237 2392 1291 δ
2414 1253 2526 1290 τισι
2559 1236 2735 1305 φίλον.
2766 1234 2920 1305 Μηδὲ
2943 1234 3053 1304 γὰρ
3082 1234 3133 1285 oi
3172 1233 3303 1303 περὶ
3326 1231 3503 1284 ταῦτα
3529 1229 3691 1296 ζυγο-

2120 1326 2425 1397 μαχοῦντες
2485 1327 2998 1397 άσχημονείτωσαν,
3071 1325 3263 1395 ὥσπερ
3341 1325 3400 1377 έν
3461 1323 3690 1390 ὀνόμασι

2118 1418 2382 1488 κειμένης
2417 1420 2548 1488 ἡμῖν
2578 1417 2681 1487 τῆς
2727 1417 3034 1480 εὐσεϐείας,
3099 1415 3217 1471 ἀλλ’
3263 1415 3364 1468 οὑκ
3417 1416 3476 1467 ὲν
3510 1412 3691 1482 πράγ-

2118 1527 2273 1580 ματι.
2310 1511 2373 1563 Τί
2405 1513 2514 1583 γάρ
2552 1527 2689 1581 φατε
2731 1511 2782 1563 οί
2818 1510 2921 1573 τὰς
2944 1511 3095 1580 τρεῖς
3128 1508 3462 1568 ὑποστάσεις
3501 1504 3718 1582 εἰσφέέλ

2122 1620 2312 1673 ροντες
2348 1620 2363 1670 ;
2399 1604 2495 1673 Μὴ
2546 1603 2699 1673 τρεῖς
2741 1601 2932 1663 οὐσίας
2996 1598 3476 1666 ὑπολαμϐάνοντες
3532 1595 3694 1649 τοῦτο

2117 1694 2341 1763 λέγετε;
2392 1694 2557 1762 Μέγα
2610 1689 2711 1747 οἷδ’
2756 1695 2839 1747 ὅτι
2890 1692 3114 1761 βοήσετε
3157 1690 3301 1743 κατά
3359 1689 3468 1742 τῶν
3516 1686 3693 1750 οὕτως

2119 1785 2521 1856 ύπειληφότων.
2564 1786 2715 1838 Μίαν
2745 1784 2856 1855 γάρ
2906 1784 3002 1837 καὶ
3035 1783 3134 1853 τὴν
3165 1782 3338 1853 αὐτὴν
3375 1781 3486 1834 τῶν
3521 1778 3694 1849 τριῶν

2118 1874 2503 1945 δογματίζετε.
2536 1875 2602 1928 Τί
2630 1874 2686 1926 δὲ
2714 1876 2762 1927 οἱ
2794 1874 2862 1927 τὰ
2895 1873 3193 1941 πρόσωπα,
3255 1873 3331 1943 μὴ
3397 1872 3455 1924 ἓν
3498 1866 3613 1924 οἷον
3636 1886 3692 1923 τι

2122 1966 2384 2020 σύνθετον
2411 1964 2812 2025 άναπλάσσετε,
2832 1964 2926 2018 καὶ
2956 1964 3365 2033 τριπρόσωπον,
3396 1961 3430 2031 ἦ
3480 1961 3694 2031 ἀνθρωο

2119 2059 2403 2129 πὸμορφον
2432 2057 2606 2124 δλως;
2655 2058 2894 2124 Ἄπαγε,
2932 2058 3046 2110 ικαὶ
3106 2056 3265 2125 ὑμεῖς
3315 2053 3693 2122 άντιϐοήσετε,

2120 2152 2274 2221 Μηδὲ
2302 2152 2595 2221 πρόσωπον
2624 2150 2652 2203 ὃ
2679 2149 2734 2202 τί
2764 2150 2896 2202 ποτέ
2945 2150 3095 2203 ἐστιν
3122 2149 3220 2201 ίδοι
3250 2147 3413 2212 Θεοῦ,
3441 2146 3500 2207 ὸς
3521 2145 3697 2206 οὕτως

2129 2240 2265 2310 ἔχει.
2300 2242 2367 2294 Τί
2401 2235 2496 2294 οὖν
2525 2241 2653 2310 ὑμῖν
2681 2239 2741 2292 αἱ
2772 2239 3101 2301 ὑποστάσεις
3138 2236 3442 2307 βούλονται,
3477 2237 3509 2306 ἦ
3563 2235 3697 2303 ὑμῖν

2123 2336 2193 2386 τά
2242 2332 2549 2402 «966qu;
2582 2331 3002 2401 Προσερήσομαι
3060 2329 3196 2399 γάρ.
3253 2329 3326 2380 Τὸ
3372 2328 3499 2394 τρία
3551 2321 3696 2378 εἶναι

2122 2426 2195 2476 τὰ
2213 2423 2571 2493 διαιρούμενα
2604 2422 2664 2474 ού
2698 2419 2951 2491 φύσεσιν,
2980 2420 3096 2474 ἀλλ’
3143 2420 3402 2488 ἰδιότησιν
3431 2436 3448 2485 ;
3491 2406 3696 2486 Ύττέρο

2123 2531 2273 2583 ευγε.
2330 2515 2455 2577 Πῶς
2497 2514 2565 2568 άν
2609 2530 2755 2576 τινες
2810 2514 3172 2583 συμφρονοῖεν
3240 2510 3441 2581 μᾶλλον
3492 2510 3588 2562 καὶ
3634 2506 3700 2560 τὸ

2121 2607 2252 2681 αὐτὸ
2280 2607 2513 2683 λέγοιεν,
2552 2606 2586 2677 ἢ
2621 2604 2799 2669 οὕτως
2828 2605 3069 2675 ἔχοντες,
3115 2604 3217 2659 κᾶν
3245 2605 3365 2665 ταῖς
3397 2600 3695 2664 συλλαϐαῖς

2124 2698 2457 2768 διαφέρωσιν
2485 2715 2501 2764 ;
2543 2695 2738 2768 Ὀρᾶτε
2759 2695 2874 2760 οἷος
2902 2696 3014 2766 ἐγὼ
3052 2695 3375 2764 διαλλακτὴς
3396 2696 3525 2762 ύμῖν
3558 2692 3698 2763 πρὸς

2122 2790 2219 2844 τὸν
2247 2789 2372 2844 νοῦν
2390 2790 2542 2856 ἄγων
2570 2789 2680 2843 άιιὸ
2699 2788 2793 2843 τοῦ
2824 2789 3190 2861 γράμματος,
3213 2786 3407 2856 ὥσπερ
3436 2783 3535 2855 τὴν
3592 2799 3699 2836 τια-

2124 2878 2309 2944 ,λαιάν,
2341 2880 2438 2934 καὶ
2463 2880 2563 2948 τὴν
2586 2880 2752 2945 νέαν;

441 2970 773 3039 prictatibus
826 2972 1073 3029 distincti
1104 2948 1251 3029 sint?
1306 2973 1547 3045 Optime.
1593 2973 1880 3040 Quomodo
1918 2971 2133 3047 possint
2175 2973 2345 3043 aliqui
2396 2976 2567 3046 magis
2633 2974 2776 3030 inter
2822 2990 2882 3030 se
2933 2975 3250 3039 convenire,
3302 2982 3360 3028 et
3404 2972 3547 3028 idem
3610 2968 3696 3023 di-

440 3080 597 3131 cere,
631 3081 792 3135 quam
818 3067 912 3137 qui
956 3067 1032 3122 ita
1084 3068 1352 3132 sentiunt,
1413 3068 1540 3124 licet
1581 3068 1762 3123 verbis
1811 3077 1868 3124 et
1920 3067 2208 3126 vocabulis
2252 3066 2604 3136 discrepent?
2663 3069 2912 3133 cernitis,
2963 3068 3179 3138 qualem
3227 3083 3314 3123 me
3354 3066 3513 3122 vobis
3558 3080 3695 3120 con-

438 3163 742 3218 ciliatorem
776 3162 1087 3231 prabeam?
1121 3161 1244 3228 Quo
1300 3172 1464 3233 pacto
1512 3179 1546 3218 a
1597 3163 1891 3219 verborum
1933 3162 2334 3236 signiﬁcatione
2369 3162 2439 3218 ad
2472 3162 2648 3234 ipsam
2701 3179 2840 3230 rem,
2875 3163 3241 3233 eumdemque
3285 3177 3509 3217 sensum
3577 3172 3695 3217 tum

441 3263 705 3319 veterem,
737 3267 851 3311 tum
884 3271 1080 3311 novam
1098 3256 1412 3326 Opinionem
1446 3258 1760 3314 deducam?

509 3348 617 3404 Sed
653 3347 993 3403 redeundum
1026 3348 1095 3402 ad
1161 3349 1523 3418 propositum.
1568 3350 1723 3406 Alius
1788 3366 1919 3421 ergo
1968 3361 2022 3407 et

2195 3352 2345 3407 Ἀλλ’
2374 3352 2657 3407 ἐπανιτέον
2683 3369 2776 3423 μοι
2799 3353 2966 3407 πάλιν
2991 3353 3130 3425 πρὸς
3155 3354 3248 3408 τὸν
3296 3353 3463 3407 αὐτὸν
3506 3351 3689 3421 λόγον.

436 3441 674 3504 dicatur,
735 3450 791 3495 et
852 3440 1122 3497 sentiatur
1201 3441 1479 3510 ingenitus
1510 3482 1526 3507 ,
1575 3442 1716 3498 alius
1743 3443 2016 3514 Egenitus,

441 3529 583 3585 alius
618 3529 939 3599 procedens,
968 3528 1163 3598 siquis
1210 3528 1479 3600 ﬁngendis
1531 3532 1813 3588 vocabulis
1868 3534 2020 3590 deleo

444 3630 645 3678 etetur.
674 3618 795 3675 Non
823 3622 970 3675 enim
1002 3634 1215 3687 vereor,
1238 3636 1304 3676 ne
1334 3622 1426 3691 qui
1452 3634 1583 3678 sunt
1613 3635 1869 3694 expertes
1882 3642 2019 3681 cor-

437 3713 617 3784 poris,
646 3711 859 3769 ratione
893 3726 1159 3781 corporea
1211 3712 1540 3783 cogitentur,
1594 3722 1652 3769 ut
1703 3725 1901 3785 putant
1958 3716 2018 3783 ii,

451 3806 546 3876 qui
580 3805 929 3860 Divinitatem
954 3804 1386 3860 calumniantur.
1442 3807 1572 3872 Quae
1623 3816 1808 3862 autem
1833 3818 2017 3864 creata

441 3899 872 3964 sunt,dicantur
903 3897 996 3952 illa
1029 3898 1251 3968 quidem
1344 3913 1466 3953 esse
1521 3899 1636 3953 Dei.
1691 3900 1829 3955 Nam
1886 3900 2020 3956 illud

438 3992 602 4047 etiam
641 4006 895 4063 magnum
952 4007 981 4045 a
1046 3991 1206 4048 nobis
1262 3991 1661 4048 existimatur:
1711 3994 1806 4047 sed
1860 3993 2022 4060 nihil,

437 4083 588 4152 quod
639 4093 887 4139 creatum
940 4083 1013 4139 sit
1103 4082 1331 4138 omnino
1387 4083 1602 4138 dicatur
1686 4084 1853 4138 Deus.
1912 4084 2022 4138 Aut

440 4184 573 4227 tunc
605 4171 1053 4241 assentiar,un
1093 4180 1337 4227 creatum
1363 4171 1456 4237 sit,
1488 4187 1610 4227 esse
1644 4171 1839 4236 Deum,
1896 4188 2023 4227 cum

442 4279 545 4336 ego
570 4279 789 4333 quoque
845 4264 1066 4333 proprie
1122 4273 1179 4317 et
1215 4277 1348 4318 vere
1405 4262 1542 4318 deus
1593 4267 1876 4320 exstitero.
1929 4265 2023 4320 Sic

440 4355 588 4409 enim
621 4370 708 4409 res
737 4353 919 4408 habet.
976 4352 1035 4410 Si
1060 4353 1204 4409 Deus
1225 4362 1331 4418 est,
1369 4369 1482 4409 non
1504 4363 1591 4408 est
1638 4364 1875 4420 creatus,
1918 4356 2024 4411 hoc

440 4446 591 4499 enim
639 4444 696 4499 in
731 4458 853 4512 nos,
887 4444 980 4514 qui
1029 4444 1108 4500 dii
1141 4460 1251 4501 non
1285 4460 1496 4511 sumus,
1522 4445 1693 4501 cadit.
1716 4444 1815 4501 Sin
1867 4461 2023 4504 crea-

446 4546 534 4593 tus
558 4545 663 4604 est,
689 4552 801 4593 non
835 4546 919 4593 est
960 4536 1144 4593 Deus:
1185 4553 1311 4592 nam
1340 4547 1585 4608 tempore
1638 4537 1822 4607 aliquo
1854 4537 2023 4608 carpit

441 4646 585 4688 esse.
617 4631 771 4698 Quod
787 4645 908 4687 esse
945 4630 1134 4701 coepit,
1180 4630 1474 4700 aliquando
1513 4646 1622 4685 non
1680 4630 1802 4684 fuit.
1859 4630 2015 4698 Quod

441 4730 630 4778 autem
656 4737 783 4778 vere
839 4737 945 4776 non
976 4730 1079 4785 est,
1107 4721 1159 4777 id
1189 4721 1461 4791 quomodo
1492 4720 1667 4777 Deus?
1720 4720 1865 4776 Nihil
1918 4721 2020 4790 igi-
2049 4703 2091 4758 D

444 4823 553 4878 tur,
578 4816 723 4882 quod
746 4823 989 4868 creatum
1008 4822 1111 4878 est,
1142 4813 1334 4866 horum
1379 4810 1538 4866 trium
1564 4812 1731 4865 ullum
1760 4827 1882 4866 esse
1927 4827 2025 4882 po-

440 4914 584 4971 test;
606 4920 671 4958 ac
698 4905 869 4960 multo
894 4906 1097 4969 minus,
1133 4904 1276 4973 quod
1305 4904 1372 4957 ab
1406 4903 1627 4958 homine
1674 4901 1874 4957 factum
1917 4914 2022 4972 est,

442 5011 569 5051 cum
601 5010 712 5049 non
733 4994 901 5050 modo
925 5006 1167 5049 creatum
1194 4993 1283 5057 sit,
1317 4991 1411 5047 sed
1442 4992 1605 5046 etiam
1654 4991 1817 5045 vilius
1844 4993 2022 5047 homi-

444 5099 534 5147 tte,
559 5083 651 5152 qui
679 5082 808 5136 illud
832 5081 981 5136 fecit.
1021 5081 1158 5135 Nam
1188 5080 1235 5136 si
1297 5081 1462 5135 homo
1527 5081 1595 5135 ad
1643 5080 1866 5151 gloriam
1923 5081 2021 5137 Dei

446 5178 736 5241 tactusest,
765 5190 903 5245 opus
924 5183 1106 5229 autem
1138 5173 1375 5228 hominis
1422 5174 1491 5228 ad
1542 5173 1663 5242 ejus
1724 5173 2015 5235 utilitatem

2124 3446 2204 3498 Τὸ
2232 3446 2331 3516 μὲν
2367 3443 2463 3501 οὖν
2486 3448 2802 3516 ἀγέννητον,
2824 3445 3002 3499 καὶτὸ
3036 3445 3323 3515 γεννητὸν,
3379 3444 3474 3497 καὶ
3503 3443 3567 3497 τὸ
3596 3445 3693 3497 έκ-

2122 3533 2384 3602 πορευτὸν
2410 3532 2654 3601 λεγέσθω
2698 3550 2760 3586 τε
2794 3535 2888 3587 καὶ
2922 3534 3168 3599 νοείσθω,
3199 3535 3253 3587 εί
3278 3550 3354 3604 τῳ
3380 3532 3532 3602 φίλον
3596 3533 3694 3601 δη-

2122 3626 2408 3692 μιουργεῖν
2437 3624 2698 3692 ὀνόματα.
2725 3624 2801 3678 Ού
2826 3625 2935 3692 γάρ
2968 3624 3223 3693 δείσομεν
3259 3624 3469 3694 μήποτε
3497 3621 3693 3692 νοῆται

2125 3715 2458 3784 σωματικῶς
2488 3715 2557 3769 τά
2602 3716 2893 3782 ἀσώματα,
2944 3716 3084 3785 ὅπερ
3119 3716 3267 3769 δοκεῖ
3302 3717 3416 3778 τοῖς
3454 3717 3694 3784 ἐπηρεα-

2124 3809 2278 3869 σταίς
2310 3807 2409 3876 τῆς
2432 3807 2721 3877 Θεότητος.
2754 3809 2977 3877 κτίσμα
3015 3808 3071 3860 δὲ
3099 3807 3232 3860 Θεοῦ
3265 3808 3367 3877 μὲν
3399 3806 3642 3874 λεγέσθω
3670 3822 3683 3836 ·

2123 3898 2266 3967 μέγα
2294 3898 2404 3968 γάρ
2432 3900 2565 3968 ἡμῖν
2604 3900 2701 3953 καὶ
2741 3900 2902 3954 τοῦτο
2926 3915 2941 3930 ⁸
2988 3900 3122 3962 Θεὸς
3171 3899 3231 3952 δὲ
3283 3898 3570 3969 μηδαμῶς.
3621 3899 3695 3950 Ἢ

2121 3992 2244 4042 τότε
2294 3988 2522 4061 δέξομαι
2572 3992 2781 4061 κτίσμα
2812 3988 2955 4045 εἶναι
3027 3992 3183 4056 Θεὸν,
3227 3993 3356 4045 ὅταν
3400 3989 3559 4058 κάγὼ
3606 3989 3697 4057 γέ-

2088 4094 2101 4109 ⁶
2124 4099 2313 4151 νωμαι
2347 4083 2549 4154 κυρίως
2575 4084 2737 4148 Θεός.
2771 4085 2928 4156 Ἔχει
2956 4086 3067 4155 γάρ
3096 4084 3292 4148 οὕτως.
3317 4085 3380 4136 Ei
3408 4084 3507 4154 μὲν
3532 4081 3689 4147 Θεὸς,

2122 4174 2183 4226 ού
2214 4175 2421 4244 κτίσμα
2442 4191 2456 4206 ·
2489 4175 2610 4245 μεθ’
2639 4178 2798 4248 ἡμῶν
2832 4178 2942 4248 γὰρ
2977 4177 3036 4231 τὸ
3066 4177 3279 4247 κτίσμα
3307 4176 3417 4229 τῶν
3446 4174 3686 4228 οὐθεῶν-

2128 4265 2178 4316 εί
2205 4264 2415 4335 κτίσμα
2443 4266 2526 4330 δὲ,
2572 4268 2633 4320 οὐ
2660 4268 2817 4333 Θεός.
2851 4269 3097 4339 Ἠρξατο
3150 4270 3264 4339 γὰρ
3293 4267 3583 4339 χρονικῶς.
3624 4266 3694 4320 Ὀ

2123 4358 2180 4421 δὲ
2211 4358 2433 4429 ἡρξατο,
2466 4355 2535 4431 ἦν
2567 4361 2658 4415 ὅτε
2688 4362 2790 4416 οὐκ
2830 4358 2923 4434 ἦν.
2967 4356 3048 4417 Ob
3094 4362 3154 4416 at
3207 4362 3585 4433 πρεσϐύτερον
3636 4360 3699 4412 τὸ

2122 4449 2226 4502 οὐκ
2255 4446 2345 4521 ἦν,
2364 4452 2524 4504 τοῦτο
2570 4452 2631 4505 οὐ
2666 4453 2879 4525 κυρίως
2938 4452 3020 4518 ὸν,
3056 4453 3119 4506 τὸ
3141 4453 3199 4507 δὲ
3251 4454 3328 4524 μὴ
3386 4455 3591 4521 κυρίως
3639 4450 3702 4504 ὃν

2126 4542 2242 4605 πῶς
2271 4542 2441 4609 Θεός;
2469 4542 2609 4598 Οὔτε
2660 4544 2753 4599 οὖν
2809 4546 3017 4615 κτίσμα
3068 4545 3180 4600 τῶν
3229 4545 3399 4614 τριῶν
3438 4544 3564 4597 οὐδὲ
3617 4542 3702 4603 ἐν.

2124 4631 2248 4685 οὔτε
2282 4632 2310 4686 ὃ
2353 4635 2543 4689 τούτου
2609 4640 2791 4707 χεῖρον
2843 4637 2911 4691 δι’
2947 4637 3050 4706 ἐμὲ
3105 4634 3429 4707 γενόμενον,
3486 4634 3576 4687 ἵνα
3623 4633 3701 4703 μὴ

2124 4722 2394 4799 κτίσμαῇ
2439 4728 2620 4797 μόνον,
2670 4729 2806 4783 ἀλλά
2880 4729 2976 4783 καὶ⁷
3034 4728 3193 4798 ἡμῶν
3234 4728 3577 4799 ἀτιμότερον.
3638 4726 3703 4779 Et

2126 4819 2233 4887 γάρ
2265 4819 2377 4889 ἐγὼ
2411 4821 2511 4891 μὲν
2538 4822 2617 4884 είς
2649 4820 2810 4886 δόξαν
2862 4821 3023 4887 Θεοῦ,
3079 4820 3238 4874 τοῦτο
3284 4820 3341 4874 δὲ
3393 4819 3463 4873 δι’
3497 4821 3617 4889 ἐμὲ,
3662 4819 3700 4889 ἡ

2125 4910 2365 4981 περίγρα
2395 4912 2485 4965 διὰ
2529 4911 2630 4981 τὴν
2674 4912 2916 4983 ἄμαξαν,
2943 4914 2977 4983 ἦ
3025 4915 3053 4967 ὁ
3081 4913 3258 4982 πρίων
3295 4911 3386 4965 διά
3435 4912 3536 4980 τὴν
3601 4908 3702 4961 θύα

2129 5016 2253 5070 ραν,
2284 5001 2421 5055 νικῶ
2444 5004 2511 5072 τῇ
2540 5003 2712 5073 αἰτίᾳ.
2746 5004 2901 5075 Ὀσῳ
2922 5004 3032 5075 γάρ
3062 5004 3381 5073 κτισμάτων
3410 5002 3541 5066 Θεὸς
3558 5001 3701 5071 ὑψη-

2124 5090 2365 5163 λότερος,
2402 5094 2642 5165 τοσούτῳ
2707 5098 2804 5151 τοῦ
2868 5097 2955 5150 διὰ
2999 5096 3132 5149 Θεὸν
3172 5095 3507 5157 ὑποστάντος
3561 5094 3701 5164 ἐμοῦ

2124 5184 2184 5235 τὸ
2204 5182 2274 5235 δι’
2303 5185 2404 5254 ἐμὲ
2436 5188 2731 5258 γενόμενον
2760 5188 3104 5258 ἀτιμότερον.

446 5272 701 5344 (exempli
742 5272 915 5342 gratia
954 5271 1246 5326 :Amussis
1276 5278 1336 5323 ut
1368 5284 1564 5324 currus
1623 5268 1736 5333 ﬁat,
1777 5278 1834 5323 et
1877 5286 2049 5337 serra,
2093 5286 2151 5330 ut
2177 5282 2375 5335 ostia...
2424 5285 2488 5338 ad
2550 5299 2896 5340 communem
2948 5283 3233 5340 hominum
3295 5281 3504 5350 usum),
3535 5276 3705 5334 nimi-

448 5381 568 5419 rum
627 5366 790 5421 homo
851 5365 1222 5435 superiorest.
1254 5364 1467 5430 Quanto
1520 5362 1665 5418 enim
1724 5364 1865 5417 Deus
1926 5364 2022 5418 reb

2120 5386 2150 5424 a
2175 5387 2234 5425 se
2262 5379 2583 5444 procreatis,
2615 5387 2766 5433 tanto
2797 5378 2980 5433 itidem
3009 5378 3174 5433 homo
3204 5378 3370 5433 rebus
3420 5387 3548 5429 asse
3570 5386 3707 5427 con-

446 5458 605 5513 tectis
636 5469 721 5514 est
753 5458 1121 5528 praestantior.

771 5556 855 5611 Ex
887 5557 1125 5611 oratione
1159 5556 1222 5609 de
1258 5551 1466 5623 Spiritu
1502 5563 1705 5607 sancto.

522 5735 783 5805 Equidem
838 5737 971 5790 'eum
1009 5736 1301 5792 attentiore
1344 5736 1511 5790 animi
1579 5734 1761 5789 studio
1812 5749 2027 5789 meeum

451 5828 569 5895 ipse
623 5828 792 5885 multa
844 5829 1274 5897 considerarem,
1337 5838 1391 5883 et
1450 5826 1692 5895 undique
1759 5826 2025 5880 rationem

2171 5560 2269 5612 Ἐκ
2317 5561 2425 5614 τοῦ
2473 5562 2662 5629 ,λόγου
2730 5560 2838 5612 τοῦ
2910 5556 3046 5627 περὶ
3086 5556 3197 5612 τοῦ
3254 5554 3428 5626 ἁγίου
3470 5556 3662 5611 Uret}-

2839 5646 3002 5683 ατοο.

2839 5648 2945 5683 ατο
2988 5667 3002 5681 .

2207 5726 2296 5787 Ὠς
2344 5724 2519 5791 ἔγωγε
2551 5722 2720 5776 πολλὰ
2752 5648 3194 5792 δέισκειῖάμενος
3233 5718 3367 5787 πρὸς
3393 5717 3583 5770 ἑαυτὸν
3625 5722 3692 5788 τῇ

2128 5816 2621 5897 φιλοπραγμοσύνῃ
2701 5816 2792 5870 τοῦ
2858 5814 3012 5881 Υἱοῦ,
3074 5813 3165 5866 καὶ
3229 5810 3561 5881 πανταχόθεν
3608 5812 3699 5864 τὸν
