4094 6286
340 390 452 461 .85
550 440 570 449 -

1372 394 1752 457 PANOPLIA
1799 395 1945 459 DOG

2045 398 2258 459 tTLfIA.
2290 425 2357 438 -
2391 399 2540 462 ΤΙΤ.
2580 400 2663 460 ΙΙ.
3569 402 3640 465 85

346 500 830 579 ηὶόγονιεῦθὺνας,
866 504 963 558 καί
1012 503 1191 577 ζητῶν
1234 508 1421 564 εἰκόνα
1469 512 1595 567 τινὰ
1626 510 1727 565 τοῦ
1760 514 1946 569 τοσού-

2058 517 2299 589 dirigens
2328 517 2565 588 aliquam
2596 524 2763 574 tanta
2818 517 2894 573 rei
2944 517 3360 575 similitudinem
3420 518 3645 591 indaga-

372 613 469 650 του
510 596 843 667 πράγματος
868 598 968 652 οὐκ
1016 598 1178 668 ἔσχον
1205 593 1502 675 ᾦτινινχρὴ
1526 604 1656 663 τῶν
1682 606 1836 662 κάτω
1852 606 1952 676 τὴν

346 689 532 763 ⁹θείαν
557 691 721 758 φύσιν
742 691 1109 762 παραϐαλεῖν.
1141 695 1263 750 Κᾶν
1285 696 1396 767 γὰρ
1434 699 1613 768 μικρά
1641 716 1727 763 τις
1753 699 1956 768 ὁμοίως

374 780 603 855 εὑρεθῇ,
637 782 831 852 φεύγει
865 786 926 839 τὸ
968 788 1159 855 πλεῖον
1184 788 1325 857 ἀφέν
1383 806 1453 860 με
1482 791 1637 847 κάτω
1676 793 1822 862 μετὰ
1858 793 1955 848 τοῦ

375 873 807 946 ὕποδείγματος.
860 873 1174 947 Ὀφθαλμόν
1232 896 1379 947 τινα,
1439 882 1535 935 καὶ
1603 885 1810 955 πηγὴν,
1858 885 1957 940 καὶ

342 966 619 1035 ,ποταμὸν
661 966 935 1039 ἐννόησα..
994 968 1071 1041 μὴ
1114 969 1193 1040 τῷ
1257 971 1360 1043 μὸν
1406 973 1439 1028 ό
1498 975 1734 1047 Πατὴρ,
1784 979 1852 1049 τῇ
1900 977 1957 1035 δὲ

375 1056 404 1108 ό
432 1055 576 1121 Υἱὸς,
628 1057 710 1128 τῷ
735 1056 792 1113 δὲ
839 1056 902 1112 τὸ
948 1057 1175 1131 Πνεῦμα
1204 1061 1271 1115 τὸ
1308 1064 1469 1132 ἅγιον
1506 1064 1792 1136 ἀναλόγως
1831 1068 1953 1142 ἔχῃ.

371 1147 556 1203 Ταῦτα
604 1148 714 1219 γὰρ
762 1148 889 1203 οὕτε
928 1151 1121 1222 χρόνος
1176 1154 1481 1227 διέστηκεν,
1535 1158 1661 1213 οὔτε
1704 1160 1957 1231 ἀλλήλων

368 1241 723 1314 ἁπέῤῥηκται
744 1246 812 1315 τῇ
848 1246 1125 1320 συνεχείᾳ,
1160 1247 1259 1302 καὶ
1280 1250 1438 1305 ’δοκεῖ
1470 1269 1591 1317 πως
1621 1256 1805 1324 τρισὶν
1828 1254 1956 1309 idid-

366 1351 495 1406 τησι
545 1334 871 1405 τέμνεσθαι.
934 1337 1075 1391 Ἀλλ’
1116 1339 1298 1395 ἔδεισα
1349 1341 1568 1413 πρῶτον
1633 1345 1734 1414 μὲν
1800 1345 1957 1415 ῥύσιν

346 1424 499 1479 ,τινὰ
537 1425 795 1498 θεότητος
835 1428 1252 1501 παραδέξασθαι
1280 1434 1477 1488 στάσιν
1508 1435 1640 1489 ὀὐκ
1681 1435 1914 1506 Ξχουσαν
1938 1452 1955 1470 ⁸

366 1514 627 1587 δεύτερον
655 1517 713 1572 δὲ
744 1517 820 1591 μὴ
842 1522 905 1574 τὸ
927 1522 987 1575 ἐν
1030 1523 1113 1594 τῷ
1146 1525 1367 1597 ἀριθμῷ
1411 1527 1501 1581 διὰ
1558 1529 1660 1599 τῆς
1705 1530 1958 1596 εἰκασίας

366 1607 678 1678 εἰσάγηται.
724 1611 1033 1684 Ὀφθαλμὸς
1073 1616 1209 1688 γὰρ,
1243 1617 1337 1672 καὶ
1366 1619 1542 1691 πηγὴ,
1581 1621 1675 1674 καὶ
1714 1624 1959 1693 ποταμὸς

368 1696 432 1750 ἓν
470 1699 623 1754 ἐστιν
682 1702 909 1776 ἀριθμῷ
950 1706 1222 1777 διαφόρως
1258 1710 1734 1781 σχηματιζόμενα.
1790 1713 1960 1767 Πάλιν

2061 623 2202 676 rem,
2233 608 2373 664 nihil
2412 624 2604 665 eorum
2641 625 2763 681 quae
2808 609 2955 666 intra
3000 620 3139 667 sunt
3184 613 3383 680 posita,
3436 612 3641 679 inveni,

2032 701 2150 755 .eui
2174 702 2367 757 merito
2398 713 2585 772 posset
2611 704 2793 759 divina
2856 714 3051 759 natura
3113 705 3460 775 comparari;
3516 704 3646 763 licet

2032 792 2206 848 enim
2259 794 2464 864 aliquid
2520 796 2571 850 ei
2621 796 2677 849 in
2726 796 2905 866 aliqua
2960 805 3114 867 parte
3155 798 3334 853 simile
3374 798 3640 860 videatur,

2036 884 2258 952 Amajori
2281 894 2463 939 tamen
2502 899 2572 938 es
2626 898 2785 953 parte
2815 885 3079 942 dissimile
3107 896 3211 951 est,
3244 902 3440 957 meque
3475 886 3641 943 simul

2058 991 2182 1031 cum
2216 976 2336 1046 ipso
2391 977 2642 1046 exemplo
2676 979 2931 1032 deorsum
2972 978 3160 1034 trahit.
3209 976 3638 1034 Considerabam

2057 1068 2279 1124 oculum
2316 1067 2417 1138 (sic
2435 1068 2581 1124 enim
2606 1068 2819 1138 appello
2844 1066 3017 1125 fontis
3065 1070 3253 1141 caput)
3293 1079 3350 1126 et
3403 1069 3638 1136 fontem,

2057 1170 2114 1216 et
2146 1160 2389 1225 fluvium,
2420 1161 2832 1233 cogitabamque
2872 1177 3007 1216 num
3032 1162 3208 1233 primo
3260 1163 3444 1227 Pater,
3480 1164 3636 1219 alteri

2057 1251 2248 1319 Filius,
2294 1253 2455 1309 tertio
2515 1252 2751 1325 Spiritus
2828 1254 3180 1326 proportione
3248 1260 3637 1329 responderet.

2057 1342 2510 1416 Quandoquidem
2540 1346 2659 1402 haec
2688 1361 2791 1401 nec
2822 1356 3073 1417 tempore
3086 1348 3315 1416 distant,
3356 1368 3461 1409 nec
3491 1369 3628 1409 con-

2057 1438 2271 1493 tinuum
2315 1453 2379 1493 ac
2403 1447 2654 1493 mutuum
2726 1439 2870 1494 inter
2891 1453 2949 1494 se
2977 1454 3178 1495 nexum
3230 1439 3516 1508 dirimunt,
3581 1454 3639 1500 et

2024 1525 2234 1581 tribus
2257 1526 2658 1596 quodammodo
2710 1526 2969 1582 videntur
3023 1525 3281 1600 distingui
3337 1530 3640 1599 proprieta-

2059 1615 2229 1671 tibus.
2284 1614 2394 1670 Sed
2451 1616 2540 1670 ille
2597 1628 2686 1670 me
2759 1615 2929 1669 timor
2974 1615 3222 1680 incessit,
3279 1617 3514 1687 primum
3566 1632 3637 1673 ne

2058 1714 2351 1776 quemdam
2370 1704 2668 1760 divinitatis
2706 1703 2912 1760 ﬂuxum
2946 1703 3289 1759 admitterem
3340 1706 3544 1760 nullam
3583 1708 3636 1762 in

372 1788 531 1858 ἥλιον
563 1792 936 1866 ἐνεθυμήθην,
967 1802 1062 1852 καὶ
1086 1799 1306 1866 ἀκτῖνα,
1346 1801 1442 1855 καὶ
1473 1802 1609 1871 φῶς.
1647 1802 1809 1857 Ἀλλὰ
1826 1806 1946 1858 κάν-

2060 1796 2447 1854 sefirmitatem
2482 1797 2895 1863 continentem;
2937 1797 3156 1864 deinde,
3214 1813 3283 1854 ne
3331 1813 3500 1853 unum
3537 1814 3640 1853 nu-

368 1879 544 1933 ταῦθα
571 1881 710 1947 δέος,
731 1861 956 1953 *πρῶτον
998 1887 1098 1957 μὲν
1125 1888 1202 1959 μὴ
1263 1861 1509 1953 σύνθεσίς
1550 1861 1637 1956 τις
1668 1893 1946 1963 ἐπινοῆται

2057 1906 2211 1949 mero
2238 1890 2661 1945 introducerem.
2690 1887 2894 1944 Oculus
2943 1890 3089 1945 enim
3134 1900 3190 1946 et
3216 1890 3413 1946 ﬂuvius
3467 1906 3638 1944 unum

364 1969 468 2039 τῆς
498 1973 794 2028 ἀσυνθέτου
834 1976 1076 2046 φύσεως,
1121 1979 1312 2051 ὥσπερ
1366 1982 1544 2051 ἡλίου,
1604 1985 1700 2037 καὶ
1753 1985 1861 2039 τῶν
1891 1988 1946 2039 ἐν

2055 1997 2289 2038 numero
2322 1997 2448 2036 cum
2484 1980 2615 2048 sint,
2638 1979 2866 2051 ﬁguram
2893 1980 3166 2036 diversam
3209 1983 3468 2036 retinent.
3492 1981 3638 2036 Rur-

361 2060 531 2134 ηλίῳ·
565 2063 823 2137 δεύτερον
885 2070 942 2122 δὲ
1007 2070 1084 2140 μὴ
1146 2071 1241 2125 τὸν
1293 2073 1518 2146 Πατέρα
1571 2076 1946 2148 οὑσιώσωμεν,

2056 2089 2179 2130 sum
2210 2070 2553 2129 considerari
2586 2070 2784 2145 solem,
2842 2069 3060 2125 radium
3111 2081 3167 2127 et
3193 2071 3395 2126 lucem.
3437 2070 3637 2126 Verum

366 2153 538 2211 τᾶλλα
561 2155 618 2210 δὲ
642 2157 716 2230 μὴ
736 2160 1157 2234 ὕποστήσωμεν,
1195 2164 1332 2218 ἀλλὰ
1354 2167 1615 2237 δυνάμεις
1639 2168 1771 2229 Θεοῦ
1796 2173 1946 2242 ποιή-

2054 2176 2112 2223 et
2140 2166 2232 2223 hic
2259 2166 2487 2222 obortus
2512 2173 2598 2219 est
2628 2173 2826 2228 metus,
2857 2164 3117 2235 primum,
3170 2179 3265 2227 ne,
3304 2172 3368 2221 ut
3406 2164 3537 2219 solis
3582 2173 3635 2223 et

369 2263 555 2316 σωμεν
601 2250 1038 2325 ἐνυπαρχούσας,
1086 2257 1185 2326 οὐχ
1247 2257 1591 2326 ὑφεστώσας.
1659 2260 1796 2315 Οῠτε
1828 2262 1946 2334 ογὰρ

2056 2274 2417 2329 eorum,qua2
2445 2267 2576 2327 sunt
2637 2258 2691 2311 in
2732 2256 2870 2321 sole,
2923 2257 3004 2314 sic
3054 2257 3437 2328 incompositae
3491 2258 3630 2313 illius

342 2339 705 2409 ίάκτίς,οὕτε
737 2343 851 2414 φῶς
914 2345 1075 2411 ἄλλος
1118 2348 1291 2419 ἥλιος,
1343 2349 1460 2405 ἀλλ’
1530 2352 1757 2424 ἡλιακαί
1807 2372 1946 2417 τινες

2053 2363 2265 2409 natura;
2293 2350 2622 2421 compositio
2648 2364 2769 2405 esse
2823 2349 3007 2418 aliqua
3061 2349 3365 2403 videretur.
3427 2348 3635 2405 Deinde

332 2429 690 2519 ‘dndppomt,
747 2437 840 2490 καὶ
885 2438 1173 2511 ποιότητες
1218 2441 1524 2509 οὐσιῶδεις,
1581 2445 1676 2497 καὶ
1728 2444 1846 2515 ἅμα
1893 2445 1946 2499 τὸ

2050 2462 2123 2503 ne
2150 2446 2322 2501 Patris
2348 2444 2584 2500 essentia
2615 2442 2934 2510 constituta,
2955 2440 3148 2495 Filium
3173 2451 3227 2495 et
3239 2438 3497 2511 Spiritum
3525 2458 3632 2496 non

365 2517 527 2589 εἶναι,
556 2526 742 2580 καὶτὸ
792 2530 867 2601 μή
910 2526 1071 2599 εῖναι,
1117 2533 1197 2604 τῷ
1241 2534 1362 2606 Θεῷ
1399 2536 1579 2607 δῶμεν
1626 2537 1686 2592 ἐν
1741 2539 1946 2603 τούτοις

2049 2538 2413 2596 subsistentes
2460 2534 2878 2599 arbitraremur,
2939 2534 3034 2588 sed
3094 2533 3186 2587 Dei
3228 2532 3625 2605 suspicaremut

358 2614 486 2672 ὅσον
525 2617 591 2671 ἐκ
648 2620 741 2674 τοῦ
794 2622 1215 2696 ὑποδείγματος,
1261 2627 1289 2681 ὃ
1346 2628 1582 2684 καὶτῶν
1644 2630 1946 2701 εἰρημένων

2048 2645 2171 2689 esse
2195 2629 2482 2689 facultates
2509 2665 2524 2690 ,
2562 2640 2684 2697 quae
2714 2640 2824 2680 non
2852 2625 3239 2690 subsisterent,
3272 2623 3367 2678 sed
3400 2625 3637 2680 inhaere-

359 2705 735 2783 ἀτοπώτερον.

2052 2732 2194 2779 rent.
2227 2719 2415 2789 Neque
2448 2719 2593 2773 enim
2630 2717 2813 2771 radius
2866 2728 2923 2772 et
2945 2717 3034 2771 lux
3096 2732 3182 2775 est
3214 2723 3357 2780 alius
3404 2722 3507 2787 sol,
3540 2718 3635 2774 sed

357 2813 389 2852 a
412 2800 525 2856 sole
551 2803 770 2873 quidam
802 2807 969 2864 veluti
1001 2823 1289 2869 manantes
1320 2815 1446 2879 rivi,
1500 2824 1557 2870 et
1584 2816 1831 2885 quaedam
1866 2820 2013 2876 illius
2077 2819 2329 2877 essentia
2351 2812 2658 2885 qualitates.
2686 2811 2953 2869 Praeterea
2977 2798 3334 2883 verebar.ne,
3371 2817 3514 2887 quod
3546 2815 3634 2877 iis.

356 2910 480 2966 quae
510 2899 654 2955 dicta
685 2914 835 2970 sunt,
862 2901 1154 2964 absurdius
1188 2922 1291 2977 est,
1320 2912 1433 2969 Deo
1458 2929 1555 2983 per
1581 2913 1697 2985 hoc,
1753 2919 2063 2987 exemplum
2092 2914 2257 2973 simul
2280 2922 2339 2970 et
2356 2927 2501 2977 esse,
2525 2921 2582 2967 et
2610 2924 2721 2966 non
2742 2924 2864 2966 esse
2900 2912 3291 2967 tribueremus.

359 3032 490 3121 Ἕξι
530 3038 663 3105 περὶ
686 3041 1043 3121 Πατρὸςκαί
1074 3045 1335 3121 Υἰοῦᾷκαί
1365 3048 1540 3121 ἀγίου
1584 3051 1935 3121 Πνεύματος

2047 3055 2178 3111 Item
2210 3054 2273 3105 de
2326 3050 2520 3111 Patris,
2550 3058 2609 3121 et
2629 3047 2771 3111 Filii,
2832 3056 2880 3101 et
2904 3046 3135 3121 Spiritus
3167 3056 3348 3121 {anno
3370 3047 3633 3121 distincta

425 3104 847 3194 ςεακεᾶιριμένὴ
888 3104 1006 3193 ripa
1044 3117 1186 3194 ,καί
1517 3104 1801 3194 θεολοτῖα
1827 3104 1933 3176 rei

2047 3104 2303 3194 "simul!
2326 3104 2374 3194 et
2402 3104 2549 3173 unita
2576 3104 2864 3194 divinitatis
2902 3104 3113 3194 ratione
3137 3116 3404 3194 _Grrgarii
3452 3116 3636 3188 Nysam

430 3176 784 3246 Νύσσηςίὲκ
818 3176 1097 3252 retiarde
1141 3186 1198 3239 ’Λ
1209 3176 1718 3259 ϐλάέἷιονᾪόγουί

2116 3176 2381 3261 pontiﬁcis
2407 3206 2472 3245 ea:
2501 3192 2742 3244 oratione
2799 3196 2985 3241 contra
3049 3176 3350 3241 Αὺίαυὶιὶἆη.
3506 3176 3533 3219 ν»

444 3266 874 3338 Ὀμολογοῦντες
907 3273 1042 3327 Θεὸν
1074 3276 1162 3328 τὸν
1207 3278 1448 3349 Πατέρα,
1480 3280 1613 3332 Θεὸν
1660 3280 1752 3334 τὸν
1781 3280 1931 3346 Υίὸν,

2108 3286 2243 3340 Cum
2264 3292 2324 3339 et
2339 3283 2551 3337 Patrem
2585 3280 2779 3342 Deum,
2801 3288 2857 3334 et
2884 3278 3081 3333 Filium
3117 3280 3306 3342 Deum,
3353 3286 3410 3333 ct
3457 3277 3632 3348 Spiri-

355 3357 492 3412 Θεὸν
532 3361 591 3414 τὸ
635 3362 863 3434 Πνεῦμα
918 3367 981 3420 τὸ
1022 3354 1199 3437 ἅγιον,
1252 3370 1369 3434 πῶς
1417 3371 1480 3423 οὐ
1517 3370 1748 3444 λέγομεν
1786 3375 1936 3443 τρεῖς

2045 3385 2155 3432 tum
2177 3384 2425 3430 sanctum
2459 3373 2631 3427 Deum
2686 3384 2811 3426 esse
2866 3369 3154 3433 fateamur,
3187 3383 3286 3424 cur
3342 3384 3450 3424 non
3499 3369 3634 3424 dici-

358 3451 539 3517 θεοὺς,
580 3454 698 3508 ἀλλ’
744 3456 840 3510 ἕνα
896 3457 1062 3526 Θεόν;
1123 3462 1279 3514 Κατὰ
1336 3461 1439 3531 μὲν
1492 3462 1585 3516 τὸν
1644 3462 1937 3533 πρόχειρον

2045 3482 2163 3522 mus
2197 3477 2309 3522 tres
2335 3466 2487 3520 deos.
2521 3463 2616 3519 sed
2651 3477 2819 3517 unum
2852 3461 3059 3516 Deum?
3090 3460 3355 3525 Primum,
3391 3460 3450 3515 ut
3483 3459 3632 3528 quod

358 3543 541 3613 λόγον,
563 3546 650 3599 ἵνα
692 3548 769 3620 μὴ
822 3550 1121 3606 πολυθεῖλν
1164 3553 1486 3625 Ἑλληνικὴν
1512 3555 1934 3623 εἰσαγάγωμεν

2045 3558 2381 3628 ἱη’ρι·οηψιιι
2435 3564 2540 3619 est,
2623 3553 3073 3623 respondeamus,
3126 3567 3196 3607 ue
3276 3552 3629 3621 multiplicem

323 3705 333 3709 ἒ
358 3637 506 3690 κατὰ
527 3638 581 3691 δὲ
611 3638 701 3691 τὸν
736 3644 1114 3713 χαριέστερον,
1170 3644 1291 3697 ἐπεὶ
1320 3647 1380 3697 τὸ
1429 3646 1562 3699 Θεοῦ
1587 3647 1761 3717 ὄνομα
1789 3648 1937 3717 ἐνερ-

2045 3652 2279 3707 deorum
2302 3648 2516 3703 turbam
2548 3662 2579 3700 a
2615 3644 2815 3701 Grecis
2844 3646 3128 3700 conﬁctam
3197 3644 3630 3699 introducamus.

360 3728 517 3798 γείας
554 3731 674 3786 ἐστί
707 3732 1024 3815 δηλωτικόν.
1059 3736 1215 3804 Παρᾶ
1252 3738 1360 3806 γὰρ
1382 3737 1443 3790 τὸ
1489 3739 1633 3792 θέειν
1661 3737 1938 3809 πανταχοῦ

360 3825 393 3896 ἢ
429 3824 655 3880 θεᾶσθαι
696 3824 897 3890 πάντα,
925 3828 957 3898 ἣ
988 3829 1162 3881 αἴθειν
1201 3830 1301 3899 τὴν
1332 3829 1640 3900 μοχθηρίαν
1668 3831 1939 3900 ὴτυμολό-

2046 3742 2275 3805 Βοῖιιιιο,
2329 3740 2372 3794 si
2431 3737 2561 3809 quid
2602 3735 2903 3807 elegantius
2956 3734 3236 3805 magisque
3290 3733 3628 3789 reconditum

2040 3833 2333 3891 dicendum
2362 3838 2468 3896 est,
2496 3828 2751 3900 quoniam
2780 3842 2977 3881 nomen
3007 3826 3131 3889 hoc,
3170 3826 3330 3889 Deus,
3361 3825 3628 3880 actionem

359 3934 550 3988 γηται.
584 3916 737 3973 Καθὸ
763 3918 864 3987 μὲν
894 3919 1130 3973 ἕκαστον
1162 3920 1461 3989 πρόσωπον
1519 3923 1941 3993 ἀπηρτισμένην

2046 3923 2319 3996 significat
2345 3938 2361 3988 ;
2398 3939 2429 3978 a
2462 3922 2629 3975 verbo
2657 3920 2804 3975 enim
2830 3919 2974 3972 θέειν
3005 3917 3297 3972 deductum
3324 3925 3429 3981 est,
3485 3916 3629 3985 quod

360 4008 476 4080 ἔχει
509 4008 609 4080 τὴν
658 4008 922 4078 τοιαύτην
982 4008 1289 4079 ἐνέργειαν,
1354 4011 1767 4081 ἀπηρτισμένον
1830 4010 1942 4074 ἐξει

2045 4015 2246 4086 passim
2281 4020 2502 4077 currat;
2536 4009 2620 4067 vel
2652 4026 2682 4065 a
2717 4009 2886 4063 verbo
2938 4007 3215 4073 θεοῦσθαι,
3239 4007 3386 4076 quod
3442 4017 3631 4061 cernat
3698 4022 3701 4023 '

360 4103 581 4166 πάντως
608 4101 706 4156 καὶ
738 4102 800 4155 τὸ
830 4100 1135 4160 δηλωτικὸν
1173 4102 1343 4172 αὐτῆς
1372 4102 1567 4171 ὄνομα,
1596 4102 1699 4155 ’καὶ
1734 4102 1941 4172 κυρίως

2045 4111 2279 4176 omnia;
2322 4106 2407 4162 vel
2470 4121 2502 4165 a
2549 4104 2717 4159 verbo
2770 4101 2966 4167 αῑθειν,
3020 4100 3163 4170 quod
3224 4097 3629 4170 improbitatem

357 4195 541 4261 ἔσται,
567 4194 660 4247 καὶ
686 4193 912 4266 κληθείη
961 4194 1094 4257 Θεός
1122 4211 1135 4225 ⁸
1167 4194 1303 4247 καθὸ
1333 4195 1389 4248 δέ
1419 4193 1518 4264 μία
1564 4195 1661 4248 κοιλ⁸
1695 4194 1946 4265 ἀπαράλ-

2045 4215 2240 4262 exurat
2296 4218 2361 4259 ac
2392 4201 2602 4273 perdat.
2639 4197 3108 4265 Quemadmodum
3170 4196 3336 4265 igitur
3368 4210 3629 4265 unaqu.e-

359 4288 569 4348 λακτος
616 4286 675 4337 ἐν
700 4286 817 4347 τοῖς
847 4283 1026 4353 τρισὶν
1053 4285 1088 4354 ἡ
1124 4282 1394 4354 εἰρημένη
1424 4282 1698 4353 ἐνέργεια,
1732 4281 1829 4352 μία
1849 4285 1943 4334 καὶ

2045 4313 2152 4370 que
2188 4311 2426 4367 persona
2455 4293 2619 4348 talem
2644 4292 2915 4346 actionem
2966 4289 3268 4359 perfectam
3324 4289 3515 4352 habet,
3547 4288 3629 4345 sic

358 4380 392 4448 η
419 4377 639 4446 θεότης,
692 4380 789 4428 καὶ
814 4368 896 4437 εἷς
927 4375 1063 4437 Θεὸς
1098 4375 1156 4427 ἐν
1188 4374 1372 4445 τρισὶν
1411 4375 1767 4428 ὑποστάσεσι.
1832 4372 1945 4426 Καὶ

2048 4368 2246 4444 nomen
2269 4383 2699 4442 actionemillam
2727 4379 3037 4452 signiﬁcans
3059 4380 3293 4445 obtinet,
3341 4390 3402 4435 ut
3454 4390 3513 4436 et
3562 4382 3633 4436 sit

357 4471 478 4532 πῶς
504 4469 735 4538 Πέτρος,
768 4469 866 4519 καὶ
920 4466 1157 4529 Παῦλος,
1195 4468 1291 4519 καὶ
1334 4466 1592 4533 Ἰωάννης
1620 4467 1771 4534 τρεῖς
1806 4464 1940 4516 ὑπο-

2047 4488 2103 4537 et
2152 4478 2459 4551 appelletur
2504 4475 2664 4528 Deus.
2719 4471 2930 4526 Rursus
3001 4472 3464 4541 quemadmodum
3521 4490 3630 4530 una

358 4562 580 4623 στάσεις
612 4560 766 4622 ὄντες
787 4558 1042 4625 λέγονται
1075 4558 1170 4609 καὶ
1204 4559 1353 4627 τρεῖς
1390 4556 1701 4625 ᾶνθρωποις
1738 4556 1936 4625 Πρῶτα

2045 4582 2202 4643 atque
2236 4565 2694 4625 incommutabilis
2710 4562 2785 4619 *in
2809 4564 2982 4619 tribus
3004 4572 3094 4617 est
3122 4562 3283 4626 actio,
3338 4564 3418 4618 sic
3464 4565 3628 4621 etiam

328 4690 335 4699 ρ
362 4653 464 4722 μέν
482 4652 577 4705 καὶ
613 4646 765 4706 οὗτοι
795 4648 1253 4719 καταχρηστικῶς
1285 4649 1433 4719 τρεῖς
1467 4646 1748 4717 ἄνθρωποι
1810 4646 1934 4699 ὀνο-

360 4744 656 4816 μάζονται·
693 4744 792 4797 καὶ
822 4742 933 4812 γὰρ
979 4742 1284 4805 ἄνθρωπος,
1322 4741 1418 4794 καὶ
1466 4738 1825 4810 ἅνθρωπότης
1875 4738 1937 4790 τὸ

357 4838 593 4907 καθόλου
639 4838 733 4890 καὶ
762 4833 1112 4907 περιεκτικὸν
1148 4833 1259 4885 τῶν
1304 4833 1449 4886 κατὰ
1504 4833 1672 4904 μέρος
1734 4830 1937 4902 σημαί-

355 4947 545 4984 νουσιν
581 4945 596 4959 ⁶
654 4929 848 4982 ἔπειτα
897 4926 957 4980 τὸ
1008 4923 1254 4979 τοιοῦτον
1303 4922 1474 4992 ὄνομα
1540 4922 1756 4993 φύσεώς
1813 4925 1932 4976 ἐστι

330 5032 333 5033 ⁷
359 5020 686 5091 δηλωτικόν.
751 5019 879 5074 Ἐπί
904 5018 960 5072 δέ
991 5017 1088 5088 τῆς
1117 5016 1373 5070 ἀκτίστου
1394 5016 1631 5088 Τριάδος
1658 5017 1758 5069 οὑκ
1791 5016 1938 5070 ἔστιν

358 5115 545 5184 εὑρεῖν
569 5113 737 5182 ὄνομα
764 5110 957 5180 δηλοῦν
988 5111 1087 5181 τὴν
1105 5108 1269 5177 φύσιν
1291 5109 1481 5179 αὐτῆς.
1503 5109 1614 5162 Καὶ
1641 5109 1782 5161 διατί
1806 5109 1938 5165 Θεὸν

356 5208 608 5276 λέγοντες
643 5205 879 5258 ἕκαστον
908 5204 1018 5258 τῶν
1045 5203 1236 5276 τριῶν,
1281 5203 1357 5275 μὴ
1406 5203 1501 5256 καὶ
1560 5202 1796 5272 θεότητα
1846 5203 1938 5255 λέ-

359 5316 555 5369 γωμεν
579 5298 810 5351 ἕκαστον
864 5296 1085 5366 αὐτῶν]
1122 5296 1266 5350 Διότι
1332 5295 1585 5365 καθάπερ
1626 5290 1937 5366 ἄνθρωπος,

365 5376 462 5445 καὶ
512 5390 893 5460 ἀνθρωπότης,
958 5389 1006 5442 εἰ
1055 5389 1150 5442 καὶ
1190 5389 1253 5441 τὸ
1309 5385 1537 5441 καθόλου
1585 5382 1941 5457 σημαίνουσιν

332 5492 335 5493 ⁷
362 5483 590 5555 ὁμοίως,
623 5483 773 5553 ὅμως
803 5483 902 5552 οὐχ
931 5483 1133 5553 ὁμοίως
1155 5481 1405 5549 λέγονται
1454 5479 1596 5533 κατὰ
1643 5479 1753 5532 τῶν
1807 5479 1939 5533 ὑπο-

363 5577 657 5647 κειμένωνο
698 5577 727 5629 ὁ
767 5575 1065 5646 Σωκράτης
1114 5573 1222 5644 γὰρ
1270 5573 1561 5646 ἄνθρωπος
1616 5575 1715 5643 μὲν
1747 5572 1813 5627 ἂν
1840 5576 1936 5643 ρη-

364 5668 506 5740 θείη,
539 5668 899 5740 ὁνθρωπότης
929 5667 987 5720 δὲ
1013 5668 1291 5738 οὐδαμῶς·
1328 5666 1473 5721 οὕτω
1505 5666 1601 5721 καὶ
1650 5666 1806 5732 Θεὸς,
1848 5669 1942 5721 καὶ⁹

364 5760 583 5831 θεότης.
620 5760 755 5823 Θεὸς
796 5762 898 5831 μὲν
931 5760 1041 5828 γὰρ
1090 5758 1416 5828 ἐνεργοῦντα
1465 5757 1635 5829 δηλοῖ,
1669 5757 1859 5826 θεότης
1885 5758 1940 5812 δὲ

364 5851 674 5923 ἐνέργειαν.
717 5853 883 5907 Οὐδὲν
915 5852 971 5905 δέ
992 5850 1100 5905 τῶν
1134 5848 1302 5923 τριῶν
1332 5850 1601 5920 ἐνέργεια,
1639 5848 1773 5905 ἀλλὰ
1807 5847 1940 5920 μᾶλ-

2038 4674 2122 4720 est
2152 4678 2259 4718 una
2290 4659 2564 4723 divinitas,
2594 4664 2648 4712 et
2675 4671 2819 4710 unus
2850 4654 2994 4710 Deus
3049 4653 3104 4707 in
3141 4653 3316 4710 tribus
3355 4658 3626 4723 personis.

2038 4756 2107 4811 At
2132 4755 2299 4817 enim,
2340 4751 2573 4821 inquies,
2641 4746 2856 4813 Petrus,
2900 4755 2957 4801 et
3013 4743 3233 4810 Paulus,
3266 4754 3323 4800 et
3364 4745 3627 4814 Joannes,

2041 4858 2151 4902 tres
2182 4858 2425 4916 personae
2463 4857 2587 4898 cum
2613 4841 2741 4904 sint,
2774 4824 3045 4894 dicuntur
3087 4838 3249 4892 etiam
3290 4847 3403 4893 tres
3444 4838 3592 4893 homi
3617 4869 3630 4880 -

2039 4952 2159 4993 nes.
2193 4934 2541 5006 Respondeo,
2576 4931 2817 5001 primum
2849 4943 2949 4983 nos
2979 4936 3035 4984 et
3061 4928 3149 4983 hic
3186 4928 3335 4982 abuti
3383 4927 3627 4985 hominis

2039 5026 2323 5090 vocabulo,
2358 5040 2481 5080 cum
2508 5037 2603 5078 eos
2639 5031 2751 5077 tres
2774 5020 3024 5076 homines
3049 5020 3403 5090 appellamus.
3439 5019 3624 5090 Siqui-

2042 5120 2166 5176 dem
2190 5120 2353 5173 homo
2382 5124 2437 5171 et
2482 5112 2797 5168 humanitas
2820 5111 3136 5167 universum
3165 5106 3421 5179 quiddam
3453 5109 3626 5178 signi—

2044 5209 2232 5275 ficant,
2256 5208 2401 5277 quod
2438 5204 2734 5276 singularia
2772 5202 3188 5273 complectatur.
3224 5201 3431 5256 Deinde
3492 5200 3623 5253 illud

2040 5296 2299 5367 adiungo,
2361 5307 2559 5349 nomen
2624 5292 2728 5347 hoc
2782 5290 2859 5346 rei
2917 5298 3168 5344 naturam
3203 5289 3494 5358 explicare.
3558 5287 3625 5341 In

2043 5386 2310 5442 Trinitate
2332 5400 2480 5451 vero,
2506 5397 2627 5454 qua!
2654 5391 2838 5439 creata
2867 5397 2977 5437 non
3001 5390 3105 5447 est,
3152 5381 3358 5434 nullum
3389 5378 3624 5433 inveniri

2042 5490 2263 5543 nomen,
2295 5476 2438 5548 quod
2468 5477 2588 5547 ejus
2618 5481 2871 5530 naturam
2889 5474 3145 5530 declaret.
3206 5474 3273 5525 At
3323 5484 3443 5535 cur,
3493 5484 3626 5525 cum

2045 5583 2305 5641 personas
2363 5568 2605 5640 singulas
2657 5568 2993 5639 appellemus
3046 5565 3237 5627 Deum,
3297 5577 3407 5617 non
3456 5563 3622 5618 etiam

2044 5678 2232 5720 earum
2271 5662 2512 5733 singulas
2546 5662 2883 5717 divinitatem
2939 5656 3311 5728 appellamus?
3351 5654 3624 5721 Quoniam

2044 5757 2496 5826 quemadmodum
2531 5754 2657 5809 licet
2672 5751 2837 5805 homo
2903 5761 2953 5805 et
2979 5749 3290 5805 humanitas
3319 5749 3523 5818 pariter
3551 5746 3623 5801 de

2046 5848 2320 5905 universis
2358 5847 2628 5914 dicantur,
2663 5858 2773 5900 non
2804 5853 2983 5900 tamen
3016 5858 3168 5915 teque
3230 5843 3489 5915 dicuntur
3545 5840 3616 5895 de
