  <div class='ocr_page' id='page_1' title='image "/cluster/home/n/w/nwhite01/storage/ocr_20150623/130/mdp.39015078384255/051.png"; bbox 0 0 4060 6278; ppageno 0'>
   <div class='ocr_carea' id='block_1_1' title="bbox 481 374 3744 442">
    <p class='ocr_par' dir='ltr' id='par_1_1' title="bbox 481 374 3744 442">
     <span class='ocr_line' id='line_1_1' title="bbox 481 374 3744 442; baseline 0.006 -20"><span class='ocrx_word' id='word_1_1' title='bbox 481 376 551 437; x_wconf 78' lang='lat'><strong>37</strong></span> <span class='ocrx_word' id='word_1_2' title='bbox 1749 376 1844 432; x_wconf 63' lang='lat' dir='ltr'><strong>Et;</strong></span> <span class='ocrx_word' id='word_1_3' title='bbox 1871 374 2134 442; x_wconf 70' lang='lat' dir='ltr'><strong>tum“.</strong></span> <span class='ocrx_word' id='word_1_4' title='bbox 2171 374 2537 438; x_wconf 77' lang='lat' dir='ltr'><strong>ZIGABENI</strong></span> <span class='ocrx_word' id='word_1_5' title='bbox 3099 407 3106 410; x_wconf 90' lang='lat'><em>-</em></span> <span class='ocrx_word' id='word_1_6' title='bbox 3657 377 3744 442; x_wconf 76' lang='lat'><strong>&#39;88</strong></span> 
     </span>
    </p>
   </div>
   <div class='ocr_carea' id='block_1_2' title="bbox 483 487 2086 566">
    <p class='ocr_par' dir='ltr' id='par_1_2' title="bbox 483 487 2066 560">
     <span class='ocr_line' id='line_1_2' title="bbox 483 487 2066 560; baseline -0.002 -15"><span class='ocrx_word' id='word_1_7' title='bbox 483 487 714 560; x_wconf 80' lang='lat' dir='ltr'><strong>singulis</strong></span> <span class='ocrx_word' id='word_1_8' title='bbox 747 506 760 557; x_wconf 83' lang='lat'><strong>;</strong></span> <span class='ocrx_word' id='word_1_9' title='bbox 791 487 1048 544; x_wconf 83' lang='lat' dir='ltr'><strong>Socrates</strong></span> <span class='ocrx_word' id='word_1_10' title='bbox 1073 488 1222 546; x_wconf 90' lang='lat' dir='ltr'><strong>enim</strong></span> <span class='ocrx_word' id='word_1_11' title='bbox 1253 488 1418 544; x_wconf 85' lang='lat' dir='ltr'><strong>homo</strong></span> <span class='ocrx_word' id='word_1_12' title='bbox 1445 487 1551 544; x_wconf 89' lang='lat' dir='ltr'><strong>dici</strong></span> <span class='ocrx_word' id='word_1_13' title='bbox 1577 495 1778 559; x_wconf 89' lang='lat' dir='ltr'><strong>potest,</strong></span> <span class='ocrx_word' id='word_1_14' title='bbox 1808 487 2066 543; x_wconf 85' lang='lat' dir='ltr'><strong>humani-</strong></span> 
     </span>
    </p>
   </div>
   <div class='ocr_carea' id='block_1_3' title="bbox 2192 487 3745 566">
    <p class='ocr_par' dir='ltr' id='par_1_3' title="bbox 2192 491 3745 566">
     <span class='ocr_line' id='line_1_3' title="bbox 2192 491 3745 566; baseline 0 -21"><span class='ocrx_word' id='word_1_15' title='bbox 2192 507 2261 545; x_wconf 69' lang='grc' dir='ltr'><strong>,ον</strong></span> <span class='ocrx_word' id='word_1_16' title='bbox 2289 492 2550 563; x_wconf 77' lang='grc' dir='ltr'><strong>ἐνεργοῦν</strong></span> <span class='ocrx_word' id='word_1_17' title='bbox 2600 493 2835 550; x_wconf 67' lang='grc' dir='ltr'><strong>ἕκαστον</strong></span> <span class='ocrx_word' id='word_1_18' title='bbox 2893 495 3093 552; x_wconf 80' lang='grc' dir='ltr'><strong>αὐτῶν.</strong></span> <span class='ocrx_word' id='word_1_19' title='bbox 3141 494 3385 566; x_wconf 79' lang='grc' dir='ltr'><strong>θεότητα</strong></span> <span class='ocrx_word' id='word_1_20' title='bbox 3422 491 3477 547; x_wconf 75' lang='grc' dir='ltr'><strong>δὶ</strong></span> <span class='ocrx_word' id='word_1_21' title='bbox 3527 493 3745 564; x_wconf 66' lang='grc' dir='ltr'><strong>Πατρός</strong></span> 
     </span>
    </p>
   </div>
   <div class='ocr_carea' id='block_1_4' title="bbox 482 578 2086 659">
    <p class='ocr_par' dir='ltr' id='par_1_4' title="bbox 482 578 2064 651">
     <span class='ocr_line' id='line_1_4' title="bbox 482 578 2064 651; baseline 0 -16"><span class='ocrx_word' id='word_1_22' title='bbox 482 589 566 635; x_wconf 90' lang='lat' dir='ltr'><strong>tas</strong></span> <span class='ocrx_word' id='word_1_23' title='bbox 597 588 777 636; x_wconf 83' lang='lat' dir='ltr'><strong>autem</strong></span> <span class='ocrx_word' id='word_1_24' title='bbox 808 590 1154 650; x_wconf 81' lang='lat' dir='ltr'><strong>nequaquam</strong></span> <span class='ocrx_word' id='word_1_25' title='bbox 1195 588 1404 651; x_wconf 77' lang='lat' dir='ltr'><strong>potest;</strong></span> <span class='ocrx_word' id='word_1_26' title='bbox 1471 579 1549 635; x_wconf 89' lang='lat' dir='ltr'><strong>sic</strong></span> <span class='ocrx_word' id='word_1_27' title='bbox 1599 578 1768 635; x_wconf 85' lang='lat' dir='ltr'><strong>etiam</strong></span> <span class='ocrx_word' id='word_1_28' title='bbox 1814 580 1958 635; x_wconf 87' lang='lat' dir='ltr'><strong>Deus</strong></span> <span class='ocrx_word' id='word_1_29' title='bbox 2007 588 2064 635; x_wconf 91' lang='lat' dir='ltr'><strong>et</strong></span> 
     </span>
    </p>
   </div>
   <div class='ocr_carea' id='block_1_5' title="bbox 2192 578 3742 659">
    <p class='ocr_par' dir='ltr' id='par_1_5' title="bbox 2192 582 3742 659">
     <span class='ocr_line' id='line_1_5' title="bbox 2192 582 3742 659; baseline -0.001 -20"><span class='ocrx_word' id='word_1_30' title='bbox 2192 582 2426 654; x_wconf 67' lang='grc' dir='ltr'><strong>λέγομεν,</strong></span> <span class='ocrx_word' id='word_1_31' title='bbox 2499 587 2598 640; x_wconf 75' lang='grc' dir='ltr'><strong>καὶ</strong></span> <span class='ocrx_word' id='word_1_32' title='bbox 2663 586 2895 659; x_wconf 86' lang='grc' dir='ltr'><strong>θεότητα</strong></span> <span class='ocrx_word' id='word_1_33' title='bbox 2945 585 3101 656; x_wconf 83' lang='grc' dir='ltr'><strong>Υίοῦ,</strong></span> <span class='ocrx_word' id='word_1_34' title='bbox 3157 589 3252 641; x_wconf 70' lang='grc' dir='ltr'><strong>καὶ</strong></span> <span class='ocrx_word' id='word_1_35' title='bbox 3301 587 3532 656; x_wconf 89' lang='grc' dir='ltr'><strong>θεότητα</strong></span> <span class='ocrx_word' id='word_1_36' title='bbox 3584 584 3742 653; x_wconf 83' lang='grc' dir='ltr'><strong>ἁγίου</strong></span> 
     </span>
    </p>
   </div>
   <div class='ocr_carea' id='block_1_6' title="bbox 483 667 2086 751">
    <p class='ocr_par' dir='ltr' id='par_1_6' title="bbox 483 667 2060 742">
     <span class='ocr_line' id='line_1_6' title="bbox 483 667 2060 742; baseline 0 -16"><span class='ocrx_word' id='word_1_37' title='bbox 483 667 742 728; x_wconf 80' lang='lat' dir='ltr'><strong>divinitas</strong></span> <span class='ocrx_word' id='word_1_38' title='bbox 776 671 999 726; x_wconf 87' lang='lat' dir='ltr'><strong>habent.</strong></span> <span class='ocrx_word' id='word_1_39' title='bbox 1059 672 1204 728; x_wconf 87' lang='lat' dir='ltr'><strong>Deus</strong></span> <span class='ocrx_word' id='word_1_40' title='bbox 1261 673 1406 726; x_wconf 86' lang='lat' dir='ltr'><strong>enim</strong></span> <span class='ocrx_word' id='word_1_41' title='bbox 1466 679 1714 742; x_wconf 87' lang='lat' dir='ltr'><strong>agentem</strong></span> <span class='ocrx_word' id='word_1_42' title='bbox 1771 671 2060 742; x_wconf 79' lang='lat' dir='ltr'><strong>signiﬁcat,</strong></span> 
     </span>
    </p>
   </div>
   <div class='ocr_carea' id='block_1_7' title="bbox 2192 667 3742 751">
    <p class='ocr_par' dir='ltr' id='par_1_7' title="bbox 2192 676 3742 751">
     <span class='ocr_line' id='line_1_7' title="bbox 2192 676 3742 751; baseline 0.008 -22"><span class='ocrx_word' id='word_1_43' title='bbox 2192 676 2486 748; x_wconf 78' lang='grc' dir='ltr'><strong>Ινεύματος</strong></span> <span class='ocrx_word' id='word_1_44' title='bbox 2517 717 2535 741; x_wconf 83' lang='grc'><strong>.</strong></span> <span class='ocrx_word' id='word_1_45' title='bbox 2608 679 2686 741; x_wconf 83' lang='grc' dir='ltr'><strong>ὡς</strong></span> <span class='ocrx_word' id='word_1_46' title='bbox 2735 680 2830 734; x_wconf 77' lang='grc' dir='ltr'><strong>καὶ</strong></span> <span class='ocrx_word' id='word_1_47' title='bbox 2895 679 3296 751; x_wconf 80' lang='grc' dir='ltr'><strong>ἀνθρωπότητα</strong></span> <span class='ocrx_word' id='word_1_48' title='bbox 3375 677 3699 748; x_wconf 75' lang='grc' dir='ltr'><strong>Σωκράτους</strong></span> <span class='ocrx_word' id='word_1_49' title='bbox 3724 714 3742 741; x_wconf 78' lang='grc' dir='ltr'><strong>ο</strong></span> 
     </span>
    </p>
   </div>
   <div class='ocr_carea' id='block_1_8' title="bbox 482 763 2086 841">
    <p class='ocr_par' dir='ltr' id='par_1_8' title="bbox 482 763 2062 833">
     <span class='ocr_line' id='line_1_8' title="bbox 482 763 2062 833; baseline -0.001 -13"><span class='ocrx_word' id='word_1_50' title='bbox 482 764 744 820; x_wconf 72' lang='lat' dir='ltr'><strong>divinitas</strong></span> <span class='ocrx_word' id='word_1_51' title='bbox 777 776 960 822; x_wconf 84' lang='lat' dir='ltr'><strong>autem</strong></span> <span class='ocrx_word' id='word_1_52' title='bbox 995 765 1290 819; x_wconf 75' lang='lat' dir='ltr'><strong>actionem.</strong></span> <span class='ocrx_word' id='word_1_53' title='bbox 1319 763 1506 818; x_wconf 89' lang='lat' dir='ltr'><strong>Trium</strong></span> <span class='ocrx_word' id='word_1_54' title='bbox 1544 778 1674 817; x_wconf 91' lang='lat' dir='ltr'><strong>vero</strong></span> <span class='ocrx_word' id='word_1_55' title='bbox 1703 778 2062 833; x_wconf 87' lang='lat' dir='ltr'><strong>personarum</strong></span> 
     </span>
    </p>
   </div>
   <div class='ocr_carea' id='block_1_9' title="bbox 2192 763 3746 841">
    <p class='ocr_par' dir='ltr' id='par_1_9' title="bbox 2192 769 3746 841">
     <span class='ocr_line' id='line_1_9' title="bbox 2192 769 3746 841; baseline -0.002 -18"><span class='ocrx_word' id='word_1_56' title='bbox 2192 770 2269 823; x_wconf 76' lang='grc' dir='ltr'><strong>ιαὶ</strong></span> <span class='ocrx_word' id='word_1_57' title='bbox 2323 769 2518 823; x_wconf 83' lang='grc' dir='ltr'><strong>οὐσίαν</strong></span> <span class='ocrx_word' id='word_1_58' title='bbox 2541 811 2557 836; x_wconf 87' lang='grc'><strong>,</strong></span> <span class='ocrx_word' id='word_1_59' title='bbox 2594 771 2690 826; x_wconf 70' lang='grc' dir='ltr'><strong>καὶ</strong></span> <span class='ocrx_word' id='word_1_60' title='bbox 2751 769 2938 841; x_wconf 76' lang='grc' dir='ltr'><strong>φθσιν,</strong></span> <span class='ocrx_word' id='word_1_61' title='bbox 2988 773 3086 825; x_wconf 77' lang='grc' dir='ltr'><strong>καὶ</strong></span> <span class='ocrx_word' id='word_1_62' title='bbox 3113 771 3168 824; x_wconf 84' lang='grc' dir='ltr'><strong>εί</strong></span> <span class='ocrx_word' id='word_1_63' title='bbox 3188 787 3240 824; x_wconf 88' lang='grc' dir='ltr'><strong>τι</strong></span> <span class='ocrx_word' id='word_1_64' title='bbox 3267 771 3447 824; x_wconf 85' lang='grc' dir='ltr'><strong>κοινδν</strong></span> <span class='ocrx_word' id='word_1_65' title='bbox 3471 769 3581 823; x_wconf 86' lang='grc' dir='ltr'><strong>τῶν</strong></span> <span class='ocrx_word' id='word_1_66' title='bbox 3613 769 3746 821; x_wconf 84' lang='grc' dir='ltr'><strong>ὐπο-</strong></span> 
     </span>
    </p>
   </div>
   <div class='ocr_carea' id='block_1_10' title="bbox 482 855 2438 927">
    <p class='ocr_par' dir='ltr' id='par_1_10' title="bbox 482 855 2438 927">
     <span class='ocr_line' id='line_1_10' title="bbox 482 855 2438 927; baseline 0.003 -17"><span class='ocrx_word' id='word_1_67' title='bbox 482 857 630 912; x_wconf 88' lang='lat' dir='ltr'><strong>nulla</strong></span> <span class='ocrx_word' id='word_1_68' title='bbox 656 867 760 926; x_wconf 79' lang='lat' dir='ltr'><strong>est,</strong></span> <span class='ocrx_word' id='word_1_69' title='bbox 789 872 914 925; x_wconf 69' lang='lat' dir='ltr'><strong>qum</strong></span> <span class='ocrx_word' id='word_1_70' title='bbox 939 858 1012 911; x_wconf 84' lang='lat' dir='ltr'><strong>sit</strong></span> <span class='ocrx_word' id='word_1_71' title='bbox 1043 856 1207 921; x_wconf 89' lang='lat' dir='ltr'><strong>actio,</strong></span> <span class='ocrx_word' id='word_1_72' title='bbox 1236 855 1332 912; x_wconf 88' lang='lat' dir='ltr'><strong>sed</strong></span> <span class='ocrx_word' id='word_1_73' title='bbox 1354 870 1522 927; x_wconf 88' lang='lat' dir='ltr'><strong>agens</strong></span> <span class='ocrx_word' id='word_1_74' title='bbox 1553 855 1735 925; x_wconf 84' lang='lat' dir='ltr'><strong>potius</strong></span> <span class='ocrx_word' id='word_1_75' title='bbox 1783 863 1869 910; x_wconf 90' lang='lat' dir='ltr'><strong>est</strong></span> <span class='ocrx_word' id='word_1_76' title='bbox 1931 869 2069 910; x_wconf 87' lang='lat' dir='ltr'><strong>una-</strong></span> <span class='ocrx_word' id='word_1_77' title='bbox 2171 859 2438 915; x_wconf 83' lang='grc' dir='ltr'><strong>στάσεων.</strong></span> 
     </span>
    </p>
   </div>
   <div class='ocr_carea' id='block_1_11' title="bbox 482 947 3751 1023">
    <p class='ocr_par' dir='ltr' id='par_1_11' title="bbox 482 947 3751 1023">
     <span class='ocr_line' id='line_1_11' title="bbox 482 947 3751 1023; baseline -0.001 -18"><span class='ocrx_word' id='word_1_78' title='bbox 482 967 711 1023; x_wconf 63' lang='lat' dir='ltr'><strong>quasque</strong></span> <span class='ocrx_word' id='word_1_79' title='bbox 769 951 1004 1007; x_wconf 81' lang='lat' dir='ltr'><strong>illarum.</strong></span> <span class='ocrx_word' id='word_1_80' title='bbox 1039 950 1280 1008; x_wconf 81' lang='lat' dir='ltr'><strong>Dicimus</strong></span> <span class='ocrx_word' id='word_1_81' title='bbox 1331 960 1516 1007; x_wconf 87' lang='lat' dir='ltr'><strong>tamen</strong></span> <span class='ocrx_word' id='word_1_82' title='bbox 1567 950 1909 1007; x_wconf 85' lang='lat' dir='ltr'><strong>divinitatem</strong></span> <span class='ocrx_word' id='word_1_83' title='bbox 1969 949 2169 1021; x_wconf 79' lang='lat' dir='ltr'><strong>Patris,</strong></span> <span class='ocrx_word' id='word_1_84' title='bbox 2239 961 2294 1010; x_wconf 87' lang='lat' dir='ltr'><strong>et</strong></span> <span class='ocrx_word' id='word_1_85' title='bbox 2351 955 2692 1012; x_wconf 78' lang='lat' dir='ltr'><strong>divinitatem</strong></span> <span class='ocrx_word' id='word_1_86' title='bbox 2749 954 2891 1022; x_wconf 82' lang='lat' dir='ltr'><strong>Filii,</strong></span> <span class='ocrx_word' id='word_1_87' title='bbox 2918 961 2973 1010; x_wconf 90' lang='lat' dir='ltr'><strong>et</strong></span> <span class='ocrx_word' id='word_1_88' title='bbox 3005 953 3347 1010; x_wconf 85' lang='lat' dir='ltr'><strong>divinitatem</strong></span> <span class='ocrx_word' id='word_1_89' title='bbox 3401 949 3574 1007; x_wconf 80' lang='lat' dir='ltr'><strong>sancti</strong></span> <span class='ocrx_word' id='word_1_90' title='bbox 3629 947 3751 1020; x_wconf 86' lang='lat' dir='ltr'><strong>Spi-</strong></span> 
     </span>
    </p>
   </div>
   <div class='ocr_carea' id='block_1_12' title="bbox 485 1042 3680 1120">
    <p class='ocr_par' dir='ltr' id='par_1_12' title="bbox 485 1042 3680 1120">
     <span class='ocr_line' id='line_1_12' title="bbox 485 1042 3680 1120; baseline 0 -23"><span class='ocrx_word' id='word_1_91' title='bbox 485 1043 640 1111; x_wconf 84' lang='lat' dir='ltr'><strong>ritus,</strong></span> <span class='ocrx_word' id='word_1_92' title='bbox 666 1044 808 1099; x_wconf 82' lang='lat' dir='ltr'><strong>sicut</strong></span> <span class='ocrx_word' id='word_1_93' title='bbox 837 1043 1228 1100; x_wconf 81' lang='lat' dir='ltr'><strong>humanitatem</strong></span> <span class='ocrx_word' id='word_1_94' title='bbox 1265 1042 1530 1109; x_wconf 85' lang='lat' dir='ltr'><strong>Socratis,</strong></span> <span class='ocrx_word' id='word_1_95' title='bbox 1555 1051 1612 1100; x_wconf 91' lang='lat' dir='ltr'><strong>et</strong></span> <span class='ocrx_word' id='word_1_96' title='bbox 1639 1044 1957 1108; x_wconf 84' lang='lat' dir='ltr'><strong>essentiam,</strong></span> <span class='ocrx_word' id='word_1_97' title='bbox 2003 1053 2060 1099; x_wconf 90' lang='lat' dir='ltr'><strong>et</strong></span> <span class='ocrx_word' id='word_1_98' title='bbox 2096 1054 2368 1114; x_wconf 85' lang='lat' dir='ltr'><strong>naturam,</strong></span> <span class='ocrx_word' id='word_1_99' title='bbox 2399 1058 2455 1104; x_wconf 90' lang='lat' dir='ltr'><strong>et</strong></span> <span class='ocrx_word' id='word_1_100' title='bbox 2478 1049 2522 1104; x_wconf 92' lang='lat' dir='ltr'><strong>si</strong></span> <span class='ocrx_word' id='word_1_101' title='bbox 2557 1048 2686 1120; x_wconf 86' lang='lat' dir='ltr'><strong>quid</strong></span> <span class='ocrx_word' id='word_1_102' title='bbox 2743 1048 2890 1105; x_wconf 89' lang='lat' dir='ltr'><strong>aliud</strong></span> <span class='ocrx_word' id='word_1_103' title='bbox 2941 1057 3026 1104; x_wconf 87' lang='grc' dir='ltr'><strong>εει</strong></span> <span class='ocrx_word' id='word_1_104' title='bbox 3073 1047 3324 1118; x_wconf 85' lang='lat' dir='ltr'><strong>personis</strong></span> <span class='ocrx_word' id='word_1_105' title='bbox 3369 1057 3680 1099; x_wconf 89' lang='lat' dir='ltr'><strong>commune.</strong></span> 
     </span>
    </p>
   </div>
   <div class='ocr_carea' id='block_1_13' title="bbox 485 1199 2086 1276">
    <p class='ocr_par' dir='ltr' id='par_1_13' title="bbox 485 1199 2070 1276">
     <span class='ocr_line' id='line_1_13' title="bbox 485 1199 2070 1276; baseline 0.001 -23"><span class='ocrx_word' id='word_1_106' title='bbox 485 1199 738 1270; x_wconf 77' lang='lat' dir='ltr'><strong>Ejusdem</strong></span> <span class='ocrx_word' id='word_1_107' title='bbox 765 1214 831 1254; x_wconf 74' lang='lat' dir='ltr'><strong>ex</strong></span> <span class='ocrx_word' id='word_1_108' title='bbox 877 1201 1252 1276; x_wconf 66' lang='lat' dir='ltr'><strong>oratione__a¢_1</strong></span> <span class='ocrx_word' id='word_1_109' title='bbox 1292 1200 1581 1276; x_wconf 80' lang='lat' dir='ltr'><strong>Evagrmm</strong></span> <span class='ocrx_word' id='word_1_110' title='bbox 1640 1216 1956 1255; x_wconf 83' lang='lat' dir='ltr'><strong>monacnum</strong></span> <span class='ocrx_word' id='word_1_111' title='bbox 2004 1215 2070 1255; x_wconf 86' lang='lat' dir='ltr'><strong>ae</strong></span> 
     </span>
    </p>
   </div>
   <div class='ocr_carea' id='block_1_14' title="bbox 2192 1199 3750 1276">
    <p class='ocr_par' dir='ltr' id='par_1_14' title="bbox 2192 1205 3750 1276">
     <span class='ocr_line' id='line_1_14' title="bbox 2192 1205 3750 1276; baseline -0.003 -16"><span class='ocrx_word' id='word_1_112' title='bbox 2192 1207 2296 1263; x_wconf 82' lang='grc' dir='ltr'><strong>Τοῦ</strong></span> <span class='ocrx_word' id='word_1_113' title='bbox 2323 1207 2512 1264; x_wconf 80' lang='grc' dir='ltr'><strong>αὐτοῦ</strong></span> <span class='ocrx_word' id='word_1_114' title='bbox 2541 1205 2611 1262; x_wconf 76' lang='grc' dir='ltr'><strong>ἐκ</strong></span> <span class='ocrx_word' id='word_1_115' title='bbox 2649 1206 2758 1263; x_wconf 86' lang='grc' dir='ltr'><strong>τοῦ</strong></span> <span class='ocrx_word' id='word_1_116' title='bbox 2778 1209 2968 1276; x_wconf 73' lang='grc' dir='ltr'><strong>λόγου</strong></span> <span class='ocrx_word' id='word_1_117' title='bbox 2990 1207 3100 1262; x_wconf 76' lang='grc' dir='ltr'><strong>τοῦ</strong></span> <span class='ocrx_word' id='word_1_118' title='bbox 3125 1207 3279 1273; x_wconf 78' lang='grc' dir='ltr'><strong>πρὸς</strong></span> <span class='ocrx_word' id='word_1_119' title='bbox 3315 1205 3614 1275; x_wconf 74' lang='grc' dir='ltr'><strong>Εὐάγριον</strong></span> <span class='ocrx_word' id='word_1_120' title='bbox 3637 1219 3750 1272; x_wconf 67' lang='lat' dir='ltr'><strong>po-</strong></span> 
     </span>
    </p>
   </div>
   <div class='ocr_carea' id='block_1_15' title="bbox 1122 1269 1434 1327">
    <p class='ocr_par' dir='ltr' id='par_1_15' title="bbox 1122 1269 1434 1327">
     <span class='ocr_line' id='line_1_15' title="bbox 1122 1269 1434 1327; baseline 0.006 -3"><span class='ocrx_word' id='word_1_121' title='bbox 1122 1269 1434 1327; x_wconf 65' lang='lat' dir='ltr'><strong>Divinitate.</strong></span> 
     </span>
    </p>
   </div>
   <div class='ocr_carea' id='block_1_16' title="bbox 554 1379 2075 1454">
    <p class='ocr_par' dir='ltr' id='par_1_16' title="bbox 554 1379 2075 1454">
     <span class='ocr_line' id='line_1_16' title="bbox 554 1379 2075 1454; baseline -0.002 -16"><span class='ocrx_word' id='word_1_122' title='bbox 554 1379 1028 1447; x_wconf 83' lang='lat' dir='ltr'><strong>Quemadmodum</strong></span> <span class='ocrx_word' id='word_1_123' title='bbox 1060 1382 1204 1436; x_wconf 84' lang='lat' dir='ltr'><strong>inter</strong></span> <span class='ocrx_word' id='word_1_124' title='bbox 1233 1382 1617 1454; x_wconf 71' lang='lat' dir='ltr'><strong>cogitationem</strong></span> <span class='ocrx_word' id='word_1_125' title='bbox 1644 1391 1696 1438; x_wconf 90' lang='lat' dir='ltr'><strong>et</strong></span> <span class='ocrx_word' id='word_1_126' title='bbox 1734 1391 1998 1446; x_wconf 86' lang='lat' dir='ltr'><strong>mentem,</strong></span> <span class='ocrx_word' id='word_1_127' title='bbox 2019 1388 2075 1436; x_wconf 91' lang='lat' dir='ltr'><strong>et</strong></span> 
     </span>
    </p>
   </div>
   <div class='ocr_carea' id='block_1_17' title="bbox 493 1472 2071 1546">
    <p class='ocr_par' dir='ltr' id='par_1_17' title="bbox 493 1472 2071 1546">
     <span class='ocr_line' id='line_1_17' title="bbox 493 1472 2071 1546; baseline 0.002 -21"><span class='ocrx_word' id='word_1_128' title='bbox 493 1472 741 1528; x_wconf 87' lang='lat' dir='ltr'><strong>animum</strong></span> <span class='ocrx_word' id='word_1_129' title='bbox 778 1474 925 1529; x_wconf 90' lang='lat' dir='ltr'><strong>nulla</strong></span> <span class='ocrx_word' id='word_1_130' title='bbox 961 1474 1184 1540; x_wconf 83' lang='lat' dir='ltr'><strong>divisio,</strong></span> <span class='ocrx_word' id='word_1_131' title='bbox 1247 1475 1530 1530; x_wconf 88' lang='lat' dir='ltr'><strong>autsectio</strong></span> <span class='ocrx_word' id='word_1_132' title='bbox 1585 1483 1765 1546; x_wconf 87' lang='lat' dir='ltr'><strong>potest</strong></span> <span class='ocrx_word' id='word_1_133' title='bbox 1815 1474 2071 1539; x_wconf 80' lang='lat' dir='ltr'><strong>inveniri,</strong></span> 
     </span>
    </p>
   </div>
   <div class='ocr_carea' id='block_1_18' title="bbox 487 1565 2074 1637">
    <p class='ocr_par' dir='ltr' id='par_1_18' title="bbox 487 1565 2074 1637">
     <span class='ocr_line' id='line_1_18' title="bbox 487 1565 2074 1637; baseline 0.002 -18"><span class='ocrx_word' id='word_1_134' title='bbox 487 1566 564 1619; x_wconf 84' lang='lat' dir='ltr'><strong>sic</strong></span> <span class='ocrx_word' id='word_1_135' title='bbox 609 1566 760 1621; x_wconf 90' lang='lat' dir='ltr'><strong>nulla</strong></span> <span class='ocrx_word' id='word_1_136' title='bbox 814 1565 957 1620; x_wconf 86' lang='lat' dir='ltr'><strong>inter</strong></span> <span class='ocrx_word' id='word_1_137' title='bbox 1012 1575 1262 1622; x_wconf 86' lang='lat' dir='ltr'><strong>sanctum</strong></span> <span class='ocrx_word' id='word_1_138' title='bbox 1317 1565 1604 1637; x_wconf 87' lang='lat' dir='ltr'><strong>Spiritum,</strong></span> <span class='ocrx_word' id='word_1_139' title='bbox 1657 1576 1712 1622; x_wconf 92' lang='lat' dir='ltr'><strong>et</strong></span> <span class='ocrx_word' id='word_1_140' title='bbox 1760 1567 1954 1622; x_wconf 87' lang='lat' dir='ltr'><strong>Filium</strong></span> <span class='ocrx_word' id='word_1_141' title='bbox 2017 1574 2074 1622; x_wconf 90' lang='lat' dir='ltr'><strong>et</strong></span> 
     </span>
    </p>
   </div>
   <div class='ocr_carea' id='block_1_19' title="bbox 489 1643 2072 1730">
    <p class='ocr_par' dir='ltr' id='par_1_19' title="bbox 489 1643 2072 1730">
     <span class='ocr_line' id='line_1_19' title="bbox 489 1643 2072 1730; baseline 0.001 -20"><span class='ocrx_word' id='word_1_142' title='bbox 489 1656 702 1712; x_wconf 88' lang='lat' dir='ltr'><strong>Patrem</strong></span> <span class='ocrx_word' id='word_1_143' title='bbox 737 1643 908 1713; x_wconf 78' lang='lat' dir='ltr'><strong>sectio</strong></span> <span class='ocrx_word' id='word_1_144' title='bbox 955 1668 1045 1714; x_wconf 87' lang='lat' dir='ltr'><strong>aut</strong></span> <span class='ocrx_word' id='word_1_145' title='bbox 1076 1658 1271 1714; x_wconf 86' lang='lat' dir='ltr'><strong>divisio</strong></span> <span class='ocrx_word' id='word_1_146' title='bbox 1297 1659 1521 1730; x_wconf 90' lang='lat' dir='ltr'><strong>cogitari</strong></span> <span class='ocrx_word' id='word_1_147' title='bbox 1554 1668 1752 1730; x_wconf 85' lang='lat' dir='ltr'><strong>potest.</strong></span> <span class='ocrx_word' id='word_1_148' title='bbox 1811 1658 2072 1730; x_wconf 82' lang='lat' dir='ltr'><strong>Intelligl-</strong></span> 
     </span>
    </p>
   </div>
   <div class='ocr_carea' id='block_1_20' title="bbox 489 1747 2072 1819">
    <p class='ocr_par' dir='ltr' id='par_1_20' title="bbox 489 1747 2072 1819">
     <span class='ocr_line' id='line_1_20' title="bbox 489 1747 2072 1819; baseline 0.003 -19"><span class='ocrx_word' id='word_1_149' title='bbox 489 1747 678 1802; x_wconf 88' lang='lat' dir='ltr'><strong>bilium</strong></span> <span class='ocrx_word' id='word_1_150' title='bbox 717 1749 863 1804; x_wconf 85' lang='lat' dir='ltr'><strong>enim</strong></span> <span class='ocrx_word' id='word_1_151' title='bbox 888 1749 1306 1819; x_wconf 88' lang='lat' dir='ltr'><strong>divinarumque</strong></span> <span class='ocrx_word' id='word_1_152' title='bbox 1325 1765 1507 1804; x_wconf 91' lang='lat' dir='ltr'><strong>rerum</strong></span> <span class='ocrx_word' id='word_1_153' title='bbox 1531 1761 1727 1806; x_wconf 85' lang='lat' dir='ltr'><strong>natura</strong></span> <span class='ocrx_word' id='word_1_154' title='bbox 1747 1759 1831 1805; x_wconf 88' lang='lat' dir='ltr'><strong>est</strong></span> <span class='ocrx_word' id='word_1_155' title='bbox 1870 1748 2072 1804; x_wconf 84' lang='lat' dir='ltr'><strong>indivi-</strong></span> 
     </span>
    </p>
   </div>
   <div class='ocr_carea' id='block_1_21' title="bbox 488 1839 686 1895">
    <p class='ocr_par' dir='ltr' id='par_1_21' title="bbox 488 1839 686 1895">
     <span class='ocr_line' id='line_1_21' title="bbox 488 1839 686 1895; baseline 0 -1"><span class='ocrx_word' id='word_1_156' title='bbox 488 1839 686 1895; x_wconf 85' lang='lat' dir='ltr'><strong>sibilis.</strong></span> 
     </span>
    </p>
   </div>
   <div class='ocr_carea' id='block_1_22' title="bbox 1032 1957 1608 2014">
    <p class='ocr_par' dir='ltr' id='par_1_22' title="bbox 1032 1957 1608 2014">
     <span class='ocr_line' id='line_1_22' title="bbox 1032 1957 1608 2014; baseline 0.005 -3"><span class='ocrx_word' id='word_1_157' title='bbox 1032 1957 1113 2011; x_wconf 77' lang='lat' dir='ltr'><strong>Ea:</strong></span> <span class='ocrx_word' id='word_1_158' title='bbox 1143 1958 1327 2013; x_wconf 79' lang='lat' dir='ltr'><strong>eadem</strong></span> <span class='ocrx_word' id='word_1_159' title='bbox 1349 1960 1608 2014; x_wconf 83' lang='lat' dir='ltr'><strong>oratione.</strong></span> 
     </span>
    </p>
   </div>
   <div class='ocr_carea' id='block_1_23' title="bbox 561 2021 2079 2140">
    <p class='ocr_par' dir='ltr' id='par_1_23' title="bbox 561 2021 2079 2140">
     <span class='ocr_line' id='line_1_23' title="bbox 561 2021 2079 2140; baseline 0.001 -19"><span class='ocrx_word' id='word_1_160' title='bbox 561 2067 718 2123; x_wconf 85' lang='lat' dir='ltr'><strong>Sicut</strong></span> <span class='ocrx_word' id='word_1_161' title='bbox 781 2071 836 2124; x_wconf 93' lang='lat' dir='ltr'><strong>in</strong></span> <span class='ocrx_word' id='word_1_162' title='bbox 876 2021 1029 2126; x_wconf 48' lang='lat' dir='ltr'><strong>vsolis</strong></span> <span class='ocrx_word' id='word_1_163' title='bbox 1071 2070 1363 2140; x_wconf 86' lang='lat' dir='ltr'><strong>splendore</strong></span> <span class='ocrx_word' id='word_1_164' title='bbox 1415 2071 1552 2126; x_wconf 84' lang='lat' dir='ltr'><strong>radii</strong></span> <span class='ocrx_word' id='word_1_165' title='bbox 1583 2068 1818 2126; x_wconf 83' lang='lat' dir='ltr'><strong>naturali</strong></span> <span class='ocrx_word' id='word_1_166' title='bbox 1845 2067 2079 2140; x_wconf 90' lang='lat' dir='ltr'><strong>quodam</strong></span> 
     </span>
    </p>
   </div>
   <div class='ocr_carea' id='block_1_24' title="bbox 490 2158 2081 2231">
    <p class='ocr_par' dir='ltr' id='par_1_24' title="bbox 490 2158 2081 2231">
     <span class='ocr_line' id='line_1_24' title="bbox 490 2158 2081 2231; baseline -0.002 -16"><span class='ocrx_word' id='word_1_167' title='bbox 490 2158 679 2216; x_wconf 82' lang='lat' dir='ltr'><strong>habitu</strong></span> <span class='ocrx_word' id='word_1_168' title='bbox 711 2162 785 2216; x_wconf 86' lang='lat' dir='ltr'><strong>ita</strong></span> <span class='ocrx_word' id='word_1_169' title='bbox 809 2160 1084 2230; x_wconf 88' lang='lat' dir='ltr'><strong>conjuncti</strong></span> <span class='ocrx_word' id='word_1_170' title='bbox 1116 2172 1243 2216; x_wconf 89' lang='lat' dir='ltr'><strong>sunt</strong></span> <span class='ocrx_word' id='word_1_171' title='bbox 1275 2161 1516 2217; x_wconf 88' lang='lat' dir='ltr'><strong>utdividi</strong></span> <span class='ocrx_word' id='word_1_172' title='bbox 1542 2163 1683 2217; x_wconf 88' lang='lat' dir='ltr'><strong>inter</strong></span> <span class='ocrx_word' id='word_1_173' title='bbox 1706 2176 1766 2217; x_wconf 89' lang='lat' dir='ltr'><strong>se</strong></span> <span class='ocrx_word' id='word_1_174' title='bbox 1786 2167 2081 2231; x_wconf 89' lang='lat' dir='ltr'><strong>nequeant,</strong></span> 
     </span>
    </p>
   </div>
   <div class='ocr_carea' id='block_1_25' title="bbox 491 2252 2082 2323">
    <p class='ocr_par' dir='ltr' id='par_1_25' title="bbox 491 2252 2082 2323">
     <span class='ocr_line' id='line_1_25' title="bbox 491 2252 2082 2323; baseline -0.001 -17"><span class='ocrx_word' id='word_1_175' title='bbox 491 2266 596 2307; x_wconf 89' lang='lat' dir='ltr'><strong>nec</strong></span> <span class='ocrx_word' id='word_1_176' title='bbox 646 2252 716 2307; x_wconf 90' lang='lat' dir='ltr'><strong>ab</strong></span> <span class='ocrx_word' id='word_1_177' title='bbox 775 2253 889 2321; x_wconf 85' lang='lat' dir='ltr'><strong>ipsa</strong></span> <span class='ocrx_word' id='word_1_178' title='bbox 952 2254 1073 2309; x_wconf 90' lang='lat' dir='ltr'><strong>luce</strong></span> <span class='ocrx_word' id='word_1_179' title='bbox 1145 2253 1532 2322; x_wconf 82' lang='lat' dir='ltr'><strong>separari,sed</strong></span> <span class='ocrx_word' id='word_1_180' title='bbox 1580 2253 1804 2308; x_wconf 89' lang='lat' dir='ltr'><strong>luminis</strong></span> <span class='ocrx_word' id='word_1_181' title='bbox 1855 2252 2082 2323; x_wconf 88' lang='lat' dir='ltr'><strong>gratiam</strong></span> 
     </span>
    </p>
   </div>
   <div class='ocr_carea' id='block_1_26' title="bbox 495 2344 2083 2416">
    <p class='ocr_par' dir='ltr' id='par_1_26' title="bbox 495 2344 2083 2416">
     <span class='ocr_line' id='line_1_26' title="bbox 495 2344 2083 2416; baseline -0.001 -18"><span class='ocrx_word' id='word_1_182' title='bbox 495 2344 561 2398; x_wconf 87' lang='lat' dir='ltr'><strong>ad</strong></span> <span class='ocrx_word' id='word_1_183' title='bbox 599 2358 700 2399; x_wconf 89' lang='lat' dir='ltr'><strong>nos</strong></span> <span class='ocrx_word' id='word_1_184' title='bbox 727 2360 900 2415; x_wconf 86' lang='lat' dir='ltr'><strong>usque</strong></span> <span class='ocrx_word' id='word_1_185' title='bbox 921 2345 1178 2400; x_wconf 80' lang='lat' dir='ltr'><strong>deferunt</strong></span> <span class='ocrx_word' id='word_1_186' title='bbox 1217 2347 1337 2400; x_wconf 88' lang='lat' dir='ltr'><strong>:sic</strong></span> <span class='ocrx_word' id='word_1_187' title='bbox 1358 2345 1550 2410; x_wconf 85' lang='lat' dir='ltr'><strong>Filius,</strong></span> <span class='ocrx_word' id='word_1_188' title='bbox 1585 2355 1640 2400; x_wconf 93' lang='lat' dir='ltr'><strong>et</strong></span> <span class='ocrx_word' id='word_1_189' title='bbox 1662 2344 1899 2416; x_wconf 85' lang='lat' dir='ltr'><strong>Spiritus</strong></span> <span class='ocrx_word' id='word_1_190' title='bbox 1951 2356 2083 2398; x_wconf 88' lang='lat' dir='ltr'><strong>san—</strong></span> 
     </span>
    </p>
   </div>
   <div class='ocr_carea' id='block_1_27' title="bbox 492 2435 2084 2507">
    <p class='ocr_par' dir='ltr' id='par_1_27' title="bbox 492 2435 2084 2507">
     <span class='ocr_line' id='line_1_27' title="bbox 492 2435 2084 2507; baseline -0.001 -18"><span class='ocrx_word' id='word_1_191' title='bbox 492 2444 642 2500; x_wconf 89' lang='lat' dir='ltr'><strong>ctus,</strong></span> <span class='ocrx_word' id='word_1_192' title='bbox 711 2441 970 2504; x_wconf 85' lang='lat' dir='ltr'><strong>tanquam</strong></span> <span class='ocrx_word' id='word_1_193' title='bbox 1031 2435 1231 2507; x_wconf 78' lang='lat' dir='ltr'><strong>gemini</strong></span> <span class='ocrx_word' id='word_1_194' title='bbox 1287 2435 1464 2492; x_wconf 84' lang='lat' dir='ltr'><strong>Patris</strong></span> <span class='ocrx_word' id='word_1_195' title='bbox 1513 2436 1674 2501; x_wconf 85' lang='lat' dir='ltr'><strong>radii,</strong></span> <span class='ocrx_word' id='word_1_196' title='bbox 1717 2445 1924 2491; x_wconf 88' lang='lat' dir='ltr'><strong>etcum</strong></span> <span class='ocrx_word' id='word_1_197' title='bbox 1964 2435 2084 2503; x_wconf 68' lang='lat' dir='ltr'><strong>ipsa</strong></span> 
     </span>
    </p>
   </div>
   <div class='ocr_carea' id='block_1_28' title="bbox 492 2525 2084 2597">
    <p class='ocr_par' dir='ltr' id='par_1_28' title="bbox 492 2525 2084 2597">
     <span class='ocr_line' id='line_1_28' title="bbox 492 2525 2084 2597; baseline -0.001 -16"><span class='ocrx_word' id='word_1_198' title='bbox 492 2527 788 2595; x_wconf 70' lang='lat' dir='ltr'><strong>conjuncti</strong></span> <span class='ocrx_word' id='word_1_199' title='bbox 811 2536 939 2582; x_wconf 88' lang='lat' dir='ltr'><strong>sunt</strong></span> <span class='ocrx_word' id='word_1_200' title='bbox 971 2525 1154 2593; x_wconf 89' lang='lat' dir='ltr'><strong>Patre,</strong></span> <span class='ocrx_word' id='word_1_201' title='bbox 1177 2537 1233 2583; x_wconf 88' lang='lat' dir='ltr'><strong>et</strong></span> <span class='ocrx_word' id='word_1_202' title='bbox 1253 2529 1318 2582; x_wconf 88' lang='lat' dir='ltr'><strong>ad</strong></span> <span class='ocrx_word' id='word_1_203' title='bbox 1354 2543 1454 2583; x_wconf 91' lang='lat' dir='ltr'><strong>nos</strong></span> <span class='ocrx_word' id='word_1_204' title='bbox 1483 2543 1657 2597; x_wconf 90' lang='lat' dir='ltr'><strong>usque</strong></span> <span class='ocrx_word' id='word_1_205' title='bbox 1699 2527 1954 2582; x_wconf 86' lang='lat' dir='ltr'><strong>veritatis</strong></span> <span class='ocrx_word' id='word_1_206' title='bbox 1988 2527 2084 2581; x_wconf 81' lang='lat' dir='ltr'><strong>de-</strong></span> 
     </span>
    </p>
   </div>
   <div class='ocr_carea' id='block_1_29' title="bbox 493 2616 2084 2688">
    <p class='ocr_par' dir='ltr' id='par_1_29' title="bbox 493 2616 2084 2688">
     <span class='ocr_line' id='line_1_29' title="bbox 493 2616 2084 2688; baseline -0.003 -14"><span class='ocrx_word' id='word_1_207' title='bbox 493 2619 720 2674; x_wconf 87' lang='lat' dir='ltr'><strong>mittunt</strong></span> <span class='ocrx_word' id='word_1_208' title='bbox 752 2618 959 2674; x_wconf 86' lang='lat' dir='ltr'><strong>iumen.</strong></span> <span class='ocrx_word' id='word_1_209' title='bbox 986 2618 1051 2673; x_wconf 86' lang='lat' dir='ltr'><strong>Et</strong></span> <span class='ocrx_word' id='word_1_210' title='bbox 1087 2618 1550 2688; x_wconf 87' lang='lat' dir='ltr'><strong>quemadmodum</strong></span> <span class='ocrx_word' id='word_1_211' title='bbox 1615 2618 1685 2673; x_wconf 89' lang='lat' dir='ltr'><strong>ab</strong></span> <span class='ocrx_word' id='word_1_212' title='bbox 1733 2631 1842 2672; x_wconf 86' lang='lat' dir='ltr'><strong>uno</strong></span> <span class='ocrx_word' id='word_1_213' title='bbox 1902 2616 2084 2682; x_wconf 89' lang='lat' dir='ltr'><strong>aliquo</strong></span> 
     </span>
    </p>
   </div>
   <div class='ocr_carea' id='block_1_30' title="bbox 497 2706 2083 2777">
    <p class='ocr_par' dir='ltr' id='par_1_30' title="bbox 497 2706 2083 2777">
     <span class='ocr_line' id='line_1_30' title="bbox 497 2706 2083 2777; baseline -0.003 -15"><span class='ocrx_word' id='word_1_214' title='bbox 497 2722 763 2777; x_wconf 87' lang='lat' dir='ltr'><strong>aquarum</strong></span> <span class='ocrx_word' id='word_1_215' title='bbox 786 2709 934 2763; x_wconf 80' lang='lat' dir='ltr'><strong>fonte</strong></span> <span class='ocrx_word' id='word_1_216' title='bbox 961 2708 1087 2763; x_wconf 83' lang='lat' dir='ltr'><strong>bina</strong></span> <span class='ocrx_word' id='word_1_217' title='bbox 1136 2708 1360 2762; x_wconf 82' lang='lat' dir='ltr'><strong>ﬂumina</strong></span> <span class='ocrx_word' id='word_1_218' title='bbox 1395 2707 1715 2772; x_wconf 87' lang='lat' dir='ltr'><strong>decurrunt,</strong></span> <span class='ocrx_word' id='word_1_219' title='bbox 1743 2716 1795 2762; x_wconf 91' lang='lat' dir='ltr'><strong>et</strong></span> <span class='ocrx_word' id='word_1_220' title='bbox 1829 2721 1954 2761; x_wconf 88' lang='lat' dir='ltr'><strong>cum</strong></span> <span class='ocrx_word' id='word_1_221' title='bbox 1975 2706 2083 2760; x_wconf 86' lang='lat' dir='ltr'><strong>situ</strong></span> 
     </span>
    </p>
   </div>
   <div class='ocr_carea' id='block_1_31' title="bbox 494 2797 2086 2866">
    <p class='ocr_par' dir='ltr' id='par_1_31' title="bbox 494 2797 2086 2866">
     <span class='ocr_line' id='line_1_31' title="bbox 494 2797 2086 2866; baseline -0.001 -14"><span class='ocrx_word' id='word_1_222' title='bbox 494 2797 714 2866; x_wconf 84' lang='lat' dir='ltr'><strong>quidem</strong></span> <span class='ocrx_word' id='word_1_223' title='bbox 744 2797 947 2853; x_wconf 81' lang='lat' dir='ltr'><strong>ﬂuenta</strong></span> <span class='ocrx_word' id='word_1_224' title='bbox 971 2797 1217 2853; x_wconf 85' lang='lat' dir='ltr'><strong>dividant</strong></span> <span class='ocrx_word' id='word_1_225' title='bbox 1274 2812 1391 2862; x_wconf 89' lang='lat' dir='ltr'><strong>sua,</strong></span> <span class='ocrx_word' id='word_1_226' title='bbox 1417 2812 1581 2852; x_wconf 88' lang='lat' dir='ltr'><strong>unam</strong></span> <span class='ocrx_word' id='word_1_227' title='bbox 1607 2807 1811 2861; x_wconf 89' lang='lat' dir='ltr'><strong>tamen,</strong></span> <span class='ocrx_word' id='word_1_228' title='bbox 1845 2806 1900 2851; x_wconf 91' lang='lat' dir='ltr'><strong>et</strong></span> <span class='ocrx_word' id='word_1_229' title='bbox 1933 2811 2086 2851; x_wconf 58' lang='lat' dir='ltr'><strong>eam.</strong></span> 
     </span>
    </p>
   </div>
   <div class='ocr_carea' id='block_1_32' title="bbox 497 2887 2084 2958">
    <p class='ocr_par' dir='ltr' id='par_1_32' title="bbox 497 2887 2084 2958">
     <span class='ocr_line' id='line_1_32' title="bbox 497 2887 2084 2958; baseline -0.001 -15"><span class='ocrx_word' id='word_1_230' title='bbox 497 2890 621 2943; x_wconf 88' lang='lat' dir='ltr'><strong>dem</strong></span> <span class='ocrx_word' id='word_1_231' title='bbox 657 2888 904 2943; x_wconf 85' lang='lat' dir='ltr'><strong>humoris</strong></span> <span class='ocrx_word' id='word_1_232' title='bbox 927 2889 1179 2944; x_wconf 90' lang='lat' dir='ltr'><strong>obtinent</strong></span> <span class='ocrx_word' id='word_1_233' title='bbox 1204 2889 1543 2958; x_wconf 87' lang='lat' dir='ltr'><strong>qualitatem,</strong></span> <span class='ocrx_word' id='word_1_234' title='bbox 1570 2898 1627 2943; x_wconf 91' lang='lat' dir='ltr'><strong>et</strong></span> <span class='ocrx_word' id='word_1_235' title='bbox 1655 2903 1834 2958; x_wconf 90' lang='lat' dir='ltr'><strong>neque</strong></span> <span class='ocrx_word' id='word_1_236' title='bbox 1869 2887 2084 2957; x_wconf 88' lang='lat' dir='ltr'><strong>disjun-</strong></span> 
     </span>
    </p>
   </div>
   <div class='ocr_carea' id='block_1_33' title="bbox 497 2979 2083 3052">
    <p class='ocr_par' dir='ltr' id='par_1_33' title="bbox 497 2979 2083 3052">
     <span class='ocr_line' id='line_1_33' title="bbox 497 2979 2083 3052; baseline -0.001 -19"><span class='ocrx_word' id='word_1_237' title='bbox 497 2989 698 3050; x_wconf 87' lang='lat' dir='ltr'><strong>guntur</strong></span> <span class='ocrx_word' id='word_1_238' title='bbox 746 2979 966 3046; x_wconf 78' lang='lat' dir='ltr'><strong>aionte,</strong></span> <span class='ocrx_word' id='word_1_239' title='bbox 1039 2991 1095 3036; x_wconf 90' lang='lat' dir='ltr'><strong>et</strong></span> <span class='ocrx_word' id='word_1_240' title='bbox 1125 2982 1266 3036; x_wconf 91' lang='lat' dir='ltr'><strong>inter</strong></span> <span class='ocrx_word' id='word_1_241' title='bbox 1315 2995 1375 3036; x_wconf 90' lang='lat' dir='ltr'><strong>se</strong></span> <span class='ocrx_word' id='word_1_242' title='bbox 1427 2997 1524 3052; x_wconf 89' lang='lat' dir='ltr'><strong>per</strong></span> <span class='ocrx_word' id='word_1_243' title='bbox 1571 2983 1750 3052; x_wconf 87' lang='lat' dir='ltr'><strong>ipsum</strong></span> <span class='ocrx_word' id='word_1_244' title='bbox 1802 2979 2083 3048; x_wconf 83' lang='lat' dir='ltr'><strong>conjuncti</strong></span> 
     </span>
    </p>
   </div>
   <div class='ocr_carea' id='block_1_34' title="bbox 499 3070 2078 3143">
    <p class='ocr_par' dir='ltr' id='par_1_34' title="bbox 499 3070 2078 3143">
     <span class='ocr_line' id='line_1_34' title="bbox 499 3070 2078 3143; baseline -0.003 -14"><span class='ocrx_word' id='word_1_245' title='bbox 499 3082 651 3137; x_wconf 84' lang='lat' dir='ltr'><strong>sunt,</strong></span> <span class='ocrx_word' id='word_1_246' title='bbox 675 3082 730 3129; x_wconf 87' lang='lat' dir='ltr'><strong>et</strong></span> <span class='ocrx_word' id='word_1_247' title='bbox 764 3073 979 3143; x_wconf 87' lang='lat' dir='ltr'><strong>propria</strong></span> <span class='ocrx_word' id='word_1_248' title='bbox 1015 3082 1193 3128; x_wconf 87' lang='lat' dir='ltr'><strong>tamen</strong></span> <span class='ocrx_word' id='word_1_249' title='bbox 1231 3083 1528 3142; x_wconf 89' lang='lat' dir='ltr'><strong>utrumque</strong></span> <span class='ocrx_word' id='word_1_250' title='bbox 1573 3073 1785 3128; x_wconf 85' lang='lat' dir='ltr'><strong>ratione</strong></span> <span class='ocrx_word' id='word_1_251' title='bbox 1829 3070 2024 3126; x_wconf 80' lang='lat' dir='ltr'><strong>deﬂuit</strong></span> <span class='ocrx_word' id='word_1_252' title='bbox 2063 3087 2078 3125; x_wconf 89' lang='lat'><strong>:</strong></span> 
     </span>
    </p>
   </div>
   <div class='ocr_carea' id='block_1_35' title="bbox 2601 1277 3288 1348">
    <p class='ocr_par' dir='ltr' id='par_1_35' title="bbox 2601 1277 3288 1348">
     <span class='ocr_line' id='line_1_35' title="bbox 2601 1277 3288 1348; baseline 0 -16"><span class='ocrx_word' id='word_1_253' title='bbox 2601 1281 2794 1348; x_wconf 78' lang='grc' dir='ltr'><strong>ναχὸν</strong></span> <span class='ocrx_word' id='word_1_254' title='bbox 2823 1277 2955 1348; x_wconf 72' lang='grc' dir='ltr'><strong>περὶ</strong></span> <span class='ocrx_word' id='word_1_255' title='bbox 2980 1277 3288 1346; x_wconf 81' lang='grc' dir='ltr'><strong>Θεότητος.</strong></span> 
     </span>
    </p>
   </div>
   <div class='ocr_carea' id='block_1_36' title="bbox 2253 1385 3746 1462">
    <p class='ocr_par' dir='ltr' id='par_1_36' title="bbox 2253 1385 3746 1462">
     <span class='ocr_line' id='line_1_36' title="bbox 2253 1385 3746 1462; baseline -0.004 -17"><span class='ocrx_word' id='word_1_256' title='bbox 2253 1391 2465 1460; x_wconf 85' lang='grc' dir='ltr'><strong>Ὠσπερ</strong></span> <span class='ocrx_word' id='word_1_257' title='bbox 2491 1393 2592 1448; x_wconf 70' lang='grc' dir='ltr'><strong>οὐκ</strong></span> <span class='ocrx_word' id='word_1_258' title='bbox 2646 1391 2765 1446; x_wconf 72' lang='grc' dir='ltr'><strong>εστι</strong></span> <span class='ocrx_word' id='word_1_259' title='bbox 2800 1391 3003 1462; x_wconf 68' lang='grc' dir='ltr'><strong>μεταξὺ</strong></span> <span class='ocrx_word' id='word_1_260' title='bbox 3039 1389 3424 1462; x_wconf 69' lang='grc' dir='ltr'><strong>ἐνθυμήσεως,</strong></span> <span class='ocrx_word' id='word_1_261' title='bbox 3474 1386 3570 1441; x_wconf 74' lang='grc' dir='ltr'><strong>καὶ</strong></span> <span class='ocrx_word' id='word_1_262' title='bbox 3623 1385 3746 1451; x_wconf 87' lang='grc' dir='ltr'><strong>νοῦ,</strong></span> 
     </span>
    </p>
   </div>
   <div class='ocr_carea' id='block_1_37' title="bbox 2179 1479 3750 1557">
    <p class='ocr_par' dir='ltr' id='par_1_37' title="bbox 2179 1479 3750 1557">
     <span class='ocr_line' id='line_1_37' title="bbox 2179 1479 3750 1557; baseline -0.005 -17"><span class='ocrx_word' id='word_1_263' title='bbox 2179 1486 2276 1540; x_wconf 74' lang='grc' dir='ltr'><strong>καὶ</strong></span> <span class='ocrx_word' id='word_1_264' title='bbox 2307 1485 2493 1556; x_wconf 63' lang='grc' dir='ltr'><strong>ψυχῆς</strong></span> <span class='ocrx_word' id='word_1_265' title='bbox 2521 1485 2790 1557; x_wconf 80' lang='grc' dir='ltr'><strong>διαίρεσιν</strong></span> <span class='ocrx_word' id='word_1_266' title='bbox 2843 1482 3202 1552; x_wconf 75' lang='grc' dir='ltr'><strong>έπινοηθῆναί</strong></span> <span class='ocrx_word' id='word_1_267' title='bbox 3231 1498 3355 1535; x_wconf 88' lang='grc' dir='ltr'><strong>τινα</strong></span> <span class='ocrx_word' id='word_1_268' title='bbox 3393 1481 3488 1534; x_wconf 84' lang='grc' dir='ltr'><strong>καὶ</strong></span> <span class='ocrx_word' id='word_1_269' title='bbox 3553 1479 3750 1548; x_wconf 82' lang='grc' dir='ltr'><strong>τομὴν,</strong></span> 
     </span>
    </p>
   </div>
   <div class='ocr_carea' id='block_1_38' title="bbox 2181 1569 3753 1645">
    <p class='ocr_par' dir='ltr' id='par_1_38' title="bbox 2181 1569 3753 1645">
     <span class='ocr_line' id='line_1_38' title="bbox 2181 1569 3753 1645; baseline -0.006 -13"><span class='ocrx_word' id='word_1_270' title='bbox 2181 1577 2357 1642; x_wconf 72' lang='grc' dir='ltr'><strong>οὕτως</strong></span> <span class='ocrx_word' id='word_1_271' title='bbox 2382 1577 2506 1631; x_wconf 73' lang='grc' dir='ltr'><strong>οὐδὲ</strong></span> <span class='ocrx_word' id='word_1_272' title='bbox 2538 1576 2635 1632; x_wconf 84' lang='grc' dir='ltr'><strong>τοῦ</strong></span> <span class='ocrx_word' id='word_1_273' title='bbox 2665 1576 2825 1645; x_wconf 77' lang='grc' dir='ltr'><strong>ἁγίου</strong></span> <span class='ocrx_word' id='word_1_274' title='bbox 2856 1574 3199 1645; x_wconf 83' lang='grc' dir='ltr'><strong>Πνεύματος,</strong></span> <span class='ocrx_word' id='word_1_275' title='bbox 3224 1573 3320 1628; x_wconf 74' lang='grc' dir='ltr'><strong>καὶ</strong></span> <span class='ocrx_word' id='word_1_276' title='bbox 3352 1570 3449 1625; x_wconf 86' lang='grc' dir='ltr'><strong>τοῦ</strong></span> <span class='ocrx_word' id='word_1_277' title='bbox 3484 1569 3640 1634; x_wconf 81' lang='grc' dir='ltr'><strong>Υίοῦ,</strong></span> <span class='ocrx_word' id='word_1_278' title='bbox 3660 1569 3753 1623; x_wconf 75' lang='grc' dir='ltr'><strong>καὶ</strong></span> 
     </span>
    </p>
   </div>
   <div class='ocr_carea' id='block_1_39' title="bbox 2179 1660 3753 1742">
    <p class='ocr_par' dir='ltr' id='par_1_39' title="bbox 2179 1660 3753 1742">
     <span class='ocr_line' id='line_1_39' title="bbox 2179 1660 3753 1742; baseline -0.009 -17"><span class='ocrx_word' id='word_1_279' title='bbox 2179 1670 2277 1726; x_wconf 84' lang='grc' dir='ltr'><strong>τοῦ</strong></span> <span class='ocrx_word' id='word_1_280' title='bbox 2318 1669 2533 1742; x_wconf 72' lang='grc' dir='ltr'><strong>Πατρὸς</strong></span> <span class='ocrx_word' id='word_1_281' title='bbox 2585 1669 2646 1722; x_wconf 67' lang='grc' dir='ltr'><strong>ἐν</strong></span> <span class='ocrx_word' id='word_1_282' title='bbox 2687 1668 2838 1740; x_wconf 88' lang='grc' dir='ltr'><strong>μέσῳ</strong></span> <span class='ocrx_word' id='word_1_283' title='bbox 2874 1666 3046 1739; x_wconf 78' lang='grc' dir='ltr'><strong>τομὴν</strong></span> <span class='ocrx_word' id='word_1_284' title='bbox 3083 1666 3116 1738; x_wconf 74' lang='grc' dir='ltr'><strong>ἢ</strong></span> <span class='ocrx_word' id='word_1_285' title='bbox 3164 1664 3431 1734; x_wconf 82' lang='grc' dir='ltr'><strong>διαίρεσιν</strong></span> <span class='ocrx_word' id='word_1_286' title='bbox 3459 1660 3753 1731; x_wconf 73' lang='grc' dir='ltr'><strong>ὶπινοηθῆ-</strong></span> 
     </span>
    </p>
   </div>
   <div class='ocr_carea' id='block_1_40' title="bbox 2183 1754 3752 1831">
    <p class='ocr_par' dir='ltr' id='par_1_40' title="bbox 2183 1754 3752 1831">
     <span class='ocr_line' id='line_1_40' title="bbox 2183 1754 3752 1831; baseline -0.006 -17"><span class='ocrx_word' id='word_1_287' title='bbox 2183 1761 2273 1815; x_wconf 91' lang='grc' dir='ltr'><strong>ναί</strong></span> <span class='ocrx_word' id='word_1_288' title='bbox 2304 1777 2460 1816; x_wconf 84' lang='grc' dir='ltr'><strong>ποτε.</strong></span> <span class='ocrx_word' id='word_1_289' title='bbox 2489 1760 2611 1815; x_wconf 84' lang='grc' dir='ltr'><strong>Τῶν</strong></span> <span class='ocrx_word' id='word_1_290' title='bbox 2643 1760 2753 1831; x_wconf 82' lang='grc' dir='ltr'><strong>γὰρ</strong></span> <span class='ocrx_word' id='word_1_291' title='bbox 2777 1760 2986 1831; x_wconf 85' lang='grc' dir='ltr'><strong>νοητῶν</strong></span> <span class='ocrx_word' id='word_1_292' title='bbox 3012 1760 3106 1812; x_wconf 76' lang='grc' dir='ltr'><strong>καὶ</strong></span> <span class='ocrx_word' id='word_1_293' title='bbox 3140 1756 3308 1812; x_wconf 90' lang='grc' dir='ltr'><strong>θείων</strong></span> <span class='ocrx_word' id='word_1_294' title='bbox 3359 1754 3669 1824; x_wconf 86' lang='grc' dir='ltr'><strong>ἀδιαίρετος</strong></span> <span class='ocrx_word' id='word_1_295' title='bbox 3717 1754 3752 1824; x_wconf 73' lang='grc' dir='ltr'><strong>ἡ</strong></span> 
     </span>
    </p>
   </div>
   <div class='ocr_carea' id='block_1_41' title="bbox 2110 1846 2367 1923">
    <p class='ocr_par' dir='ltr' id='par_1_41' title="bbox 2110 1846 2367 1923">
     <span class='ocr_line' id='line_1_41' title="bbox 2110 1846 2367 1923; baseline -0.004 -14"><span class='ocrx_word' id='word_1_296' title='bbox 2110 1846 2154 1902; x_wconf 83' lang='grc' dir='ltr'>Β</span> <span class='ocrx_word' id='word_1_297' title='bbox 2182 1854 2367 1923; x_wconf 80' lang='grc' dir='ltr'><strong>φύσις.</strong></span> 
     </span>
    </p>
   </div>
   <div class='ocr_carea' id='block_1_42' title="bbox 2587 1968 3264 2039">
    <p class='ocr_par' dir='ltr' id='par_1_42' title="bbox 2587 1968 3264 2039">
     <span class='ocr_line' id='line_1_42' title="bbox 2587 1968 3264 2039; baseline 0 -15"><span class='ocrx_word' id='word_1_298' title='bbox 2587 1970 2685 2025; x_wconf 82' lang='grc' dir='ltr'><strong><em>Ἐκ</em></strong></span> <span class='ocrx_word' id='word_1_299' title='bbox 2712 1970 2820 2025; x_wconf 83' lang='grc' dir='ltr'><strong>τοῦ</strong></span> <span class='ocrx_word' id='word_1_300' title='bbox 2849 1969 3038 2026; x_wconf 84' lang='grc' dir='ltr'><strong>αὐτοῦ</strong></span> <span class='ocrx_word' id='word_1_301' title='bbox 3057 1968 3264 2039; x_wconf 71' lang='grc' dir='ltr'><strong>λόγου.</strong></span> 
     </span>
    </p>
   </div>
   <div class='ocr_carea' id='block_1_43' title="bbox 2257 2081 3757 2154">
    <p class='ocr_par' dir='ltr' id='par_1_43' title="bbox 2257 2081 3757 2154">
     <span class='ocr_line' id='line_1_43' title="bbox 2257 2081 3757 2154; baseline -0.003 -16"><span class='ocrx_word' id='word_1_302' title='bbox 2257 2084 2472 2154; x_wconf 83' lang='grc' dir='ltr'><strong>Ὠσπερ</strong></span> <span class='ocrx_word' id='word_1_303' title='bbox 2502 2085 2560 2137; x_wconf 86' lang='grc' dir='ltr'><strong>αι</strong></span> <span class='ocrx_word' id='word_1_304' title='bbox 2599 2085 2693 2136; x_wconf 89' lang='grc' dir='ltr'><strong>τοῦ</strong></span> <span class='ocrx_word' id='word_1_305' title='bbox 2731 2081 2957 2152; x_wconf 74' lang='grc' dir='ltr'><strong>ἡλιακοῦ</strong></span> <span class='ocrx_word' id='word_1_306' title='bbox 2986 2083 3166 2152; x_wconf 82' lang='grc' dir='ltr'><strong>φωτὸς</strong></span> <span class='ocrx_word' id='word_1_307' title='bbox 3215 2082 3435 2146; x_wconf 73' lang='grc' dir='ltr'><strong>ἀκτῖνες</strong></span> <span class='ocrx_word' id='word_1_308' title='bbox 3455 2081 3757 2153; x_wconf 78' lang='grc' dir='ltr'><strong>ἀμέριστον</strong></span> 
     </span>
    </p>
   </div>
   <div class='ocr_carea' id='block_1_44' title="bbox 2184 2170 3758 2248">
    <p class='ocr_par' dir='ltr' id='par_1_44' title="bbox 2184 2170 3758 2248">
     <span class='ocr_line' id='line_1_44' title="bbox 2184 2170 3758 2248; baseline -0.004 -18"><span class='ocrx_word' id='word_1_309' title='bbox 2184 2177 2408 2248; x_wconf 73' lang='grc' dir='ltr'><strong>ἔχουσαι</strong></span> <span class='ocrx_word' id='word_1_310' title='bbox 2445 2175 2590 2229; x_wconf 83' lang='grc' dir='ltr'><strong>κατὰ</strong></span> <span class='ocrx_word' id='word_1_311' title='bbox 2639 2173 2804 2244; x_wconf 80' lang='grc' dir='ltr'><strong>φύσιν</strong></span> <span class='ocrx_word' id='word_1_312' title='bbox 2844 2173 2946 2244; x_wconf 84' lang='grc' dir='ltr'><strong>τὴν</strong></span> <span class='ocrx_word' id='word_1_313' title='bbox 2994 2172 3129 2243; x_wconf 77' lang='grc' dir='ltr'><strong>πρὸς</strong></span> <span class='ocrx_word' id='word_1_314' title='bbox 3175 2174 3380 2246; x_wconf 71' lang='grc' dir='ltr'><strong>ἄλληλα</strong></span> <span class='ocrx_word' id='word_1_315' title='bbox 3424 2173 3610 2244; x_wconf 81' lang='grc' dir='ltr'><strong>σχέσιν</strong></span> <span class='ocrx_word' id='word_1_316' title='bbox 3633 2170 3758 2224; x_wconf 74' lang='grc' dir='ltr'><strong>οὔτε</strong></span> 
     </span>
    </p>
   </div>
   <div class='ocr_carea' id='block_1_45' title="bbox 2182 2263 3755 2336">
    <p class='ocr_par' dir='ltr' id='par_1_45' title="bbox 2182 2263 3755 2336">
     <span class='ocr_line' id='line_1_45' title="bbox 2182 2263 3755 2336; baseline -0.004 -15"><span class='ocrx_word' id='word_1_317' title='bbox 2182 2266 2280 2321; x_wconf 77' lang='grc' dir='ltr'><strong>τοῦ</strong></span> <span class='ocrx_word' id='word_1_318' title='bbox 2318 2265 2498 2334; x_wconf 73' lang='grc' dir='ltr'><strong>φωτὸς</strong></span> <span class='ocrx_word' id='word_1_319' title='bbox 2523 2263 2878 2336; x_wconf 78' lang='grc' dir='ltr'><strong>χωρίζονται,</strong></span> <span class='ocrx_word' id='word_1_320' title='bbox 2910 2263 3033 2318; x_wconf 78' lang='grc' dir='ltr'><strong>οὔτε</strong></span> <span class='ocrx_word' id='word_1_321' title='bbox 3063 2264 3310 2335; x_wconf 80' lang='grc' dir='ltr'><strong>ἀλλήλων</strong></span> <span class='ocrx_word' id='word_1_322' title='bbox 3333 2264 3755 2334; x_wconf 71' lang='grc' dir='ltr'><strong>ἀποτέμνονται,</strong></span> 
     </span>
    </p>
   </div>
   <div class='ocr_carea' id='block_1_46' title="bbox 2184 2355 3754 2429">
    <p class='ocr_par' dir='ltr' id='par_1_46' title="bbox 2184 2355 3754 2429">
     <span class='ocr_line' id='line_1_46' title="bbox 2184 2355 3754 2429; baseline -0.001 -19"><span class='ocrx_word' id='word_1_323' title='bbox 2184 2358 2279 2411; x_wconf 72' lang='grc' dir='ltr'><strong>καὶ</strong></span> <span class='ocrx_word' id='word_1_324' title='bbox 2305 2357 2497 2428; x_wconf 79' lang='grc' dir='ltr'><strong>μέχρις</strong></span> <span class='ocrx_word' id='word_1_325' title='bbox 2517 2358 2674 2428; x_wconf 80' lang='grc' dir='ltr'><strong>ἡμῶν</strong></span> <span class='ocrx_word' id='word_1_326' title='bbox 2693 2357 2790 2428; x_wconf 74' lang='grc' dir='ltr'><strong>τὴν</strong></span> <span class='ocrx_word' id='word_1_327' title='bbox 2821 2357 2982 2429; x_wconf 78' lang='grc' dir='ltr'><strong>χάριν</strong></span> <span class='ocrx_word' id='word_1_328' title='bbox 3005 2356 3097 2410; x_wconf 85' lang='grc' dir='ltr'><strong>τοῦ</strong></span> <span class='ocrx_word' id='word_1_329' title='bbox 3123 2357 3297 2426; x_wconf 82' lang='grc' dir='ltr'><strong>φωτὸς</strong></span> <span class='ocrx_word' id='word_1_330' title='bbox 3324 2355 3754 2410; x_wconf 76' lang='grc' dir='ltr'><strong>ἀποστέλλουσι’</strong></span> 
     </span>
    </p>
   </div>
   <div class='ocr_carea' id='block_1_47' title="bbox 2184 2445 3764 2522">
    <p class='ocr_par' dir='ltr' id='par_1_47' title="bbox 2184 2445 3764 2522">
     <span class='ocr_line' id='line_1_47' title="bbox 2184 2445 3764 2522; baseline -0.004 -16"><span class='ocrx_word' id='word_1_331' title='bbox 2184 2453 2278 2506; x_wconf 77' lang='grc' dir='ltr'><strong>τὸν</strong></span> <span class='ocrx_word' id='word_1_332' title='bbox 2330 2449 2717 2522; x_wconf 77' lang='grc' dir='ltr'><strong>αὐτὸντρόπον</strong></span> <span class='ocrx_word' id='word_1_333' title='bbox 2762 2451 2856 2504; x_wconf 77' lang='grc' dir='ltr'><strong>καὶ</strong></span> <span class='ocrx_word' id='word_1_334' title='bbox 2895 2451 2924 2504; x_wconf 84' lang='grc' dir='ltr'><strong>ό</strong></span> <span class='ocrx_word' id='word_1_335' title='bbox 2988 2450 3138 2516; x_wconf 77' lang='grc' dir='ltr'><strong>Υἱὸς,</strong></span> <span class='ocrx_word' id='word_1_336' title='bbox 3174 2450 3267 2504; x_wconf 75' lang='grc' dir='ltr'><strong>καὶ</strong></span> <span class='ocrx_word' id='word_1_337' title='bbox 3302 2451 3362 2504; x_wconf 81' lang='grc' dir='ltr'><strong>τὸ</strong></span> <span class='ocrx_word' id='word_1_338' title='bbox 3423 2447 3650 2520; x_wconf 88' lang='grc' dir='ltr'><strong>Πνεῦμα</strong></span> <span class='ocrx_word' id='word_1_339' title='bbox 3700 2445 3764 2500; x_wconf 81' lang='grc' dir='ltr'><strong>τδ</strong></span> 
     </span>
    </p>
   </div>
   <div class='ocr_carea' id='block_1_48' title="bbox 2187 2537 3760 2612">
    <p class='ocr_par' dir='ltr' id='par_1_48' title="bbox 2187 2537 3760 2612">
     <span class='ocr_line' id='line_1_48' title="bbox 2187 2537 3760 2612; baseline -0.003 -16"><span class='ocrx_word' id='word_1_340' title='bbox 2187 2541 2364 2610; x_wconf 73' lang='grc' dir='ltr'><strong>ἆγιον,</strong></span> <span class='ocrx_word' id='word_1_341' title='bbox 2385 2543 2419 2612; x_wconf 80' lang='grc' dir='ltr'><strong>ἡ</strong></span> <span class='ocrx_word' id='word_1_342' title='bbox 2448 2541 2669 2610; x_wconf 82' lang='grc' dir='ltr'><strong>δίδυμος</strong></span> <span class='ocrx_word' id='word_1_343' title='bbox 2698 2540 2792 2594; x_wconf 86' lang='grc' dir='ltr'><strong>τοῦ</strong></span> <span class='ocrx_word' id='word_1_344' title='bbox 2815 2539 3025 2612; x_wconf 84' lang='grc' dir='ltr'><strong>Πατρὺς</strong></span> <span class='ocrx_word' id='word_1_345' title='bbox 3046 2540 3226 2605; x_wconf 72' lang='grc' dir='ltr'><strong>ἀκτὶς,</strong></span> <span class='ocrx_word' id='word_1_346' title='bbox 3257 2540 3353 2594; x_wconf 80' lang='grc' dir='ltr'><strong>καὶ</strong></span> <span class='ocrx_word' id='word_1_347' title='bbox 3379 2540 3573 2610; x_wconf 79' lang='grc' dir='ltr'><strong>μέχρις</strong></span> <span class='ocrx_word' id='word_1_348' title='bbox 3598 2537 3760 2609; x_wconf 77' lang='grc' dir='ltr'><strong>ἡμῶν</strong></span> 
     </span>
    </p>
   </div>
   <div class='ocr_carea' id='block_1_49' title="bbox 2188 2629 3764 2702">
    <p class='ocr_par' dir='ltr' id='par_1_49' title="bbox 2188 2629 3764 2702">
     <span class='ocr_line' id='line_1_49' title="bbox 2188 2629 3764 2702; baseline -0.003 -16"><span class='ocrx_word' id='word_1_349' title='bbox 2188 2632 2496 2686; x_wconf 81' lang='grc' dir='ltr'><strong>διακονοῦσι</strong></span> <span class='ocrx_word' id='word_1_350' title='bbox 2527 2632 2589 2686; x_wconf 85' lang='grc' dir='ltr'><strong>τὸ</strong></span> <span class='ocrx_word' id='word_1_351' title='bbox 2649 2632 2765 2701; x_wconf 85' lang='grc' dir='ltr'><strong>φῶς</strong></span> <span class='ocrx_word' id='word_1_352' title='bbox 2825 2632 2924 2702; x_wconf 84' lang='grc' dir='ltr'><strong>τῆς</strong></span> <span class='ocrx_word' id='word_1_353' title='bbox 2978 2631 3259 2702; x_wconf 73' lang='grc' dir='ltr'><strong>ἀληθείας,</strong></span> <span class='ocrx_word' id='word_1_354' title='bbox 3323 2630 3418 2685; x_wconf 61' lang='grc' dir='ltr'><strong>καὶ⁸</strong></span> <span class='ocrx_word' id='word_1_355' title='bbox 3469 2629 3548 2702; x_wconf 84' lang='grc' dir='ltr'><strong>τῷ</strong></span> <span class='ocrx_word' id='word_1_356' title='bbox 3587 2630 3764 2700; x_wconf 68' lang='grc' dir='ltr'><strong>Πατρὶ</strong></span> 
     </span>
    </p>
   </div>
   <div class='ocr_carea' id='block_1_50' title="bbox 2188 2723 3762 2796">
    <p class='ocr_par' dir='ltr' id='par_1_50' title="bbox 2188 2723 3762 2796">
     <span class='ocr_line' id='line_1_50' title="bbox 2188 2723 3762 2796; baseline -0.001 -19"><span class='ocrx_word' id='word_1_357' title='bbox 2188 2728 2542 2796; x_wconf 82' lang='grc' dir='ltr'><strong>συνήνωνται.</strong></span> <span class='ocrx_word' id='word_1_358' title='bbox 2572 2727 2683 2779; x_wconf 66' lang='grc' dir='ltr'><strong>Καὶ</strong></span> <span class='ocrx_word' id='word_1_359' title='bbox 2711 2724 2771 2778; x_wconf 82' lang='grc' dir='ltr'><strong>ὃν</strong></span> <span class='ocrx_word' id='word_1_360' title='bbox 2798 2725 3000 2794; x_wconf 80' lang='grc' dir='ltr'>τρόπον</span> <span class='ocrx_word' id='word_1_361' title='bbox 3030 2725 3137 2776; x_wconf 76' lang='grc' dir='ltr'><strong>ἀπό</strong></span> <span class='ocrx_word' id='word_1_362' title='bbox 3173 2741 3316 2787; x_wconf 91' lang='grc' dir='ltr'><strong>τινος</strong></span> <span class='ocrx_word' id='word_1_363' title='bbox 3339 2723 3548 2777; x_wconf 82' lang='grc' dir='ltr'><strong>ὑδάτων</strong></span> <span class='ocrx_word' id='word_1_364' title='bbox 3577 2723 3762 2792; x_wconf 84' lang='grc' dir='ltr'><strong>πηγῆς</strong></span> 
     </span>
    </p>
   </div>
   <div class='ocr_carea' id='block_1_51' title="bbox 2189 2815 3764 2887">
    <p class='ocr_par' dir='ltr' id='par_1_51' title="bbox 2189 2815 3764 2887">
     <span class='ocr_line' id='line_1_51' title="bbox 2189 2815 3764 2887; baseline -0.001 -17"><span class='ocrx_word' id='word_1_365' title='bbox 2189 2817 2282 2870; x_wconf 85' lang='grc' dir='ltr'><strong>δύο</strong></span> <span class='ocrx_word' id='word_1_366' title='bbox 2323 2817 2559 2887; x_wconf 81' lang='grc' dir='ltr'><strong>ποταμοὶ</strong></span> <span class='ocrx_word' id='word_1_367' title='bbox 2592 2817 2798 2887; x_wconf 79' lang='grc' dir='ltr'><strong>ῥέουσι,</strong></span> <span class='ocrx_word' id='word_1_368' title='bbox 2825 2817 2917 2870; x_wconf 84' lang='grc' dir='ltr'><strong>καὶ</strong></span> <span class='ocrx_word' id='word_1_369' title='bbox 2948 2820 3013 2886; x_wconf 80' lang='grc' dir='ltr'><strong>τῇ</strong></span> <span class='ocrx_word' id='word_1_370' title='bbox 3042 2817 3138 2885; x_wconf 87' lang='grc' dir='ltr'><strong>μὲν</strong></span> <span class='ocrx_word' id='word_1_371' title='bbox 3166 2815 3315 2870; x_wconf 84' lang='grc' dir='ltr'><strong>θέσει</strong></span> <span class='ocrx_word' id='word_1_372' title='bbox 3355 2816 3642 2886; x_wconf 78' lang='grc' dir='ltr'><strong>διῄρηνται</strong></span> <span class='ocrx_word' id='word_1_373' title='bbox 3693 2815 3764 2868; x_wconf 76' lang='grc' dir='ltr'><strong>τὰ</strong></span> 
     </span>
    </p>
   </div>
   <div class='ocr_carea' id='block_1_52' title="bbox 2193 2907 3766 2982">
    <p class='ocr_par' dir='ltr' id='par_1_52' title="bbox 2193 2907 3766 2982">
     <span class='ocr_line' id='line_1_52' title="bbox 2193 2907 3766 2982; baseline -0.003 -20"><span class='ocrx_word' id='word_1_374' title='bbox 2193 2909 2406 2982; x_wconf 77' lang='grc' dir='ltr'><strong>ῥεῖθρα,</strong></span> <span class='ocrx_word' id='word_1_375' title='bbox 2465 2909 2567 2980; x_wconf 79' lang='grc' dir='ltr'><strong>τὴν</strong></span> <span class='ocrx_word' id='word_1_376' title='bbox 2607 2908 2664 2960; x_wconf 84' lang='grc' dir='ltr'><strong>δὲ</strong></span> <span class='ocrx_word' id='word_1_377' title='bbox 2697 2908 2789 2961; x_wconf 86' lang='grc' dir='ltr'><strong>τοῦ</strong></span> <span class='ocrx_word' id='word_1_378' title='bbox 2819 2907 2996 2977; x_wconf 82' lang='grc' dir='ltr'><strong>χυμοῦ</strong></span> <span class='ocrx_word' id='word_1_379' title='bbox 3031 2909 3298 2978; x_wconf 81' lang='grc' dir='ltr'><strong>ποιότητα</strong></span> <span class='ocrx_word' id='word_1_380' title='bbox 3357 2907 3487 2977; x_wconf 88' lang='grc' dir='ltr'><strong>μίαν</strong></span> <span class='ocrx_word' id='word_1_381' title='bbox 3511 2908 3607 2960; x_wconf 68' lang='grc' dir='ltr'><strong>καὶ</strong></span> <span class='ocrx_word' id='word_1_382' title='bbox 3664 2907 3766 2976; x_wconf 81' lang='grc' dir='ltr'><strong>τὴν</strong></span> 
     </span>
    </p>
   </div>
   <div class='ocr_carea' id='block_1_53' title="bbox 2190 3001 3767 3072">
    <p class='ocr_par' dir='ltr' id='par_1_53' title="bbox 2190 3001 3767 3072">
     <span class='ocr_line' id='line_1_53' title="bbox 2190 3001 3767 3072; baseline -0.003 -16"><span class='ocrx_word' id='word_1_383' title='bbox 2190 3003 2360 3072; x_wconf 78' lang='grc' dir='ltr'><strong>αὐτὴν</strong></span> <span class='ocrx_word' id='word_1_384' title='bbox 2395 3001 2715 3071; x_wconf 77' lang='grc' dir='ltr'><strong>κέκτηνται,</strong></span> <span class='ocrx_word' id='word_1_385' title='bbox 2739 3002 2834 3055; x_wconf 79' lang='grc' dir='ltr'><strong>καὶ</strong></span> <span class='ocrx_word' id='word_1_386' title='bbox 2855 3001 2981 3054; x_wconf 75' lang='grc' dir='ltr'><strong>οὔτε</strong></span> <span class='ocrx_word' id='word_1_387' title='bbox 3009 3002 3107 3069; x_wconf 80' lang='grc' dir='ltr'><strong>τῆς</strong></span> <span class='ocrx_word' id='word_1_388' title='bbox 3131 3002 3312 3072; x_wconf 82' lang='grc' dir='ltr'><strong>πηγῆς</strong></span> <span class='ocrx_word' id='word_1_389' title='bbox 3342 3001 3767 3069; x_wconf 79' lang='grc' dir='ltr'><strong>ἀποτέμνονται.</strong></span> 
     </span>
    </p>
   </div>
   <div class='ocr_carea' id='block_1_54' title="bbox 2193 3091 3773 3165">
    <p class='ocr_par' dir='ltr' id='par_1_54' title="bbox 2193 3091 3773 3165">
     <span class='ocr_line' id='line_1_54' title="bbox 2193 3091 3773 3165; baseline -0.005 -14"><span class='ocrx_word' id='word_1_390' title='bbox 2193 3098 2292 3151; x_wconf 68' lang='grc' dir='ltr'><strong>καὶ</strong></span> <span class='ocrx_word' id='word_1_391' title='bbox 2328 3096 2396 3150; x_wconf 78' lang='grc' dir='ltr'><strong>δι’</strong></span> <span class='ocrx_word' id='word_1_392' title='bbox 2425 3094 2601 3163; x_wconf 76' lang='grc' dir='ltr'><strong>αὐτῆς</strong></span> <span class='ocrx_word' id='word_1_393' title='bbox 2617 3095 2867 3162; x_wconf 82' lang='grc' dir='ltr'><strong>ἀλλήλοις</strong></span> <span class='ocrx_word' id='word_1_394' title='bbox 2888 3095 3152 3165; x_wconf 75' lang='grc' dir='ltr'><strong>ἥνωνται,</strong></span> <span class='ocrx_word' id='word_1_395' title='bbox 3183 3094 3289 3147; x_wconf 83' lang='grc' dir='ltr'><strong>κᾶν</strong></span> <span class='ocrx_word' id='word_1_396' title='bbox 3318 3092 3626 3156; x_wconf 80' lang='grc' dir='ltr'><strong>ίδιαζόντως</strong></span> <span class='ocrx_word' id='word_1_397' title='bbox 3639 3091 3773 3144; x_wconf 73' lang='grc' dir='ltr'><strong>ἔκα-</strong></span> 
     </span>
    </p>
   </div>
   <div class='ocr_carea' id='block_1_55' title="bbox 499 3161 2086 3259">
    <p class='ocr_par' dir='ltr' id='par_1_55' title="bbox 499 3161 2086 3233">
     <span class='ocr_line' id='line_1_55' title="bbox 499 3161 2086 3233; baseline -0.003 -15"><span class='ocrx_word' id='word_1_398' title='bbox 499 3164 691 3218; x_wconf 81' lang='lat' dir='ltr'><strong>codem</strong></span> <span class='ocrx_word' id='word_1_399' title='bbox 726 3164 892 3218; x_wconf 89' lang='lat' dir='ltr'><strong>modo</strong></span> <span class='ocrx_word' id='word_1_400' title='bbox 932 3171 987 3218; x_wconf 91' lang='lat' dir='ltr'><strong>et</strong></span> <span class='ocrx_word' id='word_1_401' title='bbox 1015 3163 1190 3232; x_wconf 87' lang='lat' dir='ltr'><strong>prima</strong></span> <span class='ocrx_word' id='word_1_402' title='bbox 1224 3162 1315 3216; x_wconf 90' lang='lat' dir='ltr'><strong>illa</strong></span> <span class='ocrx_word' id='word_1_403' title='bbox 1338 3176 1525 3227; x_wconf 85' lang='lat' dir='ltr'><strong>causa,</strong></span> <span class='ocrx_word' id='word_1_404' title='bbox 1556 3177 1754 3233; x_wconf 86' lang='lat' dir='ltr'><strong>nempe</strong></span> <span class='ocrx_word' id='word_1_405' title='bbox 1783 3161 1963 3225; x_wconf 88' lang='lat' dir='ltr'><strong>Pater,</strong></span> <span class='ocrx_word' id='word_1_406' title='bbox 2030 3169 2086 3215; x_wconf 91' lang='lat' dir='ltr'><strong>et</strong></span> 
     </span>
    </p>
   </div>
   <div class='ocr_carea' id='block_1_56' title="bbox 2192 3161 3772 3259">
    <p class='ocr_par' dir='ltr' id='par_1_56' title="bbox 2197 3184 3772 3259">
     <span class='ocr_line' id='line_1_56' title="bbox 2197 3184 3772 3259; baseline -0.002 -17"><span class='ocrx_word' id='word_1_407' title='bbox 2197 3206 2318 3252; x_wconf 91' lang='grc' dir='ltr'><strong>στος</strong></span> <span class='ocrx_word' id='word_1_408' title='bbox 2356 3189 2474 3258; x_wconf 77' lang='grc' dir='ltr'><strong>ῥεῖ·</strong></span> <span class='ocrx_word' id='word_1_409' title='bbox 2502 3189 2595 3243; x_wconf 81' lang='grc' dir='ltr'><strong>τὸν</strong></span> <span class='ocrx_word' id='word_1_410' title='bbox 2634 3188 2797 3240; x_wconf 79' lang='grc' dir='ltr'><strong>αὑτὸν</strong></span> <span class='ocrx_word' id='word_1_411' title='bbox 2824 3188 3029 3259; x_wconf 84' lang='grc' dir='ltr'><strong>τρόπον</strong></span> <span class='ocrx_word' id='word_1_412' title='bbox 3075 3186 3166 3240; x_wconf 73' lang='grc' dir='ltr'><strong>καὶ</strong></span> <span class='ocrx_word' id='word_1_413' title='bbox 3225 3185 3287 3238; x_wconf 83' lang='grc' dir='ltr'><strong>τὸ</strong></span> <span class='ocrx_word' id='word_1_414' title='bbox 3318 3184 3536 3253; x_wconf 84' lang='grc' dir='ltr'><strong>πρῶτον</strong></span> <span class='ocrx_word' id='word_1_415' title='bbox 3595 3185 3772 3239; x_wconf 70' lang='grc' dir='ltr'><strong>αἴτιον</strong></span> 
     </span>
    </p>
   </div>
   <div class='ocr_carea' id='block_1_57' title="bbox 499 3249 2089 3323">
    <p class='ocr_par' dir='ltr' id='par_1_57' title="bbox 499 3249 2089 3323">
     <span class='ocr_line' id='line_1_57' title="bbox 499 3249 2089 3323; baseline -0.003 -17"><span class='ocrx_word' id='word_1_416' title='bbox 499 3254 626 3309; x_wconf 71' lang='lat' dir='ltr'><strong>vitae</strong></span> <span class='ocrx_word' id='word_1_417' title='bbox 651 3254 776 3308; x_wconf 76' lang='lat' dir='ltr'><strong>fons</strong></span> <span class='ocrx_word' id='word_1_418' title='bbox 805 3253 1079 3323; x_wconf 86' lang='lat' dir='ltr'><strong>duplicem</strong></span> <span class='ocrx_word' id='word_1_419' title='bbox 1111 3252 1403 3322; x_wconf 88' lang='lat' dir='ltr'><strong>quamdam</strong></span> <span class='ocrx_word' id='word_1_420' title='bbox 1463 3249 1608 3315; x_wconf 86' lang='lat' dir='ltr'><strong>Filii,</strong></span> <span class='ocrx_word' id='word_1_421' title='bbox 1640 3259 1696 3305; x_wconf 91' lang='lat' dir='ltr'><strong>et</strong></span> <span class='ocrx_word' id='word_1_422' title='bbox 1716 3250 1892 3306; x_wconf 87' lang='lat' dir='ltr'><strong>sancti</strong></span> <span class='ocrx_word' id='word_1_423' title='bbox 1918 3249 2089 3316; x_wconf 88' lang='lat' dir='ltr'><strong>Spiri-</strong></span> 
     </span>
    </p>
   </div>
   <div class='ocr_carea' id='block_1_58' title="bbox 499 3343 2090 3417">
    <p class='ocr_par' dir='ltr' id='par_1_58' title="bbox 499 3343 2090 3417">
     <span class='ocr_line' id='line_1_58' title="bbox 499 3343 2090 3417; baseline 0 -19"><span class='ocrx_word' id='word_1_424' title='bbox 499 3353 589 3401; x_wconf 85' lang='lat' dir='ltr'><strong>tus</strong></span> <span class='ocrx_word' id='word_1_425' title='bbox 621 3347 682 3401; x_wconf 82' lang='lat' dir='ltr'><strong>in</strong></span> <span class='ocrx_word' id='word_1_426' title='bbox 707 3362 808 3402; x_wconf 91' lang='lat' dir='ltr'><strong>nos</strong></span> <span class='ocrx_word' id='word_1_427' title='bbox 848 3347 1079 3417; x_wconf 70' lang='lat' dir='ltr'><strong>gratiam</strong></span> <span class='ocrx_word' id='word_1_428' title='bbox 1116 3345 1339 3410; x_wconf 88' lang='lat' dir='ltr'><strong>emittit,</strong></span> <span class='ocrx_word' id='word_1_429' title='bbox 1395 3359 1500 3400; x_wconf 91' lang='lat' dir='ltr'><strong>nec</strong></span> <span class='ocrx_word' id='word_1_430' title='bbox 1529 3344 1645 3414; x_wconf 90' lang='lat' dir='ltr'><strong>ipse</strong></span> <span class='ocrx_word' id='word_1_431' title='bbox 1670 3343 1971 3414; x_wconf 87' lang='lat' dir='ltr'><strong>quidquam</strong></span> <span class='ocrx_word' id='word_1_432' title='bbox 2000 3358 2090 3398; x_wconf 83' lang='lat' dir='ltr'><strong>es-</strong></span> 
     </span>
    </p>
   </div>
   <div class='ocr_carea' id='block_1_59' title="bbox 503 3434 2092 3506">
    <p class='ocr_par' dir='ltr' id='par_1_59' title="bbox 503 3434 2092 3506">
     <span class='ocr_line' id='line_1_59' title="bbox 503 3434 2092 3506; baseline -0.003 -14"><span class='ocrx_word' id='word_1_433' title='bbox 503 3437 695 3493; x_wconf 67' lang='lat' dir='ltr'><strong>sentia:</strong></span> <span class='ocrx_word' id='word_1_434' title='bbox 728 3453 843 3493; x_wconf 65' lang='lat' dir='ltr'><strong>sua:</strong></span> <span class='ocrx_word' id='word_1_435' title='bbox 895 3437 1080 3492; x_wconf 87' lang='lat' dir='ltr'><strong>damni</strong></span> <span class='ocrx_word' id='word_1_436' title='bbox 1129 3435 1259 3491; x_wconf 76' lang='lat' dir='ltr'><strong>facit</strong></span> <span class='ocrx_word' id='word_1_437' title='bbox 1297 3452 1312 3489; x_wconf 87' lang='lat'><strong>:</strong></span> <span class='ocrx_word' id='word_1_438' title='bbox 1355 3436 1502 3490; x_wconf 86' lang='lat' dir='ltr'><strong>nulla</strong></span> <span class='ocrx_word' id='word_1_439' title='bbox 1551 3434 1697 3490; x_wconf 89' lang='lat' dir='ltr'><strong>enim</strong></span> <span class='ocrx_word' id='word_1_440' title='bbox 1733 3443 1956 3506; x_wconf 85' lang='lat' dir='ltr'><strong>propter</strong></span> <span class='ocrx_word' id='word_1_441' title='bbox 1998 3450 2092 3489; x_wconf 81' lang='grc' dir='ltr'><strong>εο-</strong></span> 
     </span>
    </p>
   </div>
   <div class='ocr_carea' id='block_1_60' title="bbox 505 3525 2085 3599">
    <p class='ocr_par' dir='ltr' id='par_1_60' title="bbox 505 3525 2085 3599">
     <span class='ocr_line' id='line_1_60' title="bbox 505 3525 2085 3599; baseline -0.002 -17"><span class='ocrx_word' id='word_1_442' title='bbox 505 3544 626 3584; x_wconf 84' lang='lat' dir='ltr'><strong>rum</strong></span> <span class='ocrx_word' id='word_1_443' title='bbox 654 3529 722 3583; x_wconf 90' lang='lat' dir='ltr'><strong>ad</strong></span> <span class='ocrx_word' id='word_1_444' title='bbox 766 3543 868 3583; x_wconf 90' lang='lat' dir='ltr'><strong>nos</strong></span> <span class='ocrx_word' id='word_1_445' title='bbox 894 3527 1284 3599; x_wconf 82' lang='lat' dir='ltr'><strong>perfectionem</strong></span> <span class='ocrx_word' id='word_1_446' title='bbox 1307 3527 1453 3581; x_wconf 88' lang='lat' dir='ltr'><strong>illius</strong></span> <span class='ocrx_word' id='word_1_447' title='bbox 1479 3525 2085 3596; x_wconf 74' lang='lat' dir='ltr'><strong>sequiturimminutio:</strong></span> 
     </span>
    </p>
   </div>
   <div class='ocr_carea' id='block_1_61' title="bbox 504 3619 2088 3691">
    <p class='ocr_par' dir='ltr' id='par_1_61' title="bbox 504 3619 2088 3691">
     <span class='ocr_line' id='line_1_61' title="bbox 504 3619 2088 3691; baseline -0.004 -13"><span class='ocrx_word' id='word_1_448' title='bbox 504 3631 561 3678; x_wconf 87' lang='lat' dir='ltr'><strong>et</strong></span> <span class='ocrx_word' id='word_1_449' title='bbox 589 3620 644 3675; x_wconf 87' lang='lat' dir='ltr'><strong>hi</strong></span> <span class='ocrx_word' id='word_1_450' title='bbox 687 3635 810 3676; x_wconf 90' lang='lat' dir='ltr'><strong>cum</strong></span> <span class='ocrx_word' id='word_1_451' title='bbox 855 3621 924 3675; x_wconf 90' lang='lat' dir='ltr'><strong>ad</strong></span> <span class='ocrx_word' id='word_1_452' title='bbox 972 3634 1072 3677; x_wconf 83' lang='lat' dir='ltr'><strong>nos</strong></span> <span class='ocrx_word' id='word_1_453' title='bbox 1108 3635 1282 3691; x_wconf 89' lang='lat' dir='ltr'><strong>usque</strong></span> <span class='ocrx_word' id='word_1_454' title='bbox 1304 3619 1645 3689; x_wconf 89' lang='lat' dir='ltr'><strong>perveniant,</strong></span> <span class='ocrx_word' id='word_1_455' title='bbox 1669 3632 1776 3673; x_wconf 93' lang='lat' dir='ltr'><strong>non</strong></span> <span class='ocrx_word' id='word_1_456' title='bbox 1808 3625 1990 3674; x_wconf 83' lang='lat' dir='ltr'><strong>tamen</strong></span> <span class='ocrx_word' id='word_1_457' title='bbox 2057 3632 2088 3672; x_wconf 91' lang='lat' dir='ltr'><strong>a</strong></span> 
     </span>
    </p>
   </div>
   <div class='ocr_carea' id='block_1_62' title="bbox 506 3713 1042 3782">
    <p class='ocr_par' dir='ltr' id='par_1_62' title="bbox 506 3713 1042 3782">
     <span class='ocr_line' id='line_1_62' title="bbox 506 3713 1042 3782; baseline -0.002 -16"><span class='ocrx_word' id='word_1_458' title='bbox 506 3713 670 3768; x_wconf 82' lang='lat' dir='ltr'><strong>Patre</strong></span> <span class='ocrx_word' id='word_1_459' title='bbox 694 3720 1042 3782; x_wconf 85' lang='lat' dir='ltr'><strong>separantur.</strong></span> 
     </span>
    </p>
   </div>
   <div class='ocr_carea' id='block_1_63' title="bbox 503 3976 2082 4046">
    <p class='ocr_par' dir='ltr' id='par_1_63' title="bbox 503 3976 2082 4046">
     <span class='ocr_line' id='line_1_63' title="bbox 503 3976 2082 4046; baseline -0.002 -12"><span class='ocrx_word' id='word_1_460' title='bbox 503 3980 637 4035; x_wconf 80' lang='lat' dir='ltr'><strong>Item</strong></span> <span class='ocrx_word' id='word_1_461' title='bbox 664 3979 728 4031; x_wconf 82' lang='lat' dir='ltr'><strong>de</strong></span> <span class='ocrx_word' id='word_1_462' title='bbox 761 3978 950 4042; x_wconf 87' lang='lat' dir='ltr'><strong>Patre,</strong></span> <span class='ocrx_word' id='word_1_463' title='bbox 983 3988 1032 4033; x_wconf 79' lang='lat' dir='ltr'><strong>et</strong></span> <span class='ocrx_word' id='word_1_464' title='bbox 1067 3977 1228 4044; x_wconf 78' lang='lat' dir='ltr'><strong>Filio,</strong></span> <span class='ocrx_word' id='word_1_465' title='bbox 1258 3987 1305 4032; x_wconf 86' lang='lat' dir='ltr'><strong>et</strong></span> <span class='ocrx_word' id='word_1_466' title='bbox 1345 3976 1552 4046; x_wconf 78' lang='lat' dir='ltr'><strong>Spiritu</strong></span> <span class='ocrx_word' id='word_1_467' title='bbox 1612 3987 1795 4032; x_wconf 80' lang='lat' dir='ltr'><strong>sancto</strong></span> <span class='ocrx_word' id='word_1_468' title='bbox 1817 3977 2082 4031; x_wconf 74' lang='lat' dir='ltr'><strong>distincta</strong></span> 
     </span>
    </p>
   </div>
   <div class='ocr_carea' id='block_1_64' title="bbox 568 4047 2087 4120">
    <p class='ocr_par' dir='ltr' id='par_1_64' title="bbox 568 4047 2087 4120">
     <span class='ocr_line' id='line_1_64' title="bbox 568 4047 2087 4120; baseline -0.001 -18"><span class='ocrx_word' id='word_1_469' title='bbox 568 4049 741 4120; x_wconf 13' lang='lat' dir='ltr'><strong>simul,</strong></span> <span class='ocrx_word' id='word_1_470' title='bbox 771 4058 817 4120; x_wconf 82' lang='lat' dir='ltr'><strong>et</strong></span> <span class='ocrx_word' id='word_1_471' title='bbox 868 4051 1018 4103; x_wconf 86' lang='lat' dir='ltr'><strong>unita</strong></span> <span class='ocrx_word' id='word_1_472' title='bbox 1062 4050 1356 4104; x_wconf 82' lang='lat' dir='ltr'><strong>divinitatis</strong></span> <span class='ocrx_word' id='word_1_473' title='bbox 1425 4052 1579 4104; x_wconf 83' lang='lat' dir='ltr'><strong>ratio.</strong></span> <span class='ocrx_word' id='word_1_474' title='bbox 1610 4047 1669 4104; x_wconf 89' lang='lat' dir='ltr'><strong>S.</strong></span> <span class='ocrx_word' id='word_1_475' title='bbox 1695 4047 1889 4120; x_wconf 81' lang='lat' dir='ltr'><strong>Cyrilli</strong></span> <span class='ocrx_word' id='word_1_476' title='bbox 1927 4063 2087 4116; x_wconf 73' lang='lat' dir='ltr'><strong>expo-</strong></span> 
     </span>
    </p>
   </div>
   <div class='ocr_carea' id='block_1_65' title="bbox 561 4118 852 4186">
    <p class='ocr_par' dir='ltr' id='par_1_65' title="bbox 561 4118 852 4186">
     <span class='ocr_line' id='line_1_65' title="bbox 561 4118 852 4186; baseline 0.003 -15"><span class='ocrx_word' id='word_1_477' title='bbox 561 4121 684 4171; x_wconf 76' lang='lat' dir='ltr'><strong>sitio</strong></span> <span class='ocrx_word' id='word_1_478' title='bbox 708 4118 852 4186; x_wconf 73' lang='lat' dir='ltr'><strong>ﬁdei.</strong></span> 
     </span>
    </p>
   </div>
   <div class='ocr_carea' id='block_1_66' title="bbox 570 4253 2082 4325">
    <p class='ocr_par' dir='ltr' id='par_1_66' title="bbox 570 4253 2082 4325">
     <span class='ocr_line' id='line_1_66' title="bbox 570 4253 2082 4325; baseline -0.003 -13"><span class='ocrx_word' id='word_1_479' title='bbox 570 4255 862 4312; x_wconf 82' lang='lat' dir='ltr'><strong>Credimus</strong></span> <span class='ocrx_word' id='word_1_480' title='bbox 893 4255 950 4310; x_wconf 91' lang='lat' dir='ltr'><strong>in</strong></span> <span class='ocrx_word' id='word_1_481' title='bbox 977 4269 1145 4308; x_wconf 88' lang='lat' dir='ltr'><strong>unum</strong></span> <span class='ocrx_word' id='word_1_482' title='bbox 1170 4255 1338 4308; x_wconf 88' lang='lat' dir='ltr'><strong>Deum</strong></span> <span class='ocrx_word' id='word_1_483' title='bbox 1369 4253 1606 4321; x_wconf 89' lang='lat' dir='ltr'><strong>Patrem,</strong></span> <span class='ocrx_word' id='word_1_484' title='bbox 1635 4256 1729 4322; x_wconf 91' lang='lat' dir='ltr'><strong>qui</strong></span> <span class='ocrx_word' id='word_1_485' title='bbox 1768 4271 1871 4310; x_wconf 89' lang='lat' dir='ltr'><strong>nec</strong></span> <span class='ocrx_word' id='word_1_486' title='bbox 1929 4256 2082 4325; x_wconf 82' lang='lat' dir='ltr'><strong>prin-</strong></span> 
     </span>
    </p>
   </div>
   <div class='ocr_carea' id='block_1_67' title="bbox 503 4347 2083 4418">
    <p class='ocr_par' dir='ltr' id='par_1_67' title="bbox 503 4347 2083 4418">
     <span class='ocr_line' id='line_1_67' title="bbox 503 4347 2083 4418; baseline -0.003 -14"><span class='ocrx_word' id='word_1_487' title='bbox 503 4348 706 4418; x_wconf 86' lang='lat' dir='ltr'><strong>cipium</strong></span> <span class='ocrx_word' id='word_1_488' title='bbox 739 4347 922 4414; x_wconf 86' lang='lat' dir='ltr'><strong>habet,</strong></span> <span class='ocrx_word' id='word_1_489' title='bbox 958 4361 1059 4400; x_wconf 90' lang='lat' dir='ltr'><strong>nec</strong></span> <span class='ocrx_word' id='word_1_490' title='bbox 1089 4347 1305 4418; x_wconf 88' lang='lat' dir='ltr'><strong>genitus</strong></span> <span class='ocrx_word' id='word_1_491' title='bbox 1335 4357 1439 4410; x_wconf 89' lang='lat' dir='ltr'><strong>est,</strong></span> <span class='ocrx_word' id='word_1_492' title='bbox 1469 4356 1751 4416; x_wconf 89' lang='lat' dir='ltr'><strong>etsemper</strong></span> <span class='ocrx_word' id='word_1_493' title='bbox 1779 4347 1881 4402; x_wconf 80' lang='lat' dir='ltr'><strong>fuit</strong></span> <span class='ocrx_word' id='word_1_494' title='bbox 1901 4349 2083 4414; x_wconf 88' lang='lat' dir='ltr'><strong>Pater,</strong></span> 
     </span>
    </p>
   </div>
   <div class='ocr_carea' id='block_1_68' title="bbox 504 4438 2082 4510">
    <p class='ocr_par' dir='ltr' id='par_1_68' title="bbox 504 4438 2082 4510">
     <span class='ocr_line' id='line_1_68' title="bbox 504 4438 2082 4510; baseline -0.003 -14"><span class='ocrx_word' id='word_1_495' title='bbox 504 4455 607 4496; x_wconf 90' lang='lat' dir='ltr'><strong>nec</strong></span> <span class='ocrx_word' id='word_1_496' title='bbox 633 4448 821 4510; x_wconf 85' lang='lat' dir='ltr'><strong>postea</strong></span> <span class='ocrx_word' id='word_1_497' title='bbox 846 4439 898 4494; x_wconf 90' lang='lat' dir='ltr'><strong>id</strong></span> <span class='ocrx_word' id='word_1_498' title='bbox 927 4448 1213 4494; x_wconf 89' lang='lat' dir='ltr'><strong>assecutus</strong></span> <span class='ocrx_word' id='word_1_499' title='bbox 1240 4446 1342 4493; x_wconf 88' lang='lat' dir='ltr'><strong>est.</strong></span> <span class='ocrx_word' id='word_1_500' title='bbox 1401 4438 1587 4508; x_wconf 85' lang='lat' dir='ltr'><strong>Neque</strong></span> <span class='ocrx_word' id='word_1_501' title='bbox 1636 4438 1783 4494; x_wconf 85' lang='lat' dir='ltr'><strong>enim</strong></span> <span class='ocrx_word' id='word_1_502' title='bbox 1832 4439 1934 4494; x_wconf 77' lang='lat' dir='ltr'><strong>fuit</strong></span> <span class='ocrx_word' id='word_1_503' title='bbox 1981 4455 2082 4493; x_wconf 83' lang='lat' dir='ltr'><strong>un-</strong></span> 
     </span>
    </p>
   </div>
   <div class='ocr_carea' id='block_1_69' title="bbox 2193 3277 3772 3352">
    <p class='ocr_par' dir='ltr' id='par_1_69' title="bbox 2193 3277 3772 3352">
     <span class='ocr_line' id='line_1_69' title="bbox 2193 3277 3772 3352; baseline -0.001 -18"><span class='ocrx_word' id='word_1_504' title='bbox 2193 3282 2222 3334; x_wconf 85' lang='grc' dir='ltr'><strong>ό</strong></span> <span class='ocrx_word' id='word_1_505' title='bbox 2255 3282 2464 3350; x_wconf 76' lang='grc' dir='ltr'><strong>Πατὴρ,</strong></span> <span class='ocrx_word' id='word_1_506' title='bbox 2498 3282 2533 3352; x_wconf 82' lang='grc' dir='ltr'><strong>ἡ</strong></span> <span class='ocrx_word' id='word_1_507' title='bbox 2557 3280 2709 3351; x_wconf 79' lang='grc' dir='ltr'><strong>πηγὴ</strong></span> <span class='ocrx_word' id='word_1_508' title='bbox 2758 3281 2860 3349; x_wconf 80' lang='grc' dir='ltr'><strong>τῆς</strong></span> <span class='ocrx_word' id='word_1_509' title='bbox 2898 3279 3067 3350; x_wconf 75' lang='grc' dir='ltr'><strong>ζωῆς,</strong></span> <span class='ocrx_word' id='word_1_510' title='bbox 3117 3278 3370 3350; x_wconf 86' lang='grc' dir='ltr'><strong>δίρῥυτόν</strong></span> <span class='ocrx_word' id='word_1_511' title='bbox 3409 3296 3530 3331; x_wconf 90' lang='grc' dir='ltr'><strong>τινα</strong></span> <span class='ocrx_word' id='word_1_512' title='bbox 3575 3277 3667 3332; x_wconf 89' lang='grc' dir='ltr'><strong>τοῦ</strong></span> <span class='ocrx_word' id='word_1_513' title='bbox 3707 3296 3772 3333; x_wconf 84' lang='grc' dir='ltr'><strong>τε</strong></span> 
     </span>
    </p>
   </div>
   <div class='ocr_carea' id='block_1_70' title="bbox 2203 3368 3772 3442">
    <p class='ocr_par' dir='ltr' id='par_1_70' title="bbox 2203 3368 3772 3442">
     <span class='ocr_line' id='line_1_70' title="bbox 2203 3368 3772 3442; baseline -0.003 -15"><span class='ocrx_word' id='word_1_514' title='bbox 2203 3374 2326 3428; x_wconf 78' lang='grc' dir='ltr'><strong>Υίοῦ</strong></span> <span class='ocrx_word' id='word_1_515' title='bbox 2350 3373 2443 3427; x_wconf 83' lang='grc' dir='ltr'><strong>καὶ</strong></span> <span class='ocrx_word' id='word_1_516' title='bbox 2477 3373 2570 3427; x_wconf 88' lang='grc' dir='ltr'><strong>τοῦ</strong></span> <span class='ocrx_word' id='word_1_517' title='bbox 2601 3371 2757 3442; x_wconf 85' lang='grc' dir='ltr'><strong>ἁγίου</strong></span> <span class='ocrx_word' id='word_1_518' title='bbox 2798 3372 3118 3442; x_wconf 86' lang='grc' dir='ltr'><strong>Πνεύματος</strong></span> <span class='ocrx_word' id='word_1_519' title='bbox 3150 3372 3232 3434; x_wconf 87' lang='grc' dir='ltr'><strong>είς</strong></span> <span class='ocrx_word' id='word_1_520' title='bbox 3269 3371 3417 3440; x_wconf 73' lang='grc' dir='ltr'><strong>ἡμᾶς</strong></span> <span class='ocrx_word' id='word_1_521' title='bbox 3441 3368 3772 3433; x_wconf 77' lang='grc' dir='ltr'><strong>ἀποστείλας</strong></span> 
     </span>
    </p>
   </div>
   <div class='ocr_carea' id='block_1_71' title="bbox 2193 3459 3772 3539">
    <p class='ocr_par' dir='ltr' id='par_1_71' title="bbox 2193 3459 3772 3539">
     <span class='ocr_line' id='line_1_71' title="bbox 2193 3459 3772 3539; baseline -0.006 -17"><span class='ocrx_word' id='word_1_522' title='bbox 2193 3467 2377 3539; x_wconf 81' lang='grc' dir='ltr'><strong>χάριν,</strong></span> <span class='ocrx_word' id='word_1_523' title='bbox 2402 3465 2516 3519; x_wconf 70' lang='grc' dir='ltr'><strong>οὕτ*</strong></span> <span class='ocrx_word' id='word_1_524' title='bbox 2547 3466 2710 3526; x_wconf 81' lang='grc' dir='ltr'><strong>αὐτός</strong></span> <span class='ocrx_word' id='word_1_525' title='bbox 2739 3482 2794 3518; x_wconf 91' lang='grc' dir='ltr'><strong>τι</strong></span> <span class='ocrx_word' id='word_1_526' title='bbox 2823 3463 3096 3517; x_wconf 84' lang='grc' dir='ltr'><strong>πέπονθεν</strong></span> <span class='ocrx_word' id='word_1_527' title='bbox 3134 3463 3217 3526; x_wconf 86' lang='grc' dir='ltr'><strong>είς</strong></span> <span class='ocrx_word' id='word_1_528' title='bbox 3258 3461 3354 3532; x_wconf 80' lang='grc' dir='ltr'><strong>τὴν</strong></span> <span class='ocrx_word' id='word_1_529' title='bbox 3383 3460 3574 3514; x_wconf 75' lang='grc' dir='ltr'><strong>οὐσίαν</strong></span> <span class='ocrx_word' id='word_1_530' title='bbox 3635 3459 3772 3528; x_wconf 69' lang='grc' dir='ltr'><strong>βλαο</strong></span> 
     </span>
    </p>
   </div>
   <div class='ocr_carea' id='block_1_72' title="bbox 2193 3553 3775 3630">
    <p class='ocr_par' dir='ltr' id='par_1_72' title="bbox 2193 3553 3775 3630">
     <span class='ocr_line' id='line_1_72' title="bbox 2193 3553 3775 3630; baseline -0.007 -15"><span class='ocrx_word' id='word_1_531' title='bbox 2193 3562 2308 3626; x_wconf 84' lang='grc' dir='ltr'><strong>6είς</strong></span> <span class='ocrx_word' id='word_1_532' title='bbox 2329 3578 2342 3592; x_wconf 90' lang='grc'><strong>·</strong></span> <span class='ocrx_word' id='word_1_533' title='bbox 2386 3561 2447 3614; x_wconf 84' lang='grc' dir='ltr'><strong>οὐ</strong></span> <span class='ocrx_word' id='word_1_534' title='bbox 2478 3560 2586 3630; x_wconf 85' lang='grc' dir='ltr'><strong>γὰρ</strong></span> <span class='ocrx_word' id='word_1_535' title='bbox 2614 3559 2840 3630; x_wconf 78' lang='grc' dir='ltr'><strong>μείωσιν</strong></span> <span class='ocrx_word' id='word_1_536' title='bbox 2877 3557 3086 3625; x_wconf 84' lang='grc' dir='ltr'><strong>ὑπέστη</strong></span> <span class='ocrx_word' id='word_1_537' title='bbox 3125 3555 3248 3609; x_wconf 82' lang='grc' dir='ltr'><strong>τινὰ</strong></span> <span class='ocrx_word' id='word_1_538' title='bbox 3273 3555 3358 3608; x_wconf 84' lang='grc' dir='ltr'><strong>διὰ</strong></span> <span class='ocrx_word' id='word_1_539' title='bbox 3391 3554 3491 3625; x_wconf 79' lang='grc' dir='ltr'><strong>τὴν</strong></span> <span class='ocrx_word' id='word_1_540' title='bbox 3517 3555 3596 3616; x_wconf 82' lang='grc' dir='ltr'><strong>είς</strong></span> <span class='ocrx_word' id='word_1_541' title='bbox 3620 3553 3775 3623; x_wconf 69' lang='grc' dir='ltr'><strong>ἡμᾶς</strong></span> 
     </span>
    </p>
   </div>
   <div class='ocr_carea' id='block_1_73' title="bbox 2193 3641 3777 3722">
    <p class='ocr_par' dir='ltr' id='par_1_73' title="bbox 2193 3641 3777 3722">
     <span class='ocr_line' id='line_1_73' title="bbox 2193 3641 3777 3722; baseline -0.008 -14"><span class='ocrx_word' id='word_1_542' title='bbox 2193 3654 2417 3708; x_wconf 76' lang='grc' dir='ltr'><strong>ἐκείνων</strong></span> <span class='ocrx_word' id='word_1_543' title='bbox 2452 3651 2638 3722; x_wconf 77' lang='grc' dir='ltr'><strong>ἄφιξιν</strong></span> <span class='ocrx_word' id='word_1_544' title='bbox 2663 3668 2679 3684; x_wconf 88' lang='grc'><strong>·</strong></span> <span class='ocrx_word' id='word_1_545' title='bbox 2730 3651 2824 3704; x_wconf 79' lang='grc' dir='ltr'><strong>καὶ</strong></span> <span class='ocrx_word' id='word_1_546' title='bbox 2858 3641 3003 3703; x_wconf 69' lang='grc' dir='ltr'><strong>οὗτοι</strong></span> <span class='ocrx_word' id='word_1_547' title='bbox 3039 3650 3234 3719; x_wconf 86' lang='grc' dir='ltr'><strong>μέχρις</strong></span> <span class='ocrx_word' id='word_1_548' title='bbox 3262 3646 3423 3718; x_wconf 79' lang='grc' dir='ltr'><strong>ἡμῶν</strong></span> <span class='ocrx_word' id='word_1_549' title='bbox 3449 3644 3777 3716; x_wconf 74' lang='grc' dir='ltr'><strong>προεχώρηο</strong></span> 
     </span>
    </p>
   </div>
   <div class='ocr_carea' id='block_1_74' title="bbox 2195 3736 3775 3817">
    <p class='ocr_par' dir='ltr' id='par_1_74' title="bbox 2195 3736 3775 3817">
     <span class='ocr_line' id='line_1_74' title="bbox 2195 3736 3775 3817; baseline -0.003 -18"><span class='ocrx_word' id='word_1_550' title='bbox 2195 3764 2329 3812; x_wconf 90' lang='grc' dir='ltr'><strong>σαν,</strong></span> <span class='ocrx_word' id='word_1_551' title='bbox 2363 3748 2457 3800; x_wconf 77' lang='grc' dir='ltr'><strong>καὶ</strong></span> <span class='ocrx_word' id='word_1_552' title='bbox 2503 3744 2600 3799; x_wconf 86' lang='grc' dir='ltr'><strong>τοῦ</strong></span> <span class='ocrx_word' id='word_1_553' title='bbox 2635 3743 2849 3817; x_wconf 85' lang='grc' dir='ltr'><strong>Πατρδς</strong></span> <span class='ocrx_word' id='word_1_554' title='bbox 2881 3743 3032 3797; x_wconf 80' lang='grc' dir='ltr'><strong>οὐδὲν</strong></span> <span class='ocrx_word' id='word_1_555' title='bbox 3069 3736 3234 3798; x_wconf 60' lang='grc' dir='ltr'><strong>ἧττον</strong></span> <span class='ocrx_word' id='word_1_556' title='bbox 3285 3740 3580 3813; x_wconf 79' lang='grc' dir='ltr'><strong>ἀχώριστοι</strong></span> <span class='ocrx_word' id='word_1_557' title='bbox 3634 3738 3775 3794; x_wconf 84' lang='grc' dir='ltr'><strong>καθ-</strong></span> 
     </span>
    </p>
   </div>
   <div class='ocr_carea' id='block_1_75' title="bbox 2190 3843 2504 3912">
    <p class='ocr_par' dir='ltr' id='par_1_75' title="bbox 2190 3843 2504 3912">
     <span class='ocr_line' id='line_1_75' title="bbox 2190 3843 2504 3912; baseline -0.003 -19"><span class='ocrx_word' id='word_1_558' title='bbox 2190 3843 2504 3912; x_wconf 82' lang='grc' dir='ltr'><strong>εστήκασιν.</strong></span> 
     </span>
    </p>
   </div>
   <div class='ocr_carea' id='block_1_76' title="bbox 2193 3971 3774 4047">
    <p class='ocr_par' dir='ltr' id='par_1_76' title="bbox 2193 3971 3774 4047">
     <span class='ocr_line' id='line_1_76' title="bbox 2193 3971 3774 4047; baseline -0.007 -12"><span class='ocrx_word' id='word_1_559' title='bbox 2193 3983 2324 4036; x_wconf 81' lang='grc' dir='ltr'><strong>Ἔτι</strong></span> <span class='ocrx_word' id='word_1_560' title='bbox 2352 3978 2488 4046; x_wconf 78' lang='grc' dir='ltr'><strong>περὶ</strong></span> <span class='ocrx_word' id='word_1_561' title='bbox 2518 3975 2748 4047; x_wconf 74' lang='grc' dir='ltr'><strong>Πατρός</strong></span> <span class='ocrx_word' id='word_1_562' title='bbox 2776 3975 2875 4031; x_wconf 73' lang='grc' dir='ltr'><strong>καί</strong></span> <span class='ocrx_word' id='word_1_563' title='bbox 2917 3972 3054 4047; x_wconf 73' lang='grc' dir='ltr'><strong>Υίοῦ</strong></span> <span class='ocrx_word' id='word_1_564' title='bbox 3085 3973 3394 4047; x_wconf 19' lang='grc' dir='ltr'><strong>καίᾉάγίου</strong></span> <span class='ocrx_word' id='word_1_565' title='bbox 3419 3971 3774 4047; x_wconf 48' lang='lat' dir='ltr'><strong>lirari/tatas-</strong></span> 
     </span>
    </p>
   </div>
   <div class='ocr_carea' id='block_1_77' title="bbox 2259 4043 3774 4120">
    <p class='ocr_par' dir='ltr' id='par_1_77' title="bbox 2259 4043 3774 4120">
     <span class='ocr_line' id='line_1_77' title="bbox 2259 4043 3774 4120; baseline -0.005 -16"><span class='ocrx_word' id='word_1_566' title='bbox 2259 4043 2678 4120; x_wconf 69' lang='grc' dir='ltr'><strong>διακέκριμένὴ</strong></span> <span class='ocrx_word' id='word_1_567' title='bbox 2709 4049 2828 4120; x_wconf 64' lang='grc' dir='ltr'><strong>ἅμα</strong></span> <span class='ocrx_word' id='word_1_568' title='bbox 2870 4049 2968 4100; x_wconf 81' lang='grc' dir='ltr'><strong>καί</strong></span> <span class='ocrx_word' id='word_1_569' title='bbox 3006 4045 3282 4120; x_wconf 74' lang='grc' dir='ltr'><strong>ἡνωμένη</strong></span> <span class='ocrx_word' id='word_1_570' title='bbox 3336 4045 3618 4112; x_wconf 76' lang='grc' dir='ltr'><strong>θεολογία</strong></span> <span class='ocrx_word' id='word_1_571' title='bbox 3662 4043 3774 4097; x_wconf 84' lang='grc' dir='ltr'><strong>τοῦ</strong></span> 
     </span>
    </p>
   </div>
   <div class='ocr_carea' id='block_1_78' title="bbox 2259 4115 3347 4190">
    <p class='ocr_par' dir='ltr' id='par_1_78' title="bbox 2259 4115 3347 4190">
     <span class='ocr_line' id='line_1_78' title="bbox 2259 4115 3347 4190; baseline -0.007 -14"><span class='ocrx_word' id='word_1_572' title='bbox 2259 4120 2433 4190; x_wconf 77' lang='grc' dir='ltr'><strong>ἁγίου</strong></span> <span class='ocrx_word' id='word_1_573' title='bbox 2467 4115 2775 4188; x_wconf 74' lang='grc' dir='ltr'><strong>Κὺριλλοὺ</strong></span> <span class='ocrx_word' id='word_1_574' title='bbox 2796 4116 3036 4182; x_wconf 76' lang='grc' dir='ltr'><strong>ἕκθεσις</strong></span> <span class='ocrx_word' id='word_1_575' title='bbox 3064 4115 3347 4180; x_wconf 84' lang='grc' dir='ltr'><strong>πίστεως.</strong></span> 
     </span>
    </p>
   </div>
   <div class='ocr_carea' id='block_1_79' title="bbox 2267 4246 3777 4323">
    <p class='ocr_par' dir='ltr' id='par_1_79' title="bbox 2267 4246 3777 4323">
     <span class='ocr_line' id='line_1_79' title="bbox 2267 4246 3777 4323; baseline -0.003 -15"><span class='ocrx_word' id='word_1_576' title='bbox 2267 4254 2607 4321; x_wconf 77' lang='grc' dir='ltr'><strong>Πιστεύομεν</strong></span> <span class='ocrx_word' id='word_1_577' title='bbox 2659 4255 2738 4315; x_wconf 87' lang='grc' dir='ltr'><strong>είς</strong></span> <span class='ocrx_word' id='word_1_578' title='bbox 2775 4252 2874 4306; x_wconf 71' lang='grc' dir='ltr'><strong>ἕνα</strong></span> <span class='ocrx_word' id='word_1_579' title='bbox 2905 4251 3037 4304; x_wconf 81' lang='grc' dir='ltr'><strong>Θεὸν</strong></span> <span class='ocrx_word' id='word_1_580' title='bbox 3066 4251 3306 4323; x_wconf 82' lang='grc' dir='ltr'><strong>Πατέρα,</strong></span> <span class='ocrx_word' id='word_1_581' title='bbox 3367 4250 3626 4323; x_wconf 78' lang='grc' dir='ltr'><strong>ἄναρχον,</strong></span> <span class='ocrx_word' id='word_1_582' title='bbox 3675 4246 3777 4303; x_wconf 75' lang='grc' dir='ltr'><strong>καὶ</strong></span> 
     </span>
    </p>
   </div>
   <div class='ocr_carea' id='block_1_80' title="bbox 2190 4339 3776 4419">
    <p class='ocr_par' dir='ltr' id='par_1_80' title="bbox 2190 4339 3776 4419">
     <span class='ocr_line' id='line_1_80' title="bbox 2190 4339 3776 4419; baseline -0.008 -15"><span class='ocrx_word' id='word_1_583' title='bbox 2190 4349 2524 4419; x_wconf 84' lang='grc' dir='ltr'><strong>ἀγέννητον,</strong></span> <span class='ocrx_word' id='word_1_584' title='bbox 2576 4345 2666 4401; x_wconf 73' lang='grc' dir='ltr'><strong>ἀεὶ</strong></span> <span class='ocrx_word' id='word_1_585' title='bbox 2712 4347 2844 4400; x_wconf 66' lang='grc' dir='ltr'><strong>ὄντα</strong></span> <span class='ocrx_word' id='word_1_586' title='bbox 2888 4343 3128 4414; x_wconf 86' lang='grc' dir='ltr'><strong>Πατέρα,</strong></span> <span class='ocrx_word' id='word_1_587' title='bbox 3181 4344 3280 4413; x_wconf 81' lang='grc' dir='ltr'><strong>οὐχ</strong></span> <span class='ocrx_word' id='word_1_588' title='bbox 3336 4341 3565 4410; x_wconf 76' lang='grc' dir='ltr'><strong>ὕστερον</strong></span> <span class='ocrx_word' id='word_1_589' title='bbox 3613 4339 3776 4394; x_wconf 86' lang='grc' dir='ltr'><strong>τοῦτο</strong></span> 
     </span>
    </p>
   </div>
   <div class='ocr_carea' id='block_1_81' title="bbox 2194 4429 3776 4510">
    <p class='ocr_par' dir='ltr' id='par_1_81' title="bbox 2194 4429 3776 4510">
     <span class='ocr_line' id='line_1_81' title="bbox 2194 4429 3776 4510; baseline -0.005 -16"><span class='ocrx_word' id='word_1_590' title='bbox 2194 4441 2562 4510; x_wconf 80' lang='grc' dir='ltr'><strong>κτησάμενον.</strong></span> <span class='ocrx_word' id='word_1_591' title='bbox 2597 4438 2672 4492; x_wconf 82' lang='grc' dir='ltr'><strong>Οὐ</strong></span> <span class='ocrx_word' id='word_1_592' title='bbox 2701 4438 2810 4508; x_wconf 82' lang='grc' dir='ltr'><strong>γὰρ</strong></span> <span class='ocrx_word' id='word_1_593' title='bbox 2832 4433 2898 4508; x_wconf 79' lang='grc' dir='ltr'><strong>ἦν</strong></span> <span class='ocrx_word' id='word_1_594' title='bbox 2926 4438 3016 4491; x_wconf 85' lang='grc' dir='ltr'><strong>ὅτε</strong></span> <span class='ocrx_word' id='word_1_595' title='bbox 3043 4437 3144 4490; x_wconf 87' lang='grc' dir='ltr'><strong>οὐκ</strong></span> <span class='ocrx_word' id='word_1_596' title='bbox 3190 4430 3280 4505; x_wconf 77' lang='grc' dir='ltr'><strong>ἦν,</strong></span> <span class='ocrx_word' id='word_1_597' title='bbox 3308 4434 3430 4489; x_wconf 81' lang='grc' dir='ltr'><strong>ἀλλ’</strong></span> <span class='ocrx_word' id='word_1_598' title='bbox 3455 4434 3662 4488; x_wconf 75' lang='grc' dir='ltr'><strong>ἄνωθεν</strong></span> <span class='ocrx_word' id='word_1_599' title='bbox 3702 4429 3776 4504; x_wconf 83' lang='grc' dir='ltr'><strong>ἦν</strong></span> 
     </span>
    </p>
   </div>
   <div class='ocr_carea' id='block_1_82' title="bbox 507 4513 2086 4603">
    <p class='ocr_par' dir='ltr' id='par_1_82' title="bbox 507 4529 2086 4603">
     <span class='ocr_line' id='line_1_82' title="bbox 507 4529 2086 4603; baseline -0.002 -15"><span class='ocrx_word' id='word_1_600' title='bbox 507 4549 699 4603; x_wconf 78' lang='lat' dir='ltr'><strong>quam,</strong></span> <span class='ocrx_word' id='word_1_601' title='bbox 723 4547 851 4587; x_wconf 92' lang='lat' dir='ltr'><strong>cum</strong></span> <span class='ocrx_word' id='word_1_602' title='bbox 884 4547 994 4586; x_wconf 90' lang='lat' dir='ltr'><strong>non</strong></span> <span class='ocrx_word' id='word_1_603' title='bbox 1023 4541 1193 4594; x_wconf 87' lang='lat' dir='ltr'><strong>esset,</strong></span> <span class='ocrx_word' id='word_1_604' title='bbox 1233 4531 1326 4586; x_wconf 85' lang='lat' dir='ltr'><strong>sed</strong></span> <span class='ocrx_word' id='word_1_605' title='bbox 1379 4545 1442 4586; x_wconf 76' lang='lat' dir='ltr'><strong>ex</strong></span> <span class='ocrx_word' id='word_1_606' title='bbox 1477 4532 1626 4585; x_wconf 88' lang='lat' dir='ltr'><strong>omni</strong></span> <span class='ocrx_word' id='word_1_607' title='bbox 1654 4533 1960 4586; x_wconf 65' lang='lat' dir='ltr'><strong>mternitate</strong></span> <span class='ocrx_word' id='word_1_608' title='bbox 1984 4529 2086 4585; x_wconf 80' lang='lat' dir='ltr'><strong>Pa-</strong></span> 
     </span>
    </p>
   </div>
   <div class='ocr_carea' id='block_1_83' title="bbox 2192 4513 3775 4603">
    <p class='ocr_par' dir='ltr' id='par_1_83' title="bbox 2202 4519 3775 4601">
     <span class='ocr_line' id='line_1_83' title="bbox 2202 4519 3775 4601; baseline -0.002 -17"><span class='ocrx_word' id='word_1_609' title='bbox 2202 4531 2412 4601; x_wconf 79' lang='grc' dir='ltr'><strong>Πατήρ.</strong></span> <span class='ocrx_word' id='word_1_610' title='bbox 2448 4528 2586 4584; x_wconf 66' lang='grc' dir='ltr'><strong>Οὐδὲ</strong></span> <span class='ocrx_word' id='word_1_611' title='bbox 2619 4529 2810 4598; x_wconf 89' lang='grc' dir='ltr'><strong>γέγονε</strong></span> <span class='ocrx_word' id='word_1_612' title='bbox 2843 4527 3064 4595; x_wconf 86' lang='grc' dir='ltr'><strong>πρῶτον</strong></span> <span class='ocrx_word' id='word_1_613' title='bbox 3091 4525 3242 4592; x_wconf 78' lang='grc' dir='ltr'><strong>Υἱὸς,</strong></span> <span class='ocrx_word' id='word_1_614' title='bbox 3272 4519 3392 4578; x_wconf 75' lang='grc' dir='ltr'><strong>εἶτα</strong></span> <span class='ocrx_word' id='word_1_615' title='bbox 3422 4525 3612 4596; x_wconf 77' lang='grc' dir='ltr'><strong>Πατὴρ</strong></span> <span class='ocrx_word' id='word_1_616' title='bbox 3629 4527 3775 4581; x_wconf 75' lang='grc' dir='ltr'><strong>κατὰ</strong></span> 
     </span>
    </p>
   </div>
   <div class='ocr_carea' id='block_1_84' title="bbox 506 4619 2096 4693">
    <p class='ocr_par' dir='ltr' id='par_1_84' title="bbox 506 4619 2096 4693">
     <span class='ocr_line' id='line_1_84' title="bbox 506 4619 2096 4693; baseline -0.003 -14"><span class='ocrx_word' id='word_1_617' title='bbox 506 4635 589 4679; x_wconf 88' lang='lat' dir='ltr'><strong>ter</strong></span> <span class='ocrx_word' id='word_1_618' title='bbox 616 4631 722 4678; x_wconf 87' lang='lat' dir='ltr'><strong>est.</strong></span> <span class='ocrx_word' id='word_1_619' title='bbox 755 4621 942 4693; x_wconf 78' lang='lat' dir='ltr'><strong>Neque</strong></span> <span class='ocrx_word' id='word_1_620' title='bbox 989 4622 1140 4692; x_wconf 82' lang='lat' dir='ltr'><strong>prius</strong></span> <span class='ocrx_word' id='word_1_621' title='bbox 1169 4622 1344 4676; x_wconf 80' lang='lat' dir='ltr'><strong>factus</strong></span> <span class='ocrx_word' id='word_1_622' title='bbox 1395 4630 1480 4675; x_wconf 90' lang='lat' dir='ltr'><strong>est</strong></span> <span class='ocrx_word' id='word_1_623' title='bbox 1514 4619 1703 4686; x_wconf 91' lang='lat' dir='ltr'><strong>Filius,</strong></span> <span class='ocrx_word' id='word_1_624' title='bbox 1734 4621 1932 4676; x_wconf 85' lang='lat' dir='ltr'><strong>deinde</strong></span> <span class='ocrx_word' id='word_1_625' title='bbox 1993 4621 2096 4675; x_wconf 85' lang='lat' dir='ltr'><strong>Pa-</strong></span> 
     </span>
    </p>
   </div>
   <div class='ocr_carea' id='block_1_85' title="bbox 507 4713 2095 4787">
    <p class='ocr_par' dir='ltr' id='par_1_85' title="bbox 507 4713 2095 4787">
     <span class='ocr_line' id='line_1_85' title="bbox 507 4713 2095 4787; baseline -0.003 -15"><span class='ocrx_word' id='word_1_626' title='bbox 507 4733 590 4785; x_wconf 77' lang='grc' dir='ltr'><strong>ιετ</strong></span> <span class='ocrx_word' id='word_1_627' title='bbox 626 4718 802 4787; x_wconf 88' lang='lat' dir='ltr'><strong>qualis</strong></span> <span class='ocrx_word' id='word_1_628' title='bbox 818 4726 903 4771; x_wconf 84' lang='lat' dir='ltr'><strong>est</strong></span> <span class='ocrx_word' id='word_1_629' title='bbox 936 4717 991 4771; x_wconf 88' lang='lat' dir='ltr'><strong>in</strong></span> <span class='ocrx_word' id='word_1_630' title='bbox 1020 4716 1340 4782; x_wconf 85' lang='lat' dir='ltr'><strong>corporibus</strong></span> <span class='ocrx_word' id='word_1_631' title='bbox 1387 4714 1542 4778; x_wconf 91' lang='lat' dir='ltr'><strong>ordo,</strong></span> <span class='ocrx_word' id='word_1_632' title='bbox 1574 4713 1670 4768; x_wconf 86' lang='lat' dir='ltr'><strong>sed</strong></span> <span class='ocrx_word' id='word_1_633' title='bbox 1725 4727 1790 4767; x_wconf 75' lang='lat' dir='ltr'><strong>ex</strong></span> <span class='ocrx_word' id='word_1_634' title='bbox 1842 4727 1954 4782; x_wconf 90' lang='lat' dir='ltr'><strong>quo</strong></span> <span class='ocrx_word' id='word_1_635' title='bbox 1991 4721 2095 4779; x_wconf 87' lang='lat' dir='ltr'><strong>est,</strong></span> 
     </span>
    </p>
   </div>
   <div class='ocr_carea' id='block_1_86' title="bbox 506 4800 1884 4874">
    <p class='ocr_par' dir='ltr' id='par_1_86' title="bbox 506 4800 1884 4874">
     <span class='ocr_line' id='line_1_86' title="bbox 506 4800 1884 4874; baseline -0.002 -16"><span class='ocrx_word' id='word_1_636' title='bbox 506 4819 722 4874; x_wconf 86' lang='lat' dir='ltr'><strong>semper</strong></span> <span class='ocrx_word' id='word_1_637' title='bbox 753 4814 935 4859; x_wconf 86' lang='lat' dir='ltr'><strong>autem</strong></span> <span class='ocrx_word' id='word_1_638' title='bbox 968 4812 1073 4868; x_wconf 88' lang='lat' dir='ltr'><strong>est,</strong></span> <span class='ocrx_word' id='word_1_639' title='bbox 1101 4804 1259 4858; x_wconf 87' lang='lat' dir='ltr'><strong>Pater</strong></span> <span class='ocrx_word' id='word_1_640' title='bbox 1283 4810 1339 4857; x_wconf 90' lang='lat' dir='ltr'><strong>et</strong></span> <span class='ocrx_word' id='word_1_641' title='bbox 1365 4809 1450 4855; x_wconf 88' lang='lat' dir='ltr'><strong>est</strong></span> <span class='ocrx_word' id='word_1_642' title='bbox 1479 4810 1533 4854; x_wconf 91' lang='lat' dir='ltr'><strong>et</strong></span> <span class='ocrx_word' id='word_1_643' title='bbox 1563 4800 1884 4870; x_wconf 82' lang='lat' dir='ltr'><strong>appellatur.</strong></span> 
     </span>
    </p>
   </div>
   <div class='ocr_carea' id='block_1_87' title="bbox 566 4891 2092 4959">
    <p class='ocr_par' dir='ltr' id='par_1_87' title="bbox 566 4891 2092 4959">
     <span class='ocr_line' id='line_1_87' title="bbox 566 4891 2092 4959; baseline -0.001 -9"><span class='ocrx_word' id='word_1_644' title='bbox 566 4895 856 4950; x_wconf 88' lang='lat' dir='ltr'><strong>Credimus</strong></span> <span class='ocrx_word' id='word_1_645' title='bbox 885 4905 941 4949; x_wconf 90' lang='lat' dir='ltr'><strong>et</strong></span> <span class='ocrx_word' id='word_1_646' title='bbox 965 4896 1018 4948; x_wconf 91' lang='lat' dir='ltr'><strong>in</strong></span> <span class='ocrx_word' id='word_1_647' title='bbox 1048 4909 1214 4948; x_wconf 90' lang='lat' dir='ltr'><strong>unum</strong></span> <span class='ocrx_word' id='word_1_648' title='bbox 1245 4892 1439 4946; x_wconf 90' lang='lat' dir='ltr'><strong>Filium</strong></span> <span class='ocrx_word' id='word_1_649' title='bbox 1468 4891 1711 4946; x_wconf 85' lang='lat' dir='ltr'><strong>Genitori</strong></span> <span class='ocrx_word' id='word_1_650' title='bbox 1737 4901 2092 4959; x_wconf 63' lang='lat' dir='ltr'><strong>coaeternum,</strong></span> 
     </span>
    </p>
   </div>
   <div class='ocr_carea' id='block_1_88' title="bbox 505 4983 2093 5057">
    <p class='ocr_par' dir='ltr' id='par_1_88' title="bbox 505 4983 2093 5057">
     <span class='ocr_line' id='line_1_88' title="bbox 505 4983 2093 5057; baseline -0.002 -16"><span class='ocrx_word' id='word_1_651' title='bbox 505 4987 598 5057; x_wconf 91' lang='lat' dir='ltr'><strong>qui</strong></span> <span class='ocrx_word' id='word_1_652' title='bbox 632 5001 912 5055; x_wconf 85' lang='lat' dir='ltr'><strong>nunquam</strong></span> <span class='ocrx_word' id='word_1_653' title='bbox 941 4987 1105 5055; x_wconf 85' lang='lat' dir='ltr'><strong>coepit</strong></span> <span class='ocrx_word' id='word_1_654' title='bbox 1127 4999 1269 5049; x_wconf 82' lang='lat' dir='ltr'><strong>esse,</strong></span> <span class='ocrx_word' id='word_1_655' title='bbox 1311 4983 1404 5038; x_wconf 89' lang='lat' dir='ltr'><strong>sed</strong></span> <span class='ocrx_word' id='word_1_656' title='bbox 1458 4998 1672 5052; x_wconf 85' lang='lat' dir='ltr'><strong>semper</strong></span> <span class='ocrx_word' id='word_1_657' title='bbox 1702 4991 1807 5047; x_wconf 83' lang='lat' dir='ltr'><strong>est,</strong></span> <span class='ocrx_word' id='word_1_658' title='bbox 1867 4992 1923 5038; x_wconf 90' lang='lat' dir='ltr'><strong>et</strong></span> <span class='ocrx_word' id='word_1_659' title='bbox 1969 4999 2093 5038; x_wconf 91' lang='lat' dir='ltr'><strong>cum</strong></span> 
     </span>
    </p>
   </div>
   <div class='ocr_carea' id='block_1_89' title="bbox 513 5075 2090 5145">
    <p class='ocr_par' dir='ltr' id='par_1_89' title="bbox 513 5075 2090 5145">
     <span class='ocr_line' id='line_1_89' title="bbox 513 5075 2090 5145; baseline -0.001 -14"><span class='ocrx_word' id='word_1_660' title='bbox 513 5077 670 5132; x_wconf 84' lang='lat' dir='ltr'><strong>Patre</strong></span> <span class='ocrx_word' id='word_1_661' title='bbox 703 5088 809 5131; x_wconf 88' lang='lat' dir='ltr'><strong>est.</strong></span> <span class='ocrx_word' id='word_1_662' title='bbox 839 5078 918 5132; x_wconf 80' lang='lat' dir='ltr'><strong>Ex</strong></span> <span class='ocrx_word' id='word_1_663' title='bbox 949 5093 1058 5145; x_wconf 83' lang='lat' dir='ltr'><strong>quo</strong></span> <span class='ocrx_word' id='word_1_664' title='bbox 1080 5077 1226 5131; x_wconf 88' lang='lat' dir='ltr'><strong>enim</strong></span> <span class='ocrx_word' id='word_1_665' title='bbox 1257 5083 1342 5130; x_wconf 89' lang='lat' dir='ltr'><strong>est</strong></span> <span class='ocrx_word' id='word_1_666' title='bbox 1399 5075 1576 5141; x_wconf 88' lang='lat' dir='ltr'><strong>Pater,</strong></span> <span class='ocrx_word' id='word_1_667' title='bbox 1633 5089 1851 5143; x_wconf 89' lang='lat' dir='ltr'><strong>semper</strong></span> <span class='ocrx_word' id='word_1_668' title='bbox 1905 5082 2090 5129; x_wconf 89' lang='lat' dir='ltr'><strong>autem</strong></span> 
     </span>
    </p>
   </div>
   <div class='ocr_carea' id='block_1_90' title="bbox 509 5161 2094 5231">
    <p class='ocr_par' dir='ltr' id='par_1_90' title="bbox 509 5161 2094 5231">
     <span class='ocr_line' id='line_1_90' title="bbox 509 5161 2094 5231; baseline -0.004 -9"><span class='ocrx_word' id='word_1_669' title='bbox 509 5173 615 5231; x_wconf 87' lang='lat' dir='ltr'><strong>est,</strong></span> <span class='ocrx_word' id='word_1_670' title='bbox 646 5179 714 5220; x_wconf 83' lang='lat' dir='ltr'><strong>ex</strong></span> <span class='ocrx_word' id='word_1_671' title='bbox 744 5181 809 5220; x_wconf 93' lang='lat' dir='ltr'><strong>eo</strong></span> <span class='ocrx_word' id='word_1_672' title='bbox 847 5174 902 5220; x_wconf 90' lang='lat' dir='ltr'><strong>et</strong></span> <span class='ocrx_word' id='word_1_673' title='bbox 950 5163 1120 5218; x_wconf 86' lang='lat' dir='ltr'><strong>Filius</strong></span> <span class='ocrx_word' id='word_1_674' title='bbox 1165 5170 1268 5225; x_wconf 89' lang='lat' dir='ltr'><strong>est,</strong></span> <span class='ocrx_word' id='word_1_675' title='bbox 1328 5161 1450 5217; x_wconf 85' lang='lat' dir='ltr'><strong>llaec</strong></span> <span class='ocrx_word' id='word_1_676' title='bbox 1509 5163 1656 5218; x_wconf 90' lang='lat' dir='ltr'><strong>enim</strong></span> <span class='ocrx_word' id='word_1_677' title='bbox 1708 5171 1816 5216; x_wconf 90' lang='lat' dir='ltr'><strong>tam</strong></span> <span class='ocrx_word' id='word_1_678' title='bbox 1852 5162 2094 5227; x_wconf 90' lang='lat' dir='ltr'><strong>nomina,</strong></span> 
     </span>
    </p>
   </div>
   <div class='ocr_carea' id='block_1_91' title="bbox 510 5253 2093 5329">
    <p class='ocr_par' dir='ltr' id='par_1_91' title="bbox 510 5253 2093 5329">
     <span class='ocr_line' id='line_1_91' title="bbox 510 5253 2093 5329; baseline -0.004 -16"><span class='ocrx_word' id='word_1_679' title='bbox 510 5275 673 5329; x_wconf 86' lang='lat' dir='ltr'><strong>quam</strong></span> <span class='ocrx_word' id='word_1_680' title='bbox 714 5258 844 5327; x_wconf 73' lang='lat' dir='ltr'><strong>ipsa:</strong></span> <span class='ocrx_word' id='word_1_681' title='bbox 877 5271 966 5310; x_wconf 88' lang='lat' dir='ltr'><strong>res</strong></span> <span class='ocrx_word' id='word_1_682' title='bbox 1005 5254 1079 5308; x_wconf 86' lang='lat' dir='ltr'><strong>ita</strong></span> <span class='ocrx_word' id='word_1_683' title='bbox 1109 5254 1435 5323; x_wconf 87' lang='lat' dir='ltr'><strong>copulantur</strong></span> <span class='ocrx_word' id='word_1_684' title='bbox 1477 5253 1621 5308; x_wconf 88' lang='lat' dir='ltr'><strong>inter</strong></span> <span class='ocrx_word' id='word_1_685' title='bbox 1667 5267 1745 5318; x_wconf 87' lang='lat' dir='ltr'><strong>se,</strong></span> <span class='ocrx_word' id='word_1_686' title='bbox 1776 5262 1834 5308; x_wconf 91' lang='lat' dir='ltr'><strong>ut</strong></span> <span class='ocrx_word' id='word_1_687' title='bbox 1853 5254 2093 5324; x_wconf 90' lang='lat' dir='ltr'><strong>separari</strong></span> 
     </span>
    </p>
   </div>
   <div class='ocr_carea' id='block_1_92' title="bbox 513 5345 2093 5422">
    <p class='ocr_par' dir='ltr' id='par_1_92' title="bbox 513 5345 2093 5422">
     <span class='ocr_line' id='line_1_92' title="bbox 513 5345 2093 5422; baseline -0.003 -16"><span class='ocrx_word' id='word_1_688' title='bbox 513 5367 624 5406; x_wconf 92' lang='lat' dir='ltr'><strong>non</strong></span> <span class='ocrx_word' id='word_1_689' title='bbox 656 5350 886 5422; x_wconf 89' lang='lat' dir='ltr'><strong>possint.</strong></span> <span class='ocrx_word' id='word_1_690' title='bbox 923 5348 1078 5414; x_wconf 85' lang='lat' dir='ltr'><strong>Quod</strong></span> <span class='ocrx_word' id='word_1_691' title='bbox 1107 5347 1151 5402; x_wconf 92' lang='lat' dir='ltr'><strong>si</strong></span> <span class='ocrx_word' id='word_1_692' title='bbox 1173 5346 1343 5402; x_wconf 80' lang='lat' dir='ltr'><strong>Filius</strong></span> <span class='ocrx_word' id='word_1_693' title='bbox 1381 5361 1491 5403; x_wconf 89' lang='lat' dir='ltr'><strong>non</strong></span> <span class='ocrx_word' id='word_1_694' title='bbox 1542 5361 1763 5416; x_wconf 89' lang='lat' dir='ltr'><strong>semper</strong></span> <span class='ocrx_word' id='word_1_695' title='bbox 1814 5345 1934 5410; x_wconf 78' lang='lat' dir='ltr'><strong>fuit,</strong></span> <span class='ocrx_word' id='word_1_696' title='bbox 1998 5345 2093 5401; x_wconf 86' lang='lat' dir='ltr'><strong>sed</strong></span> 
     </span>
    </p>
   </div>
   <div class='ocr_carea' id='block_1_93' title="bbox 513 5437 2094 5513">
    <p class='ocr_par' dir='ltr' id='par_1_93' title="bbox 513 5437 2094 5513">
     <span class='ocr_line' id='line_1_93' title="bbox 513 5437 2094 5513; baseline -0.003 -17"><span class='ocrx_word' id='word_1_697' title='bbox 513 5445 620 5498; x_wconf 78' lang='lat' dir='ltr'><strong>fuit</strong></span> <span class='ocrx_word' id='word_1_698' title='bbox 674 5443 966 5513; x_wconf 84' lang='lat' dir='ltr'><strong>aliquando</strong></span> <span class='ocrx_word' id='word_1_699' title='bbox 993 5458 1116 5497; x_wconf 90' lang='lat' dir='ltr'><strong>cum</strong></span> <span class='ocrx_word' id='word_1_700' title='bbox 1148 5457 1256 5497; x_wconf 89' lang='lat' dir='ltr'><strong>non</strong></span> <span class='ocrx_word' id='word_1_701' title='bbox 1289 5449 1457 5504; x_wconf 86' lang='lat' dir='ltr'><strong>esset,</strong></span> <span class='ocrx_word' id='word_1_702' title='bbox 1479 5453 1582 5494; x_wconf 89' lang='lat' dir='ltr'><strong>nec</strong></span> <span class='ocrx_word' id='word_1_703' title='bbox 1613 5438 1774 5492; x_wconf 86' lang='lat' dir='ltr'><strong>Pater</strong></span> <span class='ocrx_word' id='word_1_704' title='bbox 1807 5437 1908 5492; x_wconf 80' lang='lat' dir='ltr'><strong>fuit</strong></span> <span class='ocrx_word' id='word_1_705' title='bbox 1949 5453 2094 5492; x_wconf 88' lang='lat' dir='ltr'><strong>sem-</strong></span> 
     </span>
    </p>
   </div>
   <div class='ocr_carea' id='block_1_94' title="bbox 513 5525 2089 5602">
    <p class='ocr_par' dir='ltr' id='par_1_94' title="bbox 513 5525 2089 5602">
     <span class='ocr_line' id='line_1_94' title="bbox 513 5525 2089 5602; baseline -0.006 -15"><span class='ocrx_word' id='word_1_706' title='bbox 513 5547 645 5600; x_wconf 85' lang='lat' dir='ltr'><strong>per;</strong></span> <span class='ocrx_word' id='word_1_707' title='bbox 673 5548 739 5587; x_wconf 85' lang='lat' dir='ltr'><strong>ex</strong></span> <span class='ocrx_word' id='word_1_708' title='bbox 773 5548 881 5602; x_wconf 91' lang='lat' dir='ltr'><strong>quo</strong></span> <span class='ocrx_word' id='word_1_709' title='bbox 910 5531 1054 5587; x_wconf 87' lang='lat' dir='ltr'><strong>enim</strong></span> <span class='ocrx_word' id='word_1_710' title='bbox 1084 5528 1385 5601; x_wconf 88' lang='lat' dir='ltr'><strong>generavit,</strong></span> <span class='ocrx_word' id='word_1_711' title='bbox 1418 5528 1522 5581; x_wconf 88' lang='lat' dir='ltr'><strong>hoc</strong></span> <span class='ocrx_word' id='word_1_712' title='bbox 1552 5525 1714 5580; x_wconf 89' lang='lat' dir='ltr'><strong>habet</strong></span> <span class='ocrx_word' id='word_1_713' title='bbox 1733 5540 1950 5580; x_wconf 89' lang='lat' dir='ltr'><strong>nomen.</strong></span> <span class='ocrx_word' id='word_1_714' title='bbox 1994 5525 2089 5578; x_wconf 91' lang='lat' dir='ltr'><strong>Sin</strong></span> 
     </span>
    </p>
   </div>
   <div class='ocr_carea' id='block_1_95' title="bbox 513 5618 2096 5692">
    <p class='ocr_par' dir='ltr' id='par_1_95' title="bbox 513 5618 2096 5692">
     <span class='ocr_line' id='line_1_95' title="bbox 513 5618 2096 5692; baseline -0.004 -15"><span class='ocrx_word' id='word_1_715' title='bbox 513 5633 701 5677; x_wconf 87' lang='lat' dir='ltr'><strong>autem</strong></span> <span class='ocrx_word' id='word_1_716' title='bbox 731 5638 947 5692; x_wconf 86' lang='lat' dir='ltr'><strong>semper</strong></span> <span class='ocrx_word' id='word_1_717' title='bbox 971 5632 1057 5678; x_wconf 90' lang='lat' dir='ltr'><strong>est</strong></span> <span class='ocrx_word' id='word_1_718' title='bbox 1089 5623 1249 5678; x_wconf 88' lang='lat' dir='ltr'><strong>Pater</strong></span> <span class='ocrx_word' id='word_1_719' title='bbox 1279 5621 1424 5676; x_wconf 88' lang='lat' dir='ltr'><strong>Deus</strong></span> <span class='ocrx_word' id='word_1_720' title='bbox 1451 5618 1626 5687; x_wconf 79' lang='lat' dir='ltr'><strong>(nefas</strong></span> <span class='ocrx_word' id='word_1_721' title='bbox 1648 5618 1795 5673; x_wconf 90' lang='lat' dir='ltr'><strong>enim</strong></span> <span class='ocrx_word' id='word_1_722' title='bbox 1820 5627 1924 5683; x_wconf 91' lang='lat' dir='ltr'><strong>est,</strong></span> <span class='ocrx_word' id='word_1_723' title='bbox 1958 5627 2096 5671; x_wconf 89' lang='lat' dir='ltr'><strong>tem-</strong></span> 
     </span>
    </p>
   </div>
   <div class='ocr_carea' id='block_1_96' title="bbox 517 5703 2097 5779">
    <p class='ocr_par' dir='ltr' id='par_1_96' title="bbox 517 5703 2097 5779">
     <span class='ocr_line' id='line_1_96' title="bbox 517 5703 2097 5779; baseline -0.003 -17"><span class='ocrx_word' id='word_1_724' title='bbox 517 5710 666 5778; x_wconf 90' lang='lat' dir='ltr'><strong>poris</strong></span> <span class='ocrx_word' id='word_1_725' title='bbox 692 5718 971 5764; x_wconf 81' lang='lat' dir='ltr'><strong>auctorem</strong></span> <span class='ocrx_word' id='word_1_726' title='bbox 1019 5709 1123 5779; x_wconf 91' lang='lat' dir='ltr'><strong>ipsi</strong></span> <span class='ocrx_word' id='word_1_727' title='bbox 1149 5708 1382 5779; x_wconf 89' lang='lat' dir='ltr'><strong>tempori</strong></span> <span class='ocrx_word' id='word_1_728' title='bbox 1408 5707 1697 5778; x_wconf 86' lang='lat' dir='ltr'><strong>subjicere,</strong></span> <span class='ocrx_word' id='word_1_729' title='bbox 1747 5715 1802 5760; x_wconf 92' lang='lat' dir='ltr'><strong>et</strong></span> <span class='ocrx_word' id='word_1_730' title='bbox 1833 5703 2097 5772; x_wconf 90' lang='lat' dir='ltr'><strong>temporis</strong></span> 
     </span>
    </p>
   </div>
   <div class='ocr_carea' id='block_1_97' title="bbox 519 5796 2093 5873">
    <p class='ocr_par' dir='ltr' id='par_1_97' title="bbox 519 5796 2093 5873">
     <span class='ocr_line' id='line_1_97' title="bbox 519 5796 2093 5873; baseline -0.002 -21"><span class='ocrx_word' id='word_1_731' title='bbox 519 5801 697 5871; x_wconf 86' lang='lat' dir='ltr'><strong>spatio</strong></span> <span class='ocrx_word' id='word_1_732' title='bbox 718 5802 1070 5873; x_wconf 85' lang='lat' dir='ltr'><strong>posteriorem</strong></span> <span class='ocrx_word' id='word_1_733' title='bbox 1101 5801 1458 5873; x_wconf 83' lang='lat' dir='ltr'><strong>pronuntiare</strong></span> <span class='ocrx_word' id='word_1_734' title='bbox 1485 5799 1889 5872; x_wconf 83' lang='lat' dir='ltr'><strong>generationem</strong></span> <span class='ocrx_word' id='word_1_735' title='bbox 1928 5796 2093 5861; x_wconf 84' lang='lat' dir='ltr'><strong>illam,</strong></span> 
     </span>
    </p>
   </div>
   <div class='ocr_carea' id='block_1_98' title="bbox 2199 4613 3772 4692">
    <p class='ocr_par' dir='ltr' id='par_1_98' title="bbox 2199 4613 3772 4692">
     <span class='ocr_line' id='line_1_98' title="bbox 2199 4613 3772 4692; baseline -0.001 -16"><span class='ocrx_word' id='word_1_736' title='bbox 2199 4624 2300 4691; x_wconf 82' lang='grc' dir='ltr'><strong>τὴν</strong></span> <span class='ocrx_word' id='word_1_737' title='bbox 2331 4623 2441 4676; x_wconf 84' lang='grc' dir='ltr'><strong>τῶν</strong></span> <span class='ocrx_word' id='word_1_738' title='bbox 2466 4622 2739 4692; x_wconf 75' lang='grc' dir='ltr'><strong>σωμάτων</strong></span> <span class='ocrx_word' id='word_1_739' title='bbox 2769 4621 3116 4682; x_wconf 81' lang='grc' dir='ltr'><strong>ἀκολουθξαν,</strong></span> <span class='ocrx_word' id='word_1_740' title='bbox 3148 4619 3264 4672; x_wconf 77' lang='grc' dir='ltr'><strong>ἀλλ’</strong></span> <span class='ocrx_word' id='word_1_741' title='bbox 3287 4619 3380 4686; x_wconf 80' lang='grc' dir='ltr'><strong>ἀφ’</strong></span> <span class='ocrx_word' id='word_1_742' title='bbox 3410 4613 3581 4688; x_wconf 71' lang='grc' dir='ltr'><strong>οὗπέρ</strong></span> <span class='ocrx_word' id='word_1_743' title='bbox 3601 4620 3772 4674; x_wconf 77' lang='grc' dir='ltr'><strong>ἐστιν.</strong></span> 
     </span>
    </p>
   </div>
   <div class='ocr_carea' id='block_1_99' title="bbox 2211 4709 3521 4784">
    <p class='ocr_par' dir='ltr' id='par_1_99' title="bbox 2211 4709 3521 4784">
     <span class='ocr_line' id='line_1_99' title="bbox 2211 4709 3521 4784; baseline -0.003 -16"><span class='ocrx_word' id='word_1_744' title='bbox 2211 4715 2325 4768; x_wconf 79' lang='grc' dir='ltr'><strong>’Δεὶ</strong></span> <span class='ocrx_word' id='word_1_745' title='bbox 2356 4715 2414 4768; x_wconf 80' lang='grc' dir='ltr'><strong>δέ</strong></span> <span class='ocrx_word' id='word_1_746' title='bbox 2446 4715 2560 4768; x_wconf 72' lang='grc' dir='ltr'><strong>ἐστι</strong></span> <span class='ocrx_word' id='word_1_747' title='bbox 2592 4713 2800 4784; x_wconf 83' lang='grc' dir='ltr'><strong>Πατὴρ,</strong></span> <span class='ocrx_word' id='word_1_748' title='bbox 2850 4712 2944 4766; x_wconf 82' lang='grc' dir='ltr'><strong>καὶ</strong></span> <span class='ocrx_word' id='word_1_749' title='bbox 2969 4712 3082 4765; x_wconf 77' lang='grc' dir='ltr'><strong>ἔστι</strong></span> <span class='ocrx_word' id='word_1_750' title='bbox 3123 4714 3218 4763; x_wconf 77' lang='grc' dir='ltr'><strong>καὶ</strong></span> <span class='ocrx_word' id='word_1_751' title='bbox 3257 4709 3521 4764; x_wconf 82' lang='grc' dir='ltr'><strong>καλεῖται.</strong></span> 
     </span>
    </p>
   </div>
   <div class='ocr_carea' id='block_1_100' title="bbox 2271 4864 3777 4940">
    <p class='ocr_par' dir='ltr' id='par_1_100' title="bbox 2271 4864 3777 4940">
     <span class='ocr_line' id='line_1_100' title="bbox 2271 4864 3777 4940; baseline -0.006 -14"><span class='ocrx_word' id='word_1_752' title='bbox 2271 4872 2607 4940; x_wconf 83' lang='grc' dir='ltr'><strong>Πιστεύομεν</strong></span> <span class='ocrx_word' id='word_1_753' title='bbox 2643 4870 2739 4924; x_wconf 74' lang='grc' dir='ltr'><strong>καὶ</strong></span> <span class='ocrx_word' id='word_1_754' title='bbox 2766 4870 2846 4932; x_wconf 81' lang='grc' dir='ltr'><strong>είς</strong></span> <span class='ocrx_word' id='word_1_755' title='bbox 2881 4867 2978 4921; x_wconf 71' lang='grc' dir='ltr'><strong>ἕνα</strong></span> <span class='ocrx_word' id='word_1_756' title='bbox 3013 4868 3142 4920; x_wconf 82' lang='grc' dir='ltr'><strong>Υἱδν</strong></span> <span class='ocrx_word' id='word_1_757' title='bbox 3177 4865 3447 4920; x_wconf 80' lang='grc' dir='ltr'><strong>συναῒδιον</strong></span> <span class='ocrx_word' id='word_1_758' title='bbox 3477 4864 3554 4935; x_wconf 78' lang='grc' dir='ltr'><strong>τῷ</strong></span> <span class='ocrx_word' id='word_1_759' title='bbox 3585 4865 3777 4934; x_wconf 83' lang='grc' dir='ltr'><strong>γεννή-</strong></span> 
     </span>
    </p>
   </div>
   <div class='ocr_carea' id='block_1_101' title="bbox 2199 4958 3772 5035">
    <p class='ocr_par' dir='ltr' id='par_1_101' title="bbox 2199 4958 3772 5035">
     <span class='ocr_line' id='line_1_101' title="bbox 2199 4958 3772 5035; baseline -0.008 -13"><span class='ocrx_word' id='word_1_760' title='bbox 2199 4984 2375 5031; x_wconf 89' lang='grc' dir='ltr'><strong>σαντι,</strong></span> <span class='ocrx_word' id='word_1_761' title='bbox 2405 4965 2506 5018; x_wconf 78' lang='grc' dir='ltr'><strong>οὐκ</strong></span> <span class='ocrx_word' id='word_1_762' title='bbox 2540 4963 2713 5035; x_wconf 65' lang='grc' dir='ltr'><strong>ἂρχὴν</strong></span> <span class='ocrx_word' id='word_1_763' title='bbox 2750 4961 2846 5016; x_wconf 89' lang='grc' dir='ltr'><strong>τοῦ</strong></span> <span class='ocrx_word' id='word_1_764' title='bbox 2869 4958 3009 5015; x_wconf 74' lang='grc' dir='ltr'><strong>εἶναι</strong></span> <span class='ocrx_word' id='word_1_765' title='bbox 3039 4959 3295 5024; x_wconf 78' lang='grc' dir='ltr'><strong>λαϐόντα,</strong></span> <span class='ocrx_word' id='word_1_766' title='bbox 3323 4958 3438 5011; x_wconf 84' lang='grc' dir='ltr'><strong>ἀλλ’</strong></span> <span class='ocrx_word' id='word_1_767' title='bbox 3483 4959 3571 5011; x_wconf 79' lang='grc' dir='ltr'><strong>ἀεὶ</strong></span> <span class='ocrx_word' id='word_1_768' title='bbox 3621 4959 3772 5022; x_wconf 77' lang='grc' dir='ltr'><strong>ὄντα,</strong></span> 
     </span>
    </p>
   </div>
   <div class='ocr_carea' id='block_1_102' title="bbox 2200 5048 3772 5126">
    <p class='ocr_par' dir='ltr' id='par_1_102' title="bbox 2200 5048 3772 5126">
     <span class='ocr_line' id='line_1_102' title="bbox 2200 5048 3772 5126; baseline -0.006 -13"><span class='ocrx_word' id='word_1_769' title='bbox 2200 5062 2294 5114; x_wconf 77' lang='grc' dir='ltr'><strong>καὶ</strong></span> <span class='ocrx_word' id='word_1_770' title='bbox 2321 5057 2419 5110; x_wconf 79' lang='grc' dir='ltr'><strong>σὺν</strong></span> <span class='ocrx_word' id='word_1_771' title='bbox 2455 5056 2633 5126; x_wconf 83' lang='grc' dir='ltr'><strong>Πατρὶ</strong></span> <span class='ocrx_word' id='word_1_772' title='bbox 2693 5053 2842 5109; x_wconf 76' lang='grc' dir='ltr'><strong>ὅντα.</strong></span> <span class='ocrx_word' id='word_1_773' title='bbox 2910 5053 3021 5105; x_wconf 80' lang='grc' dir='ltr'><strong>Ἀεὶ</strong></span> <span class='ocrx_word' id='word_1_774' title='bbox 3063 5051 3121 5106; x_wconf 83' lang='grc' dir='ltr'><strong>δὲ</strong></span> <span class='ocrx_word' id='word_1_775' title='bbox 3185 5051 3394 5120; x_wconf 77' lang='grc' dir='ltr'><strong>Πατὴρ,</strong></span> <span class='ocrx_word' id='word_1_776' title='bbox 3455 5048 3515 5115; x_wconf 77' lang='grc' dir='ltr'>ἐξ</span> <span class='ocrx_word' id='word_1_777' title='bbox 3564 5049 3772 5104; x_wconf 78' lang='grc' dir='ltr'><strong>ἐκείνου</strong></span> 
     </span>
    </p>
   </div>
   <div class='ocr_carea' id='block_1_103' title="bbox 2201 5141 3770 5219">
    <p class='ocr_par' dir='ltr' id='par_1_103' title="bbox 2201 5141 3770 5219">
     <span class='ocr_line' id='line_1_103' title="bbox 2201 5141 3770 5219; baseline -0.005 -15"><span class='ocrx_word' id='word_1_778' title='bbox 2201 5150 2348 5213; x_wconf 86' lang='grc' dir='ltr'><strong>Υίός.</strong></span> <span class='ocrx_word' id='word_1_779' title='bbox 2385 5147 2731 5219; x_wconf 85' lang='grc' dir='ltr'><strong>Ἀχωρίστως</strong></span> <span class='ocrx_word' id='word_1_780' title='bbox 2765 5144 2877 5215; x_wconf 84' lang='grc' dir='ltr'><strong>γὰρ</strong></span> <span class='ocrx_word' id='word_1_781' title='bbox 2898 5144 3010 5215; x_wconf 71' lang='grc' dir='ltr'><strong>ἔχει</strong></span> <span class='ocrx_word' id='word_1_782' title='bbox 3041 5142 3216 5197; x_wconf 78' lang='grc' dir='ltr'><strong>ταῦτα</strong></span> <span class='ocrx_word' id='word_1_783' title='bbox 3266 5141 3404 5215; x_wconf 80' lang='grc' dir='ltr'><strong>πρὸς</strong></span> <span class='ocrx_word' id='word_1_784' title='bbox 3437 5143 3643 5214; x_wconf 82' lang='grc' dir='ltr'><strong>ἄλληλα</strong></span> <span class='ocrx_word' id='word_1_785' title='bbox 3698 5143 3770 5196; x_wconf 78' lang='grc' dir='ltr'><strong>τά</strong></span> 
     </span>
    </p>
   </div>
   <div class='ocr_carea' id='block_1_104' title="bbox 2197 5234 3770 5309">
    <p class='ocr_par' dir='ltr' id='par_1_104' title="bbox 2197 5234 3770 5309">
     <span class='ocr_line' id='line_1_104' title="bbox 2197 5234 3770 5309; baseline -0.006 -14"><span class='ocrx_word' id='word_1_786' title='bbox 2197 5259 2256 5295; x_wconf 87' lang='grc' dir='ltr'><strong>τε</strong></span> <span class='ocrx_word' id='word_1_787' title='bbox 2293 5240 2534 5309; x_wconf 84' lang='grc' dir='ltr'><strong>ὀνόματα</strong></span> <span class='ocrx_word' id='word_1_788' title='bbox 2565 5238 2660 5292; x_wconf 69' lang='grc' dir='ltr'><strong>καὶ</strong></span> <span class='ocrx_word' id='word_1_789' title='bbox 2680 5239 2749 5292; x_wconf 78' lang='grc' dir='ltr'><strong>τὰ</strong></span> <span class='ocrx_word' id='word_1_790' title='bbox 2782 5237 3105 5307; x_wconf 81' lang='grc' dir='ltr'><strong>πράγματα.</strong></span> <span class='ocrx_word' id='word_1_791' title='bbox 3137 5235 3198 5288; x_wconf 88' lang='lat' dir='ltr'><strong>Ei</strong></span> <span class='ocrx_word' id='word_1_792' title='bbox 3235 5235 3294 5288; x_wconf 72' lang='grc' dir='ltr'><strong>δὲ</strong></span> <span class='ocrx_word' id='word_1_793' title='bbox 3341 5235 3442 5289; x_wconf 83' lang='grc' dir='ltr'><strong>οὐκ</strong></span> <span class='ocrx_word' id='word_1_794' title='bbox 3495 5235 3581 5288; x_wconf 80' lang='grc' dir='ltr'><strong>ἀεὶ</strong></span> <span class='ocrx_word' id='word_1_795' title='bbox 3617 5234 3770 5300; x_wconf 77' lang='grc' dir='ltr'><strong>Υἱὸς,</strong></span> 
     </span>
    </p>
   </div>
   <div class='ocr_carea' id='block_1_105' title="bbox 2198 5320 3772 5403">
    <p class='ocr_par' dir='ltr' id='par_1_105' title="bbox 2198 5320 3772 5403">
     <span class='ocr_line' id='line_1_105' title="bbox 2198 5320 3772 5403; baseline -0.004 -18"><span class='ocrx_word' id='word_1_796' title='bbox 2198 5334 2316 5385; x_wconf 83' lang='grc' dir='ltr'><strong>ἀλλ’</strong></span> <span class='ocrx_word' id='word_1_797' title='bbox 2343 5328 2408 5403; x_wconf 79' lang='grc' dir='ltr'><strong>ἦν</strong></span> <span class='ocrx_word' id='word_1_798' title='bbox 2439 5333 2527 5386; x_wconf 83' lang='grc' dir='ltr'><strong>ὅτε</strong></span> <span class='ocrx_word' id='word_1_799' title='bbox 2561 5332 2662 5385; x_wconf 82' lang='grc' dir='ltr'><strong>οὐκ</strong></span> <span class='ocrx_word' id='word_1_800' title='bbox 2697 5326 2788 5402; x_wconf 79' lang='grc' dir='ltr'><strong>ἧν,</strong></span> <span class='ocrx_word' id='word_1_801' title='bbox 2821 5327 2940 5383; x_wconf 82' lang='grc' dir='ltr'><strong>οὐδὲ</strong></span> <span class='ocrx_word' id='word_1_802' title='bbox 2968 5327 3056 5381; x_wconf 82' lang='grc' dir='ltr'><strong>ἀεὶ</strong></span> <span class='ocrx_word' id='word_1_803' title='bbox 3108 5328 3134 5380; x_wconf 82' lang='grc' dir='ltr'><strong>δ</strong></span> <span class='ocrx_word' id='word_1_804' title='bbox 3157 5327 3368 5399; x_wconf 87' lang='grc' dir='ltr'><strong>Πατήρ.</strong></span> <span class='ocrx_word' id='word_1_805' title='bbox 3414 5327 3534 5396; x_wconf 77' lang='grc' dir='ltr'><strong>Ἀφ’</strong></span> <span class='ocrx_word' id='word_1_806' title='bbox 3574 5320 3634 5379; x_wconf 77' lang='grc' dir='ltr'>οὗ</span> <span class='ocrx_word' id='word_1_807' title='bbox 3661 5328 3772 5395; x_wconf 81' lang='grc' dir='ltr'><strong>γὰρ</strong></span> 
     </span>
    </p>
   </div>
   <div class='ocr_carea' id='block_1_106' title="bbox 2199 5418 3772 5494">
    <p class='ocr_par' dir='ltr' id='par_1_106' title="bbox 2199 5418 3772 5494">
     <span class='ocr_line' id='line_1_106' title="bbox 2199 5418 3772 5494; baseline -0.004 -17"><span class='ocrx_word' id='word_1_808' title='bbox 2199 5425 2478 5494; x_wconf 72' lang='grc' dir='ltr'><strong>ἐγέννησε,</strong></span> <span class='ocrx_word' id='word_1_809' title='bbox 2527 5424 2688 5478; x_wconf 82' lang='grc' dir='ltr'><strong>τοῦτο</strong></span> <span class='ocrx_word' id='word_1_810' title='bbox 2713 5423 2825 5494; x_wconf 77' lang='grc' dir='ltr'><strong>ἔχει</strong></span> <span class='ocrx_word' id='word_1_811' title='bbox 2861 5420 2923 5474; x_wconf 83' lang='grc' dir='ltr'><strong>τὸ</strong></span> <span class='ocrx_word' id='word_1_812' title='bbox 2949 5420 3140 5490; x_wconf 73' lang='grc' dir='ltr'><strong>ὄνομα.</strong></span> <span class='ocrx_word' id='word_1_813' title='bbox 3174 5420 3238 5473; x_wconf 85' lang='lat' dir='ltr'><strong>Ei</strong></span> <span class='ocrx_word' id='word_1_814' title='bbox 3279 5420 3334 5473; x_wconf 85' lang='grc' dir='ltr'><strong>δὲ</strong></span> <span class='ocrx_word' id='word_1_815' title='bbox 3372 5419 3462 5472; x_wconf 70' lang='grc' dir='ltr'><strong>ἀεὶ</strong></span> <span class='ocrx_word' id='word_1_816' title='bbox 3503 5418 3693 5490; x_wconf 77' lang='grc' dir='ltr'><strong>Πατὴρ</strong></span> <span class='ocrx_word' id='word_1_817' title='bbox 3743 5419 3772 5471; x_wconf 87' lang='grc' dir='ltr'><strong>ό</strong></span> 
     </span>
    </p>
   </div>
   <div class='ocr_carea' id='block_1_107' title="bbox 2199 5511 3772 5587">
    <p class='ocr_par' dir='ltr' id='par_1_107' title="bbox 2199 5511 3772 5587">
     <span class='ocr_line' id='line_1_107' title="bbox 2199 5511 3772 5587; baseline -0.006 -17"><span class='ocrx_word' id='word_1_818' title='bbox 2199 5517 2364 5580; x_wconf 84' lang='grc' dir='ltr'><strong>Θεός·</strong></span> <span class='ocrx_word' id='word_1_819' title='bbox 2401 5515 2723 5587; x_wconf 71' lang='grc' dir='ltr'><strong>βλάσφημον</strong></span> <span class='ocrx_word' id='word_1_820' title='bbox 2767 5515 2877 5586; x_wconf 79' lang='grc' dir='ltr'><strong>γὰρ</strong></span> <span class='ocrx_word' id='word_1_821' title='bbox 2915 5514 3108 5586; x_wconf 82' lang='grc' dir='ltr'><strong>τῳόντι</strong></span> <span class='ocrx_word' id='word_1_822' title='bbox 3149 5513 3254 5568; x_wconf 79' lang='grc' dir='ltr'><strong>ὑπὸ</strong></span> <span class='ocrx_word' id='word_1_823' title='bbox 3292 5512 3517 5583; x_wconf 89' lang='grc' dir='ltr'><strong>χρόνους</strong></span> <span class='ocrx_word' id='word_1_824' title='bbox 3549 5511 3772 5579; x_wconf 82' lang='grc' dir='ltr'><strong>ποιῆσαι</strong></span> 
     </span>
    </p>
   </div>
   <div class='ocr_carea' id='block_1_108' title="bbox 2200 5603 3767 5680">
    <p class='ocr_par' dir='ltr' id='par_1_108' title="bbox 2200 5603 3767 5680">
     <span class='ocr_line' id='line_1_108' title="bbox 2200 5603 3767 5680; baseline -0.003 -19"><span class='ocrx_word' id='word_1_825' title='bbox 2200 5609 2291 5662; x_wconf 78' lang='grc' dir='ltr'><strong>τὸν</strong></span> <span class='ocrx_word' id='word_1_826' title='bbox 2314 5610 2421 5662; x_wconf 75' lang='grc' dir='ltr'><strong>τῶν</strong></span> <span class='ocrx_word' id='word_1_827' title='bbox 2444 5610 2653 5680; x_wconf 85' lang='grc' dir='ltr'><strong>χρόνων</strong></span> <span class='ocrx_word' id='word_1_828' title='bbox 2695 5608 2947 5679; x_wconf 75' lang='grc' dir='ltr'><strong>ποιητὴν,</strong></span> <span class='ocrx_word' id='word_1_829' title='bbox 2969 5609 3066 5661; x_wconf 75' lang='grc' dir='ltr'><strong>καὶ</strong></span> <span class='ocrx_word' id='word_1_830' title='bbox 3105 5605 3360 5679; x_wconf 87' lang='grc' dir='ltr'><strong>χρονικοῦ</strong></span> <span class='ocrx_word' id='word_1_831' title='bbox 3397 5603 3767 5673; x_wconf 83' lang='grc' dir='ltr'><strong>διαστήματος</strong></span> 
     </span>
    </p>
   </div>
   <div class='ocr_carea' id='block_1_109' title="bbox 2201 5697 3774 5772">
    <p class='ocr_par' dir='ltr' id='par_1_109' title="bbox 2201 5697 3774 5772">
     <span class='ocr_line' id='line_1_109' title="bbox 2201 5697 3774 5772; baseline -0.006 -16"><span class='ocrx_word' id='word_1_832' title='bbox 2201 5703 2478 5772; x_wconf 81' lang='grc' dir='ltr'><strong>ἀποφῆναι</strong></span> <span class='ocrx_word' id='word_1_833' title='bbox 2507 5701 2769 5770; x_wconf 83' lang='grc' dir='ltr'><strong>δευτέραν</strong></span> <span class='ocrx_word' id='word_1_834' title='bbox 2797 5700 2898 5772; x_wconf 75' lang='grc' dir='ltr'><strong>τὴν</strong></span> <span class='ocrx_word' id='word_1_835' title='bbox 2921 5701 3144 5771; x_wconf 77' lang='grc' dir='ltr'><strong>ἄχρονον</strong></span> <span class='ocrx_word' id='word_1_836' title='bbox 3157 5700 3250 5751; x_wconf 74' lang='grc' dir='ltr'><strong>καὶ</strong></span> <span class='ocrx_word' id='word_1_837' title='bbox 3276 5698 3614 5766; x_wconf 83' lang='grc' dir='ltr'><strong>ὑπέρχρονον</strong></span> <span class='ocrx_word' id='word_1_838' title='bbox 3647 5697 3774 5764; x_wconf 84' lang='grc' dir='ltr'><strong>γέν-</strong></span> 
     </span>
    </p>
   </div>
   <div class='ocr_carea' id='block_1_110' title="bbox 2202 5788 3770 5866">
    <p class='ocr_par' dir='ltr' id='par_1_110' title="bbox 2202 5788 3770 5866">
     <span class='ocr_line' id='line_1_110' title="bbox 2202 5788 3770 5866; baseline -0.006 -18"><span class='ocrx_word' id='word_1_839' title='bbox 2202 5813 2357 5866; x_wconf 87' lang='grc' dir='ltr'><strong>νησιν</strong></span> <span class='ocrx_word' id='word_1_840' title='bbox 2382 5813 2396 5828; x_wconf 88' lang='grc'><strong>·</strong></span> <span class='ocrx_word' id='word_1_841' title='bbox 2433 5795 2519 5850; x_wconf 74' lang='grc' dir='ltr'><strong>ἀεὶ</strong></span> <span class='ocrx_word' id='word_1_842' title='bbox 2549 5795 2575 5846; x_wconf 87' lang='grc' dir='ltr'><strong>ό</strong></span> <span class='ocrx_word' id='word_1_843' title='bbox 2604 5792 2728 5859; x_wconf 79' lang='grc' dir='ltr'><strong>Υἱὸς</strong></span> <span class='ocrx_word' id='word_1_844' title='bbox 2742 5793 2806 5848; x_wconf 82' lang='grc' dir='ltr'><strong>ὲκ</strong></span> <span class='ocrx_word' id='word_1_845' title='bbox 2838 5791 2930 5848; x_wconf 87' lang='grc' dir='ltr'><strong>τοῦ</strong></span> <span class='ocrx_word' id='word_1_846' title='bbox 2953 5793 3162 5862; x_wconf 80' lang='grc' dir='ltr'><strong>Πατρὸς</strong></span> <span class='ocrx_word' id='word_1_847' title='bbox 3183 5789 3438 5864; x_wconf 73' lang='grc' dir='ltr'><strong>ἀρρήτως</strong></span> <span class='ocrx_word' id='word_1_848' title='bbox 3468 5788 3770 5860; x_wconf 82' lang='grc' dir='ltr'><strong>γεννηθεὶς,</strong></span> 
     </span>
    </p>
   </div>
  </div>
