4060 6278
454 407 521 475 9i
1428 464 1431 469 .
1572 418 1577 419 '
1696 403 2013 467 EU'I‘HYM
2023 402 2083 463 II
2118 399 2482 463 ZIGABENI

3654 388 3726 453 92

463 528 739 600 principio
791 537 911 585 erat
972 530 1230 585 Verbum.
1261 540 1288 581 ἰ
1356 527 1422 581 Et
1482 526 1603 581 illas
1622 542 1650 583 »ι
1692 545 1711 577 ι
1745 525 1849 591 Qui
1907 536 2067 580 cum.

2175 525 2277 592 ρΧῇ
2309 516 2377 591 ἦν
2400 523 2428 574 ὁ
2458 520 2653 589 Λόγος,
2684 537 2704 571 ι
2752 520 2878 583 οὒκ.
2920 512 3009 573 Ἐν
3033 518 3177 591 ἀρχῇ
3205 518 3421 588 ἐγένετο
3448 523 3474 574 6
3503 521 3676 591 Λόγος
3701 539 3720 556 ο

465 628 612 674 esset
664 619 925 683 Splendor
960 620 1168 689 gloriae,
1202 626 1257 674 et
1314 616 1489 688 ﬁgura
1534 616 1876 673 substantiae
1901 614 1969 679 ⁸⁷,
2012 634 2031 667 ι

474 727 585 766 non
610 722 793 767 autem
823 713 949 767 has:
976 732 993 764 ι
1023 712 1124 778 Qui
1152 727 1279 766 cum
1315 711 1369 766 in
1402 710 1576 765 forma
1608 709 1702 764 Dei
1735 718 1886 765 esset
1912 707 1982 771 ",
2013 725 2033 760 ι

463 810 520 857 et
562 796 742 857 alibi’:
804 823 823 854 ι
854 804 955 868 Qui
1019 812 1105 858 est
1171 804 1352 874 imago
1412 803 1506 857 Dei
1565 800 1859 857 invisibilis
1902 802 1971 855 ”.
2017 818 2035 851 ι

465 893 584 950 Non
644 895 821 951 dixit:
865 894 966 960 Qui
1026 896 1195 965 [actus
1257 902 1331 949 est
1370 895 1550 967 imago
1590 893 1685 950 Dei
1735 893 2040 959 invisibilis,

466 984 584 1050 sed,
615 986 704 1055 qui
728 994 827 1039 est.

540 1267 718 1335 Atque
758 1268 830 1326 ita
861 1267 1170 1325 Diviuitatis
1200 1270 1400 1325 rationi
1427 1271 1630 1341 passim
1692 1270 2047 1341 coniunctum

469 1363 556 1410 est
581 1356 708 1408 illud
730 1375 743 1411 :
766 1366 904 1422 erat,
945 1370 1001 1412 et
1027 1358 1159 1413 illud
1188 1376 1304 1413 cum
1341 1360 1433 1425 sit,
1458 1369 1514 1415 et
1538 1360 1673 1415 illud
1704 1375 1861 1414 :cum
1896 1368 2050 1425 esset,

468 1456 526 1501 et
546 1447 699 1513 illud,
735 1458 830 1503 est.
861 1448 1004 1516 Quin
1029 1450 1193 1505 etiam
1222 1451 1337 1521 ipse
1373 1452 1516 1508 Deus
1542 1467 1669 1508 cum
1702 1468 1898 1525 magno
1938 1453 2055 1508 Mov
2090 1440 2097 1449 ’

470 1552 531 1593 se
560 1540 790 1609 loquens
820 1542 895 1595 ita
933 1557 994 1596 se
1024 1542 1320 1612 appellavit
1356 1562 1372 1598 :
1435 1562 1457 1599 ι
1488 1543 1621 1616 Ego,
1682 1564 1702 1598 ι
1768 1545 2051 1614 inquiens,

476 1649 497 1685 ι
530 1649 650 1688 sum
695 1636 789 1704 qui
827 1652 949 1691 sum
973 1636 1040 1691 ⁶⁰.
1085 1655 1104 1688 ι
1138 1639 1451 1705 Ειιιιιέιιιῐι
1489 1655 1504 1694 :
1556 1657 1578 1691 ι
1632 1640 1817 1706 Haec,»
1853 1638 2054 1708 inquit,

478 1745 497 1777 ι
533 1724 685 1781 dices
710 1726 838 1783 ﬁliis
871 1728 1037 1784 Israel
1073 1744 1087 1782 :
1131 1728 1236 1795 Qui
1266 1740 1372 1793 est,
1402 1731 1553 1787 misit
1588 1748 1675 1787 me
1696 1732 1765 1788 ad
1790 1747 1887 1787 vos
1919 1733 1986 1787 “.
2031 1750 2051 1783 ι

474 1814 604 1869 llaec
657 1827 843 1873 autem
919 1834 1044 1875 esse
1100 1821 1226 1876 Filii
1280 1823 1445 1878 verba
1529 1823 1837 1879 concedunt
1891 1826 2055 1879 etiam

472 1905 772 1975 impietatis
829 1897 1178 1967 exsecranda:
1246 1920 1728 1984 propugnatores,
1804 1915 1895 1984 qui
1959 1914 2071 1971 Pa;

478 2010 618 2053 trem
680 2001 902 2071 quidem
953 2003 1375 2075 inseparabilem
1437 2016 1707 2072 statuunt,
1772 2007 1870 2062 sed
1938 2023 2060 2065 me-

475 2091 630 2145 dium
665 2092 809 2147 inter
866 2094 1082 2150 Patrem
1134 2104 1189 2151 et
1247 2113 1335 2152 res
1384 2108 1595 2155 creatas
1622 2099 1818 2156 Filium
1858 2103 2061 2171 locant,

477 2196 714 2251 eumque
796 2186 1126 2254 patriarchis
1181 2196 1236 2242 et
1297 2190 1584 2259 prophetis
1641 2193 1963 2263 apparuisse
2008 2204 2063 2249 et

477 2272 719 2325 locutum
753 2287 874 2327 esse
897 2275 1107 2331 dicunt.
1160 2276 1269 2332 Sed
1319 2279 1435 2348 ipse
1501 2281 1644 2336 Deus
1668 2282 1905 2337 Verbum
1968 2299 2065 2353 per

475 2363 770 2421 Jeremiam
803 2368 987 2423 verbis
1020 2368 1073 2422 id
1100 2383 1204 2423 nos
1230 2372 1521 2440 perspicue
1558 2373 1738 2439 docet,
1782 2389 1907 2430 cum
1934 2376 2009 2430 ait
2044 2392 2059 2429 :

488 2475 507 2508 ι
535 2457 592 2509 In
624 2457 823 2513 diebus
876 2458 984 2515 illis
1053 2468 1109 2514 et
1139 2460 1194 2514 in
1225 2470 1475 2531 tempore
1510 2463 1602 2518 illo
1642 2464 1840 2520 feriam
1874 2466 2064 2523 domui

470 2547 649 2619 Israel
709 2559 764 2603 et
818 2549 1162 2605 domuiJuda
1213 2560 1600 2608 testamentum
1652 2570 1889 2623 novum,
1951 2572 2063 2612 non

485 2640 788 2711 secundum
824 2650 1236 2709 testamentum,
1274 2645 1420 2714 quod
1473 2646 1569 2700 tuli
1604 2648 1846 2715 patribus
1874 2664 2063 2705 eorum

472 2731 540 2797 in
593 2733 701 2796 die,
750 2749 856 2803 qua
876 2735 1213 2805 apprehendi
1245 2752 1470 2792 manum
1502 2752 1723 2805 eorum,
1757 2752 1818 2796 ut
1866 2742 2070 2798 educe-

489 2835 604 2873 rem
661 2836 756 2877 eos
808 2825 875 2877 de
907 2834 1052 2879 terra
1075 2825 1401 2897 IEgypti“.
1450 2847 1469 2881 ι
1530 2829 1853 2895 Quaeramus
1877 2833 2066 2905 igitur,

483 2911 609 2980 quis
639 2920 1025 2970 testamentum
1051 2917 1212 2973 nobis
1236 2918 1342 2975 hoc
1358 2910 1560 2977 novum
1611 2924 1846 2981 dederit.
1870 2925 2067 2983 Nonne

481 3014 696 3059 constat
752 3006 805 3060 id
857 3008 1015 3064 nobis
1070 3009 1363 3067 Dominum
1415 3013 1696 3072 Christum
1762 3019 2072 3075 attulisse?

484 3092 607 3162 Ipse
640 3096 789 3151 enim
824 3097 877 3152 in
906 3101 1114 3157 sanctis
1142 3102 1456 3175 Evangeliis
1502 3107 1705 3164 clamat
1739 3127 1755 3164 :
1817 3110 2067 3167 «Dictum

2142 617 2350 678 ἐκεῖνος
2393 614 2472 678 δὲ,
2539 634 2557 667 ι
2606 615 2694 678 Ὧς
2734 614 2811 669 ὢν
2865 612 3211 683 ἀπαύγασμα
3272 614 3367 685 τῆς
3404 614 3586 683 δόξης,
3626 614 3722 672 καὶ

2144 707 2435 780 χαρακτὴρ
2466 707 2569 776 τῆς
2609 705 2984 768 ὑποστάσεωςο
3037 722 3057 757 ι
3096 707 3191 758 καὶ
3240 706 3430 773 πάλιν,
3491 726 3510 759 ι
3544 708 3645 772 ’ος
3668 710 3724 761 ὲν

2149 803 2334 872 μορφῇ
2368 800 2503 854 Θεοῦ
2540 799 2828 870 ὑπάρχων,
2859 798 2921 850 οὐ
2977 797 3159 868 μορφὴ
3218 797 3357 851 Θεοῦ
3411 800 3723 871 γενόμενος,

2145 895 2263 949 ἀλλ’
2287 894 2555 964 ὑπάρχων
2589 890 2649 945 ὲν
2683 892 2868 961 μορφῇ
2897 888 3088 943 Θεοῦ.)
3148 891 3261 943 Καὶ
3287 886 3539 960 ἑτέρωθι,
3577 910 3596 945 ι
3627 892 3726 958 ’⁷ος

2148 992 2311 1055 ἐστιν¹
2336 988 2502 1042 εἰκὼν
2530 984 2627 1039 τοῦ
2663 982 2801 1038 Θεοῦ
2825 982 2918 1036 τοῦ
2952 983 3207 1055 ἀοράτου.
3242 1001 3260 1035 ι
3290 982 3409 1038 Οὐκ
3429 978 3604 1052 εἶπεν,
3630 986 3731 1050 ’ος

2148 1048 2371 1148 ἐγένετο
2426 1075 2592 1131 είκὼν
2647 1075 2741 1129 τοῦ
2796 1073 2933 1127 Θεοῦ
2990 1048 3085 1127 τοῦ
3137 1072 3395 1146 ἀοράτου,
3429 1048 3600 1142 ἀλλ’(
3630 1048 3731 1139 ’οξ

2146 1170 2321 1226 ἐστιν.
3222 1239 3229 1247 ι

2223 1260 2383 1317 Οὕτω
2412 1259 2697 1332 πανταχοῦ
2728 1262 2792 1331 τῇ
2820 1258 3080 1330 θεολογίᾳ
3125 1258 3490 1323 συνέζευκται
3529 1255 3593 1312 τὸ
3642 1252 3736 1329 ἦν,

2138 1359 2250 1411 ’καὶ
2273 1356 2336 1409 τὸ
2358 1354 2455 1418 ὢν,
2486 1353 2583 1409 καὶ
2621 1355 2681 1407 τὸ
2714 1353 3000 1423 ὑπάρχων,
3058 1353 3152 1405 καὶ
3202 1352 3263 1406 τδ
3318 1350 3492 1406 ἔστιν.
3547 1346 3740 1415 Οὕτως

2156 1448 2350 1504 ἑαυτὸν
2375 1449 2472 1502 καὶ
2512 1446 2594 1519 τῷ
2630 1446 2851 1518 μεγάλῳ
2881 1447 3090 1519 Μωῦσῇ
3138 1446 3519 1517 διαλεγόμενος
3574 1462 3740 1514 προσο

2154 1539 2476 1613 ηγόρευσεν,
2520 1556 2539 1591 ι
2590 1536 2732 1607 Ἐγώ
2762 1537 2876 1608 εἰμι
2904 1537 3049 1592 δῶν.
3088 1556 3106 1589 ι
3144 1539 3251 1592 Καὶ
3276 1538 3461 1604 πάλιν,
3537 1557 3555 1589 ι
3596 1536 3737 1593 Τάδε

2157 1632 2301 1703 ἐρεῖς
2318 1632 2430 1695 τοῖς
2462 1631 2599 1692 υἱοῖς
2638 1627 2858 1700 Ἰσραήλ
2880 1645 2896 1660 ·
2936 1646 2954 1679 ι
3001 1629 3062 1682 'O
3088 1627 3490 1698 ὣνξάπέσταλκέ
3520 1646 3588 1697 με
3606 1628 3741 1699 πρὸς

2159 1724 2327 1796 ὑμᾶς.
2370 1742 2389 1775 ι
2445 1721 2572 1777 Ὀτι
2603 1722 2658 1775 δὲ
2708 1722 2802 1774 τοῦ
2837 1719 2973 1775 Υίοῦ
3015 1721 3190 1775 ταῦτα
3250 1719 3315 1774 τὰ
3352 1721 3573 1791 ῥήματα
3604 1737 3746 1791 μαρ-

2161 1813 2387 1888 τυροῦσι
2425 1815 2524 1885 μὲν
2552 1816 2647 1867 καὶ
2680 1814 2836 1867 αὐτοὶ
2867 1815 2967 1885 τῆς
3023 1813 3382 1883 βλασφημίας
3428 1815 3476 1867 οί
3531 1813 3746 1883 πρόμα-

2163 1894 2271 1982 χοι,
2305 1908 2594 1980 ἀχὼρητον
2635 1907 2735 1978 μὲν
2758 1908 2850 1961 τὸν
2876 1907 3104 1976 Πατέρα
3130 1906 3410 1973 λέγοντες,
3441 1905 3671 1975 μεσίτην
3687 1903 3743 1956 δὲ

2161 2001 2256 2055 τοῦ
2286 2000 2502 2071 Πατρὺς
2536 2000 2631 2055 καί
2656 2003 2754 2072 τῆς
2782 1998 3016 2062 κτίσεως
3034 1998 3126 2052 τὸν
3154 1999 3282 2052 Υίὸν
3314 1996 3746 2061 ἀποκαλοῦντες,

2166 2090 2263 2146 καὶ
2301 2091 2608 2160 φάσκοντες
2637 2090 2803 2145 αὐτὸν
2836 2092 2950 2153 τοῖς
2974 2092 3352 2162 πατριάρχαις
3382 2105 3440 2141 τε
3489 2088 3584 2142 καὶ
3636 2088 3748 2149 τοῖς

2164 2185 2477 2255 προφήταις
2517 2184 2746 2256 ὀφθῆναί
2779 2200 2839 2237 τε
2870 2184 2966 2239 καὶ
3018 2182 3392 2254 διαλεχθῆναι.
3435 2180 3633 2250 Σαφῶς
3691 2181 3751 2234 δὲ

2165 2279 2316 2350 ἡμᾶς
2348 2278 2509 2341 αὐτὸς
2544 2279 2573 2331 6
2621 2277 2755 2340 Θεὸς
2805 2276 2981 2345 Λόγος
3017 2276 3267 2330 διδάσκει
3327 2274 3417 2329 διὰ
3481 2274 3749 2345 Ἰερεμίου

2163 2370 2259 2425 τοῦ
2291 2371 2575 2443 προφήτου
2594 2370 2796 2439 λέγων,
2835 2387 2854 2420 ι
2911 2369 3002 2423 Ἐν
3055 2368 3176 2431 ταῖς
3205 2367 3439 2439 ἡμέραις
3488 2367 3749 2433 ἐκείναις,

2167 2463 2266 2517 καὶ
2297 2464 2357 2519 έν
2390 2463 2467 2535 τῷ
2491 2463 2670 2533 καιρῷ
2697 2460 2897 2531 ἐκείνῳ
2917 2460 3248 2531 διαθήσομαι
3279 2457 3356 2530 τῷ
3380 2457 3515 2530 οἴκῳ
3531 2457 3752 2529 Ἰσραὴλ

2167 2558 2262 2611 καὶ
2302 2555 2381 2627 τῷ
2410 2556 2545 2627 οἴκῳ
2571 2554 2746 2609 ’ἰούδα
2776 2554 3059 2625 Διαθήκην
3090 2552 3312 2623 καινὴν,
3363 2554 3424 2605 οὐ
3455 2554 3600 2605 κατά
3650 2551 3751 2621 τὴν

2166 2642 2434 2722 διαθήκην
2498 2647 2566 2721 ἢν
2626 2646 2887 2718 διεθέμην
2943 2649 3057 2711 τοῖς
3111 2645 3387 2717 πατράσιν
3456 2644 3638 2697 αὐτῶν
3694 2645 3753 2696 ὲν

2169 2744 2356 2815 ήμέρᾳ
2392 2739 2801 2811 ἐπιλαϐομένου
2830 2756 2936 2808 μου
2963 2742 3064 2811 τῆς
3105 2738 3289 2809 χειρὸς
3343 2738 3523 2791 αὐτῶν
3558 2737 3755 2805 ἐξαγα-

2173 2839 2292 2907 γεῖν
2320 2836 2520 2898 αὐτοὺς
2551 2833 2615 2887 ὲκ
2645 2832 2748 2902 γῆς
2777 2832 3080 2902 Αἰγύπτου.
3127 2850 3146 2884 ι
3201 2832 3542 2901 Ζητήσωμεν
3570 2830 3753 2882 τοίνυν

2169 2930 2252 2994 τίς
2277 2929 2375 2999 τὴν
2403 2929 2594 2999 καινὴν
2620 2929 2753 2999 ήμῖν
2779 2923 3060 2995 Διαθήκην
3080 2939 3094 2955 ’
3156 2923 3191 2995 ἢ
3230 2922 3390 2993 δῆλον
3436 2921 3641 2975 ἆπασιν
3672 2920 3749 2982 ὡς

2169 3021 2198 3075 6
2226 3006 2506 3090 Δεσπότης
2566 3017 2807 3086 Χριστὸς
2859 3017 3065 3088 ταύτης
3106 3013 3225 3068 ἐστὶ
3268 3012 3546 3084 χορηγόςς
3585 3009 3755 3072 Αὐτὸς

2172 3114 2283 3186 γὰρ
2333 3116 2391 3167 ἒν
2436 3113 2551 3177 τοῖς
2593 3096 2793 3183 ’ἱεροῖς
2846 3109 3203 3180 Εὐαγγελίοις
3250 3108 3389 3179 βοᾷ·
3449 3123 3467 3157 ι
3517 3102 3755 3177 Ἐρρέθη

484 3192 569 3237 est
597 3187 838 3255 antiquis
875 3206 888 3243 :
925 3188 1043 3245 Non
1071 3192 1315 3249 occides.
1347 3193 1472 3266 lEgo
1497 3208 1680 3253 autem
1705 3198 1831 3253 dico
1869 3200 2063 3256 vobis:

2172 3208 2285 3270 τοῖς
2316 3204 2586 3277 ἀρχαίοις,
2641 3202 2719 3260 Οὐ
2775 3201 3094 3277 φονεύσεις·
3144 3198 3256 3268 ἐγὼ
3304 3196 3361 3252 δὲ
3408 3195 3553 3265 λέγω
3606 3196 3757 3266 ὑμῖν,

490 3269 682 3328 Omnis
742 3276 835 3343 qui
888 3286 1092 3334 temere
1144 3281 1405 3338 irascitur
1440 3284 1598 3341 fratri
1632 3302 1755 3352 suo,
1802 3304 1929 3343 rcus
1961 3292 2071 3353 erit

487 3362 700 3432 iudicii.
726 3365 938 3421 Dictum
962 3378 1041 3424 est
1076 3373 1322 3443 antiquis
1387 3392 1402 3428 :
1460 3373 1579 3430 Non
1634 3379 1927 3448 peierabis.
1958 3382 2070 3452 Ego

489 3466 675 3507 autem
727 3454 852 3509 dico
898 3457 1101 3512 vobis:
1159 3460 1236 3515 Ne
1279 3462 1479 3532 juretis
1529 3468 1853 3529 omnino“.
1898 3488 1918 3522 ι
2004 3473 2073 3527 Et

487 3546 594 3599 alia
660 3546 852 3601 horum
914 3550 1113 3606 similia
1177 3557 1514 3622 praescribit,
1573 3560 1658 3616 his
1715 3571 1875 3618 utens
1934 3568 2076 3629 {ver-

489 3638 575 3693 bis
631 3655 646 3693 :
693 3659 711 3692 ι
743 3638 958 3696 Dictum
1001 3654 1085 3699 est
1122 3647 1383 3717 antiquis,
1426 3668 1445 3701 ι
1502 3651 1559 3707 id
1623 3668 1724 3724 ego
1753 3664 1937 3710 autem
1968 3656 2074 3713 hoc

492 3731 668 3785 dico:
715 3734 796 3787 sic
840 3742 1023 3789 autem
1071 3737 1304 3807 impero,
1350 3756 1461 3795 non
1486 3752 1545 3797 ut
1586 3744 1722 3800 latas
1767 3746 1878 3816 jam
1928 3749 2075 3821 leges

493 3835 739 3880 evertam
798 3834 853 3880 et
883 3827 1169 3898 abrogem,
1225 3833 1324 3889 sed
1361 3845 1421 3889 ut
1472 3852 1565 3893 eas
1593 3839 1865 3895 stabiliam
1911 3822 2076 3913 atque

495 3917 837 3987 conﬁrmem,
864 3937 921 3977 et
943 3939 1048 3993 qua
1070 3925 1280 3979 ratione
1301 3927 1654 3985 observandae
1676 3932 1805 3998 sint,
1826 3934 2077 3991 doceam.

496 4006 709 4065 Novum
766 4027 895 4085 ergo
943 4023 1332 4072 testamentum
1386 4021 1574 4077 tribuit
1613 4025 1773 4080 nobis
1811 4025 2078 4083 Dominus

491 4099 788 4170 Christus;
842 4105 935 4175 qui
994 4117 1180 4162 autem
1214 4109 1317 4164 hoc
1362 4113 1577 4179 tribuit,
1636 4114 1683 4170 is
1717 4127 1878 4172 vetus
1909 4120 2075 4175 etiam

476 4194 645 4267 dedit
702 4195 889 4251 lsraeli
945 4208 1075 4268 post
1116 4199 1240 4267 ejus
1267 4202 1649 4259 liberationem
1700 4222 1769 4261 ex
1821 4208 2078 4280 Egypto.

492 4284 596 4349 Qui
653 4301 784 4342 vero
814 4288 955 4345 illud
1011 4290 1187 4358 dedit,
1213 4302 1265 4346 et
1307 4296 1567 4363 populum
1641 4299 1710 4353 ab
1766 4299 2081 4373 {Egyptiaca

480 4377 756 4435 servitute
786 4380 1058 4447 liberavit,
1096 4382 1215 4453 ipse
1236 4385 1494 4442 nimirum
1522 4389 1725 4445 Mosem
1751 4394 1816 4449 ad
1834 4395 2083 4452 Pharao-

494 4488 621 4527 nem
676 4472 853 4541 misit,
921 4474 1039 4545 ipse
1108 4476 1287 4532 dixit:
1334 4478 1503 4535 «Haec
1532 4482 1680 4538 dices
1713 4485 1837 4542 ﬁliis
1863 4486 2027 4544 Israel
2064 4510 2079 4547 :

2177 3292 2737 3366 Πάςὸὀργιζόμενος
2767 3293 2847 3364 τῷ
2895 3292 3110 3362 ἀδελφῷ
3160 3288 3326 3343 αὐτοῦ
3380 3288 3502 3357 εικῆ
3565 3286 3751 3355 ἔνοχος

2177 3388 2331 3443 ἐσται
2362 3390 2428 3459 τῇ
2459 3386 2663 3458 κρίσει.
2703 3382 2938 3456 Ἐρρέθη
2958 3384 3073 3448 τοῖς
3108 3381 3379 3453 ἀρχαίοις,
3413 3380 3530 3431 Οὐκ
3565 3380 3757 3447 ἐπιοροι

2158 3481 2369 3555 (κήσεις
2390 3520 2403 3544 ,
2440 3478 2552 3550 ἐγὼ
2580 3478 2637 3532 δὲ
2676 3477 2821 3546 λέγω
2878 3477 3028 3553 ὑμῖν,
3065 3475 3141 3545 μὴ
3174 3474 3372 3543 ὀμόσαι
3404 3471 3563 3530 ὅλως.
3599 3487 3617 3519 ι
3650 3469 3760 3520 Καὶ

2155 3571 2348 3641 ’τᾶλλα
2395 3571 2450 3623 δὲ
2509 3568 2715 3640 ὁμοίως
2772 3566 3012 3638 τίθησιν,
3063 3567 3145 3620 ὄτι
3210 3563 3415 3636 ἐρρέθη
3480 3562 3578 3629 μὲν
3618 3560 3761 3625 τόδε,

2183 3664 2298 3734 ἐγὼ
2332 3664 2387 3717 δὲ
2413 3663 2571 3717 τοῦτο
2590 3659 2815 3715 τοιῶσδε
2848 3657 3151 3730 νομοθετῶ,
3190 3658 3291 3740 οὐκ
3318 3653 3650 3725 ἀνατρέπων
3669 3655 3763 3707 τὸν

2179 3759 2435 3830 κείμενον
2470 3756 2657 3826 νόμον,
2700 3753 2816 3808 ἀλλ’
2849 3751 3253 3823 ἀκριὸεστέραν
3317 3748 3417 3817 τὴν
3480 3746 3766 3801 νουθεσίαν

2181 3850 2376 3915 ποιῶν,
2402 3830 2624 3918 καὶτῆς
2655 3843 2905 3916 φυλακῆς
2951 3842 3041 3897 τὸν
3075 3841 3276 3915 τρόπον
3327 3840 3614 3894 διδάσκων.
3650 3838 3767 3909 Τὴν

2182 3945 2312 3999 νέαν
2344 3942 2545 4015 τοίνυν,
2565 3941 2698 4012 ἡμῖν
2722 3938 3004 4010 Διαθήκην
3034 3937 3062 3990 6
3091 3935 3371 4009 Δεσπότης
3398 3933 3599 3987 δέδωκε
3627 3934 3769 4004 Χρι-

2156 4034 2333 4097 στός.
2376 4030 2438 4088 Ὀ
2465 4031 2523 4087 δὲ
2573 4029 2783 4100 ταύτην
2806 4025 3199 4101 παρεσχηκὼς,
3244 4025 3339 4080 καὶ
3381 4025 3497 4101 τὴν
3525 4023 3769 4077 παλαιὰν

2188 4125 2331 4197 μετά
2390 4125 2493 4195 τὴν
2555 4124 2655 4195 τῆς
2717 4121 3002 4190 Αἰγύπτου
3073 4116 3396 4189 ἀπαλλαγὴν
3444 4115 3644 4189 δέδωκε
3689 4114 3770 4182 τῷ

2194 4220 2440 4292 Ἰσραήλ.
2476 4220 2537 4273 '0
2559 4217 2810 4279 δεδωκὼς
2840 4214 2895 4269 δὲ
2920 4214 3160 4281 ἐκείνην,
3194 4212 3289 4265 καὶ
3333 4213 3435 4281 τῆς
3465 4209 3771 4277 Αἰγυπτια-

2185 4302 2293 4385 κῆς
2322 4310 2641 4376 ἀπαλλάξας
2666 4307 2937 4375 δουλείας,
2997 4306 3163 4368 αὐτὸς
3192 4302 3486 4356 ἀπέστειλε
3516 4299 3769 4369 δηλονότι

2189 4405 2325 4476 πρὸς
2347 4403 2548 4473 Φαραὼ
2576 4400 2666 4467 τον
2700 4396 2942 4453 Μωῦσὲα
2967 4411 2981 4425 ⁶
3012 4394 3176 4458 αὐτὸς
3205 4387 3353 4458 εἷπε,
3393 4409 3412 4443 ι
3450 4390 3587 4444 Τάδε
3622 4390 3773 4458 ἐρεῖς

2187 4499 2298 4560 τοῖς
2332 4496 2467 4563 υἱοῖς
2483 4490 2721 4563 Ἰσραὴλ,
2766 4488 2828 4545 '0
2850 4488 2926 4541 ὢν
2953 4485 3266 4540 ἀπέσταλκε
3302 4501 3371 4555 με
3401 4482 3537 4555 πρὸς
3563 4481 3730 4555 ὑμᾶς.
3748 4499 3767 4532 ι

496 4564 598 4630 Qui
630 4574 732 4630 est,
758 4566 904 4621 misit
932 4582 1017 4621 me
1038 4567 1107 4622 ad
1133 4584 1249 4624 vos.
1275 4586 1293 4621 ι
1330 4569 1445 4627 Ηοο
1491 4584 1672 4630 autem
1704 4587 1759 4633 et
1781 4579 1905 4635 alibi
1923 4582 2067 4639 Jcre-

2185 4586 2357 4641 Τοῦτο
2396 4585 2453 4639 δὲ
2501 4582 2594 4638 καὶ
2638 4581 2867 4653 ἑτέρωθι
2909 4578 3184 4649 Ἱερεμίας
3209 4577 3238 4629 6
3282 4574 3571 4645 προφήτης
3600 4570 3775 4639 σαφὲς
3862 4638 3869 4641 _

500 4658 637 4710 mias
708 4658 932 4727 planum
988 4657 1168 4714 facit:
1248 4660 1417 4729 «Hic,
1477 4683 1496 4717 ι
1553 4666 1830 4737 inquiens,
1887 4674 2077 4731 «Deus

498 4758 709 4810 noster,
745 4758 799 4803 et
836 4764 947 4803 non
987 4753 1396 4821 comparabitur
1437 4756 1574 4812 alter
1641 4775 1764 4825 cum
1795 4778 1883 4820 eo.
1918 4765 2078 4821 Inve-

480 4840 578 4907 nit
629 4856 848 4895 onmem
880 4843 1022 4896 viam
1076 4844 1344 4911 scientiae,
1387 4858 1441 4903 et
1495 4850 1646 4907 dedit
1696 4854 1844 4909 illam
1911 4855 2078 4913 Jacob

499 4948 670 5001 puero
698 4948 819 4996 suo,
853 4945 909 4990 et
938 4936 1354 4996 Israeiidilecto
1385 4957 1505 4998 suo.
1540 4945 1671 5002 Post
1696 4947 1813 5003 haec
1837 4950 1894 5004 in
1926 4959 2072 5007 terra

501 5024 654 5078 visus
678 5034 783 5089 est,
808 5035 865 5081 et
896 5041 1022 5083 cum
1069 5030 1384 5090 hominibus
1411 5048 1769 5096 conversatus
1791 5041 1859 5098 “.
1903 5060 1923 5095 ι

570 5232 653 5285 Ab
684 5245 750 5285 eo
804 5231 950 5302 quod
980 5237 1254 5303 posterius
1287 5249 1375 5297 est
1402 5240 1755 5312 incipientes,
1790 5247 2077 5317 propheti-

504 5338 628 5378 cum
663 5340 887 5381 sensum
937 5328 1406 5402 investigabimus.
1474 5335 1678 5405 Ecquis
1727 5337 1837 5405 ille,
1899 5343 2075 5412 quiin

504 5424 647 5471 terra
717 5418 867 5473 visus
916 5428 1020 5482 est,
1080 5432 1287 5475 etcum
1324 5423 1639 5483 hominibus
1680 5439 1765 5484 est
1795 5435 2083 5491 versatus?

506 5508 649 5563 Deus
711 5510 956 5579 profecto
997 5510 1259 5579 Verbum,
1304 5521 1365 5569 ut
1432 5518 1687 5575 omnibus
1730 5535 1914 5581 mente
1959 5529 2083 5599 qui-

502 5604 624 5658 dem
645 5603 883 5672 przeditis
900 5614 1064 5670 natet,
1091 5605 1189 5679 qui
1207 5614 1720 5678 naturamnostram
1744 5621 2073 5690 assumpsit,

2183 4681 2347 4735 ποιεῖ.
2387 4673 2587 4741 (Οὗτος
2612 4677 2778 4746 γὰρ,›
2817 4671 2954 4743 φησὶ
2967 4689 3007 4735 ι,
3056 4688 3075 4723 ι
3096 4672 3123 4723 6
3151 4669 3284 4731 Θεὸς
3313 4666 3495 4737 ἡμῶν,
3521 4666 3582 4717 ού
3619 4664 3772 4730 λογι-

2182 4773 2445 4844 σθήσεται
2479 4771 2669 4841 ἕτερος
2704 4767 2841 4839 πρὸς
2900 4766 3088 4820 αὐτόν.
3157 4761 3375 4831 Ἐξεῦρε
3418 4759 3599 4812 πᾶσαν
3652 4755 3772 4808 ὁδὸν

2189 4865 2532 4934 ἐπιστήμης,
2577 4863 2675 4915 καὶ
2728 4861 2927 4917 ἔδωκεν
2988 4856 3163 4926 αὐτὴν
3230 4850 3427 4906 Ἰακὼὸ
3476 4849 3557 4917 τῷ
3615 4845 3773 4900 παιδὶ

2164 4955 2378 5020 αὐτοῦ,
2433 4955 2529 5008 καὶ
2593 4951 2812 5024 Ἰσραήλ
2881 4950 2962 5020 τῷ
3023 4945 3369 5019 ἠγαπημένῳ
3422 4940 3543 5013 ὑπ’¹
3577 4934 3768 4991 αὐτοῦ.

2188 5049 2347 5106 Μετὰ
2378 5045 2557 5102 ταῦτα
2578 5046 2674 5099 ἐπὶ
2698 5043 2799 5114 τῆς
2826 5043 2928 5115 γῆς
2962 5040 3145 5112 ὤφθη,
3171 5038 3266 5094 καὶ
3310 5039 3424 5100 τοῖς
3450 5032 3765 5105 ἀνθρώποις

2189 5137 2626 5210 συνανεστράφη.
2638 5136 2650 5148 ’
2661 5155 2680 5189 ι
3460 5194 3463 5197 μ

2260 5230 2519 5286 Κάτωθεν
2544 5228 2722 5282 τοίνυν
2748 5224 3045 5297 ἀρξάμενοι
3072 5221 3171 5293 τὴν
3230 5218 3575 5292 προφητικὴν
3600 5215 3776 5269 ἔννοι-

2188 5340 2254 5379 αν
2300 5323 2704 5393 έρευνήσωμεν.
2765 5318 2862 5381 Τίς
2908 5319 2938 5370 6
2997 5314 3092 5368 ἐπὶ
3144 5314 3244 5384 τῆς
3276 5312 3381 5381 γῆς
3417 5309 3628 5379 ὀφθεὶς,
3679 5308 3775 5361 κει.)⁵

2162 5418 2304 5480 γτοῖς
2361 5414 2672 5485 ἀνθρώποις
2719 5405 3237 5479 συναναστραφείςς
3286 5404 3524 5473 Εὔδηλον
3581 5403 3771 5474 πᾷσιν,

2189 5509 2264 5574 ὡς
2325 5504 2506 5579 οἶμαι,
2543 5509 2657 5570 τοῖς
2701 5521 2768 5573 γε
2846 5500 2972 5556 νοῦν
3028 5498 3245 5570 ἔχουσιν
3302 5498 3329 5549 6
3389 5495 3521 5557 Θεὸς
3580 5494 3774 5559 Λόγος,

2186 5600 2285 5671 τὴν
2347 5597 2625 5670 ἡμετέραν
2683 5595 2845 5665 φύσιν
2894 5589 3206 5654 ἀναλαϐὼν,
3264 5587 3292 5638 ὁ
3351 5586 3429 5655 μὴ
3482 5582 3779 5681 ἁρπαγμὸν

580 5777 979 5861 'Liiebptzfi,
1056 5784 1103 5815 ιο
1130 5785 1328 5861 enim}.
1360 5802 1423 5857 ιι,
1454 5788 1508 5844 6.
1585 5788 1631 5821 ³·
1658 5791 1773 5850 Col.
1803 5808 1838 5861 ι,
1870 5794 1955 5850 15.
2033 5796 2067 5829 οι

2168 5793 2267 5851 ιοά.
2297 5809 2376 5860 ιιι,
2407 5791 2489 5847 II.
2551 5790 2593 5822 “
2622 5787 2758 5845 Ibid.
2793 5785 2879 5842 I5.
2942 5786 2985 5820 θ’
3014 5782 3130 5840 Jer.
3160 5792 3308 5841 xm,
3336 5775 3428 5833 3i.
3502 5775 3549 5807 "
3583 5772 3777 5829 Matth.

506 5867 563 5917 ν,
598 5850 683 5906 12.
761 5852 805 5885 ⁸⁵
864 5852 988 5913 Bar.
1021 5870 1102 5921 III,
1139 5850 1329 5914 56-58.
