4094 6286
277 404 350 468 93
1272 405 1645 467 PANOPLIA
1683 407 2145 467 DUGMA'I‘ICA.
2186 433 2252 444 -
2292 412 2443 472 Tl'l‘.
2483 414 2566 475 ΙΙ.
2852 426 2862 433 ’
3474 417 3544 479 9i

279 513 639 586 ἡγησάμενος
700 515 762 569 τὸ
820 509 961 569 εἶναι
1009 516 1101 569 ἴσα
1126 514 1270 584 Θεῷ,
1320 514 1436 570 ἀλλ’
1468 514 1665 569 ἐαυτὸν
1702 513 1896 576 κενὼτ

1920 519 1941 575 l
1977 536 1994 570 ι
2018 535 2120 575 nec
2149 523 2390 591 rapinam
2419 525 2822 583 arbitratusvest
2844 541 2964 582 esse
3009 541 3067 583 se
3113 528 3373 598 aequalem
3403 529 3537 595 Deo,

280 622 406 670 σας,
453 609 557 686 ,καὶ
647 608 861 678 μορφὴν
918 606 1104 661 δούλου
1162 606 1367 660 λαϐών.
1431 601 1600 669 Οὗτος
1679 604 1859 660 τοίνυν

1966 613 2059 668 sed
2087 614 2325 684 seipsum
2377 619 2698 684 exinanivit,
2728 618 2957 673 formam
2994 620 3138 674 servi
3195 620 3526 689 accipiens.»

278 699 380 763 τὴν
410 697 531 751 ὁδὸν
562 698 661 769 τῆς
715 700 1027 769 ἐπιστήμης
1064 699 1263 753 ἔδωκεν
1332 695 1526 752 Ἰακὼό
1574 695 1655 768 τῷ
1710 698 1862 751 παιδὶ

1965 705 2066 762 Hic
2094 707 2281 777 utique
2302 711 2445 764 viam
2471 711 2712 765 scientia:
2752 710 3148 766 demonstravit
3173 709 3346 765 Iacob
3373 726 3543 781 puero

276 788 471 854 αὐτοῦ,
520 790 614 843 καὶ
695 790 906 862 Ἰσραὴλ
950 790 1029 861 τῷ
1106 789 1447 861 ἠγαπημένῳ
1525 788 1616 841 ὑπ’
1672 788 1860 855 αὐτοῦ,

1966 814 2090 863 suo,
2122 809 2176 854 et
2228 799 2411 855 lsraeli
2464 803 2665 858 dilecto
2715 818 2837 869 suo,
2907 802 3038 857 dum
3107 803 3384 872 antiquam
3443 817 3544 872 per

274 878 373 931 r0v
430 879 657 934 παλαιὸν
689 879 1040 951 διαγορεύσας
1066 884 1123 934 ἐν
1154 884 1218 951 τῇ
1247 883 1439 951 ἐρήμῳ
1461 880 1550 932 διὰ
1583 880 1861 943 Μωῡσέως

1967 891 2169 947 Moscm
2197 894 2248 946 in
2276 894 2572 949 solitudine
2598 896 2772 965 legem
2802 895 2942 948 tulit.
2971 894 3042 948 At
3078 894 3222 948 illam
3255 894 3347 963 qui
3389 894 3533 954 tulit.

278 969 464 1036 νόμον.
504 971 560 1043 '_O
587 973 642 1024 δὲ
678 975 884 1056 ἐκεῖνον
915 971 1165 1035 δεδωκὼς
1207 971 1301 1024 τὸν
1341 973 1505 1042 νόμον
1530 971 1607 1043 τῷ
1649 972 1861 1043 Μωῦσῇ

1965 982 2109 1036 idem
2166 983 2300 1038 Mosi
2342 985 2613 1054 loquens:
2646 1004 2667 1037 ι
2708 985 2854 1049 liazc,
2890 1005 2907 1037 ι
2951 985 3149 1055 inquit,
3225 1005 3243 1037 ι
3285 986 3434 1041 dices
3478 985 3544 1039 ﬁ-

282 1063 678 1131 διαλεγόμενος
717 1066 845 1132 ἐφηο
886 1082 904 1115 ι
936 1064 1073 1116 Τάδε
1116 1066 1266 1135 ἐρεῖς
1295 1066 1408 1127 τοῖς
1432 1064 1569 1127 υίοϊς
1614 1062 1861 1133 Ἰσραὴλ,

1966 1072 2057 1128 liis
2091 1075 2252 1129 Israel
2279 1093 2292 1130 :
2323 1076 2425 1141 Qui
2459 1086 2562 1136 est.
2597 1078 2743 1131 misit
2777 1092 2863 1132 me
2896 1078 2961 1132 ad
2998 1092 3114 1132 vos.
3152 1095 3171 1129 ι
3200 1076 3437 1132 Proinde
3470 1078 3548 1132 sic

291 1152 353 1204 '0
395 1154 471 1206 ὣν
508 1155 823 1207 ἀπέσταλκε
876 1170 943 1224 με
996 1155 1132 1225 πρὸς
1165 1156 1330 1225 ὑμᾶς.
1371 1173 1392 1208 ι
1423 1155 1517 1209 Διὸ
1540 1153 1641 1207 καλ⁵
1668 1156 1695 1208 ὁ
1731 1170 1865 1222 προ-

1966 1167 2130 1222 etiam
2198 1169 2470 1223 clamabat
2528 1169 2794 1239 proiihcta
2830 1188 2842 1223 :
2890 1188 2909 1221 ι
2944 1168 3043 1223 Hic
3072 1169 3216 1223 Deus
3247 1175 3459 1233 noster,
3494 1178 3550 1222 et

279 1247 457 1316 rpifrq;
491 1246 643 1300 ἐϐόα·
678 1263 697 1298 ι
730 1240 900 1310 Οὗτος
922 1246 950 1298 ὁ
984 1245 1117 1310 Θεὸς
1139 1246 1298 1316 ἡμῶν
1332 1262 1348 1278 ο
1384 1246 1448 1299 οὐ
1477 1245 1865 1315 λογισθήσεται

1966 1274 2075 1313 non
2104 1259 2510 1329 comparabitur
2538 1260 2678 1314 alter
2708 1276 2835 1315 cum
2866 1260 2979 1315 illo.
3026 1279 3046 1312 ι
3075 1258 3289 1326 Quibus
3352 1258 3542 1315 verbis

279 1339 469 1409 ἕτερος
510 1339 648 1409 πρὸς
681 1337 867 1403 αὐτὸν,
901 1354 922 1388 ι
961 1338 1258 1409 μαρτυρῶν
1292 1337 1443 1408 αὐτῷ
1487 1338 1547 1391 οὑ
1591 1338 1654 1391 τὸ
1700 1337 1863 1391 ἐλατ-

1970 1364 2098 1405 cum
2143 1365 2265 1405 esse
2312 1352 2472 1405 talem
2534 1360 2800 1418 testatur,
2845 1367 2956 1406 non
3040 1352 3136 1419 qui
3199 1352 3381 1405 minor
3444 1352 3548 1416 sit,

277 1447 393 1497 τον,
431 1429 569 1483 ἀλλὰ
603 1430 663 1482 τὸ
725 1428 1081 1498 ἀσύγκριτον.
1151 1429 1348 1500 Ὁρᾶτε
1403 1428 1521 1492 πῶς
1550 1429 1699 1485 ἔοικε
1747 1432 1861 1491 τοῖς

1969 1440 2064 1495 sed
2144 1443 2233 1496 cui
2300 1442 2483 1498 nullus
2538 1442 3173 1516 gomparetur.Cernitis
3210 1482 3225 1507 ,
3278 1442 3551 1512 quomodo

280 1519 660 1588 εὖαγγελικοῖς
687 1519 985 1587 διδάγμασι
1011 1518 1078 1573 τὰ
1114 1518 1437 1589 προφητικά
1466 1519 1807 1589 κηρύγματα
1838 1536 1855 1586 ;

1965 1531 2293 1599 evangelica:
2341 1532 2601 1587 doctrinae
2658 1541 2964 1604 congruant
3024 1527 3344 1602 prophetica
3399 1531 3557 1584 testi-

281 1611 528 1681 Μωῦσῆς
587 1612 850 1681 κηρύττει
903 1611 966 1664 τὸ
1000 1609 1097 1676 ὢν,
1128 1611 1330 1680 μᾶλλον
1360 1610 1416 1663 δὲ
1475 1611 1637 1674 αὐτὸς
1670 1614 1696 1664 0
1729 1611 1863 1673 Θεὸς

1964 1622 2147 1676 monia
2183 1619 2206 1673 ?
2236 1620 2412 1676 Moses
2442 1622 2697 1692 praedicat
2726 1639 2744 1678 :
2793 1641 2812 1672 ‹
2858 1622 2964 1688 Qui
3007 1629 3144 1676 est»
3177 1619 3292 1675 [mo
3322 1634 3451 1673 vero
3474 1619 3555 1689 ip-

283 1702 461 1769 Λόγος
514 1702 644 1772 περὶ
680 1702 847 1756 αὑτοῦ
899 1702 1048 1770 λέγει
1082 1703 1143 1757 τὸ
1168 1701 1264 1757 ὧν.
1304 1703 1640 1772 Προστίθησι
1677 1703 1735 1757 δὲ
1767 1704 1864 1756 καὶ

1964 1726 2024 1767 se
2052 1713 2202 1767 Deus
2233 1713 2470 1768 Verbum
2525 1716 2593 1769 de
2624 1730 2683 1769 se
2716 1716 2832 1784 ipso
2866 1715 2999 1770 dicit
3026 1732 3039 1768 :
3065 1712 3167 1779 Qui
3197 1722 3299 1768 est.
3354 1711 3555 1764 Paulus

282 1794 344 1843 τὸ
376 1792 640 1862 ὑπάρχων
665 1795 865 1847 ταυτὸν
889 1794 1192 1863 δυνάμενον
1224 1793 1302 1864 τῷ
1331 1792 1435 1849 ὥν.
1468 1794 1638 1861 Λέγει
1670 1797 1764 1848 καὶ
1801 1796 1862 1846 τὸ
1896 1856 1899 1873 η

1966 1818 2111 1868 sape
2136 1805 2267 1858 dicit
2305 1805 2435 1859 illud
2467 1821 2484 1860 ι
2520 1804 2616 1872 ὢν,
2646 1821 2842 1874 nempe
2868 1806 2961 1875 qui
3018 1815 3124 1860 est.
3160 1805 3326 1860 Addit
3388 1804 3554 1857 etiam

283 1883 434 1936 ἐστιν
469 1885 825 1953 ἰσοδυναμοῦν
860 1886 1090 1949 ἐκείνοις
1112 1887 1255 1939 κατὰ
1277 1886 1377 1955 τὴν
1395 1885 1628 1939 ἐννοιαν.
1669 1885 1853 1939 Ὠσαύα
1896 1856 1900 1912 Ῑ

1969 1855 2104 1950 illud
2141 1914 2155 1949 :
2187 1855 2484 1967 ὑπάρχω),
2505 1855 2840 1967 αλιυδ-ξάεέ
2863 1855 3451 1952 ἶξιξειῘῦῑεὲί-έιιειη

282 1992 390 2037 τως
418 1976 472 2028 δὲ
497 1977 591 2028 καὶ
637 1977 893 2046 Ἰωάννης
920 1980 947 2030 0
975 1978 1237 2045 Θεολόγος
1294 1976 1565 2046 πολλαχοῦ
1600 1978 1660 2030 τὸ
1693 1976 1770 2030 ὢν
1800 1980 1865 2048 τῇ

1970 1988 2060 2045 lud
2087 2005 2101 2043 :
2133 1988 2271 2052 ἔστι,
2302 1989 2446 2057 quod
2479 1991 2859 2059 superioribus
2878 1990 3105 2045 vocibus
3122 1989 3389 2058 aequalem
3438 1988 3551 2042 vim

282 2069 394 2123 τῶν
427 2070 775 2138 Εὑαγγελίων
804 2144 813 2163 Ι
838 2069 1115 2140 ἐνσπείρει
1152 2072 1530 2141 πραγματείᾳ.
1571 2072 1683 2124 Καὶ
1736 2071 1867 2131 αὐτὸ

1982 2078 2173 2133 habet.
2208 2078 2439 2133 Easdem
2474 2095 2636 2134 voces
2661 2080 2900 2136 Joannes
2957 2080 3046 2134 ille
3069 2079 3382 2148 Theologus
3427 2092 3552 2131 cum

284 2159 426 2213 δὲτὸ
463 2161 757 2232 προοίμιον
788 2159 1015 2223 ταύταις
1052 2164 1171 2224 ταῖς
1202 2163 1409 2229 φωναῖς
1455 2162 1709 2230 ὰγλαῖζει
1763 2162 1863 2230 οὐχ

1971 2164 2175 2233 spargit
2202 2175 2365 2233 atque
2398 2166 2720 2222 disseminat
2758 2168 2811 2221 in
2855 2178 2966 2222 tota
3018 2166 3441 2237 Evangeliorum
3476 2165 3561 2218 lii.

291 2253 464 2317 ἅπαξ,
498 2254 620 2307 οὐδὲ
648 2254 750 2318 δὶς,
784 2254 905 2308 οὐδὲ
934 2256 1076 2326 τρὶς,
1106 2254 1243 2307 ἀλλὰ
1271 2254 1530 2317 πολλάκις
1560 2255 1867 2322 ἁνακηρύτυ

1972 2257 2157 2318 Storia,
2232 2267 2343 2311 tum
2405 2262 2582 2328 ipsum
2645 2261 2972 2328 prommium
3051 2259 3157 2312 illis
3215 2256 3559 2327 potissimum

284 2360 397 2396 των
436 2343 498 2396 τὸ
531 2340 619 2414 ἦν.
656 2363 674 2396 ι
718 2344 805 2398 Ἐν
854 2345 996 2415 ἀρχῇ
1028 2346 1169 2419 γὰρ,
1216 2346 1399 2413 φησὶν,
1431 2342 1520 2415 ἦν.
1556 2344 1668 2399 Καὶ
1714 2346 1742 2396 0
1770 2347 1871 2396 A0-

1974 2346 2227 2409 illustrat.
2259 2348 2442 2417 Neque
2468 2350 2614 2403 enim
2641 2352 2834 2411 semel,
2865 2358 2960 2403 aut
2980 2349 3086 2414 bis,
3144 2357 3239 2402 aut
3301 2357 3406 2413 ter,
3461 2348 3557 2401 sed

286 2452 384 2501 γος
438 2432 508 2505 ἦν
566 2436 699 2506 πρὸς
756 2437 846 2490 τὸν
895 2437 1050 2501 Θεὸν,
1111 2439 1206 2489 καὶ
1255 2436 1390 2498 Θεὸς
1439 2433 1508 2502 ἦν
1560 2437 1807 2503 ὁΛόγος.
1849 2456 1868 2488 ι

1976 2439 2173 2506 sapius
2224 2441 2542 2507 pret-untiat
2590 2441 2719 2496 illud
2770 2458 2787 2496 :
2836 2451 3029 2506 eratpr
3084 2439 3143 2493 In
3198 2439 3494 2509 principio,
3532 2454 3551 2487 ι

294 2528 637 2599 Πιστεύομεν
710 2529 802 2581 καὶ
861 2531 940 2593 είς
1001 2528 1061 2580 τὸ
1134 2527 1356 2597 Πνεῦμα
1413 2528 1475 2581 τὸ
1552 2527 1730 2595 ἅγιον,
1813 2529 1875 2585 τὸ

1978 2530 2254 2600 inquiens,
2311 2552 2329 2586 ι
2361 2544 2480 2587 erat
2529 2533 2803 2597 Verbum,
2867 2542 2927 2589 et
2958 2533 3198 2588 Verbum
3245 2541 3365 2586 erat
3401 2528 3546 2598 apud

286 2617 468 2682 εὐθές,
489 2617 548 2671 τὸ
566 2620 910 2688 ἡγεμονικὸν,
926 2619 984 2673 τὸ
996 2619 1223 2686 ἀγαθὸν,
1247 2617 1308 2671 τὸ
1331 2619 1705 2689 παράκλητον,
1732 2617 1876 2670 τὸέκ

1980 2622 2175 2686 Deum,
2220 2634 2274 2677 et
2319 2626 2464 2678 Deus
2497 2637 2617 2679 erat
2649 2624 2911 2685 Verbum.
2953 2625 3059 2678 hoc
3092 2632 3213 2677 erat
3270 2621 3324 2674 in
3352 2620 3561 2689 princi-

288 2710 427 2762 Θεοῦ
449 2710 735 2780 προελθὸν,
759 2711 818 2762 ού
842 2711 1119 2782 γεννηθέν·
1147 2706 1227 2773 εἷς
1270 2710 1380 2779 γὰρ
1415 2708 1877 2780 μονογενήνςυοῠτε

1979 2714 2070 2783 pio
2102 2716 2245 2784 apud
2278 2716 2472 2771 Deum.
2503 2736 2520 2768 ι
2543 2717 2829 2773 Credimus
2853 2717 2988 2770 etin
3012 2713 3277 2784 Spiritum
3313 2720 3563 2767 sanctum

292 2801 407 2871 μὴν
458 2799 708 2854 κτισθὲν.
752 2800 1007 2870 Οὑδαμοῦ
1060 2800 1179 2883 γὰρ,
1228 2800 1556 2870 εὑρίσκομεν
1580 2802 1638 2852 ἐν
1663 2803 1728 2871 τῇ
1758 2798 1877 2869 θεία

1986 2807 2138 2864 illum
2169 2818 2401 2868 rectum,
2431 2808 2756 2875 principem,
2786 2808 3014 2870 bonum,
3052 2804 3476 2865 consolatorem,
3498 2815 3566 2854 ex

293 2892 490 2962 Γραφῇ
526 2894 595 2963 τῇ
624 2892 799 2945 κτίσει
830 2892 1359 2963 συναριθμούμενον,
1390 2892 1529 2946 ἀλλὰ
1568 2893 1747 2961 Πατρὶ
1775 2893 1874 2944 καὶ

1980 2893 2093 2949 Deo
2126 2896 2539 2962 procedentem.
2574 2910 2687 2951 non
2749 2896 2993 2966 genitum
3032 2911 3046 2948 :
3082 2908 3225 2948 unus
3275 2891 3425 2945 enim
3482 2898 3568 2943 est

293 2982 410 3055 Υίῷ
438 2985 887 3055 συνταττόμενον.
944 2974 1410 3056 Ἐκπορευόμενον
1444 2984 1501 3038 δὲ
1521 2984 1653 3037 αὐτὸ
1691 2987 1755 3037 ἐκ
1783 2983 1879 3036 τοῦ

1986 2983 2336 3055 Unigenitus.
2358 2986 2477 3041 Non
2507 2995 2772 3051 creatura,
2809 3001 3082 3055 nusquam
3116 2984 3267 3039 enim
3300 2983 3353 3036 in
3420 2980 3567 3035 divi-

299 3077 512 3147 Πατρὸς
546 3076 890 3148 ἠκούσαμεν,
929 3079 1026 3131 καὶ
1047 3079 1108 3131 ού
1142 3077 1709 3146 πολυπραγμονοῦμεν
1760 3077 1877 3140 πῶς

1992 3092 2064 3129 na
2095 3078 2376 3145 Scriptura
2405 3077 2734 3142 invenimus,
2772 3093 2897 3139 eum
2926 3078 2980 3130 in
3016 3090 3203 3130 rerum
3254 3082 3568 3127 creatarun

294 3172 685 3239 ἐκπορεύεται,
755 3170 893 3223 ἀλλὰ
927 3170 1227 3240 στέργομεν
1285 3171 1401 3231 τοῖς
1456 3169 1701 3222 τεθεῖσιν
1751 3170 1911 3240 ἠμίνη

1947 3184 2217 3246 ιιιιιιιιειςο
2271 3169 2527 3238 positum,
2571 3170 2668 3223 sed
2698 3170 2892 3223 ordine
2916 3183 3040 3223 cum
3099 3168 3259 3221 Patre
3307 3174 3363 3219 ct
3426 3163 3564 3217 Filio

294 3260 449 3331 ὅροις
470 3261 576 3313 ὑπὸ
601 3260 709 3314 τῶν
735 3261 1003 3329 θεολόγων
1037 3264 1131 3314 καὶ
1166 3261 1455 3330 μακαρίων
1489 3256 1723 3327 ἀνδρῶν.

1991 3263 2375 3315 constitutum.
2404 3263 2724 3318 Audivimus
2754 3263 2885 3317 item
2906 3262 3058 3316 illum
3092 3280 3121 3325 a
3154 3261 3315 3313 Patre
3371 3269 3566 3327 procc-

293 3355 448 3409 dere.
495 3354 781 3421 Quomodo
850 3363 1031 3408 autem
1094 3351 1370 3422 procedat,
1432 3351 1707 3404 curiosius
1765 3353 2081 3423 vestigando
2156 3372 2263 3407 non
2334 3357 2661 3409 laboramus.
2729 3354 2837 3409 Sed
2896 3355 3039 3407 intra
3111 3352 3375 3407 terminos
3413 3345 3577 3413 nobis

297 3451 586 3517 theologis,
621 3460 677 3505 et
700 3449 880 3505 beatis
923 3448 1056 3503 viris
1086 3444 1433 3518 praescriptos
1464 3446 1886 3514 acquiescimus.

386 3544 782 3615 Ἐδιδάχθημεν
834 3543 942 3614 γὰρ
972 3544 1068 3596 καὶ
1102 3542 1193 3596 ὑπ’
1248 3541 1416 3596 αὐτοῦ
1474 3542 1571 3596 τοῦ
1622 3544 1885 3612 Σωτῆρος

2064 3545 2206 3610 Quin
2294 3544 2454 3597 etiam
2516 3543 2585 3597 ab
2654 3543 2774 3612 ipso
2835 3544 3126 3598 Servatore
3193 3555 3380 3601 nostro
3445 3545 3578 3600 Jesu

301 3642 464 3714 ἡμῶν
507 3637 682 3708 Ἰησοῦ
704 3634 943 3705 Χριστοῦ
968 3634 1067 3705 τῆς
1087 3635 1316 3705 Τριάδος
1349 3635 1806 3706 συμπληρωτικὸν
1825 3637 1886 3688 τὸ

2017 3635 2213 3691 lbristo
2233 3635 2546 3700 didicimus,
2588 3650 2618 3689 a
2647 3644 2837 3689 sancto
2874 3633 3081 3705 Spiritu
3120 3636 3445 3691 Trinitatem
3477 3649 3578 3690 ex-
3623 3664 3634 3674 ι

306 3733 538 3803 Πνεῦμα
556 3731 617 3784 τὸ
651 3729 830 3796 ἅγιον.
866 3749 885 3780 ι
926 3728 1293 3800 Πορευθέντες
1327 3730 1486 3798 γὰρ,»
1520 3729 1678 3799 φησι,
1712 3747 1730 3779 ι
1779 3746 1887 3798 μα-

1991 3729 2149 3799 pleri.
2179 3728 2436 3791 clientes,
2470 3727 2662 3795 inquit.
2682 3726 2878 3781 docete
2908 3741 3103 3781 omnes
3156 3738 3367 3796 gentes,
3397 3728 3576 3796 bapti-

306 3824 614 3896 θητεύσατε
650 3821 829 3874 πάντα
856 3818 926 3872 τά
958 3818 1111 3887 ἐθνη,
1141 3818 1500 3887 βαπτίζοντες
1568 3819 1767 3881 αὐτοὺς
1804 3820 1881 3881 εἰς

1991 3827 2178 3875 rantes
2206 3834 2301 3873 eos
2322 3819 2374 3872 iu
2402 3819 2623 3873 nomine
2646 3817 2843 3882 Patris,
2871 3828 2926 3872 et
2954 3816 3095 3883 Filii,
3117 3828 3171 3873 et
3190 3817 3430 3888 Spiritus
3454 3833 3582 3871 san-

304 3919 373 3971 r0
398 3917 570 3985 δνομα
621 3911 717 3966 τοῦ
752 3910 967 3981 Πατρὸς
1015 3912 1112 3963 καὶ
1147 3910 1242 3963 τοῦ
1294 3910 1426 3964 Υἱοῦ
1453 3910 1663 3963 καὶτοῦ
1723 3908 1880 3976 ἁγίου

1993 3912 2151 3967 eti“.
2184 3930 2203 3963 ι
2234 3909 2339 3976 Qui
2371 3926 2494 3964 cum
2520 3911 2677 3964 Patre
2709 3920 2764 3964 et
2782 3910 3376 3973 Filioconnumeratur,
3402 3910 3447 3963 is
3473 3911 3582 3962 uti-

308 4005 647 4075 Πνεύματος.
701 4019 719 4052 ι
765 4000 857 4071 Τῷ
898 4001 1072 4070 Πατρὶ
1135 4002 1229 4052 καὶ
1282 3999 1397 4068 Υίῷ
1442 3998 1890 4067 συναριθμούμε-

1996 4017 2104 4071 que
2136 4002 2295 4055 rebus
2324 4002 2528 4055 creatis
2565 4001 2828 4055 omnibus
2861 4001 3180 4055 antecessit.
3216 4000 3578 4065 Quamobrem

310 4113 407 4149 νον
453 4094 553 4158 τῆς
586 4093 818 4150 κτίσεως
845 4090 1063 4159 ἁπάσης
1085 4088 1235 4141 ἐστὶν
1265 4087 1569 4158 ὑπέρτερον
1602 4100 1618 4116 ·
1657 4087 1737 4140 διὸ
1801 4088 1894 4138 καὶ

1964 4116 1965 4119 η
1999 4094 2201 4149 Paulus
2229 4092 2393 4147 etiam
2427 4094 2481 4146 in
2511 4107 2578 4146 eo
2612 4100 2931 4147 constanter
2963 4100 3169 4156 manet,
3209 4101 3269 4144 ut
3310 4089 3575 4160 Spiritum

310 4188 341 4239 0
414 4185 681 4255 μακάριος
728 4179 941 4243 Παῦλος
997 4179 1136 4248 μετὰ
1194 4177 1407 4247 Πατρὸς
1469 4177 1600 4230 αὐτὸ
1637 4178 1729 4231 καὶ
1759 4176 1891 4228 Υίοῦ

2000 4187 2180 4257 ipsum
2209 4198 2333 4239 cum
2356 4184 2516 4239 Patre
2547 4193 2604 4239 et
2646 4183 2787 4238 Filio
2820 4183 2984 4238 simul
3031 4183 3370 4251 pronuntiet.
3405 4203 3425 4233 ι
3450 4180 3583 4237 Gra-

312 4278 603 4349 κηρύττων
668 4271 926 4328 διατελεῖ.
1003 4288 1023 4322 ι
1064 4272 1129 4324 Ἢ
1174 4272 1332 4342 χάρις
1393 4270 1521 4340 γὰρ,
1584 4270 1738 4339 φησὶ,
1802 4269 1895 4321 τοῦ

2002 4280 2100 4340 tia,
2133 4277 2331 4346 inquit,
2366 4275 2581 4331 Domini
2608 4276 2783 4329 nostri
2815 4276 2942 4330 Jesu
2984 4274 3213 4340 Christi,
3250 4284 3305 4329 et
3335 4290 3584 4329 commu-

316 4370 524 4441 Κυρίου
552 4368 708 4439 ἡμῶν
734 4366 911 4437 Ἰησοῦ
932 4364 1191 4436 Χριστοῦ,
1232 4367 1325 4417 xui.
1356 4364 1389 4432 ἡ
1418 4363 1607 4432 ἀγάπη
1634 4361 1726 4416 τοῦ
1761 4360 1896 4413 Θεοῦ

2005 4368 2207 4423 nicatio
2240 4377 2413 4423 sancti
2452 4367 2689 4436 Spiritus
2715 4381 2839 4420 cum
2883 4366 3142 4421 omnibus
3197 4364 3352 4421 vobis
3384 4366 3481 4421 ⁸⁸.»
3519 4365 3585 4419 Ει

315 4464 414 4515 καὶ
464 4461 700 4529 Πατρὸς,
768 4457 862 4510 καὶ
915 4459 949 4526 ἡ
1001 4455 1255 4509 κοινωνία
1338 4452 1432 4506 τοῦ
1520 4453 1675 4519 ἁγίου
1730 4450 1900 4503 Πνεύ-

1969 4471 2265 4516 trursum:
2306 4478 2325 4511 ι
2373 4459 2678 4512 Divisiones
2705 4498 2719 4523 ,
2756 4458 2957 4526 inquit,
3038 4457 3336 4527 gratiarum
3423 4466 3586 4519 sunt,

326 4570 496 4623 ματος
557 4551 698 4621 μετὰ
756 4549 978 4602 πάντων
1035 4547 1210 4614 ὑμῶν’
1252 4564 1269 4597 ι
1304 4547 1398 4597 καὶ
1453 4544 1638 4605 πάλιν,
1680 4560 1700 4594 ι
1752 4545 1902 4594 Διαι-

2006 4555 2151 4609 idem
2212 4566 2394 4607 autem
2432 4552 2712 4621 Spiritus;
2753 4559 2808 4604 et
2851 4549 3157 4604 divisiones
3222 4549 3587 4602 ministratio-

322 4646 506 4713 ρέσεις
544 4643 601 4695 δέ
630 4641 991 4712 χαρισμάτων
1023 4638 1153 4704 εἰσὶ,
1186 4637 1248 4690 τὸ
1280 4636 1482 4689 αὑτὸδὲ
1512 4635 1757 4704 Πνεῦμαο
1808 4635 1901 4687 καὶ

2008 4662 2139 4701 num
2192 4654 2339 4708 sunt,
2396 4644 2539 4698 idem
2595 4651 2777 4697 autem
2830 4640 3229 4704 Dominus;et
3289 4639 3592 4694 divisiones

316 4733 613 4803 διαιρέσεις
669 4730 959 4786 διακονιῶν
1000 4731 1161 4795 εἰσιν,
1188 4729 1215 4780 ὁ
1244 4729 1301 4779 δὲ
1339 4728 1499 4791 αὐτὸς
1535 4726 1736 4797 Κύριος
1762 4743 1776 4759 ·
1808 4727 1903 4779 καὶ

2010 4738 2392 4807 operationum
2416 4743 2567 4798 sunt,
2602 4734 2744 4788 idem
2778 4742 2963 4787 autem
2993 4730 3157 4796 Deus,
3181 4730 3275 4799 qui
3329 4737 3593 4799 operatur

326 4825 631 4895 διαιρέσεις
698 4822 1094 4892 ἐνεργημάτων
1160 4819 1322 4884 εἰσὶν,
1389 4822 1416 4872 ὁ
1454 4818 1511 4871 δὲ
1570 4817 1733 4880 αὑτός
1788 4819 1904 4871 ἐστι

2014 4829 2201 4885 omnia
2230 4829 2285 4882 in
2308 4828 2617 4883 omnibus.»
2649 4827 2778 4894 Ejus
2811 4838 2942 4879 vero
2981 4823 3277 4879 essentiam
3305 4821 3598 4876 declarans

324 4918 487 4979 Θεὸς,
520 4918 548 4969 0
575 4915 813 4993 ἐνεργῶν
844 4914 913 4967 τά
949 4913 1126 4966 πάντα
1156 4914 1215 4964 ἐν
1250 4912 1408 4965 πᾶσι.
1446 4930 1465 4964 ι
1515 4911 1815 4980 Κηρύττων
1847 4911 1905 4961 δὲ

2002 4923 2320 4979 clamabat:
2364 4919 2518 4975 «Haec
2535 4928 2716 4974 autem
2739 4927 2997 4988 eperatur
3035 4930 3179 4970 unus
3216 4923 3273 4969 et
3299 4914 3441 4970 idem
3472 4914 3594 4983 Spi-

330 5006 503 5064 αὺτοῦ
534 5006 630 5077 τὴν
663 5005 914 5070 ἐξουσίαν
946 5005 1097 5057 ἐϐόα·
1132 5023 1151 5056 ι
1194 5005 1379 5057 Πάντα
1438 5002 1497 5055 δέ
1525 5002 1698 5054 ταῦτα
1751 5003 1906 5071 ἐνερ-

2020 5014 2185 5079 ritus,
2212 5012 2464 5069 dividens
2495 5010 2730 5082 singulis
2794 5008 3166 5078 peculiariter,
3220 5015 3387 5078 prout
3416 5007 3588 5060 vult.)

325 5102 418 5170 γεῖ
445 5100 504 5150 τὸ
533 5097 590 5151 ἓν
625 5097 721 5150 καὶ
745 5095 807 5149 τὸ
834 5096 965 5150 αὐτὸ
995 5095 1239 5164 Πνεῦμα,
1274 5091 1514 5160 διαιροῦν
1555 5092 1769 5163 ἑκάστῳ
1804 5090 1910 5161 ἰδία

2010 5107 2129 5162 Non
2161 5107 2306 5160 enim
2343 5114 2403 5159 ut
2429 5106 2618 5175 jussus
2649 5114 2755 5167 est,
2786 5103 2885 5159 sed
2913 5112 2974 5157 ut
3036 5102 3173 5168 vult,
3240 5099 3601 5155 credentibus

327 5191 513 5252 καθὼς
540 5190 807 5261 βούλεται.
832 5208 850 5242 ι
880 5189 952 5241 Οὐ
975 5187 1084 5258 γάρ
1103 5186 1292 5248 κακῶς
1329 5186 1634 5250 κελεύεται,
1655 5183 1793 5239 ἀλλὰ
1815 5201 1913 5235 κα-

2014 5198 2159 5253 dona
2190 5197 2490 5252 distribuit.
2525 5195 2661 5250 Nam
2692 5210 2791 5264 per
2821 5195 3003 5264 ipsum
3061 5195 3282 5249 veniam
3337 5198 3592 5261 peccato-

329 5285 443 5346 θὼς
493 5280 741 5352 βούλεται
791 5283 904 5343 τοῖς
961 5279 1277 5332 πιστεύουσι
1346 5275 1594 5345 διανέμει
1644 5274 1713 5326 τὰ
1742 5272 1912 5343 δῶρα.

2016 5304 2137 5345 rum
2182 5289 2544 5357 accepimus;
2580 5301 2681 5357 per
2732 5287 2913 5355 ipsum
2978 5285 3288 5349 libertatem
3355 5280 3594 5335 assecuti

329 5374 410 5429 Δι’
443 5373 611 5428 αὑτοῦ
636 5372 742 5441 γὰρ
796 5366 907 5425 τῶν
965 5369 1383 5441 ἁμαρτημάτων
1441 5368 1538 5435 τὴν
1582 5364 1905 5435 ἀπαλλαγὴν

2015 5395 2208 5438 sumus
2230 5396 2251 5447 °,
2282 5395 2379 5449 per
2397 5378 2572 5451 ipsum
2593 5378 2771 5447 adepti
2797 5392 2987 5432 sumus
3016 5377 3239 5448 gratiam
3257 5370 3561 5441 adoptionis
3575 5388 3599 5425 :

331 5468 623 5536 ἐλάὸομενο
676 5466 747 5518 δι’
783 5462 949 5517 αὑτοῦ
996 5463 1100 5532 τῆς
1162 5460 1478 5530 ἐλευθερίας
1529 5457 1899 5527 τυγχάνομενο

2023 5490 2043 5524 ι
2086 5469 2206 5526 Non
2264 5469 2411 5523 enim
2450 5468 2787 5539 accepimus,
2831 5468 3008 5538 inquit
3072 5466 3304 5528 Paulus,
3339 5461 3592 5530 spiritum

332 5560 405 5615 δι’
437 5557 600 5613 αὑτοῦ
627 5555 721 5609 τοῦ
756 5559 854 5627 τῆς
878 5555 1148 5617 υἱοθεσίας
1180 5552 1518 5625 χαρίσματος
1542 5548 1909 5620 ἀπολαύομεν.

2019 5562 2302 5620 servitutis
2334 5562 2529 5615 iterum
2562 5560 2618 5613 in
2643 5560 2893 5614 timorem
2932 5557 3064 5626 ;sed
3106 5555 3415 5625 accepimus
3469 5552 3595 5622 Spi-

341 5671 360 5704 ι
386 5649 465 5706 Οὐ
490 5649 598 5720 γάρ
626 5648 891 5718 ἐλάϐομεν
915 5643 1142 5715 Πνεῦμα
1160 5644 1423 5707 δουλείας,
1467 5661 1486 5693 ι
1516 5640 1681 5711 φησὶν
1717 5642 1744 5692 0
1767 5637 1915 5692 Παῦ-

2024 5658 2189 5713 ritum
2216 5653 2527 5725 adeptionis
2552 5652 2886 5723 ﬁliorum,in
2919 5665 3027 5721 quo
3048 5649 3348 5705 clamamus
3378 5646 3602 5719 :Abba,

410 5834 454 5865 ⁸³
517 5831 707 5888 Matth.
746 5844 939 5895 xxvm,
967 5829 1051 5885 li).
1128 5823 1384 5879 "’llCor.
1422 5837 1576 5887 tum,
1624 5821 1709 5874 l3.

346 5936 373 5975 β
