4094 6286
535 413 607 476 95
833 463 836 466 .
1213 443 1228 454 -
1781 420 2163 481 EUTHYMII
2204 417 2568 483 ZIGABENI
3728 417 3799 479 96

538 530 696 587 Pater
714 531 778 587 θ’.
793 550 810 584 ι
830 530 913 587 Et:
929 530 1214 602 «Spiritus,
1232 531 1427 602 inquit,
1446 534 1569 590 vitae
1585 534 1834 591 liberavit
1852 551 1937 591 me
1954 552 1985 591 a
2004 535 2119 607 lege

2235 537 2317 599 λος
2350 536 2536 601 πάλιν,
2575 553 2594 587 t
2628 536 2708 599 είς
2740 533 2925 603 φόϐον,
2952 532 3070 587 ἀλλ’
3095 532 3362 604 ἐλάδομεν
3393 530 3620 604 Πνεῦμα
3677 532 3798 584 uto-

540 625 744 693 pcccati
775 632 831 677 et
859 623 1167 679 mortis‘m
1204 623 1271 680 Et
1296 624 1426 681 alibi
1453 643 1469 680 :
1505 624 1802 681 tDominus
1831 635 2119 682 autemest

541 718 803 787 Spiritus,
833 718 924 773 ubi
951 727 1131 774 autem
1161 717 1399 788 Spiritus
1439 719 1677 785 Domini,
1734 720 1809 775 ibi
1867 720 2115 777 libertas.

537 808 658 864 Jam
689 811 779 880 qui
816 811 952 866 alios
986 811 1187 866 liberos
1213 812 1412 879 reddit,
1466 811 1584 882 ipse
1608 828 1720 867 non
1776 812 2040 867 servit".
2094 831 2113 866 ι

540 903 825 969 Quomodo
852 904 998 958 enim
1034 902 1309 957 conservis
1342 903 1610 969 dedisset,
1646 904 1792 973 quod
1846 907 1963 975 ipse
2008 919 2118 958 non

541 995 726 1060 habet,
752 995 894 1064 quod
958 994 1175 1062 assequi
1235 997 1448 1065 nequit,
1487 1012 1597 1064 quo
1657 996 1761 1050 l'rui
1816 997 1969 1065 cupit
2031 997 2120 1051 ille

539 1087 783 1155 quidem,
824 1088 915 1141 sed
946 1102 1054 1140 non
1090 1088 1311 1155 potest?
1342 1086 1444 1153 Qui
1496 1088 1805 1143 libertatem
1838 1089 2119 1145 credenti-

540 1183 643 1236 bus
676 1179 962 1248 elargitur,
1030 1188 1085 1233 et
1121 1180 1425 1234 servientes
1446 1181 1646 1236 liberos
1676 1182 1863 1248 etiicit,
1894 1181 1940 1238 is
1994 1197 2121 1252 pro-

540 1272 686 1327 fecto
720 1286 830 1324 non
865 1271 1056 1335 servit,
1093 1271 1189 1325 sed
1225 1272 1565 1334 dominatur,
1597 1282 1652 1327 et
1678 1273 1802 1341 jure
1866 1274 2118 1329 domina-

541 1372 652 1425 tus,
680 1378 819 1431 quos
842 1363 977 1425 vult,
1002 1362 1257 1419 libertate
1279 1362 1465 1417 donat.
1499 1363 1865 1429 Quamobrem
1890 1372 1947 1419 et
1979 1364 2111 1420 bea-

540 1465 627 1509 tus
659 1453 894 1509 Paulus:
931 1451 1105 1518 «Haec,
1133 1452 1332 1522 inquit,
1357 1454 1540 1509 omnia
1570 1463 1826 1525 operatur
1855 1471 1998 1511 unus
2035 1463 2122 1510 at-

539 1559 648 1614 que
665 1545 807 1598 idem
835 1543 1092 1612 Spiritus,
1110 1544 1361 1599 dividens
1420 1545 1722 1615 unicuique
1748 1544 2118 1615 peculiariter,

541 1638 622 1691 uti
651 1637 846 1692 vult".
861 1657 880 1691 ι
901 1636 1109 1692 Idcirco
1130 1648 1187 1692 et
1206 1640 1471 1707 propheta
1489 1637 1543 1691 in
1560 1636 1747 1693 Veteri
1764 1636 2122 1692 Testamento

2219 628 2426 691 θεσίας,
2457 629 2518 681 ἐν
2544 622 2590 697 ᾧ
2618 627 2918 697 κράζομεν,
2955 625 3127 680 ’Δδδᾶ
3165 628 3192 681 ὁ
3217 625 3462 697 Πατήρ.»
3491 627 3599 682 Καὶ
3628 624 3797 680 ἀλλα-

2219 719 2338 791 χοῦ·
2377 736 2396 770 ι
2420 719 2479 772 ὀ
2502 719 2614 789 γὰρ
2648 719 2814 788 νόμος
2836 717 2931 771 τοῦ
2966 716 3284 789 Πνεύματος
3306 720 3409 787 τῆς
3439 717 3585 788 ζωῆς
3634 718 3801 787 ἠλευ-

2220 811 2429 881 θέρωσέ
2459 828 2526 881 με
2559 809 2668 864 ἀπὸ
2698 808 2792 863 τοῦ
2822 810 2988 877 νόμου
3041 809 3142 878 τῆς
3199 808 3502 879 ἁμαρτίας,
3557 807 3652 862 καὶ
3703 805 3799 861 τοῦ

2220 902 2474 957 θανάτου’
2517 920 2536 955 ι
2566 902 2661 954 καὶ
2696 901 2984 971 ἐτέρωθενο
3024 920 3042 952 ι
3083 900 3143 952 '0
3168 899 3225 953 δέ
3260 899 3464 969 Κύριος
3484 901 3543 951 τὸ
3575 896 3801 967 Πνεῦμᾶ

2221 995 2388 1049 ἐστιν.
2429 987 2506 1048 Οὗ
2532 992 2589 1047 δέ
2643 992 2704 1045 τὸ
2752 992 2975 1061 Πνεῦμα
3018 992 3252 1062 Κυρίου,
3286 993 3401 1044 ἐκεῖ
3428 990 3733 1061 ἐλευθερία.
3771 1008 3792 1042 ι

2221 1081 2295 1133 Τὸ
2324 1080 2380 1133 δέ
2404 1080 2531 1141 τοὺς
2561 1080 2755 1143 ἄλλους
2781 1079 3103 1150 ἐλευθεροῦν
3139 1080 3199 1133 οὐ
3230 1079 3492 1133 δουλεύει.
3543 1078 3667 1143 Πῶς
3688 1080 3796 1149 γὰρ

2221 1170 2288 1224 ἂν
2302 1172 2413 1233 τοῖς
2428 1169 2734 1239 ὁμοδούλοις
2762 1168 3017 1239 μεταδοίη
3039 1161 3100 1220 οὗ
3134 1168 3208 1240 μὴ
3229 1168 3471 1238 μετέχει,
3505 1162 3565 1222 οὗ
3607 1170 3798 1238 τυχεῖν

2220 1260 2322 1313 οὐκ
2362 1258 2565 1330 ἰσχύει,
2597 1250 2660 1312 οὗ
2690 1258 2996 1313 ἀπολαῦσαι
3054 1258 3302 1329 βούλεται
3334 1260 3432 1328 μὲν
3461 1260 3533 1322 ὡς
3550 1259 3716 1324 εἰκὸς,
3743 1260 3805 1312 οὗ

2225 1351 2449 1407 δυνάται
2465 1351 2522 1403 δέ
2541 1368 2556 1417 ;
2588 1351 2648 1404 Et
2674 1350 2730 1403 δέ
2746 1350 3067 1420 μεταδίδωσι
3082 1352 3198 1414 τοῖς
3218 1349 3569 1405 πιστεύουσιν
3587 1349 3807 1405 ἐλευθε-

2224 1444 2368 1515 ρίας,
2388 1444 2481 1496 καὶ
2497 1443 2771 1508 ἐλευθεροῖ
2789 1442 2916 1503 τοὺς
2946 1441 3315 1507 δουλεύοντας,
3347 1442 3406 1495 οὐ
3425 1439 3667 1495 δουλεύει
3714 1442 3808 1510 δη-

2220 1535 2417 1597 λονότι,
2438 1533 2574 1588 ἀλλὰ
2599 1533 2879 1601 δεσπόζει,
2895 1535 2991 1590 καὶ⁵
3015 1534 3350 1597 δεσποτικῶς
3366 1534 3468 1604 τὴν
3498 1532 3807 1604 ἐλευθερίαν

2221 1622 2304 1691 οἷς
2329 1627 2509 1680 ἐθέλει
2546 1627 2865 1696 χαρίζεται.
2905 1627 2996 1679 Διὸ
3032 1626 3128 1680 καὶ
3155 1626 3183 1679 ό
3212 1625 3494 1696 μακάριος
3520 1627 3625 1695 ἐφη
3658 1624 3806 1677 Παῦ-

543 1737 876 1799 potestatem
906 1728 1080 1799 ipsius
1108 1730 1426 1799 signiﬁcans
1445 1730 1725 1784 clamabat
1758 1747 1773 1784 :
1807 1747 1826 1781 ι
1858 1730 2121 1784 Dominus

2235 1723 2313 1783 λος
2339 1721 2420 1774 ὅτι
2457 1736 2476 1771 t
2513 1719 2701 1773 Ταῦτα
2731 1720 2907 1773 πάντα
2948 1720 3166 1790 ἐνεργεῖ
3215 1718 3276 1772 τὸ
3333 1718 3392 1771 ἐν
3424 1717 3521 1771 καὶ
3551 1718 3611 1770 τὸ
3673 1716 3806 1769 αὐτὸ

542 1818 695 1874 misit
723 1834 834 1884 me,
858 1828 913 1874 et
943 1820 1184 1889 Spiritus
1218 1821 1338 1888 ejus
1368 1819 1460 1874 τι.»
1507 1821 1573 1875 Ει
1603 1822 1748 1877 Deus
1778 1820 1995 1876 Judaeos
2027 1836 2118 1876 acc

2235 1811 2473 1880 Πνεῦμα,
2514 1810 2764 1880 διαιροῦν
2812 1811 3029 1881 ἑκάστῳ
3087 1810 3218 1881 tota,
3247 1809 3429 1872 καθὼς
3468 1809 3740 1878 βούλεται.
3782 1826 3800 1858 ι

542 1925 740 1964 cusans
759 1910 1072 1974 "Fecistis,
1102 1911 1299 1983 inquit,
1331 1913 1642 1977 consilium,
1669 1916 1761 1968 sed
1791 1928 1897 1967 non
1928 1928 2125 1967 secun-

2237 1902 2333 1955 Διὸ
2350 1903 2445 1955 καὶ
2470 1903 2498 1953 ὁ
2528 1902 2815 1972 προφήτης
2840 1901 2899 1953 ἐν
2926 1904 2994 1972 τῇ
3032 1900 3247 1973 Παλαιᾷ
3268 1902 3367 1972 τὴν
3407 1900 3673 1966 ἐξουσίαν
3705 1903 3805 1954 αύ-

543 2001 674 2058 dum
712 2016 815 2063 me,
848 2011 902 2055 ει
918 2000 1140 2063 foedera,
1178 2003 1271 2057 sed
1298 2019 1402 2057 non
1434 2018 1529 2073 per
1552 2003 1815 2073 Spiritum
1844 2018 2027 2057 meum
2073 2021 2121 2057 τι

2235 1992 2321 2045 τοῦ
2346 1989 2632 2061 κηρύττων
2659 1990 2790 2044 ἐϐόα
2821 2006 2836 2023 ο
2871 1989 3106 2061 «Κύριος
3143 1990 3456 2044 ἀπέσταλκε
3493 2007 3583 2061 με,
3611 1992 3705 2046 καὶ
3746 1990 3806 2043 τὸ

545 2094 604 2148 in
634 2110 741 2164 quo
774 2096 983 2149 socium
1009 2095 1219 2165 imperii
1246 2094 1506 2165 Spiritum
1531 2105 1780 2151 sanctum
1829 2111 1955 2150 esse
2030 2096 2128 2150 de-

2235 2083 2459 2151 Πνεῦμα
2506 2082 2693 2136 αὐτοῦ.
2726 2101 2743 2135 ι
2791 2082 2904 2137 Καὶ
2932 2084 2960 2137 6
2983 2082 3118 2146 Θεὸς
3172 2084 3286 2146 τοῖς
3328 2082 3607 2144 Ἰουδαίοις
3642 2085 3810 2152 ἐγκα-

544 2185 733 2238 clarat.
789 2184 855 2237 Et
917 2184 1025 2237 alio
1050 2184 1168 2238 loco
1198 2202 1214 2239 :
1248 2204 1266 2235 ι
1299 2184 1409 2238 Cur
1440 2200 1563 2254 ego,
1612 2185 1814 2253 inquit,
1844 2184 2128 2239 vobiscum

2235 2175 2357 2243 λῶν,
2392 2193 2412 2227 ι
2447 2174 2788 2245 Ἐποιήσατε,
2818 2192 2836 2226 ι
2870 2175 3023 2246 φησὶ,
3057 2194 3075 2225 ι
3112 2173 3329 2245 βουλὴν,
3350 2176 3444 2227 καὶ
3473 2174 3620 2245 ούζδι’
3650 2175 3807 2244 ἐμοῦ,

544 2277 710 2330 sum?
739 2276 806 2329 Et
828 2276 1065 2345 Spiritus
1088 2293 1241 2331 meus
1281 2279 1527 2332 constitit
1562 2277 1615 2330 in
1653 2277 1832 2331 medio
1864 2276 2079 2330 vestri?
2104 2295 2124 2329 ι

2235 2270 2328 2322 καὶ
2358 2268 2657 2333 συνθήκας,
2704 2267 2801 2319 καὶ
2852 2270 2914 2319 οὐ
2968 2266 3057 2320 διὰ
3114 2266 3212 2320 τοῦ
3264 2265 3584 2336 Πνεύματός
3621 2284 3744 2336 μου,
3785 2286 3803 2319 ι

545 2370 619 2423 At
641 2368 743 2423 Job
776 2370 1092 2423 effectorem
1119 2370 1298 2440 ipsum
1318 2379 1378 2424 et
1422 2371 1745 2439 principem,
1792 2385 1900 2424 non
1931 2378 2117 2424 autem

2235 2360 2492 2414 κοινωνὸν
2514 2362 2618 2430 τῆς
2644 2358 2967 2421 δεσποτείας
2983 2359 3274 2437 δεικνὺςτὸ
3304 2359 3528 2431 Πνεῦμα
3547 2360 3604 2413 τὸ
3631 2359 3808 2428 ἅγιον·

546 2458 880 2523 ministrum,
917 2469 1012 2514 aut
1062 2459 1265 2513 factum
1291 2460 1557 2515 credens:
1585 2478 1604 2511 ι
1645 2460 1900 2529 Spiritus,
1930 2459 2127 2528 inquit,

2235 2453 2326 2507 καὶ
2400 2451 2688 2522 ἑτέρωθεν⁸
2729 2468 2747 2501 ι
2793 2450 2940 2503 Διότι
2993 2448 3126 2517 ἐγὼ,
3165 2468 3184 2500 ι
3220 2449 3408 2520 φησὶν,
3453 2470 3472 2502 ι
3503 2451 3621 2521 εἰμὶ
3692 2450 3810 2520 μεθ’

547 2551 764 2606 divinus
782 2550 909 2606 fecit
929 2562 1095 2616 me,et
1120 2550 1696 2621 ﬂatusOtunipotentis
1725 2552 1917 2606 edocet
1934 2552 2090 2606 me".
2104 2568 2125 2602 ι

2235 2542 2409 2613 ὑμῶν,
2430 2541 2611 2595 καὶτὸ
2641 2540 2865 2610 Πνεῦμα
2884 2558 2986 2611 μου
3009 2542 3314 2611 ἐφέστηκεν
3330 2544 3390 2595 ἐν
3406 2543 3554 2613 μέσῳ
3577 2544 3752 2613 ὑμῶν.
3790 2561 3808 2597 ι

547 2641 705 2709 Quod
748 2645 792 2700 si
860 2646 1154 2699 humanam
1218 2654 1470 2698 naturam
1507 2643 1804 2699 fabricatus
1841 2656 1945 2709 est,
1980 2658 2131 2698 eam-

2235 2632 2348 2685 Καὶ
2378 2634 2408 2684 ό
2478 2630 2601 2685 Ἰὼϐ
2646 2631 2727 2695 δέ,
2781 2630 3119 2702 δημιουργὸν
3179 2633 3310 2685 αὐτὸ
3346 2630 3463 2695 καὶ,
3490 2631 3815 2701 δεσποτικὸν

544 2734 692 2798 dem,
724 2751 887 2802 quam
920 2737 1080 2791 Pater
1101 2744 1158 2789 et
1190 2734 1380 2798 Filius,
1410 2734 1703 2789 essentiam
1765 2735 1947 2788 habet.
1995 2732 2130 2787 Nam

2239 2721 2541 2786 πιστεύων,
2607 2721 2723 2776 ἀλλ’
2786 2724 2885 2793 οὐχ
2912 2722 3269 2793 ὑπουργικὸν,
3308 2739 3329 2775 t
3366 2723 3442 2776 Οὐ
3467 2723 3575 2793 γὰρ
3601 2723 3818 2793 ποίημα

544 2841 669 2880 cum
703 2827 979 2882 hominem
1002 2828 1208 2882 faceret
1239 2829 1415 2886 Deus:
1452 2828 1789 2893 (Faciamus,
1811 2825 2009 2896 inquit,
2044 2826 2131 2879 ho-

2242 2820 2470 2889 Πνεῦμα
2513 2820 2677 2885 θεῖον,
2716 2839 2734 2872 ι
2777 2820 2938 2890 φησι,
2973 2837 2994 2872 ι
3030 2819 3092 2874 τὸ
3122 2819 3357 2889 ποιῆσαν
3410 2834 3501 2887 με,
3563 2817 3703 2886 πνοὴ
3761 2815 3819 2870 δέ

545 2917 748 2973 minem
797 2919 865 2974 ad
897 2920 1184 2989 imaginem
1210 2928 1267 2975 et
1319 2920 1730 2976 similitudinem
1763 2928 2003 2974 nostram
2036 2918 2131 2973 ".i

2242 2910 2691 2982 Παντοκράτορος
2730 2911 2765 2982 ἠ
2799 2909 3132 2965 διδάσκουσα
3158 2927 3281 2980 με.»
3310 2910 3371 2962 Ei
3399 2908 3571 2979 δὲτὴν
3608 2906 3810 2979 ἀνορω·

547 3007 793 3073 Quorum
837 3021 1023 3067 autem
1066 3028 1173 3067 una
1227 3022 1311 3068 est
1368 3014 1565 3085 imago,
1632 3026 1825 3067 eorum
1884 3009 2131 3082 profecto

2243 3003 2406 3058 πείαν
2460 3002 2870 3074 ἐδημιούργησε
2898 3001 3084 3072 φύσιν,
3143 3003 3243 3073 τὴν
3278 3003 3450 3070 αὐτὴν
3478 3001 3664 3054 οὐσίαν
3701 2999 3820 3068 ἔχει

551 3116 661 3157 una
693 3115 780 3159 est
810 3105 974 3159 etiam
1001 3109 1265 3163 essentia.
1386 3140 1387 3143 η

2243 3096 2423 3168 Πατρὶ
2468 3096 2563 3149 καὶ
2599 3095 2736 3167 Υίῷ.
2776 3095 2868 3149 Ἐν
2926 3096 3036 3167 γὰρ
3066 3097 3131 3166 τῇ
3158 3094 3256 3148 τοῦ
3281 3093 3571 3165 ἀνθρώπου
3602 3092 3820 3159 ποιήσει

549 3196 708 3254 εἶπεν
793 3205 822 3257 ὁ
884 3203 1040 3269 Θεὸς,
1081 3222 1102 3257 ι
1138 3206 1463 3278 Ποιήσωμεν
1519 3208 1811 3279 ἄνθρωπον
1854 3202 1979 3258 κατ’
2014 3198 2201 3254 εἰκόνα
2243 3196 2522 3268 ἡμετέραν
2556 3193 2654 3248 καὶ
2692 3193 2817 3248 καθ’
2848 3193 3131 3266 ὁμοίωσιν.
3164 3211 3184 3247 ι
3218 3184 3319 3246 Ὧν
3340 3191 3398 3245 δὲ
3428 3193 3463 3262 ἡ
3499 3190 3663 3243 εἰκὼν
3688 3189 3817 3261 μία,

546 3296 755 3352 τούτων
791 3299 1039 3368 δηλονότι
1068 3304 1166 3356 καὶ
1195 3304 1229 3371 ἡ
1250 3304 1414 3355 οὐσία
1441 3302 1561 3373 μία.

550 3412 684 3488 Item
712 3415 773 3488 de
790 3413 972 3488 Patre,
1013 3425 1064 3468 et
1095 3414 1255 3488 Filio,
1293 3426 1341 3470 et
1390 3417 1594 3488 Spiritu
1636 3426 1821 3488 sancto
1875 3415 2121 3488 distincta

2235 3406 2355 3488 Ἕτέ
2381 3404 2517 3472 περὶ
2544 3402 2775 3488 Πατρός
2819 3400 2929 3488 θεαὶ.
2974 3394 3113 3488 Tia}?
3154 3399 3824 3488 xaidliouillreéyftreg

587 3484 818 3538 simulet
864 3487 1013 3538 unita
1071 3487 1369 3543 divinitatis
1420 3484 1576 3543 ratio.
1620 3487 1807 3542 Sancti
1853 3486 2100 3542 Maximi.

623 3647 775 3702 linus
806 3647 970 3714 Deus,
1004 3650 1169 3705 unius
1200 3649 1320 3704 Filii
1358 3652 1515 3705 Pater
1540 3669 1555 3705 :
1579 3660 1635 3705 et
1682 3650 1922 3720 Spiritus
1975 3649 2138 3705 unius

551 3744 724 3799 sancti
760 3743 904 3806 l'ons,
938 3743 1120 3797 unitas
1152 3744 1377 3797 minime
1418 3744 1669 3809 confusa,
1695 3753 1749 3797 et
1775 3744 2003 3797 minime
2055 3743 2139 3797 di-

552 3835 665 3890 visa
706 3834 962 3889 Trinitas.
1002 3834 1152 3889 Mens
1184 3835 1304 3890 sine
1343 3837 1633 3907 principio,
1662 3836 1831 3891 solius
1847 3835 1997 3891 solus
2042 3850 2140 3905 per

548 3930 844 3984 essentiam
889 3928 1046 3983 Verbi
1082 3928 1357 3999 principio
1384 3929 1621 3985 carentis
1654 3929 1904 3986 Genitor.
1953 3928 2020 3984 Et
2049 3942 2141 3984 so-

555 4021 663 4076 lius
688 4034 907 4076 aeterna:
928 4021 1050 4075 vita:
1112 4022 1354 4092 Spiritus
1389 4023 1564 4079 sancti
1616 4022 1760 4080 fons.

1225 4115 1503 4184 Ejusdem.

631 4204 783 4259 Unus
817 4206 980 4273 Deus,
1009 4209 1269 4277 quoniam
1306 4223 1414 4261 una
1476 4208 1738 4261 divinitas
1804 4208 2059 4278 simplex,
2085 4216 2143 4262 et

555 4293 675 4349 siue
715 4297 1005 4365 principio,
1046 4307 1101 4352 et
1132 4298 1440 4368 partitionis
1497 4306 1552 4351 et
1587 4298 1877 4353 divisionis
1922 4314 2138 4368 expers.

559 4385 624 4439 Et
658 4396 768 4441 tota
798 4386 1039 4442 Trinitas
1068 4392 1479 4455 eadem,unilas
1497 4400 1606 4445 tota
1624 4392 1921 4446 secundum
1953 4408 2143 4448 essen-

555 4474 684 4530 tiam
715 4474 924 4531 eadem.
984 4477 1051 4532 Et
1104 4478 1346 4534 Trinitas
1374 4488 1483 4534 tota
1535 4479 1832 4535 secundum
1881 4494 2143 4550 personas

554 4566 770 4623 eadem.
812 4569 990 4635 Pater,
1028 4580 1086 4625 et
1115 4570 1303 4633 Filius,
1357 4581 1412 4625 et
1461 4570 1705 4642 Spiritus
1753 4582 1978 4641 sanctus
2024 4573 2141 4641 ipsa

557 4657 821 4713 Divinitas
847 4670 953 4714 est.
982 4661 1045 4714 Et
1072 4661 1124 4714 in
1160 4660 1418 4725 Patre,'et
1442 4660 1602 4725 Filio,
1630 4672 1684 4716 et
1706 4662 1910 4733 Spiritu
1952 4671 2143 4718 sancto

2309 3468 2732 3611 ῗίαὲῗκριμέκη
2763 3472 2862 3527 καὶ
2897 3471 3176 3541 ἡνωμένη
3211 3472 3491 3539 θεονῑογία
3522 3469 3630 3524 τοῦ
3650 3468 3824 3539 ἁγίου

2365 3562 2405 3598 α
2466 3563 2610 3611 μου.

2365 3562 2405 3598 a

2466 3563 2610 3615 μου.

2312 3634 2407 3702 Εἷς
2435 3638 2590 3702 Θεὸς,
2639 3635 2760 3699 ἐνὸς
2782 3634 2913 3688 Υίοῦ
2952 3633 3166 3705 Πατὴρ,
3220 3634 3315 3686 καὶ
3345 3631 3666 3701 Πνεύματος
3698 3631 3823 3693 ἐνὸς

2240 3731 2400 3801 ἁγίου
2428 3730 2603 3799 πηγή.
2638 3726 2825 3790 Μονὰς
2869 3726 3201 3795 ἀσύγχυτος,
3254 3724 3349 3777 καὶ
3380 3724 3550 3794 Τριὰς
3575 3722 3822 3792 ἀδιαίρε-

2238 3840 2347 3887 νος.
2380 3821 2525 3885 Νοῦς
2547 3820 2806 3890 ἄναρχος,
2842 3818 3016 3889 μόνου
3048 3818 3233 3887 μόνος,
3260 3813 3818 3882 ούσιωδῶς,ἁνάρχου

2244 3915 2421 3983 Λόγου
2451 3912 2758 3982 γεννήτωρ,
2789 3912 2886 3964 καὶ
2917 3910 3089 3981 μόνης
3118 3907 3294 3962 ἀϊδίου
3320 3905 3466 3977 ζωῆς
3496 3904 3822 3977 Πνεύματος

2243 4006 2402 4075 ἁγίου
2440 4004 2618 4076 πηγή.

2850 4114 2967 4169 Τοῦ
3010 4113 3220 4170 αὑτοῦ.

2316 4207 2414 4276 Εἷς
2444 4210 2598 4275 Θεὸς,
2631 4209 2713 4262 ὅτι
2746 4210 2844 4277 μία
2879 4206 3071 4273 θεότης
3102 4205 3361 4275 ἄναρχος,
3394 4205 3491 4258 καὶ
3529 4205 3695 4273 ἁπλῆ,
3729 4206 3826 4260 καὶ

2244 4303 2594 4374 ύπερούσιος,
2627 4302 2724 4354 καὶ
2750 4299 2986 4370 ἀμερὴς,
3044 4299 3140 4351 καὶ
3180 4297 3510 4364 ἀδιαίρετος.
3583 4298 3645 4348 Ἥ
3691 4299 3830 4367 αὐτῆ

2249 4394 2415 4465 μονὰς
2467 4393 2562 4446 καὶ
2611 4392 2803 4464 Τριάς.
2877 4391 3014 4460 Ὀλη
3073 4389 3304 4460 μονὰςὴ
3360 4389 3499 4457 αὐτὴ
3528 4430 3543 4453 ,
3588 4391 3681 4441 καὶ
3714 4389 3812 4457 ὅλη

2248 4489 2422 4560 Τριάς
2445 4490 2478 4557 ἡ
2511 4487 2670 4556 αὐτή.
2709 4484 2895 4547 Μονὰς
2936 4483 3031 4553 ὅλη
3085 4482 3225 4534 κατὰ
3252 4483 3350 4550 τὴν
3385 4482 3632 4549 οὐσίανή
3667 4481 3829 4549 αὐτὴ,

2245 4579 2341 4632 καὶ
2408 4577 2580 4649 Τριὰς
2638 4577 2735 4644 ὅλη
2815 4574 2956 4629 κατὰ
3022 4574 3122 4637 τὰς
3179 4573 3504 4634 ὑποστάσεις
3567 4574 3602 4641 ἡ
3668 4572 3830 4641 αὐτή.

2248 4672 2462 4742 Πατὴρ,
2516 4673 2612 4724 καὶ
2676 4670 2827 4735 Υἱὸς,
2899 4669 2993 4720 καὶ
3040 4667 3194 4734 ἅγιον
3244 4665 3469 4733 Πνεῦμα
3523 4666 3555 4732 ὴ
3615 4664 3831 4732 θεότης.

558 4758 645 4802 est
672 4750 788 4819 ipsa
812 4749 1102 4807 Divinitas.
1140 4751 1276 4806 Tota
1327 4752 1380 4806 in
1417 4761 1531 4806 toto
1563 4753 1721 4807 Patre
1776 4754 1891 4823 ipsa
1919 4764 2034 4820 est;
2085 4764 2131 4810 el

2248 4765 2357 4816 Καὶ
2391 4737 2468 4814 ’ἐν
2524 4761 2727 4829 Πατρὶ,
2768 4761 2863 4812 καὶ
2913 4756 3050 4827 τεῷ,
3094 4758 3190 4810 και
3255 4756 3396 4824 ἁγίῳ
3454 4755 3736 4822 manu
3798 4756 3831 4824 ἡ

558 4846 709 4892 totus
745 4839 796 4892 in
829 4840 946 4908 ipsa
987 4850 1096 4895 tota
1133 4838 1293 4896 Pater
1315 4851 1421 4897 est.
1462 4841 1527 4895 Et
1590 4851 1701 4896 tota
1753 4843 1808 4897 in
1832 4854 1947 4899 toto
2005 4844 2144 4901 Filio

556 4939 639 4983 est
669 4930 826 4999 ipsa;
859 4940 913 4985 et
944 4940 1091 4986 totus
1127 4932 1180 4986 in
1211 4933 1329 5002 ipsa
1362 4942 1474 4988 tota
1511 4934 1680 4989 Fuﬁus
1735 4945 1842 4990 est.
1906 4935 1973 4991 Et
2028 4946 2143 4992 tota

557 5023 613 5075 in
651 5031 762 5077 toto
791 5022 998 5092 Spiritu
1030 5035 1216 5080 sancto
1267 5036 1350 5081 est
1381 5027 1516 5097 ipsa.
1568 5026 1635 5082 Et
1696 5038 1846 5084 totus
1908 5031 1962 5084 in
2026 5031 2142 5099 ipsa

563 5122 674 5168 tota
708 5125 794 5169 est
834 5113 1074 5185 Spiritus
1095 5128 1340 5174 sanctus.
1365 5116 1484 5173 Non
1520 5121 1665 5176 enim
1691 5137 1758 5177 ex
1802 5132 1957 5192 parte
1996 5123 2140 5178 Divi-

563 5209 708 5261 nitas
736 5207 895 5262 estin
922 5206 1103 5273 Patre,
1143 5226 1245 5265 nec
1276 5210 1437 5266 Pater
1486 5228 1552 5267 ex
1606 5222 1760 5282 parte
1824 5214 1967 5270 Deus
2026 5224 2133 5270 est.

559 5298 747 5369 Neque
776 5315 840 5355 ex
873 5315 1026 5369 parte
1059 5301 1113 5356 in
1140 5301 1278 5357 Filio
1332 5303 1596 5359 Divinitas
1631 5314 1749 5371 est;
1812 5321 1917 5362 nec
1970 5306 2137 5361 Filius

560 5406 626 5443 ex
661 5402 810 5459 parte
832 5392 974 5448 Deus
1003 5403 1106 5449 est.
1132 5394 1319 5466 Neque
1341 5411 1407 5451 ex
1432 5407 1582 5466 parte
1612 5398 1664 5452 in
1696 5398 1904 5469 Spiritu
1949 5408 2142 5454 sancto

564 5483 829 5540 Divinitas
861 5493 980 5551 est;
1015 5502 1118 5541 nec
1165 5487 1403 5558 Spiritus
1432 5501 1656 5545 sanctus
1686 5506 1754 5545 ex
1802 5500 1958 5560 parte
1986 5492 2129 5546 Deus

560 5580 664 5627 est.
689 5572 821 5627 Nam
844 5591 1022 5646 neque
1040 5576 1305 5633 Divinitas
1333 5579 1503 5634 secari
1537 5589 1749 5650 potest;
1782 5596 1961 5651 neque
1982 5580 2142 5635 Pater

560 5672 654 5717 aut
688 5664 882 5733 Filius,
917 5678 1011 5723 aut
1052 5669 1292 5740 Spiritus
1326 5680 1551 5727 sanctus
1599 5673 1743 5728 Deus
1793 5684 1880 5730 est
1938 5674 2144 5744 imper-

630 5776 675 5808 ⁸⁷
711 5778 1028 5858 Rom.v_tn,_
1058 5783 1143 5838 15.
1234 5784 1469 5858 1ξξῐὶοιιι.
1502 5804 1617 5857 vin,
1651 5788 1704 5843 2.
1782 5790 1827 5824 “
1864 5787 1904 5844 ll
1934 5787 2058 5845 Cor.
2094 5804 2131 5845 ιι

2235 5790 2298 5843 7.
2377 5790 2421 5821 ⁷⁸
2465 5786 2629 5843 ICur.
2661 5802 2757 5854 xu,
2792 5785 2877 5839 ll.

562 5863 754 5915 χχχιιι,
786 5849 840 5904 ι.
919 5851 965 5883 ⁷³
990 5852 1130 5908 Gen.
1168 5868 1207 5922 ι,
1233 5854 1325 5911 26.

2246 4856 2456 4925 θεότης.
2501 4852 2640 4922 Ὀλη
2672 4852 2728 4903 ἐν
2783 4852 2889 4918 ὅλῳ
2919 4850 2997 4919 τῷ
3063 4847 3239 4918 Πατρὶ
3280 4847 3510 4917 ὴαύτὴ,
3567 4848 3663 4898 καὶ
3711 4845 3833 4908 ὅλος

2244 4949 2301 5000 ἐν
2360 4945 2458 5019 ὅλῃ
2508 4947 2576 5016 τῇ
2631 4942 2770 5013 αὐτῇ
2820 4942 2848 4994 ὁ
2898 4940 3112 5010 Πατήρ.
3168 4937 3277 4991 Καὶ
3323 4937 3420 5005 ὅλη
3481 4938 3539 4989 ἐν
3584 4935 3689 5003 ὅλῳ
3756 4935 3835 5003 τῷ

2244 5037 2404 5107 Υιῷή
2424 5036 2585 5104 αὐτή.
2605 5034 2714 5087 Kal
2731 5033 2848 5095 ὅλος
2873 5031 2931 5083 ἐν
2950 5031 3044 5098 ὅλη
3065 5030 3131 5099 τῇ
3158 5028 3293 5097 αὐτῇ
3320 5027 3346 5081 ὀ
3367 5027 3513 5088 Υίός.
3537 5027 3641 5079 Καὶ
3661 5026 3756 5096 ὅλη
3778 5027 3836 5077 ἐν

2248 5132 2357 5200 ὅλῳ
2382 5128 2459 5198 τῷ
2489 5126 2775 5196 Πνεύματι
2799 5126 2874 5194 τῷ
2906 5122 3047 5191 ἁγίῳ
3082 5122 3115 5191 ἡ
3144 5120 3305 5188 αὕτη,
3330 5118 3423 5173 καὶ
3450 5118 3572 5171 ὅλον
3598 5119 3655 5169 ἐν
3690 5118 3833 5188 αὐτῇ

2246 5223 2343 5291 ὅλῃ
2369 5220 2426 5274 τὸ
2454 5216 2681 5287 Πνεῦμα
2713 5216 2774 5270 τὸ
2808 5214 2980 5283 ἅγιον.
3002 5213 3076 5266 Οὐ
3111 5211 3219 5281 γὰρ
3250 5213 3313 5264 ἐκ
3346 5208 3546 5281 μέρους
3576 5209 3830 5279 ήθεὸτης

2250 5315 2307 5366 ἐν
2349 5311 2425 5382 τῷ
2487 5311 2685 5381 Πατρὶ,
2717 5308 2749 5379 ἢ
2783 5311 2846 5361 ἐκ
2884 5307 3084 5376 μέρους
3144 5304 3276 5367 Θεὸς
3342 5306 3369 5355 ὁ
3428 5303 3639 5372 Πατήρ
3694 5301 3821 5355 οὔτε

2245 5405 2308 5456 ἐκ
2341 5402 2545 5472 μέρους
2577 5403 2633 5453 ἐν
2667 5399 2745 5470 τῷ
2774 5397 2885 5467 Υίῷ
2918 5392 2951 5467 ἡ
2980 5395 3196 5462 Θεότης,
3239 5394 3272 5464 ἢ
3339 5396 3403 5446 ὲκ
3442 5393 3641 5462 μέρους
3688 5392 3823 5454 Θεὸς

2247 5494 2277 5545 ὁ
2304 5492 2433 5553 Υἱός
2459 5507 2471 5519 ·
2500 5488 2625 5541 οὔτε
2654 5491 2716 5540 ἐκ
2749 5487 2950 5557 μέρους
2986 5486 3043 5537 ἐν
3062 5484 3138 5555 τῷ
3161 5484 3302 5555 ἁγίῳ
3342 5484 3620 5551 Πνεύματι
3648 5484 3680 5552 ἡ
3708 5482 3829 5533 Θεό-

2246 5581 2430 5653 της,ἥ
2480 5583 2543 5633 ἐκ
2583 5579 2782 5650 μέρους
2819 5576 2952 5639 Θεὸς
3002 5574 3063 5628 τὸ
3091 5575 3317 5644 Πνεῦμα
3364 5574 3424 5627 τὸ
3452 5573 3629 5641 ἅγιον.
3685 5569 3827 5624 Οῦτε

2253 5674 2362 5744 γὰρ
2400 5670 2632 5741 μεριστὴ
2669 5672 2702 5740 ἡ
2749 5669 2962 5738 θεότης,
3025 5665 3151 5720 οὔτε
3181 5667 3377 5735 ἀτελὴς
3412 5665 3541 5728 Θεὸς
3574 5664 3602 5715 ὁ
3633 5664 3824 5734 Πατὴρ

2980 5786 3020 5816 '“
3056 5786 3166 5839 lsa.
3226 5796 3416 5848 xum,
3462 5780 3546 5836 l6.
3622 5782 3669 5813 "
3704 5780 3830 5837 .lob.
