4094 6286
276 330 337 394 97
1235 325 1617 392 PANOPLIA
1656 327 1850 391 DOGN

1950 325 2098 388 ΓΙοΑ
2161 350 2229 365 --
2264 324 2420 390 TlT.
2460 326 2546 389 II.
3447 322 3518 385 98

274 445 305 515 ἢ
330 444 357 496 ὁ
384 439 507 502 Υίλς
557 437 591 510 ἦ
622 435 686 491 τὸ
710 432 933 508 Πνεῦμα
957 434 1019 491 τὸ
1046 434 1351 506 άγιον,άλλ⁹
1374 437 1635 509 δληιιστὶν
1659 438 1692 509 ἡ
1716 435 1850 508 αὕτη

1958 434 2153 491 fectus.
2189 434 2297 490 Sed
2353 443 2462 490 tota
2497 444 2581 490 est
2637 432 2777 505 ipsa,
2812 433 2881 489 'et
2940 433 3201 505 perfecta,
3252 435 3518 507 perfecte,

273 531 444 588 τελεία
472 528 699 591 τελείως
718 527 778 581 ιν
806 527 1000 596 τελείῳ
1029 526 1110 597 τῷ
1134 528 1331 598 Πατρὶ,
1390 531 1488 582 καὶ
1519 527 1618 598 ὅλη
1651 525 1837 581 τελεία.

275 623 490 685 τελείως
521 621 578 673 ὲν
616 617 809 690 τελείῳ
836 616 913 689 τῷ
945 617 1059 689 Υίῷ
1113 620 1147 689 ἡ
1177 619 1340 690 αὑτὴ,
1373 620 1472 673 καὶ
1522 618 1619 688 ὅλη
1652 616 1838 672 τελεία

269 714 483 776 ⁴ιιελείως
524 713 556 781 ἡ
582 710 721 779 αὑτὴ
750 711 807 762 ὲν
834 708 1023 779 τελείῳ
1045 708 1123 780 τῷ
1152 711 1296 781 ἁγίῳ
1336 709 1635 779 Πνεῦματι.
1668 708 1832 773 Ὀλος

273 806 380 879 γάρ
412 805 469 857 ἐν
492 802 599 874 ὅλῳ
626 800 702 871 τῷ
735 800 851 872 Υἱῷ
881 802 977 854 καὶ
1015 800 1092 870 τῷ
1122 801 1409 872 Πνεῦματι
1435 800 1661 864 τελείως
1685 800 1834 854 ἔστὶν

272 901 300 953 ό
328 898 515 966 Πατήρ
543 912 557 926 ο
596 896 689 949 καὶ
733 893 855 957 ὅλος
889 897 946 947 ἐν
967 894 1075 964 ὅλῳ
1112 894 1187 965 τῷ
1212 894 1389 965 Ila-cpi
1414 894 1509 947 καὶ
1552 892 1633 962 τῷ
1670 894 1839 945 Πνευ-

274 1007 404 1062 ματι
432 986 649 1050 τελείως
679 988 828 1039 ἐστὶν
856 987 885 1039 ό
912 986 1059 1049 Υίός.
1086 986 1198 1038 Καὶ
1214 986 1336 1039 ὅλον
1360 986 1540 1053 ὲνςὸλῳ
1563 983 1641 1053 τῷ
1662 983 1839 1053 Πατρὶ

275 1083 367 1136 καὶ
397 1078 473 1148 τῷ
507 1077 625 1147 Υίῷ
657 1076 880 1139 τελείως
911 1077 1027 1129 ἐστὶ
1057 1076 1115 1129 τὸ
1154 1075 1381 1146 Πνεῦμα
1423 1076 1483 1128 τὸ
1512 1074 1689 1143 άγιον.
1723 1075 1840 1127 Μία

272 1171 376 1240 γάρ
399 1169 558 1238 καὶὴ
616 1165 755 1236 αὐτὴ
806 1165 965 1219 οὐσία
1005 1166 1100 1219 καὶ
1142 1165 1369 1235 δύναμις
1422 1164 1518 1219 καὶ
1584 1163 1838 1234 ἐνέργεια

269 1261 499 1331 Πατρδς,
526 1259 625 1311 καὶ
663 1257 818 1321 Υίοῦ,
862 1260 957 1310 καὶ
979 1257 1137 1325 άγίου
1173 1257 1520 1328 Πνεὺματος,
1550 1256 1653 1309 οὐκ
1684 1256 1837 1318 ὄντος

267 1352 470 1413 οὐδενὸς
499 1347 591 1401 τοῦ
629 1348 814 1419 ἐτέρου
843 1350 1035 1419 χωρὶς,
1060 1348 1091 1419 ἦ
1113 1348 1427 1418 νοουμένου.

869 1462 982 1516 Τοῦ
1029 1461 1243 1515 αὐτοῦ.

340 1558 439 1611 Ἐν
467 1561 587 1611 ἐστι
623 1558 683 1610 τὸ
715 1554 959 1625 ὑπάρχον
993 1554 1087 1607 καὶ
1139 1553 1470 1624 ὑπερούσιον
1514 1552 1745 1619 ἀγαθὸν,
1805 1552 1841 1623 ἡ

271 1650 402 1718 ἁγία
447 1648 874 1718 τρισυπόστατος
901 1644 1094 1715 μονὰς,
1129 1643 1342 1714 Πατὴρ,
1396 1645 1490 1697 καὶ⁴
1531 1644 1683 1706 Υἱὸς,
1745 1643 1842 1695 καὶ

1942 529 1999 583 in
2032 528 2276 599 perfecto
2312 528 2489 582 Patre.
2521 527 2589 581 Et
2641 536 2751 581 tota
2785 522 2870 582 est
2928 526 3064 596 ipsa,
3122 536 3179 583 et
3241 528 3506 597 perfecta,

1938 618 2200 690 perfecte,
2260 618 2503 690 perfecto
2546 618 2599 673 in
2648 617 2832 685 Filio;
2869 626 2925 674 et
2981 627 3090 673 tota
3141 619 3515 689 perfectaque,

1939 718 1996 766 et
2027 708 2289 779 perfecte,
2333 717 2418 764 est
2459 710 2575 779 ipsa
2637 709 2880 779 perfecto
2935 708 2988 762 in
3049 708 3262 779 Spiritu
3304 720 3519 766 sancto.

1938 799 2071 853 Nam
2101 807 2246 855 totus
2278 800 2333 854 in
2366 808 2477 855 toto
2506 798 2668 863 Filio,
2698 809 2753 853 et
2790 800 2995 869 Spiritu
3027 810 3218 854 sancto
3273 800 3522 871 perfecte

1940 898 2023 945 est
2047 891 2224 947 Pater.
2261 892 2328 946 Et
2370 898 2516 947 totus
2539 894 2592 945 in
2630 902 2746 945 ιοιο
2781 892 2958 953 Patre,
2987 900 3041 944 et
3067 890 3273 960 Spiritu
3329 901 3523 948 sancto

1943 984 2186 1053 perfecte
2250 994 2337 1040 est
2398 985 2590 1040 Filius.
2642 984 2708 1038 Et
2763 993 2908 1039 totus
2968 984 3023 1038 in
3071 995 3185 1039 toto
3219 984 3402 1049 Patre,
3459 995 3517 1040 et

1945 1074 2082 1131 Filio
2144 1078 2385 1147 perfecte
2437 1084 2521 1133 est
2584 1076 2819 1145 Spiritus
2872 1086 3113 1130 sanctus.
3173 1075 3524 1147 Quandoqui-

1945 1168 2065 1225 dem
2102 1186 2210 1224 una
2240 1170 2540 1240 eademque
2570 1168 2830 1231 essentia,
2860 1176 2914 1221 et
2962 1169 3229 1236 potentia,
3277 1178 3332 1222 et
3376 1169 3521 1224 actio

1946 1270 2029 1317 est
2059 1262 2237 1324 Pater,
2276 1270 2331 1315 et
2353 1259 2541 1325 Filius,
2561 1269 2615 1314 et
2637 1252 2874 1329 Spiritus
2895 1266 3133 1323 sanctus,
3160 1273 3282 1311 cum
3340 1260 3525 1313 nullus

1940 1369 2129 1410 eorum
2169 1352 2237 1407 ab
2266 1349 2437 1406 altero
2486 1361 2768 1420 separatus
2799 1359 2892 1403 aut
2950 1349 3042 1414 sit,
3084 1359 3177 1402 aut
3230 1350 3521 1420 cogitetur.

2602 1466 2881 1520 Eiusdem.

2602 1483 2649 1520 IL
2679 1483 2881 1520 usaem.

2015 1560 2196 1616 Unum
2248 1566 2357 1623 est,
2386 1558 2531 1629 quod
2583 1483 2912 1629 principium
2943 1566 2999 1613 et
3017 1556 3311 1625 essentiam
3361 1569 3527 1610 exsu-

1942 1664 2122 1727 perat,
2146 1653 2374 1717 bonum,
2425 1658 2613 1705 sancta
2664 1650 2829 1703 trium
2885 1664 3247 1720 personarum
3316 1646 3521 1711 unitas,

274 1741 429 1810 άγιον
483 1738 732 1808 Πνεῦμαο
790 1737 957 1838 τριῶν
987 1735 1233 1805 ἀπείρων
1262 1736 1492 1806 ἄπειρος
1562 1732 1840 1804 συμφυία,

1950 1749 2138 1838 Pater,
2174 1745 2371 1811 Filius,
2398 1752 2454 1799 et
2501 1742 2745 1812 Spiritus
2799 1750 3044 1797 sanctus.
3092 1740 3282 1794 Trium
3347 1739 3529 1794 infini-

268 1830 360 1886 τόν
397 1846 456 1883 τε
514 1827 609 1881 τοῦ
668 1818 847 1892 εῖναι,“
880 1828 976 1880 καὶ
1026 1826 1166 1894 πῶς,
1205 1828 1298 1880 καὶ
1333 1825 1405 1893 τί,
1448 1825 1543 1878 καὶ
1577 1826 1671 1878 ποῖ
1704 1819 1845 1878 εἶναι

1951 1818 2129 1891 ιοτυῖη
2171 1834 2379 1888 infinita
2398 1833 2735 1902 coniunctio,
2781 1848 2903 1901 quae
2944 1832 3219 1902 quomodo
3280 1831 3369 1896 sit,
3433 1841 3529 1885 aut

270 1922 424 1991 λόγον
474 1922 713 1992 πάμπαν
772 1920 887 1981 τοῖς
951 1912 1102 1972 οὖσιν
1154 1917 1357 1972 ἄϐατον
1399 1917 1619 1987 ἔχουσα.
1658 1916 1848 1968 Πᾶσαν

269 2016 385 2084 γάρ
414 2012 704 2081 διαφεύγει
735 2010 925 2080 νόησιν
950 2008 1059 2062 τῶν
1084 2008 1368 2072 νοούντων,
1392 2008 1489 2079 τῆς
1524 2006 1665 2061 κατὰ
1685 2006 1849 2077 φύσιν

274 2104 523 2176 οὐδαμῶς
582 2106 823 2174 κρυφίας
878 2101 1156 2171 ὲνδότητος
1221 2098 1462 2164 ἐξιοῦσα,
1518 2100 1613 2153 καὶ
1667 2098 1848 2170 πάσης

269 2194 458 2248 πασῶν
507 2193 769 2263 γνὼσεων
798 2191 1043 2261 ἀπείρως
1093 2190 1540 2263 ὕπερεκτείνεται
1569 2188 1846 2259 γνώσεως.

892 2390 1004 2445 Τοῦ
1046 2388 1255 2444 αὐτοῦ.

338 2485 489 2541 Μίαν
544 2486 744 2540 ειδέναι
800 2485 909 2557 χρὴ
932 2485 1188 2555 θεότητος
1245 2481 1411 2553 φύσιν
1453 2484 1549 2538 καὶ
1598 2482 1851 2554 δύναμινο

272 2580 445 2650 ἤγουν
486 2579 590 2633 ἕνα
643 2577 798 2642 Θεὺν,
848 2578 906 2630 ὲν
960 2574 1159 2645 Πατρί,
1221 2578 1315 2629 καὶ
1368 2574 1503 2647 Υίῷ,
1565 2577 1661 2630 καὶ
1708 2576 1854 2648 ἁγίῳ

263 2670 549 2740 Πνεῠματι
587 2668 983 2739 θεωρούμενον
1015 2662 1103 2719 οἶα
1131 2665 1196 2738 δὴ
1236 2668 1396 2737 μόνον
1432 2669 1681 2724 ἀναίτιον
1728 2671 1855 2724 νοῦν

259 2762 545 2826 οὑσιωδῶς
580 2762 889 2831 ὑφεστῶταο
921 2762 1085 2832 μόνου
1118 2764 1242 2817 κατ’
1287 2761 1477 2816 οὐσίαν
1541 2761 1854 2831 ὑφεστῶτος

261 2857 506 2927 ἀνάρχου
570 2855 748 2922 Λόγου
808 2857 1132 2926 γεννήτοραο
1176 2857 1269 2908 καὶ
1294 2854 1463 2926 μόνης
1494 2853 1668 2908 αίδίου
1708 2853 1856 2926 ζωῆς

259 2945 542 3008 οὐσιωδῶς
596 2943 918 3014 ὑφεστώσης
978 2942 1297 3014 Πνεύματος
1359 2943 1522 3012 ἁγίου
1555 2945 1763 3016 πηγήνο
1796 2946 1855 2998 ἐν

261 3037 458 3108 μονάδι
508 3035 753 3106 Τριάδα,
812 3037 908 3088 καὶ
965 3036 1023 3088 ὲν
1053 3035 1247 3106 Τριάδι
1291 3035 1519 3105 μονάδα·
1552 3036 1651 3088 οὐκ
1684 3036 1854 3107 ἄλλην

256 3102 316 3181 έν
346 3129 510 3201 άλλη.
666 3128 775 3199 γὰρ
797 3126 871 3190 ὡς
903 3129 964 3181 ὲν
985 3102 1147 3199 οὐσίᾳ
1166 3129 1241 3199 τῇ
1279 3102 1468 3197 μονάδι
1498 3102 1851 3195 συμῦεδηκός
1881 3102 1927 3167 c

258 3223 406 3275 ἐστιν
429 3225 461 3293 η
501 3221 710 3290 Τριὰς,
738 3219 773 3289 ἢ
795 3224 856 3273 τδ
881 3219 1121 3290 ἔμπαλιν
1148 3222 1204 3273 ιν
1232 3218 1423 3291 Τριάδι
1447 3218 1638 3285 μονάς*
1663 3219 1855 3283 ἄποιος

253 3314 385 3386 γάρ·
447 3313 567 3368 οὐδ’
600 3313 678 3375 ὡς
718 3312 888 3380 άλλην
943 3314 1038 3365 καὶ
1072 3312 1263 3382 ἄλλην.
1298 3312 1374 3365 Οὐ
1422 3310 1530 3383 γάρ
1569 3310 1853 3383 ἑτερότητι

256 3405 481 3475 φύσεως
511 3404 626 3476 τῆς
655 3404 875 3475 τριάδος
914 3405 947 3475 ἡ
992 3404 1161 3475 μονὰς
1196 3403 1502 3474 διενήνοχεν
1530 3418 1546 3435 ·
1602 3401 1749 3471 ἁπλῆ
1791 3418 1852 3456 τε

253 3502 350 3556 καὶ
390 3500 503 3571 μία
575 3496 743 3567 φύσις
801 3495 1184 3566 τυγχάνουσινο
1235 3494 1348 3550 οὐδ’
1408 3497 1483 3559 ὡς
1506 3493 1676 3565 άλλην
1708 3493 1844 3566 παρ’

250 3591 563 3662 ἄλλην.οὐ
603 3589 716 3661 γάρ
772 3588 961 3659 ὑφέσει
1012 3589 1295 3659 δυνάμεως
1351 3587 1699 3659 διακέκριται
1752 3573 1857 3658 τῆς

257 3683 495 3753 μονάδος
531 3684 569 3753 ἠ
592 3681 790 3752 Τριὰς,
825 3681 858 3751 ἦ
886 3680 987 3751 τῆς
1014 3681 1244 3752 Τριάδος
1276 3681 1310 3753 ἡ
1345 3684 1534 3751 μονὰς,
1565 3681 1598 3752 ἢ
1627 3680 1701 3743 ὡς
1735 3696 1854 3733 κοι-

252 3778 343 3829 νόν
390 3792 445 3827 τι
514 3773 625 3828 καὶ
674 3772 911 3841 γενικδν,
960 3773 1052 3826 καὶ
1116 3773 1331 3843 ἐπινοίᾳ
1384 3772 1522 3845 μόνῃ
1575 3770 1855 3842 θεωρητδν

253 3866 365 3920 τῶν
399 3867 501 3920 ὑπ’
539 3862 686 3919 αὐτὸ
754 3862 997 3933 μερικῶν
1062 3862 1445 3935 παρήλλακται
1506 3863 1606 3933 τῆς
1635 3862 1854 3934 τριάδος

255 3961 290 4026 ἡ
353 3957 560 4029 μονὰς,
628 3954 786 4008 οὐσία
838 3954 1046 4024 κυρίως
1102 3952 1485 4023 αὐθύπαρκτος
1546 3952 1702 4018 οὖσα,
1758 3954 1856 4005 καὶ

250 4050 491 4121 δύναμις
514 4049 703 4109 ὅντως
739 4046 1090 4117 αὑτοσθενής·
1119 4045 1228 4099 οὐδ’
1253 4045 1329 4108 ὡς
1357 4045 1427 4098 δι’
1473 4044 1639 4114 ἄλλης
1665 4044 1856 4116 ἄλλην

250 4144 313 4196 οὐ
348 4145 468 4215 γάρ
497 4138 860 4213 μεσττεύεται
881 4138 1065 4209 σχέσει
1081 4137 1142 4191 τὸ
1169 4137 1367 4190 ταυτὸν
1386 4136 1563 4208 πάντη
1583 4137 1676 4189 καὶ
1696 4136 1853 4207 ἄσχε-

249 4252 366 4301 τον,
420 4235 508 4298 ὡς
567 4234 712 4304 πρὶς
768 4231 943 4285 αἴτιον
1001 4229 1245 4283 αἰτιατόν
1279 4245 1296 4263 ο
1334 4228 1550 4292 οὐδ’ὼς
1594 4228 1651 4296 ἐξ
1687 4228 1855 4299 ἄλλης

253 4328 453 4397 ἄλλην.
497 4326 581 4379 Οὐ
624 4325 737 4393 γὰρ
791 4321 934 4376 κατὰ
994 4321 1360 4392 παραγωγὴν,
1432 4321 1466 4389 ἢ
1522 4319 1854 4391 προαγωγὴν

1948 1927 2080 1999 quid
2105 1927 2200 1993 sit,
2225 1935 2318 1981 aut
2350 1926 2526 1996 qualis
2583 1925 2674 1990 sit,
2728 1925 2879 1978 nulla
2928 1939 3158 1995 prorsus
3196 1940 3285 1979 res
3340 1932 3528 1980 creata

1950 2026 2130 2089 potest
2161 2019 2463 2088 percipere.
2499 2015 2734 2072 Omnem
2765 2019 2911 2072 enim
2947 2018 3368 2088 intelligentium
3403 2017 3528 2072 vin-

1950 2110 2026 2167 cit
2076 2110 2520 2181 intelligentiam,
2568 2118 2624 2165 et
2693 2126 2724 2165 a
2783 2110 3063 2165 recondita
3112 2120 3275 2180 atque
3337 2109 3526 2163 intima

1948 2210 2146 2256 natura
2180 2217 2278 2256 sua
2309 2217 2419 2255 non
2453 2203 2766 2272 egrediens,
2794 2216 3013 2256 omnem
3046 2204 3290 2257 omnium
3338 2200 3526 2269 cogni-

1954 2295 2166 2353 tionum
2198 2295 2449 2350 notitiam
2474 2302 2721 2364 superat.

2598 2407 2875 2477 Ejusdem.

2024 2498 2200 2555 Unam
2236 2514 2399 2555 nosse
2427 2507 2644 2569 oportet
2677 2498 2984 2554 Divinitatis
3030 2508 3277 2555 naturam
3313 2509 3367 2557 et
3393 2500 3528 2565 vim,

1953 2608 2152 2664 nempe
2185 2592 2356 2648 Deum
2389 2608 2584 2656 unum,
2617 2592 2707 2662 qui
2732 2592 2788 2645 in
2822 2590 3003 2657 Patre,
3028 2601 3084 2647 et
3113 2590 3273 2659 Filio,
3312 2604 3367 2649 et
3402 2594 3531 2665 Spi-

1954 2690 2065 2746 ritu
2097 2696 2289 2743 sancto
2310 2694 2610 2757 spectetur.
2646 2684 2965 2755 utpote;so|a
3000 2683 3118 2739 sine
3143 2699 3307 2741 causa
3345 2701 3520 2752 mens,

1954 2797 2076 2852 qua:
2107 2795 2204 2852 per
2227 2778 2523 2835 essentiam
2550 2778 2819 2834 subsistit.
2849 2776 2919 2832 Et
2971 2776 3135 2831 unius
3194 2792 3294 2847 per
3339 2792 3527 2832 essem

1958 2875 2087 2929 tiam
2127 2871 2476 2928 subsistentis
2504 2870 2884 2940 principioque
2913 2869 3156 2925 carentis
3184 2869 3346 2926 Verbi
3368 2870 3534 2924 Geni-

1960 2975 2044 3022 tor
2063 2976 2183 3020 εειε
2217 2963 2465 3018 etsolius
2499 2970 2583 3017 est
2644 2970 2867 3016 internae
2909 2962 3034 3016 vitae
3100 2975 3196 3030 per
3237 2959 3530 3015 essentiam

1960 3054 2311 3112 subsistentis
2359 3052 2596 3123 Spiritus
2650 3052 2824 3108 sancti
2877 3052 3022 3107 fons.
3060 3051 3116 3105 In
3150 3053 3361 3106 unitate
3411 3050 3537 3106 Tri-

1956 3148 2121 3209 nitas,
2144 3155 2200 3200 et
2217 3145 2396 3200 unitas
2414 3146 2468 3199 in
2495 3145 2781 3199 Trinitate.
2807 3143 2925 3199 Non
2952 3160 3057 3199 una
3087 3154 3262 3199 tamen
3290 3145 3342 3199 in
3368 3144 3537 3199 altera

1954 3235 2036 3291 sic
2058 3243 2166 3298 est,
2187 3233 2353 3289 utch
2384 3233 2436 3288 in
2457 3233 2666 3287 unitate
2694 3231 2952 3295 Trinitas,
2978 3243 3234 3302 tanquam
3263 3234 3318 3287 in
3343 3249 3534 3289 essen-

1956 3326 2028 3382 tia
2088 3324 2347 3380 accidens
2404 3324 2475 3379 sit
2506 3342 2521 3376 :
2558 3321 2644 3376 vel
2672 3331 2861 3377 contra
2911 3322 2967 3375 in
3025 3320 3296 3376 Trinitate
3327 3322 3535 3380 unitas.

1955 3419 2052 3474 Est
2072 3418 2218 3472 enim
2243 3430 2440 3485 expers
2459 3412 2758 3484 qualitatis.
2783 3412 2971 3482 Neque
2990 3422 3050 3467 ut
3078 3413 3187 3468 alia
3212 3420 3378 3482 atque
3396 3413 3524 3478 alia,

1955 3509 2225 3580 siquidem
2268 3515 2478 3560 natura:
2507 3504 2824 3560 diversitate
2860 3519 2969 3558 non
3000 3505 3184 3560 differt
3211 3521 3238 3558 a
3271 3504 3537 3560 Trinitate

1956 3602 2155 3666 unitas,
2189 3614 2311 3655 cum
2336 3598 2563 3668 simplex
2587 3599 2659 3653 sit
2714 3607 2876 3667 atque
2920 3613 3026 3653 una
3074 3607 3289 3654 natura.
3347 3598 3537 3671 Neque

1957 3704 2019 3750 ut
2092 3708 2195 3747 una
2255 3691 2358 3747 sub
2430 3692 2622 3747 altera.
2680 3690 2814 3745 Nam
2864 3691 3120 3760 potentiae
3171 3690 3534 3746 submissionc

1956 3784 2211 3840 distincta
2229 3797 2338 3835 non
2376 3790 2461 3836 est
2497 3780 2565 3836 ab
2594 3781 2804 3836 unitate
2852 3780 3113 3842 Trinitas,
3173 3790 3268 3833 aut
3301 3780 3534 3833 unitasa

1956 3877 2248 3938 Trinitate,
2290 3889 2415 3939 nec,
2472 3880 2533 3927 ut
2583 3887 2875 3928 commune
2920 3871 3159 3939 aliquod,
3212 3880 3307 3925 aut
3360 3886 3535 3939 genus

1956 3967 2299 4029 universum,
2331 3962 2554 4031 etquod
2627 3962 2741 4016 sola
2794 3960 3119 4031 cogitatione
3167 3961 3532 4030 comprehen-

1957 4057 2138 4123 datur,
2167 4054 2334 4110 distat
2364 4068 2392 4107 a
2421 4050 2664 4123 partibus
2700 4050 3001 4119 formisque
3054 4049 3187 4114 suis,
3221 4050 3296 4105 ita
3350 4049 3532 4106 differt

1958 4146 2273 4204 aTrinitate
2301 4142 2506 4206 unitas,
2542 4155 2665 4195 cum
2697 4139 2769 4195 sit
2800 4138 3039 4195 essentia
3079 4138 3300 4210 proprie
3328 4155 3427 4209 per
3449 4154 3533 4206 se,

1957 4246 2013 4293 et
2070 4233 2313 4306 potentia
2349 4245 2444 4302 per
2474 4244 2535 4286 se
2564 4246 2689 4285 vere
2725 4229 2962 4299 pollens.
2994 4228 3185 4300 Neque
3212 4240 3268 4284 ut
3294 4246 3398 4284 una
3436 4246 3538 4300 per

1959 4329 2209 4384 alteram.
2247 4323 2406 4378 Nullo
2437 4324 2585 4378 enim
2615 4321 2806 4376 habitu
2846 4321 3024 4376 medio
3048 4322 3356 4392 capillatur,
3413 4334 3536 4377 tan-

252 4421 319 4472 ἐκ
360 4418 613 4488 μονάδος
650 4413 830 4483 τριάς,
856 4413 1158 4481 ἀγέννητος
1220 4410 1562 4483 ὑπάρχουσα,
1616 4412 1713 4463 καὶ
1760 4410 1850 4463 αὐ-

1963 4434 2125 4490 quam
2156 4431 2317 4473 causa
2343 4430 2467 4470 cum
2518 4428 2581 4469 eo
2606 4415 2763 4484 cujus
2788 4423 2871 4468 est
2900 4428 3085 4477 causa,
3121 4414 3196 4480 id,
3228 4415 3372 4483 quod
3411 4430 3535 4467 om-

247 4514 597 4578 τέκφαντος,
628 4504 768 4559 ἀλλὰ
793 4503 892 4574 τὴν
918 4502 1091 4573 αὐτὴν
1127 4503 1203 4564 ὡς
1228 4496 1446 4572 άληθῶς
1501 4501 1729 4570 μονάδα,
1762 4501 1850 4553 καὶ

1964 4508 2094 4563 nino
2122 4507 2264 4561 idem
2304 4512 2409 4568 est,
2438 4513 2604 4573 atque
2635 4504 2821 4558 habitu
2849 4511 3022 4559 caret.
3076 4502 3266 4574 Neque
3321 4513 3377 4558 ut
3428 4520 3535 4558 una

254 4600 469 4671 τριάδα
502 4598 610 4651 καὶ
666 4595 994 4665 λεγομένην,
1048 4594 1142 4647 καὶ
1207 4593 1535 4664 νοουμένην,
1570 4592 1631 4643 τὸ
1658 4592 1759 4661 μὲν
1783 4590 1850 4662 τᾷ

1959 4615 2030 4655 ex
2054 4600 2253 4663 altera;
2280 4613 2389 4652 non
2438 4596 2586 4652 enim
2644 4612 2741 4666 per
2788 4596 3155 4651 accessionem
3220 4595 3539 4664 pra-cessio-

250 4694 381 4745 κατ’
414 4689 622 4743 οὐσίαν
666 4688 831 4758 λόγῳ,
890 4685 953 4738 τὸ
1014 4685 1071 4738 δὲ
1094 4683 1173 4755 τῷ
1234 4685 1358 4738 καθ’
1382 4683 1620 4754 ὕπαρξιν
1646 4684 1850 4755 τρόπῳι

1963 4707 2200 4762 nemque
2228 4690 2471 4746 Trinitas
2489 4698 2572 4746 est
2606 4690 2676 4744 ab
2728 4688 2960 4751 unitate,
2984 4704 3106 4743 cum
3160 4690 3231 4743 sit
3295 4687 3538 4758 ingenita

250 4784 388 4855 ὃλην
426 4782 656 4853 μονάδα
677 4779 777 4848 τὴν
806 4778 997 4849 αὐτὴν,
1015 4778 1087 4847 μὴ
1113 4779 1525 4847 μεμερισμένην
1575 4779 1695 4841 ταῖς
1722 4777 1850 4830 ὑπο·

1961 4794 2016 4839 et
2054 4799 2151 4855 per
2176 4798 2235 4838 se
2273 4782 2523 4836 exsistat.
2553 4781 2661 4835 Sed
2701 4789 2761 4835 ut
2790 4796 2910 4851 qua:
2935 4781 3122 4833 eadem
3169 4794 3359 4833 revera
3413 4780 3537 4833 uni-

247 4877 520 4931 στάσεσιο
562 4873 662 4927 καὶ
708 4871 838 4942 ὅλην
869 4869 1078 4940 Τριάδα
1101 4868 1199 4939 τὴν
1239 4868 1433 4940 αὐτὴν,
1465 4870 1533 4939 τῇ
1571 4870 1758 4939 μονάδι
1784 4870 1850 4940 μὴ

1962 4886 2044 4933 tas
2073 4886 2129 4931 et
2161 4874 2401 4929 Trinitas
2435 4873 2656 4937 dicitur,
2711 4880 2766 4928 et
2807 4872 3145 4941 intelligitur.
3190 4871 3382 4927 Unitas
3421 4873 3543 4942 qui.

240 4964 771 5038 συγκεκομμένην,
805 4961 892 5016 ίνα
945 4962 1025 5032 μὴ
1055 4959 1134 5031 τῷ
1183 4959 1438 5031 μερισμῷ
1477 4961 1539 5014 τὸ
1579 4960 1850 5029 πολύθεον,

1962 4967 2089 5023 dem
2118 4966 2330 5020 ratione
2355 4964 2628 5029 essentia,
2663 4964 2902 5018 Trinitas
2960 4973 3142 5019 autem
3213 4965 3393 5029 modo,
3425 4979 3535 5033 quo

251 5065 286 5133 ἢ
325 5066 401 5134 τῇ
434 5058 720 5129 συγχύσει
749 5055 812 5108 τὸ
838 5054 998 5109 άθεον
1031 5052 1480 5121 είσκομίζωνται.

1971 5057 2209 5114 exsistit.
2239 5057 2375 5112 Tota
2403 5056 2586 5110 unitas
2626 5056 2814 5110 eadem
2867 5056 3116 5111 distincta
3161 5057 3431 5127 personis.
3468 5058 3539 5113 Et

254 5165 375 5210 tona
408 5150 677 5206 Trinitas
734 5146 927 5201 eadem
979 5159 1089 5200 non
1137 5143 1346 5199 unitate
1367 5140 1629 5199 confusa.
1659 5143 1738 5201 Ne
1766 5146 1849 5202 vel

1950 5150 2144 5207 visione
2174 5147 2553 5204 introducatur
2599 5148 2827 5205 deorum
2884 5150 3195 5219 multitudo,
3228 5151 3314 5207 vel
3346 5150 3539 5205 confu-

248 5247 415 5304 sione
442 5239 734 5297 Divinitas
781 5244 1077 5291 evertatur.

907 5372 1017 5429 Τοῦ
1041 5371 1250 5432 αὑτοῦ⁴

2637 5371 2909 5441 Ejusdem.

320 5476 490 5546 Μόνη
558 5467 718 5539 ἁπλῆ
763 5465 860 5521 καὶ
914 5463 1210 5535 μονοειδὴς,
1269 5462 1364 5517 καὶ
1417 5463 1676 5535 ἀνενδεὴς
1702 5504 1719 5532 ,
1767 5468 1850 5521 καί

2038 5463 2162 5520 Sola
2194 5462 2444 5533 simplex,
2480 5472 2537 5519 et
2566 5464 2881 5530 uniformis,
2908 5474 2964 5520 et
3007 5466 3212 5520 nullius
3259 5480 3446 5536 egens,
3477 5478 3535 5525 et

250 5573 547 5641 ἄτρεπτος
578 5565 619 5633 ἡ
655 5558 1022 5632 δημιουργικὴ
1064 5555 1175 5609 τῶν
1205 5553 1343 5608 ὅλων
1371 5554 1532 5608 οὐσία
1560 5555 1663 5636 τῆς
1692 5555 1850 5625 ἁγίας

1968 5549 2322 5613 immutabilis
2352 5560 2435 5607 est
2470 5553 2721 5610 effectrix
2754 5554 2848 5607 illa
2876 5569 3060 5609 rerum
3117 5556 3365 5611 omnium
3406 5573 3534 5614 san-

248 5662 528 5734 Τριάδος.
599 5654 764 5708 Πᾶσα
797 5651 852 5705 δὲ
899 5649 1077 5711 κτίσις
1103 5645 1355 5710 σύνθετός
1407 5648 1556 5700 ἐστιν
1579 5646 1639 5711 ἐξ
1665 5647 1850 5713 οὐσίας

1968 5656 2071 5703 cta:
2102 5645 2388 5701 Trinitatis
2405 5648 2667 5702 essentia.
2700 5641 2902 5698 Omnes
2926 5652 3109 5701 autem
3140 5660 3227 5701 res
3243 5661 3538 5717 procreata

250 5731 352 5812 tuti
398 5746 864 5828 συμδεὸηκότος,
903 5742 997 5797 καὶ
1032 5737 1253 5811 ἐπιδεὴς
1286 5737 1373 5792 ἀεὶ
1406 5737 1504 5808 τῆς
1550 5738 1704 5805 Θείας
1729 5757 1850 5812 προ.

1968 5737 2209 5797 essentia
2237 5743 2513 5804 constant,
2554 5744 2608 5793 et
2649 5731 3047 5802 accidentibus,
3079 5745 3134 5793 et
3172 5733 3355 5792 divina
3389 5752 3532 5792 sem-
