4060 6278
560 385 632 449 99
1772 379 2146 445 EUTHYMII

2248 374 2550 443 [GABENI

3715 379 3814 443 100

562 511 665 568 per
683 494 929 566 indigent
973 492 1343 574 providentia,
1396 493 1595 565 quippe
1618 509 1745 565 qua:
1805 509 1917 549 non
1964 506 2091 549 sunt
2119 509 2146 548 a

2252 492 2425 559 νοίας,
2493 494 2568 557 ὡς
2630 492 2731 547 οὐκ
2779 476 3042 562 ἐλευθέρα
3076 475 3327 561 τροπῆς.
3384 478 3511 559 Χρῆν
3555 485 3649 543 οὖν
3680 490 3820 560 μήτε

563 587 958 642 mutationibus
982 588 1187 642 liberte.
1216 587 1329 641 Nec
1358 585 1612 641 accidens
1632 586 1795 657 igitur
1810 586 1879 641 de
1912 587 2023 641 Deo
2038 601 2142 641 nec:

563 680 884 749 qualitatem
906 688 1122 749 oportet
1150 678 1355 733 dicere.
1390 675 1515 733 Haec
1547 677 1691 732 enim
1720 677 1773 731 in
1805 693 1894 733 res
1916 693 2142 749 compo-

564 772 703 824 sitas
730 780 786 824 et
816 769 1109 824 mutabiles
1166 769 1393 827 cadunt.
1457 768 1528 823 At
1581 769 1764 824 omnia
1816 784 1937 840 quae
1997 768 2142 825 Deus

568 863 754 930 habet,
787 865 951 918 habet
975 873 1188 929 natura,
1209 876 1313 918 nec
1344 862 1418 916 illi
1452 862 1723 918 inhaerent
1770 873 1828 918 ut
1883 863 2141 933 adjuncta

562 964 615 1007 et
635 957 918 1025 acquisita.
953 958 1010 1009 ln
1045 955 1278 1025 simplici
1307 964 1357 1010 et
1397 955 1609 1010 infinita
1632 955 1918 1011 Trinitatis
1943 971 2139 1013 esset»

566 1047 637 1097 tia
673 1061 773 1100 nec
808 1047 1045 1111 habitus,
1080 1062 1183 1102 nec
1208 1047 1543 1117 aptitudines
1570 1063 1806 1119 quzeras,
1872 1064 1941 1103 ne
1966 1049 2139 1112 illam,

566 1138 643 1189 uti
679 1152 766 1192 res
798 1148 1112 1207 procreatas
1144 1139 1502 1209 compositam
1536 1155 1657 1195 esse
1686 1140 2138 1195 comminiscaris.

1160 1251 1439 1322 Ejusdem.

639 1345 717 1399 Ex
745 1344 834 1408 iis,
868 1360 988 1414 quae
1036 1354 1184 1407 sunt,
1233 1359 1422 1398 eorum
1489 1358 1709 1398 causam
1754 1353 2145 1414 auctoremque

567 1436 970 1508 cognoscimus.
1002 1436 1075 1490 Ex
1108 1437 1351 1507 ipsorum
1382 1446 1563 1491 autem
1606 1434 1918 1491 differentia
1971 1437 2140 1491 disci-

570 1546 693 1584 mus
720 1531 1076 1585 exsiSIentcm
1122 1529 1176 1582 in
1210 1542 1296 1595 eo,
1320 1529 1411 1598 qui
1443 1538 1546 1593 est,
1568 1527 1889 1597 sapientiam
1921 1525 2142 1581 Filium.

568 1622 643 1675 Ex
671 1624 903 1677 naturali
932 1636 1061 1676 vero
1085 1621 1399 1675 eorumdem
1424 1631 1575 1675 motu
1596 1621 1946 1676 exsistentcm
1970 1621 2025 1673 in
2053 1635 2142 1686 eo,

566 1713 661 1782 qui
701 1720 808 1779 est,
858 1713 1056 1778 vitam,
1100 1720 1422 1781 potestatem
1477 1713 1653 1780 illam,
1691 1714 1839 1768 unde
1865 1728 1950 1768 res
1978 1714 2143 1769 vitam

569 1805 853 1869 hauriunt,
883 1819 1081 1871 nempe
1118 1803 1384 1871 Spiritum
1420 1812 1694 1870 sanctum,
1722 1804 2094 1875 intelligimus.

628 1917 880 1986 Ejusdem
910 1934 972 1970 ea:
997 1918 1428 1987 interpretatione
1457 1920 1772 1981 precationis
1794 1917 2099 1973 Dominicw.

641 2031 853 2087 Nomen
897 2033 991 2087 Dei
1021 2044 1075 2089 et
1111 2032 1287 2089 Patris
1343 2050 1440 2104 per
1481 2035 1776 2089 essentiam
1837 2035 2148 2092 subsistens

567 2134 653 2178 est
681 2125 999 2193 unigenitus
1023 2123 1214 2179 Filius.
1237 2124 1303 2178 Et
1334 2141 1556 2195 regnum
1594 2126 1689 2180 Dei
1720 2134 1775 2181 et
1837 2126 2014 2183 Patris
2052 2141 2147 2196 per

569 2214 865 2267 essentiam
921 2215 1227 2269 subsistens
1268 2226 1352 2271 est
1406 2214 1643 2287 Spiritus
1695 2228 1941 2273 sanctus.
1990 2216 2147 2284 Quod

568 2308 712 2362 enim
738 2308 841 2362 hoc
874 2308 992 2362 loco
1012 2307 1301 2361 Matthteus
1332 2323 1557 2380 regnum
1577 2306 1728 2377 dicit,
1752 2309 1890 2366 alius
1910 2324 2147 2383 cvange-

567 2398 690 2453 lista
709 2399 836 2453 alibi
867 2398 1131 2469 Spiritum
1164 2408 1413 2453 sanctum
1448 2394 1736 2469 appellavit
1764 2415 1781 2453 :
1827 2401 2145 2469 «Adveniat,

565 2492 843 2561 inquiens,
890 2490 1129 2560 Spiritus
1168 2501 1412 2559 sanctus,
1444 2502 1499 2547 et
1529 2508 1629 2547 nos
1650 2501 1942 2565 expurget.
1988 2511 2006 2545 ›
2042 2493 2149 2549 Ne-

564 2599 670 2652 que
693 2585 841 2637 enim
878 2584 1039 2638 Pater
1061 2584 1226 2637 habet
1257 2583 1588 2653 adjectivum
1613 2600 1840 2638 nomen.
1887 2582 1998 2639 Nec
2055 2601 2146 2640 re-

566 2688 731 2743 gnum
758 2672 813 2725 in
840 2670 963 2742 ipso
1002 2682 1257 2742 tanquam
1280 2671 1601 2742 dignitatem
1638 2672 1877 2743 aiiquam
1914 2672 2148 2729 attribu-

569 2771 677 2816 tam
743 2762 1068 2833 cogitamus.
1130 2762 1421 2832 Nunquam
1485 2763 1629 2817 enim
1685 2778 1811 2818 esse
1856 2765 2043 2834 coepit,
2090 2773 2149 2820 ut

572 2856 737 2909 etiam
776 2856 961 2920 Pater,
988 2864 1083 2908 aut
1142 2854 1255 2910 Rex
1309 2870 1428 2910 esse
1483 2865 1665 2925 posset
1724 2856 1985 2925 incipere.
2040 2854 2149 2911 Sed

570 2962 696 3000 eum
729 2963 947 3019 semper
975 2949 1068 3012 sit,
1101 2962 1321 3018 semper
1353 2949 1516 3002 etiam
1552 2956 1636 3002 est
1676 2946 1838 3002 Pater
1897 2958 1952 3002 et
2012 2946 2145 3003 Rex.

566 3035 679 3091 Nec
718 3038 934 3091 initium
968 3039 1157 3092 habuit
1181 3038 1427 3101 omnino,
1458 3050 1515 3092 ut
1543 3038 1627 3092 vel
1680 3047 1848 3104 esset,
1876 3037 1959 3092 vel
1987 3036 2151 3093 Pater

564 3136 623 3177 et
656 3126 766 3181 Rex
801 3137 965 3182 esset.
999 3126 1155 3192 Quod
1181 3128 1224 3182 si
1262 3142 1478 3197 semper
1514 3127 1589 3181 ita
1650 3136 1757 3192 est,
1810 3137 1871 3182 ut
1931 3142 2149 3197 semper

564 3226 623 3269 et
647 3216 808 3270 Pater
847 3218 918 3270 sit
950 3228 1003 3270 et
1035 3215 1173 3282 Rex,
1233 3192 1451 3287 semper
1489 3220 1675 3288 utique
1727 3228 1781 3272 et
1852 3192 2067 3286 Filius,‘
2094 3230 2149 3275 et
2175 3192 2217 3249 (ἶ

571 3306 809 3375 Spiritus
838 3316 1060 3361 sanctus
1092 3322 1193 3377 per
1220 3308 1518 3363 essentiam
1587 3324 1712 3364 eum
1761 3308 1921 3365 Patre
1984 3311 2147 3367 simul

564 3397 866 3464 exsistunt,
893 3412 1016 3451 cum
1062 3406 1119 3451 et
1162 3414 1226 3452 ex
1256 3399 1374 3468 ipso
1401 3400 1541 3464 sint,
1569 3400 1706 3456 etin
1755 3402 1875 3472 ipso
1925 3413 2144 3459 natura-

569 3487 715 3551 liter,
744 3498 796 3541 et
819 3503 982 3558 supra
1017 3504 1233 3542 causam
1269 3500 1325 3544 et
1376 3489 1664 3557 rationem,
1698 3506 1809 3546 non
1842 3504 2023 3549 autem
2052 3510 2149 3564 per

569 3594 792 3634 causam
829 3590 949 3649 post
980 3580 1158 3650 ipsum
1188 3579 1317 3635 sint.
1351 3581 1578 3637 Habitus
1606 3583 1774 3646 enim,
1837 3586 1930 3654 qui
1985 3586 2151 3640 habet

573 3673 720 3727 hanc
754 3673 882 3737 vim,
908 3682 967 3726 ut
1001 3689 1087 3727 res
1109 3673 1271 3727 simul
1309 3674 1651 3741 ostendatur,
1707 3690 1818 3728 non
1878 3676 2147 3743 concedit,

574 3775 635 3820 ut
661 3781 746 3829 ea,
778 3780 1009 3836 quorum
1041 3775 1124 3821 est
1151 3765 1390 3846 habitus,
1415 3776 1604 3821 mutuo
1638 3766 2076 3823 considerentur.

1246 3878 1523 3948 Ejusdem.

648 3969 705 4023 Si
730 3968 968 4024 Verbum
1012 3973 1446 4041 procreationem
1476 3988 1661 4027 rerum
1713 3973 2011 4039 antecedit,
2051 3988 2154 4030 nec

574 4060 697 4126 fuit,
730 4076 830 4116 nec
860 4072 964 4124 est,
1004 4078 1105 4117 nec
1158 4071 1263 4116 Bl'll.
1294 4062 1471 4118 Verbo
1501 4063 1796 4134 quidquam
1849 4065 2148 4135 antiquius.

575 4154 643 4207 At
676 4152 914 4207 Verbum
951 4169 1053 4207 nec
1080 4154 1198 4209 sine
1239 4163 1421 4208 mente
1450 4164 1552 4220 est,
1594 4172 1698 4212 nec
1758 4173 1954 4227 expers
2009 4157 2151 4223 vitae,

571 4242 672 4297 sed
697 4255 748 4296 et
787 4253 1120 4309 mentcm,et
1162 4245 1328 4299 vitam
1380 4246 1565 4310 habet,
1630 4256 1869 4301 mentem
1927 4238 2149 4316 quidem

572 4340 951 4401 generantem,
982 4342 1035 4386 et
1083 4348 1178 4402 per
1203 4336 1496 4390 essentiam
1518 4336 1873 4391 exsistentem
1912 4338 2152 4405 Patrem,

572 4422 744 4474 *vitattt
774 4433 953 4475 autem
992 4438 1089 4493 per
1131 4426 1427 4481 essentiam
1476 4428 1828 4483 exsistentem
1887 4428 2151 4499 Spiritum

566 4524 847 4566 :sanctum.

571 4646 719 4703 hem
744 4650 809 4720 de
835 4647 1017 4714 Patre,
1042 4659 1090 4704 et
1121 4650 1274 4717 Filio,
1327 4662 1376 4706 et
1421 4650 1625 4720 Spiritu
1657 4662 1839 4708 sancto
1895 4653 2148 4709 distincta

644 4719 1000 4844 Emittantque
1058 4723 1210 4775 unita
1251 4722 1561 4776 Diuinitatis
1589 4725 1749 4776 ratio.
1807 4722 2148 4782 Damascem'.

698 4805 787 4844 an.
864 4827 878 4842 .

698 4805 787 4858 ap.
823 4805 878 4842 δ.

676 4898 969 4955 Credimus
1021 4901 1185 4973 igitur
1230 4902 1285 4958 in
1334 4919 1504 4959 unum
1567 4902 1761 4971 Deum,
1827 4907 2151 4977 principium

570 5000 771 5052 unum,
813 4986 1081 5058 principio
1109 4999 1408 5054 carentem,
1456 4990 1786 5056 increatum,
1825 4992 2147 5063 ingenitum,

573 5075 833 5131 interitus
862 5092 927 5131 ac
956 5082 1150 5135 mortis
1173 5082 1443 5148 nescium,
1476 5090 1764 5148 teternum,
1797 5082 2147 5150 immensum,

574 5166 1139 5238 incircumscriptum,
1172 5172 1342 5228 nullis
1388 5174 1641 5230 terminis
1670 5173 1981 5242 deﬁnitum,
2025 5176 2150 5232 inli-

574 5258 707 5311 uitae
760 5259 1041 5326 potentiae,
1097 5260 1353 5329 simplex,
1398 5263 1846 5333 incompositum,
1896 5265 2149 5336 inc0rpo-

576 5365 733 5404 reum
759 5389 772 5411 ,
814 5364 843 5402 a
882 5348 1066 5415 ﬂuxu,
1112 5352 1390 5420 passione,
1442 5356 1702 5426 omnique
1749 5357 2052 5413 mulatione
2095 5366 2150 5414 ct

577 5441 907 5495 alteratione
952 5441 1203 5505 liberum,
1249 5434 1603 5508 invisibilem,
1651 5446 1831 5503 omnis
1886 5448 2149 5504 bonitatis

572 5545 643 5586 ac
672 5532 901 5601 iustitiae
939 5531 1169 5598 fontem,
1216 5539 1391 5593 lucem
1443 5536 1869 5593 intellectualem
1904 5548 1959 5593 et
1992 5540 2147 5605 inac-

568 5634 813 5685 cessam,
846 5623 1146 5693 potentiam
1182 5624 1329 5679 nulla
1368 5640 1626 5681 mensura
1667 5630 2143 5699 comprehensam,

566 5725 852 5781 quamque
880 5713 996 5790 sola
1030 5715 1285 5771 voluntas
1322 5731 1422 5772 sua
1458 5719 1717 5773 metiatur
1749 5720 1967 5790 (potest
1998 5722 2143 5779 enim

568 5801 841 5871 quidquid
878 5784 1053 5875 vult),
1122 5821 1309 5862 rerum
1342 5810 1588 5864 omnium
1625 5784 2007 5883 conditricem,
2031 5822 2143 5871 tant

2248 586 2601 657 συμϐεϐηκὸς
2626 587 2723 639 ἐπὶ
2751 582 2891 638 Θεοῦ
2923 583 3124 653 λέγειν,
3161 583 3299 653 μήτε
3343 582 3627 651 ποιότητα.
3696 580 3819 635 Τῶν

2246 676 2635 747 συνθέτωνγάρ
2654 676 2826 730 ταῦτα
2856 676 2944 729 κεὶ
2977 674 3253 746 τρεπτῶν.
3288 671 3475 728 Πάντα
3495 672 3553 727 δὲ
3578 673 3679 727 ὅσα
3710 672 3825 741 ἔχει

2244 770 2272 824 ό
2310 771 2461 836 Θεὸς,
2494 770 2655 839 φύσει
2710 770 2846 840 ἔχει,
2894 768 2990 822 καὶ⁸
3034 768 3136 822 οὐκ
3192 766 3481 839 ἐπίκτητα.
3537 767 3629 836 Μὴ
3680 766 3825 831 Eget;

2246 864 2340 916 καὶ
2407 863 2852 934 ἐπιτηδειότητας
2903 860 3144 933 ζητήσῃς
3193 861 3287 914 ἐπὶ
3334 861 3435 929 τῆς
3493 859 3673 931 ἁπλῆς
3726 861 3822 912 καὶ⁵

2243 955 2471 1026 ἀπείρου
2506 955 2696 1020 οὐσίας
2720 956 2817 1025 τῆς
2848 954 3010 1023 ἁγίας
3060 954 3309 1027 Τριᾶδος,
3339 954 3428 1006 ἵνα
3458 952 3533 1023 μὴ
3567 951 3823 1006 σύνθετον

2245 1049 2418 1121 αὐτὴν
2478 1049 2835 1123 δογματίσῃς,
2884 1048 3076 1117 ὥσπερ
3122 1048 3192 1101 τὰ
3244 1047 3536 1118 κτίσματα.

2838 1251 2956 1309 Τοῦ
2999 1253 3207 1308 αὐτοῦ.

2328 1351 2425 1404 Ἐκ
2482 1349 2591 1402 τῶν
2618 1347 2786 1401 ὄντων
2831 1347 2941 1399 τῶν
2993 1346 3166 1400 ὄντων
3214 1344 3559 1416 γινώσκομεν
3606 1346 3801 1413 αίτιον,

2251 1438 2346 1490 καὶ
2379 1438 2443 1490 ὲκ
2496 1439 2597 1507 τῆς
2623 1435 2889 1506 διαφορᾶς
2942 1433 3054 1489 τῶν
3108 1434 3279 1489 ὄντων
3307 1436 3405 1504 τὴν
3455 1436 3823 1489 ὲνυπόστατον

2246 1529 2341 1601 τοῦ
2396 1531 2550 1591 ὗντος
2613 1526 2982 1596 διδασκόμεθα
3046 1526 3263 1594 σοφίαν,
3310 1527 3402 1581 τὸν
3431 1528 3583 1594 Υίὸν,
3632 1530 3729 1583 καὶ
3757 1530 3825 1582 ἐκ

2246 1623 2349 1691 τῆς
2375 1620 2482 1675 τῶν
2538 1620 2709 1673 ὅντων
2742 1620 2983 1689 φυσικῆς
3011 1618 3280 1689 κινήσεως
3329 1618 3431 1688 τὴν
3458 1620 3824 1674 ὲνυπόστατον

2247 1711 2343 1765 τοῦ
2371 1712 2525 1773 ὄντος
2558 1712 2907 1782 μανθάνομεν
2935 1709 3103 1778 ζωὴν,
3138 1710 3236 1782 τὴν
3262 1708 3370 1765 τῶν
3391 1710 3562 1765 ὄντων
3587 1713 3822 1776 ζωοποι-

2247 1805 2305 1856 δν
2328 1803 2578 1873 δύναμιν,
2609 1803 2672 1856 τὸ
2700 1802 2924 1872 Πνεῦμα
2952 1801 3014 1855 τὸ
3050 1801 3226 1870 ἅγιον.

2326 1914 2436 1970 Τοῦ
2468 1913 2655 1970 αὐτοῦ
2671 1912 2741 1969 ἐκ
2766 1912 2877 1985 τῆς
2892 1914 3210 1985 ἑρμηνείας
3236 1912 3343 1968 τοῦ
3360 1912 3548 1982 Πάτερ
3567 1912 3754 1985 ἡμῶν.

2327 2029 2548 2097 Ὀνομα
2599 2028 2693 2083 τοῦ
2722 2027 2859 2084 Θεοῦ
2896 2028 2990 2083 καὶ
3025 2027 3239 2099 Πατρδς
3269 2028 3546 2093 οὐσιωδῶς
3574 2030 3821 2099 ὑφεστὼς

2247 2124 2399 2176 ἐστιν
2427 2121 2455 2173 ό
2492 2121 2789 2192 μονογενὴς
2819 2121 2968 2186 Υἱός·
3021 2123 3116 2175 καλ⁵
3165 2121 3415 2191 βασιλεία
3442 2122 3536 2175 τοῦ
3567 2122 3705 2177 Θεοῦ
3728 2126 3826 2179 καὶ

2248 2213 2466 2285 Πατρὸς
2533 2213 2807 2278 οὐσιωδῶς
2868 2214 3016 2267 ἐστιν
3057 2214 3350 2282 ὑφεστῶσα
3393 2213 3455 2267 τὸ
3509 2215 3734 2286 Πνεῦμα
3764 2218 3828 2271 τὸ

2249 2303 2424 2373 ἅγιον.
2462 2306 2529 2359 Ὀ
2560 2306 2670 2374 γὰρ
2728 2304 2964 2359 ἐνταῦθα
3012 2306 3291 2370 Ματϐαῖός
3360 2324 3495 2377 φησι
3552 2307 3825 2378 βασιλεία,

2249 2394 2481 2466 ἀλλαχοῦ
2512 2398 2622 2450 τῶν
2680 2395 3089 2466 εὐαγγελιστῶν
3147 2397 3336 2469 ἕτερος
3364 2397 3593 2469 Πνεῦμα
3661 2400 3818 2468 ἅγιον

2248 2488 2484 2559 κέκληκε
2507 2487 2752 2557 φάσκων,
2793 2506 2813 2541 ι
2840 2474 3089 2541 ¹Ἐλθέτω
3113 2505 3206 2543 σου
3229 2489 3289 2542 τὸ
3320 2489 3542 2560 Πνεῦμα
3573 2489 3633 2543 τὸ
3670 2489 3828 2560 ἄτιον

2250 2580 2345 2632 καὶ
2367 2579 2723 2649 καθαρισάτω
2754 2581 2955 2650 ἡμᾶς.)
2996 2581 3070 2635 Οὐ
3119 2580 3229 2652 γὰρ
3257 2580 3548 2652 ἐπίκτητον
3579 2584 3605 2636 ὁ
3635 2582 3826 2655 Πατὴρ

2249 2671 2360 2742 ἔχει
2388 2672 2448 2726 τὸ
2476 2671 2665 2744 ὄνομα,
2716 2672 2839 2728 οὕτε
2878 2672 2983 2745 μὴν
3012 2674 3086 2737 ὡς
3134 2674 3292 2739 ἀξίαν
3334 2676 3820 2747 ἑπιθεωρονμένην

2249 2762 2401 2834 αὐτῷ
2461 2762 2693 2834 νοοῦμεν
2725 2764 2824 2832 τὴν
2854 2763 3155 2833 βασιλείαν.
3190 2766 3304 2819 Οὐκ
3335 2759 3535 2836 ἦρκται
3588 2768 3696 2839 γὰρ
3730 2767 3826 2821 τοῦ

2249 2851 2412 2921 εἶναι,
2458 2855 2654 2909 ῖνακαὶ
2688 2856 2783 2909 τοῦ
2818 2852 2956 2910 εἶναι
2989 2856 3176 2926 Πατὴρ
3207 2857 3239 2930 ἢ
3272 2856 3524 2926 βασιλεὺς
3569 2857 3741 2930 ἀρξητ
3786 2877 3825 2927 ι,

2250 2947 2367 3003 ἀλλ’
2397 2951 2482 3001 ἀεὶ
2511 2947 2607 3015 ὢν,
2628 2948 2715 3002 ἀεὶ
2734 2949 2829 3002 καὶ
2855 2949 3044 3019 Πατήρ
3076 2951 3213 3014 ἐστι,
3249 2949 3342 3002 καὶ
3373 2948 3650 3021 βασιλεὺςο
3689 2952 3828 3024 μήτε

2248 3039 2345 3093 τοῦ
2374 3037 2539 3107 εἶναι,
2608 3042 2747 3113 μήτε
2799 3042 2894 3096 τοῦ
2928 3042 3117 3113 Πατὴρ
3152 3042 3245 3095 καὶ
3275 3041 3531 3111 βασιλεὺς
3567 3039 3709 3096 εῖναι
3761 3044 3825 3098 τὸ

2253 3130 2517 3201 παράπαν
2568 3131 2864 3203 ἠργμένος.
2930 3132 2994 3185 Εί
3020 3133 3075 3187 δὲ
3108 3134 3194 3186 ἀεὶ
3242 3132 3340 3196 ὣν,
3373 3135 3462 3188 ἀεὶ
3492 3136 3585 3187 καὶ
3637 3134 3828 3207 Πατήρ

2252 3222 2391 3286 ἐστι,
2443 3223 2537 3276 καὶ
2590 3224 2865 3294 βασιλεὺς,
2929 3223 3015 3278 ἀεὶ
3076 3226 3183 3296 ἄρα
3243 3226 3570 3295 meum,
3640 3228 3826 3282 καὶτὸ

2251 3309 2409 3379 ἆγιον
2441 3313 2665 3383 Πνεῦμα
2693 3314 2967 3378 οὐσιωδῶς
3020 3315 3097 3385 τῷ
3148 3317 3325 3387 Πατρὶ
3350 3319 3829 3389 συνυφεστήκατιν

2250 3403 2310 3471 ἐξ
2344 3403 2513 3458 αὐτοῦ
2544 3423 2604 3460 τε
2640 3406 2790 3473 ὄντα,
2822 3408 2919 3461 καὶ
2941 3408 2997 3460 ὲν
3025 3409 3179 3480 αὐτῷ
3201 3410 3447 3478 φυσικῶς
3481 3412 3622 3482 ὑπὲρ
3651 3412 3831 3467 αἰτίαν

2251 3497 2349 3551 καὶ
2370 3496 2556 3566 λόγον,
2579 3497 2697 3552 ἀλλ’
2751 3501 2813 3552 οὐ
2842 3499 2961 3571 μετ’
3018 3501 3185 3555 αὑτὸν
3242 3504 3514 3572 γενόμενα
3560 3502 3834 3560 διἀίτίαν

2252 3586 2497 3660 ὕστερον.
2516 3591 2579 3642 Ἠ
2595 3593 2700 3666 γὰρ
2715 3594 2896 3663 σχέσις
2914 3595 3119 3648 συνενδε
3132 3594 3285 3660 (iam;
3301 3594 3565 3665 κέκτηται
3578 3594 3833 3665 δύναμιν,

2249 3680 2319 3734 τὰ
2370 3676 2445 3735 ὧν
2475 3681 2593 3736 ἐστι
2630 3700 2690 3735 τε
2740 3685 2834 3738 καὶ
2873 3684 3092 3753 λέγεται
3144 3687 3327 3756 σχέσις
3363 3685 3483 3759 μετ’
3507 3684 3715 3758 ἄλληλα
3752 3689 3837 3760 μὴ

2252 3776 2612 3846 συγχωροῦσα
2639 3777 2981 3848 Θεωρεῖσθαι.

2862 3891 2974 3947 Τοῦ
3018 3891 3227 3947 αὐτοῦ.

2323 3984 2387 4039 Et
2418 3985 2589 4051 Λόγος
2614 3985 3045 4055 προκαθηγεῖται
3071 3985 3169 4055 τῆς
3200 3984 3308 4039 τῶν
3333 3984 3505 4039 ὄντων
3530 3984 3825 4056 γενέσεως,

2246 4075 2377 4129 οὔτε
2420 4071 2508 4147 ἦν,
2555 4074 2678 4129 οὔτε
2725 4076 2903 4130 ἐστίν·
2942 4075 3069 4130 οὔτε
3111 4077 3264 4130 ἔσται
3306 4073 3400 4128 τοῦ
3445 4076 3619 4145 Δόγου
3665 4077 3827 4146 λόγος

2253 4166 2543 4238 ἀνώτερος.
2564 4168 2734 4235 Λόγος
2757 4167 2816 4222 δέ
2845 4168 2995 4222 ἐστιν
3018 4168 3118 4221 οὐκ
3150 4169 3332 4234 ἄνους,
3357 4167 3389 4238 ἢ
3409 4168 3554 4239 ζωῆς
3569 4168 3825 4239 ἄμοιρος,

2251 4255 2366 4310 ἀλλ’
2396 4255 2600 4321 ἔννους,
2623 4260 2719 4311 καὶ
2743 4256 2875 4322 ζῶν,
2902 4256 2979 4320 ὡς
3009 4257 3283 4329 γεννῶντα
3314 4258 3439 4313 νοῦν
3466 4258 3606 4328 ἔχων
3631 4258 3832 4314 οὐσιω-

2252 4345 2357 4408 δῶς
2386 4346 2674 4414 ὑφεστῶτα
2706 4347 2797 4399 τδν
2829 4346 3071 4418 Πατέρα,
3100 4348 3194 4401 καὶ
3215 4345 3362 4419 ζωὴν
3389 4348 3713 4418 ὑφεστῶσαν
3738 4348 3835 4403 οὐ·

2257 4437 2462 4501 σιωδῶς
2499 4436 2561 4491 τὸ
2592 4437 2817 4510 Πνεῦμα
2852 4437 2914 4492 τὸ
2940 4436 3119 4508 ἀγιον.

2259 4656 2391 4727 Ἔτι
2420 4656 2552 4723 περὶ
2589 4656 2820 4725 Πατρός
2848 4658 2945 4712 καί
2977 4657 3114 4711 Υίοῦ
3143 4658 3239 4711 καί
3276 4658 3448 4727 ἁγίου
3478 4652 3843 4727 Πνεύματος’

2325 4725 2745 4797 διακεκριμένη
2783 4728 2904 4795 ἅμα
2939 4727 3041 4797 καὶ
3082 4725 3361 4797 ἡνωμένη
3384 4725 3683 4797 θεολοτίὰ.
3716 4725 3831 4783 Ίδῦ

2328 4796 2751 4865 Δαμασκηνοῦ.
2785 4796 3011 4865 Κεφάλ.
3048 4797 3122 4867 η’.

2324 4909 2663 4981 Πιστεύομεν
2707 4911 2996 4983 τοιγαροῦν
3025 4913 3105 4976 είς
3135 4912 3231 4967 ἕνα
3264 4914 3398 4968 Θεὸν
3416 4954 3431 4979 ,
3466 4916 3597 4987 μίαν
3624 4917 3827 4992 ἀρχὴν,

2253 5002 2490 5074 ἄναρχον
2511 5044 2526 5068 ,
2559 5004 2814 5059 ἄκτιστον
2838 5045 2854 5070 ,
2889 5004 3183 5076 ἀγέννητον
3202 5045 3218 5070 ,
3270 5007 3562 5081 ἀνόλεθρόν
3610 5025 3671 5064 τε
3732 5015 3836 5067 καὶ

2250 5092 2541 5157 ἀοάνατον,
2583 5094 2823 5160 αἰώνιον,
2875 5096 3122 5168 ἄπειρον,
3153 5098 3592 5169 ἀπερίγραπτον,
3625 5101 3829 5170 ἀπερι-

2249 5183 2489 5256 όριστον,
2512 5187 2970 5257 ἀπειροδύναμον,
2996 5187 3221 5250 ἁπλοῦν,
3251 5188 3567 5254 ἀσύνθετον,
3591 5189 3827 5260 ἀσώμα-

2246 5292 2373 5341 τον,
2410 5276 2711 5348 ἄρρευστον
2739 5319 2755 5345 ,
2808 5279 3038 5350 ἀπαθῆ,
3088 5280 3391 5352 ἄτρεπτον,
3439 5281 3825 5351 ἀναλλοίωτον,

2244 5372 2477 5441 ἀόρατον
2501 5411 2518 5437 ,
2556 5369 2738 5442 πηγὴν
2780 5370 3115 5442 ἀγαθότητος
3163 5373 3257 5426 καὶ
3286 5371 3628 5443 δικαιοσύνης
3655 5412 3672 5437 ,
3704 5372 3827 5440 φῶς

2246 5461 2454 5531 νοερὸν,
2500 5462 2797 5533 ἀπρόσιτον
2870 5461 3310 5533 δύναμινοούδενὶ
3338 5464 3523 5535 μέτρῳ
3552 5462 3826 5533 γνωριζο-

2250 5552 2439 5625 μένην,
2489 5554 2637 5625 μόνῳ
2683 5553 2760 5625 τῷ
2806 5554 2993 5625 οἰκείῳ
3054 5554 3355 5626 βουλήματι
3402 5554 3821 5627 μετρουμένην’

2246 5647 2424 5701 πάντα
2450 5646 2558 5717 γὰρ
2593 5646 2694 5699 ὅσα
2725 5645 2901 5713 θέλει,
2929 5647 3151 5701 δύναται
3180 5660 3195 5676 ⁸
3246 5648 3466 5701 πάντων
3500 5646 3822 5718 κτισμάτων

2244 5737 2456 5809 ὁρατῶν
2494 5754 2553 5790 τε
2611 5737 2707 5791 καὶ
2760 5738 3009 5810 ἀοράτων
3068 5738 3387 5808 ποιητικὴν,
3437 5738 3656 5794 πάντων
3688 5755 3819 5791 συν-

2245 5829 2467 5899 εκτικὴν
2517 5830 2609 5883 καὶ
2662 5830 3101 5901 συντηρητικὴν,
3152 5829 3370 5883 πάντων
3422 5829 3816 5901 προνοητικὴν,
