4094 6286
317 327 404 388 101

1291 321 1662 388 PANOPLIA
1698 321 2152 386 DOGMATICA.
2181 349 2250 360 -·-
2275 327 2424 387 TlT.
2466 327 2547 392 ΙΙ.

3387 333 3496 400 102

315 446 521 498 πάντων
544 441 871 515 κρατοῦσαν,
893 443 984 496 καὶ
1005 442 1296 513 ἄρχουσαν,
1323 445 1416 496 καὶ
1441 444 1850 512 βασιλεύουσαν,

1974 433 2285 501 visibilium,
2321 447 2488 506 quam
2505 435 2860 495 in‘viiibilium
2877 441 3209 498 etlectrieem
3233 460 3248 511 ;
3273 451 3512 503 omnium

313 537 642 605 ἀτελευτήτῳ
687 535 780 587 καὶ
805 533 1053 602 ἀθανάτῳ
1086 533 1328 603 βασιλείᾳ
1349 571 1364 595 ,
1403 533 1568 603 μηδὲν
1614 533 1859 588 ἀναντίοι

309 629 554 696 ἔχουσαν,
587 624 764 676 πάντα
795 622 1102 692 πληροῦσαν
1122 661 1137 687 ,
1168 621 1258 674 ὑπ’
1287 621 1497 684 οὐδενὸς
1525 621 1846 692 περιεχομέ-

313 732 437 786 νην⁹
485 716 651 783 αὐτὴν
695 715 752 766 δὲ
799 712 997 782 μᾶλλον
1029 712 1382 782 περιέχουσαν
1422 713 1488 764 τά
1543 711 1850 780 σύμπαντα,

315 807 403 861 καὶ
439 805 795 873 συνέχωσαν,
843 803 939 854 καὶ
985 800 1324 870 προέχουσαν
1343 815 1357 830 ·
1409 798 1689 869 ἀχράντως
1731 801 1849 862 ταῖς

316 897 459 957 ὅλαις
483 893 692 954 οὐσίαις
719 890 1160 957 ἑπιϐατεῦουσαν,
1189 890 1286 943 καὶ
1327 888 1544 942 πάντων
1571 889 1848 951 ἐπέκεινα,

317 987 405 1040 καὶ
437 985 614 1053 πάσης
636 983 824 1043 οὐσίας
873 981 1230 1051 ἐξῃρημένην,
1272 980 1346 1044 ὡς
1374 978 1718 1049 ὑπερούσιον,
1762 977 1854 1032 καὶ

315 1075 448 1141 ὑπὲρ
475 1071 542 1124 τά
567 1071 744 1124 πάντα
767 1066 952 1133 οὖσαν,
981 1069 1262 1138 ὑ-πέρθεον,
1291 1067 1654 1139 ὑπεράγαθον,
1681 1069 1852 1138 ὑπερ-

313 1160 490 1229 πλήρη
515 1176 530 1191 ο
563 1159 663 1219 τὰς
705 1158 834 1220 ὅλας
887 1157 1058 1227 ἀρχὰς
1103 1157 1200 1210 καὶ
1241 1155 1422 1220 τάξεις
1466 1155 1850 1227 ἀφορίζουσαν,

311 1252 402 1304 καὶ
435 1249 612 1318 πάσης
639 1247 814 1319 ἀρχῆς
855 1247 951 1301 καὶ
979 1247 1184 1313 τάξεως
1234 1245 1684 1317 ὑπεριδρυμένην,
1711 1245 1851 1316 ὑπὲρ

311 1339 510 1408 οὐσίαν,
539 1336 631 1390 καὶ
658 1335 822 1406 ζωὴν,
849 1339 942 1389 καὶ
970 1336 1146 1404 λόγον,
1188 1337 1282 1389 καὶ⁵
1309 1335 1514 1390 ἔννοιαν
1537 1350 1552 1366 ο
1581 1334 1850 1401 αὑτοφῶς,

311 1424 766 1493 αὑτοαγαθότητα,
805 1423 1102 1494 αὐτοζωὴν,
1148 1423 1486 1488 αὐτοουσίαν,
1515 1423 1588 1484 ὡς
1617 1422 1692 1493 μὴ
1721 1420 1851 1492 παρ’

313 1518 492 1586 ἑτέρου
520 1516 578 1568 τὸ
607 1510 744 1569 εἶναι
771 1513 1021 1584 ἔχουσαν,
1053 1515 1170 1583 ἦτοι
1199 1515 1305 1567 τῶν
1337 1516 1437 1568 ὅσα
1468 1514 1614 1567 ἐστίν
1635 1530 1649 1544 ·
1681 1514 1851 1582 αὐτὴν

309 1607 366 1660 δὲ
402 1605 580 1675 πηγὴν
605 1602 766 1658 οὖσαν
792 1604 887 1657 τοῦ
916 1601 1055 1658 εἶναι
1081 1607 1192 1667 τοῖς
1233 1601 1353 1657 οὖσι
1375 1620 1389 1636 ε
1433 1605 1543 1665 τοῖς
1573 1603 1726 1665 ζῶσι,
1749 1603 1851 1671 τῆς

312 1695 455 1762 ζωῆς
481 1709 494 1725 ο
541 1697 650 1757 τοῖς
679 1694 834 1762 λόγου
877 1694 1180 1766 μετέχουσι,
1211 1692 1302 1746 τοῦ
1334 1692 1512 1758 λόγου,
1554 1693 1668 1753 τοῖς
1713 1690 1850 1744 πᾶσι

1970 523 2446 589 conservatricem,
2475 525 2726 580 omnibus
2755 529 3146 595 providentem,
3177 532 3360 586 omnia
3380 547 3512 588 eon-

1970 608 2228 665 tinentem
2253 625 2318 665 ae
2344 621 2637 683 regentem,
2663 623 3090 685 perpetuumque
3115 633 3180 673 ac
3205 620 3514 679 immortale

1971 715 2192 769 regnum
2246 703 2297 754 in
2345 705 2526 756 omnia
2581 705 2953 771 obtinentem;
2999 707 3137 761 nihil
3178 712 3513 766 contrarium

1970 788 2275 852 habentem,
2317 792 2499 845 omnia
2537 793 2872 862 implentem,
2903 810 2934 848 a
2964 797 3112 850 nulla
3155 813 3216 852 re
3263 813 3512 869 compre-

1970 880 2215 945 hensam,
2243 882 2351 935 imo
2389 897 2516 936 vero
2553 883 2725 952 ipsam
2773 887 3026 941 universa
3067 888 3511 956 complectentem

1968 977 2023 1024 et
2043 970 2409 1025 continentem
2439 986 2503 1026 ac
2531 973 2949 1040 praehabentem,
2974 977 3303 1035 substantias
3326 995 3515 1037 omnes

1970 1061 2089 1116 sine
2137 1060 2436 1129 pollutione
2483 1071 2879 1132 penetrantem,
2925 1067 3068 1121 ultra
3108 1083 3196 1124 res
3239 1087 3431 1128 omnes
3463 1082 3515 1128 ot

1967 1150 2234 1206 essentias
2397 1151 2557 1224 longe
2659 1158 3066 1224 provectiorem,
3094 1167 3152 1214 ut
3179 1176 3298 1230 quae
3324 1178 3514 1232 supcr-

1966 1238 2343 1294 substantialis
2378 1249 2482 1304 est,
2534 1244 2891 1314 omnibusque
2937 1248 3154 1303 entibus
3189 1252 3512 1319 sublimior;

1967 1326 2273 1395 divinitate,
2299 1329 2563 1396 bonitate,
2588 1333 2926 1401 plenitudine
2954 1338 3322 1406 superiorem;
3362 1342 3512 1410 prin-

1969 1417 2181 1486 cipatus
2217 1432 2408 1474 omnes
2460 1430 2635 1490 atque
2683 1423 2902 1478 ordines
2968 1433 3316 1494 statuentem,
3351 1446 3514 1500 super

1965 1518 2177 1560 omnem
2225 1507 2587 1577 principatum
2640 1520 2802 1579 atque
2834 1512 3079 1566 ordinem
3116 1517 3386 1584 positum;
3423 1535 3514 1573 es-

1965 1594 2159 1659 sentia,
2190 1597 2319 1656 vita,
2344 1610 2612 1662 sermone,
2633 1605 2688 1652 et
2709 1600 2946 1669 cogitatu
2971 1601 3216 1656 altiorem
3241 1619 3395 1675 ;quae
3423 1609 3516 1664 lux

1963 1685 2218 1754 ipsmest,
2248 1687 2460 1742 bonitas
2481 1689 2618 1759 ipsa,
2663 1690 2890 1759 ipsemet
2908 1693 3038 1755 vita,
3067 1695 3296 1764 ipsamet
3320 1714 3515 1756 essen-

317 1783 525 1840 πάντων
566 1782 784 1851 ἀγαθῶν
823 1784 1003 1838 αἰτίαν
1029 1799 1040 1813 ·
1074 1785 1248 1840 πάντα
1293 1785 1496 1839 είδυῖαν
1541 1785 1669 1853 πρὶν
1699 1783 1850 1853 γενέ-

1962 1783 2031 1837 tia
2055 1799 2071 1848 ;
2103 1790 2292 1854 utpote
2323 1799 2445 1854 quae
2479 1799 2580 1840 nec
2605 1799 2726 1840 esse
2753 1800 2932 1852 suum,
2965 1801 3063 1840 nec
3089 1787 3383 1855 quidquam
3412 1803 3481 1843 eo
3508 1817 3513 1822 -

317 1888 448 1934 σεως
491 1871 703 1925 αὐτῶν·
739 1873 870 1942 μίαν
905 1874 1114 1938 οὐσίαν,
1151 1874 1280 1944 μίαν
1314 1874 1560 1946 θεότητα,
1607 1875 1734 1944 μίαν
1763 1874 1860 1927 δύ-

315 1979 490 2030 ναμιν,
520 1961 650 2030 μίαν
687 1961 923 2030 θέλησιν,
971 1961 1103 2032 μίαν
1144 1962 1446 2034 ἐνέργειαν,
1491 1963 1618 2032 μίαν
1657 1962 1867 2036 ἀρχὴν,

313 2051 436 2120 μίαν
463 2051 728 2118 ἐξουσίαν,
771 2052 902 2121 μίαν
940 2054 1232 2124 κυριότητα
1255 2092 1272 2118 ,
1307 2054 1435 2122 μίαν
1473 2054 1768 2123 βασιλείαν,
1797 2055 1858 2106 ὲν

310 2141 449 2210 τρισὶ
471 2141 699 2202 τελείαις
725 2141 1047 2195 ὑποστάσεσι
1074 2141 1472 2212 γνωριζομένην
1491 2159 1549 2196 τε
1573 2143 1666 2196 καὶ
1693 2160 1861 2214 προσ-

1959 1884 2080 1926 rum
2101 1886 2222 1942 quin
2254 1879 2358 1936 est,
2403 1872 2474 1927 ab
2525 1873 2634 1926 alio
2667 1872 2894 1938 habeat;
2926 1887 3113 1928 verum
3148 1873 3263 1941 ipsa
3294 1872 3364 1926 iis
3389 1887 3513 1941 quae

1959 1968 2108 2024 sunt.
2138 1963 2430 2029 essentia;
2462 1961 2573 2016 illis
2595 1977 2716 2031 quae
2735 1962 2946 2024 vivunt,
2979 1963 3138 2025 vitae;
3170 1969 3226 2016 et
3258 1960 3368 2014 illis
3391 1975 3515 2030 qua:

1957 2053 2170 2108 ratione
2214 2059 2465 2119 utuntur,
2514 2055 2742 2110 rationis
2779 2053 2902 2109 fons
2939 2054 3164 2110 exsistat
3199 2069 3215 2106 :
3246 2053 3513 2107 bonorum

1959 2143 2198 2198 omnium
2227 2143 2444 2198 eunetis
2473 2152 2772 2212 parentem,
2797 2145 3092 2200 intuentem
3122 2143 3302 2197 omnia
3330 2143 3530 2211 prius--

309 2233 639 2299 κυνουμένην
667 2235 762 2301 μιᾷ
806 2233 1203 2303 προσκυνήσει,
1248 2231 1641 2302 πιστευομένην
1673 2248 1730 2285 τε
1763 2232 1858 2284 καὶ

1962 2245 2113 2299 ruam
2141 2231 2306 2298 (iant;
2345 2246 2507 2286 unam
2537 2233 2920 2294 substantiam,
2962 2246 3123 2285 unam
3152 2230 3509 2292 divinitatem,

309 2318 706 2388 λατρευομένην
733 2319 834 2372 ὑπὸ
867 2320 1046 2389 πάσης
1083 2319 1307 2388 λογικῆς
1336 2319 1585 2384 κτίσεως,
1615 2319 1867 2389 deum-.3;

308 2423 414 2468 τως
469 2409 777 2477 ἡνωμέναις
821 2410 914 2462 καὶ
959 2409 1291 2480 άδιαστάτως
1344 2410 1748 2480 διαιρουμέναις
1775 2426 1789 2439 ·
1827 2410 1856 2462 δ

311 2496 402 2548 καὶ
452 2495 772 2565 παράδοξον.
820 2498 915 2560 Εἰς
962 2497 1181 2569 Πατέρα
1243 2500 1338 2552 καὶ
1385 2499 1511 2552 Υίὸν
1563 2500 1656 2553 καὶ
1701 2501 1856 2568 ἀγιον

306 2582 551 2652 Πνεῦμα,
595 2587 674 2649 είς
710 2586 746 2639 ἂ
794 2587 888 2640 καὶ
928 2586 1359 2657 βεϐαπτίσμεθα.
1549 2588 1720 2643 Οὕτω-
1754 2591 1860 2663 γὰρ

299 2675 326 2726 ό
372 2675 579 2744 Κύριος
627 2678 742 2739 τοῖς
800 2677 1116 2742 ἀποστόλοις
1169 2679 1448 2750 βαπτίζειν
1507 2677 1854 2735 ἐνετείλατοο

302 2761 692 2828 Βαπτίζοντες
740 2765 980 2829 αὐτοὺς,
1031 2766 1276 2835 φάσκων,
1313 2769 1400 2832 εὶς
1440 2767 1506 2820 τὸ
1544 2767 1729 2836 ὄνομα
1751 2769 1858 2824 τοῦ

298 2852 565 2918 Πατρός,
615 2853 714 2908 καί
766 2855 873 2909 τοῦ
927 2855 1093 2922 Υἱοῦ,
1145 2857 1244 2911 καὶ
1290 2857 1399 2912 τοῦ
1449 2857 1620 2926 ἁγίου
1671 2860 1859 2914 11νεύ-

288 2954 501 3004 ματος.

295 3019 427 3082 trem
456 3037 520 3084 et
565 3028 758 3084 Filium
804 3038 857 3086 et
901 3027 1162 3099 Spiritum
1200 3040 1469 3097 sanctum,
1533 3032 1586 3086 in
1642 3046 1874 3101 quorum
1910 3035 2075 3088 etiam
2107 3036 2325 3090 nomine
2353 3036 2611 3106 baptizati
2642 3019 2853 3105 sumus.

1948 2333 2110 2374 unam
2152 2319 2426 2385 virtutem.
2458 2334 2618 2376 unam
2667 2321 3016 2385 voluntatem,
3049 2333 3213 2374 unam
3252 2319 3515 2388 Operatio-

1961 2423 2108 2477 nem,
2137 2425 2306 2463 unum
2343 2409 2730 2478 principatum,
2765 2423 2924 2463 unam
2959 2416 3303 2478 potestatem,
3349 2422 3531 2462 unam.

1935 2501 2406 2580 dominationem,
2441 2515 2612 2556 unum
2650 2513 2912 2569 regnum;
2944 2506 3004 2552 ut
3036 2507 3218 2553 tamen
3244 2498 3300 2554 in
3337 2499 3514 2552 tribus

1962 2577 2226 2659 perfectis.
2244 2591 2490 2659 personis
2513 2598 2790 2654 noscatur,
2823 2597 2879 2646 et
2931 2589 3248 2644 adoratione
3281 2604 3387 2657 una
3416 2589 3515 2643 ad~

1963 2688 2171 2746 oretur,
2198 2681 2579 2749 credaturque,
2625 2686 2676 2734 et
2705 2681 2915 2734 colatur
2949 2679 3020 2734 ab
3063 2679 3212 2734 omni
3261 2677 3512 2733 rationali

1959 2776 2250 2833 creatura;
2319 2769 2520 2840 quippe
2550 2770 2694 2839 quod
2725 2770 2826 2825 illae
2854 2773 2991 2825 citra
3020 2769 3432 2839 permistionem
3461 2776 3515 2821 et

1958 2857 2331 2912 confusionem
2375 2860 2543 2914 unitaa
2589 2860 2722 2923 sint,
2779 2867 2834 2916 et
2874 2861 2993 2914 sine
3037 2857 3294 2914 distantia
3333 2857 3513 2926 (quod

1960 2949 2340 3018 cogitationem
2386 2963 2601 3004 omnem
2659 2950 2930 3020 superat)
2975 2950 3227 3006 discretae
3267 2968 3280 3003 :
3323 2949 3377 3002 in
3413 2947 3517 2999 Pa-

2964 3037 3055 3093 Sic
3077 3039 3218 3093 enim
3257 3039 3516 3092 Dominus

287 3120 568 3186 apostolis
615 3121 889 3190 baptizare
925 3120 1091 3190 jussit
1138 3139 1151 3176 :
1181 3121 1518 3189 Baptizantes
1573 3138 1682 3186 eos,
1741 3121 1936 3191 inquit,
1964 3125 2018 3177 in
2051 3125 2256 3180 nomine
2293 3124 2474 3182 Patris
2507 3136 2555 3179 et
2589 3125 2720 3180 Filii
2750 3138 2799 3181 et
2829 3126 3058 3193 Spiritus
3091 3129 3260 3182 sancti
3314 3129 3357 3180 ί.

354 3208 451 3272 Εἰς
489 3209 601 3261 ἕνα
635 3211 874 3281 Πατέρα,
914 3211 1013 3282 τήν
1041 3212 1258 3266 πάντων
1305 3212 1478 3282 ἀρχὴν
1509 3212 1602 3266 καὶ
1629 3213 1806 3265 αἰτίαν
1833 3227 1848 3242 ⁸

2022 3215 2160 3281 Quid
2209 3218 2273 3270 de
2314 3215 2474 3270 Patre
2518 3215 2846 3272 credendum.
2882 3217 3021 3282 Quid
3065 3217 3129 3272 de
3174 3217 3332 3271 Filio.
3358 3247 3428 3258 -—
3455 3221 3516 3276 In

283 3298 382 3352 οὐκ
414 3299 478 3352 ἐκ
531 3316 676 3362 τινος
701 3301 1028 3370 γεννηθέντα
1053 3317 1067 3332 ’
1103 3301 1338 3355 ἀναίτιον
1365 3302 1420 3354 δὲ
1451 3302 1545 3369 καὶ
1571 3303 1864 3374 ἀγέννητον

284 3391 449 3461 μόνον
498 3392 828 3461 ὑπάρχοντα
857 3409 872 3423 ·
916 3394 1134 3448 πάντων
1187 3393 1286 3462 μὲν
1334 3394 1565 3464 ποιητήν
1589 3408 1604 3424 ⁸
1655 3394 1772 3456 ἑνὸς
1806 3393 1863 3447 δὲ

283 3483 446 3552 μόνου
504 3483 740 3552 Πατέρα
771 3482 929 3549 φύσει
974 3482 1066 3536 τοῦ
1121 3481 1442 3554 μονογενοῦς
1489 3482 1619 3538 Υίοῦ
1670 3483 1859 3550 αὐτοῦ,

282 3573 490 3642 Κυρίου
555 3571 647 3635 δὲ,
684 3573 778 3624 καὶ
806 3572 979 3639 Θεοῦ,
1027 3573 1123 3629 καὶ
1172 3575 1420 3645 Σωτῆρος
1465 3576 1621 3644 ἡμῶν
1683 3576 1855 3644 Ἰησοῦ

281 3661 561 3732 Χριστοῐῖ,
598 3661 693 3714 καὶ
729 3660 996 3732 προϐολέα
1108 3659 1205 3716 τοῦ
1313 3663 1578 3730 παναγίου
1607 3662 1858 3732 Πνεῦμαο

276 3770 390 3817 τος.
422 3756 553 3808 Καὶ
584 3757 664 3818 εἰς
703 3755 799 3808 ἕνα
831 3753 956 3806 Υἱὺν
997 3753 1091 3806 τοῦ
1123 3751 1279 3818 Θεοῦ,
1309 3751 1401 3805 τὸν
1439 3754 1734 3823 μονογενῆ,
1767 3753 1858 3812 τὸν

278 3844 487 3914 Κύριον
517 3845 690 3914 ήμῶν
731 3842 935 3914 Ἰησοῦν
966 3843 1199 3912 Χριστόν
1222 3857 1236 3872 ο
1287 3842 1376 3894 τὸν
1418 3843 1481 3894 ἐκ
1523 3840 1614 3894 τοῦ
1644 3830 1860 3911 Πατρός

274 3935 631 4006 γεννηθέντα
655 3934 766 4004 «pb.
783 3935 995 3987 πάντων
1027 3933 1134 3984 τῶν
1161 3930 1399 3986 αἰώνων·
1429 3930 1543 3998 φῶς
1571 3932 1634 3982 ἐκ
1661 3930 1858 3997 φωτὸς,

277 4023 412 4078 Θεὸν
457 4024 727 4095 ἀληθινὸν
766 4025 832 4077 ὲκ
869 4023 1004 4076 Θεοῦ
1048 4021 1338 4092 ἀληθινοῦ·
1394 4020 1748 4088 γεννηθέντα,
1797 4021 1858 4075 οὺ

275 4115 620 4186 ποιηθέντα,
645 4113 922 4184 ὁμοούσιον
1013 4109 1092 4183 τῷ
1184 4109 1380 4181 Πατρὶ,
1403 4109 1470 4163 δι’
1499 4101 1558 4162 οὗ
1585 4109 1655 4162 τὰ
1682 4109 1860 4165 πάντα

279 4205 506 4276 ἐγένετο
539 4223 556 4234 ·
598 4204 660 4257 ὃν
731 4204 834 4274 «pb
865 4203 1077 4256 πάντων
1112 4201 1320 4255 αἰώνων
1348 4200 1614 4267 λέγοντες,
1639 4199 1820 4252 δείκνυ
1839 4229 1855 4240 -

281 4311 383 4363 μεν
409 4296 498 4348 ὅτι
551 4293 787 4362 ἄχρονος
829 4293 921 4345 καὶ
962 4292 1194 4362 ἄναρχος
1222 4288 1384 4343 αὐτοῦ
1416 4290 1449 4360 ἡ
1481 4287 1726 4358 γέννησις
1748 4308 1764 4324 ο
1796 4278 1858 4342 οῦ

279 4383 392 4454 γὰρ
428 4385 499 4437 ὲκ
545 4383 648 4436 τοῦ
681 4381 756 4452 μὴ
792 4381 941 4446 ὄντος
975 4384 1054 4445 εἰς
1091 4382 1152 4434 τὸ
1197 4377 1336 4434 εἶναι
1383 4381 1637 4452 παρήχθη
1669 4381 1699 4434 ὁ
1732 4381 1860 4444 Υἱὸς

274 4473 373 4526 τοῦ
403 4474 578 4537 Θεοῦ,
605 4473 667 4526 τὺ
698 4472 1034 4543 ἀπαύγασμα
1066 4473 1163 4541 τῆς
1194 4471 1372 4541 δόξης,
1399 4472 1427 4524 ό
1447 4471 1731 4542 χαρακτὴρ
1763 4471 1858 4540 τῆς

1967 4473 2162 4528 ductus
2187 4480 2308 4534 est;

275 4563 376 4616 τοῦ
407 4564 640 4633 Πατρός
671 4561 1040 4625 ὑποστάσεως,
1076 4563 1109 4633 ὴ
1147 4560 1294 4626 ζῶσα
1329 4560 1512 4628 σοφία,
1563 4560 1658 4613 καὶ
1697 4556 1860 4613 δύνα-

277 4671 401 4723 μις,
445 4656 476 4706 ὁ
505 4655 688 4720 Λόγος
717 4651 745 4703 ὁ
770 4654 1148 4718 ἐνυπόστατος,
1185 4653 1217 4722 ή
1242 4650 1507 4719 οὐσιώδης
1529 4649 1623 4702 καὶ
1655 4648 1862 4715 τελεία,

275 4747 377 4798 καὶ
414 4743 585 4808 ζῶσα
612 4744 774 4800 εἰκὼν
798 4741 892 4797 τοῦ
925 4742 1156 4812 ἀοράτου
1191 4741 1326 4794 Θεοῦ
1351 4759 1366 4775 ·
1443 4736 1560 4795 ἀλλ’
1645 4739 1732 4794 ἀεὶ
1794 4729 1862 4804 ἦν

275 4837 382 4890 σὺν
428 4835 513 4905 τῷ
553 4834 729 4905 Πατρὶ
753 4874 766 4897 ,
800 4833 892 4887 καὶ
945 4834 1002 4886 ὲν
1034 4832 1213 4901 αὐτῷ,
1254 4830 1437 4894 ἀϊδίως
1481 4829 1576 4884 καὶ
1616 4829 1865 4900 ἀνάρχως

275 4927 340 4992 ἐξ
376 4924 562 4980 αὐτοῦ
600 4925 1020 4997 γεγεννημένος.
1069 4924 1142 4977 Οὐ
1183 4921 1292 4993 γάρ
1323 4917 1390 4993 ἦν
1436 4937 1566 4975 ποτε
1593 4920 1621 4972 ὁ
1652 4917 1864 4990 Πατὴρ,

272 5019 368 5074 ὅτε
407 5019 522 5072 οὐκ
571 5013 642 5087 ῆν
675 5018 703 5070 ὁ
743 5017 870 5081 Υἱός
893 5033 906 5048 ’
948 5013 1066 5070 ἀλλ’
1107 5013 1222 5084 ἅμα
1256 5013 1466 5084 Πατὴρ,
1497 5012 1613 5080 ἅμα
1648 5010 1797 5077 Υἱὸς,
1835 5009 1866 5080 ό

275 5109 338 5172 ἐξ
370 5107 556 5162 αὑτοῦ
593 5107 986 5176 γεγεννημένος
1012 5121 1026 5136 ⁶
1074 5103 1264 5175 Πατὴρ
1288 5103 1396 5174 γὰρ
1431 5103 1586 5164 ὲκτδς
1612 5099 1742 5154 Υίοῦ
1768 5099 1867 5153 οὐκ

275 5199 346 5254 ἂν
377 5198 654 5270 κληθείη.
687 5198 751 5250 Et
780 5196 834 5250 δὲ
861 5191 929 5268 ἦν
957 5195 1030 5267 μὴ
1064 5195 1202 5265 ἔχων
1235 5193 1381 5258 Υἱὸν,
1415 5192 1513 5245 οὐκ
1541 5186 1607 5263 ἦν
1635 5190 1827 5260 Πατήρ
1848 5204 1863 5220 ’

277 5293 380 5346 καὶ
417 5293 472 5344 εί
503 5289 658 5361 μετά
687 5290 857 5342 ταῦτα
887 5289 1044 5358 ἔσχεν
1085 5287 1234 5354 Υίὸν,
1267 5283 1404 5356 μετά
1439 5282 1611 5336 ταῦτα
1652 5281 1869 5349 ἐγένετο

278 5385 509 5454 Πατὴρ,
551 5382 634 5450 μὴ
677 5380 752 5434 ὢν
789 5381 895 5451 πρὸ
933 5379 1122 5433 τούτου
1153 5378 1379 5447 Πατὴρ,
1424 5375 1518 5430 καὶ
1565 5372 1775 5443 ἐτράπη
1805 5371 1869 5423 ἐκ

165 5529 184 5544 ι
276 5474 379 5530 τοῦ
413 5475 499 5544 μὴ
551 5466 699 5525 εἶναι
733 5472 924 5543 Πατὴρ
959 5472 1040 5534 είς
1081 5470 1141 5523 τὸ
1170 5466 1422 5537 γενέσθαι
1456 5464 1646 5533 Πατήρ
1672 5479 1686 5492 ·
1733 5460 1870 5528 ὅπερ

279 5565 477 5632 πάσης
541 5560 900 5630 βλασφημίας
957 5559 1075 5613 ἐστὶ
1127 5554 1524 5629 χαλεπώτερον.
1587 5549 1870 5603 Ἀδύνατον

269 5655 385 5725 γὰρ
435 5652 542 5704 τὸν
595 5649 730 5704 Θεὸν
771 5651 970 5716 εἰπεῖν,
1016 5647 1221 5718 ἔρημον
1271 5645 1372 5714 τῆς
1428 5641 1665 5714 φυσικῆς
1723 5655 1868 5708 γονι-

1962 3317 2129 3357 unum
2186 3303 2400 3378 Patrem
2434 3305 2787 3378 (credimus)
2835 3307 3162 3377 principium
3191 3309 3432 3364 omnium
3464 3320 3519 3364 et

1957 3407 2210 3459 causam,
2245 3409 2313 3450 ex
2337 3395 2494 3472 nullo
2541 3398 2802 3465 genitum,
2829 3396 2920 3466 qui
2963 3397 3112 3452 solus
3151 3411 3330 3452 causae
3350 3405 3403 3453 et
3427 3415 3519 3468 ge-

1955 3483 2258 3539 nerationis
2313 3499 2506 3555 expers
2555 3494 2640 3544 est
2682 3487 2969 3541 :omnium
3004 3487 3224 3556 quidem
3269 3489 3516 3543 condito-

1955 3587 2114 3640 rem;
2177 3582 2432 3628 caeterum
2493 3575 2656 3631 unius
2714 3575 2978 3630 duntaxat
3046 3584 3238 3630 natura
3302 3574 3516 3631 Patrem

1953 3663 2214 3733 unigeniti
2241 3663 2364 3719 Filii
2389 3665 2473 3720 sui
2510 3665 2718 3720 Domini
2741 3666 2914 3733 nostri
2945 3663 3070 3721 Jesu
3117 3665 3341 3729 Christi,
3393 3681 3541 3722 san--

1953 3755 2292 3827 ctissimique
2313 3755 2550 3828 Spiritus
2582 3759 2986 3828 productorem.
3069 3757 3134 3811 Et
3155 3758 3210 3820 in
3241 3773 3408 3812 unum
3429 3757 3520 3812 Fl-

1955 3845 2085 3900 lium
2113 3845 2208 3902 Dei
2249 3847 2586 3916 unigenitum
2627 3848 2910 3902 Dominum
2953 3856 3224 3911 nostrum,
3264 3862 3332 3904 ex
3361 3846 3521 3904 Patre

1964 3941 2149 3989 natum
2182 3944 2306 3990 ante
2333 3937 2513 3990 omnia
2541 3937 2735 3991 saecula
2761 3955 2777 4004 ;
2808 3937 2988 3991 lumen
3011 3937 3079 3992 de
3101 3936 3325 4000 lumine,
3351 3937 3522 3992 Deum

1963 4035 2151 4076 verum
2185 4021 2251 4076 de
2286 4021 2398 4077 Deo
2445 4037 2611 4091 vero;
2642 4025 2907 4095 genitum,
2962 4039 3071 4080 non
3119 4023 3342 4092 factum,
3387 4041 3524 4082 con-

1963 4109 2380 4166 substantialem
2422 4111 2594 4179 Patri,
2644 4127 2740 4184 per
2789 4129 2951 4184 quem
2984 4113 3164 4169 omnia
3195 4113 3340 4169 facta
3367 4124 3522 4171 sunt.

1962 4197 2131 4266 Quem
2165 4216 2290 4255 cum
2328 4210 2452 4258 ante
2477 4203 2659 4258 omnia
2711 4204 2910 4260 saecula
2938 4204 3194 4271 dicimus,
3229 4205 3401 4274 ipsius
3428 4223 3540 4278 ge»

1970 4279 2329 4357 nerationem,
2356 4307 2456 4347 nec
2487 4300 2718 4356 tempus,
2749 4307 2850 4346 nec
2888 4291 3102 4346 initium
3149 4291 3260 4362 pati
3287 4291 3533 4348 ostendi-

1969 4397 2114 4438 mus.
2150 4379 2269 4439 Non
2295 4381 2440 4437 enim
2471 4381 2565 4436 Dei
2595 4379 2766 4437 Filius
2789 4396 2856 4437 ex
2884 4379 3060 4435 nihilo
3093 4381 3148 4434 in
3183 4387 3364 4451 ortum
3398 4396 3528 4450 pro—

2387 4473 2501 4537 ille,
2527 4472 2768 4541 inquam,
2787 4471 2972 4540 gloriae
2991 4470 3269 4541 splendor,
3293 4481 3542 4540 paternae.
3575 4490 3585 4495 ’

1967 4562 2138 4631 ﬁgura
2163 4559 2480 4616 substantiae
2519 4563 2569 4626 ι,
2594 4560 2714 4614 viva
2730 4559 3018 4629 sapientia,
3044 4566 3099 4614 et
3120 4559 3296 4613 virtus
3327 4556 3372 4621 ³,
3395 4559 3531 4614 sub-

1970 4652 2174 4709 sistens
2207 4649 2466 4714 Verbum,
2496 4650 2876 4706 substantialis
2902 4650 3039 4719 ipsa,
3072 4647 3334 4718 perfecta,
3366 4657 3534 4717 atque

1965 4741 2154 4796 vivens
2183 4741 2362 4811 imago
2397 4739 2486 4794 Dei
2521 4738 2542 4770 "
2580 4739 2890 4802 invisibilis,
2919 4738 3014 4793 sed
3043 4751 3256 4807 semper
3275 4751 3396 4791 cum
3424 4735 3533 4790 Pa-

1966 4839 2067 4896 tre,
2083 4840 2135 4886 et
2159 4831 2212 4884 in
2234 4830 2393 4885 Patre
2417 4837 2555 4895 erat,
2582 4829 2912 4898 sempiterne
2933 4837 2982 4883 et
3009 4828 3215 4897 absque
3239 4827 3350 4881 ullo
3373 4827 3527 4883 initic

1965 4937 2033 4978 ex
2071 4922 2190 4992 ipso
2239 4922 2472 4992 genitus.
2521 4919 2705 4990 Neque
2741 4919 2885 4974 enim
2932 4919 3090 4972 Pater
3117 4933 3356 4988 unquam
3403 4917 3530 4984 fuit,

1964 5013 2182 5083 quando
2205 5012 2377 5068 Filius
2407 5027 2513 5066 non
2535 5017 2680 5067 esset
2710 5029 2724 5065 :
2753 5026 2940 5065 verum
2965 5010 3126 5066 simul
3159 5009 3338 5076 Pater,
3365 5010 3531 5064 simul

1964 5101 2159 5165 Filius,
2192 5103 2284 5173 qui
2328 5119 2392 5158 ex
2434 5103 2550 5172 ipso
2589 5101 2804 5169 genitus
2829 5108 2936 5156 est.
2989 5099 3172 5171 Neque
3196 5101 3340 5154 enim
3370 5100 3532 5154 Pater

1967 5193 2149 5250 vocari
2181 5194 2370 5262 possit,
2394 5192 2486 5261 qui
2514 5190 2648 5244 Filio
2671 5200 2873 5246 careat.
2898 5188 3032 5244 Nam
3057 5191 3102 5244 si
3122 5189 3261 5244 Filio
3278 5192 3531 5258 aliquan-

1968 5284 2038 5340 do
2075 5283 2269 5347 caruit,
2311 5281 2470 5337 Pater
2497 5290 2646 5336 certe
2689 5297 2799 5336 non
2825 5290 2960 5336 erat.
3058 5280 3122 5334 Et
3148 5282 3192 5336 si
3225 5288 3410 5349 postea
3438 5278 3529 5332 Fi-

1969 5373 2096 5430 iium
2116 5372 2523 5442 habuit;postea
2545 5385 2760 5442 quoque
2778 5371 2952 5426 factus
2969 5378 3050 5424 est
3067 5368 3244 5429 Pater,
3260 5382 3382 5420 cum
3405 5373 3533 5419 ante

1969 5464 2129 5518 Pater
2172 5477 2279 5516 non
2314 5469 2476 5527 esset,
2579 5463 2750 5528 atque
2873 5474 2936 5514 ex
2973 5473 3039 5514 eo
3063 5457 3203 5527 quod
3235 5455 3390 5509 Pater
3421 5465 3528 5508 non

1963 5564 2101 5618 erat,
2129 5559 2366 5607 mutatus
2389 5559 2490 5615 est,
2530 5564 2700 5620 eoque
2722 5563 3037 5621 progressus
3063 5554 3121 5601 ut
3147 5545 3305 5598 Pater
3340 5552 3486 5601 esset
3508 5561 3540 5602 :.

1966 5643 2018 5698 id
2045 5643 2190 5712 quod
2225 5641 2373 5695 omni
2423 5639 2760 5710 blasphemia
2837 5637 3056 5708 gravius
3090 5634 3246 5690 foret.
3359 5633 3538 5712 Nefas.

365 5753 383 5783 ³
414 5751 633 5808 Matth.
667 5765 790 5819 xxv,
825 5750 908 5805 t9.
982 5751 1003 5782 ’
1033 5749 1200 5806 Hebr.
1235 5763 1275 5813 ι,
1307 5747 1360 5802 3.
1435 5748 1454 5779 ³
1485 5743 1655 5799 lCor.
1684 5759 1722 5806 ι,
1754 5742 1842 5795 24.

1975 5739 2183 5793 Coluss.
2216 5753 2252 5802 I,
2290 5739 2371 5794 l5.
