4094 6286
553 315 653 377 103

1760 316 2142 378 EUTHYMII
2181 310 2543 377 ZIGABENI

3664 325 3764 383 104

532 430 675 484 enim
696 433 780 482 est
802 422 1005 490 dicere,
1023 421 1191 479 Deum
1213 417 1543 476 fecunditate
1563 417 1799 473 naturali
1826 416 2096 472 caruisse.

2222 427 2459 495 ιότητος.
2502 424 2567 477 Ἥ
2618 422 2676 477 δὲ
2713 423 3025 492 γονιμότης,
3056 419 3118 474 τὸ
3163 418 3223 484 ἐξ
3266 415 3463 482 αὑτοῦ,
3509 416 3677 487 ἧγουν
3708 418 3773 468 ἐκ

534 513 859 573 Fecunditas
902 528 1065 583 porro
1098 512 1152 566 in
1184 512 1285 564 hoc
1329 508 1501 578 posita
1525 518 1628 570 est,
1662 515 1719 561 ut
1743 506 1869 577 quis
1913 521 1979 561 ex
2006 521 2102 562 se-

535 610 680 677 ipse,
721 606 774 659 id
820 613 998 659 estex
1035 600 1251 671 propria
1280 599 1607 664 substantia,
1647 598 1855 669 prolem
1908 608 2103 652 natura

537 697 771 754 similem
810 695 894 750 sui
929 692 1081 749 edat.

602 787 967 843 Generationis
1002 783 1194 834 diuina
1241 797 1274 833 α
1329 780 1592 833 creatione
1651 779 1988 832 discrimina.
2030 806 2103 819 —

538 876 776 931 Proinde
815 890 936 929 cum
978 873 1045 926 de
1087 871 1207 924 Filii
1245 869 1602 940 generatione
1641 873 1841 939 agitur,
1885 876 2104 937 tempus

539 964 926 1020 intercessisse
962 961 1144 1015 dicere
1184 959 1409 1027 impium
1448 968 1568 1021 est;
1676 964 1772 1011 aut
1800 954 1925 1010 Filii
1956 957 2107 1010 exsi-

540 1057 795 1112 stentiam
827 1053 982 1107 Patre
1012 1052 1364 1122 posteriorem
1404 1049 1763 1102 constituere.
1871 1047 1949 1100 Ex
1984 1048 2106 1116 ipso

538 1147 682 1200 enim
704 1183 720 1208 ,
754 1144 857 1198 hoc
890 1153 975 1197 est
1008 1157 1073 1196 ex
1114 1141 1290 1193 Patris
1325 1147 1517 1192 natura
1540 1176 1555 1201 ,
1608 1152 1731 1191 esse
1784 1136 2109 1205 proﬁtemur

540 1233 665 1288 Filii
694 1234 1132 1304 generationem.
1169 1231 1246 1282 Ac
1274 1229 1378 1283 nisi
1414 1226 1612 1281 Filium
1642 1241 1670 1281 a
1718 1227 1993 1295 principio
2030 1226 2110 1278 si-

541 1327 651 1379 mul
684 1340 806 1378 cum
843 1323 1003 1375 Patre
1035 1337 1063 1373 a
1098 1334 1209 1389 quo
1238 1319 1457 1389 genitus
1486 1326 1570 1374 est
1595 1369 1607 1383 ,
1638 1316 1809 1374 fuisse
1836 1316 2111 1371 conceda-

545 1430 667 1468 mus
689 1454 704 1479 ,
732 1412 977 1466 Paterna:
996 1410 1320 1466 substantiae
1352 1410 1710 1463 mutationem
1744 1405 2069 1460 inducemus
2092 1422 2107 1460 :

543 1504 842 1573 quoniam,
875 1515 999 1554 cum
1056 1499 1219 1552 Pater
1272 1512 1380 1551 non
1426 1505 1612 1561 esset,
1661 1496 1891 1565 posthac
1932 1495 2113 1550 evasit

547 1596 728 1648 Pater.
767 1591 874 1647 Res
901 1592 1045 1644 enim
1091 1598 1321 1651 creataz,
1368 1588 1470 1642 etsi
1503 1586 1848 1657 postmodum
1879 1585 2113 1640 conditae

546 1693 713 1746 sunt,
765 1697 873 1735 non
923 1689 1106 1733 tamen
1148 1694 1214 1732 ex
1268 1678 1362 1732 Dei
1401 1677 1706 1732 substantia
1743 1677 2110 1742 exstiterunt;

2201 517 2299 587 τῆς
2329 516 2465 581 ίδίας
2493 514 2703 580 οὐσίας,
2733 516 2921 585 ὅμοιον
2952 512 3093 568 κατά
3124 511 3286 582 φύσιν
3323 511 3540 581 γεννᾷν.

2287 776 2409 830 Ἐπὶ
2449 776 2548 847 μὲν
2596 769 2687 829 οῦν
2739 775 2837 846 τῆς
2885 774 2982 829 τοῦ
3034 772 3163 827 Υἱοῦ
3214 772 3522 843 γεννήσεως
3572 772 3770 834 ἀσεϐὲς

2203 869 2382 936 λέγειν
2417 869 2607 938 χρόνον
2642 866 2977 936 μεσιτεῦσαι,
3008 866 3103 919 καὶ
3132 864 3271 935 μετά
3301 863 3392 916 τὸν
3419 862 3637 933 Πατέρα
3670 861 3771 931 τὴν

2202 959 2298 1012 τοῦ
2332 958 2460 1012 Υίοῦ
2489 958 2741 1026 γενέσθαι
2775 957 3031 1027 ὕπαρξιν.
3088 956 3179 1020 Ἐξ
3226 953 3391 1008 αὑτοῦ
3438 955 3568 1023 γὰρ,
3605 953 3775 1022 ἢγουν

2212 1051 2311 1120 τῆς
2354 1050 2449 1103 τοῦ
2480 1049 2693 1119 Πατρδς
2721 1048 2956 1115 φύσεως,
3006 1048 3189 1117 φαμὲν
3221 1047 3322 1115 τὴν
3350 1045 3444 1098 τοῦ
3480 1044 3609 1097 Υίοῦ
3650 1045 3778 1112 γέν-

2209 1155 2387 1209 νησιν.
2422 1140 2530 1192 Καὶ
2562 1138 2610 1188 εί
2639 1139 2714 1207 μὴ
2746 1136 2803 1201 ἐξ
2824 1138 2996 1208 ἀρχῆς
3023 1136 3205 1205 δῶμεν
3227 1135 3317 1188 τὸν
3347 1134 3477 1187 Υίὸν
3504 1133 3779 1201 συνυπάρ-

2209 1248 2325 1301 χειν
2356 1230 2431 1300 τῷ
2464 1230 2639 1298 [lupi
2676 1229 2736 1293 ἐξ
2764 1229 2928 1283 αὑτοῦ
2976 1227 3406 1297 γεγεννημένον,
3437 1224 3642 1294 τροπὴν
3677 1224 3779 1293 τῆς

2208 1320 2303 1373 τοῦ
2336 1321 2551 1389 Πατρός
2599 1320 2949 1381 ὑποστάσεως
2988 1317 3398 1388 παρεισάγομεν
3422 1331 3433 1346 '
3474 1316 3558 1368 ὅτι
3588 1314 3664 1385 μὴ
3699 1313 3777 1367 ὢν

2210 1412 2401 1482 Πατὴρ
2434 1411 2662 1482 ὕστερον
2701 1412 2916 1479 ἐγένετο
2948 1410 3139 1480 Πατήρ
3163 1425 3178 1439 ο
3233 1411 3266 1478 ἡ
3320 1408 3429 1477 γὰρ
3473 1406 3650 1468 κτίσις
3673 1447 3687 1471 ,
3726 1407 3776 1459 εί

2211 1504 2308 1557 καὶ
2341 1504 2477 1573 μετά
2515 1501 2688 1555 ταῦτα
2721 1503 2962 1570 γέγονεν,
3006 1501 3119 1554 ἀλλ’
3148 1501 3248 1553 οὑκ
3289 1500 3353 1553 ὲκ
3385 1498 3484 1567 τῆς
3513 1496 3608 1550 τοῦ
3640 1496 3776 1550 Θεοῦ

2213 1595 2437 1658 οὐσίας·
2487 1597 2553 1648 ἐκ
2598 1594 2655 1646 δὲ
2687 1594 2781 1646 τοῦ
2820 1592 2894 1663 μὴ
2937 1592 3090 1655 ὄντος
3123 1593 3202 1653 είς
3234 1590 3295 1643 τὸ
3336 1585 3475 1643 εἶναι
3526 1589 3777 1659 βουλήσει

2216 1687 2310 1739 καὶ
2335 1686 2559 1756 δυνάμει
2593 1684 2755 1738 αὑτοῦ
2796 1684 3070 1755 παρήχθη,
3098 1683 3192 1735 καὶ
3216 1682 3314 1750 οὑχ
3340 1680 3568 1733 ἅπτεται
3597 1678 3776 1751 τροπὴ

546 1775 643 1830 sed
679 1774 853 1842 ipsius
886 1772 1164 1825 voluntate
1209 1777 1263 1823 et
1299 1768 1542 1838 potentia
1578 1767 1799 1827 fuerunt
1835 1767 2109 1836 producta:

2222 1778 2311 1847 τῆς
2336 1776 2432 1830 τοῦ
2460 1778 2594 1830 Θεοῦ
2625 1777 2858 1845 φύσεως.
2898 1775 3157 1844 Γεννησις
3191 1771 3291 1842 μὲν
3342 1771 3448 1841 γάρ
3479 1772 3595 1823 ἐστι
3622 1771 3684 1823 τὸ
3714 1772 3777 1823 ὲκ

550 1872 609 1918 ut
653 1871 859 1935 essent.
906 1860 1016 1914 Nec
1069 1865 1359 1929 propterea
1412 1857 1467 1910 in
1523 1856 1612 1910 Dei
1665 1866 1918 1911 naturam
1965 1856 2109 1910 cadit

2222 1869 2309 1938 τῆς
2356 1867 2543 1931 οὐσίας
2574 1869 2668 1922 τοῦ
2707 1869 3005 1936 γεννῶντος
3040 1864 3375 1935 προάγεσθαι
3415 1863 3477 1917 τὸ
3505 1861 3777 1931 γεννώμε-

548 1955 822 2009 mutatio:
853 1952 1058 2007 etenim
1097 1949 1383 2019 generatio
1422 1947 1643 2016 quidem
1689 1947 1744 2000 in
1794 1946 1898 2000 hoc
1927 1948 2113 2002 consi-

550 2046 685 2110 stit,
743 2053 801 2098 ut
834 2059 898 2098 ex
935 2040 1211 2113 gignentia
1260 2039 1570 2095 substantia
1628 2037 1810 2106 proles
1861 2038 2110 2107 ejusdem

2216 1976 2306 2013 νον
2344 1959 2527 2029 ὅμοιον
2576 1959 2696 2013 κατ’
2739 1960 2948 2013 οὐσίαν.
2981 1958 3174 2021 Κτίσις
3217 1957 3275 2010 δὲ
3312 1956 3420 2009 καὶ
3469 1956 3688 2024 ποίησις
3718 1953 3778 2005 τὸ

2218 2049 2451 2118 ἔξωθεν,
2504 2052 2600 2104 καὶ
2637 2051 2738 2105 οὐκ
2784 2052 2848 2103 ὲκ
2890 2050 2989 2120 τῆς
3022 2050 3209 2112 οὐσίας
3241 2046 3334 2100 τοῦ
3370 2045 3646 2110 κτίζοντος
3683 2042 3778 2096 καὶ

548 2156 673 2194 cum
703 2140 959 2209 gignente
988 2134 1312 2192 substantiae
1339 2134 1706 2204 producatur:
1739 2141 1795 2186 at
1823 2134 2030 2188 creatio
2060 2144 2109 2191 et

2222 2142 2519 2207 ποιοῦντος,
2550 2142 2805 2212 γενέσθαι
2850 2140 2913 2195 τὸ
2966 2140 3285 2211 κτιζόμενον
3322 2137 3416 2192 καὶ
3458 2135 3778 2206 ποιούμενον

548 2228 765 2283 eﬂectio
795 2229 899 2281 hoc
941 2233 1152 2279 tantum
1199 2224 1461 2293 requirit,
1511 2230 1568 2275 ut
1598 2232 1783 2287 extra,
1817 2229 1871 2278 et
1899 2238 2008 2277 non
2042 2239 2111 2279 ex

2216 2231 2468 2303 ἀνόμοιον
2496 2230 2773 2295 παντελῶς
2799 2229 2925 2288 κατ’
2953 2229 3161 2286 οὐσίαν.

548 2322 790 2378 creantis
824 2327 918 2374 aut
954 2319 1239 2375 eﬂicicntis
1269 2317 1580 2374 substantia
1635 2316 1732 2373 llat
1780 2316 1915 2373 illud
1962 2319 2106 2390 quod
2148 2335 2371 2381 creatur
2419 2336 2515 2382 aut
2557 2326 2809 2393 ellicitur,
2851 2324 3186 2395 omninoque
3224 2326 3492 2393 quantum
3560 2316 3627 2373 ad
3687 2330 3777 2373 es-

549 2414 779 2471 sentiam
812 2410 1080 2465 dissimile
1109 2410 1205 2465 sit.

612 2505 975 2572 Quamobrem
1025 2507 1079 2559 in
1132 2505 1270 2566 Deo,
1322 2505 1416 2574 qui
1469 2503 1623 2559 solus
1670 2516 1701 2556 a
1750 2502 2105 2573 perpessione

548 2594 721 2658 omni,
750 2595 1072 2649 alteratione
1111 2610 1174 2649 ac
1218 2595 1521 2649 mutatione
1547 2594 1684 2648 liber
1712 2599 1816 2655 est,
1866 2607 2108 2663 semper-

547 2696 658 2750 que
704 2683 895 2737 eodem
930 2683 1095 2737 modo
1136 2698 1195 2739 se
1222 2683 1425 2749 habet,
1473 2690 1589 2738 tum
1632 2681 1942 2752 generatio,
1990 2689 2105 2736 tum

547 2774 759 2827 creatio
781 2812 795 2839 ,
824 2774 1097 2844 passionis
1122 2789 1323 2845 expers
1353 2782 1460 2831 est.
1554 2773 1689 2829 Nam
1720 2788 1845 2828 cum
1879 2787 1978 2828 nec
2008 2787 2105 2843 pa-

548 2863 759 2929 tibilis,
813 2880 915 2919 nec
957 2863 1116 2920 ﬂuxae
1179 2874 1392 2920 natura:
1444 2865 1556 2933 sit;
1617 2867 1821 2937 quippe
1877 2867 2105 2936 simplex

545 2960 652 3015 est,
713 2967 812 3008 nec
871 2954 1215 3025 compositus
1274 2972 1290 3011 :
1342 2963 1493 3011 certe
1525 2970 1628 3011 nec
1665 2959 1975 3026 passionem
2008 2974 2107 3014 nec

2305 2500 2428 2555 Ἐπὶ
2458 2500 2556 2569 μὲν
2579 2493 2671 2552 οῦν
2692 2494 2785 2550 τοῦ
2811 2498 2970 2568 μόνου
2996 2494 3257 2560 ἀπαθοῦς,
3283 2495 3377 2548 καὶ
3398 2492 3776 2557 ἀναλλοιὼτου,

2226 2594 2322 2650 καὶ
2354 2592 2623 2662 ἀτρέπτου
2645 2629 2660 2654 ,
2709 2590 2798 2643 καδ
2835 2588 2922 2642 ἀεὶ
2950 2587 3209 2649 ὡσαύτως
3238 2586 3449 2655 ἔχοντος
3479 2582 3613 2637 Θεοῦ
3639 2622 3654 2647 ,
3689 2583 3784 2635 καὶ

2224 2685 2287 2738 τδ
2321 2683 2537 2752 γεννᾷν,
2571 2680 2664 2734 καὶ
2703 2678 2762 2732 τὸ
2808 2680 3038 2745 κτίζειν,
3085 2677 3326 2742 ἀπαθέςο
3371 2676 3530 2746 φύσει
3570 2676 3677 2745 γὰρ
3710 2674 3785 2727 ὢν

2227 2772 2442 2844 ἀπαθὴς
2473 2773 2563 2826 καὶ
2612 2772 2943 2843 ἀρῤευστος,
2980 2770 3055 2832 ὡς
3102 2768 3306 2831 ἁπλοῦς
3338 2768 3431 2822 καὶ
3470 2766 3782 2828 ἀσ’ὑνθετος,

2227 2866 2286 2918 οὐ
2314 2865 2580 2932 πέφυκεν,
2614 2860 2905 2933 ὑπομένειν
2951 2862 3140 2925 πάθος,
3172 2862 3205 2929 ἢ
3238 2859 3443 2930 ρεῦσιν,
3471 2858 3593 2912 οὕτε
3624 2858 3681 2910 ὲν
3707 2856 3784 2925 τῷ

2228 2956 2441 3025 γεννᾷν,
2494 2953 2619 3007 οὕτε
2667 2955 2725 3007 ὲν
2757 2953 2835 3023 τῷ
2889 2952 3113 3018 κτίζειν,
3148 2950 3267 3005 οὐδέ
3304 2967 3449 3014 τινος
3496 2949 3783 3020 συνεργίας

548 3042 787 3108 ﬂuxum,
819 3043 902 3099 vel
929 3045 984 3098 in
1030 3045 1378 3114 generando,
1424 3046 1508 3100 vel
1551 3046 1608 3101 in
1653 3048 1891 3102 creando
1922 3050 2107 3104 subire

2228 3045 2436 3098 δεῖται·
2488 3045 2605 3098 ἀλλ’
2648 3047 2680 3115 ή
2737 3045 2835 3116 μὲν
2883 3044 3136 3113 γέννησις
3183 3045 3415 3113 ἄναρχος
3463 3044 3556 3097 καὶ
3592 3042 3782 3107 ἀΐδιος,

545 3141 752 3205 potest,
806 3149 908 3189 nec
973 3136 1297 3206 cujusquam
1377 3151 1535 3206 opem
1604 3145 1766 3208 atque
1824 3138 2112 3206 adjumen-

548 3233 662 3278 tum
701 3224 999 3280 desiderat.
1050 3227 1117 3281 At
1163 3228 1442 3296 generatio
1482 3226 1702 3296 quidem
1748 3227 1968 3283 initium
1999 3244 2107 3283 non

549 3312 714 3368 habet
774 3314 1212 3385 sempiternaque
1268 3324 1384 3381 est,
1447 3326 1507 3371 ut
1575 3332 1699 3387 quae
1773 3328 1980 3373 naturae
2037 3319 2109 3373 sit

546 3418 687 3467 opus
707 3442 721 3465 ,
747 3419 921 3473 exque
945 3404 1119 3475 ipsius
1147 3406 1455 3461 substantia
1487 3406 1721 3477 prodeat
1746 3425 1765 3476 ;
1792 3423 1864 3465 ne
1898 3409 2104 3479 alioqui

548 3495 637 3551 ille
665 3494 758 3564 qui
794 3495 1000 3565 gignit,
1053 3497 1416 3553 mutationem
1462 3499 1692 3566 subeat,
1735 3515 1800 3555 ac
1846 3509 2110 3570 praeterea

550 3599 617 3637 ne
647 3584 788 3640 Deus
818 3586 970 3654 prior
1001 3587 1108 3651 sit,
1142 3586 1395 3658 Deusque
1432 3592 1727 3661 posterior,
1758 3606 1893 3648 neve
1921 3606 2109 3648 acces-

550 3675 763 3730 sionem
800 3676 1073 3745 recipiat:
1128 3679 1336 3733 creatio
1377 3687 1559 3734 autem
1600 3680 1655 3735 in
1707 3680 1849 3747 Deo,
1877 3697 2000 3737 cum
2037 3684 2111 3738 sit

551 3766 853 3820 voluntatis
885 3781 1024 3836 opus
1049 3807 1064 3833 ,
1098 3767 1208 3823 Deo
1246 3769 1495 3838 profecto
1524 3780 1795 3828 coaeterna
1844 3789 1952 3829 non
2001 3784 2107 3832 est.

550 3853 881 3909 Haudenim
932 3864 1129 3911 natura
1171 3867 1546 3928 comparatum
1592 3870 1704 3925 est,
1742 3869 1801 3916 ut
1842 3862 1991 3932 quod
2041 3879 2109 3918 ex

552 3946 725 3999 nihilo
750 3946 1091 4016 producitur,
1314 3951 1556 4004 eamdem
1584 3966 1709 4006 cum
1739 3968 1803 4007 eo
1832 3954 1976 4024 quod
2007 3955 2111 4010 ini-

550 4043 629 4092 tio
662 4046 847 4101 caret,
890 4046 944 4092 et
990 4040 1386 4108 sempiternum
1435 4050 1560 4107 est,
1603 4044 1966 4101 aeternitatem
2017 4053 2111 4101 aut

550 4128 974 4196 perpetuitatem
1010 4129 1231 4183 habeat.
1285 4131 1760 4196 Quemadmodum
1806 4134 1973 4204 igitur
2007 4135 2110 4191 ho-

550 4219 714 4271 minis
741 4227 794 4271 et
825 4216 918 4272 Dei
955 4234 1061 4272 non
1093 4221 1278 4273 eadem
1308 4230 1393 4275 est
1437 4221 1705 4277 eﬂieiendi
1749 4226 1928 4294 ratio;
1980 4226 2108 4296 quia

551 4305 716 4359 homo
750 4306 884 4358 nihil
913 4322 977 4360 ex
1010 4306 1180 4362 nihilo
1212 4308 1467 4377 producit
1498 4323 1514 4372 ;
1579 4311 1676 4368 sed
1761 4316 1904 4383 quod
1947 4315 2109 4371 efﬁcit

550 4412 613 4450 ex
645 4396 1052 4464 prmexsistente
1107 4406 1159 4452 et
1190 4398 1437 4467 subjecta
1470 4401 1699 4455 materia
1769 4402 1930 4469 facit;
2006 4422 2107 4462 nec
2142 4406 2187 4461 ι)

551 4487 884 4542 voluntatem
917 4489 1186 4543 duntaxat
1219 4490 1439 4544 adhibet
1464 4529 1479 4551 ,
1510 4492 1603 4546 sed
1638 4494 1792 4563 prius
1820 4495 1984 4549 etiam
2016 4511 2109 4551 co-

550 4579 683 4648 gitat
707 4618 720 4641 ,
756 4578 1002 4647 illudque
1028 4580 1173 4648 quod
1208 4580 1456 4636 facturus
1484 4590 1606 4647 est,
1643 4584 1827 4639 animo
1864 4584 2103 4657 ellingit,

551 4683 612 4721 ac
640 4671 867 4737 posthac
897 4685 1153 4723 manuum
1185 4687 1403 4741 quoque
1430 4671 1614 4726 addita
1641 4688 1803 4743 opera
1825 4713 1839 4738 ,
1865 4674 2104 4730 laborem

550 4766 600 4813 et
631 4761 934 4814 molestiam
966 4761 1203 4814 sustinet
1276 4776 1291 4814 :
1348 4776 1450 4816 nec
1486 4777 1613 4817 raro
1647 4765 1812 4819 etiam
1860 4781 1956 4835 spe
2007 4782 2104 4822 sua

551 4847 774 4911 labitur,
802 4855 861 4901 ut
891 4848 977 4903 cui
1004 4847 1345 4917 propositum
1370 4865 1433 4903 ex
1465 4849 1633 4902 animi
1671 4852 1954 4906 voluntate
1993 4867 2102 4907 non

551 4934 809 4991 succedat
835 4955 845 4988 :
880 4934 1022 4990 Deus
1049 4945 1227 4990 autem
1262 4936 1376 4989 sola
1404 4937 1685 4991 voluntate
1714 4939 1893 4992 omnia
1923 4955 1989 4994 ex
2022 4941 2105 4995 ni—

551 5026 661 5080 hilo
692 5035 746 5079 ul
781 5034 965 5080 essent
998 5025 1292 5095 produxit:
1329 5026 1400 5080 ita
1440 5043 1537 5081 nec
1580 5029 1769 5083 eodem
1822 5031 1987 5085 modo
2022 5032 2102 5100 gi-

553 5124 726 5187 gnunt
756 5114 901 5170 Deus
928 5124 982 5171 et
1009 5114 1190 5169 homo.
1229 5113 1369 5170 Deus
1411 5117 1584 5181 enim,
1632 5126 1690 5171 ut
1735 5119 1826 5188 qui
1875 5119 2101 5189 tempori

2230 3135 2443 3205 φύσεως
2470 3135 2631 3207 ἔργον
2671 3131 2827 3198 οῦσα,
2869 3136 2961 3188 καὶ
3006 3138 3068 3188 ὲκ
3109 3136 3207 3205 τῆς
3234 3136 3422 3197 οὐσίας
3452 3134 3618 3188 αὑτοῦ
3649 3150 3785 3203 προ-

2228 3227 2456 3294 άγουσα,
2494 3226 2581 3281 ἵνα
2624 3225 2830 3297 τροπὴν
2856 3228 2885 3279 ό
2906 3225 3112 3293 γεννῶν
3146 3225 3219 3295 μὴ
3248 3226 3536 3297 ὑπομείνῃ,
3574 3225 3667 3278 καὶ
3698 3225 3787 3278 ἴνα

2233 3319 2309 3387 μὴ
2323 3317 2454 3381 Θεὸς
2484 3318 2717 3389 πρῶτος,
2753 3317 2850 3371 καὶ
2876 3317 3007 3381 Θεὸς
3036 3317 3259 3388 ὕστερος
3294 3317 3402 3388 εἴη,
3431 3319 3524 3370 καὶ
3548 3315 3786 3387 προσθή-

2230 3424 2332 3478 κην
2362 3408 2595 3479 δέξηται.
2640 3409 2705 3462 Ἦ
2736 3408 2794 3463 δὲ
2837 3408 3014 3472 κτίσις
3050 3408 3144 3461 ἐπὶ
3180 3407 3313 3461 Θεοῦ
3340 3444 3359 3474 ,
3516 3407 3787 3476 θελήσεως

2229 3499 2389 3569 ἔργον
2415 3495 2578 3565 οῦσα,
2608 3499 2668 3553 οὑ
2708 3500 2977 3563 συναῒδιός
3025 3500 3142 3553 ἐστι
3185 3498 3264 3569 τῷ
3295 3496 3435 3568 Θεῷ.
3480 3497 3698 3568 Ἐπειδὴ
3724 3499 3785 3550 οὐ

2229 3589 2441 3659 πέφυκε
2480 3590 2540 3643 τδ
2570 3591 2633 3645 ὲκ
2654 3591 2747 3644 τοῦ
2791 3591 2865 3661 μὴ
2898 3590 3052 3653 ὄντος
3084 3591 3165 3653 είς
3192 3590 3253 3644 τὸ
3294 3584 3434 3643 εἶναι
3473 3591 3787 3660 παραγόμε-

2229 3696 2320 3734 νον
2350 3681 2614 3733 συναῒδιον
2646 3675 2782 3735 εἶναι
2813 3680 2889 3752 τῷ
2922 3681 3140 3750 ἀνάρχῳ
3172 3679 3266 3733 καί
3296 3680 3379 3732 ἀεὶ
3416 3679 3549 3732 ὄντι.
3575 3680 3788 3751 Ὠσπερ

2228 3764 2320 3822 οὖν
2343 3769 2372 3809 δ
2403 3771 2502 3839 οὐχ
2533 3770 2732 3840 ὁμοίως
2771 3773 2918 3824 ποιεῖ
2954 3769 3239 3841 ἄνθρωπος
3277 3771 3371 3823 καὶ
3410 3770 3575 3832 Θεός·
3627 3770 3657 3822 ό
3688 3771 3788 3839 μὲν

2229 3857 2338 3928 γάρ
2360 3858 2643 3929 ἄνθρωπος
2670 3859 2820 3912 οὐδὲν
2851 3860 2915 3913 ὲκ
2951 3859 3043 3913 τοῦ
3083 3860 3156 3930 μὴ
3205 3859 3355 3923 ὄντος
3394 3861 3473 3924 είς
3504 3859 3619 3931 {rb}
3640 3856 3783 3915 εἶναι

2229 3946 2488 4017 παράγει,
2538 3945 2653 4001 ἀλλ’
2700 3949 2837 4020 ὅπερ
2868 3950 3009 4002 ποιεί
3055 3951 3119 4002 εκ
3150 3949 3623 4020 προϋποκειμένης
3657 3948 3790 4019 ὕλης

2230 4040 2403 4105 ποιεῖ,
2451 4039 2511 4092 οὐ
2546 4038 2778 4109 θελήσας
2825 4040 3017 4110 μόνον,
3051 4039 3186 4093 ἀλλά
3231 4040 3325 4094 καί⁵
3366 4042 3783 4111 προεπινοήσας,

2228 4127 2323 4179 καὶ
2350 4128 2407 4181 ὲν
2443 4126 2521 4197 τῷ
2547 4127 2623 4198 νῷ
2647 4127 3001 4191 ἀνατυπώσας
3027 4129 3088 4181 τὸ
3117 4130 3475 4199 γενησόμενον
3496 4172 3511 4196 ,
3543 4127 3657 4184 εἶτα
3696 4131 3783 4183 καὶ

2230 4215 2415 4285 χερσὶν
2444 4216 2848 4286 ἐργασάμενος,
2884 4216 2978 4270 καὶ
3010 4218 3176 4270 κόπον
3225 4218 3522 4288 ὑπομείνας
3556 4220 3651 4273 καὶ
3690 4222 3783 4274 κά-

2233 4324 2422 4377 ματον,
2461 4306 2723 4371 πολλάκις
2764 4308 2821 4361 δὲ
2859 4308 2952 4361 καὶ
2984 4309 3314 4378 ἀστοχήσας,
3347 4310 3421 4379 μὴ
3454 4310 3783 4376 ἀποϐάντος,

2230 4396 2372 4451 καθά
2403 4397 2676 4467 βούλεται,
2716 4397 2808 4451 τοῦ
2836 4399 3292 4470 ἐπιτηδεύματος·
3323 4403 3351 4454 ό
3385 4401 3440 4453 δὲ
3466 4402 3596 4464 Θεὸς
3626 4402 3780 4473 05):!)-

2232 4504 2331 4550 σας
2360 4490 2537 4558 μόνον,
2571 4490 2635 4541 ἐκ
2664 4489 2756 4542 τοῦ
2791 4490 2864 4560 μὴ
2897 4489 3047 4553 ὄντος
3080 4491 3159 4554 εἰς
3183 4491 3243 4543 τὸ
3274 4486 3413 4545 εἶναι
3442 4493 3618 4545 πάντα
3652 4511 3783 4565 παρ.

2230 4574 2456 4645 ήγαγεν.
2490 4574 2673 4638 Οὕτως
2701 4576 2820 4628 οὐδὲ
2864 4578 3062 4647 ὁμοίως
3100 4579 3263 4648 γεννᾷ
3297 4577 3429 4640 Θεὸς
3458 4579 3553 4632 καὶ⁵
3580 4580 3781 4651 ἇνθρω⁹

2231 4679 2345 4726 πος.
2391 4666 2454 4717 Ὀ
2491 4664 2588 4734 μὲν
2629 4664 2737 4735 γὰρ
2765 4664 2928 4729 Θεὸς,
2972 4667 3199 4737 ἄχρονος
3242 4666 3317 4719 ῶν
3341 4707 3356 4733 ,
3400 4670 3493 4722 καὶ
3531 4669 3781 4741 ἄναρχος,

2229 4754 2324 4806 καὶ
2378 4753 2635 4825 ἀπαθὴς,
2679 4755 2773 4808 καὶ
2820 4756 3149 4826 ἀρῤευστος,
3184 4757 3279 4810 καὶ
3322 4758 3650 4829 ἀσώματος,
3693 4763 3781 4815 καὶ

2233 4842 2409 4912 μόνος,
2435 4844 2527 4897 καί
2561 4843 2935 4914 ἀτελεύτητος,
2970 4847 3236 4917 ἀχρόνως,
3277 4850 3369 4902 καὶ
3394 4850 3663 4920 ἀνάρχως,
3691 4852 3781 4904 καὶ

2229 4931 2476 4998 ἀπαθῶς,
2530 4933 2622 4986 καὶ
2670 4933 2987 5004 ἁρῤεὑστως
3041 4939 3241 5007 γεννᾷ,
3302 4939 3394 4991 καὶ
3445 4938 3603 5001 ἐκτὸς
3653 4958 3781 4994 συνο

2229 5017 2471 5089 δυασμοῦ
2504 5022 2525 5040 ⁵
2615 5020 2719 5075 καῖ
2806 5020 2926 5074 οὕτε
2978 5022 3150 5093 ἀρχὴν
3194 5024 3366 5094 ἔχειὴ
3400 5024 3785 5095 ἀκατάληπτος

2230 5108 2393 5163 αὐτοῦ
2421 5111 2703 5179 γέννησις,
2750 5112 2869 5166 οὐδὲ
2908 5112 3077 5176 τέλος.

557 5224 665 5263 non
725 5209 920 5273 subsit,
969 5219 1024 5264 et
1059 5209 1346 5280 principio,
1402 5212 1653 5281 passione
1696 5224 1760 5264 ac
1802 5208 2037 5262 ﬂexione
2080 5205 2226 5260 omni
2276 5212 2449 5271 vacet,
2491 5204 2667 5274 sitque
2710 5202 3079 5272 incorporeus,
3129 5215 3194 5256 ac
3242 5199 3389 5255 solus
3431 5198 3498 5253 ab
3545 5196 3773 5251 interitu

555 5301 728 5365 liber;
790 5301 863 5355 ita
899 5304 1030 5355 citra
1067 5310 1279 5372 tempus
1309 5318 1542 5373 quoque,
1590 5311 1644 5356 et
1677 5300 2020 5370 principium,
2049 5308 2099 5353 et
2149 5298 2479 5367 passionem,
2513 5306 2568 5351 et
2603 5296 2827 5360 ﬂuxum,
2868 5302 2923 5350 et
2959 5294 3074 5349 sine
3112 5292 3221 5347 ullo
3258 5305 3547 5363 congressu
3578 5288 3772 5364 gignit,

554 5407 618 5447 ac
666 5405 766 5445 nec
796 5392 1041 5456 initium,
1092 5408 1195 5448 nec
1242 5393 1402 5446 linem
1453 5392 1617 5446 habet
1647 5388 2211 5458 incomprehensibilis
2242 5387 2411 5457 ipsius
2441 5388 2741 5457 generatio.

630 5487 704 5536 Ac
733 5485 963 5552 proinde
995 5485 1356 5553 sempiternus
1389 5484 1527 5538 Deus
1557 5483 1788 5536 Verbum
1816 5497 1971 5535 suum
1994 5481 2111 5535 sine

560 5572 826 5643 principio
863 5593 922 5632 ac
985 5578 1089 5631 line
1139 5576 1338 5647 gignit;
1389 5591 1455 5629 ne
1494 5574 1694 5643 alioqui
1743 5573 1905 5635 Deus,
1954 5573 2109 5640 cujus

560 5670 757 5716 natura
805 5681 868 5719 ac
913 5666 1227 5722 exsislentia
1291 5675 1502 5736 tempus
1549 5679 1708 5720 omne
1768 5670 2010 5732 supcrat,
2056 5661 2107 5714 in

2283 5479 2449 5549 [‘an
2495 5479 2672 5531 τοίνυν
2712 5476 2741 5528 ό
2788 5474 2876 5528 ἀεὶ
2920 5471 2994 5525 ὣν
3037 5472 3167 5534 Θεδς
3206 5472 3296 5524 τδν
3331 5465 3525 5522 ἑαυτοῦ
3575 5467 3770 5534 Δόγονν

2212 5568 2416 5621 τέλειον
2449 5567 2597 5628 ὄντα,
2630 5566 2896 5635 ἀνάρχως,
2929 5565 3022 5619 καὶ
3054 5561 3445 5631 ἀτελευτήτως,
3485 5558 3570 5611 ῐνα
3604 5556 3681 5626 μὴ
3711 5557 3772 5609 ιν

2213 5657 2393 5730 χρόνῳ
2421 5656 2574 5730 τίκτῃ
2612 5655 2764 5717 Θεὸς,
2804 5657 2831 5708 ό
2863 5652 3057 5726 χρόνου
3097 5650 3374 5712 ἀνωτέραν
3406 5648 3543 5719 ἒχων
3573 5647 3670 5707 τήν
3707 5657 3769 5695 τε
