4094 6286
611 407 678 470 07
1812 409 2118 473 EUTHYM

2236 413 2598 477 ZiG'ABENI
3721 421 3830 489 103

571 520 741 574 unico
773 536 822 581 ν,
863 525 1057 584 sonat;
1102 516 1207 571 alia
1244 527 1447 583 creata,
1479 533 1640 588 quam
1678 535 1780 574 vox
1808 524 2008 594 γενητὴ
2065 525 2118 580 ιιι

2225 581 2226 586 η
2257 527 2506 598 διαφέρει
2538 528 2697 584 οὐσία
2727 528 2949 594 οὐσίας·
2995 532 3198 598 παντὸς
3243 532 3350 605 γὰρ
3398 535 3573 600 εἴδους
3605 537 3761 602 ζώων
3801 542 3828 610 ἡ

574 619 745 664 notat.
783 607 1038 664 Secundo
1089 619 1270 663 autem
1316 609 1651 683 signiﬁcandi
1701 627 1901 684 genere
1943 616 2114 670 nullm

2257 620 2450 689 πρώτη
2487 621 2784 684 ὑπόστασις
2811 623 3108 696 άγίννητός
3139 628 3309 690 ἐστιν,
3343 628 3461 681 ἀλλ’
3489 630 3590 683 οὐκ
3633 607 3836 700 ἀγένηζ

554 704 828 758 «essentia:
857 703 924 755 ab
954 701 1190 757 essentia
1219 701 1515 756 discrimen
1562 703 1861 760 inducitur.
1906 705 2118 761 Primur

2249 728 2363 774 τος.
2409 711 2773 782 Ἐκτίσθησαν
2803 715 2900 783 μὲν
2927 715 3032 786 γὰρ
3066 717 3168 770 ὑπὸ
3206 719 3301 772 τοῦ
3335 719 3709 790 Δημι-ουργοῦ,
3753 725 3832 793 τῷ

575 796 721 848 enim
783 796 1048 864 cujusque
1109 793 1470 848 animantium
1535 797 1738 865 speciei
1809 798 2118 853 individqu

2247 801 2391 872 λόγῳ
2421 804 2586 857 αὐτοῦ
2617 804 2970 874 παραχθέντα
2996 810 3076 872 είς
3099 811 3335 876 γένεσιν.
3357 814 3440 864 ’οὺ
3468 813 3576 884 μὴν
3607 814 3834 886 ἐγεννή-

573 888 892 955 ἀγέννητον.
934 902 1026 939 seu
1075 885 1375 955 ingenitum
1406 896 1520 951 est;
1564 905 1672 942 non
1705 891 1834 943 item
1864 891 2118 961 ἀγένητον

2248 894 2442 960 θησαν,
2479 895 2552 965 μὴ
2585 894 3040 967 προϋπάρχοντος
3088 901 3278 970 ἑτέρου
3325 904 3629 974 ὁμοειδοῦς,
3673 909 3733 973 ἐξ
3760 885 3824 961 οῦ

551 979 677 1031 'hoc
718 990 800 1038 est
840 978 1064 1032 minime
1100 979 1378 1031 conditum
1411 989 1464 1032 et
1504 980 1727 1034 factum.
1774 982 1818 1034 Α
1854 984 2118 1038 Conditor

2245 987 2569 1057 γεννηθῶσι.

569 1069 767 1138 quippe
793 1085 993 1131 rerum,
1029 1085 1124 1138 per
1152 1071 1322 1139 ipsius
1352 1071 1586 1127 Verbum
1613 1075 1663 1126 in
1697 1085 1875 1128 ortum
1911 1078 2169 1144 producta
2201 1094 2348 1134 sunt.
2385 1083 2450 1134 At
2483 1099 2590 1137 uon
2611 1084 2828 1155 genita;
2857 1090 2982 1141 cum
3009 1097 3134 1142 ante
3159 1088 3368 1142 nullum
3390 1090 3535 1146 aliud
3566 1092 3815 1162 ejusdem

569 1164 765 1234 speciei
791 1164 1069 1233 singulare
1095 1172 1356 1227 exstaret,
1391 1182 1455 1220 ex
1476 1184 1583 1235 quo
1618 1170 1996 1237 gignerentur.

639 1260 916 1323 Quantum
1002 1259 1168 1326 ig'tnr
1245 1260 1310 1314 ad
1393 1263 1620 1331 primam
1690 1265 2143 1335 significationem

566 1351 785 1413 attinet,
816 1350 1048 1418 singulis
1074 1353 1248 1405 tribus
1279 1363 1482 1407 sancta:
1529 1355 1753 1412 Deitatis
1785 1359 2140 1415 divinissimis

559 1443 814 1509 personis
859 1459 956 1495 vox
1006 1444 1269 1512 ἀγένητος
1327 1451 1602 1503 convenit.
1683 1451 1939 1521 Ejusdem
1997 1459 2140 1510 enim

535 1535 882 1588 '~substantia:
929 1543 1144 1589 suntet
1193 1535 1472 1593 incrcatae.
1519 1539 1793 1606 Quantum
1839 1557 2020 1602 autem
2072 1549 2140 1603 ad

552 1627 1016 1690 ~secundam,non
1051 1629 1178 1682 item
1212 1649 1225 1684 :
1276 1632 1426 1686 solus
1465 1635 1613 1688 enim
1653 1635 1814 1691 Pater
1863 1639 2137 1710 ingenuitas

553 1725 671 1771 est.
707 1715 816 1770 Nec
845 1718 991 1771 enim
1018 1719 1088 1772 ab
1125 1721 1236 1774 alia
1275 1738 1506 1792 persona
1553 1726 1714 1782 habet
1743 1739 1800 1784 ut
1843 1734 1934 1787 sit.
1977 1733 2136 1790 Solus

2327 1273 2482 1324 Κατὰ
2533 1273 2632 1342 μὲν
2680 1270 2774 1327 οὖν
2807 1275 2867 1328 τὸ
2914 1277 3131 1347 πρῶτον
3191 1283 3590 1352 σημαινόμενον
3643 1305 3834 1341 κοινω-

2249 1365 2436 1418 νοῦσιν
2488 1367 2542 1418 αί
2571 1367 2722 1438 τρεῖς
2757 1369 2858 1436 τῆς
2905 1370 3067 1436 ἁγίας
3099 1371 3354 1442 θεότητος
3405 1374 3658 1444 ὑπέρθεοι
3693 1379 3823 1432 ὑπο-

2247 1462 2466 1522 στάσεις
2503 1475 2517 1488 ·
2567 1460 2845 1529 ὁμοούσιοι
2903 1461 3011 1530 γὰρ
3056 1466 3150 1516 καὶ
3203 1466 3447 1520 ἆκῖιστοι
3497 1469 3824 1538 ὑπάρχουσι.

2247 1553 2402 1606 Κατὰ
2428 1551 2484 1605 δὲ
2530 1552 2592 1605 τὸ
2619 1552 2873 1622 δεύτερον
2927 1557 3351 1625 σημαινόμενον,
3405 1560 3658 1629 οὐδαμῶς
3681 1580 3695 1594 -
3723 1567 3827 1632 μό-

2242 1662 2331 1706 νος
2365 1645 2474 1716 γὰρ
2503 1647 2530 1699 ὁ
2563 1647 2754 1717 Πατὴρ
2777 1647 3070 1717 ἀγέννητος
3095 1665 3107 1678 ·
3140 1649 3198 1702 οὐ
3228 1651 3334 1720 γὰρ
3361 1652 3417 1717 ἐξ
3447 1653 3637 1721 ἐτέρας
3672 1656 3822 1708 ἐστὶν

2239 1738 2387 1808 αὐτῷ
2425 1739 2780 1804 ὑποστάσεως
2804 1743 2866 1795 τὺ
2897 1737 3059 1796 εἶναι.
3090 1743 3199 1797 Καὶ
3228 1745 3387 1814 μόνος
3413 1747 3440 1798 ὀ
3473 1746 3597 1807 Tib;
3628 1765 3820 1818 γεννηρ

571 1809 732 1862 etiam
767 1807 936 1863 Filius
971 1813 1187 1881 genitus
1214 1823 1297 1869 est
1333 1833 1346 1869 :
1375 1833 1438 1870 ex
1460 1815 1636 1873 Patris
1656 1821 1804 1876 enim
1827 1826 2118 1883 substantia

2241 1807 2370 1896 τόςέ
2427 1835 2491 1886 ὲκ
2525 1834 2625 1903 τῆς
2656 1835 2762 1887 τοῦ
2803 1835 3015 1905 Πατρὸς
3065 1837 3172 1908 γὰρ
3201 1807 3391 1902 οῦσίας
3443 1842 3697 1911 ἀνάρχως
3723 1807 3818 1895 κάὶ

545 1900 768 1971 absque
796 1902 953 1956 initio
975 1905 1084 1958 ullo
1115 1922 1178 1962 ac
1200 1916 1448 1978 tempore
1472 1914 1685 1982 genitus
1722 1926 1824 1971 est.
1851 1917 2018 1976 Solus
2039 1924 2135 1979 de-

559 1988 726 2058 nique
751 1989 990 2059 Spiritus
1014 2004 1237 2050 sanctus
1261 2013 1326 2052 ex
1358 1999 1534 2076 Patris
1567 2006 1786 2073 quidem
1833 2012 2138 2069 substantia

549 2076 928 2146 progreditur,
969 2093 1081 2134 non
1117 2085 1511 2153 generatione,
1548 2090 1642 2144 sed
1679 2093 2036 2160 processione
2093 2100 2137 2149 ί.

553 2175 634 2220 tta
684 2167 830 2223 enim
878 2184 908 2223 ιι
955 2170 1137 2226 divina
1191 2172 1474 2248 Scriptura
1524 2181 1866 2238 edocemur:
1915 2186 2136 2241 tametsi

555 2257 760 2327 alioqui
810 2262 1181 2328 generationis
1225 2281 1289 2320 ac
1333 2272 1710 2337 processionis
1753 2275 1950 2331 modus
1985 2277 2135 2332 nulla

551 2345 755 2416 ingenii
792 2349 840 2402 vi
877 2353 1262 2421 comprehendi
1290 2359 1494 2426 possit.

620 2437 761 2504 Quin
796 2443 929 2496 illud
953 2460 1174 2516 quoque
1198 2463 1362 2505 nosse
1384 2452 1647 2517 interest,
1671 2458 2044 2524 paternitatis,
2071 2459 2137 2514 li-

549 2529 783 2598 lietatis,
820 2542 875 2588 et
909 2539 1289 2604 processionis
1323 2545 1591 2597 vocabula
1630 2561 1739 2600 non
1785 2562 1814 2600 a
1861 2550 2020 2606 nobis
2063 2551 2132 2605 ad

545 2621 760 2678 beatam
796 2623 1064 2681 Deitatem
1099 2644 1223 2685 esse
1257 2635 1528 2688 translata
1552 2676 1566 2699 ,
1606 2653 1792 2691 verum
1825 2653 2019 2695 contra
2061 2643 2132 2697 il-

546 2712 658 2766 linc
685 2715 846 2770 nobis
877 2721 1284 2774 communicata
1303 2761 1316 2783 ,
1343 2724 1806 2792 quemadmodum
1833 2731 2130 2799 Apostolus

545 2806 622 2857 ait
651 2824 663 2857 :
704 2805 988 2874 Propterea
1014 2812 1170 2879 ﬂecto
1201 2831 1370 2883 genua
1403 2833 1518 2870 mea
1552 2819 1621 2872 ad
1659 2819 1904 2887 Patrem,
1933 2838 1998 2877 ea:
2025 2841 2126 2893 quo

545 2899 715 2951 cuntis
745 2903 1042 2967 palemitas
1072 2905 1126 2958 in
1153 2907 1280 2958 coelo
1311 2918 1358 2960 et
1393 2909 1447 2962 in
1477 2919 1619 2964 terra
1649 2921 1734 2967 est
1795 2918 1833 2968 '.

613 3074 890 3141 Quomodo
925 3078 1086 3136 Pater
1120 3083 1292 3152 major
1325 3084 1494 3143 Filio.
1542 3087 1769 3144 Verbum
1800 3110 1902 3147 non
1931 3103 2009 3148 est
2043 3097 2125 3150 in-

539 3177 888 3224 strumentum
927 3172 1126 3229 Patris.
1164 3207 1231 3215 —
1255 3179 1410 3243 Quod
1443 3182 1489 3235 si
1529 3180 1747 3237 Patrem
1796 3183 1920 3241 Filii
1967 3188 2122 3257 prin-

2235 1921 2480 1995 ἀχρόνως
2512 1927 2852 1997 γεγέννηται.
2895 1926 2996 1981 Κιὶ
3032 1929 3196 1998 μόνον
3224 1929 3285 1982 τὸ
3316 1925 3539 2004 Πνεῦμα
3564 1934 3622 1984 τὸ
3657 1931 3813 2000 ἅγιον

2240 2021 2595 2089 ὲκπορευτὸν,
2631 2021 2692 2073 ἐκ
2721 2021 2819 2096 τῆς
2843 2021 2938 2074 τοῦ
2977 2020 3190 2093 Πατρδς
3216 2021 3428 2090 οὐσίας,
3448 2024 3509 2077 οὐ
3533 2023 3814 2096 γεννώμε-

2245 2113 2354 2159 νον,
2384 2097 2498 2150 άλλ*
2528 2095 2967 2171 ἐκπορευόμενον
2986 2119 2999 2132 ο
3027 2102 3171 2156 οῦτω
3199 2103 3302 2173 μὶν
3380 2108 3477 2174 τῆς
3507 2109 3658 2174 θείας
3675 2095 3823 2166 διδα-

2243 2187 2481 2259 σκοῦσης
2512 2191 2758 2262 Γραφῆς,
2793 2193 2888 2245 τοῦ
2918 2193 2972 2247 δὶ
3011 2197 3218 2267 τρόπου
3251 2197 3352 2268 τῆς
3390 2203 3696 2273 γεννήσεως
3724 2204 3820 2257 καὶ

2237 2277 2340 2349 τῆς
2371 2281 2756 2353 ἐκπορεῦσεως
2785 2285 3032 2358 ἀκαταλή
3045 2305 3173 2341 πτου
3206 2290 3564 2360 ὑπάρχοντος.

2287 2465 2420 2518 ’Καὶ
2453 2465 2611 2520 τοῦτο
2660 2466 2714 2521 δὲ
2765 2469 2983 2535 ἰστέον,
3064 2471 3139 2533 ὼς
3248 2472 3348 2524 οὐκ
3397 2473 3456 2539 ἐξ
3481 2474 3638 2543 ἡμῶν
3685 2492 3814 2543 μετ-

2234 2556 2439 2627 ηνέχθη
2476 2559 2568 2610 ἐπὶ
2593 2557 2691 2629 τὴν
2729 2561 3007 2630 μακαρίαν
3037 2562 3267 2632 θεότητα
3304 2564 3367 2616 τὸ
3406 2565 3504 2634 τῆς
3538 2565 3814 2637 πατρὸτη-

2233 2666 2347 2715 τος,
2378 2650 2474 2702 καὶ
2499 2649 2767 2720 υἱότητος,
2813 2656 2908 2706 καί
2933 2654 3319 2724 ἐκπορεῦσεως
3355 2657 3528 2727 ὄνομα
3548 2675 3560 2686 ’
3589 2659 3813 2712 τούναν-

2233 2742 2348 2794 τίον
2394 2741 2451 2793 se
2481 2742 2692 2795 ἐκεῖθεν
2729 2745 2860 2814 ἡμῖν
2903 2748 3278 2814 μεταδίδοται.
3305 2749 3379 2812 ὥς
3411 2767 3576 2820 φησιν
3613 2752 3640 2805 ὁ
3670 2750 3814 2814 θεῖος

2243 2833 2564 2896 Ἀπόστολος
2590 2853 2602 2864 ’
2643 2835 2744 2887 Διά
2798 2837 2974 2890 τοῦτο
3025 2840 3271 2907 κάμπτω
3314 2840 3384 2894 τὰ
3424 2842 3645 2911 γόνατά
3690 2862 3810 2912 μου

2229 2926 2381 2994 πρὸς
2400 2928 2505 2979 τὸν
2535 2928 2786 2995 Πατέρα,
2816 2929 2886 2994 ἐξ
2910 2925 2982 2986 οὗ
3021 2931 3187 2986 πᾶσα
3225 2934 3440 3002 πατριὰ
3465 2934 3534 2986 ἐν
3575 2935 3809 3002 οὐρανῷ

2228 3017 2326 3072 καὶ
2355 3019 2452 3071 ἐπὶ
2486 3018 2618 3087 γῆς.

2299 3110 2362 3164 Ei
2402 3111 2456 3162 δὲ
2497 3111 2728 3182 λέγομεν
2841 3116 2935 3169 τὸν
3038 3115 3260 3186 Πατέρα
3307 3116 3481 3188 ἀρχὴν
3526 3114 3666 3172 εἶναι
3711 3118 3806 3172 τοῦ

2229 3200 2357 3254 Υίοῦ
2394 3203 2486 3254 καὶ
2534 3205 2780 3272 μείζονα.
2809 3207 2871 3259 οὑ
2918 3206 3272 3277 προτερεῦειν
3320 3208 3485 3261 αὑτὸν
3535 3207 3630 3262 τοῦ
3674 3207 3806 3262 Υἱοῦ

538 3262 737 3332 cipium
762 3273 817 3319 et
845 3267 1108 3333 majorem
1135 3287 1256 3326 esse
1281 3274 1515 3330 dicimus
1535 3319 1549 3340 ,
1579 3277 2006 3350 haudquaquam
2035 3282 2118 3336 his

2226 3291 2486 3364 χρόνῳ,ἣ
2538 3293 2695 3363 φύσει
2747 3297 3147 3366 ὑποφαίνομενο
3195 3297 3262 3350 δι’
3305 3298 3470 3351 αὑτοῦ
3521 3298 3630 3369 γὰρ
3678 3297 3808 3363 τοὺς

539 3353 722 3408 verbis
757 3371 880 3409 cum
920 3355 1059 3411 Filio
1091 3362 1173 3413 vel
1220 3372 1467 3432 tempore
1514 3367 1751 3435 priorem
1795 3372 1879 3424 vel
1924 3382 2121 3428 natura

535 3447 979 3512 prarstantiorem
1015 3466 1138 3505 esse
1174 3452 1488 3509 indicamus
1525 3459 1546 3490 ³
1597 3459 1735 3527 (per
1763 3461 1939 3531 ipsum
1972 3465 2118 3518 enim

537 3539 666 3594 fecit
694 3539 894 3596 Sazcula
938 3544 1005 3613 ι),
1042 3562 1141 3600 nec
1167 3549 1405 3619 denique
1429 3553 1532 3605 alia
1563 3569 1619 3607 re
1647 3571 1806 3624 quam
1839 3559 1952 3612 sola
1985 3575 2117 3613 cau-

536 3649 594 3686 sa
624 3651 638 3695 ;
676 3637 778 3690 huc
808 3647 893 3690 est
923 3639 1048 3707 quia
1078 3655 1142 3693 ex
1180 3639 1340 3697 Patre
1370 3647 1588 3713 genitus
1630 3657 1710 3702 esl
1733 3690 1747 3713 ,
1788 3667 1896 3703 non
1933 3661 2114 3708 autem

533 3724 699 3782 Pater
731 3745 793 3782 ex
829 3729 972 3784 Filio
1001 3751 1013 3798 ;
1045 3742 1098 3786 et
1127 3734 1256 3802 quia
1290 3745 1443 3804 pater
1473 3741 1802 3796 naturaliter
1831 3743 1924 3797 lilii
1956 3761 2122 3801 causa

533 3829 654 3874 est:
685 3823 1150 3891 quemadmodum
1183 3841 1284 3900 nec
1316 3828 1496 3898 ignem
1529 3846 1594 3884 ex
1632 3832 1751 3888 luce
1786 3835 2006 3904 prodire
2036 3837 2122 3890 di-

531 3913 709 3967 cimus
729 3953 743 3976 ,
771 3928 960 3966 verum
993 3914 1168 3969 lucem
1195 3906 1259 3971 ex
1288 3918 1431 3988 igne.
1460 3918 1728 3986 Quocirca
1753 3939 1875 3977 cum
1907 3924 2120 3981 Patrem

531 4002 654 4056 Filii
691 4005 1021 4074 principium
1056 4021 1120 4062 ac
1167 4006 1289 4063 Filii
1344 4010 1608 4080 majorem
1638 4011 2018 4086 audierimus,
2066 4021 2120 4075 id

529 4108 716 4150 mulsae
749 4099 960 4152 ratione
988 4095 1387 4170 intelligamus.
1417 4101 1478 4156 Et
1511 4103 1690 4175 ignem
1722 4107 1869 4163 sicut
1899 4127 2006 4165 non
2041 4115 2122 4166 al-

528 4187 702 4240 terius
729 4189 1057 4244 substantia:
1085 4206 1211 4245 esse
1237 4193 1477 4247 dicimus
1505 4235 1518 4250 .
1570 4211 1635 4250 ac
1686 4213 1883 4254 rursus
1932 4202 2118 4256 lucem

529 4279 764 4333 alterius
793 4297 808 4346 ;
842 4281 1034 4334 eodem
1071 4281 1236 4335 modo
1281 4299 1381 4338 uec
1413 4285 1643 4344 alterius
1670 4290 1992 4347 substantiae
2015 4293 2120 4347 Pa-

527 4380 629 4431 ter,
663 4371 893 4425 alterius
916 4369 1090 4427 Filius
1123 4373 1229 4427 dici
1259 4384 1478 4445 potest;
1512 4380 1606 4434 sed
1643 4382 1806 4435 unius
1829 4385 2112 4453 ejusdem-

524 4477 652 4531 que.
782 4461 1092 4528 Praeterea,
1143 4467 1289 4521 sicut
1340 4469 1520 4539 ignem
1569 4487 1667 4542 per
1711 4475 1890 4528 lucem
1943 4495 2006 4532 ex
2044 4496 2109 4534 eo

2226 3383 2429 3447 αἰῶνας
2457 3386 2743 3456 ἐποίησεν·
2774 3389 2892 3441 οὐδὲ
2924 3389 3043 3442 καθ’
3073 3389 3262 3460 ’ἐτερὸν
3291 3408 3364 3454 τι,
3397 3392 3445 3443 εί
3479 3390 3554 3462 μὴ
3584 3392 3722 3444 κατὰ
3745 3391 3807 3444 τδ

2224 3477 2426 3528 αἴτιον·
2459 3478 2758 3542 τουτέστιν,
2786 3482 2869 3534 ὃτι
2914 3482 2942 3532 ὁ
2973 3481 3098 3544 Υἱὸς
3147 3484 3210 3534 ἐκ
3257 3479 3350 3535 τοῦ
3405 3483 3618 3552 Πατρὸς
3654 3485 3808 3550 ἐγεν-

2225 3569 2384 3638 νήθη,
2416 3570 2509 3621 καὶ
2544 3571 2642 3641 οὐχ
2679 3573 2708 3624 ὁ
2745 3573 2936 3643 Πατὴρ
2971 3574 3035 3626 ἐκ
3068 3572 3162 3628 τοῦ
3195 3573 3355 3628 Υἱοῦ’
3394 3576 3487 3628 καὶ⁹
3517 3576 3598 3629 ὅτι
3637 3576 3664 3627 ὁ
3691 3575 3806 3627 Παε-

2223 3660 2329 3730 τὴρ
2377 3661 2550 3723 αἴτιός
2584 3664 2699 3715 ἐστι
2737 3663 2832 3717 τοῦ
2881 3663 3011 3717 Υίοῦ
3062 3665 3342 3732 φυσικῶς’
3384 3664 3574 3736 ὥσπερ
3605 3665 3705 3717 οὐκ
3739 3665 3805 3719 ἐκ

2220 3749 2314 3802 τοῦ
2343 3749 2520 3818 φωτὸς
2554 3750 2616 3804 τὸ
2646 3753 2756 3823 πῦρ
2795 3739 2980 3823 φαμεν
3012 3754 3395 3826 προέρχεσθαι,
3425 3755 3563 3809 ἀλλὰ
3594 3755 3656 3808 τὸ
3685 3754 3804 3825 φῶς

2224 3839 2425 3909 μᾶλλον
2449 3841 2512 3892 ὲκ
2539 3839 2632 3893 τοῦ
2656 3842 2847 3912 πυρός.
2885 3842 3012 3895 Ὅτε
3037 3838 3128 3896 οὖν
3156 3843 3481 3913 ἀκούσωμεν
3505 3841 3679 3913 ἀρχὴν
3705 3841 3803 3896 καὶ

2223 3927 2445 4000 μείζονα
2480 3926 2583 3983 ¹τοῦ
2608 3929 2740 3983 Υἰοῦ
2767 3931 2858 3984 τὸν
2909 3932 3150 4004 Πατέρα,
3189 3932 3268 4003 τῷ
3300 3933 3458 4003 αἰτίῳ
3494 3933 3798 4002 νοήσωμεν.

2218 4022 2330 4074 Καὶ
2359 4021 2548 4094 ὥσπερ
2581 4022 2642 4075 οὑ
2689 4021 2922 4094 λέγομεν
2966 4024 3159 4096 ἐτέρας
3197 4024 3388 4087 οὐσίας
3420 4023 3481 4076 τὸ
3520 4021 3652 4093 πῦρ,
3703 4021 3803 4076 καὶ

2218 4112 2412 4180 ἐτέρας
2463 4113 2523 4166 τὸ
2559 4112 2696 4180 φῶς,
2754 4113 2927 4176 οῦτως
2961 4114 3070 4184 οὐχ
3128 4105 3238 4167 οἷόν
3283 4130 3340 4168 τε
3383 4113 3550 4182 φάναι
3606 4111 3802 4195 ἐτέρας

2215 4203 2405 4268 οὐσίας
2437 4203 2528 4257 τὸν
2561 4205 2806 4276 Πατέρα,
2847 4207 2940 4259 καὶ
2968 4206 3060 4259 τὸν
3091 4206 3218 4258 Υἱὸν
3241 4205 3466 4282 ἐτέρας·
3503 4204 3639 4259 ἀλλὰ
3669 4207 3802 4274 μιᾶς

2216 4299 2311 4351 καὶ
2341 4298 2440 4368 τῆς
2469 4298 2658 4368 αὐτῆς.
2687 4299 2796 4352 Καὶ
2826 4299 3085 4369 καθάπερ
3107 4297 3286 4368 φαμὲν
3312 4297 3400 4350 διὰ
3432 4296 3525 4351 τοῦ
3545 4295 3605 4362 ἐξ
3632 4295 3799 4350 αὑτοῦ

2219 4383 2624 4459 προερχομένου
2650 4389 2826 4456 φωτὸς
2852 4389 3066 4457 φαίνειν
3086 4387 3147 4441 τὸ
3169 4387 3303 4460 πῦρ,
3330 4389 3421 4441 καὶ
3448 4388 3508 4441 οὐ
3534 4387 3802 4458 τιθέμεθα

2221 4478 2452 4549 ὄργανον
2504 4479 2838 4551 ὑπουργικὺν
2875 4476 3018 4535 εἶναι
3065 4478 3158 4532 τοῦ
3212 4478 3388 4550 πυρὸς
3433 4478 3492 4531 τὸ
3521 4478 3579 4544 ἐξ
3627 4476 3797 4530 αὑτοῦ

510 4553 962 4624 ,ιρτοειεᾶίθιιιειιι
995 4556 1180 4612 lucere
1212 4559 1449 4618 dicimus
1477 4580 1490 4616 :
1529 4579 1630 4618 nec
1659 4567 1890 4635 proinde
1923 4578 2105 4624 tamen

2225 4569 2356 4639 φῶς,
2386 4568 2618 4641 δύναμιν
2647 4571 2703 4623 δὲ
2738 4571 2940 4642 μᾶλλον
2973 4571 3208 4642 φυσικήν
3228 4587 3239 4602 ·
3273 4567 3415 4624 οὕτω
3443 4568 3678 4648 λέγομεν
3706 4568 3799 4621 τὸν

526 4649 706 4700 lucem
729 4647 953 4701 illamex
974 4663 1037 4701 eo
1061 4659 1374 4705 manantem
1391 4669 1658 4719 organum
1686 4656 1961 4721 quoddam
1979 4675 2100 4716 esse

511 4726 982 4795 ipsiuinServieus,
1019 4728 1116 4782 sed
1151 4731 1259 4781 vim
1289 4733 1586 4799 quamdam
1639 4735 1884 4790 nativam
1909 4742 2108 4793 statui-

513 4832 641 4871 mus
677 4835 689 4868 :
726 4820 846 4888 pari
896 4819 1063 4874 modo
1111 4818 1335 4875 Patrem
1382 4824 1570 4877 omnia
1629 4841 1753 4892 quae
1799 4827 1962 4895 facit,
2012 4849 2109 4902 per

515 4909 872 4979 Unigenitum
926 4928 1088 4967 suum
1145 4912 1328 4970 facere
1369 4916 1647 4986 dicimus,
1689 4933 1800 4975 non
1840 4933 2103 4993 tanquam

497 5018 610 5072 .per
633 5003 834 5058 servile
860 5006 1138 5075 quoddam
1165 5001 1460 5078 organum,
1483 5010 1576 5066 sed
1665 5019 1726 5067 ut
1816 5027 1913 5084 per
1994 5013 2101 5066 vim

499 5096 825 5149 naturalem
882 5106 938 5151 et
996 5099 1416 5154 subsistentem.
1553 5102 1789 5174 Insuper
1840 5105 2103 5176 quemad-

509 5186 733 5240 modum
761 5187 942 5257 igncm
969 5184 1283 5247 illuminare
1310 5192 1548 5251 dicimus
1569 5238 1582 5263 ,
1621 5197 1877 5270 idemque
1911 5217 2096 5257 rursus

509 5280 687 5347 ipsius
722 5280 830 5334 luci
871 5281 1169 5337 tribuimus
1203 5300 1216 5348 ;
1251 5285 1331 5340 sic
1360 5288 1540 5341 omnia
1581 5306 1699 5358 qua:
1738 5290 1904 5346 Pater
1937 5293 2100 5363 facit,

505 5369 676 5425 Filius
713 5373 878 5426 etiam
913 5373 1166 5428 similiter
1205 5377 1336 5445 facit
1398 5382 1440 5431 ⁸.
1482 5381 1551 5433 At
1589 5397 1718 5436 vero
1755 5383 1808 5436 in
1845 5384 1947 5438 ltoc
1985 5386 2100 5440 dis—

505 5464 718 5520 crimen
747 5467 913 5520 situm
943 5476 1026 5521 est
1047 5507 1061 5532 ,
1095 5470 1240 5538 quod
1272 5469 1362 5523 lux
1397 5474 1674 5542 propriam
1696 5483 1756 5528 et
1781 5473 2100 5529 distinctam

507 5555 577 5607 ab
608 5557 731 5624 igne
764 5561 1186 5615 subsistentiam
1215 5577 1324 5617 non
1352 5562 1536 5618 habet.
1561 5563 1736 5622 Filius
1762 5577 1943 5624 autem
1978 5586 2103 5640 per-

507 5645 652 5700 fecta
686 5649 1004 5719 bypostasis
1044 5663 1128 5709 est
1153 5699 1166 5718 ,
1203 5671 1234 5710 a
1276 5665 1508 5727 paterna
1557 5657 1839 5730 hypostasi
1881 5659 2104 5730 insepa-

505 5738 704 5794 rabilis
728 5780 741 5802 ,
784 5752 842 5795 ut
876 5748 1137 5815 superius
1173 5764 1204 5802 a
1244 5749 1406 5805 nobis
1445 5758 1728 5808 ostensum
1770 5760 1875 5807 est.
1914 5749 2103 5822 Neque

504 5829 656 5885 enim
691 5829 808 5884 ﬁeri
839 5844 1019 5899 potest
1046 5846 1104 5890 ut
1136 5838 1190 5892 in
1225 5841 1393 5896 rebus
1425 5843 1629 5897 creatis
1658 5843 1841 5909 imago
1871 5842 1979 5896 ulla
2007 5850 2100 5896 aut

587 5924 604 5956 ⁸
631 5922 786 5981 δοιη.
819 5943 906 5995 av,
941 5929 1031 5984 26.
1109 5933 1129 5964 ¹
1164 5931 1362 6003 Ephes.
1403 5951 1455 6001 v,
1483 5935 1569 5990 14.
1647 5937 1666 5968 ³
1691 5935 1846 5991 Joan.
1883 5952 1971 6006 xv,
2005 5936 2094 5993 28.

2173 5937 2192 5970 ⁸
2233 5939 2395 5996 llebr.
2424 5955 2464 6008 ι,
2501 5941 2588 5999 26.

2207 4658 2440 4718 Πατέρα
2469 4660 2648 4716 πάντα
2677 4661 2778 4716 ὅσα
2815 4662 2978 4726 ποιεῖ,
3009 4658 3097 4714 διὰ
3130 4659 3225 4714 τοῦ
3259 4657 3585 4733 μονογενοῦς
3629 4655 3796 4710 αὑτοῦ

2214 4738 2345 4793 Υίοῦ
2382 4743 2577 4803 ποιεῖν,
2612 4739 2710 4807 οὐχ
2746 4738 2820 4799 ὡς
2849 4737 2917 4790 δι’
2967 4741 3204 4809 ὀργάνου
3401 4741 3808 4815 λειτουργικοῦ,

2213 4830 2350 4886 ἀλλὰ
2381 4831 2615 4898 φυσικῆς
2644 4829 2732 4881 καὶ
2759 4829 3128 4884 ὲνυποστάτου
3153 4829 3458 4900 δυνάμεως.
3479 4833 3588 4887 Καὶ
3619 4833 3808 4908 ὥσπερ

2212 4923 2447 4992 λέγομεν
2476 4920 2538 4974 τὸ
2565 4918 2675 4990 πῦρ
2715 4919 2995 4987 φωτίζειν,
3033 4922 3128 5000 καὶ
3170 4922 3330 4976 πάλιν
3375 4922 3560 4994 φαμὲν
3591 4925 3652 4978 τδ
3693 4925 3811 4996 φῶς

2213 5013 2307 5066 τοῦ
2342 5011 2513 5082 πυρὸς
2553 5009 2832 5082 φωτίζειν,
2860 5010 3004 5064 οῦτω
3040 5011 3238 5066 πάντα
3269 5013 3388 5067 ὅσα
3425 5014 3588 5068 ποιεῖ
3616 5019 3648 5070 ό
3685 5020 3809 5070 [Iac

2215 5105 2350 5173 τὴρ,
2385 5104 2600 5173 ὁμοίως
2645 5103 2743 5157 καὶ
2780 5107 2811 5157 ό
2865 5104 2998 5169 Υἱὸς
3041 5104 3220 5158 ποιεῖ.
3259 5105 3422 5159 Ἀλλά
3452 5107 3513 5159 τὸ
3560 5108 3657 5178 μὲν
3694 5108 3812 5177 φῶς

2214 5179 2311 5248 οῦκ
2348 5197 2484 5248 ἰδίαν
2520 5195 2822 5250 ὑπόστασιν
2855 5197 3021 5266 ,παρὰ
3058 5196 3120 5248 τὸ
3160 5197 3272 5268 πῦρ
3317 5197 3621 5269 κέκτηταιο
3680 5201 3710 5252 ὁ
3753 5198 3812 5252 δὲ

2225 5287 2344 5350 Υἱὸς
2367 5287 2550 5340 τελεία
2577 5288 2882 5350 ὑπόστασίς
2908 5290 3048 5350 ἐστι,
3072 5289 3174 5358 τῆς
3209 5291 3478 5361 πατρικῆς
3501 5290 3811 5362 ἁχώριστος

2218 5380 2596 5444 ὑποστάσεως,
2630 5379 2705 5443 ὡς
2753 5379 3011 5450 ἀνωτέρω
3035 5383 3488 5453 παρεστήκαμεν.
3521 5381 3812 5436 Ἀδύνατον

2216 5472 2327 5543 γάρ
2371 5461 2661 5543 εὑρεθῆναι
2702 5472 2760 5524 ἐν
2805 5473 2871 5543 τῇ
2908 5473 3084 5526 κτίσει
3135 5475 3325 5528 εἰκόνα
3367 5476 3811 5548 ἀπαραλλάκτως

2216 5567 2274 5620 ὲν
2321 5567 2493 5636 ἑαυτῇ
2547 5565 2639 5618 τὸν
2680 5565 2886 5636 τρόπον
2922 5565 3023 5636 τῆς
3071 5569 3234 5634 ἁγίας
3267 5569 3499 5640 Τριάὸος
3547 5571 3813 5641 παραδει-

2218 5657 2518 5712 κνύουσαι).
2564 5659 2636 5710 Τὸ
2688 5659 2797 5728 γὰρ
2833 5659 3049 5713 κτιστὺν
3087 5662 3178 5715 καὶ
3228 5661 3512 5728 σύνθετον,
3545 5664 3639 5718 καὶ
3684 5667 3811 5735 ῥευ-

2219 5749 2365 5810 στὸν,
2419 5749 2514 5801 καὶ
2567 5748 2827 5816 τρεπτδν,
2877 5750 2974 5802 καὶ
3022 5752 3432 5823 περίγραπτον,
3475 5755 3570 5809 καὶ
3621 5754 3811 5824 σχῆμα

2218 5837 2363 5907 ἕχον,
2408 5838 2501 5891 καὶ
2532 5839 2797 5910 φθαρτὸν,
2833 5841 2951 5904 πῶς
2977 5845 3166 5912 σαφῶς
3193 5844 3424 5917 δηλώσει
3452 5847 3554 5919 τὴν
3593 5849 3810 5902 πάντων

2667 5944 2688 5976 ⁸
2721 5941 2876 6000 Joan.
2912 5959 2965 6011 v,
3001 5945 3087 6002 19.
