4094 6286
526 397 627 463 ill

1700 404 2097 467 «EUTllYMll
2139 403 2527 464 ZIGABENI.

3659 400 3775 463 112

517 520 771 569 naturam
814 514 1107 585 perfectam
1156 517 1563 588 intelligamus;
1609 519 1704 573 sed
1749 535 1912 572 unam
1946 520 2082 572 sim-

2190 535 2307 570 σεσι
2341 521 2471 587 μίαν
2497 514 2676 585 ἁπλῆν
2696 512 2908 577 οὐσίαν,
2954 511 3250 584 ὑπερτελῆ,
3288 512 3382 566 καὶ
3424 512 3767 583 προτέλειον.

517 606 715 676 pliccm
759 607 1125 663 substantiam
1160 619 1214 663 et
1248 610 1538 664 essentiam
1569 612 1714 667 om‘ni
1748 610 2084 679 perfectione

518 697 857 763 superiorem
920 706 976 751 et
1040 698 1409 762 anteriorem,
1469 699 1523 753 in
1584 696 1755 753 tribus
1828 700 2087 769 perfectis

518 787 766 855 personis
814 802 1122 843 noscamus.
1156 789 1433 859 Quidquid
1472 792 1614 845 enim
1646 807 1710 845 ex
1752 792 2085 861 imperfeCtis

515 876 805 941 caullator,
858 884 1172 934 necessario
1227 883 1587 952 compositum
1628 893 1733 939 est.
1764 885 1832 936 At
1863 899 1927 937 ex
1959 899 2083 953 per-

516 968 671 1022 fectis
707 971 1088 1039 hypostasibus
1119 975 1442 1042 compositio
1468 975 1578 1028 fieri
1605 990 1711 1029 non
1740 986 1938 1046 potest.
1968 976 2086 1041 Quo

516 1055 577 1110 lit
618 1068 674 1111 ut
715 1075 817 1112 nec
870 1063 1108 1130 speciem
1160 1079 1221 1116 ex
1268 1064 1651 1135 hypostasibus
1691 1068 1942 1138 singulis,
1992 1068 2086 1121 sed

515 1160 571 1201 ιιι
612 1147 995 1219 hypostasibus
1028 1154 1258 1225 singulis
1290 1156 1558 1213 dicamus.
1612 1159 1931 1229 [inperfecta
1958 1174 2089 1213 vero

514 1240 770 1307 diximus,
804 1256 925 1312 qua:
964 1248 1200 1315 speciem
1252 1265 1357 1304 non
1412 1260 1637 1307 servant
1689 1253 1807 1321 ejus
1851 1251 1930 1306 rei
1968 1265 2089 1319 quae

512 1347 577 1385 ex
616 1334 749 1403 ipsis
794 1336 1048 1392 edicitur.
1081 1339 1244 1411 Lapis
1278 1343 1447 1406 enim,
1491 1343 1717 1415 lignum,
1761 1344 1963 1397 ferrum
1993 1360 2091 1415 per

511 1439 569 1478 se
610 1427 854 1495 quidem,
902 1431 945 1483 si
980 1431 1307 1498 peculiarem
1350 1434 1614 1505 cujusque
1664 1443 1914 1487 naturam
1961 1449 2088 1504 spe—

2188 613 2303 664 Πᾶν
2341 611 2450 679 γὰρ
2479 608 2538 675 ἐξ
2575 609 2780 662 ἀτελῶν
2814 608 3212 676 συγκείμενον,
3250 605 3508 659 σύνθετον
3543 608 3770 668 πάντως

2185 703 2358 755 ἐστίν.
2402 703 2496 755 Ἐκ
2523 702 2579 754 δὲ
2612 700 2832 753 τελείων
2878 700 3229 752 ὑποστάσεων
3266 698 3533 751 ἀδύνατον
3567 696 3769 749 σύνθε-

2188 810 2273 846 σ.ν
2299 792 2572 861 γενέσθαι.
2602 792 2763 844 Ὅθεν
2789 789 2912 843 οὐδὲ
2935 790 3167 858 λέγομεν
3192 790 3250 841 τὸ
3276 784 3414 847 εἶδος
3445 788 3505 851 ἐξ
3527 788 3772 840 ὑποστά-

2189 901 2351 946 σεων,
2384 884 2498 939 ἀλλ’
2527 886 2583 936 ὲν
2614 883 2999 936 ὑποστάσεσιν.
3031 880 3260 934 ’Δτελῶν
3290 868 3345 933 δὲ
3375 880 3628 949 εἴπομεν,
3655 880 3722 930 τιῖ
3738 895 3771 930 ν

2192 976 2267 1046 μὴ
2308 976 2588 1040 σωζόντων
2621 976 2680 1027 τὸ
2718 969 2860 1037 εἶδος
2891 973 2986 1026 τοῦ
3018 972 3075 1038 ἐξ
3104 972 3284 1025 αὐτῶν
3318 972 3767 1039 ἀποτελουμένου

2190 1067 2537 1136 πράγματος.
2569 1065 2725 1127 Amo;
2763 1065 2861 1133 μὲν
2894 1065 3025 1132 γὰρ,
3058 1061 3150 1116 καὶ
3179 1062 3357 1128 ξύλον,
3390 1064 3486 1116 καὶ
3519 1062 3769 1132 σίδηρος,

2187 1160 2421 1213 ἕκαστον
2453 1158 2573 1211 καθ’
2606 1157 2768 1209 ἑαυτὸ
2801 1156 3006 1209 τέλειόν
3036 1158 3151 1209 ἐστι
3191 1158 3330 1207 κατὰ
3360 1154 3458 1225 τὴν
3494 1154 3628 1207 ἰδίαν
3659 1154 3772 1223 φύ-

2190 1268 2307 1304 σιν·
2354 1252 2491 1320 πρδς
2530 1250 2586 1302 δὲ
2624 1252 2683 1301 τὸ
2723 1250 2779 1315 ἐξ
2823 1249 3003 1302 αὐτῶν
3050 1248 3490 1315 ἀποτελούμενον
3529 1248 3769 1317 οἴκημα,

2189 1341 2377 1404 ἀτελὲς
2422 1342 2652 1394 ἕκαστον
2696 1342 2931 1411 ὑπάρχει
2958 1356 2973 1372 °
3023 1341 3141 1393 οὐδὲ
3183 1342 3291 1409 γάρ
3337 1342 3486 1393 ἐστιν
3530 1338 3770 1393 ἕκαστον

2189 1434 2371 1487 αὐτῶν
2405 1433 2527 1485 καθ’
2556 1435 2717 1486 ἑαυτὸ
2742 1430 2913 1492 οῐκος.

510 1530 647 1579 etes,
679 1522 920 1588 perfecta
955 1530 1084 1576 sunt
1118 1540 1131 1576 :
1164 1534 1219 1578 a‘t
1250 1533 1499 1594 respectu
1535 1527 1731 1580 domus
1759 1535 1879 1596 Qua:
1912 1537 1979 1582 ex
2009 1526 2142 1596 ipsis
2173 1536 2454 1582 exstructa
2488 1536 2591 1593 est,
2615 1526 2827 1597 singula
2861 1528 3179 1598 imperfecta
3211 1534 3363 1582 sunt.
3398 1527 3586 1598 Neque
3613 1526 3766 1580 enim

511 1612 810 1682 quidquam
835 1614 1054 1680 borum,
1086 1616 1131 1671 si
1167 1617 1424 1686 privatim
1444 1619 1862 1683 consideretur,
1896 1621 2094 1675 domus
2122 1631 2227 1675 est.
3434 1662 3447 1677 κ

582 1705 850 1770 Quocirca
892 1708 1160 1775 perfectas
1188 1712 1408 1778 quidem
1448 1719 1713 1780 perSonas
1742 1713 2082 1782 profitemur,

2260 1714 2488 1778 Τελείας
2525 1716 2623 1784 μὲν
2658 1714 2750 1768 οὖν
2785 1691 2886 1776 τὰς
2924 1712 3255 1775 ὑποστάσεις
3294 1713 3514 1782 φαμὲν,
3556 1711 3645 1764 ilva
3687 1712 3765 1783 μὴ

510 1813 580 1850 ne
629 1798 682 1851 in
741 1797 919 1852 dixina
961 1810 1156 1853 natura
1205 1802 1656 1869 compositionem
1693 1803 2082 1872 intelligamus.

509 1890 846 1959 Compositio
877 1893 1022 1946 enim
1052 1894 1262 1948 dissidii
1297 1905 1470 1950 mater
1505 1905 1608 1951 est.
1642 1898 1711 1950 At
1753 1908 1943 1952 rursus
1974 1907 2083 1952 trcs

513 2000 773 2052 personas
805 1988 855 2038 in
899 2001 956 2040 se
1001 1986 1234 2042 invicem
1284 2004 1405 2043 esse
1428 1989 1683 2057 dicimus,
1741 2005 1812 2043 ne
1858 1990 2085 2045 deorum

511 2077 723 2146 copiam
774 2086 829 2130 et
882 2080 1098 2133 turbam
1153 2081 1496 2137 inducamus.
1546 2081 1619 2136 lta
1670 2098 1766 2151 per
1816 2092 1927 2137 tres
1965 2097 2089 2152 per-

512 2183 676 2223 sonas
728 2170 830 2225 hoc
864 2171 1240 2241 intelligimus,
1280 2175 1656 2243 quod'nullus
1700 2176 1786 2230 hic
1819 2172 2089 2244 composi-

505 2262 645 2315 tioni
684 2271 737 2317 et
779 2263 1089 2321 confusioni
1140 2265 1291 2320 locUs
1336 2267 1406 2321 sit
1439 2283 1453 2320 :
1489 2284 1585 2337 per
1626 2267 1679 2321 id
1728 2278 1909 2322 autem
1938 2270 2085 2337 quod

512 2365 625 2409 tres
651 2370 898 2424 persona:
926 2356 1170 2426 ejusdem
1214 2356 1533 2411 substantia:
1580 2367 1729 2423 sunt,
1766 2365 1817 2412 et
1862 2358 1984 2412 alia:
2029 2359 2085 2414 in

510 2450 659 2514 aliis;
696 2449 839 2518 quod
870 2448 1033 2503 etiam
1069 2449 1258 2503 eadem
1295 2450 1567 2512 voluntas,
1595 2450 1785 2504 eadem
1818 2450 2085 2521 operatio,

511 2542 701 2595 eadem
735 2542 814 2596 vis
854 2556 917 2595 ac
974 2542 1237 2610 potentia,
1284 2555 1347 2595 ac
1410 2542 1646 2609 denique
1696 2540 1859 2606 idem,
1896 2551 1956 2596 ut
2014 2544 2088 2595 ita

515 2632 731 2703 loquar,
766 2632 822 2687 in
864 2633 968 2687 illis
1007 2645 1187 2687 motus
1214 2642 1318 2694 est,
1352 2633 1457 2687 hoc
1503 2633 1885 2703 agnoscimus;
1940 2635 2087 2702 quod

510 2727 769 2780 nimirum
825 2727 879 2779 in
936 2727 1042 2779 illis
1098 2726 1244 2778 nulla
1300 2723 1497 2780 divisio
1546 2726 1723 2779 locum
1760 2726 1991 2788 habeat,
2034 2736 2090 2781 et

510 2819 656 2888 quod
706 2836 847 2873 unus
909 2820 977 2873 sit
1010 2818 1172 2875 Deus.
1223 2818 1377 2875 Unus
1409 2822 1608 2892 quippe
1642 2839 1769 2877 vere
1816 2820 1955 2877 Deus
1986 2835 2094 2889 (εει,

514 2909 676 2975 Deus,
712 2909 948 2965 Verbum
976 2922 1029 2968 ct
1064 2911 1299 2982 Spiritus
1341 2915 1483 2983 ejus.

587 3005 698 3059 lloc
723 3012 902 3058 autem
933 3022 1094 3061 nosse
1125 3008 1376 3073 interest,
1433 3008 1577 3076 quod
1613 3008 1760 3063 aliud
1790 3010 1862 3064 sit
1891 3011 2071 3080 quoad

2191 1808 2441 1861 σύνθεσιν
2470 1808 2563 1860 ἐπὶ
2590 1808 2690 1877 τῆς
2717 1808 2866 1869 θείας
2901 1809 3185 1877 νοήσωμεν
3226 1804 3465 1876 φύσεως.
3502 1805 3767 1867 Σύνθεσις

2190 1900 2300 1969 γὰρ
2331 1900 2474 1970 ἁρχὴ
2515 1899 2872 1961 διαστάσεως.
2911 1900 3021 1951 Καὶ
3056 1900 3252 1960 πάλιν,
3285 1899 3344 1949 ἐν
3372 1898 3633 1966 ἀλλήλαις
3665 1898 3767 1959 τὰς

2183 1992 2332 2061 τρεῖς
2360 1991 2693 2054 ὑποστάσεις
2717 1989 2975 2061 λέγομεν,
3014 1990 3205 2060 ἵναμὴ
3236 1987 3440 2059 πλῆθος
3464 1990 3566 2043 καὶ
3593 1988 3767 2056 δῆμον

2183 2082 2321 2135 θεῶν
2354 2083 2762 2152 εἰσαγάγωμεν.
2798 2083 2898 2135 Διὰ
2932 2081 3032 2151 μὲν
3065 2080 3174 2134 τῶν
3204 2081 3369 2152 τριῶν
3406 2081 3769 2134 ὑποστάσεων

2183 2175 2243 2226 τὸ
2276 2174 2571 2228 ἀσύνθετον
2612 2176 2705 2228 καὶ
2744 2173 3090 2243 άσύγχυτον·
3116 2173 3202 2227 διὰ
3230 2173 3285 2225 δὲ
3320 2172 3413 2225 τοῦ
3448 2172 3765 2242 ὁμοουσίου,

2184 2267 2280 2318 καὶ
2316 2266 2412 2319 τοῦ
2442 2268 2503 2319 ὲν
2532 2266 2795 2337 ἀλλήλαις
2832 2261 2973 2320 εἶναι
3003 2266 3103 2329 τὰς
3134 2265 3499 2331 ὑποστάσεις,
3534 2266 3628 2318 καὶ
3663 2266 3768 2334 τῆς

2186 2359 2516 2428 ταυτότητος
2564 2359 2659 2411 τοῦ
2708 2360 3009 2431 θελήματος
3050 2375 3134 2423 τε,
3181 2359 3275 2412 καὶ
3315 2359 3414 2427 τῆς
3458 2357 3765 2427 ἐνεργείας,

2189 2451 2281 2505 καὶ
2311 2452 2409 2521 τῆς
2441 2451 2745 2523 δυνάμεως,
2783 2453 2879 2506 καὶ
2913 2451 3017 2521 τῆς
3056 2449 3331 2518 ἔξουσίας,
3363 2452 3455 2503 καὶ
3485 2451 3585 2519 τῆς
3611 2449 3769 2518 κινή-

2191 2561 2351 2606 σεως,
2391 2543 2458 2596 ἶν’
2498 2542 2674 2607 οὕτως
2713 2543 2877 2610 εἴπω,
2926 2543 2988 2596 τὸ
3035 2545 3362 2613 ἀδιαίρετον,
3399 2543 3494 2595 καὶ
3527 2542 3586 2594 τὸ
3620 2536 3768 2595 εἶναι

2188 2636 2286 2689 ενα
2312 2636 2445 2689 Θεὸν
2483 2636 2841 2706 γνωρίζομεν.
2875 2631 2967 2698 Εἷς
3010 2636 3121 2706 γάρ
3150 2636 3319 2698 ὅντως
3347 2635 3500 2701 Θεὸς,
3541 2636 3569 2688 ὁ
3606 2633 3763 2700 Θεὸς,

2191 2730 2289 2782 καὶ
2318 2729 2344 2780 ὁ
2369 2728 2560 2796 Λόγος,
2590 2728 2766 2782 καὶτὸ
2798 2726 3024 2799 Πνεῦμα
3064 2729 3255 2783 αὐτοῦ.

2250 3007 2371 3081 Χρὴ
2405 3006 2462 3063 δὲ
2501 3008 2721 3074 εἰδέναι,
2766 3010 2848 3064 ὅτι
2886 3009 3073 3081 ἕτερόν
3114 3009 3167 3063 τί
3211 3007 3328 3063 ἐστι
3368 3006 3431 3060 τὸ
3474 3006 3767 3076 πράγματι

486 3106 634 3157 rem,
674 3099 728 3145 et
763 3092 919 3145 aliud
976 3094 1192 3147 ratione
1241 3107 1303 3148 ac
1335 3093 1673 3163 cogitatione
1705 3094 2079 3153 considerari.

2183 3096 2478 3168 πράγματι
2511 3093 2859 3166 θεωρεῖσθαι,
2880 3094 2973 3147 καὶ
3009 3093 3139 3148 ἄλλο
3164 3094 3223 3147 τὸ
3247 3094 3390 3166 λόγῳ
3419 3098 3510 3149 καὶ
3538 3097 3777 3166 ἐπινοίᾳ.

497 3183 793 3239 Enimvero
830 3186 883 3238 in
931 3185 1195 3240 omnibus
1242 3186 1518 3241 creaturis
1559 3186 1825 3243 discretio
1858 3188 2080 3258 quidem

487 3288 857 3346 personarum
912 3279 1093 3346 quoad
1145 3292 1260 3330 rem
1309 3276 1726 3334 consideratur.
1761 3277 1842 3332 Ile
1872 3279 2079 3349 quippe

495 3367 615 3435 ipsa
674 3365 898 3421 Petrum
951 3382 981 3419 a
1017 3361 1200 3420 'Paulo
1251 3376 1565 3436 separatum
1623 3369 2079 3433 consideramus;

494 3460 862 3515 communitas
912 3468 1092 3515 autem
1153 3472 1205 3515 ct
1253 3462 1575 3531 conjunctio
1644 3471 1810 3532 atque
1871 3463 2079 3529 unitas,

493 3551 709 3605 ratione
739 3560 909 3621 atque
934 3553 1275 3622 cogitatione
1319 3554 1675 3624 perspicitur.
1702 3553 1807 3609 Per
1838 3564 2078 3609 mentem

493 3645 640 3697 enim
675 3644 1281 3714 concipimusPetrum
1319 3654 1377 3701 et
1412 3647 1638 3699 Paulum
1671 3645 1921 3716 ejusdem
1954 3660 2081 3702 esse

495 3746 724 3801 naturae,
773 3748 1140 3809 naturamque
1174 3753 1339 3792 unam
1387 3754 1736 3793 communem
1844 3737 2075 3795 habere.

493 3825 627 3881 Nam
661 3837 897 3899 uterque
928 3846 1119 3886 eorum
1164 3830 1369 3885 animal
1428 3830 1701 3886 rationale
1744 3838 1800 3884 et
1845 3830 2081 3884 mortale

493 3928 577 3973 νει
613 3938 625 3973 :
664 3930 717 3974 et
752 3932 983 3991 uterque
1012 3937 1144 3975 caro
1174 3930 1278 3987 est,
1303 3922 1484 3975 anima
1514 3920 1772 3975 rationali
1802 3930 1857 3975 et
1884 3919 2086 3975 intelli-

494 4014 654 4077 gente
693 4010 963 4080 .prmdita.
1101 4009 1224 4065 ll;uc
1278 4013 1467 4081 itaque
1518 4012 1830 4066 communis
1884 4019 2083 4065 natura

494 4098 1151 4157 rationeconSi‘dcratur.
1188 4100 1377 4172 Neque
1423 4104 1568 4158 enim
1610 4103 1939 4174 hypostases
1964 4093 2086 4158 alia:

495 4207 527 4245 n
564 4192 687 4247 aliis
722 4203 882 4255 sunt,
918 4210 1109 4247 verum
1162 4193 1426 4263 quaelibet
1460 4194 1715 4263 privatim
1769 4204 1824 4248 et
1865 4194 2076 4265 sigilla-

495 4283 628 4345 tim,
665 4284 769 4338 hoc
818 4292 900 4338 est
944 4285 1240 4352 sejunctim
1290 4284 1580 4347 consiStit;
1630 4284 1910 4354 habetque
1948 4301 2076 4355 per-

494 4374 665 4426 multa
712 4374 915 4444 quibus
944 4374 1013 4428 ab
1046 4374 1153 4427 alia
1200 4387 1435 4444 persona
1474 4372 1790 4427 dirimatur.
1834 4374 1969 4428 Nam
2023 4385 2078 4430 et

2188 3188 2312 3241 Ἐπὶ
2337 3188 2434 3257 μὲν
2457 3184 2552 3241 οὖν
2584 3188 2802 3242 πάντων
2822 3185 2931 3240 τῶν
2954 3187 3292 3257 κτισμάτων,
3320 3188 3353 3258 ή
3380 3188 3481 3257 μὲν
3506 3188 3614 3240 τῶν
3636 3189 3778 3241 ὑπο-

2184 3284 2426 3335 στάσεων
2466 3280 2755 3351 διαίρεσις,
2802 3279 3088 3350 πράγματι
3130 3279 3436 3350 θεωρεῖται.
3478 3281 3779 3351 Πράγματι

2184 3370 2295 3442 γὰρ
2331 3373 2360 3424 ὁ
2395 3372 2599 3442 Πέτρος
2635 3371 2731 3424 τοῦ
2762 3370 3421 3442 Παύλουκεχωρισμένος
3461 3372 3773 3439 θεωρεῖται.

2194 3463 2260 3515 Ἦ
2291 3462 2347 3513 δὲ
2378 3463 2648 3531 κοινότης,
2684 3463 2837 3533 καλή
2868 3464 3157 3532 συνάφεια,
3187 3464 3278 3515 καὶ
3306 3463 3366 3515 τὸ
3392 3463 3473 3528 ἓν,
3510 3462 3653 3533 λόγῳ
3677 3464 3778 3518 καὶ

2183 3554 2396 3627 ἐπινοίᾳ
2430 3555 2733 3626 θεωρεῖται.
2769 3555 3019 3626 Νοοῦμεν
3044 3555 3154 3625 γὰρ
3183 3555 3261 3624 τῷ
3284 3553 3380 3623 νῷ,
3400 3555 3482 3607 δτι
3508 3557 3534 3608 ὁ
3562 3555 3776 3625 Πέτρος

2185 3648 2279 3701 καὶ
2306 3648 2335 3701 ὁ
2369 3647 2582 3710 Παῦλος
2638 3646 2739 3716 τῆς
2780 3648 2951 3717 αὐτῆς
2985 3648 3091 3700 είσι
3128 3647 3385 3715 φύσεως,
3424 3647 3520 3699 καὶ
3578 3647 3772 3716 κοινὴν

2180 3740 2319 3810 μίαν
2345 3740 2526 3811 ἔχουσι
2564 3739 2748 3809 φύσιν.
2780 3742 3051 3803 Ἕκαστος
3087 3740 3195 3811 γὰρ
3222 3739 3401 3792 αὐτῶν
3436 3738 3575 3803 ζῶόν
3594 3740 3715 3790 ἐστι
3739 3738 3770 3779 Ιι

2179 3831 2396 3900 λογικὸν
2455 3830 2681 3901 θνητόν·
2734 3831 2828 3885 καὶ
2865 3831 3095 3893 ἕκαστος
3151 3829 3288 3901 σάρξ
3326 3831 3474 3881 ὲστιν
3506 3827 3769 3899 ὲμψυχω-

2181 3924 2320 3994 μένη
2357 3921 2537 3992 ιψυχῇ
2566 3922 2759 3994 λογικῇ
2790 3939 2849 3975 τε
2882 3923 2977 3975 καὶ
3009 3923 3191 3994 νοερᾷ.
3241 3920 3389 3992 Αὖτη
3418 3917 3512 3974 οὖν
3547 3923 3580 3991 ή
3610 3920 3768 3990 κοινὴ

2181 4015 2342 4083 φύσις
2373 4015 2452 4084 τῷ
2483 4014 2628 4085 λόγῳ
2662 4014 2779 4067 ἐστὶ
2813 4012 3088 4085 θεωρητή.
3120 4013 3255 4071 Οὐδὲ
3284 4014 3394 4083 γὰρ
3428 4014 3483 4066 αἱ
3518 4011 3761 4066 ὑποστά-

2132 4153 2139 4158 .
2181 4124 2293 4171 σεις
2331 4108 2389 4161 ὲν
2414 4107 2673 4177 ἀλλήλαις
2700 4106 2858 4160 είσίν.
2904 4106 3036 4175 Ἰδὶᾳ
3076 4105 3133 4158 δὲ
3162 4105 3369 4175 ἑκάστη
3421 4104 3516 4158 καλ⁸
3556 4103 3766 4172 ἀναμέ-

2183 4215 2297 4270 ρος,
2325 4200 2492 4268 ήγουν
2518 4196 2638 4251 καθ’
2668 4197 2867 4266 ἑαυτὴν
2901 4193 3255 4267 κεχώρισται,
3282 4194 3508 4247 πλεῖστα
3528 4191 3597 4244 τὰ
3631 4192 3766 4245 διαι-

2180 4288 2379 4362 ροῦντα
2424 4289 2594 4359 αὐτὴν
2647 4290 2712 4341 ὲκ
2759 4285 2856 4357 τῆς
2905 4286 3099 4357 ἐτέρας
3138 4284 3356 4355 ἔχουσα.
3397 4285 3510 4340 Καὶ
3535 4283 3645 4353 γὰρ
3671 4282 3767 4337 καὶ

2180 4379 2331 4450 τόπῳ
2356 4379 2695 4451 διεστήκασι,
2730 4378 2826 4431 καὶ
2855 4377 3033 4448 χρόνῳ
3073 4376 3415 4447 διαφέρουσι,
3450 4375 3544 4429 καὶ
3570 4373 3767 4447 γνώμῃ

496 4465 621 4520 loco
641 4465 1060 4537 disiunguntur,
1092 4475 1146 4521 et
1175 4477 1419 4536 tempore
1444 4466 1787 4537 discrepant,
1808 4467 2079 4523 sententia

2185 4468 2522 4538 μερίζονται,
2560 4470 2655 4521 καὶ
2686 4468 2858 4538 ἰσχύϊ,
2888 4468 2983 4522 καὶ
3016 4471 3197 4539 μορφῇ
3232 4468 3399 4538 ήγουν
3430 4478 3468 4506 ιιι
3500 4468 3765 4537 σχήματι,

496 4573 719 4630 quoque
747 4559 1094 4624 dividuntur,
1130 4568 1185 4615 et
1209 4560 1385 4615 forma
1414 4562 1529 4617 sive
1564 4564 1759 4633 figura,
1785 4572 1839 4617 et
1865 4563 2079 4629 habitu,

493 4656 548 4703 ct
605 4660 1061 4721 temperamento,
1118 4660 1170 4705 et
1227 4651 1514 4722 dignitate,
1557 4662 1612 4707 et
1665 4654 1921 4707 instituto
1958 4655 2083 4707 vitae

494 4753 719 4808 genere,
762 4755 825 4795 ac
870 4741 1110 4810 denique
1155 4742 1413 4796 omnibus
1450 4743 1576 4796 aliis
1616 4743 2079 4814 proprietatibus,

486 4830 704 4901 quibus
763 4841 1027 4902 tanquam
1078 4833 1246 4888 certis
1289 4833 1620 4903 quibusdam
1683 4836 1832 4889 notis
1887 4834 2083 4904 digno-

488 4923 842 4977 scuntur.’ln
885 4924 1078 4994 primis
1107 4934 1288 4980 autem
1318 4925 1461 4979 inter
1492 4941 1553 4981 se
1584 4925 1883 4988 dissident,
1933 4924 2081 4995 quod

2164 4563 2275 4614 ’καὶ
2312 4562 2448 4627 ἕξει,
2499 4560 2595 4615 καὶ
2625 4563 2842 4632 κράσει,
2893 4562 2986 4615 καὶ
3026 4560 3176 4633 ἀξία,
3215 4562 3311 4614 καὶ
3344 4559 3762 4629 ἐπιτηδεύματι,

2180 4654 2273 4705 καὶ
2308 4654 2442 4706 πᾶσι
2479 4656 2593 4716 τοῖς
2630 4655 3155 4724 χαρακτηριστικοῖς
3190 4650 3477 4721 ίδιώμασι·
3524 4650 3685 4705 πλέον
3709 4648 3767 4705 δὲ

2180 4742 2419 4807 πάντων,
2480 4742 2559 4813 τῷ
2608 4743 2685 4814 μὴ
2741 4742 2800 4795 ὲν
2849 4741 3131 4813 ἀλλήλαις,
3164 4738 3300 4795 ἀλλὰ
3339 4737 3768 4811 κεχωρισμένως

2178 4829 2339 4887 εἶναι.
2374 4833 2537 4887 Ὅθεν
2576 4832 2813 4899 καὶδύο,
2846 4833 2941 4887 καὶ
2966 4836 3115 4903 τρεῖς
3146 4830 3427 4902 ἄνθρωποι
3488 4829 3754 4896 λέγονται-

2186 4928 2278 4980 καὶ
2305 4925 2514 4980 πολλοί.

491 5033 605 5073 non
641 5020 748 5072 alia
782 5020 837 5074 in
869 5021 999 5087 alia,
1047 5021 1142 5077 sed
1176 5035 1409 5092 qumque
1441 5023 1739 5092 separatim
1776 5022 2074 5077 exsistunt.
2110 5021 2192 5077 Ex
2242 5038 2353 5094 quo
2383 5022 2551 5076 etiam
2585 5020 2843 5086 ellicitur,
2876 5028 2937 5074 ut
2970 5018 3104 5086 duo,
3156 5027 3207 5075 et
3280 5029 3413 5086 tres,
3465 5028 3519 5073 et
3606 5015 3769 5073 multi

495 5115 754 5171 homines
785 5114 1069 5172 dicantur.

569 5208 716 5264 Unde
755 5212 941 5264 unitas
975 5222 1184 5265 natura!
1229 5210 1446 5266 divinae.
1494 5208 1747 5265 Persona:
1793 5210 2078 5266 Trinitatis

492 5304 753 5360 indiciam.
791 5299 969 5357 Filius
1003 5314 1051 5357 et
1081 5302 1319 5374 Spiritus
1360 5314 1581 5359 sanctus
1614 5304 1682 5357 ad
1718 5321 1882 5358 unum
1924 5306 2070 5375 prin-

492 5398 688 5467 cipium
741 5394 1069 5465 referuntur.
1098 5427 1166 5437 -
1197 5394 1254 5449 ld
1293 5396 1441 5465 quod
1483 5396 1538 5450 in
1574 5396 1835 5450 ontnibus
1865 5410 2085 5466 quoque

494 5488 740 5544 conditis
775 5488 941 5544 rebus
975 5488 1417 5543 animadvertere
1444 5488 1649 5542 liceat.
1696 5487 1752 5545 in
1794 5502 2087 5543 sacrosan-

495 5586 585 5633 cta
647 5594 801 5645 vero,
862 5588 918 5635 et
974 5580 1345 5636 substantiam
1408 5593 1626 5633 omnem
1693 5588 2082 5651 exsuperante,

495 5679 662 5740 atque
698 5673 840 5726 ultra
882 5689 970 5727 res
1004 5688 1199 5728 omnes
1227 5683 1419 5727 evecta
1459 5682 1509 5727 ct
1538 5658 2083 5743 incomprehensibili

496 5760 789 5825 Trinitate,
822 5767 1103 5818 contrario
1138 5764 1302 5819 modo
1336 5781 1395 5820 se
1431 5781 1518 5819 res
1557 5765 1745 5819 habet.
1781 5764 1900 5818 lilic
1936 5763 2083 5816 enim

491 5855 871 5911 communitas
900 5855 1121 5925 quidem
1157 5868 1210 5912 et
1240 5859 1426 5913 unitas
1457 5859 1637 5929 rcipsa
1671 5856 2083 5926 consideratur,

2254 5209 2428 5265 Τοῦτο
2458 5210 2514 5265 δὲ
2538 5208 2631 5265 ἐπὶ
2670 5207 2851 5279 πάσης
2882 5206 3033 5260 ἔστιν
3072 5206 3200 5259 ίδεῖν
3227 5205 3327 5276 τῆς
3355 5207 3608 5273 κτίσεως.
3643 5209 3770 5263 ἐπὶ

2185 5302 2243 5356 δὲ
2272 5303 2369 5373 τῆς
2395 5300 2559 5371 άγίας
2584 5300 2680 5354 καὶ
2711 5297 3063 5369 ὑπερουσίου,
3095 5299 3191 5351 καὶ
3228 5298 3448 5353 πάντων
3482 5298 3766 5367 ἐπέκεινα,

2187 5396 2281 5451 καὶ
2312 5395 2553 5465 ἀλήπτου
2583 5391 2835 5463 Τριάδος,
2903 5390 2963 5443 τὸ
3023 5390 3315 5444 ἀνάπαλιν.
3506 5387 3583 5445 Τὸ
3667 5393 3766 5461 μὲν

2185 5483 2364 5540 κοινὸν
2418 5482 2515 5535 καὶ
2564 5481 2621 5534 ἓν
2646 5526 2659 5548 ,
2760 5482 3048 5555 πράγματι
3084 5480 3392 5552 Θεωρεῖται,
3435 5481 3525 5536 διὰ
3554 5482 3612 5535 τδ
3641 5499 3769 5535 συν-

2186 5578 2375 5640 αἲδιον,
2411 5577 2504 5629 καὶ
2528 5576 2587 5629 τδ
2603 5574 2799 5629 ταυτὸν
2828 5576 2927 5641 τῆς
2963 5574 3172 5638 οὑσίας,
3208 5573 3428 5644 καὶτῆς
3462 5575 3767 5644 ἐνεργείας,

2187 5671 2282 5724 καὶ
2305 5667 2399 5723 τοῦ
2436 5668 2761 5740 Θελήματος,
2793 5668 2887 5720 καὶ
2912 5666 3010 5737 τὴν
3039 5666 3136 5737 τῆς
3168 5663 3395 5735 γνώμης
3438 5663 3767 5733 σύμπνοιαν,

2186 5765 2287 5834 τήν
2315 5779 2375 5816 τε
2430 5763 2526 5833 τῆς
2589 5760 2860 5826 ἐξουσίας,
2902 5755 2997 5815 καὶ
3033 5759 3131 5831 τῆς
3171 5756 3483 5831 δυνάμεως,
3534 5758 3629 5811 καὶ
3670 5755 3771 5826 τῆς

2187 5855 2521 5927 ἀγαθύτητος
2558 5854 2884 5925 ταυτότητα.
2933 5852 3049 5909 Ούκ
3090 5848 3244 5905 εἷπον
3283 5850 3605 5920 ὁμοιότητα,
3634 5848 3767 5903 ἀλλὰ
