4060 6278
319 364 423 430 113

1292 371 1669 433 PANOPLIA
1709 368 2171 429 DOGMATiCA.
2211 393 2275 402 -
2309 364 2463 424 ΤΙΤ.
2494 364 2585 422 11.

3460 348 3563 414 ιιι

307 481 611 549 ταυτότητα
632 495 651 509 ο
669 479 779 531 καὶ
804 477 865 531 τὸ
892 476 950 529 ἓν
976 474 1183 545 ἔξαλμα
1208 474 1306 543 τῆς
1335 474 1622 542 κινήσεως.
1656 472 1770 526 Μία
1792 474 1900 543 γὰρ

2017 492 2118 531 .um
2155 478 2279 548 quia
2317 492 2567 547 persona:
2614 485 2901 531 coasternze
2930 488 3085 541 sunt,
3136 486 3255 532 tum
3295 480 3425 548 quia
3468 482 3583 533 illa-

308 572 485 633 οὐσία,
526 570 628 640 μία
649 568 950 639 ἀγαθότης,
984 567 1081 638 μία
1102 566 1353 635 δύναμις,
1393 565 1495 634 μία
1533 564 1775 634 θέλησις,
1804 563 1899 632 μία

309 664 588 734 ἐνέργεια,
646 661 750 729 μία
807 659 1046 723 ἐξουσία,
1107 658 1209 728 μία
1268 656 1362 710 καὶ
1396 658 1427 726 ἡ
1457 654 1616 722 αὑτὴ,
1657 655 1718 709 οὐ
1753 657 1900 725 τρεῖς

311 754 495 823 ὅμοιαι
527 750 794 819 ἀλλήλαις
817 765 830 777 ·
866 746 1002 801 ἀλλὰ
1039 747 1139 817 μία
1179 745 1275 799 καὶ
1313 746 1347 816 ἡ
1380 743 1519 815 αὐτὴ
1553 745 1765 815 κίνησις
1793 743 1902 797 τῶν

312 843 479 914 τριῶν
532 841 911 894 timuissem.
955 840 1053 891 Ἐν
1099 838 1210 907 γὰρ
1262 838 1497 891 ἕκαστον
1550 836 1731 889 αὐτῶν
1789 834 1901 904 ἔχει

316 934 454 1005 πρὸς
478 934 538 986 τὸ
567 933 779 1003 ἕτερον,
805 932 905 1001 οὐχ
932 924 1093 1002 ἧττον
1122 931 1156 1000 ἢ
1190 930 1324 1000 πρὸς
1359 930 1551 982 ἑαυτόν
1573 944 1586 957 ⁸
1625 927 1905 981 τουτέστιν

314 1028 397 1078 ὅτι
421 1024 569 1078 κατὰ
603 1025 782 1077 πάντα
814 1023 874 1076 ἐν
903 1024 1042 1075 εἰσιν
1107 1024 1137 1075 ό
1187 1021 1399 1092 Πατὴρ,
1430 1021 1525 1074 καὶ
1565 1021 1594 1074 6
1620 1020 1767 1084 Υίὸς,
1808 1020 1904 1073 καὶ

314 1114 376 1167 τὸ
400 1116 559 1181 ἇγιον
593 1112 839 1183 Πνεῦμα,
862 1113 1004 1183 πλὴν
1030 1113 1130 1182 τῆς
1155 1112 1505 1182 ἀγεννησίας,
1536 1111 1631 1164 καὶ
1656 1110 1756 1181 τῆς
1778 1127 1904 1177 γεν-

316 1207 550 1275 νήσεως,
574 1205 793 1275 καὶτῆς
826 1204 1208 1278 ἐκπορεύσεως
1230 1220 1245 1234 ο
1287 1203 1503 1274 ἐπινοίᾳ
1530 1203 1586 1256 δὲ
1614 1203 1677 1256 τὸ
1711 1204 1905 1275 διῃρη-

321 1295 508 1363 μένον.
565 1294 706 1348 Ἕνα
771 1294 880 1364 γὰρ
932 1294 1066 1347 Θεὸν
1116 1294 1494 1363 γινώσκομενθ
1535 1295 1593 1347 ἐν
1633 1294 1905 1363 μόναιςᾶ

320 1388 441 1448 ut;
478 1385 711 1455 ἰδιότησι
736 1387 834 1454 τῆς
855 1402 917 1438 τε
948 1386 1306 1455 πατρότητος,
1368 1386 1462 1437 καὶ
1500 1372 1599 1454 τῆς
1633 1384 1903 1453 υίότητος,

322 1478 420 1533 καὶ
449 1477 551 1546 τῆς
582 1478 965 1550 ἐκπορεύσεως
987 1495 1002 1510 ο
1074 1477 1217 1532 κατά
1266 1493 1328 1528 τε
1385 1476 1444 1528 τὸ
1476 1476 1673 1541 αἴτιον,
1721 1477 1816 1529 καὶ
1847 1475 1906 1528 τὸ

324 1566 782 1637 αἰτιατὸν(ί),καὶ
798 1567 1068 1623 τὸτέλειον
1088 1570 1185 1638 τῆς
1247 1568 1621 1633 ὑποστάσεως,
1659 1568 1777 1637 ἦτοι
1815 1566 1906 1620 τὸν

329 1661 432 1729 τῆς
496 1657 787 1727 ὑπάρξεως
845 1658 1082 1727 τρόπον,
1133 1658 1232 1731 τὴν
1280 1658 1547 1729 διαφορὰν
1592 1657 1904 1728 ἐννοοῦμεν.

332 1750 469 1805 Οὔτε
490 1751 603 1819 γὰρ
633 1748 867 1818 τοπικὴν
918 1750 1219 1817 διάστασιν,
1283 1752 1358 1815 ὡς
1419 1752 1503 1821 ἐφ’
1534 1750 1710 1822 ἡμῶν,
1743 1750 1905 1805 δυνά-

331 1838 474 1908 μεθα
506 1840 600 1892 ἐπὶ
615 1838 715 1909 τῆς
733 1839 1148 1910 ἀπεριγράπτου
1171 1841 1352 1909 λέγειν
1372 1841 1645 1913 θεότητος·
1667 1844 1724 1895 ἐν
1742 1842 1909 1911 ἁλλή-
1944 1845 1988 1901 Β
2013 1850 2127 1898 tur.

328 1927 450 1990 λαις
476 1929 589 1997 γὰρ
612 1929 668 1981 αἱ
717 1930 1048 1994 ὑποστάσεις
1075 1932 1242 1984 είσίν’
1270 1933 1369 2003 οὐχ
1400 1933 1539 1987 ὥστε
1570 1934 1909 2004 συγχεῖσθαι,

329 2018 466 2072 am
495 2018 639 2072 ὥστε
665 2020 910 2090 ἔχεσθαι,
938 2022 1080 2075 κατὰ
1104 2024 1195 2076 τὸν
1215 2023 1310 2077 τοῦ
1340 2027 1547 2097 Κυρίου
1572 2028 1749 2095 λόγον,
1767 2026 1915 2096 Ἐγὼ

330 2109 397 2161 ἐν
423 2109 502 2175 τῷ
526 2110 730 2179 Πατρί,
755 2111 855 2165 καὶ
881 2115 912 2164 ὁ
940 2112 1147 2181 Πατὴρ
1173 2115 1243 2168 ἐν
1265 2115 1418 2184 ἐμοὶ,
1451 2118 1723 2186 φήσαντος
1750 2138 1761 2149 ·
1789 2116 1915 2170 οὔτε

332 2196 645 2266 Θελήματος
674 2199 961 2271 διαφορὰν,
992 2201 1024 2270 ἢ
1048 2201 1296 2273 γνώμης,
1318 2203 1351 2274 ἤ
1370 2204 1671 2274 ἐνεργείας,
1698 2204 1730 2274 ἢ
1753 2206 1914 2258 δυνάο

340 2303 509 2353 μεως,
537 2289 573 2357 ἡ
600 2305 742 2352 τινος
764 2290 976 2362 ἐτέρου,
1010 2292 1168 2345 ἅτινα
1198 2294 1298 2364 τὴν
1350 2297 1769 2367 πραγματικὴν,
1822 2299 1917 2351 καὶ⁸

336 2377 517 2430 διόλου
574 2381 629 2431 ἐν
685 2382 819 2451 ἡμῖν
866 2386 1097 2452 γεννῶσι
1148 2371 1436 2458 διαίρεσιν.
1483 2388 1574 2440 Διὸ
1607 2388 1730 2441 οὐδὲ
1766 2391 1915 2457 τρεῖς

342 2469 498 2533 Θεοίδς
524 2470 773 2543 λέγομεν,
838 2476 930 2529 τὸν
987 2478 1230 2549 Πατέρα,
1265 2481 1359 2533 καὶ
1410 2480 1502 2533 τὸν
1553 2480 1705 2544 Υίὸν,
1740 2483 1918 2534 καὶτὸ

338 2557 496 2625 ἅγιον
539 2562 799 2630 Πνεῦμα’
852 2565 949 2618 ἕνα
1006 2567 1064 2621 δέ
1131 2568 1333 2637 μᾶλλον
1390 2568 1561 2634 Θεὸν,
1612 2571 1713 2639 τὴν
1753 2571 1918 2637 ἁγίαν

338 2649 565 2719 Τριάδα,
593 2655 673 2716 είς
704 2654 762 2707 ἓν
784 2655 962 2710 ἀἴτιον
1068 2656 1205 2713 Υὶοῦ
1306 2661 1403 2714 καὶ
1446 2661 1765 2733 Πνεύματος
1790 2663 1920 2715 ἀνα-

338 2740 676 2805 φερομένων,
705 2744 766 2793 οὗ
801 2744 1222 2815 συντιθεμένων,
1252 2748 1376 2801 οὐδὲ
1425 2751 1916 2822 συναλειφομένων,

338 2828 479 2881 κατᾶ
514 2830 615 2901 τὴν
659 2832 951 2888 Σαϐελλίου
1000 2839 1338 2908 συναίρεσιν·
1389 2840 1636 2896 ὲνοῦνται
1670 2843 1800 2913 γὰρ.
1841 2843 1919 2908 ὡς

340 2918 575 2990 ξτρημεν,
629 2926 728 2995 οὐχ
766 2925 907 2980 ὥστε
964 2932 1309 2999 συγχεῖσθαι,
1358 2934 1475 2986 ἀλλ’
1510 2934 1651 2989 ὥστε
1696 2935 1918 3006 ἔχεσθαι

340 3010 621 3083 ἀλλήλων·
683 3018 777 3071 καὶ
825 3019 925 3089 τὴν
982 3021 1039 3072 ἐν
1086 3022 1345 3092 ἀλλήλαις
1541 3026 1913 3101 περιχὼρησιν

341 3102 524 3171 ἔχουσι
556 3106 679 3175 δίχα
739 3108 921 3179 πάσης
977 3113 1302 3182 συναλοιφῆς
1361 3114 1452 3167 καὶ
1515 3115 1915 3187 συμφύρσεωςο

343 3194 463 3247 οὐδὲ
499 3195 893 3267 ἐξισταμένων,
925 3201 958 3270 ἢ
990 3203 1111 3255 κατ’
1145 3204 1335 3257 οὐσίαν
1383 3206 1729 3275 τεμνομένων
1778 3206 1918 3259 κατὰ

342 3284 439 3355 τὴν
501 3288 715 3358 Ἀρείου
775 3290 1060 3362 διαίρεσιν.
1132 3295 1457 3366 ’Λμέριστος
1501 3296 1611 3367 γὰρ
1642 3298 1700 3348 ἐν
1751 3314 1922 3366 μεμε-

346 3380 648 3449 ρισμένοις,
702 3384 751 3436 εί
804 3383 884 3436 δεῖ
930 3386 1209 3455 συντόμως
1260 3388 1456 3452 εἰπεῖν,
1489 3388 1773 3460 ήΘεότης,
1826 3390 1919 3444 καὶ

343 3465 453 3523 οἷον
487 3474 547 3524 ἐν
579 3474 751 3542 ήλίοις
781 3477 956 3548 τρισὶν
991 3479 1269 3548 ἐχομένοις
1319 3478 1587 3552 ἀλλήλων,
1641 3482 1736 3536 καὶ
1770 3482 1921 3535 ἀδια-

348 3563 565 3624 στάτοις
595 3560 737 3624 οὖσι,
765 3565 866 3633 μία
896 3566 989 3617 τοῦ
1023 3567 1199 3634 φωτὸς
1239 3569 1541 3637 σύγκρασίς
1566 3587 1625 3622 τε
1663 3571 1756 3624 καὶ
1786 3588 1917 3624 συν-

346 3652 531 3719 άφεια.
562 3654 729 3708 Ὅταν
762 3656 862 3725 μὲν
913 3652 1003 3708 οὖν
1043 3658 1181 3729 πρὸς
1229 3660 1328 3729 τὴν
1354 3660 1583 3733 θεότητα
1610 3661 1917 3732 βλέψωμεν,

347 3746 439 3797 καὶ
466 3746 568 3814 τὴν
600 3746 822 3817 πρώτην
858 3750 1057 3814 αἰτίαν,
1095 3753 1188 3804 καὶ
1232 3753 1330 3823 τὴν
1392 3756 1711 3825 μοναρχίαν,
1743 3756 1836 3809 καὶ
1861 3755 1921 3807 τὸ

346 3834 423 3900 ἓν,
453 3837 549 3888 καὶ
583 3838 779 3892 ταυτδν
811 3842 909 3909 τῆς
931 3841 1208 3914 θεότητος,
1242 3844 1309 3896 ἵν’
1335 3843 1507 3907 οὕτως
1535 3846 1693 3911 εἴπω,
1716 3846 1922 3915 κίνημα

347 3943 404 3977 τε
458 3928 557 3978 καὶ
608 3929 875 4001 βούλημα,
939 3935 1034 3986 καὶ
1063 3936 1160 4002 τὴν
1200 3936 1297 4003 τῆς
1365 3936 1575 3999 οὐσίας,
1628 3940 1724 3990 καὶ
1764 3937 1921 3991 δυνά-

351 4032 516 4083 μεως,
550 4019 645 4070 καὶ
676 4022 979 4091 ἐνεργείας,
1006 4026 1101 4077 καὶ
1137 4026 1459 4094 κυριότητος
1506 4027 1832 4097 ταυτότητα,
1865 4025 1923 4078 ἓν

346 4109 478 4174 ἡμῖν
535 4109 597 4162 τὸ
654 4115 1077 4183 φανταζόμενον.
1108 4117 1279 4171 Ὅταν
1312 4118 1367 4171 δὲ
1415 4119 1550 4189 πρὸς
1582 4118 1651 4171 τὰ
1689 4121 1744 4171 ἐν
1775 4113 1855 4179 οἷς
1888 4122 1920 4188 ἡ

345 4199 573 4270 Θεότης,
600 4203 657 4272 ἢ.
691 4206 751 4257 τό
806 4222 869 4273 γε
926 4208 1314 4280 ἀκριϐέστερον
1352 4212 1550 4273 εἰπεῖν,
1575 4210 1610 4264 ἃ.
1638 4213 1670 4280 ἡ
1698 4212 1921 4281 Θεότης,

342 4295 436 4343 καὶ
478 4296 548 4344 τὰ
587 4296 648 4346 ἐκ
680 4296 781 4364 τῆς
813 4298 1036 4370 πρώτης
1063 4301 1241 4363 αἰτίας
1262 4303 1509 4373 ἀχρόνως
1539 4302 1747 4355 ἐκεῖθεν
1767 4303 1920 4366 ὂντα,

346 4387 438 4436 ιωιί
467 4387 760 4454 ὀμοδόξως,
783 4391 875 4441 καὶ
904 4391 1242 4456 ἀδιαστάτως
1270 4409 1283 4422 ο
1304 4394 1549 4447 τουτέστι
1566 4395 1664 4456 τὰς
1690 4394 1926 4447 ὑποστά-

1943 3172 1993 3230 C

2006 582 2129 621 rum
2181 568 2371 622 eadem
2406 577 2489 621 est
2528 568 2805 630 essentia,
2846 564 3108 629 facultas,
3155 568 3437 631 voluntas,
3466 583 3587 623 scn-

2008 661 2193 714 tentize
2254 658 2599 729 conspiratio
2633 699 2648 720 .
2717 659 2907 713 eadem
2970 674 3190 727 quoque
3240 662 3587 725 auctoritas,

2008 748 2275 818 potentia,
2332 748 2576 803 bonitas.
2630 747 2749 801 Non
2808 747 2944 812 dixi,
2996 746 3442 808 similitudinem,
3496 748 3589 800 seJ

2010 841 2377 905 identitatem,
2442 848 2612 910 atque
2662 856 2826 894 unam
2890 840 3156 895 motionis
3221 839 3588 910 praesultatio-

2010 947 2164 987 nem.
2262 929 2382 985 Una
2409 932 2559 985 enim
2600 940 2685 986 est
2719 932 2988 997 essentia,
3040 947 3147 985 una
3200 931 3443 997 bonitas,
3480 946 3590 984 una

2010 1029 2277 1094 potestas,
2312 1037 2424 1077 una
2452 1022 2731 1086 voluntas,
2765 1038 2875 1077 una
2908 1021 3170 1088 facultas,
3209 1038 3316 1076 una
3346 1022 3591 1075 auctori-

2011 1122 2124 1172 tas:
2169 1128 2298 1177 una,
2334 1114 2582 1184 inquam,
2615 1121 2669 1167 et
2723 1114 2956 1176 eadem,
3011 1128 3120 1167 non
3174 1121 3286 1168 tres
3338 1116 3485 1166 inter
3532 1127 3593 1166 se

2011 1204 2244 1270 similes,
2276 1203 2375 1259 sed
2404 1219 2511 1258 una
2550 1205 2711 1273 plane
2744 1204 3056 1274 eademque
3107 1204 3277 1258 trium
3332 1218 3590 1272 persona-

2010 1310 2134 1349 rum
2166 1297 2355 1349 motio.
2387 1295 2737 1366 Unaquchue
2779 1297 2924 1349 enim
2959 1296 3212 1366 ipsarum
3261 1310 3369 1349 non
3411 1294 3595 1348 minus

2013 1385 2276 1438 unitatem
2308 1385 2472 1440 habet
2494 1401 2619 1440 cum
2650 1388 2775 1449 alia,
2812 1402 2974 1456 quam
3011 1388 3130 1457 ipsa
3163 1402 3370 1441 secum.
3413 1382 3593 1439 Unum

2012 1476 2213 1545 quippe
2272 1476 2529 1547 idemque
2568 1479 2794 1533 omnino
2846 1487 2979 1534 sunt
3028 1478 3192 1533 Pater
3234 1488 3289 1533 et
3338 1476 3513 1533 Filius
3541 1484 3597 1531 et

2015 1567 2258 1638 Spiritus
2306 1578 2568 1635 sanctus;
2621 1570 2727 1625 nisi
2776 1572 2921 1641 quod
2955 1570 3127 1627 Pater
3158 1571 3437 1642 ingenitus
3485 1577 3595 1633 est,

2012 1657 2185 1713 Filius
2214 1658 2454 1729 genitus,
2478 1667 2531 1713 et
2563 1658 2805 1730 Spiritus
2837 1670 3064 1718 sanctus
3093 1662 3389 1731 processit.
3439 1660 3596 1725 Quod

2009 1757 2203 1805 autem
2250 1750 2306 1805 in
2358 1765 2423 1807 ea
2473 1752 2781 1807 discretum
2823 1762 2932 1819 est,
2974 1755 3314 1825 cogitatione
3357 1752 3595 1825 percipi-

2249 1843 2428 1899 Unum
2461 1845 2663 1913 quippe
2704 1842 2876 1899 Deum
2912 1843 3332 1914 cognoscimus;
3368 1843 3425 1896 in
3456 1843 3592 1898 solis

2012 1935 2470 2004 proprietatibus,
2598 1934 2889 1997 .nimirum
3041 1934 3415 2006 paternitatis,
3455 1934 3593 1988 lilia.

2013 2026 2202 2087 tionis,
2237 2034 2291 2079 et
2324 2024 2736 2095 processimus;
2771 2034 2938 2095 atque
2967 2033 3236 2095 quantum
3266 2024 3333 2079 ad
3363 2038 3590 2081 causam

2013 2123 2068 2169 et
2108 2124 2421 2179 causatum,
2457 2131 2521 2170 ac
2559 2116 2875 2186 Iiyposlasis
2906 2117 3325 2187 perfectionem,
3362 2116 3467 2171 hoc
3509 2124 3594 2171 est

2014 2205 2318 2261 exsistenili
2366 2206 2611 2270 modum,
2659 2206 3077 2261 diStinctionem
3219 2206 3591 2276 intelligimus.

2015 2296 2203 2367 Neque
2235 2299 2379 2351 enim
2426 2299 2744 2353 distantiam
2778 2297 3083 2353 secundum
3113 2298 3319 2359 locum,
3364 2304 3421 2348 nt
3450 2296 3592 2364 apud

2016 2400 2141 2449 nos,
2199 2386 2252 2439 in
2311 2384 2523 2439 Deitate
2571 2401 2693 2457 quae
2748 2385 3324 2455 circumscriptionem
3374 2399 3593 2438 onmem

2016 2477 2284 2541 excludit,
2318 2476 2610 2531 admittere
2652 2476 2780 2530 licet
2824 2479 2976 2544 (sunt
3009 2475 3154 2531 enim
3188 2491 3442 2546 persona!
3476 2478 3597 2532 aliae

2017 2569 2072 2623 in
2101 2569 2255 2635 aliis;
2288 2582 2396 2623 non
2430 2576 2489 2622 ut
2516 2568 2658 2623 inter
2707 2584 2766 2624 se
2792 2567 3234 2633 confundantur,
3274 2570 3366 2624 sed
3404 2578 3463 2625 ut
3496 2584 3592 2623 co.

2018 2657 2280 2721 hau-cant,
2334 2658 2489 2726 juxta
2541 2673 2661 2711 eam
2720 2657 2937 2712 Domini
2985 2660 3311 2714 sententiam
3348 2662 3501 2729 :Ego
3538 2660 3593 2713 in

2017 2748 2184 2804 Patre
2226 2760 2275 2804 et
2328 2749 2493 2804 Pater
2545 2751 2599 2803 in
2652 2767 2731 2805 me
2766 2761 2844 2805 est
2918 2751 2959 2821 ¹)
2998 2767 3096 2806 nec
3131 2751 3456 2818 voluntatis,
3504 2761 3597 2804 aut

2017 2831 2340 2908 sententiae;
2396 2850 2489 2897 aut
2551 2843 2938 2907 eﬂicacitatis,
2990 2850 3084 2896 aut
3138 2843 3445 2911 potentia};
3504 2854 3598 2897 aut

2018 2937 2246 2991 alterius
2272 2934 2564 3004 cujusdam
2596 2934 2695 2995 rei,
2729 2950 2852 3004 qua:
2901 2934 3103 2988 realem
3132 2949 3196 2988 ac
3224 2933 3595 2989 omnimodam

2018 3026 2076 3081 in
2117 3026 2277 3081 nobis
2323 3025 2736 3080 distinctionem
2793 3028 3001 3094 gignat,
3053 3024 3353 3078 discrimen
3402 3024 3594 3083 ullum,

2019 3118 2369 3187 Quapropter
2399 3132 2501 3170 nec
2531 3125 2645 3169 tres
2675 3116 2807 3169 deos
2832 3113 3050 3167 Patrem
3076 3124 3129 3167 et
3162 3113 3358 3166 Filium
3392 3112 3597 3182 ct_Spi-

2023 3208 2187 3262 ritum
2220 3212 2475 3261 sanctum
2504 3203 2777 3270 dicimus;
2811 3204 2947 3273 quin
2988 3201 3167 3272 potius
3192 3210 3441 3257 sanctam
3469 3199 3597 3256 Tri-

2022 3299 2244 3353 nitatem
2280 3312 2448 3351 unum
2483 3294 2651 3349 Deum
2706 3295 3011 3349 asserimus
3054 3313 3068 3350 :
3117 3290 3195 3349 sic
3244 3292 3501 3354 videlicet
3540 3304 3600 3349 ut

2022 3392 2194 3446 Filius
2228 3400 2277 3445 et
2316 3389 2562 3460 Spiritus
2594 3395 2821 3442 sanctus
2853 3385 2921 3439 ad
2949 3402 3114 3439 unum
3148 3394 3431 3438 auctorem
3458 3385 3598 3438 refe-

2022 3493 2239 3545 rantur,
2272 3499 2379 3536 non
2426 3490 2608 3536 autem
2661 3491 3093 3549 componantur,
3147 3487 3240 3532 aut
3282 3478 3440 3548 juxta
3499 3478 3601 3530 Sa-

2021 3573 2166 3630 bellii
2223 3571 2657 3629 contractionem
2729 3586 2838 3625 una
2917 3572 3245 3625 coalescant.
3283 3584 3348 3627 ac
3398 3570 3602 3639 permi-

2021 3674 2282 3721 sceantur
2314 3667 2609 3736 (ιιηίυιιιιιι-
2642 3664 2815 3725 enim,
2873 3671 2933 3718 ut
2981 3663 3245 3725 diximus,
3280 3677 3389 3715 non
3423 3662 3495 3713 ita
3541 3670 3601 3712 ut

2022 3756 2458 3823 confundantur,
2495 3755 2588 3811 sed
2633 3764 2691 3809 ut
2724 3756 3072 3818 cohaereant;
3111 3762 3276 3822 atque
3307 3767 3432 3807 sese
3461 3751 3600 3804 invi-

2026 3864 2148 3901 cem
2185 3848 2321 3901 citra
2357 3862 2577 3902 onmem
2625 3844 3124 3900 contradictionem
3162 3857 3225 3896 ac
3256 3841 3601 3896 commistio-

2025 3954 2145 3991 nem
2188 3937 2535 4006 pervadant),
2581 3951 2681 3990 nec
2735 3942 2891 3989 extra
2919 3950 2978 3988 se
3029 3934 3263 3987 invicem
3312 3933 3601 3993 sistentur,

2025 4039 2117 4082 aut
2148 4035 2413 4097 quantum
2449 4029 2515 4081 ad
2546 4027 2849 4083 essentiam
2892 4026 3046 4092 juxta
3104 4025 3218 4077 Arii
3274 4024 3611 4078 divisionem

2025 4121 2379 4176 scindantur.
2511 4117 2753 4172 lndivisa
2806 4116 2949 4171 cnim
2999 4117 3053 4169 in
3105 4114 3320 4178 divisis,
3375 4123 3433 4168 ut
3488 4131 3603 4167 rem

2027 4209 2266 4264 breviter
2286 4207 2593 4271 enuntiem,
2624 4205 2898 4262 Divinitas
2919 4214 2999 4261 est
3024 4222 3041 4273 ;
3072 4222 3135 4259 ac
3164 4206 3312 4258 velut
3344 4204 3398 4259 in
3428 4204 3606 4260 tribus

2026 4302 2237 4357 solibus
2257 4301 2360 4357 sibi
2392 4301 2627 4355 invicem
2658 4299 3083 4363 cohaerentibus,
3114 4299 3265 4352 nulla
3295 4298 3399 4351 loci
3435 4297 3608 4353 inter-

2026 4396 2297 4467 capedine
2328 4394 2653 4464 disjunctis,
2684 4408 2791 4448 una
2822 4393 3131 4462 eademque
3163 4393 3303 4446 lucis
3336 4400 3608 4461 tempera-

342 4492 460 4537 σεις
522 4478 617 4530 τοῦ
652 4480 779 4533 λ’ίοῦ
829 4483 921 4535 καὶ
963 4484 1055 4538 τοῦ
1097 4484 1432 4555 Πνεύματος,
1483 4487 1608 4557 τρία
1651 4487 1721 4540 τὰ
1754 4503 1914 4558 προσ⁴

2030 4487 2109 4541 tio
2150 4496 2315 4556 atque
2356 4484 2703 4555 conjunctio.
2759 4483 2943 4551 Quare
2989 4499 3114 4537 cum
3173 4483 3467 4547 Deitatem,
3499 4481 3609 4551 pri-

351 4569 508 4620 ιωνού
518 4588 679 4639 μενα.

2029 4594 2288 4649 maloque
2344 4577 2493 4631 illam
2546 4590 2817 4641 causam,
2871 4583 2925 4627 et
2987 4573 3406 4639 monarchiam,
3446 4581 3610 4641 atque

352 4674 519 4711 unam
556 4659 915 4731 eamdemque
948 4662 1249 4719 divinitatis
1296 4663 1316 4734 (
1345 4671 1405 4717 ut
1439 4662 1509 4717 ita
1544 4663 1753 4733 dicam)
1782 4665 2077 4719 motionem
2111 4673 2167 4719 et
2201 4664 2559 4727 voluntatem,
2603 4664 2901 4719 essentiam
2956 4677 3019 4718 ac
3065 4662 3389 4734 potentiam,
3422 4663 3601 4717 emea-

351 4758 709 4824 citatemque,
744 4767 799 4811 et
832 4758 1258 4813 dominationem
1292 4758 1592 4823 intuemur,
1626 4776 1792 4814 unum
1823 4761 2089 4815 duntaxat
2128 4759 2316 4813 sensui
2360 4768 2553 4813 nostro
2586 4759 2934 4814 obversatur.
2985 4760 3055 4814 At
3090 4775 3245 4825 vero,
3280 4776 3402 4815 cum
3433 4776 3517 4822 ea,
3547 4763 3600 4816 in

349 4851 552 4915 quibus
589 4849 768 4903 Deitas
793 4862 901 4913 est,
936 4854 1039 4919 vel,
1074 4855 1119 4908 si
1148 4856 1459 4911 accuratius
1490 4857 1829 4926 loquendum
1860 4868 1966 4923 est,
2003 4873 2125 4927 quae
2162 4856 2348 4910 Deitas
2372 4865 2475 4923 est,
2509 4866 2672 4926 atque
2698 4870 2761 4908 ea
2793 4870 2913 4923 qua:
2941 4871 3007 4909 ex
3041 4855 3289 4927 principe
3322 4856 3409 4911 illa
3437 4872 3602 4913 causa

352 4943 489 4994 citra
526 4959 688 4996 omne
715 4947 974 5014 temporis
1004 4948 1263 5015 spatium,
1288 4950 1587 5018 gloriaeque
1616 4950 1935 5013 discrimen,
1972 4964 2036 5003 ae
2068 4949 2472 5019 separationem
2507 4950 2814 5015 exsistunt;
2857 4951 2959 5004 hoc
2982 4958 3073 5004 est
3104 4964 3389 5019 personas,
3412 4952 3598 5007 consi-

353 5037 630 5097 deramus,
669 5040 767 5091 tria
799 5051 926 5094 sunt
960 5055 1080 5109 quae
1105 5056 1133 5092 a
1166 5041 1325 5095 nobis
1364 5043 1685 5097 adorantur.

424 5135 546 5202 Χρὴ
580 5134 639 5185 δὲ
664 5133 976 5200 γινώσκειν,
1007 5135 1089 5186 ὅτι
1120 5134 1212 5185 τὸν
1246 5133 1462 5204 Πατέρα
1495 5136 1558 5187 οὐ
1599 5136 1835 5205 λέγομεν
1867 5136 1930 5189 εκ

355 5240 534 5286 τινος·
592 5224 827 5290 λέγομεν
867 5225 930 5277 δέ
984 5229 1146 5279 αὑτὸν
1199 5225 1296 5278 τοῦ
1349 5225 1478 5278 Υίσῦ
1537 5228 1773 5297 Πατέρα.
1825 5228 1928 5280 Τὸν

358 5315 411 5366 δὲ
443 5317 594 5379 Υἰὶν,
629 5317 690 5368 οὐ
732 5316 961 5384 λέγομεν
997 5320 1191 5381 αῐτιον,
1236 5314 1366 5371 οὐδὲ
1424 5320 1660 5387 Πατέραο
1696 5320 1927 5389 λέγομεν

357 5405 409 5456 δέ
447 5407 631 5468 αὑτὸν,
669 5410 762 5459 καὶ
796 5410 859 5460 ἐκ
894 5409 985 5460 τοῦ
1024 5411 1253 5479 Πατρός,
1283 5412 1378 5463 καὶ
1404 5412 1532 5463 Υίὸν
1561 5412 1655 5464 τοῦ
1692 5412 1925 5479 Πατρός.

359 5494 425 5545 Τὸ
453 5497 508 5547 δέ
542 5498 767 5567 Πνεῦμα
796 5498 857 5550 τὸ
888 5502 1063 5567 ἄτιον,
1095 5503 1189 5554 καὶ
1220 5504 1282 5554 ἐκ
1310 5502 1403 5555 τοῦ
1434 5503 1645 5572 Πατρδς
1672 5503 1925 5572 λέγομεν,

373 5684 385 5698 ο
427 5618 506 5685 (1)
567 5619 645 5698 Ad
696 5620 859 5698 verba
905 5623 1379 5698 natabant):th
1424 5621 1687 5698 scholica.
1718 5636 1914 5689 sequen

2017 5621 2207 5695 legitur
2262 5623 2316 5676 in
2368 5623 2555 5677 codice
2610 5624 2630 5675 l
2691 5619 2999 5687 Mosqucnsi
3051 5635 3063 5669 :

365 5690 432 5738 ὑπ
469 5694 695 5754 possim;
720 5691 779 5741 τὸ
803 5694 1071 5745 ιιίτιιιτὸν
1101 5693 1336 5748 ἐνταῦθα
1366 5694 1605 5762 νοητέον.
1643 5690 1925 5745 δίηται.

436 5806 451 5834 ⁸
482 5805 636 5863 Joan.
676 5823 760 5867 xv,
807 5807 894 5864 ll.

2098 5135 2299 5188 Verum
2332 5134 2383 5188 id
2411 5133 2568 5187 nobis
2602 5133 2994 5188 advertendum
3024 5144 3125 5199 est,
3155 5137 3297 5208 quod
3320 5152 3440 5190 cum
3483 5152 3591 5189 non

2026 5226 2273 5281 dicamus
2298 5225 2515 5279 Patrem
2546 5242 2668 5281 esse
2704 5243 2768 5281 ex
2815 5228 3015 5296 aliquo,
3051 5230 3283 5285 dicimus
3308 5239 3485 5282 tanien
3513 5229 3594 5297 ip-

2026 5332 2147 5371 sum
2183 5316 2303 5371 Filii
2364 5318 2596 5373 Patrem.
2664 5319 2859 5372 Filium
2912 5330 3093 5373 autem
3131 5334 3231 5372 nec
3262 5319 3380 5370 sine
3410 5332 3595 5378 causa,

2026 5427 2127 5465 nec
2156 5411 2366 5465 Patrem
2398 5412 2650 5474 dicimus,
2681 5413 2775 5468 sed
2799 5428 2863 5466 ex
2894 5412 3069 5476 Patre,
3110 5422 3161 5465 et
3192 5412 3383 5463 Filium
3404 5409 3597 5465 Patris.

2024 5504 2094 5557 At
2126 5504 2386 5573 Spiritum
2418 5516 2756 5569 sanctum,et
2780 5520 2847 5558 ex
2886 5504 3045 5557 Patre
3097 5502 3328 5557 dicimus
3388 5515 3599 5567 esse,ct

3123 5615 3464 5687 ’ἰδιοτρόπως
3512 5619 3604 5669 καὶ
