4094 6286
301 281 411 348 117

1303 275 1681 338 PANOPLIA
1723 274 2182 339 DOGMATICA.
2215 297 2286 308 ·-
2318 272 2463 336 TiT.
2512 275 2603 336 ΙΙ.

3487 276 3604 346 118'

299 419 454 456 σεων
480 397 739 468 διαίρεσις
755 397 1046 468 πράγματι
1063 395 1369 467 θεωρεῖται·
1402 399 1690 468 πρᾶγδιατι
1720 396 1830 466 γὰρ
1871 397 1888 448 ί

2006 410 2128 450 rum
2165 393 2361 449 divisio
2415 407 2777 463 personarum
2840 393 3015 463 reipsa
3073 393 3422 463 perspicitur.
3483 395 3587 450 hli-

297 491 531 562 Μιχαὴλ
565 490 661 544 τοῦ
696 489 939 559 Γαϐριὴλ
972 485 1335 557 κεχώρισται,
1371 491 1466 540 καὶ
1491 488 1518 540 ὁ
1551 489 1756 556 Πέτρος
1793 486 1890 538 τοῦ

303 585 549 649 Παύλου,
580 581 677 636 καὶ
702 580 767 632 τὰ
795 579 956 632 λοιπᾶ
987 578 1042 631 δὲ
1074 579 1300 642 ὁμοίως.
1332 580 1407 631 Τὺ
1430 579 1486 632 δὲ
1512 579 1688 632 κοινὸν
1718 577 1898 632 αὐτῶν

300 682 403 732 καὶ
435 679 499 731 τὸ
527 677 583 728 ἓν
618 675 832 743 ἐπινοίᾳ
861 672 1286 739 διαγινώσκεται
1310 687 1324 703 ⁶
1380 672 1592 743 ἐπινοίᾳ
1615 671 1722 739 γὰρ
1763 670 1895 739 μόνῃ

301 770 545 837 νοοῦμεν
583 768 677 837 τὴν
697 764 1034 833 ἀγγεὶότητα
1051 763 1214 832 τυχὸν
1251 763 1342 815 καὶ
1361 763 1458 833 τὴν
1480 762 1892 832 ἀνθρωπότητα.

315 863 451 916 Ἐπὶ
495 862 547 914 δὲ
584 861 680 930 τῆς
715 858 862 919 θείας
913 856 1140 926 Τριάδος
1176 854 1446 908 ἀνάπαλιν
1479 853 1538 906 τὸ
1591 852 1689 923 μὲν
1718 852 1896 904 κοινὸν

303 953 494 1006 αὑτῶν
527 952 621 1004 καὶ
649 951 709 1003 τὸ
744 951 799 1002 ἓν
837 950 1126 1017 πράγματι
1146 948 1431 1019 θεωρεῖται
1453 964 1468 979 ·
1492 944 1894 1016 πραγματικῶς

304 1042 418 1112 γὰρ
469 1044 692 1111 οἴδαμεν
729 1041 812 1093 ὅτι
849 1036 926 1102 εἷς
961 1042 1076 1092 ἐστι
1107 1038 1261 1102 Θεὸς,
1289 1041 1381 1091 καὶ
1432 1038 1530 1107 μία
1567 1038 1658 1089 καὶ
1690 1039 1722 1105 ἡ
1757 1037 1894 1105 αὑτὴ

307 1135 496 1202 φύσις,
541 1136 639 1189 καὶ
677 1133 918 1196 ἐξουσία,
967 1131 1064 1184 καὶ
1109 1131 1292 1198 σοφία,
1347 1131 1441 1182 καὶ
1491 1129 1741 1198 δύναμις,
1799 1127 1893 1180 καὶ

301 1229 579 1296 ἐνέργεια,
624 1226 718 1277 καὶ
771 1223 827 1275 ἒν
873 1223 968 1275 καὶ
1019 1222 1080 1274 τὸ
1127 1221 1261 1273 αὑτὸ
1309 1219 1556 1290 Θὲλημαο
1606 1221 1638 1288 ἡ
1685 1219 1742 1270 δὲ
1785 1219 1893 1271 τῶν

302 1318 664 1372 ὑποστάσεων
682 1312 948 1384 διαίρεσις
972 1315 1185 1383 ἐπινοίᾳ
1211 1312 1338 1383 ψιλῇ
1362 1313 1582 1366 νοεῖται.
1619 1310 1756 1364 υύτε
1785 1313 1893 1379 γὰρ

301 1409 667 1478 προσωπικὴν
708 1405 1056 1475 περιγραφὴν
1095 1404 1342 1473 ἐννοῆσαι
1407 1401 1727 1471 τολμῶμεν,
1761 1400 1886 1454 οὔτε

301 1501 544 1569 τοπικὴν
585 1500 892 1564 διὰστασινξ,
927 1494 1051 1547 οὕτε
1085 1513 1138 1547 τι
1172 1493 1282 1545 τῶν
1310 1491 1486 1547 ἄλλων
1525 1493 1894 1562 ἀφοριστικῶν

305 1591 620 1660 ίδιοτήτων,
649 1588 784 1659 πλὴν
817 1586 1156 1657 πατρότητος
1186 1587 1279 1640 καὶ
1313 1586 1583 1656 υῐότητος.
1611 1587 1700 1637 καὶ
1728 1585 1892 1638 ὲκπο·

303 1684 572 1755 ρεύσεως.
614 1681 721 1735 Καὶ
755 1681 926 1732 ταῦτα
961 1680 1016 1732 δὲ
1059 1678 1352 1749 ὑπερφυῶς
1392 1679 1488 1731 καὶ
1524 1677 1886 1747 ὑπερουσίως.

301 1777 396 1829 Διὸ
431 1774 528 1826 καὶ
559 1773 651 1826 ἕνα
676 1771 807 1824 Θεὸν
840 1771 1070 1839 λέγομεν
1099 1770 1324 1834 αὑτοὺς,
1363 1769 1436 1838 μὴ
1472 1769 1756 1838 δυνάμενοι
1785 1769 1892 1822 διε-

298 1867 412 1921 λεῖν
439 1867 663 1928 τελείως
685 1867 778 1918 καὶ
802 1863 1204 1935 πραγματικῶς
1224 1862 1322 1925 τὰς
1343 1860 1667 1924 ὑποστάσεις
1689 1861 1890 1922 αὐτῶν,

302 1959 632 2031 ἀδιαιρέτως
670 1957 1057 2028 διαιρουμένοις
1081 1995 1096 2020 ,
1141 1955 1234 2008 καὶ
1268 1954 1591 2014 ἀσυνάπτως
1627 1967 1895 2004 συναπτο-

305 2052 500 2121 μένας,
539 2051 626 2104 διὰ
660 2050 721 2104 τὸ
763 2047 1037 2118 ὑπερφυὲς
1077 2046 1278 2116 ὁμοίως
1307 2047 1403 2099 καὶ
1434 2043 1757 2115 ὑπερούσιον
1791 2044 1892 2114 τῆς

303 2160 362 2195 τε
391 2144 710 2214 διαιρέσεως
742 2142 920 2195 αὐτῶν
952 2143 1046 2194 καὶ
1082 2140 1180 2208 τῆς
1214 2139 1534 2207 συναφείας.

2002 489 2158 544 chael
2202 502 2232 542 a
2268 486 2521 541 Cabriele
2585 486 2767 556 reipsa
2801 496 3086 556 separatus
3107 495 3210 553 est,
3239 485 3518 544 etPctrus
3557 507 3600 542 a-

1999 581 2189 644 Paulo,
2233 589 2289 634 et
2320 578 2541 648 reliquae
2560 579 2752 632 eodem
2787 587 2970 634 niueo.
3004 578 3160 644 Quod
3187 591 3369 634 auzem
3401 581 3454 633 in
3494 583 3581 650 ip-

1997 674 2073 729 sis
2097 687 2386 728 commune
2411 682 2570 739 atque
2613 686 2781 726 unum
2815 679 2918 736 est,
2949 671 3135 725 animo
3160 683 3216 726 et
3257 672 3587 741 cegilatione

1998 765 2321 834 concipitur.
2391 762 2732 834 Cogitatione
2777 763 2923 816 enim
2971 767 3354 818 tantummodo
3436 778 3586 818 com-

1996 858 2387 929 prehendimus
2439 855 2852 920 humanitatem,
2904 864 2963 910 et
3038 854 3082 908 si
3119 871 3222 924 qua
3257 871 3359 909 vox
3390 854 3590 910 eodem

1999 949 2163 1004 modo
2196 961 2545 1003 communem
2570 947 2889 1015 angelorum
2911 946 3190 1000 notionem
3212 955 3392 1014 queat.
3413 945 3592 1014 expli-
3661 940 3667 947 ’

1997 1053 2146 1101 Care,
2187 1052 2363 1108 neque
2391 1036 2539 1091 enim
2571 1035 2919 1105 angelitatem
2945 1034 3120 1089 ausim
3153 1035 3355 1089 dicere.
3412 1037 3482 1088 At
3529 1035 3582 1086 in

1994 1129 2264 1183 Trinitate
2295 1126 2475 1181 divina
2503 1136 2692 1180 contra
2747 1125 2826 1180 ﬁt.
2884 1122 3038 1190 Quod
3093 1126 3238 1180 enim
3295 1141 3586 1179 ('0:ntttunc

1995 1235 2159 1290 atque
2191 1237 2358 1275 unum
2383 1227 2490 1284 est,
2521 1219 2701 1289 reipsa
2727 1219 2991 1274 cernitur.
3025 1219 3238 1273 Etenim
3269 1217 3436 1273 Deum
3461 1233 3582 1270 esse

2003 1329 2172 1368 unum
2210 1353 2223 1375 ,
2259 1322 2316 1367 et
2348 1327 2512 1366 unam
2541 1311 2901 1380 eamdemque
2931 1321 3206 1374 naturam,
3240 1322 3293 1362 et
3340 1319 3581 1378 potesta-

1996 1417 2128 1468 tem,
2161 1415 2216 1458 et
2243 1402 2602 1473 sapientiam,
2632 1412 2689 1456 et
2726 1403 3001 1465 virtutem,
3067 1414 3120 1456 et
3171 1401 3465 1462 actionem,
3527 1411 3582 1451 et.

1994 1501 2350 1564 voluntatem,
2378 1499 2553 1568 reipsa
2591 1499 2999 1568 cognoscimus.
3052 1496 3412 1551 Personarum
3453 1509 3582 1548 vero

1992 1590 2404 1645 distinctionem
2497 1589 2648 1643 tenui
2732 1590 3064 1659 cogitatione
3139 1587 3578 1657 complectimur.

2002 1683 2191 1752 Neque
2218 1683 2362 1735 enim
2404 1683 2672 1737 audemus
2703 1681 2864 1735 ullam
2896 1681 3167 1750 ejusmodi
3229 1676 3582 1735 circumscri-

1998 1775 2260 1844 ptionem,
2293 1774 2506 1842 qualem
2537 1773 2622 1827 hic
2643 1773 2697 1827 in
2728 1773 2977 1842 personis
3006 1772 3304 1832 cernimus.
3357 1779 3450 1825 aut
3483 1769 3590 1824 ιοιί

2000 1861 2382 1927 intervallum,
2412 1870 2468 1917 et
2498 1862 2632 1916 alias
2665 1863 2717 1915 id
2745 1879 2913 1932 genus
2937 1865 3326 1933 proprietates,
3375 1860 3595 1931 quibus.

2002 1969 2090 2007 res
2123 1954 2350 2024 singulae
2371 1963 2626 2024 tanquam
2653 1955 2903 2010 terminis
2949 1955 3064 2009 suis
3088 1956 3359 2010 conclusa:
3416 1967 3580 2020 sepa-

2004 2058 2199 2100 rantur
2229 2062 2259 2098 a
2295 2048 2531 2111 cmteris,
2571 2048 2835 2117 cogitare,
2859 2047 2952 2100 sed
2977 2062 3072 2102 eas
3130 2056 3342 2102 tantum
3401 2045 3586 2099 notio-

2006 2139 2360 2208 nes,€qnibus
2382 2139 2540 2192 Pater
2565 2140 2800 2209 genitor,
2826 2139 2994 2194 Filius
3044 2139 3281 2209 genitus,
3349 2137 3586 2207 Spiritus

307 2239 625 2308 procedens
657 2235 993 2306 intelligitur.
1025 2234 1128 2289 llas
1157 2235 1377 2305 quidem
1441 2235 1662 2288 Gnaeos
1710 2233 1983 2306 ﬁngrndis
2039 2235 2270 2289 vocibus
2336 2235 2611 2289 feliciores
2650 2235 2843 2290 imitati
2887 2251 2993 2288 non
3059 2235 3328 2289 inutiliter
3374 2235 3576 2288 fortas~

304 2350 386 2394 se,
414 2332 650 2385 barbare
691 2329 906 2399 quidem
939 2337 1085 2382 certe
1119 2327 1522 2394 paternitatetn,
1563 2328 1873 2382 ﬁliationem
1935 2338 1989 2383 et
2041 2328 2448 2397 processionem
2512 2327 2808 2396 appellant.
2857 2327 2989 2391 Quae
3052 2327 3267 2380 ratione
3322 2336 3574 2382 naturam

302 2434 467 2494 atque
543 2422 836 2476 essentiam
893 2429 1186 2488 superante
1254 2417 1410 2471 ﬁunt.
1476 2418 1666 2486 Itaque
1737 2420 1908 2473 Deum
1975 2435 2143 2473 unum
2206 2433 2300 2472 eos
2343 2434 2466 2473 esse
2521 2419 2770 2482 dit-imus,
2837 2435 2960 2473 cum
3027 2421 3270 2488 ipsorum
3327 2435 3585 2488 personas

302 2517 426 2572 sine
467 2513 738 2569 divisione
765 2511 1065 2575 distinctas,
1098 2519 1155 2565 et
1184 2511 1302 2564 sine
1325 2513 1716 2579 conjunctione
1765 2511 2077 2582 cepulatas,
2114 2500 2331 2582 propter
2390 2512 2674 2566 divisionis
2731 2512 3248 2582 conjunctionisi‘jue
3305 2515 3572 2569 rationem

305 2623 498 2669 natura
528 2611 692 2666 simul
723 2620 776 2665 et
824 2611 1064 2665 essentia
1112 2609 1564 2682 prmstantiorem.
1624 2610 1863 2678 perfecte
1913 2622 1971 2666 et
2022 2612 2197 2682 reipsa
2227 2611 2560 2680 distinguere
2588 2623 2944 2678 nequeamus.

372 2704 724 2776 Χωρίζονται
759 2703 1003 2774 ἀλλήλων
1034 2707 1090 2758 at
1130 2706 1478 2772 ὑποστάσεις,
1514 2707 1574 2760 οὑ
1597 2710 1662 2776 τῇ
1687 2707 1843 2775 οὐσίᾳ
1867 2747 1881 2769 ,

297 2799 434 2852 ἀλλὰ
456 2799 578 2858 ταῖς
612 2801 1145 2866 χαρακτηριστικαῖς
1170 2799 1396 2866 ἰδιότησι
1424 2801 1531 2851 τῶν
1558 2799 1882 2870 προσώπων.

301 2890 506 2944 Λοιπὸν
541 2887 633 2942 οὖν
654 2877 744 2940 διὰ
770 2886 874 2939 τῶν
896 2887 1136 2956 κλήσεων
1162 2889 1261 2958 τῆς
1295 2889 1453 2956 ἁγίας
1481 2891 1680 2961 Τριάδο
1702 2911 1736 2955 ’,
1772 2892 1886 2944 Πα-

297 2984 445 3051 τρλς,
479 2981 611 3035 Υἱοῦ
648 2980 742 3033 καὶ
762 2980 916 3047 ἁγίου
949 2981 1285 3049 Πνεῦμα-ξος,
1319 2983 1378 3035 οὑ
1405 2983 1618 3051 φύσεων
1643 2985 1890 3038 διδασκό-

302 3077 439 3144 μεθα
493 3073 789 3145 διαφορὰνξ,
821 3071 938 3126 ἀλλ’
975 3071 1321 3126 ὑποστάσεως)
1361 3076 1722 3145 γνωριστικὰς
1759 3076 1885 3129 ἰδιό-

299 3185 499 3238 τητας.

367 3262 556 3314 υὺσία
581 3261 675 3314 καὶ
703 3259 887 3330 φύσις,
913 3261 1006 3315 καὶ
1033 3263 1205 3331 γένος,
1239 3262 1330 3314 καὶ
1359 3259 1520 3324 εἶδ’)ς,
1550 3263 1646 3317 καὶ
1677 3262 1886 3333 μορφὴ,

295 3356 502 3407 ταιτόν
541 3358 688 3409 ἐστιν
733 3353 828 3407 ἐπὶ
868 3355 1002 3408 Θεοῦ
1048 3356 1187 3409 κατὰ
1227 3354 1352 3418 τοὺς
1397 3355 1574 3420 θείους
1616 3357 1883 3428 Πατέρας.

307 3445 643 3509 ’Υπόσ-τασις
678 3445 734 3498 δὲ
766 3446 951 3512 πάλιν,
989 3447 1083 3500 καὶ
1109 3449 1422 3519 πρόσωπον,
1449 3449 1541 3501 καὶ
1572 3449 1884 3520 χαρακτὴρ,

298 3539 387 3590 καὶ
439 3537 677 3606 ἰδιότης,
740 3538 834 3590 καὶ
885 3539 1087 3608 ἄτομον
1143 3541 1360 3594 ταυτόν.
1417 3541 1524 3592 Kal.
1571 3541 1730 3592 οὑσία
1784 3541 1886 3603 μὲν

301 3629 388 3681 καὶ
413 3628 588 3697 φῦσις
614 3630 752 3682 κατὰ
777 3630 993 3683 πάντων
1021 3631 1217 3700 ἐπίσης
1247 3631 1493 3698 λέγονται
1523 3630 1632 3683 τῶν
1665 3632 1886 3685 ὑποκει-

305 3725 470 3790 μένων
506 3761 520 3785 ,
556 3722 690 3775 καθὸ
724 3724 818 3775 καὶ
854 3724 1054 3786 πάντες
1089 3722 1366 3792 ἄνθρωποι
1407 3725 1536 3792 μιᾶς
1574 3725 1759 3787 οὐσίας
1793 3724 1883 3777 καὶΙ

302 3812 522 3878 φύσεως
545 3830 558 3842 '
591 3813 885 3875 ὑπόστασις
917 3813 973 3867 δέ
1003 3815 1140 3876 ἐστι,
1174 3815 1266 3865 καὶ
1296 3814 1606 3883 πρόσωπον,
1635 3816 1728 3868 καὶ
1761 3816 1884 3868 ἆτος

311 3921 422 3967 μον,
474 3904 544 3956 τὸ
601 3905 907 3967 ἰδιαζόντως
966 3905 1059 3956 καὶ
1105 3905 1223 3958 καθ’
1270 3905 1429 3957 ἑαυτὸ
1475 3905 1740 3973 ὑφεστὼς,
1791 3905 1883 3959 καὶ

309 3994 572 4064 διαίρεσιν
602 3996 772 4064 χωρὶς
803 3996 1007 4066 φθορᾶς
1031 3995 1107 4066 μὴ
1132 3995 1531 4066 ἐπιδεχόμενον.

382 4085 535 4150 Εἶδος
578 4090 670 4141 καὶ
706 4087 889 4158 μορφὴ
939 4087 1135 4140 ταυτὸν
1184 4087 1277 4140 ἐπὶ
1305 4087 1402 4156 τῆς
1428 4087 1589 4156 ἁγίας
1619 4087 1880 4158 Τριάδος,

311 4178 400 4231 καὶ
443 4181 544 4250 τὴν
575 4179 761 4232 οὐσίαν
810 4179 977 4248 ἄμφω
1012 4177 1388 4247 σημαίνουσιν.
1448 4196 1466 4228 ι
1539 4179 1594 4230 '0
1618 4179 1881 4247 ἑωρακὼς

313 4271 435 4339 γὰρ,
493 4291 514 4324 ι
580 4273 765 4340 φησὶν,
804 4288 822 4322 ι
867 4272 967 4340 ἐμὲ
1011 4269 1224 4342 ἑώρακε
1272 4271 1364 4325 τὸν
1412 4271 1634 4342 Πατέρα
1677 4289 1802 4344 μου,
1853 4290 1878 4323 ›

316 4361 551 4427 ὁράσεως
584 4361 816 4416 ἐνταῦθα
846 4363 1141 4432 νοουμένης
1174 4363 1268 4432 τῆς
1299 4367 1570 4430 γνώσεως.

392 4457 454 4514 Ἢ
506 4459 606 4527 μὲν
651 4457 810 4511 οὐσία
859 4457 1093 4527 ἑνωτικὴ
1149 4457 1256 4510 τῶν
1295 4458 1684 4512 ὑποστάσεων·
1730 4460 1786 4511 αι
1828 4459 1886 4511 δὲ

245 4616 250 4621 ⁵
319 4545 634 4612 ὑποστάσεις
661 4548 990 4618 διαιρετικαὶ
1023 4548 1119 4616 τῆς
1153 4547 1342 4606 οὐσίας
1374 4549 1433 4600 ἐν
1464 4549 1575 4612 τοῖς
1607 4564 1889 4618 χαρακτη-

322 4642 578 4705 ριστικοϊς
606 4639 699 4693 καὶ
722 4640 1097 4709 ἀφοριστικοίς
1127 4639 1305 4692 αὑτῶν
1332 4639 1637 4708 ίδιώμασιν.

395 4725 458 4782 Ἦ
491 4732 590 4800 μὲν
612 4731 769 4784 οὐσία
793 4731 1053 4784 οὐδέποτε
1083 4731 1298 4799 λέγεται
1331 4732 1472 4784 κατὰ
1507 4731 1888 4801 ἀνυπάρκτων,

316 4820 348 4887 ἡ
383 4820 433 4873 δὲ
469 4823 630 4890 φύσις
649 4823 928 4884 πολλάκις.
952 4822 1118 4875 Φύσιν
1151 4824 1280 4892 γὰρ,
1313 4823 1496 4891 φησὶν,
1527 4821 1642 4892 ἔχει
1670 4821 1730 4874 τὺ
1755 4820 1887 4890 ψεῦ-

318 4909 399 4971 δος
439 4913 715 4983 τοιαύτην.
752 4913 862 4966 Καὶ
904 4913 1031 4982 ὅλην
1063 4913 1162 4982 μὲν
1204 4913 1364 4982 φύσις
1407 4912 1595 4975 ὓδατος
1646 4912 1884 4966 δείκνυσι

319 4999 412 5070 τὴν
444 5005 648 5058 οίκείαν
685 5003 888 5074 πηγὴν,
922 5004 1082 5073 λόγου
1134 5005 1191 5057 δὲ
1223 5004 1383 5074 φύσις
1423 5005 1522 5072 τὴν
1549 5003 1884 5072 προενέγκα-

322 5107 413 5145 σαν
441 5097 692 5166 καρδίαν.

388 5185 447 5238 Ei
479 5190 544 5242 τὰ
575 5189 730 5242 κοινὰ
761 5193 855 5242 καὶ
889 5186 1152 5242 καθολικὰ
1179 5187 1273 5239 ὅλα
1303 5185 1396 5238 καὶ
1431 5185 1612 5240 τέλεια
1647 5203 1882 5258 κατηγο-

323 5275 532 5342 ροῦνται
565 5281 673 5335 τῶν
708 5281 1081 5350 ὑποκειμένων
1114 5280 1300 5342 αὑτοῖς
1331 5278 1577 5350 μερικῶν
1602 5294 1617 5310 ⁶
1652 5295 1888 5350 κατηγο-

326 5371 491 5433 ρεῖται
528 5373 633 5444 ἄρα
669 5371 766 5426 καὶ
792 5375 824 5442 ἡ
853 5372 1012 5440 φύσις
1049 5370 1149 5442 τῆς
1179 5371 1428 5441 θεότητος
1459 5369 1553 5440 ὅλη
1583 5370 1677 5423 καὶ
1703 5369 1885 5423 τελεία

323 5459 544 5535 ἑκάστης
584 5465 694 5520 τῶν
732 5464 932 5534 ἑαυτῆς
974 5463 1348 5518 ὑποστάσεων.
1391 5462 1584 5516 Κοινὸν
1632 5461 1730 5533 μὲν
1759 5448 1910 5532 ,γὰρ’-

323 5552 410 5603 καὶ
455 5555 735 5611 καθολιν>ν
796 5558 830 5626 ὴ
875 5555 1036 5625 φύσις
1078 5555 1172 5609 καὶ
1219 5557 1252 5625 ὴ
1307 5554 1484 5620 οὐσία,
1550 5551 1774 5624 μερικὸν
1828 5552 1885 5606 δὲ

393 5690 584 5756 ’Joan.
616 5711 727 5764 xw,
753 5697 805 5754 9.

2063 2709 2477 2778 Distinguuntur
2506 2707 2824 2776 hypnstases
2861 2719 2968 2757 non
3000 2701 3256 2767 essentia,
3311 2704 3408 2758 sed
3461 2721 3583 2774 pro.

1995 2803 2127 2872 priis
2159 2817 2511 2871 personarum
2546 2800 2707 2853 notis.
2744 2801 2922 2862 Quare
2958 2813 3053 2866 per
3086 2809 3292 2852 sancte
3341 2797 3581 2854 Trinita-

1999 2895 2067 2948 tis
2089 2897 2332 2958 nomina,
2367 2895 2562 2956 Patris,
2601 2903 2654 2946 et
2676 2892 2818 2954 Filii,
2852 2901 2905 2944 et
2939 2889 3176 2953 Spiritus
3206 2889 3404 2956 sancti,
3461 2907 3572 2944 non

2003 2996 2315 3039 naturarum
2360 2986 2675 3048 discrimen,
2708 2985 2801 3038 sed
2824 2981 3032 3036 indices
3063 2995 3419 3050 personarum
3447 2996 3580 3052 pro-

1997 3077 2257 3148 prictates
2309 3081 2535 3134 edocent
2545 3097 2574 3132 ιι
2585 3095 2624 3135 r.

2062 3258 2332 3324 Essentia,
2385 3271 2441 3314 et
2509 3271 2723 3330 natura,
2747 3275 2802 3318 et.
2831 3282 3020 3334 genus,
3100 3277 3155 3323 et
3242 3272 3472 3339 speties.
3525 3281 3583 3328 et

1994 3351 2190 3412 forma,
2215 3367 2277 3404 ex
2303 3351 2518 3404 Patrum
2561 3359 2852 3420 sententia,
2880 3359 3021 3412 idem
3052 3369 3178 3415 sunt
3209 3360 3262 3414 in
3285 3360 3413 3417 Deo.
3445 3362 3577 3418 Item

1993 3456 2248 3511 persona,
2297 3453 2352 3496 ct
2412 3451 2559 3506 nota,
2622 3455 2677 3499 et
2740 3448 3069 3516 proprietas,
3130 3460 3187 3505 et
3239 3453 3578 3509 individuum

1991 3533 2132 3586 idem
2167 3542 2316 3588 sunt.
2352 3533 2416 3587 Et
2448 3536 2689 3589 essentia
2750 3539 2968 3606 quidem
3030 3550 3194 3609 atque
3243 3551 3437 3598 natura
3509 3546 3579 3600 de

1991 3623 2246 3677 omnibus
2265 3624 2526 3692 subjectis
2558 3630 2760 3695 pariter
2785 3629 3069 3697 dicuntur,
3105 3635 3570 3702 quemadmodum

1991 3721 2042 3767 et
2068 3728 2256 3768 omnes
2289 3715 2536 3768 homines
2564 3718 2724 3772 unius
2759 3721 3009 3775 essentia:
3064 3736 3379 3794 naturaeque
3413 3737 3535 3780 sunt
3558 3733 3598 3793 ,‘

1991 3806 2295 3876 hypostasis
2334 3823 2483 3872 vero,
2528 3819 2583 3862 et
2655 3824 2913 3878 persona,
2963 3821 3016 3865 et
3041 3813 3388 3868 individuum
3407 3816 3574 3885 signi-

1989 3899 2154 3952 ﬁcant
2189 3900 2242 3953 id
2275 3900 2420 3968 quod
2451 3901 2695 3976 proprie,
2743 3914 2798 3955 et
2821 3918 2918 3971 per
2939 3919 2999 3958 se
3054 3905 3325 3968 subsistit,
3383 3917 3438 3962 et
3495 3911 3564 3963 ab

1989 3995 2094 4047 alio
2124 3996 2242 4049 sine
2269 3994 2492 4047 interitu
2524 3995 2756 4062 suscipit
2778 3997 3210 4052 distinctionem.

2062 4089 2305 4157 Species,
2337 4096 2392 4140 et
2422 4088 2593 4140 forma
2633 4087 2774 4141 idem
2825 4099 2954 4143 sunt
2984 4089 3034 4143 in
3069 4103 3255 4147 sancta
3277 4092 3569 4156 Trinitate,

1985 4180 2388 4247 essentiamque
2440 4180 2743 4249 signiﬁcant
2774 4195 2790 4235 :
2821 4180 2951 4248 «Qui
3006 4183 3270 4250 viditme,
3301 4203 3320 4236 ι
3375 4184 3570 4254 inquit.

1991 4272 2239 4326 «Patrem
2269 4271 2404 4326 vidit
2431 4273 2468 4326 ‘.
2502 4290 2520 4324 ι
2554 4270 2653 4326 llic
2707 4282 2888 4327 autem
2945 4275 3118 4328 videre
3167 4274 3438 4346 signiﬁcat
3475 4289 3571 4330 co-

1913 4387 1961 4446 D
1987 4381 2270 4436 gnoscere.

2059 4457 2302 4510 Esseutia
2347 4470 2615 4526 personas
2649 4455 2954 4526 conjungit.
2997 4456 3251 4514 Persona:
3283 4475 3410 4515 vero
3439 4477 3568 4531 pro-

1985 4547 2331 4617 prietatibus,
2368 4546 2522 4615 quasi
2579 4545 2724 4601 notis
2789 4548 3112 4616 quibusdam
3167 4552 3564 4620 separantibus,

1987 4639 2283 4692 essentiam
2317 4637 2683 4709 distinguunt.

2064 4729 2313 4784 Essentia
2347 4745 2630 4800 nunquam
2674 4729 2875 4785 dicitur
2934 4732 3004 4786 de
3055 4731 3142 4796 iis,
3197 4745 3318 4802 quee
3369 4748 3467 4802 per
3509 4748 3569 4790 se

1991 4834 2104 4873 non
2137 4827 2433 4885 constant;
2473 4829 2667 4874 natura
2701 4835 2831 4875 vero
2869 4822 3190 4891 saepissime.
3225 4826 3571 4894 Quapropter

1992 4910 2107 4964 haec
2140 4921 2245 4975 est,
2281 4911 2458 4981 inquit
2486 4913 2597 4980 ille,
2629 4922 2824 4968 natura
2877 4915 3171 4971 mendacii.
3201 4914 3267 4971 Et
3295 4917 3402 4980 ille,
3465 4919 3568 4972 du.-

1989 5013 2132 5069 ctus,
2155 5004 2347 5073 inquit,
2403 5019 2554 5073 aquae
2582 5004 2786 5060 fontem
2803 5005 3040 5060 ostendit
3063 5023 3220 5062 suum
3249 5025 3266 5064 :
3296 5013 3569 5066 sermonis

1987 5104 2170 5149 autem
2223 5107 2416 5151 natura
2445 5111 2540 5151 cor
2589 5097 2860 5168 loquentis
2895 5100 3120 5155 indicat.

2060 5185 2120 5242 Si
2145 5203 2208 5242 ea
2253 5203 2374 5258 quae
2428 5191 2761 5258 communia,
2817 5201 2873 5247 et
2931 5193 3210 5258 universa,
3265 5203 3319 5248 et
3348 5202 3478 5258 tota,
3511 5204 3570 5249 et

1983 5278 2222 5351 perfecta
2250 5281 2318 5334 de
2343 5281 2604 5351 subjectis
2633 5283 2736 5338 sibi
2765 5285 3133 5356 singularibus
3159 5287 3437 5350 dicuntur,
3481 5287 3565 5340 di-

1985 5373 2128 5426 citur
2179 5383 2234 5427 et
2287 5373 2599 5430 Divinitatis
2655 5388 2848 5431 natura
2905 5387 3012 5432 tota
3086 5387 3141 5432 et
3208 5377 3443 5448 perfecta
3493 5379 3565 5433 de

1987 5463 2220 5535 singulis
2252 5465 2424 5533 ipsius
2462 5468 2731 5536 personis.
2781 5469 3086 5523 Commune
3125 5471 3271 5523 enim
3322 5477 3379 5522 et
3439 5471 3565 5523 uni-

1986 5570 2202 5610 versum
2242 5555 2496 5625 quiddam
2555 5569 2634 5615 est
2693 5567 2886 5613 natura
2941 5570 2995 5614 et
3023 5561 3282 5614 essentia.
3309 5559 3563 5632 Singula-
