4094 6286
336 401 436 469 121

1323 402 1694 479 PANOPLIA
1739 421 2202 486 DOGMATICA.
2244 449 2312 461 --
2351 413 2501 487 Tl'l‘.
2548 425 2629 486 Ii.

3497 411 3596 485 ΕΞ

334 523 445 590 φὴν
472 522 876 594 συγχρωμένην
901 526 1012 590 τοῖς
1039 527 1266 600 ὀνόμασι
1294 534 1416 586 κατ’
1439 535 1688 602 ἐξουσίαν
1712 540 1918 603 άπλῶς.

2028 541 2190 595 etiam
2216 542 2432 611 duplex.
2513 538 2742 608 Quando
2774 540 2937 611 igitur
2979 538 3154 594 oratio
3180 531 3496 608 simpliciter
3516 581 3529 604 ,
3555 549 3607 592 rt

345 617 407 668 '0
440 617 539 685 μὲν
573 617 681 686 γὰρ
710 615 854 681 θεῖος
893 619 1214 686 Ἀπόστολος
1246 624 1338 678 καὶ
1368 625 1429 679 τὺ
1455 626 1565 680 ἔσω
1591 629 1684 683 τοῦ
1715 631 1921 702 ἀνθρώ-

334 725 443 762 που
476 710 762 780 ἄνθρωπον
786 712 878 764 καὶ
909 714 966 765 τὸ
993 713 1097 780 ἔξω
1129 715 1413 784 ἄνθρωπόν
1440 722 1601 774 πάλιν
1637 722 1919 792 ὠνόμασε,

338 804 406 856 τὰ
445 804 586 872 μέρη
621 809 697 872 τῷ
731 803 828 856 τοῦ
868 805 988 858 ὅλου
1027 806 1251 876 ὀνόματι
1282 811 1517 876 καλέσας
1545 830 1558 844 ⁸
1623 817 1674 868 οἱ
1703 816 1760 868 δὲ
1791 835 1922 887 προ-

336 896 507 965 φῆτσι
536 894 862 960 τούναντίον,
892 897 1024 950 ποτὲ
1075 899 1172 967 μὲν
1239 901 1440 972 σάρκα,
1470 905 1600 959 ποτὲ
1660 907 1716 960 δὲ
1744 907 1921 978 ψυχὴν

336 988 430 1038 τὸν
466 986 752 1054 ἄνθρωπον
780 989 1040 1053 καλοῦσι,
1079 993 1190 1055 τοῖς
1231 994 1342 1046 τῶν
1385 997 1564 1066 μερῶν
1600 997 1830 1066 ὀνόμασι
1861 998 1922 1050 τὸ

334 1079 460 1132 ὅλον
495 1080 978 1148 κατονομάζοντεςι
1014 1079 1206 1137 Ἦνίκα
1231 1085 1284 1138 δὲ
1316 1088 1504 1157 καιρὸς
1531 1089 1734 1161 καλέσῃ
1758 1131 1770 1153 ,
1803 1092 1924 1152 ταῖς

334 1167 540 1237 κὀρίως
561 1171 798 1238 χρῶ.ται
827 1177 1238 1244 προσηγορίαις.
1263 1168 1418 1230 Κατὰ
1433 1175 1523 1232 τὸν
1549 1169 1836 1248 εἰρημένον
1866 1179 1924 1232 δὲ

333 1257 493 1324 λόγον
552 1263 645 1311 καὶ
695 1261 723 1313 ό
776 1261 1033 1331 Θεολόγος
1093 1265 1345 1334 Ἰωάννης
1393 1261 1545 1322 εἶπεν
1601 1260 1682 1323 ὅτι
1740 1289 1758 1323 ι
1819 1263 1925 1326 Καὶ

339 1349 368 1398 ὁ
393 1342 568 1416 Λόγος
603 1351 740 1421 σὰρξ
763 1353 1001 1422 ἐγένετο,
1038 1376 1056 1408 ι
1093 1360 1212 1412 ἀντὶ
1241 1359 1334 1412 τοῦ
1365 1356 1649 1431 ἄνθρωπος
1683 1364 1921 1432 ἐγένετο.

290 1513 296 1518 ἡ
355 1432 496 1494 Ἀλλ’
534 1442 686 1496 οὐδὲν
726 1447 850 1514 περὶ
885 1446 1077 1500 τούτου
1110 1448 1547 1521 ζυγομαχοῦμεν.
1588 1455 1725 1524 Φησὶ
1758 1455 1866 1526 γὰρ
1897 1458 1926 1508 ’ὁ

343 1537 521 1602 μέγας
561 1529 833 1601 Διονῦςὶος
864 1541 946 1592 ὅτι
977 1539 1132 1594 τῦτο
1169 1546 1228 1596 ού
1263 1545 1370 1596 τῶν
1397 1544 1463 1598 τὸ.
1498 1545 1614 1599 θεῖα
1639 1549 1778 1600 νοεῖν
1807 1548 1926 1600 ἐθε-

336 1614 543 1679 λόντων
576 1625 725 1692 ἴδιον,
762 1628 897 1682 ἀλλά
933 1631 1040 1684 τῶν
1067 1626 1231 1702 ἤχους
1261 1633 1451 1702 ψιλοὺς
1493 1627 1924 1706 ὑποδεχομένων,

338 1716 433 1769 καὶ
470 1720 925 1790 προσπασχόντων
964 1724 1264 1792 στοιχείοι·,
1317 1726 1410 1778 καὶ
1467 1727 1778 1791 συλλαῦαῖς,
1833 1728 1929 1782 καὶ

337 1805 545 1872 λέξεσιν
592 1809 1009 1879 ἁδιαγνὼστως,
1049 1815 1124 1885 μὴ
1169 1815 1571 1879 διαϐαινούσαις
1600 1819 1680 1882 είς
1715 1811 1776 1870 τὸ
1827 1817 1928 1887 τῆς

335 1897 517 1969 ψυχῆς
545 1904 726 1956 αὑτῶν
755 1907 960 1975 νοερὸν,
994 1907 1106 1960 ἀλλ’
1132 1909 1236 1974 ἔξω
1260 1911 1384 1980 περὶ
1407 1912 1474 1964 τὰ
1509 1912 1682 1982 χείλη,
1707 1913 1803 1966 καὶ
1831 1913 1928 1976 τὰς

337 1991 511 2054 ἀκοάς
535 1995 715 2047 αὐτῶν
747 1995 1174 2069 βομόουμέναις.

2022 633 2142 688 sine
2199 633 2576 687 controversia
2656 632 3035 694 constituitur,
3096 633 3605 687 animadvertimus.
3653 623 3658 626 ”

2022 740 2131 778 non
2163 726 2338 778 solum
2374 725 2580 788 Patres,
2611 724 2704 778 sed
2755 724 2993 777 divinam
3047 722 3385 793 Scripturam
3442 723 3611 776 libere

2023 813 2457 883 simpliciterque
2518 811 2800 866 vocabulis
2829 812 2926 865 uti.
2957 809 3090 864 Nam
3125 811 3187 865 D.
3245 811 3534 880 Apostolus
3559 821 3611 862 ιιι

2023 903 2076 957 id
2111 904 2254 973 quod
2284 905 2335 956 in
2405 904 2625 958 homine
2674 901 3007 957 intrinsecus
3054 911 3156 965 est,
3203 901 3498 964 hominem,
3557 908 3612 952 ιιι

2027 996 2078 1049 id
2110 995 2252 1065 quod
2281 997 2642 1058 extrinsecus,
2679 993 2953 1048 hominem
2985 993 3112 1046 item
3139 991 3394 1062 appellat,
3449 1001 3612 1058 atque

2028 1087 2102 1141 ita
2147 1103 2349 1142 nomen
2385 1089 2552 1141 totius
2608 1086 2857 1156 partibus
2914 1085 3122 1139 tribuit.
3156 1085 3222 1137 At
3274 1099 3303 1137 e
3335 1083 3611 1136 contrario

2023 1181 2304 1250 prophetae
2353 1179 2516 1233 modo
2554 1193 2804 1236 carnem.
2872 1179 3033 1230 modo
3066 1176 3300 1230 animam
3356 1184 3613 1230 vocantes

2028 1273 2326 1334 hominem,
2357 1273 2592 1341 partium
2616 1270 2896 1325 vocabulis
2917 1280 3084 1324 totum
3104 1268 3365 1323 indicant.
3393 1268 3610 1332 Verum,

2026 1363 2246 1432 quando
2276 1371 2491 1431 tempus
2510 1362 2559 1414 id
2581 1360 2839 1431 postulat,
2863 1358 3099 1428 propriis
3125 1357 3343 1410 vocibus
3363 1366 3610 1409 utuntur.

2028 1454 2102 1509 Ea
2141 1467 2270 1509 vero
2320 1454 2550 1515 ratione,
2575 1458 2738 1523 Quam
2764 1461 2891 1505 ante
2919 1450 3176 1512 diximus,
3201 1457 3255 1501 et
3307 1447 3612 1517 Theologus

2025 1542 2298 1598 Joannes:
2329 1544 2654 1607 «Verbum,»
2696 1542 2892 1612 inquit,
2923 1556 3079 1594 rcaro
3112 1540 3312 1592 factum
3342 1548 3612 1594 εεῑ.›οιιιιι

2028 1637 2192 1692 vellet
2226 1637 2428 1699 dicere,
2457 1635 2662 1691 factum
2703 1645 2786 1689 est
2811 1631 2994 1688 homo.
3031 1630 3298 1684 Cmterum
3327 1629 3428 1682 hac
3459 1629 3525 1683 de
3555 1643 3615 1681 re

2029 1745 2098 1783 ne
2130 1727 2509 1799 digladicmur,
2565 1736 2660 1781 aut
2688 1723 3104 1780 contendamris.
3161 1721 3250 1774 Ait
3299 1720 3444 1774 enim
3495 1735 3616 1771 ma-

2030 1835 2168 1892 gnus
2202 1818 2518 1890 Dionysius,
2553 1819 2606 1873 id
2632 1833 2824 1872 eorum
2879 1829 3000 1870 esse
3030 1813 3328 1882 prnpi-ium,
3382 1810 3474 1880 qui
3503 1824 3612 1862 non

2041 1929 2126 1969 res
2159 1913 2374 1968 divinas
2398 1912 2627 1982 cupiunt
2683 1909 3006 1976 intelligere,
3072 1906 3165 1958 sed
3200 1905 3391 1958 inanes
3446 1917 3616 1955 aucu-

1965 1995 2006 2047 Β
2035 2016 2233 2078 pantes
2263 2022 2429 2062 sonos
2455 2007 2508 2060 in
2531 2005 2833 2060 litterarum
2859 1998 3164 2064 elementis,
3188 2006 3243 2051 et
3287 1995 3525 2066 syllabis,
3554 2001 3610 2043 et

341 2089 523 2144 Verbis
564 2091 632 2145 ad
668 2092 1083 2163 intelligendum
1115 2095 1448 2164 ditlicilibus,
1503 2102 1623 2167 qua:
1667 2089 1734 2152 ad
1785 2090 1952 2155 animi
1989 2098 2231 2173 ipsarum
2254 2101 2618 2172 cognitionem
2674 2111 2783 2151 non
2841 2092 3183 2164 perveniunt,
3221 2088 3316 2145 sed
3348 2089 3614 2143 laoiorum

335 2191 501 2250 atque
526 2182 740 2237 aurium
766 2192 923 2239 tenus
946 2187 1373 2254 circumsonant,
1428 2189 1823 2244 immorantur.

410 2273 598 2326 Διττδν
625 2277 660 2344 ἡ
691 2275 1005 2338 ὑπόστασις.
1033 2277 1270 2344 Λέγεται
1293 2277 1402 2346 γάρ
1435 2279 1732 2342 ὑπόστασις
1795 2271 1924 2331 αὑτό

336 2366 402 2417 τί
447 2364 508 2416 τὸ
569 2365 754 2428 ἁπλῶς
797 2366 852 2419 ὲν
911 2367 1142 2438 ὑπάρξει
1202 2369 1291 2420 ὅν·
1351 2369 1485 2422 διότι
1545 2370 1822 2439 ὑφέστηκέ
1864 2387 1925 2421 τε

340 2456 443 2510 καὶ
501 2457 769 2528 ὑπάρχει,
828 2460 966 2530 ὅπερ
1021 2461 1191 2530 χωρὶς
1247 2461 1356 2513 τῶν
1413 2461 1927 2532 χαρακτηριστικῶν

346 2535 660 2615 ἰδιωμάτων
677 2535 964 2618 Θεωρεῖται
992 2565 1008 2583 ο
1042 2553 1133 2605 καὶ
1156 2550 1216 2604 τὸ
1233 2553 1597 2622 πρόσωποντὸ
1619 2552 1742 2606 καθ’
1770 2555 1929 2608 ἑαυτὸ

340 2623 591 2706 ὑφεστὼς
620 2643 757 2710 μετὰ
786 2641 881 2694 καὶ
902 2642 1015 2693 τῶν
1044 2643 1350 2712 εἰρημένων
1387 2645 1712 2714 ἰδιωμάτων.
1749 2645 1927 2714 Ἀπερ

339 2731 454 2802 γὰρ
506 2732 686 2800 ἄτομα
733 2735 1167 2805 προσαγορεύειν
1214 2739 1326 2802 τοτς
1375 2737 1439 2790 ὲκ
1485 2736 1576 2790 τοῦ
1622 2741 1928 2808 περιπάτου

342 2824 522 2893 φίλον,
579 2827 658 2887 εἰς
702 2824 739 2880 ἃ.
784 2826 816 2896 ἠ
861 2825 970 2878 τῶν
1015 2827 1186 2894 γενῶν
1235 2830 1329 2882 καὶ
1381 2829 1538 2883 εἰδῶν
1591 2829 1930 2903 ἀποτελευτᾷ

341 2905 632 2988 διαίρεσις.
684 2918 759 2982 ὡς
799 2917 875 2988 μὴ
900 2905 1171 2987 δυνάμενα
1201 2920 1281 2974 ἔτι
1313 2921 1691 2992 διαιρεθῆναι·
1735 2925 1767 2992 ἠ
1817 2925 1928 2993 γάρ

342 3012 428 3072 εἰς
451 3009 630 3082 ψυχὴν
664 3011 758 3064 κάὶ
818 3011 976 3082 σῶμα
1005 3011 1098 3064 τοῦ
1126 3012 1415 3083 ἀνθρώπου
1436 3014 1700 3085 διαίρεσις
1723 3002 1928 3085 φθοράν

344 3102 513 3154 αὑτοῦ
561 3106 735 3156 ποιεῖν
774 3103 970 3158 εἴωθεο
1018 3091 1190 3158 ταῦτα
1231 3106 1280 3158 οἱ
1322 3105 1419 3171 τῆς
1475 3104 1800 3176 Ἐκκλησίας
1849 3099 1930 3162 δι-

347 3194 610 3248 δάσκαλοι
652 3195 924 3264 πρόσωπα
969 3197 1062 3252 καὶ
1115 3197 1437 3257 ὑποστάσεις
1477 3198 1930 3269 προσηγορεύκα-

346 3292 452 3340 σιν.
507 3285 862 3349 Ὑποστάσεις
907 3288 982 3352 δὲ,
1033 3288 1166 3342 διότι
1197 3291 1254 3342 ὲν
1285 3290 1494 3352 τούτοις
1525 3291 1594 3344 τά
1647 3283 1799 3362 γένη,
1835 3293 1928 3344 καὶ

345 3367 464 3447 εἷτδη
513 3380 665 3431 κοινά
707 3379 838 3432 ὄντα
904 3382 998 3433 καὶ
1049 3380 1461 3453 ἀπερίγραπτα,
1510 3382 1777 3452 λαμὸάνει
1828 3385 1928 3452 τὴν

347 3458 584 3544 ὓπαρξιν
623 3471 716 3522 καὶ
751 3473 1116 3541 πτριγραφήν.
1161 3473 1219 3524 Εἰ
1259 3472 1367 3544 γὰρ
1401 3476 1494 3526 καὶ
1525 3473 1653 3525 ἴδον
1683 3472 1797 3543 ἔχει
1832 3474 1923 3526 τὸν

2098 2276 2304 2346 Duplex
2335 2285 2418 2331 est
2461 2277 2786 2347 hypostasis.
2824 2277 2956 2330 Nam
2991 2279 3152 2332 modo
3217 2277 3486 2346 signiﬁcat
3536 2278 3610 2348 id,

2027 2367 2169 2438 quod
2204 2367 2526 2436 simpliciter
2555 2376 2641 2422 est
2675 2367 2730 2420 in
2757 2369 3022 2432 essentia,
3051 2369 3308 2438 quoniam
3341 2369 3612 2435 subsistit,

2027 2467 2084 2515 et
2110 2466 2217 2520 est,
2248 2469 2304 2513 et
2332 2458 2452 2512 sine
2477 2458 2711 2528 propriis
2734 2458 2906 2529 signis
2929 2474 2991 2514 ac
3011 2459 3155 2515 notis
3182 2461 3558 2515 consideratur
3598 2481 3611 2516 :

2029 2549 2188 2602 modo
2222 2561 2515 2617 personam
2579 2548 2782 2602 indicat
2818 2563 2914 2618 per
2943 2564 3001 2604 se
3029 2565 3153 2603 cum
3189 2551 3318 2620 ipsis
3384 2553 3616 2622 propriis

2028 2641 2172 2696 notis
2200 2640 2607 2697 subsistentem.
2671 2643 2883 2696 Etenim
2941 2659 3061 2712 quae
3111 2644 3614 2716 Peripateticisap-

2029 2733 2231 2803 pellare
2285 2733 2488 2802 placuit
2520 2733 2820 2795 individua,
2871 2735 2937 2789 ad
2963 2752 3083 2805 quae
3125 2751 3248 2790 cum
3310 2752 3507 2806 genera
3561 2739 3618 2793 et

2033 2825 2248 2894 species
2299 2825 2569 2880 divisione
2639 2827 3008 2895 pervenerint,
3077 2829 3408 2894 consistunt,
3469 2835 3612 2900 quod

2032 2907 2196 2970 dividi
2227 2916 2460 2984 amplius
2481 2929 2585 2971 non
2605 2918 2853 2986 possint;
2884 2918 3123 2973 hominis
3144 2921 3289 2974 enim
3315 2920 3365 2974 in
3417 2937 3616 2991 corpus

2031 3009 2377 3076 animamque
2455 3008 2652 3062 divisio
2704 3009 2983 3064 interitum
3045 2992 3255 3066 'atlerre
3324 3014 3481 3075 solet,
3553 3029 3616 3066 ea

2031 3090 2282 3154 doctores
2343 3099 2598 3153 Ecclesia!
2641 3114 2899 3166 personas
2942 3110 2996 3154 et
3056 3101 3375 3171 hypostases
3436 3104 3616 3155 nomi-

2030 3202 2251 3248 narunt.
2318 3191 2644 3262 lly‘postases
2666 3203 2846 3246 autem
2895 3195 3215 3260 dictaesunt,
3240 3195 3367 3264 quia
3417 3211 3616 3265 genera

2030 3293 2085 3341 'et
2112 3285 2345 3354 species,
2385 3300 2506 3355 quae
2567 3286 2878 3340 communia
2933 3298 3080 3350 sunt,
3115 3297 3170 3341 et
3215 3303 3322 3341 non
3382 3288 3617 3342 circum-

2033 3378 2256 3447 scripta,
2331 3378 2384 3431 in
2461 3377 2544 3430 his
2603 3378 2874 3432 exsistunt
2931 3387 2986 3433 et
3066 3380 3611 3436 circumscribuntur.

2033 3467 2292 3535 Quamvis
2329 3469 2474 3522 ‘enim
2506 3467 2705 3521 animal
2734 3478 2788 3523 et
2818 3469 3000 3536 homo,
3037 3487 3269 3539 quorum
3322 3488 3488 3526 unum
3535 3482 3620 3526 est

344 3547 444 3613 τοῦ
475 3542 613 3614 εἶναι
647 3560 803 3628 λόγον
840 3564 899 3615 τὸ
934 3562 1090 3631 ζῶον,
1124 3570 1208 3615 κιιὶ
1241 3563 1268 3614 ὁ
1304 3564 1607 3634 ἅνθρωπος,
1633 3557 1707 3618 ὧν
1735 3566 1795 3618 τὸ
1828 3568 1926 3636 μέν

2030 3577 2223 3635 genus,
2251 3561 2481 3616 alterum
2506 3561 2737 3630 species,
2802 3562 3078 3633 prOpriam
3114 3564 3282 3617 etiam
3335 3565 3605 3620 rationem

345 3652 468 3707 tari.
496 3655 669 3722 γένος.
702 3657 761 3706 τὲ
792 3654 848 3708 δὲ
878 3651 1050 3718 εἶδος,
1080 3654 1193 3708 ἀλλ’
1231 3657 1288 3709 ὲ)
1320 3659 1430 3718 τοῖς
1451 3657 1694 3728 ἀτόμοις,
1733 3659 1923 3728 Πέτρῳ

345 3746 514 3816 τυχὸν
549 3749 641 3800 καὶ
672 3747 892 3818 Παύλῳ,
934 3747 1033 3818 τὴν
1058 3749 1356 3802 ὑπόστασιν
1384 3749 1587 3818 έχουσι,
1612 3749 1778 3820 χωρὶς
1801 3750 1926 3804 τού-

347 3854 463 3890 των
490 3839 587 3907 οὑχ
609 3839 974 3908 ὑφιστάμενα.
1012 3833 1172 3894 Ἀλλά
1192 3838 1364 3893 ταῦτα
1392 3841 1488 3911 μὲν
1519 3845 1644 3912 περὶ
1673 3843 1767 3910 τῆς
1793 3843 1926 3896 ὑπο⁴

350 3929 618 3991 στάσεως.
645 3930 812 3982 Πάλιν
833 3931 890 3984 δὲ
916 3930 1090 3984 διττὸν
1111 3931 1286 3984 καὶτὸ
1309 3932 1691 3989 ὲνυπόστατον.
1721 3935 1928 4002 Σημαί-

349 4038 433 4074 νει
480 4021 588 4090 γὰρ
632 4023 690 4074 τὸ
726 4021 912 4085 ἁπλῶς
954 4040 1012 4074 τε
1064 4021 1144 4087 ὃν,
1193 4022 1314 4075 καθ’
1358 4023 1386 4077 ὃ
1431 4024 1830 4094 σημαινόμενον
1865 4026 1924 4078 οὑ

354 4109 521 4180 μόνον
541 4109 638 4179 τὴν
663 4111 875 4174 οὐσίαν,
903 4111 968 4182 ἢν
989 4111 1374 4181 αὑθύπαρκτόν
1395 4132 1451 4167 τε
1475 4116 1568 4168 καὶ
1587 4114 1929 4168 αὑθυπόστα-

350 4216 446 4256 ’ων
469 4203 518 4254 oi
548 4201 676 4272 περὶ
695 4203 868 4256 ταῦτα
896 4204 1058 4257 δεινοί
1080 4222 1267 4274 φασιν,
1299 4206 1665 4258 ὲνυπόστατον
1693 4206 1924 4274 λέγομεν

351 4294 424 4347 δι’
463 4294 601 4347 αὑτὸ
630 4295 790 4348 τοῦτο
822 4295 884 4348 τὸ
917 4293 1057 4350 εἶναι
1091 4296 1278 4361 ἁπλῶς
1311 4298 1406 4351 καὶ
1441 4298 1757 4366 ὑφεστάναι,
1793 4297 1927 4352 ἀλλὰ

349 4385 447 4439 καὶ
489 4386 557 4438 τὰ
610 4387 997 4456 συμϐεϐηκότα
1035 4389 1514 4459 προσαγορεύομεν
1549 4391 1923 4455 ὲνυπόστατα,

346 4477 484 4530 διότι
512 4479 570 4530 ἐν
595 4479 787 4548 ἑτέρῳ,
814 4482 906 4532 καὶ
935 4480 1035 4533 οὑκ
1068 4482 1127 4533 ὲν
1160 4483 1371 4544 ἑαυτοῖς
1397 4482 1578 4550 ἔχουσι
1604 4484 1665 4534 τὸ
1694 4483 1926 4550 ὑφεστά-

347 4585 438 4622 ναι
476 4571 570 4624 καὶ
602 4565 762 4635 εἶναι,
797 4573 1074 4624 τουτέστιν
1129 4573 1186 4625 ὲν
1222 4575 1288 4643 τῆ
1324 4573 1502 4643 οὐσίᾳ,
1534 4573 1570 4627 ἃ
1598 4574 1926 4642 κυριώτερον

348 4663 794 4730 ἑτεροῡπόστατα
847 4665 1222 4734 ὀνομάζονται.
1287 4666 1550 4735 Σημαίνει
1604 4667 1660 4719 δὲ
1715 4666 1809 4721 καὶ
1866 4667 1927 4719 τὸ

350 4753 480 4807 καθ’
504 4755 664 4807 ἑαυτὸ
686 4753 764 4818 ὃν,
790 4758 882 4807 καὶ
909 4753 1270 4808 ίδιοσύστατον
1298 4759 1588 4827 τυγχάνον,
1615 4758 1736 4810 καθ’
1766 4758 1795 4811 ὃ
1829 4775 1928 4826 ση-

352 4845 684 4916 μαινόμενον
709 4850 802 4900 καὶ
828 4849 897 4900 τὰ
919 4848 1098 4917 ἄτομα
1117 4849 1213 4900 ὲνυ
1227 4849 1462 4903 πόστατα
1488 4850 1760 4916 λέγονται,
1779 4850 1923 4922 άπερ

349 4937 560 5004 κυρίως
589 4939 918 5003 ὑποστάσεις
952 4941 1152 5009 μᾶλλόν
1171 4941 1296 5014 δεῑσί
1333 4959 1392 4995 τε
1451 4945 1546 4996 καὶ
1578 4944 1922 5011 γνωρίζεται.

362 5027 527 5082 Ἀλλά
556 5031 684 5100 περὶ
719 5031 817 5101 μὲν
847 5031 941 5085 τοῦ
972 5017 1338 5086 ὲνυποστάτου
1371 5034 1632 5089 τοσαῦτα.
1663 5036 1831 5090 Πάλιν
1867 5036 1924 5088 δὲ

349 5121 449 5174 καὶ
492 5123 552 5173 τὸ
613 5121 988 5176 ἀνυπόστατον
1033 5123 1233 5192 ὁμοίοις
1278 5124 1450 5177 διττόν
1498 5127 1632 5179 ἐστι.
1691 5128 1925 5194 Λέγεται

348 5213 460 5284 γὰρ
489 5214 864 5267 ἀνυπόστατον
894 5216 956 5268 οὑ
988 5216 1149 5284 μόνον
1177 5215 1239 5268 τὸ
1271 5216 1499 5286 μηδαμῆ
1537 5217 1804 5286 μηδαμῶς
1843 5218 1924 5284 ὃν,

347 5305 491 5358 ἀλλὰ
534 5305 628 5358 καὶ
669 5304 733 5357 τὸ
767 5307 826 5359 ἐν
878 5306 1048 5376 ἑτέρῳ
1085 5305 1208 5375 ἔχον
1249 5306 1348 5376 τὴν
1387 5307 1704 5369 ὑπόστασιν,
1743 5307 1818 5371 ὼς
1858 5309 1926 5360 τά

351 5397 763 5468 συμϐεϐηκότα,
801 5398 932 5450 διότι
965 5399 1084 5450 καό⁹
1114 5398 1284 5452 ἑαυτά
1307 5399 1372 5451 οὑ
1407 5398 1663 5452 δύνανται
1696 5399 1929 5467 ὑφεστά-

348 5509 461 5545 ναι.
500 5493 657 5546 Κατά
693 5492 750 5546 δὲ
783 5491 874 5545 τόν
921 5491 1418 5562 λεπτομερέστερον
1468 5493 1626 5558 λόγον
1665 5493 1761 5545 καὶ
1792 5493 1930 5547 ἄλλα

348 5585 576 5640 ’πλείονα
594 5586 970 5656 σημαινόμενα
990 5585 1089 5652 τῆς
1113 5585 1461 5648 ὑποστάσεως
1481 5583 1731 5654 εὕρομεν.
1762 5586 1930 5651 Λέγε-

347 5697 444 5732 ται
477 5681 586 5750 γάρ
617 5681 916 5742 ὑπόστασις
958 5678 1111 5747 παρά
1148 5681 1216 5732 τὰ
1254 5679 1514 5747 εἰρημένα
1548 5678 1808 5746 ἀνωτέρω
1837 5679 1929 5729 καὶ

345 5772 412 5827 τδ
438 5772 678 5843 φορτίον,
710 5773 784 5834 ὼς
821 5775 878 5824 ὲν
908 5770 983 5841 τῷ
1013 5771 1413 5839 Δευτερονόμίῳ
1437 5785 1451 5801 ο
1493 5788 1511 5821 ι
1550 5763 1672 5830 Πῶς
1707 5767 1819 5836 ἐγὼ
1841 5769 1928 5821 δυ-

352 5867 595 5938 νήσομαι
640 5867 796 5936 μόνος
838 5867 1020 5937 φέρειν
1046 5863 1143 5948 τῂν
1197 5864 1490 5919 ὑπίσταπν
1529 5863 1679 5933 ὑμῶν
1709 5879 1791 5950 5_’
1847 5862 1934 5917 Ἐν

1954 4893 2003 4953 D

2029 3655 2266 3710 habeant
2331 3668 2447 3722 qua-
2492 3653 2628 3713 sint,
2685 3661 2866 3708 tamen
2899 3653 2952 3708 in
2993 3655 3127 3725 ipsis
3175 3655 3484 3720 individuis,
3525 3673 3614 3712 ex-

2026 3747 2189 3817 empli
2211 3748 2381 3818 gratia
2411 3748 2464 3802 in
2495 3745 2662 3803 Petro
2695 3754 2748 3800 et
2773 3746 2962 3812 Paulo,
2994 3748 3200 3803 habent
3226 3750 3614 3819 hyspostasim,

2028 3840 2148 3894 sine
2173 3838 2370 3907 quibus
2401 3837 2700 3892 subsistere
2748 3845 3046 3904 nequeunt.
3106 3837 3172 3893 Et
3221 3838 3338 3894 haac
3397 3841 3616 3908 quidem

2029 3930 2294 3984 hactenus
2347 3930 2412 3983 de
2472 3927 2772 3997 h‘ypostasi.
2839 3927 3165 3997 Ambiguum
3215 3930 3345 3983 item
3393 3939 3476 3984 est
3512 3930 3619 3984 hoc

2027 4021 2290 4076 Verbum:
2339 4019 2773 4088 «Enypostaton:
2807 4039 2826 4072 ›
2857 4021 3121 4094 signiﬁcat
3145 4021 3315 4084 enim,
3373 4021 3426 4074 id
3473 4022 3615 4090 quod

2027 4113 2341 4183 simpliciter
2364 4123 2466 4174 est.
2493 4129 2597 4182 qua
2615 4115 2834 4184 quidem
2860 4111 3262 4182 significatione
3293 4127 3402 4165 non
3432 4113 3612 4166 solum

2026 4203 2338 4265 essentiam,
2367 4219 2526 4272 quam
2556 4205 2644 4273 qni
2675 4205 2789 4259 hate
2813 4203 3138 4274 proﬁtentur
3175 4211 3268 4256 aut
3293 4203 3611 4272 hyparcton,

2027 4304 2123 4349 aut
2147 4295 2472 4362 hypostaton
2507 4293 2718 4358 dicunt,
2756 4301 3116 4365 enypostaton
3155 4309 3439 4357 vocamus,
3465 4296 3614 4362 quod

2027 4383 2344 4454 simpliciter
2373 4383 2443 4438 sit
2471 4393 2631 4452 atque
2657 4385 2917 4440 subsistat
2943 4401 2958 4450 ;
2986 4400 3169 4438 verum
3189 4385 3351 4439 etiam
3371 4385 3618 4440 acciden-

2026 4479 2122 4542 tia,
2185 4477 2442 4545 quoniam
2476 4477 2531 4529 in
2586 4477 2716 4540 alio,
2749 4491 2948 4546 nempe
2983 4477 3036 4530 in
3089 4480 3349 4539 essentia,
3406 4495 3514 4532 non
3558 4481 3611 4532 in

2027 4585 2086 4624 se
2124 4569 2346 4632 habent,
2400 4568 2475 4621 uti
2508 4567 2814 4622 subsistant
2867 4577 2922 4623 et
2953 4567 3080 4622 sint.
3149 4567 3477 4638 Enypostata
3515 4585 3613 4637 ap-

2029 4661 2310 4731 pellamus,
2328 4675 2448 4729 quae
2470 4673 2646 4714 tamen
2673 4659 2841 4731 magis
2865 4660 3083 4730 proprie
3101 4668 3156 4714 et
3178 4660 3614 4729 hcteroypostata

2031 4751 2622 4824 dicuntur.Signilieat
2652 4753 2815 4806 etiam
2847 4751 2924 4816 id,
2959 4751 3103 4819 quod
3131 4766 3229 4819 per
3252 4765 3309 4803 se
3340 4758 3421 4803 est
3453 4756 3616 4818 etper

2029 4863 2089 4903 se
2133 4847 2354 4917 proprie
2385 4845 2652 4908 consistit,
2705 4859 2812 4914 qua
2853 4843 3074 4914 quidem
3127 4842 3522 4912 signiﬁcatione
3554 4853 3615 4898 et

2031 4943 2308 4996 individua
2343 4949 2606 4994 vocantur
2643 4945 2984 5007 enypostata,
3009 4951 3128 5005 quae
3150 4935 3366 5004 quidem
3399 4937 3616 5006 proprie.

2031 5035 2360 5105 hypostases
2418 5030 2589 5099 magis
2609 5040 2664 5083 et
2685 5037 2834 5091 sunt,
2863 5038 2924 5083 et
2942 5040 3375 5099 cognoscuntur.
3412 5027 3612 5082 Verum

2029 5136 2084 5180 et
2107 5127 2174 5179 de
2197 5138 2331 5179 voce
2361 5122 2481 5185 hac,
2526 5120 2920 5188 Enypostaton.
2953 5119 3091 5174 satis
3141 5119 3344 5175 dictum
3379 5119 3470 5172 sit.
3505 5118 3614 5172 An-

2029 5225 2316 5290 ypostaton
2374 5227 2591 5281 quoque
2681 5220 2766 5266 est
2811 5213 3036 5267 verbum
3105 5227 3327 5282 anceps.
3407 5210 3612 5265 Dicitur

2032 5313 2180 5366 enim
2213 5315 2572 5380 anypostaton
2600 5319 2708 5358 non
2741 5306 2916 5360 solum
2951 5307 3001 5361 id
3037 5307 3180 5375 quod
3251 5303 3402 5357 nullo
3451 5300 3614 5352 modo

2035 5417 2262 5474 prorsus
2285 5407 2386 5465 est,
2415 5413 2605 5453 verum
2653 5396 2815 5455 etiam
2841 5395 2915 5457 id,
2943 5395 3086 5466 quod
3110 5395 3163 5448 in
3213 5393 3318 5447 alio
3343 5389 3614 5455 subsistit,

2035 5495 2212 5566 qualia
2251 5504 2379 5548 sunt
2408 5491 2734 5553 accidentia,
2769 5488 2895 5559 quia
2921 5502 3020 5556 per
3065 5501 3125 5538 se
3153 5483 3492 5538 subsistitere
3520 5497 3615 5536 ne-

2035 5597 2259 5658 queunt.
2277 5585 2428 5651 Quod
2443 5585 2487 5638 si
2506 5583 2758 5639 subtilius
2774 5589 2830 5636 et
2845 5575 3151 5634 accuratius
3169 5573 3614 5645 pervestigemus,

2038 5681 2381 5735 inveniemus
2443 5676 2772 5745 hypostasim
2830 5672 2992 5724 etiam
3070 5667 3169 5720 alia
3221 5667 3391 5722 multa
3446 5668 3614 5736 signi-

2041 5773 2223 5828 ﬁcare.
2295 5768 2428 5824 Nam
2512 5777 2706 5838 praeter
2761 5765 2847 5816 illa
2904 5780 3022 5833 qua:
3071 5761 3212 5815 dicta
3277 5773 3614 5824 SUII‘,‘OliuS

2043 5865 2207 5921 etiam
2278 5860 2544 5934 signiﬁcat
2623 5855 2928 5928 hypostasis
3005 5856 3117 5911 sive
3176 5854 3501 5917 substantia,
3557 5863 3613 5906 ut
