4094 6286
227 347 322 410 125

1173 347 1547 412 PANOPLIA
1595 349 2054 413 DOGMATICA.
2098 378 2168 391 -
2201 354 2351 416 Tl'l‘.
2398 343 2514 412 ΙΙΙ.

3370 346 3473 420 126

219 459 366 514 οὐσία
396 458 518 529 μὲν,
549 458 625 521 ὡς
670 458 1017 527 αὖτοοντότης
1039 473 1054 488 °
1084 457 1185 511 οὐκ
1215 458 1372 522 οὐσία
1392 460 1476 524 δὲ,
1510 461 1584 524 ὡς
1614 462 1753 534 ὑπερ
1775 492 1790 501 ο

1916 480 2014 518 non
2048 481 2214 518 unum
2246 470 2453 530 autem,
2492 463 2756 536 quoniam
2789 475 3004 526 eorum,
3036 481 3155 534 qua:
3187 481 3296 520 non
3343 467 3482 522 divi—

219 549 392 620 ούσιός
447 564 506 600 τε
537 547 631 600 καὶ
659 547 987 609 οὐσιοποιός.
1024 545 1147 599 Ἔτι
1172 547 1229 600 δὲ
1258 549 1353 601 καὶ
1395 550 1544 616 ὲνὰς,
1587 554 1679 605 καὶ
1701 553 1799 622 οὐχ

220 647 378 708 ἑνάς⁶
431 646 560 704 ὲνὰς
622 645 741 713 μὲν,
789 643 864 707 ὡς
897 644 1220 713 αὖτοενότης
1248 661 1264 676 ο
1309 646 1409 716 οὐχ
1457 649 1581 710 sva;
1613 648 1690 711 δὲ,
1725 651 1800 713 ὡς

223 739 359 806 ὑπὲρ
401 737 567 790 ὲνάδσ.
611 737 814 800 πᾶσαν,
853 735 949 789 καὶ
994 737 1177 805 πάσης
1226 738 1414 800 ὲνάδος
1467 741 1797 808 ὑποστάτης.

223 832 327 909 καὶ
354 829 525 882 πολλὰ
570 827 794 881 τοιαῦτα
821 828 914 879 ἐπὶ
958 827 1095 882 Θεοῦ
1143 828 1415 900 λεγόμενα
1448 830 1524 902 μὴ
1561 833 1680 884 κατ’
1716 832 1801 885 ἐλ-

221 920 416 988 λειψιν,
441 919 576 972 ἀλλὰ
608 918 733 972 καθ’
759 919 1056 989 ὑπεροχὴν,
1083 921 1265 974 ὁποῖόν
1297 923 1410 976 ἐστι
1441 924 1532 976 καὶ
1563 923 1623 976 τὸ
1649 923 1800 977 ἀναξ-

224 1011 432 1080 σθητον,
463 1011 544 1064 ἔτι
575 1011 634 1065 δὲ
661 1011 755 1064 καὶ
785 1011 846 1064 τὸ
874 1011 1108 1082 ἀόρατον
1135 1012 1270 1081 φῶς.

1903 556 2132 620 duntur,
2162 572 2395 626 quaeque
2450 557 2719 628 simplicia
2771 567 2920 623 sunt,
2970 558 3184 612 nullum
3237 567 3343 622 est,
3385 560 3482 612 sed

1902 649 2161 716 omnibus
2219 664 2340 718 quae
2388 665 2556 722 unum
2610 657 2761 714 sunt,
2821 657 3066 719 praestat,
3153 658 3485 720 omnemque

1899 739 2190 794 divisionis
2264 750 2544 810 expertem
2608 741 2872 796 rationem
2941 754 2996 794 et
3073 739 3484 809 simplicitatem

1903 833 2094 899 anteit,
2137 843 2194 888 et
2239 849 2433 888 eorum
2493 849 2708 904 quoque
2763 844 2951 887 auctor
3004 833 3234 887 exsistit.
3285 831 3486 886 Esscna

1905 923 2037 977 tiam
2083 924 2211 978 item
2268 935 2323 978 et
2352 939 2461 978 non
2494 925 2790 997 essentiam
2854 922 3087 977 dicimus
3144 920 3311 975 Deum
3347 937 3360 972 :
3391 938 3481 976 esa

1902 1016 2159 1083 sentiam,
2193 1017 2448 1086 quoniam
2480 1032 2610 1071 vere
2645 1032 2741 1086 per
2772 1031 2831 1071 se
2861 1025 2972 1082 est;
3004 1030 3114 1070 non
3140 1017 3464 1078 essentiam,

222 1105 345 1173 quia
376 1104 628 1159 essentia;
679 1106 963 1175 praecellit,
1021 1117 1074 1162 et
1109 1107 1228 1176 ejus
1284 1107 1511 1163 eﬂ'ector
1551 1118 1652 1164 est.
1707 1106 1788 1164 Ad
1843 1111 1958 1165 haec
1990 1110 2254 1164 unitatem
2312 1119 2366 1165 et
2423 1125 2533 1165 non
2587 1111 2893 1176 unitatem;
2943 1107 3201 1162 unitatem
3240 1107 3481 1177 quidem,

224 1200 342 1270 quia
385 1209 466 1255 est
520 1201 636 1271 ipsa
668 1203 849 1258 unitas
877 1210 892 1256 ':
925 1217 1034 1258 non
1070 1203 1336 1259 unitatem
1392 1221 1544 1272 vero,
1588 1206 1846 1275 quoniam
1907 1219 1992 1262 est
2039 1207 2189 1261 omni
2242 1208 2586 1276 praestantior
2635 1209 2866 1269 unitate,
2914 1216 2969 1261 et
3019 1205 3200 1260 omnis
3270 1203 3490 1257 unitatis

225 1293 572 1347 constitutor.
641 1293 768 1349 Haec
827 1305 880 1350 et
931 1296 1033 1352 alia
1083 1297 1251 1352 multa
1297 1297 1365 1352 de
1413 1299 1542 1363 Deo,
1570 1313 1678 1354 non
1707 1300 2008 1364 deﬁcienti,
2073 1301 2170 1354 sed
2216 1303 2566 1372 exsuperanti
2629 1302 2840 1356 ratione
2919 1300 3196 1360 dicuntur,
3252 1307 3312 1352 ut
3358 1297 3487 1352 illud

226 1384 401 1449 ctiam,
434 1386 583 1454 quod
640 1401 832 1441 sensus
873 1403 984 1442 non
1020 1390 1240 1453 habeat,
1274 1399 1330 1444 et
1379 1390 1558 1445 lumen
1596 1393 1667 1447 sit
1701 1408 1808 1446 non
1857 1393 2212 1464 aSpectabile.

832 1481 946 1534 Τοῦ
980 1480 1193 1536 αὑτοῦ.

307 1566 362 1620 '0
389 1568 525 1631 Θεὸς
567 1569 661 1623 καὶ
693 1570 868 1624 πάντα
897 1571 967 1624 τὰ
995 1573 1126 1624 ὄντα
1151 1572 1317 1635 ἐστὶν,
1348 1572 1423 1636 ὡς
1447 1572 1666 1626 πάντων
1694 1570 1797 1640 ἀρ-

224 1657 294 1728 χὴ
315 1659 410 1709 καὶ
445 1659 612 1724 αἰτία,
644 1661 735 1713 καὶ
768 1661 843 1724 ὡς
876 1661 1056 1714 πάντα
1086 1664 1145 1714 ἐν
1168 1662 1342 1732 ἑαυτῷ
1377 1662 1536 1733 ἔχωνο
1575 1664 1669 1716 καὶ
1701 1663 1797 1715 οὺ-

225 1740 310 1805 ϐὲν
335 1752 445 1804 τῶν
472 1748 642 1804 ’ὄντων
677 1753 846 1814 ἐστὶν,
879 1751 954 1815 ὡς
1008 1753 1357 1822 ὐπερούσιος.
1381 1756 1472 1808 Διὸ
1501 1757 1593 1809 καὶ
1623 1755 1800 1809 πάντα

226 1843 406 1906 αὐτοῦ,
431 1846 525 1896 καὶ
555 1845 671 1914 ἅμα
706 1848 1111 1915 κατηγορεῖται.
1136 1848 1230 1901 καὶ
1267 1849 1422 1902 οὐδὲν
1446 1849 1554 1902 τῶν
1584 1850 1800 1904 πάντων
1836 1882 1880 1940 Β

226 1933 357 1996 ἐστὶ,
390 1935 744 2004 ⁸ῖιτιῖινσχημος,
791 1937 1095 2001 πᾶνείδεος,
1143 1938 1318 1994 ταῦτα
1347 1940 1541 2011 ἀρχὰς,
1571 1942 1666 1996 καὶ
1707 1943 1804 2012 μὲ-

229 2037 296 2074 σα
325 2023 419 2074 καὶ
440 2023 568 2092 τέλη
598 2025 707 2078 τῶν
749 2025 918 2079 ὄντων
944 2029 1297 2098 προειληφὼς
1337 2031 1394 2082 ὲν
1424 2032 1603 2101 ἑαυτῷ
1639 2033 1804 2102 ἀσχέ-

229 2129 355 2177 τως,
387 2114 484 2166 καὶ
514 2114 893 2188 ὲξῃρημένως,
931 2119 1027 2172 καὶ
1057 2121 1193 2173 πᾶσι
1226 2121 1287 2174 τὸ
1315 2118 1454 2175 εἶναι
1478 2123 1803 2193 ὲπιλάμπων

230 2206 366 2258 κατὰ
393 2206 496 2259 ὕπε
507 2224 574 2278 ρη
583 2227 657 2261 νω
664 2209 832 2280 μένην
863 2201 1065 2266 αξτίαν.

2491 1483 2758 1554 Ejusdem.

1980 1578 2120 1631 Deus
2151 1587 2204 1631 et
2224 1584 2308 1630 est
2329 1577 2509 1631 omnia
2528 1593 2647 1644 qua:
2668 1587 2817 1639 sunt,
2851 1581 3120 1644 quatenus
3145 1569 3488 1632 estonmium

1905 1667 2230 1736 principium
2265 1675 2320 1719 et
2367 1681 2549 1726 causa,
2583 1675 2638 1718 et
2689 1662 2871 1717 omnia
2896 1661 2950 1715 in
2975 1675 3034 1716 se
3088 1657 3488 1728 complectitur.

1906 1758 1974 1812 Et
2012 1759 2217 1812 nullum
2250 1768 2334 1812 est
2356 1773 2543 1812 eorum
2579 1771 2699 1826 quae
2729 1763 2878 1815 sunt.
2905 1761 3177 1824 quatenus
3199 1749 3490 1805 essentiam

1907 1862 2223 1921 exsuperat.
2270 1851 2635 1917 Quamobrem
2673 1850 2740 1904 dc
2793 1848 2912 1916 ipso
2951 1853 3006 1901 et
3031 1845 3217 1901 omnia
3253 1853 3303 1898 et
3329 1842 3490 1896 simul

1908 1945 2091 1999 omnia
2115 1945 2389 2014 dicuntur,
2440 1953 2604 1998 etest
2664 1941 2908 1996 omnium
2960 1939 3195 1993 nullum.
3261 1934 3491 1990 Omnem

1908 2035 2138 2091 formam
2180 2035 2516 2106 ﬁguramque
2545 2032 2810 2096 continet,
2831 2030 3086 2098 idemque
3107 2025 3285 2081 omnis
3307 2025 3495 2078 formm

1908 2137 2068 2198 atque
2091 2127 2275 2197 ﬁgura:
2310 2136 2636 2195 estexpcrs.
2661 2123 2932 2177 Praeterea
2989 2121 3055 2174 de
3093 2119 3202 2173 Deo
3233 2117 3495 2170 dicuntur

1913 2219 2078 2272 etiam
2105 2216 2376 2285 ejusmodi
2399 2232 2412 2269 :
2435 2230 2617 2268 rerum
2643 2211 2927 2281 principia,
2953 2219 3007 2264 et
3028 2209 3224 2268 media,
3251 2212 3305 2259 et
3337 2203 3494 2260 lines,

227 2303 523 2364 antequam
565 2314 655 2352 res
682 2300 812 2368 ipsae
842 2300 971 2364 sint,
1011 2301 1278 2358 immenso
1313 2312 1368 2358 et
1411 2303 1612 2359 eximio
1642 2304 1803 2360 modo
1840 2305 1983 2362 Deus
2005 2306 2061 2362 in
2092 2320 2151 2362 se
2178 2303 2584 2375 complectitur.
2618 2298 2959 2372 Etonmibus
2995 2295 3288 2351 exsistendi
3310 2293 3493 2346 lumen

225 2405 323 2460 per
349 2405 570 2445 causam
608 2393 869 2449 unitatem
903 2379 1337 2467 conjunctiorem
1387 2399 1672 2471 elargitur.

835 2487 945 2541 Τοῦ
975 2490 1184 2545 αὑτοῦ.

295 2576 421 2628 Ὅτι
459 2575 550 2628 ἐπὶ
579 2577 672 2630 τοῦ
714 2578 850 2632 Θεοῦ
895 2584 989 2635 καὶ
1033 2584 1209 2639 πάντα
1254 2586 1700 2654 καταφᾶισκομεν,
1736 2583 1810 2647 ὡς

223 2666 446 2720 πάντων
493 2669 690 2735 αἰτίου,
734 2674 826 2724 καὶ
868 2673 1046 2726 πάντα
1091 2677 1506 2744 ἀποφάσκοκεν,
1553 2675 1628 2738 ὼς
1672 2675 1812 2744 ὑπὲρ

223 2756 396 2810 ’πάντα
455 2759 627 2824 ὄντος.
673 2763 735 2814 Ὀ
773 2763 882 2832 γὰρ
918 2764 1048 2828 Θεὸς
1083 2768 1179 2818 καὶ
1222 2770 1399 2820 πάντα
1431 2769 1547 2820 ἐστὶ
1587 2768 1813 2834 θεοπρε-

222 2849 508 2915 πῶς,’καὶ
540 2853 694 2905 οὐδὲν
735 2853 845 2906 τῶν
877 2857 1098 2909 πάντων
1146 2858 1513 2928 ὑπερουσὲως.
1564 2859 1673 2912 Καὶ
1719 2860 1811 2910 ἐπὶ

222 2940 308 2993 τοῦ
335 2942 483 2995 Θεοῦ
506 2944 604 2997 οὐκ
653 2945 795 2998 εἰσὶν
825 2947 882 2999 αἱ
907 2950 1245 3018 καταφάσεις
1291 2951 1662 3020 ἀντικείμεναι
1693 2955 1814 3014 ταῖς

224 3038 555 3105 ἀποφάσεσι,
623 3039 711 3090 διὰ
750 3040 814 3091 τὸ
866 3037 1007 3093 εἶναι
1050 3043 1214 3096 αὐτὸν
1245 3043 1384 3112 ὑπὲρ
1424 3046 1604 3096 πᾶσαν
1662 3043 1812 3096 Θέσιν

223 3129 313 3180 καὶ
356 3129 694 3200 ἀφαίρεσιν,
753 3133 846 3184 καὶ
901 3132 1040 3204 ὑπὲρ
1102 3136 1281 3188 πᾶσαν
1359 3134 1472 3200 ἕξιν
1539 3136 1632 3188 καὶ
1687 3134 1810 3186 στέ-

225 3233 397 3287 ρησιν.

842 3317 955 3373 Τοῦ
990 3321 1198 3378 αὑτοῦ.

290 3405 411 3458 ΙὉτι
474 3404 736 3470 πολλάκις
785 3411 1256 3482 ἀντιπεπονθότως
1301 3416 1394 3469 ἐπὶ
1437 3417 1531 3470 τοῦ
1571 3419 1704 3472 Θεοῦ
1747 3417 1814 3471 τὰ

217 3493 312 3562 τῆς
343 3496 670 3567 στερήσεως
708 3501 1113 3570 ἀποφάσκεται,
1147 3506 1222 3569 ὠς
1253 3507 1333 3571 τὸ,
1364 3507 1590 3561 «Ἐθετο
1620 3511 1814 3573 σκότος

220 3587 554 3658 ἀποκρυφὴν
601 3591 793 3656 αὐτοῦ,
831 3611 848 3643 ι
885 3595 1024 3664 ὅπερ
1071 3598 1097 3648 ὁ
1128 3597 1422 3662 ἀπόστολος
1457 3599 1668 3664 Παῦλος
1697 3601 1814 3669 φῶς

221 3672 368 3731 εἶπεν
392 3681 716 3748 ἀπρόσιτον.
746 3701 764 3734 ι
790 3683 909 3744 Φῶς
941 3685 1102 3756 γὰρ,›
1138 3689 1320 3757 φησὶν,
1353 3708 1372 3741 ι
1403 3691 1569 3744 οἰκῶν
1602 3692 1812 3762 ἀπρόσ-

228 3791 374 3828 ιτον·
417 3796 438 3828 ι
515 3777 576 3829 τὺ
663 3781 772 3848 γὰρ
825 3781 1122 3851 ἀπρόσιτον
1175 3784 1314 3851 φῶς,
1372 3787 1464 3838 καὶ
1520 3785 1608 3838 διὰ
1659 3786 1819 3840 τοῦτο

224 3865 447 3932 deam-Eg,
487 3869 604 3921 ἴσον
639 3869 757 3922 ἐστὶ
783 3873 863 3942 τῷ
912 3874 1108 3942 ἀφανεῖ
1154 3875 1357 3941 σκότει,
1389 3877 1512 3929 ὅσον
1549 3880 1628 3940 εἰς
1653 3877 1713 3930 τὸ
1744 3879 1820 3947 μὴ

226 3959 542 4025 φαίνεσθαι.
595 3962 1038 4032 Τοιουτοτρόπως
1068 3965 1287 4033 λέγεται
1335 3969 1426 4021 καὶ
1465 3969 1524 4021 τὸ
1562 3971 1821 4039 παμφαὲς

228 4047 338 4113 φῶς
369 4051 632 4121 ἀόρατον,
667 4051 743 4114 ὼς
783 4053 1080 4124 ὑπεραῖρον
1106 4057 1207 4126 τὴν
1249 4059 1439 4128 ὅρασιν
1469 4075 1482 4088 ·
1517 4061 1608 4111 καὶ
1640 4059 1820 4125 ἀγνω-

231 4141 319 4193 σία
351 4141 495 4195 Θεοῦ
524 4143 557 4213 ὴ
588 4139 964 4216 ὑπεραίροοσα
998 4147 1220 4216 γνῶσις,
1250 4152 1346 4203 καὶ
1379 4151 1562 4221 μωρὸν
1601 4153 1737 4205 Θεοῦ
1763 4153 1822 4207 τὸ

231 4232 570 4304 ὑπέρσοφον.

1837 3291 1884 3354 σ

2628 2491 2903 2562 Ejusdem.

1981 2589 2054 2642 De
2078 2584 2190 2642 Deo
2217 2595 2272 2642 et
2300 2585 2631 2640 allii-mutnus
2674 2584 2882 2646 omnia,
2923 2590 2982 2636 ut
3007 2579 3074 2634 de
3120 2578 3231 2641 illo,
3265 2575 3359 2646 qui
3407 2584 3494 2631 cst

1907 2679 2154 2734 omnium
2190 2693 2353 2733 causa
2384 2695 2396 2730 :
2426 2685 2486 2730 et
2517 2690 2782 2746 negamus
2813 2673 3017 2738 omnia,
3048 2680 3108 2724 ut
3162 2669 3229 2723 de
3253 2668 3367 2728 illo,
3399 2667 3491 2734 qui

1909 2774 1979 2829 sit
1998 2771 2255 2828 omnibus
2283 2767 2657 2824 excellentior.
2689 2767 2834 2820 Deus
2859 2765 3004 2820 enim
3024 2771 3071 2817 et
3103 2771 3188 2816 est
3212 2760 3391 2814 omnia
3409 2775 3498 2812 ra-

1913 2867 2059 2934 tione
2077 2864 2306 2932 quadam
2333 2861 2450 2929 ipso
2471 2860 2664 2932 digna;
2689 2866 2744 2911 et
2771 2857 2982 2911 nullum
3007 2871 3072 2909 ex
3106 2853 3360 2908 omnibus
3389 2861 3494 2912 cst,

1917 2957 2172 3025 quoniam
2222 2953 2518 3007 essentiam
2576 2957 2817 3020 superat.
2879 2949 3052 3001 Porro
3105 2943 3498 2998 aliirmationes

1916 3048 1975 3102 in
2011 3047 2118 3100 Deo
2145 3045 2528 3115 negationibns
2552 3058 2660 3096 non
2695 3049 2824 3096 sunt
2856 3038 3175 3104 contrariae,
3235 3037 3492 3105 quoniam

1917 3150 1973 3194 et
2021 3140 2168 3193 omni
2200 3139 2466 3206 positione
2501 3147 2554 3190 ct
2603 3134 2902 3199 ablatione,
2952 3132 3099 3186 omni
3154 3129 3343 3184 habitu
3387 3127 3497 3197 pri-

1914 3233 2242 3301 vationeque
2299 3229 2569 3300 superior.

2583 3316 2857 3387 Ejusdem.

1983 3415 2138 3486 Saepe
2166 3412 2440 3470 contrario
2461 3409 2620 3465 modo
2647 3406 2914 3477 privantia
2941 3405 3201 3461 dicuntur
3236 3401 3306 3456 de
3358 3400 3496 3455 Deo.

1914 3508 1986 3564 Ut
2042 3507 2214 3562 illud:
2252 3526 2270 3559 ι
2318 3505 2510 3559 Posuit
2555 3504 2808 3556 tenebras
2863 3496 3146 3553 latibulum
3192 3507 3356 3548 suum
3401 3489 3444 3555 ⁸,
3475 3508 3496 3542 ι

1916 3598 2064 3670 quod
2095 3597 2373 3668 apostolus
2405 3593 2604 3647 Paulus
2634 3592 2817 3646 lumen
2846 3591 3187 3644 inaccessum
3220 3582 3493 3654 appellat:

1923 3711 1941 3742 ‹
1971 3691 2194 3756 Lucem,
2245 3705 2264 3739 ι
2332 3685 2524 3756 inquit,
2578 3703 2595 3735 ι
2637 3683 2891 3738 habitans
2943 3674 3370 3735 inaccessibilem
3418 3674 3492 3724 ’.ν

1918 3781 2055 3838 Nam
2085 3781 2200 3848 lux,
2229 3778 2294 3834 ad
2322 3793 2483 3847 quam
2512 3776 2692 3830 accedi
2725 3790 2835 3830 non
2891 3779 3094 3844 potest,
3156 3779 3320 3836 atque
3376 3768 3498 3821 idco

1921 3889 2034 3926 non
2066 3871 2328 3937 cernitur,
2349 3867 2571 3937 aequalis
2624 3873 2710 3922 est
2751 3865 3018 3926 tenebris,
3071 3877 3191 3931 quas
3248 3875 3358 3914 non
3420 3858 3500 3911 vi-

1922 3964 2140 4024 dentur,
2173 3960 2228 4014 in
2288 3974 2355 4013 eo
2386 3961 2672 4020 duntaxat,
2730 3954 2875 4025 quod
2925 3953 3016 4006 illa
3049 3951 3301 4021 perinde,
3335 3960 3499 4017 atquo

1924 4059 2028 4116 hae.
2066 4056 2234 4110 videri
2263 4070 2372 4108 non
2405 4061 2603 4122 potest.
2637 4051 2848 4104 Lumen
2881 4048 3026 4102 enim
3081 4045 3337 4100 omnibus
3370 4057 3498 4113 par-

1929 4151 2075 4206 tibus
2096 4144 2595 4217 splendidissimum
2625 4158 2737 4196 non
2793 4153 3083 4211 possumus
3108 4137 3330 4201 intueri,
3363 4151 3501 4205 quo-

1925 4242 2072 4296 niam
2110 4237 2401 4309 splendore
2440 4251 2542 4290 suo
2568 4233 2898 4304 przestringit
2957 4231 3131 4286 aciem
3191 4228 3498 4284 oculorum.

228 4333 293 4388 Et
322 4331 636 4403 ignorantia
672 4333 763 4388 Dei
817 4346 900 4390 est
933 4337 1378 4404 praestantissima
1423 4341 1688 4409 cognitio,
1749 4350 1804 4394 et
1841 4337 2069 4394 stultitia
2089 4334 2182 4390 Dei
2215 4348 2430 4388 omnem
2463 4338 2683 4399 superat
2718 4327 3065 4398 sapientiam.

855 4445 967 4499 Τοῦ
997 4447 1207 4501 αὐτοῦ.

2601 4438 2870 4512 Ejusdem.

310 4534 371 4590 '0
400 4535 540 4598 Θεὸς
588 4533 709 4590 οὔτε
745 4535 860 4605 φῶς
897 4539 1065 4603 ἐστιν,
1111 4537 1234 4592 οὔτε
1275 4536 1487 4605 σκότος,
1517 4541 1642 4596 οὔτε
1675 4543 1814 4612 γνῶ-

1991 4540 2135 4596 Deus
2162 4553 2339 4608 neque
2371 4538 2459 4592 lux
2488 4546 2592 4601 est,
2626 4549 2802 4604 neque
2839 4531 3287 4602 tenebrzemeque
3314 4537 3505 4600 cegnio

234 4632 339 4690 σις,
376 4626 510 4679 οὔτε
556 4629 824 4696 ἀγνωσία,
860 4627 984 4682 οὔτε
1017 4629 1267 4701 ἀλήθεια,
1315 4631 1440 4685 οὔτε
1471 4632 1686 4702 ψεῦδος,
1727 4633 1826 4690 καὶ,

234 4720 526 4788 συντόμως
559 4721 756 4789 εἰπεῖν,
778 4719 904 4774 οὔτε
941 4721 1089 4784 θέσις
1121 4722 1290 4775 αὐτοῦ
1319 4725 1488 4790 ἐστιν,
1508 4723 1630 4778 οὔτε
1660 4726 1824 4789 ἁφαιι

236 4825 410 4878 ρεσις.
456 4811 632 4882 ’Υπὲρ
675 4814 852 4884 πάντα
881 4815 990 4885 γάρ
1021 4816 1136 4868 ἐστι
1177 4815 1247 4869 τὰ
1284 4817 1414 4886 ἡμῖν
1471 4816 1504 4886 ἢ
1537 4819 1648 4880 τοῖς
1684 4817 1827 4887 ὑπὲρ

232 4903 384 4970 ἡμᾶς
435 4904 724 4976 νοούμενα.
793 4907 949 4960 Ἐπεὶ
997 4909 1092 4961 καὶ
1149 4910 1339 4979 Πατὴρ
1400 4910 1495 4962 καὶ
1549 4909 1675 4972 Υἱὸς
1732 4911 1830 4964 καὶ

239 4995 476 5066 Πνεῦμά
518 5004 687 5064 ἐστιν,
740 5003 838 5073 οὐχ
889 5003 966 5066 ὡς
1014 5005 1173 5073 ἡμεῖς
1212 5004 1461 5072 νοοῦ;.-εν,
1515 5005 1632 5076 ﬁo!
1688 5007 1828 5077 ὑπὲρ

237 5088 413 5156 ἡμᾶς,
451 5090 566 5144 ἀλλ’
603 5092 744 5162 ὑπὲρ
773 5095 954 5150 πάντα,
987 5097 1084 5148 καὶ
1145 5094 1270 5149 νοῦν
1309 5097 1404 5151 καὶ
1430 5098 1607 5162 λόγον.
1633 5100 1699 5152 Ai.
1722 5101 1832 5170 γὰρ

242 5178 450 5248 θέσεις,
485 5183 580 5238 καὶ
607 5185 950 5257 ἀφαιρέσεις,
975 5189 1070 5242 καὶ
1099 5187 1244 5254 ἕξεις
1283 5190 1377 5269 καὶ
1407 5191 1692 5259 στερήσεις
1721 5191 1833 5245 τῶν

246 5275 391 5342 μετὰ
424 5276 564 5330 Θεὸν
598 5279 761 5334 εἰσιν.

858 5445 982 5511 ’Τοῦ
1016 5450 1226 5519 αὐτοῦ.

325 5540 389 5597 Ὀ
426 5543 562 5608 Θεὸς
588 5547 744 5599 οὐσία
777 5548 895 5600 ἐστὶ
925 5547 1032 5602 τῶν
1065 5549 1254 5616 ὅντων,
1283 5549 1358 5611 ὡς
1385 5547 1530 5618 ἀρχὴ
1561 5550 1652 5608 καὶ
1680 5551 1830 5603 αἰτία

242 5636 483 5689 τούτων’
517 5639 649 5692 αἰὼν
677 5640 731 5692 δὲ
755 5642 862 5693 τῶν
895 5641 1126 5705 αἰώνων,
1165 5643 1238 5705 ὼς
1269 5643 1354 5695 ἀεὶ
1387 5641 1463 5695 ὢν
1481 5640 1830 5711 κυρ.ωτέρως

328 5796 527 5853 ‘Psal.
569 5817 698 5863 wn,
739 5803 822 5856 12.
899 5802 916 5831 ²
955 5800 978 5855 ι
1020 5799 1160 5855 Tim.
1194 5815 1277 5867 vr,
1317 5800 1401 5854 l6.

1921 4630 2018 4694 tio,
2055 4644 2232 4697 neque
2279 4627 2583 4698 ignoratio,
2625 4639 2804 4694 neque
2835 4624 3058 4688 veritas,
3122 4638 3301 4691 neque
3348 4640 3503 4677 inen-

1922 4720 2140 4775 dacium
2169 4736 2184 4772 :
2215 4728 2271 4774 et
2322 4727 2379 4772 ut
2409 4717 2648 4774 breviter
2679 4717 2858 4771 omnia
2896 4717 3251 4785 complectar,
3278 4730 3380 4770 nec
3409 4730 3506 4784 po-

1925 4813 2052 4867 sitio
2081 4821 2183 4876 est,
2216 4826 2316 4865 nec
2358 4810 2580 4864 ablatio.
2607 4807 2875 4863 Prmcellit
2901 4807 3046 4862 enim
3075 4807 3352 4868 omnibus,
3387 4823 3509 4876 quae

1927 4922 1958 4960 a
1989 4904 2144 4959 nobis
2189 4913 2246 4958 et
2274 4919 2458 4972 supra,
2498 4917 2596 4956 nos
2626 4901 2955 4971 cogitantur.
2981 4899 3210 4964 Quando
3244 4907 3298 4954 et
3326 4899 3506 4962 Pater,

1928 5006 1984 5053 et
2011 4995 2198 5060 Filius,
2228 5003 2283 5050 et
2316 4995 2550 5066 Spiritus
2589 5008 2700 5048 non
2736 5001 2888 5055 sunt,
2915 5002 2974 5046 ut
3005 5007 3105 5046 nos
3136 4992 3506 5056 intelligimus,

1929 5096 2026 5143 aut
2062 5097 2122 5143 ut
2148 5088 2226 5142 illi
2260 5087 2594 5157 intelligunt,
2623 5085 2717 5156 qui
2763 5085 2922 5142 nobis
2944 5095 3076 5139 sunt
3103 5085 3506 5154 sapientiores;

1930 5179 2028 5235 sed
2060 5193 2284 5232 omnem
2341 5185 2396 5232 et
2450 5186 2714 5242 mentem,
2775 5187 2833 5233 et
2881 5177 3150 5231 rationem
3223 5182 3505 5244 superant.

1931 5272 2238 5328 Positiones
2269 5270 2412 5324 enim
2457 5279 2512 5324 et
2548 5269 2870 5334 ablationes,
2925 5279 2981 5324 et
3013 5270 3230 5324 habitus
3276 5278 3332 5322 et
3393 5265 3510 5334 pri-

1932 5365 2182 5418 vationes
2223 5372 2581 5418 numerantur
2612 5361 2668 5414 in
2702 5362 2767 5415 iis
2811 5375 2932 5431 qua:
2984 5369 3113 5417 sunt
3161 5368 3282 5429 post
3313 5357 3507 5410 Deum.

2581 5451 2853 5522 Ejusdem.

2007 5548 2152 5601 Deus
2182 5554 2462 5600 estrcrum
2492 5544 2751 5607 essentia,
2773 5557 2831 5599 ut
2868 5559 3053 5599 earum
3087 5539 3411 5610 principium
3459 5547 3510 5594 et

1940 5654 2122 5696 causa.
2161 5637 2432 5693 Saeculum
2496 5639 2818 5693 saeculorum
2889 5645 2946 5690 ut
3002 5633 3118 5704 qui
3157 5647 3372 5702 semper
3431 5642 3516 5688 est
