4060 6278
535 386 637 458 127

1764 385 2076 453 EUTEIYM
2091 393 2108 450 l
2125 391 2145 449 Ι
2187 385 2548 452 ZIGABENI

3686 391 3788 456 128

530 507 704 578 magis
737 505 976 576 proprie.
998 520 1162 576 quam
1197 503 1312 575 ipsa
1343 503 1560 559 saecula.
1607 501 1870 574 Tempus,
1931 515 1989 557 ut
2019 519 2108 557 re-

2219 505 2330 557 τῶν
2360 503 2593 558 αἰώνων.
2629 505 2834 575 Χρόνος
2875 503 2954 571 δὲ,
2997 506 3075 570 ὡς,
3105 506 3302 577 μέτρον
3332 503 3443 559 τῶν
3469 507 3656 561 ὄντων’
3697 507 3793 564 καὶ

530 613 654 652 rum
687 611 963 661 mensura,
1031 609 1135 664 qua
1161 593 1382 664 quidem
1437 593 1651 648 ratione
1700 605 1785 647 cst
1810 592 1976 647 etiam
2005 601 2113 646 ter-

531 689 716 741 minus
748 703 952 751 rerum,
983 695 1041 740 ut
1072 687 1166 755 qui
1198 687 1345 755 ipsas
1402 687 1680 741 terminat.
1763 685 2115 754 Quandoqui-

530 780 654 833 dem
689 788 743 832 et
777 779 996 844 saecula,
1022 787 1074 832 et
1107 779 1318 832 inﬁnita
1350 778 1676 832 saeculorum
1734 779 1906 834 series
1936 777 2115 832 inﬁni-

529 878 636 924 tate
655 873 976 924 terminatur
1004 870 1172 934 illius,
1200 870 1292 939 qui
1327 871 1574 925 inﬁnitus
1603 865 1874 926 inﬁnilies
1902 870 2114 924 inﬁnite

509 960 650 1039 .ipsa
675 959 1073 1026 complectitur.
1111 959 1422 1024 Generatio,
1461 969 1520 1014 ut
1571 961 1662 1031 qui
1703 961 1769 1014 ad
1810 967 1987 1014 ortum
2021 961 2116 1015 des

531 1055 793 1115 ducitea,
830 1070 950 1122 qua:
1018 1056 1408 1124 quoquomodo
1472 1053 1628 1110 ﬁunt.
1697 1055 1896 1119 Locus,
1931 1055 2113 1125 utqui

530 1146 711 1199 omnia
744 1145 1008 1199 continet.
1037 1145 1230 1201 Omnia
1287 1147 1523 1217 denique
1549 1149 1797 1219 superior
1833 1147 2114 1202 omnibus.

1189 1230 1460 1309 Ejusdem.
1651 1296 1657 1301 ,

602 1332 744 1385 Deus
780 1342 836 1385 et
860 1332 1128 1386 terminus
1163 1347 1346 1387 rerum
1375 1334 1592 1396 dicitur,
1619 1342 1673 1388 et
1699 1332 1941 1387 inﬁnitas
1969 1349 1983 1385 :
2011 1341 2116 1386 ter-

527 1424 729 1487 minus,
761 1433 820 1476 ut
847 1424 992 1493 ipsas
1025 1428 1321 1479 terminans
1356 1445 1371 1492 ;
1413 1426 1655 1480 inﬁnitas
1687 1435 1744 1479 ut
1767 1441 1932 1494 super
1967 1425 2116 1494 ipsas

531 1523 824 1569 extensus:
855 1531 980 1568 nam
1021 1517 1142 1586 ejus
1170 1517 1409 1573 inﬁnitas
1466 1517 1648 1572 omnia
1688 1516 2000 1571 transiliens
2028 1517 2115 1570 in-

531 1606 683 1659 ﬁnite
705 1615 873 1675 patet.

1205 1779 1480 1852 Ejusdem.

2215 597 2324 665 γὰρ
2359 596 2481 665 ὄρος
2532 595 2732 660 αὐτῶν,
2791 596 2867 659 ὡς
2905 596 3159 666 περατῶν
3191 596 3366 651 αὑτά·
3425 599 3550 652 ἐπεὶ
3591 601 3688 654 καὶ
3726 604 3793 655 τὰ

2213 686 2430 750 αἰώνια,
2466 686 2560 738 καὶ
2586 685 2726 755 αὑτὴ
2753 685 2862 738 τῶν
2895 687 3107 739 αἰώνων
3133 689 3166 757 ἡ
3199 687 3426 756 ἀπειρία
3461 690 3790 758 πεπεράτω-

2213 794 2303 829 ται
2327 779 2391 847 τῇ
2429 776 2660 848 ἀπειρίᾳ
2687 777 2782 829 τοῦ
2816 778 3114 849 ἀπειράκις
3157 776 3400 848 ἀπείρως
3453 779 3793 850 ὗπερηπλω-

2216 869 2378 938 μένου
2408 867 2605 921 αὐτῶν.
2642 868 2857 932 Γένεσις
2883 868 2960 933 δὲ,
2991 866 3066 932 ὠς
3089 871 3454 940 παραγωγεὺς
3485 871 3592 923 τῶν
3618 872 3800 924 ὀπωσέ

2215 957 2310 1010 οὖν
2345 959 2678 1027 γινομένων·
2725 958 2888 1019 τόπος
2949 955 3028 1025 δὲ,
3061 960 3136 1023 ὡς
3180 959 3524 1030 περιεκτικός
3555 961 3793 1016 πάντων.

2216 1050 2404 1103 Πάντα
2433 1048 2490 1100 δέ
2520 1050 2668 1101 ἐστιν
2697 1049 2838 1117 ὑπὲρ
2879 1047 3076 1103 πάντα.

2842 1227 2954 1282 Τοῦ
2984 1228 3195 1296 αὐτοῦ,

2301 1321 2359 1374 '0
2396 1319 2528 1380 Θεὸς
2577 1320 2674 1372 καὶ
2701 1319 2874 1388 πέρας
2910 1319 3130 1386 λέγεται
3159 1319 3269 1372 τῶν
3297 1320 3484 1385 ὄντων,
3518 1323 3612 1374 καί⁵
3639 1322 3800 1374 ἀπειο

2219 1412 2346 1482 ρία’
2387 1411 2566 1480 πέρας
2600 1407 2721 1478 μὲν,
2775 1409 2851 1472 ὡς
2903 1411 3161 1478 περατῶν
3207 1411 3387 1463 αὐτά·
3442 1412 3668 1482 ἀπειρία
3719 1412 3799 1477 δὲ,

2216 1505 2292 1566 ὡς
2323 1501 2834 1572 ὐπερεκτεταμένος
2884 1501 3066 1554 αὐτῶν
3095 1516 3108 1530 ο
3147 1502 3464 1572 περατοῦσα
3516 1506 3624 1573 γὰρ
3661 1504 3798 1557 πάν-

2217 1614 2286 1648 τα
2345 1595 2378 1665 ἡ
2447 1594 2679 1662 ἀπειρία
2757 1591 2926 1645 αὑτοῦ
2995 1592 3387 1664 ὕπερήπλιυται
3461 1595 3799 1666 ἀπειροπλα-

2219 1703 2371 1745 σιως.

2825 1797 2869 1852 Τ
2863 1798 2932 1852 οὗ
2983 1792 3192 1853 αὐτοῦ.

599 1879 705 1947 Qui
737 1879 902 1933 Deum
933 1878 1098 1932 modo
1129 1877 1301 1946 ipsam
1337 1875 1657 1939 essentiam,
1713 1873 1885 1943 ipsam
1925 1875 2110 1938 vitam,

2289 1890 2402 1946 Οὐκ
2453 1889 2920 1960 ὲναντιολογοῦσιν
2976 1892 3027 1943 οἱ
3081 1891 3215 1943 ποτὲ
3266 1890 3367 1961 μὲν
3417 1891 3670 1961 λέγοντες
3705 1894 3798 1948 τὸν

532 1972 707 2040 ipsam
739 1972 1062 2041 potentiam,
1115 1970 1284 2039 ipsam
1348 1982 1537 2038 pacem
1580 1975 1633 2020 et
1692 1966 1794 2019 alia
1845 1965 2112 2035 ejusmodi

527 2079 650 2117 esse
669 2063 874 2125 dicunt,
907 2063 1068 2115 modo
1091 2061 1262 2129 ipsius
1288 2058 1562 2120 essentite,
1593 2058 1766 2126 ipsius
1784 2057 1926 2121 vitae,
1943 2057 2114 2126 ipsius

534 2155 823 2223 potentiae,
857 2152 1029 2220 ipsius
1055 2150 1242 2221 pacis,
1287 2160 1341 2204 et
1364 2150 1594 2203 aliorum
1631 2150 1682 2203 id
1718 2164 1889 2220 genus
1927 2158 2115 2202 aucto-

533 2263 647 2300 rem
711 2246 1136 2313 elfectoremque
1197 2244 1586 2307 constituunt,
1651 2257 1762 2294 non
1817 2242 2115 2310 loquuntur

532 2340 678 2393 inter
703 2354 761 2393 se
801 2338 1119 2409 pugnantia.
1155 2336 1286 2390 Nam
1343 2347 1457 2390 tum
1489 2336 1801 2389 nominatur
1828 2351 1894 2388 ex
1931 2335 2112 2398 rebus,

531 2441 587 2484 et
615 2429 846 2483 maxime
872 2446 934 2482 ex
969 2429 1053 2492 iis,
1091 2444 1212 2498 qua:
1241 2427 1418 2498 primo
1450 2439 1597 2490 sunt,
1659 2440 1717 2481 ut
1763 2443 1952 2481 earum
1982 2442 2116 2480 cau-

533 2537 592 2574 sa
629 2542 640 2576 :
679 2531 787 2574 tum
814 2520 1189 2575 excellentiori
1216 2520 1446 2589 quadam
1503 2519 1730 2580 ratione,
1765 2528 1818 2572 nt
1851 2528 2115 2586 praastan-

538 2613 644 2667 tior
673 2615 927 2667 omnibus
956 2613 1063 2666 illis
1087 2613 1276 2677 etiam,
1307 2627 1426 2677 qua:
1459 2614 1634 2680 primo
1691 2620 1836 2664 sunt.
1874 2609 2115 2663 Dicimus

534 2715 716 2758 autem
748 2705 917 2772 ipsam
949 2704 1268 2766 essentiam,
1328 2717 1423 2756 seu
1463 2704 1634 2770 ipsum
1662 2716 1798 2764 esse,
1860 2710 1918 2754 ut
1941 2701 2112 2769 ipsam

535 2795 726 2856 vitam,
751 2805 806 2848 et
839 2796 1008 2862 ipsam
1053 2794 1370 2862 potentiam,
1405 2804 1458 2846 et
1485 2794 1652 2861 ipsam
1683 2807 1895 2860 pacem,
1927 2800 1980 2845 et
2010 2791 2114 2844 alia

535 2888 788 2956 ejusdem
823 2887 1058 2956 generis,
1089 2901 1236 2937 nunc
1293 2885 1510 2954 quidem
1562 2901 1626 2938 eo
1656 2885 1840 2949 modo,
1875 2885 1967 2953 qui
2027 2885 2114 2938 di—

534 2996 675 3050 gnus
703 2979 940 3044 estDto,
974 2994 1170 3048 nempe
1207 2992 1370 3030 unum
1414 2993 1597 3031 rerum
1668 2979 1913 3031 omnium
1965 2977 2113 3030 omni

532 3071 806 3142 principio
886 3070 1243 3124 CXCCHt‘IlliUS
1316 3069 1640 3138 principium
1717 3079 1772 3122 et
1841 3085 2110 3123 causam:

532 3180 682 3218 nunc
718 3172 777 3218 ut
832 3164 1146 3216 tribuuntur
1194 3171 1247 3215 et
1286 3163 1763 3217 communicantur
1801 3176 1830 3214 a
1882 3160 2011 3215 Deo.
2036 3161 2115 3216 Ac

537 3257 718 3322 primo
749 3255 966 3320 quidem
1019 3253 1180 3305 modo
1213 3256 1292 3306 sic
1345 3267 1408 3305 ea
1465 3252 1826 3320 pronuntiant
1883 3250 2108 3304 Grznci:

533 3350 632 3419 τὴν
661 3346 1001 3410 αὑτοουσίαν,
1037 3349 1154 3417 ἦτοι
1203 3343 1504 3408 αὑτοεῖναι,
1531 3347 1630 3414 τὴν
1664 3345 1969 3414 αὑτοζωὴν,
2015 3346 2116 3415 τὴν

537 3442 902 3508 αὑτοδύναμιν
927 3479 940 3502 ,
973 3440 1070 3508 τὴν
1135 3439 1517 3508 αὐτοειρήνην,
1539 3439 1710 3491 altero
1753 3448 1932 3491 autem
1959 3438 2119 3491 modo

535 3551 637 3596 s-c,
687 3535 785 3601 τὴν
817 3531 1230 3594 αὑτοουσεωσιν,
1267 3530 1366 3599 τὴν
1412 3529 1782 3593 αὐτοζώωςιν.
1829 3531 1928 3600 τὴν
1961 3531 2121 3582 αὑτο-

535 3627 870 3693 δυνὰμωπιν,
917 3625 1016 3692 τὴν
1075 3624 1540 3693 αὑτοειρήνευσιν.
1604 3623 1667 3678 Ει
1736 3626 1851 3677 hch
1894 3625 2114 3692 quidem

535 3718 807 3782 absoluta,
841 3724 896 3771 et
915 3718 1211 3787 praecipua,
1247 3724 1302 3768 et
1343 3715 1514 3784 prima
1542 3715 1752 3769 ratione
1777 3732 1806 3769 a
1836 3714 1944 3771 Deo
1986 3719 2115 3773 sub-

2218 1985 2354 2038 Θεὸν
2388 1982 2734 2048 αὐτοουσίαν,
2768 1986 2864 2036 καὶ
2914 1982 3214 2052 αὑτοζωὴν,
3273 1983 3365 2038 καὶ
3412 1985 3798 2057 αὐτοδύναμιν,

2218 2078 2314 2132 καὶ
2349 2077 2734 2147 αὐτοειρήνην,
2774 2077 2867 2128 καὶ
2898 2075 2966 2128 τὰ
3013 2076 3237 2129 τοιαῦτα
3257 2091 3270 2107 ·
3309 2077 3440 2128 ποτὲ
3464 2077 3520 2128 δὲ
3545 2076 3796 2145 λέγοντες

2219 2164 2380 2220 αὑτὸν
2413 2167 2751 2235 ὑποστάτην.
2809 2166 2903 2218 καὶ
2956 2166 3290 2236 δημιουργὸν
3319 2167 3671 2233 αὐτοουσίας,
3703 2169 3799 2221 καὶ

2218 2258 2521 2325 αὑτοζωῆς,
2556 2259 2647 2309 καὶ
2685 2256 3121 2325 αὑτοῖυνάμεως,
3170 2257 3265 2309 καὶ
3297 2259 3673 2328 αὑτοειρήνης,
3703 2258 3801 2311 καὶ

2217 2353 2326 2404 τῶν
2382 2351 2662 2403 τοιούτων.
2725 2350 2806 2402 Τὰ
2846 2349 2946 2416 μὲν
2981 2351 3087 2419 γὰρ
3121 2349 3448 2417 ὀνομάζεται
3479 2355 3542 2403 ἐκ
3577 2353 3684 2402 τιῖιν
3711 2351 3797 2406 δν-

2216 2463 2347 2511 των,
2380 2445 2472 2498 καὶ
2509 2446 2744 2513 μάλιστα
2775 2444 2838 2494 ἐκ
2866 2442 2974 2494 τῶν
3025 2441 3254 2511 τρώτως
3298 2443 3488 2507 ὄντων,
3524 2443 3599 2505 ὡς
3625 2443 3798 2504 αἴτιος

2218 2537 2397 2589 αὐτῶν
2426 2552 2438 2567 ⁸
2474 2541 2542 2588 τὰ
2572 2535 2629 2588 δὲ
2673 2533 3039 2603 ὑπεροχικῶς,
3071 2533 3146 2594 ὡς
3195 2533 3336 2603 ὑπὲρ
3369 2534 3570 2598 πάντα,
3609 2534 3706 2587 καὶ
3731 2535 3798 2586 τὰ

2217 2628 2449 2699 πρώτως
2497 2627 2666 2680 ὄντα·
2725 2625 3052 2677 αὑτοουσίαν
3087 2624 3165 2687 δὲ,
3215 2623 3333 2694 ἥξοι
3364 2626 3660 2690 αὺτοεῑναι,
3705 2627 3801 2678 καὶ

2219 2719 2521 2788 αὑτοςωὴν,
2559 2717 2651 2770 καὶ
2693 2717 3080 2784 αὑτοδύναμιν,
3144 2715 3238 2769 καὶ
3288 2716 3667 2787 αὑτοειρήνην,
3703 2717 3799 2771 καὶ

2216 2810 2284 2863 τὰ
2309 2810 2532 2862 τοιαῦτα
2556 2809 2808 2878 λέγομεν,
2846 2808 3044 2869 Θεῖκῶς
3087 2810 3184 2878 μὲν
3246 2809 3343 2860 καὶ
3384 2809 3792 2878 δημιουργικῶς

2217 2903 2315 2972 τὴν
2384 2903 2514 2972 μίαν
2553 2903 2772 2956 πάντα-ν
2833 2901 3168 2971 ὑπεράρχιον
3223 2897 3398 2969 ἀρχὴν
3445 2900 3542 2952 καὶ
3582 2901 3793 2952 αἰτίαν·

2223 2994 2502 3063 μεθεκτῶς
2531 2993 2588 3046 δὲ
2619 2995 2714 3056 τὰς
2757 2993 3104 3062 ὲκδιδομένας
3135 2994 3196 3044 ἐκ
3227 2993 3361 3046 Θεοῦ
3395 2994 3664 3063 μεθέξεις,
3699 2994 3798 3064 τὴν

2217 3089 2628 3152 αὖτοουσίωσιν,
2663 3087 2760 3156 τὴν
2791 3085 3164 3154 αὑτοζώωσιν,
3194 3088 3292 3155 τὴν
3327 3088 3795 3158 αὑτοδυεσάμωσιν,

2216 3181 2313 3247 τὴν
2343 3179 2812 3248 αὐτοειρήνευσιν,
2850 3177 2944 3229 καὶ
2973 3177 3039 3228 τὰ
3080 3175 3460 3244 παραπλήσια,
3487 3177 3630 3247 ἀπερ
3665 3178 3798 3230 ἀπο-

2219 3255 2416 3336 λύτως,
2473 3271 2570 3322 καὶ
2607 3267 2947 3339 ἀρχηγικῶς,
2992 3269 3082 3319 καὶ
3129 3269 3362 3338 πρώτως
3395 3271 3459 3320 ἐκ
3499 3267 3632 3321 Θεοῦ
3663 3269 3798 3321 ὑπο-

2219 3363 2409 3430 στῆναι
2435 3360 2668 3428 Αέγομεν
2701 3375 2714 3387 ·
2749 3359 2889 3417 τινὲς
2921 3357 2978 3410 δὲ
3028 3358 3135 3410 τῶν
3187 3358 3641 3428 ίεροδιδασκὰλων
3700 3362 3796 3412 καὶ

2218 3455 2318 3525 τῆς
2352 3453 2849 3522 αὑτοαγαθότητος,
2895 3452 2989 3504 καὶ
3039 3451 3141 3521 τῆς
3193 3452 3445 3520 θεότητος
3491 3452 3801 3520 ὑποστάτην

2220 3547 2355 3612 φατὶ
2407 3547 2498 3596 τὸν
2534 3541 2798 3612 ὑπέρθεον
2843 3542 2996 3607 Θεὸν,
3045 3540 3513 3612 αὐτοαγαθότητα,
3549 3544 3643 3594 καὶ
3681 3543 3802 3594 θεό-

2221 3622 2360 3703 τήτα
2414 3635 2666 3701 λέγοντες
2713 3633 2810 3700 τὴν
2858 3637 2921 3685 ὲκ
2969 3633 3105 3685 Θεοῦ
3142 3633 3559 3704 προερχομένην
3595 3634 3802 3702 ἀγαθοο

2227 3724 2377 3776 ποιὸν
2410 3724 2504 3776 xai.
2535 3724 2782 3776 Θεοποιὸν
2823 3723 3042 3792 μέθεξιν
3074 3725 3168 3777 καί
3197 3724 3426 3794 δωρεάν.

535 3816 730 3870 sistere
761 3813 1018 3867 dicimus.
1066 3809 1297 3876 Quidam
1338 3825 1468 3864 vero
1535 3826 1815 3865 sacrorum
1870 3813 2155 3868 docturqu
2198 3820 2362 3872 etiam
2395 3817 2567 3886 ipsius
2601 3818 2862 3872 bonitatis
2910 3830 2962 3872 et
2999 3818 3307 3874 divinitatis
3364 3830 3646 3875 auctorem
3715 3818 3798 3870 di-

536 3918 668 3964 cunt
702 3909 986 3978 plusquam
1020 3906 1266 3961 divinum
1332 3904 1522 3958 Deum.
1558 3905 1694 3958 Nam
1741 3906 1912 3976 ipsam
1970 3910 2267 3966 bonitatem
2330 3920 2390 3966 et
2455 3911 2794 3973 divinitatem
2845 3921 3099 3967 asserunt
3144 3930 3265 3968 esse
3297 3974 3306 3980 ,
3335 3916 3798 3978 communionem,

535 4011 592 4056 et
613 4002 839 4074 gratiam
876 4001 1052 4055 bonos
1083 3998 1409 4067 divinosque
1443 3998 1755 4053 facientem.

1192 4091 1466 4159 Ejusdem.

610 4188 677 4240 Et
712 4201 965 4255 magnum
1024 4195 1328 4252 etparvurn
1389 4185 1497 4238 Deo
1523 4184 1614 4253 qui
1663 4201 1851 4240 rerum
1875 4195 1956 4240 est
1994 4202 2114 4240 om-

537 4278 688 4330 nium
704 4292 888 4338 causa,
925 4275 1242 4328 tribuuntur
1296 4276 1350 4328 in
1386 4275 1574 4330 multis
1637 4277 1928 4346 Scriptura:
1957 4279 2110 4334 locis.

537 4367 745 4421 Parvus
808 4364 1139 4429 ostenditur,
1167 4367 1424 4433 quoniam
1477 4366 1532 4420 in
1581 4381 1718 4420 aura
1776 4369 1944 4423 tenui.
2002 4370 2114 4422 Ma-

537 4472 678 4527 gnus
701 4456 910 4509 dicitur
950 4464 1013 4508 ut
1062 4455 1456 4525 magnitudinis
1505 4457 1780 4528 elargitor,
1835 4468 1891 4512 et
1913 4461 2120 4514 inﬁnita

2834 4095 2945 4148 Τοῦ
2980 4094 3190 4149 αὑτοῦ.

2297 4187 2404 4240 Καὶ
2437 4186 2496 4239 τὸ
2529 4185 2672 4256 μέγα
2720 4186 2814 4239 καὶ
2867 4185 2926 4238 τὸ
2982 4187 3180 4255 μικρὸν
3207 4185 3519 4239 ἀνατίθεται
3553 4187 3630 4256 τῷ
3663 4189 3799 4241 πάν-

2221 4296 2326 4333 των
2381 4279 2539 4348 αἰτίῳ
2585 4278 2703 4348 Θεῷ
2731 4295 2746 4310 ·
2794 4279 2856 4330 τὸ
2889 4278 3035 4347 μέγα
3088 4279 3188 4348 μὲν
3227 4277 3497 4348 πολλαχοῦ
3531 4280 3629 4348 τῆς
3659 4281 3802 4351 Γρα-

2223 4371 2351 4439 φῆς,
2385 4371 2445 4423 τὸ
2512 4371 2709 4440 μικρὸν
2765 4371 2822 4422 δὲ
2855 4370 3108 4440 δηὶοῦται
3143 4371 3231 4423 διά
3284 4370 3344 4422 τδ
3401 4372 3458 4424 έν
3510 4371 3656 4442 αὔρᾳ
3713 4373 3798 4424 λε-

2228 4467 2359 4533 πτῇ.
2421 4464 2611 4531 Μέγας
2650 4463 2750 4534 μὲν
2781 4459 2878 4515 οὖν
2939 4463 3180 4530 λέγεται,
3226 4462 3302 4524 ὡς
3334 4463 3602 4532 μεγέθους
3633 4481 3799 4533 μετα-

537 4551 799 4621 ρτεειιίιιιε
833 4549 1229 4620 magnitudine,
1283 4557 1343 4602 et
1403 4564 1622 4604 omnem
1684 4551 2114 4622 magnitudinem

2221 4555 2453 4620 δοτπκὸς,
2509 4557 2602 4608 καὶ
2631 4556 2706 4618 ὡς
2735 4555 3202 4625 ἀπειρομεγέθης,
3238 4557 3332 4608 καὶ
3387 4555 3794 4626 ὑπερμεγέθης,

535 4659 805 4713 superans
844 4643 1041 4712 :cujns
1069 4641 1390 4710 magnitudo
1440 4644 1823 4710 quantitatem,
1881 4654 1936 4698 et
1961 4661 2116 4698 men-

537 4751 745 4800 suram,
772 4745 825 4789 et
848 4735 1137 4788 terminum
1172 4749 1279 4786 non
1342 4733 1524 4787 habet.
1557 4732 1787 4788 Parvum
1829 4751 1925 4790 seu
1958 4747 2118 4790 tenue

540 4829 740 4882 dicitur
770 4829 823 4880 in
857 4827 986 4887 Deo,
1013 4827 1156 4894 quod
1212 4826 1416 4878 nullam
1467 4826 1631 4880 habet
1659 4829 1880 4890 molem,
1908 4828 2115 4882 nullum

539 4921 778 4989 Spatium
816 4927 1074 4987 occupat,
1133 4927 1194 4970 et
1237 4919 1358 4972 sine
1411 4917 1521 4970 ullo
1579 4919 1970 4986 impedimento
2022 4935 2118 4988 per

539 5011 724 5064 omnia
761 5011 973 5068 transit,
1033 5027 1058 5060 ι
1090 5019 1384 5079 penetrans
1451 5024 1620 5077 usque
1670 5009 1738 5062 ad
1799 5010 2118 5064 divisionem

541 5103 758 5164 animae,
790 5110 846 5154 et
877 5101 1122 5168 spiritus,
1148 5111 1203 5154 et
1246 5100 1625 5167 cogitatiOnes,
1683 5103 2120 5172 intentionesque

542 5193 722 5248 cordis
751 5193 790 5246 ¹.
817 5211 834 5242 ι
872 5192 983 5245 lmo
1015 5209 1144 5246 vero
1191 5191 1374 5245 omnia
1409 5192 1749 5256 discernens,
1784 5195 1928 5247 nulla
1968 5197 2116 5248 enim

541 5301 631 5340 res
661 5294 739 5340 est
775 5294 1083 5354 procreata,
1125 5299 1246 5354 qua:
1292 5285 1543 5338 obtutum
1605 5285 1726 5354 ejus
1773 5287 2017 5357 eﬁ’ugiat.
2053 5289 2118 5340 Et

547 5394 778 5440 parvum
809 5377 912 5431 hoc
944 5381 1070 5431 item
1102 5377 1461 5445 quantitatem
1509 5393 1616 5430 non
1649 5378 1814 5432 habet
1843 5389 1895 5432 et
1931 5379 2112 5432 inlini-

541 5478 656 5522 tum
692 5482 794 5536 est,
825 5481 877 5524 et
902 5469 1196 5531 invisibile,
1229 5477 1285 5521 et
1337 5482 1462 5522 eum
1491 5478 1727 5536 nequeat
1761 5470 1935 5538 ipsum
1965 5485 2115 5523 corn-

544 5563 831 5632 preliendi.
896 5563 1078 5616 omnia
1131 5560 1568 5630 comprehendit.
1630 5560 1776 5614 Idem
1831 5571 2112 5628 praeterea,

545 5653 894 5708 ctdiversum
924 5654 993 5707 de
1021 5653 1135 5706 Deo
1179 5650 1398 5704 dicitur.
1461 5648 1597 5703 Illud
1651 5649 1872 5718 quidem
1937 5650 1988 5704 in
2047 5664 2114 5705 eo

614 5815 628 5844 ¹
687 5815 850 5868 Hebr.
919 5831 989 5876 ιγ,
1029 5814 1111 5865 12.

2217 4645 2277 4701 οὗ
2299 4647 2357 4700 τὸ
2394 4647 2623 4717 μέγεθος
2657 4646 2881 4708 ἄποσον,
2911 4649 3006 4699 καὶ
3054 4647 3364 4715 ἀμέτρητον
3394 4647 3489 4700 καὶ
3519 4649 3794 4718 ἀόριστον*

2222 4738 2418 4806 μικρὸν
2447 4737 2504 4788 δὲ
2538 4737 2660 4805 ἦτοι
2691 4737 2890 4789 λεπτὸν
2945 4738 3037 4790 ἐπὶ
3096 4737 3232 4790 Θεοῦ
3289 4737 3352 4788 τὸ
3399 4737 3599 4801 παντὸς
3631 4739 3796 4806 ὄγκου

2220 4829 2316 4880 καὶ
2371 4828 2740 4898 διαστήματος
2797 4827 3122 4898 ἐκϐεϐηκὸς,
3175 4829 3270 4883 καὶ¹
3314 4828 3374 4882 τὺ
3430 4831 3518 4882 διὰ
3579 4832 3798 4883 πάντων

2220 4919 2514 4980 ἀκωλύτως
2541 4920 2775 4990 χωροῦν,
2807 4923 2904 4973 καὶ
2954 4921 3328 4990 διικνούμενον
3362 4921 3491 4990 ἄχρι
3525 4922 3798 4991 μερισμοῦ

2219 5009 2399 5079 ψυχῆς
2453 5010 2546 5063 καὶ
2599 5010 2950 5079 πνεύματος,
3006 5013 3104 5064 καὶ
3153 5011 3397 5078 κριτικὸν
3449 5010 3801 5080 ἐνθυμήσεων

2221 5103 2313 5154 καὶ
2349 5103 2565 5154 ἐννοιῶν
2613 5103 2862 5170 καρδίας,
2921 5103 3125 5172 μᾶλλον
3175 5103 3233 5155 δὲ
3270 5103 3380 5156 τῶν
3408 5102 3584 5155 ὅντων
3615 5103 3798 5155 ἀπάν-

2217 5210 2344 5246 των.
2393 5195 2468 5246 Οὐ
2503 5195 2612 5262 γάρ
2646 5195 2762 5246 ἐστι
2823 5194 3000 5256 κτίσις
3052 5193 3264 5263 ἀφανὴς
3313 5195 3543 5246 ἐνώπιον
3591 5193 3796 5245 αὐτοῦ’

2216 5288 2310 5338 καὶ
2341 5285 2500 5338 τοῦτο
2531 5285 2588 5338 δὲ
2629 5285 2691 5337 τὸ
2721 5287 2917 5355 μικρδν
2947 5287 3212 5357 ἀπήλικόν
3242 5287 3380 5349 ἐστι,
3420 5285 3514 5337 καὶ
3542 5285 3797 5356 ἄπειρον,

2219 5379 2314 5432 καὶ
2361 5379 2626 5448 ἀόρατον·
2673 5380 2770 5432 καὶ
2809 5378 2941 5432 αὐτὸ
2977 5382 3076 5450 μὲν
3127 5380 3524 5449 ἀπερίληπτον,
3575 5380 3799 5431 πάντων

2219 5469 2276 5520 δὲ
2308 5469 2723 5540 περιληπτικόν.
2772 5470 3008 5537 Λέγεται
3037 5471 3094 5523 δὲ
3145 5472 3241 5525 ἐπὶ
3265 5469 3400 5524 Θεοῦ
3439 5470 3533 5522 καὶ
3562 5469 3622 5522 τὺ
3662 5486 3799 5522 ταυ-

2218 5559 2331 5624 τὸν,
2363 5560 2456 5610 καὶ
2503 5559 2560 5612 τὸ
2587 5560 2777 5629 ἕτερον
2797 5576 2812 5591 ·
2871 5560 2932 5611 τὸ
2962 5560 3062 5629 μὲν
3097 5561 3155 5613 ὲν
3182 5559 3281 5628 τῷ,
3321 5576 3341 5610 ι
3376 5559 3446 5611 Σὺ
3476 5559 3532 5609 δὲ
3578 5558 3607 5608 ὁ
3635 5557 3800 5620 αὐτὸς

2217 5647 2340 5706 εἷ’»
2378 5653 2438 5706 τὸ
2465 5653 2521 5706 δὲ
2545 5655 2601 5706 ὲν
2631 5652 2728 5724 τῷ,
2761 5671 2781 5706 ι
2815 5653 3009 5724 Κύριε,
3043 5655 3236 5725 Κύριε,
3279 5653 3361 5716 τίς
3400 5651 3578 5720 ὅμοιός
3617 5668 3696 5705 σοι
3725 5668 3742 5718 ;
3771 5668 3792 5703 ι
