4094 6286
289 418 395 484 129

1240 417 1619 481 PANOPLIA
1660 419 2127 484 DOGMATICA.
2169 447 2234 460 -
2275 426 2430 487 ΤῙΤ.
2469 424 2594 487 III.

3455 432 3558 496 130

267 529 499 584 ’ταυτὸν
531 528 632 601 μὲν
661 528 756 584 οὖν
801 528 890 583 διὰ
945 526 1005 581 τὸ
1040 527 1332 599 ἄτρεπτον,
1365 530 1460 584 καὶ
1513 531 1599 584 ἀεὶ
1637 532 1778 586 κατὰ
1807 534 1858 586 τὲ

1979 534 2096 590 loco
2131 551 2145 590 :
2196 534 2313 590 «Tu
2343 548 2524 591 autem
2579 537 2718 591 idem
2758 537 2874 607 ipse
2907 554 2964 594 es
2999 539 3037 594 ί.
3060 558 3078 592 ›
3131 537 3242 596 Hoc
3291 552 3472 598 autem
3498 547 3554 597 in

288 624 451 686 αὐτὰ,
501 625 596 677 καὶ
629 622 896 685 ὡσαύτως
945 621 1088 693 ἕχον,
1136 623 1229 676 καὶ
1269 625 1491 693 ἀμιγὲς,
1528 625 1620 677 καὶ
1655 628 1868 695 ἀπροση

293 717 432 781 δεὲς,
495 716 589 768 καὶ
621 715 871 780 ἀναυξὲς,
907 713 999 765 καὶ
1029 714 1324 783 ἁμεέωτον,
1361 718 1453 768 καὶ
1489 715 1577 770 διὰ
1619 717 1676 769 τὸ
1703 735 1871 788 μετα-

295 810 504 864 δοτικὺν
535 810 632 876 τῆς
665 808 1000 878 ταυτότητος
1025 824 1040 839 ⁸
1085 809 1176 861 ’ἐτε
1188 827 1279 879 ρον
1309 809 1386 870 δὲ,
1421 811 1496 872 ὡς
1531 813 1760 881 μηδενδς
1786 813 1872 864 ὃν-

292 920 382 964 τος
423 899 546 954 κατ’
573 899 770 952 αὐτόν·
811 900 991 952 πάντα
1019 901 1125 970 γὰρ
1178 902 1245 954 τὰ
1296 901 1420 952 ὄντα
1469 902 1742 970 κτίσματα
1776 904 1868 956 τοῦ

288 994 458 1055 ὅντως
495 991 666 1057 ὄντος,
723 991 818 1044 καὶ
876 992 1040 1054 αὐτὸς
1097 993 1236 1061 ὑπὲρ
1295 994 1530 1058 ἅπαντα,
1585 997 1680 1048 καὶ
1732 997 1868 1066 πρὸς

289 1087 468 1137 πάντα
519 1084 706 1153 ἕτερος
739 1085 832 1136 καὶ
869 1081 1226 1148 ἀσύντακτος.
1274 1085 1394 1138 Ἔτι
1441 1087 1498 1138 δὲ
1534 1089 1628 1139 καὶ
1663 1089 1737 1151 ὡς
1769 1091 1866 1159 δηο

291 1175 550 1246 μιουργὸς
573 1177 681 1228 τῶν
710 1177 963 1247 ἐτεροίων
985 1176 1076 1228 καὶ
1101 1175 1388 1246 διαφόρων.
1421 1178 1655 1246 Λέγεται
1683 1181 1737 1232 δὲ
1774 1183 1868 1236 καὶ

287 1271 494 1336 ὅμοιος.
551 1267 734 1334 «Ἐγὼ
788 1268 920 1337 γὰρ,
957 1285 977 1318 ι
1015 1269 1200 1336 φησιν,
1265 1289 1282 1319 ι
1309 1270 1527 1338 ὁράσεις
1569 1273 1866 1342 ἐπλήθυνα,

283 1367 379 1414 καὶ
408 1361 465 1412 ὲν
495 1361 652 1429 χερσὶ
685 1360 981 1430 προφητῶν
1015 1360 1330 1431 ὡμοιώθην,
1364 1382 1381 1413 ι
1422 1362 1508 1415 διὰ
1538 1364 1598 1416 τὸ
1628 1364 1866 1433 ὀφθῆναι

283 1455 469 1516 αὐτοῖς
517 1455 574 1504 ὲν
613 1455 850 1523 σχήματι
888 1453 1075 1523 τοιῷδε
1131 1454 1164 1523 ἢ
1225 1455 1433 1524 τοιῷδε,
1468 1457 1561 1510 καὶ
1600 1473 1869 1530 παρεικα-

285 1545 484 1612 σθῆναι
517 1546 628 1606 τοῖς
654 1546 710 1596 ἐν
734 1541 884 1596 εῖδει.
920 1543 1045 1596 Ἔτι
1077 1544 1134 1597 δὲ
1172 1545 1262 1597 καὶ
1295 1545 1381 1598 διὰ
1414 1545 1476 1600 τὺ
1513 1549 1865 1618 μεταδοτικδν

280 1637 384 1704 τῆς
448 1635 776 1704 ὀμοιωτικῆς
852 1633 1175 1705 δυνάμεως·
1240 1638 1612 1707 «Ποιήσωμεν
1667 1641 1796 1711 γὰρ,
1840 1659 1859 1691 ι

285 1729 475 1796 φησιν,
514 1727 828 1797 «ἄνθρωπον
860 1728 980 1780 κατ’
1026 1729 1210 1782 εἰκόνα
1245 1731 1541 1801 ἡμετέραν,
1592 1734 1687 1784 καὶ
1741 1730 1864 1784 καθ’

279 1821 562 1890 ὁμοίωσιν.
609 1839 629 1873 ι
693 1820 888 1873 ’ἰστέον
912 1821 970 1874 δὲ
1008 1823 1091 1875 ὅτι
1118 1824 1185 1876 τὰ
1231 1824 1368 1876 αὐτὰ
1403 1826 1495 1876 xa‘t
1525 1826 1686 1895 ὃμοια
1720 1825 1860 1894 Θεῷ,

278 1913 376 1965 καὶ
417 1912 648 1979 ἀνόμοια
671 1927 684 1938 ·
737 1913 905 1981 ὅμοια
959 1914 1056 1983 μὲν
1086 1915 1226 1967 κατὰ
1254 1915 1352 1984 τὴν
1386 1915 1742 1985 ἐνδεχομένην
1774 1917 1865 1986 μί-

282 2019 450 2072 μησιν
499 2002 593 2054 τοῦ
647 2003 932 2074 ἀμιμήτου
959 2021 973 2039 ο
1007 2006 1239 2074 ἀνόμοια
1278 2006 1333 2058 δὲ
1369 2007 1509 2060 κατὰ
1542 2009 1601 2059 τὸ
1633 2008 1863 2061 ἀποδέον

279 2095 395 2146 τῶν
431 2094 696 2146 αἱτιατῶν
722 2094 815 2146 τοῦ
847 2097 1046 2160 αἰτίου,
1075 2097 1168 2151 καὶ
1205 2099 1424 2168 μέτροις
1451 2100 1700 2168 ἀπείροις
1726 2103 1862 2152 ἀπο-

277 2185 631 2256 λειπόμενον.
679 2188 803 2239 Ἔτι
855 2189 946 2240 ἐπὶ
980 2187 1113 2240 Θεοῦ
1145 2188 1362 2256 λέγεται
1394 2193 1486 2243 καὶ
1517 2191 1723 2254 στάσις,
1771 2191 1866 2243 καὶ⁵

277 2277 541 2346 κίνησις·
603 2277 791 2340 στάσις
853 2277 952 2347 μὲν
1001 2278 1088 2333 διὰ
1127 2279 1188 2332 τὸ
1219 2282 1403 2346 μένειν
1452 2283 1509 2335 ὲν
1557 2282 1737 2351 ἐαυτῷ
1770 2283 1862 2334 τὸν

277 2369 441 2432 Θεὸν,
495 2368 594 2420 καὶ
629 2368 870 2438 μονίμως
923 2369 1196 2440 ἱδρῦσθαι,
1233 2371 1327 2424 καὶ
1356 2373 1440 2426 διὰ
1469 2372 1527 2424 τδ
1562 2375 1620 2437 ἐξ
1665 2375 1862 2427 ἑαυτοῦ

281 2459 696 2525 ἀμετάστατον.
733 2467 826 2512 xat
876 2461 964 2513 διὰ
1011 2461 1074 2513 τὸ
1129 2463 1560 2533 ὑπερηπ>.ὦσοαι
1606 2467 1860 2518 πάντων·

278 2550 503 2616 κίνησις
558 2548 634 2610 δὲ,
669 2550 726 2601 οὺ
767 2551 905 2603 κατὰ
936 2551 1132 2622 νοητὴν
1165 2554 1400 2622 κίνησιν,
1433 2555 1464 2625 ἦ
1521 2555 1779 2625 ψυχικὴν,
1829 2556 1861 2626 ἢ

280 2638 549 2705 φυσικὴν,
587 2638 618 2707 ῆ
654 2639 906 2708 τοπικὴν,
951 2639 984 2710 ἢ
1033 2641 1170 2703 ὅλως
1221 2643 1343 2696 τινὰ
1391 2643 1499 2695 τῶν
1555 2645 1864 2714 λεγομένων

275 2731 578 2795 κινήσεων,
633 2729 765 2780 ἀλλὰ
821 2733 886 2799 τῇ
938 2731 1158 2783 πάντων
1211 2734 1423 2804 ἁσχέτῳ
1473 2739 1726 2806 περιοχῇ,
1766 2737 1860 2788 καὶ

272 2820 401 2879 ταῖς
456 2820 545 2870 ἐπὶ
600 2818 671 2872 τὰ
731 2819 859 2873 ὄντα
912 2827 1322 2892 προνοητικαῖς,
1378 2828 1468 2878 χιι
1531 2829 1860 2898 ἀνεκφοιτή-

272 2925 397 2971 τοις
430 2911 699 2980 προόδοις,
738 2912 834 2965 καὶ
861 2915 979 2976 ταῖς
1018 2914 1155 2984 ὑπὲρ
1191 2919 1370 2971 πᾶςαν
1396 2919 1676 2987 ἐνέργ-ιαν
1709 2921 1862 2989 ἐνερ.

271 3000 481 3068 τεικις.

1974 628 2108 683 illo:
2141 647 2159 680 ι
2183 628 2430 694 Domine,
2468 631 2716 695 Domine,
2769 631 2891 701 quis
2945 633 3140 687 similis
3174 635 3247 687 lui
3285 635 3369 688 νὴ
3405 635 3550 690 Idem

1973 733 2102 788 ergo
2127 718 2347 782 dicitur,
2380 721 2636 789 quoniam
2685 721 3038 776 immutabilis
3065 735 3170 787 est,
3227 733 3284 779 et
3333 727 3386 779 in
3443 727 3553 782 cis-

1974 811 2119 874 dem,
2159 819 2320 878 atque
2352 811 2545 866 eodem
2578 813 2741 866 modo
2796 815 3253 883 semper.habet,
3313 825 3368 870 et
3424 818 3550 884 quia

1974 917 2082 955 non
2115 902 2523 962 commiscctur,
2555 919 2661 956 non
2697 904 2923 974 indiget,
2981 921 3088 959 non
3124 917 3374 977 augetur,
3430 924 3547 962 non

1973 992 2334 1056 imminuitur,
2369 1003 2424 1047 et
2454 994 2615 1048 rebus
2676 996 2886 1058 tribuit,
2924 1007 2983 1050 ut
3044 998 3233 1050 eadem
3270 999 3544 1052 dicantur.

1975 1084 2234 1142 Diversus
2264 1101 2391 1141 vero
2421 1087 2640 1151 dicitur,
2687 1089 2830 1158 quod
2869 1089 3016 1142 nulla
3079 1105 3165 1144 res
3217 1092 3304 1151 sit,
3371 1093 3547 1160 qualis

1972 1177 2088 1246 ipse
2117 1187 2220 1233 est.
2261 1177 2464 1232 Omnes
2491 1180 2633 1233 enim
2667 1195 2751 1234 res
2783 1181 2850 1236 ab
2879 1197 2963 1242 eo,
2987 1183 3077 1250 qui
3105 1199 3230 1237 vere
3263 1194 3365 1244 est,
3393 1199 3548 1237 crea-

1972 1273 2036 1319 tae
2105 1275 2254 1330 sunt,
2291 1277 2345 1321 et
2399 1267 2515 1336 ipse
2564 1269 2789 1323 summis
2858 1273 3110 1325 omnibus
3168 1273 3414 1342 superior
3445 1285 3548 1341 est,

1968 1364 2026 1411 et
2065 1358 2134 1412 ab
2166 1358 2422 1412 omnibus
2457 1360 2528 1413 ita
2555 1361 2825 1423 diversus,
2859 1371 2920 1414 ut
2969 1363 3022 1415 in
3056 1363 3204 1416 nullo
3232 1381 3418 1418 earum
3452 1379 3546 1417 οι·-

1967 1447 2096 1503 dine
2129 1450 2302 1518 possit
2351 1451 2634 1515 constitui,
2686 1460 2740 1505 et
2769 1451 2896 1519 quia
2926 1452 3306 1506 diversitatem
3337 1463 3392 1506 et
3437 1454 3547 1507 dis-

1969 1540 2259 1594 criminum
2287 1549 2374 1594 εει
2402 1541 2646 1597 etIector.
2684 1543 2889 1596 Dicitur
2915 1544 3075 1597 etiam
3096 1545 3318 1599 similis:
3344 1546 3540 1612 «Ego,»

1966 1627 2160 1700 inquit,
2181 1648 2199 1680 ε
2231 1631 2419 1686 oculos
2452 1632 2764 1700 implevi,et
2787 1633 2842 1685 in
2876 1635 3130 1688 manibus
3156 1635 3545 1704 prophetarum

1967 1721 2161 1776 similis
2209 1721 2306 1785 iui,
2338 1740 2357 1773 ›
2395 1726 2651 1791 quoniam
2682 1725 2782 1776 hac
2816 1734 2910 1777 aut
2975 1725 3063 1779 illa
3105 1726 3273 1778 forma
3318 1741 3377 1780 se
3443 1726 3548 1780 illis

1967 1813 2415 1882 conspiciendum
2473 1815 2767 1882 praebebat,
2827 1825 2882 1869 et
2939 1817 3018 1870 eis
3077 1829 3299 1886 aspectu
3358 1819 3548 1874 similis

1967 1905 2328 1971 ellieiebatur,
2351 1907 2418 1959 ad
2450 1905 2567 1960 haec
2598 1908 2724 1975 quia
2755 1907 3134 1961 similitudinis
3161 1919 3246 1962 est
3302 1909 3544 1978 largitor.

1965 2000 2102 2054 Nam
2140 2007 2168 2052 :'
2205 2017 2222 2048 ι
2256 1998 2608 2061 Faciamus,»
2653 1998 2847 2066 inquit,
2884 2017 2902 2049 ι
2929 1999 3201 2052 hominem
3233 1999 3301 2052 ad
3361 2001 3547 2068 imagi-

1965 2107 2096 2147 nem
2119 2099 2175 2146 et
2221 2091 2638 2146 similitudinem
2691 2098 2932 2146 nostram
2963 2092 3004 2144 ³.
3060 2110 3076 2142 ›
3121 2090 3416 2145 Sciendum
3464 2100 3549 2146 est

1963 2193 2172 2247 autem,
2204 2183 2396 2236 eadem
2440 2197 2560 2236 esse
2593 2183 2701 2236 Deo
2752 2195 2807 2237 et
2853 2182 3049 2239 similia
3110 2193 3164 2236 et
3216 2182 3544 2239 dssitnilia:

1968 2275 2164 2329 similia
2211 2256 2430 2344 quidem
2463 2283 2733 2342 quatenus
2766 2275 3040 2328 imitantur
3102 2289 3250 2332 eum,
3283 2276 3372 2342 qui
3401 2275 3549 2333 nulla

1970 2376 2148 2436 potest
2173 2365 2403 2435 exprimi
2437 2365 2778 2425 imitatione;
2817 2364 3107 2418 dissimilia
3148 2379 3297 2426 vero,
3355 2377 3549 2432 quate-

1971 2473 2071 2510 nus
2098 2471 2183 2518 ea.
2209 2472 2329 2526 quae
2362 2471 2390 2509 a
2421 2471 2586 2509 causa
2635 2456 3076 2526 proﬁciscuntur,
3103 2455 3303 2511 absunt
3342 2455 3409 2508 ab
3433 2455 3548 2524 ipsa

1969 2563 2154 2603 causa.
2188 2547 2374 2602 Status
2429 2549 2593 2602 etiam
2643 2557 2698 2601 et
2745 2556 2926 2603 motus
2983 2548 3243 2602 dicuntur
3266 2549 3332 2602 de
3394 2547 3546 2601 Deo:

1970 2647 2141 2691 status
2174 2640 2413 2706 quidem,
2451 2642 2574 2706 quia
2618 2639 2808 2691 ﬁrmus
2888 2646 2943 2691 et
3000 2637 3210 2693 stabilis
3241 2638 3294 2690 in
3350 2637 3547 2692 codem

1971 2740 2179 2799 perstat
2234 2745 2296 2782 ac
2324 2740 2605 2798 permanet
2642 2768 2658 2794 ,
2708 2741 2762 2783 ει
2807 2732 2990 2799 qniaa
3047 2745 3231 2799 se-pso
3280 2729 3547 2785 dimoveri

1968 2840 2074 2877 non
2099 2829 2298 2893 potest,
2335 2833 2389 2875 et
2409 2825 2534 2892 quia
2568 2837 2729 2891 supra
2767 2824 2949 2876 omnia
2974 2831 3201 2888 exstat;
3235 2832 3415 2880 motus
3451 2835 3548 2877 au-

1969 2925 2103 2981 tem,
2141 2932 2248 2969 non
2291 2925 2508 2984 prolatet
2555 2916 2776 2979 tuentis,
2817 2925 2911 2971 aut
2945 2913 3132 2976 animi,
3165 2922 3258 2971 aut
3314 2922 3543 2972 naturae,

1967 3020 2061 3065 aut
2093 3025 2210 3078 quae
2237 3026 2289 3064 tn
2325 3011 2442 3062 loco
2491 3008 2573 3073 ﬁt,
2617 3017 2712 3060 aut
2739 3007 3006 3076 ejusmodi
3033 3007 3190 3063 aliam
3224 3004 3542 3066 motionem,

272 3098 378 3151 sed
415 3108 638 3166 propter
671 3101 995 3156 immensum
1023 3119 1204 3158 rerum
1265 3107 1504 3158 omnium
1537 3107 1900 3174 complexum,
1943 3115 1998 3161 et
2027 3113 2246 3176 propter
2270 3104 2572 3157 immobiles
2609 3103 2961 3173 providentia:
3022 3102 3089 3156 ad
3117 3116 3205 3154 res
3236 3101 3383 3170 ipsas
3413 3113 3542 3168 pro.

258 3205 522 3259 egressus,
555 3201 610 3244 et
663 3194 910 3248 actiones
950 3198 1097 3249 onmi
1159 3200 1374 3252 actione
1427 3201 1860 3270 ριιιεςιαιιιίυτεδκ

893 3288 1004 3341 Τοῦ
1043 3291 1253 3344 αὐτοῦ.

343 3381 760 3452 Παντοκράτωρ
819 3385 848 3436 ὁ
882 3384 1014 3448 Θεὸς
1052 3385 1271 3454 λέγεται
1319 3389 1380 3440 οὐ
1433 3405 1594 3458 μονον
1622 3388 1696 3452 ὡς
1728 3389 1858 3442 ’πάν-

267 3491 387 3525 των
424 3472 664 3544 κρατῶν,
699 3474 790 3525 καὶ
843 3476 1006 3528 πᾶσιν
1039 3477 1343 3531 ἐπιϐάλλειν
1373 3480 1498 3542 τοὺς
1525 3480 1722 3548 ζυγοὺς
1758 3481 1856 3547 τῆς

264 3563 598 3626 δεσποτείας
639 3564 828 3628 αὐτοῦ,
861 3567 955 3622 καὶ
986 3569 1110 3630 τοὺς
1139 3569 1371 3638 δεσμοὺς
1401 3570 1495 3622 τοῦ
1527 3571 1728 3640 ἔρωτος
1760 3574 1856 3624 αὑ-

264 3656 396 3712 τοῦ.
428 3655 568 3708 ἀλλὰ
601 3659 695 3709 καὶ
714 3657 798 3720 »ὡς
846 3662 1170 3729 παγκρατὴς
1201 3661 1331 3730 ’ἐδρα
1382 3661 1637 3732 ἱδρύουσα
1678 3667 1854 3715 πάντα

257 3747 551 3816 ἔν’ἐαυτῇ,
589 3747 683 3800 καὶ
712 3747 1064 3818 θεμελιοῦσα,
1109 3751 1199 3804 καὶ
1229 3753 1529 3829 συνέχουσα
1552 3756 1691 3808 κατὰ
1725 3757 1853 3826 μίαν

266 3837 608 3905 ὑπεροῠσιον
678 3840 910 3910 συνοχὴν
939 3881 954 3906 ,
1019 3842 1114 3902 καὶ
1179 3845 1282 3906 οὐκ
1343 3847 1484 3907 ἐῶσα
1543 3847 1853 3910 διεκπεσεῖν

262 3931 498 3999 ἑαυτῆς.

878 4025 986 4085 Τοῦ
1030 4027 1239 4080 αὐτοῦ.

337 4111 591 4180 Δύναμις
624 4113 651 4165 ὁ
689 4113 818 4177 Θεὸς
844 4115 961 4176 ἔστι
1011 4134 1070 4168 τε
1108 4120 1200 4171 κα).
1239 4117 1484 4186 λέγεται,
1526 4121 1600 4185 ὡς
1632 4125 1853 4196 ἀπειρο-

259 4205 602 4276 ροδύναυμος,
651 4206 744 4259 καὶ
792 4207 1237 4280 πανταδύναμςς,
1277 4214 1370 4265 καὶ
1413 4215 1593 4272 πάντα
1623 4217 1854 4288 δυνάμει

265 4298 566 4367 παράγων,
597 4299 690 4352 καὶ
721 4300 854 4352 πᾶσι
878 4300 1105 4370 δύναμιν
1133 4305 1515 4376 χαριζόμενος.
1540 4309 1708 4369 Οὐδὲν
1738 4314 1850 4384 γάρ

265 4391 392 4443 ἐστι
427 4391 536 4442 τῶν
569 4390 762 4454 ὄντων,
799 4390 827 4444 ὃ
861 4392 935 4463 μὴ
961 4393 1097 4463 ’παρ’
1126 4397 1290 4448 αὑτοῦ
1319 4388 1538 4474 μετέχει
1569 4401 1854 4471 δυνάμεως

265 4482 301 4554 ᾗ
337 4485 560 4554 νοερᾶς,
591 4484 624 4554 ἦ
659 4485 907 4556 λογικῆς,
939 4487 971 4558 ἢ
1009 4489 1265 4559 ζωτικῆς,
1315 4492 1348 4560 ἢ
1413 4494 1764 4565 αἰσθητικῆς,
1820 4497 1853 4566 ἢ

265 4573 604 4639 οὑσ,ιώδους’
639 4578 735 4630 καὶ
765 4577 898 4629 αὐτὸ
926 4578 1056 4647 γὰρ,
1097 4580 1146 4630 εὶ
1185 4579 1341 4646 θέμις
1376 4585 1568 4647 εἰπεῖν,
1621 4585 1681 4638 τὸ
1709 4581 1849 4644 εἶναι

264 4667 507 4736 δύναμιν
531 4667 610 4728 εἰς
633 4667 692 4719 τὸ
724 4663 866 4722 εἶναι
895 4669 1006 4738 ἔχει
1030 4670 1178 4738 παρὰ
1209 4675 1305 4741 τῆς
1337 4673 1666 4744 ὑπερουσίου
1689 4675 1850 4730 δυνάο

265 4775 449 4829 μεως,
481 4759 575 4810 καὶ
605 4760 782 4817 πάντα
819 4759 1073 4830 δυναμῶν
1121 4766 1200 4826 εἰς
1227 4765 1324 4827 τὰς
1362 4767 1568 4827 οἰκείας
1596 4768 1732 4837 αὐτῇ
1765 4786 1853 4824 κι-

264 4852 485 4923 νήσεις,
515 4851 608 4902 καὶ
639 4851 918 4922 δυνάμεις,
948 4853 1040 4914 καὶ
1072 4856 1377 4926 ἐνεργείας.
1404 4857 1476 4908 Τὸ
1492 4859 1600 4928 γὰρ
1622 4860 1853 4912 καθόλου

264 4943 556 5017 μηδεμίαν
585 4943 814 5014 δύναμιν
838 4943 958 5020 ἔχον
990 4946 1112 4998 οὔτε
1144 4950 1310 5014 ἔστιν,
1338 4948 1460 5010 οὔτε
1497 4951 1550 5003 τί
1580 4954 1744 5008 ἐστιν.
1791 4954 1853 5006 ἸΙ

265 5035 385 5104 γὰρ
423 5019 896 5108 παντοκρατορικῆ
924 5037 1154 5106 δύναμις
1177 5038 1271 5099 καὶ
1295 5040 1457 5110 μέχρι
1477 5041 1583 5093 τῶν
1611 5044 1852 5112 ἐσχάτων

264 5126 659 5197 ἁπηχτλμάτων
676 5127 852 5205 αὐτῆς
877 5128 1076 5199 διήκει.
1113 5128 1299 5183 Ταῦτα
1333 5132 1388 5184 δέ
1443 5135 1556 5191 ,εισι
1606 5135 1676 5187 τὰ
1716 5153 1850 5189 παν-

265 5218 444 5279 τελῶς
475 5217 660 5290 ἄψυχα
695 5223 789 5270 καὶ
808 5220 1130 5290 ἀναίσθητα,
1169 5221 1204 5282 ἁ.
1261 5224 1356 5275 καὶ
1397 5225 1534 5283 αὐτὰ
1567 5226 1849 5295 δυνάμεως

269 5309 497 5379 μετέχει
524 5311 620 5378 τῆς
643 5309 721 5368 εἰς
754 5310 814 5362 τὸ
843 5307 1004 5365 εἶναι.
1038 5313 1188 5384 Αὕτη
1221 5316 1403 5376 τοίνυν
1450 5319 1480 5387 ἡ
1544 5318 1848 5388 δυναμοὸύ-

269 5416 466 5469 ναμις,
510 5400 603 5453 καὶ
637 5401 1010 5471 δυναμοδὸτις,
1043 5407 1136 5458 καὶ
1197 5408 1570 5479 ὑπβρδύναμφς
1619 5411 1849 5480 δύναμις

268 5491 508 5560 δυναμοϊ
536 5494 629 5544 καὶ
660 5491 728 5546 τὰ
762 5492 984 5564 ἀσθενῆ.
1029 5497 1135 5548 Καὶ
1161 5499 1266 5572 γὰρ
1301 5502 1398 5552 καὶ
1453 5501 1707 5571 ἐμπίδας,
1759 5504 1853 5556 καὶ

271 5586 571 5653 κώνωπας,
601 5592 694 5643 καὶ
725 5593 909 5660 μυίας,
928 5594 1022 5645 καὶ
1049 5593 1116 5654 τὰ
1140 5593 1217 5647 ἔτι
1245 5595 1447 5648 τούτων
1465 5596 1851 5668 ἀσθενέστερα.

271 5678 483 5754 Εἷρηκξ
524 5682 630 5756 γὰρ
674 5683 800 5754 περὶ
835 5685 930 5753 τῆς
981 5683 1211 5754 κάμπης
1265 5689 1358 5738 καὶ
1401 5687 1497 5756 τῆς
1556 5688 1778 5756 ἀκρίίος
1827 5693 1854 5744 ὁ

272 5771 538 5835 Bagam
575 5791 595 5826 ι
623 5773 858 5845 Δύναμίς
890 5794 990 5847 μου
1029 5778 1060 5846 ὴ
1094 5777 1356 5846 μεγάλην
1436 5779 1440 5781 ’

382 5951 574 6011 ‘Psal.
638 5971 710 6025 ει,
741 5958 828 6012 28.
906 5959 926 5989 ³
991 5957 1463 6021 Psal.xxxtv,10.

1543 5962 1562 5993 ³
1607 5961 1744 6014 Gen.
1781 5978 1818 6029 ι,
1853 5964 1943 6021 26.

2633 3285 2905 3352 Ejusdem.

2030 3379 2342 3432 Dominator
2361 3379 2600 3429 omnium
2633 3379 2832 3430 dicitur
2852 3375 3135 3441 Deusfnon
3171 3381 3342 3432 solum
3369 3381 3538 3447 utqui

1957 3474 2210 3524 omnibus
2259 3469 2488 3539 imperat
2553 3481 2605 3523 et
2659 3470 2909 3523 onmibus
2958 3471 3083 3540 juga
3131 3486 3242 3524 sua:
3291 3474 3540 3526 domina-

1960 3567 2124 3619 tionis
2153 3565 2404 3632 imponit,
2441 3576 2496 3616 et
2527 3565 2728 3615 amoris
2760 3566 2840 3616 sui
2878 3547 3106 3616 vinculis
3139 3565 3318 3617 omnia
3351 3566 3541 3619 devin-

1957 3659 2049 3722 cit;
2081 3670 2265 3708 verutn
2313 3655 2473 3708 etiam
2527 3655 2676 3722 quia_
2719 3664 2776 3706 ut
2818 3655 2975 3707 sedes
3020 3657 3197 3708 ounnia
3240 3655 3434 3721 lirmat,
3484 3666 3541 3712 ει

1955 3749 2164 3813 fundat,
2208 3759 2258 3801 et
2295 3749 2530 3801 essentia
2581 3747 2892 3816 superantis
2929 3749 3187 3801 essentia:
3235 3764 3344 3802 sua:
3389 3765 3539 3802 com‘

1954 3842 2111 3911 plcxu
2139 3843 2215 3895 sic
2245 3841 2428 3898 Omnia
2458 3841 2717 3907 continet,
2755 3847 2813 3893 ut
2844 3855 2904 3893 ea
2938 3853 2970 3892 a
2999 3856 3056 3892 se
3085 3856 3190 3893 non
3225 3841 3368 3894 sinat
3396 3842 3540 3897 acci-

1953 3935 2104 3988 dere.

2623 4024 2895 4093 Ejusdem.

2026 4113 2272 4167 Potentia
2301 4113 2444 4168 Deus
2467 4123 2520 4168 et
2563 4127 2646 4175 est
2672 4126 2726 4169 et
2755 4117 2969 4185 dicitur.
3000 4120 3070 4175 Ut
3093 4121 3316 4185 infinitae
3347 4133 3539 4193 poten-

1957 4207 2064 4271 tiae,
2101 4216 2158 4261 ut
2183 4208 2550 4276 omnipotens,
2577 4218 2633 4261 ut
2667 4211 2757 4280 qui
2791 4211 3028 4279 potentia
3055 4213 3121 4276 ad
3153 4224 3330 4278 ortum
3364 4215 3536 4269 dedu-

1954 4302 2030 4357 cit
2051 4301 2254 4370 omnia,
2282 4310 2335 4353 et
2356 4301 2648 4368 potentiam
2677 4302 2926 4356 omnibus
2953 4303 3193 4375 largitur.
3219 4306 3358 4360 Nihil
3382 4308 3530 4361 enim

1955 4401 2036 4447 est
2066 4406 2275 4456 eorum,
2325 4408 2445 4462 quae
2484 4401 2630 4456 sunt,
2683 4394 2768 4448 cui
2807 4411 2913 4448 non
2945 4399 3012 4450 ab
3043 4413 3108 4452 eo
3135 4399 3202 4454 sit
3232 4405 3537 4456 communi-

1955 4493 2074 4538 cata
2104 4484 2344 4552 potentia
2393 4484 2474 4541 vel
2511 4485 2710 4538 nn-ntis
2746 4486 2827 4538 vel
2864 4487 3107 4559 rationis,
3146 4490 3228 4556 \el
3261 4490 3398 4552 vitae,
3451 4491 3534 4546 vel

1957 4589 2166 4635 sensus,
2217 4574 2298 4626 vel
2330 4576 2604 4628 essentiae.
2626 4573 2762 4646 Quin
2795 4576 2956 4630 etiam
2989 4578 3163 4646 ipsum
3196 4595 3336 4646 esse,
3372 4582 3416 4633 si
3452 4583 3533 4636 fas

1956 4675 2037 4722 est
2077 4665 2149 4725 ita
2181 4666 2345 4740 loqui,
2398 4667 2465 4720 ab
2501 4667 2612 4735 ipsa
2657 4670 2894 4736 potentia
2938 4672 3231 4738 essentiam
3283 4674 3525 4737 essentia

1953 4758 2383 4828 praestantiorem
2417 4759 2700 4814 obtinente
2731 4761 2916 4825 habet,
2948 4772 3002 4814 ut
3035 4763 3128 4826 sit,
3157 4771 3211 4820 et
3248 4764 3337 4836 qui
3397 4779 3536 4818 cun-

1953 4865 2039 4902 eza
2073 4849 2480 4908 corroboratmt
2512 4851 2717 4919 possint
2751 4867 2876 4915 suas
2901 4868 3125 4921 quzeque
3156 4855 3442 4919 mot'ones,
3480 4865 3534 4910 et

1951 4943 2115 5004 vires,
2143 4949 2197 4997 .et
2221 4943 2463 4997 notiones
2492 4957 2767 5004 exercere,
2791 4942 2946 5010 Quod
2973 4946 3115 4998 enim
3150 4946 3346 5014 nullam
3375 4949 3534 5016 plane

1952 5033 2251 5100 potentiam
2289 5031 2472 5095 habet,
2508 5047 2616 5086 non
2651 5044 2754 5088 est.
2821 5035 2912 5088 Illa
2943 5037 3085 5094 enim
3120 5040 3357 5106 potentia
3416 5057 3534 5093 oin-

1957 5120 2108 5174 nium
2149 5122 2367 5175 domina
2417 5121 2484 5189 ad
2536 5134 2808 5186 extremos
2861 5139 3031 5193 uslne
3065 5142 3241 5190 rerum
3273 5130 3534 5184 terminos

1957 5220 2220 5279 permeat.
2279 5211 2370 5265 lite
2401 5222 2525 5277 sunt
2558 5229 2676 5282 quae
2705 5230 2827 5268 cum
2861 5217 2968 5280 vita
3024 5228 3078 5280 et
3117 5233 3277 5283 sensu
3318 5220 3532 5287 penitus

1956 5311 2198 5364 careant,
2223 5306 2519 5380 potentiam
2565 5314 2743 5360 tamen
2783 5309 3004 5372 habent,
3039 5321 3095 5363 ut
3129 5313 3252 5365 sint.
3288 5311 3412 5364 Haec
3438 5312 3533 5380 igi-

1959 5406 2048 5451 tur
2089 5397 2346 5462 potentim
2391 5399 2651 5464 potentia,
2704 5401 2958 5468 potentiae
3011 5403 3274 5471 largitrix,
3331 5412 3385 5454 et
3414 5402 3530 5470 ipsa

1959 5487 2201 5557 potentia
2233 5487 2525 5555 p0Icntior,
2579 5490 2867 5544 continuat
2921 5496 3081 5544 etiam
3130 5501 3182 5544 ct
3216 5494 3533 5548 corroborat

1960 5591 2081 5644 qua:
2126 5586 2252 5630 sunt
2290 5577 2555 5639 imbecilla
2601 5590 2654 5633 et
2713 5579 3028 5648 impotentia
3062 5592 3222 5658 atque
3266 5580 3530 5649 invalida,
3580 5585 3584 5589 ’

1960 5667 2265 5736 cuiusmodi
2298 5677 2425 5720 sunt
2451 5669 2648 5722 culices
2676 5679 2730 5720 et
2767 5683 3024 5737 c0nopes,
3055 5678 3110 5722 et
3139 5685 3356 5732 muscae,
3385 5681 3439 5727 et
3485 5673 3532 5728 si

1962 5776 2065 5827 qua
2095 5769 2222 5812 sunt
2250 5760 2332 5813 his
2362 5769 2520 5812 etlam
2557 5759 2931 5823 imbecilliora.
2961 5762 3099 5816 Dixit
3127 5764 3272 5824 enim
3301 5764 3440 5819 Deus
3466 5765 3535 5821 de

1963 5855 2169 5913 Lrucho
2194 5864 2247 5908 et
2271 5855 2494 5920 locusta,
2528 5839 2782 5924 quoniam
2825 5872 2842 5904 ι
2865 5853 3109 5911 Potentia
3143 5871 3260 5911 mea
3283 5853 3529 5930 magnai»
