4060 6278
547 447 647 516 131

1168 563 1442 632 Ejusdem.

593 660 1009 717 Cumumnicare
1030 678 1089 717 se
1114 660 1315 716 dicitur
1334 663 1496 719 Deus.
1516 667 1736 730 propter
1760 673 1981 711 munera
2007 671 2124 719 sua,

541 772 663 826 quae
699 758 863 812 rebus
889 760 1158 813 universis
1204 757 1482 813 distribuit
1518 773 1532 808 :
1562 771 1669 811 non
1721 752 2128 810 communicare

542 858 746 913 autem,
781 851 905 917 quia
952 852 1099 904 nulla
1155 866 1241 904 res
1289 860 1370 904 est
1396 850 1667 919 particeps
1715 846 1989 909 essentire,
2035 856 2130 898 aut

539 941 682 1004 viL-r,
718 952 811 995 aut
857 942 1161 1011 sapientiai,
1214 950 1308 996 aut
1338 943 1498 996 ullius
1546 955 1761 1002 eorum,
1797 954 1915 1007 quze
1966 937 2128 991 habet

540 1030 660 1099 ipse
710 1033 918 1087 ratione
967 1034 1198 1102 quadam
1239 1032 1686 1104 praestantissima
1725 1041 1779 1085 et
1843 1027 2126 1100 singulari.

1183 1144 1459 1212 Ejusdem.

611 1240 688 1293 Ex
718 1254 826 1308 quo
859 1238 935 1302 lit,
971 1247 1031 1290 ut
1059 1253 1090 1290 a
1126 1236 1354 1305 singulis
1387 1234 1548 1288 rebus
1582 1242 1724 1287 totus
1759 1231 2044 1292 habeatur,
2070 1238 2128 1284 et

539 1334 685 1386 nulla
720 1348 804 1387 res
842 1333 1005 1385 ullam
1035 1330 1152 1399 ejus
1197 1338 1403 1398 partem
1447 1326 1665 1386 habeat,
1694 1333 1751 1378 ut
1782 1332 2029 1381 centrum
2060 1322 2115 1381 in

538 1426 720 1481 medio
742 1425 945 1479 circulo
966 1440 996 1477 a
1034 1423 1198 1477 rectis
1223 1421 1471 1475 omnibus
1496 1418 1655 1473 lineis
1684 1426 1879 1479 totum,
1900 1424 1955 1470 et
1978 1414 2124 1468 nulla

535 1519 656 1585 ejus
687 1531 810 1585 pars
842 1516 909 1568 ab
938 1514 1042 1567 ulla
1073 1513 1321 1569 habetur.
1356 1511 1515 1566 Velut
1547 1508 1803 1579 sigillum,
1833 1506 1980 1575 quod
2002 1521 2122 1562 om-

538 1610 695 1662 nibus
742 1624 807 1661 ex
860 1622 919 1661 se
958 1606 1186 1675 sumptis
1248 1603 1511 1673 exemplis
1543 1603 1613 1657 ita
1647 1618 1705 1657 se
1749 1611 1922 1656 totum
1959 1609 2123 1668 atque

537 1702 682 1755 idem
738 1700 1123 1761 communicat,
1181 1707 1240 1750 ut
1290 1712 1319 1750 a
1369 1697 1519 1750 nullo
1555 1705 1732 1749 tamen
1772 1708 1964 1747 eorum
2014 1692 2121 1749 ulla

540 1796 714 1863 ipsius
745 1793 1005 1851 habeatur
1043 1805 1191 1861 pars.
1229 1788 1342 1843 Hoc
1380 1796 1560 1841 tamen
1594 1795 1815 1856 praestat
1847 1786 1933 1839 illa
1973 1784 2120 1845 Divi-

537 1885 746 1949 nitatis,
782 1898 902 1953 qua:
930 1890 1013 1936 est
1052 1896 1234 1936 rerum
1265 1882 1505 1934 omnium
1540 1893 1726 1943 causa,
1777 1893 1885 1937 non
1919 1877 2122 1945 impar—
2151 1904 2199 1965 Β

539 1976 709 2031 tiendi
739 1992 795 2029 se
822 1974 976 2032 ratio.
996 1972 1141 2042 quod
1169 1971 1313 2026 nulla
1337 1980 1569 2025 attactns
1594 1970 1929 2023 mistionisve
1950 1968 2125 2023 socie-

540 2079 648 2122 tate
679 2083 800 2122 cum
866 2066 975 2121 illis
1006 2065 1370 2136 conjungitur,
1415 2063 1612 2132 quibus
1667 2060 2120 2116 communicatur.

535 2162 690 2226 Quod
708 2161 749 2215 si
773 2160 896 2229 quis
909 2158 1148 2229 objiciat,
1169 2173 1275 2211 non
1307 2156 1362 2210 in
1382 2156 1636 2211 omnibus
1656 2154 1917 2223 exemplis
1944 2162 2120 2207 totum

535 2260 700 2316 atque
748 2249 886 2301 idem
924 2247 1136 2317 signum
1171 2246 1375 2314 ellingi,
1428 2245 1790 2313 respondebo,
1835 2258 1945 2296 non
1978 2241 2122 2296 illius

550 2341 731 2411 culpa,
763 2340 903 2409 quod
946 2355 1004 2394 se
1039 2348 1209 2393 totum
1253 2348 1415 2407 atque
1447 2330 1589 2391 idem
1634 2336 1857 2406 singulis
1902 2350 2118 2390 accom-

549 2434 753 2497 modat,
792 2431 886 2486 sed
916 2430 1302 2503 excipientium
1336 2429 1649 2484 diversitate
1695 2426 2030 2497 contingere,
2061 2434 2121 2480 ut

542 2526 726 2589 unius,
771 2534 827 2580 et
869 2524 1051 2587 totius,
1080 2530 1132 2575 et
1183 2520 1423 2592 ejusdem
1471 2519 1800 2588 exemplaris
1852 2516 2118 2587 imagines

542 2616 839 2671 disSimiles
872 2614 996 2668 sint.
1036 2613 1275 2681 Exempli
1303 2612 1493 2682 gratia,
1518 2611 1563 2665 si
1596 2610 1879 2680 simplicia,
1905 2608 2114 2672 facilia,

541 2709 678 2760 levia
725 2715 781 2759 et
818 2704 1144 2768 tractabilia,
1189 2718 1302 2761 non
1362 2703 1694 2767 resistentia,
1740 2717 1849 2756 non
1898 2716 2113 2771 aspera,

539 2818 649 2857 non
681 2800 912 2871 fragilia,
957 2813 1065 2852 non
1096 2797 1367 2851 instabilia
1403 2796 1531 2859 sint,
1564 2810 1777 2864 puram,
1808 2805 1862 2849 et
1894 2810 2118 2864 expres-

537 2910 675 2957 sam,
702 2902 757 2947 et
789 2893 995 2945 firmam
1031 2891 1260 2961 efﬁgiem
1299 2888 1625 2959 percipient-
1663 2885 1759 2941 Sin
1790 2886 1992 2956 aliquid
2024 2901 2117 2941 eo-

535 2999 656 3039 rum
707 2983 991 3049 defecerit,
1038 2997 1157 3052 qua:
1197 2981 1341 3035 dicta
1374 2991 1521 3042 sunt,
1576 2980 1805 3046 ideoque
1839 2979 2020 3032 minus
2047 2976 2114 3030 ad

538 3076 769 3130 formam
824 3075 1223 3145 suscipiendam
1283 3081 1403 3143 apta
1447 3082 1609 3141 atque
1658 3071 1851 3129 idonea
1888 3068 2110 3135 fuerint,

538 3168 592 3223 id
637 3169 744 3223 erit
793 3184 953 3223 causa
1003 3166 1480 3229 dissimilitudinis,
1535 3173 1589 3217 et
1630 3161 2011 3223 deformitatis,
2058 3168 2113 3213 et

1780 446 2162 510 EUTIlYMll
2207 450 2569 514 ZIGABENI

3716 465 3812 529 132

2847 563 2953 619 Τοῦ
2996 568 3206 623 αὑτοῦ.

2304 655 2580 719 Melius-ii;
2612 657 2711 724 μὲν
2736 660 2761 710 ό
2791 658 2924 720 Θεὸς
2952 660 3094 712 κατὰ
3120 662 3217 726 τὰς
3250 664 3567 732 μεταδόσεις
3619 669 3804 738 αὐτοῦ,

2231 746 2532 813 ἀμέθεκτος
2558 747 2612 799 δὲ
2647 748 2787 802 κατὰ
2818 750 2878 801 τὺ
2914 750 3082 819 μηδὲν
3136 755 3362 825 μετέχον
3394 757 3565 829 αὐτῆς
3595 762 3694 831 τῆς
3721 763 3808 815 ού-

2231 840 2349 898 σίας
2374 838 2562 899 αὑτοῦ,
2588 839 2619 909 ῆ
2656 839 2753 906 τῆς
2785 840 2932 909 ζωῆς
2963 842 3148 907 αὐτοῦ,
3200 845 3230 914 ἢ
3268 847 3368 916 τῆς
3395 851 3589 917 σοφίας
3618 852 3804 919 αὐτοῦ,

2227 930 2260 997 ἢ
2288 948 2431 992 τινος
2469 932 2578 982 τῶν
2611 935 2891 999 τοιούτων,
2929 932 3072 1006 ἅπερ
3108 936 3220 1007 ἔχει
3259 940 3434 994 πάντα
3471 942 3596 996 καθ’
3634 943 3803 1017 ὑπερ-

2220 1023 2359 1093 οχὴν
2388 1023 2482 1076 καὶ
2516 1025 2833 1096 ἐξαιρέτως.

2847 1141 2964 1197 Τοῦ
2990 1145 3200 1201 αὐτοῦ.

2298 1230 2423 1281 Ὅτι
2454 1233 2481 1283 ὁ
2510 1230 2640 1293 Θεὸς
2673 1234 2766 1286 καὶ
2795 1235 2883 1303 ὑφ’
2914 1237 3152 1291 ἑκάστου
3178 1239 3289 1293 τῶν
3322 1244 3663 1313 μετεχόντων
3688 1248 3808 1312 ὅλος

2230 1321 2535 1389 μετέχεται,
2579 1324 2673 1376 καὶ
2711 1323 2803 1377 ὑπ’
2827 1324 3047 1390 οὐδενὸς
3084 1330 3261 1383 οὐδενὶ⁹
3316 1324 3497 1402 μέρει,
3554 1335 3807 1407 καθάπερ

2228 1412 2453 1481 κέντρον
2491 1416 2549 1467 ἐν
2582 1417 2733 1487 μέσῳ
2771 1420 2972 1473 κύκλου
3008 1423 3115 1493 πρὸ
3144 1424 3334 1478 πασῶν
3361 1426 3470 1478 τῶν
3502 1430 3560 1481 ἐν
3588 1430 3666 1498 τῷ
3715 1431 3809 1491 κύ-

2227 1504 2339 1575 κλῳ
2367 1512 2770 1579 περικειμένων
2799 1511 3046 1571 εὐθειῶν.
3101 1517 3207 1570 Καὶ
3262 1518 3451 1590 ὥσπερ
3511 1524 3805 1592 σφραγῖδος

2226 1597 2609 1668 ὲκτυπώματα
2642 1602 2812 1656 πολλὰ
2855 1606 3070 1676 μετέχει
3099 1608 3197 1675 τῆς
3226 1611 3537 1680 ἀρχετύπου
3571 1616 3805 1684 σφραγί-

2223 1689 2330 1755 δος,
2363 1693 2458 1745 καὶ
2488 1696 2546 1747 ἐν
2595 1695 2813 1766 ἑκάστῳ
2877 1698 2989 1755 τῶν
3042 1701 3458 1773 ἐκτυτιωμάτων
3510 1706 3637 1777 ὅλης
3712 1711 3805 1762 καὶ

2223 1782 2427 1852 ταύτης
2450 1782 2637 1855 οὔσης,
2666 1788 2761 1839 καὶ
2790 1790 2845 1871 ἐν
2867 1790 3040 1846 οὐδενὶ
3070 1793 3191 1847 κατ’
3211 1795 3367 1849 οὐδὲν
3391 1800 3577 1868 μέρος.
3598 1800 3803 1871 Ὑπέρ-

2236 1890 2417 1933 ast-cat
2473 1876 2531 1929 δὲ
2592 1880 2685 1931 καὶ
2724 1880 2934 1935 τούτων
2987 1884 3018 1952 ἡ
3061 1884 3161 1951 τῆς
3216 1887 3504 1941 παναιτίου
3546 1890 3803 1960 θεότητος

2229 1966 2514 2035 ἁμεθεξία,
2547 1969 2624 2038 τῷ
2654 1972 2793 2041 μήτε
2813 1964 3029 2043 ἐπαφὴν
3068 1976 3235 2045 αὐτῆς
3263 1972 3425 2042 εἶναι,
3462 1980 3600 2049 μήτε
3635 1982 3805 2052 anew

2225 2057 2348 2109 τινὰ
2377 2058 2512 2129 πρὸς
2539 2061 2604 2114 τὰ
2631 2063 2930 2133 μετέχοντα
2965 2068 3219 2136 συμμιγῆ
3257 2070 3563 2134 κοινωνίαν,
3622 2072 3805 2129 καίτοι

2226 2150 2359 2220 φαίη
2392 2168 2497 2215 τις,
2527 2154 2641 2204 Οὐκ
2673 2154 2824 2207 ἐστιν
2862 2157 2892 2225 ἡ
2925 2156 3160 2224 σφραγὶς
3185 2159 3243 2210 ἐν
3278 2158 3418 2221 ὅλοις
3468 2163 3580 2224 τοῖς
3626 2165 3803 2230 ἑκμαφ

2222 2241 2392 2309 γείοις
2427 2242 2522 2312 ὅλη
2565 2244 2723 2314 καὶὴ
2767 2246 2927 2317 αὐτή.
2971 2247 3176 2301 Τούτου
3241 2249 3297 2302 δὲ
3328 2251 3427 2321 οὐχ
3479 2253 3512 2323 ή
3565 2258 3803 2324 σφραγὶς

2221 2333 2373 2389 αἰτία
2399 2348 2411 2361 '
2447 2336 2630 2388 πᾶσαν
2660 2336 2768 2405 γὰρ
2799 2331 3000 2408 ἑαυτὴν
3028 2340 3234 2410 ἐκείνη,
3258 2343 3351 2394 καὶ
3380 2343 3587 2413 ταύτην
3624 2348 3804 2399 ἐπιδί-

2220 2424 2385 2481 δωσιν
2411 2427 2660 2497 ἑκάστῳσ
2689 2427 2805 2483 ἀλλ’
2838 2431 2869 2499 η
2909 2429 3019 2482 τῶν
3076 2434 3416 2502 μετεχόντων
3468 2435 3799 2508 διαφορότης

2218 2516 2449 2585 ἀνόμοια
2474 2521 2618 2573 ποιεῖ
2641 2520 2708 2571 τὰ
2734 2520 3139 2591 ἀπομόργματα
3164 2528 3260 2596 τῆς
3282 2527 3407 2595 μιᾶς
3429 2530 3521 2581 καὶ
3545 2529 3673 2600 ὅλης
3704 2532 3798 2593 καὶ

2217 2610 2420 2679 ταυτῆς
2457 2610 2819 2683 ἀρχετνπίας.
2855 2608 2980 2667 Οἴον
3005 2618 3053 2667 εἰ
3105 2616 3207 2685 μὲν
3259 2619 3460 2686 ἁπαλὰ,
3523 2623 3618 2675 καὶ
3667 2627 3798 2681 citas

2219 2718 2375 2761 πωτα
2412 2696 2468 2782 ᾗ,
2501 2706 2594 2755 καὶ
2625 2702 2768 2769 λεῖα,
2811 2706 2907 2759 καὶ
2934 2708 3271 2778 εύχάρακτα,
3336 2715 3431 2765 καὶ
3462 2716 3597 2784 μήτε
3647 2718 3798 2770 ἀντί-

2216 2812 2384 2858 τυπα,
2422 2794 2518 2847 καὶ
2568 2796 2799 2866 σκληρὰ,
2829 2800 2967 2867 μήτε
2996 2800 3310 2870 εὐδιάχυτα,
3365 2807 3463 2858 καὶ
3493 2807 3797 2875 ἅσύστατα,

2217 2885 2457 2954 καθαρὸν
2491 2885 2623 2951 ἕξει,
2659 2890 2754 2940 καὶ
2776 2891 2925 2959 σαφῆ
2945 2894 3038 2944 καὶ
3061 2893 3467 2964 ἐναπομένοντα
3481 2898 3572 2953 τὸν
3601 2900 3793 2956 τύπονο

2217 2975 2345 3027 εξδέ
2397 2993 2449 3027 τι
2507 2979 2605 3045 τῆς
2658 2979 2961 3050 εἰρημένης
3016 2983 3455 3057 ἐπιτηδειότητος
3505 2988 3791 3056 ἐλλείποι,

2217 3068 2375 3126 τοῦτο
2412 3070 2584 3131 αἴτιον
2619 3071 2771 3123 ἔσται
2806 3073 2899 3125 τοῦ
2927 3073 3237 3140 ἀτυπώτου,
3268 3079 3362 3129 καὶ
3391 3078 3482 3131 τοῦ
3523 3080 3793 3148 ἀσαφοῦς,

2219 3164 2313 3216 καὶ
2342 3161 2451 3216 τῶν
2484 3162 2660 3216 ἄλλων
2690 3165 2789 3221 ὅσα
2825 3166 3068 3238 μετοχῆς
3129 3169 3601 3247 ἁνεπιτηδειότητι
3649 3176 3795 3249 γίνετ.

531 3262 761 3314 aliorum
803 3258 1292 3318 incommodorum,
1329 3273 1449 3325 qua:
1486 3255 1725 3309 materia:
1775 3254 1839 3306 ad
1886 3253 2112 3309 formam
2140 3248 2182 3306 C
2216 3271 2329 3311 ται.

534 3352 914 3421 excipiendam
950 3352 1129 3403 minus
1162 3349 1586 3402 accommodata:
1614 3345 1958 3415 contingunt.

1196 3462 1469 3530 Ejusdem.

606 3555 755 3610 Unus
777 3566 859 3609 cst
882 3570 1063 3609 rerum
1092 3556 1333 3609 omnium
1358 3553 1614 3617 essentia,
1648 3560 1702 3606 et
1739 3552 2110 3622 pulchritudo,

529 3659 588 3716 ,et
611 3648 843 3713 bonitas,
871 3656 924 3701 et
944 3646 1205 3716 sapientia
1232 3647 1395 3709 Deus,
1420 3662 1580 3715 quem
1611 3655 1874 3713 expetunt
1896 3661 2109 3713 omnes,

528 3739 627 3810 qui
662 3738 820 3791 unius
847 3746 977 3791 sunt
1007 3736 1229 3803 formae;
1260 3735 1550 3806 participes
1573 3744 1757 3788 autem
1788 3736 1932 3789 illius
1953 3736 2108 3803 fiunt,

532 3816 641 3903 non
676 3845 784 3884 uno
812 3844 1001 3903 omnes
1035 3829 1216 3895 modo,
1245 3829 1490 3898 quamvis
1524 3827 1639 3896 ipse
1698 3842 1839 3881 unus
1880 3837 1934 3882 et
1968 3829 2109 3882 idem

529 3919 780 3987 exsistat,
810 3921 904 3973 sed
936 3919 1074 3991 alius
1103 3919 1207 3973 alia
1244 3929 1405 3988 atque
1437 3917 1538 3971 alia
1569 3918 1799 3983 ratione,
1830 3928 1889 3971 ut
1916 3923 2110 3990 cuique

534 4010 714 4066 divina
744 4010 880 4063 liiira
911 4009 1188 4079 distribuit
1209 4024 1305 4079 pro
1338 4008 1604 4078 cujusque
1634 4008 1935 4064 habilitate.

1196 4122 1471 4192 Ejusdem.

615 4216 880 4282 Quoniam
918 4214 1058 4269 Deus
1090 4206 1274 4279 etest,
1314 4224 1371 4269 et
1427 4216 1587 4269 rebus
1619 4214 1853 4282 largiens
1885 4223 1943 4268 ut
1977 4214 2107 4281 sint,

534 4309 730 4363 multas
776 4317 931 4378 parat
973 4308 1257 4376 essentias,
1299 4306 1660 4379 multiplicare
1700 4306 1901 4361 dicitur
1936 4323 2105 4361 unum

532 4402 662 4456 illud
697 4402 840 4470 quod
872 4409 975 4466 est,
1015 4415 1081 4455 ex
1113 4400 1232 4470 ipso
1265 4401 1555 4467 multarum
1588 4413 1767 4452 rerum
1802 4410 1981 4453 ortum
2013 4400 2107 4454 de-

528 4498 753 4551 ducens.
803 4493 976 4547 Manet
1028 4501 1209 4547 autem
1258 4502 1310 4545 ct
1344 4493 1423 4547 sic
1468 4504 1637 4545 unum
1692 4490 1745 4545 in
1784 4491 2106 4560 multiplica-

532 4590 702 4651 tione,
738 4595 793 4641 et
830 4585 1052 4659 plenum
1087 4584 1141 4638 in
1181 4583 1471 4648 divisione,
1506 4583 1630 4652 quia
1661 4593 1884 4653 propter
1916 4599 2105 4637 essen—

528 4684 655 4733 tiam
714 4679 861 4732 omni
922 4676 1162 4731 essentia
1215 4673 1465 4743 superior
1514 4682 1628 4735 est,
1661 4674 1858 4737 eximio
1900 4682 1956 4726 et
2016 4673 2102 4740 iis,

526 4782 645 4837 qua:
689 4774 839 4828 sunt,
865 4762 1209 4833 antecellenti
1254 4761 1487 4829 quodam
1537 4761 1713 4815 modo.
1763 4761 1905 4825 Quin
1941 4762 2103 4825 etiam

526 4874 651 4911 cum
680 4872 847 4910 unum
879 4857 968 4920 sit,
996 4863 1049 4909 et
1077 4856 1191 4927 uni,
1217 4863 1271 4907 et
1295 4851 1650 4919 multitudini,
1673 4861 1728 4906 et
1755 4854 1874 4915 toti,
1894 4854 2103 4925 ctparti

528 4965 694 5003 unum
727 4949 1154 5007 communicaris.
1199 4961 1366 4999 unum
1397 4961 1585 5000 rursus
1611 4947 1845 5000 essentia
1880 4946 2104 5016 praecel-

526 5041 654 5095 lenti
680 5051 762 5095 est
790 5039 1156 5111 singulariter,
1182 5037 1233 5092 id
1259 5047 1362 5099 est.
1388 5039 1627 5108 proprie,
1655 5048 1707 5092 et
1733 5039 1950 5103 eximie,
1976 5055 2100 5094 cum

525 5150 626 5189 nec
663 5149 830 5187 unum
878 5133 948 5187 sit
976 5149 1039 5187 ex
1077 5133 1142 5186 iis
1176 5146 1296 5204 quas
1339 5143 1486 5200 sunt,
1524 5147 1625 5187 nec
1652 5134 1965 5195 multitudo,
1997 5149 2099 5188 nec
2184 5158 2187 5161 -

530 5238 704 5281 totum
770 5243 837 5280 ex
880 5226 1145 5295 partibus,
1190 5242 1291 5281 nec
1343 5242 1465 5295 pars
1522 5241 1585 5280 ex
1639 5236 1771 5281 toto.
1810 5228 1985 5296 Atque
2027 5228 2097 5280 ita

531 5336 707 5389 neque
741 5336 906 5373 unum
939 5329 1041 5383 est,
1072 5335 1248 5388 neque
1280 5325 1439 5373 unius
1466 5321 1755 5389 particeps,
1786 5321 1879 5373 sed
1913 5318 2097 5387 procul

526 5415 595 5468 ab
645 5414 730 5466 his
786 5426 951 5465 unum
998 5421 1114 5474 est,
1164 5421 1349 5483 utpote
1399 5427 1587 5475 unum,
1638 5427 1702 5464 eo
1745 5412 1885 5480 quod
1923 5410 2095 5464 estin

527 5507 692 5559 rebus
763 5520 871 5559 uno
924 5505 1079 5575 longe
1130 5504 1495 5574 praestantius.
1559 5504 1823 5558 Pimterca
1873 5513 2095 5573 propter

526 5596 821 5648 multorum
871 5596 1095 5649 deorum
1124 5596 1193 5650 ab
1223 5594 1341 5665 ipso
1378 5595 1811 5664 proficiscentem
1842 5586 2089 5649 effeCtio-

521 5704 647 5742 nem
679 5704 745 5742 ex
773 5689 953 5742 divina
981 5691 1242 5760 cujusque
1276 5705 1374 5759 pro
1401 5689 1603 5743 viribus
1633 5690 1833 5759 specie,
1860 5702 1914 5743 et
1944 5689 2092 5742 vide-

521 5790 613 5835 tur
638 5791 690 5834 ct
715 5784 833 5835 esse
859 5780 1061 5835 dicitur
1089 5783 1250 5851 unius
1293 5781 1383 5836 Dei
1415 5798 1757 5853 progressus,
1788 5794 1841 5837 et
1871 5784 2087 5847 divisio,

512 5888 572 5935 et
601 5874 1003 5946 multiplicatio;
1032 5882 1271 5939 attamen
1298 5892 1438 5941 unus
1469 5886 1553 5933 est
1581 5879 1803 5936 deorum
1840 5888 2091 5961 princeps

2827 3438 2938 3492 Τοῦ
2988 3439 3196 3499 αὐτοῦ.

2295 3532 2392 3585 ’Ἑν
2431 3531 2532 3607 μέν
2568 3532 2685 3585 ἐστι
2711 3530 2771 3583 τὸ
2794 3531 2961 3595 ὅντως
2986 3532 3065 3597 ὃν,
3101 3533 3192 3597 καὶ
3221 3534 3407 3599 καλὸν,
3435 3536 3531 3589 καὶ
3561 3536 3790 3605 ἀγαθὸν,

2213 3625 2307 3678 καὶ
2369 3622 2556 3693 σοφὸν,
2598 3621 2658 3681 οὒ
2696 3624 2897 3687 πάντες
2947 3626 2997 3678 οἱ
3041 3627 3293 3691 ἐνοειδεῖς
3340 3629 3620 3698 ἐφίενται·
3665 3649 3798 3702 μετ.

2212 3716 2395 3787 έχουσι
2416 3718 2472 3770 δὲ
2499 3715 2664 3774 αὐτοῦ
2696 3718 2796 3788 οὐχ
2834 3718 3072 3783 ἐνιαίως,
3114 3720 3291 3774 καίτοι
3319 3723 3437 3785 ὲνὸς
3466 3724 3561 3776 καὶ
3590 3725 3789 3781 ταυτοῦ

2211 3807 2387 3871 ὄντος,
2418 3807 2536 3860 ἀλλ’
2571 3808 2645 3870 ὠς
2665 3808 2882 3879 ἑκάστῳ
2909 3810 2975 3862 τὰ
3011 3808 3132 3863 θεῖα
3162 3810 3407 3882 διανέμει
3468 3812 3611 3882 ζυγὰ
3640 3818 3785 3872 κατὰ

2212 3899 2309 3967 τὴν
2339 3900 2574 3954 ἑκάστου
2606 3901 3046 3972 ἐπιτηδειότητα.

2818 4150 2929 4205 τοῦ
2960 4153 3170 4208 αὐτοῦ.

2292 4241 2511 4313 Ἐπειδὴ
2545 4243 2573 4295 ό
2603 4241 2737 4306 Θεὸς
2759 4242 2835 4297 ὢν
2857 4246 2993 4307 ἐστι,
3042 4247 3137 4299 καὶ
3168 4246 3509 4319 δωρούμενος
3536 4250 3597 4303 τὺ
3643 4248 3787 4309 εἶναι

2208 4332 2326 4386 οὖσι
2355 4333 2592 4404 παράγει
2616 4334 2713 4397 τὰς
2746 4335 2947 4400 πολλὰς
2966 4338 3177 4402 οὐσίας,
3209 4338 3786 4406 πολλαπλασιάζεσθαι

2206 4423 2423 4491 λέγεται
2456 4428 2515 4478 τὸ
2541 4425 2600 4482 ἓν
2646 4425 2706 4481 ὃν
2737 4428 2913 4481 ἐκεῖνο
2946 4432 3010 4500 τῇ
3039 4429 3099 4494 ἐξ
3141 4431 3305 4485 αὐτοῦ
3344 4437 3650 4505 παραγωγῇ
3680 4436 3787 4490 τῶν

2208 4516 2420 4569 πολλῶν
2445 4518 2635 4573 ὄντων.
2668 4520 2833 4573 Μένει
2860 4519 2915 4573 δὲ
2940 4523 3034 4574 καὶ
3055 4520 3228 4585 οὕτως
3252 4522 3311 4575 ἒν
3340 4524 3417 4589 τῷ
3451 4525 3783 4598 πληουσμῷ,

2134 4604 2178 4659 ι)
2209 4610 2300 4661 καὶ
2335 4609 2543 4679 πλῆρες
2567 4613 2623 4664 ἐν
2654 4615 2717 4682 τῇ
2741 4613 3031 4683 διακρίσει,
3068 4615 3146 4687 τῷ
3190 4617 3409 4670 πάντων
3466 4614 3606 4674 εῖναι
3673 4622 3782 4675 τῶν

2209 4700 2378 4754 ὄντων
2441 4703 2782 4773 ὑπερουσίως
2844 4706 3207 4777 ἐξῃρημένον.
3251 4709 3411 4761 Ἀλλὰ
3456 4715 3553 4769 καὶ
3600 4713 3659 4767 ἓν
3689 4716 3783 4780 ὢν,

2212 4793 2307 4845 καὶ
2336 4797 2518 4858 παντὶ,
2549 4797 2641 4847 καὶ
2672 4797 2773 4860 ἐνὶ,
2806 4801 2901 4850 καὶ
2933 4800 3150 4870 πλήθει,
3186 4803 3277 4855 καὶ
3328 4804 3455 4875 ὅλῳ,
3497 4809 3595 4862 καὶ
3628 4810 3785 4877 μέρει

2208 4885 2301 4937 τοῦ
2327 4886 2443 4949 ἑνὸς
2473 4888 2812 4956 μεταδιδοὺς,
2866 4890 2925 4943 ἓν
2979 4893 3246 4959 ὡσαύτως
3281 4897 3619 4967 ὑπερουσίως
3645 4902 3783 4967 ἐστὶ,

2208 4978 2299 5029 καὶ
2332 4976 2389 5030 ἓν
2422 4979 2635 5044 ἑνικῶς,
2670 4981 2839 5051 ἦγουν
2866 4984 3070 5051 ἱδικῶς,
3096 4987 3415 5057 ἐξαιρέτως,
3444 4990 3567 5043 οὔτε
3618 4991 3677 5044 ἓν
3710 4991 3785 5045 ὣν

2204 5069 2313 5135 τῶν
2342 5069 2533 5134 ὄντων,
2566 5071 2691 5126 οὔτε
2718 5074 2942 5156 πλῆθος,
2988 5077 3115 5130 οὗτε
3164 5080 3283 5132 ὅλον
3313 5083 3377 5133 ἐκ
3408 5083 3614 5152 μερῶν,
3656 5084 3781 5136 οὔτε

2207 5156 2371 5224 μέρος
2399 5157 2545 5222 ὅλου,
2577 5162 2670 5212 καὶ
2700 5161 2875 5225 οὕτως
2933 5162 3059 5217 οὔτε
3114 5167 3286 5231 ἐστὶν,
3339 5168 3463 5222 οὔτε
3514 5172 3609 5222 τοῦ
3664 5173 3784 5232 ἑνὸς

2207 5249 2450 5319 μετέχει,
2486 5252 2674 5322 πόρρω
2703 5255 2759 5307 δὲ
2800 5256 3005 5309 τούτων
3035 5258 3093 5309 ἓν
3141 5260 3311 5323 ἐστιν,
3338 5263 3411 5324 ὡς
3464 5263 3606 5333 ὑπὲρ
3630 5265 3687 5316 τὸ
3726 5265 3785 5315 ὲν

2204 5340 2315 5400 τοῖς
2347 5338 2499 5396 οὖσιν
2531 5342 2612 5399 ἓν.
2645 5344 2814 5400 Πάλιν
2844 5349 2908 5416 τῇ
2949 5348 3005 5413 ἐξ
3032 5349 3199 5404 αὐτοῦ
3236 5350 3426 5417 Θεὼσει
3474 5353 3611 5405 θεῶν
3654 5356 3783 5406 πο).-

2202 5430 2308 5481 λῶν
2340 5433 2642 5503 γινομένων
2676 5436 2754 5506 τῷ
2791 5443 2935 5490 κατὰ
2990 5439 3223 5510 δύναμιν
3276 5443 3505 5497 ἑκάστου
3553 5448 3783 5502 Οεοειδεί

2201 5524 2349 5577 δοκεῖ
2385 5528 2484 5594 μὲν
2510 5524 2673 5593 εἶναι,
2713 5532 2805 5581 καὶ
2836 5530 3055 5598 λέγεται
3088 5535 3181 5587 τοῦ
3206 5535 3320 5599 ἐνὸς
3360 5538 3494 5590 Θεοῦ
3528 5542 3783 5609 πρόοδος,

2204 5616 2297 5668 καὶ
2322 5617 2599 5688 διάκρισις
2636 5621 2730 5673 καὶ
2768 5623 3292 5696 πολλαπλασιασμδς
3322 5668 3337 5690 ,
3390 5630 3503 5683 ἔστι
3530 5633 3585 5684 δὲ
3627 5634 3784 5686 οὐδὲν

2196 5703 2357 5779 ἦττον
2389 5711 2417 5761 ὁ
2443 5711 2694 5781 ἀρχίΘεος
2723 5718 2815 5769 καὶ
2851 5717 3115 5786 Θεοποιὺς,
3147 5716 3227 5781 εἷς
3272 5720 3427 5785 Θεὸς,
3480 5724 3780 5792 ἀμέριστος

2198 5800 2255 5851 ἐν
2292 5803 2403 5863 τοῖς
2443 5807 2744 5871 μεριστοῖς,
2782 5807 2840 5861 ἓν
2871 5811 2928 5861 ἐν
2956 5813 3067 5872 τοῖς
3114 5812 3329 5873 πολλοῖς
3390 5816 3621 5882 ἀμιγὴς,
3679 5817 3778 5868 καὶ

2197 5892 2555 5964 ἀπλήθνντος,
2595 5897 2669 5963 ὡς
2703 5901 3045 5974 ύπερουσίως
3097 5906 3441 5979 ύπερούσιος,
3476 5909 3569 5961 καὶ
3595 5908 3773 5987 ὑπερη
