4094 6286
345 437 444 500 133

1296 436 1675 498 PANOPLIA
1735 432 2198 495 DOGMATICA.
2234 458 2301 467 -
2335 433 2485 494 ΤΙΤ.
2524 433 2645 494 ΙΙΙ.

3511 429 3609 496 ιξι

344 550 789 623 Θέωςὺπὲρθεος.
822 552 929 605 Καὶ
959 550 1115 605 τοῦτο
1168 552 1277 621 ἄρα
1337 553 1599 621 ἐννοήσας
1649 553 1676 605 ὁ
1739 551 1914 620 μέγας

2040 549 2360 618 eﬂectorque
2390 548 2552 614 Deus,
2595 548 2648 601 in
2697 544 2885 602 divisis
2921 561 3031 602 non
3062 545 3291 610 divisus,
3341 564 3508 602 unum
3550 550 3607 604 in

345 648 534 718 εἴρηκε
571 643 802 706 Παῦλοςο
837 662 854 695 ι
887 643 995 696 Καὶ
1033 643 1142 712 γὰρ
1165 643 1323 711 εἴπερ
1353 646 1461 697 eici.
1491 643 1777 713 λεγόμενοι
1810 643 1924 695 θεοὶ

353 743 460 792 εἴτε
488 741 544 790 ἐν
569 733 805 805 οὐρανῷ,
831 737 941 788 είτε
969 737 1064 788 ἐπὶ
1094 738 1195 807 τῆς
1243 737 1372 806 γῆς,
1426 736 1613 806 ὥσπερ
1662 733 1754 789 οὖν
1806 736 1922 788 θεοὶ

347 831 558 893 πολλοὶ,
605 830 697 882 καὶ
752 827 933 896 κύριοι
962 828 1164 892 πολλοὶ,
1209 829 1328 882 ἀλλ’
1371 831 1501 899 ἡμῖν
1569 827 1651 892 εἷς
1703 829 1835 890 Θεὸς
1895 829 1923 880 ὁ

348 920 638 991 ιΙατὴρ,ὲξ
685 913 748 970 οἵ»
786 919 854 971 τὰ
918 920 1114 983 πάντα,
1171 922 1262 972 καὶ
1321 915 1402 976 εἷς
1456 921 1657 990 Κύριος
1714 919 1922 987 Ἰησοῦς

347 1013 600 1082 Χριστὸς,
627 1011 696 1064 δι’
725 1004 786 1063 οὗ
827 1010 895 1062 τὰ
925 1013 1124 1066 πάντα.
1164 1031 1182 1062 ι
1229 1011 1342 1064 Καὶ
1363 1012 1472 1082 γὰρ
1508 1014 1598 1064 ἐπὶ
1633 1011 1738 1064 τῶν
1763 1011 1923 1063 Οείων

348 1104 672 1173 αίένότητες
705 1103 1084 1172 ἐπικρατοῦσι,
1144 1104 1239 1161 καὶ
1293 1104 1747 1174 προκατάρχουσι
1813 1102 1922 1156 τῶν

331 1186 698 1265 ¹διδικρίσειιιιν.

955 1459 1067 1516 Τοῦ
1093 1459 1305 1518 αὐτοῦ.

420 1550 634 1622 Ὥσπερ
665 1555 723 1608 ’ἐν
756 1557 853 1626 μὲν
887 1558 920 1627 ἡ
954 1559 1143 1627 μονὰς,
1174 1561 1279 1630 πρὸ
1310 1560 1528 1613 πάντων
1579 1562 1636 1614 δέ
1671 1563 1785 1614 ἐστι
1811 1560 1921 1614 τῶν

326 1645 633 1718 ’ἀριθμῶν,
658 1649 748 1700 καὶ
777 1649 925 1701 ἔστιν
949 1649 1098 1702 αἰτία
1129 1653 1336 1715 παντὸς
1379 1653 1640 1725 ἀριθμοῦ,
1677 1655 1774 1706 καὶ
1822 1655 1921 1706 οὐκ

355 1740 509 1792 ἐστιν
545 1740 796 1811 ἀριθμὸς,
831 1741 948 1794 ἀλλ’
976 1743 1117 1812 ἀρχὴ
1149 1745 1421 1813 ἀριθμῶν,
1454 1746 1543 1799 καί
1565 1748 1671 1809 πᾶς
1691 1745 1924 1817 ἀριθμὸς

352 1829 582 1897 μονάδος
613 1831 871 1900 μετέχει·
900 1831 1258 1904 λέγεται,γὰρ
1295 1833 1423 1898 δυὰς
1487 1837 1606 1905 μία,
1668 1837 1765 1890 καὶ
1823 1839 1923 1908 μία

325 1914 502 1990 ¹τριὰς
531 1921 628 1974 καὶ
655 1919 911 1994 καθεξῆς·
953 1928 1049 1978 καὶ
1072 1925 1232 1986 αὖθις
1254 1928 1426 1997 ἥμισυ
1447 1928 1525 1990 ἓν,
1561 1930 1652 1983 καὶ
1681 1930 1924 2000 δίμοιρον

327 2011 431 2075 Ἐν,
475 2013 570 2065 καὶ
604 2013 788 2083 τρίτον
819 2015 902 2080 ἓν,
964 2017 1060 2070 καὶ
1126 2018 1397 2088 καθεξῆςο
1452 2023 1547 2075 καὶ
1585 2022 1646 2074 οὐ
1690 2022 1854 2091 μόνον
1875 2023 1924 2076 oi

347 2103 600 2173 ἀριθμοὶ,
628 2106 764 2160 ἀλλὰ
797 2109 889 2161 καὶ
923 2109 992 2162 τὰ
1016 2111 1183 2182 μέρη,
1217 2114 1308 2164 καὶ
1348 2113 1511 2184 μόρια
1535 2115 1643 2168 τῶν
1675 2115 1925 2186 ἀριθμῶν

347 2195 450 2264 τῆς
481 2197 710 2266 μονάδος
748 2200 1095 2272 μετέχουσιν,
1162 2205 1281 2274 ἤτοι
1339 2206 1434 2259 τοῦ
1490 2207 1629 2271 ἑνὸς,
1695 2209 1786 2261 καὶ
1827 2209 1928 2260 οὐκ

346 2283 501 2340 ἐστιν
538 2289 596 2340 οὐ
630 2288 855 2360 πλῆθος,
907 2293 1004 2363 οὐχ
1057 2294 1201 2359 ὅλον,
1239 2297 1301 2349 οὐ
1339 2298 1529 2366 μέρος,
1560 2299 1621 2350 οὐ
1656 2298 1867 2370 μόριον,
1899 2300 1928 2352 ὃ

329 2373 432 2447 ’μὴ
460 2377 698 2462 τοῦ-ἐνὸς
730 2382 968 2452 μετέχει,
1001 2385 1136 2439 ἀλλὰ
1156 2387 1217 2439 τὸ
1241 2387 1341 2456 μὲν
1366 2387 1536 2441 πολλὰ
1558 2393 1671 2453 τοῖς
1704 2390 1927 2462 μέρεσιν

347 2465 412 2519 ἓν
450 2465 529 2537 τῷ
551 2456 664 2540 ἶλῳ
707 2473 846 2539 ἐστὶ,
877 2475 972 2529 καὶ
1001 2476 1061 2530 τὸ
1091 2477 1263 2532 πολλὰ
1291 2471 1412 2543 τοῖς
1435 2456 1839 2552 συμϐεϐηκόσιν
1870 2482 1929 2538 εδ

350 2557 431 2629 τῷ
467 2559 816 2636 ὑποκειμένῳ
842 2568 981 2633 ἐστὶ,
1037 2571 1220 2624 καὶτὸ
1271 2573 1443 2625 πολλὰ
1482 2573 1559 2643 τῷ
1612 2575 1835 2644 ἀριθμῷ
1895 2577 1927 2645 ἢ

351 2654 479 2715 ταῖς
511 2651 812 2724 δυνάμεσιν
842 2655 900 2708 ἓν
927 2657 1002 2728 τῷ
1037 2659 1192 2727 εῖδει,
1243 2663 1338 2715 καὶ
1368 2663 1428 2716 τὸ
1456 2663 1625 2717 πολλὰ
1656 2668 1766 2728 τοῖς
1793 2665 1930 2719 εἴδε-

351 2757 438 2794 σιν
474 2740 632 2813 ἓντῷ
663 2744 836 2812 γένει,
886 2751 980 2800 καὶ
1027 2750 1088 2803 τὸ
1127 2752 1298 2805 πολλὰ
1326 2754 1447 2816 ταῖς
1479 2754 1729 2824 προόδοις
1779 2756 1836 2808 ἓν
1860 2759 1926 2827 τῇ

351 2835 527 2904 ἀρχῇ·
564 2835 654 2887 καὶ
684 2838 731 2888 εἱ
765 2840 898 2891 πᾶσι
927 2841 995 2894 τὰ
1025 2841 1199 2901 πάντα
1223 2845 1515 2914 ἡνωμένως
1543 2863 1625 2909 τις
1648 2847 1922 2914 ὑπόθοιτο,

355 2924 518 2978 ἔσται
560 2926 632 2979 τὰ
667 2929 843 2984 πάντα
877 2930 934 2984 ἓν
953 2932 1028 3002 τῷ
1061 2933 1166 3004 ὅλῳ
1194 2950 1207 2964 ·
1265 2933 1405 2988 οὕτω
1441 2936 1534 2989 καὶ
1559 2940 1586 2990 ὁ
1607 2939 1738 3000 Θεὸς
1759 2939 1815 2992 ἓν
1845 2940 1933 2992 λέ-

346 3029 512 3082 γεται
544 3017 607 3069 εὑ
628 3018 788 3087 μόνον
813 3020 889 3084 ὡς
917 3022 1076 3092 μόνος
1101 3025 1195 3078 καὶ
1213 3023 1553 3097 ἐξῃρημένος
1577 3029 1796 3081 πάντων
1827 3029 1934 3083 τῶν

351 3105 528 3158 ὖντων
567 3111 713 3164 κατὰ
738 3112 938 3178 πάντα,
963 3117 1057 3168 καὶ
1083 3117 1156 3180 ὡς
1194 3119 1420 3185 ἁπλοῦς,
1453 3121 1550 3173 καὶ
1577 3120 1811 3191 ἀμερὴς,
1839 3122 1934 3175 καὶ

2027 641 2233 705 multis,
2267 657 2379 694 non
2429 639 2774 703 commistus,
2825 654 2926 692 nec
2968 637 3382 708 multiplicatus.
3414 647 3474 692 ut
3512 640 3607 708 qui

2025 731 2220 786 eximia
2247 731 2480 785 essentia
2508 729 2856 801 singulariter
2883 737 2986 784 est.
3021 738 3075 783 et
3105 729 3391 797 plusquam
3421 727 3606 783 divina

2028 821 2234 874 ratione
2257 836 2502 874 summus
2527 820 2688 873 Deus.
2712 818 2842 884 Qua:
2865 818 3081 885 quidem
3107 816 3352 885 cogitans
3381 832 3612 885 magnus

2029 911 2228 964 Paulus
2262 926 2277 965 :
2313 929 2330 960 ι
2357 909 2612 974 Quamvis
2653 910 2853 974 enim,»
2886 908 3078 976 inquit,
3120 926 3135 958 ι
3163 905 3317 960 multi
3349 905 3479 969 sint,
3513 906 3610 976 qui

2028 1005 2286 1058 dicuntur
2317 1003 2410 1065 dii,
2457 1003 2570 1056 sive
2602 1004 2656 1056 in
2681 1002 2836 1060 coelo.
2876 1001 2989 1057 sive
3021 1000 3075 1053 in
3114 1008 3276 1061 terra,
3319 999 3591 1067 siquidem

2026 1093 2180 1147 multi
2212 1101 2340 1145 sunt
2383 1092 2478 1156 dii,
2522 1101 2575 1145 et
2603 1091 2808 1146 domini
2842 1091 3017 1154 multi,
3056 1101 3238 1143 tanton
3271 1103 3414 1142 unus
3446 1089 3612 1143 nobis

2027 1195 2109 1239 est
2139 1184 2283 1239 Deus
2326 1183 2508 1249 Pater,
2553 1201 2619 1238 ex
2650 1199 2756 1253 quo
2800 1183 3004 1247 omnia,
3035 1189 3088 1236 et
3135 1197 3278 1236 unus
3331 1179 3596 1234 Dominus

2024 1275 2183 1330 Jcsus
2212 1275 2478 1341 Christus,
2513 1259 2608 1344 per
2625 1291 2780 1344 quem
2827 1274 3065 1327 omnia‘.
3093 1292 3111 1324 ι
3147 1271 3280 1327 Nam
3317 1274 3370 1327 in.
3400 1272 3600 1327 divinis

2026 1369 2190 1422 etiam
2216 1367 2453 1422 unitates
2492 1366 2848 1420 divisionibus
2877 1366 3228 1418 antecellunt.

2715 1478 2986 1546 Ejusdem.

2083 1572 2550 1636 Quemadmodum
2586 1587 2752 1624 unum
2790 1569 3008 1637 quidem
3033 1579 3115 1622 est
3141 1568 3321 1622 unitas
3348 1576 3402 1621 et
3427 1567 3614 1620 omnia

2027 1664 2128 1719 bus
2163 1667 2404 1720 numeris
2432 1663 2726 1724 antecedit,
2775 1672 2830 1716 et
2859 1661 3105 1714 omnium
3139 1675 3490 1714 numerorum
3525 1671 3613 1713 est.

2028 1770 2213 1816 causa,
2252 1768 2364 1810 nec
2414 1765 2592 1810 tamen
2624 1769 2905 1817 numerus,
2934 1753 3028 1806 sed
3059 1752 3385 1822 principium
3419 1768 3614 1806 nume-

2032 1862 2254 1900 rorum:
2293 1857 2348 1901 ιι
2383 1846 2562 1899 omnis
2628 1859 2891 1897 numerus
2950 1853 3035 1897 est
3097 1842 3369 1910 particeps
3428 1843 3612 1894 unita-

2037 1937 2409 2004 tis;dicimus
2461 1935 2610 1990 enim
2671 1935 2941 1989 binarium
3006 1950 3197 1997 unum,
3225 1942 3278 1986 et
3312 1933 3612 1987 ternarium

2034 2045 2240 2093 unum,
2281 2043 2344 2082 ac
2394 2027 2604 2096 reliqua
2643 2026 2901 2094 deinceps
2961 2025 3155 2078 eodem
3203 2024 3404 2087 modo,
3456 2022 3615 2076 iteru-

2034 2138 2139 2192 que
2202 2121 2483 2176 dimidium
2542 2135 2734 2185 unum,
2789 2117 3103 2187 bipartitum
3168 2125 3460 2177 unum,ct
3520 2114 3618 2167 tri-

2035 2213 2294 2284 partitum
2356 2226 2546 2274 unum,
2572 2222 2734 2278 atque
2785 2209 2857 2262 ita
2919 2208 3226 2276 deinceps;
3281 2221 3383 2259 nec
3440 2205 3616 2259 solum

2036 2304 2271 2368 numeri,
2304 2304 2398 2357 sed
2453 2315 2801 2355 numerorum
2863 2302 3064 2368 partes,
3091 2308 3144 2352 ει
3179 2295 3454 2366 particula:
3495 2297 3619 2350 uni-

2041 2395 2199 2454 tatis,
2247 2395 2363 2448 sive
2438 2395 2599 2448 unius
2664 2391 2956 2461 participes
3018 2401 3185 2456 sunt,
3224 2399 3278 2442 et
3321 2388 3470 2442 nulla
3536 2399 3622 2442 est

2039 2488 2350 2550 multitudo,
2392 2487 2601 2540 nullum
2638 2492 2834 2547 totum,
2881 2483 3027 2537 nulla
3073 2498 3220 2552 pars,
3264 2483 3408 2535 nulla
3456 2482 3623 2550 parti-

2036 2581 2179 2644 cula,
2211 2596 2330 2649 quae
2362 2581 2431 2634 sit
2456 2579 2618 2632 unius
2643 2592 2837 2646 expers
2864 2592 2878 2640 ;
2911 2577 3002 2630 sed
3039 2576 3180 2644 quod
3207 2576 3455 2645 partibus
3480 2575 3620 2627 mul-

2039 2670 2202 2739 tiplex
2235 2680 2340 2731 est,
2378 2683 2546 2722 unum
2578 2683 2639 2721 ex
2677 2675 2829 2731 toto;
2862 2676 2912 2720 et
2961 2666 3104 2735 quod
3138 2677 3223 2720 est
3249 2665 3621 2720 accidentibus

2041 2761 2345 2830 multiplex,
2389 2770 2469 2814 est
2512 2773 2680 2812 unum
2717 2757 3003 2826 subjecto;
3052 2767 3107 2811 et
3135 2757 3277 2820 quod
3312 2767 3397 2809 est
3443 2756 3624 2808 multi-

2039 2851 2163 2923 plex
2210 2866 2459 2917 numero,
2512 2859 2609 2904 aut
2656 2849 2923 2922 potentia,
2970 2858 3052 2903 est
3092 2864 3260 2902 unum
3305 2847 3518 2917 specie;
3568 2855 3623 2899 et

2043 2944 2185 3013 quod
2238 2942 2421 3011 specie
2467 2939 2751 3008 multiplex
2798 2948 2901 3003 est,
2933 2955 3100 2993 unum
3163 2948 3246 2992 est
3287 2953 3518 3008 genere;
3567 2944 3622 2989 ct

2043 3034 2188 3104 quod
2235 3032 2612 3102 progressibus
2644 3041 2728 3086 est
2758 3031 3063 3100 multiplex,
3093 3040 3177 3100 est
3208 3044 3377 3083 unum
3419 3028 3623 3104 princi-

2043 3126 2171 3197 pio;
2197 3133 2250 3180 et
2281 3124 2323 3178 si
2355 3125 2478 3194 quis
2508 3123 2760 3176 omnibus
2788 3121 2970 3175 omnia
2997 3121 3329 3192 coniunctim
3361 3099 3624 3188 accumu-s

346 3195 697 3291 ἀξιαίρετος,
733 3206 829 3256 καὶ
861 3206 1261 3278 ἀπαθὴς,ἁλλὰ
1294 3211 1389 3262 καὶ
1432 3211 1508 3274 ὼς
1558 3213 1663 3280 πρὸ
1715 3215 1931 3265 πάντων

2042 3195 2140 3282 let,
2178 3225 2292 3271 toto
2318 3231 2484 3269 unum
2510 3226 2672 3269 erunt
2700 3214 2882 3268 omnia
2906 3229 2919 3264 :
2950 3213 3028 3267 sic
3057 3213 3218 3267 etiam
3252 3211 3392 3265 Deus
3421 3212 3626 3278 dicitur.

343 3286 456 3340 τῶν
500 3289 691 3356 ὄντων,
748 3297 842 3349 καὶ
896 3297 1004 3367 πρὸ
1059 3300 1277 3357 πάντων
1327 3303 1522 3366 αἴτιος.
1570 3304 1666 3356 Ἓν
1707 3305 1817 3374 γὰρ
1870 3303 1932 3358 τδ

342 3380 583 3436 πάντ-ων
611 3385 721 3438 τῶν
747 3387 921 3442 ὄντων
953 3391 1150 3458 αἴτιον,
1183 3393 1276 3446 καὶ
1320 3394 1516 3458 ἑνικῶς
1556 3395 1636 3461 ἓν,
1679 3396 1798 3466 ἦτοι
1829 3396 1932 3453 Ht-

315 3472 478 3560 ‘xc‘bc,
529 3473 845 3548 ἐξαιρέτως,
871 3483 965 3536 καὶ
992 3484 1095 3553 πρὸ
1119 3486 1336 3540 πάντων
1362 3487 1419 3541 δὲ
1463 3485 1524 3557 ἐξ
1567 3487 1734 3542 αὑτοῦ
1761 3527 1775 3550 ,
1837 3490 1934 3543 mi.

320 3568 466 3656 pct’
523 3568 675 3636 αὐτὸ,
709 3575 804 3626 καὶ
827 3574 901 3636 ὡς
927 3571 1035 3628 ’ὑπὸ
1088 3579 1306 3632 πάντων
1338 3579 1446 3634 τῶν
1489 3581 1662 3634 ὄντων
1711 3584 1935 3652 μετεχό-

341 3675 528 3727 μενος
563 3665 706 3717 κατὰ
754 3669 854 3737 τὴν
906 3669 1143 3724 ἑκάστου
1203 3673 1642 3742 ἐπιτηδειότητα.
1701 3675 1773 3727 Τὸ
1826 3677 1934 3747 γὰρ

337 3754 542 3825 πάντη
571 3757 842 3828 ἀμέτοχον
873 3761 1039 3819 αὐτοῦ
1080 3763 1258 3834 πάντη
1291 3765 1365 3835 μὴ
1394 3767 1453 3818 δν
1503 3767 1622 3819 ἐστι
1649 3782 1662 3796 ·
1721 3767 1816 3820 καὶ
1875 3767 1936 3821 τὸ

332 3837 483 3899 εἶναι
535 3847 596 3899 τὸ
627 3846 688 3900 ἓν
723 3851 898 3906 πάντα
951 3845 1069 3908 ἐστὶ
1103 3855 1172 3908 τὰ
1225 3857 1374 3912 ὄντα.
1417 3859 1526 3913 Καὶ
1574 3859 1672 3912 οὐκ
1729 3860 1936 3914 ἔστιτὸ

335 3935 586 3991 παντων
609 3939 781 3992 αἴτιον
812 3941 890 4010 ἓν,
918 3931 1032 3999 ’τῶν
1056 3947 1271 4001 πάντων
1298 3948 1378 4012 ἓν,
1411 3948 1526 4002 ἀλλ’
1565 3951 1705 4020 ὑπὲρ
1737 3954 1844 4005 πᾶν
1878 3951 1936 4006 ἓν

341 4027 440 4080 καὶ
467 4029 690 4091 παντὸς
713 4031 851 4096 ἐνὸς,
873 4035 967 4088 καὶ
995 4035 1228 4106 πλήθους
1256 4036 1445 4107 ὥσπερ
1475 4038 1778 4108 ποιητικὸν,
1796 4037 1938 4092 οὕτω

338 4119 438 4169 καὶ
470 4120 786 4192 ὀριστικόν.
825 4125 934 4177 Καὶ
958 4124 1088 4178 ἄνευ
1120 4126 1216 4195 μὲν
1236 4127 1329 4180 τοῦ
1347 4127 1466 4190 ἐνὸς
1495 4127 1595 4180 οὐκ
1627 4129 1778 4182 ἐσται
1802 4129 1940 4200 πλῆ-

339 4210 459 4277 θος,
492 4211 636 4266 ἄνευ
663 4209 720 4266 δέ
747 4214 986 4282 πλήθους
1026 4215 1178 4272 ἔσται
1208 4218 1269 4269 τὸ
1300 4217 1378 4280 ἓν,
1416 4219 1492 4283 ὡς
1517 4220 1612 4275 καὶ
1638 4219 1806 4290 μονὰς
1837 4223 1941 4290 πρὸ

339 4305 568 4367 παντὸς
633 4304 869 4376 ἀριθμοῦ
946 4308 1427 4380 πεπληθυσμένου.
1481 4312 1590 4364 Καὶ
1645 4312 1825 4366 πάντα
1883 4313 1944 4365 ἐν

345 4398 538 4470 ἐαυτῷ
599 4397 660 4450 τὸ
694 4397 774 4463 ἓν,
817 4399 911 4451 καὶ
957 4399 1025 4453 τὰ
1054 4402 1269 4456 ἐναντία
1307 4403 1951 4475 ἐνοειδῶς,κα¹ιάσυγχύ-

344 4507 481 4557 τως,
515 4493 615 4544 καὶ
659 4488 997 4562 ὑπερουσίως
1031 4494 1327 4564 προείληφε
1361 4496 1454 4547 καὶ
1507 4496 1884 4568 περιείληφεν.

2041 3324 2204 3373 unus,
2229 3323 2339 3362 non
2367 3306 2549 3368 modo,
2577 3316 2634 3359 ut
2664 3305 2812 3365 solus
2859 3314 2912 3358 et
2945 3319 3124 3358 rerum
3155 3304 3395 3358 omnium
3424 3303 3474 3355 in
3504 3318 3622 3355 om-

2045 3399 2210 3454 nibus
2239 3395 2753 3461 excellentissimus,
2781 3407 2959 3462 neque
2982 3399 3039 3445 ut
3072 3391 3298 3458 simplex
3325 3397 3427 3454 est,
3455 3397 3507 3442 et
3529 3390 3624 3459 qui

2040 3504 2144 3543 nec
2170 3489 2224 3541 in
2249 3498 2434 3557 partes
2460 3485 2653 3549 secari,
2681 3499 2781 3538 nec
2807 3483 2998 3548 diVidi,
3030 3497 3128 3536 nec
3156 3481 3293 3534 aiiici
3325 3481 3432 3534 ullo
3457 3481 3620 3532 modo

2041 3590 2251 3652 potest;
2283 3595 2467 3633 verum
2497 3579 2684 3642 etiam,
2709 3585 2766 3629 ut
2807 3575 2897 3644 qui
2927 3584 3056 3629 ante
3091 3576 3272 3627 omnia
3303 3571 3535 3635 exsistit,
3571 3581 3628 3641 et

2042 3683 2126 3729 est
2147 3672 2387 3727 omnium
2417 3685 2611 3723 causa:
2643 3683 2807 3722 unum
2833 3668 2977 3735 enim
3008 3672 3093 3720 est
3113 3681 3271 3719 causa
3298 3679 3474 3716 rerum
3506 3677 3627 3715 om-

2042 3766 2222 3827 nium,
2264 3773 2317 3816 ot
2362 3760 2710 3832 singulariter
2753 3774 2851 3813 seu
2915 3758 3154 3828 proprie,
3200 3765 3253 3810 et
3295 3754 3626 3808 excellenter

2041 3865 2125 3911 est
2152 3870 2347 3920 unum,
2382 3863 2436 3907 et
2468 3864 2594 3906 ante
2625 3851 2827 3906 omnia.
2863 3847 3057 3916 Omnia
3091 3858 3273 3904 autem
3301 3863 3362 3901 ex
3396 3847 3538 3916 ipso.
3571 3855 3627 3899 et

2043 3957 2169 4018 post
2195 3947 2393 4022 ipsum,
2421 3955 2479 3996 ut
2504 3958 2562 3997 se
2587 3945 2748 3996 rebus
2773 3941 3026 3995 omnibus
3052 3953 3149 4009 pro
3179 3939 3441 4008 cujusque
3475 3937 3628 3991 habi-

2048 4039 2204 4092 litate
2246 4035 2640 4090 communicat.
2691 4032 2844 4099 Quod
2897 4030 3044 4086 enim
3088 4046 3311 4101 prorsus
3357 4040 3440 4085 est
3482 4031 3627 4083 illius

2049 4145 2266 4200 expers,
2295 4126 2518 4181 omnino
2554 4140 2661 4179 non
2694 4134 2799 4181 est.
2834 4124 2897 4176 Et
2923 4138 3006 4188 eo,
3032 4122 3172 4191 quod
3205 4132 3289 4176 est
3315 4137 3505 4186 unum,
3545 4132 3630 4175 est

2050 4220 2256 4284 omnia.
2294 4218 2358 4272 Et
2394 4217 2536 4288 quod
2573 4224 2656 4271 est
2681 4225 2872 4280 Unum,
2906 4215 3148 4268 omnium
3181 4219 3364 4278 eausa,
3399 4229 3505 4267 non
3548 4224 3631 4266 est

2050 4328 2239 4369 eorum
2275 4310 2517 4376 omnium
2554 4324 2743 4373 unum,
2791 4307 2886 4362 sed
2933 4315 3016 4362 est
3059 4322 3222 4377 supra
3272 4309 3432 4361 Omne
3482 4306 3624 4374 quod

2055 4413 2138 4461 cst
2173 4418 2362 4459 unum.
2395 4399 2460 4454 Et
2499 4399 2679 4454 omnis
2719 4397 2832 4460 tum
2878 4398 3057 4462 unius,
3107 4407 3241 4465 tum
3266 4398 3631 4455 multitudinis

2055 4506 2164 4552 tam
2193 4496 2420 4552 eﬂ'ector
2449 4502 2552 4560 est,
2581 4507 2742 4562 quam
2771 4489 3042 4545 deﬁnitor.
3069 4489 3132 4542 Et
3166 4490 3288 4543 "sine
3315 4503 3422 4542 uno
3451 4489 3632 4542 multi-

346 4588 488 4642 tudo
522 4603 634 4642 non
670 4600 772 4644 est.
826 4589 957 4645 Sine
999 4589 1344 4668 multitudine
1388 4599 1569 4647 autem
1615 4606 1780 4648 unum
1829 4592 1953 4656 erit,
1986 4591 2128 4652 sicut
2172 4601 2225 4645 et
2271 4591 2453 4648 unitas
2493 4597 2621 4643 ante
2668 4601 2888 4640 omnem
2945 4599 3232 4638 numerum
3301 4573 3631 4650 multiplica-

344 4691 495 4736 tum.
544 4685 612 4738 Et
650 4685 830 4738 omnia
873 4685 1035 4741 etiam
1068 4700 1188 4754 quae
1237 4667 1362 4741 sunt
1393 4689 1534 4744 inter
1563 4702 1623 4743 se
1665 4686 1934 4745 contraria
1977 4686 2033 4746 in
2060 4685 2246 4755 seipso
2303 4699 2468 4738 unum
2501 4681 2631 4736 illud
2659 4696 2766 4735 una
2802 4680 2986 4748 specie
3043 4685 3099 4731 et
3161 4667 3279 4741 Sine
3310 4672 3628 4732 confusione

343 4777 659 4848 conjuncm
721 4778 935 4838 ratione
996 4780 1230 4848 quadam
1293 4781 1587 4838 essentiam
1644 4790 1939 4852 superante
1977 4774 2377 4850 praeoccupavit
2426 4784 2588 4844 atque
2620 4774 2938 4842 complexus
2963 4780 3068 4827 est.

981 4873 1090 4928 Τοῦ
1137 4873 1342 4928 αὑτοῦ.

442 4961 517 5013 Ἡ
558 4961 678 5016 οεία
706 4965 897 5034 εἰρήνη
933 4965 1026 5018 καὶ
1048 4967 1105 5016 ἐν
1140 4966 1308 5036 ἑαυτῇ
1341 4967 1479 5032 ἐστι,
1527 4969 1620 5020 καὶ
1651 4967 1780 5025 εἵσω
1816 4967 1947 5020 ἐαυ-

342 5055 474 5123 τῆς,
494 5055 595 5105 καὶ
629 5053 722 5106 ἐπὶ
752 5054 929 5108 πάντα
957 5055 1026 5107 τὰ
1053 5056 1182 5108 ὄντα
1203 5053 1438 5126 πρόεισι,
1457 5059 1548 5110 καὶ
1577 5056 1942 5127 μεταδίδωσιν

343 5145 568 5214 ἑαυτῆς
595 5146 778 5208 αὐτοῖς
831 5147 1046 5208 οἰκείως
1092 5148 1300 5211 αὐτοῖς,
1366 5148 1462 5200 καὶ
1522 5149 1740 5208 πάντων
1800 5150 1950 5207 ἐστὶν

341 5234 604 5305 ἑνωτικὴ
655 5236 716 5288 τὸ
781 5241 1033 5306 μεριστὸν
1086 5238 1288 5309 πλῆθος
1329 5237 1530 5292 ἀὐτῶν
1556 5243 1634 5302 εἰς
1670 5240 1769 5310 τὴν
1819 5241 1948 5311 ὃλην

342 5330 597 5396 ἑνότητα
615 5329 1046 5399 ἐπιστρέφουσα,
1080 5333 1172 5385 καὶ
1193 5334 1368 5386 πάντα
1396 5333 1715 5403 ἀσυγχύτως
1752 5351 1947 5401 συγκεο

344 5421 678 5492 ραννῦουσα
706 5424 842 5494 πρὸς
872 5424 1096 5495 ᾅλληλα,
1147 5427 1244 5479 καὶ
1280 5425 1458 5480 πάντα
1495 5428 1819 5496 συνείρουσα
1851 5425 1945 5478 ἀλ-

343 5515 552 5585 λήλοις
591 5515 686 5569 καὶ
720 5516 914 5588 ἑαυτῇ.
962 5519 1074 5572 Καὶ
1132 5520 1298 5573 πᾶσίν
1355 5521 1472 5572 ἐστι
1530 5519 1629 5588 τῆς
1692 5518 1950 5586 ἰδιότητος

345 5608 612 5665 ἑκάστου
652 5608 982 5680 φυλακτικὴ.
1027 5611 1096 5665 δι’
1149 5613 1215 5682 ἦν
1277 5613 1311 5683 ἡ
1364 5612 1465 5684 μία
1529 5615 1624 5666 καὶ
1664 5611 1952 5674 ἁδιάλυτος

346 5699 598 5756 πάντων
629 5701 916 5774 συμπλοκὴ
941 5703 1257 5775 ὑφίσταται,
1281 5705 1378 5759 καὶ
1411 5703 1774 5778 ἐναρμόζεται
1811 5721 1948 5774 cup.-

441 5882 459 5917 ⁸
493 5883 513 5938 ι
543 5879 672 5937 Cor.
700 5898 817 5951 rm,
844 5884 899 5953 5,
927 5885 976 5940 6.

2697 4884 2975 4953 Ejusdem.

2133 4977 2322 5034 Divina
2352 4993 2454 5047 pax
2485 4982 2539 5029 et
2573 4974 2628 5027 in
2693 4975 2870 5043 seipsa
2899 4982 3001 5038 est,
3033 4981 3088 5028 et
3123 4974 3262 5028 intra
3293 4975 3547 5044 seipsam,
3575 4987 3632 5034 et

2051 5067 2118 5122 ad
2153 5081 2241 5128 res
2285 5060 2476 5120 omnes
2512 5063 2878 5133 progreditur,
2915 5077 3084 5132 seque
3133 5063 3237 5117 illis
3286 5063 3630 5116 familiariter

2051 5158 2442 5214 communicat.
2479 5154 2545 5209 Et
2599 5154 2840 5209 omnium
2875 5162 2957 5210 est
2990 5155 3351 5219 conciliatrix,
3395 5169 3461 5208 ac
3490 5152 3630 5206 divi?

2053 5254 2214 5306 duam
2242 5262 2428 5303 earum
2463 5245 2870 5300 multitudinem
2899 5243 2965 5298 ad
2991 5253 3168 5304 totam
3201 5245 3462 5296 unitatem
3494 5254 3628 5306 cop-

2051 5340 2233 5398 vertit.
2269 5338 2336 5392 Et
2365 5337 2544 5393 omnia
2575 5338 2691 5393 sine
2724 5336 3039 5392 confusione
3069 5344 3260 5389 mutuo
3287 5334 3627 5396 commiscet,

2052 5431 2342 5500 omniaque
2383 5430 2622 5487 vicissim
2665 5427 2958 5485 contrahit.
3009 5427 3072 5481 Et
3125 5427 3249 5489 sibi,
3275 5433 3331 5479 et
3375 5422 3631 5478 omnibus

2055 5523 2451 5591 proprietatem
2517 5520 2783 5592 cujusque
2829 5525 3136 5584 conservat,
3166 5531 3264 5585 per
3313 5529 3476 5584 quam
3523 5530 3629 5578 una

2054 5623 2110 5668 et
2160 5613 2552 5668 indissolubilis
2608 5614 2851 5668 omnium
2907 5607 3226 5677 eonjunctio
3285 5615 3516 5670 constat,
3571 5615 3630 5662 et

2055 5705 2346 5760 consensio
2379 5719 2441 5759 ac
2463 5714 2750 5759 εοιιευιιιιι·
2779 5701 2990 5771 quidam
3015 5699 3263 5771 edicitur,
3289 5715 3409 5756 eum
3434 5713 3630 5760 unum-
