4060 6278
482 385 585 460 135

1721 391 2119 456 ΕΗΤΗΥΜΙΙ
2158 395 2523 463 ZIGABENI

3643 392 3743 468 136

476 494 734 570 quodque
766 511 873 551 non
907 496 1129 553 mistum
1168 507 1261 554 aut
1289 496 1585 561 turbidum,
1628 498 1721 554 sed
1783 516 1975 570 purum
2009 517 2038 556 e

2170 505 2384 571 φώνως,
2431 506 2522 558 καὶ
2585 505 2868 576 συμφυῶς,
2926 507 3276 576 ἀκραιφνοῦς,
3341 507 3433 560 καὶ
3485 507 3742 576 ἀμιγοῦς,

474 587 748 642 sincerum
794 590 845 643 in
894 591 1111 661 propria
1142 591 1321 657 specie
1345 593 1417 646 ita
1447 601 1682 658 maneat,
1713 602 1765 646 et
1798 594 2046 662 conjunc-

2166 598 2257 649 καὶ
2288 596 2683 650 ἀνεπιθολώτου
2737 598 2991 666 μένοντος
3020 600 3251 653 ἑκάστου
3284 598 3425 652 κατὰ
3449 601 3508 651 τὸ
3543 602 3742 653 οἰκεῖον

476 680 625 733 tione
660 681 876 750 quidem
919 683 1223 751 copuletur,
1258 693 1469 739 natura:
1507 694 1686 739 autem
1716 690 2054 755 proprietate

480 770 774 826 dividatur.
810 772 926 842 Ipsa
956 773 1121 843 igitur
1152 776 1424 845 prmeipua
1450 767 1787 830 conciliatrix
1821 794 1922 847 pax
1950 791 2061 831 me-

472 862 578 916 diis
609 873 849 919 extrema
890 865 1143 921 devincit.
1178 866 1542 932 Quamobrem
1569 879 1623 923 et
1670 870 2061 939 antiquissimae

473 952 578 1006 illa:
610 955 1008 1010 conciliatrices
1065 965 1361 1026 potestates
1410 969 1524 1012 tum
1559 959 1688 1027 ipsae
1720 960 1862 1012 inter
1892 976 1968 1022 se,
2007 968 2061 1014 et

471 1059 594 1096 cum
633 1059 738 1100 una
776 1046 1018 1099 omnium
1053 1047 1332 1117 principali
1369 1063 1499 1116 pace
1545 1050 1910 1121 copulantur;
1946 1059 2059 1103 tum

475 1150 558 1198 ea,
593 1150 715 1203 qua:
746 1137 847 1191 sibi
876 1137 1118 1207 subjecta
1155 1153 1285 1195 sunt
1330 1152 1521 1195 mutuo
1550 1142 1690 1195 inter
1722 1143 1855 1210 ipsa,
1886 1152 1933 1203 et
1968 1157 2058 1195 se-

470 1242 593 1279 cum
627 1235 678 1280 et
712 1242 837 1281 eum
877 1244 985 1282 uno
1015 1245 1196 1282 rerum
1251 1232 1494 1283 omnium
1527 1230 1674 1299 pacls
1699 1231 1969 1300 principio
2005 1240 2060 1285 et

473 1334 636 1373 causii
692 1321 1055 1389 coniungunt.
1106 1321 1252 1375 Nihil
1290 1331 1373 1375 est
1420 1322 1583 1391 igitur
1631 1306 1887 1388 omnino,
1915 1323 2058 1392 quod

478 1426 668 1475 pacem
713 1427 823 1466 non
870 1422 1037 1467 amet.
1087 1412 1164 1466 Ac
1212 1413 1427 1466 tametsi
1477 1412 1572 1478 illi,
1610 1413 1701 1481 qui
1736 1412 2055 1473 inimicitiis,

468 1502 600 1555 rixis
630 1510 684 1555 et
705 1502 1064 1556 seditionibus
1088 1503 1345 1572 gaudent,
1377 1518 1407 1555 a
1435 1518 1567 1571 pace
1618 1510 1674 1556 et
1701 1501 1851 1572 pacis
1904 1516 2057 1555 com-

473 1592 652 1646 modis
696 1593 944 1648 videntur
989 1594 1312 1656 abhorrere,
1349 1602 1404 1648 et
1434 1594 1537 1663 ipsi
1582 1604 1766 1648 tamen
1807 1593 2059 1649 obscuris

468 1684 792 1752 quibusdam
820 1685 971 1754 paois
993 1684 1300 1738 simulacris
1328 1684 1638 1754 capiuntur,
1660 1692 1715 1740 et
1739 1701 1863 1740 cum
1894 1685 2058 1739 variis

468 1778 941 1846 perturbationum
974 1778 1214 1833 motibus
1244 1778 1648 1843 concutiantur,
1679 1794 1774 1833 eos
1805 1779 2056 1847 imperite

2166 685 2306 752 εἶδος
2331 705 2344 718 ⁸
2378 692 2474 741 καὶ
2508 690 2788 760 ήνωμένου
2823 689 2922 760 μὲν
2959 694 3024 762 τῇ
3060 692 3382 761 συγκράσει,
3412 691 3744 762 διῃρημένου

2163 780 2219 833 δὲ
2240 783 2302 850 τῇ
2344 781 2570 852 ἰδιότητι
2594 784 2693 852 τῆς
2727 770 2962 849 φύσεως.
3025 781 3175 854 Αὕτη
3228 777 3321 835 οῦν
3376 784 3409 851 ἡ
3476 782 3744 852 ἀρχισυν-

2164 872 2383 940 άγωγος
2413 873 2602 944 εἰρήνη
2635 873 2813 929 συνδεῖ
2844 876 2911 927 τὰ
2932 874 3076 944 ἄκρα
3104 873 3191 926 διά
3214 874 3324 926 τῶν
3359 872 3742 944 μέσων.”0οεν

2164 964 2219 1015 αἰ
2248 963 2624 1031 πρεσϐύταται
2653 967 2762 1018 τῶν
2799 966 3130 1034 συναγωγῶν
3160 966 3447 1036 δυνάμεων
3502 965 3663 1018 αὐταί
3683 982 3743 1016 τε

2167 1053 2303 1121 πρὸς
2328 1053 2565 1124 ἀλλήλας
2591 1057 2685 1108 καὶ
2720 1056 2855 1122 πρὸς
2884 1058 2982 1126 τὴν
3018 1056 3145 1125 μίαν
3173 1056 3281 1108 τῶν
3328 1057 3463 1109 ὅλων
3486 1058 3743 1124 εἰρηναρα

2164 1146 2285 1215 χίαν
2304 1146 2571 1211 ένοῦνται,
2590 1150 2683 1200 καὶ
2706 1148 2885 1201 ἐνοῦσι
2915 1150 2982 1202 τὰ
3013 1147 3103 1217 ὑφ’
3126 1149 3327 1211 ἑαυτὰς
3351 1149 3487 1219 πρὸς
3514 1142 3739 1216 ἄλληλα,

2163 1240 2419 1310 καὶπρὸς
2460 1241 2683 1307 ἑαυτὰς,
2710 1243 2805 1295 καὶ
2852 1243 2986 1312 πρὸς
3028 1243 3127 1312 τὴν
3174 1243 3302 1309 μίαν
3353 1242 3447 1295 καὶ
3502 1241 3741 1311 παντελῆ
3805 1267 3811 1275 -

2160 1332 2257 1399 τῆς
2287 1333 2397 1384 τῶν
2423 1333 2645 1386 πάντων
2676 1336 2901 1405 εἰρήνης
2940 1335 3114 1405 ἀρχὴν
3167 1335 3262 1388 καὶ
3317 1334 3517 1388 αἰτίαν.
3576 1333 3744 1387 Οὐδὲν

2162 1420 2256 1477 οῦν
2274 1424 2382 1477 τῶν
2421 1426 2642 1479 πάντων
2675 1426 2822 1485 ἐστὶν
2854 1426 3149 1497 ἀνέραστον
3178 1426 3425 1496 εἰρήνης.
3484 1426 3545 1477 Εἰ
3589 1424 3648 1478 δὲ
3693 1426 3742 1479 οἰ

2162 1516 2355 1582 θυμοῖς
2377 1517 2470 1579 καὶ
2500 1516 2664 1587 ἔρισι,
2695 1518 2787 1570 καὶ
2805 1517 3237 1580 ἀκαταστασίαις
3290 1516 3574 1587 χαίροντες
3606 1517 3745 1568 ἀπε-

2159 1607 2264 1677 χθά
2279 1626 2447 1661 ωνται
2476 1613 2541 1679 τῇ
2575 1610 2787 1683 εἰρήνῃ,
2834 1612 3068 1671 καὶτοῖς
3108 1610 3206 1679 τῆς
3243 1610 3466 1683 εἰρήνης
3498 1607 3743 1674 ἀγαθοῖς,

2159 1699 2273 1752 ἀλλ’
2298 1699 2391 1753 οὖν
2419 1700 2515 1753 καὶ
2547 1701 2703 1759 αὐτοὶ
2732 1702 3001 1773 ἀμαυροῖς
3030 1700 3272 1763 εἰδώλοις
3302 1700 3587 1779 εἰρηνικῆς
3614 1699 3744 1767 ἐφέ-

2161 1809 2297 1855 σεως
2324 1792 2768 1861 διακρατοῦνται,
2801 1793 3180 1863 ἐνοχλούμενοι
3229 1795 3329 1861 μὲν
3395 1792 3499 1845 ὑπὸ
3551 1792 3742 1847 παθῶν

468 1870 730 1925 cohibere
790 1871 1093 1940 sedareque
1140 1871 1557 1941 concupiscunt.
1602 1878 1658 1925 et
1702 1879 1949 1940 sperant,
1998 1885 2046 1924 se

2162 1883 2562 1954 πολυκινήτων,
2618 1885 3075 1955 ἀνεπιστημόνως
3132 1885 3190 1937 δὲ
3234 1885 3387 1956 ίστᾷν
3437 1882 3601 1945 αὐτὰ,
3651 1882 3744 1936 καὶ

471 1962 839 2031 voluptatum,
867 1978 1104 2032 quarum
1130 1963 1440 2018 inordinato
1474 1962 1782 2017 victricium
1817 1962 2055 2018 tumultu

463 2063 811 2125 premuntur,
840 2056 1153 2126 expletione
1179 2070 1369 2127 pacem
1406 2055 1728 2125 adepturus.

1066 2258 1347 2331 Ejusdem.

519 2349 574 2405 ῐιι
606 2365 665 2409 ea
696 2363 884 2414 causa,
911 2364 1032 2419 quae
1059 2358 1255 2406 cuncta
1282 2351 1336 2403 in
1367 2365 1476 2404 uno
1500 2349 1899 2419 complectitur,
1928 2349 2052 2418 pul-

459 2443 652 2497 chrum
723 2454 775 2497 et
803 2442 1152 2511 pulchritudo
1183 2442 1570 2513 distinguenda
1601 2458 1710 2496 non
1745 2452 1893 2495 sunt.
1927 2440 2052 2496 Ilazc

458 2536 604 2588 enim
630 2534 886 2588 omnibus
915 2533 968 2587 in
996 2533 1160 2588 rebus
1202 2533 1256 2586 in
1289 2532 1581 2601 participes
1613 2540 1668 2585 et
1701 2532 2045 2585 communio-

461 2643 560 2680 nes
587 2626 899 2680 dividentes
919 2666 932 2689 ,
962 2615 1237 2691 pulclirum
1266 2624 1501 2677 dicimus
1528 2622 1673 2692 quod
1698 2630 1783 2677 est
1806 2622 2045 2691 pulchri-

459 2719 664 2773 tudinis
699 2719 1005 2788 particeps;
1055 2715 1500 2784 pulchritudinem
1550 2729 1679 2768 vero
1700 2715 2044 2770 communio-

456 2827 581 2864 nem
631 2811 775 2864 illius
810 2825 993 2863 rerum
1029 2823 1231 2872 causa},
1272 2823 1395 2878 quae
1436 2807 1689 2877 pulchras
1722 2821 1808 2860 res
1853 2821 2047 2859 omnes

457 2902 642 2956 cllicit.
675 2902 841 2961 Deum
878 2912 1057 2956 autem
1096 2910 1152 2955 et
1178 2900 1465 2969 pulchrum
1502 2899 1755 2961 dicimus.
1787 2908 1845 2951 ut
1871 2898 1962 2965 qui
1990 2906 2045 2951 et

458 2999 623 3055 totus,
655 3000 708 3044 et
738 3006 973 3060 semper,
1006 2999 1062 3045 et
1103 2990 1386 3045 excellenti
1421 2990 1632 3042 ratione
1663 2988 1891 3058 pulcher
1923 2996 2030 3054 est,

454 3090 508 3135 et
542 3082 897 3152 pulchrorum
929 3083 1170 3138 omnium
1219 3091 1437 3145 natura,
1483 3090 1537 3135 et
1569 3080 1713 3145 fons,
1756 3093 1810 3135 et
1839 3095 2036 3145 causa;

2161 1973 2472 2027 ἀποπαύειν
2503 1974 2804 2046 ἐφιέμενοι,
2841 1976 2938 2029 καὶ
2984 1975 3222 2045 οἰόμενοι
3247 1978 3313 2046 τῇ
3348 1974 3743 2047 ἁποπληρώσει

2159 2066 2269 2118 τῶν
2295 2065 2656 2136 ἐνοχλούντων
2700 2065 3007 2136 εἰρηνεύειν
3041 2067 3273 2130 ἑαυτοὺς
3334 2066 3739 2137 ἐκταραττομέ-

2158 2174 2281 2221 νθυς
2303 2160 2368 2227 τῇ
2400 2157 2598 2226 ἀταξίᾳ
2618 2156 2729 2210 τῶν
2770 2157 3132 2227 κρατησασῶν
3160 2156 3383 2231 ἡδονῶν.

2772 2246 2883 2301 Τοῦ
2915 2247 3123 2301 αὐτοῦ.

2226 2340 2407 2393 Καλὸν
2436 2340 2531 2393 καὶ
2558 2338 2755 2401 κάλλος
2786 2340 2847 2393 οὐ
2879 2326 3181 2411 διαιρετέον
3212 2340 3303 2403 ἐπὶ
3334 2340 3432 2407 τῆς
3467 2340 3522 2391 ὲν
3556 2341 3636 2393 ἑνὶ
3668 2340 3741 2400 τὰ

2152 2439 2248 2497 ὅλα
2281 2437 2666 2508 συνειληφυίας
2700 2436 2898 2499 αἰτίας.
2954 2436 3141 2489 Ταῦτα
3175 2435 3286 2504 γάρ
3319 2437 3416 2487 ἐπὶ
3476 2435 3574 2504 μὲν
3622 2434 3733 2491 τῶν

2154 2530 2323 2583 ὄντων
2357 2530 2613 2590 ἁπάντων
2672 2531 2754 2593 εἰς
2817 2530 3137 2599 μετέχοντα,
3189 2529 3284 2589 καὶ
3336 2528 3568 2601 μετοχὰς
3593 2525 3737 2590 διαι-

2156 2621 2397 2692 ροῦντες.
2438 2622 2605 2680 καλὴν
2647 2625 2746 2692 μὲν
2799 2622 3033 2691 λέγομεν
3086 2621 3146 2673 τὸ
3190 2620 3421 2682 κάλλους
3486 2617 3735 2688 μετέχον,

2151 2714 2345 2778 κάλλος
2368 2714 2423 2767 δὲ
2457 2714 2555 2784 τὴν
2587 2712 2821 2791 μετοχὴν
2850 2714 2950 2782 τῆς
2987 2711 3280 2766 καλοποιοῦ
3315 2714 3425 2765 τῶν
3449 2711 3615 2763 ὄντων
3651 2711 3740 2773 ai-

2146 2808 2290 2869 τίας.
2335 2807 2395 2859 '0
2426 2805 2557 2867 Θεὸς
2579 2807 2634 2858 δὲ
2653 2806 2818 2859 καλὸν
2849 2806 2948 2871 μὲν
2965 2805 3181 2873 λέγεται
3205 2804 3277 2869 ὡς
3307 2803 3607 2870 πάγκαλος,
3639 2801 3736 2854 καὶ

2146 2899 2420 2961 ἀείκαλος,
2450 2900 2545 2952 καὶ
2586 2897 2916 2967 ὑπέρκαλος,
2966 2899 3059 2950 καὶ
3096 2898 3259 2965 φύσις
3288 2896 3452 2949 καλοῦ
3511 2892 3733 2956 παντὸς,

2146 2989 2241 3040 καὶ
2257 2989 2493 3053 πηγαῖον
2508 2985 2695 3043 καλὸν.
2718 2986 2811 3038 καὶ
2833 2986 3006 3038 αἴτιον
3026 2985 3214 3039 καλοῦ·
3238 2984 3432 3047 κάλλος
3454 2984 3507 3036 δὲ
3526 2982 3614 3035 διὰ
3638 2981 3735 3049 τὴν

2145 3078 2414 3132 ἀπἀὖτοῦ
2440 3080 2571 3130 πᾶσι
2590 3074 2823 3141 τοῖςοῦσι
2849 3078 3268 3148 μεταδιδομένην
3285 3075 3733 3148 οἰκείωςὲκάστῳ

454 3176 915 3242 pulchritudinem
970 3192 1100 3231 vero
1135 3176 1500 3246 appellamus,
1562 3174 1820 3243 quoniam
1856 3172 1924 3226 ab
1970 3186 2038 3225 eo

2152 3172 2429 3241 καλλονὴν,
2453 3172 2546 3224 καὶ
2568 3170 2641 3233 ὡς
2659 3171 2755 3240 τῆς
2775 3173 2990 3224 πάντων
3013 3170 3379 3241 εῦαρμοστίας
3392 3169 3486 3223 καὶ
3502 3167 3735 3236 ἀγλαΐας

452 3266 618 3319 rebus
646 3267 901 3321 omnibus
936 3281 1034 3336 pro
1062 3282 1163 3321 suo
1201 3268 1464 3335 cuiusque
1498 3266 1658 3319 modo
1687 3262 2041 3333 pulchritudo

452 3357 909 3421 communicatur,
982 3367 1037 3413 et
1078 3358 1204 3427 quia
1249 3358 1494 3419 omnium
1546 3355 1935 3410 concinnitatis
1986 3363 2043 3409 et

456 3448 649 3503 nitoris
682 3458 766 3503 est
804 3458 1015 3513 auctor,
1050 3450 1302 3503 omnibus
1358 3448 1533 3502 instar
1591 3448 1729 3502 lucis
1790 3461 2040 3501 commu-

2148 3264 2340 3329 αἴτιος,
2373 3265 2762 3333 ἐναστράπτων
2813 3266 2943 3329 πᾶσι
2993 3263 3147 3340 δίκην
3204 3265 3381 3332 φωτὸς
3428 3261 3525 3323 τὰς
3575 3262 3734 3325 καλο-

2148 3358 2334 3419 ποιοὶθς
2365 3354 2465 3423 τῆς
2485 3355 2726 3426 πηγαίας
2750 3358 2964 3418 ἀκτῖνος
2985 3354 3148 3409 αὑτοῦ
3174 3353 3510 3424 μεταδόσεις,
3538 3354 3631 3407 καὶ
3654 3352 3731 3416 ὡς

2147 3446 2326 3510 καλῶν
2369 3447 2452 3516 ἐφ’
2486 3447 2678 3507 ἑαυτὸν
2710 3449 2905 3502 πάντα.
2954 3446 3237 3510 Ἑλκτικὸν
3259 3447 3366 3516 γὰρ
3397 3446 3454 3498 τὸ
3484 3446 3701 3507 κάλλος.

455 3543 643 3596 nicans
709 3542 983 3597 radiorum
1019 3541 1206 3597 omnia
1273 3543 1502 3612 pulchra
1560 3541 1873 3605 facientium
1923 3540 2079 3611 quasi
2125 3541 2291 3596 fontis
2335 3543 2562 3606 rivulos,
2612 3552 2666 3597 et
2723 3542 2789 3596 ad
2842 3543 3083 3612 seipsum
3133 3543 3316 3598 omnia
3378 3556 3617 3595 vocans:
3654 3547 3738 3593 at,

454 3632 704 3688 trahendi
726 3633 870 3687 enim
918 3633 1025 3686 vim
1050 3632 1214 3687 habet
1257 3631 1607 3702 pulchritudo
1646 3614 2006 3703 [(l)ejusque
2040 3646 2237 3688 nomen
2274 3633 2413 3702 apud
2444 3632 2662 3689 Graecos
2696 3647 2725 3686 a
2758 3634 2949 3697 verbo,
2986 3632 3129 3703 quod
3200 3648 3386 3695 vocare
3443 3629 3733 3706 signiﬁcat:

455 3725 667 3780 videtur
694 3740 815 3781 esse
843 3724 1185 3798 deductum].

1126 3813 1404 3884 Ejusdem.

521 3905 584 3961 In
632 3904 745 3960 Deo
796 3904 941 3960 idem
985 3914 1071 3960 est
1116 3905 1405 3976 pulchrum
1458 3915 1512 3959 et
1556 3905 1781 3961 bonum.
1829 3906 2048 3962 Pulchri

453 4013 685 4067 namque
714 4006 769 4053 et
790 3997 914 4053 boni
942 3998 1242 4067 cupiditate
1269 3998 1499 4071 ﬂagrant
1549 4003 1751 4065 omnia,
1801 4003 1866 4057 ad
1894 4001 2051 4056 illud-

451 4106 558 4159 que
591 4090 745 4163 valde
772 4098 1021 4143 currunt.
1042 4087 1104 4141 Et
1124 4089 1262 4143 nihil
1288 4100 1371 4145 est
1391 4091 1636 4157 omnino,
1666 4093 1809 4162 quod
1845 4109 1954 4146 non
1977 4094 2048 4148 sit

453 4181 663 4251 pulchri
712 4181 949 4250 bonique
978 4181 1272 4251 particeps.
1304 4181 1581 4261 Siquidem
1609 4194 1663 4255 et
1689 4189 1892 4249 omnia,
1919 4201 2041 4255 quas

453 4282 604 4346 Sunt,
647 4273 715 4327 ab
750 4273 863 4337 ipso
892 4272 1121 4342 pulchro
1175 4273 1427 4343 bonoque
1461 4274 1685 4351 habent,
1712 4287 1772 4331 ut
1800 4279 1950 4349 sint:
1984 4287 2040 4351 et

452 4378 483 4417 a
516 4364 744 4431 pulchro
769 4352 839 4417 et
865 4362 1009 4433 bono
1039 4372 1352 4433 moventur,
1378 4373 1434 4435 et
1460 4348 1746 4438 reguntur,
1780 4348 1839 4436 et
1860 4348 2038 4439 conti-

2760 3810 2871 3865 Τοῦ
2902 3812 3111 3867 αὐτοῦ.
3174 3802 3177 3803 ν

2231 3906 2355 3959 Ἐπὶ
2386 3904 2522 3958 Θεοῦ
2561 3904 2761 3957 ταυτόν
2791 3906 2910 3956 ὲστι
2943 3904 3004 3957 τὸ
3038 3904 3201 3959 καλὸν
3228 3904 3306 3974 τῷ
3356 3906 3563 3975 ἀγαθῷ.
3620 3908 3730 3971 Τοό

2148 3999 2315 4053 καλοῦ
2344 3999 2450 4069 γὰρ
2500 3998 2593 4052 καὶ
2641 3995 2849 4065 ἀγαθοῦ
2906 3998 3085 4051 πάντα
3143 3999 3380 4066 ἐφίεται,
3434 4005 3529 4053 καὶ
3588 4000 3729 4070 ἄγαν

2148 4088 2259 4143 θέει
2291 4089 2377 4141 ἐπ’
2419 4087 2576 4152 αὐτὸ,
2612 4087 2708 4141 καὶ
2730 4086 2829 4139 οὐκ
2861 4085 2978 4139 ἐστι
3010 4103 3063 4139 τι
3098 4087 3206 4139 τῶν
3227 4087 3418 4152 ὄντων,
3445 4089 3472 4142 ὃ
3502 4090 3576 4160 μὴ
3599 4109 3731 4160 μετ-

2148 4179 2261 4249 ἐχει
2293 4178 2386 4231 τοῦ
2419 4178 2583 4231 καλοῦ
2607 4180 2701 4231 καὶ
2728 4178 2956 4246 ἀγαθοῦ.
2994 4178 3149 4231 Ἐπεὶ
3180 4181 3273 4234 καὶ
3293 4180 3472 4235 πάντα
3502 4184 3567 4236 τὰ
3598 4184 3728 4250 ὄντα

2148 4272 2213 4323 ὲκ
2244 4270 2340 4323 τοῦ
2372 4270 2538 4323 καλοῦ
2576 4269 2672 4323 καὶ
2705 4268 2910 4336 ἀγαθοῦ
2962 4271 3100 4330 ἐστι,
3128 4273 3222 4324 καὶ
3264 4272 3369 4326 ὑπὸ
3412 4275 3509 4327 τοῦ
3558 4276 3727 4330 καλοῦ

2149 4362 2247 4428 καὶ
2276 4361 2484 4429 ἀγαθοῦ
2513 4362 2766 4425 κινεῖται,
2785 4362 2881 4414 καὶ
2909 4364 3241 4431 προνοεῖται,
3267 4365 3363 4416 καὶ
3414 4366 3723 4437 συνέχεται,

453 4464 677 4519 nentur,
710 4462 765 4507 et
789 4464 1013 4541 propter
1040 4456 1326 4525 pulchrum
1355 4466 1409 4511 et
1434 4459 1632 4527 bonum
1669 4461 1957 4528 exsistunt,
1987 4469 2040 4515 et

2152 4456 2242 4508 καὶ
2267 4454 2355 4508 διὰ
2391 4453 2450 4506 τὸ
2474 4452 2639 4515 καλὸν
2660 4454 2754 4506 καὶ
2785 4453 2990 4521 ἀγαθόν
3021 4455 3163 4519 ἐστι,
3192 4454 3288 4517 καὶ
3320 4457 3486 4519 πᾶσίν
3519 4458 3634 4519 ἐστι
3665 4456 3728 4511 τὸ

453 4548 522 4603 ab
584 4547 839 4621 omnibus
893 4534 1198 4616 pulchrum
1270 4557 1325 4603 et
1392 4548 1597 4604 bonum
1649 4553 2038 4623 expetendum,

452 4643 779 4705 amandum,
836 4624 1167 4711 diligendum
1228 4648 1284 4694 et
1337 4626 1725 4706 admirandum.
1802 4644 2039 4700 videtur.

453 4731 640 4784 Ausim
691 4732 893 4797 dicere,
957 4741 1012 4786 et
1036 4731 1111 4796 id,
1142 4732 1287 4801 quod
1339 4748 1447 4787 non
1490 4742 1594 4799 est,
1644 4750 1765 4790 esse
1831 4738 2040 4806 pulchri

455 4819 695 4888 bonique
744 4821 1039 4891 particeps.
1102 4819 1257 4876 Tunc
1304 4822 1451 4876 enim
1502 4832 1558 4877 et
1592 4823 1770 4891 ipsum
1806 4836 1892 4880 est
1926 4828 2043 4894 pul-

453 4912 648 4963 chrum
707 4920 761 4965 et
810 4911 1037 4977 bonum,
1093 4928 1217 4967 cum
1266 4927 1363 4979 per
1411 4914 1750 4983 negationem
1812 4916 1878 4971 de
1930 4916 2040 4973 Deo

451 5001 670 5061 dicitur.
703 5002 771 5067 Ut
808 5019 933 5059 cum
982 5006 1151 5059 Deum
1185 5006 1489 5060 increatum
1534 5007 1861 5077 principium
1929 5019 2039 5064 ter-

456 5095 779 5164 minunique
821 5111 931 5149 non
976 5096 1191 5161 habeat,
1227 5106 1282 5151 et
1328 5097 1429 5165 alia
1459 5099 1747 5167 ejusmodi,
1774 5116 1893 5170 quae
1926 5117 2037 5155 non

458 5201 584 5241 esse
614 5188 938 5257 signiﬁcant,
973 5189 1288 5242 asserimUs.
1311 5189 1535 5258 Appetit
1571 5191 1717 5245 enim
1752 5201 1807 5246 et
1836 5193 2037 5262 ipsum,

452 5279 600 5349 quod
644 5294 750 5332 non
797 5287 901 5342 est,
958 5279 1195 5348 quodam
1254 5279 1417 5334 modo
1465 5280 1654 5349 Deum,
1703 5293 1760 5341 et
1803 5285 2036 5354 quadam

455 5373 667 5427 ratione
692 5373 746 5426 in
780 5387 845 5427 eo
874 5383 1105 5426 conatur
1132 5386 1276 5426 esse.

1126 5462 1402 5532 Ejusdem.

524 5551 730 5609 Omnes
761 5554 1046 5615 mentium,
1075 5556 1379 5610 animorum
1407 5566 1463 5611 et
1522 5572 1810 5628 corporum
1842 5569 2037 5625 status,

451 5654 512 5699 et
544 5654 724 5701 motus
752 5661 816 5701 ex
847 5648 1074 5717 pulchro
1143 5648 1395 5720 bonoque
1424 5659 1569 5706 sunt.
1600 5651 1866 5706 Omnibus
1888 5653 2035 5707 enim

452 5745 632 5795 Status
672 5749 725 5791 et
762 5748 938 5792 motus
987 5750 1070 5793 est
1116 5741 1187 5805 id,
1245 5742 1389 5811 quod
1423 5758 1586 5813 supra
1626 5760 1845 5800 onmem
1912 5761 2031 5811 mo-

518 5857 590 5921 (ἰ)
618 5856 804 5907 Inclusa
846 5857 1030 5907 addidit
1071 5860 1222 5910 Zinus
1262 5858 1510 5922 interpres

2145 4545 2313 4600 καλὺν
2345 4544 2439 4599 καὶ
2472 4544 2677 4613 ἀγαθὸν
2698 4545 2911 4613 ἐφετὸν,
2941 4546 3036 4598 καὶ
3066 4546 3318 4614 ὲραστὸν,
3354 4550 3448 4599 καὶ
3505 4548 3729 4617 ἀγαπηγ

2144 4636 2257 4700 τὸν,
2285 4637 2382 4689 καὶ
2414 4636 2672 4704 ἀγαστόν.
2722 4636 2999 4706 Τολμήσει
3044 4636 3220 4692 δὲκαὶ
3270 4637 3428 4690 τοῦτο
3482 4639 3661 4703 εἰπεῖν
3696 4641 3725 4693 ὁ

2143 4728 2324 4794 λόγος,
2348 4729 2431 4782 δτι
2450 4729 2545 4782 καὶ
2572 4727 2633 4781 τὸ
2670 4727 2744 4799 μὴ
2774 4727 2833 4780 δν
2858 4728 3076 4799 μετέχει
3117 4728 3211 4780 τοῦ
3259 4729 3426 4781 καλοῦ
3456 4729 3552 4783 καὶ
3579 4732 3723 4799 ἀγα·

2143 4818 2259 4873 θοῦ.
2286 4821 2423 4873 Τότε
2440 4820 2547 4891 γὰρ
2577 4821 2739 4875 καλὸν
2771 4819 2865 4875 καὶ
2912 4821 3044 4873 αὐτὸ
3068 4823 3161 4875 καὶ
3192 4822 3421 4890 ἀγαθὸν,
3443 4825 3572 4877 ὅταν
3631 4827 3725 4878 ἐπὶ

2142 4910 2278 4963 Θεοῦ
2314 4912 2457 4964 κατὰ
2493 4912 2788 4982 ἀφαίρεσιν
2852 4913 3109 4982 λέγηται,
3144 4908 3257 4967 οἷον
3288 4913 3370 4966 ὅτι
3400 4914 3428 4977 ὁ
3471 4913 3603 4974 Θεὸς
3660 4914 3724 4968 ἄ-

2146 5017 2381 5068 κτιστος,
2408 5004 2663 5075 ἄναρχος,
2703 5005 2975 5077 ἀόριστος,
3000 5008 3093 5063 καὶ
3120 5008 3187 5060 τὰ
3227 5007 3472 5071 τοιαῦτα,
3501 5007 3601 5059 ὅσα
3624 5004 3719 5059 τοῦ

2147 5093 2221 5162 μὴ
2248 5093 2398 5157 ὖντος
2451 5096 2744 5166 δηλωτικὰ.
2809 5098 3054 5166 Ἐφίεται
3123 5098 3234 5174 γάρ
3292 5097 3720 5167 αὐτοῦ’τρόπον

2139 5186 2263 5238 τινὰ
2296 5186 2390 5257 καὶ
2424 5189 2556 5257 αῦτὸ
2585 5190 2646 5243 τὸ
2672 5189 2748 5265 μὴ
2778 5189 2859 5257 ὃν,
2901 5190 2996 5243 καὶ
3019 5190 3315 5260 φιλονεικεί
3338 5208 3456 5255 πως
3494 5191 3551 5257 έν
3573 5188 3722 5263 αὑτῷ

2140 5295 2304 5339 ειναι.

2755 5468 2866 5522 Τοῦ
2900 5467 3108 5522 αὑτοῦ.

2212 5557 2277 5609 Δί
2317 5557 2532 5620 στάσεις
2563 5559 2732 5612 πᾶσαι
2770 5560 2863 5611 καὶ
2923 5562 2978 5613 αἰ
3013 5562 3256 5630 κινήσεις
3305 5560 3370 5612 ὲκ
3420 5557 3512 5611 τοῦ
3541 5548 3715 5623 καλοῦ

2140 5653 2230 5704 καί
2254 5651 2460 5720 ἀγαθοῦ
2489 5653 2661 5717 εἰσιν,
2695 5655 2747 5706 αἱ
2781 5653 2890 5706 τῶν
2942 5654 3100 5719 νὸων,
3134 5653 3189 5706 αἱ
3225 5654 3333 5705 τῶν
3385 5651 3595 5722 ψυχῶν.
3660 5653 3719 5704 αἱ

2140 5744 2245 5799 τῶν
2279 5747 2569 5813 σωμάτων.
2601 5747 2795 5811 Στάσις
2820 5748 2930 5818 γάρ
2974 5750 3091 5802 ἐστι
3133 5748 3288 5812 πᾶσι,
3348 5748 3440 5800 καὶ
3500 5744 3719 5827 κίνησις
