4094 6286
301 410 402 475 13⁸1

1261 406 1639 469 PANOPLIA
1678 404 2137 468 DOGMATICA.
2181 430 2250 441 -·
2286 405 2440 467 ΤΙΤ.
2488 405 2604 466 ΙΙΙ.

3470 410 3574 472 138

305 521 401 591 τῆς
425 518 571 590 ὑπὲρ
594 518 777 573 πᾶσαν
808 516 1017 581 στάσιν,
1078 515 1173 571 καὶ
1221 532 1458 588 κινησιν,
1530 514 1710 585 ίδρύον
1758 515 1884 569 ἔκα-

1991 520 2103 570 tum
2133 514 2563 585 unumquodque
2589 515 2643 568 in
2675 514 2885 571 ratione
2916 514 3135 586 propria
3173 514 3569 585 conﬁrmat,-et

306 626 432 665 στον
460 611 520 664 tv
544 607 621 680 τῷ
647 607 761 676 ἰδίῳ
790 605 953 677 λόγῳ,
983 605 1077 660 καὶ
1105 604 1288 661 κινοῦν
1308 606 1402 660 ἐπὶ
1424 608 1525 678 τὴν
1554 605 1694 660 ἰδίαν
1723 604 1879 674 κίνη-

305 719 415 756 οιν.

906 788 1021 844 Τοῦ
1059 788 1272 845 αὐτοῦ.
1330 805 1336 811 ‘

388 885 486 938 Ἐκ
507 881 666 947 Θεοῦ,
691 880 787 935 καὶ
819 882 879 936 tv
918 880 1039 951 Θεῷ
1079 882 1177 935 καὶ
1205 880 1337 936 αὐτὸ
1359 882 1421 935 τὸ
1474 877 1637 947 εἶναι,
1669 883 1765 936 καὶ
1821 885 1880 937 αἰ

303 975 415 1030 τῶν
439 975 609 1029 ὄντων
636 976 857 1028 πάντων
892 974 1082 1046 ἀρχαὶ,
1141 974 1239 1039 καὶ
1265 974 1334 1028 τὰ
1366 972 1498 1028 ὄντα
1542 975 1743 1040 πάντα,
1786 975 1882 1029 καὶ

305 1069 375 1123 τὰ
396 1067 649 1137 ἀλλήλοις
671 1065 910 1120 ἐναντία.
947 1066 1056 1119 Καὶ
1080 1064 1242 1120 τοῦτο
1305 1066 1576 1136 ἀσχέτως,
1609 1067 1705 1121 καὶ
1729 1067 1879 1132 ἔξαι-

307 1160 500 1231 ρέτως,
531 1159 629 1213 καὶ
662 1158 1133 1230 συνειλημμένως,
1177 1158 1274 1213 καὶ
1301 1157 1539 1222 ὲνιαίως.
1598 1160 1708 1213 Καὶ
1772 1159 1881 1230 γὰρ

304 1251 401 1307 καὶ
428 1252 488 1303 tv
521 1250 711 1321 μονάδι
737 1250 847 1312 πᾶς
877 1249 1113 1320 ἀριθμὸς
1169 1249 1417 1313 ένοειδῶς
1469 1250 1881 1321 προῦςςέστηκε,

310 1343 403 1396 καὶ
424 1340 540 1411 ἔχει
569 1341 750 1396 πάντα
776 1340 1013 1411 ἀριθμὸν
1046 1341 1081 1412 ἠ
1116 1341 1285 1410 μονὰς
1312 1342 1370 1394 tv
1402 1341 1570 1411 ἑαυτῇ
1606 1341 1882 1411 μοναχῶς,

307 1433 384 1494 ὡς
410 1434 560 1488 αἰτία
593 1432 800 1497 παντὸς
821 1432 1082 1504 ἀριθμοῦ.
1138 1432 1248 1486 Καὶ
1277 1433 1387 1497 πᾶς
1417 1432 1650 1503 ἀριθμὸς
1674 1432 1882 1503 ἥνωται

309 1525 409 1595 μὲν
431 1527 488 1578 tv
516 1528 584 1596 τῇ
615 1524 803 1594 μονάδι
822 1539 837 1554 ·
869 1523 993 1578 καθ’
1019 1525 1141 1580 ὅσον
1166 1523 1222 1578 δὲ
1249 1524 1350 1594 τῆς
1383 1525 1611 1594 μονάδος
1643 1525 1881 1595 πρόεισι,

314 1617 459 1671 κατὰ
481 1616 732 1670 τοσοῦτον
758 1617 1121 1688 διακρίνεται,
1174 1617 1269 1671 καὶ
1299 1616 1657 1688 πληθύνεται.
1689 1617 1800 1671 Καὶ
1826 1618 1884 1670 tv

307 1709 522 1778 κέντρῳ
544 1707 601 1761 δὲ
630 1708 801 1760 πᾶσαι
835 1705 1014 1760 αἰτοῦ
1054 1706 1258 1761 κύκλου
1290 1709 1551 1777 γραμμαὶ
1584 1708 1724 1762 κατὰ
1752 1707 1884 1778 μίαν

306 1801 502 1854 ἕνωσιν
526 1798 995 1869 συνυφεστήκασιζ
1019 1800 1113 1851 καὶ
1134 1798 1310 1861 πάσας
1342 1798 1453 1869 έχει
1480 1799 1541 1853 τὸ
1570 1798 1797 1872 κέντρον
1822 1802 1882 1856 έν

1985 609 2050 662 ad
2086 609 2366 679 proprium
2398 609 2603 665 excitat
2631 616 2862 665 motum.

2679 790 2956 857 Ejusdem.
3598 850 3601 853 γ

2043 878 2122 934 Ex
2155 878 2285 947 Deo,
2310 887 2368 935 et
2390 880 2446 935 in
2471 881 2605 949 Deo,
2632 892 2715 938 est
2740 884 2906 939 etiam
2934 885 3113 953 ipsum
3138 900 3283 953 esse,
3308 896 3363 943 et
3382 903 3566 944 rerum

1983 967 2228 1024 omnium
2276 969 2570 1041 principia,
2605 980 2659 1028 et
2682 986 2803 1039 quae
2831 983 2980 1038 sunt,
3017 974 3223 1037 omnia.
3254 976 3419 1031 etiam
3446 994 3569 1047 qua:

1983 1059 2128 1113 inter
2168 1072 2229 1115 se
2278 1070 2411 1114 sunt
2460 1062 2759 1117 contraria.
2813 1060 2955 1119 Sunt
2988 1073 3169 1120 autem
3215 1067 3273 1122 in
3314 1067 3425 1122 Deo
3468 1070 3571 1124 im-

1985 1165 2199 1215 mense,
2230 1157 2287 1206 et
2320 1152 2542 1215 eximie,
2572 1162 2629 1208 et
2666 1154 3025 1223 coniunctim,
3054 1166 3109 1211 et
3140 1159 3322 1213 unice.
3351 1158 3486 1214 Nam
3515 1171 3572 1216 ct

1984 1239 2041 1293 in
2068 1240 2279 1295 unitate
2307 1241 2489 1296 omnis
2513 1258 2775 1299 numerus
2802 1254 2933 1301 ante
2964 1247 3311 1317 singulariter
3339 1251 3567 1306 exstitit.

1982 1333 2052 1388 Et
2088 1332 2290 1399 unitas,
2323 1342 2382 1388 ut
2409 1334 2591 1390 omnis
2619 1337 2833 1391 numeri
2879 1354 3069 1402 causa,
3105 1341 3265 1396 unice
3290 1341 3341 1394 in
3377 1358 3436 1397 se
3470 1358 3571 1397 nu-

1984 1438 2194 1478 merum
2230 1438 2449 1478 omnem
2498 1425 2681 1482 habet.
2731 1429 2798 1482 Et
2832 1432 3013 1486 omnis
3051 1446 3319 1486 numerus
3365 1434 3573 1488 unitate

1986 1530 2128 1571 unus
2158 1513 2405 1569 eﬁicitur.
2438 1513 2714 1581 Quantum
2746 1531 2927 1575 autem
2954 1523 3302 1593 progreditur
3330 1524 3399 1579 ab
3444 1526 3568 1578 uni-

1987 1616 2119 1676 tate,
2146 1606 2407 1663 dividitur
2436 1616 2491 1662 et
2522 1610 2936 1681 multiplicatur.
2971 1614 3033 1668 In
3062 1622 3254 1669 centro
3289 1616 3417 1669 item
3453 1631 3572 1670 om-

1987 1712 2089 1753 nes
2121 1695 2311 1752 circuli
2350 1696 2509 1751 lineaa
2543 1714 2651 1754 una
2689 1702 3036 1769 copulatione
3079 1704 3388 1772 conjuncta:
3418 1712 3572 1759 sunt.

1985 1790 2053 1845 Et
2079 1799 2330 1849 centrum
2358 1790 2415 1845 in
2447 1791 2630 1862 seipso
2656 1801 2833 1848 rectas
2864 1808 3058 1849 omnes
3087 1794 3261 1849 lineas
3288 1803 3398 1849 tum
3425 1795 3572 1865 ipsas

306 1889 482 1958 ἑαυτῷ
518 1889 620 1951 τὰς
650 1865 871 1951 εὐθείας
908 1886 1158 1951 ένοειδῶς
1199 1865 1489 1960 ἡνωμένας
1517 1890 1656 1959 πρός
1684 1865 1744 1945 τε
1794 1893 1884 1946 άλ-

1993 1887 2135 1944 inter
2169 1899 2251 1950 se,
2292 1894 2406 1940 tum
2442 1883 2607 1939 etiam
2637 1898 2761 1938 cum
2792 1898 2900 1939 uno
2944 1884 3038 1940 illo
3080 1885 3375 1956 principio,
3408 1902 3438 1941 a
3468 1904 3575 1956 qun

304 1980 494 2051 λήλας,
526 1980 624 2033 καὶ
685 1980 823 2050 πρὸς
868 1979 969 2050 τὴν
1025 1978 1156 2050 μίαν
1212 1981 1408 2051 ἀρχὴν,
1442 1977 1627 2056 ἀφ’ἦς
1682 1984 1887 2054 προῆλο

306 2071 417 2127 θον.
448 2071 561 2125 Καὶ
593 2070 653 2125 tv
676 2069 828 2139 αὐτῷ
885 2069 989 2139 μὲν
1031 2070 1109 2140 τῷ
1144 2071 1355 2142 κέντρῳ
1395 2073 1676 2136 παντελῶς
1717 2073 1889 2143 ἥνων-

304 2180 416 2229 ται,
454 2163 629 2235 βραχὺ
677 2162 737 2215 δὲ
780 2162 1090 2227 διαστᾶσαι,
1116 2161 1289 2233 βραχὺ
1324 2162 1420 2218 καὶ
1484 2163 1728 2235 ἀλλήλων
1774 2164 1889 2219 δια-

307 2255 610 2325 κρίνονται.
632 2254 850 2309 Μᾶλλον
886 2254 943 2306 δὲ
988 2254 1153 2308 αὐτοῦ
1184 2256 1511 2324 άποστᾶσαι,
1555 2256 1756 2327 μᾶλλον
1793 2258 1889 2310 καὶ

311 2344 561 2414 ἀλλήλων
595 2343 942 2411 ἀφίστανται.
961 2342 1125 2397 Ἀλλὰ
1166 2343 1264 2397 καὶ
1295 2345 1355 2397 tv
1383 2346 1448 2416 τῇ
1486 2345 1583 2416 ὅλῃ
1610 2344 1720 2399 τῶν
1749 2345 1887 2400 ὅλων

308 2434 471 2504 φύσει
532 2434 733 2496 πάντες
774 2434 823 2486 οἰ
865 2432 1016 2502 λόγοι
1071 2433 1174 2503 τῆς
1225 2433 1349 2488 καθ’
1396 2435 1628 2489 ἕκαστον
1672 2435 1889 2505 φύσεως

309 2526 734 2596 συνειλημμένοι
759 2525 869 2579 εἰσὶ
896 2526 1040 2580 κατά
1067 2526 1168 2597 τὴν
1199 2527 1506 2597 ἀσύγχυτον
1536 2528 1748 2581 ἕνωσιν.
1776 2529 1888 2582 Καὶ

304 2618 365 2670 tv
404 2618 469 2685 τῇ
493 2615 639 2686 ψυχῇ
671 2615 728 2669 δὲ
755 2614 1043 2685 μονοειδῶς
1070 2617 1127 2669 αἰ
1149 2616 1257 2670 τῶν
1289 2617 1430 2671 κατὰ
1473 2619 1641 2689 μέρος
1666 2617 1888 2674 πάντων

306 2709 663 2778 προνοητικαὶ
684 2705 780 2760 τοῦ
809 2707 935 2760 δλου
966 2706 1217 2778 σώματος
1272 2707 1554 2779 δυνάμεις.
1587 2710 1759 2764 οὐδὲν
1789 2706 1884 2764 οῦν

305 2797 509 2850 άτοπον
538 2795 601 2859 ιξ
624 2796 882 2866 ἀμυδρῶν
915 2798 1144 2851 εἰκόνων
1186 2798 1281 2851 ἐπὶ
1338 2798 1397 2851 τὸ
1433 2798 1655 2854 πάντων
1713 2800 1885 2855 αἴτιον

305 2887 607 2951 ἀναϐάντες
639 2888 1037 2958 ὑπερκοσμίοις
1058 2888 1357 2961 ὀφθαλμοῖς
1382 2889 1660 2961 θεωρῆσαι
1700 2893 1884 2948 πάντα

307 2981 365 3032 tv
382 2980 458 3051 τῷ
488 2981 709 3036 πάντων
733 2982 896 3052 αἰτίῳ
923 2979 1215 3051 μονοειδῶς
1253 2982 1349 3037 καὶ
1381 2981 1699 3055 ἡνωμένους.

919 3162 1029 3217 Τοῦ
1065 3159 1273 3216 αὐτοῦ.
1903 3195 1950 3255 c

379 3254 551 3325 Εἴπερ
602 3253 633 3305 ό
690 3251 814 3305 καθ’
868 3252 1017 3323 ἡμᾶς
1058 3250 1212 3322 ἥλιος
1272 3249 1373 3314 τὰς
1429 3250 1542 3305 τῶν
1598 3250 1873 3325 αἰσθητῶν

309 3347 500 3410 οὐσίας
552 3346 649 3399 καὶ
698 3346 1015 3415 ποιότητας,
1051 3342 1233 3396 καίτοι
1295 3341 1497 3405 πολλὰς
1544 3343 1640 3397 καὶ
1694 3344 1883 3415 διαφό-

313 3456 437 3509 ρους
463 3437 652 3503 οὔσας,
688 3432 768 3501 εἷς
794 3436 957 3500 αὐτὸς
987 3434 1086 3501 ὢν,
1116 3434 1211 3489 καὶ
1249 3433 1525 3505 μονοειδὲς
1554 3434 1885 3505 έπιλάμπων

312 3531 429 3596 φῶς
459 3529 608 3593 (moi,
643 3530 739 3581 καὶ
785 3527 998 3597 τρέφει,
1033 3526 1129 3580 καὶ
1171 3524 1347 3591 αὔξει,
1394 3527 1489 3580 καὶ
1530 3526 1751 3595 relator,
1785 3530 1882 3584 καὶ

312 3623 564 3691 φρουρεί,
591 3622 686 3674 καὶ
713 3620 1002 3689 διακρίνει,
1024 3616 1121 3670 καὶ
1147 3617 1281 3685 ένοί,
1307 3618 1403 3670 καὶ
1438 3617 1766 3686 ἀναθάλπει,
1789 3621 1905 3675 καί

307 3710 510 3779 γόν.μα
536 3706 675 3764 εῖναι
704 3712 867 3775 ποιεῖ,
891 3710 988 3763 καὶ
1015 3706 1355 3774 ἐξαλλάττει,
1380 3708 1474 3762 καὶ
1496 3710 1754 3780 ὲνιδρύει,
1790 3713 1884 3767 καὶ

308 3802 525 3871 ἐκφύει,
557 3803 652 3857 καὶ
685 3804 954 3869 ἀνακινεῖ,
984 3803 1078 3857 καί
1105 3802 1337 3856 ἕκαστον
1362 3801 1471 3855 τῶν
1498 3802 1636 3857 ὅλων
1666 3804 1883 3868 οἰκείως

309 3893 492 3963 ἑαυτῷ
527 3893 619 3946 τοῦ
651 3894 772 3956 ἑνὸς
801 3893 899 3947 καὶ
924 3892 1127 3947 ταυτοῦ
1165 3891 1320 3963 ἡλίου
1361 3892 1610 3962 μετέχει,
1647 3894 1747 3946 καὶ
1784 3893 1882 3955 τὰς

306 3984 423 4039 τῶν
451 3985 661 4037 πολλῶν
718 3984 961 4054 μετοχῶν
1006 3984 1189 4046 αἰτίας
1225 3984 1254 4037 δ
1282 3978 1363 4048 εἷς
1411 3984 1563 4054 ἥλιος
1599 3987 1656 4037 tv
1704 3985 1884 4055 ἑαυτῷ

312 4076 607 4147 μονοειδῶς
640 4077 881 4146 προέχει,
914 4075 1010 4129 καὶ
1049 4074 1337 4146 περιέχει·
1368 4075 1549 4145 πολλῷ
1586 4074 1788 4145 μᾶλλον
1827 4077 1884 4131 tv

307 4169 378 4236 τῇ
402 4166 496 4219 καὶ
526 4167 691 4219 αὐτοῦ
723 4165 816 4218 τοῦ
848 4164 997 4237 ἡλίου
1026 4165 1119 4219 καὶ
1151 4165 1368 4220 πάντων
1401 4165 1512 4219 τῶν
1536 4166 1706 4220 ὄντων
1732 4167 1885 4240 αἰτία

308 4258 725 4326 προϋφεστάναι
763 4259 832 4311 τὰ
860 4256 1083 4311 πάντων
1110 4256 1221 4310 τῶν
1254 4257 1426 4311 όντων
1456 4257 1885 4329 παραδείγματα

306 4348 454 4401 κατὰ
476 4348 602 4418 μίαν
631 4347 960 4417 ύπερούσιον
989 4347 1185 4402 ἕνωσιν
1227 4349 1634 4420 συγχωρητέον.
1688 4349 1880 4419 Παρα-

305 4440 583 4509 δείγματα
610 4440 667 4492 δὲ
697 4438 793 4493 νῦν
821 4438 1055 4509 λέγομεν
1088 4438 1212 4502 τοὺς
1241 4440 1299 4491 tv
1321 4437 1440 4509 Θεῷ
1469 4439 1685 4502 ἐνιαίως
1719 4443 1887 4510 προῦ-

1994 1990 2299 2050 progressze
2340 1982 2492 2041 sunt,
2534 1989 2642 2028 una
2671 1975 2885 2030 ratione
2914 1974 3234 2045 conjunctas
3270 1976 3457 2030 habet.
3499 1977 3575 2032 Ac

1996 2071 2055 2126 in
2134 2069 2255 2139 ipso
2325 2064 2548 2134 quidem
2608 2075 2801 2121 centro
2860 2066 3081 2136 penitus
3139 2068 3569 2137 coniunguntur.

1990 2162 2190 2217 Parum
2227 2168 2411 2216 autem
2456 2158 2526 2212 ab
2569 2172 2635 2213 eo
2671 2159 2965 2224 distantes,
3008 2174 3202 2228 parum
3247 2166 3303 2213 et
3330 2159 3475 2213 inter
3516 2174 3576 2213 se

1990 2255 2213 2312 distant.
2242 2256 2411 2326 Magis
2446 2270 2575 2310 vero
2607 2253 2676 2308 ab
2707 2252 2799 2306 illo
2829 2248 3173 2314 recedentes,
3204 2249 3377 2319 magis
3407 2248 3572 2303 etiam

1990 2365 2021 2405 a
2050 2366 2111 2406 se
2133 2352 2370 2408 vicissim
2396 2348 2685 2406 recedunt.
2709 2342 2982 2397 Praeterea
3016 2340 3072 2394 in
3099 2347 3211 2395 tota
3238 2354 3419 2393 rerum
3448 2340 3572 2394 uni-

1989 2444 2262 2500 versitatis
2294 2455 2490 2499 natura
2529 2452 2721 2497 omnes
2752 2432 3044 2505 singularis
3090 2439 3299 2486 naturae
3332 2430 3574 2486 rationes

1989 2535 2151 2590 simul
2182 2536 2448 2592 devinct'e
2476 2548 2626 2592 sunt.
2656 2532 2740 2587 Ad
2765 2531 2882 2586 haec
2911 2524 3302 2582 moderatrices
3331 2524 3575 2595 singulo-

1988 2642 2104 2682 rum
2128 2628 2295 2682 totius
2318 2629 2565 2698 corporis
2588 2626 2734 2681 vires
2758 2624 2814 2678 in
2833 2620 3016 2677 animo
3042 2618 3201 2674 unice
3224 2618 3572 2688 copulantur.

1987 2720 2350 2786 Quamobrem
2392 2720 2694 2774 absurdum
2724 2730 2837 2770 non
2870 2721 2977 2779 est,
3008 2718 3068 2766 ut
3094 2724 3194 2781 per
3220 2709 3484 2765 obscuras
3511 2720 3576 2761 ac

1991 2822 2181 2869 tenues
2217 2813 2484 2883 imagines
2516 2811 2584 2866 ad
2616 2811 2790 2880 ipsam
2824 2818 3009 2861 rerum
3063 2800 3308 2858 omnium
3350 2812 3574 2853 causam

1987 2904 2369 2970 ascendentes,
2400 2902 2575 2958 oculis
2606 2898 2812 2956 mundo
2843 2891 3260 2953 sublimioribus
3290 2889 3474 2945 omnia
3506 2888 3564 2943 in

1987 2998 2106 3066 ipsa
2157 3010 2340 3050 rerum
2389 3009 2553 3050 causa
2597 2989 2864 3063 singulari
2906 2987 3127 3043 vinculo
3172 2982 3467 3054 conjuncta
3513 2993 3573 3037 et

1995 3087 2243 3160 copulata
2271 3084 2732 3156 contemplemur.

2617 3173 2896 3243 Ejusdem.

2074 3273 2133 3328 δι
2167 3280 2352 3327 noster
2389 3268 2480 3324 hic
2512 3267 2615 3335 sol,
2646 3266 2895 3337 quamvis
2934 3279 3078 3321 unus
3121 3265 3218 3330 sit,
3251 3275 3310 3319 et
3347 3262 3565 3319 unicam

1988 3364 2165 3418 lucem
2199 3363 2432 3425 emittat,
2471 3370 2578 3414 tam
2624 3358 2823 3414 multas
2854 3366 3056 3422 tamen,
3081 3372 3143 3411 ac
3166 3355 3346 3411 varias
3387 3370 3569 3410 rerum

1990 3453 2276 3517 essentias,
2331 3463 2386 3506 et
2432 3451 2722 3521 qualitates
2772 3451 2878 3505 vita
2921 3448 3110 3510 donat,
3162 3457 3219 3501 et
3264 3447 3460 3511 nutrit,
3514 3456 3571 3500 et

1990 3552 2174 3613 auget,
2202 3554 2257 3598 et
2283 3542 2497 3613 perlicit
2517 3551 2574 3596 et
2604 3547 2809 3606 tuetur,
2839 3547 2895 3594 et
2925 3537 3140 3602 dividit,
3161 3546 3217 3591 et
3245 3537 3483 3606 copulat,
3515 3548 3572 3591 et

1990 3635 2161 3700 fovet,
2205 3643 2263 3690 et
2309 3633 2591 3697 fecundat,
2642 3641 2698 3688 et
2744 3631 3019 3695 immutat,
3054 3638 3110 3684 et
3138 3629 3476 3692 corroborat,
3517 3639 3575 3683 et

1990 3726 2183 3798 gignit,
2228 3735 2286 3781 et
2333 3730 2522 3797 agitat,
2578 3734 2635 3780 et
2680 3737 2767 3779 res
2817 3736 3010 3777 omnes
3051 3735 3154 3791 pro
3201 3735 3303 3776 suo
3345 3734 3573 3789 quaeque

1990 3819 2155 3875 modo
2204 3818 2365 3873 unius
2402 3827 2458 3873 et
2505 3816 2754 3888 ejusdem
2796 3814 2932 3871 solis
2970 3813 3267 3884 participes
3310 3820 3472 3874 sunt;
3517 3818 3574 3865 ιι

1993 3911 2193 3964 multas
2228 3909 2795 3965 communicationum
2829 3919 3026 3961 causas
3062 3918 3207 3957 unus
3241 3903 3357 3972 ipse
3391 3900 3470 3955 s01
3514 3900 3572 3954 in

1992 4001 2172 4070 seipso
2228 3998 2581 4069 singulariter
2628 4006 2757 4053 ante
2813 3995 3072 4065 possidet,
3121 4003 3287 4063 atque
3333 3992 3572 4063 comple-

1994 4092 2162 4147 ctitur
2192 4108 2206 4146 :
2243 4091 2418 4145 multo
2459 4089 2636 4159 magis
2662 4090 2720 4142 in
2745 4087 2861 4158 ipsa
2892 4096 3008 4141 tum
3044 4084 3194 4151 solis,
3234 4092 3348 4139 tum
3387 4098 3570 4138 rerum

1992 4182 2239 4238 omnium
2268 4197 2437 4237 causa
2467 4196 2564 4252 per
2594 4195 2757 4235 unam
2794 4180 3092 4241 essentiam
3128 4178 3568 4247 praestantiorem

1993 4273 2439 4345 conjunctionem
2502 4272 2659 4342 prius
2707 4271 2887 4327 inesse
2942 4284 3128 4335 rerum
3183 4269 3567 4324 universarum

1992 4366 2319 4438 exemplaria
2376 4364 2789 4422 concedendum
2844 4370 2952 4419 est.
3012 4361 3355 4432 Exemplaria
3419 4376 3570 4415 nunc

1994 4459 2330 4530 appellamus
2370 4458 2615 4512 rationes
2662 4456 2781 4510 illas
2827 4462 2954 4509 ante
2984 4454 3041 4507 in
3078 4452 3192 4507 Deo
3222 4452 3569 4523 singulariter

304 4528 614 4598 φεστῶτας,
649 4530 745 4582 καὶ
766 4530 1107 4591 ούσιοποιοὺς
1131 4529 1240 4582 τῶν
1279 4529 1450 4587 ὄντων
1475 4529 1691 4598 λόγους,
1730 4530 1824 4595 οὓς
1856 4534 1884 4586 ό

1990 4528 2342 4609 exsisteutes,
2363 4557 2417 4601 et
2450 4561 2633 4601 rerum
2668 4543 2972 4601 effectrices
3001 4542 3384 4598 essentiarum.
3419 4542 3568 4608 Quas

303 4620 606 4682 ἀπόστολος
666 4619 877 4683 Παῦλος
937 4620 1313 4690 προορισμοὺς
1363 4620 1541 4687 καλεῖ,
1602 4621 1701 4675 καὶ
1760 4621 1883 4677 θεία

304 4712 595 4782 θελήματα
617 4711 724 4765 τῶν
746 4712 918 4765 ὄντων
944 4711 1297 4782 ἁφοριστικὰ,
1323 4712 1417 4764 καὶ
1444 4714 1725 4781 ποιητικὰ,
1755 4714 1881 4768 καθ’

302 4803 402 4865 οὓς
440 4804 470 4853 ὁ
516 4800 842 4870 ὑπερούσιος
889 4800 958 4854 τὰ
1014 4799 1144 4854 ὄντα
1191 4800 1370 4855 πάντα
1420 4803 1723 4873 προώρισε,
1785 4804 1882 4859 καὶ

304 4892 626 4964 παρήγαγε.
658 4892 843 4946 Πάντα
886 4890 982 4946 οὖν
1016 4891 1234 4955 ένιαίως
1272 4893 1520 4963 προέχει,
1550 4895 1646 4946 καὶ
1700 4895 1879 4951 πάντα

300 4984 553 5056 περιέχει
584 4985 726 5038 κατὰ
750 4983 852 5054 τὴν
882 4983 1363 5055 ὐτιερηπλωμένην
1391 4984 1651 5056 ἀπειρίαν
1683 4983 1877 5053 αὐτοῦ,

301 5078 407 5129 καὶ
444 5077 583 5145 πρὸς
609 5074 828 5128 πάντων
866 5074 1065 5137 ἑνικῶς
1118 5074 1428 5145 μετέχεται,
1480 5074 1733 5148 καθάπερ
1787 5082 1882 5132 καὶ

301 5167 462 5238 φωνὴ
505 5167 605 5237 μία
637 5167 729 5220 καὶ
766 5167 802 5238 ἡ
849 5165 988 5239 αὑτὴ
1027 5167 1162 5237 πρὸς
1212 5165 1426 5220 πολλῶν
1455 5166 1647 5221 εάκοῶν
1672 5168 1748 5233 ὼς
1784 5170 1903 5245 μία,

304 5262 622 5333 μετέχεται.

868 5392 873 5395 η
914 5352 1026 5408 Τοῦ
1064 5352 1273 5408 αὐτοῦ.

380 5444 598 5515 Ὠσπερ
658 5444 708 5497 οί
764 5443 912 5512 ἅγιοι
959 5444 1243 5515 ἄνθρωποι
1285 5440 1432 5507 οἶκος
1470 5444 1722 5513 λέγονται
1783 5446 1880 5501 τοῦ

300 5535 477 5588 Θεοῦ·
540 5554 561 5588 ι
600 5535 827 5606 Οἰκήσω
855 5536 987 5605 γὰρ,
1047 5554 1067 5587 ι
1127 5538 1315 5606 φησὶν,
1346 5554 1366 5588 υ
1402 5537 1461 5589 tv
1509 5537 1720 5604 αὐτοῖς,
1785 5539 1880 5593 καὶ

294 5629 779 5699 ἑμςεριπατήσω·
811 5644 833 5679 ι
864 5625 1009 5679 οὕτω
1056 5626 1151 5680 καὶ
1201 5629 1230 5679 δ
1263 5626 1395 5689 Θεὸς
1424 5622 1573 5692 οἶκός
1622 5629 1739 5683 ἐστι
1772 5630 1887 5687 ’ὧν

374 5794 391 5824 ³
429 5792 471 5847 ΙΙ
501 5791 625 5846 Cor.
656 5807 731 5854 vr,
766 5789 851 5843 l7.

630 5888 898 5948 ἰίτιιοι..
940 5883 1054 5943 Gn.
1086 5880 1312 5944 CXXX.

1988 4641 2210 4711 quidem
2273 4639 2514 4695 rationes
2563 4637 2763 4694 Paulus
2812 4645 2973 4692 vocat
3025 4633 3563 4706 praedestinationes,

1989 4732 2313 4801 divitiasque
2362 4731 2693 4796 voluntates,
2746 4728 2948 4799 quibus
2992 4742 3084 4783 res
3129 4726 3483 4790 deﬁniuntur,
3511 4736 3569 4780 et

1992 4818 2146 4874 ﬁunt.
2185 4820 2288 4876 Per
2332 4821 2433 4878 bas
2475 4820 2678 4885 omnia,
2721 4834 2842 4890 quae
2873 4827 3026 4884 sunt,
3077 4818 3148 4885 is,
3187 4817 3281 4886 qui
3324 4817 3562 4871 essentia

1989 4911 2336 4980 praestantior
2375 4921 2480 4977 est,
2515 4911 2827 4981 pmﬁnivit,
2858 4911 2925 4965 ad
2959 4917 3251 4979 ortumque
3283 4907 3587 4978 produxit-

1987 5000 2332 5072 Quapropter
2357 5003 2630 5058 inﬁnitate
2658 5015 2757 5056 sua
2786 5009 3177 5072 superextensa
3196 5001 3379 5053 omnia
3409 4998 3563 5070 prius

1984 5094 2330 5162 singulariter
2365 5095 2545 5159 habet,
2569 5102 2623 5148 et
2660 5092 3093 5163 comprehendit,
3131 5099 3186 5146 et
3213 5091 3563 5161 singulariter
3598 5144 3601 5156 ξ

1987 5183 2241 5237 omnibus
2278 5183 2734 5245 communicatur,
2762 5172 3219 5252 quemadmodum
3243 5193 3353 5235 una
3393 5192 3495 5232 vox
3530 5194 3561 5231 a
3593 5218 3601 5255 τ

1989 5274 2172 5329 multis
2199 5273 2421 5329 auribus
2461 5285 2518 5328 ut
2548 5289 2653 5328 una
2681 5273 3001 5344 percipitur.

2654 5360 2929 5430 Ejusdem.

2096 5451 2166 5507 Ut
2214 5452 2315 5507 viri
2373 5452 2501 5508 boni
2552 5452 2814 5507 dicuntur
2857 5452 3054 5507 domus
3094 5449 3189 5503 Dei
3219 5467 3265 5503 ιι
3294 5445 3560 5502 Habitabo

1988 5545 2159 5611 enim,
2185 5563 2204 5596 ι
2240 5545 2436 5614 inquit,
2477 5561 2495 5594 ι
2539 5543 2596 5597 in
2641 5542 2798 5613 ipsis,
2827 5549 2883 5597 et
2923 5539 3275 5595 inambulabo
3303 5539 3320 5570 ⁸
3369 5553 3385 5591 ι
3419 5554 3438 5589 ι
3478 5537 3553 5591 ita

1988 5635 2257 5694 bonorum
2293 5637 2528 5693 virorum
2566 5635 2760 5691 domus
2803 5643 2886 5690 est
2934 5632 3100 5689 Deus.
3135 5648 3155 5684 ι
3190 5628 3322 5688 Esto
3351 5628 3505 5696 mihi,
3532 5649 3552 5684 ι

3208 5870 3263 5957 5-
