4094 6286
427 361 435 366 ’
492 408 608 472 -ιεο

1753 401 2137 463 EUTIlYMlI
2178 402 2538 464 ZIGABEN’I

3676 414 3773 477 HO

501 520 682 590 inquit
719 518 907 581 David,
945 536 965 569 ι
1016 518 1071 571 ln
1114 518 1285 572 Deum
1318 526 1678 588 pretectorcm
1710 531 1914 580 meum,
1947 527 2002 571 et
2034 517 2089 570 in

2201 518 2366 585 ἁγίων
2424 518 2749 590 ἀνθρώπιον,
2814 540 2833 573 ι
2872 522 3038 577 Γενοΰ
3100 541 3191 595 μοι
3274 525 3402 596 γὰρ,
3456 546 3474 579 ι
3531 531 3695 597 φησιν
3743 535 3775 588 ὁ

468 615 723 669 domum
755 608 945 679 relugii
983 610 1185 671 mei,ut
1206 610 1413 664 salvum
1442 624 1530 663 me
1558 609 1726 663 facias
1754 610 1795 662 '.
1841 626 1859 659 ι
1892 608 1955 662 Ει
1979 609 2094 678 ipse

498 706 760 761 Dominus
778 702 879 755 ait:
912 702 1063 757 «Vos
1118 702 1171 754 in
1226 714 1334 766 me,
1382 709 1435 753 et
1464 715 1563 768 ego
1606 699 1662 752 in
1710 700 1933 754 vobis’.
1980 718 1997 751 ›
2030 698 2094 754 Ει

497 798 946 869 quemadmodum
985 796 1129 851 Deus
1165 793 1244 848 sio
1290 800 1374 846 est
1410 792 1470 845 in
1498 791 1651 861 ipsis,
1672 801 1729 846 ut
1761 807 1869 847 non
1923 791 2095 845 inclu-

495 894 657 947 datur
704 905 806 945 nec
840 889 1352 953 circumscribatur,
1391 886 1471 941 sic
1520 895 1575 942 et
1610 885 1711 956 ipsi
1749 888 1802 938 in
1851 900 1918 941 eo
1956 874 2094 938 sunt

496 986 614 1038 sine
654 982 762 1035 ulla
813 995 935 1034 cum
969 980 1086 1049 ipso
1122 979 1379 1035 mistlone
1412 994 1509 1049 per
1537 978 1854 1044 essentiam,
1890 982 1947 1033 et
1974 974 2095 1032 sine

494 1075 837 1129 confusione.

1140 1162 1427 1232 Ejusdem.

562 1258 762 1311 Divina
782 1256 874 1310 Dei
896 1257 1207 1325 qualitatem
1228 1259 1697 1329 quantitatemque
1718 1271 1824 1310 non
1844 1252 2095 1309 habentis

495 1351 725 1405 latitudo
755 1353 996 1420 putanda
1027 1360 1109 1405 est
1129 1354 1304 1421 ampla
1333 1361 1387 1405 et
1416 1352 1634 1421 provida
1657 1350 1797 1403 illius
1827 1349 1893 1404 ad
1912 1347 2095 1402 omnia

495 1443 826 1513 progressio.
874 1442 1181 1509 Longitudo
1210 1453 1391 1497 autem
1434 1443 1552 1512 ejus
1580 1442 1843 1512 potentia,
1862 1454 1983 1510 quae
2006 1453 2097 1494 su-

496 1550 597 1601 pra
619 1534 949 1587 ostenditur.
971 1535 1313 1600 Profunditas
1334 1551 1463 1589 vero
1485 1549 1680 1587 arcana
1695 1533 1840 1587 illius
1861 1531 2100 1587 occultaw

492 1626 574 1679 tio
592 1635 812 1694 propter
848 1640 1012 1695 quam
1056 1626 1279 1695 percipi,
1324 1626 1686 1696 cognoscique
1716 1640 1826 1679 non
1863 1633 2065 1694 potest.

2196 609 2382 675 Δαόὶδ,
2428 630 2446 661 ι
2487 613 2568 676 είς
2617 613 2751 665 Θεὸν
2782 614 3220 687 ὐπερασπιστὴν,
3258 619 3354 671 καὶ
3386 620 3468 683 είς
3495 618 3647 674 οἷκον
3678 639 3773 676 κα-

2195 701 2443 769 ταφυγῆς
2489 704 2580 755 τοῦ
2616 704 2789 757 σῶσαί
2840 722 2929 773 με.
2973 725 2991 758 ι
3048 708 3156 759 Καὶ
3184 708 3342 773 αὐτὸς
3385 709 3443 761 δὲ
3494 712 3522 762 ὀ
3573 711 3777 781 Κύριος

2196 791 2418 860 εἴρηκεν
2460 810 2474 826 ο
2514 812 2532 845 ι
2585 793 2777 864 Ὑμεῖς
2801 799 2860 851 ἐν
2909 797 3054 867 ἐμοὶ,
3085 798 3239 866 κάγὼ
3284 802 3342 852 ἐν
3401 800 3549 870 ὑμῖν.
3591 821 3610 853 ι
3667 803 3775 855 Καὶ

2197 884 2450 957 καθάπερ
2480 888 2509 939 ό
2532 886 2665 950 Θεὸς
2690 888 2936 958 ἀσχέτως
2965 890 3115 945 ἐστὶν
3140 892 3198 943 ὲν
3227 892 3435 958 αὐτοῖς,
3460 894 3554 945 καὶ
3580 894 3684 946 ἀπε
3693 913 3776 962 ρι-

2195 978 2478 1045 γράπτως,
2514 977 2659 1032 οὕτω
2710 982 2806 1033 καὶ
2853 982 3009 1035 αὐτοὶ
3058 985 3117 1036 ἐν
3155 983 3305 1054 αὐτῷ
3343 986 3563 1055 ἀμιγῶς
3602 986 3772 1039 αὐτοῦ

2199 1068 2319 1120 κατ’
2349 1068 2558 1137 οὐσίαν,
2592 1070 2686 1126 καὶ
2718 1074 3062 1144 ἀσυγχύτως.

2809 1165 2921 1219 Τοῦ
2959 1168 3165 1221 αὑτοῦ.

2202 1269 2210 1307 η’
2269 1256 2379 1311 Τοῦ
2418 1257 2612 1312 ἀποίου
2648 1259 2742 1312 καὶ
2789 1259 2998 1312 ἀπόσου
3049 1259 3185 1313 Θεοῦ
3233 1260 3437 1324 πλάτος
3491 1261 3591 1332 μὲν
3631 1263 3778 1315 θεῖον

2198 1351 2421 1421 νοητέον
2461 1352 2562 1422 τὴν
2589 1352 2807 1423 εὐρεῖαν
2849 1353 2942 1404 ἐπὶ
2977 1351 3157 1407 πάντα
3206 1354 3573 1425 προνοητικὴν
3612 1357 3780 1425 πρόο-

2198 1443 2291 1496 δον
2315 1482 2329 1505 ,
2371 1441 2547 1511 μῆκος
2571 1441 2627 1494 δὲ
2667 1443 2768 1513 τὴν
2809 1443 3342 1517 ὐπερεκτεινομένην
3372 1446 3513 1516 ὑπὲρ
3560 1446 3777 1500 ἅπαντα

2198 1535 2434 1606 δύναμιν
2459 1575 2473 1600 ,
2526 1533 2690 1604 βάθος
2725 1535 2783 1589 δὲ
2834 1536 2933 1605 τὴν
2969 1539 3104 1592 πᾶσι
3138 1540 3251 1602 τοῖς
3279 1535 3431 1591 οὖσιν
3463 1538 3778 1610 ἀθεώρητον

2201 1624 2546 1698 κρυφιότητα
2575 1627 2670 1682 καὶ
2702 1627 3004 1697 ἀγνωσίαν.

1159 1716 1433 1785 Ejusdem.

2808 1720 2919 1775 Τοῦ
2950 1722 3159 1777 αὐτοῦ.

572 1808 714 1861 Deus
748 1807 801 1861 in
835 1807 1003 1864 sacris
1036 1823 1359 1864 arcanorum
1397 1807 1669 1863 visionum
1713 1809 1947 1863 oraculis
1972 1817 2087 1862 tum

2288 1810 2347 1866 '0
2385 1810 2517 1874 Θεὸς
2562 1812 2620 1864 ὲν
2671 1815 2793 1875 ταῖς
2842 1813 3014 1884 ἱεραῖς
3046 1814 3159 1867 τῶν
3206 1812 3486 1884 μυστικῶν
3532 1796 3777 1883 ὁράσεων

492 1916 699 1964 canus,
728 1904 854 1968 itum
885 1904 1103 1971 juvenis
1141 1902 1376 1972 ﬁngitur.
1410 1900 1635 1967 Canus,‘
1664 1910 1721 1954 ut
1749 1915 1871 1957 esse
1909 1915 2091 1953 rerum

2203 1902 2551 1971 θεοφανείαις
2604 1903 2896 1957 πλάττεται
2947 1904 3040 1957 καὶ
3086 1904 3294 1970 πολιὸς,
3347 1906 3443 1959 καὶ
3497 1887 3637 1969 νέος,
3684 1903 3777 1956 τοῦ

501 1993 826 2061 principium
858 1993 1188 2063 intelligatur
1217 2011 1229 2047 :
1255 1993 1472 2062 juvenis
1493 2002 1695 2057 autem,
1725 2004 1784 2046 ut
1814 2008 2093 2062 nunquam

2201 1992 2386 2045 πολιοῦ
2423 1984 2533 2063 μὲν⁶
2561 1992 2653 2045 τὸν
2682 1995 2934 2065 ἀρχαῖον,
2963 1992 3057 2046 τοῦ
3094 1993 3215 2047 νέου
3251 1994 3306 2045 δὲ
3334 1994 3425 2046 τὸν
3449 1994 3645 2063 ἀγήρω
3682 2008 3778 2059 ση-

496 2094 809 2147 senescere,
842 2093 895 2136 et
939 2083 1100 2137 linem
1134 2083 1335 2137 habere
1366 2082 1717 2153 signiﬁcetur.
1747 2083 1839 2137 Vel
1878 2082 2093 2149 juvenis

2203 2084 2514 2154 μαίνοντος,
2552 2084 2586 2155 ἢ
2624 2086 2719 2137 καὶ
2749 2085 2842 2136 τοῦ
2874 2085 2996 2137 νέου
3034 2089 3175 2137 κατά
3204 2084 3364 2151 λόγον
3404 2083 3778 2153 ἀριθμητικὸν

500 2170 665 2224 etiam
698 2173 769 2226 ob
803 2174 1070 2227 rationem
1098 2175 1520 2238 arithmeticam,
1542 2181 1599 2226 ut
1630 2174 1873 2227 divinum
1904 2189 2085 2229 rerum

2201 2175 2294 2245 τὴν
2341 2176 2683 2245 ἀρχαιότητα
2734 2177 2834 2244 τὴν
2884 2176 3037 2229 θείαν
3095 2174 3507 2245 ὐποδηλοῦντος.
3549 2174 3615 2225 Ἢ
3669 2173 3781 2241 γὰρ

500 2262 718 2316 initium
754 2265 1093 2319 ostendatur.
1124 2264 1317 2319 Unitas
1359 2265 1525 2326 enim,
1577 2271 1630 2317 et
1672 2265 1763 2333 qui
1797 2275 1925 2319 sunt
1966 2266 2092 2319 uni-

2201 2266 2367 2334 μονὰς
2398 2265 2495 2317 καὶ
2539 2268 2607 2317 τὰ
2657 2266 2786 2333 περὶ
2829 2264 3032 2334 μονάδα
3068 2261 3499 2333 ἀρχηγικὼτερά
3528 2262 3636 2313 είσι
3665 2260 3781 2311 τῶν

502 2353 600 2406 tati
629 2354 861 2423 proximi
897 2356 1108 2408 numeri
1138 2354 1348 2424 priores
1379 2364 1505 2409 sunt
1546 2354 1669 2421 illis,
1715 2356 1806 2424 qui
1857 2356 1926 2409 ab
1967 2356 2090 2410 uni~

2201 2358 2291 2408 ἐπὶ
2321 2355 2455 2410 πολὺ
2489 2355 2935 2427 προεληλυθότων
2966 2355 3242 2424 ἀριθμῶν.

506 2451 627 2498 tate
676 2446 888 2514 longius
939 2455 1305 2500 recesserunt.

1152 2534 1428 2602 Ejusdem.
2034 2602 2039 2607 1

2805 2536 2914 2590 Τοῦ
2949 2533 3156 2588 αὑτοῦ.

590 2626 779 2692 Neque
841 2640 931 2678 res
1001 2633 1339 2692 cognoscunt
1401 2622 1594 2687 Deum,
1646 2632 1709 2677 ut
1758 2623 1901 2678 eus
1963 2634 2092 2679 est:

2271 2626 2396 2679 Ὀτι
2427 2624 2553 2679 οὐτε
2588 2624 2656 2677 τὰ
2700 2624 2831 2679 ὄντα
2876 2625 3209 2692 γινώσκουσι
3240 2624 3343 2677 τὸν-
3375 2624 3512 2677 Θεὸν
3561 2618 3596 2696 ᾗ
3638 2622 3779 2685 Θεός

503 2731 607 2770 nec
676 2716 817 2771 Deus
849 2717 1132 2785 cognoscit
1164 2730 1271 2781 res,
1308 2724 1370 2769 ut
1413 2716 1542 2784 ipsa:
1574 2724 1724 2773 sunt.
1775 2716 1884 2771 Res
1910 2725 2093 2771 autem

2201 2716 2365 2782 ἐστιν,
2393 2715 2518 2768 οὐτε
2548 2716 2576 2767 ὁ
2600 2716 2733 2777 Θεὸς
2765 2717 3024 2783 γινώσκει
3048 2715 3117 2768 τά
3149 2716 3278 2769 ὄντα
3362 2714 3491 2767 ὄντα
3527 2714 3655 2767 είσί.
3690 2713 3777 2764 Τά

503 2795 615 2860 non
672 2816 1009 2877 cognoscunt
1062 2807 1249 2871 Deum,
1313 2817 1370 2861 ut
1421 2808 1564 2862 Deus
1604 2818 1708 2872 est,
1750 2808 1877 2876 quia
1907 2809 2082 2872 nulla;

2201 2805 2298 2872 μὲν
2343 2799 2435 2856 οὖν
2475 2804 2605 2856 ὅντα
2646 2804 2705 2856 οὐ
2740 2803 3006 2871 γινώσκει
3055 2804 3147 2875 τὸν
3175 2804 3319 2856 ’Θεὸν
3453 2803 3584 2864 Θεός
3634 2803 3777 2861 ἐστι,

515 2914 602 2953 res
631 2900 682 2953 id
711 2900 925 2967 assequi
977 2910 1226 2969 possunt,
1260 2909 1322 2953 ut
1352 2900 1517 2954 Deum
1562 2909 1913 2970 cognoscant,
1936 2910 2095 2957 utest

2201 2896 2284 2948 διὰ
2306 2895 2368 2949 τὸ
2399 2891 2543 2950 εἶναι
2575 2897 2690 2959 τοῖς
2718 2893 2840 2949 οὖσι
2869 2897 3037 2949 πᾶσιν
3064 2896 3454 2965 ἀκατάληπτον
3480 2894 3542 2945 τὸ
3574 2893 3778 2946 είδέναι

506 2989 671 3055 Deus,
697 2992 800 3045 hoc
820 2997 923 3055 est,
942 2993 1214 3059 quomodo
1231 3000 1567 3045 naturasese
1593 2990 1929 3047 babeatJloc
1943 2992 2093 3051 enim

2201 2988 2288 3041 τὸν
2344 2988 2476 3041 Θεὸν
2533 2986 2669 3041 καθὸ
2716 2987 2850 3051 Θεός
2900 2988 3038 3051 ἐστι,
3096 2986 3345 3040 τουτέστι
3404 2984 3591 3047 καθὼς
3646 2984 3765 3053 ἔχει

507 3084 672 3136 modo
703 3083 849 3138 solus
895 3083 1007 3152 ipse
1049 3098 1108 3137 se
1154 3084 1323 3137 novit.
1351 3082 1493 3137 Deus
1517 3098 1648 3141 vero
1675 3097 1786 3136 non
1813 3086 2089 3154 cognoscit

2201 3081 2414 3148 ιιεύσεως
2436 3096 2450 3110 ·
2484 3081 2645 3148 μόνος
2684 3081 2793 3151 γὰρ
2824 3081 2989 3143 αὐτὸς
3019 3074 3159 3132 οῑδεν
3184 3078 3360 3140 οὕτως
3397 3078 3591 3132 ἑαυτόν
3614 3092 3627 3107 ·
3650 3079 3679 3129 ὁ
3715 3076 3779 3129 δὲ

516 3189 627 3237 res,
681 3185 738 3228 ut
767 3175 896 3243 ipsae
925 3185 1073 3239 sunt,
1111 3175 1372 3244 quoniam
1414 3188 1507 3230 eas
1541 3173 1751 3228 ratione
1791 3178 2084 3230 essentiam

2201 3172 2326 3233 Θεὸς
2355 3172 2417 3224 οὐ
2448 3170 2711 3239 γινώσκει
2745 3168 2812 3223 τὰ
2832 3170 2963 3224 ὄντα
2994 3165 3179 3245 ᾖὸντα
3210 3168 3339 3234 εἰσὶ,
3365 3167 3453 3220 διὰ
3499 3167 3562 3220 τὸ
3606 3166 3780 3234 ὐπερ-

517 3272 814 3333 supcrante
843 3264 1088 3334 cognitas
1138 3264 1320 3319 habet.
1952 3254 1963 3264 ’

2201 3264 2394 3325 ουσίως
2429 3263 2569 3316 αὐτὰ
2603 3278 2835 3330 γινωσκε
2846 3280 2916 3318 ιν.

1157 3357 1426 3421 Eiusdem.

584 3445 729 3500 Deus
757 3445 972 3514 quidem
1005 3447 1167 3501 rebus
1189 3450 1443 3504 omnibus
1468 3450 1621 3506 adest
1642 3470 1655 3507 :
1675 3466 1852 3521 neque
1873 3451 2017 3505 enim
2039 3450 2095 3504 in

510 3539 640 3593 loco
665 3548 773 3601 est,
808 3547 867 3592 ut
908 3538 1083 3608 aliqua
1112 3540 1252 3594 absit
1283 3580 1297 3605 ,
1335 3543 1428 3596 sed
1468 3544 1648 3597 omnia
1689 3544 2091 3613 complectitur.

2817 3355 2930 3410 Τοῦ
2963 3355 3173 3409 αὐτοῦ.

2276 3451 2336 3504 '0
2381 3451 2479 3518 μὲν
2528 3449 2661 3511 Θεὸς
2718 3448 2852 3501 πᾶσι
2892 3448 3189 3517 πάρεστινο
3244 3447 3303 3500 οὐ
3353 3445 3467 3517 γὰρ
3518 3444 3578 3500 ἐν
3624 3443 3782 3515 τόπῳ

2202 3545 2376 3605 ἐστὶν,
2404 3542 2491 3594 ἵνα
2522 3541 2617 3594 καὶ
2649 3541 2771 3610 ἀπῇ
2798 3552 2961 3605 τινος,
2999 3537 3133 3591 ἀλλά
3156 3538 3376 3591 πάντων
3417 3537 3538 3590 ἐστὶ
3584 3551 3783 3606 περιε-

509 3631 647 3699 Ipsae
666 3639 848 3685 autem
875 3645 962 3685 res
987 3644 1099 3684 non
1119 3646 1309 3686 omines
1334 3635 1533 3688 adsunt
1560 3636 1687 3699 Deo,
1713 3636 1805 3690 sed
1827 3637 1931 3688 illa:
1952 3637 2092 3688 dun-

2201 3634 2383 3696 κτικός
2407 3647 2425 3663 ⁸
2454 3633 2513 3685 οὐ
2565 3630 2740 3684 πάντα
2793 3629 2850 3681 δὲ
2902 3627 3051 3696 αὐτῷ
3082 3629 3367 3699 πάρεστιν,
3397 3616 3512 3681 ἀλλ’
3539 3629 3643 3681 ὅσα
3671 3628 3779 3697 τῆς

504 3731 677 3785 taxat,
701 3739 821 3792 quae
850 3724 1032 3779 divina
1060 3735 1192 3780 sunt
1210 3725 1618 3795 propinquitate
1636 3727 1832 3798 dignas.
1864 3726 1974 3781 Nos
1999 3741 2096 3783 au-

2204 3725 2361 3799 θείας
2407 3722 2707 3793 ὲγγύτητός
2757 3723 2894 3774 εἰσιν
2931 3720 3085 3785 ἀξια.
3139 3718 3335 3789 Ἠμεῖς
3368 3720 3424 3772 δὲ
3474 3722 3593 3773 τότε
3622 3719 3779 3789 αὐτῷ

511 3823 621 3866 tem
654 3822 784 3876 tunc
812 3814 878 3867 ad
905 3814 1055 3869 illum
1085 3815 1606 3885 appropinquamus,
1637 3832 1760 3871 cum
1782 3817 2096 3871 invocamus

2201 3818 2508 3889 πάρεσμεν,
2542 3816 2631 3868 ὅτε
2661 3813 2848 3878 τοῦτον
2888 3811 3301 3882 ὲπικαλούμεθα
3337 3811 3635 3881 πανάγνοις
3676 3814 3783 3883 μὲν

508 3919 632 3959 cum
665 3908 810 3959 votis
850 3907 1215 3975 precibusque
1242 3906 1623 3973 sanctissimis,
1657 3916 1711 3963 et
1730 3908 1928 3963 animis
1949 3908 2096 3977 puris

2201 3910 2412 3979 εὐχαῖς,
2448 3904 2831 3977 ἀνεπιθολὼτῳ
2861 3906 2921 3958 δὲ
2950 3906 3047 3976 νῷ,
3082 3905 3179 3957 καὶ
3214 3907 3281 3975 τῇ
3304 3907 3403 3973 τῆς
3444 3904 3583 3975 πρὸς
3615 3905 3787 3959 αὐτὸν

502 4010 577 4049 ac
602 3996 825 4053 minime
852 3998 1245 4067 coinquinatis,
1271 3999 1689 4067 prmbemusque
1711 4014 1814 4054 nos
1842 4008 2017 4068 aptos,
2045 4008 2096 4053 et

2202 4003 2507 4073 ὲγγύτητος
2554 3998 2982 4069 ἐπιτηδειότητι.
3011 3996 3227 4066 Ὥσπερ
3252 3994 3310 4048 δὲ
3365 3996 3415 4047 εί
3455 3994 3782 4063 πολυφώτου

509 4087 754 4151 idoneos,
784 4087 875 4155 qui
918 4087 984 4141 ad
1032 4090 1213 4158 ipsum
1254 4091 1597 4146 accedamus.
1631 4090 1708 4143 Ac
1736 4090 2096 4159 quemadmo-

2209 4096 2399 4163 σειρᾶς
2428 4094 2491 4145 ὲκ
2524 4090 2627 4159 τῆς
2675 4088 2929 4159 οὐρανίου
2964 4084 3262 4157 ἀκρότητος
3303 4084 3648 4155 ἡρτημένης,
3687 4088 3782 4138 καὶ

512 4178 661 4241 dum,
694 4179 739 4231 si
760 4186 955 4232 catena
977 4181 1166 4234 multis
1188 4189 1437 4234 contexta
1461 4180 1781 4245 luminibus,
1804 4190 1860 4233 et
1889 4194 1921 4232 e
1948 4193 2096 4231 sum-

2204 4185 2282 4246 εἰς
2314 4183 2474 4253 δεῦρο
2514 4179 2888 4250 καθηκούσης,
2920 4178 3081 4249 ἡμεῖς
3118 4178 3205 4230 ἀεὶ
3231 4176 3401 4243 αὐτῆς
3432 4176 3524 4227 ἐπὶ
3552 4174 3614 4226 τὸ
3663 4174 3781 4227 ἀνω

511 4282 605 4322 mo
650 4282 914 4335 suspensa
942 4269 1079 4322 cmlo
1101 4269 1221 4330 ,huc
1265 4284 1439 4337 usque
1464 4269 1765 4339 perveniat,
1795 4283 1897 4323 nos
1921 4277 2096 4322 autem

2203 4276 2392 4349 χερσὶν
2421 4273 2739 4341 ἀμοιϐαίαις
2761 4271 3118 4341 δραττόμενοι
3151 4267 3440 4322 καθέλκειν
3470 4266 3571 4335 μὲν
3602 4267 3774 4336 αὐτὴν

513 4358 739 4411 alternis
766 4372 887 4411 eam
917 4358 1173 4414 manibus
1195 4359 1674 4428 apprehendentes
1696 4359 1923 4413 ulterius
1949 4372 2096 4412 sem-

2206 4368 2522 4437 ὲδοκοῦμεν,
2557 4366 2750 4436 τῳόντι
2786 4365 2841 4418 δὲ
2879 4364 2938 4417 οὐ
2972 4366 3287 4431 κατήγομεν
3324 4360 3540 4430 ἐκείνην
3578 4360 3690 4412 ἀνω
3720 4374 3782 4410 τε

514 4462 615 4516 per
646 4447 953 4513 tendamus,
975 4448 1147 4517 ipsam
1178 4448 1394 4518 quidem
1420 4447 1707 4503 detrahere
1728 4447 1885 4501 nobis
1915 4446 2102 4501 videa-

515 4556 661 4606 mur,
712 4555 899 4595 revera
941 4550 1122 4595 autem
1152 4556 1263 4594 non
1310 4555 1433 4596 eam
1479 4554 1643 4609 supra
1674 4539 1922 4609 infraque
1963 4553 2102 4609 pra:-

518 4642 730 4686 sentem
762 4632 1118 4697 deducamus,
1169 4632 1265 4686 sed
1307 4646 1407 4686 nos
1444 4631 1629 4701 potius
1647 4631 1716 4685 ad
1759 4631 2102 4686 sublimiores

520 4724 693 4791 ipsius
736 4724 1055 4793 splendores
1084 4724 1377 4789 tollemur;
1410 4730 1505 4776 aut
1539 4722 1589 4776 si
1619 4736 1917 4777 conscensa
1951 4722 2101 4787 navi,

518 4813 680 4868 {uires
712 4829 777 4867 ex
818 4815 999 4883 aliquo
1023 4828 1154 4868 saxo
1183 4813 1251 4867 ad
1278 4826 1383 4869 nos
1410 4819 1713 4881 protensos,
1736 4818 1793 4864 et
1823 4810 1976 4880 quasi
2005 4810 2101 4865 de-

519 4903 633 4957 dita
658 4917 825 4971 opera
853 4906 932 4958 sic
954 4903 1114 4958 nobis
1139 4902 1412 4957 exhibito:
1434 4908 1496 4955 ut
1527 4915 1620 4955 eos
1654 4914 1719 4954 ex
1747 4901 1916 4955 altera
1948 4911 2103 4970 parte

518 4994 1010 5065 prehendoremus,
1049 4994 1413 5062 corripientes
1460 5000 1648 5047 contra
1685 4994 1945 5057 nitamur,
1989 5008 2104 5048 non

521 5098 715 5139 suum
750 5086 815 5140 ad
842 5101 964 5151 nos,
1007 5086 1105 5141 sed
1145 5100 1245 5139 nos
1267 5084 1447 5149 simul,
1493 5084 1745 5140 etnavim
1785 5085 1853 5139 ad
1894 5099 2084 5139 saxum

520 5190 907 5245 promeremus
921 5192 939 5233 :
963 5176 1045 5231 sic
1058 5176 1220 5231 etiam
1239 5185 1524 5245 precantes
1540 5184 1596 5230 et
1609 5175 1978 5239 obsecrantes,
1992 5190 2103 5228 non

521 5266 694 5321 Deum
718 5268 787 5321 ad
817 5284 939 5335 nos,
969 5270 1061 5339 qui
1099 5267 1301 5338 ubique
1332 5277 1528 5337 praesto
1553 5275 1658 5328 est.
1690 5267 1976 5331 trahimus,
2009 5266 2103 5321 sed

520 5374 623 5413 nos
653 5350 941 5431 ad'ipsum
986 5361 1168 5415 divina
1207 5359 1727 5416 commemoratione
1765 5358 2101 5413 obsecratio-

524 5464 704 5520 neque
735 5465 1145 5520 promovemus,
1172 5450 1339 5519 eique
1373 5463 1475 5502 nos
1504 5448 1978 5502 commendamus.

1178 5540 1455 5605 Ejusdem.

594 5633 752 5703 Apud
779 5651 877 5690 nos
906 5637 1129 5705 quidem
1154 5635 1395 5690 ebrietas
1425 5633 1599 5688 tendit
1622 5632 1699 5688 ad
1727 5633 2021 5699 deteriora,
2044 5643 2105 5688 et

524 5732 609 5780 est
627 5725 915 5779 immodica
940 5727 1050 5779 vini
1073 5726 1318 5795 repletio,
1342 5740 1447 5794 qua
1469 5738 1624 5779 mens
1640 5724 1759 5781 loco
1774 5725 2096 5781 dimovetur.

598 5841 616 5873 ⁸
652 5836 797 5895 Psal.
828 5854 954 5905 xxx,
988 5840 1044 5894 3.
1124 5841 1143 5871 ²¹
1173 5837 1334 5894 Joan.
1364 5852 1453 5905 xv,
1484 5840 1536 5893 ι.

2130 4510 2177 4568 D

2207 4462 2299 4514 καὶ
2330 4460 2483 4512 κάτω
2524 4456 2830 4527 παροῦσαν,
2884 4453 2998 4511 ἀλλ’
3020 4454 3173 4506 αὐτοὶ
3223 4452 3424 4521 μᾶλλον
3462 4449 3783 4520 ἀνηγόμεθα

2205 4550 2343 4621 πρὸς
2378 4549 2476 4612 τάς
2515 4544 2853 4617 ὑψηλοτέρας
2884 4544 3253 4614 μαρμαρυγὰς
3279 4541 3485 4610 αὐτῆς’
3521 4542 3553 4611 ἢ
3590 4541 3785 4610 ὥσπερ

2205 4644 2284 4709 είς
2315 4641 2448 4695 ναῦν
2473 4638 2870 4711 ἐμϐεϐηκότες,
2895 4640 2989 4689 καὶ
3023 4636 3375 4705 ἀντεχόμενοι
3402 4634 3513 4687 τῶν
3542 4635 3604 4685 ἔκ
3634 4650 3783 4695 τινος

2205 4736 2415 4804 πέτρας
2456 4733 2535 4795 εις
2565 4732 2713 4800 ἡμᾶς
2740 4727 3137 4797 ὲκτεινομένων
3170 4723 3515 4793 πεισμάτων,
3546 4724 3640 4776 καὶ
3668 4716 3783 4776 οἷον

2205 4824 2337 4895 ἡμῖν
2372 4825 2449 4883 είς
2480 4818 2766 4889 ἀντίληψιν
2811 4818 3193 4886 ὲκδιδομένων,
3230 4815 3332 4868 οὐκ
3369 4813 3457 4884 ἐφ’
3492 4815 3644 4883 ἡμᾶς
3675 4813 3777 4883 τὴν

2205 4915 2437 4982 πέτραν,
2478 4910 2593 4965 ἀλλ’
2642 4911 2795 4980 ἡμᾶς
2849 4908 3047 4971 αὐτοὺς
3087 4909 3181 4961 καὶ
3215 4907 3313 4977 τὴν
3352 4905 3485 4960 ναῦν
3528 4906 3622 4957 ἐπὶ
3680 4904 3778 4974 τὴν

2206 5005 2415 5073 πέτραν
2455 5001 2841 5073 προσήγομενο
2893 4998 3068 5064 οὕτως
3108 4999 3218 5069 ἄρα
3264 5000 3356 5051 καὶ
3390 4998 3676 5068 εὐχόμενοι
3716 4996 3777 5049 οὐ

2202 5095 2296 5147 τὸν
2330 5094 2462 5147 Θεὸν
2486 5092 2572 5161 ἐφ’
2603 5093 2748 5162 ἡμᾶς
2786 5091 3037 5157 ἕλκομεν,
3064 5088 3156 5142 τὸν
3185 5086 3474 5157 ἅπανταχῆ
3510 5086 3775 5156 παρόντα,

2206 5185 2321 5241 ἀλλ’
2352 5186 2502 5255 ἡμᾶς
2526 5182 2724 5244 αὐτοὺς
2764 5181 2903 5253 πρὸς
2930 5179 3095 5235 αὐτὸν
3118 5179 3206 5232 διά
3229 5179 3328 5247 τῆς
3352 5179 3503 5239 θείας
3531 5178 3777 5244 μνήμης,

2206 5277 2299 5329 καὶ
2354 5273 2694 5344 ἐπικλήσεως
2725 5272 3001 5342 ἀνάγομεν
3032 5288 3091 5324 τε
3131 5270 3227 5325 καὶ
3265 5268 3670 5340 ἐγχειρίζομεν.

2803 5534 2917 5588 Τοῦ
2966 5535 3173 5590 αὐτοῦ.

2286 5627 2404 5695 Ἐφ’
2432 5626 2589 5697 ἡμῶν
2631 5625 2727 5696 μὶν
2757 5628 2789 5695 ἡ
2825 5626 2966 5695 μέθη
3018 5629 3079 5680 τὸ
3132 5629 3315 5697 χεῖρον
3346 5621 3774 5695 ὑπερπλήρωσίς

2204 5722 2351 5775 ἐστιν
2389 5718 2557 5785 οἴνου,
2595 5720 2690 5771 καὶ
2732 5719 2995 5790 ἀμετρία,
3046 5721 3141 5773 καὶ
3180 5718 3440 5783 ἔκστασις
3493 5718 3624 5773 νοῦο
3680 5712 3775 5768 ἐπὶ
