4094 6286
401 458 496 539 141
1351 475 1723 536 amoma
1765 474 2224 536 DOGMATICA.
2258 500 2328 510 —
2360 477 2507 538 TIT.
2551 459 2672 542 III.
3543 479 3641 542 tu

395 591 536 644 Θεοῦ
585 589 644 643 δὲ
697 590 838 644 κατὰ
885 589 946 643 τὸ
998 592 1245 663 κρεῖττον
1289 592 1712 663 ὐπερπλῇρωσις
1766 592 2012 656 aravch

2027 606 2044 655 ι
2071 595 2228 666 Apud
2255 594 2425 650 Deum
2449 605 2628 650 autem
2653 604 2862 666 spectat
2887 595 2953 651 ad
2991 595 3234 660 meliora,
3255 602 3311 650 et
3338 602 3423 650 est
3452 594 3644 648 immo-

399 681 610 750 ἀγαθοῦ
631 682 730 736 καὶ
759 682 1020 752 ἀμετρία,
1055 684 1150 738 καὶ
1189 684 1446 748 ἔκστασις
1472 685 1568 738 τοῦ
1601 687 1764 738 νοεῖν.
1813 683 1967 754 Ἐξῄ-

2075 686 2193 740 dica
2220 685 2398 740 omnis
2430 685 2560 751 boni
2589 686 2836 755 repletio,
2874 701 2980 757 qua
3008 701 3166 740 mens
3187 684 3257 740 ab
3294 684 3645 754 intelligentia

404 791 568 844 ρηται
595 774 706 843 γὰρ
729 771 826 826 τοῦ
853 776 1019 840 νοιῐν,
1047 775 1122 837 ὡς
1153 775 1292 847 ὑπὲρ
1324 777 1387 830 το
1418 779 1559 830 νοεῖν
1592 776 1686 830 ὢν.

2073 774 2402 827 dimovetur.
2434 773 2516 827 Ab
2547 772 2898 840 intelligentia
2921 774 3067 828 enim
3087 774 3361 841 eximitur,
3394 773 3526 829 dum
3547 787 3645 828 su-

2075 880 2172 934 pra
2199 864 2608 935 intelligentiam
2641 864 2957 920 collocatur.
3092 921 3096 927 ,

479 949 608 1002 Ἔτι
639 945 774 1015 περὶ
807 947 954 1001 Θεοῦ
990 947 1211 1015 κοινῶς
1256 949 1366 1004 τοῦ
1395 950 1567 1019 ἁγίου
1602 952 1893 1019 Μαξίμου.
1920 953 1922 956 ’

1879 987 1893 1002 .
1920 953 1922 956 ’
2244 955 2271 1008 1
2280 965 2381 1009 tem
2417 955 2762 1010 Communiter
2790 956 2852 1009 de
2886 955 3016 1021 Deo,
3047 957 3218 1010 sancti
3245 955 3491 1014 Maximi.

491 1039 763 1107 Ἦγιίσθω
792 1037 850 1092 δὲ
899 1038 1031 1102 Θεὸς
1061 1039 1172 1094 τῶν
1209 1039 1514 1110 νοουμένων
1560 1057 1622 1095 τε
1669 1043 1763 1096 καὶ⁵
1815 1043 1972 1111 λεγο-

2147 1045 2378 1100 Putetur
2403 1045 2565 1117 igitur
2588 1059 2776 1100 eorum
2806 1062 2928 1115 quae
2952 1047 3277 1116 cogitantur,
3309 1062 3540 1116 quaeque
3569 1047 3655 1102 di—

409 1130 589 1200 μένων
626 1133 653 1183 ὁ
689 1128 851 1200 μόνος
897 1129 1022 1195 νοῦς
1049 1131 1162 1186 τῶν
1208 1131 1472 1187 νοούντων
1503 1135 1598 1188 καὶ
1644 1134 1974 1205 νοουμένων,

2113 1147 2277 1192 untur
2306 1137 2470 1205 Deus,
2505 1153 2660 1193 mens
2695 1135 3116 1209 intelligentium
3142 1149 3197 1193 et
3225 1139 3655 1202 intellectorum,
3710 1173 3727 1188 .

408 1221 501 1275 καὶ
531 1221 690 1289 λόγος
713 1221 822 1276 τῶν
855 1220 1122 1290 λεγόντων
1174 1222 1271 1276 καὶ
1325 1224 1659 1294 λεγομένων,
1711 1227 1804 1280 καὶ
1864 1226 1979 1296 ζωὴ

2083 1228 2399 1292 dicentium,
2422 1229 2799 1300 dicterumque
2829 1230 3082 1295 verbum,
3120 1229 3229 1282 vita
3262 1231 3585 1292 viventium,
3609 1238 3662 1283 et

406 1313 519 1366 τῶν
547 1313 769 1375 ζώντων
811 1313 907 1366 καὶ
954 1314 1312 1384 ζωουμένων·
1358 1318 1454 1370 καὶ
1499 1317 1634 1370 πᾶσι
1668 1313 1850 1372 πάντα
1885 1317 1981 1372 καὶ

2082 1321 2437 1392 praebentium
2457 1321 2619 1375 vitam
2639 1336 2652 1373 :
2667 1321 2919 1375 omnibus
2937 1320 3169 1390 denique
3183 1321 3360 1375 omnia
3375 1321 3662 1383 exsistens,

410 1401 510 1468 ῶν,
549 1404 642 1456 καὶ
674 1403 962 1472 γινόμενος
993 1405 1080 1457 διὰ
1112 1405 1282 1460 ταῦτα
1323 1405 1393 1460 τὰ
1433 1407 1560 1460 ὅντα
1600 1411 1695 1460 καὶ
1730 1408 1798 1461 τὰ
1834 1408 1979 1474 γινό-

2086 1418 2141 1464 et
2160 1409 2333 1480 factus
2361 1425 2456 1478 per
2476 1409 2615 1478 ipsa,
2641 1408 2761 1477 qua:
2789 1417 3110 1476 sunt,atque
3136 1406 3292 1461 ﬁunt.
3317 1405 3448 1460 Nam
3484 1421 3579 1475 per
3607 1418 3667 1459 se

415 1509 554 1562 μινα
578 1509 594 1526 ·
647 1492 717 1546 δι’
751 1493 945 1547 ἑαυτὸν
977 1495 1041 1548 δὲ
1077 1497 1230 1548 οὐδὲν
1261 1499 1384 1552 κατ’
1424 1497 1613 1551 οὐδένα
1644 1493 1844 1569 τρόπον
1896 1499 1986 1552 οὐ-

2086 1499 2223 1554 niltll
2247 1500 2352 1553 ulla
2378 1511 2599 1568 prorsus
2629 1499 2846 1552 ratione
2868 1510 2962 1552 aut
2987 1506 3090 1560 est,
3117 1507 3211 1551 aut
3243 1497 3321 1560 lit,
3341 1511 3530 1552 eorum
3547 1510 3665 1564 qua:

414 1583 603 1652 δαμῶς
630 1583 756 1638 οὔτε
777 1585 875 1649 ὢν,
908 1583 1032 1639 οὔτε
1064 1588 1351 1656 γινόμενος
1379 1589 1490 1642 τῶν
1525 1590 1562 1642 ἆ
1591 1600 1641 1643 τι
1676 1591 1786 1644 τῶν
1815 1590 1986 1644 ὄντων

2089 1599 2217 1645 sunt
2237 1589 2438 1660 aliquid
2458 1606 2520 1644 ex
2543 1590 2644 1655 his,
2666 1605 2786 1658 quae
2807 1599 2932 1643 sunt
2958 1599 3011 1642 et
3030 1587 3186 1655 ﬁunt,
3205 1589 3403 1659 quippe
3421 1587 3513 1656 qtti
3536 1587 3664 1640 dum

418 1675 560 1740 ἐστὶ,
579 1675 672 1728 καὶ
695 1675 808 1729 τῶν
828 1681 1150 1747 γινομένων,
1173 1674 1263 1734 οἷα
1294 1681 1484 1750 μηδενὶ
1509 1681 1570 1734 τὸ
1590 1683 1853 1752 παράπαν
1877 1683 1990 1736 τῶν

2090 1679 2304 1736 illorum
2327 1681 2474 1736 nullo
2506 1683 2830 1736 naturaliter
2862 1681 3245 1750 conjungatur.
3281 1680 3463 1748 Itaque
3495 1677 3666 1747 magis

418 1767 588 1820 ὄντων
631 1767 880 1835 φυσικῶς
916 1771 1372 1838 σοντασσόμινος,
1403 1773 1498 1824 καὶ
1528 1771 1617 1826 διὰ
1639 1773 1798 1826 τοῦτο
1823 1773 1882 1826 τὸ
1914 1772 1989 1842 μὴ

2092 1771 2349 1836 admittit,
2381 1779 2442 1824 ut
2471 1771 2534 1825 de
2571 1786 2628 1825 se
2659 1771 2844 1840 potius
2880 1771 3092 1824 dicatur
3109 1786 3217 1824 non
3248 1785 3389 1825 esse.
3413 1769 3501 1838 qui
3533 1783 3672 1837 prm-

418 1852 562 1911 εῐναι
607 1859 809 1927 μᾶλλον
850 1859 941 1914 διὰ
973 1860 1034 1914 τὸ
1082 1863 1384 1933 ὐπερεῖναι,
1420 1863 1496 1926 ὡς
1544 1863 1874 1933 οἰκειότερον
1902 1865 1989 1917 ἐπ’
2023 1922 2035 1933 1

2059 1928 2063 1933 λ
2093 1860 2341 1916 stantiori
2372 1862 2600 1930 quadam
2633 1862 2844 1916 ratione
2888 1872 2989 1916 est.
3017 1860 3244 1931 Oportet
3288 1859 3453 1918 enim.
3503 1859 3547 1911 si
3582 1872 3676 1910 eo-

422 1922 930 2018 aﬁsoﬁ—leydpevov
974 1922 1490 2023 προσιέμενοςίΔεί
1537 1954 1667 2025 γὰρ,
1716 1922 1877 2025 εἴτιερ
1918 1922 2039 2017 ὡς1

2058 1927 2066 1974 ί
2096 1949 2402 2022 gn'oseet'tda
2433 1959 2516 2005 est
2549 1949 2691 2004 inter
2741 1949 2910 2003 Deum
2944 1961 2997 2004 et
3033 1963 3116 2014 ea,
3149 1963 3268 2018 quae
3297 1957 3476 2000 creata
3526 1955 3675 2010 sunt,

422 2042 644 2111 ἀληθῶς
699 2042 765 2096 τὸ
797 2045 1000 2111 γνῶναι
1040 2045 1309 2116 διαφορὰν
1355 2045 1492 2100 Ε’εοῦ
1534 2045 1631 2100 κα)⁵
1680 2051 2006 2116 κτισμάτων

2097 2043 2425 2106 ᾱίίΐετοηιῖο,
2472 2053 2530 2095 ut.
2567 2043 2731 2097 Deum
2770 2041 3056 2096 excellenti
3095 2040 3379 2111 praeditum
3440 2037 3679 2094 essentia

419 2135 571 2189 ἔστιν
607 2136 926 2205 ἀναγκαίως
977 2138 1136 2207 ἡμῖν,
1185 2138 1337 2192 θέσιν
1369 2138 1511 2192 εῖναι
1571 2135 1666 2191 τοῦ
1703 2137 1996 2207 ὐπαρόντος

2097 2137 2340 2192 dicamus
2374 2145 2496 2187 esse
2529 2132 2602 2197 id,
2655 2131 2800 2202 quod
2841 2131 2929 2185 illa
2962 2146 3069 2183 non
3126 2138 3287 2196 sunt;
3321 2136 3374 2182 et
3403 2127 3547 2197 quod
3590 2125 3680 2179 illa

423 2228 526 2296 τὴν
556 2227 666 2280 τῶν
687 2226 858 2281 ὅντων
889 2229 1204 2298 ἀφαίρεσιν,
1234 2230 1330 2283 καὶ
1365 2229 1464 2300 τὴν
1504 2231 1612 2283 τῶν
1638 2227 1810 2282 δντων
1847 2228 1999 2280 θέσιν

2101 2234 2249 2289 sunt,
2301 2225 2355 2279 id
2394 2223 2562 2278 Deum
2593 2222 2880 2277 excellenti
2914 2221 3198 2290 praeditum
3243 2219 3478 2274 essentia
3512 2233 3682 2287 negeo

424 2315 570 2373 εῖναι
603 2319 702 2372 τοῦ
740 2320 1037 2390 ὑπερόντος
1063 2321 1379 2391 ἀφαίρεσιν,
1421 2321 1514 2375 καὶ
1554 2317 1722 2391 ἄμφω
1753 2322 1883 2392 περὶ
1909 2321 2003 2374 τὸν

2103 2331 2225 2370 mus
2255 2321 2406 2381 esse;
2445 2322 2497 2367 et
2531 2320 2824 2381 utrumque
2860 2311 2924 2366 de
2955 2311 3066 2365 Deo
3107 2311 3192 2381 pic
3222 2311 3301 2365 sic
3331 2307 3682 2374 aﬂirmemus,

429 2411 598 2465 αὐτὸν
644 2411 883 2475 εὐσεϐῶς
929 2412 1258 2483 θεωρεῖσθαι
1302 2414 1404 2476 τὰς
1457 2412 1860 2482 προσηγορίας,
1908 2413 2006 2464 καὶ

2108 2415 2164 2460 ut
2181 2413 2433 2459 neutrum
2456 2413 2636 2457 tamen
2664 2417 2972 2456 asseramus
2989 2401 3054 2455 de
3074 2400 3163 2454 illo
3189 2398 3404 2470 proprie
3427 2399 3532 2453 dici
3557 2413 3686 2467 pos-

434 2501 712 2572 μηδεμίαν
750 2502 958 2572 κυρίως
987 2477 1272 2569 δύνασθαι,
1306 2503 1366 2556 τὸ
1412 2477 1555 2556 εἶναι
1587 2477 1752 2573 φῆμὶ,
1795 2505 1890 2558 καὶ
1927 2503 2004 2571 μὴ

2107 2513 2186 2552 se.
2215 2496 2520 2566 Utrumque
2553 2493 2837 2551 nimirum.
2865 2502 2918 2546 et
2951 2508 3089 2558 esse,
3116 2491 3369 2560 quoniam
3406 2489 3476 2542 sit
3498 2477 3687 2542 eorum

432 2588 614 2647 εἶναι·
649 2593 818 2661 ἄμφω
868 2595 987 2663 μὲν,
1018 2593 1093 2656 ὡς
1143 2595 1245 2664 τῆς
1286 2595 1384 2666 μὲν
1413 2595 1508 2648 τοῦ
1560 2592 1700 2648 εἶναι
1752 2595 1842 2649 τὸν
1874 2595 2008 2648 Θεὸν

2108 2591 2306 2656 οειιςεζ;
2336 2597 2387 2642 et
2419 2603 2526 2640 non
2560 2600 2699 2646 esse.
2725 2585 2868 2654 quod
2899 2583 3046 2639 onmi
3079 2598 3267 2637 eorum
3300 2597 3464 2636 causa
3498 2581 3568 2634 sit
3594 2595 3689 2634 ex-

432 2685 559 2740 κατ⁹
597 2686 780 2740 αίτίαν
813 2687 923 2738 τῶν
954 2685 1124 2739 ὄντων
1164 2687 1404 2757 θετικῆς,
1437 2688 1534 2758 τῆς
1567 2689 1623 2741 δὲ
1662 2688 1785 2740 καθ’
1813 2689 2010 2758 ὑπερο-

2111 2681 2412 2737 cellentior.
2443 2679 2706 2734 Neutrum
2740 2687 2930 2732 rursus
2960 2675 3194 2746 proprie.
3228 2673 3431 2728 Neutro
3457 2672 3600 2728 enim
3637 2671 3689 2725 id

433 2779 538 2846 χὴν
569 2776 749 2838 αίτίας
785 2775 966 2847 πάσης
995 2777 1103 2830 τῶν
1147 2777 1316 2831 ὄντων
1365 2779 1749 2852 άφαιρετικῆς,
1781 2779 1874 2831 καὶ
1911 2797 2014 2849 μη-

2113 2763 2392 2834 constitui,
2427 2773 2572 2837 quod
2605 2763 2891 2836 quaesitum
2921 2773 3020 2830 est,
3064 2759 3282 2832 nempe,
3318 2761 3445 2830 quid
3481 2775 3574 2830 per
3605 2774 3695 2814 es-

436 2865 634 2935 δεμίαν
665 2865 874 2937 κυρίως
912 2867 1096 2932 πάλιν,
1129 2867 1203 2930 ὼς
1233 2865 1493 2938 οὐδεμιᾶς
1527 2868 1624 2937 τὴν
1663 2849 1786 2921 κατ’
1817 2868 2012 2921 οὐσίαν

2116 2863 2370 2929 Sentiam,
2414 2871 2776 2928 naturamque
2828 2857 2918 2912 sit.
2965 2855 3064 2910 Cui
3100 2854 3244 2908 enim
3281 2851 3419 2906 nihil
3456 2849 3690 2920 ;omnino

439 2957 614 3027 αὐτὴν
642 2960 736 3011 καὶ
764 2959 926 3027 φύσιν
964 2957 1060 3011 τοῦ
1091 2976 1144 3011 τι
1175 2951 1320 3011 εἶναι
1363 2958 1458 3011 τοῦ
1494 2958 1830 3029 ζητουμένου
1865 2959 2016 3013 θέσιν

2116 2953 2261 3025 quod
2292 2955 2382 3019 sit,
2405 2961 2496 3006 aut
2528 2951 2671 3021 quod
2707 2964 2815 3003 non
2854 2948 2945 3013 sit,
2979 2945 3299 3000 naturaliter
3329 2941 3695 3029 coniungitur,

441 3025 790 3121 παριστώση.
813 3045 893 3122 ⁴ᾯ
918 3053 1029 3120 γάρ
1069 3051 1235 3122 μηδὲν
1283 3053 1342 3106 τὸ
1371 3025 1592 3105 σύνολον
1628 3025 1872 3121 φυσικῶς
1896 3049 2016 3106 κατ’

2119 3043 2185 3100 ad
2214 3045 2360 3098 hunc
2389 3053 2577 3097 eorum
2607 3041 2691 3095 vel
2714 3055 2835 3110 quae
2856 3047 3002 3104 sunt,
3033 3047 3127 3091 aut
3162 3025 3438 3098 dicuntur,
3467 3035 3552 3088 vel
3576 3047 3696 3101 qua:

446 3140 632 3222 αἰτίαν
658 3138 1040 3204 συνέζευκται,
1079 3140 1223 3210 ῆόν,
1255 3141 1287 3213 ἢ
1324 3140 1399 3213 μὴ
1427 3141 1507 3208 δν,
1542 3140 1718 3211 τούτῳ
1740 3141 1890 3194 οὐδὲν
1910 3139 2018 3193 τῶν

2120 3141 2232 3189 non
2255 3140 2402 3198 sunt,
2436 3141 2532 3186 aut
2562 3146 2669 3185 non
2695 3129 2974 3191 dicuntur,
3019 3126 3155 3180 nihil
3187 3124 3428 3194 aspirare
3463 3136 3701 3176 consen-

443 3219 638 3298 όντων,
695 3233 791 3286 καὶ
812 3231 1147 3302 λεγομένων,
1197 3233 1322 3286 οὐδὲ
1376 3233 1484 3288 τῶν
1535 3233 1609 3305 μὴ
1653 3234 1849 3298 ὄντων,
1881 3233 2060 3306 μηδὲ(

2087 3243 2092 3297 ι
2129 3234 2347 3281 laneum
2398 3233 2500 3279 est.
2553 3221 2866 3291 Simplieem
2909 3219 3052 3273 enim
3100 3217 3264 3271 habet
3298 3215 3615 3277 essentiam,
3649 3220 3704 3266 et

445 3324 760 3395 λεγομένων
801 3324 1028 3388 εἰκότως
1074 3325 1222 3378 ἐστὶν
1273 3325 1459 3393 ὲγγύς.
1517 3325 1722 3395 Ἀπλῆν
1763 3325 1894 3397 γὰρ,
1927 3327 2021 3380 καὶ

2125 3318 2377 3373 omnibus
2405 3315 2754 3386 inCOgnitam,
2785 3321 2839 3367 et
2866 3311 3218 3395 inaccessam,
3239 3315 3296 3364 et
3314 3323 3434 3376 quae
3459 3321 3561 3359 nec
3584 3319 3704 3358 ver-

448 3385 752 3484 ᾱγνωοτον,
793 3419 887 3472 καὶ
917 3385 1082 3472 πᾶσιν
1116 3385 1325 3472 ἄϐατον,
1352 3385 1470 3488 ἔχει
1508 3417 1608 3490 τὴν
1639 3385 1893 3489 δὲαρξιῖιξ
1926 3420 2024 3474 καὶ

2124 3412 2208 3466 bis
2255 3408 2513 3479 explicari
2540 3385 2747 3475 potest,
2794 3412 2847 3460 et
2879 3412 2963 3460 est
3011 3385 3160 3456 omni
3194 3397 3575 3462 aﬂirmatione,
3603 3409 3703 3450 ne-

451 3499 1186 3579 οιιαντελῶςάνερμήνευτον,
1223 3510 1317 3562 καὶ
1351 3511 1533 3580 πάσης
1572 3511 1934 3580 καταφάσεως
1963 3525 2023 3563 τε
2046 3514 2061 3524 ⁸

1131 3499 1186 3575 ιν,
1223 3510 1317 3562 καὶ
1351 3511 1533 3580 πάσης
1572 3511 1934 3580 καταφάσεως
1963 3525 2023 3563 τε
2046 3514 2061 3524 ·
2124 3500 2447 3573 gationeque
2478 3495 2748 3566 superior.

450 3603 545 3654 tm
567 3599 893 3667 ἀποφάσεως
916 3593 1078 3651 οὖσαν
1106 3599 1384 3652 ἐπέκεινα.

1091 3687 1200 3741 Τοῦ
1220 3687 1428 3742 αὐτοῦ.
1626 3687 1630 3690 ’
2145 3709 2148 3712 ’

1626 3687 1630 3690 -
2145 3709 2148 3712 .
2851 3667 3127 3740 Ejusdem.

525 3774 620 3842 Εἷς
645 3778 741 3833 καὶ
769 3768 932 3849 μόνος
960 3778 1100 3832 κατὰ
1128 3778 1291 3847 φύσιν
1317 3778 1404 3830 ἀεὶ
1423 3777 1626 3848 κυρίως
1649 3777 1795 3831 ἐστὶν
1825 3779 1853 3830 ὁ
1871 3777 2024 3844 Θεὸς,

2197 3765 2354 3820 Unus
2387 3771 2442 3818 et
2474 3761 2620 3817 solus
2670 3775 2766 3831 per
2815 3767 3063 3812 naturam
3095 3747 3316 3828 proprie
3370 3750 3586 3822 semper
3625 3760 3710 3806 est

453 3867 578 3923 ὅλον
607 3869 667 3922 τὺ
712 3843 922 3940 κυρίως
964 3863 1106 3921 εἶναι
1140 3843 1307 3922 ⁷κατὰ
1361 3843 1543 3921 πάντα
1594 3869 1795 3938 τρόπον
1848 3861 2027 3937 ἑαυτῷ

2130 3857 2292 3921 Deus,
2332 3864 2528 3917 totum,
2565 3851 2705 3922 quod
2735 3851 2951 3920 proprie
2990 3859 3091 3912 est,
3125 3849 3273 3902 omni
3323 3846 3530 3900 ratione
3566 3843 3711 3917 inse

459 3935 810 4029 σιἰτερικλείιιιν⁹
837 3960 914 4024 ὡς
945 3961 1039 4014 καὶ
1068 3959 1230 4012 αὐτοῦ
1268 3959 1363 4012 τοῦ
1392 3957 1532 4012 εῖναι
1561 3935 1766 4030 κυρίως
1797 3935 2030 4028 ὑπέρτεξ-

2130 3950 2246 4018 ipse
2275 3949 2580 4011 includens,
2607 3956 2666 4000 ut
2687 3945 2776 4013 qui
2796 3946 3103 3998 etessentia
3129 3937 3344 4010 proprie
3365 3935 3713 4007 praestantior

462 4068 580 4125 ρος.
621 4053 684 4104 El
713 4052 772 4105 δὲ
804 4050 964 4104 τοῦτο
996 4043 1250 4118 οὐδαμῶς
1284 4050 1440 4103 οὐδὲν
1473 4027 1708 4120 οὐδαμοῦ
1737 4051 1849 4103 τῶν
1891 4027 2030 4105 εἶναι

2131 4039 2362 4094 exsistit.
2409 4036 2564 4102 Quod
2581 4037 2624 4090 si
2660 4036 2732 4090 ita
2761 4027 2863 4098 est,
2906 4028 3042 4087 nihil
3085 4033 3310 4088 omnino
3349 4044 3715 4096 eorum-quae

459 4123 773 4213 λεγομένων
807 4141 868 4195 τδ
903 4141 1122 4197 σύνολον
1155 4143 1269 4213 ἔχει
1300 4143 1360 4196 τὸ
1387 4139 1590 4211 κυρίως
1639 4138 1801 4205 εἶναι,
1831 4142 2027 4196 οὐκοῦν

2134 4125 2236 4185 ulla
2267 4129 2478 4184 ratione
2512 4128 2763 4183 dicuntur
2797 4141 2936 4190 esse,
2965 4127 3121 4196 plane
3168 4125 3218 4176 id
3258 4123 3442 4183 habet,
3494 4131 3552 4175 ut
3590 4135 3718 4190 pro.

458 4211 614 4288 οὐδὲν
647 4233 797 4306 αὐτῷ
829 4234 891 4287 τδ
916 4211 1261 4305 παράπαν-ἒξ
1290 4233 1466 4287 ἀϊδίου
1496 4234 1882 4305 συνθεωρεῖται
1913 4236 2033 4289 κατ’
2073 4261 2075 4263 ί

2134 4221 2251 4294 prie
2293 4222 2384 4276 sit.
2437 4219 2616 4286 Quare
2659 4218 2795 4272 nihil
2844 4218 3077 4273 essentia
3128 4212 3405 4270 diversum
3445 4227 3567 4267 eum
3622 4211 3713 4264 illo

457 4327 651 4381 οὐσίαν
679 4325 960 4396 διάφορον,
1001 4324 1101 4377 οὐκ
1125 4323 1282 4388 αἰὼν,
1330 4325 1391 4376 οὐ
1436 4325 1647 4396 χρόνος,
1677 4317 1802 4380 οὐδέ
1835 4338 1886 4379 τι
1922 4321 2034 4381 τῶν

2134 4317 2354 4383 prorsus
2386 4301 2452 4363 ab
2474 4317 2676 4363 aeterno
2710 4316 2889 4379 potest
2919 4305 3273 4372 considerari,
3298 4320 3405 4358 non
3433 4302 3713 4366 saeculum,

461 4417 673 4478 τούτοις
707 4391 1166 4488 ἐνδιαιτωμένων.
1197 4417 1271 4469 Οὐ
1303 4417 1412 4486 γὰρ
1436 4391 1841 4488 συμϐαίνουσιν
1869 4419 2035 4488 ena-
2070 4464 2078 4517 Ι

2134 4417 2246 4458 non
2283 4412 2516 4469 tempus,
2551 4412 2658 4451 non
2717 4395 2921 4466 aliquid
2971 4403 3183 4458 eurum,
3247 4409 3366 4462 quae
3416 4391 3612 4446 sacculo
3663 4399 3720 4443 et

2103 4470 2378 4517 ’........A.m
2409 4488 2756 4517 ηη..ίῖηη..ο.ι-
2814 4485 2945 4517 Nam
2989 4484 3206 4517 nun-min
3261 4490 3311 4517 nl
3349 4496 3456 4517 nnn
3495 4480 3718 4517 nrnnrin‘

461 4515 576 4577 λοις
603 4510 825 4565 πώποτε
857 4510 918 4563 τὸ
946 4509 1150 4580 κυρίως
1183 4506 1343 4576 εἶναι,
1380 4507 1474 4562 καὶ
1505 4508 1566 4561 οὐ
1595 4509 1822 4580 κυρίως.
2070 4480 2078 4517 Ι

2100 4480 2112 4515 ’
2140 4500 2379 4560 tempore
2407 4488 2778 4542 continentur.
2814 4485 2947 4540 Nam
2989 4484 3227 4554 proprie,
3261 4490 3315 4536 et
3349 4496 3458 4536 non
3495 4480 3717 4550 prepria

1093 4614 1096 4619 -
1671 4575 1683 4580 ⁷
2151 4595 2270 4636 esse
2293 4593 2570 4647 nunquam
2598 4578 2739 4632 inter
2770 4584 2835 4632 se'
2859 4575 3214 4631 conveniunt.

1076 4695 1188 4750 Τοῦ
1225 4693 1434 4748 αὐτοῦ.

2804 4670 2852 4722 Ε
2857 4672 2879 4736 i
2884 4669 3081 4722 usdem.

539 4789 719 4852 Μόνος
745 4788 774 4840 ό
806 4787 938 4850 Θεὸς
965 4785 1168 4848 ἁπλοῦς
1203 4786 1321 4837 ἐστι
1346 4774 1570 4854 κυρίως,
1600 4781 1696 4835 καὶ
1717 4781 1775 4833 ἓν
1809 4781 2036 4848 κυρίως,

2213 4763 2372 4820 Solus
2403 4764 2544 4819 Deus
2578 4763 2806 4833 simplex
2835 4760 3172 4832 estproprie,
3201 4770 3254 4815 et
3287 4757 3504 4827 proprie
3529 4773 3721 4822 unttm,

464 4881 566 4935 και
597 4849 747 4945 mg,
774 4881 868 4930 καὶ
903 4879 1094 4946 μονὰς,
1133 4875 1311 4928 πάντα
1344 4875 1401 4926 δι
1425 4849 1498 4926 τὰ
1531 4874 1668 4943 μετὰ
1693 4872 1827 4925 Θεὸν
1854 4871 2042 4934 δυάδες

2141 4867 2194 4912 et
2214 4856 2412 4922 unitas,
2431 4867 2483 4909 et
2499 4868 2704 4910 monas.
2725 4851 2914 4908 Omnia
2935 4866 3081 4916 vero,
3103 4865 3219 4920 quae
3249 4856 3369 4918 post
3389 4849 3554 4901 Deum
3575 4857 3723 4911 sunt,

466 4975 603 5039 εισι,
634 4943 741 5026 και
773 4943 1108 5033 «meamet
1146 4967 1239 5020 και
1280 4966 1355 5035 μὴ
1406 4965 1623 5035 ἐπίσης.
1672 4965 1753 5017 τά
1797 4964 1894 5034 μὲν
1933 4963 2041 5032 γὰρ

2142 4950 2378 5021 duplicia
2418 4956 2564 5009 sunt.
2589 4958 2644 5002 et
2682 4947 3002 5017 composita,
3051 4945 3176 4999 licet
3216 4943 3460 5014 nonpari
3495 4943 3724 4997 ratione.

467 5035 639 5132 νοητὰ
665 5061 730 5115 ἐκ
755 5077 814 5113 τε
853 5060 1043 5121 οὐσίας
1074 5057 1402 5126 ὑπάρχουσι,
1442 5055 1537 5108 καὶ
1573 5051 1902 5121 συστατικῆς
1926 5051 2044 5104 δια-

2143 5041 2274 5096 Nam
2303 5057 2422 5111 qua:
2446 5049 2626 5094 mente
2653 5044 2706 5092 et
2733 5035 3085 5107 intelligentia
3136 5036 3504 5097 continentur,
3541 5048 3606 5087 ex
3639 5047 3725 5086 es-

471 5123 646 5224 φορᾶς
681 5148 1048 5222 ἀφοριζούσης
1072 5123 1324 5210 ἕκαστον,
1371 5145 1480 5199 πᾶν
1508 5143 1617 5214 γὰρ
1648 5143 1708 5195 τὸ
1739 5141 1860 5212 ἕχον
1920 5157 2045 5194 συν·

2146 5131 2318 5186 sentia
2341 5137 2608 5192 constant,
2632 5137 2685 5182 et
2710 5125 3032 5192 differentia,
3065 5141 3170 5196 qua
3190 5123 3613 5197 unumquodque
3631 5137 3725 5176 eo-

469 5213 946 5314 έτιίθεωρούμενόν
975 5213 1035 5292 τι·
1076 5237 1212 5310 πρὸς
1238 5237 1469 5309 δήλωσιν
1497 5213 1599 5304 τῆς
1617 5235 1834 5295 οἰκείας
1866 5231 2047 5302 ὑπάρ-

2147 5237 2266 5276 rum
2291 5219 2662 5284 constituitur,
2696 5219 2834 5274 etab
2857 5219 2976 5274 aliis
3007 5226 3311 5289 separatur.
3335 5213 3605 5283 Quidquid
3627 5228 3727 5267 au-

472 5337 638 5401 ξεως,
673 5303 1011 5402 οὐχ-ἁπλοῦν
1041 5303 1244 5400 κυρίως
1270 5303 1300 5361 θ’
1321 5327 1390 5381 τὰ
1427 5324 1484 5378 δὲ
1523 5303 1756 5394 αἰσθητὰ
1789 5319 1848 5388 ἐξ
1872 5320 2048 5386 εἴδους

2149 5319 2258 5367 rem
2305 5311 2468 5366 habet
2506 5310 2724 5379 aliquid,
2752 5326 2861 5380 quo
2905 5310 3074 5377 ipsius
3122 5306 3357 5364 essentia
3405 5303 3729 5369 declaretur,

473 5393 772 5495 καὶύὶηςῗ
1117 5393 1130 5400 ⁷
1677 5393 1681 5394 ν
2150 5404 2260 5457 non
2299 5411 2380 5458 est
2415 5402 2641 5472 simplex
2677 5417 2689 5455 ε
2730 5417 2849 5470 quae
2879 5415 3009 5495 uero
3051 5399 3300 5455 sensibus
3335 5393 3732 5464 percipiuntur,

1785 5564 1789 5566 _
2153 5503 2413 5552 constant
2441 5508 2505 5549 ex
2541 5493 2764 5548 materia
2800 5501 2854 5547 et
2881 5491 3076 5545 forma.

1087 5600 1200 5655 Τοῦ
1253 5599 1448 5663 αὐτοῦ,

1435 5650 1448 5663 θ
2782 5583 3051 5652 Ejusdem.

558 5698 686 5750 ‘Err‘:
718 5696 814 5750 τοῦ
837 5695 976 5750 Θεοῦ
1001 5694 1064 5748 τὸ
1095 5693 1190 5751 ὢν,
1225 5693 1318 5745 καὶ
1349 5691 1412 5744 τὸ
1439 5689 1663 5759 ἀγαθὸς,
1691 5691 1786 5744 καὶ
1809 5689 1872 5742 τὺ
1897 5688 2049 5752 Θεὸς,

2227 5681 2285 5734 In
2319 5679 2452 5737 Deo.
2489 5685 2544 5733 et
2567 5675 2659 5747 qni
2689 5684 2791 5738 est,
2826 5682 2882 5728 et
2924 5673 3119 5737 bonus,
3154 5677 3206 5725 et
3235 5667 3403 5735 Deus,
3429 5676 3481 5723 et
3532 5667 3734 5738 opifex,

477 5791 577 5844 καὶ
603 5787 666 5840 τὸ
700 5787 1056 5858 δημιουργὸς,
1086 5783 1180 5837 καὶ
1227 5783 1286 5835 τὸ
1313 5780 1662 5852 ὐπερούσιος,
1696 5781 1790 5833 καὶ
1817 5779 1876 5833 τὸ
1901 5781 2059 5835 ἄπει-

2156 5783 2210 5829 ct
2241 5771 2480 5828 essentia
2509 5767 2872 5840 praesta-utier,
2905 5761 2961 5820 et
2989 5761 3258 5828 inﬁnitus,
3292 5770 3345 5818 et
3375 5760 3699 5816 immortalis
3719 5797 3737 5824 ,

488 5897 602 5952 ρος,
648 5849 838 5931 natae
873 5849 1163 5943 δι’Θάνατος,
1193 5874 1286 5928 καὶ
1325 5873 1396 5928 τὰ
1425 5849 1670 5929 τοιαῦτα
1715 5873 1776 5926 οὐ
1823 5871 2054 5942 λέγομεν

2159 5876 2210 5922 et
2233 5879 2353 5936 qua:
2397 5863 2484 5919 his
2514 5861 2710 5918 similia
2742 5866 2890 5927 sunt,
2921 5874 3029 5914 non
3065 5857 3297 5914 dicimus
3333 5869 3452 5912 esse
3485 5849 3737 5908 diﬂ'erew
