4060 6278
381 392 501 459 ῐῖυίῖἱ

1622 408 2001 472 ΕΠἸἮῩΜῘΙ
2042 415 2212 476 ZIGA
2225 418 2403 481 BEN!

3478 446 3481 447 '
3540 424 3640 488 144

391 514 496 568 tias
566 514 861 570 essentiam
927 518 1343 586 constituentes,
1401 536 1470 575 ne
1525 522 1704 593 ipsum
1758 540 1822 579 ex
1884 529 1968 581 his

2076 536 2351 599 οὖσιώδεις
2378 538 2663 609 διαφορὰς,
2698 538 2783 592 ινα
2817 538 2895 610 μὴ
2942 536 3197 593 σύνθετον
3224 537 3391 591 αὐτὴν
3419 539 3485 593 ἐκ
3513 538 3640 592 toti-

386 608 755 678 compositum
781 624 1111 675 asseramus,
1142 613 1234 667 sed
1261 614 1655 683 appellationes
1681 617 1965 687 quasdam,

389 699 593 766 quibus
622 701 799 769 aliqua
828 716 1042 767 eorum,
1072 717 1190 771 qum
1222 705 1366 758 circa
1406 705 1580 773 ipsum
1627 717 1962 776 spectantur,

393 792 675 857 pateﬁunt,
707 809 828 847 cum
857 794 1006 848 nulla
1027 803 1221 848 tamen
1262 810 1331 850 ex
1377 796 1536 867 ipsis,
1582 814 1668 865 ea,
1718 816 1840 869 quae
1896 800 1963 856 ad

393 884 687 937 essentiam
745 894 800 939 et
871 894 1122 940 naturam
1173 887 1293 955 ejus
1345 888 1641 957 pertinent,
1695 891 1969 946 ostendat.

395 971 652 1037 Quaedam
683 976 828 1036 enim
878 976 1079 1031 divinae
1110 986 1318 1032 natura:
1348 980 1707 1051 congruentia
1757 981 1967 1054 signiﬁ-

398 1078 550 1129 cant,
603 1082 711 1121 non
762 1077 943 1123 autem
985 1068 1226 1126 indicant
1278 1074 1452 1144 ipsam
1498 1084 1775 1139 naturam,
1820 1076 1968 1146 quod

396 1157 618 1224 quidem
670 1160 1103 1217 diﬁ'erentiarum
1154 1165 1451 1222 essentiam
1512 1167 1965 1225 constituentium

393 1248 674 1317 prOprium
708 1259 816 1305 est.

1059 1342 1332 1414 Ejusdem.

461 1428 516 1482 in
543 1440 726 1498 partes
760 1431 924 1488 dividi
953 1450 1061 1489 non
1086 1446 1262 1504 potest
1295 1439 1459 1506 Deus,
1489 1440 1615 1510 quia
1644 1456 1751 1496 non
1801 1440 1969 1497 habet

391 1519 774 1585 quantitatem.
801 1521 1047 1587 Quantus
1072 1540 1181 1580 non
1207 1536 1308 1593 est,
1333 1527 1589 1597 quoniam
1612 1538 1663 1585 et
1688 1529 1968 1599 qualitatis

392 1624 609 1678 expers.
645 1611 764 1666 Non
811 1622 897 1667 est
941 1616 1139 1684 qualis,
1165 1617 1289 1687 quia
1338 1628 1393 1672 et
1438 1619 1685 1688 simplex.
1726 1621 1968 1692 Simplex

374 1715 500 1764 ,est,
537 1705 662 1772 quia
713 1712 770 1760 et
822 1706 1230 1767 interminatus.
1287 1708 1697 1777 Interminatus,
1750 1713 1875 1782 quia
1909 1725 1964 1770 et

397 1794 661 1850 inﬁnitus.
696 1792 967 1863 inﬁnitus,
1020 1801 1146 1869 quia
1182 1807 1239 1854 et
1279 1800 1597 1860 immobilis.
1642 1802 1965 1871 lmmobilis,

393 1887 518 1954 quia
564 1899 617 1941 et
652 1888 773 1942 sine
820 1890 1106 1960 principio.
1141 1891 1289 1946 Nihil
1338 1893 1484 1947 enim
1517 1894 1681 1950 habet
1709 1904 1836 1952 ante
1885 1912 1967 1961 se,

391 1986 445 2029 et
491 1981 685 2047 majus.
721 1979 871 2034 Nihil
900 1997 1110 2047 secum,
1162 1994 1218 2038 et
1264 1986 1489 2054 aequale.
1530 1986 1676 2041 Nihil
1716 1998 1840 2057 post
1886 2004 1970 2046 se.

396 2068 561 2123 Vacat
590 2080 771 2125 autem
822 2073 1111 2142 principio,
1159 2074 1401 2142 tuoniam
1452 2084 1508 2130 et
1550 2075 1831 2148 ingenitus
1861 2086 1964 2134 est.

391 2160 670 2229 lngeuitus
720 2177 905 2232 porro,
953 2163 1211 2232 quoniam
1269 2174 1355 2219 est
1402 2180 1569 2231 unus,
1623 2176 1681 2221 et
1732 2168 1970 2223 maxime

393 2251 886 2321 singularis.‘Unus
928 2269 1056 2307 vero
1110 2253 1457 2322 maximeque
1499 2256 1815 2327 singularis,
1844 2273 1978 2330 quo-

392 2344 538 2399 niam
575 2345 877 2400 immensus
910 2347 1159 2413 omnino,
1187 2347 1420 2420 ideoque
1447 2363 1548 2404 nec
1565 2350 1846 2420 explicari,
1873 2365 1977 2407 nec

392 2435 649 2507 cognosci
694 2446 895 2507 potest,
944 2446 1001 2493 et
1035 2439 1147 2494 sola
1199 2440 1315 2494 hinc
1356 2454 1484 2494 vera
1521 2439 1668 2497 illius
1716 2439 1955 2498 habetur

390 2528 656 2598 cognitio,
688 2531 835 2600 quod
872 2531 1127 2600 cognosci
1160 2546 1268 2585 non
1311 2538 1511 2601 potest.

1120 2620 1396 2689 Ejusdem.

471 2711 723 2767 lnﬁnitus
771 2722 856 2769 est
885 2712 1049 2778 Deus,
1090 2727 1201 2768 non
1236 2729 1297 2768 ea
1336 2729 1394 2771 re
1420 2714 1615 2780 solum,
1643 2716 1789 2787 quod
1825 2715 1975 2788 prin-

392 2804 542 2872 cipio
588 2815 745 2860 vacat
781 2814 843 2860 et
871 2804 998 2871 ﬁne,
1027 2806 1382 2861 verumetiam
1410 2816 1672 2877 quantum
1698 2809 1765 2863 ad
1789 2822 1979 2865 essen-

392 2897 549 2959 tiam,
584 2904 641 2949 et
697 2896 1016 2966 potentiam,
1061 2896 1439 2967 actionemque
1484 2899 1742 2969 pertinet.
1787 2899 1975 2970 Neque

392 2986 541 3041 enim
556 3003 651 3057 per
676 2989 969 3044 essentiam
994 2989 1228 3059 percipi,
1245 3002 1346 3045 nec
1365 3004 1461 3060 per
1478 2990 1976 3060 potentiam,actio-

395 3094 627 3148 nemque
649 3080 897 3151 cognosci
917 3089 1113 3150 potest.
1136 3078 1311 3150 Atque
1333 3089 1390 3135 ut
1425 3080 1608 3136 verius
1630 3081 1839 3151 loquar,
1860 3096 1978 3137 om-

2074 642 2184 678 των
2219 626 2665 697 δογματίσωμεν,
2722 626 2861 680 ἀλλά
2901 624 3276 697 προσηγορίας
3328 626 3495 677 τινῶν
3541 624 3644 693 μιν

2071 716 2429 785 έκφαντικάς,
2460 717 2571 770 τῶν
2601 716 2996 786 θεωρουμένων
3024 717 3156 785 περὶ
3199 713 3388 780 αὐτὸν,
3432 713 3641 776 οὐδενὸς

2070 806 2126 859 δὲ
2152 806 2260 860 τῶν
2285 807 2429 861 κατά
2454 806 2557 874 τὴν
2578 808 2770 861 οὐσίαν
2799 804 2966 860 αὐτοῦ
2991 806 3087 860 καὶ
3115 805 3285 874 φύσιν
3312 803 3638 873 δηλωτικάς.

2071 898 2209 951 Τινά
2236 898 2337 969 μὲν
2364 898 2475 969 γὰρ
2503 897 2785 968 πρέποντα
2814 900 2882 968 τῇ
2913 896 3035 968 θείᾳ
3056 901 3219 966 φύσει
3251 894 3637 965 σημαίνουσιν,

2069 990 2170 1043 οὐκ
2207 989 2377 1062 αὐτὴν
2403 990 2461 1043 δὲ
2490 990 2591 1059 τὴν
2628 989 2792 1059 φύσιν
2826 989 3149 1060 μηνύουσιν,
3193 988 3335 1057 ὅπερ
3362 986 3497 1040 ίδιον
3531 985 3640 1037 τῶν

2068 1082 2345 1138 et.on
2383 1084 2480 1137 καὶ
2511 1083 2855 1139 συστατικῶν
2893 1079 3187 1151 διαφορῶν.

2681 1356 2790 1412 Τοῦ
2832 1353 3040 1411 αὑτοῦ.

2151 1451 2384 1522 Ἀμερὲς
2443 1450 2544 1521 μὲν
2583 1449 2644 1502 τὸ
2690 1449 2867 1512 Θεῖον,
2909 1448 2990 1501 ὅτι
3035 1445 3130 1499 καὶ
3166 1443 3405 1497 ἀποσονο
3440 1441 3641 1496 ἀποσον

2067 1544 2147 1613 δὲ,
2187 1545 2270 1598 δτι
2331 1544 2428 1596 καὶ
2502 1542 2728 1595 άποιονο
2773 1538 2965 1593 άποιον
3010 1536 3088 1601 δὲ,
3138 1534 3223 1588 δτι
3268 1532 3364 1586 καὶ
3411 1529 3638 1591 ἀπλοῦν,

2070 1637 2274 1691 ἁπλοῦν
2322 1635 2402 1703 δὲ,
2443 1634 2526 1688 ὅτι
2555 1633 2652 1687 καὶ
2699 1630 3051 1695 ἀδιάστατον,
3095 1626 3421 1681 ἀδιάστατον
3451 1623 3530 1688 δὲ,
3560 1623 3643 1675 ὅτι

2069 1732 2165 1785 καὶ
2217 1730 2483 1799 ἄπειρον·
2517 1725 2745 1796 ἀπειρον
2784 1723 2865 1789 δὲ,
2907 1722 2991 1775 δτι
3032 1718 3129 1774 καὶ
3181 1716 3473 1786 ἀκίνητον·
3520 1712 3644 1767 ἀκί-

1998 1851 2043 1910 Β
2070 1839 2231 1895 νητον
2259 1821 2338 1885 δὲ,
2377 1821 2461 1873 δτι
2495 1818 2593 1872 καὶ
2634 1817 2891 1886 ἄναρχον.
2927 1811 3091 1910 ,Οὔτε
3133 1808 3243 1910 γὰρ
3286 1807 3399 1910 εχει
3430 1822 3484 1858 τι
3535 1803 3644 1910 1:95

2073 1891 2260 1978 αθτοῦ,
2298 1914 2390 1966 καὶ
2420 1910 2627 1980 μεῖζον,
2655 1906 2781 1961 οὕτε
2804 1922 2855 1958 τι
2889 1903 2989 1956 σὺν
3032 1899 3201 1967 αὐτῷ,
3230 1901 3324 1951 καὶ
3356 1896 3489 1958 ἴσον,
3516 1891 3642 1946 οὔτε

2071 2023 2127 2059 τι
2181 2005 2300 2075 μετ’
2353 2003 2506 2055 αὑτό.
2561 2000 2835 2069 Ἀναρχον
2884 1995 2964 2059 δὲ,
3020 1994 3104 2048 δτι
3154 1992 3250 2045 καὶ
3301 1987 3595 2056 ἀγέννητον
3623 1998 3639 2013 ο

2072 2097 2367 2166 ἀγέννητον
2393 2093 2473 2159 δὲ,
2494 2093 2579 2146 ὅτι
2623 2089 2719 2145 καὶ
2779 2087 2839 2141 ἓν
2888 2086 2984 2140 καὶ
3016 2081 3325 2155 μονώτατον
3342 2095 3358 2110 ·
3383 2078 3442 2130 ἓν
3464 2076 3520 2130 δὲ
3546 2075 3643 2129 καὶ

2077 2187 2408 2259 μονώτατον,
2436 2185 2519 2239 ὅτι
2543 2185 2638 2236 καὶ
2661 2177 2944 2241 παντελῶς
2974 2176 3226 2246 ἄσχετον,
3253 2170 3351 2226 καὶ
3372 2169 3462 2223 διά
3487 2166 3645 2259 τοῦτο

2078 2258 2256 2333 πάντα
2286 2276 2453 2329 πᾶσιν
2495 2270 2736 2343 άῤῥητόν
2772 2285 2834 2323 τε
2876 2266 2973 2321 καὶ
3004 2265 3304 2333 ἄγνωστον,
3354 2260 3448 2314 καὶ
3477 2258 3646 2329 μόνην

2075 2367 2254 2439 ἀληθῆ
2299 2365 2501 2436 γνῶσιν
2531 2363 2653 2434 ἔχον
2681 2360 2741 2415 τδ
2796 2357 2874 2432 μὴ
2904 2351 3295 2427 γινώσκεσθαι.

2693 2603 2806 2660 Τοῦ
2828 2600 3039 2658 αὐτοῦ.

2154 2707 2417 2776 ’Δπειρον
2448 2699 2511 2754 τδ
2539 2698 2680 2753 θεῖον
2708 2696 2769 2751 οὗ
2800 2695 2963 2767 μόνον
3010 2688 3154 2745 κατά
3202 2686 3260 2741 τὸ
3307 2683 3545 2776 ἄναρχον
3585 2697 3647 2734 τε

2078 2801 2177 2856 καὶ
2205 2774 2585 2863 ἀτελεύτητον,
2621 2788 2759 2844 ἀλλά
2809 2788 2906 2842 καὶ
2944 2783 3069 2837 κατ’
3113 2779 3329 2843 οὐσίαν,
3363 2780 3458 2831 καὶ
3490 2774 3650 2827 δύνα-

2082 2905 2198 2959 μιν,
2229 2884 2327 2940 καὶ
2349 2884 2654 2953 ἐνέργειαν.
2691 2876 3000 2949 Ἀχώρητον
3027 2871 3125 2945 μὲν
3153 2872 3262 2941 γὰρ
3284 2871 3405 2924 κατ’
3432 2867 3643 2931 οὐσίαν,

2077 2977 2437 3051 ἀπερινὸητον
2471 2974 2527 3027 δὲ
2573 2972 2717 3026 κατά
2752 2969 3003 3038 δύναμιν,
3056 2964 3158 3018 καὶ
3194 2962 3499 3051 ὲνέργειαν.
3535 2960 3646 3012 Καὶ

2079 3070 2441 3142 ἀληθέστερον
2468 3066 2663 3128 εἰπεῖν,
2691 3062 2946 3132 ἀόριστον
2968 3057 3110 3111 κατά
3140 3055 3321 3110 πάντα
3340 3052 3436 3107 καὶ
3462 3050 3645 3118 λόγον,

392 3169 450 3223 ni
491 3145 700 3224 ratEoue
718 3145 774 3225 et
792 3145 950 3226 modo
967 3181 1051 3226 est
1071 3145 1405 3225 indeﬁnitus.
1424 3169 1548 3225 llaec
1569 3145 1717 3226 enini
1737 3145 1971 3226 estinti-

2079 3165 2174 3219 καὶ
2211 3162 2439 3233 τρόπον’
2491 3156 2651 3210 τοῦτο
2682 3155 2790 3223 γάρ
2825 3152 2885 3206 τὸ
2914 3149 3120 3222 κυρίως
3154 3145 3650 3246 ἄπειρον..Ὠσπερ

396 3260 495 3314 niti
518 3259 817 3330 proprium.
838 3259 970 3313 Nam
989 3260 1127 3316 sicut
1154 3262 1352 3324 unitas,
1382 3276 1559 3331 neque
1583 3276 1844 3317 numerus
1863 3271 1970 3328 est,

393 3368 575 3421 neque
617 3351 994 3414 numerabilis,
1015 3365 1192 3420 neque
1216 3359 1604 3421 totum,neque
1639 3364 1974 3422 pars,neque

398 3440 617 3499 habitus
654 3443 893 3506 numeri,
935 3443 1030 3497 sed
1084 3442 1261 3497 omnis
1304 3441 1518 3497 numeri
1560 3441 1890 3512 principium
1918 3449 1975 3497 ct

399 3530 721 3593 causa,sine
768 3529 1039 3600 principio
1060 3539 1262 3593 autem,
1283 3530 1408 3601 quia
1440 3531 1646 3585 nullum
1685 3531 1848 3586 habet
1870 3546 1974 3585 nu-

400 3631 606 3670 merum
629 3616 1013 3686 antiquiorem,
1039 3628 1091 3672 et
1114 3633 1355 3688 causam,
1376 3629 1435 3674 ut
1456 3617 1569 3689 ipsa
1593 3620 1694 3674 sit:
1719 3620 1797 3675 sic
1811 3619 1972 3674 etiam

404 3708 567 3771 Dens,
626 3715 686 3762 ut
722 3723 947 3778 parvum
983 3709 1289 3779 exemplum
1329 3709 1607 3777 aﬁ'eratur,
1653 3726 1871 3766 omnem
1918 3718 1975 3765 et

399 3799 777 3868 quantitatem,
806 3810 859 3856 et
878 3800 1215 3870 qualitatem.
1245 3812 1301 3857 et
1321 3802 1564 3857 habitum
1614 3817 1879 3873 superans
1920 3810 1977 3857 et

398 3891 631 3962 simplex
652 3900 759 3960 est,
780 3901 837 3948 et
855 3893 975 3949 sine
999 3893 1287 3964 principio,
1318 3901 1375 3949 et
1415 3908 1594 3949 rerum
1620 3893 1972 3965 principium.

1083 3985 1360 4057 Ejusdem.

476 4076 786 4148 Simplicem
818 4077 984 4145 Deus,
1005 4092 1128 4133 eum
1159 4078 1387 4148 simplex
1419 4076 1511 4141 sit,
1536 4093 1720 4143 unam,
1753 4077 1975 4144 bonam,

406 4168 661 4223 omnibus
688 4167 868 4221 omnia
902 4169 1282 4222 conﬁcientem
1311 4167 1580 4222 actionem
1616 4167 1805 4233 habet,
1858 4170 1972 4224 ins-

409 4274 491 4315 tar
524 4258 652 4313 radii
713 4257 864 4324 solis,
913 4260 1005 4327 qui
1051 4259 1230 4311 omnia
1270 4258 1460 4312 fovens
1507 4259 1614 4327 agit
1649 4257 1704 4312 in
1748 4259 1978 4329 singulis

408 4367 505 4420 pro
564 4349 799 4404 naturali
846 4348 1130 4419 cujusque.
1182 4357 1236 4404 et
1284 4348 1351 4404 ad
1396 4347 1804 4417 suscipiendum
1853 4356 1978 4419 apta

411 4449 697 4513 potestate.

1042 4529 1312 4599 Ejusdem.

481 4622 648 4689 Dens,
680 4622 774 4692 qui
817 4632 905 4677 est
930 4622 1045 4691 ipsa
1082 4624 1341 4687 essentia,
1392 4632 1447 4678 et
1492 4623 1610 4694 ipsa
1660 4621 1900 4687 bonitas,
1926 4631 1984 4677 et

414 4717 530 4784 ipsa
556 4715 844 4785 sapientia,
897 4715 1009 4769 imo
1059 4730 1209 4781 vero,
1244 4714 1336 4785 qui
1372 4714 1458 4770 his
1506 4716 1760 4771 omnibus
1811 4714 1983 4770 subli-

416 4810 557 4861 mior
591 4817 696 4873 est,
755 4807 890 4861 nihil
947 4807 1112 4862 habet
1158 4808 1385 4863 omnino
1440 4807 1792 4862 contrarium.
1852 4806 1984 4872 Qum

412 4906 593 4952 autem
619 4906 813 4952 creatae
829 4905 957 4952 sunt
985 4912 1091 4964 res,
1112 4899 1279 4969 gratia
1308 4908 1362 4953 et
1384 4913 1613 4953 munere
1636 4906 1766 4952 sunt
1786 4910 1983 4951 omnes

415 4989 667 5043 cssentiae
699 4989 1013 5060 participes.
1045 4989 1109 5043 Et
1131 5004 1250 5059 quae
1294 4990 1506 5044 ratione
1534 4997 1826 5058 menteque
1852 5002 1987 5043 con~

410 5087 582 5141 stant,
651 5092 717 5133 ac
774 5089 1023 5133 naturam
1086 5080 1151 5133 ad
1206 5079 1500 5135 bonitatem
1557 5078 1984 5150 sapientiamque

411 5170 814 5240 suscipiendam
840 5171 1088 5225 idoneam
1120 5170 1388 5234 obtinent,
1412 5162 1750 5225 Contrarium
1779 5167 1985 5223 habent

336 5250 374 5339 ξ’
410 5257 664 5317 essentia:
695 5263 915 5332 quidem
956 5264 1129 5333 ipsum
1159 5277 1267 5316 non
1293 5276 1437 5329 esse,
1478 5271 1688 5316 natura:
1739 5274 1871 5314 vero
1915 5257 1983 5313 ad

358 5366 361 5370 ‘
414 5354 733 5418 bonitatem,
758 5364 813 5409 et
844 5354 1168 5423 sapientiam
1202 5352 1575 5421 accipiendam
1604 5349 1986 5407 accommoda-

413 5456 504 5510 tat,
533 5447 794 5501 malitiam
823 5456 877 5500 et
910 5444 1295 5517 ignorantiam.
1319 5442 1493 5497 Porro
1521 5457 1738 5512 semper
1768 5451 1827 5497 ut
1853 5440 1984 5506 sint,

416 5549 510 5592 aut
536 5554 645 5592 non
683 5540 816 5603 sint,
848 5538 904 5592 in
951 5545 1221 5606 potestate
1255 5544 1338 5590 est
1370 5534 1667 5591 eﬂectoris.
1702 5534 1775 5590 Ut
1800 5543 1982 5587 autem

416 5627 678 5681 bonitatis
697 5638 753 5682 et
773 5627 1054 5697 sapientiae
1082 5626 1212 5681 ﬁant
1227 5626 1543 5697 participes,
1570 5635 1663 5681 aut
1692 5640 1805 5680 non
1831 5622 1984 5687 ﬁant,

414 5718 469 5770 iu
505 5715 768 5783 ipsarum,
798 5732 917 5789 qua:
966 5718 1178 5775 ratione
1230 5725 1362 5775 sunt
1406 5716 1665 5790 praeditas,
1705 5716 1871 5772 situm
1900 5722 1985 5770 est

419 5807 717 5863 voluntate.

2076 3256 2249 3328 γὰρὴ
2304 3252 2472 3323 μονὰς
2513 3247 2638 3302 οὔτε
2680 3246 2912 3316 ἀριθμός
2942 3247 3110 3308 ἔστιν,
3157 3239 3283 3293 οὔτε
3314 3234 3647 3307 ἀριθμητὸν,

2073 3349 2198 3404 οὔτε
2225 3347 2367 3409 ὅλον,
2400 3343 2526 3397 οὔτε
2575 3341 2767 3412 μέρος,
2798 3338 2923 3391 οὔτε
2963 3335 3167 3407 σχέσις,
3194 3332 3311 3388 ἀλλ’
3343 3329 3487 3402 ἀρχὴ
3522 3328 3647 3399 μὲν,

2074 3442 2151 3506 ὡς
2183 3440 2331 3496 αίτία
2368 3437 2568 3499 παντὸς
2611 3430 2873 3505 ἀριθμοῦ,
2917 3430 3151 3499 ἄναρχος
3194 3424 3270 3489 δὲ,
3313 3424 3389 3486 ὡς
3443 3418 3651 3506 μηδένα

2075 3504 2307 3604 ἀριθμὸν
2354 3528 2553 3598 ἔχουσα
2601 3504 2979 3594 πρεσϐύτερον
3014 3518 3109 3571 καὶ
3161 3515 3337 3569 αίτιον
3369 3510 3463 3564 τοῦ
3504 3504 3649 3604 εἶναι

2076 3599 2244 3696 αθτὴν
2298 3621 2503 3693 μονάδα
2529 3634 2544 3650 ⁸
2599 3616 2742 3669 οὕτω
2783 3614 2880 3667 καὶ
2937 3613 2967 3665 δ
3018 3609 3170 3672 Θεὸς,
3225 3606 3300 3667 ὡς
3365 3602 3422 3655 ὲν
3468 3599 3644 3696 εἰκόνι

2079 3692 2254 3790 μικρᾷ
2284 3692 2474 3784 φάναι,
2503 3708 2645 3778 ὑπὲρ
2685 3706 2866 3760 πᾶσαν
2901 3702 3196 3770 ποσότητα,
3237 3696 3334 3792 καὶ
3360 3692 3647 3792 ποιδτητα,

2077 3782 2402 3878 καίσχέσιν,
2434 3800 2531 3855 καὶ
2562 3798 2790 3862 ἁπλοῦς,
2830 3795 2925 3848 καί⁸
2947 3792 3201 3864 ἄναρχος,
3229 3787 3324 3842 καὶ
3355 3782 3500 3856 ἀρχὴ
3538 3782 3651 3834 τῶν

2074 3900 2267 3954 ὄντων.

2678 3979 2795 4036 Τοῦ
2819 3976 3029 4033 αὑτοῦ.

2168 4076 2402 4136 ’Δπλοῦν
2428 4075 2489 4130 ὃν
2521 4072 2584 4126 τὸ
2615 4071 2771 4125 Θεῖον
2805 4068 2984 4137 ἁπλῆν
3019 4064 3134 4136 ἔχει
3167 4062 3469 4135 ένέργειαν,
3495 4056 3649 4130 μίαν,

2082 4170 2316 4242 ἀγαθὴν,
2346 4168 2481 4221 πᾶσι
2514 4166 2690 4219 πάντα
2725 4158 3079 4232 ἐνεργοῦσαν,
3125 4156 3267 4210 κατὰ
3294 4154 3394 4225 τὴν
3418 4149 3652 4224 ἡλιακὴν

2079 4268 2297 4328 ἀκτῖνα,
2329 4263 2451 4331 ἥτις
2495 4256 2675 4310 πάντα
2715 4253 2994 4309 θάλπουσα
3037 4251 3095 4302 ἑν
3127 4249 3342 4317 ἑκάστῳ
3374 4243 3517 4297 κατὰ
3551 4242 3655 4311 τὴν

2082 4355 2324 4427 φυσικὴν
2352 4348 2788 4420 ἐπιτηδειότητα,
2838 4342 2934 4397 καὶ
2962 4339 3219 4411 δεκτικὴν
3242 4338 3472 4406 δύναμιν
3501 4334 3656 4406 ἐνερ-

2082 4448 2189 4517 γεῖ.

2700 4528 2813 4585 Τοῦ
2844 4525 3052 4582 αὑτοῦ.

2168 4627 2229 4681 '0
2260 4625 2361 4697 μὲν
2407 4622 2560 4687 Θεὸς,
2589 4621 2664 4685 ὡς
2695 4616 3063 4688 αὐτοΰπαρξις
3105 4613 3203 4679 ὢν,
3243 4610 3339 4665 καὶ
3381 4610 3657 4673 αὐτοαγα-

2088 4720 2269 4790 θύτης,
2305 4717 2400 4771 καὶ
2443 4713 2764 4782 αὑτοσοφία,
2817 4708 3019 4780 μᾶλλον
3052 4705 3110 4760 δὲ
3156 4705 3252 4759 καὶ
3283 4702 3421 4770 ὑπὲρ
3455 4700 3653 4764 ταῦτα,

2085 4809 2238 4864 οὐδὲν
2267 4808 2382 4878 ἔχει
2412 4806 2476 4860 τὸ
2506 4802 2729 4857 σύνολον
2758 4797 3003 4854 ἐναντίον
3022 4813 3037 4829 '
3064 4796 3133 4851 τὰ
3159 4794 3218 4847 δὲ
3250 4794 3546 4862 κτίσματα,
3577 4790 3656 4852 ὡς

2092 4901 2269 4956 πάντα
2305 4899 2403 4970 μὲν
2432 4896 2670 4968 μεθέξει,
2707 4894 2803 4948 καὶ
2827 4891 3011 4962 χάριτι
3040 4886 3144 4959 τὴν
3175 4884 3413 4955 ὓπαρξιν
3442 4885 3657 4953 ἔχοντα,

2089 4994 2157 5048 τὰ
2192 4992 2251 5047 δὲ
2283 4989 2504 5058 λογικὰ,
2546 4986 2642 5042 καὶ
2670 4985 2855 5055 νοερὰ,
2901 4983 2998 5036 καὶ
3043 4983 3117 5044 ὡς
3158 4979 3256 5050 τὴν
3296 4977 3657 5045 άγαθότητος.

2087 5086 2181 5140 καὶ
2264 5082 2457 5151 σοφίας
2535 5077 2953 5153 ἐπιτηδειότητα
3028 5072 3366 5144 κεκτημένα,
3438 5070 3658 5138 ἔχουσιν

2088 5174 2354 5238 ἐναντίον,
2402 5174 2469 5243 τῇ
2523 5175 2622 5241 μὲν
2657 5167 2893 5238 ὑπάρξει
2943 5165 3005 5219 τὸ
3046 5164 3123 5237 μὴ
3164 5162 3453 5233 ὑπάρχειν,
3499 5162 3565 5230 τῇ
3598 5158 3657 5212 δὲ

2084 5268 2187 5339 τῆς
2225 5265 2568 5335 άγαθότητος
2623 5262 2720 5316 καὶ
2778 5259 2973 5328 σοφίας
3013 5256 3420 5327 ἐπιτηδειότητι
3457 5252 3660 5307 κακίαν

2088 5362 2183 5414 καὶ
2217 5358 2514 5428 ἀγνωσίαν.
2539 5357 2651 5411 Καὶ
2676 5354 2739 5408 τὸ
2763 5354 2863 5424 μὲν
2888 5352 3152 5421 ὑπάρχειν
3174 5350 3282 5414 ἀεὶ,
3316 5349 3350 5417 ἢ
3378 5347 3455 5417 μὴ
3489 5344 3664 5415 ὑπάρ-

2088 5469 2207 5525 χειν
2236 5451 2408 5506 ταῦτα
2453 5450 2512 5504 ἐν
2561 5450 2630 5520 τῇ
2678 5446 2899 5516 ἐξουσίᾳ
2925 5444 3021 5497 τοῦ
3065 5440 3389 5502 πεποικότος
3420 5438 3564 5505 ἐστὶ,
3598 5437 3661 5490 τὸ

2090 5549 2146 5603 δὲ
2181 5548 2431 5619 μετέχειν
2457 5546 2560 5616 τῆς
2607 5543 2943 5612 ἀγαθότητος
2977 5538 3145 5595 αὐτοῦ
3176 5539 3270 5593 καὶ¹
3309 5539 3409 5607 τῆς
3446 5533 3660 5603 σοφίας,

2091 5637 2126 5710 ἢ
2161 5639 2238 5710 μὴ
2266 5635 2538 5709 μετέχειν,
2562 5634 2623 5688 έν
2648 5635 2714 5705 τῇ
2738 5631 2995 5704 βουλήσει
3042 5630 3151 5685 τῶν
3199 5627 3433 5697 λογικῶν
3484 5626 3667 5695 ὑπάρ-

2089 5745 2197 5801 χει.
