4094 6286
438 323 542 388 Ηῑῦ

1053 430 1166 487 Τοῦ
1194 430 1402 488 αὐτοῦ.

503 528 568 581 Ol.
600 524 701 597 μὲν
739 524 999 596 Ἕλληνες
1031 524 1090 591 ἐξ
1121 525 1295 579 αῖδίου
1330 524 1590 593 λέγοντες
1635 522 2006 595 συνυπάρχειν

430 617 511 689 τῷ
544 617 666 687 Θεῷ
714 616 815 687 τὴν
869 615 979 671 τῶν
1030 616 1199 670 ὄντων
1236 615 1450 678 οὐσίαν,
1506 616 1609 678 τὰς
1657 617 1789 684 περὶ
1837 615 2008 685 αὐτὴν

440 710 736 779 ποιότητας
796 708 1029 779 ὔστερον
1083 707 1142 773 εξ
1197 705 1366 761 αὐτοῦ
1420 706 1719 773 λαϐοῦσαν,
1786 707 1855 777 τῇ
1914 708 2012 776 μὲν

435 802 599 871 οὐσίᾳ
629 800 782 854 οὐδὲν
818 801 1068 867 λέγουσιν
1104 801 1350 854 ἐναντίον
1392 794 1559 864 εἶναι,
1598 800 1659 851 ἐν
1706 799 1829 860 ταῖς
1855 798 2013 850 ποιό-

438 910 567 960 τησι
587 892 643 947 δὶ
674 892 862 960 μόναις
884 887 1023 944 εἷναι
1045 890 1143 963 τὴν
1170 889 1487 944 ἐναντίωσιν
1505 903 1521 919 ⁸
1551 890 1714 959 ἡμεῖς
1759 888 1818 941 δὲ
1850 888 2013 958 μόνον

432 986 535 1055 τὴν
562 984 717 1037 θείαν
752 984 945 1037 οὐσίαν
976 984 1143 1054 μηδὲν
1184 982 1331 1052 ἔχειν
1362 981 1611 1035 ἐναντίον
1646 979 2010 1050 δογματίζον-

431 1091 545 1141 τες,
584 1074 661 1137 ὡς
692 1074 863 1145 μόνην
899 1074 1102 1145 κυρίως
1154 1074 1384 1143 ἄπειρον
1419 1075 1487 1143 τῇ
1514 1070 1624 1124 τῶν
1655 1070 1827 1124 ὅντων
1852 1070 2012 1142 οὐσίᾳ

433 1162 680 1215 ἐναντίον
712 1157 852 1214 εἶναι
879 1160 941 1213 τὸ
965 1160 1041 1230 μὴ
1064 1159 1124 1214 ὃν
1150 1160 1409 1228 λέγομεν,
1442 1159 1566 1213 επεὶ
1597 1158 1690 1212 καὶ
1713 1159 1778 1211 ὲκ
1809 1156 1903 1211 τοῦ
1937 1158 2012 1227 μὴ

428 1253 585 1316 ὄντος
616 1252 791 1323 αὐτὴν
826 1252 1124 1321 ὑπέστησε.
1160 1252 1271 1305 Καὶ
1298 1251 1517 1305 κεῖσθαι
1551 1250 1652 1321 μὲν
1680 1252 1741 1303 ιν
1767 1252 1833 1321 τῇ
1857 1250 2011 1314 δεου-

431 1342 525 1414 σίᾳ
549 1342 647 1397 τοῦ
678 1343 967 1406 κτίσαντος
999 1343 1060 1396 τὸ
1098 1336 1261 1408 εἶναι,
1285 1342 1319 1412 ἢ
1357 1342 1434 1412 μὴ
1467 1337 1612 1395 εἶναι
1641 1340 1833 1410 αὐτὴν,
1876 1339 2009 1409 βού-

430 1436 625 1489 λεσθαι
664 1435 720 1489 δὲ
757 1435 945 1499 αὐτὸν,
996 1436 1071 1497 ὡς
1117 1434 1344 1503 ἀγαθὸν,
1382 1430 1523 1487 εἶναι
1557 1431 1729 1503 αὐτὴν
1758 1431 1855 1484 καὶ
1891 1430 2011 1484 δια-

436 1528 621 1597 μένειν
640 1527 707 1599 τῇ
733 1528 1212 1597 παντοκρατορικῇ
1237 1525 1467 1595 δυνάμει
1498 1522 1666 1579 αὐτοῦ
1686 1523 1979 1594 διακρατου
1993 1547 2013 1562 ο

439 1619 611 1689 μένην

1052 1706 1166 1762 Τοῦ
1194 1705 1402 1762 αὑτοῦ.

512 1803 668 1856 Πᾶσα
712 1799 870 1857 οὐσία
909 1800 1000 1855 τὸν
1040 1800 1170 1855 ίδιον
1206 1801 1330 1870 ὅρον
1376 1799 1542 1869 ἑαυτῇ
1593 1773 2030 1865 συνεισάγουσα,⁸

433 1893 711 1947 τουτέστιν
751 1890 1064 1962 ὁριζομένη,
1118 1890 1261 1960 ἁρχὴ
1291 1887 1536 1957 πέφυκεν
1581 1882 1724 1940 εἶναι
1758 1885 1859 1955 τῆς
1898 1886 2017 1938 επι-

436 1982 819 2055 θεωρουμένης
860 1980 997 2051 αὐτῇ
1023 1980 1168 2035 κατὰ
1210 1980 1437 2049 δύναμιν
1467 1979 1748 2049 κινήσεως.
1780 1977 1937 2031 Πᾶσα
1961 1976 2018 2028 δὲ

430 2074 697 2144 οὐσιώδης
744 2072 881 2144 πρὸς
934 2074 1213 2143 ὲνέργε·αν
1248 2071 1460 2140 κίνησις
1507 2069 1740 2139 μεσότης
1772 2068 1890 2121 ἐστὶ
1921 2083 2019 2137 με·

304 2232 327 2239 Ε
432 2166 823 2235 τεπινοουμένη
876 2164 975 2235 μὲν
1018 2164 1119 2233 τῆς
1165 2162 1391 2226 οὐσίας,
1448 2161 1912 2232 προεπινοουμένη
1961 2159 2019 2212 δὲ

431 2258 541 2328 τῆς
578 2256 881 2328 ἐνεργείας.
932 2256 1043 2309 Καὶ
1066 2257 1215 2307 πᾶσα
1265 2254 1513 2325 ἐνέργεια
1556 2251 1636 2323 τῷ
1677 2251 1800 2304 κατ’
1849 2249 2019 2320 αὐτὴν

434 2350 579 2418 λόγῳ
607 2348 845 2418 φυσικῶς
870 2346 1319 2418 περιγραφομένη
1344 2346 1491 2408 τέλος
1516 2347 1631 2398 ἐστὶ
1657 2345 1755 2415 τῆς
1780 2345 1888 2415 πρὸ
1912 2343 2015 2397 αὐ-

435 2443 539 2511 τῆς
569 2441 691 2495 κατ’
725 2440 967 2494 ἐπίνοιαν
995 2440 1374 2511 θεωρουμένης
1404 2438 1693 2502 οὐσιώδους
1728 2438 2017 2508 κινήσεως.

452 2534 510 2585 ὐ
544 2533 600 2584 δὲ
625 2532 755 2595 Θεὸς
778 2531 901 2585 οὔτε
939 2532 1080 2602 ἀρχή
1128 2532 1298 2597 ἐστιν,
1325 2530 1448 2584 οὐτε
1493 2530 1747 2601 μεσότης,
1778 2527 1906 2582 οὔτε
1931 2527 2017 2581 τέ-

438 2626 546 2685 λος.
602 2622 787 2675 Ταῦτα
816 2623 923 2691 γὰρ
962 2621 1074 2674 τῶν
1119 2621 1296 2691 χρόνῳ
1344 2620 1628 2690 διαιρετῶν
1670 2619 1776 2672 είσι
1820 2617 2019 2688 γνωρί-

439 2731 640 2782 σματα,
663 2714 809 2766 εῐποι
847 2713 891 2765 δ’
939 2714 1005 2767 ἄν
1035 2728 1118 2776 τις
1148 2713 1232 2765 ὅτι
1263 2714 1356 2764 καὶ
1381 2712 1489 2767 τῶν
1518 2711 1675 2765 αἰῶνι
1707 2708 2017 2780 συνορωμὲ-

436 2822 563 2859 νων.
598 2804 656 2856 'O
680 2803 787 2875 γὰρ
819 2804 1030 2875 χρόνος,
1069 2802 1440 2874 μετρουμένην
1481 2802 1621 2873 ἔχων
1659 2800 1754 2871 τὴν
1783 2800 2018 2869 κίνησιν,

438 2894 658 2966 ἀριθμῷ
693 2895 1118 2965 περιγράφεται.
1161 2893 1221 2946 '0
1257 2892 1302 2946 δ’
1335 2892 1490 2954 αίὼν,
1533 2890 2020 2961 συνεπινοουμινην

437 2985 575 3053 ἔχων
619 2986 683 3054 τῇ
717 2984 947 3054 ὑπάρξει
991 2986 1092 3054 τὴν
1131 2984 1271 3037 πότεε
1296 2985 1649 3055 κατηγορίαν,
1681 2984 1879 3052 πάσχει
1903 2983 2020 3037 διά-

1389 316 1764 380 PANOPLIA
1806 304 2269 379 DOGMATICA.
2316 342 2387 354 -
2418 316 2573 379 'l'lT.
2617 316 2737 378 III.

2048 433 2097 490 Δ

3590 315 3709 380 1'46?

2792 430 3067 500 Ejusdem.

2184 520 2380 589 Gnaei,
2410 522 2501 592 qui
2563 522 2753 577 dicunt
2790 537 2972 577 rerum
3034 521 3327 576 essentiam
3400 521 3468 575 ab
3548 520 3699 575 omni

2112 612 2417 668 aeternitate
2445 612 2607 667 simul
2638 611 2805 667 fuisse
2833 626 2957 667 cum
3004 611 3134 675 Deo,
3170 611 3460 681 qualitates
3516 619 3699 665 autem

2112 706 2182 761 ab
2211 720 2279 761 eo
2311 716 2435 776 post
2484 707 2779 776 accepisse,
2821 706 3075 761 essentia:
3128 706 3268 760 nihil
3328 721 3455 760 esse
3478 714 3699 761 contra-

2114 799 2255 851 rium
2290 806 2562 864 asserunt,
2620 797 2715 853 sed
2745 798 2799 851 in
2849 796 3202 867 qualitatibus
3248 796 3381 851 solis
3425 796 3697 849 contraria

2116 888 2373 958 reperiri.
2402 888 2511 943 Nos
2542 899 2746 956 autem,
2778 890 2870 959 qui
2902 890 3073 944 solam
3110 889 3347 943 divinam
3398 890 3695 943 essentiam

2113 977 2240 1046 quia
2268 979 2380 1033 sola
2412 978 2630 1047 proprie
2661 978 2734 1034 sit
2762 978 2995 1041 inlinita,
3028 976 3167 1031 nihil
3231 977 3431 1031 habere
3478 987 3698 1030 contra-
3742 972 3743 975 “

2113 1068 2252 1121 rium
2300 1068 2587 1135 tradimus,
2642 1084 2824 1124 rerum
2881 1067 3132 1123 essentia!
3180 1067 3518 1122 contrarium
3572 1082 3697 1120 esse
3744 1082 3747 1083 '

2113 1158 2291 1229 ipsum
2316 1174 2422 1215 non
2450 1176 2572 1216 esse
2599 1161 2851 1217 dicimus.
2879 1160 3093 1230 Quippe
3121 1174 3240 1230 qua:
3267 1176 3332 1213 ex
3356 1158 3527 1213 nihilo
3561 1159 3698 1212 laeta

2112 1256 2217 1303 est.
2242 1248 2449 1320 ln’ejus
2476 1258 2681 1315 autem,
2704 1250 2799 1321 qui
2828 1250 2975 1305 illam
3005 1249 3230 1310 creavit,
3255 1264 3379 1303 esse
3403 1256 3695 1317 potestate,

2113 1350 2176 1394 ut
2203 1339 2321 1409 ipsa
2342 1355 2422 1395 vet
2444 1341 2517 1397 sit
2542 1342 2628 1396 vel
2658 1356 2766 1395 non
2795 1341 2887 1396 sit.
2915 1340 3116 1396 Verum
3146 1355 3273 1408 ψει,
3306 1352 3502 1405 nempe
3529 1338 3697 1399 bono,

2112 1429 2349 1499 placere,
2386 1437 2446 1484 ut
2482 1432 2579 1496 sit,
2612 1439 2938 1503 maneatque
2967 1428 3332 1501 omnipotenti
3366 1427 3537 1498 ipsius
3589 1428 3697 1481 vir-

2115 1529 2230 1577 tute
2258 1532 2602 1577 conservata.

2780 1726 3061 1796 Ejusdem.

2195 1812 2388 1871 Omnis
2433 1814 2671 1872 essentia
2717 1818 2941 1888 proprio
2992 1815 3226 1872 termino
3266 1815 3697 1884 circumscripta,

2124 1916 2180 1961 et
2200 1906 2441 1974 deﬁnita,
2475 1908 2804 1978 principium
2832 1917 2916 1963 est
2941 1908 3060 1977 ejus
3098 1916 3302 1974 motus,
3335 1908 3426 1977 qui
3460 1906 3698 1977 potentia

2124 1998 2182 2053 in
2218 1998 2333 2067 ipsa
2363 1998 2759 2054 consideratur.
2788 1998 2981 2055 Omnis
3013 2007 3201 2055 autem
3237 2000 3491 2054 essentia:
3522 2006 3701 2051 motus

2122 2089 2363 2145 medium
2396 2090 2653 2159 quiddam
2679 2101 2783 2146 est.
2814 2089 2948 2144 Nam
2996 2100 3051 2145 et
3094 2091 3390 2146 essentiam
3431 2089 3698 2158 sequitur.

2122 2188 2181 2234 et
2200 2177 2470 2233 actionem
2498 2180 2789 2234 antecedit.
2816 2178 2881 2233 Et
2910 2180 3090 2234 omnis
3108 2181 3251 2234 actio
3280 2178 3497 2249 propria
3528 2178 3703 2246 ipsius

2124 2269 2337 2325 ratione
2388 2270 2711 2324 naturaliter
2762 2271 3177 2340 circumscripta
3241 2272 3366 2325 linis
3408 2279 3491 2326 est
3558 2270 3702 2324 illius

2125 2369 2327 2426 motus,
2359 2362 2451 2431 qui
2481 2363 2552 2416 ab
2592 2360 2829 2416 essentia
2871 2361 3252 2430 proﬁciscitur.
3308 2361 3502 2416 Verum
3554 2360 3700 2415 Deus

2123 2464 2229 2505 nec
2252 2450 2598 2520 principium.
2625 2466 2727 2506 nec
2760 2451 3018 2513 medium,
3042 2466 3144 2505 nec
3164 2450 3289 2504 linis
3317 2460 3422 2506 est.
3458 2451 3522 2503 lli
3543 2467 3699 2504 nam-

2124 2556 2231 2611 que
2260 2549 2390 2597 sunt
2418 2556 2605 2597 earum
2632 2558 2815 2597 rerum
2854 2544 3100 2608 termini,
3124 2558 3245 2613 quae
3278 2553 3534 2614 tempore
3556 2545 3699 2598 divi-

2125 2632 2349 2696 duntur,
2380 2640 2437 2686 et
2458 2646 2579 2700 quae
2610 2631 2771 2685 simul
2803 2647 2927 2687 cum
2952 2632 3173 2698 saeculo,
3207 2644 3266 2687 ut
3297 2632 3494 2702 aliquis
3528 2634 3701 2697 dicat,

2124 2733 2451 2780 cernuntur.
2497 2721 2738 2790 Tempus
2778 2723 2946 2788 enim,
2999 2738 3125 2784 cum
3157 2726 3280 2794 ejus
3322 2741 3582 2780 mensura
3629 2728 3704 2782 sit

2124 2822 2327 2881 motus,
2372 2828 2605 2868 numero
2645 2814 3134 2869 circumscribitur.
3177 2812 3448 2870 Saeculum
3499 2826 3702 2879 autem;

2124 2906 2384 2976 quoniam
2430 2920 2555 2961 cum
2608 2905 2730 2975 ejus
2773 2904 3035 2970 essentia,
3081 2906 3404 2976 categorica,
3445 2906 3560 2960 sive
3618 2908 3704 2973 (ut

2126 2996 2253 3051 trita
2284 3006 2339 3051 et
2383 2996 2604 3066 vulgata
2645 2996 2756 3067 jam
2806 3010 2941 3051 voce
2992 2996 3138 3065 utar)
3186 2996 3700 3065 prmdicamentum,

442 3093 657 3142 στασιν,
702 3077 778 3139 ὡς
831 3076 1005 3146 ἀρχὴν
1056 3074 1149 3129 τοῦ
1192 3073 1334 3128 εἶναι
1376 3075 1578 3139 λαὸών.
1629 3076 1691 3130 Εί
1737 3074 1795 3128 δὲ
1832 3076 2016 3145 χρόνος

2124 3086 2346 3157 quando
2391 3087 2555 3141 simul
2580 3086 2895 3156 intelligitur
2922 3086 3068 3141 subit
3102 3087 3443 3152 divisionem,
3469 3098 3525 3142 et
3553 3090 3704 3143 exsi-

438 3168 534 3220 καὶ
561 3166 696 3220 αἰὼν
746 3167 846 3220 οὐκ
895 3169 1129 3238 ἄναρχα,
1171 3166 1351 3236 πολλῷ
1392 3166 1592 3235 μᾶλλον
1626 3166 1695 3220 τὰ
1727 3168 1785 3219 ὲν
1812 3166 2022 3229 τούτοις

439 3259 823 3330 περιεχόμενα.
877 3260 935 3313 'O
958 3259 1088 3322 Θεὸς
1117 3260 1294 3312 τοίνυν
1342 3256 1466 3312 οὔτε
1507 3258 1665 3313 οὐσία
1692 3258 1789 3323 ὢν,
1826 3258 1914 3311 ἶνα
1944 3257 2020 3327 μὴ

437 3351 584 3422 ἀρχὴ
607 3351 911 3421 νομισθείη,
940 3350 1061 3403 οὔτε
1087 3351 1337 3421 δύναμις,
1371 3350 1460 3402 ἵνα
1505 3348 1582 3420 μὴ
1608 3349 1862 3418 μεσότης,
1895 3347 2021 3401 οὔτε

437 3443 712 3513 ἐνέργεια,
738 3442 827 3497 ἳνα
855 3444 929 3513 μὴ
954 3443 1126 3508 τέλος,
1148 3442 1295 3496 εστιν
1324 3442 1646 3523 οὐσιοποιὸς,
1674 3441 1768 3495 καὶ
1789 3440 2021 3511 ὐπερού-

440 3551 556 3596 σιος
598 3536 844 3603 ὀντότης,
896 3537 992 3589 καὶ
1058 3534 1455 3603 δυναμοποιὸς,
1502 3535 1597 3588 καὶ⁸
1646 3532 2022 3604 ὐπερδὺναμος

439 3624 786 3690 πανσθένεια,
835 3625 932 3679 καὶ
990 3625 1170 3695 πάσης
1250 3625 1530 3694 ὶνεργείας
1584 3623 1874 3694 δραστικὴ,
1924 3624 2020 3676 καί⁸

438 3715 795 3786 ἁτελεύτητος
841 3715 976 3781 ἕξις.
1025 3717 1136 3770 Καὶ
1181 3718 1458 3787 συντόμως
1491 3717 1665 3769 εἰπεῖν
1714 3715 1895 3786 πάσης
1932 3715 2021 3767 οὐ-

445 3808 592 3870 σίας,
622 3807 716 3862 καὶ
756 3807 1061 3876 δυνάμεως,
1106 3809 1200 3861 καὶ
1227 3807 1524 3876 ἐνεργείας,
1573 3806 1749 3878 ἀρχῆς
1789 3820 1872 3869 τε,
1924 3804 2020 3858 καὶ

448 3897 761 3967 μεσότητος,
796 3897 890 3950 καὶ
912 3895 1100 3960 τέλους
1120 3897 1397 3967 ποιητική.

1069 4092 1179 4147 Τοῦ
1211 4091 1421 4147 αὐτοῦ.

530 4183 695 4254 Ἀρχὴ
733 4186 904 4248 πᾶσα,
931 4184 1023 4237 καὶ
1049 4184 1305 4254 μεσότης,
1338 4183 1434 4237 καὶ
1452 4182 1602 4245 τέλος
1632 4184 1731 4254 τὴν
1763 4182 2018 4255 σχετικὴν

438 4277 506 4329 δι’
546 4278 669 4330 ὅλου
702 4276 1038 4348 κατηγορίαν
1079 4276 1181 4328 οὐκ
1222 4276 1474 4347 ἤρνηται.
1507 4273 1567 4327 'O
1607 4274 1663 4329 δὲ
1697 4275 1828 4338 Θεὸς
1857 4274 2019 4329 καθό-

437 4368 535 4419 λου
588 4367 769 4437 πάσης
818 4368 1057 4436 σχέσεως
1113 4367 1375 4437 ὐπὰρχων
1433 4366 1726 4437 ἀπειράκις
1773 4367 2015 4437 ἀπείρως

2124 3175 2304 3233 stendi
2338 3177 2670 3247 principium
2701 3177 2890 3231 sumit.
2911 3176 3067 3242 Quod
3102 3178 3149 3233 si
3182 3187 3417 3248 tempus,
3448 3192 3704 3234 et-stecu-

2124 3267 2235 3322 lum
2266 3282 2377 3322 non
2425 3277 2615 3323 carent
2662 3268 2951 3338 principio,
2994 3268 3166 3324 multo
3216 3268 3396 3325 minus
3445 3285 3529 3336 ea,
3580 3285 3703 3340 qua:

2126 3365 2371 3427 tempore
2408 3364 2464 3412 et
2492 3357 2691 3412 saeculo
2727 3358 3103 3413 continentur.
3150 3361 3299 3413 Deus
3329 3360 3493 3431 igitur
3523 3375 3702 3429 neque

2122 3447 2358 3503 essentia
2387 3459 2492 3512 est,
2524 3463 2594 3502 ne
2620 3449 2947 3519 principium
2987 3448 3247 3517 dicatur;
3284 3466 3387 3507 nec
3434 3452 3699 3520 potentia,

2122 3554 2193 3593 ne
2223 3538 2465 3594 medium
2494 3548 2745 3606 vocetur;
2774 3554 2875 3595 nec
2907 3540 3080 3607 actio,
3099 3556 3169 3597 ne
3194 3540 3319 3597 linis
3359 3543 3698 3600 nominetur.

2123 3629 2231 3685 Sed
2266 3630 2490 3687 elfector
2521 3632 2796 3698 essentia,
2832 3634 3183 3705 essentiaque
3233 3639 3617 3705 praestantior;
3645 3649 3701 3694 et

2121 3721 2343 3778 ellector
2371 3724 2648 3793 patentia,
2689 3726 3041 3795 potentiaque
3084 3726 3470 3792 valentior;et
3523 3730 3702 3783 omnis

2119 3815 2353 3871 actionis
2380 3816 2595 3871 habitus
2626 3832 2910 3888 nunquam
2932 3819 3224 3875 desinens.
3255 3819 3454 3889 Atque,
3489 3830 3550 3876 ut
3578 3823 3702 3877 hrc-

2121 3907 2262 3964 viter
2293 3908 2490 3973 dicam,
2524 3910 2702 3965 omnis
2730 3911 3005 3977 essentiae,
3040 3920 3097 3965 et
3122 3912 3408 3980 potentia},
3441 3922 3497 3968 et
3524 3913 3700 3969 actio-

2120 4001 2230 4067 nis,
2261 4012 2318 4057 et
2346 4001 2619 4072 principii,
2649 4010 2707 4057 et
2728 4003 2915 4064 medii.
2940 4013 2994 4058 et
3023 4004 3149 4060 linis
3181 4012 3396 4060 auctor.

2790 4095 3069 4166 Ejusdem.

2188 4187 2362 4244 Omne
2387 4186 2716 4259 principium
2772 4198 2830 4243 et
2887 4188 3153 4251 medium,
3194 4196 3251 4244 et
3303 4186 3426 4243 ﬁnis
3483 4186 3701 4243 habitus

2119 4284 2343 4340 omnino
2388 4284 2714 4354 categoriam
2778 4298 2887 4336 non
2945 4280 3238 4351 eli‘ugiunt.
3320 4278 3462 4335 Deus
3506 4290 3701 4337 autem

2117 4377 2266 4432 omni
2300 4377 2460 4447 plane
2491 4376 2677 4430 habitu
2708 4391 2833 4431 cum
2860 4376 2930 4430 sit
2946 4376 3218 4445 superior,
3239 4389 3340 4429 nec
3365 4374 3690 4444 principium

436 4459 732 4529 ἀνώτερος,
765 4456 892 4510 οὔτε
935 4458 1078 4528 ἀρχή
1115 4459 1284 4521 ἐστιν,
1316 4456 1441 4511 οὐτε
1473 4458 1729 4527 μεσότης,
1763 4458 1885 4512 οὐτε
1930 4460 2016 4512 τέ-

2119 4478 2222 4534 est,
2277 4446 2380 4523 nec
2425 4467 2687 4529 medium,
2742 4482 2849 4521 nec
2898 4466 3045 4530 linis,
3098 4482 3199 4521 nec
3225 4465 3369 4520 aliud
3394 4466 3699 4535 quidquam

437 4551 550 4612 λος.
586 4549 707 4602 οὐδέ
733 4566 787 4603 τι
808 4548 998 4619 ἕτερον
1026 4549 1135 4602 τῶν
1168 4550 1225 4601 ὲν
1265 4545 1345 4612 οἷς
1386 4549 1711 4619 θεωρεῖσθαι
1747 4550 1887 4606 κατὰ
1922 4553 2019 4622 τὴν

442 4645 628 4712 σχέσιν
652 4642 691 4711 ἡ
713 4640 803 4695 τοῦ
832 4641 967 4711 πρός
994 4659 1047 4694 τι
1068 4641 1292 4694 δύναται
1321 4642 1643 4712 κατηγορία.

1072 4733 1183 4788 Τοῦ
1216 4734 1426 4787 αὐτοῦ.

527 4823 693 4895 Ἀρχὴ
716 4827 826 4878 τῶν
857 4826 1049 4886 ὄντων,
1078 4826 1174 4877 καὶ
1202 4825 1453 4894 μεσότης,
1497 4825 1591 4877 καὶ
1623 4823 1776 4887 τέλος
1801 4823 2019 4892 λέγεται

437 4917 468 4969 ό
494 4915 645 4979 Θεὸς,
677 4914 793 4969 ἀλλ’
820 4917 896 4981 ὡς
922 4916 1179 4988 ἐνεργῶν,
1203 4917 1298 4985 οὐχ
1329 4916 1404 4978 ὼς
1431 4915 1675 4987 πάσχων,
1702 4914 1892 4980 ὥσπερ
1924 4915 2018 4969 καὶ

436 5007 577 5061 ἄλλα
602 5007 803 5073 πάντα,
828 5003 910 5072 οἷς
941 5008 1073 5080 παρ’
1104 5008 1262 5078 ἡμῶν
1303 5007 1652 5075 ὀνομάζεται.
1700 5004 1870 5077 Ἀρχὴ
1921 5004 2019 5075 μὲν

439 5100 551 5168 γάρ
584 5100 751 5164 ἔστιν,
808 5100 886 5162 ὡς
933 5100 1299 5169 δημιουργὸς,
1349 5098 1583 5167 μεσότης
1624 5095 1706 5162 δὲ,
1745 5096 1824 5159 ὡς
1880 5113 2017 5167 προ-

438 5191 679 5260 νεητὴς,
732 5190 885 5255 τέλος
941 5192 1035 5257 δὲ,
1100 5190 1176 5253 ὡς
1231 5190 1569 5261 περιγραφή.
1634 5205 1654 5240 t
1702 5185 1794 5253 Ἐξ
1850 5186 2016 5241 αὐτοῦ

438 5284 570 5352 γὰρ,
606 5301 625 5335 ι
676 5282 835 5353 φησι,
889 5303 907 5337 ι
942 5286 1035 5338 καὶ
1090 5282 1160 5337 δι’
1202 5280 1391 5348 αὐτοῦ,
1449 5282 1543 5337 καὶ
1595 5281 1677 5345 είς
1724 5280 1891 5333 αὐτὸν
1945 5279 2018 5333 τὰ

441 5376 639 5429 πάντα.
671 5391 692 5426 ι

1046 5466 1164 5521 Τοῦ
1194 5467 1405 5521 αὐτοῦ.

511 5562 677 5616 Οὐδὲν
718 5561 825 5615 τῶν
844 5562 1013 5615 ὄντων
1056 5559 1487 5629 αὐτενὲργητον·
1527 5556 1590 5610 τὸ
1617 5558 1675 5611 δὲ
1725 5558 1800 5627 μὴ
1828 5556 2017 5609 αὐτεν-

444 5654 679 5723 ἐργητον
731 5652 846 5707 οὐδ’
876 5652 1140 5707 ἀναίτιον.
1169 5652 1243 5704 Τὸ
1285 5650 1341 5703 δε
1372 5649 1448 5721 μὴ
1479 5651 1722 5705 ἀναίτιον
1750 5648 1860 5701 οὐδ’
1893 5649 2014 5700 dxi.

447 5761 640 5816 νητονο
683 5747 743 5800 τὸ
773 5746 830 5800 δὲ
877 5744 952 5817 μὴ
985 5741 1243 5814 ἀκίνητον
1275 5743 1339 5797 δι’
1384 5743 1565 5797 αἰτίαν
1610 5743 1841 5796 κινεῖται
1882 5741 2015 5793 πάν-

2121 4571 2339 4621 eorum,
2366 4557 2421 4612 in
2449 4558 2668 4613 habitus
2688 4556 2963 4629 categoria
2990 4557 3434 4619 considerantur,
3458 4556 3543 4608 vel
3570 4572 3701 4611 cum

2120 4652 2306 4723 aliquo
2338 4650 2717 4707 conferuntur.

2748 4735 3023 4807 Ejusdem.

2190 4828 2394 4884 Rerum
2444 4827 2773 4899 principium
2806 4836 2860 4883 et
2890 4828 3015 4881 linis
3035 4827 3234 4881 dicitur
3265 4827 3433 4891 Deus,
3464 4825 3557 4880 sed
3588 4843 3699 4880 non

2118 4931 2180 4979 ut
2204 4937 2391 4994 agens,
2417 4927 2512 4975 aut
2533 4921 2771 4990 patiens,
2803 4918 2879 4985 id,
2903 4918 3049 4987 quod
3088 4918 3498 4989 intelligendum
3532 4916 3697 4972 estin

2118 5014 2373 5068 omnibus
2394 5012 2728 5075 nominibus,
2756 5026 2878 5080 qua:
2910 5011 3009 5081 ipsi
3043 5011 3389 5077 tribuuntur;
3415 5011 3511 5063 sed
3543 5010 3692 5077 prin-

2117 5104 2324 5173 cipium
2381 5110 2465 5157 est
2520 5110 2579 5156 ut
2631 5101 2855 5157 ell‘ector
2902 5137 2919 5164 ν
2960 5102 3197 5156 medium
3255 5110 3315 5156 ut
3365 5100 3694 5159 moderator.

2120 5196 2244 5252 linis
2273 5205 2334 5250 ut
2356 5195 2786 5267 circumscriptio
2813 5212 2915 5252 εει
2940 5196 3062 5268 ipso
3090 5198 3264 5264 enim,
3288 5206 3341 5251 ct
3372 5212 3467 5265 per
3495 5196 3693 5263 ipsum,

2117 5298 2173 5345 et
2205 5288 2258 5344 in
2294 5288 2471 5361 ipsum
2506 5288 2714 5343 omnia.

2775 5462 3048 5532 Ejusdem.

2189 5552 2336 5609 Nihil
2379 5568 2592 5621 eorum,
2625 5571 2746 5626 qum
2786 5564 2934 5619 sunt,
2966 5554 3204 5623 seipsum
3234 5551 3381 5608 facit.
3414 5551 3568 5615 Quod
3597 5569 3693 5609 au-

2118 5657 2225 5702 tem
2255 5663 2285 5701 a
2314 5662 2372 5703 se
2393 5662 2503 5703 non
2519 5655 2602 5702 est
2619 5646 2845 5709 factum,
2864 5661 3026 5701 causa
3053 5660 3161 5702 non
3188 5655 3357 5701 caret.
3385 5645 3536 5712 Quod
3558 5662 3691 5701 cau-

2119 5756 2177 5797 sa
2202 5755 2310 5796 non
2339 5748 2512 5809 caret,
2544 5756 2652 5804 nm
2682 5749 2763 5806 est
2786 5738 3082 5797 immobile.
3101 5738 3257 5808 Quod
3276 5739 3552 5796 immobile
3583 5754 3699 5794 non
