4094 6286
449 320 549 385 H7

1659 319 2048 385 EUTHYMII
2097 319 2482 384 ZIGABENI.

3599 315 3702 382 148

438 448 544 500 est,
573 444 794 504 promer
823 449 1044 490 causam
1075 443 1328 492 movetur
1348 435 1588 490 omnino.
1617 434 1820 490 Moveri
1855 434 2010 505 igitur

2121 451 2228 498 τως
2279 433 2673 505 ὲνεργούμενον
2725 433 2786 486 τὸ
2849 432 3114 486 κινεῖσθαι
3164 427 3410 500 φυσικῶς
3453 427 3557 482 ὑπὸ
3600 430 3700 498 τῆς
3763 441 3766 444 ’

435 529 759 584 naturaliter
801 527 1005 598 pendet
1049 543 1080 582 a
1127 542 1309 591 causa,
1360 542 1460 596 per
1501 541 1665 596 quam
1713 526 1794 590 ﬁt,
1849 535 1906 580 et
1953 525 2020 580 ad

434 635 598 688 quam
646 617 904 687 dirigitur
935 618 1050 685 ipse
1078 623 1274 672 motus.
1307 614 1458 669 Nihil
1487 615 1633 669 enim
1659 630 1873 678 eorum,
1899 629 2020 683 qua

434 719 747 773 moventur,
775 711 896 764 sine
928 724 1089 766 causa
1125 709 1324 764 moveri
1355 717 1548 763 natura
1588 707 1814 777 patitur.
1853 707 2018 764 Prin-

433 802 634 871 cipium
657 809 838 854 autem
862 799 1039 858 omnis
1063 807 1250 868 motus,
1273 799 1561 863 naturalis,
1590 807 1642 853 et
1676 809 1866 855 eorum
1900 813 2021 868 qua:

435 901 740 956 moventur,
772 891 1074 961 generatio.
1109 889 1445 960 Principium
1477 905 1608 949 vero
1649 891 1869 947 illorum
1896 907 2017 962 quae

436 993 688 1052 generata
719 991 867 1046 sunt,
896 981 1285 1052 generationis,
1312 989 1397 1037 est
1425 980 1589 1045 Deus,
1623 992 1683 1037 ut
1709 991 1903 1037 auctor
1931 998 2022 1053 ge-

438 1075 756 1130 nerationis.
791 1077 860 1128 At
884 1075 1006 1130 ﬁnis
1036 1082 1216 1131 motus
1249 1074 1516 1129 naturalis
1545 1083 1630 1130 est
1674 1088 1864 1130 eorum
1902 1089 2022 1142 qua:

432 1175 689 1237 generata
723 1174 871 1232 sunt,
901 1175 1100 1234 status,
1144 1180 1307 1235 quem
1335 1174 1458 1234 post
1490 1165 1776 1220 transitum
1805 1179 2020 1220 eorum,

437 1273 558 1325 qua:
604 1257 964 1320 transierunt,
1015 1257 1177 1312 elIicit
1221 1257 1462 1328 inﬁnitas
1511 1256 1600 1310 illa
1634 1256 1688 1310 in
1724 1271 1854 1326 qua,
1886 1270 2020 1324 quo-

435 1348 584 1402 niam
607 1349 819 1404 nuIl-um
852 1357 935 1404 est
956 1349 1214 1418 spatium,
1243 1357 1424 1405 cessat
1459 1356 1643 1404 motus
1669 1363 1878 1414 rerum,
1900 1363 2020 1417 quae

441 1450 730 1495 moventur
769 1441 1112 1496 naturaliter.
1144 1439 1334 1498 Omnis
1361 1455 1492 1512 ergo
1521 1439 1908 1510 generationis,
1961 1446 2017 1494 et

441 1537 644 1590 motus,
673 1539 728 1582 et
757 1537 935 1584 status
966 1545 1146 1583 rerum
1195 1529 1548 1599 principium,
1579 1537 1634 1584 et
1671 1529 1932 1594 medium,
1965 1539 2020 1584 et

435 1618 559 1672 ﬁnis
586 1628 670 1673 est
701 1618 865 1674 Deus.
899 1619 1166 1686 Quoniam
1209 1629 1266 1675 et
1307 1634 1374 1674 ex
1410 1621 1528 1688 ipso
1558 1620 1754 1690 genitae
1779 1630 1931 1686 sunt,
1965 1629 2022 1676 et

434 1725 533 1777 per
574 1711 750 1779 ipsum
798 1721 1107 1788 moventur,
1155 1721 1209 1766 et
1256 1711 1313 1766 in
1351 1712 1526 1781 ipsum
1569 1721 1697 1765 sunt
1742 1711 2016 1776 desiturae,

2121 525 2322 589 αἰτίας,
2372 526 2438 579 δι’
2472 526 2562 596 ἢν,
2611 524 2705 580 καὶ
2754 525 2893 595 πρὸς
2929 525 2997 595 ἢν
3038 524 3272 577 ποιεῖται
3325 520 3426 591 τὴν
3460 519 3698 589 κίνησιν.

2121 619 2287 674 Οὐδὲν
2313 619 2424 686 γὰρ
2442 618 2554 672 τῶν
2579 617 2921 688 κινουμένων
2949 614 3219 671 κινεῖσθαι
3253 614 3498 687 πέφυκεν
3541 613 3698 668 ἀναι-

2120 708 2269 778 τίως.
2316 709 2484 780 Ἀρχὴ
2521 709 2795 780 senatus;
2839 709 3106 778 κινήσεως
3140 705 3380 774 φυσικῆς
3412 706 3445 775 ἡ
3475 703 3584 760 τῶν
3615 722 3700 758 κι-

2119 801 2400 872 νουμένων
2442 802 2674 868 γένεσις.
2727 800 2894 874 Ἀρχὴ
2941 799 2997 854 δὲ
3033 800 3130 869 τῆς
3165 797 3274 866 τῶν
3317 797 3700 869 γεγενημένων

2119 894 2387 961 γενέσεως
2414 896 2444 947 ὁ
2489 894 2644 959 Θεὸς,
2672 894 2748 958 ὡς
2787 892 3170 962 γενεσιουργός
3195 905 3211 924 ο
3242 888 3345 959 τῆς
3379 888 3437 940 δὲ
3470 887 3578 944 τῶν
3604 904 3702 956 γε·

2121 984 2439 1054 γενημένων
2483 983 2721 1053 φυσικῆς
2770 984 3036 1054 κινήσεως
3087 981 3240 1044 τέλος
3270 981 3304 1051 ἡ
3331 980 3522 1042 στάσις
3552 978 3701 1032 ἰστὶν

2121 1076 2189 1146 ἢν
2235 1077 2384 1130 ποιεί
2426 1076 2563 1146 μετὰ
2613 1075 2713 1147 τὴν
2754 1075 3002 1128 διάϐασιν
3047 1073 3153 1127 τῶν
3198 1069 3701 1140 πεπερασμένωνή

2122 1167 2374 1238 ἀπειρία,
2403 1168 2464 1219 ὲν
2501 1161 2556 1238 ᾖ,
2579 1166 2668 1220 διὰ
2689 1168 2750 1224 τὸ
2784 1166 2859 1236 μὴ
2882 1161 3024 1228 εἶναι
3045 1165 3340 1234 διάστημα,
3379 1163 3532 1215 πᾶσα
3563 1161 3703 1213 παύ-

2120 1275 2240 1311 ιται
2285 1259 2502 1328 κίνησις
2544 1258 2653 1312 τῶν
2718 1258 2967 1326 φυσικῶς
3007 1257 3364 1325 κινουμένων.
3393 1253 3580 1323 Πάσης
3611 1251 3702 1305 οὖν

2120 1349 2392 1419 γενέσεώς
2421 1367 2482 1403 τε
2521 1349 2617 1404 καὶ
2647 1349 2938 1421 κινήσεως,
2972 1350 3066 1403 καὶ
3099 1348 3340 1410 στάσεως
3371 1348 3484 1399 τῶν
3511 1344 3700 1403 όντων.

2120 1441 2286 1514 ἁρχὴ,
2325 1443 2417 1494 καὶ
2467 1443 2724 1513 μεσότης,
2759 1443 2852 1498 καὶ
2894 1441 3050 1504 τέλος
3079 1441 3108 1493 ὁ
3151 1440 3302 1505 Θεὸς,
3339 1440 3417 1502 ὠς
3449 1439 3508 1503 ἐξ
3534 1435 3704 1491 αὐτοῦ

2123 1533 2532 1602 γεγενημένων,
2583 1533 2679 1586 καὶ
2733 1532 2802 1586 δι’
2853 1532 3020 1586 αὑτοῦ
3083 1532 3442 1600 κινουμένων,
3485 1529 3580 1583 καὶ
3625 1530 3705 1591 είς

2123 1625 2288 1678 αὐτὸν
2335 1627 2434 1696 τὴν
2485 1625 2675 1680 στάσιν
2727 1624 3120 1693 ποιησομένων
3171 1624 3260 1676 τὸν
3315 1621 3565 1692 ὁρίζοντα
3614 1620 3705 1673 καὶ

2093 1715 2295 1797 ⁸αὐτὴν
2325 1717 2424 1786 τὴν
2455 1717 2632 1785 πάσης
2663 1717 2932 1784 κινήσεως
2957 1714 3236 1786 όριστικὴν
3265 1712 3544 1783 ἀπειρίαν.

436 1805 528 1874 qui
554 1805 724 1876 ipsam
748 1820 964 1878 quoque
1002 1814 1182 1876 motus
1211 1822 1403 1863 omnes
1426 1804 1775 1872 deﬁnientem
1809 1821 1872 1863 ac
1902 1807 2288 1866 terminantem
2313 1811 2694 1882 complectitur
2715 1809 3063 1868 inﬁnitatem.
3148 1852 3152 1856 .

1085 1900 1363 1969 Ejusdem.

505 1989 730 2052 Eorum,
755 2005 877 2060 qua:
900 1990 1056 2058 ﬁunt,
1089 2007 1318 2062 quasque
1341 2003 1648 2059 moventur,
1679 1993 1936 2050 motionis
1957 2002 2013 2048 et

437 2080 787 2149 principium,
819 2089 871 2135 et
913 2080 1032 2138 ﬁnis
1063 2094 1145 2137 est
1180 2082 1352 2148 Deus,
1371 2092 1428 2138 et
1469 2098 1656 2146 eorum
1688 2099 1808 2152 quae
1847 2085 1906 2138 in
1929 2084 2011 2154 ip-

437 2188 557 2226 sum
589 2173 837 2227 feruntur
865 2175 1078 2240 stabile,
1099 2184 1262 2244 atque
1287 2177 1566 2232 immobile
1591 2177 2008 2238 ﬁrmamentum.

434 2262 504 2317 Et
530 2263 774 2318 omnium
809 2265 1052 2335 denique.
1087 2283 1268 2322 rerum
1316 2269 1580 2326 terminus
1605 2271 2008 2338 interminatus,

435 2365 492 2411 et
517 2354 766 2424 inﬁnitus
797 2355 946 2425 ﬁnis.

1087 2471 1358 2541 Ejusdem.

504 2560 771 2619 Homines
799 2573 949 2619 certo
973 2567 1212 2634 quodam
1243 2567 1503 2632 termino,
1532 2568 1682 2631 boni,
1715 2569 2006 2636 sapientes,

430 2649 631 2721 etjusti
662 2663 925 2712 vocantur
953 2672 966 2708 :
994 2655 1138 2710 Deus
1171 2667 1353 2711 autem
1393 2658 1638 2711 absolute
1673 2659 1870 2714 dicitur
1913 2662 2010 2714 ι)ο-

433 2757 558 2806 nus,
604 2751 660 2797 et
687 2745 931 2814 sapiens,
959 2759 1018 2801 et
1049 2748 1247 2818 justus,
1274 2759 1327 2804 et
1362 2749 1596 2813 bonitas,
1636 2761 1690 2804 ct
1721 2751 2005 2820 sapientia,

431 2841 490 2886 et
512 2833 742 2903 justitia,
785 2836 1008 2907 quippe-
1032 2840 1123 2908 qui
1175 2852 1258 2895 est
1290 2841 1468 2896 omnis
1496 2841 1715 2896 virtutis
1748 2844 2005 2900 essentia.

431 2925 798 2989 Quamobrem
845 2929 938 3000 qui
976 2931 1200 2987 virtutis
1244 2942 1327 2988 est
1364 2935 1658 3003 particeps,
1709 2935 1803 2988 Dei
1837 2936 2006 3004 parti-

431 3029 558 3085 ceps
580 3026 683 3083 est,
713 3019 807 3089 qui
847 3021 1088 3090 virtutis,
1121 3033 1178 3078 ut
1211 3025 1472 3093 diximus,
1506 3027 1743 3081 essentia
1789 3034 1844 3080 et
1875 3025 1998 3080 fons

430 3117 537 3160 est.

989 3223 992 3225 λ
1076 3229 1352 3298 Ejusdem.

503 3315 667 3382 Deus,
696 3317 787 3388 qui
819 3318 1057 3390 cognitio
1087 3337 1186 3390 per
1216 3322 1508 3376 essentiam
1544 3332 1649 3388 est,
1683 3323 1850 3396 solam
1879 3323 2007 3376 boni

429 3410 798 3478 cognitionem
848 3409 1032 3475 liabet,
1069 3419 1129 3470 ut
1175 3412 1265 3482 qui
1299 3411 1466 3479 solius
1495 3413 1624 3467 boni
1669 3422 1861 3467 natura
1906 3427 2006 3469 est.

429 3495 618 3550 Omnis
649 3507 828 3551 autem
859 3500 1158 3554 secundum
1195 3499 1362 3555 Deum
1398 3510 1596 3575 natura
1631 3504 1839 3557 ratione
1876 3485 2012 3574 prae?

429 3585 542 3640 dita
578 3587 808 3656 simplici
837 3589 1038 3643 mentis
1074 3598 1226 3644 motu
1261 3607 1371 3645 non
1418 3601 1596 3661 potest
1645 3593 1836 3650 eodem
1871 3603 2012 3652 tem-

430 3692 562 3748 pore
590 3678 719 3734 boni
749 3687 803 3732 et
832 3679 956 3734 mali
994 3681 1242 3736 notitiam
1279 3684 1502 3751 habere,
1536 3699 1658 3739 cum
1691 3684 1851 3739 unius
1883 3701 2012 3740 con-

430 3769 578 3824 trarii
626 3772 884 3852 cognitio,
918 3772 1140 3828 alterius
1174 3774 1436 3845 contrarii
1469 3775 1796 3830 naturaliter
1843 3777 2010 3848 igno-

431 3861 658 3916 rantiam
689 3862 900 3918 afferat.
931 3863 1020 3920 Sic
1047 3867 1212 3920 etiam
1247 3865 1388 3920 oculi
1420 3881 1525 3920 non
1558 3876 1789 3936 possunt
1812 3868 2004 3922 eodem

428 3965 676 4024 tempore
704 3971 920 4011 sursum
945 3959 1334 4028 deorsumque,
1365 3968 1456 4012 aut
1481 3958 1827 4013 dextrorsum
1851 3957 2010 4014 simul

428 4062 494 4102 ac
524 4048 902 4105 sinistrorsum
929 4051 1198 4123 contueri.

1088 4149 1366 4233 Ejusdem.

499 4253 565 4306 Et
589 4269 646 4331 se
677 4256 852 4326 ipsum
899 4257 1064 4321 Deus,
1098 4265 1284 4324 etquae
1309 4239 1435 4309 Sunt
1465 4255 1606 4308 infra
1633 4271 1691 4310 se
1710 4257 2004 4330 cognoscit.

425 4333 630 4398 Natura
659 4346 786 4405 item
819 4345 1028 4401 ratione
1064 4355 1356 4415 menteque
1387 4347 1610 4415 praedita
1647 4357 1702 4402 et
1729 4348 1920 4409 Deum.
1951 4357 2010 4416 et

427 4452 550 4507 quae
582 4435 721 4490 infra
771 4437 940 4491 Deum
994 4446 1142 4504 sunt,
1186 4439 1488 4508 cegnoscit;
1521 4437 1618 4495 sed
1659 4454 1769 4508 non
1813 4439 2005 4502 eodem

429 4528 610 4592 modo,
653 4544 760 4598 quo
800 4526 963 4582 Deus.
997 4527 1097 4582 Hic
1129 4529 1276 4584 enim
1305 4545 1370 4584 ex
1402 4529 1656 4584 essentiae
1702 4544 1814 4584 suae
1868 4545 2006 4585 con-

433 4619 787 4687 templatione
819 4620 1059 4689 scipsum
1109 4635 1206 4689 per
1236 4620 1593 4690 semetipsum
1630 4618 1903 4695 intelligit.
1941 4621 2007 4674 Et

426 4724 548 4776 quae
583 4710 684 4764 sub
712 4710 829 4780 ipso
869 4719 1016 4773 sunt,
1044 4724 1111 4764 ex
1143 4709 1409 4780 sapientia
1451 4709 1731 4779 cognoscit
1760 4725 1876 4775 sua,
1909 4725 2007 4779 per

418 4815 614 4873 quam,
645 4809 696 4854 et
719 4802 772 4866 in
824 4816 927 4870 qua
959 4800 1208 4854 condidit
1243 4801 1444 4858 omnia.
1481 4799 1571 4852 Illa
1603 4812 1735 4854 vero
1756 4807 1809 4852 et
1833 4799 2005 4866 Deum

425 4893 726 4961 cognoscit,
759 4893 888 4947 dum
918 4892 1080 4958 illius,
1129 4893 1221 4962 qui
1255 4892 1458 4945 nullius
1501 4890 1578 4944 rei
1605 4890 1874 4960 particeps
1898 4899 2003 4958 est,

423 4987 694 5054 particeps
725 4983 806 5050 ﬁt,
830 4994 940 5038 tum
967 5001 1031 5040 ex
1067 4999 1152 5052 eo,
1179 4985 1323 5054 quod
1363 4995 1482 5051 est;
1507 4992 1634 5044 ,tum
1660 4999 1724 5038 cx
1749 4998 1834 5048 eo,
1862 4982 2008 5052 quod

423 5080 690 5148 bene,per
718 5078 945 5149 gratiam
962 5087 1066 5132 est.
1090 5078 1222 5143 Quae
1244 5085 1425 5139 autem
1457 5077 1557 5131 sub
1582 5077 1691 5142 Deo
1707 5085 1854 5139 sunt,
1883 5091 2008 5148 pere

424 5171 578 5241 cipit,
610 5172 739 5225 dum
776 5169 1123 5224 artiﬁciosam
1172 5171 1226 5224 in
1280 5171 1387 5224 illis
1437 5171 1752 5240 sapientiam
1782 5171 1919 5240 ejus,
1947 5180 2003 5222 et

425 5261 704 5316 naturales
753 5259 997 5330 ipsorum
1059 5261 1298 5315 rationes
1345 5258 2002 5330 comprehcndit.Angeli

425 5365 626 5419 tamen,
661 5362 721 5408 ut
747 5353 834 5423 qui
862 5362 1072 5408 mentes
1100 5363 1226 5408 sunt
1255 5371 1421 5424 puraa,
1467 5354 1755 5408 sublimius
1786 5352 2002 5406 intelli»

424 5447 894 5515 gunt,demissius
931 5447 1198 5514 homines,
1221 5457 1278 5504 ut
1316 5450 1406 5518 qui
1459 5450 1700 5519 corporis
1757 5447 1996 5516 pondere

427 5541 833 5608 deprimuntur.

2050 1904 2098 1964 Β

2735 1909 2846 1964 Τοῦ
2891 1906 3080 1961 αὐτοῦ

2127 1989 2130 1991 λ
2197 1997 2383 2050 Ἔστιν
2411 1999 2440 2051 ὁ
2461 1998 2594 2062 Θεὸς
2633 1999 2777 2070 ἁρχὴ
2807 2001 2908 2068 τῆς
2937 1999 3044 2050 τῶν
3076 1997 3378 2066 γινομένων
3410 1995 3700 2063 γενέσεως,

2114 2087 2215 2140 ’καὶ
2268 2086 2420 2149 τέλος
2449 2087 2550 2156 τῆς
2588 2088 2697 2142 τῶν
2751 2086 3088 2154 κινουμένων
3117 2086 3408 2154 κινήσεως,
3443 2083 3554 2143 καὶ
3589 2082 3699 2134 τῶν

2120 2180 2200 2240 είς
2246 2178 2410 2232 αὐτὸν
2474 2179 2793 2248 φερομένων
2846 2179 3036 2240 στάσις
3106 2176 3360 2245 βάσιμος,
3429 2173 3524 2227 καὶ
3583 2172 3705 2226 ἀκί-

2117 2285 2298 2339 νητος,
2344 2269 2438 2322 καὶ
2483 2269 2685 2333 παντὸς
2728 2272 2858 2340 ὅρου
2898 2272 3023 2341 ὅρος
3065 2269 3340 2339 ἀόριστος,
3392 2268 3484 2327 καὶ
3531 2267 3704 2337 πέρας
3779 2283 3782 2286 '

2119 2358 2223 2412 ἀπε
2233 2374 2348 2429 ιρον

2737 2471 2846 2544 Τοῦ
2884 2471 3092 2524 αὑτοῦ.

2190 2567 2253 2618 Οἱ
2292 2565 2394 2634 μὲν
2416 2563 2692 2633 ἄνθρωποι
2723 2563 3238 2634 προσδιωρισμένως
3265 2560 3460 2629 ἀγαθοὶ
3488 2559 3702 2630 ἄνθρω-

2119 2671 2209 2707 ποι
2247 2653 2519 2721 λέγονται,
2565 2655 2660 2706 καὶ
2712 2653 2871 2721 σοφοὶ
2918 2653 3217 2722 ἅνθρωποι,
3243 2652 3337 2705 καὶ
3371 2651 3572 2706 δίκαιοι
3605 2653 3700 2704 ἄν·

2117 2747 2364 2816 θρωποιο
2419 2749 2445 2798 ό
2495 2746 2551 2798 δὲ
2597 2747 2732 2808 Θεὸς
2775 2746 3060 2808 ἁπολύτως
3104 2745 3298 2808 ταῦτα,
3335 2744 3562 2818 ἀγαθὸς,
3609 2743 3701 2795 καὶ

2119 2839 2303 2906 σοφὸς,
2343 2838 2435 2891 καὶ
2475 2837 2704 2902 δίκαιος,
2748 2836 2844 2890 καὶ
2886 2836 3184 2907 ἀγαθότης,
3235 2838 3330 2890 καὶ
3371 2837 3555 2904 σοφία,
3605 2837 3700 2889 mi.

2115 2929 2453 3001 δικαιοσύνη,
2487 2930 2565 2993 ὼς
2617 2929 2776 2982 οὐσία
2807 2929 2986 2999 πάσης
3027 2930 3248 2999 ἀρετῆς.
3287 2929 3345 2982 '0
3365 2930 3543 2982 τοίνυν
3573 2929 3700 2998 ἀρε-

2115 3023 2212 3090 τῆς
2246 3024 2490 3092 μετέχων
2543 3021 2760 3091 μετέχει
2807 3019 2943 3074 Θεοῦ
2978 3019 3076 3088 τῆς
3110 3021 3321 3087 οὐσίας,
3354 3019 3429 3082 ὡς
3461 3022 3696 3090 εἴρηται,

2115 3111 2208 3162 καὶ
2232 3109 2413 3178 πηγῆς
2450 3109 2546 3178 τῆς
2577 3109 2806 3182 ἀρετῆς.

2720 3223 2832 3277 Τοῦ
2865 3223 3074 3278 αὑτοῦ.

2197 3317 2256 3368 '0
2289 3314 2419 3378 Θεὸς
2463 3315 2663 3383 γνῷσις
2709 3313 2782 3367 ὢν
2825 3316 2946 3384 κατ’
2991 3314 3180 3368 οὐσίαν
3227 3315 3325 3386 τὴν
3353 3315 3556 3386 γνῶσιν
3605 3316 3698 3370 τοῦ

2114 3407 2279 3461 καλοῦ
2318 3407 2486 3478 μόνην
2536 3405 2666 3477 ἔχει,
2700 3407 2793 3460 ἆτε
2843 3386 3137 3476 μόνον’τοῦ
3174 3408 3340 3461 καλοῦ
3391 3407 3552 3477 φύσις
3598 3408 3698 3466 ὣν.

2114 3501 2273 3554 Πᾶσα
2319 3499 2374 3550 δὲ
2427 3498 2625 3568 λογικὴ
2684 3499 2824 3569 μετὰ
2873 3499 3005 3552 Θεὸν
3040 3500 3202 3570 φύσις
3247 3498 3392 3569 ἔχειν
3437 3500 3570 3570 ὁμοῦ
3607 3500 3700 3554 καὶ

2114 3593 2260 3644 κατὰ
2296 3589 2492 3643 ταυτὸν
2549 3591 2608 3642 ἐν
2663 3589 2740 3658 τῷ
2799 3591 2898 3660 τῆς
2955 3589 3192 3654 διανοίας
3235 3591 3389 3659 ἁπλῷ
3437 3591 3699 3659 κινήματι

2113 3681 2280 3736 καλοῦ
2317 3682 2408 3733 καὶ
2435 3679 2604 3732 κακοῦ
2633 3679 2833 3747 γνῶσιν
2879 3680 2937 3732 οὑ
2971 3680 3215 3734 δύναται.
3262 3681 3408 3733 Διότι
3456 3681 3700 3749 πέφυκεν

2114 3777 2146 3844 ή
2181 3774 2412 3838 Θατέρου
2450 3773 2558 3826 τῶν
2597 3773 2992 3843 ἀντικειμένων
3017 3767 3270 3844 ἀλλήλοις
3295 3773 3492 3840 γνῶσις
3526 3775 3700 3825 ποιεῖν

2112 3866 2212 3934 τῆς
2262 3865 2355 3917 τοῦ
2403 3864 2591 3934 ἐτέρου
2662 3864 2916 3929 γνώσεως
2974 3864 3215 3932 ἄγνοιαν,
3265 3863 3374 3918 Καὶ
3433 3865 3541 3932 γὰρ
3591 3863 3698 3916 οὐδ’

2113 3955 2389 4026 ὀφθαλμὸς
2428 3955 2540 4009 ἄνω
2572 3956 2665 4008 καὶ
2691 3953 2840 4009 κάτω
2855 3955 3076 4010 δύναται
3107 3958 3246 4008 κατὰ
3275 3955 3468 4009 ταυτὸν
3502 3955 3698 4028 ίδείν,ἢ

2112 4047 2264 4112 δεξιὰ
2290 4047 2322 4116 ἢ
2357 4048 2644 4117 ἀριστερά.

2737 4166 2848 4220 Τοῦ
2885 4165 3092 4220 αὑτοῦ.

2185 4257 2450 4312 Γινώσκει
2481 4258 2579 4329 μὲν
2625 4259 2654 4310 ὁ
2698 4258 2833 4320 Θεὸς
2872 4257 3381 4326 ὲαυτὸν,,γινώσκει
3411 4258 3468 4312 δὲ
3515 4258 3702 4314 καὶτὰ

2114 4351 2206 4403 ὑπ’
2247 4349 2415 4402 αὐτοῦ
2456 4350 2742 4419 γεγονότα.
2775 4349 2883 4402 Καὶ
2913 4351 2944 4418 ή
2970 4350 3166 4420 λογικὴ
3219 4349 3315 4405 καὶ
3347 4351 3510 4422 νοερὰ
3539 4352 3702 4419 φύσις

2117 4439 2377 4509 γινώσκει
2412 4441 2513 4510 μὲν
2540 4440 2632 4494 τὸν
2669 4440 2826 4505 Θεὸν,
2861 4440 3122 4509 γινώσκει
3150 4442 3206 4495 δὲ
3238 4443 3334 4496 καὶ
3361 4448 3431 4512 τᾲ
3469 4445 3563 4506 ὑπ’
3603 4448 3701 4502 αὺ-

2110 4533 2206 4587 τοῦ
2255 4532 2552 4600 γεγονότων
2585 4531 2700 4586 ἀλλ’
2743 4531 2847 4602 οὐχ
2879 4532 2954 4594 ὡς
2995 4531 3023 4584 ό
3073 4529 3206 4595 Θεὸς
3243 4532 3527 4599 γινώσκει,
3555 4535 3700 4590 οὕτω

2117 4623 2213 4677 καὶ
2239 4622 2401 4693 αὕτη.
2449 4624 2504 4675 Ὀ
2539 4623 2638 4692 μὲν
2687 4623 2798 4691 γὰρ
2826 4622 3086 4690 γινώσκει
3117 4623 3307 4692 ἑαυτὸν
3343 4627 3408 4677 ὲκ
3448 4625 3548 4694 τῆς
3592 4644 3699 4696 μα-

2113 4716 2308 4785 καρίας
2326 4715 2516 4778 οὐσίας
2549 4713 2714 4768 αὐτοῦ
2741 4716 2815 4768 δι’
2849 4714 3045 4768 ἑαυτοῦ
3075 4716 3267 4768 ἑαυτὸν
3297 4714 3590 4785 Θεώμενος·
3627 4717 3699 4771 τὰ

2112 4809 2170 4862 δὲ
2201 4807 2292 4859 ὑπ’
2321 4807 2489 4860 αὑτοῦ
2529 4805 2790 4874 γεγονότα
2823 4806 2890 4859 ὲκ
2916 4807 3014 4877 τῆς
3053 4808 3244 4880 σοφίας
3285 4808 3473 4874 αὑτοῦ,
3507 4808 3576 4863 δι’
3628 4804 3697 4882 ἧς

2113 4899 2210 4953 καὶ
2265 4899 2332 4952 ἐν.
2369 4893 2403 4971 ᾖ
2450 4895 2518 4958 τὰ
2572 4897 2755 4950 πάντα
2781 4897 3060 4965 ἐποίησεν.
3111 4896 3177 4956 Ἦ
3221 4898 3278 4950 δὲ
3322 4898 3578 4966 γινώσκει
3604 4901 3694 4954 τὸν

2113 4989 2248 5058 Θεὸν
2288 4989 2388 5060 μὲν
2429 4987 2634 5059 μετοχὴ
2673 4987 2815 5059 ὑπὲρ
2847 4987 3080 5057 μετοχὴν
3125 4989 3273 5041 ὄντα.
3316 4989 3549 5060 Μετέχει
3583 4990 3693 5060 γὰρ

2112 5073 2278 5135 αὐτοῦ
2332 5079 2484 5152 αὐτῷ
2519 5097 2580 5132 τε
2631 5078 2710 5148 τῷ
2761 5075 2922 5145 εἷναι,
2952 5079 3047 5132 καὶ
3092 5081 3157 5150 τῇ
3188 5079 3324 5150 πρὸς
3371 5079 3430 5152 τὸ
3464 5075 3523 5133 εὖ
3549 5076 3694 5133 εἶναι

2114 5171 2539 5244 ἐπιτηδειότητι,
2567 5171 2661 5225 καὶ
2705 5174 2774 5243 τῇ
2810 5170 2949 5242 πρὸς
2981 5171 3041 5226 τὸ
3072 5171 3159 5223 ἀεὶ
3199 5165 3339 5224 εἶναι
3374 5170 3582 5240 χάριτι.
3613 5172 3697 5226 Τὰ

2109 5265 2165 5319 δὲ
2189 5264 2281 5317 ὑπ’
2305 5263 2470 5338 αὑτοῦ
2503 5263 2766 5340 γεγονότα
2796 5261 3054 5332 γινώσκει
3099 5262 3364 5331 ἀναλήψει
3385 5263 3482 5332 τῆς
3509 5263 3569 5326 ἐν
3595 5263 3697 5316 αύ-

2111 5357 2225 5417 τοῖς
2252 5341 2638 5428 θεωρουμένης
2679 5356 2936 5424 τεχνικῆς
2986 5353 3200 5422 σοφίας,
3233 5355 3328 5406 καὶ
3357 5353 3558 5424 γνώσει
3585 5352 3693 5406 τῶν

2110 5449 2168 5498 ὲν
2201 5445 2412 5509 τούτοις
2444 5446 2692 5515 φυσικῶν
2736 5444 2932 5513 λόγων.
2969 5444 3115 5514 Πλὴν
3143 5445 3190 5497 οί
3221 5444 3442 5514 ἄγγελοι
3474 5445 3575 5512 μὲν
3607 5439 3696 5497 oi:

2106 5536 2222 5598 νόες
2261 5536 2423 5606 μόνον
2484 5536 2842 5606 γινώσκουσιν
2883 5536 3235 5608 ὑψηλότερον,
3271 5537 3320 5590 oi
3347 5536 3392 5608 δξ
3418 5536 3698 5606 ἄνθρωποι

2104 5629 2198 5697 οὐχ
2265 5629 2454 5693 οὕτως,
2493 5628 2608 5683 ἀλλ’
2655 5630 2980 5700 ὑφειμένον,
3035 5628 3122 5686 διὰ
3173 5629 3230 5684 τὸ
3270 5627 3698 5698 συνεζευγμένον

2108 5721 2273 5790 πάχος
2305 5722 2394 5774 τοῦ
2431 5722 2697 5794 σώματος.
