4060 6278
450 330 569 402 ’151

1704 327 2089 391 EUTIIYMII
2129 296 2486 393 amantist

3632 328 3723 392 155

467 442 609 501 Item
665 442 1013 499 communiter
1058 443 1122 498 de
1175 442 1303 510 Deo,
1358 441 1583 498 Joannis
1635 441 1947 497 Damascem'
1991 458 2039 496 ea

2162 444 2290 502 Ἔτι
2337 446 2469 515 περὶ
2516 445 2665 501 Θεοῦ
2710 443 2927 509 κοινῶς
2963 444 3072 498 τοῦ
3102 443 3505 515 Δαμασκηνοῦ
3541 446 3720 513 κεφά-

1122 528 1295 595 capite
1328 526 1417 582 ll.
1662 528 1694 559 ⁸

536 666 805 734 Quoniam
868 676 1049 723 autem
1091 665 1326 734 plurima
1366 665 1436 720 de
1497 662 1628 731 Deo,
1704 666 2035 737 corporibus

467 758 612 811 allici
647 755 884 826 quadam
938 751 1149 805 ratione
1176 751 1232 803 in
1263 748 1443 804 sacris
1476 746 1704 806 Litteris
1735 752 2037 822 symbolice

416 848 426 916 ξ
469 864 534 901 ac
568 863 661 916 per
706 847 932 913 ﬁguram
981 841 1127 895 dicta
1180 841 1520 909 reperimus;
1563 840 1698 895 illud
1744 857 2037 899 noscamus

418 933 425 1002 ἕ
469 945 709 1009 oportet,
749 936 863 990 ﬁeri
908 948 1020 987 non
1062 946 1245 1000 posse,
1284 940 1343 985 ut
1382 947 1485 988 nos
1528 933 1621 1004 qui
1664 933 1917 989 homines
1944 950 2036 989 su-

472 1047 615 1092 unus,
648 1040 949 1095 crassaque
997 1038 1167 1078 carne
1211 1024 1563 1087 involvimur,
1626 1025 1840 1081 divinas
1891 1025 2033 1084 illas.

467 1130 521 1172 et
559 1118 841 1182 excelsas;
895 1112 1394 1182 immaterialesque
1443 1114 1759 1168 Divinitatis
1792 1116 2036 1169 actiones

468 1209 841 1278 intelligamus
876 1219 939 1259 ac
972 1219 1227 1259 sermone
1260 1204 1714 1272 complectamur,
1758 1206 1864 1260 nisi
1904 1206 2035 1275 ﬁgu-

467 1299 543 1351 ris
587 1304 641 1351 et
694 1293 1050 1364 imaginibus,
1097 1292 1386 1363 signisque
1426 1300 1639 1347 naturas
1670 1304 1872 1348 nostrae
1900 1310 2032 1349 con-

464 1387 744 1442 sentaneis
774 1393 1017 1439 utamur.
1136 1384 1412 1451 Quocirca
1445 1400 1508 1441 ea
1545 1386 1729 1440 omnia
1758 1402 1879 1456 qua:
1917 1403 2036 1442 cor-

467 1492 631 1547 porea
687 1477 772 1530 vel
824 1476 1104 1546 paululum
1165 1475 1383 1530 ratione
1443 1477 1510 1531 de
1576 1477 1683 1531 Deo
1744 1478 2031 1533 enuntiata

464 1578 615 1636 sunt,
651 1569 879 1639 ﬁgurate
910 1568 1052 1622 dicta
1090 1578 1239 1631 sunt,
1288 1568 1653 1638 altioremque
1682 1584 1906 1624 sensum
1947 1569 2033 1623 in-

463 1661 735 1715 cludunt:
792 1659 996 1730 quippe
1045 1674 1171 1714 cum
1240 1659 1383 1714 Deus
1442 1659 1681 1729 simplex
1741 1657 2033 1730 o'mnisque

462 1754 654 1822 ﬁgura:
690 1766 889 1820 expers
919 1751 1177 1806 exsistat.
1232 1748 1404 1820 igitur
1457 1765 1554 1821 per
1581 1751 1794 1815 oculos,
1837 1761 1890 1805 et
1919 1752 2034 1820 pal-

461 1846 685 1915 pebras,
716 1845 1007 1913 visumque
1041 1840 1158 1906 Dei,
1197 1842 1306 1896 vim
1354 1842 1530 1912 ipsius
1566 1857 1749 1898 rerum
1784 1843 2029 1895 omnium

462 1934 875 2003 inspeetricem,
907 1940 1073 2002 atque
1100 1929 1373 2001 ejusmodi
1416 1931 1785 2002 cognitionem
1827 1931 2032 1986 intelli-

462 2039 676 2093 gamus,
707 2038 870 2093 quam
903 2038 991 2078 res
1023 2023 1173 2076 nulla
1207 2021 1378 2093 fugiat
1411 2042 1424 2077 :
1456 2030 1515 2077 ut
1540 2023 1799 2077 nimirum
1831 2037 2030 2078 sensus

461 2116 774 2170 ministerio
804 2114 1098 2185 perfectior
1137 2115 1297 2169 nobis
1337 2124 1501 2184 atque
1549 2113 1757 2169 certior
1786 2114 2030 2185 cognitio

463 2205 708 2261 accedat.
736 2205 839 2260 Per
869 2219 1032 2260 aures
1062 2211 1116 2260 et
1137 2204 1383 2259 auditum
1440 2204 1615 2274 ipsius
1649 2203 1713 2257 ad
1746 2204 2030 2273 ignoscen-

463 2299 594 2352 dum
646 2296 1071 2367 propensionem
1234 2300 1399 2363 atqne
1511 2293 1569 2348 in
1689 2293 2031 2364 excipiendis

462 2387 723 2458 precibus
771 2385 979 2442 nostris
1014 2385 1433 2456 benignitatem.
1474 2383 1728 2440 Solemus
1766 2385 1912 2439 enim
1935 2400 2032 2455 per

464 2472 612 2533 hunc
639 2492 866 2534 sensum
904 2476 975 2532 iis
1017 2477 1111 2546 qui
1164 2476 1324 2532 nobis
1361 2475 1640 2546 supplices
1688 2484 1840 2539 sunt,
1873 2477 2031 2531 mites

463 2587 567 2627 nos
595 2571 897 2639 facilesque
947 2568 1234 2639 prabere;
1290 2567 1587 2635 benignius
1637 2566 1889 2621 videlicet
1935 2579 2032 2620 au-

463 2676 577 2715 rem
608 2660 743 2728 ipsis
787 2661 1162 2712 admoventes.
1203 2654 1306 2710 Per
1331 2670 1394 2710 os
1431 2670 1497 2709 ac
1540 2655 1891 2721 locutionem,
1932 2669 2030 2709 vo-

465 2750 695 2804 luntatis
746 2749 921 2817 ipsius
972 2747 1402 2802 declarationem
1450 2747 1779 2816 accipimus.
1816 2746 2031 2817 Quippe

464 2856 575 2895 nos
594 2854 812 2910 quoque
845 2838 1035 2893 abdita
1072 2836 1262 2892 cordis
1307 2850 1471 2892 sensa
1508 2851 1604 2905 per
1632 2850 1695 2892 os
1723 2843 1778 2891 et
1816 2849 2028 2892 sermo-

464 2945 589 2984 nem
620 2930 947 3001 promimus.
981 2927 1088 2983 Per
1122 2926 1306 2983 cibum
1355 2936 1412 2981 et
1458 2934 1668 2995 potum,
1715 2934 2028 2998 promptum

465 3027 718 3076 nostrum
767 3020 836 3074 ad
892 3019 1237 3075 voluntatem
1298 3029 1612 3071 accessum.
1660 3015 1877 3071 Etenim
1928 3029 2032 3071 nos

2803 535 2987 587 lator
3018 530 3115 587 ια’.

2227 668 2384 723 Ἐπεί
2413 668 2469 722 δὲ
2498 667 2726 720 πλεῖστα
2743 681 2811 717 πε
2821 666 2876 736 pl.
2902 665 3039 719 Θεοῦ
3074 666 3545 738 σωματικώτερον
3567 665 3625 719 ἰν
3645 667 3713 737 τῇ

2155 749 2276 823 θείᾳ
2303 752 2495 824 Γραφῇ
2526 753 2875 824 συμϐολικῶς
2905 754 3173 825 εἰρημένα
3208 754 3558 825 εὑρίσκομεν,
3583 755 3720 808 εἰδέ-

2155 855 2242 893 ναι
2269 841 2400 911 χρὴ,
2452 841 2527 906 ὡς
2559 841 2882 914 ἀνθρώπους
2926 843 3085 907 ὄντας
3128 845 3297 914 ἡμᾶς,
3339 844 3434 897 καί⁵
3479 845 3542 896 τὸ
3575 845 3718 915 παχὺ

2157 929 2310 984 τοῦτο
2338 932 2559 1003 σαρκίον
2586 933 3025 1004 περικειμένους,
3054 933 3151 997 τὰς
3178 933 3347 997 θείας,
3372 935 3465 987 καὶ
3490 934 3718 1004 ὑψηλὰς,

2155 1022 2251 1074 καί
2288 1023 2486 1089 ἀύλους
2528 1024 2629 1094 τῆς
2659 1025 2924 1097 Θεότητος
2971 1024 3255 1097 ἐνεργείας
3305 1028 3444 1079 νοεῖν
3477 1025 3510 1095 ἢ
3545 1025 3723 1092 λέγειν

2152 1113 2432 1182 ἀδύνατον,
2465 1117 2514 1169 εί
2537 1118 2611 1188 μὴ
2643 1117 2813 1171 εἰκόσι
2841 1118 2935 1171 καὶ
2963 1117 3155 1181 τύποις
3179 1117 3273 1171 καὶ
3303 1116 3591 1187 συμϐόλοις
3612 1120 3724 1181 τοῖς

2154 1206 2278 1258 καθ’
2297 1208 2443 1277 ἡμᾶς
2475 1207 2818 1279 χρησαίμεθα
2842 1215 2890 1263 ³.
2922 1209 3063 1261 Ὅσα
3082 1208 3262 1261 τοίνυν
3305 1208 3435 1278 περὶ
3459 1207 3593 1260 Θεοῦ
3620 1225 3723 1260 σω-

2157 1296 2527 1369 ματικώτερον
2564 1300 2800 1372 εἴρηται,
2849 1299 3194 1369 συμόολικῶς
3239 1300 3355 1351 ἔστι
3383 1299 3684 1369 λελεγμένα
3706 1318 3718 1330 ·

2153 1386 2266 1457 ἔχει
2309 1388 2365 1441 δὲ
2406 1389 2743 1461 ὑψηλοτέραν
2784 1390 3055 1444 διάνοιανο
3091 1389 3294 1444 ἁπλοῦν
3330 1389 3438 1459 γὰρ
3471 1389 3533 1442 τὸ
3572 1390 3723 1442 Θεῖον

2155 1480 2248 1531 καὶ
2288 1479 2712 1551 ἀσχημάτιστον,
2756 1480 3098 1551 Ὀφθαλμοὺς
3139 1479 3237 1550 μὲν
3268 1476 3362 1534 οῦν
3400 1478 3534 1532 Θεοῦ
3560 1518 3575 1544 ,
3628 1480 3723 1532 καί⁸

2156 1568 2417 1639 βλέφαρα,
2474 1570 2569 1623 καὶ
2600 1571 2812 1643 ὅρασιν,
2862 1571 2957 1624 καὶ
2987 1571 3086 1640 τὴν
3124 1570 3379 1625 ἁπάντων
3422 1570 3722 1641 ὲποπτικὴν

2154 1659 2318 1712 αὑτοῦ
2348 1659 2596 1731 δύναμιν,
2625 1660 2718 1714 καί
2748 1661 2808 1715 τδ
2840 1661 3108 1731 ἀλάθητον
3134 1662 3232 1733 τῆς
3274 1660 3441 1714 αὑτοῦ
3468 1661 3719 1729 γνώσεως

2154 1749 2515 1821 ἐννοήσωμεν,
2541 1750 2648 1805 ἀπὸ
2674 1751 2768 1805 τοῦ
2798 1752 2928 1823 παρ’
2959 1754 3094 1823 ἡμῖν
3132 1751 3222 1805 διὰ
3265 1751 3471 1819 ταύτης
3510 1753 3609 1821 τῆς
3639 1751 3722 1803 αίο

2082 1849 2125 1905 Β
2157 1838 2401 1911 σθήσεως
2451 1841 2838 1912 ἐντελεστέραν
2888 1841 3089 1910 γνῶσίν
3121 1857 3180 1894 τε
3209 1840 3304 1893 καὶ
3343 1839 3711 1909 πληροφορίαν

2156 1931 2485 2000 ἐγγίνεσθαι.
2517 1928 2656 1987 Ὦτα
2692 1934 2751 1987 δὲ
2788 1933 2883 1986 καί
2923 1932 3113 2005 ἀκοὴν,
3156 1931 3219 1985 τὸ
3253 1930 3594 1997 ἐξιλεωτικδν
3626 1931 3722 1983 αύ-

2155 2023 2272 2087 τοῦ,
2301 2023 2396 2077 καὶ
2444 2023 2541 2093 τῆς
2570 2024 2845 2096 ἡμετέρας
2884 2023 3131 2078 δεκτικὸν
3158 2022 3415 2094 δεήσεως.
3455 2023 3564 2076 Καὶ
3611 2023 3721 2092 γὰρ

2156 2116 2317 2186 ἡμεῖς
2343 2116 2456 2179 τοῖς
2482 2115 2583 2180 τὰς
2604 2116 2813 2181 ἱκεσίας
2852 2116 3215 2188 ποιουμένοις,
3252 2114 3339 2169 διὰ
3369 2115 3569 2183 ταύτης
3623 2114 3722 2184 τῆς

2157 2208 2463 2277 αἰσθήσεως
2511 2208 2759 2279 εὐμενεῖς
2805 2207 3089 2279 γινόμεθα,
3131 2205 3497 2277 γνησιώτερον
3536 2206 3721 2267 αὐτοῖς

2156 2298 2217 2351 τὺ
2242 2295 2336 2361 οὖς
2368 2296 2757 2361 ἐπικλίνοντες.
2789 2298 2973 2368 Στόμα
3000 2297 3057 2350 δὲ
3102 2297 3197 2350 καί⁵
3226 2296 3433 2360 λαλιὰν,
3467 2295 3529 2348 τὸ
3556 2293 3723 2348 ἐνδει-

2158 2383 2346 2438 κτικδν
2375 2383 2476 2455 τῆς
2507 2384 2815 2454 βουλήσεως
2847 2382 3035 2449 αὐτοῦ,
3067 2384 3134 2437 ὲκ
3168 2383 3265 2437 τοῦ
3303 2385 3435 2454 παρ’
3459 2384 3591 2454 ἡμῖν
3633 2382 3725 2436 διὰ

2161 2476 2428 2545 στόματος
2455 2477 2550 2530 καὶ
2576 2475 2764 2538 λαλιᾶς
2795 2474 3154 2549 σημαίνεσθαι
3185 2474 3256 2529 τὰ
3301 2474 3565 2545 ὶγκάρδια
3594 2474 3723 2543 νοή-

2164 2579 2329 2636 ματα.
2384 2566 2596 2636 Βρῶσιν
2625 2565 2682 2619 δὲ
2721 2567 2815 2620 καὶ
2848 2565 3028 2630 πόσιν,
3063 2565 3166 2637 τὴν
3195 2564 3472 2635 ἡμετέραν
3500 2562 3638 2634 πρὸς
3664 2563 3724 2615 τὸ

2160 2652 2325 2710 αὑτοῦ
2358 2657 2572 2729 θέλημα
2628 2658 2953 2729 συνδρομήν.
2988 2657 3101 2712 Καὶ
3149 2656 3259 2727 γὰρ
3310 2654 3598 2725 ἡμεῖςιδιᾶ
3625 2655 3725 2724 τῆς

2161 2747 2459 2819 γευστικῆς
2485 2747 2909 2820 αἰσθήσεω;,τὴν
2932 2748 3036 2818 τῆς
3063 2747 3276 2817 φύσεως
3302 2744 3724 2815 ἀναπληροῦμεν

2162 2839 2465 2908 ἀναγκαίαν
2490 2836 2687 2911 δρεξιν.
2722 2838 3028 2909 Ὀσφρησιν
3047 2838 3124 2903 δὲ,
3150 2836 3212 2890 τδ
3234 2836 3608 2891 ἀποδεικτικδν
3627 2835 3725 2903 τῆς

2166 2930 2302 3000 πρὸς
2328 2928 2493 2984 αὐτὸν
2544 2927 2753 2991 ἑννοίας
2770 2943 2830 2981 τε
2841 2926 3181 2991 καὶεύνοίας,
3226 2926 3291 2978 ὲκ
3319 2923 3412 2977 ⁸τοῦ
3444 2924 3574 2993 παρ’
3594 2924 3725 2993 ἡμῖν

2164 3018 2251 3073 διὰ
2276 3016 2481 3087 ταύτης
2503 3018 2604 3088 τῆς
2630 3013 3059 3086 αἰσθήσεως,τὴν
3086 3015 3186 3084 τῆς
3206 3011 3436 3071 εὐωδίας
3456 3009 3724 3078 ἀποδοχὴν

466 3124 686 3180 quoque
730 3110 1107 3166 necessarium
1151 3118 1361 3163 naturas
1418 3107 1717 3177 appetitum
1745 3105 2030 3176 explemus

2168 3108 2499 3176 ἐγγίνεσθαι.
2519 3107 2813 3179 Πρόσωπον
2839 3104 2918 3170 δὲ,
2947 3105 3048 3170 τὴν
3065 3103 3131 3156 δι’
3160 3101 3337 3174 ἔργων
3356 3100 3524 3154 αὐτοῦ
3560 3098 3727 3152 ἑνδει-
3790 3172 3795 3175 Δ

466 3215 566 3269 per
612 3209 807 3272 gustus
849 3216 1097 3257 sensum.
1132 3197 1236 3254 Per
1265 3198 1552 3262 ollaetum,
1605 3197 1710 3252 vim
1746 3211 1888 3262 eam,
1920 3209 2029 3266 qua

464 3289 854 3360 cogitationem
930 3305 996 3345 ac
1061 3288 1503 3345 benevolentiam
1573 3293 1788 3358 gratam
1869 3299 2033 3341 accc-

466 3385 725 3443 piamque
757 3370 942 3422 habet.
994 3370 1277 3436 διιμιιαθω
1301 3372 1356 3420 et
1388 3380 1487 3421 nos
1521 3371 1755 3420 odorum
1785 3364 2041 3434 fragran-

463 3464 597 3518 tiam
655 3477 753 3533 per
805 3460 952 3514 hunc
1002 3473 1227 3515 sensum
1289 3458 1621 3529 excipimus.
1667 3457 1771 3515 Per
1814 3458 2038 3524 faciem,

465 3553 642 3625 ipsius
672 3566 769 3623 per
797 3565 964 3621 Opera
987 3550 1514 3607 demonstrationem
1545 3564 1610 3604 ac
1636 3549 2038 3606 ostensionem.

465 3646 698 3714 Quando
741 3645 961 3717 quidem
1027 3658 1128 3699 nos
1177 3657 1397 3714 quoque
1425 3658 1492 3699 ex
1522 3642 1677 3697 vultu
1704 3657 1913 3712 oreque
1942 3656 2041 3713 pa-

465 3740 575 3793 lam
631 3736 1029 3809 dignoscimur.
1092 3734 1196 3790 Per
1251 3749 1471 3801 manus,
1537 3733 1812 3789 actionem
1868 3732 2043 3799 illam,

466 3847 575 3904 qua
603 3845 770 3901 opera
801 3843 899 3886 sua
922 3826 1185 3885 absolvit.
1224 3827 1364 3882 Nam
1398 3840 1501 3881 nos
1539 3825 1709 3881 etiam
1741 3823 2043 3879 utilissima

466 3939 700 3996 quasque
728 3930 782 3978 et
817 3919 1277 3993 praestantissima
1329 3931 1498 3988 opera
1534 3916 1748 3972 nostris
1781 3913 2047 3970 manibus

465 4017 752 4074 emeimus.
779 4013 883 4070 Per
910 4014 1212 4079 dexteram,
1248 4010 1427 4082 ipsius
1464 4011 1521 4065 in
1572 4009 1739 4065 rebus
1782 4007 2044 4066 secundis

465 4126 626 4182 opem
665 4118 722 4165 et
753 4108 1059 4171 auxilium;
1102 4121 1172 4161 ex
1196 4119 1263 4161 eo
1298 4118 1495 4174 nempe
1526 4102 1677 4174 quod
1710 4116 1812 4159 nos
1860 4102 1917 4157 in
1953 4116 2043 4156 re-

466 4202 571 4257 bus
640 4198 1069 4270 insignioribus,
1120 4210 1357 4267 quaeque
1442 4193 1751 4260 plurimum
1822 4191 2046 4247 roboris

467 4289 779 4360 requirunt,
819 4287 1015 4342 dextra
1080 4284 1266 4355 potius
1318 4282 1533 4337 utimur
1583 4295 1773 4335 manu.
1830 4277 1934 4335 Per
1964 4288 2047 4333 ta-

2170 3198 2251 3264 ξίν
2281 3213 2343 3251 τε
2371 3198 2465 3251 καὶ
2517 3195 2911 3265 ἐμφάνειαν,ὲκ
2958 3191 3054 3246 τοῦ
3106 3192 3206 3261 τὴν
3234 3189 3513 3261 ἡμετέραν
3547 3189 3729 3259 ὲμφά-

2169 3305 2319 3344 νειαν
2336 3288 2427 3342 διὰ
2457 3284 2750 3360 προσώπου
2781 3284 3261 3354 γίνεσθαι.Χεῖρας
3292 3281 3372 3347 δὲ,
3418 3281 3480 3333 τὸ
3512 3283 3731 3335 ἀνυστι-

2144 3367 2242 3422 κὺν
2265 3365 2369 3438 τῆς
2387 3366 2670 3437 ἐνεργείας
2696 3366 2893 3423 αὐτοῦ.
2905 3367 3017 3421 Καὶ
3043 3368 3153 3438 γὰρ
3182 3367 3346 3436 ἡμεῖς
3374 3365 3443 3418 τά
3467 3365 3735 3435 χρειώδη»

2146 3457 2244 3513 κα).
2274 3458 2509 3528 μάλιστα
2540 3458 2845 3531 τιμιώτερα
2869 3457 2960 3512 διὰ
3006 3458 3117 3512 τῶν
3149 3456 3373 3511 οἰκείων
3432 3457 3735 3529 κατορθοῦ-

2149 3566 2250 3621 μεν
2275 3548 2495 3620 χειρῶν.
2540 3550 2733 3617 Δεξιάν
2782 3550 2867 3615 δὲ,
2913 3549 3014 3622 τὴν
3039 3550 3134 3604 ὲπί
3164 3553 3278 3614 τοῖς
3324 3549 3524 3615 αἰσίοις
3558 3551 3729 3607 αὑτοῦ

2146 3641 2424 3713 βοήθειαν,
2445 3643 2511 3696 ὲκ
2535 3640 2631 3696 τοῦ
2659 3642 2757 3697 καὶ
2779 3642 2931 3713 ἡμᾶς
2963 3642 3165 3712 μᾶλλον
3189 3642 3282 3694 ἐπὶ
3300 3641 3410 3695 τῶν
3451 3642 3733 3713 εὐσχημοσ

2143 3735 2341 3804 τέρων,
2373 3735 2469 3789 καὶ
2496 3735 2868 3806 τιμιωτέρων,
2909 3735 3007 3788 καὶ
3028 3734 3288 3805 πλείστης
3324 3731 3509 3805 ἰσχύος
3536 3734 3730 3805 δεομέ-

2146 3838 2254 3876 νων
2282 3824 2349 3893 τῇ
2380 3821 2533 3894 δεξιᾷ
2558 3823 2887 3894 κεχρῆσθαι.
2918 3822 3254 3893 Ψηλάφησιν
3278 3822 3356 3887 δὲ,
3384 3822 3487 3895 τὴν
3507 3823 3731 3894 ἀκρισεο

2148 3912 2348 3984 στέραν
2379 3912 2569 3978 αὐτοῦ,
2598 3916 2693 3969 καὶ
2722 3914 2821 3987 τὴν
2850 3915 2972 3969 λίαν
2999 3915 3214 3970 λεπτῶν
3238 3933 3320 3980 τε,
3350 3917 3448 3970 καὶ
3472 3916 3730 3988 κρυπτῶν

2145 4003 2438 4073 διάγνωσίν
2463 4021 2543 4071 τε,
2581 4007 2679 4061 καὶ
2722 4006 3030 4078 εἴσπραξιν,
3060 4008 3127 4062 ἔκ
3164 4006 3259 4060 τοῦ
3302 4009 3433 4080 παρ’
3466 4010 3601 4079 ἡμῖν
3655 4008 3731 4080 μὴ

2146 4095 2409 4150 δύνασθαι
2425 4097 2553 4160 τοὺς
2580 4096 3021 4169 ψηλαφωμένους
3046 4098 3104 4151 δν
3127 4098 3344 4162 ἑαυτοῖς
3366 4117 3420 4152 τι
3443 4099 3729 4170 κρύπτειν.

2148 4186 2324 4250 Πόδας
2341 4187 2399 4241 δὲ
2430 4188 2525 4242 καὶ
2557 4188 2789 4259 βάδισιν,
2821 4190 2922 4260 τὴν
2942 4190 3079 4265 πρὸς
3115 4191 3440 4261 ἐπικουρίαν
3474 4189 3584 4244 τῶν
3614 4191 3733 4245 δεο-

2149 4277 2352 4347 μένων,
2403 4278 2437 4350 ή
2488 4279 2701 4350 ἐχθρῶν
2742 4281 2976 4351 ἄμυναν,
3033 4280 3275 4353 ἢάλλην
3311 4280 3438 4335 τινὰ
3500 4280 3724 4353 πρᾶξιν,

467 4391 641 4445 ctum,
675 4379 1045 4436 certissimam
1096 4374 1273 4446 ipsius
1316 4371 1819 4428 minutissimarum
1854 4384 1921 4424 ac
1954 4384 2039 4424 oc-

2152 4368 2359 4424 D.suciv
2390 4388 2472 4438 τε,
2505 4372 2601 4427 καὶ
2631 4373 2957 4445 παρουσίαν,
2981 4371 3048 4427 εκ
3084 4372 3180 4427 τοῦ
3213 4375 3344 4444 παρ’
3367 4374 3611 4445 ἡμῖνδιά
3634 4374 3735 4445 τῆς

467 4471 904 4530 eultissimarum
964 4480 1149 4524 rerum
1201 4464 1645 4536 explorationem
1685 4470 1741 4518 et
1795 4462 2047 4518 exactio-

468 4576 642 4618 nem:
702 4558 776 4615 ob
836 4557 893 4613 id
940 4557 1176 4624 scilicet,
1256 4553 1404 4626 quod
1462 4554 1542 4608 illi
1601 4567 1846 4625 quoque,
1904 4567 2046 4622 quos

469 4659 904 4715 contrectamus,
957 4648 1097 4703 nihil
1142 4648 1199 4703 in
1230 4663 1291 4704 se
1340 4648 1625 4702 occultare
1674 4655 1906 4717 queant.
1941 4646 2046 4703 Per

469 4742 638 4812 pedes
670 4751 724 4796 et
752 4739 1147 4804 incessionem,
1182 4736 1484 4793 adventum
1515 4736 1692 4807 ipsius
1721 4745 1776 4793 et
1806 4752 2046 4807 praesen-

469 4836 626 4897 tiam,
683 4832 767 4888 vel
813 4832 881 4886 ad
933 4845 1093 4901 opem
1142 4829 1433 4903 egentibus
1484 4827 1791 4896 ferendam,
1846 4829 1932 4885 vel
1979 4827 2050 4885 ad

470 4928 661 4984 hostes
698 4924 1068 4989 ulciscendas,
1097 4924 1183 4980 vel
1239 4922 1307 4978 ad
1339 4938 1454 4979 rem
1501 4922 1668 4977 aliam
1701 4922 2000 4994 gerendam
2032 4941 2048 4978 :

470 5018 618 5091 quod
669 5017 933 5072 nimirum
966 5016 1126 5071 nobis
1159 5029 1382 5085 quoque
1413 5015 1519 5070 hoc
1554 5014 1724 5086 pedes
1766 5021 2053 5086 praestent,

473 5118 533 5162 ut
562 5106 630 5163 ad
666 5107 847 5161 locum
879 5106 1119 5176 aliquem
1164 5104 1576 5174 perveniamus.
1630 5102 1738 5159 Per
1764 5104 2055 5174 jusjuran-

472 5203 624 5263 dum,
678 5198 901 5255 consilii
951 5197 1077 5268 ejus
1119 5195 1626 5251 immutabilitatem
1661 5216 1678 5251 :
1729 5196 1882 5267 quod
1907 5194 2053 5267 apud

475 5310 576 5350 nos
631 5291 964 5363 interposito
990 5289 1354 5360 jurejurando
1394 5299 1582 5342 mutua
1629 5298 1789 5359 pacta
1834 5288 2058 5342 ﬁrmen-

472 5396 584 5441 tur.
630 5384 735 5441 Per
794 5384 934 5439 iram
988 5390 1043 5439 et
1091 5381 1354 5447 furorem,
1414 5380 1687 5436 infensam
1747 5380 1868 5450 ejus
1925 5394 2055 5449 erga

475 5475 743 5530 malitiam
786 5474 1133 5529 voluntatem
1183 5486 1247 5526 ac
1305 5469 1517 5533 odium,
1570 5465 1706 5521 Nam
1756 5476 1810 5522 et
1839 5482 1938 5523 nos
1991 5481 2054 5521 ca

475 5578 597 5631 qua:
628 5577 755 5617 cum
806 5561 1093 5618 voluntate
1135 5564 1192 5615 et
1230 5556 1501 5613 sententia
1560 5564 1748 5610 nostra
1802 5560 2053 5624 pugnant

475 5654 603 5711 odio
626 5654 909 5721 habentes,
941 5653 996 5710 in
1034 5652 1171 5709 iram
1206 5647 1649 5722 prorumpimus.
1769 5645 1873 5701 Per
1911 5645 2055 5702 obli-

2146 4461 2256 4547 τῶν
2283 4462 2459 4517 ποδῶν
2478 4464 2730 4535 χρήσεως
2750 4464 3137 4521 ἀποτελεῖσθαι
3164 4464 3271 4534 τὴν
3288 4465 3496 4534 ἄφιξιν..
3524 4466 3739 4537 Ὅρκον

2145 4553 2225 4616 δὲ,
2259 4553 2320 4607 τὸ
2357 4554 2696 4626 ἀμετάθετον
2741 4555 2844 4626 τῆς
2898 4554 3096 4627 βουλῆς
3125 4555 3315 4618 αὑτοῦ,
3367 4558 3434 4611 ἐκ
3468 4557 3568 4611 τοῦ
3600 4559 3736 4627 παρ’

2146 4645 2280 4714 ἡμῖν
2317 4645 2385 4699 δι’
2429 4646 2596 4717 ὅρκου
2622 4646 2722 4711 τὰς
2759 4647 2897 4718 πρὸς
2928 4647 3194 4718 ἀλλήλους
3219 4647 3573 4718 βεΰαιοῦσθαι
3603 4665 3733 4702 συν-

2147 4737 2341 4808 θήκας.
2413 4738 2614 4811 Ὀργὴν
2650 4739 2709 4793 δὲ
2738 4740 2834 4795 καὶ
2879 4739 3075 4811 θυμὸν.
3109 4739 3208 4811 τὴν
3248 4739 3386 4811 πρὸς
3408 4741 3512 4811 τὴν
3537 4741 3735 4795 κακίαν

2148 4827 2450 4899 ἀπέχθειάν
2500 4846 2563 4884 τε
2614 4829 2710 4884 καὶ
2737 4830 3116 4901 ἀποστροφήν.
3164 4829 3273 4884 Καὶ
3301 4829 3414 4902 γὰρ
3468 4832 3635 4902 ἡμεῖς
3667 4830 3739 4883 τὰ

2148 4920 2369 4975 ἐναντία
2405 4921 2506 4991 τῆς
2549 4918 2778 4991 γνώμης
2823 4920 3110 4992 μισοῦντες
3139 4919 3497 4991 ὀργιζόμεθα.
3550 4920 3738 4991 Λήθην

2148 5011 2229 5075 δὲ,
2258 5011 2353 5065 καὶ
2414 5010 2605 5076 ὕπνον,
2643 5012 2739 5065 καὶ
2786 5011 3120 5083 νυσταγμδν,
3168 5012 3268 5082 τὴν
3313 5011 3613 5083 ὑπέρθεσιν
3638 5012 3745 5082 τῆς

2151 5103 2261 5157 τῶν
2293 5103 2506 5176 ἐχθρῶν
2557 5102 2797 5173 ἀμύνης,
2832 5102 2929 5157 καὶ
2973 5102 3075 5173 τὴν
3130 5102 3236 5173 τῆς
3284 5102 3553 5172 συνήθους
3603 5101 3742 5173 πρὸς

2154 5196 2281 5259 τοὺς
2312 5196 2549 5257 οἰκείους
2589 5195 2841 5267 βοηθείας
2894 5195 3169 5266 ἀναϐολήν
3187 5210 3202 5227 ⁶
3232 5196 3330 5249 καὶ
3352 5194 3541 5257 ἁπλῶς
3566 5195 3743 5247 εἰπεῖν

2155 5288 2338 5341 πάντα
2368 5287 2438 5341 τὰ
2471 5287 2802 5358 σωματικῶς
2827 5286 3098 5359 εἰρημένα
3119 5287 3212 5340 ὲπί
3236 5284 3395 5351 Θεοῦ,
3425 5283 3743 5355 κεκρυμμέ-

2154 5395 2254 5449 νην
2285 5378 2397 5448 ἔχει
2433 5378 2557 5431 τινὰ
2602 5377 2836 5445 ἔννοιαν,
2877 5379 2943 5432 ὲκ
2971 5378 3079 5431 τῶν
3140 5376 3262 5431 καθ’
3291 5378 3441 5448 ἡμᾶς
3484 5376 3553 5430 τὰ
3600 5376 3744 5447 ὑπὲρ

2154 5471 2304 5540 ἡμᾶς
2354 5470 2799 5537 ἑκδιδάσκουσαν,
2852 5470 2902 5523 εί
2934 5470 3009 5541 μή
3047 5486 3101 5523 τι
3129 5470 3380 5540 περὶτῆς
3423 5468 3747 5538 σωματικῆς

2161 5561 2254 5613 τοῦ
2287 5560 2424 5615 Θεοῦ
2457 5561 2634 5629 Λόγου
2659 5561 2956 5633 ἐπιδημίας
2986 5561 3221 5632 εἴρηται.
3241 5560 3412 5623 Αὐτὸς
3435 5559 3542 5631 γὰρ
3567 5560 3745 5613 πάντα

2164 5654 2253 5709 τὸν
2283 5653 2567 5720 ἄνθρωπον
2600 5656 2645 5689 ⁸·
2678 5653 2772 5708 διὰ
2801 5655 2904 5723 τὴν.
2935 5654 3213 5721 ἡμετέραν
3252 5652 3531 5716 σωτηρίαν
3562 5651 3747 5706 ἀνεδέ-
