4094 6286
465 313 573 380 155
1627 343 1630 346 ~
1692 305 2054 368 EUTHYMi,

2152 300 2448 364 ιΙοΑΒΕΝ
2455 301 2482 359 Ι
3623 290 3728 354 156

453 421 670 508 lubique
701 420 896 476 eodem
949 429 1194 490 tempore
1231 419 1380 474 varie
1427 417 1535 489 agit
1582 433 1687 474 una
1728 427 1782 472 et
1816 416 2047 486 simplici

2155 415 2403 486 περιέχει
2439 411 2599 476 αὐτὸ,
2642 408 2832 478 ὥσπερ
2883 404 2994 476 πῦρ
3046 405 3281 475 σίδηρον.
3327 403 3440 460 Καὶ
3483 403 3542 456 ὲν
3575 398 3730 471 αὐτῷ

454 499 707 582 factione.
750 515 818 566 At
845 512 1060 566 animus
1083 511 1301 580 corpori
1350 510 1636 566 devinetus
1669 521 1771 573 est,
1813 518 1868 563 et
1905 517 2049 565 totus

2158 508 2295 568 οὖσα
2325 505 2423 569 τὰς
2455 505 2661 566 οἰκείας
2689 501 2970 568 ἐνεργείας
3004 499 3239 567 ἐνεργεῖ.

455 607 569 662 ἰοιῑ
619 604 966 673 coniunctus,
1016 621 1123 659 non
1171 613 1351 658 autem
1404 617 1529 671 pars
1589 602 1734 670 parti
1802 603 2106 671 copulatus,
2152 617 2256 655 nec
2303 599 2616 656 continetur
2658 613 2690 652 ε
2758 609 3004 664 corpore,
3066 595 3159 648 sed
3223 594 3399 663 ipsum
3463 593 3704 648 continet

471 709 534 754 ut
563 699 702 770 ignis
730 697 956 752 ferrum.
1001 697 1064 752 Ει
1089 698 1142 752 in
1182 697 1300 765 ipso
1351 711 1576 750 manens
1624 696 1870 751 actiones
1919 695 2163 764 proprias
2210 689 2544 760 exsequitur.

1055 851 1060 855 Δ
1139 790 1415 860 Ejusdem.

549 885 630 949 1d,
689 884 833 953 quod
891 881 1364 946 circumscriptum
1431 890 1532 945 est,
1597 888 1691 933 aut
1743 881 1890 945 loco,
1960 887 2054 935 aut

473 985 743 1045 tempore,
799 985 894 1029 aut
953 973 1444 1043 comprehensione
1503 973 1836 1029 continetur.
1897 971 2052 1038 Quod

474 1073 654 1119 autem
689 1081 795 1117 non
832 1072 917 1118 est
946 1064 1421 1131 circumscriptum
1471 1062 1665 1116 horum
1715 1059 1864 1113 nullo
1903 1073 2052 1112 com-

475 1154 854 1221 prehenditur.
895 1151 1053 1207 Solus
1101 1152 1265 1222 igitur
1314 1152 1459 1204 Deus
1531 1163 1642 1205 Iron
1690 1159 1775 1204 est
1821 1149 2056 1203 circum-

474 1245 728 1313 Scriptus,
758 1245 957 1314 quippe
1031 1245 1120 1312 qui
1197 1243 1521 1313 principium
1587 1243 1859 1309 ﬁnemque
1934 1255 2048 1293 non

475 1337 662 1399 habet,
693 1345 746 1389 et
777 1335 956 1388 omnia
987 1338 1254 1397 continet,
1294 1347 1347 1390 et
1386 1333 1532 1388 nulla
1559 1330 2055 1402 comprehensione

474 1427 806 1480 continetur.
884 1426 1043 1480 Solus
1107 1427 1252 1479 enim
1329 1440 1432 1480 nec
1484 1424 1894 1494 comprehendi,
1951 1438 2055 1478 nec

381 1500 383 1503 V
475 1516 711 1580 deﬁniri,
752 1531 852 1570 nec
900 1516 970 1570 ab
1005 1517 1115 1570 ullo
1143 1515 1396 1586 cognosci
1443 1524 1638 1583 potest.
1689 1514 1784 1569 sed
1839 1513 1953 1582 ipse
1996 1527 2057 1568 se

475 1606 623 1660 solus
671 1607 844 1660 novit.
909 1607 1144 1676 Angelus
1193 1621 1320 1660 vero
1388 1615 1442 1659 et
1478 1616 1750 1674 ,tempore
1819 1603 2052 1659 circum-

475 1696 756 1761 scribitur,
799 1712 924 1750 nam
960 1712 1084 1752 esse
1119 1697 1302 1766 erepit,
1351 1705 1402 1750 et
1438 1697 1580 1762 loco,
1616 1696 1764 1758 licet,
1809 1705 1868 1749 ut
1917 1694 2056 1749 dixi-

475 1801 622 1853 mus,
672 1788 1022 1859 intelligibili,
1058 1798 1113 1843 et
1161 1789 1668 1857 comprehensione.
1720 1785 1854 1840 Nam
1900 1792 1953 1840 et
2001 1799 2060 1840 se

476 1887 670 1933 mutuo
720 1879 894 1950 angeli
945 1879 1124 1948 aliqua
1182 1896 1249 1935 ex
1289 1890 1440 1949 parte
1486 1878 1808 1932 naturaliter
1861 1890 2062 1946 cogno-

476 1980 659 2036 scunt,
690 1981 746 2025 et
773 1988 801 2024 a
833 1981 1175 2040 procreatore
1222 1972 1457 2042 perfecte
1505 1967 2062 2039 comprehenduntur.

2763 780 2874 834 Τοῦ
2905 779 3114 834 αὐτοῦ.

2231 877 2615 951 Περιγραπτὸν
2647 875 2747 945 μέν
2789 875 2903 929 ἐστι
2925 874 2987 928 τὸ
3017 874 3222 946 τόπῳῆ
3263 874 3444 946 χρόνῳ
3491 876 3524 945 ἢ
3566 893 3737 930 κατα-

2153 968 2315 1038 λήψει
2367 964 2910 1038 περιλαμϐανόμενον
2935 976 2952 994 ⁸
2993 962 3410 1033 ἀπερίγραπτον
3443 963 3500 1016 δὲ
3530 965 3589 1016 τὸ
3629 982 3738 1034 μη-

2156 1059 2270 1112 δενὶ
2309 1056 2516 1111 τούτων
2564 1056 2981 1126 περιεχόμενον.
3023 1053 3470 1124 Ἀπερίγραπτον
3503 1057 3603 1126 μὲν
3637 1054 3737 1110 οὖν

2157 1149 2319 1218 μόνον
2368 1149 2486 1202 ἐστὶ
2537 1147 2598 1201 τὸ
2623 1147 2798 1214 Θεῖον,
2836 1147 3072 1218 ἄναρχον
3101 1145 3166 1202 ὃν
3214 1147 3309 1202 καὶ
3347 1147 3733 1214 ἀτελεύτητον,

2156 1242 2250 1296 καὶ
2281 1242 2460 1296 πάντα
2489 1241 2766 1312 περιέχον,
2794 1243 2889 1294 καὶ
2921 1240 3167 1310 μηδεμιᾷ
3204 1240 3512 1310 καταλήψει
3571 1259 3736 1311 περι-

2160 1331 2440 1400 εχόμενονο
2461 1330 2620 1399 μόνον
2637 1329 2746 1401 γάρ
2772 1330 2919 1382 ἐστιν
2939 1330 3323 1398 ἀκατάληπτον
3343 1332 3436 1383 καὶ
3459 1331 3735 1401 ἀόριστον,

2164 1422 2256 1476 ὐπ’
2309 1421 2520 1484 οὐδενὸς
2591 1421 3018 1490 γινωσκόμενον,
3052 1421 3184 1474 αὐτὸ
3229 1421 3290 1474 ,δὲ
3338 1423 3500 1489 μόνον
3537 1424 3737 1476 ἑαυτοῦ

2166 1514 2505 1584 Θεωρητικόν
2527 1529 2542 1546 ο
2567 1514 2593 1566 ὁ
2622 1513 2680 1567 δὲ
2709 1513 2940 1582 ἄγγελος
2966 1515 3058 1568 καὶ
3089 1514 3267 1584 χρόνῳ
3304 1514 3737 1584 περιγράφεται,

2165 1602 2370 1672 ἤρξατο
2397 1603 2506 1672 γὰρ
2532 1602 2627 1655 τοῦ
2661 1599 2820 1664 εἶναι,
2857 1603 2948 1655 καὶ
2975 1603 3145 1670 τόπῳ,
3175 1605 3225 1653 εἰ
3264 1603 3356 1654 καὶ
3406 1603 3632 1670 νοητῶς,
3662 1603 3740 1668 ὡς

2165 1693 2522 1765 προείπομεν,
2561 1693 2656 1746 καὶ
2696 1692 3039 1761 καταλήψει·
3075 1692 3169 1745 καὶ
3197 1691 3441 1761 ἀλλήλων
3489 1695 3598 1764 γὰρ
3640 1696 3739 1764 τὴν

2168 1785 2331 1852 φύσιν
2365 1786 2512 1838 ἴσασι
2550 1785 2754 1850 ποσῶς,
2788 1785 2882 1837 καὶ
2913 1785 3016 1838 ὑπὸ
3055 1782 3149 1836 τοῦ
3197 1784 3417 1837 κτίστου
3461 1785 3741 1856 ὁρίζονται

2164 1877 2348 1929 τέλεον
2380 1893 2394 1909 ο
2424 1879 2494 1931 τὰ
2516 1879 2571 1930 δὲ
2602 1876 2833 1946 σώματα
2865 1876 2960 1932 καὶ
2982 1877 3148 1947 ἀρχῇ,
3199 1877 3292 1930 καὶ
3335 1879 3501 1944 τέλει,
3535 1879 3627 1930 καὶ
3654 1879 3739 1932 τό·

2169 1983 2253 2032 πῳ
2296 1967 2616 2035 σωματικῷ,
2660 1970 2752 2021 καὶ
2787 1966 3106 2034 καταλήψει.

476 2064 716 2134 Lorporu
746 2075 928 2120 autem
961 2076 1016 2120 et
1065 2067 1354 2137 principio,
1388 2075 1443 2120 et
1489 2067 1618 2133 fine,
1648 2075 1702 2121 et
1728 2066 1849 2121 loco
1888 2075 2173 2140 corporeo,
2206 2071 2260 2116 et
2294 2063 2783 2132 comprehensione
2814 2071 2942 2118 sunt
2967 2062 3397 2132 circumscripta.

1061 2157 1364 2224 Tl'l‘UL-US
1400 2158 1489 2212 Ν.

2822 2155 3067 2210 ΤΙΤΛΟΣ
3095 2158 3168 2208 Δ’.

477 2247 728 2319 Divjnam
763 2258 1015 2319 naturam
1047 2249 1412 2318 comprehendi
1470 2265 1572 2302 non
1647 2264 1862 2319 posse.__
1881 2247 2054 2319 Magni

2169 2247 2309 2311 Περὶ
2333 2246 2466 2319 μτοῦ
2518 2247 2949 2319 ἀκατάληπτον
2977 2244 3284 2319 alr-anthr
3316 2247 3485 2319 θείαν
3529 2250 3744 2319 φύσιν.

548 2305 1076 2397 ρνεθονξῐΤΙιεοιοςέὶ,
1112 2305 1463 2397 ετξ-,οιςαιῇοηε
1501 2320 1555 2372 in
1605 2305 1742 2372 diem
1807 2305 2064 2372 Natafem

542 2387 756 2441 Domini
788 2389 952 2442 nostri
994 2389 1116 2443 Iesu
1155 2387 1374 2444 Christi.

692 2551 851 2614 Deus,
881 2559 936 2602 et
969 2557 1084 2603 erat
1117 2562 1347 2617 semper,
1390 2557 1446 2602 et
1477 2556 1580 2612 est,
1635 2557 1692 2601 et
1727 2548 1831 2600 erit
1865 2565 1878 2602 :
1934 2547 2042 2611 vel,

466 2651 530 2698 ut
555 2641 752 2695 rectius
783 2642 988 2708 loquar,
1049 2651 1263 2705 semper
1311 2647 1408 2691 est.
1465 2635 1599 2690 Nam
1654 2647 1785 2698 erat,
1834 2646 1889 2689 et
1928 2640 2047 2700 erit,

471 2731 640 2786 nostri
682 2729 959 2798 temporis,
1004 2726 1264 2794 fluxznque
1318 2738 1523 2780 natum
1577 2735 1852 2794 segmenta
1902 2734 2050 2780 sunt.

474 2820 569 2875 Ille
595 2828 773 2873 autem
809 2832 1020 2885 semper
1046 2826 1141 2879 εει,
1167 2826 1327 2883 atque
1369 2815 1468 2871 hoc
1499 2816 1657 2870 modo
1685 2815 1918 2880 seipsum
1955 2827 2050 2870 no:

474 2911 664 2976 minat,
690 2925 811 2964 cum
857 2909 908 2962 in
946 2917 1124 2961 monte
1173 2905 1339 2976 Moysi
1373 2905 1646 2960 oraculum
1679 2905 1788 2958 edit
1825 2903 1868 2957 ’.
1921 2901 2052 2957 Uni-

479 3015 689 3055 versum
719 2999 866 3051 enim
908 2998 982 3062 id,
1011 2997 1150 3064 quod
1190 3007 1293 3062 est,
1332 2997 1382 3049 in
1431 3010 1489 3050 se
1522 2995 1918 3065 complectitur,
1955 3007 2052 3048 nec

477 3089 796 3159 principium
826 3087 1029 3140 habens
1050 3127 1068 3153 ,
1160 3102 1261 3146 nec

475 3188 534 3231 ut
578 3179 798 3248 pelagus
835 3177 1102 3246 quoddam
1129 3176 1377 3231 essentice
1423 3175 1744 3232 immensum
1771 3184 1828 3228 et
1877 3174 2044 3236 inter-

477 3269 763 3332 minatum,
798 3283 1034 3331 omnem,
1065 3277 1174 3321 tum
1228 3266 1504 3334 temporis,
1545 3275 1652 3318 tum
1710 3274 1914 3319 naturae
1962 3280 2053 3319 co-

477 3357 790 3423 gitationem
829 3371 1124 3424 superans;
1175 3366 1353 3409 mente
1379 3356 1490 3409 sola
1518 3355 1864 3418 adumbratus
1901 3355 1970 3419 is,
1999 3364 2054 3409 et

478 3446 697 3514 quidem
727 3446 1022 3514 perexigue
1047 3460 1110 3502 ac
1147 3445 1492 3512 perobscure,
1532 3459 1636 3498 non
1667 3459 1728 3497 ex
1755 3444 1839 3500 his
1861 3459 1976 3511 qua
1998 3444 2056 3498 in

479 3537 596 3603 ipso
619 3543 765 3598 sunt,
793 3534 885 3588 sed
909 3549 1027 3603 quae
1054 3538 1196 3590 circa
1228 3536 1398 3602 ipsum
1425 3551 1440 3588 :
1470 3533 1574 3588 alia
1602 3547 1666 3598 ex
1691 3534 1798 3596 alio
1832 3533 2056 3589 collecta

475 3629 655 3694 specie
716 3628 780 3680 ad
829 3643 990 3680 unum
1046 3628 1314 3695 quoddam
1369 3628 1611 3690 veritatis
1671 3628 2056 3695 simulacrum,

478 3719 789 3786 priusquam
827 3727 1095 3781 teneatur,
1129 3717 1410 3788 effugiens,
1445 3728 1500 3774 ct
1547 3720 1860 3787 priusquam
1898 3719 2056 3774 intel-

478 3809 615 3864 lectu
645 3808 990 3877 percipiatur,
1019 3823 1078 3864 se
1099 3810 1271 3874 ipsum
1295 3807 1415 3878 fuga
1447 3810 1746 3879 proripiens
1778 3826 1794 3866 :
1825 3819 2038 3864 tantum

484 3899 780 3969 principem
813 3899 982 3954 nostri
1031 3910 1261 3967 partem,
1288 3913 1516 3968 eamque
1573 3916 1603 3954 a
1652 3902 1903 3963 vitiorum
1935 3899 2055 3956 labe

477 3999 780 4059 purgatam,
842 3987 1184 4055 collustrans,
1243 4001 1502 4058 quantum
1556 3992 1831 4048 oculorum
1884 3993 2054 4062 aciem

477 4079 704 4148 fulguris
740 4079 991 4136 celeritas
1030 4079 1253 4144 minime,
1295 4081 1664 4140 consistentis.
1687 4082 1808 4150 ,llpc
1847 4092 2056 4146 autem,

477 4184 596 4223 mea
629 4169 842 4236 quidem
867 4169 1155 4232 sententia,
1181 4169 1379 4228 ideirco
1421 4171 1502 4236 ﬁt,
1537 4180 1593 4224 ut
1619 4181 1883 4238 quatenus
1905 4185 2053 4226 com-

488 4259 746 4328 prehendi
779 4267 976 4326 potest,
1013 4273 1110 4318 nos
1152 4258 1220 4310 ad
1255 4272 1314 4314 se
1347 4261 1524 4312 trahat
1565 4258 1728 4328 (quod
1757 4259 1901 4326 enim
1931 4273 2055 4331 per-

477 4349 582 4415 cipi
611 4349 832 4416 omnino
871 4348 1077 4416 nequit,
1127 4348 1180 4402 id
1231 4363 1332 4404 nec
1385 4357 1566 4417 Sperat
1603 4349 1908 4418 quisquam,
1951 4354 2120 4410 neeD
2153 4371 2280 4421 ται,

479 4438 694 4509 assequi
727 4435 1007 4507 conatur);
1052 4449 1326 4508 quatenus.
1349 4451 1527 4494 autem
1559 4440 1676 4507 capi
1712 4455 1820 4498 non
1852 4449 2048 4510 potest,

478 4528 890 4602 :ulmirationem
919 4527 1002 4582 sui
1024 4530 1247 4595 excitet,
1266 4539 1427 4598 atque
1455 4544 1524 4584 ex
1552 4531 1663 4600 ipsa
1691 4530 2060 4602 admiratione;

481 4618 853 4686 vehementius
883 4627 1190 4686 expetatur,
1247 4619 1514 4688 expetitus
1554 4629 1766 4688 purget,
1819 4635 2062 4690 purgans.

478 4720 657 4764 autem
683 4709 892 4770 divinos
945 4707 1159 4772 elliciat,
1208 4709 1446 4777 talesque
1493 4724 1618 4764 cum
1667 4709 1858 4763 redditi
1903 4719 2062 4777 sunt,,

476 4816 598 4852 cum
632 4801 697 4854 iis
722 4800 856 4868 jam,
883 4801 1030 4858 velut
1054 4813 1174 4854 cum
1205 4799 1582 4867 familiaribus,
1605 4800 2046 4858 consuetudinem

483 4891 681 4944 habeat
712 4889 916 4960 (metuo
944 4906 1012 4958 ne
1041 4891 1142 4945 hoc
1168 4890 1424 4950 audacius
1469 4906 1497 4942 a
1532 4905 1616 4946 me
1656 4891 1856 4956 dictum
1882 4891 2064 4950 videri.

482 4977 695 5047 possit),
732 4979 872 5032 Dens
906 4981 1008 5036 diis
1034 4982 1214 5044 unitos
1240 4989 1294 5036 et
1317 4979 1581 5050 cognitus,
1613 4995 1680 5034 ac
1707 4988 1912 5032 tantum
1942 4977 2052 5034 for-

489 5079 650 5134 tasse,
679 5078 940 5137 quantum
965 5071 1075 5139 jam
1112 5085 1230 5137 eos.
1261 5071 1354 5140 qni
1390 5070 1490 5140 ipsi
1523 5070 1633 5132 noti
1671 5078 1816 5138 sunt,
1850 5084 2061 5140 cogno-a

481 5166 608 5213 sctt.
648 5155 948 5212 lmmensus
980 5159 1140 5228 igitur
1167 5171 1223 5222 et
1255 5163 1518 5226 infinitus
1545 5176 1628 5220 est
1665 5166 1824 5230 Deus,
1883 5177 1936 5223 et
1991 5167 2061 5224 ad

479 5247 955 5317 eontemplandum
983 5247 1209 5306 difﬁcilis
1247 5269 1262 5305 :
1300 5261 1460 5321 atque
1492 5254 1592 5316 hoc
1634 5256 1804 5320 solum
1833 5260 2054 5316 omnino

1385 3087 1543 3140 linem
1578 3084 1907 3146 habiturum,
1937 3080 2048 3138 νει·
2075 3088 2118 3150 C
2149 3103 2311 3159 μενον
2332 3127 2346 3151 ,

2240 2315 2359 2386 Τοῦ
2402 2318 2672 2385 μεγάλου
2693 2318 3024 2386 Γρηγορίου
3055 2315 3161 2370 τοῦ
3195 2315 3613 2384 Θεο.ιόγου,’ἐκ
3637 2322 3742 2375 τοῦ

2233 2385 2443 2458 λόγουί
2474 2387 2582 2440 τοῦ
2623 2388 2812 2458 είςᾼντὰ
2836 2385 3118 2457 γενέθλια
3153 2386 3260 2439 τοῦ
3310 2388 3529 2454 Κυρίου
3573 2390 3742 2458 ἡμῶν

2250 2457 2456 2522 Ἰησοῦ
2483 2456 2766 2523 Χριστοῦ.

2334 2545 2466 2609 Θεὸς
2498 2543 2568 2616 ἦν
2611 2547 2708 2616 μὲν
2739 2547 2848 2612 ἀεὶ,
2879 2551 2975 2604 καὶ
3009 2550 3144 2612 ἔστι,
3185 2551 3278 2602 καὶ
3305 2550 3489 2603 ἔσται*
3527 2554 3732 2621 μᾶλλον

2146 2635 2205 2690 δὲ
2233 2636 2406 2689 ἐστιν
2429 2636 2535 2689 ἀεί.
2571 2636 2644 2688 Τὸ
2668 2636 2776 2707 γὰρ
2804 2634 2901 2707 ἦν,
2937 2641 3030 2693 καὶ
3055 2641 3248 2705 ἔσται,
3282 2640 3376 2693 τοῦ
3423 2642 3546 2694 καθ’
3577 2646 3730 2713 ἡμᾶς

2148 2725 2342 2796 χρόνου
2373 2727 2660 2796 τμήματα,
2690 2727 2784 2778 καὶ
2821 2728 2924 2797 τῆς
2955 2729 3188 2798 ῥευστῆς
3217 2730 3433 2798 φύσεως
3452 2749 3467 2763 σ
3495 2735 3529 2785 ὁ
3559 2733 3615 2785 δὲ
3643 2735 3732 2786 ὢν

2147 2816 2255 2880 ἀεὶ,
2284 2815 2554 2868 καὶτοῦτο
2574 2817 2733 2880 αὐτὸς
2761 2818 2953 2871 ἑαυτὸν
2975 2819 3247 2890 ὀνομάζει,
3264 2821 3340 2890 τῷ
3351 2823 3572 2874 Μωῦσεί
3593 2841 3732 2894 χρη-

2150 2903 2392 2975 ματίζων
2479 2902 2576 2957 ἐπὶ
2640 2904 2736 2958 τοῦ
2773 2905 2952 2977 ὅρους.
2985 2908 3143 2960 Ὅλον
3175 2909 3282 2978 γὰρ
3309 2911 3366 2962 ἐν
3399 2912 3578 2980 ἑαυτῷ
3605 2913 3731 2964 συλ-

2147 2996 2347 3062 λαὸὼν,
2374 2997 2488 3067 ἔχει
2525 2997 2588 3049 τὸ
2619 2994 2779 3061 εἶναι,
2825 3000 2964 3069 μήτε
3008 3000 3333 3070 ἀρξάμενον,
3363 3003 3500 3072 μήτε
3523 3005 3728 3055 παυσό-

2489 3082 2600 3140 οἷόν
2629 3105 2683 3140 τι
2713 3087 2949 3156 πέλαγος
2978 3090 3166 3153 οὐσίας
3196 3091 3422 3160 ἄπειρον
3451 3093 3546 3145 καὶ
3572 3093 3730 3164 ἀόρι-

2145 3195 2293 3244 στον,
2338 3181 2518 3234 πᾶσαν
2557 3181 2964 3251 ὑπερεκπῖπτον
3001 3182 3230 3250 ἔννοιαν,
3275 3184 3371 3236 καὶ
3406 3186 3600 3252 χρόνου
3635 3184 3744 3240 καῖ

2146 3271 2362 3340 φύσεως
2383 3289 2399 3304 ο
2435 3271 2513 3342 νῷ
2544 3271 2692 3341 μόνῳ
2733 3271 3241 3342 σκιαγραφούμενος
3269 3312 3288 3336 ,
3371 3273 3465 3325 καὶ
3567 3270 3736 3322 τοῦτο

2147 3361 2270 3416 λίαν
2299 3360 2560 3432 ἀμυδρῶς
2614 3361 2708 3414 καὶ
2766 3362 3023 3432 μετρίως,
3079 3362 3182 3416 οὐκ
3271 3363 3337 3415 ὲκ
3420 3361 3529 3416 τῶν
3607 3365 3730 3414 κατ’

2147 3450 2329 3518 αὐτὸν,
2351 3451 2467 3505 ἀλλ’
2489 3451 2555 3504 ὲκ
2583 3450 2694 3504 τῶν
2728 3452 2856 3521 περὶ⁵
2889 3451 3073 3515 αὑτὸν,
3109 3452 3277 3521 ἄλλης
3313 3450 3372 3515 ἐξ
3399 3451 3564 3505 ἄλλου
3597 3469 3734 3520 φαν-

2147 3542 2342 3606 τασίας
2370 3542 2787 3613 συλλεγομένης,
2809 3543 2892 3603 εἰς
2913 3543 2974 3596 ἓν
3000 3559 3052 3596 τι
3072 3543 3172 3612 τῆς
3193 3542 3449 3612 ἀληθείας
3473 3543 3726 3612 ἷνδαλμα,

2149 3633 2282 3704 πρὶν
2320 3633 2680 3704 κρατηθῆναι,
2717 3631 2939 3704 φεῦγον,
2961 3634 3070 3688 ,καὶ
3104 3635 3234 3704 πρὶν
3262 3633 3542 3703 νοηθῆναι,
3565 3634 3726 3687 διαδι-

2147 3721 2384 3793 δρᾶσκον
2403 3736 2415 3751 ⁸
2443 3721 2679 3776 τοσαῦτα
2709 3721 3055 3791 περιλάμπον
3091 3723 3250 3792 ἡμῶν
3282 3722 3345 3776 τὸ
3376 3723 3726 3792 ἡγεμονικὸν,

2149 3814 2246 3868 καὶ
2281 3812 2454 3868 ταῦτα
2499 3813 2934 3883 κεκαθαρμένον⁸
2980 3813 3081 3875 ὅσα
3126 3813 3223 3866 καὶ
3268 3813 3389 3882 ὄψιν
3439 3813 3729 3884 ἀστραπῆς

2148 3904 2315 3974 τάχος
2356 3905 2456 3975 οὐχ
2495 3902 2812 3974 ἱσταμένηςι
2857 3901 3013 3973 Ἐμοὶ
3059 3903 3257 3967 δοκεῖν,
3302 3903 3387 3954 ἵνα
3424 3901 3501 3972 τῷ
3539 3900 3730 3972 ληπτῷ

2155 3997 2254 4066 μὲν
2281 3995 2417 4068 ἕλκῃ
2460 3995 2596 4065 πρὸς
2631 3992 2791 4047 ἑαυτὸ
2895 3994 2981 4062 (τὸ
3087 3993 3196 4064 γὰρ
3229 3993 3429 4054 τελέως
3467 3992 3727 4061 ἄληπτον,

2150 4084 2492 4147 ἀνέλπιστον,
2526 4084 2622 4139 καὶ
2657 4083 3120 4153 ἀνεπιχείρητον),
3149 4081 3227 4152 τῷ
3256 4083 3314 4137 δὲ
3343 4082 3572 4152 ἀλήπτῳ
3598 4081 3729 4134 Θαυ-

2155 4175 2414 4246 μάζηται,
2451 4173 2864 4244 θαυμαζόμενον
2900 4173 2957 4226 δὲ
2982 4174 3216 4243 ποθῆται
3244 4173 3424 4236 πλέον,
3454 4171 3727 4242 ποθούμε-

2151 4281 2243 4320 νον
2285 4265 2342 4317 δὲ
2395 4265 2658 4338 καθαίρῃ,
2709 4264 2968 4334 καθαῖρον
3016 4264 3078 4316 δὲ
3123 4263 3373 4326 Θεοειδείς
3408 4263 3727 4335 ἀπεργάζη-

2459 4354 2721 4418 τοιούτοις
2753 4353 2814 4407 δὲ
2857 4353 3192 4423 γενομένοις.
3237 4353 3313 4416 ὡς
3353 4354 3596 4417 οἰκείοις.
3626 4354 3727 4424 ἤδη

2133 4445 2478 4514 προσομιλῇ,
2515 4443 2689 4514 τολμᾷ
2731 4461 2785 4496 τι
2838 4443 3084 4496 νεανικὸν
3130 4444 3158 4495 ὁ
3194 4442 3370 4510 λόγος,
3410 4441 3541 4504 Θεὸς
3587 4441 3729 4504 Θεοῖς

2153 4534 2441 4604 ἑνούμενός
2467 4551 2530 4586 τε
2565 4535 2662 4588 καὶ
2689 4532 3108 4604 γνωριζόμενος,
3149 4533 3243 4591 καὶ
3285 4531 3536 4585 τοσοῦτον
3575 4533 3726 4593 ἴσως,

2153 4627 2277 4680 ὅσον
2309 4627 2408 4700 ἢδη
2438 4625 2695 4695 γινώσκει
2719 4627 2848 4688 τοὺς
2867 4623 3319 4695 γινωσκομένους.
3344 4623 3606 4691 Ἄπειρον
3634 4616 3728 4673 οὖν

2153 4717 2215 4776 τὸ
2247 4715 2387 4770 θεῖον
2421 4716 2512 4774 καὶ
2544 4713 2916 4786 δυσθεώρητον
2943 4730 2956 4742 ·
3005 4712 3102 4767 καὶ
3143 4709 3299 4770 τοῦτο
3343 4709 3516 4780 πάντη
3563 4727 3732 4762 κατα-

2153 4805 2356 4876 ληπτὸν
2383 4805 2548 4858 αὐτοῦ
2599 4806 2780 4876 μόνον,
2814 4806 2847 4876 ὴ
2884 4803 3111 4876 ἀπειρία
3135 4821 3148 4835 ·
3188 4801 3288 4858 κᾶν
3320 4820 3400 4866 τις
3435 4800 3614 4868 οἴηται
3645 4800 3724 4871 τῷ

2153 4896 2335 4966 ἁπλῆς,
2497 4892 2640 4950 εἶναι
2691 4895 2928 4965 φύσεως,
2969 4897 3001 4967 ἢ
3055 4895 3174 4949 ὅλον
3220 4894 3459 4965 ἄληπτον
3492 4888 3652 4956 εἶναι,
3693 4894 3726 4964 ἢ

2150 4987 2596 5058 τελέωςληπτόν.
2641 4988 2706 5042 Τί
2743 4987 2838 5059 γὰ(
2888 4988 2948 5050 ὃς
2985 4987 3163 5059 ἁπλῆς
3199 4989 3316 5040 ἐστι
3347 4985 3580 5055 φύσεως,
3611 4987 3731 5037 ἐπι-

2154 5078 2502 5150 ζητήσωμεν.
2543 5080 2619 5134 Οὐ
2673 5080 2780 5152 γὰρ
2820 5080 2884 5155 δὴ
2927 5078 3087 5132 τοῦτο
3121 5079 3283 5149 φύσις
3321 5077 3468 5148 αὐτῷ
3505 5079 3537 5148 ἡ
3567 5075 3735 5130 ἁπλό-

2159 5186 2258 5239 της
2287 5186 2303 5200 ο
2329 5168 2490 5239 εἰπερ
2522 5165 2657 5241 μηδὲ
2679 5167 2791 5228 τοῖς
2822 5163 3117 5230 συνθέτοις,
3157 5164 3315 5233 μόνον
3341 5161 3401 5214 τὸ
3428 5158 3565 5215 εἶναι
3603 5180 3733 5217 σον-

2159 5262 2354 5330 θέτοις.

487 5341 557 5397 de
590 5342 704 5411 ipso
729 5337 1112 5406 comprehendi
1140 5348 1334 5409 Potest,
1355 5359 1550 5414 nempe
1566 5348 1706 5414 quod
1737 5346 2054 5415 immensus,
2095 5358 2151 5405 et
2215 5350 2466 5406 infinitus.
2501 5351 2574 5406 sit
2603 5369 2616 5404 :
2661 5350 2763 5406 etsi
2811 5349 3077 5419 quispiam
3113 5350 3404 5418 existime.‘,
3433 5364 3576 5413 eum,
3604 5349 3732 5418 quia

484 5436 746 5504 simplicis
775 5443 980 5488 natura
1003 5434 1096 5497 sit,
1131 5433 1391 5490 rationem
1422 5434 1564 5496 hanc
1595 5434 1817 5500 habere,
1849 5445 1929 5503 ut,
1952 5437 2040 5492 vel
2069 5453 2293 5508 prorsus
2320 5440 2881 5508 incomprehensibilis
2905 5442 2998 5505 sit,
3024 5441 3105 5496 vel
3145 5456 3370 5510 prorsus
3397 5457 3458 5496 ac
3494 5439 3735 5510 perfecte

487 5527 865 5596 comprehendi
902 5535 1080 5596 queat.
1112 5526 1248 5592 Quid
1272 5527 1413 5586 enim
1439 5526 1525 5582 ille
1546 5527 1645 5596 sit,
1666 5528 1757 5597 qui
1781 5538 2028 5586 naturam
2058 5532 2353 5604 simplicem
2376 5534 2567 5600 habet,
2600 5535 2966 5605 exquiramus.
3010 5535 3192 5607 Neque
3227 5537 3369 5592 enim
3406 5536 3726 5606 simplicitas

489 5620 562 5675 illi
597 5629 784 5703 natura
811 5632 892 5678 est
924 5639 938 5675 :
975 5619 1404 5689 quandoquidem
1434 5633 1531 5677 nec
1562 5620 1874 5690 compositis
1909 5622 2022 5680 sola
2051 5625 2383 5703 compositio,

569 5702 583 5731 ³
613 5697 788 5758 Exod.
821 5718 907 5768 ιιι.
951 5703 1040 5758 14.
