4094 6286
312 337 410 402 ibi

295 535 468 607 ἀρχὴν
493 535 584 588 καὶ
621 535 772 596 τέλος
806 535 887 604 (τὸ
910 533 1017 602 γὰρ
1046 531 1183 601 ὑπὲρ
1214 530 1404 592 ταῦτα,
1426 531 1518 586 καὶ
1551 529 1624 599 μὴ
1653 531 1709 582 ὲν
1733 529 1854 582 τού-

293 643 429 688 τοις,
463 625 729 694 ἄπειρον),
775 625 902 677 ὅταν
940 622 1036 691 μὲν
1081 624 1160 682 εἰς
1209 620 1298 675 τὸν
1341 621 1451 673 ἅνω
1502 619 1658 687 βυθὸν
1822 619 1855 674 ὁ

297 714 426 776 νοῦς
458 713 755 784 ἀποϐλέψῃ.
785 714 883 765 οὐκ
913 712 1049 781 ἔχων
1085 711 1204 763 ὅποι
1245 713 1342 778 στῇ
1376 710 1466 764 καὶ
1499 709 1854 780 ἀπερείσηται

299 801 425 860 ταῖς
459 797 586 867 περὶ
613 796 746 849 Θεοῦ
793 797 1128 864 φαντασίαις,
1167 795 1230 848 τὸ
1261 794 1490 848 ἐνταῦθα
1521 795 1741 863 ἄπειρον
1763 796 1856 848 καὶ

304 885 619 947 ἅνέκϐατον,
657 883 886 952 ἄναρχον
924 883 1384 952 προσηγόρευσεν·
1439 883 1565 933 ὅταν
1596 882 1650 933 δὲ
1679 882 1757 943 είς
1787 882 1857 934 τὰ

307 974 459 1025 κάτω
567 969 660 1023 καὶ
729 968 796 1023 τὰ
892 969 1037 1039 ἑξῆς,
1078 970 1340 1024 ἀθάνατον
1386 971 1477 1022 καὶ
1523 969 1853 1039 ἀνώλεθρον·

306 1060 434 1111 ὅταν
465 1059 520 1110 δὲ
542 1057 732 1128 συνέλῃ
756 1056 817 1108 τὸ
845 1059 968 1124 πᾶν,
997 1055 1226 1110 αἰώνιον.
1258 1057 1397 1110 Ᾱίὼν
1428 1057 1556 1126 γὰρ,
1589 1057 1708 1108 οῦτε
1733 1057 1860 1126 χρό-

305 1164 416 1210 νος,
446 1145 566 1198 οὔτε
605 1148 796 1216 χρόνου
821 1164 873 1198 τι
906 1145 1096 1217 μέροςο
1135 1146 1254 1199 οὐδὲ
1289 1146 1394 1220 γὰρ
1431 1147 1718 1216 μετρητόν·
1746 1145 1858 1197 ἀλλ’

303 1238 582 1306 ὅπερήμῖν
661 1235 690 1287 ὁ
754 1236 958 1306 χρόνος,
979 1236 1126 1305 ἡλίου
1142 1237 1279 1305 φορᾷ
1297 1236 1675 1305 μετρούμενος,
1708 1234 1862 1288 τοῦτο

306 1328 420 1386 τοίς
441 1324 648 1389 ἀϊδίοις,
675 1325 825 1386 αἰὼν,
850 1325 909 1376 τὸ
936 1343 998 1378 συ
1008 1325 1530 1395 μπαρεκτεινόμενον
1553 1327 1662 1388 τοῖς
1688 1319 1857 1392 οὖσιν,

307 1410 419 1466 οἷόν
447 1431 498 1466 τι
546 1414 790 1484 χρονικδν
829 1414 1050 1485 κίνημα,
1098 1416 1190 1470 καὶ
1234 1415 1520 1485 διάστημα.

447 1789 554 1841 Τοῦ
581 1788 761 1841 αὐτοῦ
797 1787 863 1841 ἐκ
890 1788 994 1841 τοῦ
1023 1789 1154 1855 περὶ
1188 1790 1495 1856 θεολογίας
1525 1791 1732 1857 λόγου.

381 1881 515 1933 Θεὸν
562 1880 755 1948 νοῆσαι
817 1879 914 1946 μὲν
951 1879 1204 1947 χαλεπὸν,
1260 1881 1461 1948 φράσαι
1497 1880 1552 1932 δὲ
1581 1880 1859 1940 ἀδύνατον,

1253 335 1630 396 PANOPLIA
1675 337 2128 400 DOGMATICA.
2164 363 2233 374 -
2269 338 2420 400 ΤῘΤ.
2454 338 2553 399 IV.

492 445 622 516 Διχῆ
668 443 725 498 δὲ
769 443 862 497 τοῦ
898 443 1130 511 ’ἀπείρου
1176 440 1564 509 θεωρουμένου,
1613 439 1752 492 κατά
1792 455 1850 492 τε
1888 445 1934 498 Α

3401 337 3502 400 158
3603 302 3606 305 ’

2197 439 2315 494 Jam
2338 454 2485 504 vero,
2504 455 2622 493 cum
2647 440 2976 495 immensitas
2992 441 3235 495 bifariam
3263 447 3510 499 conside-

1969 540 2133 592 retur,
2191 545 2378 596 nempe
2429 538 2484 583 et
2531 531 2798 596 principii,
2839 540 2894 583 et
2939 529 3060 583 ﬁnis
3103 533 3309 585 ratione
3354 535 3504 599 (nam

1966 620 2108 686 quod
2134 633 2294 686 supra
2326 619 2438 672 hac
2457 628 2557 682 est,
2591 633 2653 672 ac
2676 620 2856 671 nonin
2886 620 2986 684 his,
3013 620 3328 674 immensum
3367 628 3509 690 est);

1967 722 2088 760 cum
2115 707 2166 760 in
2202 708 2446 774 superius
2477 707 2796 776 profundum
2824 723 2974 760 mens
2995 711 3241 775 aspexit,
3279 727 3384 766 non
3415 714 3516 766 ha-

1966 793 2098 847 bens
2125 793 2211 847 ubi
2239 794 2513 860 consistat,
2535 794 2823 864 formisque
2846 795 2970 858 illis,
2999 811 3132 864 quas
3160 799 3224 851 de
3250 798 3358 852 Deo
3385 815 3514 854 cou-

1968 882 2096 949 cipit
2151 883 2429 946 innitatur,
2485 884 2802 937 immensum
2857 885 2958 938 hoc
3009 897 3062 938 et
3119 888 3514 952 inextricabile,

1971 973 2286 1036 anarchum,
2329 974 2426 1026 hoc
2460 983 2560 1037 est,
2616 973 2874 1041 principio
2913 989 3123 1039 carens,
3179 977 3463 1043 appellavit
3496 996 3508 1030 :

1967 1073 2088 1114 cum
2127 1069 2302 1114 autem
2353 1063 2420 1114 ad
2464 1062 2716 1116 inferiora
2763 1073 2813 1115 et
2850 1066 3168 1132 posteriora,
3215 1067 3517 1118 immortale

1968 1160 2126 1218 atque
2167 1151 2412 1204 interitus
2463 1165 2684 1219 expers;
2723 1166 2839 1203 cum
2879 1167 3004 1204 vero
3053 1163 3336 1223 utrumque
3383 1172 3514 1208 con—

1969 1239 2129 1293 traxit
2178 1247 2231 1294 et
2272 1240 2503 1310 collegit,
2550 1251 2826 1295 aeternum.
2862 1238 3157 1295 Eternitas
3201 1243 3366 1308 enim,
3413 1259 3513 1298 nec

1968 1337 2196 1396 tempus,
2230 1344 2327 1382 nec
2385 1329 2637 1398 temporis
2682 1344 2803 1398 pars
2839 1328 2942 1381 ulla
2977 1339 3057 1382 est
3100 1330 3220 1396 (nec
3275 1332 3414 1384 enim
3457 1333 3512 1386 in

1969 1433 2268 1473 mensuram
2301 1419 2496 1488 cadit);
2526 1421 2616 1473 sed
2664 1418 2803 1486 quod
2835 1419 2986 1474 nobis
3022 1428 3248 1486 tempus,
3276 1431 3376 1482 est,
3426 1437 3514 1474 so-

1965 1508 2030 1563 lis
2080 1518 2226 1562 motu
2262 1507 2558 1572 deﬁnitum,
2601 1509 2700 1562 hoc
2746 1509 2962 1561 aeternis
2997 1524 3167 1561 aevum
3206 1517 3306 1573 est,
3354 1510 3512 1566 nimi-

1965 1615 2082 1653 rum
2114 1599 2202 1654 ille
2230 1599 2380 1668 quasi
2417 1596 2722 1666 temporalis
2757 1597 2968 1664 quidam
3005 1604 3198 1661 motus,
3245 1607 3296 1650 et
3348 1597 3514 1650 inter~

1964 1688 2178 1752 rallum,
2209 1689 2346 1758 quod
2386 1687 2541 1741 simul
2584 1703 2704 1741 cum
2734 1686 2944 1741 aaternis
2978 1685 3299 1739 extenditur.

2235 1791 2504 1857 Ejusdem,
2532 1805 2594 1842 ex
2625 1790 2858 1841 oratione
2883 1789 2944 1840 de
2974 1788 3250 1856 theologia.

2032 1882 2197 1930 Deum
2241 1877 2517 1931 intellectu
2576 1877 2858 1944 percipere
2897 1875 3111 1929 dillicile
3157 1884 3240 1929 est
3278 1892 3290 1929 :
3335 1872 3516 1942 eloqui

301 1969 352 2024 ὦ
399 1988 482 2031 τις
503 1971 610 2022 τῶν
630 1970 758 2040 παρ’
779 1969 1004 2037 Ἕλλησι
1035 1970 1301 2038 θεολόγων
1336 1970 1744 2038 ἐφιλοσόφησεν,
1763 1971 1865 2031 οὐκ

1978 1977 2142 2020 intem
2171 1965 2524 2035 impossibile,
2547 1977 2605 2020 ut
2628 1966 2972 2034 profanorum
2992 1966 3363 2035 theologorum
3400 1968 3522 2035 qui-

300 2062 548 2129 ἀτὲχνως
591 2062 714 2128 ἐμοὶ
756 2061 932 2125 δοκεῖ,
963 2061 1046 2112 ἵνα
1079 2061 1173 2114 καὶ
1222 2061 1601 2130 κατειληφέναι
1633 2060 1759 2132 δόξῃ
1803 2060 1865 2112 τὺ

1978 2059 2084 2112 lam
2103 2058 2308 2120 docuit,
2322 2057 2670 2125 meoquidem
2680 2057 2904 2126 judicio,
2922 2072 3027 2110 non
3047 2056 3312 2119 incallide,
3329 2072 3522 2122 nempe

302 2149 546 2218 χαλεπὸν
563 2148 860 2211 είπεῖν,καὶ
884 2149 1120 2220 διαφύγῃ
1135 2151 1212 2217 τῷ
1225 2150 1586 2219 ἀνεκφράστῳ
1609 2150 1698 2204 τὸν
1713 2149 1868 2216 ἐλεγ-

1978 2159 2027 2205 ut
2050 2165 2117 2206 ex
2146 2166 2212 2207 eo
2247 2153 2393 2221 quod
2424 2152 2708 2206 intellectu
2741 2149 3008 2204 diﬂicilem
3041 2148 3286 2210 afﬁrmat,
3307 2149 3517 2215 opinio-

300 2257 426 2308 χον.
443 2240 602 2293 Ἀλλὰ
627 2241 833 2308 φράσαι
860 2240 958 2308 μὲν
975 2241 1333 2304 ἀδύνατον,ὡς
1355 2244 1382 2293 ὁ
1396 2242 1522 2311 ἐμὸς
1541 2241 1719 2308 λόγος,
1740 2240 1868 2308 νοῆ-

302 2347 400 2384 σαι
417 2331 477 2383 δὲ
493 2329 990 2399 ἀδυνατώτερον.Τὸ
1009 2332 1106 2398 μὲν
1125 2331 1232 2399 γὰρ
1252 2329 1461 2400 νοηθὲν,
1474 2333 1614 2398 τάχα
1627 2331 1690 2383 ἂν
1716 2332 1874 2398 λόγος

297 2421 625 2489 δηλώσειεν.
647 2422 697 2475 εί
727 2422 818 2474 καὶ
867 2421 942 2492 μὴ
978 2423 1327 2491 συμμέτρως,
1355 2421 1468 2473 ἀλλ’
1512 2421 1766 2489 ἀμυδρῶς
1811 2438 1878 2488 γε

296 2511 388 2580 τῷ
406 2511 480 2580 μὴ
496 2511 670 2579 πάντη
685 2513 751 2564 τὰ
769 2506 881 2564 ὦτα
899 2511 1295 2581 διεφθαρμένῳ,
1315 2512 1411 2566 καὶ
1435 2511 1626 2582 νωθρῷ
1651 2511 1747 2580 τὴν
1762 2512 1881 2566 δια·-

307 2613 490 2648 νοιαν.
530 2596 601 2648 Τὸ
627 2597 682 2648 δὲ
711 2596 931 2650 τοσοῦτο
1057 2599 1286 2668 πρᾶγμα
1310 2599 1378 2666 τῇ
1409 2596 1613 2665 διανοίᾳ
1646 2594 1870 2664 περιλα-

307 2685 452 2750 ϐεῖν,
504 2685 718 2748 πάντως
757 2685 1012 2739 ἀδύνατον
1052 2688 1144 2740 καὶ
1194 2687 1491 2755 ἀμήχανον,
1540 2683 1613 2753 μὴ
1649 2685 1732 2736 ὅτι
1762 2686 1872 2746 τοῖς

307 2773 907 2843 καταϐεϐλακενμένοις
1003 2775 1102 2830 καὶ
1155 2773 1302 2826 κάτω
1332 2774 1593 2837 νεύουσιν,
1626 2771 1758 2836 ἀλλὰ
1777 2771 1870 2823 καὶ

302 2864 427 2925 τοῖς
458 2862 574 2916 λίαν
608 2863 909 2933 ὑψηλοῖς.τε
940 2864 1032 2915 καὶ
1061 2863 1344 2930 φιλοθέοις,
1367 2862 1458 2915 καὶ
1492 2861 1692 2930 ὁμοίως
1721 2860 1870 2931 πάσῃ

303 2955 544 3022 γεννητῇ
680 2952 858 3021 φύσει,
889 2953 982 3006 καὶ
1004 2950 1085 3016 οἷς
1111 2953 1139 3004 ό
1163 2951 1322 3020 ζόφος
1347 2943 1498 3012 οὗτος
1529 2950 1864 3020 ἐπιπροσθεῖ,

1969 2259 2093 2306 nem
2125 2243 2438 2304 hominibus
2482 2242 2688 2305 afferat,
2728 2255 2786 2293 se
2824 2255 2947 2293 eum
2990 2240 3301 2308 cegnitione
3333 2253 3518 2305 perce-

1977 2336 2156 2405 pisse;
2181 2349 2246 2388 ex
2264 2350 2329 2388 eo
2345 2344 2524 2392 autem
2552 2332 2694 2401 quod
2728 2332 2890 2386 nullis
2915 2331 3091 2385 verbis
3121 2345 3244 2383 eum
3264 2326 3521 2396 explicari

1977 2435 2142 2489 posse
2190 2423 2289 2485 ait,
2321 2421 2428 2486 hoc
2463 2428 2605 2490 agat,
2637 2434 2706 2476 ne
2753 2418 2973 2480 inscitia
3010 2432 3106 2470 sua
3157 2413 3313 2486 prodi
3359 2425 3524 2480 atque

1969 2513 2226 2574 convinci
2256 2520 2438 2580 queat.
2472 2509 2581 2580 Ego
2610 2524 2738 2564 vero
2759 2509 2833 2562 ita
2870 2509 3049 2576 potius
3067 2503 3365 2558 dicendum
3396 2515 3524 2556 cen-

1977 2609 2088 2658 seo,
2119 2594 2209 2646 Dei
2259 2602 2503 2650 naturam
2565 2592 2722 2644 nullis
2774 2593 2985 2659 quidem
3037 2582 3214 2644 'verbis
3267 2591 3531 2658 explicari

1978 2698 2134 2752 posse
2167 2685 2384 2748 ;animo
2418 2693 2596 2734 autem
2639 2691 2796 2749 atque
2823 2673 3090 2735 intellectu
3142 2682 3528 2748 comprehendi

1980 2772 2145 2826 multo
2164 2772 2336 2828 minus
2354 2786 2530 2838 posse.
2561 2770 2691 2826 Nam
2724 2773 2862 2840 quod
2889 2771 3007 2838 quis
3033 2771 3210 2826 animo
3237 2779 3291 2822 et
3323 2770 3534 2824 ratione

1979 2859 2285 2926 complexus
2306 2859 2482 2923 fuerit,
2540 2859 2592 2918 id
2621 2873 2832 2926 quoque
2865 2857 3093 2912 fortasse
3135 2872 3386 2911 sermone
3435 2859 3528 2910 de-

1983 2947 2188 3002 clarare
2215 2957 2394 3016 queat,
2428 2949 2471 3002 si
2503 2961 2571 3008 ne
2605 2947 2948 3024 mediocriter
2995 2947 3228 3014 quidem,
3259 2955 3312 3000 at
3340 2946 3526 3001 saltem

305 3039 410 3093 καὶ
457 3039 516 3090 τὸ
559 3040 702 3109 παχὺ
749 3038 904 3092 τοῦτο
945 3039 1189 3110 σαρκίον,
1222 3037 1355 3105 πρὸς
1393 3037 1488 3107 τὴν
1515 3036 1608 3089 τοῦ
1640 3036 1868 3106 ἀληθοῦς

1981 3037 2230 3101 obscure,
2268 3039 2422 3091 modo
2452 3038 2748 3100 auditorem
2782 3047 2970 3090 nactus
3029 3039 3102 3088 sit
3156 3051 3258 3088 non
3310 3037 3539 3090 omnino

301 3129 638 3197 κατανόησιν
659 3145 672 3158 ·
693 3130 794 3181 οὐκ
823 3125 941 3182 οἶδα
957 3129 1012 3181 δὲ
1031 3165 1051 3194 ,
1116 3127 1166 3181 εί
1227 3125 1306 3197 μὴ
1355 3128 1446 3180 καὶ
1476 3129 1594 3189 ταῖς
1617 3126 1872 3194 ἀνωτέρω

302 3217 409 3268 καὶ
441 3219 650 3286 νωραίς
675 3217 925 3286 φύσεσιν*
962 3217 1039 3281 αἶ,
1065 3216 1155 3270 διὰ
1192 3217 1252 3268 τὸ
1279 3217 1502 3285 πλησίον
1537 3211 1677 3268 εἶναι
1711 3215 1866 3279 Θεοῦ,

300 3305 410 3362 καὶ
431 3306 538 3376 ὅλῳ
559 3305 636 3375 τῷ
669 3308 808 3375 φωτὶ
837 3306 1302 3376 καταλάμπεσθαι,
1329 3307 1490 3376 τυχὸν
1515 3306 1581 3359 ἂν
1610 3305 1702 3358 καὶ
1731 3323 1866 3375 τρα-

299 3395 502 3456 νοῖντο,
568 3396 616 3446 εί
670 3395 764 3450 καὶ
818 3394 902 3466 μὴ
954 3395 1150 3466 πάντη,
1195 3395 1306 3448 ἀλλ’
1363 3394 1516 3463 ήμῶν
1563 3411 1625 3462 γε
1670 3393 1862 3446 τελεώ-

297 3499 363 3532 τε
376 3483 467 3551 ρόν
489 3500 547 3534 τε
578 3483 672 3535 καὶ
694 3485 1084 3553 ἔκτυπώτερον,
1116 3485 1208 3538 καὶ
1240 3485 1410 3537 ἄλλων
1439 3484 1589 3538 ἀλλαι
1622 3484 1800 3552 πλεῖον
1832 3484 1863 3553 ἢ

300 3569 548 3632 ἔλαττον,
578 3571 717 3624 κατά
738 3571 833 3636 τὴν
857 3571 1150 3639 ἀναλογίαν,
1179 3573 1276 3640 τῆς
1295 3572 1517 3640 τάξεως.

1985 3125 2231 3191 surdum,
2267 3125 2511 3192 tardique
2535 3135 2591 3178 et
2611 3126 2803 3194 stupidi
2836 3124 3052 3192 ingenii.
3088 3124 3154 3175 At
3187 3139 3296 3176 rem
3325 3133 3526 3176 tantam

1986 3215 2164 3276 animo
2197 3214 2668 3281 comprehendere,
2699 3215 2918 3265 omnino
2949 3210 3269 3277 impossibile
3297 3219 3396 3275 est,
3428 3224 3533 3262 non

1987 3301 2144 3363 modo
2177 3301 2380 3370 ignavis
2411 3310 2466 3354 et
2515 3301 2802 3368 languidis,
2867 3301 3219 3366 deorsumque
3265 3298 3533 3366 vergenti-

1985 3390 2108 3461 bus,
2164 3391 2259 3444 sed
2309 3391 2514 3462 magnis
2573 3391 2733 3450 etiam
2785 3399 2836 3442 et
2890 3378 3114 3446 excelsis
3159 3387 3284 3442 viris
3338 3387 3545 3452 Deique

1987 3495 2170 3546 amore
2219 3481 2477 3554 praeditis,
2535 3494 2599 3533 ac
2645 3479 2960 3536 mortalibus
2992 3491 3234 3546 peraeque
3263 3477 3536 3538 omnibus,

1988 3569 2179 3646 quibus
2204 3571 2270 3624 ad
2301 3572 2411 3628 veri
2459 3569 2817 3636 cognitionem
2871 3567 3040 3631 caligo
3089 3567 3200 3620 haec
3244 3573 3297 3616 et
3352 3565 3530 3617 carnis

313 3655 595 3706 crassities
629 3657 873 3722 tenebras
900 3655 1145 3736 olfundit.
1201 3657 1372 3724 Atque
1419 3656 1558 3716 haud
1599 3656 1712 3709 scio
1798 3669 1863 3708 an
1902 3652 2000 3716 hoc
2034 3669 2246 3723 quoque
2279 3654 2678 3716 sublimioribus
2737 3653 2839 3714 illis
2897 3662 2950 3706 et
2976 3652 3392 3719 intelligentibus
3424 3667 3519 3704 na-

314 3740 479 3807 turis,
515 3751 758 3811 negatum
817 3758 922 3797 non
975 3745 1076 3808 sit;
1128 3760 1243 3812 qua
1303 3743 1426 3812 quia
1476 3745 1583 3798 Deo
1620 3744 1835 3814 promus
1889 3743 2088 3812 juncta:
2135 3752 2278 3810 sunt,
2342 3759 2404 3797 ac
2435 3753 2543 3798 toto
2592 3743 2681 3798 illo
2728 3742 3006 3811 splendore
3055 3743 3338 3802 collucent,
3401 3757 3521 3794 cer-

315 3842 456 3881 nere
509 3830 693 3896 utiqne
736 3830 962 3886 fortasse
1017 3842 1243 3900 queant,
1300 3833 1342 3886 si
1373 3849 1478 3898 non
1510 3846 1732 3902 prorsus
1754 3870 1770 3898 ,
1821 3846 1882 3886 ac
1918 3841 2064 3885 certe
2094 3832 2300 3902 plenius
2333 3848 2491 3901 quam
2523 3847 2619 3886 nos
2675 3842 2722 3884 et
2780 3831 3018 3896 solidius,
3055 3839 3214 3897 atque
3242 3830 3358 3890 alia:
3380 3829 3525 3892 aliis,

313 3933 423 3987 pro
447 3919 705 3990 cujusque
732 3923 948 4004 ordine,
977 3923 1058 3985 vel
1087 3925 1324 3989 uberius,
1345 3925 1430 3980 vel
1464 3925 1701 3992 parcius.

398 4069 410 4078 .
499 4003 668 4057 Τοῦτο
687 4000 901 4075 μὲνοῦν
925 4005 1156 4075 ἐνταῦθα
1180 4005 1376 4058 κείσθω
1392 4020 1404 4033 ·
1434 4005 1494 4056 τὸ
1512 4005 1567 4056 δὲ
1588 4005 1873 4073 ἡμέτερον,

2145 4017 2248 4078 Sed
2279 4017 2345 4072 de
2368 4017 2468 4070 hac
2495 4031 2551 4070 re
2579 4017 2669 4072 hic
2689 4017 2755 4070 sit
2785 4014 2922 4086 ﬁnis.
2959 4011 3107 4080 Quod
3130 4019 3307 4062 autem
3335 4006 3397 4058 ad
3428 4019 3533 4058 nos

314 4094 423 4164 οὐχ
476 4094 510 4163 ἡ
549 4094 738 4164 είρήνη
765 4092 857 4145 τοῦ
883 4092 1014 4146 Θεοῦ
1067 4092 1223 4162 μόνον
1255 4091 1508 4163 ὑπερέχει
1552 4093 1725 4144 πάντα
1754 4091 1868 4145 νοῦν

1979 4105 2194 4184 attinet,
2223 4117 2326 4158 non
2358 4119 2456 4172 pax
2489 4083 2851 4170 tantummodo
2885 4103 2974 4156 Dei
3009 4105 3292 4165 exsuperat
3311 4109 3525 4149 onmem

316 4181 418 4236 καὶ
451 4181 769 4251 κατάληψιν,
804 4183 921 4236 οὐδὲ
950 4184 1049 4236 ὅσα
1080 4184 1188 4246 τοῖς
1212 4181 1434 4244 δικαίοις
1459 4181 1601 4234 ἐστὶν
1623 4183 1678 4234 ὲν
1707 4183 1876 4249 ἐπαγ-

313 4271 528 4341 γελίαις
557 4273 910 4343 ἀποκείμενα,
939 4271 1009 4325 τὰ
1036 4275 1168 4344 μήτε
1199 4273 1494 4343 ὀφθαλμοῖς
1533 4287 1536 4290 ‘
1677 4271 1872 4344 ὁρατὰ,

317 4363 462 4433 μήτε
491 4361 624 4415 ὠσὶν
654 4362 909 4425 ἀκουστὰ,
945 4365 1076 4433 μήτε
1096 4363 1298 4434 διανοίᾳ
1326 4361 1592 4434 θεωρητὰ,
1617 4362 1754 4415 κατά
1789 4380 1876 4434 μι-

317 4450 452 4518 κρὸν
485 4447 636 4516 γοῦν,
666 4449 784 4501 οὐδὲ
825 4451 858 4520 η
893 4449 987 4519 τῆς
1023 4449 1249 4512 κτίσεως
1291 4450 1521 4520 ἀκριϐὴς
1554 4443 1875 4518 κατανόησις

318 4536 442 4603 (καὶ
477 4535 584 4606 γάρ
632 4536 725 4588 καὶ
750 4534 947 4606 ταύτης
978 4535 1223 4604 πείσθητι
1263 4535 1360 4597 τὰς
1401 4537 1555 4599 σκιὰς
1596 4535 1736 4605 ἔχειν
1777 4535 1875 4605 μό·-

314 4643 432 4691 νον,
459 4626 585 4678 ὅταν
622 4626 880 4698 ἀκούσης·
924 4626 1179 4693 Ὄψομαι
1215 4624 1354 4688 τοὺς
1393 4625 1701 4692 οὺρανόὺς,
1733 4625 1876 4692 ἔργα

315 4715 442 4768 τῶν
488 4712 794 4769 δακτύλων
836 4730 972 4780 σου,
1014 4714 1283 4781 σελήνην
1321 4713 1417 4767 καί
1452 4713 1730 4782 ἀστέρας,
1757 4701 1876 4770 ’καὶ

313 4803 415 4856 τὸν
439 4804 498 4855 ὲν
529 4803 706 4866 αὐτοῖς
733 4805 924 4872 πάγιον
952 4803 1132 4871 λόγον·
1165 4803 1238 4866 ὡς
1271 4802 1387 4872 οὐχὶ
1427 4801 1520 4858 νῦν
1548 4799 1704 4874 ὁρῶν,
1738 4800 1876 4869 ὀψό-

319 4908 486 4962 μενος
511 4891 566 4944 δὲ
593 4891 738 4943 ἔστιν
765 4891 898 4960 oms)-
929 4889 1063 4943 ἀλλά
1107 4888 1238 4942 πολὺ
1276 4889 1380 4957 πρὸ
1415 4887 1638 4950 τούτων,
1678 4887 1711 4956 ὴ
1739 4886 1876 4957 ὑπὲρ

321 4982 510 5046 ταῦτα,
539 4982 632 5035 καὶ
661 4982 718 5048 ἐξ
742 4975 808 5054 ἧς
833 4982 1024 5046 ταῦτα,
1058 4981 1214 5049 φύσις
1253 4979 1486 5050 ἄληπτός
1529 4996 1583 5040 τε
1622 4979 1712 5040 καὶ
1740 4978 1874 5030 ἀπε-

318 5071 605 5142 ρίληπτος·
635 5070 776 5139 λέγω
805 5071 882 5139 δὲ,
904 5071 1000 5143 οὐχ
1021 5071 1100 5125 ὅτι
1123 5069 1286 5133 ἔστιν,
1313 5068 1423 5122 ἀλλ’
1451 5069 1486 5139 ἦ
1505 5068 1586 5132 τίς
1611 5070 1772 5123 ἐστιν.
1801 5059 1873 5122 Oti

324 5159 430 5230 γὰρ
463 5159 620 5215 κενὸν
722 5159 786 5216 τὸ
868 5163 1126 5232 κήρυγμα
1157 5159 1330 5230 ἡμῶν,
1353 5158 1470 5211 οὐδὲ
1495 5157 1694 5227 ματαία
1724 5159 1757 5228 ὴ
1788 5159 1872 5211 πί-

321 5269 438 5316 στις
459 5252 634 5324 ἡμῶν,
674 5251 794 5310 οὐδὲ
821 5249 974 5311 τοῦτό
1000 5253 1142 5304 ἐστιν
1174 5249 1200 5302 ὃ
1223 5249 1609 5319 δογματίζομεν
1642 5247 1739 5318 (μὴ
1773 5249 1876 5302 πά-

324 5349 403 5394 λιν
429 5342 526 5412 τὴν
563 5341 977 5412 εὐγνωμοσύνην
1006 5339 1362 5412 ὴμῶνάθείας
1388 5339 1558 5410 λάϐῃς
1594 5337 1763 5409 ἀρχὴν
1786 5340 1878 5392 καὶ

330 5432 708 5499 συκοφαντίας,
743 5433 835 5485 καὶ
863 5430 1206 5500 κατεπαρθῇς
1310 5428 1384 5492 ὡς
1481 5429 1878 5490 ὁμολογούντων

404 5533 643 5604 'Pbilip.
680 5553 756 5602 IV,
785 5535 839 5591 7.
915 5541 936 5569 ³
977 5537 1142 5592 lCor.
1194 5554 1253 5604 ιι,
1287 5538 1339 5592 9.
1421 5537 1440 5569 ³
1474 5535 1564 5592 Ps.
1625 5552 1736 5602 vni,
1761 5537 1813 5591 4.

1979 4183 2210 4262 mentem
2240 4202 2292 4248 et
2323 4193 2676 4261 cognitionem
2716 4197 2763 4258 ι,
2789 4205 2886 4255 nec
2942 4200 3268 4258 quaecunque
3303 4186 3366 4255 iis
3393 4223 3408 4246 ,
3435 4183 3526 4251 qui

1976 4279 2233 4351 justitiam
2268 4279 2550 4343 coluerint,
2631 4280 2686 4336 in
2774 4276 2973 4333 divinis
3055 4273 3537 4344 pollicitationibus

1982 4369 2255 4442 recondita
2291 4379 2435 4440 sunt,
2460 4383 2578 4440 quae
2614 4382 2713 4426 nec
2737 4368 2905 4424 oculis
2939 4367 3084 4428 cerni
3108 4409 3121 4430 ,
3173 4380 3270 4420 nec
3313 4365 3541 4418 auribus-

1980 4455 2175 4525 excipi,
2198 4471 2294 4518 nec
2320 4456 2498 4512 animo
2525 4456 2742 4524 cogitari
2772 4470 2834 4510 ac
2859 4455 3085 4526 perSpici
3123 4452 3168 4517 ’,
3193 4453 3291 4526 nisi
3326 4453 3534 4508 tenuis-

1982 4547 2140 4611 sime,
2169 4553 2425 4613 possunt,
2476 4559 2572 4598 nec
2598 4531 2786 4610 exacta
2813 4553 2867 4598 et
2897 4543 3142 4602 absoluta
3170 4557 3346 4596 rerum
3381 4555 3538 4594 crea-

1987 4639 2158 4698 tarum
2200 4630 2432 4700 cognitio
2479 4632 2632 4701 (nam
2674 4631 2863 4694 harum
2893 4645 3103 4700 quoque
3135 4640 3184 4684 te
3223 4629 3364 4682 solas
3411 4642 3541 4680 ωη-

1983 4724 2111 4792 bras
2135 4730 2314 4782 tenere
2346 4722 2483 4778 haud
2515 4721 2748 4782 dubites,
2781 4735 2898 4776 cum
2939 4719 3266 4786 Scripturam
3302 4716 3366 4769 ad
3393 4715 3538 4768 hunc

1985 4813 2201 4877 modum
2228 4811 2525 4881 loquentem
2554 4812 2786 4870 audieris
2813 4829 2826 4864 :
2864 4808 3054 4862 Videbo
3078 4807 3248 4873 caelos,
3275 4819 3430 4876 Opera
3449 4805 3536 4858 di-

1987 4903 2206 4971 gitorum
2238 4910 2466 4966 tuorum,
2497 4901 2672 4968 lunam
2723 4910 2772 4954 et
2820 4899 2994 4958 stellas
3035 4895 3086 4961 ’,
3121 4910 3364 4964 eamque,
3418 4909 3539 4962 qua

1988 4990 2116 5060 ipsis
2146 4991 2318 5055 inest,
2351 4990 2558 5045 firmam
2601 4977 2662 5044 et
2683 4988 2925 5044 stabilem
2973 4977 3272 5050 rationem,
3320 4985 3540 5054 perinde

1990 5065 2195 5140 seilicet
2223 5085 2382 5146 atque
2412 5077 2463 5130 in
2492 5075 2594 5130 hac
2616 5076 2724 5138 vita
2751 5090 2814 5130 ea
2845 5073 3060 5140 minime
3087 5073 3290 5136 videns,
3319 5071 3412 5126 sed
3436 5069 3537 5124 ali-

1992 5163 2204 5233 quando
2259 5162 2674 5238 perspecturus)
2714 5181 2728 5217 :
2771 5163 2861 5217 sed
2895 5161 3059 5216 multo
3117 5161 3288 5231 magis
3348 5168 3539 5212 natura

1993 5251 2082 5314 illa
2112 5250 2196 5312 his
2222 5249 2498 5304 sublimior
2524 5290 2540 5314 ,
2578 5261 2632 5316 et
2667 5265 2730 5314 ex
2771 5265 2874 5321 qua
2906 5251 3018 5306 haec
3065 5251 3322 5316 originem
3363 5256 3542 5300 traxe-

1997 5349 2140 5403 runt,
2174 5347 2388 5406 captum
2415 5355 2623 5402 omnem
2661 5350 2713 5395 et
2745 5341 3270 5409 comprehensionem
3304 5342 3539 5404 superat.

1997 5429 2104 5484 Nec
2124 5443 2249 5485 vero
2279 5429 2392 5490 haec
2423 5429 2582 5496 verba
2625 5431 2696 5494 ita
2731 5431 2910 5500 accipi
2933 5430 3112 5496 velim,
3159 5427 3310 5492 quasi
3347 5421 3548 5494 percipi
