4094 6286
588 336 695 404 159
1780 332 2094 392 EUTBYM
2103 330 2161 391 II
2219 330 2576 394 ZIGABENI
3675 327 3784 393 160

585 461 694 501 non
723 457 877 511 posse
893 441 1089 507 dicam,
1119 442 1259 511 quod
1288 441 1353 496 sit
1392 441 1552 505 Deus,
1586 442 1677 495 sed
1705 442 1831 510 quid
1868 453 1923 495 et
1972 442 2119 511 quale

2233 447 2332 513 τὴν
2362 445 2633 513 άγναιαν).
2660 443 2915 497 Πλεῖστον
2937 440 3044 510 γάρ
3071 437 3318 508 διαφέρει
3337 437 3433 491 τοῦ
3463 431 3604 492 εἶναι
3622 456 3675 491 τι
3690 458 3789 491 περ

576 536 670 587 sit.
706 530 889 596 Neque
918 530 1061 583 enim
1106 530 1280 583 inanis
1307 539 1389 583 est
1422 531 1727 597 prmdicatio
1753 541 1959 593 nostra,
2026 545 2119 585 nec

2229 531 2474 599 πέῖσθαι,
2501 536 2563 587 τὸ
2595 536 2647 589 τί
2675 536 2804 588 ποτέ
2838 536 2953 586 ἔστι
2982 532 3141 584 τοῦτο
3164 532 3391 587 είδιναι.

576 635 711 673 vana
743 618 874 671 iides
934 629 1113 673 nostra
1151 617 1207 681 ις
1237 630 1333 669 nec
1364 616 1413 669 id
1472 626 1573 677 est,
1629 618 1772 684 quod
1836 617 2129 672 astruimus
2159 618 2249 689 (ne
2279 638 2465 676 rursus
2508 624 2561 677 id
2612 623 2753 692 quod
2814 622 2979 691 probe
3022 621 3356 687 candideqne
3418 619 3695 680 diximus,
3728 621 3789 671 in

580 712 868 777 impietatis
899 721 952 763 et
974 706 1255 762 calumnia:
1279 719 1650 774 argumentum
1683 707 1888 768 trahas,
1947 719 2011 760 ac
2062 711 2236 773 nobis,
2271 722 2328 765 ut
2386 712 2743 781 ignorantiam
2804 715 3545 779 conﬁtentibus,arroganter
3610 710 3781 765 insul-

583 804 706 870 tes).
758 801 1050 853 Plurimum
1104 812 1335 866 namque
1395 800 1637 863 interest,
1699 811 1848 855 certo
1880 801 1974 855 tibi
2022 804 2342 869 persuadeas
2377 806 2579 875 aliquid
2631 822 2772 873 esse,
2805 823 2895 873 an,
2920 809 3047 876 quid
3088 806 3450 859 tandemillud
3504 805 3593 858 sit.
3641 818 3759 857 cum

580 906 789 965 pertum
820 897 1039 949 babeas.

924 1007 1167 1073 Ejusdem
1199 1023 1263 1060 ea:
1309 1008 1488 1060 eadem
1523 1004 1781 1057 oratione.

2664 1008 2757 1059 Ἐκ
2784 1006 2893 1063 τοῦ
2926 1007 3110 1061 αὐτοῦ
3153 1009 3366 1074 Λόγου.

649 1100 845 1167 Ecquis
874 1101 1019 1154 enim
1055 1114 1119 1151 eo
1154 1099 1433 1168 sapientiae
1472 1098 1765 1168 pervenit?
1804 1098 1990 1167 ecquis
2027 1115 2119 1153 un-

2304 1098 2394 1161 Τίς
2424 1098 2590 1161 οὕτως
2616 1101 2695 1161 εἰς
2726 1101 2951 1170 ἔσχατον
2977 1102 3168 1168 σοφίας
3193 1099 3448 1167 deinde;
3466 1116 3478 1157 ;
3497 1096 3579 1161 τίς
3606 1095 3765 1149 τοσοῦ

576 1207 735 1258 quam
760 1201 960 1244 tantam
994 1192 1218 1260 gratiam
1248 1191 1509 1244 divinitus
1532 1199 1851 1246 consecutus
1896 1193 2016 1244 est?
2034 1207 2119 1245 ec-

2229 1208 2324 1244 του
2359 1192 2696 1260 χαρίσματος
2734 1190 2937 1263 ἠξιώθη
2975 1192 3103 1245 ποτέ
3130 1207 3143 1257 ;
3168 1192 3251 1254 τίς
3302 1190 3442 1243 οὕτω
3488 1191 3549 1240 τὸ
3618 1188 3792 1256 στόμα

577 1280 696 1346 quis
723 1294 782 1330 os
807 1278 1002 1331 mentis
1032 1278 1103 1330 ita
1141 1279 1371 1345 aperuit,
1399 1292 1462 1333 ac
1481 1279 1738 1347 Spiritum
1768 1280 2041 1343 attraxit',
2076 1294 2119 1334 ιιι

2238 1282 2336 1351 τῆς
2364 1282 2598 1343 διανοίας
2627 1282 2857 1350 διήκοιξε
2876 1322 2891 1347 ,
2916 1285 3007 1334 καί⁹
3043 1281 3256 1335 εἵλκυσε
3306 1280 3526 1348 Πνεῦμα
3547 1320 3562 1343 ,
3592 1281 3679 1331 ἴνα
3712 1278 3792 1346 τῷ

582 1368 813 1432 Spiritus
836 1369 1013 1421 omnia
1046 1369 1465 1437 perscrutantis,
1500 1379 1661 1437 atque
1689 1369 1848 1422 etiam
1881 1369 1973 1424 Dei
2000 1386 2119 1439 pro-

2235 1373 2302 1424 τὰ
2338 1373 2512 1425 πάντα
2545 1372 2838 1441 ἑμυνῶντι
2886 1372 2981 1426 καὶ
3022 1369 3342 1437 γινώσκοντι
3370 1408 3385 1432 ,
3422 1369 3516 1421 καὶ
3548 1370 3613 1421 τὰ
3645 1369 3788 1436 βάθη

582 1456 744 1508 funda
785 1458 1159 1524 cognoscentis
1189 1457 1208 1488 ³
1268 1472 1368 1525 ope
1422 1466 1583 1525 atque
1645 1458 1979 1526 adiumento,
2025 1458 2119 1514 Dei

2230 1462 2332 1515 τοῦ
2348 1462 2504 1526 Θεοῦ,
2528 1463 2823 1531 Πνεύματι,
2857 1462 2987 1515 Θεὸν
3012 1461 3309 1530 καταλάῆι,
3331 1460 3425 1512 καὶ
3471 1461 3664 1527 μηκέτι
3697 1460 3792 1511 τοῦ

582 1553 826 1596 naturam
860 1546 1355 1613 comprehenderit,
1410 1562 1513 1600 nec
1550 1547 1660 1615 jam
1709 1547 1939 1602 ulterius
1989 1564 2119 1619 pro-

2233 1553 2423 1621 πρόσω
2442 1550 2650 1621 δέηται,
2667 1553 2729 1603 τὸ
2753 1551 2977 1620 ἔσχατον
2995 1550 3215 1619 ὀρεκτὸν
3231 1550 3332 1619 ἤδη
3354 1550 3510 1619 ἔχων,
3540 1549 3635 1601 καὶ
3662 1548 3739 1607 είς
3765 1546 3793 1598 5

585 1636 732 1704 gredi
775 1651 997 1690 necesse
1026 1637 1239 1702 habeat,
1290 1648 1477 1706 utpote
1507 1639 1598 1707 qui
1640 1648 1945 1693 extremum
1998 1640 2119 1694 illud

2238 1644 2387 1696 πᾶσα
2421 1640 2639 1696 σπεύδει
2658 1640 2752 1695 τοῦ
2783 1640 2987 1711 ὑψηλοῦ
3018 1641 3110 1694 καὶ
3147 1639 3391 1694 πολιτεία
3424 1640 3514 1693 καὶ
3537 1640 3747 1691 διάνοια
3774 1660 3789 1701 ,

582 1725 940 1792 appetendum
970 1726 1078 1793 jam
1109 1725 1325 1789 habeat,
1357 1727 1419 1780 ad
1447 1727 1588 1796 quod
1615 1726 1791 1781 omnis
1818 1727 2132 1784 sublimium

584 1813 823 1865 virorum
853 1821 907 1865 et
940 1812 1045 1866 vita
1080 1820 1136 1868 et
1161 1814 1418 1883 cogitatio
1446 1814 1725 1869 contendit
1754 1812 1777 1867 Ἰ
2171 1812 2213 1866 Β

795 1895 930 1962 Quid
970 1897 1111 1948 enim
1157 1898 1368 1948 tandem
1419 1893 1582 1947 Deum
1631 1906 1753 1946 esse
1783 1891 2048 1955 censebis,
2098 1890 2143 1944 si

589 1986 921 2054 argumentis
950 2000 979 2038 a
1018 1986 1227 2039 ratione
1258 1985 1436 2054 petitis
1465 1984 1618 2038 tidem
1665 1983 1881 2035 omnino
1927 1981 2090 2035 babes
2119 1980 2143 2033 ?

583 2080 689 2132 Aut
722 2092 831 2147 quo
864 2077 1077 2130 tandem
1112 2083 1163 2130 te
1196 2075 1456 2130 subvehet
1479 2076 1593 2128 base
1622 2072 1909 2141 disputatio
1931 2110 1946 2135 ,
1977 2072 2019 2125 si
2048 2085 2142 2125 ac-

2408 1888 2473 1941 Τί
2498 1889 2603 1958 γάρ
2634 1906 2760 1943 ποτε
2791 1892 3039 1966 ὕπολήψῃ
3064 1893 3123 1946 τὸ
3142 1893 3315 1955 Θεϊον,
3384 1895 3548 1962 εἴπερ
3635 1894 3787 1953 δλαις

2225 1977 2346 2043 ταῖς
2374 1978 2614 2046 λογικαϊς
2644 1982 2916 2046 πιστεύεις
2939 1984 3147 2053 ἐφόδοις
3181 2004 3198 2051 ;
3298 1986 3333 2055 ἦ
3400 1988 3535 2056 πρὸς
3587 1984 3642 2036 τί
3672 2001 3731 2036 σε
3761 1985 3791 2035 6
3851 2005 3861 2015 -

2225 2065 2380 2134 λόγος
2406 2068 2587 2133 ἀνάξει
2613 2069 3026 2143 βασανιζόμενος
3052 2117 3067 2143 ,
3132 2070 3179 2132 ὦ
3274 2073 3668 2143 φιλοσοφώτατε
3697 2074 3787 2139 σὺ,

581 2170 823 2222 curatius
858 2168 1236 2221 examinetur?
1267 2164 1362 2233 Te,
1390 2167 1626 2235 inquam,
1649 2163 1883 2234 appello,
1908 2162 1997 2232 qui
2022 2162 2142 2231 phi-

577 2257 832 2326 losophia:
886 2272 948 2310 ac
1002 2255 1282 2323 theologizn
1339 2254 1692 2323 principatum
1740 2252 1835 2306 tibi
1874 2251 2138 2316 vindicas,

575 2357 735 2415 atque
770 2347 819 2398 in
859 2347 1177 2400 immensum
1219 2344 1487 2412 gloriaris.
1532 2343 1613 2397 An
1646 2356 1841 2411 corpus
1866 2357 1988 2396 eum
2017 2354 2138 2396 esse

576 2437 758 2491 dices?
784 2435 1027 2502 Quonam
1054 2450 1183 2504 ergo
1208 2435 1364 2488 modo
1393 2435 1706 2500 immensus,
1760 2432 2022 2498 inﬁnitus,
2067 2431 2134 2485 ti-

573 2543 720 2596 gnraa
754 2540 949 2594 expers
977 2535 1077 2589 est,
1111 2539 1175 2578 ac
1208 2523 1438 2592 denique
1458 2522 1741 2591 ejusmodi,
1768 2531 1826 2575 ut
1848 2536 1947 2575 nec
1969 2520 2133 2589 tangi,

576 2632 674 2670 nec
702 2616 871 2669 oculis
901 2614 1046 2668 cerni
1082 2613 1283 2683 queat?
1312 2613 1391 2665 An
1426 2614 1538 2667 hate
1569 2626 1779 2681 quoque
1824 2611 1877 2664 in
1911 2624 2132 2679 corpora

2226 2159 2321 2210 xui.
2353 2158 2791 2228 θεολογικώτατε,
2827 2163 2921 2216 καὶ
2961 2163 3275 2233 καυχώμενε
3319 2166 3398 2227 είς
3443 2164 3511 2216 τὰ
3540 2165 3785 2234 ἄμετρας

2226 2249 2460 2321 Πότερον
2492 2252 2682 2322 σῶμα;
2724 2254 2819 2305 καὶ
2851 2255 2965 2317 πῶς
3007 2254 3067 2308 τὸ
3104 2255 3345 2323 ἄπειρον,
3380 2254 3474 2306 καὶ
3514 2254 3787 2323 ἀόριστον,

2224 2339 2321 2391 καὶ⁸
2352 2340 2773 2411 ἀσχημάτιστον,
2819 2344 2913 2395 καὶ
2946 2344 3166 2409 ἀναφὲς,
3199 2343 3292 2395 καὶ
3330 2343 3588 2412 ἀόρατον;
3622 2343 3654 2412 ἢ
3692 2342 3790 2393 καὶ

2223 2429 2394 2482 ταῦτα
2448 2430 2711 2502 σώματα;
2751 2433 2813 2484 Ὠ
2842 2433 2944 2501 τῆς
2978 2432 3257 2496 ἐξουσίαςί
3291 2433 3351 2483 οὐ
3384 2431 3491 2500 γάρ
3522 2432 3655 2499 αὑτὴ
3687 2431 3789 2498 φύ-

2225 2536 2308 2583 σις
2334 2522 2618 2590 σωμάτων.
2652 2524 2722 2575 Ἦ
2764 2522 2921 2593 σῶμα
2959 2524 3076 2593 μὲν,
3115 2522 3236 2591 οὐχὶ
3274 2522 3442 2573 ταῦτα
3470 2521 3559 2581 δέ;
3590 2522 3653 2572 Ὢ
3682 2519 3788 2587 τῆς

2223 2609 2527 2679 παχύτητος
2550 2610 2565 2663 ι
2672 2610 2762 2664 ἴνα
2851 2612 3012 2682 μηδὲν
3039 2611 3199 2664 πλέον
3221 2612 3376 2680 ἡμῶν
3397 2610 3493 2680 ἔχῃ
3526 2609 3587 2662 τὸ
3606 2610 3781 2663 Θεῖον.

2222 2697 2347 2760 Πῶς
2371 2697 2479 2768 γὰρ
2505 2699 2697 2752 σεπτὸν
2728 2735 2745 2762 ,
2836 2700 2886 2752 εί
2955 2702 3354 2773 περιγραπτόνς
3386 2702 3418 2772 ἢ
3450 2701 3562 2763 πῶς
3594 2701 3786 2769 φεύξε-

577 2802 692 2844 tnra
726 2798 831 2845 est.
860 2792 939 2843 An
971 2804 1166 2857 corpus
1186 2789 1400 2858 quidem
1421 2803 1540 2843 esse
1564 2797 1785 2852 statues,
1810 2786 2119 2841 immensum

2220 2800 2309 2837 ται
2354 2784 2415 2837 τὸ
2452 2788 2516 2839 ὲκ
2546 2788 2821 2856 στοιχείων
2857 2792 3191 2858 συγκεῖσθαι,
3222 2790 3316 2845 καὶ
3348 2793 3426 2853 είς
3450 2790 3592 2843 αὐτὰ
3625 2791 3788 2842 πάλιν

578 2897 727 2946 vero,
771 2890 933 2948 atque
956 2868 1245 2944 infinitum,
1276 2888 1574 2947 ceteraque
1594 2878 1750 2946 hujus
1774 2876 1985 2945 generis
2010 2890 2119 2930 esse

2220 2874 2565 2940 ἀναλύεσθαι,
2592 2876 2625 2946 ἢ
2661 2878 2754 2931 καὶ
2790 2878 2927 2943 ὅλως
2947 2880 3200 2946 λύεσθαι;
3234 2880 3486 2941 Σύνθεσις
3518 2880 3653 2951 γὰρ,
3684 2880 3786 2949 ἀρ-

574 2960 836 3041 ιπρεόιιίιη
873 2970 916 3025 Ο
939 2969 1238 3024 crassitiem
1262 2970 1276 3023 !
1306 2978 1361 3023 ut
1390 2968 1531 3023 nulla
1560 2982 1618 3023 re
1647 2969 1784 3022 Deus
1812 2968 1964 3023 nobis
1992 2982 2119 3036 pra:-

2220 2963 2289 3033 χὴ
2322 2964 2536 3035 μάχης·
2576 2966 2721 3039 μάχη
2754 2968 2831 3033 δὲ,
2860 2969 3220 3034 διαστάσεωςο
3257 2969 3394 3040 ήδι,
3417 2968 3652 3033 λύσεως’
3683 2968 3781 3020 λύ-

568 3072 693 3115 stet.
714 3061 851 3126 Quid
875 3060 1017 3113 enim
1047 3058 1225 3113 aﬂ'erri
1248 3068 1444 3128 potest,
1469 3074 1563 3112 cur
1587 3058 1794 3112 colatur
1815 3067 1975 3126 atque
2001 3058 2119 3111 ado-

2221 3069 2305 3115 σις
2343 3053 2399 3105 δὲ
2432 3054 2707 3127 ἀλλότριον
2758 3057 2932 3128 πάντη
2977 3057 3132 3121 Θεοῦ,
3173 3058 3266 3111 καὶ
3298 3058 3397 3127 τῆς
3426 3056 3646 3127 πρώτης
3676 3054 3780 3123 φύ-

458 3186 459 3189 η
570 3160 736 3214 retur,
772 3150 816 3203 si
850 3150 1292 3217 circumscriptus
1338 3148 1454 3203 est?
1486 3146 1593 3201 Aut
1639 3147 1766 3216 quid
1798 3161 1971 3202 causa:
2005 3161 2119 3201 esse

2221 3159 2378 3206 σεως.
2416 3143 2622 3197 Οὔκουν
2668 3145 2966 3210 διάστασις,
3021 3147 3106 3199 ἵνα
3151 3146 3227 3217 μὴ
3249 3146 3428 3210 λύσις·
3463 3147 3581 3199 οὐδὲ
3609 3146 3783 3215 μάχη.

564 3242 827 3304 dicemus,
860 3242 987 3310 quin
1013 3256 1074 3294 ex
1104 3240 1385 3296 elementis
1430 3239 1691 3295 conﬂatus
1723 3239 1812 3304 sit,
1861 3246 2023 3307 atque
2068 3238 2119 3292 in

2220 3232 2307 3285 ῐνα
2336 3232 2409 3303 μὴ
2438 3233 2744 3298 διάστασις·
2787 3236 2904 3289 οὐδὲ
2934 3236 3197 3300 σύνθεσις,
3234 3237 3319 3288 τνα
3354 3236 3428 3306 μὴ
3474 3236 3617 3305 μάχη
3642 3250 3655 3263 ’
3692 3234 3783 3287 διὰ

561 3332 749 3385 eadem
785 3330 961 3383 denuo
1011 3330 1285 3397 redigatur
1310 3366 1326 3395 ,
1382 3337 1470 3382 aut
1500 3328 1663 3382 etiam
1702 3341 1923 3394 prorsus
1950 3328 2119 3380 inter-

2216 3322 2373 3375 τοῦτο
2425 3323 2544 3376 οὐδὲ
2596 3325 2774 3394 σῶμα,
2830 3325 2915 3377 ἵνα
2965 3325 3038 3396 μὴ
3092 3325 3356 3387 σύνθεσις.
3394 3326 3489 3377 Ἐκ
3538 3325 3646 3377 τῶν
3687 3340 3780 3376 τε-

566 3415 695 3468 eat?
731 3413 1062 3481 Compositio
1112 3415 1311 3483 quippe
1345 3428 1533 3483 pugna:
1570 3412 1777 3467 initium
1812 3421 1914 3478 est,
1943 3427 2117 3481 pugna

2217 3411 2478 3467 λευταίων
2509 3414 2601 3467 ἐπὶ
2628 3413 2698 3467 τά
2730 3414 2921 3486 πρῶτα
2956 3417 2984 3469 6
3014 3414 3169 3483 λόγος
3207 3413 3392 3481 ἀνιὼν,
3423 3413 3596 3477 οὕτως
3631 3414 3781 3469 ἵστα-

558 3514 736 3557 autem
768 3503 996 3566 dissidii,
1026 3502 1305 3557 dissidium
1356 3501 1673 3557 solutionis:
1705 3500 1897 3558 solutio
1951 3514 2114 3571 porro
2216 3518 2328 3557 ται.

565 3586 707 3639 ιιιιΙΙο
729 3586 886 3641 modo
907 3588 958 3641 in
981 3588 1142 3643 Deum
1166 3605 1230 3644 ac
1257 3592 1480 3659 primam
1502 3592 1643 3645 illam
1666 3600 1905 3646 naturam
1936 3593 2097 3648 cadit.
2129 3591 2387 3660 Quocirca
2409 3594 2610 3649 nullum
2638 3593 2916 3650 dissidium
2947 3593 3333 3650 admittendum
3363 3602 3467 3659 est,
3493 3609 3559 3649 ne
3583 3592 3779 3649 solutio

561 3689 921 3747 consequatur
960 3698 974 3735 :
1004 3695 1100 3736 nec
1134 3698 1331 3753 pugna,
1360 3699 1428 3738 ne
1452 3685 1727 3739 dissidium
1752 3686 1959 3742 oriatur
1990 3705 2004 3741 :
2043 3702 2142 3744 nec
2188 3690 2527 3757 compositio,
2555 3704 2623 3744 ne
2649 3704 2821 3760 pugna
2847 3690 3090 3745 exsistat.
3122 3695 3199 3743 Ae
3246 3688 3467 3758 proinde
3490 3703 3555 3742 ne
3585 3702 3777 3755 corpus

561 3770 772 3837 quidem
789 3781 890 3836 cst,
912 3786 975 3825 ne
997 3773 1191 3843 alioqui
1210 3776 1557 3843 compositum
1578 3776 1790 3846 quidem
1808 3794 1928 3834 eum
1949 3795 2168 3837 necesse
2188 3782 2276 3837 sit.
2298 3780 2388 3836 Sic
2404 3785 2469 3837 ab
2488 3782 2743 3837 extremis
2757 3781 2822 3835 ad
2850 3782 3019 3850 prima
3050 3794 3333 3834 recurrens
3356 3779 3532 3833 oratio
3551 3779 3764 3831 insistit.

574 2705 812 2759 cadunt?
833 2703 876 2758 0
900 2702 1210 2755 licentiam!
1240 2700 1353 2755 Non
1377 2702 1517 2755 enim
1569 2701 1682 2754 haec
1720 2712 2001 2766 corporum
2038 2713 2134 2751 na-

798 3869 914 3925 Jam
946 3884 1075 3925 vero
1126 3869 1389 3939 quomodo
1441 3868 1568 3922 illud
1620 3869 1753 3921 tueri
1797 3867 2110 3937 poterimus,

552 3962 692 4028 quod
726 3960 801 4013 ait
851 3960 1124 4030 Scriptura
1147 3999 1163 4025 ,
1203 3960 1368 4015 Deum
1419 3960 1593 4015 omnia
1629 3962 1919 4028 pervadere
1953 3970 2112 4029 atque

554 4050 811 4119 implere,
837 4050 989 4119 juxta
1032 4049 1157 4104 illud
1184 4066 1199 4103 :
1232 4047 1421 4104 Nonne
1450 4049 1632 4103 caelum
1675 4060 1724 4103 et
1774 4059 1965 4103 terram
2016 4065 2108 4118 ego

556 4138 781 4205 impleo?
810 4137 935 4190 dicit
988 4136 1241 4191 Dominus
1293 4134 1355 4203 δς
1388 4146 1461 4200 et,
1514 4134 1741 4203 Spiritus
1784 4136 1992 4189 Domini
2022 4151 2108 4189 re-

552 4228 701 4292 plevit
741 4228 914 4280 orbem
957 4237 1213 4280 terrarum
1252 4225 1320 4290 ⁸;
1368 4228 1411 4282 si
1454 4227 1590 4280 Deus
1642 4227 1834 4294 partim
1875 4227 2105 4280 circum-

2214 4228 2313 4299 μὲν
2346 4230 2667 4299 περιγράφοι
2691 4264 2708 4291 ,

550 4315 770 4379 Scribat,
818 4316 1011 4383 partim
1042 4315 1546 4369 circumscribatur?
1571 4315 1675 4367 Aut
1702 4314 1842 4366 enim
1882 4327 1977 4381 per
2011 4327 2105 4366 va-

2406 3869 2529 3930 Πῶς
2561 3868 2618 3920 δὲ
2640 3868 2732 3921 καὶ
2763 3869 3063 3939 σωθήσεται
3094 3870 3156 3923 τὸ
3189 3870 3275 3923 διὰ
3302 3871 3518 3925 πάντων
3544 3872 3769 3942 διήκειν,

2213 3958 2309 4011 καὶ
2340 3956 2577 4027 πληροῦν
2595 3955 2665 4009 τὰ
2695 3956 2872 4011 πάντα
2899 3957 3051 4022 Θεὸν,
3084 3960 3221 4012 κατὰ
3246 3959 3326 4023 τὸ,
3360 3960 3503 4027 Οὐχὶ
3533 3961 3639 4014 τὸν
3666 3963 3765 4013 οὺ-

2209 4046 2397 4117 ρανὸν
2417 4047 2513 4101 καὶ
2530 4047 2643 4115 τὴν
2663 4046 2776 4116 γῆν
2795 4046 2909 4117 ἐγὼ
2940 4047 3145 4115 πληρῶ
3157 4065 3176 4112 ;
3202 4049 3360 4119 λέγει
3384 4051 3616 4117 Κύριος·
3651 4052 3764 4112 καὶ,

2211 4138 2452 4207 Πνεῦμα
2482 4140 2697 4209 Κυρίου
2718 4138 3070 4207 πεπλήρωκε
3099 4138 3212 4207 τὴν
3235 4141 3608 4209 οίκουμένην.
3634 4142 3683 4193 εί
3709 4140 3767 4192 τὸ

2799 4228 2861 4282 τὸ
2920 4230 2977 4283 δὲ
3068 4232 3488 4302 περιγράφοιτο;
3540 4231 3609 4283 Ἦ
3658 4231 3764 4301 γὰρ

2209 4316 2300 4372 διὰ
2328 4317 2481 4370 κενοῦ
2512 4318 2748 4387 χωρήσει
2775 4318 2866 4371 τοῦ
2884 4318 3099 4383 παντὸς,
3129 4321 3223 4373 καὶ
3248 4321 3315 4374 τά
3350 4322 3526 4373 πάντα
3550 4322 3764 4390 οἰχήσε-

541 4408 693 4447 cnam
725 4395 1124 4449 universitatem
1156 4397 1513 4464 grassabttur,
1542 4407 1594 4451 et
1619 4412 1706 4453 res
1727 4412 1913 4454 omnes
1935 4400 2091 4457 nobis

2211 4419 2279 4455 ται
2307 4404 2457 4473 ἡμῖν,
2489 4402 2557 4454 ἶν’
2586 4402 2813 4473 ὑδρισθῇ
2844 4403 2996 4469 Θεὸς,
3024 4403 3117 4454 καὶ
3149 4402 3307 4470 σῶμα
3335 4402 3639 4470 γενόμενος,
3675 4404 3767 4455 καὶ

541 4483 809 4551 peribunt,
864 4492 924 4538 ut
977 4484 1057 4537 sic
1109 4484 1250 4539 Deus
1280 4487 1602 4540 contumelia
1638 4485 1914 4555 aliieiatur,
1949 4490 2078 4544 nimi

541 4589 657 4627 rum
688 4581 743 4626 et
775 4573 866 4642 qui
896 4589 1091 4643 corpus
1118 4577 1207 4639 sit,
1238 4576 1376 4630 etiis
1423 4590 1539 4645 quae
1562 4578 1865 4646 procreavit
1884 4589 2063 4634 careat
2089 4597 2104 4636 :

539 4673 629 4715 ant
660 4678 852 4732 corpus
875 4663 926 4717 in
957 4665 1273 4733 corporibus
1304 4667 1427 4730 erit,
1454 4667 1505 4721 id
1536 4670 1678 4735 quod
1714 4668 1829 4721 tieri
1878 4684 1981 4722 non
2013 4683 2108 4738 po-

539 4759 800 4804 testzaut
853 4752 1335 4821 implicabitur,et
1392 4762 1710 4821 opponetur,
1759 4755 2104 4821 quemadmo-

537 4842 660 4892 dum
682 4856 766 4904 ea,
795 4858 913 4909 qua:
937 4842 1237 4910 liquiditate
1262 4842 1483 4910 praedita
1596 4851 1725 4896 sunt
1752 4881 1768 4907 ,
1890 4844 2029 4897 inter
2047 4858 2106 4899 se

540 4927 872 4993 miscentur;
915 4940 1075 4996 atque
1102 4929 1207 4981 alia
1235 4929 1460 4995 secabit,
1496 4937 1547 4982 et
1569 4929 1636 4982 ab
1664 4929 1785 4983 aliis
1811 4944 2000 4984 rursus
2019 4946 2102 4986 se-

543 5014 774 5077 cabitur,
800 5017 941 5082 quod
978 5016 1107 5084 ipsis
1135 5018 1298 5070 etiam
1332 5016 1546 5085 Epicuri
1579 5017 1777 5071 atomis
1823 5016 2104 5074 absurdius

536 5112 591 5153 et
624 5101 819 5156 a'nilius
845 5112 928 5157 est
957 5121 971 5168 ;
1009 5105 1193 5172 sicque
1223 5106 1376 5159 nobis
1407 5105 1726 5171 collabetur,
1764 5120 1864 5161 nec
1886 5121 2100 5176 corpus,

534 5205 634 5244 nec
666 5190 820 5245 solidi
867 5193 1155 5261 quidquam
1206 5194 1428 5250 babebit
1474 5198 1588 5252 haec
1630 5197 1943 5266 disputatio,
1998 5213 2100 5265 qua

532 5293 731 5347 corpus
817 5281 924 5335 Deo
1018 5283 1254 5338 tribuere
1316 5300 1596 5340 conamur.
1657 5287 1810 5353 Quod
1872 5288 1915 5341 si
1976 5301 2099 5341 eum

532 5383 729 5435 corpus
760 5370 998 5424 materia;
1027 5386 1220 5440 expers
1276 5388 1398 5429 esse
1442 5376 1837 5440 contenderim,
1885 5375 1930 5430 si
1982 5376 2103 5445 qui-

532 5458 652 5510 dem
692 5459 938 5527 quintum
988 5458 1140 5526 illud,
1196 5471 1255 5517 ut
1310 5464 1549 5519 nonnulli
1585 5458 1939 5531 censuerunt,
1967 5466 2099 5520 etin

2207 4490 2307 4543 οὐκ
2338 4489 2472 4560 ἔχων
2509 4490 2607 4543 ὅσα
2634 4492 2956 4560 πεποίηκεν·
2988 4492 3021 4561 ἢ
3059 4490 3215 4560 σῶμα
3253 4492 3310 4543 ὲν
3344 4489 3557 4560 σώμασι
3591 4490 3764 4554 ἔσται,

2205 4578 2339 4648 ὅπερ
2379 4578 2668 4643 ἀδύνατον·
2703 4580 2737 4649 ἢ
2769 4580 3101 4649 πλακήσεται
3142 4578 3235 4633 καὶ
3273 4579 3765 4649 ἀντιπαρατεθήσε-

2203 4684 2313 4735 ται,
2350 4666 2535 4739 ὥσπερ
2646 4669 2748 4725 ὅσα
2813 4668 2924 4722 τῶν
3013 4668 3192 4739 ὑγρῶν
3241 4670 3523 4739 μίγνυται·
3566 4671 3659 4721 καὶ
3702 4669 3766 4722 τὸ

2207 4758 2305 4828 μὲν
2333 4759 2541 4829 τέμνει,
2566 4758 2670 4812 ὑπὸ
2690 4759 2746 4812 δὲ
2780 4758 2873 4812 τοῦ
2906 4759 3260 4832 τμηθήσεται,
3288 4760 3315 4812 ὃ
3349 4760 3441 4812 καὶ
3470 4761 3576 4813 τῶν
3617 4761 3765 4812 Ἑπι-

2202 4849 2465 4920 κουρείων
2511 4850 2728 4918 ἀτόμων
2781 4850 3123 4921 ἀτοπώτερόν
3169 4867 3228 4902 τε
3280 4850 3373 4903 καὶ
3429 4850 3763 4921 γραωδέστε-

2203 4956 2295 5009 ρον
2328 4953 2347 4973 ο
2430 4939 2527 4993 καὶ
2606 4939 2745 4993 οὕτω
2774 4940 3106 4993 διαπεσεῖται
3147 4941 3294 5010 ἡμῖν,
3330 4940 3423 4992 καὶ
3469 4941 3623 5010 σῶμα
3665 4941 3764 5009 οὐχ

2200 5030 2331 5097 ἕξει,
2358 5029 2476 5082 οὐδὲ
2497 5029 2657 5099 πῆξίν
2688 5048 2808 5085 τινα
2843 5033 2871 5084 6
2896 5031 3022 5101 περὶ
3053 5031 3143 5085 τοῦ
3176 5031 3423 5101 σώματος
3580 5027 3761 5099 λόγος.

2202 5118 2269 5172 Ei
2297 5119 2353 5171 δὲ
2377 5118 2536 5173 ᾶῦλον
2567 5121 2833 5190 φήσομεν,
2882 5122 2931 5172 εί
2967 5121 3064 5191 μὲν
3094 5121 3154 5173 τὸ
3201 5120 3463 5190 πέμπτον,
3506 5119 3581 5182 ὦς
3619 5135 3761 5172 τισιν

2200 5207 2381 5274 εδοξε,
2479 5208 2574 5263 καὶ
2688 5209 2787 5278 τὴν
2827 5209 3009 5279 κύκλῳ
3046 5210 3215 5280 φοράν
3256 5211 3580 5283 φερόμενον·
3622 5209 3762 5262 εστω

2204 5297 2300 5367 μὲν
2329 5297 2487 5351 ἀῦλόν
2505 5315 2558 5350 τι
2590 5300 2683 5352 καὶ
2716 5300 2959 5369 πέμπτον
2989 5300 3167 5370 σῶμα,
3195 5304 3244 5355 εί
3272 5302 3547 5371 βούλονται
3568 5300 3644 5365 δὲ,
3668 5300 3763 5353 καὶ

2200 5387 2502 5457 ἀσώματον,
2535 5390 2675 5442 κατὰ
2707 5391 2803 5461 τὴν
2826 5392 3117 5462 αὐτόνομον
3145 5394 3321 5447 αὐτῶν
3351 5394 3443 5447 τοῦ
3478 5394 3633 5462 λόγον
3662 5410 3761 5461 φο-

2203 5478 2304 5549 ρὰν
2334 5479 2427 5531 καὶ
2448 5480 2746 5534 ἀνάπλασιν
2766 5498 2781 5513 ο
2813 5483 2959 5535 οὐδὲν
2996 5482 3104 5554 γὰρ
3132 5485 3226 5539 νῦν
3261 5486 3386 5557 περὶ
3413 5486 3599 5540 τούτου
3631 5483 3757 5539 διοι-

605 5551 620 5580 ¹
658 5552 820 5610 lCor.
848 5557 1050 5624 v.16.
1127 5561 1147 5592 ’
1183 5559 1272 5616 Ps.
1304 5578 1492 5632 cum,
1524 5566 1645 5622 l3l.
1720 5567 1740 5600 ³
1774 5567 1792 5623 1
1822 5568 1945 5624 Cor.
1997 5587 2057 5636 lt,
2096 5571 2181 5633 lt).
2257 5573 2278 5607 ⁸
2301 5573 2414 5630 Jcr.
2448 5591 2607 5643 unt,
2632 5578 2720 5633 26.
2793 5581 2816 5614 ⁸
2842 5580 2967 5646 Sap.
3002 5596 3043 5647 t,
3074 5551 3131 5637 '7.
