4094 6286
291 342 397 406 161

280 485 479 522 σομαι.

281 484 479 540 σομαι.
644 484 801 519 hara
827 484 881 518 τι
901 484 957 517 οε
980 484 1089 516 των
1109 484 1443 532 κινουμενων
1469 484 1619 515 εσται
1656 484 1753 515 και
1774 484 1872 529 φε-

281 558 559 632 ρομένων,
596 556 685 609 ἵνα
726 555 803 627 μὴ
852 554 1000 622 λέγω
1050 552 1150 625 τὴν
1189 551 1366 623 ὕϐριν,
1406 553 1456 605 εί
1481 551 1552 605 τὰ
1586 550 1730 607 αὐτὰ
1758 551 1874 613 τοῖς

276 642 678 714 πεποιημένοις
706 642 735 693 ὁ
763 635 1083 707 πεποιηκὼς
1110 636 1483 707 κινηθήσεται.
1522 636 1754 697 καὶτοῖς
1788 650 1873 702 φε-

274 736 539 808 ρομένοις
574 736 603 788 ὁ
635 733 836 804 φέρων,
873 728 929 782 εἴ
962 745 1027 799 γε
1063 729 1159 782 καὶ
1200 727 1359 782 τοῦτο
1382 728 1649 793 Mecum;
1691 728 1758 781 Τί
1789 726 1875 779 δαὶ

269 827 344 881 τδ
545 823 703 876 τοῦτο
750 820 913 874 πάλιν
965 818 1186 884 κινοῦν;
1240 818 1295 873 τί
1324 818 1383 872 δὲ
1416 818 1478 872 τὸ
1511 819 1620 872 πᾶν
1660 816 1873 883 κινοῦν;

270 918 508 972 κάκεῖνο
520 914 572 967 τί
594 932 608 981 ;
638 914 733 966 καὶ
756 913 808 966 τί
834 911 998 965 πάλιν
1010 912 1186 964 ἐκεῖνο
1205 927 1219 977 ;
1240 910 1335 965 καὶ
1354 909 1513 963 τοῦτο
1528 910 1609 973 είς
1627 908 1873 981 ἄπειρον.

273 1006 413 1069 Πῶς
466 1004 555 1058 δαὶ
592 1004 691 1056 οὐκ
720 1002 778 1056 ὲν
806 1002 959 1070 τόπῳ
993 1000 1230 1066 πάντως,
1262 1001 1316 1053 ετ
1340 1016 1404 1068 γε
1433 999 1770 1071 φερόμενον;
1813 994 1877 1050 Ei

271 1098 341 1151 δὲ
367 1096 497 1151 ἄλλο
526 1112 578 1147 τι
607 1093 758 1165 παρὰ
784 1092 847 1145 τὸ
884 1092 1135 1164 πέμπτον
1162 1091 1448 1163 φήσουσιν,
1485 1093 1535 1146 εί
1578 1090 1679 1162 μὲν
1705 1090 1877 1158 ἀγγε-

280 1187 460 1241 λικόνο
492 1185 655 1239 πόθεν
682 1187 763 1238 ὃτι
788 1183 1009 1253 ἄγγελοι
1186 1182 1433 1255 σώματα,
1467 1183 1561 1237 καὶ
1586 1183 1710 1237 τίνα
1749 1180 1879 1235 ταῦ-

279 1295 390 1343 τας
425 1278 521 1330 καὶ
553 1276 721 1349 πόσρν
900 1275 1039 1347 ὑπὲρ
1067 1274 1299 1346 ἄγγελον
1346 1273 1433 1347 εἴη
1465 1273 1618 1341 Θεὸς,
1655 1268 1716 1328 οῦ
1768 1271 1878 1326 λει-

280 1368 522 1437 τουργὸς
554 1366 823 1435 ἄγγελοςς
872 1366 936 1418 Ei
970 1365 1027 1419 δὲ
1066 1365 1204 1438 ὑπὲρ
1234 1364 1429 1432 ταῦτα,
1466 1364 1626 1419 πάλιν
1650 1363 1879 1435 εἰσήχθη

285 1460 567 1530 σωμάτων
599 1459 765 1530 ἑσμὸς
797 1458 1103 1529 ἀλόγιστος,
1134 1466 1230 1512 και
1270 1457 1541 1532 φλυαρίας
1572 1456 1753 1530 βυθὸς,
1790 1456 1877 1509 οὐ·

283 1549 359 1602 δα
367 1548 471 1620 μοῦ
512 1550 701 1619 στῆναι
728 1549 1049 1619 δυνάμενος.

1285 342 1658 404 PANOPLIA
1715 343 2171 408 DOGMATICA.
2208 370 2277 382 -
2308 345 2457 409 TIT-
2484 345 2585 410 IV.

3439 348 3541 411 "‘2

640 463 801 519 Κατὰ
827 461 957 518 τίδὲ
980 461 1089 516 τῶν
1109 461 1443 532 κινουμένων
1469 460 1619 515 ἔσται
1656 459 1753 515 καὶ
1774 474 1872 529 φε-

1981 465 2150 522 irbem
2174 464 2407 520 volubile
2448 483 2462 521 :
2486 464 2558 520 sit
2585 466 2719 518 sane
2745 474 2943 531 corpus
2965 460 3237 531 quoddam
3268 460 3554 529 quintum,

1969 568 2025 612 et
2053 572 2084 610 a
2126 556 2353 611 materia
2384 563 2672 619 semotum,
2702 563 2866 622 atque
2889 552 3080 615 etiam,
3110 551 3154 606 si
3187 550 3319 620 ipsis
3347 550 3421 604 ita
3443 550 3556 605 col-

1968 646 2185 702 liliuerit
2213 688 2228 713 ,
2257 646 2676 716 incorporeum;
2712 643 3150 714 quandoquidem
3202 643 3275 695 ita
3308 655 3559 697 sermone

1970 736 2262 807 comparati
2320 744 2448 791 sunt
2475 774 2491 801 ,
2529 744 2586 789 ut
2612 748 2707 805 pro
2736 732 2963 788 arbitrio
2995 734 3047 786 in
3101 746 3318 787 omnem
3352 740 3557 801 partem

1970 841 2092 883 sese
2146 835 2385 889 versent,
2423 841 2487 881 ac
2519 825 2734 896 quidvis
2760 823 3051 894 ellingant;
3085 822 3218 876 nihil
3253 822 3397 876 enim
3456 822 3559 875 hac

1971 921 2036 975 de
2064 934 2123 975 re
2148 919 2203 974 in
2254 917 2544 989 praesentia
2583 930 2705 971 cum
2769 915 2876 971 illis
2922 913 3250 969 altercabor.
3288 914 3556 967 Caateruni

1965 1025 2074 1078 quo
2112 1010 2327 1064 tandem
2370 1008 2423 1062 in
2456 1021 2657 1079 genere
2676 1005 2784 1060 erit
2812 1020 3001 1061 earum
3039 1019 3242 1070 rerum,
3269 1019 3387 1072 qua:
3412 1016 3557 1056 motu

1966 1101 2178 1156 cientur
2207 1107 2258 1155 et
2287 1100 2561 1169 agitantur
2581 1136 2596 1163 ,
2633 1107 2691 1153 ut
2719 1097 2934 1152 interim
2968 1106 3201 1159 taceam,
3233 1110 3397 1164 quam
3426 1110 3557 1165 gra-

1965 1190 2051 1244 vis
2078 1189 2149 1245 sit
2176 1188 2541 1254 contumeliae,
2575 1202 2844 1252 asserere,
2868 1185 3180 1240 Creatorem
3206 1185 3418 1247 eodem,
3451 1199 3559 1252 quo

1969 1294 2057 1335 res
2095 1279 2164 1334 ab
2199 1294 2264 1335 eo
2291 1288 2529 1345 creatas,
2570 1288 2717 1333 motu
2753 1278 2994 1340 incitari,
3029 1288 3192 1346 atque
3221 1291 3366 1340 eum,
3403 1275 3561 1343 cujus

1967 1373 2019 1427 vi
2053 1387 2118 1428 ac
2161 1373 2383 1427 numine
2420 1385 2509 1427 res
2546 1370 2780 1426 conditae
2818 1369 3132 1434 volvuntur,
3163 1368 3207 1420 si
3242 1377 3422 1420 tamen
3459 1370 3563 1420 hoc

1966 1462 2135 1518 etiam
2164 1463 2340 1518 daturi
2387 1471 2535 1528 sunt,
2567 1462 2758 1518 eodem
2814 1460 2973 1515 modo
3001 1473 3125 1513 cum
3179 1457 3246 1511 iis
3303 1456 3443 1511 volvi
3497 1472 3563 1511 ac

1905 1559 1947 1614 Β
1972 1555 2353 1612 circumferri?
2378 1555 2571 1622 Quaero
2599 1556 2765 1609 etiam
2785 1592 2800 1617 ,
2834 1552 3092 1621 quidnam
3138 1550 3210 1604 sit
3254 1549 3396 1617 quod
3442 1548 3566 1602 uni-

275 1658 507 1699 versum
539 1645 641 1698 hoc
673 1642 923 1697 moveat?
954 1641 1220 1709 Quidnam
1255 1655 1385 1696 vero
1432 1640 1577 1711 quod
1626 1639 1866 1696 vicissim
1908 1640 2040 1696 illud
2094 1651 2333 1708 moveat,
2403 1658 2469 1699 ac
2505 1659 2720 1700 rursum
2756 1661 2787 1700 a
2811 1659 2920 1716 quo
2956 1643 3086 1698 illud
3120 1638 3438 1697 moveatur?
3470 1638 3561 1693 Eo-

274 1735 519 1802 demque
562 1732 720 1787 modo
775 1729 829 1785 in
872 1731 1142 1784 inﬁnitum
1188 1730 1522 1799 progrediar.
1556 1728 1656 1796 Qui
1707 1730 1868 1784 etiam
1910 1730 2024 1785 lieri
2061 1740 2259 1800 potest,
2319 1740 2380 1787 ut
2408 1735 2630 1790 omnino
2693 1748 2797 1789 non
2852 1735 2925 1791 sit
2972 1733 3024 1787 in
3075 1732 3215 1798 loco,
3247 1732 3293 1787 si
3347 1730 3564 1801 quidem

278 1826 481 1887 fertur,
520 1840 584 1879 ac
618 1833 763 1878 motu
812 1821 1109 1877 incitatur?
1144 1821 1259 1876 Jam
1318 1821 1364 1876 si
1417 1820 1563 1877 aliud
1609 1821 1881 1891 quoddam
1921 1836 2137 1891 corpus,
2172 1834 2370 1892 praeter
2408 1825 2655 1894 quintum
2690 1825 2842 1891 illud,
2913 1824 3081 1880 Deum
3132 1837 3253 1877 esse
3304 1827 3566 1878 statuant,

276 1916 327 1970 si
372 1917 588 1985 quidem
629 1914 929 1985 angelicum
974 1932 989 1970 :
1028 1916 1175 1970 unde
1226 1915 1537 1985 probabunt
1569 1916 1792 1985 angelos
1831 1930 2061 1985 corpore
2114 1927 2384 1999 constare,
2454 1928 2512 1975 et
2549 1935 2659 1990 quo
2715 1921 2931 1975 tandem
2981 1917 3252 1988 corpore?
3295 1916 3566 1983 Quantum

276 2016 488 2070 autem,
511 2005 558 2060 si
586 2019 672 2061 res
702 2005 775 2059 ita
798 2019 858 2060 se
887 2005 1105 2073 habeat,
1138 2006 1279 2064 Deus
1347 2007 1621 2077 angelum,
1653 2022 1763 2078 quo
1824 2008 2073 2065 ministro
2103 2011 2296 2076 utitur,
2321 2010 2651 2066 antecellet?
2685 2010 2742 2066 Si
2768 2025 2964 2079 corpus
2990 2010 3263 2080 quoddam
3293 2007 3378 2061 Itis
3436 2007 3564 2060 sub-

279 2098 470 2153 limius
520 2113 643 2154 esse
682 2098 946 2167 dixerint,
983 2115 1174 2156 rursus
1211 2115 1501 2171 corporum
1565 2115 1796 2158 examen
1866 2103 2094 2160 rationis
2158 2119 2356 2174 expers
2406 2106 2714 2172 inducetur,
2762 2121 2828 2161 ac
2880 2119 3143 2176 nugarum
3195 2115 3392 2172 gurges
3433 2101 3566 2155 adeo

281 2190 619 2260 profundus,
642 2201 702 2246 ut
741 2206 1007 2262 nusquam
1045 2206 1142 2263 pes
1181 2192 1273 2263 ﬁgi
1302 2194 1495 2262 possit.

483 2280 640 2334 Οῦτω
666 2282 762 2351 μὲν
793 2278 887 2336 οῦν
1071 2281 1133 2334 οὐ
1164 2282 1322 2353 σῶμα
1346 2284 1478 2353 ἡμῖν
1516 2286 1546 2339 ὁ
1570 2282 1701 2346 Θεός
1759 2278 1881 2336 οὐδὲ

288 2373 407 2444 γὰρ
434 2374 535 2445 ἤδη
564 2389 647 2435 τις
669 2371 824 2425 τοῦτο
854 2372 961 2426 τῶν
986 2371 1380 2434 θεοπνεύστων,
1409 2372 1442 2443 ἢ
1472 2366 1881 2445 εἶπεν,ἥπαρε-

285 2464 508 2526 δέξατο,
562 2461 684 2513 οὐδὲ
747 2461 846 2532 τῆς
908 2461 1188 2533 ἡμετέρας
1402 2462 1571 2533 αὐλῆς
1623 2463 1652 2515 ὁ
1702 2463 1878 2532 λόγος.

285 2554 560 2608 Λείπεται
585 2552 650 2623 δὴ
677 2550 969 2622 ἀσώματον
1008 2550 1431 2623 ὑπολαμϐάνειν.
1472 2550 1613 2604 Ἀλλ’
1647 2552 1696 2604 εί
1734 2551 1881 2606 ἀσώ-

286 2661 486 2715 ματον.
519 2643 673 2697 οῦπω
723 2643 821 2714 μὲν
866 2642 987 2696 οὐδὲ
1019 2641 1177 2696 τοῦτο
1216 2641 1320 2712 τῆς
1367 2641 1558 2705 οὐσίας
1589 2658 1881 2715 παραστα-

280 2736 442 2790 τικόν
468 2753 528 2788 τε
553 2735 646 2789 καὶ
674 2734 1023 2807 περιεκτικδν
1063 2767 1082 2798 ,
1245 2734 1433 2807 ὥσπερ
1463 2734 1585 2787 οὐδὲ
1618 2735 1678 2788 τὸ
1714 2734 1879 2802 ἀγέν-

281 2844 475 2897 νητον,
502 2826 596 2879 καὶ
632 2826 693 2880 τὸ
743 2827 1003 2898 ἄναρχον,
1039 2824 1135 2879 καὶ
1172 2824 1233 2878 τὸ
1270 2825 1649 2889 ἀναλλοίωτον,
1677 2827 1772 2880 καὶ
1820 2825 1882 2879 τὸ

283 2918 599 2989 ἄφθαρτον,
629 2919 724 2972 καὶ
748 2919 849 2972 ὅσα
872 2918 1001 2989 περὶ
1022 2916 1182 2981 Θεοῦ,
1214 2917 1247 2989 ἢ
1274 2918 1404 2988 περὶ
1430 2917 1562 2971 Θεὸν
1612 2914 1751 2971 εἶναι
1792 2916 1881 2969 λέ-

281 3025 472 3078 γεται.
504 3008 569 3061 Τί
596 3008 705 3081 γὰρ
734 3008 849 3062 ὄντι
1008 3007 1158 3079 αὐτῷ
1173 3007 1315 3063 κατὰ
1338 3007 1613 3080 τὴνφύσιν
1645 3008 1738 3062 καὶ
1780 3006 1879 3080 τὴν

285 3096 596 3149 ὑπόστασιν
618 3093 873 3165 ὑπάρχει,
916 3093 978 3148 τὸ
1008 3095 1084 3166 μὴ
1117 3095 1293 3166 ἀρχὴν
1322 3095 1493 3165 ἔχειν,
1519 3096 1653 3166 μηδὲ
1684 3093 1870 3159 ἐξίστα

1995 3109 2096 3151 nec
2130 3096 2556 3166 incorruptibile,
2587 3107 2893 3164 caeteraque
2929 3096 3129 3159 omnia,

287 3184 447 3245 σθαι,
478 3184 611 3255 μηδὲ
643 3183 1011 3255 περατοῦσθαι
1038 3199 1052 3249 ;
1106 3184 1248 3236 Ἀλλ’
1276 3185 1398 3238 ὅλον
1449 3184 1511 3237 τὸ
1537 3180 1678 3239 εἶναι
1726 3201 1883 3256 περι-

284 3273 593 3343 λαμϐάνειν
622 3273 881 3346 Δλείπεται
910 3272 1364 3344 προσφιλοσοφεῖν
1396 3288 1456 3327 τε
1510 3274 1605 3326 καὶ
1646 3273 1879 3346 προσεξ-

285 3340 514 3427 εταζειν
540 3340 707 3433 τῷ⁶γε
734 3364 857 3417 νοῦν
882 3340 1018 3417 Θεοῦ
1067 3340 1076 3342 -
1207 3340 1423 3435 ἀληθῶς
1450 3362 1646 3432 ἔχοντι,
1680 3340 1774 3418 καὶ
1798 3381 1889 3418 τε-

284 3453 548 3525 λεωτέρῳ
574 3453 674 3523 τὴν
704 3453 954 3525 θεωρίαν.
1004 3455 1091 3517 Ὣς
1125 3452 1234 3527 γὰρ
1282 3455 1384 3508 οὐκ
1411 3454 1576 3526 ἀρκεῖ
1610 3455 1673 3506 τὸ
1725 3454 1888 3524 σῶμα

285 3546 493 3607 εἰπεῖν,
524 3544 558 3614 ἢ
580 3543 641 3596 τὸ
667 3544 1046 3615 γεγεννῆσθαι,
1082 3545 1218 3616 πρὸς
1246 3544 1307 3598 τὸ
1335 3544 1528 3608 καὶτὸ,
1557 3545 1688 3615 περὶ
1705 3543 1733 3597 ὃ
1758 3544 1889 3597 ταῦ-

286 3652 389 3699 τα,
417 3635 770 3705 παραστῆσαι
823 3651 885 3687 τε
933 3635 1029 3687 καὶ
1080 3633 1345 3705 δηλῶσαι,
1399 3633 1538 3689 ἀλλὰ
1560 3634 1641 3687 δεῖ
1689 3634 1784 3687 καὶ
1824 3634 1889 3686 τὸ

288 3720 661 3790 ’ὅποκείμενον
680 3720 889 3784 τούτοις
915 3723 1114 3788 εἰπεῖν,
1131 3723 1179 3775 εί
1211 3722 1395 3793 μέλλοι
1557 3722 1777 3786 τελείως
1794 3724 1888 3777 καὶ

287 3811 667 3883 ἀποχρώντως
691 3813 754 3866 τὸ
778 3812 1067 3883 νοούμενον
1108 3812 1560 3885 παραστήσεσθαι
1581 3812 1636 3884 (ἢ
1662 3813 1770 3884 γὰρ
1792 3812 1887 3866 ἄν·

290 3902 539 3974 θρωπος.
558 3902 592 3973 ἢ
606 3901 792 3974 βοῦς,ἢ
807 3902 972 3967 ἵππος
984 3903 1143 3957 τοῦτο
1161 3904 1223 3956 τὸ
1242 3901 1674 3973 ὲνσώματον,καὶ
1697 3902 1892 3971 γεννώ-

294 3994 581 4065 μενον.καὶ
594 3992 1169 4066 φθειρόμενον)ὀΰτως
1180 3993 1300 4046 οὐδὲ
1313 3994 1432 4045 ἐκεῖ
1457 3993 1710 4064 στήσεται
1730 3992 1891 4064 μέχρι

290 4083 393 4139 τοῦ
424 4086 597 4137 εἰπεῖν
634 4083 673 4139 ἃ.
706 4085 781 4155 μὴ
813 4084 983 4150 ἐστιν,
1014 4085 1043 4139 ὁ
1068 4084 1171 4155 τὴν
1192 4082 1289 4137 τοῦ
1319 4082 1473 4145 ὄντος
1498 4081 1891 4154 πολυπραγμο-

292 4177 408 4235 νῶν
442 4175 621 4246 φύσιν·
647 4176 784 4230 ἀλλὰ
810 4176 892 4230 δεῖ
922 4176 1061 4249 πρὸς
1088 4173 1167 4247 τῷ
1352 4173 1529 4229 εἰπεῖν
1561 4173 1598 4229 ἃ
1640 4173 1715 4245 μὴ
1748 4173 1887 4238 ἐστι,

294 4268 397 4322 καὶ
425 4267 455 4320 ὃ
483 4269 633 4321 ἔστιν
662 4268 856 4321 είπεῖν·
879 4268 989 4337 ὅσῳ
1017 4267 1113 4321 καὶ
1140 4268 1269 4338 ῥᾷον
1297 4264 1360 4319 ἓν
1406 4282 1459 4320 τι
1490 4264 1825 4338 περιλαϐεῖν,
1851 4265 1885 4337 ἢ

293 4358 371 4413 τὰ
401 4360 577 4413 πάντα
605 4360 728 4413 καθ’
757 4360 988 4412 ἕκαστον
1023 4359 1300 4422 ἀπειπεῖν,
1330 4357 1418 4411 ἵνα
1445 4355 1511 4411 ἔκ
1546 4373 1609 4410 τε

295 4450 637 4519 ἀναιρέσεως
686 4442 760 4503 ὧν
793 4448 895 4502 οὐκ
941 4448 1081 4513 ἔστι,
1120 4447 1346 4518 καὶτῆς
1374 4438 1436 4500 οὗ
1493 4448 1608 4500 ἐστι
1656 4447 1881 4511 θέσεως,

297 4538 611 4609 περιληφθῇ
652 4538 713 4591 τὸ
738 4538 1048 4608 νοούμενον.
1083 4537 1142 4590 '0
1171 4535 1251 4602 δὲ,
1301 4535 1338 4590 ἃ
1372 4536 1471 4608 μὲν
1497 4536 1599 4589 οὐκ
1623 4534 1739 4589 ἔστι
1794 4533 1855 4588 λέ

298 4643 440 4694 των,
476 4627 690 4681 σιωπῶν
737 4628 796 4682 δὲ
839 4628 868 4682 ὃ
896 4628 1033 4690 ἐστι,
1080 4629 1227 4681 ποιεῖ
1268 4627 1672 4699 παραπλήσιον,
1694 4625 1886 4698 ῷσπερ

299 4716 372 4770 ἂν
552 4719 600 4770 εί
656 4718 725 4772 τὰ
756 4719 919 4772 πέντε
958 4719 1041 4782 δὶς
1083 4719 1185 4771 ὅσα
1214 4718 1365 4773 ἐστὶν
1402 4718 1776 4790 ἐρωτώμενος,
1804 4718 1888 4771 ὅτι

300 4805 407 4876 μὲν
427 4804 489 4857 οὐ
522 4805 809 4874 δύολέγοι,
980 4805 1103 4859 οὐδὲ
1129 4803 1279 4875 τρία,
1319 4804 1440 4857 οὐδὲ
1472 4804 1733 4873 τέσσαρα,
1765 4800 1888 4854 οὐδὲ

299 4895 489 4958 πέντε,
517 4895 636 4948 οὐδὲ
665 4894 895 4961 εἴκοσιν,
948 4893 1069 4948 οὐδὲ
1100 4893 1416 4964 τριάκοντα.
1447 4891 1568 4946 οὐδέ
1612 4908 1755 4959 τινα,
1800 4890 1888 4944 ῐνα

301 4986 540 5042 συνελὼν
559 4985 720 5051 εἴπω,
754 4986 864 5041 τῶν
888 4984 1039 5050 ἐντὸς
1067 4985 1308 5050 δεκάδος,
1340 4984 1374 5055 ἢ
1413 4982 1713 5037 δεκαδικῶν
1764 4982 1888 5054 ἀρι-

306 5077 477 5149 ὶμῶν·
510 5078 589 5131 ὅτι
614 5077 671 5130 δὲ
689 5078 775 5149 εἴη
800 5078 934 5132 δέκα
955 5076 1030 5148 μὴ
1052 5075 1225 5145 λέγοι,
1246 5074 1382 5146 μηδὲ
1412 5073 1609 5145 ὲρείδοι
1641 5073 1732 5126 τὸν
1760 5072 1887 5127 νοῦν

299 5168 395 5221 τοῦ
427 5168 740 5239 ἐρωτῶντος
780 5168 860 5231 εἰς
908 5168 969 5220 τὸ
1015 5165 1367 5238 ζητούμενον.
1412 5163 1600 5235 Πολλῷ
1624 5162 1733 5233 γὰρ
1761 5165 1889 5234 ῥᾷον

303 5256 398 5310 καὶ
428 5255 839 5328 συντομώτερον
866 5259 930 5311 ὲκ
952 5254 1047 5309 τοῦ
1080 5256 1109 5308 ὅ
1136 5257 1286 5308 ἐστιν
1319 5255 1420 5308 ὅσα
1447 5254 1547 5307 οὐκ
1574 5253 1690 5307 ἔστι
1719 5252 1890 5323 δηλῶ-

305 5364 413 5412 σαι,
443 5347 477 5418 ἢ
508 5349 573 5400 ὲκ
605 5346 699 5401 τοῦ
730 5347 940 5401 ἀνελεῖν
982 5345 1018 5402 ἃ
1058 5347 1132 5419 μὴ
1178 5345 1348 5409 ἔστιν,
1399 5345 1428 5398 ὅ
1460 5344 1609 5397 ἐστιν
1650 5341 1889 5410 ἐνδείξα-

307 5436 447 5492 σθαι.
479 5440 551 5491 Ἦ
574 5438 733 5492 τοῦτο
769 5438 867 5510 μὲν
892 5439 1055 5493 παντὶ
1069 5437 1246 5509 δῆλον.

2180 2277 2359 2346 Atque
2384 2279 2512 2334 hinc
2544 2288 2780 2344 constat,
2823 2281 2988 2335 Deum
3022 2297 3221 2352 corpus
3263 2300 3370 2339 non
3423 2301 3567 2341 esse.

1987 2367 2173 2437 Neque
2195 2370 2336 2421 enim
2366 2371 2543 2425 adhuc
2593 2374 2877 2441 quisquam
2921 2390 3131 2439 eorum,
3185 2378 3275 2445 qui
3314 2378 3568 2433 divinitus

1985 2454 2148 2510 adlati
2185 2466 2330 2523 sunt,
2361 2458 2463 2514 hoc
2489 2460 2574 2514 vel
2605 2462 2762 2525 dixit,
2785 2463 2870 2518 vel
2893 2464 2960 2518 ab
2992 2465 3115 2520 aliis
3168 2468 3367 2521 dictum
3415 2483 3566 2521 com-

1988 2548 2260 2616 probavit,
2293 2565 2391 2605 nec
2424 2553 2596 2606 nostri
2632 2552 2793 2608 ovilis
2820 2563 2905 2609 est
2931 2555 3046 2610 haec
3076 2556 3342 2614 doctrina.
3364 2555 3567 2627 Super-

1985 2647 2071 2695 est
2100 2640 2281 2710 igitur,
2310 2649 2370 2696 ut
2421 2643 2796 2711 incorporeum
2824 2658 2946 2700 esse
2979 2646 3145 2701 Deum
3175 2647 3565 2702 existimemus.

1996 2727 2217 2795 Verum,
2280 2738 2557 2801 utcunque
2607 2734 2983 2804 incorporeum
3024 2738 3286 2801 dicamus,
3332 2738 3567 2792 nondum

1988 2829 2168 2876 tamen
2197 2823 2300 2878 hoc
2336 2833 2585 2879 naturam
2640 2826 2783 2882 illius
2828 2828 3232 2898 essentiamquc
3260 2829 3567 2898 complecti-

1990 2919 2079 2967 tur
2108 2923 2164 2968 et
2192 2914 2466 2982 declarat;
2488 2918 2959 2986 quemadmodum
2990 2935 3091 2975 nec
3118 2921 3434 2991 ingenitum,
3471 2936 3569 2975 nec

1991 3003 2312 3069 anarchum,
2335 3004 2389 3058 id
2421 3014 2524 3070 est,
2552 3006 2802 3078 principii
2836 3022 3056 3078 expers,
3086 3023 3185 3064 nec
3210 3010 3566 3075 immutabile,

3358 3111 3477 3166 quae
3500 3098 3567 3151 de

1987 3185 2119 3252 Deo,
2147 3185 2230 3239 vel
2263 3186 2409 3240 circa
2444 3183 3033 3253 Deum.pr:£dicantur.
3061 3183 3200 3249 Quid
3224 3184 3367 3237 enim
3401 3186 3567 3253 proii-

1986 3284 2073 3330 est
2119 3275 2185 3329 ad
2238 3274 2581 3330 indicandam
2632 3275 2804 3342 ipsius
2859 3286 3106 3328 naturam
3159 3283 3215 3327 et
3266 3273 3568 3328 subsisten-

1989 3365 2116 3419 tiam
2142 3378 2247 3433 qua
2274 3364 2508 3427 exsistit,
2541 3363 2585 3418 si
2620 3364 2770 3418 dicas
2818 3379 2939 3418 eum
2974 3363 3182 3417 initium
3208 3379 3310 3415 non
3344 3361 3566 3423 habere.

1988 3469 2090 3509 nec
2118 3471 2146 3507 a
2165 3469 2479 3523 sta-unquam
2503 3453 2831 3517 desciscere,
2856 3467 2954 3507 nec
2977 3454 3098 3507 ullis
3121 3453 3370 3506 terminis
3392 3451 3567 3506 inclu-

1990 3540 2080 3597 di?
2120 3539 2321 3595 Verum
2360 3549 2524 3595 totam
2572 3542 2692 3612 ejus
2743 3544 3033 3596 essentiam
3081 3542 3485 3596 edisserendam
3514 3550 3571 3595 et

1989 3631 2367 3702 inquirendam
2421 3632 2547 3687 huic
2577 3633 2955 3701 relinquimus,
2990 3632 3081 3701 qui
3121 3646 3249 3686 vere
3285 3630 3380 3685 Dei
3429 3632 3569 3685 noti-

1990 3722 2120 3775 tiam
2143 3722 2326 3789 habet,
2367 3731 2529 3792 atque
2579 3723 2633 3776 in
2666 3722 3088 3791 contemplando
3132 3721 3427 3790 perfectior
3463 3730 3568 3776 est.

1993 3812 2228 3869 Utenim
2270 3830 2377 3869 non
2409 3813 2542 3869 satis
2572 3822 2657 3869 est
2701 3828 2898 3883 corpus
2941 3814 3142 3876 dicere,
3178 3822 3270 3866 aut
3313 3827 3571 3882 procrea—

1990 3914 2102 3957 tum
2128 3918 2270 3968 esse,
2300 3904 2369 3957 ad
2401 3904 2505 3958 hoc
2534 3904 2619 3957 vel
2654 3904 2805 3969 illud,
2833 3906 2919 3959 cui
2950 3904 3062 3958 haec
3086 3904 3354 3973 adjacent,
3387 3902 3572 3973 expri-

1989 3988 2241 4044 mendum
2284 3998 2339 4046 et
2368 3991 2737 4056 indicandum,
2771 3993 2865 4046 sed
2913 3992 3043 4061 quid
3073 3992 3185 4061 ipsa
3219 4006 3431 4061 quoque
3484 4007 3574 4047 res

1988 4077 2232 4146 subjecta
2256 4078 2346 4145 sit,
2372 4078 2658 4133 dicendum
2684 4089 2786 4146 est,
2805 4080 2850 4134 si
2878 4080 3034 4134 modo
3055 4080 3323 4145 volumus,
3348 4081 3400 4134 in
3430 4081 3572 4149 quod
3634 4126 3643 4133 κ

1989 4167 2313 4238 cogitamus,
2343 4168 2501 4238 plene
2536 4178 2699 4239 atque
2743 4172 2957 4225 abunde
2995 4181 3386 4240 repraesentare
3432 4170 3574 4243 (po-

1991 4266 2097 4316 test
2125 4260 2269 4315 enim
2312 4262 2398 4317 vel
2432 4261 2616 4328 homo,
2667 4261 2751 4316 vel
2789 4261 2906 4329 bos,
2958 4263 3045 4317 vel
3080 4277 3248 4332 equus
3297 4277 3435 4331 esse,
3473 4263 3577 4318 hoc

1750 4398 1754 4402 .
1784 4355 1886 4426 τῆς
1918 4352 1963 4410 D
1990 4350 2131 4421 quod
2155 4365 2475 4421 corporeum
2503 4368 2568 4409 ac
2594 4362 2935 4423 procreatum
2964 4364 3019 4408 et
3057 4353 3409 4421 corruptibile
3453 4367 3576 4409 esse

1986 4442 2400 4514 pronuntiamus
2432 4442 2489 4513 ):
2519 4443 2586 4497 ad
2626 4444 2874 4499 eumdem
2900 4444 3117 4498 modum
3170 4444 3261 4514 qui
3285 4442 3379 4498 Dei
3421 4452 3577 4497 natu-

1985 4546 2103 4587 ram
2130 4532 2395 4588 curiosius
2422 4533 2796 4602 inquirendam
2816 4534 3049 4599 duxerit,
3065 4549 3169 4589 non
3196 4534 3283 4590 hic
3304 4537 3571 4604 conquie-

1990 4631 2128 4689 scet,
2173 4630 2231 4676 ut
2285 4623 2451 4689 dicat,
2482 4623 2611 4694 quid
2640 4638 2745 4679 non
2776 4624 2848 4679 sit
2885 4624 3050 4689 Deus,
3078 4625 3173 4679 sed
3215 4625 3317 4680 lioc
3362 4638 3577 4693 quoque

1989 4710 2094 4781 ipsi
2127 4710 2491 4777 adjiciendum
2522 4711 2647 4778 erit,
2684 4721 2764 4774 ut,
2796 4711 2926 4779 quid
2967 4710 3060 4775 sit,
3109 4717 3382 4775 exponat;
3415 4708 3578 4778 idque

1988 4814 2057 4856 eo
2085 4799 2277 4869 magis,
2325 4799 2470 4869 quod
2499 4800 2679 4854 minus
2727 4797 2942 4854 diﬂicile
2974 4807 3057 4852 est
3089 4812 3251 4852 unum
3302 4796 3575 4867 quidpiam

1993 4890 2176 4946 animo
2207 4890 2518 4960 complecti,
2547 4906 2710 4962 quam
2741 4891 2926 4961 omnia
2963 4888 3239 4960 sigillatim
3283 4889 3579 4945 inﬁciendo

1994 4995 2297 5045 removere,
2352 4989 2412 5035 ut
2456 4979 2676 5048 rejectis
2707 4982 2796 5047 iis,
2831 4995 2951 5052 qua:
2989 4996 3094 5034 non
3125 4988 3229 5047 est,
3266 4988 3322 5034 et
3370 4981 3577 5035 consti-

1994 5077 2109 5125 tuto
2130 5085 2215 5131 eo.
2252 5071 2395 5141 quod
2422 5071 2513 5134 sit,
2561 5071 3055 5141 comprehendatur
3084 5071 3136 5125 id
3181 5070 3324 5140 quod
3368 5071 3578 5141 cogita-

1931 5180 1952 5225 ;
1996 5174 2138 5215 mus.
2167 5160 2268 5227 Qui
2294 5175 2426 5216 vero
2453 5161 2551 5226 ita,
2581 5163 2708 5233 quid
2746 5178 2832 5218 res
2859 5162 3037 5231 aliqua
3070 5178 3172 5216 non
3203 5163 3298 5228 sit,
3335 5177 3578 5231 pronun-

1997 5250 2111 5323 tiat,
2144 5260 2201 5303 ut
2231 5250 2469 5318 interim,
2492 5254 2618 5321 quid
2653 5254 2747 5316 sit,
2787 5262 2981 5317 taceat,
3005 5267 3111 5307 non
3143 5251 3406 5325 absimilis
3425 5259 3508 5305 est
3531 5252 3579 5303 ei

1993 5340 2085 5409 qui
2116 5330 2355 5409 i‘sgatus,
2407 5342 2491 5396 bis
2513 5342 2754 5412 quinque
2803 5351 2935 5413 quot
2958 5344 3087 5407 sint,
3114 5340 3435 5411 reapondeat
3463 5341 3577 5409 qui-

1994 5430 2114 5484 dem
2143 5444 2207 5486 ea
2248 5446 2347 5486 nec
2379 5431 2486 5487 duo
2525 5448 2667 5500 esse,
2700 5448 2800 5489 nec
2852 5434 2978 5498 tria,
3030 5448 3129 5488 nec
3169 5440 3425 5501 quatuor,
3481 5444 3579 5484 nec

306 5531 559 5599 quinque,
592 5545 691 5586 nec
721 5531 932 5599 viginti,
955 5544 1055 5586 nec
1079 5530 1320 5600 triginta,
1351 5542 1478 5595 nec,
1509 5536 1568 5583 ut
1591 5524 1740 5582 brevi
1808 5521 2164 5591 complectar,
2232 5523 2398 5580 ullum
2467 5540 2752 5579 numerum
2789 5525 2925 5580 citra
2963 5523 3046 5578 vel
3093 5522 3233 5576 ultra
3264 5518 3577 5576 denariumi

306 5609 561 5683 caeterum
598 5626 743 5697 quod
779 5627 964 5683 decem
992 5626 1123 5693 sint,
1159 5640 1265 5681 non
1301 5625 1467 5691 dicat,
1495 5638 1595 5679 nec
1640 5629 1876 5677 mentem
1914 5618 2051 5688 ejus,
2081 5633 2112 5673 a
2173 5634 2281 5690 quo
2339 5621 2727 5691 interrogatur,
2758 5620 2826 5675 ad
2860 5619 2914 5673 id
2950 5617 3093 5688 quod
3144 5617 3428 5689 quasitum
3475 5627 3579 5673 est.

310 5718 503 5793 alligat.
537 5719 701 5778 Ilulto
727 5721 870 5779 enim
918 5720 1130 5778 facilius
1161 5730 1216 5779 et
1241 5717 1678 5793 compendiosius
1707 5726 1811 5786 cst,
1835 5728 1903 5771 ex
1940 5727 2025 5783 eo,
2053 5714 2216 5785 quod,
2249 5715 2378 5788 quid
2397 5716 2486 5784 sit,
2518 5715 2741 5782 dixeris,
2774 5712 3032 5787 quidquid
3051 5728 3156 5771 non
3185 5713 3257 5772 sit
3282 5711 3579 5775 declarare.
