4094 6286
579 373 682 438 ιδι

1785 370 2167 435 ΕῙῙΤΠΥΜῙΙ
2224 371 2549 433 ZlGABEN
2558 370 2583 429 Ι

3706 366 3825 430 16$

574 498 739 556 quam
772 498 839 538 ex
872 496 1085 549 eorum,
1120 482 1251 552 quid
1306 497 1412 538 non
1478 486 1587 544 est,
1627 479 1899 536 ablatione
1933 491 2098 551 atque
2161 480 2510 548 inliciatione,
2560 493 2680 549 qua:
2739 478 2833 547 sit,
2887 481 3311 545 demonstrare;
3370 477 3828 549 quemadmodum

575 579 750 633 cuivis
775 577 1119 647 perspicuum
1154 588 1278 629 esse
1310 573 1567 629 arbitror.

647 671 910 735 Quoniam
970 669 1135 738 igitur
1166 666 1337 722 Deum
1393 680 1620 737 corpore
1642 681 1836 724 vacare
1878 666 2032 727 nobis
2064 673 2148 723 est
2171 670 2218 728 A

572 754 954 822 exploratum,
995 752 1270 818 aliquanto
1306 748 1533 805 ulterius
1565 748 1617 803 in
1658 747 1994 815 inquirendo
2026 761 2150 815 pro-

571 846 899 914 grediamur.
930 842 1275 910 Nusquamne
1308 840 1397 895 ille
1423 848 1528 905 εει,
1558 856 1625 895 an
1662 838 1897 894 alicubi?
1925 837 1983 893 Si
2007 839 2150 893 enim

565 949 857 1003 dlllsqtlalll,
894 940 1099 999 quaeret
1129 930 1359 985 fortasse
1393 929 1588 999 aliquis
1611 944 1678 984 ex
1711 929 1777 984 iis
1824 928 1917 997 qui
1968 927 2151 998 inqui-

570 1027 727 1079 rendi
757 1040 821 1078 ac
871 1023 1181 1091 diaputandi
1238 1022 1537 1078 subtilitate
1582 1021 1875 1091 impensius
1899 1021 2152 1089 gaudent,

561 1116 839 1181 quomodo
865 1128 985 1168 esse
1009 1126 1225 1182 quoque
1249 1113 1439 1181 possit.
1467 1113 1600 1166 Nam
1625 1113 1669 1165 si
1694 1112 1745 1167 id
1763 1112 1904 1181 quod
1921 1126 2029 1166 nou
2047 1121 2150 1176 e5t,

564 1221 837 1274 nusquam
867 1214 995 1260 est:
1039 1205 1093 1259 id
1151 1218 1369 1273 quoque
1425 1205 1566 1271 quod
1620 1218 1885 1271 nusquam
1937 1212 2039 1267 est,
2084 1216 2154 1257 ne

560 1299 785 1366 quidem
829 1296 1062 1351 fortasse
1090 1304 1192 1351 εει.
1226 1294 1378 1360 Quod
1414 1294 1457 1347 si
1511 1293 1704 1348 alicubi
1760 1308 1880 1347 esse
1927 1293 2149 1359 dixeris,

562 1385 947 1455 proculdubio,
977 1384 1417 1452 quandoquidem
1448 1390 1550 1448 est,
1580 1381 1662 1435 vel
1688 1381 1741 1434 in
1768 1380 2024 1435 universo
2046 1390 2151 1447 est,

565 1476 652 1527 vel
683 1488 844 1542 supra
876 1475 1205 1528 universum.
1234 1472 1290 1527 Si
1320 1473 1373 1525 in
1416 1473 1701 1536 universo;
1735 1471 1819 1525 vel
1844 1472 1896 1524 in
1917 1470 2167 1540 quadam

564 1566 685 1633 ejus
713 1576 866 1633 parte
895 1574 1000 1628 est,
1031 1565 1116 1620 vel
1316 1564 1534 1632 ubique.
1564 1562 1620 1617 Si
1644 1561 1874 1631 quadam
1898 1561 1951 1615 in
1975 1569 2149 1629 parte,

570 1672 702 1726 ergo
732 1672 760 1709 a
788 1656 982 1710 minori
1018 1656 1122 1709 hac
1148 1665 1300 1723 parte
1350 1653 1830 1709 circumscribetur
1900 1650 1994 1705 Sin
2028 1649 2149 1705 ubi-

570 1762 697 1816 que,
725 1748 793 1800 ab
824 1746 1079 1815 ampliore
1118 1746 1331 1814 alioque
1365 1744 1531 1799 multo
1588 1743 1814 1811 majore,
1868 1742 1919 1796 id
1958 1749 2063 1806 est,
2115 1755 2148 1794 a

570 1838 879 1891 continente
904 1837 1290 1891 continebitur.
1324 1834 1449 1888 llaec
1473 1835 1514 1888 si
1542 1833 1870 1894 dederimus,
1907 1830 2144 1885 futurum

569 1938 674 1993 est,
716 1937 774 1981 ut
800 1928 1108 1981 universum
1138 1926 1372 1980 universi
1421 1923 1702 1991 complexu
1739 1930 2021 1987 teneatur,
2049 1935 2149 1977 nec

570 2020 710 2073 ullus
742 2035 770 2071 a
798 2017 1302 2086 circumscriptione
1344 2015 1480 2069 liber
1516 2023 1689 2067 exstet
1744 2013 1910 2067 locus.
1956 2010 2013 2065 In
2048 2012 2147 2067 has

2331 666 2489 720 Ἐπεὶ
2531 665 2592 722 δέ
2629 666 2780 723 ἐστιν
2820 664 3127 737 ἀσώματον
3174 666 3310 738 ἡμῖν
3340 668 3403 720 τὸ
3424 667 3606 734 Θεῖον,
3627 664 3833 738 μικρόν

2239 768 2291 805 τι
2318 750 2823 822 προσεξετάσωμεν.
2856 752 3093 823 Πότερον
3126 751 3364 823 οὐδαμοῦ
3398 751 3577 815 τοῦτο,
3607 752 3641 821 ἡ
3672 752 3831 804 ἐστιν

2238 841 2399 907 ὅτωυ;
2426 842 2490 897 El
2534 842 2635 913 μὲν
2662 843 2772 913 γὰρ
2800 841 3062 913 οὐδαμοῦ,
3090 841 3325 914 ζητήσαι
3352 860 3434 905 τις
3462 842 3529 896 ἂν
3551 842 3660 895 τῶν
3690 843 3836 910 ἄγαν

2239 929 2634 996 ὲξεταστικῶν,
2810 931 2929 995 πῶς
2954 930 3022 986 ἂν
3050 932 3145 986 καὶ
3181 931 3288 1003 εἴη.
3322 933 3386 985 Ei
3415 933 3522 1002 γὰρ
3543 930 3604 999 τὸ
3639 932 3715 1002 μὴ
3747 932 3832 996 ὂν,

2240 1021 2498 1092 οὐδαμοῦ,
2531 1022 2592 1075 τὸ
2631 1021 2908 1095 μηδαμοῦ,
2931 1022 3096 1092 τυχὸν
3121 1023 3242 1075 οὐδὲ
3276 1022 3355 1075 δν.
3388 1023 3451 1074 Ei
3471 1022 3529 1075 δέ
3560 1022 3677 1074 ἐστι
3701 1040 3830 1085 που,

2242 1114 2458 1176 πάντως
2510 1114 2744 1185 ἐπείπερ
2786 1094 2961 1178 ἐστὶν,
3007 1115 3039 1183 ἢ
3077 1117 3133 1167 ὲν
3170 1114 3249 1184 τῷ
3282 1115 3462 1178 παντὶ,
3497 1115 3529 1186 ἢ
3580 1114 3718 1184 ὑπὲρ
3772 1115 3836 1167 τὸ

2240 1204 2369 1256 πᾶν.
2418 1203 2555 1259 Ἀλλ’
2594 1205 2646 1256 εἰ
2679 1204 2777 1274 μὲν
2809 1206 2869 1257 ὲν
2895 1204 2972 1275 τῷ
3002 1205 3185 1272 παντὶ,
3231 1206 3265 1275 ἦ
3295 1222 3422 1272 τινι,
3451 1205 3483 1275 ἢ
3521 1204 3827 1275 πανταχοῦ.

2239 1295 2349 1349 Καὶ
2379 1296 2427 1348 εί
2461 1295 2557 1365 μὲν
2587 1294 2646 1349 ἔν
2666 1313 2797 1360 τινι,
2826 1297 2917 1349 ὑπ’
2943 1296 3225 1359 ἐλάττονος
3247 1297 3827 1368 περιγραφήσεταιτοῦ

2238 1400 2410 1446 τινος.
2448 1385 2511 1436 Εἰ
2542 1383 2597 1451 δὲ
2644 1385 2919 1455 πανταχοῦ
2944 1423 2962 1451 ,
3132 1386 3238 1438 ὑπὸ
3272 1386 3515 1449 πλείονος
3547 1387 3640 1439 καὶ
3667 1386 3835 1441 ἄλλου

2240 1472 2455 1534 πολλοῦ,
2515 1470 2656 1539 λέγω
2684 1471 2763 1535 δὲ,
2798 1472 2858 1525 τὸ
2905 1473 3298 1545 περιεχόμενον
3329 1472 3424 1525 τοῦ
3460 1473 3829 1545 περιέχοντος.

2238 1565 2301 1616 Εἰ
2317 1564 2376 1615 τὸ
2389 1564 2496 1615 πᾶν
2514 1564 2616 1615 ὑπὸ
2634 1560 2727 1615 τοῦ
2748 1563 2945 1627 παντὸς
2973 1563 3155 1634 μέλλει
3314 1565 3829 1636 περισχεθήσεσθαι,

2239 1653 2333 1705 καὶ
2353 1650 2552 1722 μηδένα
2583 1651 2746 1705 τόπον
2775 1647 2912 1706 εἶναι
2934 1653 3285 1723 περιγραφῆς
3313 1652 3619 1723 ἐλεύθερον.
3643 1655 3831 1707 Ταῦτα

2243 1741 2338 1809 μὲν
2360 1780 2374 1804 ,
2504 1741 2553 1792 εἰ
2568 1741 2625 1792 ὲν
2642 1738 2716 1809 τῷ
2734 1740 2915 1793 παντί.
2933 1741 3042 1793 Καὶ⁹
3062 1739 3184 1806 ποῦ,
3206 1741 3335 1813 πρὶν
3352 1741 3600 1809 γενέσθαι
3614 1741 3673 1794 τὸ
3686 1745 3826 1809 πᾱν;

2238 1829 2369 1881 Οὐδὲ
2401 1828 2507 1900 γάρ
2554 1829 2711 1883 τοῦτο
2740 1831 2931 1901 μικρὸν
2964 1833 3043 1894 εἰς
3091 1832 3347 1903 ἀπορίαν.
3392 1834 3453 1887 Ei
3494 1834 3549 1887 δὲ
3584 1837 3725 1907 ὑπὲρ
3766 1836 3829 1889 τὸ

2240 1921 2367 1983 πᾶν,
2399 1914 2485 1989 ἆρ’
2521 1919 2673 1971 οὐδὲν
2701 1915 2768 1991 ἦν
2796 1920 2856 1971 τὸ
2880 1920 3121 1989 διορίζον
3165 1921 3296 1973 αὐτὸ
3321 1921 3411 1973 τοῦ
3444 1923 3671 1987 παντός;
3714 1922 3827 1977 Ποῦ

2239 2008 2294 2061 δὲ
2342 2009 2402 2061 τὸ
2450 2009 2586 2079 ὑπὲρ
2618 2009 2811 2075 τοῦτο;
2870 2008 2980 2063 Καὶ
3017 2011 3133 2064 πῶς
3185 2012 3381 2082 ὲνοηθη
3422 2013 3481 2064 τὸ
3524 2015 3824 2084 ὑπεραῖρον

572 2106 1194 2163 absurditatesiucidant
1219 2118 1439 2158 necesse
1471 2111 1576 2164 εει,
1614 2103 1705 2169 qui
1757 2117 1878 2155 eum
1924 2101 1976 2155 in
2028 2101 2137 2155 uni-

2241 2098 2333 2150 καὶ
2356 2099 2802 2172 ὑπεραιρόμενον,
2848 2102 2947 2153 οὐκ
2976 2100 3128 2164 ὄντος
3152 2102 3277 2169 ὅρου
3318 2102 3458 2166 τινὸς
3482 2103 3573 2156 τοῦ
3596 2102 3826 2174 τέμνον-

571 2214 731 2251 verso
755 2213 873 2251 esse
899 2197 1154 2248 dixerint.
1210 2196 1285 2247 Ac
1317 2202 1598 2261 praeterea,
1634 2192 1850 2245 ubinam
1877 2201 2014 2258 erat,
2048 2205 2137 2244 an-

2240 2204 2330 2250 τος
2353 2187 2527 2242 ταῦτα
2577 2189 2668 2241 καὶ
2696 2187 3053 2261 διορίζοντοςς
3108 2193 3177 2243 Ἢ
3207 2192 3313 2264 χρῆ
3342 2194 3556 2258 πάντως
3576 2190 3715 2248 εἶναι
3765 2195 3825 2250 τὺ

572 2298 787 2354 tequam
826 2288 1077 2339 universa
1127 2285 1242 2338 haec
1289 2298 1468 2337 rerum
1523 2284 1768 2337 machina
1812 2280 2137 2335 exstitisset!

2242 2275 2427 2345 μέσον,
2479 2276 2571 2329 καὶ
2616 2269 2661 2344 ᾦ
2708 2276 3037 2349 περατοῦται
3082 2280 3143 2332 τὸ
3198 2281 3325 2345 πᾶν,
3361 2280 3452 2334 καὶ
3492 2282 3550 2335 τὸ
3594 2283 3733 2354 ὑπὲρ
3763 2284 3824 2337 τὸ

576 2372 710 2426 Nam
732 2372 829 2425 hoc
851 2384 1061 2439 quoque
1084 2384 1185 2423 non
1212 2368 1378 2423 levem
1399 2368 1760 2423 diﬂicnltatem
1783 2370 1957 2424 allert.
1983 2369 2137 2435 Quod

2239 2370 2379 2434 πᾶν;
2411 2369 2520 2422 Καὶ
2552 2368 2608 2422 τί
2656 2370 2781 2423 ἄλλο
2829 2366 3041 2438 τοῦτοῆ
3078 2366 3241 2429 τόπος
3282 2366 3448 2432 ἐστὶν,
3485 2366 3650 2438 ὅνπερ
3679 2367 3815 2433 ἐφύ-

574 2464 617 2516 εἱ
645 2478 763 2516 eum
795 2476 951 2529 supra
989 2461 1296 2517 universum
1326 2476 1446 2516 esse
1483 2463 1731 2526 dixerint,
1768 2462 1929 2528 quid?
1962 2460 2129 2513 Nihil-

2232 2474 2400 2528 γομεν
2424 2476 2439 2523 ;
2466 2458 2574 2512 Καὶ
2601 2456 2752 2512 οῦπω
2776 2457 2918 2526 λέγω
2947 2457 3006 2508 τὸ
3033 2453 3406 2526 περιγραπτδν
3430 2453 3643 2517 πάντως
3669 2449 3814 2508 εἶναι

575 2566 643 2606 ne
662 2560 798 2613 erat,
832 2553 970 2620 quod
1001 2566 1121 2603 eum
1163 2551 1229 2604 ab
1258 2552 1505 2605 universo
1546 2549 1857 2603 dirimeret?
1896 2548 2126 2603 Ubinam

2234 2548 2291 2600 τὸ
2323 2549 2493 2612 Θεῖον,
2524 2549 2616 2601 καὶ
2641 2549 2688 2601 εί
2831 2545 3037 2615 διανοίᾳ.
3056 2544 3418 2613 καταληπτὸν’
3444 2542 3501 2597 ἒν
3524 2542 3627 2613 γὰρ
3663 2561 3815 2614 περι-

572 2654 732 2706 porro
759 2650 893 2699 erat,
926 2639 1063 2707 quod
1096 2654 1253 2706 supra
1308 2639 1614 2691 universum
1660 2637 1809 2691 erat?
1836 2639 1942 2691 Aut
1991 2652 2124 2705 quo-

2233 2638 2448 2706 γραφῆς
2471 2633 2611 2700 εἶδος
2640 2637 2736 2690 καὶ
2758 2637 2791 2706 ἡ
2820 2633 3141 2705 κατάληψις.

572 2733 732 2786 modo
760 2732 1047 2786 internosci
1077 2739 1286 2800 poterat
1318 2732 1391 2793 id,
1425 2731 1568 2799 quod
1601 2730 1883 2784 sublimius
1905 2740 2041 2792 erat,
2073 2729 2139 2784 ab
2178 2741 2263 2793 eo,
2298 2732 2437 2798 quod
2469 2730 2713 2795 inferius,
2746 2745 2868 2784 cum
2904 2727 3080 2782 nullus
3146 2726 3299 2781 limes
3362 2733 3525 2789 esset,
3565 2725 3651 2794 qui
3698 2724 3815 2780 hmc

573 2839 879 2883 secerneret
913 2842 975 2881 ac
1026 2825 1409 2895 distingueret?
1435 2826 1620 2879 Annon
1645 2824 1863 2879 omnino
1910 2838 2132 2893 necesse
2170 2833 2254 2878 est
2287 2824 2518 2877 medium
2546 2823 2812 2892 quoddam
2839 2837 2980 2887 esse,
3008 2836 3134 2889 quo,
3158 2821 3305 2874 velut
3369 2818 3616 2883 termino,
3677 2816 3814 2872 diri-

570 2932 749 2974 matur
771 2921 1070 2974 universum
1093 2920 1160 2973 ab
1189 2933 1274 2982 eo,
1297 2919 1437 2988 quod
1467 2934 1627 2987 supra
1665 2920 1970 2972 universum
1998 2918 2125 2973 est?
2162 2917 2298 2984 Quid
2328 2927 2504 2972 autem
2537 2917 2678 2971 aliud
2746 2917 2846 2971 hoc
2910 2914 3091 2977 fuerit,
3118 2929 3277 2984 quam
3304 2914 3475 2976 locus,
3509 2924 3667 2981 quem
3692 2913 3809 2983 jam

570 3019 695 3065 ante
725 3009 1079 3064 exclusimus?
1109 3008 1350 3065 Nondum
1401 3009 1544 3064 enim
1585 3024 1966 3074 commemoro,
2016 3008 2132 3063 ﬁeri
2169 3009 2387 3062 omnino
2422 3022 2524 3061 non
2559 3021 2735 3077 posse,
2804 3006 2933 3076 quin
2997 3007 3438 3074 circumscriptus
3467 3010 3538 3065 sit
3572 3011 3732 3074 Deus,
3763 3009 3810 3063 si

569 3103 751 3158 animo
769 3112 821 3157 et
838 3103 1160 3173 cogitatione
1178 3102 1556 3171 comprehendi
1575 3111 1771 3171 potest.
1792 3102 1967 3159 Unum
1984 3101 2185 3172 quippe
2198 3100 2712 3169 circumscriptionis
2730 3114 2900 3168 genus
2919 3094 3326 3167 comprehensio
3343 3114 3556 3172 qno’que
3576 3105 3687 3173 ipsa
3702 3112 3810 3155 est.

1063 3212 1143 3266 Ea:
1174 3213 1353 3268 eadem
1395 3213 1653 3268 oratione.

769 3343 1033 3407 Quorsum
1065 3350 1241 3394 autem
1299 3345 1411 3396 haec
1458 3341 1711 3407 disserui,
1769 3342 2137 3413 curiosiusque

2455 3344 2611 3407 Τίνος
2642 3339 2735 3397 οῦν
2770 3342 2952 3397 ἕνεκεν
2983 3343 3153 3399 ταῦτα
3198 3345 3428 3416 διῆλθον,
3471 3348 3566 3413 καὶ
3594 3366 3817 3423 περιερ-

576 3434 823 3495 fortasse,
862 3448 1021 3500 quam
1057 3432 1194 3500 vulgi
1234 3447 1392 3485 aures
1426 3433 1621 3497 ferant,
1675 3447 1736 3487 ac
1763 3448 1859 3502 pro
1887 3450 1984 3498 ea,
2018 3446 2137 3504 quae

2239 3432 2360 3501 γότε
2370 3448 2458 3502 ρον
2482 3431 2609 3496 ἴσως
2632 3432 2664 3502 ἢ
2690 3431 2829 3485 κατά
2850 3431 2949 3495 τὰς
2976 3432 3084 3485 τῶν
3104 3432 3307 3486 πολλῶν
3332 3436 3519 3503 ἀκοὰς,
3551 3437 3646 3490 καὶ
3669 3438 3814 3492 κατά

577 3524 678 3579 hac
720 3532 1037 3591 tempestate
1070 3524 1231 3591 viget,
1267 3523 1571 3591 disputandi
1596 3524 1801 3578 ratione
1820 3522 1981 3593 (quae,
2008 3524 2137 3578 sim-

2236 3524 2329 3575 τὸν
2359 3522 2452 3577 νῦν
2632 3522 3008 3591 κεκρατηκότα
3051 3521 3219 3577 τύπον
3243 3522 3350 3575 τῶν
3396 3523 3568 3592 λόγων
3617 3526 3697 3595 (ὃς
3751 3526 3813 3579 τὸ

573 3615 697 3684 plici
729 3624 889 3682 atque
919 3613 1148 3685 ingenua
1188 3628 1365 3666 rerum
1392 3613 1692 3668 divinarum
1720 3616 2136 3682 pertractatione

2238 3613 2592 3684 γενναῖονκαὶ
2617 3612 2822 3667 ἁπλοῦν
2863 3613 3158 3683 ἀτιμάσας,
3189 3613 3249 3665 τὸ
3296 3615 3507 3669 σκολιὸν
3553 3617 3647 3670 καὶ
3688 3633 3812 3688 γρι-

570 3713 878 3772 contempta
908 3712 961 3755 et
987 3718 1083 3772 pro
1115 3702 1281 3757 nihilo
1308 3702 1509 3765 habita,
1550 3704 1828 3758 subdolum
1867 3713 2027 3773 atque
2050 3706 2131 3759 in-

2237 3705 2447 3774 φοειδὲς
2648 3704 3032 3775 ἐπεισήγαγενο
3092 3704 3168 3766 ὡς
3216 3707 3280 3758 ὲκ
3328 3704 3435 3758 τῶν
3474 3707 3701 3777 καρπῶν
3748 3709 3811 3761 τὸ

2690 3212 2795 3268 Ἐκ
2826 3213 2933 3268 τοῦ
2961 3213 3148 3268 αὑτοῦ
3180 3215 3399 3283 λόγου.

570 3793 806 3846 volutum
842 3792 1054 3847 dicendi
1086 3808 1253 3861 genus
1294 3793 1527 3859 invexit;
1556 3803 1612 3847 ut
1644 3794 1893 3848 nimirum
1928 3811 1990 3851 ex
2021 3794 2131 3848 fru-

565 3883 743 3936 ctibus
770 3884 929 3937 arbor
978 3886 1023 3948 ί,
1063 3884 1164 3938 hoc
1193 3894 1295 3948 est,
1324 3893 1441 3938 ater
1468 3884 1553 3938 ille
1582 3900 1645 3938 ac.
1682 3886 1993 3940 tenebrosus
2024 3885 2132 3954 spi-

568 3974 721 4035 ritus,
749 3972 1046 4041 hnjusmodi
1079 3973 1384 4041 dogmalum
1420 3972 1645 4039 aﬂlator,
1678 3989 1742 4029 ex
1776 3974 1875 4029 hac
1896 3975 2132 4044 disputa-

568 4061 729 4114 tionis
751 4061 977 4131 caligine
1017 4063 1395 4131 agnoscatur)?
1429 4062 1541 4116 Non
1567 4064 1709 4117 enim
1743 4065 1841 4120 hoc
1874 4080 1937 4119 eo
1968 4082 1996 4119 a
2043 4081 2129 4121 me

562 4149 764 4203 {actum
815 4162 915 4215 est,
955 4163 1011 4205 ut
1047 4153 1158 4221 ipse
1208 4168 1420 4222 quoque
1468 4170 1600 4207 nova
1651 4165 1705 4208 et
1743 4156 1810 4210 ab
1855 4158 2126 4211 hominum

562 4239 811 4293 sensibus
841 4240 1013 4293 aliena
1065 4241 1327 4308 proferre,
1382 4250 1538 4308 atque
1568 4243 1763 4297 eximia
1808 4245 2037 4312 quadam
2074 4254 2129 4299 et

558 4327 843 4380 excellenti
899 4330 1157 4396 sapientia
1198 4340 1420 4382 ornatus
1457 4344 1578 4384 esse
1640 4336 1660 4366 ⁸
1713 4331 1917 4398 videar,
1958 4334 2125 4389 nodos

2234 3795 2447 3865 δένδρον
2472 3794 2855 3863 γινώσκεσθαι,
2874 3795 3015 3862 λέγω
3041 3793 3099 3848 δὲ
3132 3794 3192 3847 τὸ
3226 3796 3478 3868 ἐνεργοῦν
3496 3797 3567 3849 τὰ
3582 3798 3809 3851 τοιαῦτα

2231 3884 2477 3956 δόγματα
2526 3886 2715 3948 σκότος
2747 3887 2809 3938 ὲκ
2840 3885 2933 3938 τοῦ
2961 3886 3123 3954 ζόφου
3161 3886 3267 3939 τῶν
3307 3888 3669 3959 λεγομένων);
3729 3890 3805 3943 Οὐ

2231 3980 2337 4050 γὰρ
2365 3978 2451 4030 ἵνα
2480 3978 2572 4031 καὶ
2608 3977 2769 4041 αὐτὸς
2802 3977 3078 4049 παράδοξα
3118 3977 3295 4044 λέγειν
3320 3978 3474 4046 δόξω,
3505 3981 3601 4035 καὶ
3623 3998 3806 4053 περιτ-

2229 4071 2319 4133 τὸς
2350 4068 2622 4141 φαίνωμαι
2650 4070 2746 4140 τῆν
2795 4069 3005 4138 σοφίαν,
3043 4070 3257 4125 πλέκων
3428 4074 3759 4143 συνδέσμους
3782 4116 3799 4141 ,

2228 4162 2322 4216 καὶ
2367 4162 2593 4216 διαλύων
2639 4162 3001 4233 κρατούμενα,
3054 4163 3209 4216 τοῦτο
3235 4164 3300 4235 δὴ
3326 4164 3385 4217 τὸ
3425 4166 3570 4234 μέγα
3617 4166 3803 4238 θαῦμα

2227 4252 2320 4306 τοῦ
2350 4253 2566 4323 Δανιήλ·
2594 4252 2710 4306 ἀλλ’
2744 4253 2809 4306 ἵν’
2840 4255 3015 4308 ἐκεῖνο
3042 4254 3364 4326 δηλώσαιμι,
3394 4257 3422 4309 ὅ
3454 4274 3542 4326 μοι
3564 4258 3744 4326 λέγειν
3772 4261 3801 4310 ὁ

2226 4342 2381 4411 λόγος
2409 4344 2502 4396 ἀπ’
2526 4345 2701 4415 ἀρχῆς
2730 4340 2974 4415 ὥρμησε.
3139 4345 3310 4399 Τοῦτο
3359 4347 3417 4399 δὲ
3536 4347 3590 4401 τί
3677 4346 3747 4423 ἦν
3779 4366 3793 4413 ;

564 4423 809 4479 nectens,
835 4425 996 4484 atque
1013 4417 1232 4471 astricta
1255 4417 1550 4474 dissolvens
1574 4437 1587 4486 ;
1615 4420 1753 4489 quod
1776 4423 1988 4490 quidem
2016 4440 2125 4478 ma-

2231 4432 2299 4485 Τὸ
2330 4432 2402 4504 μὴ
2418 4432 2617 4502 ληπτὸν
2648 4428 2784 4486 εἶναι
2817 4433 3131 4507 ἀνθρωπίνῃ
3156 4434 3361 4504 διανοίᾳ
3405 4435 3467 4487 τὸ
3497 4435 3669 4501 Θεϊον,
3694 4417 3800 4507 μη-

562 4517 727 4573 gnum
752 4504 987 4559 Danielis
1006 4506 1319 4560 miraculum
1350 4507 1479 4575 fuit;
1516 4522 1699 4564 verum
1718 4520 1773 4564 ut
1800 4512 1923 4565 illud
1944 4522 2124 4568 osten-

556 4596 726 4658 (iam,
750 4595 898 4661 quod
933 4595 1189 4651 orationis
1222 4598 1485 4669 principio
1528 4602 1702 4657 dicere
1736 4603 2078 4658 instituebam
2106 4647 2120 4671 ,

556 4684 812 4740 nimirum
844 4682 1007 4739 Deum
1040 4694 1188 4740 extra
1218 4688 1435 4742 humani
1472 4689 1675 4759 ingenii
1715 4701 1924 4760 captum
1957 4706 2075 4749 esse
2105 4735 2122 4761 ,

560 4789 661 4831 nec
695 4784 881 4840 totum,
916 4785 1150 4843 quantus
1176 4786 1280 4841 est,
1311 4778 1530 4849 cogilari
1558 4788 1716 4849 atque
1747 4777 1925 4836 anitn'b
1953 4784 2121 4836 infor-

559 4864 697 4920 mari
719 4881 905 4934 posse;
930 4867 1087 4936 idque
1109 4883 1213 4922 non
1231 4870 1300 4925 ob
1317 4869 1571 4925 invidiam
1608 4873 1784 4943 (longe
1808 4874 1945 4927 enim
1970 4876 2121 4930 abest

561 4971 590 5009 a
628 4955 804 5010 divina
832 4967 1021 5012 natura
1053 4960 1263 5014 invidia}
1285 4960 1440 5027 livor,
1478 4972 1660 5033 utpote
1689 4979 1804 5033 qua:
1831 4965 1972 5020 omni
1999 4983 2120 5037 per-

560 5048 862 5104 turbatione
897 5062 1069 5117 vacat,
1120 5051 1338 5121 solaque
1372 5053 1508 5107 bona
1556 5064 1608 5108 et
1638 5056 1848 5110 domina
1902 5069 2003 5123 est,
2056 5074 2119 5113 ac

559 5141 852 5212 praesertim
872 5156 993 5211 erga
1025 5142 1098 5209 id,
1139 5144 1277 5211 quod
1308 5158 1369 5197 ex
1398 5146 1645 5200 omnibus
1669 5147 1827 5202 rebus
1848 5164 1875 5199 a
1902 5162 1958 5201 se
1987 5164 2115 5200 cnu-

557 5230 683 5284 ditis
714 5230 945 5284 maxime
978 5230 1028 5283 in
1056 5233 1226 5301 pretio
1248 5232 1428 5287 habet.
1462 5234 1597 5300 Quid
1633 5235 1775 5289 enim
1818 5238 1955 5305 apud
1988 5237 2117 5290 Ver-

554 5321 677 5376 bum
711 5321 888 5389 priure
916 5320 1031 5375 loco
1061 5336 1124 5375 ac
1158 5338 1380 5378 numero
1426 5336 1543 5393 est,
1595 5342 1751 5394 quam
1799 5344 1916 5398 quae
1953 5329 2117 5381 ratio~

554 5429 674 5464 nem
735 5427 799 5466 ac
862 5413 1127 5466 sermonis
1400 5417 1710 5473 facultatem
1759 5425 2117 5491 acceperunt?

553 5503 990 5574 Quandoquidem
1022 5508 1122 5562 hoc
1159 5522 1372 5578 quoque
1422 5510 1618 5579 ipsum,
1649 5512 1788 5580 quod
1836 5529 2111 5582 procreata

2224 4523 2281 4577 δὲ
2303 4523 2421 4577 ὅλον
2458 4524 2581 4576 ὅσον
2629 4524 2745 4576 ἐστὶ
2790 4524 3175 4593 φαντάζεσθαι·
3212 4525 3496 4579 καὶτοῦτο
3544 4526 3667 4581 οὔτε
3708 4527 3797 4580 διά

2226 4612 2417 4683 φθόνον
2453 4613 2695 4683 (μακρὰν
2735 4615 2845 4683 γάρ
2871 4613 2971 4680 τῆς
3018 4614 3169 4677 θείας
3202 4616 3414 4685 φύσεως
3444 4617 3654 4685 φθόνος,
3697 4618 3795 4688 τῆς

2223 4721 2286 4772 γε
2319 4703 2583 4770 ἀπαθοῦς,
2613 4705 2707 4757 καὶ
2747 4705 2914 4775 μόνης
2942 4706 3171 4776 ἀγαθῆς,
3196 4707 3290 4761 καλ⁸
3313 4700 3525 4777 κυρίας,
3547 4708 3641 4761 καὶ
3686 4709 3791 4778 μά‹

2222 4796 2377 4849 λιστα
2394 4794 2500 4848 τῶν
2531 4794 2725 4848 ἑαυτοῦ
2750 4796 3061 4866 κτισμάτων
3080 4800 3207 4869 περὶ
3227 4798 3288 4851 τὸ
3318 4798 3664 4868 τιμιώτατον.
3731 4796 3799 4851 Τί

2219 4888 2330 4959 γὰρ
2486 4885 2648 4957 Λόγῳ
2684 4888 2787 4959 πρὸ
2820 4888 2926 4943 τῶν
2951 4888 3215 4957 λογικῶνο
3270 4889 3390 4942 ἐπεὶ
3446 4890 3539 4943 καὶ
3574 4891 3703 4943 αὐτὸ
3732 4891 3792 4943 τὸ

2220 4977 2517 5050 ὑποστῆναι
2562 4978 2661 5050 τῆς
2704 4979 2878 5051 ἄκρας
2924 4980 3301 5053 ἀγαοότητος),
3344 4980 3468 5035 οὗτε
3499 4985 3580 5045 εἰς
3626 4982 3791 5054 τιμὴν

2221 5070 2412 5123 ἑαυτοῦ
2460 5072 2553 5124 καὶ
2601 5071 2758 5139 δόξαν
2804 5073 2897 5125 τοῦ
2944 5074 3229 5146 πλήρους,
3389 5076 3472 5128 ἵνα
3521 5074 3597 5145 τῷ
3628 5077 3791 5145 ἀνεφ-

2219 5152 2348 5230 ίκτῳ
2373 5160 2431 5212 τὸ
2456 5160 2635 5231 τίμιον
2659 5162 2756 5235 ἔχῃ
2783 5164 2873 5214 καὶ
2902 5162 2960 5215 τὸ
2992 5164 3303 5233 σεϐάσμιον.
3327 5164 3496 5218 Τοῦτο
3524 5166 3631 5238 γὰρ
3655 5167 3790 5220 πάν-

2218 5268 2327 5313 τως
2500 5254 2812 5320 σοφιστικδν
2835 5256 2927 5308 καὶ
2951 5256 3248 5327 ἀλλότριον,
3268 5260 3341 5328 μὴ
3370 5258 3451 5311 ὅτι
3467 5257 3621 5321 Θεοῦ,
3671 5258 3791 5312 ἀλλ’

2217 5339 2336 5393 οὐδὲ
2391 5340 2678 5412 ἀνθρώπου
2732 5346 2966 5414 μετρίως
3016 5346 3313 5410 ἐπιεικοῦς,
3372 5347 3465 5400 καί
3514 5366 3563 5400 τι
3620 5348 3791 5411 δεξιὸν

2219 5429 2396 5501 ἑαυτῷ
2436 5432 2754 5498 συνειδότος,
2812 5436 2875 5487 ὲκ
2908 5435 3000 5487 τοῦ
3032 5435 3259 5489 κωλύειν
3294 5438 3514 5510 ἐτέρους
3546 5437 3603 5491 τὸ
3641 5456 3791 5510 πρω-

2218 5522 2358 5573 τεῖον
2376 5521 2713 5592 πορίζεσθαι.

552 5603 693 5659 ευηι,
720 5612 939 5651 summa:
972 5598 1244 5665 cujusdam
1276 5598 1467 5652 divina:
1511 5600 1765 5657 bonitatis
1819 5616 2190 5674 argumentum
2221 5610 2345 5676 est),
2408 5625 2506 5664 nec
2544 5619 2599 5664 ut
2665 5609 2789 5666 inde
2847 5611 3036 5681 ipsius,
3093 5617 3185 5683 qui
3230 5614 3419 5685 plenus
3459 5624 3559 5680 est,
3595 5614 3785 5671 honori

634 5698 652 5734 ¹
677 5701 871 5759 Matth.
922 5717 1018 5765 vn,
1046 5704 1137 5760 20.
1213 5706 1233 5736 '
1272 5704 1406 5760 Dan.
1442 5720 1492 5770 v,
1522 5703 1604 5759 Η.
