4094 6286
394 373 502 438 1ὓ5
1352 367 1736 460 PANOPLIA
1777 368 1979 430 uosu

2080 371 2250 433 ‘lCA.
2284 396 2350 408 ο-
2383 373 2535 438 ΤΙΤ.
2572 375 2670 437 IV.

395 485 688 554 gloriwque
722 483 1015 553 quidquam
1053 481 1360 545 accederet,
1425 495 1483 538 ut
1539 485 1789 540 videlicet
1812 501 1875 540 ex
1907 501 1970 542 eo
2019 487 2159 556 quod
2197 491 2262 542 ad
2313 490 2426 557 eius
2479 491 2839 553 cognitionem
2898 493 3160 548 mortales
3215 497 3496 564 pervenire
3548 517 3643 554 Ite-

394 589 630 645 queunt,
665 579 840 649 major
865 579 930 630 ad
968 579 1138 644 ipsum
1177 578 1350 632 honor
1398 593 1462 632 ac
1504 579 1790 635 veneratio
1823 582 2031 636 redeat.
2059 582 2421 653 SophiStictun
2471 586 2613 639 enim
2655 588 2834 654 plane,
2866 597 3028 656 atque
3076 589 3311 644 alienum
3369 601 3472 658 est,
3538 612 3645 648 non

391 668 575 723 dicam
607 685 634 722 a
667 667 797 729 Deo,
839 669 943 722 sed
966 669 1033 721 ab
1064 669 1298 733 homine,
1332 671 1588 724 mediocri
1617 671 1809 725 saltem
1854 673 2124 740 probitate
2165 674 2511 744 candoreque
2556 679 2804 746 praedito,
2838 689 3001 746 atque
3063 681 3311 750 ingenuae
3359 683 3643 752 cujusdam

393 760 697 814 honestatis
731 760 834 814 sibi
863 760 1106 823 conscio,
1141 760 1496 830 prohibendis
1526 760 1648 815 aliis
1701 762 2061 831 principatum
2096 765 2198 817 sibi
2234 779 2511 833 arrogare.

482 852 628 906 Ἀλλ’
682 855 731 907 εί
795 852 895 922 μὲν
921 855 1017 908 καὶ
1055 855 1126 907 δι’
1179 854 1346 917 ἄλλας
1385 853 1593 920 αἰτίας,
1654 855 1848 911 εἰδεῖεν
1898 858 1968 914 ἂν

2147 857 2346 915 Verum
2389 862 2592 916 aliasue
2649 864 2811 918 etiam
2860 864 3121 932 quasdam
3183 863 3250 918 ob
3305 879 3518 928 causas,
3565 867 3650 916 vi-

395 955 443 1006 ai
477 951 754 1022 ἐγγυτέρω
773 949 930 1014 Θεοῦ,
962 949 1056 1002 καὶ
1087 947 1194 1000 τῶν
1209 947 1628 1016 ἀνεξιχνιάστων
1655 945 1818 1000 αὑτοῦ
1848 963 1968 1018 κρι-

393 1045 580 1114 μάτων
609 1041 840 1092 ἐπόπται.
874 1037 966 1091 καὶ
996 1035 1209 1106 θεωροὶ,
1241 1034 1398 1106 είπερ
1421 1033 1526 1087 είσί
1559 1051 1700 1096 τινες
1725 1033 1968 1089 τοσοῦτοι.

396 1135 489 1203 τὴν
530 1131 751 1204 ἀρετὴν,
786 1130 882 1182 καὶ
927 1131 984 1181 ὲν
1017 1127 1218 1196 ἴχνεσιν
1248 1125 1484 1180 ἀϐύσσου
1517 1125 1964 1196 περιπατοῦντες,

392 1223 452 1274 τὸ
497 1221 562 1291 δὴ
612 1220 919 1288 λεγόμενοψ
979 1218 1100 1270 ὅσον
1144 1216 1186 1268 δ’
1213 1212 1305 1268 οὖν
1353 1217 1511 1284 ἡμεῖς
1539 1215 1964 1284 κατειλήφαμεν,

397 1315 615 1381 μικροῖς
669 1310 887 1380 μέτροις
933 1306 1253 1378 μετροῦντες
1302 1304 1371 1357 τὰ
1420 1303 1787 1374 δυσϐεοῖιρητα⁹
1826 1305 1968 1374 τάχα

397 1404 520 1474 μὲν,
555 1401 642 1455 ἵνα
677 1402 750 1472 μὴ
788 1399 864 1470 τῷ
895 1399 1060 1470 ρᾳδεῳ
1106 1397 1204 1466 τῆς
1247 1396 1516 1466 κτήσεως,
1551 1397 1720 1466 ῥᾴστη
1744 1396 1966 1466 γένηται

393 1493 494 1546 καὶ
531 1493 565 1562 ἡ
616 1491 708 1543 τοῦ
753 1489 1050 1558 κτηθέντος
1087 1486 1348 1556 ἀποϐολή.
1384 1486 1534 1538 Φιλεῑ
1581 1485 1692 1555 γὰρ
1747 1486 1810 1538 τὸ
1868 1486 1967 1555 μὲν

396 1581 552 1650 πόνῳ
581 1579 782 1651 ποιηθὲν
811 1578 1008 1649 μᾶλλον
1039 1577 1378 1647 κρατεῖσθαι·
1419 1576 1482 1629 τὸ
1528 1577 1582 1628 δὲ
1617 1576 1815 1648 ῥᾳδίως
1843 1593 1970 1648 κτη-
2003 1593 2012 1598 '

399 1670 518 1730 θὲν,
543 1672 636 1723 καὶ
653 1669 1026 1723 ἁποπτύεσθαι
1187 1669 1440 1738 τάχιστα,
1475 1667 1551 1731 ὡς
1574 1668 1736 1722 πάλιν
1761 1666 1970 1736 ληφθῆ-

397 1774 490 1812 ναι
511 1755 825 1824 δυνάμενονο
856 1753 950 1805 καὶ
978 1751 1151 1814 οὕτως
1331 1749 1623 1820 εὐεργεσία
1651 1749 1974 1802 καθίσταται

394 1850 459 1902 τὸ
495 1849 568 1918 μὴ
601 1847 887 1918 πρόχειρον
907 1847 1006 1915 τῆς
1029 1842 1366 1915 εὐεργεσίας,
1398 1843 1511 1903 τοῖς
1533 1857 1597 1908 γε
1618 1839 1741 1893 νοῦν
1767 1840 1968 1910 ἔχουσι.

393 1942 440 1992 Τ
444 1942 550 2009 άχα
593 1939 670 2000 δὲ,
709 1939 785 2002 ὡς
826 1937 899 2008 μὴ
920 1935 1118 1990 ταυτὸν
1147 1937 1298 2004 ἡμᾶς
1324 1934 1401 2005 τῷ
1427 1933 1642 1986 πεσόντι
1678 1933 1974 2005 Ἑωσφόρῳ

394 2034 628 2101 πάσχειν
663 2077 680 2102 ,
829 2032 892 2082 ὲκ
923 2029 1017 2082 τοῦ
1037 2029 1100 2081 τὸ
1119 2029 1233 2096 φῶς
1259 2027 1377 2081 ὅλον
1400 2027 1650 2096 χωρῆσαι
1691 2025 1972 2084 κατέναντι

396 2123 602 2193 Κυρίου
621 2120 1057 2192 παντοκράτορος
1080 2119 1400 2190 τραχηλιᾷν,
1417 2117 1512 2169 καὶ
1545 2117 1761 2170 πίπτειν
1783 2117 1847 2168 ὲκ
1874 2113 1975 2184 τῆς

395 2214 703 2284 ὲπάρσεως,
734 2213 933 2282 πτῶμα
957 2211 1171 2264 πάντων
1195 2209 1572 2262 ὲλεεινότατον.
1600 2201 1773 2276 Τυχὸν
1798 2207 1874 2270 δὲ,
1904 2207 1984 2258 ἵν’

2081 946 2256 1007 derint
2281 945 2336 1015 ii,
2363 951 2453 1019 qui
2517 949 2626 1005 Deo
2672 951 3084 1021 propinquiores’
3137 949 3649 1028 coniunctioresque

2081 1055 2223 1112 sunt,
2255 1054 2414 1116 atque
2440 1047 3000 1117 impervestigabilium
3037 1049 3207 1119 ipsius
3242 1050 3569 1118 judiciorum
3614 1054 3632 1085 ί

2082 1135 2412 1204 inspectores
2443 1145 2494 1189 et
2528 1137 2996 1205 conletuplatores,
3025 1140 3068 1193 'si
3098 1140 3185 1206 qui
3217 1148 3392 1192 tamen
3425 1148 3548 1193 sunt
3579 1143 3645 1195 ad

2082 1239 2199 1277 eam
2229 1226 2442 1280 virtutis
2482 1225 2901 1293 magnitudinem
2932 1229 3126 1292 evecti,
3158 1238 3319 1294 atque
3359 1229 3412 1282 in
3466 1230 3644 1300 abyssi

2082 1315 2318 1383 vestigiis
2353 1317 2754 1371 deatulutlantes
2810 1317 2861 1379 ¹,
2909 1324 2968 1369 ut
3021 1319 3304 1385 proverbio
3353 1319 3453 1372 dici
3486 1321 3642 1373 solet.

2084 1402 2347 1468 Quantum
2377 1413 2550 1457 tamen
2580 1420 2697 1469 nos,
2731 1406 2820 1474 qui
2845 1406 3053 1475 exiguis
3083 1408 3311 1462 modulis
3346 1423 3406 1462 ea
3439 1425 3556 1477 qua:
3585 1411 3651 1463 ad

2083 1491 2546 1558 contemplandum
2590 1491 2821 1548 diﬂiciiia
2845 1503 2992 1558 sunt,
3017 1497 3302 1560 metimur,
3341 1496 3652 1563 conjectura

2083 1584 2732 1650 asscqui~possutnus,tres
2762 1585 2919 1654 hujus
2938 1585 3012 1639 rei
3028 1600 3202 1639 causae
3227 1585 3406 1639 afferri
3431 1598 3652 1654 queant.

2082 1669 2498 1735 Primaforsan,
2525 1689 2614 1735 ne,
2636 1676 2704 1726 ob
2751 1675 3080 1742 adipiscendi
3110 1674 3445 1731 facilitatem.
3478 1675 3652 1728 facilis

2083 1765 2302 1820 quoque
2337 1767 2414 1807 ret
2455 1765 2698 1821 quaestui)
2711 1755 2925 1820 jactura
2953 1757 3043 1811 sit.
3070 1757 3156 1812 Fit
3202 1759 3354 1812 enim
3405 1759 3538 1824 fere,
3593 1771 3654 1816 ut

2077 1841 2220 1910 quod
2256 1856 2360 1898 non
2393 1843 2518 1898 sine
2545 1844 2731 1899 labore
2759 1855 2922 1916 atque
2969 1849 3231 1902 industria
3285 1859 3496 1918 partum
3547 1863 3652 1913 est,

2076 1933 2281 1988 arctius
2318 1947 2532 2002 quoque
2565 1945 2856 1990 teneatur:
2887 1939 3029 2006 quod
3061 1949 3243 1993 autem
3265 1940 3410 1995 nullo
3439 1943 3656 2008 negotio

2075 2035 2446 2092 comparatum
2481 2036 2594 2090 est,
2648 2027 2916 2082 citissime
2965 2030 3205 2094 vilescat,
3240 2041 3296 2086 et
3347 2035 3655 2100 abjiciatur,

2073 2121 2256 2182 utpote
2279 2114 2418 2182 quod
2451 2118 2756 2185 recuperari
2793 2119 2961 2185 possit
2995 2136 3010 2186 ;
3053 2127 3215 2190 atque
3241 2122 3315 2176 ita
3357 2125 3409 2176 iu
3447 2125 3652 2180 beueti-

2074 2205 2216 2258 cium
2246 2205 2391 2261 cedit
2417 2221 2521 2260 non
2543 2208 2701 2262 obvia
2729 2209 2815 2262 illa
2848 2210 3222 2274 beneﬁcentia,
3258 2215 3396 2282 apud
3426 2229 3521 2269 eos
3545 2218 3657 2270 sal-

397 2300 435 2378 ᾖ
465 2322 517 2357 τι
545 2304 704 2356 πλέον
732 2303 940 2356 ἐκεῖθεν
995 2299 1155 2355 ἆθλον
1207 2301 1520 2370 φιλοπονίας
1563 2300 1658 2353 καὶ
1717 2297 1977 2369 λαμπροῦ.

2082 2303 2206 2358 tem,
2235 2297 2326 2364 qui
2378 2297 2669 2366 prudentes
2707 2291 2850 2355 sunt.
2903 2300 3112 2364 Altera,
3167 2317 3234 2356 ue
3289 2304 3429 2357 idem
3478 2308 3656 2370 nobis,

399 2393 520 2464 βίου
558 2396 671 2456 τοῖς
709 2391 942 2445 ἐνταῦθα
962 2390 1416 2460 κεκαθαρμένοις,
1436 2389 1530 2442 xui.
1560 2387 1974 2458 μακροθυμοῦσι.

400 2486 540 2556 πρὸς
577 2485 637 2538 τὸ
676 2483 1028 2552 ποθούμενον.
1060 2481 1161 2535 Διὰ
1206 2481 1362 2534 τοῦτο
1387 2480 1548 2550 μέσος
1585 2478 1744 2550 ἡμῶν
1776 2494 1837 2529 τε
1879 2477 1974 2531 καὶ

399 2577 534 2629 Θεοῦ
579 2579 608 2630 ὁ
656 2576 966 2647 σωματικὸς
999 2567 1156 2636 οὗτος
1185 2574 1400 2624 ἵσταται
1445 2571 1658 2640 γνόφος,
1695 2569 1883 2641 ὥσπερ
1937 2570 1983 2639 ἠ.

399 2667 594 2738 νεφέλη
755 2665 985 2719 τοπάλαι
997 2665 1108 2718 τῶν
1121 2662 1432 2731 Αἰγυπτίων
1452 2663 1542 2715 καὶ
1564 2661 1672 2714 τῶν
1687 2661 1971 2730 Ἐϐραίων.

395 2759 510 2811 Καὶ
561 2757 719 2811 τοῦτό
777 2759 922 2809 ἐστιν
961 2757 1115 2817 ἴσως,
1149 2754 1177 2806 ὃ
1224 2753 1374 2805 ἔθετο
1407 2753 1597 2814 σκότος
1650 2750 1976 2820 ἀποκρυφὴν

395 2845 586 2906 αὐτοῦ,
640 2845 739 2914 τὴν
796 2843 1072 2914 ἡμετέραν
1099 2841 1407 2911 παχύτητα,
1447 2841 1514 2892 δι’
1548 2841 1615 2910 ἢν
1659 2840 1829 2907 ὀλίγοι
1882 2839 1976 2892 καὶ

399 2937 596 3008 μικρὸν
645 2927 1048 2989 διακύπτουσιν.
1078 2935 1249 2987 Τοῦτο
1271 2934 1368 3002 μὲν
1402 2927 1494 2984 οῦν
1517 2931 1980 3000 φιλοσοφείτωσαν

394 3025 481 3090 οἷς
505 3026 787 3097 ἐπιμελὲς,
823 3027 916 3078 καὶ
929 3027 1198 3079 ἀνίτωσαν
1225 3025 1316 3075 ἐπὶ
1342 3023 1590 3076 πλεῖστον
1628 3023 1728 3093 τῆς
1757 3022 1976 3075 διασκέ-

393 3118 562 3186 ψεως·
599 3118 730 3186 ἡμῖν
763 3116 808 3168 δ’
832 3111 923 3167 οὖν
961 3117 1135 3167 ἐκεῖνο
1161 3111 1436 3182 γνώριμον
1470 3111 1583 3173 τοῖς
1609 3110 1852 3180 δεσμίοις
1873 3110 1974 3179 τῆς

395 3209 524 3277 γῆς,
565 3208 592 3259 ὅ
626 3223 793 3274 φησιν
834 3207 862 3257 ὁ
908 3204 1049 3266 θεῖος
1087 3203 1376 3275 Ἱερεμίας,
1407 3200 1503 3253 καὶ
1525 3200 1586 3252 τὸ
1623 3200 1767 3269 παχὺ
1815 3198 1976 3252 τοῦτο

399 3298 626 3368 σαρκίον
681 3295 1167 3369 περιϐεϐλημένοις
1203 3307 1221 3325 ο
1377 3292 1458 3345 ὅτι
1491 3291 1678 3360 ὥσπερ
1707 3289 1976 3351 ἀδύνατον

395 3384 703 3458 ᾗπερϐἦναι.
870 3384 968 3454 τὴν
999 3381 1192 3435 ἑαυτοῦ
1229 3379 1409 3444 σκιὰν,
1444 3379 1538 3432 καὶ
1562 3377 1640 3449 τῷ
1674 3378 1795 3432 λίαν
1827 3380 1974 3432 ἐπει-

396 3475 615 3545 γομένῳ
647 3475 861 3544 (φθάνει.
907 3474 1014 3544 γὰρ
1045 3474 1132 3527 ἀεὶ
1176 3471 1448 3536 τοσοῦτον,
1479 3470 1600 3526 ὅσον
1626 3469 1980 3539 καταλαμσά-

2078 2384 2220 2454 quod
2267 2386 2516 2442 Lucifero
2546 2387 2620 2442 illi
2656 2389 2912 2460 prolapso
2963 2399 3016 2456 ιο,
3048 2393 3290 2460 ace‘nlat;
3327 2395 3428 2448 hoc
3451 2405 3557 2462 est,
3593 2411 3660 2452 ue

2079 2483 2192 2530 toto
2226 2477 2320 2530 iilo
2349 2477 2556 2547 fulgore
2612 2479 2812 2548 perfusi
2845 2483 3112 2536 cervicem
3166 2484 3423 2539 adversus
3478 2485 3658 2540 Domi~

2078 2582 2204 2620 num
2227 2570 2656 2638 omnipotentem
2679 2570 3010 2637 attollamus,
3064 2583 3227 2642 atque
3269 2576 3338 2628 oh
3367 2576 3657 2631 elationem

2079 2671 2419 2723 corruamus,
2451 2672 2580 2714 casu
2611 2661 2852 2715 omnium
2886 2662 3193 2718 miserrime
3215 2673 3268 2718 et
3294 2666 3658 2722 calamitosis-

2077 2751 2234 2804 sime.
2266 2751 2566 2817 Postrema,
2597 2761 2657 2806 ut
2695 2765 2793 2822 pro
2840 2753 3120 2808 industriae
3165 2769 3277 2808 sum
3327 2757 3658 2826 illustrisque

2076 2839 2201 2893 vita:
2226 2840 2455 2908 pramio
2475 2841 2696 2896 uberius
2726 2840 2928 2910 aliquid
2961 2843 3216 2908 habeant,
3255 2845 3345 2913 qui
3369 2847 3454 2901 hic
3483 2860 3602 2902 sese
3625 2864 3655 2902 a

2078 2929 2330 2984 vitiorum
2368 2930 2485 2985 labe
2529 2932 2917 3001 perpurgarint
2942 2970 2956 2994 ,
2985 2948 3056 2986 ac
3090 2947 3204 2988 rem
3249 2937 3554 2990 adamatam
3603 2944 3658 2990 et

2077 3021 2370 3090 expolitam
2410 3022 2742 3090 patientibus
2797 3023 2990 3076 animis
3034 3025 3422 3091 exspectarint.
3455 3026 3659 3081 Idcirco

2081 3112 2256 3164 media
2291 3111 2435 3166 inter
2468 3127 2566 3166 nos
2590 3128 2651 3167 ac
2677 3113 2844 3166 Deum
2868 3127 3126 3182 corporea
3154 3115 3270 3168 haec
3287 3116 3462 3185 caligo
3487 3117 3658 3172 inter-

2074 3201 2220 3270 iecta
2255 3210 2358 3266 est;
2389 3216 2496 3256 non
2523 3217 2684 3257 secus
2718 3218 2782 3258 ac
2813 3206 2981 3258 nubes
3001 3205 3088 3258 illa
3134 3203 3160 3234 "
3189 3205 3481 3261 olim-inter
3496 3207 3658 3278 Egyo

2082 3293 2224 3361 ptios
2248 3302 2301 3346 et
2327 3291 2606 3348 Hebraeos.
2631 3294 2714 3346 Ac
2730 3292 2960 3348 fortasse
2983 3296 3088 3348 huc
3111 3303 3322 3363 spectat
3345 3295 3475 3349 iliud
3507 3294 3657 3350 Scri-

2079 3394 2270 3454 pturae,
2287 3383 2471 3438 Posuit
2491 3386 2738 3440 tenebras
2755 3385 3032 3439 latibulum
3051 3386 3157 3439 sibi
3191 3387 3238 3450 5,
3264 3387 3364 3440 hoc
3388 3396 3490 3454 est,
3509 3402 3658 3443 cras-

2085 3476 2262 3528 sitiem
2290 3484 2554 3539 nostram,
2585 3491 2690 3544 qua
2743 3476 2823 3542 ﬁt,
2855 3484 2922 3529 ut
2945 3477 3100 3544 pauci
3120 3479 3366 3542 omnino,
3399 3478 3541 3547 iique
3565 3494 3660 3548 pa-

399 3568 599 3633 νεται),
645 3567 817 3636 ἢ-τοϊς
849 3567 1064 3644 ὁρατοῖς
1097 3563 1394 3633 πλησιάσαι
1427 3561 1526 3631 τὴν
1559 3559 1698 3629 ὄψιν,
1733 3559 1854 3630 δίχα
1882 3558 1978 3612 τοῦ

2086 3571 2204 3618 runt
2242 3566 2534 3619 admodum
2561 3566 2937 3635 transpiciat.
2991 3567 3197 3622 Sedde
3245 3568 3348 3622 hac
3388 3583 3448 3622 re
3499 3583 3660 3623 aceuo

401 3659 462 3709 ὲν
493 3657 642 3726 μέσῳ
670 3657 848 3724 φωτὸς
895 3657 989 3709 καὶ
1020 3656 1203 3725 ἀέρος,
1231 3653 1265 3722 ἢ
1318 3651 1428 3705 τῶν
1481 3649 1688 3705 ὑδάτων
1733 3649 1840 3717 ἔξω
1877 3649 1982 3722 τὴν

400 3748 606 3818 νηκτὴν
642 3747 804 3816 φύσιν
826 3745 1221 3800 διολισθαίνεινο
1249 3743 1423 3805 οὕτως
1453 3740 1734 3812 ἀμήχανον⁴
1759 3743 1872 3804 τοῖς
1918 3742 1977 3794 ὲν

399 3835 612 3906 σώματι
648 3874 665 3902 ,
843 3836 964 3907 δίχα
997 3835 1106 3888 τῶν
1144 3831 1491 3904 σωματικῶν,
1528 3830 1976 3901 πάντηγενέσθαι

402 3925 540 3996 μετὰ
567 3926 670 3978 τῶν
702 3926 1025 3998 νοουμένων.
1057 3925 1168 3978 Ἀεὶ
1195 3924 1301 3994 γάρ
1329 3940 1382 3976 τι
1411 3923 1845 3992 παρεμπεσεῖται
1869 3921 1980 3974 τῶν

403 4015 716 4086 ἡμετέρων,
768 4016 870 4069 κᾶν
925 4018 1008 4069 ὅτι
1054 4014 1285 4086 μάλιστα
1333 4013 1573 4084 χωρίσας
1626 4011 1824 4064 ἑαυτὸν
1873 4010 1981 4063 τῶν

405 4103 694 4176 Βρωμένων
717 4107 744 4158 ό
771 4105 917 4169 νοῦς,
945 4107 1040 4158 καὶ
1066 4104 1186 4157 καθ’
1210 4101 1402 4154 ἑαυτὸν
1429 4100 1737 4170 γενόμενος,
1813 4117 1982 4170 προσ·-

402 4195 615 4250 εάλλειν
643 4199 904 4268 ἐπιχειρῇ
923 4200 1034 4260 τοῖς
1065 4191 1358 4263 συγγενέσι·
1373 4193 1468 4244 καὶ
1492 4191 1762 4262 ἀοράτως.
1794 4190 1986 4267 Γνώσῃ

399 4284 458 4340 δὲ
481 4284 672 4351 οὕτως.

2083 3653 2257 3708 ratius
2306 3653 2776 3722 phiiosophentur,
2808 3656 3176 3726 altissimaque
3224 3657 3661 3714 consideratione

2081 3744 2474 3813 provehantur,
2506 3745 2700 3813 quibus
2724 3747 2778 3799 id
2806 3747 2988 3802 studio
3025 3757 3080 3802 et
3105 3762 3249 3802 cura:
3281 3749 3463 3804 fuerit.
3495 3749 3661 3805 Nobis

2081 3834 2290 3904 utique,
2322 3837 2414 3904 qui
2442 3844 2601 3891 terra:
2624 3837 2854 3892 vinculis
2883 3839 3100 3894 astricti:
3118 3849 3362 3895 tenemur
3399 3842 3456 3907 ⁸,
3485 3850 3543 3896 ut
3567 3841 3659 3896 Je-

2082 3926 2266 3980 remiae
2302 3927 2484 3982 verbis
2513 3938 2655 3993 utar,
2681 3943 2974 3999 crassaque
3005 3931 3104 3986 hae
3134 3947 3303 3986 carne
3332 3933 3658 4000 obtegimur,

2085 4015 2192 4070 hoc
2217 4019 2559 4086 perspicuum
2602 4027 2706 4083 est,
2747 4021 2887 4088 quod
2921 4023 3369 4089 quemadmodum
3401 4025 3542 4078 nulla
3575 4040 3661 4078 ra-

2084 4105 2230 4161 tione
2257 4105 2374 4161 ﬁeri
2581 4120 2778 4177 potest,
2803 4120 2858 4164 ut
2881 4112 3169 4178 quispiam,
3193 4113 3486 4182 quamlibet
3509 4130 3660 4185 gres-

2083 4209 2203 4251 sum
2259 4205 2475 4266 urgeat,
2537 4198 2782 4251 umbram
2835 4215 2985 4253 suam
3033 4211 3314 4269 praetereat
3348 4204 3365 4272 (
3399 4213 3658 4274 quantum

2083 4285 2228 4340 enim
2257 4301 2375 4341 eam
2401 4288 2727 4356 assequeris,
2777 4297 2980 4343 tantum
3007 4290 3168 4344 etiam
3199 4291 3285 4345 illa
3317 4307 3530 4362 semper
3561 4309 3662 4352 an.

402 4381 616 4434 tevertit
651 4383 706 4449 ),
740 4388 834 4434 aut
858 4380 1043 4436 oculus
1075 4380 1234 4435 rebus
1269 4377 1322 4433 in
1345 4385 1620 4444 aspectum
1651 4376 1968 4432 cadentibus
2007 4376 2142 4432 citra
2179 4379 2554 4434 intermediam
2586 4380 2756 4435 lucem
2789 4387 2842 4435 et
2903 4396 3083 4436 aerem
3147 4383 3530 4455 coniungatur,
3568 4393 3660 4438 aut

400 4469 576 4537 pisces
613 4483 766 4525 extra
803 4485 972 4539 aquas
993 4478 1212 4533 natent;
1253 4469 1322 4523 ita
1344 4470 1506 4522 etiam
1531 4467 1858 4536 impossibile
1922 4477 2005 4523 est
2042 4469 2128 4534 iis,
2192 4471 2282 4538 qui
2317 4472 2633 4541 corporibus
2666 4471 2856 4526 inclusi
2906 4482 3054 4539 sunt,
3101 4474 3217 4530 sine
3260 4490 3646 4544 corporearum

402 4565 468 4617 ac
498 4561 829 4618 sensibilium
881 4576 1060 4615 rerum
1106 4560 1453 4626 adminiculo,
1503 4559 1668 4614 rebus
1714 4560 1800 4624 iis,
1852 4573 1974 4628 quae
2046 4563 2228 4616 animo
2297 4577 2361 4618 ac
2410 4564 2618 4619 ratione
2677 4564 3065 4635 intelliguntur,
3113 4568 3335 4623 omnino
3387 4569 3658 4637 conjungi.

403 4651 628 4720 Semper
661 4651 807 4705 enim
836 4649 1010 4704 obiter
1036 4648 1294 4702 sensibile
1322 4647 1520 4715 aliquid
1547 4660 1724 4700 rerum
1750 4655 2057 4703 nostrarum
2089 4650 2300 4716 incidit,
2361 4654 2707 4722 quantumvis
2770 4655 3003 4710 maxime
3035 4655 3216 4710 nostra
3261 4671 3410 4712 tuens
3469 4659 3539 4714 ab
3589 4660 3663 4716 iis

405 4743 591 4802 rebus,
623 4755 742 4811 quae
767 4741 822 4796 in
847 4748 1124 4808 aspectum
1157 4739 1381 4802 cadunt,
1410 4739 1704 4804 abstracta,
1729 4747 1892 4806 atque
1913 4739 1976 4794 in
2005 4741 2236 4811 seipsam
2294 4742 2544 4810 collecta,
2595 4758 2684 4800 res
2747 4754 3039 4814 cognatas,
3076 4755 3131 4802 et
3167 4747 3448 4806 oculorum
3487 4752 3663 4810 aciem

405 4833 676 4903 fugientes
718 4831 936 4901 assequi
986 4845 1050 4885 ac
1094 4828 1372 4899 percipere
1422 4828 1786 4915 contenderit.
1983 4883 2029 4940 Β
2093 4855 2099 4862 ι

841 4941 941 4996 Ἕκ
976 4941 1082 4997 τοῦ
1125 4942 1316 4997 αὐτοῦ
1349 4943 1560 5013 λόγου.

2583 4960 2668 5016 Ex
2696 4961 2874 5016 eadem
2908 4959 3164 5014 oratione.

469 5059 680 5126 Θεὸν,ὄ
747 5059 799 5112 τί
822 5074 952 5112 ποτε
1003 5058 1105 5130 μὲν
1162 5057 1280 5111 ἐστι
1340 5059 1447 5125 τὴν
1503 5058 1669 5129 φύσιν
1732 5059 1828 5116 καὶ
1880 5059 1979 5130 τὴν

2153 5078 2296 5148 Quid
2321 5077 2542 5134 tandem
2571 5075 2729 5147 Deus
2775 5082 2968 5128 natura
3029 5088 3127 5129 sua
3163 5081 3220 5130 et
3269 5075 3504 5140 essentia
3560 5072 3658 5140 sit,

392 5152 610 5218 οὐσίαν,
665 5151 791 5206 οὔτε
828 5169 913 5215 τις
959 5151 1125 5223 εὗρεν
1179 5152 1490 5225 ἀνθρώπων
1546 5152 1794 5217 πώποτε,
1850 5151 1977 5206 οῦτε

2080 5182 2184 5223 nec
2259 5167 2539 5222 hominum
2616 5163 2902 5234 quisquam
2955 5177 3190 5233 unquam
3263 5163 3488 5228 invenit,
3557 5177 3659 5218 nec

395 5243 505 5314 μὴν
559 5241 718 5316 εὕρῃ.
764 5243 910 5297 Ἀλλ’
953 5246 1002 5297 εἰ
1063 5245 1164 5314 μὲν
1215 5246 1442 5314 εὑρήσει
1499 5246 1655 5311 ποτὲ,
1707 5243 1979 5314 ζητείσοω

2084 5259 2331 5313 invenire
2360 5265 2558 5327 potest.
2587 5255 2671 5311 An
2701 5271 2831 5312 vero
2862 5256 3153 5326 aliquando
3183 5255 3251 5310 sit
3312 5256 3656 5320 inventurus,

389 5335 581 5403 τοῦτο,
616 5337 712 5390 καὶ
735 5337 1138 5407 φιλοσοφείσθω
1165 5339 1320 5407 παρὰ
1348 5338 1456 5396 τῶν
1483 5337 1851 5408 βουλομένωνο
1884 5341 1978 5392 εὐ-

2083 5358 2293 5421 quaerat
2324 5349 2424 5404 hoc
2449 5349 2539 5418 qui
2573 5348 2740 5414 volet,
2771 5361 2836 5402 ac
2858 5355 3253 5417 perscrutatur.
3287 5343 3405 5399 Mea
3433 5341 3655 5412 quidem

399 5429 560 5498 ρήσει
615 5428 694 5494 δὲ,
745 5430 822 5494 ὡς
872 5431 902 5484 ὁ
945 5431 1080 5501 ἐμὸς
1113 5429 1297 5498 λόγος,
1342 5430 1567 5485 ἐπειδὰν
1626 5431 1688 5484 τὸ
1742 5429 1977 5498 θεοειδὲς

2082 5440 2375 5508 sententia,
2410 5450 2518 5496 tum
2546 5441 2761 5495 demum
2793 5439 2896 5494 hoc
2926 5441 3186 5509 inveniet,
3240 5451 3361 5491 cum
3392 5433 3658 5491 deiforme

391 5519 554 5574 τοῦτο
580 5521 679 5574 καὶ
711 5520 879 5589 θεῖον,
915 5523 1062 5593 λέγω
1089 5523 1147 5578 δὲ
1173 5523 1268 5578 τὸν
1299 5524 1573 5596 ἡμέτερον
1625 5523 1753 5578 νοῦν
1780 5541 1838 5578 τε
1877 5526 1972 5579 καὶ

2081 5531 2184 5585 hoc
2211 5539 2372 5600 atque
2425 5531 2689 5600 divinum,
2747 5531 2800 5586 id
2833 5539 2937 5596 est,
2993 5543 3144 5584 meus
3177 5533 3364 5582 nostra
3414 5535 3469 5582 et
3517 5525 3656 5580 ratio

397 5611 577 5681 λόγον,
631 5613 708 5684 τῷ
738 5616 929 5685 οἰκείῳ
977 5617 1277 5688 προσμίξῃ,
1336 5619 1432 5671 καὶ
1491 5616 1724 5688 ήείκὼν
1766 5616 1966 5688 ἀνέλθη

2080 5637 2198 5677 cum
2237 5632 2427 5677 natura
2455 5633 2686 5694 cognata
2717 5621 3004 5691 conjuncta
3035 5619 3217 5684 fuerit,
3255 5627 3310 5675 et
3359 5619 3536 5688 imago
3581 5619 3654 5672 ad

471 5751 489 5782 ³
516 5751 674 5808 Rom.
710 5755 894 5823 xr,55.
937 5753 1076 5812 ’Job
1108 5770 1335 5824 xxxvm,
1380 5758 1464 5814 16.
1541 5760 1562 5792 ³
1598 5759 1704 5820 lsa.
1734 5776 1846 5830 XIV,
1874 5763 1960 5817 12.

2086 5763 2252 5821 Exod.
2289 5781 2397 5833 tttv,
2429 5765 2520 5824 20.
2598 5769 2618 5802 '
2644 5763 2795 5822 Psal.
2822 5779 2960 5836 xv",
2999 5763 3085 5821 i2.
3146 5763 3191 5845 _°
3217 5764 3420 5824 Tltt‘en.
3443 5777 3524 5833 ιιι,
3553 5760 3645 5820 54.
