4066 6288
295 335 378 399 169
1273 330 1648 394 Miser-ua
1693 335 2155 393 I'JOUMA‘I‘IGA.
2191 357 2259 367 —
2288 336 2431 392 ἸἹῖιῖ
2476 335 2565 390 ιν.

295 437 607 506 φαινόμενον
634 439 877 511 Χριστὸν
901 440 978 511 τῷ
1021 442 1188 514 πλοίῳ
1240 445 1313 515 μὴ
1361 443 1738 515 προσιέμενον,
1779 446 1873 500 καὶ

1982 433 2202 501 proinde
2236 434 2450 491 dicebat
2481 454 2494 490 :
2521 434 2804 505 Periimus,
2837 456 2989 505 uxor,
3035 444 3196 497 Deum
3225 443 3454 499 vidimus
3503 447 3517 476 ¹

291 529 369 581 διὰ
391 528 546 582 τοῦτο
583 530 1074 604 ἀποπεμπόμενον·
1102 537 1340 604 καίτοιγε
1383 537 1709 608 θερμότερος
1766 538 1874 592 τῶν

289 618 454 673 ἄλλων
488 621 566 684 εἰς
600 622 904 688 ἐπίγνωσιν
934 624 1166 696 Χριστοῦ
1217 627 1441 698 Πέτρος,
1477 629 1569 681 καὶ
1601 628 1686 681 διὰ
1718 629 1873 681 τοῦτο

293 713 748 784 μακαριζόμενος,
806 717 902 769 καὶ
955 717 1020 770 τὰ
1063 718 1291 787 μέγιστα
1348 721 1756 791 πιστευόμενος.
1808 719 1870 771 Τί

289 803 330 855 δ’
359 803 424 856 ἂν
452 805 628 868 εἴποις
654 807 788 876 περὶ
830 807 1075 871 Ἡσαΐου,
1104 809 1196 862 καὶ
1226 808 1482 882 Ίεζεχιὴλ
1519 811 1610 864 τοῦ
1641 811 1747 864 τῶν
1779 827 1873 881 μεκ

287 894 485 960 γίστων
532 894 797 957 ὲπόπτου,
825 897 919 948 καὶ
956 897 1064 949 τῶν
1120 897 1321 952 λοιπῶν
1349 900 1672 971 προφητῶν;
1718 895 1792 954 ὧν
1845 902 1872 954 ὁ

291 985 388 1054 μὲν
415 985 500 1037 τὸν
534 985 742 1055 Κύριον
769 987 1030 1040 Σαϐϐαὼο
1160 985 1264 1043 εἶδε
1299 991 1603 1063 καθήμενον
1634 993 1726 1044 ἐπὶ
1751 992 1778 1043 0
1788 991 1874 1063 ρό-

287 1091 380 1124 νου
410 1073 585 1143 δόξης,
644 1073 740 1128 καὶ
785 1075 972 1130 τοῦτον
1011 1077 1116 1130 ὑπὸ
1151 1077 1260 1131 τῶν
1295 1079 1676 1153 ἐξαπτερύγων
1716 1098 1874 1152 caput-

289 1166 394 1233 φὶμ
437 1163 830 1235 κυκλούμενον,
875 1168 968 1219 καὶ
1007 1168 1348 1239 αἱνούμενον,
1387 1172 1483 1224 καὶ
1528 1173 1873 1244 ἀποκρυπτό-

289 1273 484 1324 μενον,
612 1257 801 1309 ἑαυτόν
830 1275 888 1310 τε
915 1257 992 1328 τῷ
1053 1260 1285 1332 ἄνθρακι
1327 1261 1739 1334 καθαιρόμενον,
1782 1265 1874 1317 καὶ

285 1347 426 1416 πρὸς
455 1346 556 1418 τὴν
605 1348 946 1418 προφητείαν
983 1353 1456 1424 καταρτιζόμενον·
1505 1357 1533 1407 ό
1571 1355 1628 1408 δὲ
1676 1356 1769 1407 καὶ
1814 1355 1872 1406 τὸ

285 1437 471 1508 ὗχημα
522 1438 613 1491 τοῦ
661 1439 796 1491 Θεοῦ
849 1441 915 1494 τὰ
965 1443 1232 1514 χερουϐὶμ
1279 1445 1602 1517 διαγράφει,
1650 1447 1870 1500 καὶτὸν

287 1527 430 1598 ὑπὲρ
486 1527 670 1580 αὐτῶν
851 1529 1058 1601 θρόνον,
1119 1535 1295 1588 καὶτὸ
1341 1536 1479 1607 ὑπὲρ
1540 1536 1702 1590 αὐτοῦ
1752 1555 1870 1590 στεη

288 1617 507 1687 ρέωμα,
563 1619 656 1672 καὶ
698 1621 789 1672 τὸν
833 1621 889 1672 ἐν
925 1623 1002 1694 τῷ
1053 1625 1394 1697 στερεώματι
1442 1627 1868 1698 φανταζόμενον.

287 1709 386 1761 καὶ
441 1708 627 1778 φωνὰς
662 1709 725 1779 δή
769 1729 943 1776 τινας,
997 1715 1089 1768 καὶ
1147 1717 1345 1788 ὁρμὰς,
1379 1719 1470 1771 καὶ
1511 1718 1769 1789 πράξεις·

3443 331 3540 394 170

1972 529 2231 593 tanquam
2280 526 2526 582 videlicet
2591 528 2861 595 homines,
2913 549 2978 588 ne
3029 534 3192 588 divini
3245 538 3460 604 quidem
3495 541 3545 591 in

1978 612 2212 683 imagine
2244 625 2587 685 conspectus,
2632 621 2826 674 nedum
2861 635 3066 677 naturae
3105 625 3293 692 ipsius,
3325 641 3550 695 capaces

1977 701 2084 756 sint
2121 719 2134 754 :
2169 702 2306 756 alter
2337 707 2685 773 conspicuum
2725 711 2889 762 etiam
2939 711 3215 768 Christum
3245 716 3296 768 in
3327 717 3549 771 navicu-

1979 791 2082 845 lant
2114 793 2402 849 admittere
2420 799 2720 859 recusabat,
2744 809 2906 868 atque
2927 803 3206 872 abfegabat
3255 807 3294 857 ².
3323 806 3550 873 Quodeo

1978 898 2193 953 quoque
2216 886 2512 942 mirabilius
2535 889 2701 944 videri
2731 893 2904 956 debet,
2923 899 3064 962 quod
3093 896 3230 950 idem
3261 898 3325 951 ad
3347 898 3547 955 Christi

1977 977 2306 1046 agnitionem
2328 979 2491 1032 animi
2519 983 2712 1035 ardore
2727 983 2858 1037 alios
2875 987 3314 1056 anteibat,eoque
3338 993 3550 1046 nomine

1980 1067 2166 1121 beatus
2182 1069 2502 1136 przedieatus
2523 1080 2603 1133 est
2651 1073 2691 1134 ³,
2719 1090 2912 1141 resque
2933 1079 3191 1132 maximas
3220 1082 3272 1133 in
3290 1082 3442 1136 fidem
3463 1099 3549 1137 ac-

1979 1158 2139 1227 cepit.
2161 1159 2296 1224 Quid
2335 1159 2524 1215 Isaiam
2553 1173 2607 1216 et
2629 1163 2960 1221 Ezechielcm
2985 1185 3161 1222 rerum
3196 1171 3548 1228 maximarum

1977 1258 2334 1316 spectatorem
2388 1253 2726 1324 reliquosque
2766 1261 3056 1326 prophetas
3101 1265 3548 1322 commemorem!

1978 1335 2214 1401 Quorum
2250 1341 2386 1396 alter
2417 1342 2698 1398 Dominum
2736 1347 3012 1402 Sabbaoth
3071 1351 3122 1404 in
3163 1354 3349 1423 gloriae
3401 1359 3546 1413 thro-

1979 1443 2048 1481 no
2075 1431 2350 1486 sedentem
2386 1435 2516 1489 vidit
2578 1436 2618 1500 ⁸,
2649 1453 2878 1507 eumque
2910 1456 2938 1493 a
2969 1444 3241 1512 scraphim
3279 1447 3424 1502 senis
3456 1450 3547 1504 alis

1976 1520 2216 1588 praeditis
2243 1523 2293 1575 in
2311 1526 2493 1579 orbem
2514 1527 2746 1583 cinctum
2772 1546 2834 1584 ac
2855 1530 3129 1586 laudatum
3154 1545 3207 1588 et
3233 1546 3450 1600 tectum,
3471 1556 3553 1595 se-

1977 1625 2082 1679 que
2103 1612 2273 1680 ipsum
2294 1616 2527 1671 carbone
2553 1629 3132 1690 perpurgatum,atque
3159 1625 3222 1678 ad
3248 1626 3552 1681 obeundum

1977 1699 2271 1767 prophetize
2291 1717 2482 1758 munus
2496 1705 2836 1760 adornatum.
2859 1708 3008 1762 Alter
3025 1712 3327 1766 vehiculum
3344 1730 3554 1784 quoque

285 1803 386 1856 καὶ
420 1803 620 1868 ταῦτα,
671 1808 781 1860 εἴτε
840 1812 1110 1877 φαντασία
1158 1831 1242 1878 τις
1271 1810 1338 1886 ἦν
1392 1818 1646 1889 ἡμερινὴ,
1693 1818 1870 1888 μόνοις

1982 1786 2070 1841 Dei
2113 1789 2290 1856 ⁵,1ιοο
2336 1801 2440 1858 est,
2485 1795 2810 1852 cherubinos
2861 1800 3140 1865 describit,
3193 1805 3554 1874 thronumque

285 1893 543 1966 θεωρητὴ
571 1898 683 1960 τοῖς
712 1898 909 1966 ἁγίοις,
943 1901 1050 1954 εἴτε
1081 1904 1272 1967 νυκτὸς
1301 1905 1536 1978 ἀψευδὴς
1579 1909 1720 1977 ὄψις,
1760 1910 1871 1962 sits

282 1985 378 2037 τοῦ
405 1987 736 2057 ἡγεμονικοῦ
767 1989 1012 2056 τύπωσις
1046 1996 1413 2068 συγγενομένη
1575 2002 1685 2062 τοῖς
1738 2000 1870 2069 μέλ-

280 2074 469 2130 λουσιν
518 2079 593 2141 ὡς
622 2083 912 2151 παροῦσιν,
947 2085 1056 2137 εἴτε
1104 2103 1157 2138 τι
1190 2087 1316 2140 ἄλλο
1359 2091 1693 2159 προφητείας
1734 2087 1869 2154 εἶδος

278 2167 619 2238 ἀῶῤῥητον,
659 2171 758 2224 οὐκ
792 2171 900 2242 ἔχω
925 2174 1121 2243 λέγειν·
1157 2177 1269 2230 ἀλλ’
1302 2174 1440 2231 οἶδεν
1463 2181 1491 2232 ὁ
1522 2179 1629 2231 τῶν
1661 2198 1872 2251 προφη-

275 2259 392 2311 τῶν
422 2259 577 2323 Θεὸς,
615 2261 706 2314 καὶ
732 2264 781 2314 οἱ
811 2264 878 2317 τὰ
900 2265 1117 2320 τοιαῦτα
1137 2268 1536 2340 ἐνεργούμενοι.
1573 2271 1718 2342 Πλὴν
1743 2269 1868 2324 οὔτε

277 2344 434 2402 οὗτοι
481 2353 606 2422 περὶ
656 2346 730 2406 ὧν
786 2355 814 2406 ὁ
873 2353 1048 2421 λόγος,
1093 2356 1216 2410 οὔτε
1264 2376 1346 2422 τις
1401 2359 1554 2422 ἄλλος
1591 2360 1698 2414 τῶν
1753 2363 1869 2414 κατ’

278 2438 527 2502 αὐτοὺς,
698 2441 827 2512 ἔστη
883 2445 941 2495 ὲν
993 2446 1337 2517 ὑποστήματι
1556 2450 1651 2502 καὶ
1712 2450 1870 2520 οὐσίᾳ

276 2530 518 2600 Κυρίου,
551 2532 689 2585 κατά
722 2533 783 2585 τὸ
837 2537 1244 2607 γεγραμμένον,
1295 2539 1415 2592 οὐδὲ
1453 2539 1586 2593 Θεοῦ
1639 2540 1799 2609 φύσιν
1834 2542 1865 2611 ἧ

274 2615 423 2671 εἶδεν
450 2619 482 2683 ᾖ
531 2623 912 2693 ἐξηγόρευσεν.

1980 1880 2119 1946 ipsis.
2153 1882 2525 1945 excelsiorem,
2566 1901 2738 1955 eoque
2785 1888 3072 1944 sublimius
3127 1891 3550 1961 firmamentum,

1979 1982 2141 2040 atque
2167 1975 2385 2043 insuper
2414 1990 2560 2042 eum,
2587 1979 2677 2046 qui
2721 1979 2770 2032 in
2814 1981 3157 2038 firmamento
3203 1999 3320 2039 sese
3371 1996 3553 2041 utcun-

1978 2079 2082 2132 que
2104 2071 2526 2135 consm‘canduin
2565 2074 2862 2140 praebebat,
2890 2091 3158 2145 vocesque
3187 2079 3353 2133 etiam
3385 2096 3548 2149 quas-

1977 2153 2121 2219 dam,
2162 2165 2216 2207 et
2247 2155 2497 2225 impetus,
2532 2168 2692 2228 atque
2729 2163 3003 2228 actiones;
3044 2165 3224 2233 idque,
3257 2168 3370 2221 sive
3401 2170 3548 2223 diur-

1979 2255 2104 2293 num
2149 2245 2417 2310 quoddam
2477 2247 2577 2302 hoc
2643 2259 2956 2317 Spectrum,
3013 2252 3144 2306 solis
3190 2257 3550 2311 sanctissimis

1982 2331 2112 2384 viris
2153 2335 2468 2400 spectabile,
2519 2338 2632 2390 sive
2681 2339 2902 2393 minime
2953 2340 3112 2394 fallax
3166 2345 3341 2398 noctis
3390 2347 3546 2406 visio,

1979 2421 2093 2475 sive
2129 2426 2323 2492 prmvia
2362 2428 2605 2494 quredam
2658 2431 2856 2484 mentis
2887 2431 3191 2500 impressio,
3225 2433 3402 2487 futura
3433 2445 3549 2489 tan-

1980 2530 2137 2581 quam
2181 2521 2464 2587 pra'seutia
2513 2523 2799 2586 exhibens,
2837 2523 2949 2577 sive
2983 2540 3238 2578 arcanum
3282 2528 3548 2594 quoddam

1983 2606 2128 2663 aliud
2169 2611 2465 2679 prophetia:
2510 2628 2700 2682 genus,
2757 2616 2938 2670 dicere
2979 2631 3223 2684 nequeo;
3262 2620 3408 2672 novit
3449 2620 3550 2675 boc

277 2707 680 2777 prophetarum
707 2709 869 2773 Deus,
902 2719 955 2764 et
980 2711 1069 2778 qui
1115 2709 1416 2780 huJusmodi
1478 2707 1744 2762 amatibus
1815 2709 2103 2775 agitantur.
2168 2709 2431 2762 (Ireterum
2461 2725 2632 2776 neque
2695 2707 2768 2774 lii,
2798 2707 2863 2762 de
2890 2708 3084 2778 quibus
3112 2705 3322 2776 loquor,
3356 2721 3552 2808 .neque

279 2803 579 2873 quisquam
633 2804 770 2859 alius
810 2805 1049 2874 ejusdem
1093 2807 1321 2870 ordinis,
1363 2807 1414 2859 in
1461 2805 1756 2860 substantia
1799 2813 1854 2857 et
1892 2803 2125 2856 essentia
2159 2801 2390 2866 Domini,
2435 2814 2490 2855 ut
2549 2802 2825 2872 Scriptura
2862 2801 3097 2871 loquitur
3163 2801 3211 2867 °,
3243 2801 3414 2863 stetit,
3451 2815 3549 2853 nec

285 2895 393 2950 Dei
437 2903 694 2952 naturam
752 2907 847 2950 aut
883 2897 1037 2960 vidit,
1069 2906 1162 2951 aut
1201 2896 1324 2952 aliis
1372 2896 1607 2966 prodidit
1633 2903 1684 2951 et
1714 2892 1988 2963 pattfecit.

488 2981 692 3050 Παύλῳ
751 2980 828 3044 δὲ,
869 2981 918 3032 εί
976 2980 1074 3050 μὲν
1143 2977 1352 3049 εκφορὶι

277 3075 447 3144 ἔσχεν
643 3074 670 3124 ὁ
716 3071 895 3142 τρίτος
938 3071 1182 3141 οὐρανὸς,
1222 3069 1314 3121 καὶ
1357 3069 1389 3138 ἡ
1442 3068 1632 3138 μέγρις
1667 3067 1874 3120 ἐκείνου

278 3163 538 3234 πρόοδος,
568 3161 602 3232 ἦ
659 3160 944 3223 ἀνάϐασις,
980 3161 1012 3229 ἢ
1063 3158 1350 3227 ἀνάληψις,
1385 3156 1524 3226 τάχα
1558 3156 1622 3209 ἄν
1650 3173 1700 3207 τι
1749 3159 1876 3228 περὶ

277 3253 424 3306 Θεοῦ
460 3252 629 3306 πλέον
686 3251 952 3321 ἔγνωμεν,
989 3249 1146 3321 εἴπερ
1190 3249 1349 3301 τοῦτο
1381 3244 1448 3318 ἦν
1479 3247 1538 3300 τὸ
1568 3248 1664 3317 τῆς
1692 3249 1871 3317 ἁρπα-

279 3346 388 3417 γῆς
424 3345 748 3415 μυστήριον*
791 3344 910 3396 ἐπεὶ
943 3342 999 3395 δὲ
1030 3343 1243 3414 ἄρρητα
1275 3337 1362 3412 ἦν,
1390 3341 1483 3393 καὶ
1514 3343 1646 3411 ἡμῖν
1696 3342 1872 3410 σιωπῇ

277 3435 564 3507 τιμάσθω.
598 3434 868 3488 Τοσοῦτον
891 3434 947 3487 δὲ
974 3433 1295 3503 ἀκούσωμεν
1327 3431 1492 3485 αὑτοῦ
1546 3430 1756 3484 Παύλου
1785 3431 1868 3484 λέ-

279 3546 500 3598 γοντος,
543 3529 626 3581 ὅτι
645 3530 743 3581 Ἐκ
763 3525 985 3594 μέρους
1013 3524 1402 3594 γινώσκομεν,
1429 3523 1523 3576 καὶ
1552 3524 1618 3575 ἐκ
1653 3523 1874 3592 μέρους

279 3621 770 3689 προφητεύομεν.
815 3618 1019 3677 Ταῦτα,
1068 3617 1161 3669 καὶ
1191 3615 1259 3668 τὰ
1306 3613 1528 3668 τοιαῦτα
1556 3613 1807 3684 ὁμολογεῖ
1847 3617 1876 3667 ὁ

285 3713 362 3783 μὴ
401 3709 627 3778 eadem;
674 3709 774 3779 τὴν
809 3708 1031 3776 γνῶσιν,
1074 3710 1102 3760 ὁ
1146 3705 1372 3777 δοκιμὴν
1404 3705 1640 3758 ἀπειλῶν
1685 3705 1776 3758 τοῦ
1816 3706 1874 3756 ὲν

281 3803 441 3872 αὐτῷ
506 3800 798 3862 λαλοῦντος
855 3799 1113 3870 Χριστοῦ,
1174 3801 1201 3851 ὁ
1255 3796 1427 3867 μέγας
1473 3797 1572 3863 τῆς
1621 3795 1872 3865 ἀληθείας

282 3891 736 3965 προαγωνιστὴς,
778 3891 872 3944 καὶ
927 3889 1257 3953 διδάσκαλος.
1298 3889 1388 3942 Διὸ
1427 3889 1517 3941 καὶ
1696 3888 1874 3939 πᾶσαν

281 3985 388 4055 τὴν
432 3985 588 4037 κάτω
627 3982 827 4051 γνῶσιν
877 3982 1029 4035 οὐδὲν
1066 3981 1208 4051 ὑπὲρ
1262 3981 1329 4033 τὰ
1368 3980 1606 4049 ἔσοπτρα
1656 3980 1748 4030 καὶ
1806 3980 1873 4030 τὰ

285 4075 597 4144 αἰνίγματα
657 4072 881 4137 τίθεται,
937 4072 1014 4135 ὡς
1074 4074 1132 4124 ἐν
1195 4073 1408 4142 μικροῖς
1461 4072 1558 4140 τῆς
1618 4069 1874 4139 ἀληθείας

287 4163 595 4234 ἱσταμένην
647 4162 980 4234 ἰνδάλμασιν.
1016 4161 1077 4215 Εἰ
1117 4161 1172 4214 δὲ
1211 4162 1282 4232 μὴ
1329 4161 1444 4214 λίαν
1477 4159 1617 4213 δοκῶ
1646 4177 1754 4212 τισι
1778 4175 1874 4210 πε-

287 4255 480 4326 ριττὸς
503 4255 600 4309 καὶ
629 4254 918 4326 περίεργος
947 4255 1016 4309 τὰ
1038 4254 1261 4308 τοιαῦτα
1286 4253 1571 4321 ἐξετάζων,
1599 4253 1716 4306 οὐδὲ
1742 4251 1875 4306 ἄλλα

1587 2979 1655 3047 ὴν
1719 2977 1863 3048 ἅπερ
1913 2985 1954 3039 C

2196 2972 2365 3037 Quod
2414 2975 2456 3027 si
2507 2975 2672 3030 Paulo
2722 2993 2807 3041 ea,
2849 2997 2966 3049 qua:
3015 2985 3232 3039 tertium
3273 2989 3468 3042 ccelum
3512 2991 3551 3053 ⁷,

1987 3068 2149 3129 atque
2186 3063 2251 3116 ad
2299 3063 2426 3117 illud
2469 3081 2638 3134 usque
2679 3072 3008 3138 progressio,
3051 3075 3131 3127 vel
3165 3083 3435 3142 ascensio,
3471 3083 3550 3133 vel

1987 3155 2283 3222 assumptio
2335 3157 2598 3222 exhibuit,
2635 3161 2954 3216 mortalibus
2990 3166 3248 3233 evulgare
3294 3169 3550 3235 licuisset,

1985 3245 2216 3313 amplius
2243 3247 2495 3315 quiddam
2722 3251 2956 3308 fortasse
2982 3256 3046 3310 de
3075 3256 3182 3312 Deo
3216 3262 3548 3328 cognoviSse-

1987 3352 2126 3402 mus,
2154 3337 2199 3391 si
2227 3339 2382 3392 modo
2414 3356 2610 3396 arcana
2641 3343 2754 3397 hmc
2781 3359 2941 3400 causa
2974 3357 3112 3411 erat,
3143 3365 3240 3403 cur
3277 3351 3326 3403 in
3360 3353 3550 3406 coelum

1987 3439 2286 3496 raperetur.
2317 3431 2581 3496 Quoniam
2625 3445 2805 3489 autem
2839 3437 2952 3491 haec
2981 3439 3028 3492 ei
3066 3440 3120 3494 in
3149 3442 3340 3512 vulgus
3364 3444 3549 3499 efferre

1984 3520 2136 3575 nefas
2183 3533 2322 3588 erat,
2371 3523 2632 3580 faciamus
2681 3544 2779 3582 nos
2835 3545 3073 3600 quoque,
3112 3543 3170 3586 ut
3229 3550 3290 3587 ea
3339 3533 3554 3590 silentio

1982 3615 2441 3669 commendemus.
2475 3618 2650 3687 Atque
2681 3621 2782 3675 hoc
2822 3623 3082 3678 duntaxat
3123 3624 3343 3679 Paulum
3367 3627 3552 3681 dicen-

1986 3712 2090 3755 tem
2126 3706 2408 3761 audiamus
2440 3727 2451 3761 :
2493 3708 2574 3763 Ea:
2617 3720 2766 3779 parte
2803 3717 3182 3782 cognoscimus,
3214 3727 3261 3770 et
3306 3735 3371 3772 ea:
3409 3730 3554 3786 parte.

1981 3797 2344 3863 map/telamo:
2390 3799 2432 3852 ⁸.
2495 3800 2640 3865 "rec,
2689 3814 2853 3872 atque
2907 3807 3174 3876 ejusmodi
3227 3809 3382 3862 fateri
3448 3827 3551 3863 non

1982 3888 2190 3941 dubitat
2244 3891 2334 3944 ille
2401 3892 2626 3946 scientia
2689 3910 3029 3965 nequaquam
3099 3899 3415 3966 imperitus,
3466 3902 3553 3954 ille

1982 3980 2409 4044 experimentum
2475 3996 2532 4034 se
2607 3983 2857 4037 daturttm
2961 3986 3219 4041 minitans
3282 3990 3553 4060 loquentis

1985 4067 2036 4118 in
2094 4081 2153 4119 se
2199 4067 2441 4133 Christi,
2513 4086 2771 4137 magnus,
2850 4073 3104 4143 inquam,
3161 4077 3249 4131 ille
3306 4079 3552 4134 veritatis

1994 4168 2364 4228 propugnator
2417 4172 2470 4214 et
2536 4162 2742 4216 doctor.
2814 4163 2994 4234 quue
3058 4173 3275 4224 nomine
3336 4186 3550 4226 omnem

1980 4263 2192 4318 quoque
2217 4251 2505 4305 humanam
2536 4269 2598 4308 ac
2630 4262 2897 4310 terrenam
2923 4259 3205 4314 scientiam
3229 4262 3358 4317 nihil
3390 4279 3548 4334 supra

284 4345 420 4398 τινὰ
450 4345 670 4412 τυχὸνῆ
706 4346 878 4399 ταῦτα
905 4342 998 4408 ἦν,
1045 4346 1080 4400 ἃ
1114 4347 1190 4414 μὴ
1240 4345 1496 4400 δύνασθαι
1546 4343 1638 4398 νῦν
1686 4343 1873 4411 βαστα-

1982 4339 2200 4406 specula
2251 4349 2304 4394 et
2352 4342 2637 4412 a‘nigmata
2685 4347 2706 4375 θ
2762 4361 2882 4402 esse
2937 4351 3148 4414 statuit,
3199 4361 3382 4420 utpote
3436 4370 3554 4422 qua!

285 4428 521 4500 χθῆναι,
569 4429 600 4481 ὁ
651 4430 823 4498 Λόγος
866 4431 1026 4494 αὐτὸς
1076 4434 1425 4505 ὑπῃνίσσετο,
1475 4437 1550 4500 ὦς
1755 4455 1886 4491 ποτε

290 4519 791 4591 βασταχθησόμενα
816 4523 910 4574 καὶ
936 4525 1414 4595 τρανωθησόμενα·
1467 4530 1556 4581 καὶ
1743 4529 1889 4598 ἅπερ

291 4609 428 4679 μηδ’
456 4609 522 4662 ἂν
564 4609 724 4661 αὑτὸν
749 4609 1040 4680 δυνηθῆναι
1091 4613 1336 4684 χωρῆσαι
1374 4615 1466 4667 τὸν
1634 4616 1838 4686 κόσμον
1869 4653 1885 4680 ,

298 4700 567 4769 Ἰωάννης
599 4702 626 4753 ὁ
653 4701 744 4753 τοῦ
773 4701 942 4768 Λόγου
973 4703 1278 4775 πρόδρομος
1303 4743 1320 4771 ,

283 4791 555 4862 ἀληθείας
584 4793 749 4863 φωνὴ,
771 4791 1069 4863 διωρίζετο.

1483 4708 1514 4775 ἡ
1543 4708 1750 4777 μεγάλη
1786 4708 1884 4776 τῆς

1989 4438 2129 4491 ultra
2156 4438 2348 4506 exigua
2385 4435 2627 4489 veritatis
2657 4434 2945 4490 simulacra
2980 4435 3198 4488 minime
3223 4451 3342 4490 sese
3375 4437 3552 4506 porri-

1989 4539 2096 4598 gat.
2133 4530 2283 4594 Quod
2318 4528 2414 4581 nisi
2447 4543 2529 4580 me
2570 4527 2834 4596 quispiam
2866 4527 2918 4581 in
2958 4526 3114 4595 hujus
3145 4527 3357 4596 generis
3393 4529 3550 4583 rebus

1990 4620 2340 4688 exquirendis
2375 4619 2533 4672 nimis
2568 4619 2778 4671 curiose
2811 4625 2864 4671 et
2911 4631 3310 4686 supervacaneo
3347 4617 3546 4672 versari

1991 4709 2283 4772 existimet,
2312 4708 2489 4762 dicere
2538 4722 2750 4776 quoque
2783 4722 2885 4760 non
2937 4722 3146 4770 verear,
3178 4722 3278 4762 nec
3299 4708 3400 4760 alia
3433 4708 3542 4776 qui-

1995 4801 2112 4852 dem
2159 4801 2408 4865 fortasse,
2461 4814 2620 4866 quam
2674 4799 2810 4860 hzee,
2858 4811 2919 4850 ea
2956 4811 3097 4858 esse,
3143 4811 3262 4865 qua:
3304 4796 3553 4853 Christus

285 4884 409 4951 ip-e
479 4883 680 4950 portari
728 4884 777 4937 in
845 4885 945 4938 hac
998 4887 1102 4940 vita
1145 4900 1300 4956 posse
1354 4889 1566 4953 ne,.avit
1610 4888 1681 4954 '°,
1718 4888 1863 4943 velut
1897 4889 2184 4958 aliquando
2219 4889 2497 4957 portanda,
2539 4897 2590 4943 et
2628 4887 2984 4951 declaranda;
3024 4895 3077 4938 et
3135 4901 3253 4956 qua:
3283 4886 3371 4942 ille
3393 4886 3549 4941 Verbi

283 4988 601 5042 praeursor
647 4973 902 5040 Joannes,
961 4987 1014 5031 et
1070 4994 1260 5049 magna
1317 4981 1559 5034 veritatis
1591 4997 1714 5046 vox,
1750 4997 1816 5036 ne
1842 4997 1869 5034 a
1905 4983 2101 5037 mundo
2129 4984 2342 5051 quidem
2373 4981 2488 5051 capi
2521 4996 2676 5049 posse
2703 4977 3063 5043 pronuntiavit
3093 4977 3154 5032 “.

733 5107 837 5160 Ἐκ
869 5105 978 5159 τοῦ
1007 5106 1196 5160 αὐτοῦ
1242 5109 1454 5176 λόγου.

364 5199 532 5253 Πᾶσα
583 5197 682 5268 μὲν
724 5197 817 5250 οὖν
861 5199 1110 5267 ἀλήθεια,
1155 5201 1246 5252 καὶ
1298 5201 1408 5261 πᾶς
1453 5199 1614 5268 λόγος
1659 5199 1885 5252 δυστέκ-

293 5290 516 5362 μαρτός
554 5306 612 5342 τε
659 5291 752 5344 καὶ
789 5290 1197 5360 δυσθεώρητοςο
1249 5292 1343 5344 καὶ
1383 5287 1496 5345 οἷον
1535 5293 1752 5363 ὀργάνῳ
1794 5307 1884 5356 μι-

290 5382 421 5452 κρῷ
470 5381 684 5450 μεγάλα
734 5382 1202 5453 δημιουργοΰμεν,
1248 5386 1313 5453 τῇ
1349 5383 1669 5454 ἀνθρωπίνῃ
1723 5385 1885 5453 σοφία

291 5475 402 5542 τὴν
441 5475 554 5526 τῶν
601 5472 770 5527 ὄντων
819 5474 1024 5543 γνῶσιν
1073 5475 1419 5546 θηρεύοντες,
1455 5476 1550 5528 καὶ
1595 5477 1706 5538 τοῖς
1755 5493 1881 5545 νοηο

380 5677 396 5709 ⁸
427 5675 604 5734 Jndic.
629 5693 752 5738 xm.
791 5677 880 5731 22.
958 5677 978 5707 ¹
1002 5674 1132 5730 Luc.
1162 5692 1214 5740 v,
1241 5676 1294 5730 8.

296 5747 322 5781 ⁷
367 5748 413 5803 ll
451 5750 576 5804 Cor.
606 5765 707 5812 xu,
730 5749 788 5803 2.
863 5748 884 5778 ⁸
917 5746 937 5800 1
971 5749 1098 5801 Cor.
1124 5761 1246 5811 xm,
1281 5745 1334 5800 9.

620 5857 895 5916 Ριιτιιοιη
931 5854 1047 5914 Gn.
1091 5853 1354 5931 CXXX,

1371 5675 1390 5706 ³
1414 5675 1602 5728 Matth.
1638 5690 1745 5742 ινι,
1786 5673 1872 5742 t7.

1408 5745 1429 5776 ’
1462 5745 1592 5800 ibid.
1621 5745 1708 5798 12.

1948 5673 2091 5729 δΙδτι.
2123 5692 2196 5736 vr,
2240 5675 2284 5730 Ι.

1787 5741 2010 5801 "Joan.
2049 5762 2161 5813 ιιι,
2205 5747 2288 5801 12.

2477 5105 2560 5159 Ea:
2593 5105 2776 5161 eadem
2805 5107 3063 5160 oratione.

2060 5194 2258 5249 Verum
2288 5198 2433 5250 enim
2479 5210 2609 5249 vero
2666 5213 2791 5250 eum
2843 5199 3046 5254 veritas
3090 5201 3271 5253 omnis
3323 5208 3379 5253 et
3436 5197 3552 5252 dis-

1990 5287 2200 5356 putatio
2253 5287 2546 5357 plurimum
2599 5287 2933 5344 difﬁcultatis
2983 5299 3148 5359 atque
3201 5289 3552 5343 obscuritatis

1991 5380 2218 5446 habeat,
2259 5395 2323 5435 ac
2351 5396 2449 5436 uos
2485 5381 2630 5435 velut
2675 5397 2842 5450 parvo
2901 5385 3136 5452 quodam
3192 5381 3554 5433 instrumento

1988 5489 2076 5529 res
2117 5489 2338 5544 magnas
2375 5476 2586 5531 efficere
2617 5476 2928 5538 moliamur.
2989 5475 3238 5528 humane
3301 5471 3554 5527 videlicet

2361 5676 2382 5707 ⁸
2416 5673 2610 5730 Ezer-h.
2648 5693 2688 5735 ι.
2717 5676 2748 5728 4
2773 5693 2922 5745 seqq.
2999 5677 3018 5708 ⁸
3047 5674 3247 5729 Jercm.
3276 5686 3432 5743 xxut,
3464 5671 3550 5728 18.

2365 5746 2406 5778 ¹¹
2437 5745 2594 5801 Joan.
2635 5762 2748 5811 ut,
2777 5747 2868 5801 25.

3193 5855 3231 5916 6
