4094 6286
555 339 649 398 Πι

536 568 638 623 tes,
669 571 733 611 ac
767 569 871 619 res,
901 568 1020 624 qua:
1044 550 1208 605 animi
1245 557 1448 602 tantmn
1478 543 1828 612 intelligentia
1857 552 2103 608 compre-

537 649 870 710 henduntur,
919 660 1015 714 per
1043 654 1234 696 sensus
1269 648 1590 706 cognoscere
1614 633 1986 704 aggredimur;
2013 639 2106 684 aut

537 747 687 792 certe
721 753 823 792 non
867 737 982 789 sine
1019 733 1284 794 sensibus,
1321 729 1518 797 quibus
1559 726 1797 793 undique
1832 722 2102 791 iactamur

537 839 591 882 et
625 830 676 882 in
713 841 950 882 errorem
1006 822 1390 894 pcrtrahimur,
1425 833 1523 872 nec
1565 817 1705 870 nuda
1758 824 1936 868 mente
1979 828 2099 868 cum

537 918 694 972 nudis
719 918 876 970 rebus
901 912 1129 974 versari,
1156 919 1316 977 atque
1348 908 1472 962 inde
1489 907 1552 960 ad
1580 909 1860 960 veritatem
1884 902 2102 972 propius

536 1006 812 1070 accedere,
841 1004 1107 1071 rebusque
1133 999 1399 1070 perceptis
1427 1011 1490 1051 ac
1517 995 1924 1065 comprehensis
1955 1008 2103 1047 meu-

536 1109 642 1153 tem
677 1095 970 1152 informare
1011 1107 1317 1163 possumus.
1351 1091 1486 1144 Tum
1518 1103 1646 1142 vero
1673 1085 1970 1155 disputatio
2017 1098 2103 1149 ea,

535 1205 653 1260 qua:
689 1191 751 1242 de
791 1189 897 1241 Deo
949 1185 1264 1253 suscipitur,
1299 1197 1408 1250 quo
1448 1179 1768 1248 perfectior,
1795 1191 1860 1230 eo
1887 1187 2103 1245 quoque

534 1280 802 1334 diflicilior
838 1287 939 1340 est,
974 1276 1324 1346 pluribusque
1371 1268 1819 1340 ohjectationibus
1855 1274 2018 1335 patet,
2050 1265 2102 1317 in

535 1373 707 1440 iisque
739 1369 1004 1425 dilueudis
1030 1383 1092 1421 ac
1115 1364 1469 1420 dissolvendis
1487 1362 1607 1432 plus
1637 1361 1832 1429 negotii
1859 1355 2100 1412 facessit.

534 1463 676 1518 Nihil
705 1463 848 1516 enim
869 1471 976 1514 tam
998 1460 1129 1512 leris
1151 1457 1436 1528 exiguique
1465 1453 1716 1524 ponderis
1740 1451 1892 1505 nobis
1918 1451 2106 1503 adrer-

535 1555 640 1609 sari
669 1563 861 1622 potest,
887 1551 1142 1619 quodnon
1159 1546 1533 1616 disputationis
1551 1558 1767 1597 cursum
1805 1542 2088 1594 interrum-

546 1655 638 1715 pat
699 1656 861 1712 atque
969 1641 1323 1708 comprimat,
1385 1636 1753 1704 impediatque
1811 1631 2103 1700 quominus

535 1738 672 1790 ultra
725 1733 1150 1804 progrediamur.
1203 1727 1658 1795 Quemadmodum
1693 1724 1782 1793 qui
1834 1736 2000 1790 equos
2036 1720 2102 1771 ad

535 1841 750 1880 cursum
804 1824 1052 1877 incitatos
1101 1829 1316 1887 repente
1360 1819 1510 1871 freno
1559 1814 1866 1877 retrahunt,
1892 1827 1955 1864 ac
2013 1825 2109 1878 per

540 1915 875 1986 inopinatam
901 1923 954 1967 ct
995 1911 1326 1980 repentinam
1382 1906 1750 1962 excussiOncm
1814 1912 2105 1956 retrorsum

538 2017 724 2078 agunt.
783 2005 876 2060 Sic
924 2005 1176 2059 nimirum
1231 2001 1507 2063 Salomon,
1543 1998 1632 2066 qui
1681 1996 1948 2059 omnibus,
1985 2008 2104 2048 cum

538 2113 676 2162 suae,
711 2106 821 2150 tum
856 2095 1152 2164 superioris
1179 2093 1451 2146 memoria.-
1487 2088 1792 2143 hominibus
1829 2083 2106 2154 sapientia:

541 2191 698 2243 lattth
743 2188 991 2258 praestitit
1029 2194 1074 2250 ι,
1125 2194 1178 2238 et
1229 2185 1410 2237 cordis
1448 2181 1781 2234 latitudinem
1827 2176 1917 2231 Dei
1949 2176 2108 2229 benc-

539 2281 662 2334 ficio
948 2277 1196 2346 accepit,
1260 2289 1323 2327 ac
1387 2283 1587 2326 tantam
1640 2266 2110 2337 contemplationis

536 2373 744 2443 cupiam
771 2379 824 2425 et
857 2371 1160 2424 ubertatem
1197 2374 1247 2428 ',
1279 2376 1335 2419 ut
1364 2380 1540 2418 arena:
1572 2376 1852 2417 numerum
1878 2359 2110 2413 excede-

539 2473 640 2526 ret,
682 2478 787 2532 quo
831 2462 994 2514 altius
1043 2459 1095 2512 in
1145 2459 1243 2512 has
1275 2455 1667 2525 profunditatcs
1705 2459 1970 2520 penetrat,
2004 2449 2106 2502 hoc

543 2552 713 2620 magis
741 2558 954 2612 aestuat,
989 2564 1052 2601 ac
1081 2549 1237 2600 linem
1270 2545 1553 2614 quemdam
1583 2540 1857 2609 sapientia:
1900 2537 2101 2591 consti-

543 2643 663 2704 tuit,
701 2640 952 2693 nimirum
1005 2639 1145 2705 quod
1197 2633 1513 2693 invenisset,
1571 2638 1830 2698 quantum
1876 2642 1937 2682 ea
1981 2642 2011 2679 a
2047 2642 2106 2680 se

544 2733 754 2802 fugeret
796 2731 838 2781 ³.
869 2727 1148 2781 Consimili
1201 2738 1417 2794 quoque
1451 2721 1610 2775 modo
1639 2720 1856 2781 Paulus,
1893 2733 1997 2771 non
2025 2717 2104 2770 di-

542 2839 661 2874 cam
695 2821 784 2874 Βιτί
816 2829 1086 2880 naturam,
1118 2818 1218 2870 huc
1245 2816 1385 2868 enim
1414 2828 1632 2882 prorsus
1651 2827 1810 2878 supra
1842 2809 2106 2862 lmmanas

544 2916 686 2968 vires
710 2929 830 2966 esse
861 2920 1199 2980 perspectum
1227 2907 1478 2971 habebat,
1519 2906 1609 2958 sed
1643 2903 1733 2956 Dei
1767 2901 1940 2955 solum
1962 2899 2106 2966 judi-

544 3004 624 3058 cia
657 3003 960 3072 cognitione
997 3001 1205 3070 assequi
1233 3007 1477 3052 conatur.
1507 2995 1767 3062 Quoniam
1797 3001 1976 3046 autem
2010 3004 2106 3043 nec

544 3095 746 3149 exitum
780 3094 968 3157 ullum,
1002 3105 1100 3146 nec
1137 3105 1244 3160 quo
1276 3103 1554 3143 ascensum
1585 3087 1744 3154 figere
1773 3101 1835 3137 ac
1864 3081 2110 3138 Stahilire

1777 334 2158 398 EUTIIYMII
2198 333 2540 394 ZlG.\BENl

534 464 815 536 sapientiae
853 459 1166 530 adiumento
1210 469 1390 510 rerum
1433 451 1796 522 cognitionem
1829 463 2100 518 aucupan-
2132 447 2172 499 A
2195 459 2304 518 τοῖς

3681 332 3791 392 1'72

2479 454 2907 528 προσϐάλλοντες
2939 453 3076 524 μετᾶ
3104 454 3212 508 τῶν
3256 454 3579 524 αἰσθήσεων·
3607 456 3639 526 ἢ
3677 459 3781 509 οὑκ

2197 547 2323 599 ἄνευ
2363 543 2692 614 αἰσθήσεων,
2744 544 2832 612 ὑφ’
2866 538 2942 596 ὦν
2978 542 3385 614 περιφερόμεθα
3418 543 3513 597 καὶ
3566 543 3783 596 πλανώο

2196 636 2356 706 μεθα,
2411 637 2505 690 καὶ
2549 636 2650 688 οὐκ
2693 635 2888 705 ἔχομεν
2917 634 3106 705 γυμνῷ
3152 635 3230 704 τῷ
3261 635 3340 687 νοῒ
3385 637 3612 705 γυμνοῖς
3665 638 3782 698 τοῖς

2193 727 2513 798 πράγμασιν
2564 726 3009 796 ἐντυγχάνοντες,
3050 725 3251 796 μᾶλλόν
3281 744 3335 778 τι
3375 726 3656 796 προσιέναι
3704 730 3777 797 τῇ

2193 818 2440 888 ἀληθείᾳ,
2471 820 2563 871 καὶ
2596 819 2688 872 τὸν
2725 817 2850 870 νοῦν
2890 817 3189 871 τυποῦσθαι
3221 820 3339 880 ταῖς
3392 817 3782 886 καταλήψεσιν.

2205 908 2262 960 ’0
2285 908 2340 959 δὲ
2371 905 2496 978 περὶ
2521 907 2656 960 Θεοῦ
2683 907 2860 975 λόγος,
2887 907 2997 977 ὅσῳ
3021 907 3368 978 τελεώτερος,
3394 907 3632 976 τοσούτῳ
3652 909 3786 960 δυσ-

2193 998 2560 1068 εφικτότερος,
2611 999 2707 1051 καὶ
2759 997 2975 1068 πλείους
3035 997 3131 1060 τὰς
3165 997 3482 1066 ἀντιλήψεις
3522 997 3658 1067 ἔχων
3687 999 3788 1050 καὶ

2190 1089 2292 1150 τὰς
2339 1087 2519 1150 λύσεις
2557 1088 2985 1159 ὲργωδεστέρας.
3019 1089 3135 1141 Πᾶν
3157 1089 3266 1158 γὰρ
3293 1089 3354 1140 τὸ
3405 1089 3782 1158 ἐνιστάμενον,

2195 1178 2300 1232 κᾶν
2346 1179 2682 1250 βραχύτατον
2705 1176 2762 1252 ᾗ,
2800 1180 2890 1232 τὸν
2914 1178 3008 1232 τοῦ
3054 1179 3211 1247 λόγου
3234 1181 3432 1250 δρόμον
3462 1181 3654 1250 ἐπέσχε
3685 1182 3784 1232 καὶ

2195 1269 2511 1333 διεκώλυσε,
2547 1271 2643 1324 καὶ
2693 1272 2793 1341 τὴν
2823 1272 2903 1333 εἰς
2949 1271 3010 1322 τὸ
3064 1272 3252 1342 πρόσω
3295 1272 3468 1342 φορὰν
3510 1271 3780 1340 διέκοψεν·

2194 1360 2382 1431 ὥσπερ
2413 1363 2462 1413 οἱ
2490 1362 2615 1438 τοῦς
2661 1362 2860 1426 ἵππους
2892 1364 3002 1425 τοῖς
3052 1363 3310 1432 ῥυτῆρσιν
3356 1362 3565 1432 ἀθρόως
3593 1363 3785 1432 μεθέλ-

2195 1470 2393 1516 κοντες
2447 1453 2798 1524 φερομένους,
2841 1454 2934 1508 καὶ
2980 1453 3058 1524 τῷ
3107 1453 3354 1524 ἀδοκήτῳ
3392 1453 3483 1505 τοῦ
3514 1455 3781 1524 τιναγμοῦ

2196 1544 2638 1616 περιτρέποντες.
2670 1543 2826 1597 Οὑτω
2855 1543 3110 1615 Σολομὼν
3145 1545 3244 1614 μὲν
3279 1541 3307 1596 ὑ
3486 1545 3781 1614 σοφισάμεο

2195 1654 2283 1699 νος
2309 1635 2564 1701 περισσὰ,
2605 1636 2743 1705 ὑπὲρ
2771 1635 2983 1698 πάντας
3049 1636 3178 1698 τοὺς
3205 1634 3530 1705 γενομένους
3571 1636 3780 1706 ἔμπροο

2198 1725 2345 1788 σθεν,
2368 1725 2459 1778 καὶ
2484 1725 2602 1778 καθ’
2627 1726 2840 1788 ἑαυτὸν,
2865 1720 2910 1793 ᾧ
2931 1726 2991 1778 τὸ
3021 1727 3119 1795 τῆς
3141 1725 3366 1796 καρδίας
3383 1725 3581 1788 πλάτος
3609 1726 3781 1797 δῶρον

2199 1815 2356 1879 Θεοῦ,
2389 1815 2482 1868 καὶ
2505 1818 2538 1884 ἡ
2569 1815 2800 1885 ψάμμου
2830 1815 3188 1886 δαψιλεστέρα
3214 1815 3368 1885 χύσις
3399 1816 3496 1886 τῆς
3523 1815 3777 1888 θεωρίας,

2204 1913 2317 1981 ὅσῳ
2356 1911 2518 1962 πλέον
2553 1909 2844 1980 ἐμϐατεύει
2899 1913 3010 1973 τοῖς
3070 1909 3278 1980 βάθεσι,
3321 1909 3559 1981 τοσούτῳ
3616 1911 3781 1964 πλέον

2203 2006 2424 2076 ίλιγγιᾷ,
2478 2007 2570 2059 καὶ
2605 2003 2756 2066 τέλος
2787 2020 2837 2055 τι
2873 2005 3108 2054 ποιεῖται
3185 2003 3376 2070 σοφίας
3425 2007 3601 2077 εὑρεῖν
3655 2006 3781 2058 ὅσον

2201 2096 2452 2164 διέφυγεν
2478 2115 2492 2131 ο
2686 2094 2898 2157 Παῦλος
2954 2094 3011 2146 δὲ
3061 2097 3313 2166 πειρᾶται
3349 2097 3444 2165 μὲν
3473 2096 3779 2165 ἐφικέσθαι,

2202 2190 2354 2242 οὔπω
2411 2188 2556 2255 λέγω
2601 2190 2699 2258 τῆς
2739 2185 2832 2240 τοῦ
2864 2185 2999 2238 Θεοῦ
3038 2185 3272 2254 φύσεως,
3314 2186 3472 2239 τοῦτο
3500 2187 3606 2257 γὰρ
3661 2187 3782 2256 ᾔδει

2204 2279 2484 2342 παντελῶς
2533 2279 2792 2334 ἀδύνατον
2832 2277 2915 2342 ὃν,
2958 2277 3095 2329 ἀλλὰ
3153 2277 3312 2345 μόνον
3363 2276 3472 2330 τῶν
3504 2277 3597 2328 τοῦ
3644 2277 3785 2329 Θεοῦ

2205 2371 2510 2442 κριμάτων.
2548 2370 2702 2422 Ἐπεὶ
2725 2369 2782 2422 δὲ
2804 2369 2902 2438 οὑχ
2939 2368 3179 2438 εὑρίσκει
3211 2368 3462 2434 διέξοδον,
3515 2368 3632 2420 οὐδὲ
3659 2368 3788 2421 στά-

2208 2477 2293 2512 σιν
2314 2459 2414 2528 τῆς
2453 2458 2790 2522 ἀναϐάσεως,
2826 2457 2945 2509 οὑδὲ
2976 2455 3055 2519 εἷς
3084 2473 3136 2510 τι
3322 2458 3554 2528 φανερὸν
3598 2458 3787 2509 τελευ-

2208 2551 2281 2620 τᾷ
2316 2551 2491 2620 πέρας
2531 2551 2564 2618 ἡ
2593 2547 3091 2618 πολυπραγμοσύνη
3113 2549 3208 2617 τῆς
3235 2549 3489 2614 διανοίας,
3516 2548 3600 2602 ἀεί
3642 2566 3791 2611 τινος

2210 2642 2646 2712 ὑποφαινομένου
2677 2642 2770 2695 τοῦ
2823 2642 3118 2703 λείποντος·
3149 2640 3194 2692 ὣ
3241 2641 3334 2692 τοῦ
3360 2640 3632 2711 θαύματος
3677 2641 3792 2711 (ἵνα

2210 2733 2304 2786 καὶ
2352 2733 2513 2794 αὐτὸς
2547 2731 2703 2784 πάθω
2726 2732 2785 2784 τὶ)
2833 2731 2994 2800 i'crov)!
3032 2730 3295 2800 ὲμπλήξει
3321 2731 3650 2802 περιγράφει
3694 2731 3793 2784 τὸν

2211 2821 2387 2888 λόγον,
2419 2821 2512 2874 καὶ
2541 2821 2763 2873 πλοῦτον
2791 2821 2948 2883 Θεοῦ,
2980 2823 3072 2873 καὶ
3107 2821 3266 2890 βάθος
3285 2822 3347 2873 τὸ
3377 2823 3582 2875 τοιοῦτο
3612 2823 3790 2887 καλεῖ,

2212 2914 2304 2964 καὶ
2332 2912 2584 2982 ὁμολογεῖ
2609 2913 2717 2964 τῶν
2737 2911 2832 2964 τοῦ
2849 2912 2982 2965 Θεοῦ
3003 2914 3284 2984 κριμάτων
3306 2913 3367 2964 τὸ
3383 2913 3625 2984 άκατάλη
3635 2932 3790 2976 πτον,

2216 3003 2498 3072 μονονουχὶ
2529 3002 2596 3054 τὰ
2621 3002 2759 3054 αὐτὰ
2797 3001 2875 3070 τῷ
2901 3003 3064 3054 Δαῧὶδ
3095 3003 3484 3073 φθεγγόμενος,
3514 3005 3640 3056 ποτὲ
3692 3006 3794 3075 μὲν

2213 3091 2449 3145 ἄϐυσσον
2481 3090 2679 3161 πολλὴν
2702 3089 3022 3160 ὀνομάζοντι
3053 3093 3122 3145 τά
3143 3093 3237 3145 τοῦ
3259 3092 3392 3146 Θεοῦ
3438 3095 3698 3162 κρίματα,
3723 3091 3796 3164 ἧς

544 3195 748 3255 posset,
785 3183 1112 3253 reperiebat,
1154 3196 1254 3234 nec
1296 3180 1582 3250 perspicuo
1615 3177 1722 3231 ullo
1763 3175 1868 3228 fine
1893 3173 2106 3228 curiosa

2213 3182 2312 3234 οὑκ
2341 3180 2453 3232 ἔστι
2479 3179 2578 3249 τὴν
2605 3179 2768 3249 ἕδραν
2792 3178 2825 3248 ἢ
2859 3178 3044 3250 μέτρῳ
3076 3179 3108 3247 ἦ
3147 3179 3394 3250 αἰσθήσει
3421 3179 3628 3241 λαϐεῖν,
3661 3182 3796 3233 ποτε

546 3278 717 3344 ipsius
745 3275 906 3328 animi
932 3273 1290 3342 pcrscrutatio
1339 3272 1710 3332 claudebatur,
1743 3265 1886 3334 quod
1919 3263 2110 3318 videli-

547 3375 636 3420 cet
664 3365 890 3420 subinde
919 3378 1134 3432 semper
1160 3361 1360 3428 aliquid
1391 3359 1580 3427 reliqui
1603 3373 1723 3412 esse
1751 3358 2105 3426 perspiceret:

549 3472 583 3510 ο
609 3470 721 3510 rem
749 3455 941 3508 miram
965 3468 1027 3507 ac
1057 3451 1400 3520 stupendum!
1443 3451 1522 3519 (ut
1540 3449 1654 3519 ipse
1683 3463 1894 3516 quoque
1924 3447 2109 3501 eodem

554 3546 747 3601 affectu
799 3544 1166 3610 commovear)
1243 3541 1542 3595 orationem
1603 3539 1956 3593 admiratione
2007 3539 2114 3593 cir-

2213 3271 2270 3323 62;
2315 3268 2808 3339 τεθαυμαστῶσθαι
2866 3267 2962 3338 τὴν
3034 3269 3234 3336 γνῶσιν
3283 3268 3343 3333 ἐξ
3410 3269 3640 3332 ἑαυτοῦ,
3698 3272 3797 3322 καὶ

2215 3362 2314 3431 τῆς
2380 3361 2574 3414 ἑαυτοῦ
2632 3358 2946 3422 συστάσεως
3117 3432 3119 3434 _
3181 3359 3409 3426 λέγοντι,
3453 3361 3797 3430 κεκραταιῶ-

2220 3453 2343 3508 σθαί
2376 3471 2435 3506 τε
2488 3453 2648 3505 πλέον
2695 3452 2726 3521 ἢ
2764 3451 2904 3504 κατὰ
2918 3451 3017 3521 τὴν
3048 3451 3238 3504 ἑαυτοῦ
3264 3451 3488 3521 δύναμιν
3518 3453 3608 3505 καὶ
3633 3453 3794 3522 περΞ‹

2218 3545 2420 3616 δραξιν.

555 3631 892 3694 eumscribit,
941 3629 1098 3700 idque
1124 3630 1217 3684 Dei
1247 3645 1374 3698 opes
1405 3647 1467 3686 ac
1503 3633 1824 3701 profundum
1852 3631 2171 3710 appellat,ac
2206 3631 2298 3684 Dei
2351 3625 2547 3696 judicia
2583 3623 2784 3678 nullius
2833 3621 3046 3692 ingenio
3089 3619 3288 3688 percipi
3323 3627 3375 3672 et
3411 3618 3798 3685 comprehendi

557 3737 715 3792 posse
775 3722 1004 3791 ingenue
1065 3723 1262 3776 fatetur
1301 3725 1344 3787 ⁸,
1409 3725 1597 3779 iisdem
1656 3708 2037 3793 propemodum
2067 3723 2246 3777 verbis
2273 3736 2394 3776 cum
2428 3717 2626 3771 Davide
2653 3725 2830 3779 utens,
2853 3712 2942 3782 qui
2969 3725 3110 3764 nunc
3162 3709 3358 3776 judicia
3417 3708 3510 3760 Dei
3541 3709 3798 3776 abyssum

553 3822 774 3876 multam
817 3832 971 3877 vocat
1007 3826 1050 3888 ³,
1084 3821 1240 3890 cujus
1269 3821 1514 3885 fundum,
1551 3834 1650 3874 nec
1707 3834 1978 3880 mensura,
2025 3831 2123 3870 nec
2167 3832 2328 3871 sensu
2357 3814 2474 3882 capi
2503 3820 2698 3880 queat;
2733 3823 2877 3862 nunc
2914 3804 3209 3859 mirabilem
3238 3802 3430 3856 factam
3459 3814 3580 3856 esse
3617 3799 3800 3852 scien-

551 3911 677 3966 tiam
729 3927 796 3966 cx
844 3913 1020 3982 seipse
1075 3913 1268 3982 suique
1315 3913 1484 3982 ipsius
1539 3913 1923 3966 constitutione
1959 3909 2272 3980 pronuntiat
2309 3912 2350 3967 ο,
2396 3915 2561 3974 atque
2591 3903 2726 3957 adeo
2766 3899 3064 3965 robustam,
3100 3907 3158 3950 ut
3187 3895 3393 3949 viribus
3428 3891 3630 3948 nostris
3671 3905 3796 3944 eam

549 4017 742 4072 capere
775 4011 829 4058 et
861 4004 1142 4074 complecti
1176 4019 1521 4073 nequeamus.

839 4093 910 4148 Ut
956 4095 1097 4149 enim
1141 4097 1302 4150 missa
1332 4096 1434 4148 alia
1476 4095 1704 4158 faciens,
1759 4093 1952 4163 inquit,
2007 4104 2119 4144 me-

553 4185 730 4252 ipsum
758 4198 1079 4253 omnemque
1119 4186 1409 4239 humanam
1460 4195 1703 4238 naturam
1728 4194 2118 4252 etcompagem

555 4276 784 4336 intuear,
816 4287 935 4340 quae
982 4275 1094 4326 lucc
1131 4275 1312 4327 mistio
1351 4285 1530 4328 nostra
1567 4275 1686 4327 est?
1735 4274 1866 4339 Quis
1905 4272 2122 4327 motus?

551 4364 834 4430 Quomodo
857 4363 908 4416 id
928 4363 1068 4432 quod
1103 4364 1404 4418 immortale
1433 4375 1534 4427 est,
1565 4379 1684 4417 eum
1715 4364 1924 4418 mortali
1958 4378 2120 4431 copu-

555 4455 718 4507 latum
751 4453 870 4507 est?
903 4453 1182 4520 Quomodo
1223 4454 1472 4508 deorsum
1503 4454 1629 4519 fluo,
1677 4465 1732 4507 et
1777 4469 1988 4508 sursum
2040 4454 2119 4507 fc-

554 4544 679 4599 ror?
723 4544 1004 4611 Quomodo
1043 4545 1221 4598 anima
1322 4541 1752 4600 circumfertur?

552 4631 716 4685 \itam
769 4631 1096 4700 impertitur,
1141 4642 1196 4685 et
1227 4632 1516 4687 affectuum
1545 4636 1604 4686 tit
1647 4634 1953 4703 particeps?
1978 4634 2122 4699 Quo-

555 4720 714 4773 modo
757 4736 908 4775 mens
959 4722 1119 4774 simul
1167 4733 1220 4775 et
1272 4723 1685 4792 circumscripta
1739 4733 1918 4789 est,ct
1963 4723 2123 4776 nullis

555 4810 801 4865 terminis
840 4811 1068 4876 inclusa,
1100 4813 1152 4864 in
1201 4814 1354 4867 nobis
1399 4822 1596 4872 manet,
1631 4821 1685 4865 ct
1715 4823 1892 4868 motus
1929 4812 2117 4866 fluxio-

559 4899 749 4968 uisque
781 4902 1058 4956 celeritate
1106 4904 1285 4956 omnia
1321 4903 1645 4970 perlustrat?
1695 4904 1970 4968 Quomodo
2011 4921 2124 4959 scr-

557 4991 736 5044 monis
765 5007 928 5060 opera
977 4996 1270 5063 percipitur
1297 4994 1552 5057 vicissim,
1585 5006 1640 5048 et
1666 4995 2119 5061 communicatur,

559 5097 622 5133 ar.
655 5096 752 5151 per
775 5098 952 5137 acrem
984 5094 1286 5154 grass.:tur,
1319 5097 1372 5138 et
1407 5100 1530 5138 cum
1583 5085 1743 5140 rebus
1779 5086 1909 5154 ipsis
1942 5087 2120 5154 ingre-

557 5174 740 5228 ditur?
762 5175 1038 5241 Quomodo
1087 5191 1206 5231 cum
1262 5177 1513 5232 sensibus
1547 5179 1994 5234 consuetudinem
2027 5181 2125 5233 ha-

557 5266 668 5330 bet,
714 5281 778 5320 ac
821 5281 1025 5341 rursus
1059 5269 1282 5322 scorsim
1338 5283 1366 5322 a
1414 5269 1666 5325 sensibus
1709 5285 1830 5326 sese
1887 5272 2124 5343 colligit?

539 5359 752 5426 Atque,
803 5367 859 5410 ut
884 5357 1004 5427 quin
1044 5358 1222 5428 priora
1262 5370 1386 5414 sunt
1446 5360 1645 5426 dicam,
1673 5377 1789 5430 qua:
1817 5365 1986 5431 prima
2027 5379 2124 5418 no-

557 5450 652 5502 stri
685 5449 881 5504 eilictio
913 5458 969 5504 et
1012 5449 1331 5506 constitutio
1377 5452 1430 5506 in
1485 5462 1693 5508 natura:
1721 5453 1964 5508 oﬂicina?
1997 5457 2126 5522 Qua:

556 5539 717 5594 etiam
750 5550 1024 5610 postrema
1079 5540 1333 5598 formatio
1384 5558 1446 5599 ac
1499 5543 1799 5615 perfectio?
1839 5545 1970 5612 Qua:
2018 5547 2123 5602 cibi

613 5701 629 5730 ¹
672 5699 736 5754 Ill
769 5701 901 5768 Reg.
939 5719 1018 5762 ut.
1051 5705 1140 5762 12.

611 5703 629 5774 Ῐ
672 5703 736 5774 Ill
769 5703 901 5768 ηοξ.
939 5705 1140 5762 "1.12.
1252 5705 1272 5738 ²
1306 5703 1350 5761 Π
1394 5703 1516 5760 Par.
1552 5716 1592 5773 ι,
1631 5706 1714 5760 12.

535 5773 562 5804 ’⁸
593 5767 736 5826 ΡςιιΙ.
778 5767 1038 5836 cum“,
1059 5776 1110 5827 6.

1828 5706 1848 5737 ‘
1893 5706 2074 5762 Ecclc.
2108 5721 2200 5768 rtt,
2233 5705 2339 5770 ei;
2379 5721 2503 5769 riu,
2545 5705 2626 5758 l7.

2450 4064 2715 4155 Ἵναγὶρ
2771 4081 2936 4137 τᾶλλα
2980 4075 3344 4145 ὲάσας,φησ“ι,
3376 4073 3515 4142 πρὸς
3561 4071 3799 4142 ἐμαυτὸν

2223 4180 2424 4252 βλέψω,
2453 4179 2544 4232 καὶ
2588 4177 2768 4230 πᾶσαν
2811 4175 2908 4244 τὴν
2945 4168 3291 4242 ἀνθρωπίνην
3342 4165 3503 4234 φύσιν
3531 4165 3623 4216 καὶ
3661 4162 3798 4232 σύμ-

2224 4271 2386 4342 πηξιν
2411 4309 2428 4337 ,
2569 4267 2653 4329 τίς
2685 4269 2718 4336 ἡ
2751 4265 2896 4335 μίξις
2917 4261 3220 4335 ἡμῶνςΤίς
3253 4260 3287 4329 ή
3312 4256 3560 4327 κίνησις;
3593 4256 3716 4316 Πῶς
3739 4254 3801 4306 τὸ

2223 4361 2488 4412 ἀθάνατον
2515 4356 2595 4425 τῷ
2621 4355 2802 4426 θνητῷ
2829 4352 3173 4423 συνεκράθης
3209 4349 3329 4412 Πῶς
3357 4347 3508 4400 κάτω
3540 4346 3668 4416 pem,
3704 4343 3798 4396 καὶ

2221 4453 2334 4506 ἄνω
2381 4452 2654 4521 φέρομαι;
2711 4448 2836 4510 Πῶς
2865 4447 3012 4516 ψυχὴ
3091 4443 3480 4515 περιφέρεται;
3682 4436 3801 4498 πῶς

1839 4546 2120 4612 Quomodo
2152 4545 2192 4599 D
2223 4542 2366 4612 ζωὴν
2395 4541 2598 4602 δίδωσι,
2633 4541 2729 4592 καὶ
2763 4537 2970 4600 πάθους
3001 4532 3442 4605 μεταλαμϐάνει;
3474 4528 3598 4590 Πῶς
3627 4529 3654 4578 ὁ
3676 4527 3802 4589 νοῦς

2222 4632 2315 4685 καὶ
2345 4648 2409 4684 πε
2421 4630 2718 4702 ριγραπτὸς
2747 4629 2841 4682 καὶ
2861 4627 3111 4698 ἀόριστος
3129 4665 3144 4688 ,
3273 4623 3330 4674 ὲν
3345 4623 3473 4691 ἡμῖν
3495 4619 3688 4690 μένων,
3708 4617 3798 4670 καὶ

2223 4728 2398 4780 πάντα
2421 4725 2693 4796 ἐφοδεύων
2731 4724 2884 4793 τάχει
2913 4723 3084 4792 φορᾶς
3113 4719 3203 4772 καὶ
3233 4715 3466 4788 ρεύσεως
3496 4734 3512 4781 ;
3677 4712 3799 4773 Πῶς

2227 4817 2706 4888 μεταλαμϐάνεται
2736 4814 2877 4883 λόγῳ
2907 4813 3001 4865 καὶ
3031 4808 3393 4882 μεταδίδοται,
3424 4804 3520 4856 καὶ
3546 4803 3611 4854 δι’
3641 4803 3800 4872 ἀέρος

2223 4912 2408 4981 χωρεῖ,
2461 4908 2556 4960 καὶ
2605 4905 2743 4976 μετὰ
2771 4905 2881 4958 τῶν
2912 4903 3253 4974 πραγμάτων
3288 4897 3628 4967 εἰσέρχεται;
3678 4891 3801 4953 Πῶς

2223 4999 2472 5069 αἰσθήσει
2520 4999 2784 5060 κοινωνεῐ,
2818 4996 2912 5049 καὶ
2942 4991 3290 5046 συστέλλεται
3333 4988 3441 5042 ἀπὸ
3469 4986 3575 5040 τῶν
3607 4982 3802 5051 αἰσθή-

2225 5107 2393 5156 σεων;
2449 5091 2558 5142 Καὶ
2608 5089 2688 5143 ἑτι
2735 5090 2842 5160 πρὸ
2892 5087 3117 5149 τούτων,
3156 5085 3238 5148 τίς
3287 5085 3319 5153 ή
3365 5079 3552 5152 πρώτη
3610 5077 3802 5137 πλάσις

2223 5181 2400 5253 ἡμῶν,
2455 5182 2550 5235 καὶ
2599 5181 2856 5244 σύστασις
2915 5181 2974 5231 ἐν
3026 5177 3102 5248 τῷ
3137 5176 3238 5245 τῆς
3293 5173 3505 5242 φύσεως
3537 5171 3802 5240 ἐργαστη-

2229 5275 2328 5344 ρίῳ
2351 5297 2368 5346 ;
2537 5274 2648 5327 Καὶ
2677 5274 2760 5338 τίς
2785 5275 2818 5344 ή
2843 5271 3123 5324 τελευταία
3161 5269 3438 5339 μόρφωσις
3469 5264 3561 5317 καὶ
3587 5261 3803 5314 τελείω-

2228 5383 2350 5433 σις;
2377 5365 2472 5430 Τίς
2517 5367 2550 5436 ἡ
2584 5367 2681 5436 τῆς
2712 5367 2920 5436 τροφῆς
2941 5363 3125 5432 ἔφεσις
3155 5361 3247 5415 καὶ
3279 5358 3544 5420 διάδοσις;
3576 5353 3688 5407 Καὶ
3722 5353 3804 5414 τίς

2229 5461 2436 5530 ἤγαγεν
2463 5459 2555 5512 ἐπὶ
2574 5457 2675 5520 τὰς
2703 5455 2922 5528 πρώτας
2950 5453 3130 5526 πηγάς
3155 5493 3171 5520 ,
3217 5493 3225 5497 -
3307 5448 3505 5503 καὶτοῦ
3524 5447 3804 5518 ζῇνὰφορ-

2232 5552 2339 5620 μὰς
2355 5549 2678 5623 αὐτομάτως
2695 5567 2708 5616 ;
2724 5549 2849 5613 Πῶς
2879 5547 3067 5610 σιτίοις
3099 5545 3198 5616 μὲν
3221 5541 3556 5614 σῶμα,λόγῳ
3583 5539 3640 5592 δὲ
3659 5536 3804 5608 ψυχὴ

2736 5703 2756 5736 ³
2788 5701 2946 5760 Rom.
2984 5719 3060 5774 xx,
3096 5702 3188 5761 '55.
3297 5701 3319 5733 '
3347 5699 3490 5757 Psal.
3527 5715 3692 5764 xxxv,
3728 5699 3783 5752 7.

3779 5789 3792 5808 Ι
