4094 6286
361 357 466 449 13‘3

1333 386 1708 449 PANOPLIA
1755 389 2215 452 DOGMATICA.
2247 415 2310 425 -
2343 388 2490 452 ΤΙΤ.
2534 388 2630 448 ιν.

3507 383 3605 446 175

374 488 672 558 τρέφεταις
716 489 813 553 Τίς
843 491 875 560 ἡ
917 489 1016 561 τῆς
1046 491 1262 560 φύσεως
1299 491 1451 562 ὁλκὴ,
1485 493 1580 546 καὶ
1603 493 1738 563 πρὸς
1755 492 1941 565 ἄλληλα

2040 493 2287 562 appetitio
2321 508 2384 548 ac
2416 493 2762 548 distributio?
2788 491 2914 560 Quis
2941 509 3040 548 nos
3067 504 3256 563 sponte
3297 497 3362 550 al
3397 499 3598 565 primus

377 578 572 648 σχέσις
622 580 740 642 τοῖς
775 579 1005 646 γεννῶσι
1043 581 1136 634 καὶ
1181 583 1294 645 τοῖς
1337 581 1716 652 γεννωμένοις,
1749 584 1834 636 ἵνα
1877 582 1941 653 τιῖ

2040 583 2151 636 illos
2183 583 2355 638 fontes
2381 597 2445 638 ac
2469 584 2593 638 vita:
2624 598 2820 670 causas
2863 585 3054 638 duxit?
3079 585 3595 657 QUOtItodn-cm'ptts

374 672 585 742 φίλτρῳ
615 671 933 742 συνέχηται;
980 673 1102 736 Πῶς
1137 674 1403 744 ἑστηκότα
1454 691 1514 726 τε
1571 673 1641 727 τὰ
1672 675 1805 745 εἴδη,
1864 674 1954 727 καὶ

373 764 489 826 τοῖς
517 761 860 833 χαρακτῆρσι
895 763 1237 832 διεστηκότα,
1271 759 1345 818 ὧν
1379 765 1648 818 τοσούτων
1675 767 1863 831 ὄντων,
1897 767 1952 818 αἱ

374 855 641 925 ἰδιότητες
668 852 983 922 ἀνέφικτοι;
1019 854 1142 918 Πῶς
1174 856 1236 908 τὸ
1287 856 1419 909 αὐτὸ
1463 856 1600 916 ζῶον
1635 857 1827 926 θνητὸν
1861 857 1954 909 καὶ

372 943 662 1008 ἀθάνατον,
695 944 754 997 τὸ
786 945 884 1014 μὲν
915 948 982 1016 τῇ
1011 947 1376 1014 μεταστάσει,
1546 946 1608 999 τὸ
1642 947 1698 999 δὲ
1734 950 1800 1017 τῇ
1832 965 1954 1015 γεν-

370 1038 557 1108 νήσεις
583 1036 653 1090 Τὸ
677 1036 775 1108 μὲν
791 1036 900 1107 γὰρ
919 1035 1208 1106 ὑπεξῆλθε,
1224 1038 1286 1091 τὸ
1305 1039 1360 1092 δὲ
1378 1038 1745 1109 ἀντεισῆλθεν,
1765 1038 1912 1092 ὥσπε
1921 1057 1953 1108 ρ

369 1127 432 1180 ἐν
457 1127 601 1198 ὁλκῷ
629 1127 875 1199 ποταμοῦ
934 1126 1008 1198 μὴ
1035 1127 1269 1192 ἑστῶτος
1306 1131 1400 1182 καὶ
1440 1128 1710 1200 μένοντος.
1775 1128 1952 1182 Πολλὰ

367 1215 418 1270 δ’
467 1218 534 1272 ἂν
569 1217 650 1271 ἔτι
699 1219 1088 1289 φιλοσοφήσαις
1255 1219 1592 1295 περὶμελῶν
1620 1220 1714 1272 καὶ
1745 1220 1947 1290 μερῶν,

367 1309 577 1380 καὶτῆς
605 1309 739 1380 πρὸς
749 1308 953 1380 ἄλληλα
971 1308 1178 1363 τούτων
1199 1309 1583 1380 εὐαρμοστίας,
1605 1309 1739 1380 πρὸς
1759 1310 1949 1379 χρείαν

365 1416 428 1452 τε
461 1399 597 1470 ὁμοῦ
650 1399 744 1454 καὶ
774 1400 970 1464 κάλλος
1021 1399 1370 1454 συνεστώτων
1411 1418 1471 1453 τε
1503 1399 1599 1453 καὶ
1624 1399 1944 1462 διεστώτων,

368 1490 713 1561 προεχόντων
757 1507 816 1544 τε
848 1491 942 1545 καὶ
971 1493 1374 1563 προεχομένων,
1411 1491 1711 1562 ἑνουμένων
1758 1507 1815 1544 τε
1851 1489 1947 1544 καὶ

370 1580 727 1652 σχιζομένων,
751 1581 1114 1653 περιεχόντων
1148 1599 1206 1635 τε
1240 1582 1335 1637 καὶ
1368 1579 1772 1652 περιεχομένων
1795 1579 1943 1648 νόμῳ

366 1674 462 1726 καὶ
489 1671 631 1740 λόγῳ
662 1671 894 1742 φύσεως.
918 1672 1090 1724 Πολλὰ
1115 1671 1244 1742 περὶ
1262 1671 1454 1740 φωνῶν
1477 1670 1571 1723 καὶ
1596 1668 1794 1722 ἀκοῶν·
1825 1668 1943 1730 πῶς

369 1763 430 1816 αἱ
459 1763 556 1832 μὲν
588 1761 839 1832 φέρονται
869 1761 957 1816 διὰ
985 1762 1092 1815 τῶν
1134 1760 1454 1832 φωνητικῶν
1485 1759 1749 1832 ὀργάνων,
1782 1759 1837 1812 αἱ
1885 1757 1941 1810 δὲ

367 1850 748 1921 ὑποδέχονται,
930 1851 1019 1904 διὰ
1040 1852 1136 1923 τῆς
1163 1854 1219 1906 ἐν
1240 1851 1390 1922 μέσῳ
1419 1850 1512 1904 τοῦ
1541 1850 1699 1920 ἀέρος
1727 1849 1940 1919 πληγῆς

366 1943 463 1994 καὶ
484 1941 777 2006 τυπώσεως
825 1942 1083 2013 ἀλλήλαις
1123 1942 1561 2013 ὲπιμιγνύμεναι.
1588 1939 1764 1995 Πολλὰ
1813 1941 1941 2010 περὶ

2029 672 2184 736 cibis,
2214 674 2427 727 animus
2457 683 2643 728 contra
2686 689 2937 728 sermone
2967 690 3027 729 ae
3051 676 3292 730 doctrina
3318 679 3548 746 pascitur
3575 679 3598 730 ?

2031 762 2159 828 Ome
2189 773 2270 817 est
2303 763 2387 816 illa
2421 775 2623 820 natura:
2665 765 2744 820 vis
2779 777 3069 836 rnotuaque
3091 769 3233 821 inter
3262 780 3514 836 patentes
3543 783 3599 825 et

2029 849 2229 905 liberos
2251 851 2484 915 affectio,
2520 862 2576 907 ιιι
2605 855 2758 922 quasi
2790 854 3018 921 quodam
3051 856 3250 923 philtra
3283 859 3597 912 continean-

2033 940 2156 994 tur?
2183 942 2460 1007 Quomodo
2513 943 2678 996 lirnwe
2733 960 2797 998 ac
2841 945 3060 1000 stabiles
3104 958 3225 1001 sunt
3287 951 3514 1016 species,
3545 960 3600 1007 et

2032 1031 2252 1086 interim
2284 1034 2425 1086 notis
2455 1034 2594 1087 inter
2616 1048 2675 1087 se
2698 1034 2991 1100 distinctae,
3211 1053 3438 1105 quat-mn
3470 1055 3594 1107 pro-

2029 1123 2314 1190 prietates,
2355 1139 2477 1178 eum
2510 1135 2658 1178 tanto
2687 1141 2909 1180 numero
2931 1127 3306 1194 sionem-equi
3336 1144 3439 1182 non
3469 1143 3595 1196 pos-

2031 1213 2255 1268 sumus?
2289 1214 2567 1280 Quomodo
2619 1217 2756 1270 idem
2812 1219 3033 1285 animal
3067 1219 3292 1273 mortale
3338 1221 3495 1272 sintul
3545 1231 3600 1274 et

2032 1303 2334 1358 immortale
2381 1314 2492 1370 est;
2524 1305 2746 1358 mortale
2809 1306 3022 1374 quidem
3071 1310 3276 1364 ratione
3325 1310 3600 1377 migratio-

2033 1393 2149 1458 nis,
2194 1394 2498 1450 immortale
2568 1407 2746 1451 autem
2795 1399 3000 1452 ratione
3052 1400 3484 1466 procreationis?
3527 1400 3595 1455 Ut.

2033 1487 2174 1540 enim
2226 1486 2369 1541 aliud
2419 1497 2590 1542 morte
2620 1488 2953 1556 subducitur,
2993 1489 3062 1541 ita
3105 1505 3289 1543 rursus
3322 1491 3420 1556 ipsi
3455 1491 3597 1544 aliud

2033 1577 2374 1646 subrogatur,
2429 1593 2533 1630 non
2605 1593 2762 1633 secus
2807 1587 2970 1647 atque
3018 1581 3068 1631 iu
3117 1581 3349 1634 ﬂttininis
3399 1592 3598 1648 tractu,

2033 1669 2176 1738 quod
2233 1669 2392 1723 simul
2447 1668 2647 1723 ﬂuxum
2699 1681 2783 1724 est
2826 1680 2880 1724 et
2929 1671 3140 1726 stabile.
3187 1673 3345 1726 Multa
3392 1674 3459 1727 de
3501 1676 3598 1728 lto-

2035 1759 2197 1813 tninis
2250 1761 2506 1815 membris
2558 1772 2614 1815 et
2665 1762 2908 1830 partibus
2956 1764 3130 1818 adhuc
3177 1781 3602 1819 eonnncmorare

2034 1850 2228 1919 possis,
2277 1866 2340 1904 ac
2396 1851 2462 1904 de
2515 1861 2695 1906 mutua
2746 1867 2932 1906 earum
2983 1854 3378 1921 concinnitate;
3408 1857 3602 1925 quippe

2035 1956 2155 2009 qua:
2184 1950 2390 1996 natura:
2425 1942 2539 2012 lege
2578 1958 2638 1997 ae
2667 1945 2897 2012 ratione,
2937 1961 3040 1998 non
3084 1947 3262 2001 minus
3292 1951 3356 2002 ad
3388 1951 3605 2019 elegan-

367 2032 548 2100 ὅψεως
576 2034 832 2102 ἀρρήτως
859 2032 1221 2103 κοινωνούσης
1244 2036 1354 2096 τοῖς
1399 2034 1631 2104 ὁρατοῖς.
1664 2029 1756 2084 καὶ
1793 2030 1938 2101 μόνῳ

2040 2033 2374 2101 liam,quatn
2423 2035 2484 2086 ad
2538 2036 2846 2100 utilitatem,
2903 2038 3304 2104 c0niungantur
3351 2042 3508 2094 simul
3551 2053 3605 2096 et

357 2123 440 2195 τῷ
465 2123 768 2193 βούλεσθαι,
823 2127 916 2178 καὶ
952 2125 1086 2196 ὁμοῦ
1115 2127 1464 2197 κινουμένης,
1516 2129 1610 2181 καὶ
1773 2127 1937 2184 ταυτὺ

357 2214 440 2285 τῷ
472 2214 552 2268 νοῒ
579 2215 915 2286 πασχούσης.
948 2217 1102 2270 Μετὰ
1126 2218 1234 2289 γὰρ
1276 2219 1369 2271 τοῦ
1398 2221 1514 2272 ἴσου
1546 2221 1765 2291 τάχους,
1795 2225 1936 2276 ἐκεῖ·

357 2306 450 2370 νός
481 2323 542 2359 τε
573 2307 822 2376 μίγνυται
846 2310 958 2371 τοῖς
1007 2310 1338 2379 νοουμένοις,
1368 2312 1462 2363 καὶ
1492 2311 1630 2379 αὕτη
1659 2315 1771 2375 τοῖς
1793 2313 1932 2384 ὀρω-

366 2397 572 2468 μένοις.
605 2397 781 2450 Πολλὰ
811 2400 940 2469 περὶ
978 2400 1084 2452 τῶν
1114 2400 1288 2454 ἄλλων
1319 2402 1642 2473 αἰσθήσεων,
1675 2404 1730 2456 αἳ
1761 2421 1936 2474 παρα-

359 2486 516 2559 δοχαί
536 2489 677 2551 τινές
709 2491 813 2541 εἰσι
856 2489 964 2543 τῶν
1005 2490 1226 2554 ἔξωθεν,
1282 2491 1425 2562 λόγῳ
1594 2493 1670 2564 μὴ
1700 2494 1935 2564 θεωρού-

364 2595 547 2648 μεναι.
591 2578 766 2632 Πολλὰ
797 2579 925 2650 περὶ
958 2580 1058 2649 τῆς
1114 2582 1170 2633 ὲν
1199 2580 1386 2644 ὕπνοις
1423 2582 1806 2646 ἀναπαύσεως,
1840 2585 1934 2636 καὶ

357 2668 460 2738 τῆς
490 2668 558 2721 δι’
583 2668 875 2738 ὀνειράτων
930 2668 1300 2735 ἁναπλάσεως,
1347 2672 1563 2742 μνήμης
1594 2688 1652 2723 τε
1681 2672 1776 2723 καὶ
1807 2672 1936 2723 ἁνα-

359 2759 630 2829 μνήσεως,
656 2758 916 2829 λογισμοῦ
961 2777 1018 2812 τε
1046 2761 1138 2812 καὶ
1164 2759 1358 2830 θυμοῦ,
1404 2764 1496 2814 καὶ
1526 2763 1783 2830 ἐφέσεως,
1843 2764 1936 2815 καὶ

358 2850 640 2920 συντόμως
661 2852 854 2915 εἰπεῖν,
889 2851 1031 2914 ὅσοις
1051 2853 1079 2904 ό
1104 2853 1294 2922 μικρὸς
1311 2848 1462 2916 οὗτος
1491 2854 1692 2924 κόσμος
1721 2840 1939 2908 διοικεῖ-

353 2953 469 3002 ται,
493 2941 521 2992 ὁ
548 2941 850 3011 ἄνθρωπος.

2037 2128 2475 2198 distinguantur,
2524 2124 2832 2194 przeeellmt
2882 2135 2934 2176 et
2991 2122 3253 2188 dignitate
3328 2118 3609 2171 inferiores

2039 2222 2168 2282 sint,
2207 2221 2462 2273 nniantnr
2489 2229 2542 2270 et
2571 2217 2967 2279 distrahantur,
2995 2213 3304 2265 contineant
3348 2217 3399 2262 et
3429 2209 3605 2261 conti-

2040 2320 2286 2365 neantur.
2316 2311 2474 2363 Multa
2499 2310 2660 2362 etiam
2682 2307 2746 2359 de
2775 2305 2995 2358 vocibus
3017 2312 3068 2356 et
3095 2302 3278 2354 auditu
3309 2319 3322 2354 :
3355 2299 3607 2352 nimirum

2039 2405 2310 2473 quomodo
2352 2404 2452 2456 illa:
2495 2417 2589 2470 per
2630 2399 2831 2453 vocalia
2878 2399 3231 2450 instrumenta
3271 2395 3606 2450 deferantur,

2040 2495 2128 2548 bic
2167 2510 2296 2548 vero
2347 2508 2442 2547 eas
2477 2492 2733 2560 excipiat,
2767 2504 2829 2542 ae
2859 2503 2952 2556 per
2983 2487 3288 2540 intermedii
3323 2486 3464 2538 aeris
3494 2499 3611 2552 prr—

2037 2587 2344 2642 eussiouetn
2377 2597 2539 2654 atque
2573 2581 2982 2652 impressionem
3026 2581 3164 2632 inter
3193 2593 3252 2631 se
3289 2578 3607 2646 jungantur.

2044 2676 2206 2730 Multa
2250 2679 2374 2730 item
2410 2677 2474 2729 de
2510 2673 2702 2735 oculis,
2745 2671 2834 2739 qui
2887 2669 3046 2723 modo
3073 2670 3306 2736 quodam
3349 2664 3605 2720 inellabili

2044 2785 2164 2822 cum
2196 2769 2263 2823 iis
2291 2769 2467 2832 rebus,
2489 2780 2623 2835 quas
2648 2764 2937 2825 cernimus,
2971 2761 3349 2816 commercium
3389 2757 3607 2814 habent.

2045 2873 2108 2911 ac
2142 2858 2252 2912 sola
2298 2857 2592 2916 voluntate,
2637 2852 2794 2907 simul
2839 2851 3002 2906 etiam
3060 2866 3181 2904 cum
3215 2865 3275 2904 ea
3307 2855 3609 2902 moventur,

2047 2949 2343 3015 eodemque.
2390 2947 2549 3001 modo
2588 2960 2707 3000 eum
2733 2953 2911 2996 mente
2950 2942 3280 2995 adiciuntur.
3315 2937 3434 2994 Pari
3464 2935 3607 2989 enim

354 3031 653 3095 celeritate,
674 3042 726 3087 et
757 3032 871 3086 ltrec
903 3032 1328 3100 intellectilibus,
1360 3045 1412 3088 et
1441 3034 1514 3088 illi
1541 3033 1838 3090 visibilibus
1865 3036 2021 3090 rebus
2045 3037 2366 3106 junguntur.
2402 3037 2562 3090 Multa
2591 3043 2852 3104 prmtcrea
2884 3033 2951 3086 de
2967 3031 3187 3100 reliquis
3217 3027 3487 3086 sensibus,
3517 3029 3610 3094 qui

354 3120 509 3176 velut
540 3123 887 3180 admittendis
908 3126 1147 3179 externis
1182 3127 1341 3179 rebus
1371 3127 1626 3182 destinati
1649 3137 1794 3192 sunt,
1829 3142 1926 3182 nec
1957 3131 2164 3185 ratione
2197 3116 2584 3198 percipiuntur.
2609 3127 2765 3181 Multa
2794 3125 3022 3192 denique
3049 3126 3112 3178 de
3135 3137 3218 3186 ea,
3251 3119 3430 3190 quain
3460 3133 3611 3173 som-

359 3210 451 3267 nis
491 3213 742 3280 fruimur,
777 3216 960 3284 quiete
985 3225 1148 3286 atque
1183 3218 1572 3272 insomniorum
1604 3220 1892 3286 ﬁgmentis,
1925 3221 1990 3274 de
2016 3222 2274 3276 memoria
2303 3231 2355 3274 et
2387 3218 2812 3282 reminisceutia,
2849 3216 2914 3269 de
2955 3213 3187 3275 ratione,
3218 3221 3270 3264 et
3303 3211 3404 3273 ira,
3437 3219 3488 3263 et
3515 3224 3608 3260 cu-

354 3304 608 3372 piditate,
642 3306 996 3377 reliquisque,
1055 3317 1112 3362 ut
1163 3324 1270 3363 uno
1302 3309 1467 3364 verbo
1519 3311 1867 3379 complectar,
1905 3311 2101 3380 quibus
2152 3327 2348 3380 parvus
2377 3311 2487 3366 dtic
2521 3309 2771 3370 mundus,
2811 3305 2860 3359 id
2902 3314 3002 3370 ρει,
3035 3305 3217 3364 bomo,
3251 3301 3602 3371 gubernatur.

363 3403 482 3458 Τοῦ
515 3404 700 3458 αὐτοῦ
731 3406 866 3482 περὶ
899 3407 1358 3482 τρεῖ-λόγουτοῆ
1377 3410 1534 3482 ’περὶ
1571 3409 1684 3478 τῆς
1709 3411 1779 3464 ἐν
1808 3411 1935 3478 ταῖς

2041 3411 2288 3482 Ejusdem
2318 3427 2382 3466 ex
2407 3416 2647 3465 oratione
2679 3410 2743 3482 de
2773 3410 3025 3464 modestia
3057 3409 3109 3460 in
3148 3406 3596 3474 disputationibus

809 3477 1156 3539 διαλέξεσιν
1179 3477 1480 3544 εὐταξίας.

434 3564 501 3618 Τί
527 3565 663 3636 προς
705 3565 942 3636 οὐρανὸν
965 3566 1279 3634 ἀνίπτασαι,
1310 3567 1475 3632 πεζὸς
1497 3567 1602 3634 ὧν;
1630 3569 1694 3622 Τί
1720 3569 1926 3640 πύργον

365 3657 694 3727 οἱκοδομεῖς,
739 3659 807 3712 τά
877 3657 1013 3727 πρὸς
1071 3658 1424 3729 ἀπαρτισμὸν
1495 3661 1594 3712 οὐκ
1659 3660 1928 3730 ἕχωνςΤί

365 3749 465 3801 καὶ
493 3751 556 3803 σὺ
593 3753 814 3822 μετρεῖς
841 3753 906 3821 τῇ
945 3751 1090 3822 χειρὶ
1123 3750 1184 3804 τὸ
1226 3750 1391 3821 ὕδωρ,
1430 3752 1524 3804 καὶ
1562 3751 1654 3803 τὶν
1699 3752 1929 3822 οὐρανὸν

368 3841 662 3912 σπιθαμῇ,
727 3843 823 3896 καὶ
889 3845 1071 3897 πᾶσαν
1105 3843 1204 3912 τὴν
1261 3845 1365 3913 γῆν
1415 3843 1576 3911 δρακί
1610 3886 1624 3908 ,
1693 3844 1932 3913 στοιχεῖα

365 3932 603 4001 μεγάλα,
652 3933 746 3986 καὶ
788 3933 932 4003 μόνῳ
981 3936 1226 4005 μετρητὰ
1270 3935 1350 4003 τῷ
1390 3936 1713 4006 Ποιήσαντι;
1763 3935 1934 3988 Γνῶθι

365 4022 566 4075 σαυτὸν
611 4025 857 4094 πρῶτον·
908 4027 974 4079 τὰ
1021 4027 1080 4079 ἐν
1119 4026 1277 4098 χερσὶ
1320 4029 1656 4096 κατανόησον
1689 4045 1701 4058 ·
1735 4027 1817 4088 τίς
1863 4023 1932 4093 εἴ,

367 4113 470 4168 καὶ
501 4113 665 4168 πόθεν
687 4116 984 4188 ἐπλάσθης,
1008 4118 1103 4170 καὶ
1127 4119 1244 4180 πῶς
1267 4117 1581 4189 συνετέθης,
1601 4119 1668 4170 ἶν’
1688 4116 1850 4171 εἰκὼν
1870 4115 1934 4191 ᾗς

347 4199 512 4263 Θεοῦ.
558 4202 653 4256 καὶ
683 4200 762 4273 τῷ
806 4201 1009 4273 χείρονι
1058 4202 1352 4274 συνδεθῇς,
1396 4205 1490 4258 καὶ
1534 4203 1584 4256 τί
1616 4205 1677 4259 τὸ
1709 4203 1940 4274 κινῆσαν

349 4309 436 4357 σε,
469 4292 552 4357 τες
586 4294 620 4365 ἡ
649 4295 770 4366 περὶ
805 4295 864 4348 σὲ
902 4295 1062 4365 σοφία
1088 4295 1183 4348 καὶ
1206 4295 1258 4348 τί
1292 4296 1391 4368 τῆς
1415 4295 1630 4365 φύσεως
1653 4299 1714 4352 τὸ
1743 4299 1942 4370 μυστή-

354 4403 502 4459 ριον·
537 4385 653 4451 πῶς
691 4389 864 4460 μετρῇ
906 4387 1080 4458 τόπῳ,
1117 4388 1212 4441 κα)¹
1239 4387 1364 4452 νοῦς
1393 4390 1490 4461 οὐχ
1649 4393 1889 4466 ὁρίζεται
1924 4434 1939 4460 ,

351 4476 468 4530 ἀλλ’
511 4479 569 4531 ἐν
623 4478 806 4549 ταυτῷ
859 4478 1036 4549 μένων
1089 4479 1266 4534 πάντα
1312 4480 1628 4552 ἐπέρχεται·
1662 4482 1778 4546 πῶς
1822 4482 1942 4551 ὄψις

353 4567 535 4638 ὀλίγη,
566 4570 662 4622 καὶ
705 4569 1056 4623 ὲπιπλεῖστον
1099 4570 1396 4638 φθάνουσα,
1433 4573 1525 4624 καὶ
1565 4572 1790 4643 πότερον
1835 4591 1942 4626 πα-

2655 3481 3007 3547 οὐδενυίιηιιηη

2113 3573 2248 3639 Quid
2287 3572 2556 3626 inemlum
2607 3572 2882 3640 protrolas,
2937 3585 3056 3623 cum
3115 3571 3275 3637 pedes
3317 3567 3438 3623 sis?
3467 3567 3602 3633 Quid

2043 3665 2233 3718 turrim
2302 3665 2557 3727 exstruis,
2622 3679 2742 3717 cum
2796 3663 2862 3716 iis
2920 3663 3080 3716 rebus
3137 3674 3346 3725 careas,
3386 3674 3503 3728 qua:
3539 3661 3602 3708 ad

2038 3773 2158 3811 eam
2205 3757 2587 3828 perﬁciendam
2643 3756 2989 3825 requiruntur
3019 3755 3075 3807 '?
3115 3753 3250 3818 Quid
3307 3753 3421 3818 ipse
3463 3765 3597 3820 quo-

2040 3864 2146 3920 que
2189 3864 2350 3901 manu
2384 3861 2579 3915 aquam
2631 3846 2868 3907 metiris,
2906 3857 2959 3899 et
2983 3845 3176 3897 cmlutn
3208 3843 3448 3910 palmo’,
3498 3849 3611 3892 ter-

2042 3953 2267 4005 ramque
2300 3952 2514 3991 omnem
2551 3936 2774 4006 pugillo,
2803 3935 3071 3989 elementa
3108 3949 3321 4002 magna,
3348 3943 3400 3984 et
3447 3930 3583 3998 ejus-

2042 4029 2208 4092 modi,
2238 4036 2295 4080 υι
2324 4042 2386 4080 ea
2422 4025 2648 4080 Creator
2677 4025 2824 4079 solus
2861 4025 3094 4079 dimetiri
3127 4023 3334 4092 possit?
3360 4021 3597 4074 Primum

2043 4122 2271 4190 teipsum
2306 4131 2573 4187 cognosce
2603 4133 2616 4169 :
2650 4132 2768 4185 quae
2804 4117 2854 4170 in
2883 4115 3128 4170 manibus
3155 4122 3298 4177 sunt,
3328 4112 3597 4167 intellecm

2044 4221 2331 4276 assequere
2365 4225 2377 4260 :
2413 4207 2533 4273 quis
2591 4207 2688 4272 sis,
2737 4215 2792 4259 et
2845 4206 3116 4274 quomodo
3175 4207 3404 4268 etlictus,
3435 4204 3504 4256 ila
3565 4217 3618 4258 ut

2045 4298 2207 4353 simul
2255 4306 2310 4351 et
2364 4298 2538 4367 imago
2581 4296 2671 4350 Dei
2725 4298 2821 4362 sis,
2861 4305 2917 4351 ct
2964 4297 3219 4351 deteriori
3267 4296 3618 4366 astringaris;

2044 4389 2173 4459 quid
2240 4389 2368 4442 illud
2421 4389 2510 4452 sit,
2543 4390 2682 4458 quod
2728 4387 2820 4442 tibi
2867 4397 3067 4442 motum
3103 4389 3298 4450 attulit,
3333 4403 3454 4458 qua:
3489 4388 3540 4440 in
3573 4396 3620 4440 ιιΙ

2045 4481 2306 4549 sapientia
2337 4479 2568 4543 eluceat,
2605 4479 2746 4548 quod
2773 4487 2977 4531 natur:e
3021 4493 3274 4532 arcanum
3308 4491 3320 4525 :
3355 4476 3620 4544 quomodo

2046 4573 2163 4625 loco
2203 4571 2693 4634 cireumscriberis,
2721 4586 2783 4625 ac
2815 4586 2965 4624 mens
2992 4570 3136 4624 nullo
3173 4568 3347 4622 limite
3396 4567 3614 4621 ineludi-

355 4659 560 4730 ραὸοχή
591 4659 680 4722 τίς
731 4661 848 4714 ἐστι
886 4659 980 4714 τοῦ
1027 4660 1318 4730 ὀφθέντος,
1364 4662 1396 4732 ἥ
1442 4654 1579 4733 πρὸς
1612 4659 1786 4716 ἐκεῖνο
1825 4663 1940 4716 διιπί⁴

2050 4673 2155 4730 tur,
2190 4664 2282 4718 ειιιΙ
2333 4664 2386 4716 in
2435 4663 2623 4717 eodem
2666 4663 2782 4715 loco
2835 4677 3077 4725 manens,
3113 4660 3292 4714 omnia
3330 4659 3522 4712 lustrat
3560 4673 3623 4711 ac

354 4750 547 4813 ϐασις·
578 4751 693 4816 πῶς
740 4752 801 4804 τὸ
831 4753 963 4806 αὐτὸ
997 4754 1092 4806 καὶ
1110 4755 1249 4806 κινεῖ
1269 4793 1284 4816 ,
1457 4756 1548 4807 καὶ
1576 4759 1824 4819 κινεῖται,
1856 4753 1945 4808 διὰ

354 4841 665 4912 βουλήσεως
695 4841 1108 4914 κυϐερνώμενον
1129 4859 1143 4873 ·
1177 4843 1261 4907 τίς
1293 4844 1381 4896 δαὶ
1417 4844 1598 4898 παῦλα
1639 4847 1938 4916 κινήσεως·

354 4929 438 4994 τίς
464 4931 492 4983 ὁ
519 4931 627 4984 τῶν
666 4932 975 5002 αἰσθήσεων
1013 4935 1302 5006 μερισμὸς,
1338 4936 1430 4988 καὶ
1464 4936 1580 5000 πῶς
1618 4937 1710 4990 διὰ
1741 4939 1945 4992 τούτων

353 5025 384 5076 ὀ
417 5021 542 5086 νοῦς
576 5023 753 5094 ὀμιλεί
937 5028 1051 5089 τοῖς
1083 5025 1209 5092 ἔξω,
1248 5026 1343 5080 καὶ
1382 5027 1450 5080 τὰ
1476 5026 1672 5093 ἔξωθεν
1705 5030 1943 5100 παραδέ-

354 5133 514 5187 χεται
534 5132 549 5147 ·
588 5115 704 5180 πῶς
737 5117 1111 5189 ἀναλαμϐάνει
1144 5119 1212 5172 τὰ
1239 5120 1352 5191 εἴδη
1377 5136 1391 5150 ·
1424 5122 1516 5172 καὶ
1547 5121 1630 5185 τίς
1655 5123 1686 5192 ἡ
1715 5123 1946 5193 τήρησις

355 5206 451 5262 τοῦ
485 5208 908 5280 ἀναληφθέντος,
952 5211 985 5282 ἢ
1029 5212 1248 5284 μνήμη·
1297 5213 1388 5266 καὶ
1431 5212 1514 5278 τίς
1559 5215 1591 5285 ὴ
1634 5215 1728 5267 τοῦ
1762 5214 1932 5268 ἀπελ-

357 5297 543 5361 θόντος
583 5297 870 5370 ἀνάληψις,
903 5300 936 5370 ἢ
969 5301 1304 5373 ἀνάμνησις·
1340 5302 1458 5366 πῶς
1497 5304 1659 5373 λόγος
1691 5305 1781 5358 νοῦ
1819 5307 1944 5373 γέν-

354 5403 421 5456 νη
431 5403 528 5456 μα,
565 5387 660 5440 καὶ
687 5389 851 5458 γεννᾷ
883 5387 1039 5458 λόγον
1067 5393 1124 5444 ὲν
1169 5391 1311 5463 ἄλλῳ
1358 5392 1462 5457 νοῒ,
1500 5395 1595 5448 καὶ
1630 5395 1746 5458 πῶς
1803 5393 1948 5467 λόγῳ

359 5477 536 5547 νόημα
572 5475 903 5531 διαδίδοται·
1072 5481 1188 5546 πῶς
1219 5484 1479 5556 τρέφεται
1656 5485 1743 5539 διὰ
1768 5486 1946 5557 ψυχῆς

363 5569 540 5635 σῶμα,
567 5570 662 5624 καὶ
685 5569 802 5634 πῶς
829 5569 975 5643 ψυχὴ
1019 5573 1106 5627 διὰ
1135 5574 1388 5644 σώματος
1427 5580 1676 5632 κοινωνεῖ
1712 5578 1911 5642 πάθους
1931 5595 1945 5608 ·

417 5829 437 5864 ⁸
467 5831 599 5888 an.
635 5837 744 5896 xiv,
770 5833 858 5890 E23.
937 5833 956 5864 ²
998 5831 1098 5890 isa.
1129 5849 1216 5897 τι,
1247 5831 1329 5888 1'2.

2048 4767 2390 4827 pervagatur.
2457 4751 2760 4824 Quomodo,
2826 4771 2949 4810 eum
3003 4753 3244 4806 tantillus
3290 4751 3362 4804 sit
3410 4750 3621 4806 oculus.

2050 4859 2156 4901 tam
2186 4848 2340 4916 longe
2370 4850 2622 4918 pertingit
2648 4866 2662 4916 ;
2703 4857 2879 4900 utrum
2916 4849 3058 4916 quod
3101 4862 3211 4900 rem
3245 4846 3414 4900 visam
3439 4845 3626 4898 admit-

2048 4948 2144 4998 tat.
2201 4954 2268 4991 an
2323 4939 2500 5002 potius
2553 4938 2694 5007 quod
2749 4938 2833 5007 ad.
2873 4952 2990 4990 eam
3047 4937 3625 5003 transeanquomodo

2050 5030 2188 5083 idem
2219 5042 2271 5083 et
2303 5040 2480 5083 movet
2512 5037 2568 5082 et
2611 5036 2876 5092 movetur,
2924 5042 2987 5081 ac
3032 5041 3125 5095 per
3168 5025 3496 5080 voluntatem
3529 5040 3626 5093 gu-

2049 5120 2307 5172 bernatur
2335 5136 2348 5172 :
2378 5134 2499 5188 qua:
2538 5130 2718 5173 motus
2747 5118 2922 5187 quies,
2956 5134 3076 5188 qua:
3099 5132 3352 5172 sensuum
3387 5117 3624 5187 partitio,

2049 5212 2316 5280 quomodo
2347 5227 2499 5266 mens
2528 5226 2712 5264 eorum
2744 5225 2904 5279 opera
2938 5226 3059 5264 cum
3093 5209 3333 5264 externis
3355 5217 3624 5268 versatur,

2049 5316 2209 5373 atque
2257 5313 2480 5357 externa
2533 5303 2734 5373 exeipit
2773 5303 3088 5372 :quontodo
3142 5302 3344 5356 formas
3389 5300 3580 5368 recipit
3607 5318 3621 5332 ·

2049 5413 2168 5467 quae
2203 5407 2494 5466 assumpta:
2528 5396 2602 5451 rei
2639 5396 3002 5460 conservatio,
3043 5395 3126 5448 vel
3175 5393 3432 5447 memoria
3465 5409 3479 5445 :
3507 5407 3626 5458 quas

2051 5488 2246 5558 elapsa:
2311 5488 2670 5558 recnpcratio,
2719 5486 2804 5541 vel
2873 5483 3276 5540 reminiscentia
3313 5499 3326 5534 :
3358 5483 3626 5551 quomodo

2054 5594 2233 5634 sermo
2264 5577 2458 5632 mentis
2493 5577 2633 5634 fetus
2668 5585 2773 5641 cst,
2809 5584 2969 5645 atque
3003 5574 3055 5628 in
3086 5573 3187 5626 alia
3211 5579 3390 5628 mente
3419 5587 3626 5630 sermo-
