4120 6292
538 344 640 408 175

521 565 1042 633 liniturzi‘ptomodo
1101 579 1295 633 corpus
1351 576 1446 630 per
1505 563 1740 614 animam
1797 562 1982 627 alitur,
2036 571 2092 615 et

522 657 792 723 quomodo
821 657 998 708 anima
1026 668 1118 722 per
1155 667 1351 722 corpus
1378 651 1660 705 affectuum
1696 652 1964 719 particeps
1995 650 2086 702 fit:

523 749 794 815 quomodo
821 762 938 799 eam
981 745 1140 798 timor
1171 741 1512 811 constringit,
1547 741 1874 810 prae-fidentia
1909 738 2088 804 solvit,

525 852 725 890 inmror
753 836 1041 896 contrahit,
1075 835 1256 887 lmtitia
1289 832 1558 896 ditfuudit,
1594 833 1728 887 livor
1756 831 1878 885 tabe
1984 832 2094 887 alii-

530 931 603 984 t-it
629 971 642 994 ,
716 926 966 994 superbia
997 923 1169 984 effert,
1205 938 1326 992 spes
1361 925 1516 993 erigit
1547 925 1852 991 :quomodo
1880 923 2092 977 iracun-

521 1021 606 1070 dia
639 1033 753 1071 eam
791 1018 842 1069 in
870 1017 1102 1069 furorem
1137 1020 1267 1085 agit,
1299 1026 1346 1070 et
1382 1016 1549 1082 pudor
1580 1015 1774 1068 rubore
1809 1012 2088 1080 suffundit;

1764 340 2150 402 EUTIIYMII
2191 339 2556 403 ZIGABENI

526 490 648 528 nem
682 483 952 542 procreat,
981 482 1034 528 et
1069 472 1338 543 quomodo
1359 470 1612 539 cogitatio
1641 484 1891 524 sermone
1915 470 2068 524 distri

2217 469 2330 529 πῶς
2370 468 2604 534 πήγνυσι
2650 467 2834 534 φόϐος,
2873 468 2966 520 καὶ
2991 469 3108 520 λύει
3153 470 3394 541 θάρσος,

525 1112 638 1161 hate
672 1108 912 1176 quidem,
954 1108 1243 1161 ehullieute
1283 1108 1564 1176 sanguine,
1616 1107 1700 1159 hic
1747 1122 1894 1172 vero,
1943 1120 2142 1164 recc-2

521 1199 1012 1267 olentczquomodo
1064 1199 1528 1265 perturbationum
1582 1199 1731 1266 signa
1779 1199 2094 1266 corporibus

524 1293 932 1359 imprimuntur;
996 1289 1267 1358 quomodo
1317 1289 1456 1341 ratio
1511 1289 1784 1357 praesidet,
1824 1290 2095 1357 quomodo

523 1385 636 1435 haec
673 1383 850 1434 omnia
907 1382 1040 1448 regit
1078 1391 1132 1433 et
1178 1381 1504 1444 moderatur,
1539 1379 1929 1448 affectuumque
1980 1395 2093 1433 mo-

532 1489 617 1529 tus
668 1475 795 1527 lenit
843 1489 905 1527 ac
952 1474 1139 1537 sedat;
1177 1473 1444 1540 quomodo
1469 1487 1496 1524 a
1537 1473 1795 1540 sanguine
1827 1480 1880 1524 ct
1919 1473 2093 1540 spira-

525 1568 688 1627 tione,
733 1564 806 1624 id,
857 1563 998 1630 quod
1049 1576 1274 1630 corpore
1323 1572 1499 1627 vacat,
1548 1571 1788 1624 tenetur;
1827 1564 2095 1630 quomodo

525 1657 715 1710 horum
749 1654 1002 1716 defectio,
1041 1653 1234 1706 animae
1275 1653 1532 1706 discessio
1568 1662 1670 1705 est.
1709 1650 1855 1716 llaec,
1878 1663 1968 1705 aut
2005 1654 2095 1706 ho-

525 1763 643 1798 rum
698 1745 920 1812 aliquid,
986 1760 1021 1796 ο
1085 1745 1280 1807 homo,
1332 1742 1637 1811 cognitione
1695 1743 2094 1810 comprehende

523 1839 780 1905 (nondum
818 1837 960 1890 enim
1003 1835 1124 1889 caeli
1173 1844 1416 1888 naturam
1451 1845 1543 1887 aut
1575 1841 1799 1896 motum,
1828 1849 1926 1888 nec
1952 1834 2093 1887 side~

524 1944 640 1980 rum
674 1927 938 1991 ordinem,
979 1940 1081 1979 nec
1113 1924 1500 1979 elementorum
1534 1923 1964 1991 permistiouem,
1995 1936 2092 1977 nec

522 2020 876 2073 animantium
936 2018 1270 2080 discrimina,
1317 2031 1415 2070 nec
1473 2003 1770 2069 ccclestiuin
1834 2016 2091 2068 virtutum

523 2109 805 2163 inferiores
846 2109 1042 2178 gradus
1080 2117 1135 2161 et
1177 2107 1538 2170 sublimiores,
1580 2115 1739 2174 atque
1786 2106 1990 2169 omnia,
2040 2104 2091 2156 in

2136 1744 2178 1798 B

3689 332 3789 399 176

3565 473 3658 523 καὶ
3710 490 3804 524 συν

2217 558 2423 609 στέλλει
2453 557 2620 627 λύπη,
2651 559 2745 610 καὶ
2794 559 2970 628 διαχεῖ
3016 560 3198 631 ἡδονὴ,
3235 561 3332 614 καὶ
3377 563 3537 632 τήκει
3586 563 3801 630 φθόνῳ,

2218 649 2306 698 καὶ
2346 647 2664 718 μετεωρίζει
2691 647 2879 716 τῦφος,
2908 650 3002 701 καὶ
3047 649 3296 718 κουφίζει
3328 651 3513 714 ἐλπίς·
3555 652 3670 715 πῶς
3712 655 3801 706 ἐκ-

2217 739 2396 805 μαίνει
2443 738 2631 808 θυμὸς,
2684 740 2776 822 καὶ
2822 740 2984 803 αἰδὼς
3025 742 3334 813 ἐρυθραίνει
3380 744 3446 796 δι’
3493 745 3739 814 αἵματος,
3775 747 3804 797 6

2218 827 2315 895 μὲν
2353 828 2629 891 ζέσαντος,
2661 831 2692 898 ἡ
2731 831 2786 882 δὲ
2815 832 3269 902 ἀναχωρήσαντος
3291 851 3304 863 ·
3340 835 3433 886 καὶ
3483 835 3597 898 πῶς
3625 839 3673 887 οἱ
3708 855 3805 905 χα-

2217 920 2487 989 ρακτῆρες
2536 921 2643 973 τῶν
2703 922 2890 974 παθῶν
2935 924 2993 974 ἐν
3042 926 3153 986 τοῖς
3202 923 3452 994 σώμασι⁸
3495 926 3577 988 τίς
3626 929 3657 996 ὴ
3709 927 3802 979 τοῦ

2215 1010 2477 1080 λογισμοῦ
2506 1014 2789 1085 προεδρία,
2827 1015 2920 1066 καὶ
2961 1014 3076 1077 πῶς
3105 1017 3238 1067 πᾶσι
3285 1016 3492 1078 τούτοις
3523 1019 3806 1069 ἐπιστατεῖ

2217 1104 2309 1154 καὶ
2340 1105 2535 1174 ἡμεροῖ
2565 1104 2633 1156 τὰ
2679 1104 2786 1158 τῶν
2837 1104 3027 1158 παθῶν
3087 1109 3395 1175 κινήματα’
3451 1105 3567 1170 πῶς
3610 1109 3803 1178 αἵματι

2218 1198 2501 1264 κρατεῖται
2541 1197 2635 1248 καὶ
2685 1199 2818 1266 πνοῇ
2853 1197 2913 1247 τὸ
2961 1195 3280 1265 ἀσιτιματονα
3315 1198 3406 1249 καὶ
3445 1197 3559 1260 πῶς
3603 1201 3634 1266 ἡ
3680 1200 3805 1250 τού·

2216 1301 2323 1336 των
2368 1285 2640 1355 ἔκλειψις,
2689 1287 2865 1356 ψυχῆς
2913 1289 3057 1338 ἐστιν
3106 1286 3472 1357 ἀναχώρησις.
3508 1288 3720 1354 Ταῦτα,
3766 1290 3802 1359 ἢ

2218 1377 2420 1431 τούτων
2456 1395 2508 1430 τι
2545 1377 2900 1447 κατανόησον,
2933 1371 2977 1430 ὦ
3020 1378 3312 1447 ἄνθρωπε*
3335 1379 3487 1432 οὑπω
3512 1379 3619 1451 γὰρ
3657 1380 3805 1448 λέγω

2219 1470 2398 1539 φύσιν,
2441 1471 2474 1540 ἢ
2512 1471 2720 1540 κίνησιν
2759 1469 3012 1540 οὐρανοῦ,
3061 1471 3154 1523 καὶ
3193 1470 3345 1534 τάξιν
3398 1471 3662 1542 ἀστέρων,
3706 1473 3803 1525 καὶ

2225 1560 2368 1632 μίξιν
2408 1561 2707 1632 στοιχείων,
2748 1562 2841 1612 καὶ
2877 1559 3033 1624 ζώων
3065 1561 3352 1632 διαφορὰς,
3382 1563 3477 1614 καὶ
3515 1562 3799 1632 δυνάμεων

2219 1653 2486 1723 οὐρανίων
2521 1649 2812 1714 ὑποϐαΐσεις
2987 1651 3079 1702 καὶ
3120 1649 3461 1721 ὑπερθέσεις,
3494 1650 3588 1703 καὶ
3623 1652 3799 1703 πάντα

2221 1746 2300 1806 εἰς
2339 1746 2440 1797 ὅσα
2479 1746 2506 1796 6
2547 1742 2937 1814 δημιουργικδς
3136 1742 3291 1810 λόγος
3333 1742 3792 1814 καταμερίζεται,

2222 1837 2314 1888 καὶ
2373 1837 2564 1904 λόγους
2635 1837 2892 1907 προνοίας
2945 1835 3040 1888 καὶ
3107 1834 3460 1904 διοικήσεως·

2221 1925 2373 1978 οὔπω
2391 1927 2551 1994 λέγω,
2565 1927 2867 1997 Θάρρησον·
2891 1928 3026 1991 ἀλλ’,
3054 1927 3176 1978 Ἔτι
3209 1926 3472 1996 φοϐήθητι
3499 1927 3798 1996 προσῦῆναι

2221 2022 2335 2082 τοῖς
2375 2019 2742 2090 ὑψηλοτέροις,
2771 2021 2864 2073 καὶ
2896 2023 3004 2083 τοῖς
3041 2017 3244 2089 μᾶλλον
3287 2017 3427 2085 ὑπὲρ
3459 2017 3556 2076 τὴν
3583 2017 3680 2074 σὴν
3710 2017 3800 2068 δύ-

2223 2125 2407 2180 ναμιν.

3510 1837 3604 1887 καὶ
3674 1837 3794 1888 τότε

520 2217 642 2269 qua:
684 2202 879 2254 artifex
933 2203 1072 2255 ratio
1115 2202 1484 2266 distribuitur,
1531 2217 1633 2255 nec
1669 2201 1905 2270 denique
1953 2201 2312 2269 providentiae
2374 2194 2902 2266 gubernationisque
2954 2195 3198 2251 rationes
3247 2197 3648 2265 commemoro)
3684 2214 3697 2249 :
3730 2211 3793 2250 ac

522 2305 636 2347 tum
668 2294 914 2348 nondum
945 2295 1144 2359 dicam,
1185 2295 1371 2361 Aude;
1409 2310 1623 2357 verum,
1652 2295 1842 2348 Adhuc
1872 2292 2000 2346 time
2031 2293 2095 2348 ad
2125 2308 2188 2347 ea
2220 2306 2338 2363 qua:
2377 2288 2695 2346 sublimiora
2723 2298 2869 2353 sunt,
2933 2288 3187 2359 viresque
3242 2298 3363 2344 tuas
3416 2286 3588 2358 magis
3625 2303 3790 2357 supe-

520 2393 661 2447 rant,
698 2385 980 2441 accedere.

701 2477 953 2545 Ejusdem
972 2493 1036 2531 ea:
1062 2481 1300 2531 oratione
1329 2481 1657 2551 apologetica
1690 2496 1908 2549 magna.

592 2569 880 2624 Excelsum
917 2571 1232 2623 cstccelum
1293 2581 1454 2639 atque
1503 2572 1759 2634 sublime,
1822 2581 1965 2625 terra
2014 2586 2110 2623 au-

523 2674 632 2717 tem
711 2662 935 2716 humilis
961 2671 1016 2715 et
1070 2661 1365 2731 profunda.
1421 2664 1622 2732 Ecquis
1670 2664 1796 2716 illuc
1830 2663 2107 2721 ascendet.

519 2768 710 2806 eorum
790 2754 882 2820 qui
970 2762 1194 2822 propter
1268 2763 1552 2823 peccatum
1618 2754 1846 2824 projecli
1922 2755 2104 2808 sunt?

524 2840 660 2905 Quis
733 2842 964 2895 terrenis
1016 2842 1195 2896 adhuc
1237 2844 1478 2898 tenebris
1546 2844 1971 2912 circumseptus,
2056 2855 2110 2898 et

522 2944 709 2983 crasso
815 2930 1066 2999 corporis
1168 2930 1495 2985 indumento
1609 2933 1924 2999 obvolutus,
1999 2943 2107 2986 tota

523 3030 702 3074 mente
770 3030 936 3075 totam
1009 3030 1244 3074 mentem
1311 3037 1444 3090 pure
1497 3025 1694 3091 poterit
1763 3025 2000 3089 intueri,
2059 3037 2110 3080 et

520 3113 663 3166 inter
751 3114 888 3179 haec,
969 3130 1089 3184 quae
1150 3124 1277 3168 sunt
1344 3116 1646 3181 instabilia,
1733 3128 1790 3173 et
1856 3119 2110 3173 sensi-bus

519 3206 753 3260 obnoxia
811 3222 1060 3271 manens,
1100 3208 1166 3260 ad
1209 3224 1292 3270 ea,
1326 3225 1445 3276 qtae
1497 3219 1624 3264 sunt
1676 3211 1992 3275 immobilia,
2058 3223 2110 3264 et

520 3299 693 3350 oculis
733 3298 885 3352 cerni
928 3314 1035 3351 non
1095 3309 1323 3366 possunt
1349 3301 1635 3369 aSpirare?
1698 3302 1898 3356 Eorum
1954 3312 2103 3356 certe

519 3390 610 3457 qui
644 3390 730 3443 hic
762 3389 881 3458 puri
907 3390 1206 3459 mundique
1246 3400 1394 3452 sunt,
1416 3392 1505 3445 vix
1553 3393 1840 3462 quisquam
1900 3395 2104 3463 poterit

521 3468 871 3534 simulicrum
948 3481 1092 3535 illius
1170 3481 1596 3550 pulchritudinis
1650 3484 1912 3552 aspicere,
1996 3502 2102 3538 non

521 3588 700 3635 secus,
735 3582 895 3641 atque
927 3573 1022 3632 illi.
1051 3575 1142 3644 qui
1181 3575 1350 3628 solem
1382 3574 1434 3628 in
1473 3590 1609 3644 aqua
1641 3577 2098 3646 contemplantur.

521 3664 656 3728 Quis
691 3673 774 3718 est
820 3664 927 3729 ille,
965 3666 1056 3733 qui
1109 3683 1302 3735 aquam
1357 3683 1542 3730 manu,
1584 3677 1639 3720 ct
1689 3669 1887 3722 cmlum
1928 3669 2103 3736 palma

520 3758 805 3810 dimensus
840 3756 958 3822 est,
1030 3769 1085 3812 et
1133 3758 1336 3828 pugillo
1379 3769 1575 3813 terram
1610 3760 1855 3814 continet
1889 3761 2103 3813 univcr-

521 3850 845 3914 satu?Quis
877 3859 1090 3905 montes
1143 3850 1196 3903 in
1248 3851 1408 3904 lance
1456 3851 1656 3919 posuit,
1710 3861 1764 3903 et
1830 3852 1996 3904 valles
2049 3851 2100 3904 iu

520 3942 766 3996 statera?
796 3943 994 4013 Ecquis
1027 3943 1129 3997 erit
1160 3943 1314 3998 locus
1341 3984 1355 4006 ,
1389 3945 1442 3997 in
1479 3960 1588 4013 quo
1636 3944 1722 3998 ille
1759 3944 2102 4013 requiescat?

516 4034 747 4089 Cuiuam
773 4038 1030 4091 omnibus
1054 4052 1084 4091 c
1125 4036 1286 4091 rebus
1316 4036 1530 4090 dicetur
1559 4037 1797 4092 similis?
1847 4037 1980 4104 Quis
2019 4047 2102 4091 cst

518 4125 634 4190 ille,
668 4127 760 4194 qui
792 4127 956 4180 verbo
990 4126 1120 4180 fecit
1146 4127 1372 4180 omnia?
1398 4125 1501 4188 Qui
1549 4126 1829 4196 sapientia
1865 4128 2097 4181 fabrica-

521 4227 609 4271 tus
635 4227 716 4270 est
750 4217 1070 4270 hominem?
1100 4216 1202 4280 Qui
1237 4217 1557 4271 dissidentia
1611 4219 1664 4270 in
1696 4232 1864 4271 unum
1909 4227 2101 4272 contu-

518 4311 630 4363 lit?
677 4307 781 4374 Qui
823 4308 1035 4378 spiritui
1068 4309 1349 4377 pulverem
1382 4309 1839 4375 admiscuit?Qui
1873 4310 2096 4378 animal,

520 4402 667 4470 quod
710 4400 978 4465 cernitur,
1031 4415 1153 4453 cum
1210 4416 1296 4463 eo,
1341 4401 1486 4470 quod
1531 4403 1681 4455 cerni
1733 4418 1839 4455 non
1894 4413 2093 4473 potest,

518 4494 747 4548 mortale
802 4508 925 4546 cum
997 4493 1312 4558 immortali,
1367 4504 1645 4549 terrenum
1706 4511 1827 4550 cum
1890 4498 2096 4552 ccelcsti

2131 3277 2175 3337 C

2291 2480 2401 2533 Τοῦ
2442 2476 2650 2532 αὐτοῦ.
2694 2475 2790 2529 Ἐκ
2822 2476 2930 2530 τοῦ
2955 2475 3226 2544 μεγάλου
3255 2475 3719 2545 ἀπολογητικοῦ.

2283 2569 2527 2639 Οὐρανὸς
2555 2566 2780 2637 ὑψηλὸς,
2801 2567 2870 2638 γῆ
2900 2567 2953 2619 δὲ
2982 2566 3192 2636 βαθεῖα,
3221 2568 3314 2618 καὶ
3341 2568 3426 2629 τίς
3462 2568 3793 2638 ἀναϐήσεται

2212 2659 2319 2710 τῶν
2357 2659 2714 2728 ἐρριμμένων
2764 2661 2830 2728 τῇ
2873 2659 3120 2728 ἁμαρτίᾳ
3142 2700 3155 2722 ,
3186 2658 3268 2720 τίς
3299 2659 3681 2728 περικείμενος
3713 2661 3792 2712 ἔτι

2211 2752 2302 2803 τόν
2339 2751 2490 2804 κάτω
2522 2751 2704 2818 ζόφον,
2739 2751 2832 2802 καὶ
2863 2751 2961 2820 τῆς
3002 2750 3202 2819 σαρκὸς
3230 2750 3328 2821 τὴν
3361 2752 3650 2822 παχύτητα
3690 2753 3793 2822 ὅλῳ

2212 2841 2296 2894 νοῒ
2341 2840 2598 2910 καθαρῶς
2641 2842 2968 2894 ἐποπτεύσει
3015 2841 3135 2894 νοῦν
3171 2841 3311 2906 ὅλον,
3363 2844 3456 2894 καὶ
3500 2843 3791 2912 μιγήσεται

2210 2935 2322 2994 τοῖς
2355 2933 2580 2994 ἑστῶσι,
2610 2932 2702 2984 καὶ
2721 2932 2977 3002 ἀοράτοις
3005 2934 3062 2984 ἐν
3091 2935 3201 2994 τοῖς
3232 2933 3505 2995 ἁστάτοις.
3541 2935 3634 2986 καὶ
3659 2936 3788 3004 ὁρω-

2213 3024 2394 3089 μένοις
2424 3037 2436 3085 ;
2476 3021 2629 3089 μόλις
2661 3021 2770 3090 γὰρ
2797 3022 2863 3074 ἄν
2891 3039 2972 3084 τις
3002 3021 3234 3074 ἐνταῦθα
3259 3023 3367 3074 τῶν
3394 3022 3599 3092 σφόδρα.
3629 3041 3791 3078 κεκα-

2210 3115 2497 3182 θαρμένων
2528 3114 2632 3166 κᾶν
2680 3113 2897 3166 εἴδωλον
2914 3115 3008 3166 τοῦ
3035 3113 3200 3167 καλοῦ
3228 3114 3577 3184 θεωρήσειεν,
3601 3114 3790 3187 ὥσπερ

2211 3207 2257 3258 οἱ
2287 3206 2380 3256 τὸν
2420 3205 2570 3274 ἥλιον
2603 3207 2659 3256 ἐν
2688 3207 2800 3267 τοῖς
2827 3203 3003 3258 ὕδασι.
3045 3208 3140 3268 Τίς
3169 3207 3196 3257 6
3240 3207 3524 3277 μετρήσας
3555 3211 3618 3278 τῇ
3645 3212 3789 3277 χειρὶ

2212 3297 2268 3348 τὸ
2308 3296 2471 3364 ὕδωρ,
2508 3296 2599 3347 καὶ
2652 3297 2742 3348 τὶν
2775 3296 3004 3367 οὐρανὸν
3041 3298 3313 3369 σπιθαμῇ,
3350 3299 3445 3350 καὶ
3485 3301 3666 3352 πᾶσαν
3693 3301 3788 3368 τὴν

2211 3388 2314 3456 γῆν
2364 3388 2569 3458 δρακί;
2605 3388 2702 3448 Τίς
2743 3389 2938 3457 ἔστησε
2997 3389 3063 3441 τὰ
3102 3390 3202 3458 ὅρη
3250 3389 3496 3460 σταθμῷ,
3549 3390 3644 3444 καὶ
3691 3391 3786 3453 τᾶς

2210 3478 2389 3541 νάπας
2425 3477 2617 3546 ζυγῷ;
2669 3479 2762 3540 Τίς
2790 3479 2952 3541 τόπος
3004 3482 3101 3550 τῆς
3148 3481 3548 3544 καταπαύσεως
3596 3481 3782 3545 αὑτοῦ,

2208 3572 2303 3623 καὶ
2346 3573 2453 3623 τίνι
2485 3571 2594 3622 τῶν
2625 3571 2841 3624 πάντων
2865 3572 3268 3643 ὁμοιωθήσεται
3301 3591 3316 3638 ;
3368 3573 3463 3635 Τίς
3493 3574 3520 3626 6
3550 3577 3784 3645 ποιήσας

2207 3665 2274 3716 τὰ
2312 3665 2488 3718 πάντα
2517 3665 2574 3716 ἐν
2601 3664 2764 3733 λόγῳ,
2817 3664 2912 3718 καὶ
2941 3667 3006 3734 τῇ
3051 3666 3212 3736 σοφία
3244 3669 3664 3730 κατασκευάσας
3691 3669 3784 3721 ἇν-

2207 3761 2450 3831 θρωπον,
2487 3760 2582 3815 καὶ
2615 3763 2694 3822 εἰς
2728 3761 2788 3814 ἓν
2823 3762 3049 3830 ἀγαγὼν
3078 3762 3145 3814 τὰ
3179 3763 3464 3818 διεστῶτα,
3498 3763 3591 3814 καὶ
3613 3762 3785 3831 ’μίξας

2208 3852 2305 3904 τὸν
2333 3851 2463 3921 χοῦν
2496 3852 2574 3923 τῷ
2607 3853 2905 3919 πνεύματι,
2945 3853 3038 3905 καὶ
3073 3851 3285 3914 συνθεὶς
3317 3853 3454 3916 ζῶον
3475 3852 3668 3922 ὁρατόν
3695 3851 3785 3904 καὶ

2207 3945 2480 4013 ἀόρατον,
2534 3943 2870 4014 πρόσκαιρον
2912 3945 3007 3997 καὶ
3046 3945 3348 4010 ἀθάνατον,
3403 3946 3646 4012 ἐπίγειον
3694 3945 3782 3996 καὶ

2205 4035 2473 4105 οὐράνιον,
2507 4036 2814 4105 ἁπτόμενον
2850 4035 2985 4088 Θεοῦ
3020 4037 3113 4090 καὶ
3148 4037 3206 4088 οὑ
3253 4035 3783 4106 περιδρασσόμενον,

2204 4126 2424 4195 ὲγγίζον
2473 4129 2568 4182 καὶ
2611 4128 3029 4198 μακρυνόμενον
3061 4145 3076 4195 ;
3109 4123 3280 4193 Bina,
3310 4127 3784 4196 σορισθήσομαι,

2206 4223 2374 4290 φησὶν
2399 4222 2426 4273 6
2458 4221 2731 4289 Σολομὼν,
2757 4221 2853 4274 καὶ
2887 4220 3041 4287 αὐτὴ
3099 4221 3439 4289 ἐμακρύνθη
3497 4219 3598 4273 ἀπ’
3639 4219 3784 4288 ἐμοῦ

2199 4312 2438 4380 μακρὰν
2469 4312 2621 4380 ὑπὲρ
2652 4313 2683 4365 ὃ
2723 4309 2822 4383 ἦν,
2848 4313 2945 4383 τὴν
2973 4314 3164 4380 σοφίαν
3199 4312 3397 4380 λέγων,
3434 4311 3528 4364 καὶ
3554 4311 3722 4374 ὅντως
3755 4313 3787 4363 ὀ

2202 4403 2542 4471 προστιθεὶς
2564 4403 2789 4474 γνῶσιν
2811 4406 3211 4473 προστίθησιν
3229 4403 3488 4473 ἄλγημα,
3508 4404 3566 4456 οὐ
3589 4403 3788 4474 μᾶλλον

2203 4494 2587 4565 εὑφραίνοντος
2617 4494 2712 4548 τοῦ
2733 4495 3069 4566 εὑρεθέντος,
3096 4496 3127 4565 ἢ
3151 4495 3409 4558 ἀνιῶντος
3433 4493 3526 4547 τοῦ
3557 4495 3748 4563 διαφεὺ
3765 4525 3784 4536 -

518 4586 820 4657 cepulaiit,
883 4588 1026 4654 quod
1070 4585 1242 4640 Deum
1297 4587 1531 4657 attingit,
1585 4599 1638 4642 et
1692 4605 1798 4642 non
1852 4606 2092 4660 compre-

2211 4604 2418 4654 γοντος,
2441 4587 2600 4657 ὅπερ,
2637 4584 2811 4658 οἶμαι,
2842 4589 2990 4657 φιλεί
3020 4587 3340 4658 συμϐαίνειν
3375 4589 3487 4650 τοῖς
3515 4587 3594 4640 ἔτι
3624 4587 3787 4656 διψῶ-

519 4678 735 4739 hcndit,
757 4677 1184 4748 appropinquat,
1208 4690 1261 4733 et
1287 4683 1484 4748 procul
1507 4681 1703 4734 abest?
1731 4683 1872 4748 Dixi,
1893 4685 2100 4752 sapiens

519 4769 671 4836 ﬁam,
697 4771 872 4839 inquit
900 4770 1177 4834 Salomon,
1207 4781 1254 4824 et
1280 4773 1490 4825 recessit
1520 4791 1549 4824 a
1581 4789 1662 4825 me
1686 4773 1912 4842 longius,
1945 4793 2104 4844 quam

525 4873 642 4915 erat
673 4865 819 4930 prius
849 4865 889 4918 ‘.
964 4865 1302 4934 Sapientiam
1341 4873 1523 4918 autem
1563 4865 1830 4936 intelligit.
1885 4870 1948 4922 lit
1977 4887 2102 4938 pro-

524 4953 672 5007 fecto
704 4956 793 5023 qui
822 4955 1096 5009 scientiam
1122 4956 1294 5019 addit,
1341 4957 1488 5008 addit
1525 4967 1574 5009 et
1622 4956 1853 5010 dolorem
1893 4961 1931 5023 ’,
1980 4975 2102 5013 cum

521 5062 633 5100 non
660 5047 917 5116 majorem
941 5047 1184 5102 laetitiam
1219 5048 1451 5117 accipiat
1484 5064 1547 5102 ex
1585 5064 1668 5110 co,
1702 5053 1844 5120 quod
1891 5051 2098 5117 didicit,

523 5157 686 5214 quam
715 5140 959 5196 dolorem
1008 5157 1074 5195 ex
1120 5158 1206 5206 eo,
1234 5143 1378 5211 quod
1411 5145 1632 5214 asscqui
1669 5161 1776 5198 non
1809 5145 2011 5215 puluit.
2045 5147 2098 5200 Id

522 5234 670 5304 quod
701 5235 803 5289 illis
837 5234 1333 5305 soletcontingcre,
1367 5235 1459 5303 qui
1488 5237 1737 5290 sitientes
1766 5237 1942 5291 adhuc
1974 5238 2097 5291 abs-

526 5327 818 5381 trahuntur
865 5327 930 5381 ab
962 5342 1120 5396 aqua.
1183 5328 1290 5382 Aut
1322 5331 1413 5398 qui
1443 5344 1500 5382 se
1530 5328 1731 5398 aliquid
1769 5340 1953 5385 tenere
1990 5332 2100 5402 jam

516 5429 744 5492 putant,
772 5420 916 5490 quod
947 5422 1164 5489 assequi
1198 5430 1499 5489 nequeunt.
1553 5422 1662 5474 Aut
1707 5439 1844 5492 quos
1874 5423 2100 5491 fulguris

522 5514 784 5581 splendor
837 5529 1008 5584 prope
1057 5515 1223 5567 citius
1253 5515 1532 5578 transiliit,
1566 5530 1727 5584 quam
1785 5515 2095 5568 illustravit.

522 5599 648 5658 "CCC
676 5619 764 5659 me
791 5604 1048 5674 cogitatio
1093 5605 1382 5674 depressit,
1409 5615 1570 5673 atque
1602 5606 1862 5661 humilem
1917 5607 2098 5662 reddi-

596 5745 615 5774 ⁴
647 5745 831 5801 Eccle.
869 5761 962 5814 vn,
991 5746 1078 5800 25.
1173 5748 1192 5778 ¹
1233 5746 1414 5802 Eccle.
1451 5762 1491 5816 t,
1524 5749 1606 5804 l8.

2210 4698 2295 4736 σιν
2324 4682 2745 4751 ἀποσπωμένοις
2770 4681 2978 4746 ὓδατος,
3007 4681 3038 4750 ἢ
3066 4682 3292 4750 κρατεῖν
3309 4699 3360 4734 τι
3385 4681 3445 4733 οὐ
3467 4681 3786 4750 δυναμένοις

2208 4774 2354 4843 ἔχειν
2381 4773 2715 4843 νομίζουσιν,
2755 4774 2786 4842 ῆ
2820 4773 2911 4836 οὓς
2935 4773 3178 4843 ἀπῆλθεν
3209 4772 3370 4836 εὐθὺς
3399 4775 3654 4844 ἀστραπὴ
3690 4792 3783 4825 πε-

2209 4866 2553 4937 ριλάμψασα.
2616 4866 2788 4918 Τοῦτό
2838 4883 2904 4936 με
2963 4867 3082 4937 ἵστη
3137 4867 3327 4932 κάτω,
3366 4868 3456 4920 καὶ
3531 4866 3784 4922 ταπεινὸν

2209 4960 2410 5024 ἐποίει,
2467 4960 2561 5012 καὶ
2610 4955 2752 5012 εἶναι
2799 4959 3009 5029 βέλτιον
3052 4962 3274 5014 ἔπειθεν
3336 4960 3560 5016 ἀκούειν
3604 4961 3786 5031 φωνὴν

2208 5056 2494 5118 αἰνέσεως,
2558 5054 2589 5124 ῆ
2644 5052 2917 5124 ἐξηγητὴν
2976 5048 3118 5107 εἶναι
3173 5055 3284 5107 τῶν
3339 5055 3477 5125 ὑπὲρ
3533 5054 3783 5124 δύναμιν.

2219 5148 2282 5200 Ἡ
2308 5146 2694 5217 μεγαλειότης,
2719 5148 2814 5200 καὶ
2839 5147 2898 5199 τὸ
2929 5146 3083 5215 ὕψος,
3107 5147 3203 5200 καὶ
3237 5149 3294 5200 τὸ
3331 5148 3570 5218 ἀξίωμα,
3601 5149 3698 5201 κα)⁸
3727 5150 3784 5200 αἱ

2210 5238 2452 5308 καθαραὶ
2483 5239 2675 5307 φύσεις
2717 5241 2872 5310 μόλις
2916 5241 3194 5312 χωροῦσαι
3227 5241 3361 5299 Θεοῦ
3399 5242 3782 5312 λαμπρότητα,

2205 5331 2263 5382 ὂν
2311 5329 2551 5394 ἄϐυσσος
2586 5334 2880 5400 καλύπτει,
2914 5327 2975 5386 οὗ
3023 5334 3217 5396 σκότος
3251 5335 3564 5404 ἀποκρυφὴ,
3608 5337 3783 5402 φωτὸς

2201 5422 2352 5484 ὄντος
2381 5423 2476 5475 τοῦ
2509 5422 2922 5494 καθαρωτάτου,
2946 5426 3036 5478 καὶ
3064 5427 3360 5494 ἀπροσίτου
3387 5430 3494 5490 τοῖς
3521 5427 3778 5487 πλείοσιν,

2199 5515 2256 5578 ὃς
2288 5517 2347 5567 ἐν
2376 5516 2507 5583 τῷδε
2539 5518 2614 5588 τῷ
2647 5520 2829 5583 παντὶ⁹
2867 5521 2960 5570 καὶ
2985 5519 3076 5572 τοῦ
3105 5519 3305 5583 παντὸς
3337 5522 3483 5573 ἐστιν
3514 5521 3641 5586 ἔξω.
3691 5521 3783 5582 Ὃς

2200 5609 2364 5664 καλόν
2404 5611 2553 5665 ἐστιν
2597 5611 2764 5678 ἅπαν,
2807 5614 2902 5666 καὶ
2931 5613 3043 5669 ἀνω
3077 5612 3245 5670 καλοῦ
3293 5612 3517 5679 παντὸς,
3563 5614 3620 5677 ὃς
3657 5612 3780 5668 νοῦν
