4120 6292
389 413 488 474 ΠΤ
1345 417 1718 475 PANOPLH
1768 420 1950 478 DOGft

2056 423 2318 480 [‘ICA.w
2357 425 2510 483 Tl'l‘.
2557 424 2655 483 IV.
3547 421 3646 483 178

380 527 636 594 φωτίζει,
671 527 762 578 καὶ
793 523 1074 592 διαφεύγει
1105 525 1196 577 νοῦ
1230 527 1411 595 τάχος,
1435 531 1527 580 καὶ
1565 529 1718 598 ὕψος,
1755 531 1950 600 ὑποχω·

2071 533 2169 595 dit,
2238 533 2613 602 persuasitque
2670 531 2842 586 satius
2890 545 3009 584 esse
3077 530 3404 586 laudationis
3451 551 3642 590 vocem

385 617 615 686 ρῶν’ἀεὶ
659 615 936 679 τοσοῦτον,
986 619 1111 670 ὅσον
1167 619 1670 686 καταλαμϐάνεται,
1721 621 1950 673 καλύπ-

2069 624 2280 686 audire,
2327 640 2489 693 quam
2533 623 2775 692 proﬁteri
2833 637 2889 676 se
2937 622 3218 676 doctorem
3277 638 3465 678 eorum
3525 642 3646 694 qua:

384 711 537 777 άγων
569 709 705 780 πρὸς
751 709 813 761 τὸ
848 710 961 762 ἄνω
986 709 1074 762 τδν
1103 709 1341 780 ἐραστὴν
1377 710 1453 780 τῷ
1487 711 1736 780 φεύγειν,
1765 716 1860 766 καὶ
1889 713 1950 782 τιξ

2070 716 2213 770 vires
2244 716 2512 769 humanas
2536 721 2819 784 superant.
2860 712 3195 783 Magnitudo,
3229 724 3284 769 et
3318 717 3642 777 sublimitas.

387 797 499 856 οἷον
533 801 912 873 κρατούμενος
944 800 1300 856 κλέπτεσθαι.

2071 818 2123 860 et
2155 806 2392 874 dignitas
2427 805 2730 860 cmlestium
2779 805 2989 858 illarum
3026 806 3313 868 mentium.
3353 824 3472 878 quae
3518 819 3646 864 sunt

390 906 594 950 'iatnraa
646 895 946 964 purissima:
1001 895 1087 949 vix
1150 896 1376 966 capiunt
1430 897 1776 964 Splendorem
1837 898 1950 963 Dei,
1992 915 2154 968 quem
2217 899 2448 969 abyssus
2477 899 2632 968 tegit,
2672 898 2828 966 cujus
2858 898 3140 953 latibulum
3190 900 3429 955 tenebrae
3492 913 3642 965 sunt,

401 994 478 1064 ιιιί
511 994 597 1046 lux
625 994 912 1063 purissima
943 982 1044 1056 est,
1083 994 1211 1048 licet
1239 995 1487 1063 pluribus
1519 999 1819 1052 inaccessa.
1852 1000 1952 1064 Qui
1997 981 2053 1052 in
2087 998 2341 1051 universo
2407 998 2540 1052 orbe
2600 1005 2874 1059 versatur,
2908 1003 2964 1049 et
2995 1005 3150 1048 extra
3181 994 3370 1048 orbem
3402 1004 3487 1048 est
3519 997 3642 1048 uni-

385 1091 637 1144 versum;
662 1084 764 1149 Qui
831 1095 914 1138 est
956 1086 1131 1139 omnis
1177 1089 1392 1142 bonitas
1424 1103 1476 1142 et
1514 1091 1880 1158 pulchritudo,
1907 1099 1961 1144 et
1989 1107 2206 1146 omnem
2247 1091 2573 1153 bonitatem,
2644 1101 2695 1144 et
2767 1088 3226 1158 pulchritudinem
3266 1088 3637 1142 transcendit.

378 1176 484 1242 Qui
554 1186 792 1231 mentem
853 1178 1109 1245 illustrat,
1177 1191 1232 1234 et
1283 1183 1485 1237 mentis
1525 1184 1860 1238 celeritatem
1915 1194 1969 1238 et
2023 1185 2366 1238 altitudinem
2435 1185 2644 1253 eﬂugit,
2714 1192 2922 1236 tantum
2990 1197 3204 1249 semper
3286 1180 3640 1234 antecedeuso

373 1281 643 1338 quantum
692 1273 780 1326 illa
819 1273 1086 1342 sequitur,
1134 1286 1192 1330 ut
1232 1277 1360 1330 dum
1407 1277 1561 1348 fugit,
1606 1295 1772 1349 seque
1821 1295 1961 1350 pene
1999 1283 2456 1348 comprehensum
2491 1279 2750 1342 ostendit,
2788 1286 3058 1330 amantem
3114 1276 3284 1346 magis
3343 1275 3642 1328 inﬂammet

372 1366 704 1434 assequendi
769 1368 1086 1436 cupiditate,
1142 1381 1196 1426 et
1256 1375 1320 1427 ad
1362 1375 1644 1443 superiora
1694 1377 1857 1432 ducat
1905 1388 1959 1432 et
1985 1379 2183 1432 trahat.

379 1481 512 1532 Ἔτι
551 1480 824 1560 περὶ-τοᾷ
858 1483 1286 1560 ἀκατάᾷηπτον
1316 1483 1466 1560 εἶτα(
1496 1490 1617 1560 ,τὴν
1650 1493 1818 1543 θείαν
1851 1493 1960 1559 φύ-

449 1564 576 1604 σιν.
614 1553 723 1626 Ἰξοῦ
757 1553 1191 1626 Χρυοοστόμου
1224 1557 1293 1609 ἐκ
1326 1558 1438 1623 τῆς
1463 1553 1687 1621 ,ϐίϐλου
1719 1561 1828 1626 τῆς
1851 1553 1961 1614 ἶπε-

447 1620 780 1688 ριεχούσης
811 1622 953 1688 τοὺς
983 1620 1116 1691 περὶ
1148 1620 1577 1696 ἀκαταλήπτων
1606 1620 1850 1700 λόγούᾇ.

455 1732 615 1799 Μέγα
642 1733 808 1786 κακὸν
836 1733 895 1786 τὸ
925 1735 1001 1806 μὴ
1031 1738 1211 1805 μένειν
1239 1741 1370 1793 εἴσω
1396 1741 1504 1792 τῶν
1533 1743 1695 1811 ὅρων,
1727 1737 1802 1795 ὧν
1827 1746 1960 1812 ἡμῖν

359 1825 567 1888 ιέταξεν
595 1826 623 1876 6
653 1826 805 1888 Θεὸς,
838 1827 973 1880 ἀλλὰ
1007 1831 1471 1899 περιεργάζεσθαι
1502 1834 1572 1886 τὰ
1605 1835 1839 1888 νικῶντα
1869 1836 1960 1888 τὸν

375 1918 646 1986 ἡμέτερον
677 1918 820 1970 νοῦν.
851 1920 1006 1974 Οὕτω
1035 1925 1145 1992 γὰρ
1175 1923 1270 1976 καὶ
1297 1926 1325 1977 6
1353 1926 1810 1996 πρωτόπλαστος,
1841 1929 1960 1981 ἐπι-

373 2007 523 2078 θυμή
538 2025 629 2069 τας
657 2008 938 2077 μειζόνων,
974 2013 1066 2063 καὶ
1088 2013 1231 2081 άπερ
1253 2009 1397 2084 εἶχεν
1425 2017 1697 2071 ἀπώλεσε.
1728 2019 1964 2089 Τοιγαρ-

371 2098 468 2151 οῦν
493 2099 664 2153 πολλὰ
689 2101 898 2171 χαίρειν
922 2107 1032 2165 τοῖς
1073 2105 1360 2174 ἡμετέροις
1383 2107 1661 2178 λογισμοῖς
1689 2110 1958 2173 εἰπὸντες,

371 2193 642 2262 Λογισμοὶ
726 2195 870 2264 γὰρ,
940 2197 1144 2266 φησὶν,
1227 2197 1531 2268 ἀνθρώπων
1593 2201 1792 2265 δειλοὶ,
1871 2204 1962 2255 καὶ

371 2283 699 2353 ἐπισφαλεῖς
723 2286 780 2338 αἱ
806 2287 1037 2340 ἐπίνοιαι
1061 2289 1262 2354 αὐτῶν,
1321 2290 1396 2360 μὴ
1439 2291 1756 2364 θελήσωμεν
1795 2295 1963 2362 ὑπερ-

373 2373 586 2424 ϐαίνειν
615 2373 676 2426 τὸ
709 2374 906 2444 μέτρον
933 2376 1030 2446 τῆς
1063 2377 1606 2451 άποκεκληρωμένης
1639 2383 1774 2451 ἡμῖν
1800 2383 1958 2438 δυνά-

377 2481 550 2531 μεως.

995 2559 1110 2614 Τοῦ
1139 2563 1346 2617 αὐτοῦ.

448 2649 927 2719 Ἔθαυμαστὼθη,
973 2655 1158 2722 φησὶν,
1213 2655 1251 2722 ἡ
1293 2656 1514 2724 γνῶσις
1543 2675 1660 2712 σου
1694 2660 1761 2724 ἐξ
1790 2661 1956 2729 ἐμοῦ,

370 2738 776 2806 ἐκραταιὼθιιο
821 2742 892 2794 οὐ
939 2740 1024 2808 μὴ
1083 2741 1345 2811 δύνωμαι
1397 2743 1546 2810 πρὸς
1587 2746 1802 2813 αὑτήν.
1852 2748 1958 2800 Τοῦ

367 2833 660 2902 Προφήτου
705 2833 841 2902 πρ³ις
870 2832 932 2886 τὸ
955 2833 1118 2902 βάθος
1151 2833 1251 2902 τῆς
1285 2835 1377 2887 τοῦ
1421 2836 1558 2890 Θεοῦ
1603 2840 1791 2906 σοφίας
1829 2840 1960 2907 ἰλιγ-

367 2926 639 2992 γιῶντας,
697 2927 873 2997 τολμᾷ
934 2944 1020 2988 τις
1078 2927 1258 2994 λέγειν
1313 2929 1511 2982 εἰδέναι
1543 2931 1642 3000 τὴν
1672 2931 1834 2997 φύσιν
1865 2935 1956 2986 τοῦ

361 3017 538 3083 Θει.ῦ;
573 3018 668 3070 τοῦ
708 3018 954 3086 λέγοντος
979 3020 1082 3083 ὅτι,
1125 3020 1201 3073 Τὰ
1251 3021 1446 3089 ἄδηλα
1497 3024 1593 3077 καὶ
1641 3025 1711 3078 τὰ
1738 3030 1958 3094 κρύφια

2065 1489 2197 1544 Item
2229 1499 2475 1542 naturam
2498 1487 2730 1538 divinam
2763 1484 3126 1550 comprehendi
3157 1500 3256 1533 non
3279 1498 3443 1548 posse.
3477 1480 3646 1548 Chry-

2136 1559 2351 1612 sostomi
2387 1575 2449 1609 ex
2481 1558 2632 1616 libro,
2696 1573 2795 1623 quo
2827 1556 3160 1606 continentur
3207 1552 3489 1614 orationes,
3526 1551 3646 1618 qui-

2137 1630 2228 1682 bus
2263 1629 2430 1680 Deum
2489 1628 2970 1692 incomprehensum
3007 1638 3117 1675 esse
3147 1623 3495 1675 demonstrat.

2141 1741 2390 1812 Magnum
2418 1741 2606 1793 vitium
2645 1748 2750 1801 est,
2779 1755 2887 1791 non
2915 1735 3198 1791 continere
3234 1749 3293 1788 se
3329 1736 3467 1788 intra
3528 1732 3645 1787 illos

2069 1832 2354 1893 terminos.
2413 1846 2550 1900 quos
2608 1830 2769 1884 nobis
2819 1827 3152 1898 praescripsit
3221 1827 3386 1891 Dens,
3439 1827 3532 1880 sed
3581 1842 3643 1879 ea

2067 1927 2204 1981 velle
2233 1936 2466 1985 tentare.
2505 1942 2624 1995 qua!
2649 1935 2885 1979 mentem
2918 1933 3161 1978 nostram
3192 1922 3544 1990 exsuperant:
3571 1917 3643 1970 Ita

2065 2017 2156 2085 qui
2195 2017 2406 2086 primus
2439 2015 2702 2070 formatus
2734 2023 2816 2069 est
2869 2015 3050 2078 homo,
3089 2013 3216 2068 dum
3251 2012 3456 2078 majora
3509 2025 3644 2061 cott-

2063 2107 2317 2176 cupiscit,
2347 2117 2402 2162 et
2430 2123 2515 2172 ea,
2549 2123 2670 2176 quae
2712 2107 2946 2160 habebat
2970 2105 3223 2174 perdidit.
3277 2102 3642 2168 Quamobrem

2065 2200 2373 2254 rationibus
2398 2201 2600 2254 nostris
2637 2199 2860 2253 multam
2892 2198 3120 2251 salutem
3151 2197 3402 2250 dicentes
3429 2196 3447 2260 (
3475 2195 3642 2247 ratio—

2067 2306 2166 2345 nes
2195 2287 2367 2352 enim,
2397 2290 2592 2358 inquit,
2627 2290 2915 2364 hominum
2978 2303 3152 2349 vanae,
3205 2296 3260 2339 et
3299 2287 3522 2339 fallaces
3553 2300 3645 2336 eo-

2067 2398 2185 2436 rum
2222 2381 2640 2451 cogitationes),
2676 2395 2746 2435 ne
2776 2380 3007 2435 velimus
3032 2392 3338 2432 mensuram
3370 2375 3645 2429 attribu'ae

2065 2472 2218 2526 nobis
2249 2471 2521 2526 facultatis
2547 2471 2844 2526 transilire.

2715 2581 2988 2650 Ejusdem.
3077 2640 3092 2651 ι

2140 2677 2425 2740 Mirabilis,
2449 2675 2646 2745 inquit,
2669 2679 2810 2745 facta
2835 2686 2908 2729 est
2926 2678 3142 2730 scientia
3171 2685 3260 2728 tua
3283 2690 3344 2726 ea:
3369 2688 3468 2735 me,
3496 2672 3643 2724 exal-

2062 2777 2174 2820 tata
2210 2776 2310 2829 est,
2342 2777 2390 2819 et
2423 2781 2523 2818 non
2557 2775 2736 2832 potero
2767 2767 2838 2818 ad
2868 2782 2985 2817 eam
3018 2766 3030 2795 ¹
3087 2765 3414 2834 pertingere.
3465 2764 3522 2815 In
3549 2778 3644 2830 pe-

2061 2859 2180 2926 lago
2239 2859 2440 2912 divinae
2511 2857 2795 2927 sapientiae
2852 2873 2959 2912 non
3022 2858 3225 2926 reperit
3271 2855 3492 2914 vadum,
3544 2854 3640 2906 sed

2063 2951 2232 3004 ha'ret
2269 2950 2571 3019 Propheta.
2623 2949 2688 3004 Et
2741 2949 2936 3018 aliquis
2979 2951 3141 3004 audet
3191 2951 3374 3002 dicere
3438 2963 3498 3000 se
3547 2947 3638 2998 lloi

2061 3049 2308 3095 naturam
2359 3041 2560 3095 habere
2593 3050 2932 3110 perspectam
3021 3053 3076 3092 et
3122 3041 3440 3110 cognitam!
3492 3038 3636 3090 ldetn

357 3108 477 3176 τῆς
497 3110 720 3177 σοφίας
752 3127 868 3164 σου
895 3111 1207 3177 ἐδήλωσας
1227 3131 1329 3181 μοι
1363 3132 1376 3146 ·
1415 3114 1646 3183 βοῶντος
1706 3120 1786 3171 ὅτι
1839 3119 1948 3190 Τῆς

2056 3134 2203 3195 dicit,
2250 3133 2482 3198 Incerta,
2514 3143 2561 3186 et
2607 3134 2808 3187 occulta
2838 3133 3111 3202 sapientia:
3149 3141 3250 3185 tum
3289 3120 3641 3201 manifestas“

363 3200 637 3263 συνέσεως
700 3202 867 3254 αὐτοῦ
926 3203 1025 3256 οὐκ
1059 3203 1208 3257 ἐστιν
1240 3206 1494 3276 ἀριθμὸς,
1552 3209 1670 3277 ἦτοι
1704 3211 1947 3282 κατάλη-

357 3290 488 3354 ψις,
520 3292 849 3360 θρασύνεταί
878 3312 960 3356 τις
994 3296 1120 3363 περὶ
1146 3297 1247 3365 τῆς
1275 3299 1660 3368 ἀκαταλήπτου
1693 3301 1941 3369 φύσεω;;

359 3381 409 3432 Τ
417 3381 432 3432 ί
476 3381 689 3448 λέγεις;
727 3384 793 3436 ἸΙ
832 3387 992 3452 σοφία
1018 3386 1112 3439 τοῦ
1142 3388 1277 3440 Θεοῦ
1323 3391 1734 3459 άκατάληπτος,
1780 3395 1874 3446 καὶ
1916 3397 1948 3464 ἡ

357 3471 529 3538 φύσις
566 3473 732 3530 αὑτοῦ
755 3477 1114 3546 καταληπτής
1164 3480 1230 3532 Ἦ
1255 3481 1610 3552 μεγαλωσύνη
1649 3482 1813 3536 αὑτοῦ
1851 3485 1950 3537 οὐκ

359 3563 480 3632 ἔχει
513 3566 708 3636 πέρας,
745 3567 839 3618 καὶ
868 3569 965 3637 τὴν
994 3569 1182 3624 οὐσίαν
1210 3571 1376 3624 αὐτοῦ
1407 3575 1799 3644 περιγράφεις;
1833 3577 1951 3628 Μα-

358 3657 455 3708 νία
483 3656 642 3710 τοῦτο
672 3658 873 3728 σαφής.

981 3848 1091 3900 Τοῦ
1122 3849 1330 3903 αὑτοῦ.

452 3932 672 3995 Ἡσαΐας
706 3934 898 4002 λέγων,
939 3937 1058 4005 Τὴν
1085 3943 1298 4006 γενεὰν
1331 3943 1520 3995 αὑτοῦ
1557 3945 1645 4007 τίς
1668 3945 1951 4013 διηγήσε-

356 4039 500 4084 tat;
550 4031 941 4096 παραχωρήσει
983 4046 1065 4082 σοι
1103 4031 1412 4100 διηγεῖσθαι
1469 4035 1566 4102 τὴν
1621 4035 1811 4088 οὐσίαν
1848 4038 1946 4088 αὑο

354 4113 492 4179 τοῦ;
525 4115 634 4166 Καὶ
664 4117 873 4180 Παῦλος
902 4119 980 4182 δὲ,
1009 4121 1040 4172 6
1070 4121 1232 4192 μέχρι
1263 4124 1446 4190 τρίτου
1479 4126 1710 4194 ούρανοῦ
1740 4125 1948 4193 ἀρθεὶς.

356 4205 458 4259 καὶ
497 4209 810 4277 μυστηρίιιιν
840 4211 1139 4279 ὑπερφυῶν
1169 4214 1264 4266 καὶ
1301 4215 1634 4284 ἀπορρήτων
1664 4216 1918 4282 ἀξιωθεὶς
1937 4256 1952 4280 ,

358 4299 540 4366 βραχύ
583 4316 636 4350 τι
682 4303 847 4370 μέρος
890 4304 989 4372 τῆς
1028 4301 1124 4355 τοῦ
1168 4305 1306 4358 Θεοῦ
1350 4307 1608 4375 προνοίας
1655 4308 1950 4372 ἐξετάζων,

357 4388 478 4450 πῶς
517 4393 643 4452 τοὺς
688 4391 787 4459 μὲν
818 4393 1103 4457 Ἰουδαίους
1143 4397 1386 4460 ἐξέϐαλε.
1428 4401 1554 4461 τοὺς
1589 4400 1646 4452 δὲ
1687 4398 1744 4463 ἐξ
1780 4401 1950 4452 ὲθνῶν

355 4481 669 4546 εἰσεδέξατο
690 4523 704 4546 ,
738 4489 834 4536 καὶ
872 4487 1006 4554 πρὸς
1041 4487 1173 4538 αὐτὸ
1204 4488 1263 4540 τὸ
1298 4489 1495 4558 μικρδν
1528 4491 1725 4561 μέρος,
1757 4491 1947 4560 ὥσπερ

361 4573 500 4640 πρὸς
525 4575 723 4641 ἀχανὲς
747 4576 986 4644 πέλαγος
1014 4578 1320 4646 ἰλιγγιάσας
1345 4585 1696 4652 ἀπεπήδησεν
1721 4582 1943 4645 εὐθέως,

360 4667 457 4717 καί
491 4667 626 4733 μετὰ
662 4670 921 4736 μεγίστου
980 4672 1257 4740 θαύματος
1307 4677 1604 4746 ἀνεϐόησεν
1633 4676 1832 4729 εἰπών·
1883 4682 1951 4732 ’Ὤ

359 4757 548 4823 βάθος
568 4763 855 4827 πλούτου,
879 4763 973 4816 καί
993 4767 1236 4832 σοφίας,
1260 4768 1356 4820 καὶ
1374 4771 1649 4836 γνώσεως
1673 4775 1842 4836 Θεου,
1869 4777 1950 4842 ὡς

358 4849 802 4919 ἀνεξερεύνητα
833 4856 901 4905 τὰ
930 4856 1186 4924 κρίματα
1211 4859 1420 4924 αὑτοῦ,
1469 4863 1567 4914 καὶ
1604 4863 1949 4934 ἀνεξιχνία-

357 4957 490 4993 στοι
521 4947 578 4994 αὶ
605 4944 732 4996 ὁδοι
759 4947 966 5000 αὐτοῦ.
1001 4951 1110 5001 Καὶ
1140 4951 1240 5002 οὐκ
1265 4947 1418 5004 εἶπεν
1443 4955 1525 5006 ὅτι
1555 4957 1942 5026 ἀκατάληπτα,

357 5031 469 5086 ἀλλ’
489 5033 516 5085 ὃ
535 5034 714 5104 πολλῴ
740 5037 962 5105 μᾶλλον,
988 5041 1077 5092 άνε
1089 5040 1408 5109 Εερεύνητα,
1426 5047 1517 5098 καὶ
1543 5049 1942 5117 ἀνεξιχνίαστοι.

365 5124 434 5176 Idi
458 5127 558 5192 μὲν
578 5123 672 5179 οὖν
697 5132 941 5198 κρίματα
963 5132 1130 5186 αὐτοῦ
1154 5135 1575 5206 ἀνεξερεύνητα,
1615 5143 1708 5193 καὶ
1731 5143 1786 5192 ai
1829 5143 1941 5195 ὁδοὶ

355 5217 518 5269 αὑτοῦ
557 5219 979 5289 ἀνεξιχνίαστοι,
1018 5227 1110 5279 καὶ
1141 5229 1303 5290 αὐτὸς
1334 5230 1715 5298 καταληπτόςς
1752 5235 1856 5286 Καὶ
1890 5236 1939 5287 τί

355 5309 498 5374 λέγω
525 5329 589 5362 πε
601 5314 651 5380 ρί
683 5315 966 5381 χριμάτων
991 5319 1083 5370 καὶ
1107 5319 1274 5384 ὁδὼνς
1301 5322 1384 5373 Τὰ
1409 5323 1615 5376 ἔπαθλα
1641 5326 1748 5378 τῶν
1774 5327 1946 5395 ἁγίων

355 5399 740 5470 ἀκατάληπτα.
789 5407 855 5458 ’Ἄ
893 5409 1004 5476 γὰρ
1035 5410 1339 5478 ὀφθαλμὸς
1369 5415 1480 5466 οὐκ
1517 5411 1658 5480 εἶδε,
1696 5417 1795 5471 καὶ
1837 5414 1946 5482 οὖς

351 5495 462 5546 οὐκ
496 5494 748 5562 ἤκουσε,
781 5500 876 5552 καὶ
908 5501 1006 5553 ἐπὶ
1031 5505 1284 5572 καρδίαν
1320 5507 1635 5576 ἀνθρώπου
1670 5513 1780 5563 οὐκ
1810 5512 1945 5564 ἀνέ-

351 5587 444 5651 67).
467 5584 504 5638 ά
536 5589 870 5658 ἡτοίμασεν
887 5597 918 5646 ό
939 5595 1083 5660 Θεὸς
1113 5596 1237 5662 τοῖς
1260 5599 1576 5666 ἀγαπῶσιν
1593 5604 1802 5658 αὐτόν.
1831 5605 1941 5658 Καὶ

357 5679 390 5746 ἡ
437 5678 616 5750 δωρεά
650 5684 816 5737 αὑτοῦ
847 5687 1254 5764 ἁνεκδιήγητςις.
1289 5719 1356 5736 ε-
1397 5694 1577 5760 Χιίρις
1607 5697 1736 5766 γὰρ,
1780 5700 1936 5768 φησὶ,

439 5820 454 5850 ³
497 5816 639 5874 Psal.
684 5839 940 5894 cxxsvtn,
973 5830 1024 5884 6.
1106 5830 1294 5889 'Psal.
1345 5850 1392 5898 ι,
1423 5835 1476 5892 8.

1551 5836 1571 5867 ³
1596 5835 1752 5892 ltozn.
1785 5851 1860 5902 st,
1881 5837 1971 5893 55.

2051 3227 2177 3282 mihi
2208 3228 2250 3291 ',
2296 3236 2350 3279 et
2399 3235 2581 3280 tamen
2613 3225 2858 3280 clamat:
2921 3223 3214 3294 Sapientiae
3237 3223 3354 3292 ejus
3403 3239 3508 3275 non
3560 3233 3640 3274 est

2054 3334 2334 3380 numerus,
2367 3333 2465 3372 seu
2498 3317 2942 3386 comprehensio,
2966 3326 3020 3370 et
3051 3333 3157 3369 non
3182 3324 3400 3368 veretur
3417 3315 3635 3384 aliquis.

2051 3412 2119 3466 de
2147 3421 2358 3472 natura,
2411 3426 2533 3479 qua:
2572 3408 2965 3478 comprehendi
3014 3425 3123 3463 non
3173 3417 3374 3477 potest,
3404 3415 3462 3460 ut
3505 3425 3532 3460 a
3581 3426 3639 3458 se.

2054 3507 2306 3566 percepta
2331 3497 2614 3564 disputare
2635 3498 2657 3548 ?
2676 3498 2815 3562 Quid
2847 3498 2966 3551 ais?
2991 3498 3256 3567 sapientia
3293 3498 3494 3566 percipi
3529 3514 3636 3550 non

2053 3599 2254 3660 potest,
2292 3598 2347 3642 et
2373 3598 2569 3642 natura
2605 3589 2752 3643 illius
2797 3589 3340 3658 comprehendetur?
3387 3588 3635 3658 Magniti-

2051 3683 2228 3736 ceatia
2283 3683 2402 3752 ejus
2452 3697 2560 3735 non
2615 3681 2772 3734 habet
2832 3682 3016 3746 tinem,
3071 3690 3126 3734 et
3158 3680 3280 3748 ejus
3340 3679 3636 3735 essentiam

2051 3775 2522 3830 circnmscribes?
2561 3773 2673 3828 lloc
2704 3781 2788 3827 est
2819 3773 3106 3842 perspicua
3141 3773 3372 3827 insania.

2717 3867 2992 3934 Ejusdem.

2127 3960 2312 4023 Isaias,
2345 3961 2742 4014 Generationem
2808 3959 2942 4026 ejus,
2994 3958 3268 4026 ἱιιιμιίιιης,
3323 3959 3438 4027 quis
3474 3975 3637 4010 enar-

2056 4051 2212 4112 rabit,
2268 4050 2532 4104 concedet
2564 4048 2681 4109 tibi,
2713 4057 2771 4100 ut
2828 4048 2974 4101 illius
3015 4050 3316 4101 essentiam
3358 4048 3641 4116 explices?

2057 4141 2278 4203 Paulus,
2313 4141 2404 4208 qui
2433 4140 2499 4192 ad
2540 4140 2758 4194 tertium
2789 4155 2960 4208 usque
3009 4139 3254 4194 sublatus
3287 4149 3371 4193 est
3413 4141 3636 4201 omium,

2055 4244 2110 4285 et
2135 4233 2202 4285 ad
2235 4247 2296 4285 ea
2325 4231 2576 4302 mysteria
2606 4231 2924 4299 spectanda,
2950 4247 3072 4300 quae
3100 4239 3351 4285 naturam
3375 4241 3640 4300 superant

2057 4334 2112 4378 et
2141 4339 2337 4378 arcana
2368 4333 2518 4389 sunt,
2553 4324 2824 4378 admissus
2852 4333 2959 4386 est,
2991 4325 3120 4377 dum
3157 4323 3406 4394 exiguam
3443 4325 3638 4379 divina:

2060 4417 2416 4484 providentiae
2452 4415 2774 4484 particulam
2808 4416 3092 4484 expendit,
3125 4432 3324 4485 nempe
3364 4417 3638 4486 quomodo

2052 4505 2270 4560 Judzees
2325 4505 2609 4582 abiecerit,
2657 4516 3022 4574 externasque
3067 4517 3259 4575 gentes
3308 4508 3635 4576 susceperit,

2056 4605 2314 4665 tanquam
2364 4597 2416 4648 in
2451 4597 2727 4666 profundo
2762 4603 2952 4667 pelago
2985 4598 3411 4666 periclitaretur,
3448 4601 3632 4652 statim

2053 4687 2260 4740 exsiliit
2289 4725 2304 4748 ,
2347 4695 2400 4740 et
2448 4702 2639 4757 magna
2694 4704 2818 4742 cum
2865 4689 3233 4743 admiratione
3284 4691 3638 4743 vehementer

2055 4779 2370 4832 exclamans
2423 4796 2436 4832 :
2477 4778 2521 4832 0
2562 4779 2810 4843 altitudo,
2856 4781 3052 4848 inquit,
3088 4783 3418 4841 divitiarum,
3461 4792 3510 4835 et
3544 4800 3636 4834 sa-

2055 4871 2294 4938 pientia',
2348 4879 2399 4924 et
2452 4872 2688 4924 scientia:
2739 4872 2854 4935 Dei,
2888 4889 3049 4940 quam
3096 4875 3476 4926 mscrutabilia.
3514 4886 3637 4926 sunt

2039 4962 2245 5027 judicia
2281 4962 2415 5029 ejus,
2465 4973 2512 5014 et
2564 4961 3058 5032 impervestigabiles
3099 4965 3197 5017 via:
3223 4964 3456 5018 illim"!
3517 4966 3635 5018 Non

2049 5055 2188 5106 dixit
2217 5070 2380 5122 quam
2415 5054 3018 5124 incomprehensibilia,
3047 5057 3144 5110 sed
3174 5072 3335 5125 quam
3357 5057 3633 5112 inserata-

2052 5145 2180 5198 bilia
2242 5146 2467 5216 judicia,
2543 5155 2595 5199 et
2667 5163 2832 5214 quam
2911 5148 3441 5219 impervestigabiles
3511 5151 3629 5204 vize.

2055 5238 2223 5291 Deum
2267 5254 2415 5308 ergo,
2457 5236 2852 5307 cujusjudicla
2890 5242 3127 5295 scrutari
3179 5251 3233 5296 et
3266 5242 3634 5310 pervestigare

2056 5347 2164 5384 non
2231 5348 2545 5400 possumus,
2581 5333 3155 5401 comprehendemus?
3224 5335 3365 5398 Quid
3434 5343 3619 5384 autem

2055 5423 2258 5492 judicia
2283 5433 2339 5475 et
2369 5422 2481 5478 vias
2515 5423 2658 5488 dico,
2709 5439 2832 5476 cum
2881 5426 3101 5493 pra-mia
3135 5434 3450 5478 sanctorum
3480 5438 3624 5476 com-

2058 5515 2325 5585 prehendi
2360 5517 2676 5584 nequeant?
2705 5515 2922 5579 Oculus,
2970 5517 3172 5584 inquit,
3203 5531 3305 5567 uon.
3345 5515 3493 5577 vidit,
3542 5532 3633 5568 nec

2055 5609 2202 5662 auris
2233 5609 2457 5672 audivit,
2506 5627 2596 5662 nec
2635 5611 2689 5661 in
2721 5626 2810 5662 cor
2841 5609 3067 5662 hominis
3095 5606 3465 5672 ascenderunt,
3514 5625 3632 5676 qua:

2041 5705 2365 5768 prwparavit
2393 5702 2528 5755 Deus
2562 5703 2902 5772 diligentibus
2934 5718 3052 5755 cum
3082 5701 3119 5756 ⁸.
3142 5700 3327 5768 Quid?
3353 5701 3500 5772 quod
3531 5701 3628 5755 do-

2079 5839 2100 5870 ‘
2127 5839 2147 5894 ἶ
2175 5841 2302 5895 Cor.
2357 5854 2416 5906 u,
2452 5838 2506 5896 9.
