4120 6292
513 362 614 421 179
1738 354 2121 414 EUTUYMII
2161 353 2522 411 ZIGABENI
3675 334 3776 399 180

505 489 638 529 num
672 474 791 543 ejus
818 474 997 527 verbis
1028 472 1286 542 explicari
1323 487 1430 525 non
1454 470 1674 541 potest?
1702 469 1890 524 Gratia
1915 469 2076 531 enim,

2197 465 2262 532 [ᾧ
2297 465 2419 531 Θεῷ
2448 465 2547 519 ἐπὶ
2582 462 2655 531 τῇ
2683 458 3091 527 ἀνεκδιηγήτῳ
3124 450 3315 522 δωρεᾷ
3356 448 3567 504 αὐτοῦ.
3588 449 3705 543 ,Καὶ

508 542 711 634 inquit,
738 564 844 617 Deo
875 580 967 632 pro
997 564 1249 633 ineﬂ’abili
1274 563 1409 615 dono
1460 562 1596 629 ejus.
1636 558 1751 611 I’aa:
1780 560 1895 628 ejus
1929 576 2086 623 supe-

2197 559 2405 628 εὶρήνη
2440 556 2626 611 αὐτοῦ
2650 554 2928 622 ὑπερέχει
2948 551 3142 604 πάντα
3163 547 3334 611 γοῦν,
3363 545 3459 597 καὶ
3481 542 3643 605 αὐτὸς
3677 542 3773 634 μό-

510 660 814 705 ratomnem
845 668 1050 706 sensum
1078 653 1117 715 ¹,
1140 663 1193 705 ct
1224 653 1337 719 ipse
1368 651 1515 705 solus
1548 649 2090 718 comprehendetur?

2197 669 2284 715 νος
2306 648 2686 716 καταληπτός;
2712 647 2822 701 Καὶ
2849 641 3083 712 ἀλλαχοῦ
3108 640 3256 709 λέγει
3282 637 3513 699 Παῦλος,
3547 636 3650 687 Ἐκ
3670 632 3773 702 μέ-

515 743 581 795 Et
611 743 736 796 alibi
765 742 962 795 Paulus
995 758 1009 793 :
1042 741 1125 794 Ea:
1160 749 1332 809 parte,
1369 740 1566 809 inquit,
1612 740 1994 810 cognoscimus,
2036 748 2090 793 tu

2197 759 2337 809 ρους
2367 741 2761 811 γινώσκομεν,
2795 738 2887 791 καὶ
2911 736 2974 789 σὺ
2997 735 3174 803 λέγεις
3193 729 3422 792 ἐντελῶς
3444 727 3770 797 γινώσκεινς

445 835 448 838 ’
507 841 689 885 autem
706 832 962 895 ailirmas,
986 841 1034 884 te
1051 830 1291 900 perfecte
1315 832 1672 899 cognoscere?
1694 832 2014 899 Quanquam
2039 840 2093 885 et

506 922 596 977 ille
617 923 825 976 dixitex
848 931 1021 990 parte,
1046 937 1153 974 non
1186 922 1333 992 quod
1366 932 1573 976 naturae
1592 923 1789 977 divina:
1818 921 1961 977 aliud
1982 922 2094 990 qui-

505 1014 626 1068 dem
659 1022 941 1076 nosceret,
973 1012 1115 1068 aliud
1148 1015 1456 1084 ignoraret;
1499 1014 1596 1068 sed
1635 1030 1700 1068 ex
1731 1024 1884 1084 parte
1920 1014 2090 1081 novit,

504 1102 758 1172 quoniam
784 1104 990 1158 sciebat
1006 1120 1124 1158 esse
1141 1105 1328 1170 Deum,
1351 1105 1480 1174 quid
1501 1114 1683 1160 autem
1701 1114 1867 1172 esset,
1885 1106 2094 1177 ignora-

505 1185 619 1242 bat.
641 1186 857 1244 Sciebat
874 1188 1043 1244 Deum
1064 1191 1248 1244 omnia
1269 1206 1603 1261 procreasse,
1629 1194 1928 1264 sapientem
1949 1208 2090 1260 esse,

507 1277 644 1332 nihil
675 1274 788 1333 non
818 1296 998 1350 posse,
1024 1282 1208 1335 omnia
1240 1282 1547 1348 continere,
1596 1292 1832 1353 quantus
1881 1295 2088 1342 autem.

507 1379 602 1423 aut
641 1372 916 1439 quomodo
948 1382 1113 1437 esset,
1146 1374 1450 1428 nesciebat.

1180 1487 1457 1557 Ejusdem.

579 1598 765 1668 Angeli
792 1600 1165 1653 tantummodo
1195 1599 1507 1653 collaudant
1547 1601 1748 1663 Deum,
1785 1600 1872 1654 alii
1910 1600 2091 1656 dicen-

509 1697 633 1742 tes:
670 1688 854 1741 Gloria
900 1692 953 1742 in
990 1690 1203 1744 excelsis
1249 1690 1396 1755 Deo;
1429 1691 1520 1745 alii
1574 1691 1864 1745 Benedicta
1915 1692 2089 1762 gloria

2207 834 2302 887 Ἐκ
2339 834 2538 903 μέρους
2570 832 2627 885 δὲ
2662 827 2850 894 εἶπεν,
2885 829 2982 899 οὐχ
3014 829 3095 881 ὅτι
3125 828 3185 879 τὸ
3223 826 3319 894 μὲν
3352 821 3453 893 τῆς
3487 819 3636 881 θείας
3671 815 3777 886 φύ-

2196 944 2333 988 σεως
2375 923 2513 992 οἶδε,
2558 927 2620 978 τὸ
2666 925 2722 977 δὲ
2763 922 3065 994 ἠγνόησεν,
3110 917 3225 971 ἀλλ’
3252 917 3333 968 ὅτι
3383 910 3617 983 μερικὴν
3660 907 3774 978 ἔχει

2195 1017 2419 1087 γνῶσιν,
2446 1018 2542 1071 καὶ
2570 1017 2652 1070 ὅτι
2685 1015 2784 1084 μὲν
2814 1014 2929 1067 ἔστι
2960 1012 3113 1075 Θεὸς,
3141 1003 3277 1073 οἶδε,
3303 1007 3355 1059 τί
3384 1006 3440 1058 δέ
3470 1005 3588 1055 ἐστι
3618 1001 3775 1062 Θεὸς,

2194 1110 2399 1179 ἀγνοεῖ.
2425 1110 2535 1162 Καὶ
2563 1109 2645 1161 ὅτι
2680 1107 2778 1177 μὲν
2805 1107 2922 1158 ἔστι
2952 1101 3307 1174 δημιουργὸς,
3340 1097 3435 1151 καὶ
3465 1092 3651 1164 σοφὸς,
3680 1090 3776 1143 καὶ

2195 1200 2629 1271 παντοδύναμος,
2659 1202 2755 1252 καὶ
2785 1196 3041 1267 συνοχεὺς
3068 1195 3305 1255 πάντων,
3334 1190 3430 1243 καὶ
3453 1188 3521 1241 τὰ
3548 1183 3778 1239 τοιαῦτα

2194 1293 2475 1362 γινώσκει,
2504 1292 2566 1346 τὸ
2591 1291 2648 1344 δὲ
2670 1290 2870 1367 πόσον,
2902 1288 2998 1342 καὶ
3028 1286 3145 1349 πῶς
3170 1284 3271 1337 οὐκ
3302 1280 3463 1336 οἶδεν.

2799 1492 2911 1545 Τοῦ
2944 1487 3152 1544 αὐτοῦ.

2264 1611 2328 1664 Ol
2388 1608 2612 1679 ἄγγελοι
2659 1604 2945 1673 δοξάζουσι
2993 1601 3153 1673 μόνον
3185 1640 3200 1666 ,
3242 1599 3293 1651 οἱ
3343 1595 3481 1667 μὲν,
3524 1590 3769 1656 Δόεαὲγ

2194 1703 2476 1772 ὑψίστοις
2504 1700 2644 1765 Θεῷ,
2669 1700 2940 1768 λέγοντες,
2963 1697 3013 1748 οἱ
3034 1694 3112 1759 δὲ,
3131 1687 3522 1760 Εὐλογημένη
3551 1686 3590 1753 ἠ
3620 1682 3772 1747 δόξα

508 1778 623 1846 ejus
648 1795 712 1832 ex
760 1780 869 1833 loco
911 1791 1095 1834 sancto
1124 1781 1237 1850 ejus
1259 1782 1301 1845 ’,
1355 1783 1458 1836 hoc
1515 1792 1618 1846 cst,
1654 1782 1967 1852 ubicunque
2000 1783 2090 1837 ille

2197 1793 2379 1851 αὑτοῦ
2417 1795 2485 1847 ἐκ
2545 1792 2652 1846 τοῦ
2698 1791 2886 1844 τόπου
2939 1786 3149 1849 αὺτοῦ,
3190 1781 3473 1836 τουτέστιν
3522 1778 3769 1844 ὅπουπερ

512 1879 619 1924 est.
648 1870 837 1940 Neque
877 1871 1024 1926 enim
1056 1872 1110 1926 in
1159 1872 1278 1925 loco
1334 1873 1500 1938 Deus,
1559 1873 1650 1941 qui
1703 1872 2085 1927 circumscribi

518 1977 625 2015 non
664 1973 863 2031 potest,
906 1964 1032 2031 Alii,
1060 1962 1320 2031 Sanctus,
1347 1974 1585 2029 sanctus,
1626 1975 1862 2024 sanctus.
1903 1964 2083 2017 Domi-

513 2070 609 2107 nus
648 2053 882 2109 Sabaoth
912 2058 951 2109 ³.
1018 2055 1280 2111 Homines
1313 2066 1496 2111 autem
1522 2066 1772 2110 naturam
1801 2056 1944 2111 illius
1992 2056 2087 2111 de-

515 2146 733 2212 ﬁniunt,
757 2156 811 2200 et
854 2149 1334 2204 circumscribunt.
1367 2148 1615 2215 Quantus
1664 2147 1979 2203 coelestibus
2016 2146 2087 2203 ti-

515 2251 637 2287 mur
667 2246 720 2289 et
766 2237 1106 2291 reverentia?
1157 2239 1406 2303 Quantus
1442 2239 1795 2294 terrestribus
1841 2248 2091 2293 contem-

514 2335 661 2395 plus,
690 2337 745 2382 et
780 2330 1155 2384 confidentia?
1207 2330 1292 2384 Illi
1341 2341 1507 2387 caute
1565 2331 1888 2401 loquuntur,
1924 2330 2092 2385 auda-

515 2429 632 2472 cter
656 2419 710 2471 hi
735 2431 859 2473 sunt
882 2421 1102 2475 curiosi.

1042 2600 1050 2607 .
1170 2534 1437 2602 Jusdem.

582 2625 674 2680 Ait
702 2642 921 2680 rursum
952 2624 1118 2680 Isaias
1179 2644 1192 2680 :
1252 2626 1365 2680 Vidi
1400 2628 1685 2681 Dominum
1737 2630 1997 2682 sedentem
2033 2644 2088 2680 ιιι

511 2719 643 2773 solio
674 2720 785 2772 alto
822 2729 973 2787 atque
1002 2717 1203 2771 excelso
1241 2721 1285 2781 ⁵,
1340 2719 1431 2772 tali
1490 2719 1774 2777 nimirum.
1818 2730 1878 2774 ut
1928 2735 2088 2773 enar-

514 2812 625 2866 rari
676 2826 786 2865 non
830 2810 1021 2880 possit.
1058 2810 1151 2863 Dei
1200 2809 1396 2863 solium
1428 2810 1663 2863 humana
1696 2820 1878 2863 mente
1918 2810 2090 2864 subli-

516 2906 663 2959 mius
687 2916 793 2967 est,
837 2912 892 2958 et
918 2902 1421 2972 comprehendetur
1444 2902 1563 2971 ipse
1595 2901 1775 2955 Deus?
1828 2901 1895 2954 Et
1926 2899 2087 2955 Sera-

513 3000 640 3066 phin
668 2996 881 3049 stabant
922 2997 976 3050 in
1006 2997 1228 3049 circuitu
1255 2997 1389 3065 eius.
1454 2995 1551 3051 Uni
1592 3004 1743 3048 erant
1771 3010 1862 3047 sex
1891 2994 2010 3059 alw,
2041 3003 2089 3048 et

514 3092 618 3143 alit:
646 3106 736 3143 sca:
768 3090 944 3149 alteri,
976 3091 1084 3143 bini
1137 3090 1237 3143 alis
1265 3089 1505 3160 tegebant
1552 3090 1714 3160 facies
1745 3104 1896 3151 suos,
1935 3098 1983 3141 et
2010 3088 2087 3141 bi-

514 3186 596 3235 uis
626 3185 779 3252 pedes
810 3184 853 3235 5‘.
912 3182 1181 3251 Seraphin
1218 3158 1474 3237 avertunt
1503 3158 1623 3247 ora,
1677 3192 1732 3235 et
1762 3197 1859 3251 pro
1890 3179 2090 3249 duplici

2197 3178 2302 3215 τεν
2335 3161 2407 3214 τὰ
2423 3161 2711 3227 πρόσωπα
2728 3158 2948 3219 αὐτῶν,

515 3292 673 3330 muro
704 3275 1051 3343 put-tendunt
1099 3276 1233 3339 alas,
1268 3275 1412 3344 quod
1442 3275 1786 3344 splendorem
1820 3289 1887 3327 ex
1919 3271 2089 3343 gloria

516 3359 635 3413 solii
670 3361 902 3413 terribili
936 3362 1145 3414 ratione
1182 3361 1500 3429 fulgentem,
1540 3362 1787 3428 perferre
1838 3376 1947 3414 non
2001 3376 2093 3414 va-

516 3449 679 3502 leant.
713 3448 780 3502 Et
808 3466 919 3517 prae
950 3461 1172 3519 stupore
1202 3453 1465 3517 obtcgunt
1492 3453 1678 3520 pedes.
1733 3450 2010 3519 Siquidem
2037 3459 2092 3505 et

516 3558 618 3597 nos
644 3558 768 3597 cum
796 3545 1030 3597 maxima
1063 3544 1426 3598 admiratione
1475 3542 1655 3597 allecti
1708 3560 1921 3603 sumus.
1961 3559 2080 3597 cor-

517 3651 623 3704 pus
698 3636 940 3707 undique
995 3638 1321 3692 contrahere
1395 3639 1800 3692 consuevimus.
1877 3638 2091 3714 Corpus

519 3729 740 3782 autem?
766 3726 876 3783 imo
904 3744 1034 3783 vero
1057 3730 1273 3783 animus
1304 3729 1418 3799 ipse
1448 3743 1513 3782 ex
1540 3743 1754 3783 summo
1789 3730 1863 3782 rei
1900 3730 2092 3800 cujus-

518 3822 662 3890 piam
695 3821 1031 3876 admirandae
1059 3824 1251 3876 obtutu
1281 3822 1583 3876 contractis
1620 3822 1932 3876 actionibus
1978 3823 2092 3877 suis

518 3912 586 3964 ad
630 3912 820 3967 intima
870 3911 1085 3983 refugit,
1136 3927 1306 3982 seque
1358 3913 1603 3982 corporis
1650 3913 1815 3968 veluti
1888 3928 2090 3984 propu—

518 4004 751 4074 gnat-nlo
774 4004 1011 4074 undique
1038 4005 1441 4059 circummunit.
1464 4006 1858 4070 Quaternarum
1883 4007 2089 4059 alarum

520 4112 676 4150 usum
712 4094 1055 4159 intellexisti,
1079 4096 1414 4165 reliquarum
1445 4111 1591 4152 nunc
1611 4112 1769 4151 usqu
1806 4096 2048 4166 intellige
2074 4112 2089 4151 :

519 4189 582 4241 Et
613 4188 766 4250 binis,
795 4186 990 4254 inquit,
1025 4187 1296 4242 volabant.
1354 4187 1615 4240 Indicium
1648 4188 1752 4241 hoc
1810 4198 1918 4252 est,
1953 4203 2088 4256 per-

522 4288 700 4345 petua:
777 4293 960 4331 rerum
1017 4277 1333 4331 sublimium
1396 4276 1753 4346 cupiditatis,
1838 4277 2091 4347 quodque

520 4372 777 4423 deorsum
810 4384 1089 4437 nunquam
1139 4368 1425 4437 aspiciant.
1476 4368 1609 4423 Nam
1660 4370 1759 4423 ala:
1788 4369 2095 4440 signiﬁcant

520 4460 780 4531 angelicae
854 4468 1063 4513 natura:
1113 4460 1393 4515 levitatem
1456 4468 1509 4514 et
1556 4460 1915 4516 celeritatem.
1969 4461 2088 4516 Alia

2189 1887 2253 1941 ἄν
2283 1888 2449 1940 ἐστιν.
2483 1883 2617 1938 Οὐδὲ
2656 1882 2765 1952 γὰρ
2796 1882 2960 1942 τόπος
2992 1878 3120 1948 περὶ
3150 1875 3284 1929 Θεοῦ
3308 1892 3323 1907 ο
3352 1871 3769 1941 ἁπερίγραπτον

2188 1978 2297 2047 γὰρ
2323 1976 2383 2029 τὸ
2414 1974 2603 2028 Θεῐον·
2634 1974 2683 2026 οἱ
2712 1972 2800 2037 δὲ,
2828 1989 2847 2022 ι
2879 1972 3097 2039 Ἄγιος,
3132 1969 3317 2035 ἅγιος,
3351 1964 3538 2033 ἅγιος,
3568 1962 3772 2033 Κύριος

2192 2064 2480 2121 Σαῦϐαὼθ.
2512 2085 2532 2119 ι
2560 2067 2620 2120 υἱ
2637 2065 2695 2118 δὲ
2713 2064 2808 2118 ἄνθ
2819 2079 2990 2132 ρωποι
3013 2054 3648 2131 περιεργάζονταιαύτοῦ
3668 2052 3769 2124 τὴν

2191 2159 2375 2229 φύσιν.
2404 2160 2577 2221 Πόσος
2608 2157 2720 2211 ἄνω
2749 2155 2936 2225 φόϐος,
2966 2153 3109 2222 πόση
3140 2153 3293 2206 κάτω
3324 2147 3770 2218 καταφρόνησιςς

2203 2253 2430 2306 Ἐκεῖνοι
2467 2250 2714 2313 εὐλαϐῶς
2752 2247 3096 2319 εὐφημοῦσιν
3117 2285 3131 2309 ,
3168 2239 3316 2297 οὗτοι
3350 2240 3641 2312 τολμηρῶς
3675 2256 3772 2292 πο·-

2189 2345 2692 2416 λυπρσγμονοῦσιν.

2807 2520 2918 2578 Τοῦ
2948 2519 3157 2574 αὑτοῦ.

2260 2615 2398 2685 Φησὶ
2419 2611 2812 2673 πάλινἮσαῖας
2833 2624 2848 2642 ⁸
2874 2605 3051 2665 Εἶδον
3066 2606 3172 2660 τὸν
3185 2604 3408 2672 Κύριον
3430 2601 3775 2671 καθήμενον

2189 2706 2285 2760 ἐπὶ
2314 2708 2528 2774 θρόνου
2555 2703 2801 2773 ὑψηλού
2821 2701 2917 2754 καί
2940 2695 3296 2766 ἐπηρμένου,
3327 2693 3607 2749 τουτέστιν
3638 2694 3772 2745 ἀκα-

2190 2794 2489 2866 ταλήπτου.
2530 2793 2587 2846 '0
2632 2791 2819 2860 θρόνος
2870 2787 3200 2858 ὑψηλότερος
3248 2783 3593 2854 ἀνθρωπίνου
3638 2781 3769 2849 νοῦ,

2191 2889 2286 2941 καὶ
2319 2890 2346 2939 ό
2381 2886 2474 2938 ἐπὶ
2506 2884 2600 2937 τοῦ
2637 2884 2829 2954 θρόνον
2867 2880 3251 2950 κιταληπτός;
3277 2877 3386 2931 Kal
3409 2875 3482 2928 τὰ
3508 2873 3770 2944 Σεραςεὶμ

2188 2977 2575 3047 εἱστήκεισαν
2595 2977 2797 3038 κύκλῳ
2811 2972 3018 3039 αὐτοῦ,
3046 2971 3115 3035 ἐξ
3133 2970 3421 3037 πτέρυγες
3440 2968 3520 3033 τῷ
3535 2966 3624 3020 ἐνί
3638 3007 3653 3031 ,
3671 2962 3768 3021 καὶ

2192 3069 2261 3135 ἐξ
2285 3069 2577 3138 πτέρυγες
2596 3069 2676 3132 τῷ
2694 3066 2787 3119 ἐνί
2809 3082 2823 3098 ·
2848 3063 2946 3118 καὶ
2962 3062 3091 3128 ταῖς
3104 3062 3216 3131 μὲν
3228 3059 3372 3114 δυσὶ
3394 3056 3772 3112 κατεκάλυπ-

2982 3153 3114 3219 ταῖς
3138 3151 3206 3204 δὲ
3225 3150 3365 3204 δυσὶ
3386 3148 3525 3214 τοὺς
3562 3147 3775 3212 πόδας.

2201 3251 2243 3303 Τ
2254 3252 2281 3303 ἂι
2296 3251 2359 3302 Σε
2370 3250 2500 3319 pact
2508 3267 2545 3318 μ
2562 3246 2996 3318 ἀποστρέφονται
3012 3246 3108 3307 τὰς
3143 3242 3262 3312 όψει
3272 3259 3315 3307 ς,
3333 3239 3428 3294 καὶ
3446 3238 3774 3309 προϐάλλον·

2199 3358 2289 3394 ται
2305 3340 2400 3403 τὰς
2415 3339 2689 3410 πτέρυγας
2703 3337 2825 3390 ἀντὶ
2842 3334 3278 3404 διπλοῦιτείχους,
3295 3331 3382 3385 διὰ
3408 3331 3468 3383 τὸ
3485 3330 3560 3401 μὴ
3590 3329 3779 3399 φέρειν

2200 3435 2298 3501 τὴν
2337 3435 2400 3486 ὲκ
2439 3432 2534 3502 τῆς
2576 3431 2733 3500 δόξης
2773 3428 2867 3482 τοῦ
2916 3429 3104 3499 θρόνου
3153 3425 3402 3496 φοϐερῶς
3446 3423 3778 3492 ἐκπηδῶσιν

2201 3529 2487 3597 ἀστραπὴν
2507 3568 2520 3592 ,
2556 3528 2650 3578 καὶ
2680 3528 2807 3587 τοὺς
2839 3523 3004 3585 πόδας
3040 3519 3528 3574 κατακαλύπτουσι
3560 3516 3649 3569 διὰ
3678 3516 3778 3586 τὴν

2201 3620 2481 3690 ἔκπληξιν.
2527 3618 2814 3687 Εἰώθαμεν
2852 3619 2959 3688 γὰρ
3001 3615 3095 3668 καὶ
3136 3615 3322 3684 ἡμεῖς,
3360 3613 3489 3666 ὅταν
3530 3612 3775 3681 μεγίστῳ

2201 3713 2402 3783 θάμϐει
2454 3709 2923 3780 κατασχεοῶμεν,
2973 3706 3238 3761 πάντοθεν
3285 3703 3669 3775 περιστέλλειν
3716 3704 3776 3756 τὸ

2203 3806 2381 3875 σῶμα.
2430 3805 2540 3856 Καὶ
2580 3804 2632 3856 τί
2680 3803 2825 3869 λέγω
2867 3802 2927 3854 τὺ
2978 3799 3162 3870 σῶμα,
3207 3800 3341 3851 ὅπου
3386 3814 3450 3865 γε
3497 3797 3593 3851 καὶ
3638 3794 3777 3866 αὑτὴ

2200 3900 2233 3968 ή
2273 3896 2440 3967 ψυχὴ,
2475 3895 2635 3948 τοῦτο
2668 3894 2934 3955 παθοῦσα,
2970 3892 3079 3945 ἀπὸ
3109 3890 3208 3961 τῆς
3243 3889 3418 3961 ἄκρας
3453 3888 3777 3957 ἐπιφανείας

2198 3990 2299 4050 τὰς
2333 3986 2608 4058 ἐνεργείας
2641 3984 2811 4053 αὐτῆς
2850 3984 3183 4035 συνέλκουσα
3218 3982 3357 4052 πρὸς
3383 3980 3444 4034 τὸ
3482 3978 3647 4049 βάθος
3678 3996 3776 4031 κα-

2199 4079 2483 4149 ταφεύγει,
2514 4077 2764 4147 καθάπερ
2791 4077 2896 4128 τινὶ
2922 4074 3254 4145 περιϐολαίῳ
3285 4072 3618 4142 πανταχόθεν
3646 4073 3775 4125 ἑαυ-

2200 4170 2300 4240 τὴν
2337 4169 2416 4239 τῷ
2456 4169 2670 4237 σώματι
2719 4163 3175 4234 περιστέλλουσας
3202 4163 3412 4229 Ἔγνως
3450 4162 3549 4231 τὴν
3586 4159 3776 4230 χρείαν

2200 4261 2307 4312 τῶν
2330 4258 2610 4327 τεσσάρων
2635 4256 2921 4327 πτερύγων
2944 4273 2959 4287 ·
3006 4255 3175 4323 γνῶθι
3204 4254 3299 4307 καὶ
3344 4254 3441 4325 τὴν
3483 4253 3591 4306 τῶν
3642 4253 3777 4306 uno.

2200 4351 2421 4403 λοίπων.
2468 4348 2601 4414 Ταῖς
2647 4348 2714 4400 δὲ
2748 4349 2912 4412 δυσὶ,
2960 4348 3159 4416 φησιν,
3203 4346 3511 4398 ἐπέταντο.
3541 4344 3779 4414 Σημεῖον

2200 4445 2358 4499 τοῦτο
2382 4443 2477 4497 τοῦ
2501 4442 2610 4496 τῶν
2638 4441 2857 4510 ὑψηλῶν
2873 4437 3121 4507 ἐφίεσθαι
3137 4438 3223 4491 διὰ
3246 4435 3468 4499 παντὸς,
3492 4434 3588 4488 καὶ
3613 4434 3779 4507 μηδέ-

522 4527 653 4607 izein
680 4553 818 4608 r‘atio
858 4560 1037 4622 potest
1063 4550 1267 4607 atIerri.
1297 4552 1447 4605 Binis
1471 4553 1570 4606 alis
1601 4552 1788 4617 facies,
1824 4559 1881 4607 et
1932 4552 2081 4608 binis

2201 4555 2331 4591 ποτε
2362 4538 2512 4591 κάτω
2542 4534 2781 4605 βλέπειν.
2811 4532 2892 4584 Τὰ
2921 4530 3030 4600 γὰρ
3063 4547 3161 4583 πτε
3174 4530 3239 4599 ρὰ
3263 4528 3323 4581 τὸ
3358 4527 3652 4599 μετάρσιον
3678 4529 3777 4582 καὶ

518 4645 619 4697 alis
678 4644 846 4713 pedes
897 4643 1162 4713 obteguut
1214 4658 1364 4708 suos,
1400 4652 1460 4696 ut
1490 4643 1784 4697 ostendant
1834 4641 1931 4696 Dei
1988 4658 2091 4697 nec

522 4735 850 4805 principium
910 4750 1013 4791 nec
1082 4736 1267 4799 linem,
1316 4734 1552 4805 perspici
1628 4734 2093 4804 comprehendive

523 4842 706 4896 posse.
739 4826 930 4881 Mediis
984 4836 1165 4881 autem
1198 4827 1402 4889 volant,
1441 4836 1498 4878 ut
1527 4825 1758 4879 doceant
1798 4826 1865 4879 de
1900 4825 2094 4882 mediis

522 4932 686 4986 posse
716 4918 879 4973 rebus
908 4917 1104 4973 divinis
1136 4918 1374 4973 rationes
1400 4917 1648 4988 intelligi,
1694 4931 1887 4987 nempe
1924 4918 2091 4972 Deum

524 5021 579 5063 et
626 5024 769 5071 esse,
822 5017 877 5061 ct
923 5024 1043 5063 esse
1089 5010 1415 5079 sapientem,
1460 5018 1515 5062 ct
1543 5010 1996 5078 omnipotentem,
2042 5018 2098 5064 et

524 5105 719 5157 horum
743 5103 976 5156 similia:
1009 5103 1074 5156 Et
1103 5103 1363 5156 clamabat
1398 5103 1532 5156 alter
1563 5104 1631 5157 ad
1662 5104 1925 5156 alterunt:
1958 5103 2099 5157 San-

527 5208 661 5253 ctus.
713 5205 951 5254 sanctus.
1004 5205 1237 5257 sanctus,
1296 5194 1555 5249 Dominus
1626 5196 1880 5250 Sabaoth.
1940 5194 2095 5260 Quod

664 5288 1048 5341 admirationis
1094 5302 1156 5341 ac
1190 5287 1431 5356 stuporis
1494 5288 1729 5357 signum,
1791 5287 2093 5355 przcsertim

526 5398 650 5437 cum
686 5397 794 5435 non
832 5388 1121 5434 cernerent
1163 5380 1361 5444 lucem,
1398 5395 1501 5434 nec
1531 5380 1771 5434 divinam
1798 5388 2046 5433 naturam
2076 5395 2090 5432 :

528 5473 896 5542 spectaculum
945 5472 1093 5527 enim
1156 5472 1286 5527 illud
1340 5482 1459 5526 erat
1508 5472 1768 5526 demissio
1823 5471 2092 5539 qtnedam.

527 5564 642 5618 Nec
674 5575 856 5618 tamen
897 5563 1249 5618 demissionis
1279 5562 1504 5632 gloriam
1556 5562 1797 5632 perferre
1818 5570 2096 5632 poterant.

530 5654 803 5709 Demissio
832 5670 1065 5724 namque
1124 5664 1229 5720 est,
1266 5669 1390 5709 cum
1448 5653 1593 5709 Deus
1643 5669 1723 5720 se,
1767 5669 1875 5708 non
1912 5662 1972 5708 ut
2014 5662 2099 5708 est

624 5814 641 5845 ⁸
678 5812 720 5867 ll
755 5811 879 5866 Cor.
937 5828 1016 5879 ix,
1048 5814 1147 5882 ib;
1203 5814 1397 5884 Philip.
1439 5830 1513 5882 tv,
1543 5815 1600 5867 7.

1698 5814 1719 5847 ⁸
1755 5812 1951 5869 Ezech.
1998 5825 2075 5879 Ill,
2118 5810 2202 5864 t2.

2194 4630 2329 4699 ταχῦ
2360 4628 2459 4696 τῆς
2489 4625 2786 4695 ἀγγελικῆς
2818 4622 3116 4676 αἰνίττεται
3146 4623 3380 4691 φύσεως.
3410 4622 3567 4674 Ἔστι
3594 4620 3650 4674 δὲ
3679 4621 3777 4675 καὶ

2196 4722 2355 4780 ἄλλος
2384 4719 2539 4787 λόγος
2566 4759 2582 4783 ,
2613 4719 2695 4770 ὅτι
2727 4717 2847 4778 ταῖς
2879 4713 2979 4783 μὲν
3009 4713 3128 4767 δυσὶ
3160 4712 3649 4766 κατακαλύπτοντα
3674 4713 3775 4781 τὴν

2195 4811 2442 4880 κεφαλὴν
2463 4852 2477 4876 ,
2512 4810 2635 4872 ταῖς
2667 4809 2724 4860 δὲ
2755 4808 2878 4861 δνσὶ
2911 4806 3038 4869 τοὺς
3076 4806 3243 4868 πόδας
3275 4804 3496 4874 ἐδήλουν
3516 4844 3530 4865 ,
3566 4804 3649 4859 ὅτι
3681 4802 3774 4857 τοῦ

2195 4905 2330 4959 Θεοῦ
2362 4906 2395 4973 ἡ
2426 4902 2605 4972 ἁρχὴ,
2636 4902 2733 4953 καὶ
2761 4899 2821 4952 τὸ
2848 4899 3000 4961 τέλος
3031 4899 3260 4967 ἀόρατον
3290 4898 3386 4952 καὶ
3415 4896 3775 4968 ἀνεξερεύνη-

2196 5013 2310 5050 τον.
2345 4995 2642 5048 Ἐπὲταντο
2670 4992 2728 5044 δὲ
2759 4991 2881 5054 ταῖς
2914 4991 3132 5060 μέσαις,
3161 4988 3480 5042 διδάσκοντα
3512 4989 3639 5060 περὶ
3669 4989 3779 5043 τῶν

2199 5090 2382 5160 μέσων
2412 5085 2701 5152 θεολογείν.
2737 5078 2862 5135 υἶον
2891 5082 2973 5134 ὅτι
3006 5080 3160 5142 Θεὸς,
3191 5080 3273 5133 ὅτι
3308 5079 3493 5148 σοφὸς,
3526 5080 3611 5132 ὅτι
3641 5097 3778 5133 παν-

2193 5181 2510 5249 τοὸύναμος,
2555 5176 2652 5229 καὶ
2689 5176 2758 5228 τὰ
2794 5172 3043 5237 τοιαῦτα,
3089 5171 3196 5224 Kal
3226 5172 3551 5241 ἐνέκρογον
3579 5172 3783 5239 ἕτερος

2194 5273 2343 5341 πρὸς
2356 5272 2461 5326 τόν
2481 5270 2685 5336 ἕτερον
2704 5283 2715 5298 ·
2733 5267 2801 5319 ’Ἄ
2812 5284 2953 5335 γιος,
2983 5264 3167 5332 ἅγιος,
3196 5263 3381 5332 ἅγιος,
3403 5266 3615 5332 Κύριος
3635 5267 3780 5323 Σαϐ.

2202 5365 2378 5421 Cadit}.
2431 5364 2601 5417 Τοῦτο
2639 5363 2838 5432 δεῖγμα
2886 5361 2986 5429 τῆς
3015 5358 3351 5429 ἐκπλήξεως,
3381 5359 3557 5413 καίτοι
3584 5377 3648 5430 γε
3680 5362 3781 5413 οὐκ

2204 5459 2357 5514 αὐτοὶ
2400 5457 2586 5526 ἑώρων
2631 5458 2690 5508 τὸ
2735 5454 2872 5523 φῶς,
2917 5453 3037 5506 οὐδὲ
3077 5453 3174 5522 τὴν
3217 5452 3369 5505 θείαν
3413 5452 3594 5521 φύσιν,
3644 5454 3784 5507 ἀλλὰ

2208 5549 2611 5619 συγκατάὁασις
2651 5544 2717 5616 ἦν
2756 5545 2823 5597 τὰ
2866 5542 3139 5615 ὁρώμενα.
3186 5543 3297 5596 K-‘al.
3336 5544 3484 5612 ὅμως
3525 5540 3645 5595 οὐδὲ
3684 5542 3784 5611 τῆς

2210 5642 2670 5715 συγκαταϐἀσεως
2718 5640 2955 5709 ἤνεγκαν
2997 5636 3095 5706 τὴν
3139 5634 3315 5700 δόξαν.
3365 5634 3783 5703 Συγκατάϐασις

3170 5798 3187 5830 ⁵
3216 5794 3348 5852 ibid.
3374 5795 3427 5849 2,

2308 5806 2325 5837 ³
2349 5804 2609 5870 lsa.v.,3.
2726 5803 2743 5833 ³
2769 5798 2871 5855 lsa.
2906 5815 2979 5863 \‘l,
3014 5799 3061 5854 1.
