4120 6292
370 358 468 423 181

1325 361 1701 422 PANOPLIA
1748 362 2216 427 DOGMATICA.
2243 389 2313 400 ·-
2351 366 2504 427 ΤΙΤ.
2542 366 2644 427 1V.

3450 342 3453 343 ⁷
3523 366 3626 432 ita

362 477 474 548 γὰρ
514 475 580 529 τὸ
626 476 702 546 μὴ
747 475 1033 546 φαίνεσθαι
1075 475 1215 529 κατὰ
1258 476 1446 544 φύσιν,
1485 476 1603 530 ἀλλ’
1629 478 1931 550 ὲπιμετρεῖι

2056 486 2273 546 natura,
2306 479 2760 549 conspiciendum
2793 477 3021 551 praebet,
3054 480 3149 535 sed
3194 478 3377 536 habita
3415 481 3628 535 ratione

356 565 429 638 τῇ
458 564 570 618 τῶν
600 563 857 635 ὁρώντων
889 563 1145 636 ἀσθενείᾳ
1176 563 1276 635 τῆς
1311 564 1487 635 ὄψεως
1521 565 1620 636 τὴν
1654 566 1937 633 ἐπίδειξιν.

358 657 474 714 lla!
504 658 587 710 ὅτι
619 654 1031 724 συγκατάὸασις
1057 652 1160 728 ἦν,
1196 658 1292 711 καὶ
1320 658 1384 722 ἐξ
1410 658 1594 713 αὐτῶν
1622 658 1731 713 τῶν
1761 659 1944 729 ῥῆμά-

360 766 473 804 των
525 748 709 817 δῆλον.
765 747 950 802 Εἶδον
997 747 1128 820 γὰρ,
1173 749 1331 821 φησὶ,
1384 750 1491 804 τὸν
1529 750 1768 819 Κύριον,
1809 750 1941 804 Θεὸν

356 842 419 896 δὲ
446 840 623 903 οὐδεὶς
647 841 862 908 ἑώρακε
892 838 1112 892 πώποτε
1129 880 1145 905 ,
1176 841 1268 894 τὸν
1293 840 1530 895 ἀνείδεον
1547 881 1563 906 ,
1588 841 1681 895 τὸν
1706 842 1911 896 ἄποσον
1927 883 1943 907 ,

355 934 454 989 τὸν
483 935 696 989 ἄποιον.
727 932 825 995 Τίς
851 931 1012 984 τοῦτο
1044 932 1231 998 λέγεις
1268 932 1325 985 '0
1352 932 1692 1002 μονογενὴς
1722 932 1875 1001 Υἱὸς,
1911 936 1945 987 ό

353 1023 446 1080 ὢν
465 1029 552 1092 εὶς
582 1025 691 1078 τὸν
708 1024 941 1078 κόλπον
963 1022 1070 1078 τοῦ
1104 1024 1352 1093 Πατρὸς,
1375 1024 1552 1090 αὐτὸς
1580 1024 1942 1094 ἐξηγήσατο.

354 1116 495 1175 Εἶτά
521 1135 688 1187 φησι,
717 1115 1080 1185 καθήμενον.
1109 1117 1241 1179 Θεὸς
1271 1116 1328 1171 δὲ
1359 1116 1481 1170 οὔτε
1512 1114 1780 1186 κάθηται,
1811 1117 1938 1169 οὔτε

353 1192 573 1267 ἱ’σταται
607 1228 622 1243 υ
677 1210 946 1280 σωμάτων
994 1208 1104 1280 γὰρ
1155 1211 1204 1263 οἱ
1252 1209 1484 1264 τοιοῦτοι
1539 1208 1935 1281 σχηματισμοί.

353 1305 592 1358 Ἔπειτα
620 1301 982 1371 προστίθησιν
1002 1300 1102 1353 ἐπὶ
1128 1300 1372 1369 θρόνου.
1396 1299 1531 1364 Θεὸς
1555 1299 1613 1354 δὲ
1642 1300 1817 1371 θρόνῳ
1842 1299 1942 1353 οὐκ

272 1395 284 1406 ⁸
351 1393 834 1465 ἐμπεριείληπται.
866 1391 990 1454 Πῶς
1026 1390 1134 1460 γὰρ
1166 1393 1194 1445 ὁ
1216 1390 1663 1462 ἀπερίγραπτος;
1685 1390 1854 1444 Ὅταν
1883 1390 1941 1444 δὲ

349 1490 427 1541 τὰ
455 1487 710 1553 Σεραφὶμ
738 1483 807 1536 τὰ
840 1482 1055 1535 ἑστῶτα
1086 1480 1274 1552 κύκλῳ
1301 1481 1466 1534 αὐτοῦ
1487 1523 1504 1549 ,
1532 1480 1667 1551 ὅπερ
1697 1479 1848 1550 δηλοῖ
1875 1478 1937 1533 οὐ

349 1577 543 1642 τόπον,
583 1577 721 1630 ἀλλὰ
760 1575 858 1646 τὴν
901 1574 1010 1628 ἀπὸ
1048 1573 1151 1644 τῆς
1191 1572 1561 1645 καθαρότητος
1602 1574 1934 1643 οἰκειότητα,

351 1671 459 1724 οῦκ
488 1669 746 1739 ῑσχύωσιν
769 1667 891 1720 οὐδὲ
918 1669 983 1737 τῇ
1011 1668 1109 1736 τῆς
1129 1666 1590 1734 συγκαταὸάσεως
1629 1665 1937 1718 ὲνατενίσαι

350 1760 517 1831 δόξῃ,
550 1758 827 1829 ἄνθρωποι
858 1756 1257 1825 φιλονεικοῦσιν
1291 1755 1596 1811 ὲνατενίσαι
1643 1757 1710 1826 τῇ
1766 1754 1937 1824 ὑπερ-

2050 571 2563 640 eontemplantium,
2619 570 2857 626 demittit
2896 585 2980 635 se,
3032 580 3199 640 atque
3246 570 3626 626 accommodat

2059 677 2252 719 eorum
2283 663 2665 719 imbecillitati.
2705 662 2860 728 Quod
2894 673 3076 717 autem
3112 662 3384 732 ejusmodi
3410 660 3619 717 demis-

2051 753 2137 808 sio
2185 753 2370 815 fuerit,
2427 768 2493 808 ex
2544 752 2677 823 ipsis
2731 752 2915 808 verbis
2964 752 3145 824 colligi
3198 760 3427 823 potest:
3484 751 3622 817 Vidi,

2048 843 2247 913 inquit,
2286 843 2594 897 Dominum.
2646 843 2716 898 At
2753 842 2926 899 Deum
2955 844 3137 898 nullus
3167 859 3408 914 unquam
3465 844 3621 909 vidit,

2046 936 2249 1005 quippe
2281 937 2373 1006 qui
2421 946 2477 989 et
2515 936 2770 1001 formam,
2822 945 2879 993 et
2928 938 3309 1006 quantitatem,
3347 945 3403 989 et
3445 933 3623 1003 quali‘

2050 1039 2211 1083 tatem
2255 1043 2362 1081 non
2398 1028 2588 1083 habet.
2625 1027 2760 1094 Quis
2792 1029 2897 1083 hoc
2930 1027 3109 1082 dicit?
3165 1028 3472 1097 Unigmitus
3524 1025 3618 1078 Fi-

2046 1119 2171 1182 lius,
2195 1121 2286 1190 qui
2313 1121 2454 1175 sedet
2482 1121 2536 1175 in
2557 1122 2679 1175 sinu
2710 1120 2907 1186 Patris,
2932 1122 3040 1190 ipse
3061 1120 3326 1174 enarravit
3352 1120 3391 1172 ¹.
3418 1119 3622 1173 Deinde

2046 1213 2292 1280 subjicit,
2333 1212 2633 1267 sedentem.
2665 1210 2777 1267 Nec
2805 1212 2957 1266 sedet
2996 1210 3163 1276 Deus,
3201 1225 3300 1263 nec
3331 1218 3460 1263 stat.
3495 1207 3618 1261 Haec

2048 1306 2192 1360 enim
2224 1305 2428 1359 cadunt
2463 1305 2517 1359 in
2547 1319 2797 1374 corpora.
2854 1304 2993 1358 Tum
3026 1303 3194 1364 addit,
3237 1302 3292 1354 in
3342 1301 3504 1356 solio.
3552 1302 3621 1352 At

2048 1399 2100 1453 in
2128 1398 2267 1453 solio
2293 1397 2437 1454 Deus
2458 1414 2567 1452 non
2602 1397 2918 1453 includitur.
2950 1396 3237 1462 Quomodo
3274 1394 3443 1457 enim,
3495 1408 3618 1447 cum

2048 1490 2430 1546 circumscribi
2491 1505 2601 1542 non
2672 1488 2888 1558 pessit?
2953 1482 3088 1543 Cum
3136 1486 3298 1556 igitur
3345 1484 3619 1555 Seraphin

2047 1592 2222 1648 stent,
2256 1581 2402 1651 Quod
2461 1596 2572 1635 non
2612 1582 2789 1635 locum
2813 1579 3104 1649 signiﬁcat,
3161 1576 3255 1630 sed
3327 1591 3517 1629 eorum
3550 1591 3617 1630 ex

2048 1675 2289 1744 puritate
2319 1671 2767 1735 familiaritatem,
2805 1684 2905 1722 nec
2936 1667 3148 1736 possint
3183 1666 3240 1719 in
3272 1664 3620 1720 demissionis

2043 1765 2215 1834 gloria
2242 1763 2432 1818 oculos
2462 1762 2725 1832 defigere,
2770 1760 3021 1814 homines
3054 1766 3320 1812 conantur
3364 1756 3418 1810 in
3451 1757 3621 1810 subli-

346 1851 637 1922 απροσίτῳ
661 1850 789 1920 δόξῃ
815 1848 913 1917 τῆς
939 1849 1127 1910 οὐσίας
1152 1848 1350 1913 adtuli;
1381 1847 1569 1902 Καίτοι
1595 1848 1718 1900 ὅσον
1737 1845 1931 1915 τυφλοῦ

2045 1856 2278 1910 miorem
2306 1855 2558 1910 essentia:
2610 1852 2784 1923 ipsius
2811 1851 3038 1921 gloriam
3078 1849 3265 1905 oculos
3296 1849 3622 1904 intendere?

348 1943 448 1996 καὶ
485 1941 778 2011 βλέποντος
814 1939 876 1993 τὸ
927 1939 1093 2010 μέσον
1141 1939 1395 1993 τοσοῦτον
1429 1940 1620 2009 ὴμιίν,
1670 1937 1937 1992 κάκείνων

346 2037 409 2089 τὸ
438 2035 721 2105 διάφορον.

970 2211 1086 2267 Τοῦ
1114 2214 1324 2268 αὐτοῦ.
1896 2274 1907 2283 ,

424 2307 595 2360 Ὅταν
627 2303 788 2367 αὐτὸς
820 2304 848 2357 ὁ
883 2303 1168 2373 προφήτης
1203 2301 1400 2372 Δανιὴλ
1433 2301 1533 2353 οῦκ
1570 2300 1802 2370 ἧνεγκεν
1834 2300 1935 2367 ἀγ-

346 2400 512 2469 γέλου
544 2394 1018 2466 συγκαταὸατικὴν
1050 2394 1193 2463 ὄψιν,
1212 2391 1346 2447 ἀλλὰ
1363 2390 1772 2463 παρελύθη,καὶ
1802 2406 1936 2443 κατ-

345 2486 571 2548 ἐπεσεψ
603 2492 723 2545 Οὐκ
742 2487 1073 2555 ὑπελείφθη
1094 2484 1224 2554 γὰρ,
1245 2485 1430 2554 φησιν,
1462 2482 1530 2536 ἐν
1560 2481 1691 2552 ἐμοὶ
1723 2482 1927 2551 ἰσχὺς,

345 2586 452 2636 καί
474 2583 512 2650 ἠ
531 2581 680 2644 δόξα
701 2598 820 2650 μου
843 2576 1227 2647 μετεστράφη
1253 2576 1341 2640 εἰς
1366 2572 1715 2642 διαφθορὰν,
1741 2572 1931 2643 ἤγουν

342 2674 413 2728 τὸ
440 2672 670 2738 κάλλός
692 2670 800 2725 τοῦ
824 2668 1161 2739 προσώπου,
1181 2684 1299 2736 μου
1324 2665 1628 2731 ἀπώλετο,
1662 2664 1760 2719 καὶ
1794 2683 1931 2733 μετ-

339 2764 620 2835 εστράφη
643 2765 730 2829 είς
746 2762 1049 2830 ὠχρότητα
1065 2756 1279 2826 νεκροῦ
1302 2773 1316 2788 ·
1336 2756 1399 2810 σὺ
1426 2758 1454 2809 ὁ
1477 2755 1728 2810 τοσοῦτον
1754 2754 1931 2809 λειπόο

342 2874 512 2928 μενος
539 2855 634 2909 τοῦ
665 2853 893 2924 Δανιὴλ,
924 2853 1046 2905 ὅσον
1074 2852 1279 2912 ἐκεῖνος
1308 2849 1400 2902 τοῦ
1431 2847 1696 2917 ἀγγέλου,
1725 2847 1931 2918 τολμᾷς

336 2950 581 3020 διαίρειν
614 2946 811 3016 στόμα,
845 2943 943 2998 καὶ
977 2943 1449 3012 πολυπραγμονεῖν
1484 2941 1613 3008 περὶ
1646 2941 1741 3010 τῆς
1778 2939 1928 3003 θείας

338 3040 598 3110 φύσεωςς
631 3038 832 3107 Δανιὴλ
863 3038 890 3089 ὁ
920 3037 988 3089 τὰ
1021 3036 1160 3105 ὑπὲρ
1193 3034 1484 3103 ἄνθρωπον
1513 3034 1572 3086 ἐν
1601 3032 1929 3103 ἀνθρωπίνῳ

340 3132 566 3199 σώματι
596 3128 844 3198 δυνηθεὶς
874 3127 974 3179 οὐκ
1006 3126 1222 3192 ἔστεξεν
1250 3123 1543 3194 ὁμοδούλου
1580 3124 1926 3191 συγκατάὅα-
1955 3159 2000 3214 c

340 3242 459 3287 σιν,
498 3222 594 3275 καὶ
633 3222 699 3274 σὺ
738 3235 811 3274 κα
845 3218 1037 3281 έλαϐες
1076 3219 1174 3288 τὴν
1214 3215 1375 3286 φύσιν
1417 3215 1651 3286 ἐκείνην,
1693 3215 1929 3285 causa;

339 3311 620 3389 μυριάδας
643 3310 752 3362 τῶν
775 3307 1019 3378 ἀγγέλων
1043 3306 1492 3376 παραγαγοῦσκν,
1518 3300 1590 3358 ὧν
1614 3307 1709 3357 ἕνα
1731 3305 1929 3377 Δανιὴλ

336 3406 449 3457 οὐκ
483 3403 707 3473 ἴσχυσεν
737 3401 888 3465 ἰδεῖν,
915 3398 990 3463 ὡς
1017 3397 1337 3469 δεδήλωται.
1384 3397 1479 3459 τίς
1510 3397 1611 3450 οὐκ
1640 3397 1708 3449 ἂν
1736 3395 1927 3451 στενά-

339 3497 485 3563 ξειε,
516 3496 598 3558 τίς
630 3493 732 3547 οὐκ
758 3494 825 3547 ἂν
852 3491 1141 3563 θρηνήσειε
1170 3489 1269 3559 τῆς
1300 3486 1712 3560 παραπληξίας;

968 3667 1079 3720 Τοῦ
1109 3661 1319 3721 αὐτοῦ.

413 3760 692 3813 Ἀκουσον
730 3756 785 3811 τί
830 3754 1210 3826 φιλοσοφοῦσιν
1249 3756 1300 3809 ei
1345 3755 1618 3827 προφῆται
1664 3759 1791 3829 περὶ
1830 3755 1923 3810 τοῦ

342 3851 512 3914 Θεοῦ,
546 3852 643 3904 καὶ
678 3849 889 3918 φρίξον.
928 3848 993 3902 '0
1022 3848 1361 3902 ἐπιϐλέπων
1380 3849 1479 3902 ἐπὶ
1501 3848 1616 3915 τὴν
1650 3848 1792 3917 γῆν,
1824 3848 1924 3903 καὶ

321 3924 543 4000 ’ποιῶν
562 3944 757 4013 αὐτὴν
780 3942 1035 4012 τρέμειν,
1055 3945 1088 3996 ό
1110 3943 1442 4012 ἁπτόμενος
1457 3942 1575 3996 τῶν
1589 3943 1795 4011 ὀρέων,
1822 3945 1921 3997 καί

340 4035 759 4101 καπνίζονται,
785 4035 885 4089 καὶ
936 4037 975 4105 ἠ
1003 4034 1288 4090 θάλασσα
1323 4031 1446 4089 εἶδε
1486 4034 1589 4088 καί
1611 4035 1855 4104 ἔφυγεν,
1889 4037 1924 4088 ὁ

321 4128 659 4199 εἸορδίνης
677 4128 945 4197 ἐστράφη
967 4130 1054 4194 είς
1075 4125 1148 4182 τὰ
1183 4127 1396 4192 ὀπίσω,
1415 4125 1512 4180 καί
1550 4128 1584 4179 ό
1612 4127 1796 4180 σείων
1818 4126 1926 4180 τὸν

322 4196 614 4291 ⁵οὐρανὸν
628 4221 697 4274 ἑκ
713 4196 1021 4290 θεμελίων,
1060 4223 1093 4272 ό
1117 4218 1386 4273 ἀπειλῶν
1411 4217 1487 4287 τῇ
1505 4217 1788 4288 θαλάσσῃ
1820 4218 1919 4273 καὶ

342 4314 652 4384 ξηίαίνων
666 4313 883 4381 αὐτὴν,
902 4312 1000 4366 καὶ
1016 4316 1048 4367 ὁ
1077 4312 1316 4379 στήσας
1348 4310 1457 4364 τὸν
1483 4311 1743 4380 οὐρανὸν
1775 4310 1921 4365 ὡσεί

340 4406 643 4475 καμάραν,
655 4404 1071 4467 καιδιατείνας
1084 4402 1273 4457 αὐτὸν
1304 4402 1385 4463 ὡς
1415 4402 1660 4469 σκηνὴν
1681 4399 1780 4454 ἐπὶ
1810 4400 1920 4468 τῆς

2042 1946 2110 2001 Et
2141 1957 2321 2001 tamen
2347 1955 2611 2016 quantum
2635 1944 2822 1998 diﬂert
2856 1957 3033 1998 caicus
3060 1942 3129 1996 ab
3154 1956 3241 2005 eo,
3271 1940 3363 2010 qui
3388 1955 3619 1994 cernen-

2042 2039 2096 2094 di
2158 2039 2264 2091 vim
2320 2038 2508 2105 habet,
2542 2046 2750 2091 tantum
2797 2044 2881 2090 est
2933 2034 3075 2088 inter
3132 2050 3231 2088 nos
3276 2042 3441 2102 atque
3498 2032 3619 2087 illos

2037 2130 2359 2185 discrimen.

2688 2220 2962 2285 Eiusdem.

2110 2314 2299 2369 Daniel
2335 2314 2600 2384 propheta
2652 2314 2954 2369 demissum
3003 2310 3181 2380 angeli
3215 2325 3324 2365 non
3370 2310 3488 2365 tulit
3523 2326 3612 2364 as-

2036 2416 2282 2477 paetum,
2313 2406 2409 2460 sed
2455 2405 2667 2476 aufugit
2691 2416 2749 2461 et
2790 2403 3068 2475 procidit:
3102 2400 3224 2456 Non
3252 2412 3327 2457 est
3354 2403 3614 2464 relictum,

2036 2497 2236 2565 inquit,
2262 2496 2316 2548 in
2364 2512 2445 2550 me
2483 2497 2661 2559 robur,
2687 2505 2732 2549 et
2771 2494 2944 2564 gloria
2987 2511 3105 2548 mea
3145 2510 3393 2547 conversa
3436 2502 3510 2547 est
3560 2493 3614 2546 in

2034 2591 2439 2660 corruptionem.
2467 2587 2657 2658 Itaque
2683 2589 2841 2657 periit
2871 2594 2978 2642 oris
3019 2589 3121 2641 mei
3149 2588 3512 2657 pulchritudo,
3557 2598 3609 2642 et

2035 2682 2099 2734 iri
2126 2682 2321 2735 mortui
2356 2680 2611 2749 pallorem
2638 2695 2789 2733 versa
2817 2689 2913 2733 est.
2958 2678 3039 2732 Tu
3076 2694 3227 2744 vero,
3256 2681 3351 2753 qui
3389 2679 3613 2733 Daniele

2033 2780 2187 2827 tanto
2242 2773 2469 2827 inferior
2537 2786 2636 2836 cs,
2689 2781 2953 2841 quantum
3012 2771 3100 2824 ille
3175 2772 3321 2826 cedit
3394 2771 3608 2842 angelo,

2032 2876 2145 2917 non
2202 2862 2408 2919 vereris
2436 2877 2497 2916 os
2525 2873 2681 2917 tuum
2736 2862 2947 2923 tollere,
2986 2873 3041 2915 et
3094 2862 3151 2915 in
3183 2871 3374 2915 natura
3425 2862 3611 2915 divina

2032 2951 2449 3023 pervestiganda
2507 2952 2758 3006 curiosus
2797 2952 2958 3007 esse?
3014 2951 3223 3017 Daniel,
3256 2954 3346 3022 qui
3382 2953 3438 3007 in
3489 2968 3613 3008 cor-

2034 3058 2165 3112 pore
2199 3043 2461 3109 hun.ano,
2502 3058 2625 3113 qua:
2652 3042 2800 3098 vires
2830 3043 3098 3099 humanas
3129 3054 3409 3114 superant,
3473 3060 3614 3115 pra:-

2034 3132 2194 3199 stitit,
2246 3133 2497 3188 conservi
2521 3131 2910 3187 demissionem
2966 3149 3075 3188 non
3122 3134 3403 3197 sustinuit,
3452 3148 3506 3190 et
3554 3146 3607 3189 tu

2036 3234 2284 3279 naturam
2337 3225 2483 3278 illam
2536 3225 2973 3295 apprehendisti,
3019 3242 3140 3295 qua:
3190 3227 3606 3283 innumerabilia

2035 3316 2280 3371 condidit
2339 3316 2656 3387 angelorum
2717 3317 2921 3383 millia,
2974 3333 3210 3387 quorum
3257 3333 3369 3373 non
3430 3320 3608 3389 potuit

2036 3424 2200 3463 unum
2244 3408 2434 3462 Daniel
2485 3408 2706 3471 intueri,
2757 3418 2815 3463 ut
2866 3419 3145 3464 ostensum
3172 3410 3300 3467 esti
3328 3411 3463 3477 Quis
3492 3428 3603 3465 non

2036 3500 2377 3570 ingemiscat,
2416 3501 2540 3570 quis
2569 3515 2679 3555 non
2717 3501 3171 3557 commisereatur
3226 3509 3507 3573 stuporem
3549 3514 3607 3558 et

2034 3593 2305 3649 insaniam
2334 3592 2616 3648 hominis?

2678 3686 2948 3755 Ejusdem.

2112 3778 2248 3832 Audi
2296 3777 2425 3846 quid
2457 3776 2917 3846 philosophentur
2946 3778 3225 3848 propheta:
3258 3779 3327 3833 de.
3381 3779 3513 3844 Deo,
3550 3789 3607 3834 ct

2033 3867 2289 3921 horresce
2328 3883 2436 3933 pra:
2473 3867 2689 3930 timore,
2723 3882 2787 3921 ac
2825 3869 3193 3923 contremisce
3224 3888 3237 3923 :
3273 3870 3377 3933 Qui
3415 3870 3603 3938 aspicit

2030 3972 2186 4024 super
2239 3967 2459 4019 terram,
2513 3966 2560 4009 et
2619 3957 2748 4024 facit
2801 3974 2918 4010 eam
2963 3967 3202 4012 tremere.
3267 3952 3369 4024 Qui
3434 3962 3604 4032 tangit

2029 4056 2250 4109 montes,
2282 4058 2328 4100 et
2360 4047 2622 4116 {umigant
2663 4048 2702 4101 ’.
2748 4046 2903 4101 Mare
2937 4050 3062 4102 vidit
3088 4059 3136 4102 et
3167 4050 3322 4120 fugit,
3349 4050 3606 4105 Iordanis

2029 4153 2311 4191 conversus
2357 4147 2433 4190 est
2479 4146 2766 4191 retrorsum
2794 4139 2836 4192 ³.
2901 4138 3008 4203 Qui
3062 4144 3290 4194 concutit
3333 4144 3519 4196 cretum
3568 4161 3603 4195 α

2028 4228 2410 4299 fundamentis.
2438 4227 2541 4291 Qui
2583 4228 2938 4282 comminatur
2981 4231 3138 4294 mari,
3181 4241 3232 4284 et
3275 4232 3498 4286 exsiccet
3537 4234 3605 4287 il-

2029 4319 2141 4372 lud.
2182 4319 2286 4382 Qui
2323 4322 2513 4371 statuit
2569 4319 2757 4373 caalum
2804 4320 2945 4373 sicut
3002 4320 3276 4389 fornicem,
3321 4332 3372 4377 et
3424 4335 3604 4379 exten—

2026 4410 2104 4463 dit
2131 4409 2267 4463 illud
2302 4418 2560 4478 tauquam
2587 4411 2869 4464 tentorium
2895 4428 3056 4481 super
3083 4424 3283 4468 terram
3309 4414 3352 4468 ⁸.
3391 4414 3494 4481 Qui
3517 4418 3597 4487 fe-

341 4497 485 4568 τῆςν
501 4497 597 4550 καὶ
614 4498 646 4550 δ
664 4492 1055 4564 ποιήσαςτὴν
1066 4493 1205 4564 γῆν,
1222 4494 1302 4558 ὡς
1316 4492 1517 4547 οὐδέν.
1539 4492 1604 4543 Ὢ
1627 4493 1724 4562 τῆς
1753 4491 1923 4561 ὑπερ-

2036 4502 2097 4554 ιίι
2136 4510 2362 4567 terram,
2383 4510 2439 4556 ut
2463 4501 2618 4555 nihil.
2647 4501 2692 4554 0
2713 4503 3088 4559 admirandam
3128 4506 3554 4576 superlationem
3584 4512 3597 4564 l

342 4589 511 4658 ϐολῆς
529 4587 622 4641 τοῦ
636 4586 915 4657 θαύματος
935 4588 948 4640 ί
966 4585 1064 4655 τὴν
1079 4585 1348 4655 τοσαύτην
1364 4585 1457 4638 καὶ
1471 4583 1824 4655 τηλικαύτην.
1847 4583 1919 4636 Τὸ

342 4682 462 4751 γὰρ
481 4680 555 4742 ὡς
573 4680 723 4733 οὐδὲν
739 4679 838 4750 τὴν
857 4679 1141 4748 εὐχέρειαν
1161 4677 1389 4747 ἐνέφηνε
1415 4676 1520 4746 τῆς
1552 4676 1914 4746 παραγωγῆς.

344 4770 539 4824 Ταῦτα
553 4767 609 4821 δὲ
628 4769 721 4821 καὶ
735 4766 1038 4840 τὰτοιαῦτα
1060 4768 1308 4835 λέγουσιν
1327 4769 1377 4819 οἱ
1408 4765 1688 4836 προφῆται
1710 4766 1796 4819 ἶνα
1813 4766 1920 4819 ἀπό

341 4875 406 4911 τε
437 4857 538 4911 τοῦ
560 4858 826 4927 μεγέθους
855 4857 966 4911 τῶν
994 4856 1380 4927 γεγενημένων
1407 4857 1515 4910 ἀπό
1541 4872 1601 4908 τε
1635 4855 1737 4925 τῆς
1776 4854 1920 4908 κατὰ

340 4952 447 5021 τὴν
473 4951 839 5022 δημιουργίαν
868 4950 1122 5012 εὐκολίας
1153 4950 1461 5019 ἰσχύσωμεν
1489 4948 1648 5013 ἀξίαν
1675 4948 1797 5002 τινὰ
1825 4950 1920 5000 λα-

342 5043 465 5097 ϐεῖν
497 5044 627 5113 περὶ
652 5044 751 5114 τῆς
778 5041 874 5096 τοῦ
902 5041 1039 5096 Θεοῦ
1065 5041 1347 5110 δυνάμεως
1379 5040 1608 5095 ἔννοιαν.

953 5136 1067 5193 Τοῦ
1096 5135 1305 5190 αὑτοῦ.

428 5232 499 5287 '0
519 5229 809 5300 κατέχων,
839 5230 996 5300 φησι,
1018 5229 1126 5284 τὸν
1149 5228 1335 5298 γῦρον
1360 5228 1467 5295 τῆς
1488 5227 1622 5299 γῆς,
1655 5228 1750 5282 καί
1778 5230 1920 5299 τοὺς·

344 5321 782 5386 κατοικοῦντας
822 5321 893 5374 ἐν
921 5317 1080 5389 αὐτῇ
1106 5319 1246 5373 ὡσεί
1280 5319 1562 5387 ἀκρίδας,
1593 5319 1690 5373 καὶ
1725 5321 1921 5375 πάντα

346 5413 421 5465 τὰ
448 5413 592 5479 ἔθνη
627 5411 708 5478 ὡς
747 5411 988 5480 σταγὼν
1014 5410 1136 5466 ἀπὸ
1175 5410 1363 5465 κάδον
1402 5410 1682 5464 ἐνάντιον
1708 5413 1918 5467 αὐτοῦ.

345 5505 593 5576 Πρόσεχε
620 5503 763 5575 μετὰ
785 5503 1092 5575 ἀκριϐείας.
1122 5503 1193 5556 ’Δ
1218 5503 1324 5575 γὰρ
1349 5502 1400 5556 ot
1426 5501 1708 5574 προφῆται
1736 5503 1923 5570 λέγου-

346 5614 470 5663 σιν,
504 5599 534 5650 ὁ
563 5598 696 5660 Θεὸς
726 5597 897 5666 λέγει.
930 5598 1062 5660 Θεὸς
1096 5596 1153 5649 δὲ
1185 5596 1338 5651 οὐδὲν
1368 5598 1436 5651 ἂν
1466 5597 1594 5670 εἴπῃ
1631 5597 1885 5666 περιττὸν
1905 5636 1922 5665 ,

2029 4607 2144 4646 rem
2201 4598 2406 4646 tantam
2467 4607 2533 4646 ac
2583 4593 2769 4656 talem,
2812 4602 2869 4648 ut
2900 4595 3062 4649 nihil.
3094 4596 3227 4650 Illud
3270 4598 3417 4651 enim
3466 4599 3600 4652 nihil

2027 4683 2230 4737 indicat
2255 4683 2585 4751 procreandi
2615 4683 2949 4740 facilitatem.
2986 4687 3114 4741 ﬂare
3136 4694 3191 4740 et
3219 4687 3324 4740 alia
3352 4688 3596 4758 ejusdem

2025 4774 2243 4842 generis
2277 4771 2570 4840 loquentur
2603 4775 2900 4843 prophetae,
2961 4784 3021 4829 ut
3045 4791 3108 4829 ex
3136 4791 3347 4844 eorum,
3397 4795 3518 4848 qua:
3566 4797 3594 4833 ιι

2029 4863 2142 4918 Deo
2174 4864 2314 4918 facta
2340 4873 2470 4917 sunt
2505 4866 2880 4935 magnitudine
2908 4867 3128 4937 dignam
3170 4869 3316 4925 illius
3351 4874 3600 4941 potentia

2027 4956 2307 5011 notionem
2349 4956 2586 5025 aliquam
2613 4958 2798 5012 animo
2830 4960 3275 5028 complectamur.

2657 5140 2938 5208 Ejusdem.

2093 5229 2195 5295 Qui
2232 5232 2489 5295 continet,
2517 5229 2713 5300 inquit,
2746 5233 2921 5286 orbem
2975 5242 3149 5299 terr-az,
3201 5247 3249 5291 et
3298 5239 3600 5294 habitantes

2023 5325 2077 5377 in
2107 5341 2168 5377 ea
2193 5333 2451 5392 tanquam
2484 5322 2708 5377 locustas
2739 5324 2782 5377 '.
2815 5323 2881 5377 Et
2911 5342 3089 5380 omnes
3119 5338 3293 5396 gentes
3348 5329 3403 5381 in
3441 5345 3590 5383 cons-

2022 5428 2175 5487 pectu
2206 5416 2344 5484 ejus,
2385 5425 2442 5468 ut
2487 5425 2637 5486 gutta
2696 5433 2760 5470 ea:
2818 5418 2973 5471 cado.
3014 5417 3248 5472 Attende
3278 5418 3585 5488 diligenter.

2028 5508 2161 5561 Nam
2231 5522 2354 5576 qtae
2401 5507 2679 5577 prophetae
2726 5508 2942 5573 dicunt,
2996 5522 3060 5566 ea
3128 5508 3368 5576 loquitur
3424 5510 3588 5579 Deus,

2027 5601 2174 5656 Deus
2200 5610 2380 5654 autem
2408 5601 2545 5654 nihil
2566 5615 3033 5670 supervacaneum
3063 5607 3156 5655 aut
3181 5616 3377 5667 sanum
3407 5604 3584 5678 loqui»

423 5768 440 5796 ⁸
466 5776 622 5825 toan.
653 5784 691 5834 ι,
730 5768 813 5826 l8.
889 5770 911 5801 ¹
939 5767 1084 5825 Psa..
1115 5782 1228 5834 cur,
1261 5766 1350 5821 '52.
1427 5764 1617 5841 ',.Psal.
1646 5779 1796 5831 cum,
1823 5765 1882 5821 5.

2036 5766 2143 5823 'sal.
2178 5778 2291 5833 cm,
2320 5764 2376 5820 2.
2450 5766 2470 5799 ⁸
2495 5765 2599 5821 lsa.
2634 5780 2719 5831 τι,
2750 5763 2841 5818 2‘2.
