4066 6288
473 365 575 429 183

1690 364 2073 423 ΕῙΙΤΗΥΜῙΙ
2110 365 2471 426 ZIGABENI

3614 356 3717 435 [si

470 488 583 530 tur.
618 475 919 530 Considera
947 476 1367 530 innumerabilia
1408 475 1651 545 gentium
1694 475 1880 535 millia.
1912 492 2031 544 qua!

2141 476 2255 530 οὐδὲ
2288 480 2587 547 πάρεργον.
2646 477 2985 546 Ἀναλόγισαι
3013 476 3081 529 τά
3110 478 3278 549 μυρία
3305 480 3432 551 ἔθνη
3461 483 3559 551 τῆς
3585 486 3715 553 γῆς,

468 576 670 622 terram
704 568 969 632 incolunt,
1002 584 1229 636 quaru-n
1258 582 1324 620 ne
1364 574 1588 621 nomina
1648 568 1865 636 quidem
1899 583 2030 621 con-

468 675 758 714 numerare
793 675 1104 728 possumus.
1132 658 1187 715 Si
1244 668 1431 728 gentes
1487 660 1754 713 universm
1809 668 1865 712 ut
1914 659 2029 713 cadi

468 761 595 805 sunt
615 759 784 820 gutta,
813 749 1040 818 hujusce
1062 757 1223 820 gutta:
1250 749 1565 817 quantulam
1596 759 1801 818 partem
1831 764 1953 803 esse
1980 758 2031 802 te

468 841 775 905 arbitraris,
807 841 897 909 qui
937 839 1106 893 Deum
1138 840 1354 894 conaris
1377 841 1861 910 comprehendere,
1890 840 2029 908 apud

466 946 625 999 quem
656 939 863 984 cunctae
888 938 1076 1001 gentes
1105 941 1232 985 sunt
1264 931 1338 984 uti
1365 942 1513 1002 gutta
1545 947 1610 987 ex
1640 933 1776 987 cado

1118 1020 1395 1091 Ejusdem.

538 1114 750 1166 Infinita
783 1122 907 1167 sunt
936 1114 1162 1167 millium
1196 1114 1364 1167 millia
1391 1114 1705 1182 angelorum
1732 1114 1840 1167 Deo
1869 1114 2031 1166 mini-

463 1206 748 1258 strantium
784 1206 834 1257 in
872 1205 1137 1269 coelis,et,
1158 1205 1321 1259 millia
1351 1206 1600 1268 millium,
1634 1206 1723 1274 qui
1756 1216 1933 1259 astant
1958 1205 2029 1259 illi

464 1307 577 1348 tum
599 1296 827 1355 Throni.
856 1306 969 1350 tum
1004 1297 1429 1361 Dominationes,
1492 1307 1605 1349 tum
1667 1296 2030 1364 Priucipatus,

465 1400 574 1441 tum
605 1389 923 1451 l‘otestutes,
950 1398 1001 1443 et
1032 1389 1226 1443 inlinit!
1250 1390 1457 1459 populi.
1498 1390 1764 1442 virtutum
1831 1403 2029 1458 corpo-

465 1496 523 1532 re
548 1479 879 1544 vacantium,
912 1489 965 1533 et
991 1488 1096 1533 tam
1154 1479 1335 1533 multa:
1384 1481 1576 1544 tribus,
1641 1489 1699 1533 ut
1760 1488 2032 1548 nequeant

464 1571 764 1625 recenseri.
802 1571 869 1624 Et
916 1570 1123 1624 inﬁnita
1158 1582 1335 1624 tamen
1400 1573 1514 1625 hajc
1584 1570 1813 1626 millium
1865 1571 2032 1625 millia

463 1673 570 1715 tam
605 1662 759 1715 lacile
787 1662 1030 1715 condidit
1060 1663 1223 1725 Deus,
1252 1672 1308 1715 ut
1364 1662 1619 1731 explicari
1675 1678 1783 1715 non
1840 1664 2031 1732 possit.

462 1754 929 1817 Quemadmodum
983 1755 1127 1806 enim
1170 1754 1305 1807 velle
1356 1754 1512 1807 nobis
1571 1754 2031 1824 promptissimum

2141 559 2215 618 ὧν
2247 566 2364 618 οὐδὲ
2395 566 2464 618 τὰ
2510 568 2749 637 ὀνόματα
2783 567 3003 619 δυνατὸν
3049 567 3404 639 ἀπαριθμεῖν.
3442 572 3503 625 Et
3534 574 3715 628 τοίνυν

2140 658 2275 726 ὁμοῦ
2304 657 2502 721 πάντα,
2530 657 2605 720 ὡς
2636 657 2851 725 σταγὼν
2878 658 2986 711 ἀπὸ
3015 659 3200 726 κάδου,
3229 661 3395 715 πότον
3426 663 3590 732 μέρος
3616 669 3716 734 τῆς

2143 750 2399 817 σταγόνος
2431 749 2637 819 ταύτης
2671 751 2759 821 οἴῃ
2797 752 3055 816 σεαυτὸν,
3090 754 3186 806 καὶ
3222 753 3337 815 πῶς
3371 757 3715 827 περιεργάζῃ

2138 842 2231 893 τὸν
2258 843 2391 894 Θεὸν
2412 886 2424 907 ,
2459 836 2502 909 ᾧ
2532 843 2709 896 πάντα
2740 843 2805 895 τὰ
2835 843 2965 915 ἔθνη
3018 845 3092 908 ὼς
3126 844 3341 912 σταγὼν
3372 846 3483 898 ἀπὸ
3514 845 3711 912 κὰδου;

2758 1023 2867 1077 Τοῦ
2900 1023 3107 1077 αὑτοῦ.

2214 1115 2421 1182 Μύριοιι
2471 1114 2729 1183 μυριάδες
2774 1114 3232 1184 λειτουργούντων
3272 1116 3521 1183 ἀγγέλων
3565 1115 3713 1179 ἄνω,

2144 1204 2239 1257 καὶ
2288 1202 2457 1273 χίλιοι
2506 1204 2743 1272 χιλιάδες
2791 1206 3179 1274 παρεστώτων,
3222 1207 3315 1258 καὶ
3365 1206 3574 1276 Θρόνοι,
3621 1208 3717 1260 καὶ

2141 1295 2500 1365 κυριότητες,
2542 1296 2634 1348 καὶ
2661 1295 2980 1366 ’Λρχαὶ,καὶ
3017 1296 3303 1363 Ἑξουσίαι,
3358 1299 3450 1351 καὶ
3500 1299 3717 1369 ἄπειροι

2140 1388 2303 1457 δῆμοι
2326 1387 2432 1441 τῶν
2462 1388 2768 1458 ἀσωμάτων
2795 1388 3099 1459 δυνάμεων,
3130 1390 3224 1443 καὶ
3255 1390 3510 1459 ἀμύθητα.
3547 1390 3712 1459 φῦλα,

2141 1478 2235 1530 καὶ
2267 1479 2415 1547 ὅμως
2442 1478 2644 1541 ταύτας
2678 1478 2893 1541 ἁπάσας
2922 1479 3020 1542 τὰς
3054 1479 3314 1549 δυνάμεις
3352 1482 3489 1548 μετὰ
3517 1482 3714 1535 τοο-αύ-

2139 1584 2238 1631 της
2272 1566 2522 1626 εὐκολίας
2558 1567 2783 1636 ἐποίησε
2805 1608 2818 1628 ,
2860 1568 2979 1636 μεθ’
3010 1569 3143 1638 ὃσης
3177 1569 3237 1620 ού
3275 1568 3500 1623 δύναται
3538 1587 3715 1640 napa-

2143 1661 2337 1727 στῆσαι
2380 1659 2554 1724 λόγος.
2596 1660 2863 1730 Καθάπερ
2898 1663 3005 1728 γὰρ
3039 1662 3169 1729 ἡμῖν
3205 1662 3237 1731 ἡ
3275 1661 3529 1731 βούλησις
3561 1665 3716 1733 εὐχε-

2144 1752 2425 1818 ρέστατον,
2461 1750 2631 1811 οὕτως
2665 1750 2857 1820 ἐκείνῳ
2890 1750 2983 1803 τοῦ
3015 1752 3370 1823 δημιουργεῖν
3397 1754 3429 1823 ή
3461 1754 3710 1823 δύναμις.

460 1856 565 1910 est,
588 1848 664 1899 sic
707 1847 777 1899 illi
806 1846 1044 1899 condere
1070 1844 1403 1899 facillimum.
1440 1845 1495 1896 ltl
1550 1845 1693 1913 quod
1738 1845 2035 1899 ostendens

2146 1839 2251 1892 Καὶ
2282 1839 2434 1893 τοῦτο
2461 1841 2637 1909 δηλῶν
2662 1843 2689 1894 ὁ
2719 1843 3006 1913 Προφήτης
3035 1843 3219 1911 ἔλεγεν
3238 1860 3252 1875 ·
3300 1845 3363 1898 '0
3388 1846 3532 1911 Θεὸς
3549 1845 3715 1915 ἡμῶν

462 1938 731 2005 Propheta
768 1954 783 1991 :
816 1938 977 2001 Deus,
1045 1936 1239 2005 inquit,
1290 1945 1464 1989 uoster
1511 1936 1688 1988 omnia
1721 1950 2038 2004 quwcunque

459 2028 641 2093 voluit,
673 2030 794 2099 fecit
828 2031 881 2081 in
910 2028 1038 2081 cwlo
1063 2037 1110 2081 et
1140 2031 1193 2080 in
1228 2038 1371 2081 terra
1410 2030 1452 2080 '.
1486 2026 1675 2080 Nonne
1705 2041 1814 2095 pra}
1862 2026 2035 2095 pudo-

461 2137 518 2175 re
556 2130 608 2176 te
632 2122 805 2192 ipsum
829 2122 931 2175 sub
963 2129 1163 2174 terram
1189 2119 1516 2188 deprimes?
1563 2119 1644 2171 An
1689 2127 1749 2172 ut
1798 2117 2036 2171 admira-

459 2214 598 2267 reris
645 2212 844 2277 solum,
880 2212 1053 2266 elatus
1080 2220 1240 2265 tantae
1260 2210 1480 2265 desidiae
1516 2218 1566 2265 te
1606 2209 1914 2264 addixisti?
1975 2208 2037 2263 Si

457 2304 624 2359 Pater
645 2320 737 2374 ego
766 2320 905 2366 smn,
939 2303 1139 2372 inquit,
1168 2304 1254 2355 ubi
1282 2303 1450 2355 honor
1470 2317 1615 2355 meus
1639 2302 1663 2355 7
1692 2300 1752 2356 Si
1783 2300 2035 2355 Dominus

459 2412 599 2459 sum,
623 2396 712 2448 ubi
743 2397 900 2448 timor
930 2410 1072 2448 meus
1097 2395 1116 2425 ’
1145 2393 1165 2446 Υ
1199 2392 1302 2457 Qui
1341 2393 1487 2447 enim
1532 2393 1704 2455 timet,
1760 2391 1886 2445 colit
1920 2400 2038 2444 tan-

460 2497 574 2542 tum
610 2498 663 2541 et
695 2488 1034 2542 collaudatet
1062 2487 1251 2541 adorat
1280 2502 1293 2538 :
1329 2501 1437 2539 non
1469 2492 1649 2539 autem
1691 2482 1905 2537 curiose
1980 2492 2035 2537 et

463 2580 669 2636 frustra
702 2580 978 2648 disquirit.

1120 2672 1394 2739 Ejusdem.

533 2760 1007 2848 Litt-einliathuns,
1046 2783 1242 2853 inquit,
1270 2784 1594 2836 inaccessam
1630 2782 1668 2836 ³.
1714 2782 1915 2835 Domus
1949 2789 2033 2836 est

465 2878 763 2941 inaccessa,
782 2885 833 2929 et
852 2877 916 2929 ad
941 2890 1088 2941 eum,
1109 2874 1198 2944 qui
1223 2874 1364 2926 illam
1382 2873 1589 2938 incolit,
1609 2873 1790 2928 accedi
1816 2871 2032 2942 poterit.

464 2965 609 3019 D.xit
638 2975 818 3019 autem
879 2968 979 3018 hoc
997 2963 1217 3030 Paulus,
1254 2980 1365 3018 non
1417 2974 1473 3017 ut
1501 2964 1719 3019 domum
1756 2974 1810 3018 et
1857 2963 2034 3018 locum

463 3055 538 3108 illi
571 3069 691 3109 esse
718 3054 1029 3126 suspiceris,
1071 3053 1165 3121 qui
1194 3054 1314 3107 loco
1344 3053 1611 3107 contineri
1667 3068 1772 3105 non
1833 3059 2032 3122 potest,

2137 1932 2205 1984 ἐν
2235 1930 2315 1996 τῷ
2350 1931 2587 1998 οὐρανῷ
2622 1934 2721 1986 καὶ
2746 1934 2909 2002 ἐντῇ
2941 1933 3017 2005 γῇ
3043 1935 3239 1989 πάντα
3261 1935 3375 1989 ὅσα
3408 1936 3713 2005 ἠθέλησεν

2136 2024 2444 2088 ἐποίησεν.
2481 2024 2555 2076 Ού
2591 2026 2943 2095 κατορύττεις
2998 2026 3222 2080 σεαυτὸν
3244 2067 3259 2090 ,
3295 2029 3416 2081 ἀντὶ
3458 2028 3550 2081 τοῦ
3581 2028 3713 2081 θαυ-

2141 2118 2335 2187 μάζειν
2384 2119 2545 2187 μόνον
2592 2121 2671 2182 είς
2722 2119 2985 2173 ἀπόνοιαν
3031 2119 3301 2190 τοσαύτην
3346 2121 3708 2191 ἐκφυσηθείς;

2132 2214 2196 2264 Et
2229 2212 2428 2279 Πατήρ
2480 2214 2597 2280 ειμι
2622 2211 2759 2281 ἐγὼ,
2796 2212 2950 2280 φησὶ.
2987 2211 3104 2266 ποῦ
3139 2216 3309 2266 ἐστιν
3338 2214 3376 2281 ἡ
3415 2213 3562 2278 δόξα
3585 2229 3708 2283 μου

2137 2305 2253 2369 καὶ,
2291 2305 2360 2356 Ei
2410 2303 2623 2371 Κύριός
2669 2306 2824 2373 ειμι,
2861 2303 2979 2358 ποῦ
3026 2302 3196 2357 ἐστιν
3231 2307 3265 2358 ὀ
3308 2305 3492 2374 ζρόόος
3547 2321 3715 2375 μους

2148 2392 2210 2448 Ὀ
2229 2394 2298 2461 γὰ
2306 2411 2337 2464 ρ
2356 2395 2687 2464 φοϐούμενος
2700 2393 2914 2459 δοξάζει
2938 2396 3098 2464 μόνον
3124 2394 3408 2466 εὐφημῶν,
3431 2396 3523 2449 καὶ
3541 2411 3710 2465 προσ-

2138 2487 2336 2550 κυνῶν,
2378 2486 2495 2539 an):
2547 2488 2606 2539 ού
2649 2488 3100 2559 πολυπραγμονεῖ
3134 2490 3229 2543 καὶ
3264 2486 3709 2558 περιεργάζεται.

2756 2666 2865 2720 Τοῦ
2895 2666 3101 2721 αὑτοῦ.

2207 2783 2334 2850 Φῶς
2389 2783 2566 2838 οικῶν
2614 2768 2943 2851 ἀπρόσιτον
2967 2825 2979 2847 ,
3007 2783 3202 2851 φησίνο
3240 2785 3270 2836 ὁ
3305 2781 3453 2848 οἶκος
3507 2783 3711 2855 ἀπρόσ-

2138 2893 2246 2937 ιτος
2268 2916 2282 2938 ,
2311 2877 2405 2928 καὶ
2435 2877 2462 2928 ὁ
2503 2876 2668 2928 οἰκῶν
2694 2877 2985 2945 προσιτὸές
3020 2874 3152 2929 Eine
3182 2876 3240 2929 δὲ
3268 2876 3425 2930 τοῦτο
3457 2878 3666 2940 Παῦλος
3692 2916 3707 2941 ,

2138 2967 2231 3036 οῦχ
2264 2966 2349 3018 ἴνα
2379 2962 2528 3019 οἷκον
2552 3007 2565 3029 ,
2594 2967 2689 3019 καὶ
2718 2967 2880 3020 τόπον
2910 2966 3263 3037 ὑποπτεύσῃς
3292 2969 3418 3036 περὶ
3446 2967 3538 3021 τὸν
3565 2967 3708 3037 ἀχὼο

2143 3074 2303 3128 ρητον
2331 3057 2496 3123 Θεὸν,
2528 3057 2640 3111 ἀλλ’
2668 3057 2733 3110 ἵν’
2761 3060 2825 3111 ὲκ
2857 3058 3057 3127 πολλῆς
3090 3060 3413 3127 περιουσίας
3446 3059 3621 3131 μάθῃς
3650 3059 3712 3113 τὸ

463 3147 557 3202 sed
578 3157 635 3201 ut
670 3162 732 3200 ex
770 3162 829 3200 ea
869 3162 925 3200 re
962 3146 1134 3199 multo
1166 3146 1335 3217 magis
1375 3144 1643 3215 intelligas
1700 3143 1869 3198 Deum
1924 3159 2030 3197 non

2141 3152 2238 3220 τῆς
2268 3149 2420 3212 θείας
2449 3150 2665 3218 φύσεως
2692 3149 3098 3219 ἀκατάληπτον.
3137 3149 3279 3202 Ἀλλ’
3300 3150 3412 3204 οὐδ’
3433 3151 3712 3220 ἀκατάλη-

463 3254 622 3307 posse
655 3238 1065 3308 comprehendi.
1100 3237 1207 3291 Nec
1244 3241 1464 3292 domum
1495 3236 2035 3303 diiitcomprehendi

462 3346 570 3383 non
604 3345 786 3400 posse,
822 3331 915 3385 sed
945 3332 1273 3384 inaccessam
1302 3329 1482 3398 (quod
1506 3329 1680 3399 majus
1713 3338 1794 3383 est
1826 3328 1843 3396 )
1918 3343 2035 3383 eam

462 3424 769 3495 appellavit.
807 3423 1073 3477 Praeterea
1108 3442 1121 3474 :
1161 3421 1236 3475 Tu
1269 3424 1383 3491 quis
1414 3440 1486 3485 es,
1517 3422 1709 3491 inquit,
1743 3433 1797 3474 ut
1830 3438 2040 3491 respon-

462 3521 589 3569 deas
620 3514 727 3568 Deo
756 3515 805 3567 υἱ
840 3514 1041 3567 Divina:
1074 3514 1476 3586 gubernationis
1502 3514 1739 3567 rationes
1770 3513 2039 3567 curiosius

462 3608 814 3676 exquirentes
862 3617 1098 3670 coercet,
1130 3615 1184 3660 et
1241 3615 1295 3659 tu
1348 3606 1557 3659 beatam
1600 3614 1841 3658 naturain
1868 3606 2037 3673 ipsam

464 3700 852 3771 gubernantem
876 3700 1092 3752 conaris
1116 3698 1408 3767 indagare?
1434 3696 1625 3751 Nonne
1654 3698 1755 3750 hoc
1784 3706 2039 3750 extrema:

464 3791 749 3844 dementia:
774 3800 855 3842 cst
909 3801 959 3841 et
982 3789 1261 3858 multiplici
1296 3788 1520 3841 fulmine
1562 3788 1943 3841 vindicandum
1976 3787 1998 3837 ?

1140 3903 1413 3971 Ejusdem.

536 4019 772 4072 Rursum
802 4019 999 4073 Paulus
1023 4036 1034 4071 :
1061 4016 1169 4086 Ego
1193 4034 1271 4069 me
1296 4018 1549 4083 nondum,
1585 4015 1777 4085 inquit,
1809 4014 2041 4068 ambiti-ur

461 4109 910 4177 comprehendisse
938 4109 979 4160 ⁸.
1016 4108 1154 4173 Quid
1193 4108 1294 4169 ais,
1329 4106 1526 4160 Paule?
1569 4104 1844 4160 Christum
1876 4106 2041 4159 habes

462 4202 519 4254 in
556 4209 607 4254 te
640 4182 971 4266 loquentem,l
998 4205 1053 4251 et.
1079 4212 1203 4249 eum
1240 4206 1290 4249 te
1318 4196 1560 4249 nondum
1592 4196 1875 4249 arbitraris
1898 4210 2042 4248 com-

462 4290 863 4360 prehendisse?
887 4287 1158 4351 Profecto,
1185 4287 1383 4356 inquit,
1413 4288 1491 4341 sic
1520 4286 1752 4341 arbitror
1781 4288 2040 4356 quoniam

466 4384 641 4436 habeo
668 4382 943 4435 Christum
978 4380 1028 4433 in
1061 4395 1146 4434 me
1185 4381 1495 4447 loquentem
1526 4379 1918 4449 ducentemque
1955 4392 2042 4430 me

2141 3259 2272 3294 πτον
2301 3236 2421 3294 εἷπε
2452 3241 2545 3293 τὸν
2571 3237 2739 3305 οἷκον,
2770 3240 2884 3294 ἀλλ’
2908 3242 3226 3312 ἀπρόσιτον,
3256 3242 3284 3295 ὃ
3311 3242 3405 3296 τοῦ
3436 3242 3711 3311 ἀκαταλή-

2140 3350 2273 3387 πτου
2308 3330 2703 3403 πολυιλῷμεῖζόν
2725 3332 2862 3385 ἐστι.
2899 3332 3009 3385 Καὶ
3041 3332 3200 3385 πάλιν
3227 3333 3324 3401 μὲν
3345 3329 3440 3385 οὖν
3473 3349 3556 3399 γε·
3584 3350 3602 3382 ι
3633 3334 3706 3385 Σὺ

2138 3425 2219 3489 τίς
2239 3425 2802 3495 ὁάνταποκρινόμενος
2827 3425 2905 3495 τῷ
2923 3425 3071 3495 Θεῷ;
3099 3444 3117 3477 ι
3142 3425 3444 3496 Ζητοῦντας
3457 3419 3711 3480 ﬁat-obm—

2140 3515 2331 3583 νομίας
2370 3513 2506 3566 Θεοῦ
2547 3512 3008 3583 περιεργάζεσθαι
3047 3514 3267 3577 κωλύει,
3305 3516 3399 3569 καὶ
3442 3518 3506 3569 σὺ
3548 3517 3710 3570 πολυ-

2141 3607 2477 3674 πραγμονεῖς
2505 3606 2602 3675 τὴν
2634 3605 2851 3675 μακρὰν
2880 3606 3043 3673 φύσιν
3070 3607 3168 3678 τὴν
3194 3607 3584 3678 οίκονομοῦσαν
3612 3609 3713 3659 αύ-

2139 3698 2271 3764 τάς;
2308 3696 2426 3760 Πῶς
2458 3697 2558 3748 οὐκ
2588 3697 2823 3765 ἐσχάτης
2851 3696 3022 3750 ταῦτα
3055 3698 3282 3766 nomine;
3315 3698 3435 3761 Πῶς
3466 3699 3563 3751 οὐκ
3586 3698 3711 3766 ἀξια
3782 3740 3804 3759 ,

2144 3786 2350 3856 μυρίων
2382 3784 2638 3853 σκηπτῶν
2660 3798 2677 3849 ;

2770 3884 2878 3952 Τοῦ
2903 3898 3111 3954 αὐτοῦ.

2219 4012 2379 4080 Λέγει
2410 4009 2621 4073 Παῦλος
2655 4006 2809 4072 αὖθις
2841 4026 2853 4041 ⁸
2908 4010 3056 4079 Ἐγὼ
3102 4012 3363 4080 ἐμαυτὸν
3402 4013 3569 4067 οὔπω
3608 4014 3711 4065 .10-

2142 4103 2371 4172 γίζομαι
2429 4102 2876 4171 κατειληφέναι.
2952 4100 3018 4155 Τί
3068 4100 3284 4170 λέγεις,
3336 4101 3549 4171 Παῦλε;
3606 4101 3711 4157 Τὸν

2142 4196 2378 4263 Χριστὸν
2430 4195 2575 4265 ἔχεις
2608 4197 2665 4249 ὲν
2699 4193 2910 4263 σεαυτῷ
2956 4192 3241 4258 λαλοῦντα,
3276 4196 3369 4247 καὶ
3407 4194 3471 4248 ού
3518 4193 3710 4267 λογίζῃ

2143 4285 2571 4358 κατειληφέναι;
2614 4285 2742 4350 Ναὶ,
2798 4287 2985 4355 φησιν,
3024 4284 3167 4339 οῦτω
3216 4286 3529 4355 λογίζομαι,
3574 4286 3708 4339 διότι

2142 4377 2231 4429 τὸν
2262 4377 2494 4447 Χριστὸν
2525 4378 2634 4445 ἔχω
2664 4379 2720 4429 ὲν
2747 4379 2875 4447 ἐμοὶ
2918 4377 3209 4445 λαλοῦντα,
3251 4378 3348 4432 καὶ
3388 4376 3713 4431 δ;ᾶάσκοντά

464 4473 544 4526 sic
564 4471 837 4526 arbitrari.
872 4472 1096 4534 Paulus,
1139 4470 1231 4539 qui
1296 4470 1351 4522 in
1404 4474 1585 4540 seipso
1630 4469 1907 4525 Christum
1956 4468 2035 4520 lo-

2149 4487 2215 4540 με
2252 4468 2395 4522 οὕτω
2435 4468 2764 4536 λογίζεσθαι.
2808 4468 3041 4533 Παῦλος,
3082 4470 3110 4521 ὀ
3156 4470 3246 4521 τὸν
3292 4469 3526 4538 Χριστὸν
3576 4467 3715 4538 ἔχων

464 4575 721 4635 quentem
768 4563 951 4628 habet,
988 4562 1223 4617 nondum
1262 4562 1746 4630 comprehendisse
1783 4576 1843 4616 se
1895 4557 2041 4613 arhi-

465 4665 658 4716 tratur.
696 4668 763 4708 ne
791 4654 878 4706 illa
904 4653 1146 4721 quidem,
1178 4665 1299 4720 quas
1322 4652 1388 4703 ad
1415 4653 1574 4704 linem
1618 4652 1914 4719 pertinent,
1945 4655 2038 4709 sed

466 4748 639 4800 credit
670 4747 867 4807 solum,
936 4744 1071 4796 nihil
1118 4743 1277 4797 anxie
1308 4758 1577 4811 quzerens,
1634 4751 1686 4795 et
1738 4753 1793 4795 tu
1831 4745 2043 4799 curiose

468 4838 562 4890 Dei
592 4846 839 4890 naturam
872 4836 1161 4904 aucuparis
1200 4840 1221 4888 ἲ
1262 4835 1453 4887 Dicens
1496 4843 1679 4887 autem
1714 4834 1868 4887 :Non
1902 4837 2044 4889 arbi-

469 4940 581 4979 tror
604 4942 687 4979 me
714 4927 1213 4995 comprehendisse,
1234 4925 1431 4979 indicat
1470 4940 1526 4975 se
1558 4924 2041 4991 comprehendisse

464 5019 704 5085 quidem,
762 5019 855 5069 sed
911 5033 1017 5069 non
1057 5017 1259 5078 onmia,
1299 5016 1361 5066 Et
1394 5014 1517 5065 alibi
1556 5013 1653 5065 :Si
1683 5031 1821 5082 qius,
1846 5017 2045 5083 inquit;

464 5108 667 5160 videtur
706 5107 805 5158 sibi
862 5108 1064 5175 aliquid
1118 5108 1267 5168 scire,
1304 5106 1531 5157 nondum
1566 5105 1850 5168 quiduuam
1883 5106 2039 5169 novit,

466 5202 722 5269 quomodo
754 5199 885 5249 scire
908 5204 1105 5263 oportet
1139 5197 1179 5248 ⁸.
1247 5194 1476 5247 Tantum
1518 5210 1624 5247 non
1658 5196 1786 5249 dicit
1825 5220 1834 5248 ;
1883 5195 2044 5248 Novit

463 5292 553 5349 ille
578 5290 815 5360 quidem,
841 5291 930 5342 sed
967 5307 979 5341 :
1012 5286 1257 5342 Nondum
1291 5286 1474 5353 plane.

1115 5398 1387 5468 Ejusdem.

530 5498 633 5559 Tu,
670 5511 725 5553 ut
754 5498 950 5551 cmlum
979 5512 1039 5549 ac
1065 5505 1262 5548 terram
1284 5502 1335 5545 et
1366 5508 1429 5543 ea
1454 5506 1572 5559 qum
1597 5488 1879 5556 interjecta
1911 5493 2039 5539 sunt

468 5602 667 5644 taceam
686 5633 698 5654 ,
723 5593 960 5644 nondum
981 5587 1234 5657 intelligis
1254 5594 1500 5638 naturam
1523 5592 1687 5647 tuam,
1716 5591 1769 5633 et
1798 5581 1881 5633 his
1905 5594 2041 5648 pra:-

545 5778 559 5806 ‘
596 5775 735 5831 Paul.
759 5793 813 5839 tt,
840 5778 925 5830 59.

1006 5780 1022 5807 '
1061 5777 1317 5841 Μ.ι1.1,¹ὶ.
1400 5778 1417 5807 ³
1453 5776 1632 5828 lTiut.
1664 5787 1737 5839 τι,
1782 5772 1862 5825 l6.

1942 5772 1960 5801 ’⁵
1995 5772 2151 5826 lianc.
2184 5787 2256 5837 ix,
2294 5774 2381 5825 ‘30.
2463 5771 2481 5802 '
2518 5770 2713 5845 Philip.
2746 5790 2827 5838 ιιι,
2867 5772 2950 5829 15.

2146 4564 2205 4613 ὲν
2234 4560 2410 4622 ἑαυτῷ
2441 4560 2725 4624 λαλοῦντα,
2757 4559 2819 4612 ού
2860 4559 3130 4627 λογίζεται
3164 4559 3575 4629 κατειληφέναι,
3594 4559 3714 4612 οὐδὲ

2146 4657 2273 4721 περὶ
2322 4652 2423 4722 τῆς
2481 4653 2754 4715 πίστεως,
2816 4651 2953 4704 ἀλλὰ
3018 4650 3263 4704 πιστεύει
3330 4652 3491 4720 μόνον
3545 4649 3712 4720 μηδὲν

2145 4746 2647 4818 περιεργαζόμενος
2670 4759 2685 4775 ’
2717 4745 2810 4797 καὶ
2835 4744 2898 4796 σὺ
2934 4743 3413 4814 πολυπραγμονεῖς
3447 4744 3547 4812 τὴν
3601 4743 3703 4813 φύ-

2147 4858 2232 4892 σιν
2260 4838 2354 4892 τοῦ
2389 4836 2559 4903 Θεοῦ;
2591 4836 2777 4890 Εἰπὼν
2815 4838 2870 4889 δὲ
2900 4839 2982 4889 ὅτι
3012 4838 3087 4888 Οῦ
3128 4834 3416 4904 λογίζομαι
3460 4836 3711 4905 κατειληο

2148 4930 2330 4998 φέναι,
2356 4927 2580 4997 ἐνέφηνε
2620 4927 2718 4995 μὲν
2745 4927 3155 4995 κατειληφέναι,
3192 4928 3252 4979 ού
3284 4927 3344 4979 τὸ
3366 4929 3474 4981 πᾶν
3502 4927 3579 4982 δέ.
3604 4927 3712 4980 Καὶ

2145 5017 2378 5088 ἀλλαχοῦ
2407 5017 2462 5070 δέ
2499 5034 2662 5087 φησιν
2682 5033 2694 5045 ·
2727 5015 2799 5069 ΕΖ
2824 5033 2909 5081 τις
2932 5016 3099 5068 δοκεῖ
3131 5016 3357 5069 εἰδέναι
3384 5033 3459 5081 τι,
3479 5015 3711 5068 οὐδέπω

2144 5112 2325 5166 οὐδὲν·
2380 5111 2638 5179 ἔγνωκε,
2692 5108 2888 5175 καθὼς
2936 5108 3057 5163 ἔδει
3113 5109 3370 5178 γνῶναι·
3429 5108 3711 5179 μονονουχὶ

2145 5204 2316 5271 λέγων
2355 5204 2435 5255 ὃτι
2468 5202 2673 5268 ἔγνωκε
2705 5201 2823 5269 μὲν,
2854 5202 2953 5253 οὐκ
2984 5201 3213 5264 ἐντελῶς
3247 5201 3323 5257 δέ.

2770 5398 2881 5451 Τοῦ
2912 5400 3118 5455 αὑτοῦ.

2217 5488 2347 5542 Εἶτα
2386 5489 2615 5544 σεαυτοῦ
2646 5490 2749 5558 μὲν
2783 5491 2885 5562 τὴν
2928 5493 3094 5561 φύσιν
3140 5494 3383 5561 ἀγνοεῖς,
3412 5494 3498 5547 ἶνα
3546 5492 3715 5565 μηδὲν

2147 5584 2291 5651 λέγω
2322 5584 2451 5654 περὶ
2480 5582 2732 5653 ούρανοῦ,
2764 5585 2860 5637 καὶ
2896 5583 3021 5653 γῆς,
3048 5585 3143 5638 καί
3187 5584 3297 5637 τῶν
3338 5585 3396 5637 ἐν
3442 5586 3520 5657 τῷ
3565 5588 3716 5656 μέσῳ

3028 5770 3048 5801 ⁸
3083 5773 3246 5830 lCor.
3277 5782 3394 5842 vui,
3430 5774 3492 5827 '2.
