4120 6292
265 1009 294 1034 ιι

309 379 410 446 185

1285 387 1660 450 PANOPLIA
1702 388 2165 450 DOGMATICA.
2206 412 2270 423 —
2311 388 2456 448 TIT.
2502 387 2584 447 ιν

3469 385 3570 448 186

273 491 554 559 εφύσεων,
597 493 696 547 καὶ
746 495 920 552 τᾶλλα
963 499 1140 554 πάντα
1200 501 1598 572 παραδραμὼν,
1647 503 1741 557 ἐπὶ
1794 502 1894 569 τὴν

2001 502 2174 557 teritis
2213 503 2278 557 ad
2342 517 2655 572 supremam
2703 499 2796 556 Dei
2878 508 3133 556 naturam
3211 499 3567 572 indagandam

305 582 766 656 ὑπερφυεστάτην
811 589 906 639 τοῦ
961 587 1101 642 Θεοῦ
1149 589 1311 658 φύσιν
1364 594 1726 664 ἀνατρέχεις;
1771 593 1885 662 Τῆς

309 674 543 728 σεαυτοῦ
582 676 760 747 ψυχῆς
800 680 900 733 οὐκ
947 676 1094 745 οἶδας
1136 683 1237 752 τὴν
1287 685 1500 747 οὐσίαν,
1533 688 1629 742 καὶ
1660 688 1712 740 τί
1745 686 1888 755 λέγω

305 765 409 835 τὴν
437 765 650 833 οὐσίαν,
685 768 806 822 οὐδὲ
842 770 962 833 πῶς
1013 772 1194 825 ἔνεστι
1232 773 1312 843 τῷ
1368 772 1585 843 σώματί
1648 791 1744 828 σου
1803 791 1888 842 γι-

305 857 564 923 νώσκεις,
601 860 832 930 πότερον
885 866 1307 932 παρεκτείνεται
1357 865 1437 935 τῷ
1490 867 1586 920 τοῦ
1634 867 1890 936 σώματος

305 947 496 1017 ὅγκῳ;
533 949 694 1004 Ἀλλὰ
730 951 980 1022 σώματος
1023 955 1154 1009 ῐδιον
1197 958 1230 1027 ἡ
1267 958 1630 1028 παρέκτασις,
1669 959 1730 1010 οὐ
1782 958 1884 1025 ψυι

310 1044 420 1110 χῆς
446 1057 461 1073 ⁸
503 1043 761 1106 πολλάκις
793 1046 924 1116 γὰρ,
971 1046 1079 1100 τῶν
1127 1049 1328 1119 χειρῶν
1355 1050 1386 1120 ἢ
1415 1051 1524 1102 τῶν
1549 1050 1727 1102 ποδῶν
1751 1049 1890 1102 ἀπο-

303 1132 608 1200 κοπέντων,
639 1135 986 1208 ὁλόκληροςή
1013 1138 1160 1209 ψυχὴ
1211 1140 1398 1210 μένειν
1427 1141 1698 1207 πέφυκεν.
1744 1141 1887 1193 Ἀλλ’

302 1226 366 1280 οὗ
415 1227 834 1297 παρεκτείνεται
873 1232 987 1293 τοῖς
1039 1232 1234 1301 μέρεσι
1287 1232 1384 1286 τοῦ
1433 1233 1706 1302 σώματος.
1743 1234 1891 1286 Ἔδει

303 1315 403 1369 οὖν
438 1317 518 1379 είς
567 1316 602 1371 ἃ
651 1319 727 1388 μὴ
777 1319 978 1390 διήκει,
1025 1326 1193 1394 νεκρά
1246 1324 1423 1380 ταῦτα
1459 1323 1619 1380 εἶναι.
1655 1328 1729 1380 Τὸ
1777 1329 1889 1399 γὰρ

303 1405 519 1476 ἄψυχον
547 1408 770 1472 πάντως
809 1410 906 1463 καὶ
934 1415 1148 1483 νεκρόν.
1191 1415 1333 1468 Ἀλλ’
1357 1417 1480 1470 οὐδὲ
1511 1418 1675 1472 τοῦτο
1706 1419 1888 1488 λέγειν

305 1496 448 1550 ἔστι.
474 1498 673 1552 Λοιπὸν
700 1517 818 1564 ουν,
855 1501 939 1554 ὅτι
971 1503 1070 1572 μὲν
1105 1503 1222 1557 ἔστι
1254 1507 1312 1560 ἐν
1336 1508 1413 1578 τῷ
1457 1507 1672 1579 σώματι
1724 1508 1891 1579 γινώ-

309 1607 490 1654 σκεις,
519 1591 581 1644 τὸ
606 1591 660 1646 δὲ
694 1594 830 1658 πῶς,
868 1595 1102 1664 ἀγνοεῖς.
1138 1592 1268 1651 Εἶτα
1312 1601 1539 1653 σεαυτὸν
1570 1602 1722 1656 οὕτω
1750 1621 1889 1673 προ-

307 1683 492 1754 δήλως
546 1686 776 1754 ἀγνοῶν,
821 1687 913 1741 τὸν
963 1688 1193 1742 σεαυτοῦ
1250 1692 1481 1763 ποιητὴν
1527 1693 1837 1762 γινώσκεις,
1864 1695 1892 1748 ὅ

305 1776 412 1846 τὴν
451 1777 614 1844 φύσιν
649 1779 768 1832 ἐστί
796 1797 811 1846 ;
847 1781 1248 1850 Χαλειπώτερά
1301 1800 1441 1855 σοου.
1483 1785 1640 1856 φησι,
1668 1787 1754 1855 μὴ
1795 1786 1892 1858 δή·

303 1883 418 1932 τοι,
455 1868 552 1921 καὶ
583 1871 946 1938 ἰσχυρότερὰ
984 1887 1103 1927 σου
1151 1875 1238 1942 μὴ
1278 1853 1555 1938 ἐξέταζεἐ
1588 1853 1679 1947 μὴί
1703 1853 1784 1932 ὅτι
1825 1853 1890 1946 γε
1921 1853 1963 1904 Β

307 1958 446 2028 περὶ
474 1960 610 2014 Θεοῦ
653 1961 896 2030 φύσεως,
929 1965 960 2034 ἢ
1011 1966 1340 2038 ἀγγέλων,ἢ
1379 1967 1707 2038 ἀνθρώπων,
1752 1971 1890 2024 ἀλλά

308 2051 450 2119 μηδὲ
497 2052 626 2120 περὶ
671 2054 780 2107 τῶν
827 2054 1073 2127 ἀψύχων.
1125 2058 1188 2110 Ei
1233 2061 1340 2129 γὰρ
1381 2059 1652 2131 βουληθῆς
1714 2061 1892 2116 ἐλθεῖν

304 2145 390 2207 είς
425 2145 657 2215 ζήτησιν
705 2148 815 2200 τῶν
863 2150 1270 2220 γεγενημένων,
1325 2152 1409 2215 είς
1459 2150 1688 2223 εὔριπον
1738 2153 1892 2220 λογι-

307 2235 450 2306 σμὸν
482 2239 574 2289 καὶ
607 2237 836 2308 κύματα
890 2241 1061 2295 πολὺν
1099 2243 1444 2313 ἐργαζόμενα
1490 2246 1761 2314 χειμῶνα,
1796 2246 1892 2297 καὶ

305 2329 576 2396 ναυάγιον
631 2330 812 2401 ψυχῆς
862 2333 1116 2402 ἐμϐαλὼν
1176 2333 1410 2406 σεαυτῷ,
1440 2336 1500 2388 ού
1559 2337 1724 2404 μόνον
1769 2337 1892 2407 εἴσῃ

305 2418 484 2473 πλέον
522 2421 694 2488 οὐδὲν,
732 2425 807 2495 μὴ
832 2424 1134 2494 δυνάμενος
1165 2426 1403 2480 ἑκάστου
1436 2428 1638 2496 λόγους
1681 2429 1888 2498 εὑρεῖν,

304 2511 458 2566 ἀλλὰ
492 2513 588 2566 καὶ
629 2515 737 2569 τῶν
770 2517 868 2570 νῦν
902 2533 984 2570 σοι
1009 2517 1313 2572 δοκούντων
1340 2518 1524 2572 καλῶν
1555 2519 1726 2573 πολλὰ
1771 2521 1891 2573 δια-

304 2602 526 2670 σαλεῖς,
559 2607 664 2660 ὑπὸ
707 2608 806 2678 τῆς
834 2607 1122 2675 ἀσθενείας
1166 2611 1277 2665 τῶν
1306 2610 1588 2681 λογισμῶν
1640 2614 1721 2676 είς
1762 2613 1890 2668 τάν-

302 2712 414 2751 αντ
424 2697 476 2750 ία
504 2702 928 2772 περιαγόμενος.

923 2931 1031 2985 Τοῦ
1082 2931 1294 2986 αὑτοῦ.

388 3043 522 3097 Ἵνα
546 3041 850 3114 γνωρισθῇ
872 3044 1009 3111 νῦν,
1048 3047 1182 3116 φησὶ
1211 3047 1310 3102 καὶ
1346 3047 1476 3114 ταῖς
1512 3049 1759 3118 Ἀρχαῖς,
1795 3053 1894 3106 καὶ

298 3138 447 3205 ταῖς
482 3139 818 3207 Ἑξουσίαις
843 3141 916 3194 ἐν
943 3140 1068 3206 τοῖς
1101 3141 1485 3211 ἐπουρανίοις
1510 3142 1607 3196 διὰ
1627 3141 1736 3212 τῆς
1768 3144 1893 3198 Ἔκ-

300 3233 582 3298 κ.2ησιάς
651 3233 690 3302 ἡ
762 3233 1207 3300 πολυποίκιλος
1281 3234 1390 3288 τοῦ
1459 3235 1608 3290 Θεοῦ
1683 3238 1891 3305 σοφία.

315 3325 576 3390 Ἀκούεις
608 3326 698 3380 τοῦ
727 3326 938 3380 Παύλου
971 3327 1221 3396 λέγοντος
1252 3328 1335 3382 ὅτι
1383 3329 1514 3384 Νῦν
1542 3330 1673 3398 μεθ’
1703 3329 1892 3398 ἡμῶν,

299 3417 417 3472 καὶ
451 3416 524 3469 δι’
556 3417 747 3487 ἡμῶν,
782 3419 881 3472 καὶ
913 3421 984 3473 οὐ
1023 3421 1336 3488 πρότερον,
1371 3423 1432 3475 αι
1459 3421 1583 3475 ἅνω
1611 3423 1896 3491 δυνάμεις

299 3512 598 3576 ἔγνωσαν
644 3510 716 3563 τὰ
755 3509 864 3564 τοῦ
906 3508 1178 3580 μεγάλου
1220 3511 1532 3576 Βασιλέως
1562 3513 1894 3582 ἀπόρῤητα.

301 3600 439 3654 ’Ίνα
459 3600 566 3670 γὰρ
597 3600 673 3671 μὴ
719 3601 945 3673 νομίσῃς
973 3603 1054 3654 ὅτι
1087 3601 1291 3672 Ἀρχὰς
1320 3602 1414 3656 καὶ
1464 3602 1743 3668 Ἐξουσίας
1771 3605 1898 3670 τοὺς

302 3692 587 3763 δαίμονας
638 3694 812 3762 λέγει,
857 3691 1226 3763 προσέθηκεν,
1267 3694 1350 3747 ὅτι
1393 3695 1451 3748 ἐν
1494 3697 1607 3759 τοῖς
1650 3696 1896 3764 ἐπουρα-

303 3784 479 3847 νίοις,
514 3785 648 3838 ὅπου
699 3784 952 3854 δαίμονες
1003 3783 1313 3838 ὲπιδαίνειν
1358 3786 1418 3839 οὐ
1451 3786 1730 3842 δύνανται.
1760 3783 1900 3842 Εἶτα

306 3877 426 3945 τὴν
475 3875 709 3947 μερικὴν
757 3875 924 3930 αὐτοῦ
969 3875 1186 3946 σοφίαν,
1212 3877 1311 3944 τὴν
1349 3877 1602 3948 περὶτῆς
1633 3877 1903 3948 ὲνανθρω-

307 3969 547 4041 ’πτήσεως
573 3971 665 4023 καὶ
693 3968 938 4039 κλήσεως
968 3968 1077 4023 τῶν
1103 3967 1273 4021 ἐθνῶν
1295 3968 1355 4022 οὐ
1389 3971 1658 4040 πρότερον
1682 3968 1901 4041 ᾔδεισαν

315 4062 386 4116 αἱ
439 4061 692 4131 οὐράνιαι
730 4061 1012 4132 δυνάμεις,
1061 4059 1156 4114 καὶ
1209 4059 1276 4113 σὺ
1327 4059 1423 4113 νῦν
1470 4060 1638 4113 αὐτὸν
1690 4063 1901 4113 ἐκεῖνον

313 4153 669 4219 κατέ).α6ες;
701 4155 813 4207 Καὶ
851 4153 932 4207 Τὰ
980 4152 1074 4207 τοῦ
1124 4152 1263 4205 Θεοῦ
1312 4151 1415 4222 μὲν
1447 4152 1622 4217 οὐδεὶς
1673 4149 1816 4206 οἶδεν
1852 4155 1902 4207 si

317 4245 405 4319 μὴ
459 4245 520 4298 τὸ
559 4244 783 4314 Πνεῦμα
827 4244 921 4298 τοῦ
971 4243 1146 4298 Θεοῦ·
1179 4243 1277 4298 καὶ
1323 4243 1514 4308 Οὐδεὶς
1565 4242 1779 4315 ἑώρακε
1811 4245 1902 4298 τον

318 4335 551 4409 Πατέρα
588 4337 637 4390 εί
676 4337 749 4409 μὴ
784 4338 812 4390 ὁ
843 4336 908 4390 ὲκ
937 4335 1033 4389 τοῦ
1081 4335 1217 4388 Θεοῦ
1265 4333 1362 4400 ὢν,
1418 4337 1445 4388 ὁ
1492 4335 1620 4399 Υίὸς
1655 4334 1901 4406 δηλαδή·

315 4431 387 4484 τὸ
417 4429 527 4501 γὰρ
557 4429 732 4494 οὐδεὶς·
782 4429 879 4482 καὶ
913 4429 1006 4482 ἐπὶ
1043 4427 1138 4481 τοῦ
1177 4426 1522 4498 Πνεύματος,
1558 4426 1653 4480 καὶ
1681 4427 1776 4479 ἐπὶ
1805 4424 1900 4479 τοῦ

1987 595 2250 649 accurris?
2280 595 2459 649 Animi
2493 595 2568 649 tui
2617 596 2832 666 ignoras
2882 593 3200 648 essentiam.
3263 592 3570 648 Essentiam

1987 685 2138 739 dico?
2172 684 2282 739 lmo
2311 701 2438 740 vero
2473 686 2654 741 nescis
2694 686 2972 755 quomodo
3005 685 3054 739 is
3077 684 3210 739 insit
3239 684 3297 739 in
3339 699 3571 754 corpore

1989 785 2101 830 tuo.
2135 775 2275 843 Quid
2309 778 2401 840 ita,
2439 779 2672 848 inquies.
2700 793 2884 832 nonne
2939 777 3007 833 ad
3064 777 3260 832 molem
3322 777 3572 846 corporis

1987 869 2324 924 extenditur?
2343 870 2564 924 Minime
2597 887 2723 926 vero
2748 889 2760 925 :
2788 887 2909 925 nam
2931 871 3178 925 extensio
3205 871 3448 940 corporis
3463 879 3571 936 est,

1991 978 2096 1015 non
2120 963 2308 1017 animi.
2343 964 2494 1034 Saepe
2511 965 2944 1023 enimmanibus.
2975 973 3062 1018 aut
3100 961 3330 1032 pedibus
3381 975 3574 1030 ampu-

1989 1054 2116 1108 tatis
2152 1065 2295 1110 totus
2319 1057 2371 1110 in
2404 1073 2598 1112 manco
2625 1073 2853 1128 corpore
2901 1057 3114 1111 animus
3169 1063 3372 1110 manet.
3405 1052 3570 1118 Quid,

1991 1147 2226 1216 inquies,
2266 1163 2446 1202 nonne
2464 1149 2532 1203 ad
2567 1165 2760 1204 omnes
2797 1149 3046 1218 corporis
3077 1159 3260 1217 partes
3323 1143 3572 1200 cxtendi-

1993 1243 2122 1294 tur?
2144 1241 2305 1310 Atqui
2338 1243 2555 1296 videtur
2581 1242 2798 1296 extendi
2830 1252 3104 1309 opor:ere.
3148 1238 3364 1306 Alioqui
3415 1251 3567 1290 mor—

1994 1341 2099 1386 tuae
2127 1342 2310 1388 essent
2344 1334 2447 1388 illa:
2479 1343 2663 1402 partes
2689 1333 2756 1387 ad
2787 1348 2922 1402 quas
2955 1332 3172 1386 animus
3197 1345 3306 1383 non
3377 1343 3572 1396 perve-

1993 1425 2158 1479 niret.
2192 1425 2343 1489 Quod
2376 1426 2519 1479 enim
2551 1426 2734 1479 animo
2784 1432 2950 1488 caret,
3011 1432 3161 1477 caret
3211 1431 3266 1475 ct
3304 1419 3433 1472 vita.
3495 1418 3572 1471 lix

1994 1515 2078 1570 his
2099 1515 2391 1586 colligitur,
2425 1525 2475 1570 te
2505 1515 2646 1569 scire
2669 1514 2907 1569 animum
2941 1515 2991 1567 in
3013 1527 3241 1582 corpore
3287 1522 3570 1576 essequo-

1993 1608 2159 1663 modo
2180 1618 2359 1662 autem
2393 1609 2447 1662 in
2478 1623 2706 1677 corpore
2735 1607 2826 1668 sit.
2881 1608 3151 1676 ignorare.
3207 1602 3343 1658 Cum
3410 1601 3573 1668 igitur

1997 1697 2234 1766 teipsum
2271 1698 2432 1767 plane
2463 1698 2697 1766 ignores,
2737 1705 2986 1749 naturam
3027 1706 3324 1761 cognost-es
3352 1689 3572 1744 eﬁceto-

1994 1788 2070 1841 ris
2095 1788 2172 1842 tui
2199 1789 2222 1841 ?
2251 1788 2383 1854 Qua:
2423 1799 2472 1842 te
2503 1787 2799 1856 difﬁciliora
2836 1796 2980 1849 sunt,
3010 1786 3208 1851 inquit,
3238 1799 3300 1836 ne
3339 1796 3572 1848 quwras,

1993 1890 2042 1934 et
2057 1895 2173 1950 qua
2195 1883 2418 1951 fortiora
2439 1889 2559 1934 sunt
2591 1890 2660 1942 te.
2688 1896 2750 1934 ne
2780 1881 3020 1949 explores
3043 1879 3082 1934 ¹.
3104 1878 3270 1939 Cave,
3301 1891 3371 1930 ne
3394 1876 3575 1930 curio-

1994 1974 2110 2028 sius
2137 1974 2432 2043 invcstiges
2461 1990 2566 2028 non
2595 1974 2758 2028 modo
2797 1983 3045 2026 naturam
3089 1971 3203 2036 Dei,
3235 1978 3327 2024 aut
3349 1969 3574 2038 angelu-

1995 2079 2136 2125 rum,
2169 2073 2261 2116 aut
2288 2063 2592 2125 hominum,
2617 2063 2710 2118 sed
2735 2077 2799 2116 ne
2833 2062 3041 2116 illarum
3077 2061 3298 2130 quidem
3365 2075 3571 2122 rerum,

1993 2169 2114 2222 quae
2149 2162 2277 2208 sunt
2327 2153 2601 2207 inanimae.
2633 2153 2689 2207 Si
2716 2153 2861 2206 enim
2895 2152 3330 2221 disquisitionem
3355 2165 3571 2212 eorum,

1992 2261 2115 2314 qua:
2138 2256 2421 2314 procreata
2479 2255 2629 2309 sunt,
2676 2260 2962 2314 aggressus
2987 2243 3177 2305 fueris,
3207 2243 3261 2295 in
3291 2243 3565 2296 rationum

1996 2334 2282 2404 Euripum,
2349 2347 2403 2390 et
2449 2335 2651 2391 ﬂuetus
2715 2351 2966 2400 magnam
3043 2341 3445 2403 tempestatem,
3511 2339 3569 2383 et

1993 2425 2333 2496 naufragium
2357 2426 2519 2480 animi
2553 2426 2892 2481 concitantes
2943 2434 3051 2479 tete
3105 2424 3423 2489 conjiciens,
3461 2438 3569 2475 non

1994 2518 2157 2573 modo
2175 2519 2312 2572 nihil
2334 2519 2569 2587 amplius
2591 2517 2789 2582 disces,
2820 2532 2944 2570 cum
2981 2531 3166 2569 rerum
3218 2515 3558 2584 singularum

1994 2608 2264 2663 rationem
2295 2609 2537 2677 reperire
2564 2623 2674 2662 non
2703 2622 2893 2678 queas,
2947 2622 3136 2661 verum
3175 2607 3336 2662 etiam
3373 2606 3575 2660 mentis

1996 2701 2369 2755 imbecillitate
2396 2709 2653 2769 tanquam
2691 2700 2908 2755 turbine
2969 2701 3356 2764 circumactus,
3404 2698 3574 2752 multa

1994 2808 2112 2862 qua:
2173 2793 2270 2848 tibi
2329 2803 2464 2851 tunc
2521 2793 2780 2866 praeclara
2834 2792 3112 2860 videntur,
3137 2791 3574 2848 ‘calumniaberis.

2635 2929 2912 3000 Ejusdem.

2079 3047 2140 3103 Ut
2165 3047 2479 3114 innotescat,
2510 3047 2708 3118 inquit,
2736 3064 2875 3101 nunc
2897 3047 3291 3115 Principatibus
3317 3057 3364 3101 et
3393 3037 3577 3100 Potes-

2001 3141 2193 3197 tatibus
2210 3141 2263 3194 in
2282 3142 2419 3196 caelis
2434 3157 2527 3210 per
2539 3140 2831 3196 Ecclesium
2851 3140 3130 3211 multiplex
3144 3138 3407 3207 sapientia
3430 3138 3572 3192 Dei’.

1997 3235 2169 3292 Audis
2204 3235 2432 3290 Paulum
2461 3235 2728 3290 dicentem
2759 3250 2772 3286 :
2811 3232 2966 3288 Nune
2996 3249 3101 3287 una
3157 3233 3466 3294 nobiscum,
3518 3239 3576 3285 ct

1998 3343 2097 3400 per
2129 3342 2250 3390 nos,
2276 3341 2377 3382 nec
2409 3326 2558 3396 prius
2581 3325 2832 3380 ctelestes
2853 3324 2974 3378 illas
3002 3323 3233 3378 virtutes
3257 3321 3432 3392 magni
3464 3319 3574 3375 Re-

1997 3423 2080 3491 gis
2103 3433 2298 3474 arcana
2327 3419 2672 3490 cognovisse.
2724 3419 2804 3472 Ac
2838 3433 2908 3472 ne
2933 3415 3280 3485 Principatus
3317 3423 3373 3468 et
3423 3413 3579 3468 Pote-

2000 3520 2198 3575 states,
2219 3514 2312 3580 qui
2332 3511 2612 3566 daemones
2645 3519 2795 3574 sunt,
2831 3509 3162 3579 intelligeres
3191 3526 3206 3561 :
3240 3504 3488 3575 adjunxit
3522 3505 3575 3558 in

1999 3602 2174 3666 cmlis,
2209 3618 2319 3672 quo
2355 3603 2630 3656 daamones
2654 3601 2895 3671 aspirare
2926 3616 3036 3654 non
3075 3610 3330 3670 possunt.
3383 3599 3579 3652 Partes

1999 3693 2168 3763 igitur
2202 3693 2490 3765 sapientia:
2531 3692 2624 3746 Dei
2668 3693 2735 3746 ad
2791 3691 3031 3746 divinam
3078 3691 3332 3744 humana:
3397 3689 3580 3744 carnis

1999 3787 2454 3854 assumptionem,
2479 3793 2536 3838 et
2560 3783 2902 3838 vocationem
2931 3784 3179 3853 gentium
3233 3783 3580 3854 pertinentes

1999 3880 2250 3935 ccelestes
2283 3878 2387 3931 illa:
2414 3886 2624 3930 mentes
2653 3887 2778 3930 ante
2828 3891 2935 3928 non
2989 3885 3374 3945 perceperunt,
3434 3883 3490 3928 ct
3524 3883 3583 3928 tu

2001 3988 2151 4027 nunc
2176 3973 2352 4040 ipsum
2381 3969 2886 4038 comprehendisti?
2909 3969 2976 4022 Et
3004 3984 3128 4038 qua:
3156 3969 3248 4022 Dei
3273 3977 3587 4022 suntuemo

2002 4063 2158 4119 novit
2191 4061 2292 4116 nisi
2318 4059 2555 4131 Spiritus
2582 4060 2700 4114 Dei.
2728 4061 2795 4114 Et
2824 4075 2986 4114 nemo
3013 4060 3165 4114 novit
3197 4060 3435 4122 Patrem,
3473 4059 3582 4115 nisi

2001 4153 2095 4224 qui
2132 4169 2196 4208 ex
2227 4151 2337 4206 Deo
2368 4161 2474 4215 est,
2503 4166 2698 4222 nempe
2757 4149 2968 4205 Filius:
3031 4151 3122 4205 illa
3163 4165 3399 4221 namque
3456 4166 3608 4214 vox,-

2005 4246 2292 4317 Spiritum,
2331 4254 2387 4300 et
2445 4244 2641 4299 Filium
2678 4245 2915 4300 secernit
2971 4259 3000 4298 a
3049 4245 3210 4300 rebus
3263 4244 3584 4313 procreatis,

2003 4338 2199 4409 quibus
2228 4337 2503 4402 omnibus,
2526 4337 2640 4391 sive
2657 4351 2845 4401 sensu,
2875 4335 2990 4391 sive
3019 4337 3203 4390 animo
3219 4346 3275 4391 et
3301 4337 3587 4408 cogitatio-

2007 4418 2074 4482 ne
2139 4436 2353 4482 tantum
2408 4424 2806 4496 percipiantur,
2851 4424 3011 4478 talem
3061 4424 3252 4480 adimit
3305 4426 3588 4495 cogitatio-

319 4521 460 4577 Υἱοῦ
513 4521 649 4592 προς
685 4520 812 4580 τοὺς
855 4521 1106 4583 κτιστοὺς
1155 4519 1695 4582 ἀντιδιαστέλλεται,
1743 4517 1895 4592 πάσῃ

2008 4535 2170 4575 nem:
2200 4530 2256 4574 et
2282 4527 2361 4586 tu,
2397 4520 2551 4588 quasi
2583 4516 2668 4572 bis
2689 4516 2938 4588 superior
2962 4516 3058 4583 sis,
3093 4533 3212 4573 eam
3258 4518 3351 4574 tibi
3400 4518 3584 4573 vindio

323 4615 526 4684 κτιστῇ
583 4613 746 4684 φύσει
803 4614 972 4684 ὀρατῇ
1035 4611 1131 4665 καὶ
1197 4612 1415 4680 ἀοράτῳ
1491 4611 1591 4681 τὴν
1643 4612 1901 4685 τοιαύτην

2012 4627 2105 4669 cas
2126 4615 2148 4668 ?

321 4707 538 4779 γνῶσιν
574 4703 960 4775 ἀποτειχίζονο
1017 4701 1083 4756 σὺ
1120 4701 1176 4754 δὲ
1243 4701 1594 4773 παρενείρεις
1672 4705 1902 4758 σεαυτὸν
1939 4707 2020 4768 εἰς
2065 4704 2296 4774 ταύτην,
2355 4705 2434 4767 ὡς
2495 4701 2637 4772 ὑπὲρ
2691 4701 2794 4766 τὰς
2864 4698 3059 4771 φύσεις
3106 4700 3308 4764 ταύτας
3357 4716 3580 4774 γεγενηη

328 4805 495 4868 μένον
513 4819 530 4869 ;

331 4924 461 4977 Ἔτι
491 4920 623 4985 περὶ
654 4918 764 4972 τοῦ
787 4917 1219 4984 ἀκατάληπτον
1245 4912 1397 4986 εἶναι
1431 4915 1548 4986 τὴν
1577 4917 1750 4971 θείαν
1786 4919 1904 4986 φύ-

508 4983 632 5043 σιν.
674 4988 784 5043 Τοῦ
814 4983 1233 5056 Δαμασκηνοῦ.
1279 4983 1623 5054 Κεφάλαιον
1655 4993 1729 5043 α’.

407 5103 558 5157 Θεὸν
592 5101 792 5167 οὐδεὶς
815 5100 1033 5168 ἑώρακε
1056 5098 1311 5164 πώποτε,
1335 5101 1368 5152 ὀ
1386 5099 1722 5170 μονογενὴς
1753 5101 1902 5167 Υἱὸς,

327 5201 363 5253 ό
385 5195 472 5250 ὢν
486 5197 555 5248 ἐν
572 5195 696 5260 τοῖς
715 5193 966 5257 κόλποις
986 5190 1092 5244 τοῦ
1125 5191 1375 5258 Πατρός,
1393 5190 1577 5257 αὐτὸς
1601 5189 1905 5259 ἐξηγήσαρ

325 5303 420 5343 το.
450 5287 724 5357 Ἀρρητον
742 5277 834 5336 οὖν
861 5282 921 5334 τὸ
955 5279 1122 5346 θεῖον,
1145 5281 1238 5334 καὶ
1261 5279 1669 5348 ἀκατάληπτον.
1720 5279 1910 5342 Οὐδεὶς

327 5379 442 5446 γὰρ
470 5373 821 5442 ἐπιγινώσκει
843 5371 934 5424 τὸν
976 5371 1196 5440 Πατέρα
1231 5373 1279 5423 εἰ
1311 5369 1386 5438 μὴ
1420 5371 1449 5422 ὁ
1479 5369 1628 5434 Υἱὸς,
1667 5368 1788 5421 οὐδὲ
1818 5369 1910 5422 τὸν

328 5469 462 5523 Υἰδν
513 5467 562 5519 εἰ
608 5465 684 5535 μὴ
720 5466 748 5518 ὁ
779 5463 992 5533 Πατήρ.
1040 5464 1151 5517 Καὶ
1191 5461 1252 5515 τὸ
1303 5461 1525 5530 Πνεῦμα
1568 5459 1625 5514 δὲ
1659 5460 1720 5512 τὸ
1755 5461 1909 5526 ἅγιον

339 5561 509 5624 οὕτως
537 5556 646 5613 οἶδε
694 5557 764 5610 τὰ
799 5557 895 5611 τοῦ
926 5556 1086 5622 Θεοῦ,
1117 5555 1192 5617 ὡς
1227 5555 1288 5607 τὸ
1321 5553 1544 5622 πνεῦμα
1575 5550 1668 5604 τοῦ
1699 5550 1912 5619 ἀνθρώ-

339 5670 444 5710 πον
486 5647 595 5705 οἶδε
649 5651 715 5704 τὰ
761 5651 818 5704 ἐν
870 5646 1038 5717 αὐτῷ.
1095 5647 1250 5701 Μετὰ
1300 5645 1355 5698 δὲ
1411 5642 1508 5715 τὴν
1560 5641 1784 5714 πρώτην
1817 5643 1911 5697 καὶ

416 5814 432 5842 ⁸
462 5810 613 5866 Eccl.
642 5825 724 5877 ιιι,
747 5807 834 5863 22.
911 5809 929 5839 ²
961 5807 1163 5878 Ephcs.
1194 5819 1281 5873 ιιι,
1327 5803 1404 5859 l2.
1484 5803 1501 5835 ³
1529 5801 1685 5859 Ιοιιῖι.
1725 5818 1761 5870 ι,
1793 5801 1876 5859 IS.

2007 4914 2147 4971 Item
2171 4921 2420 4967 naturam
2450 4891 2684 4966 divinam
2721 4909 3086 4996 comprehendi
3117 4925 3220 4962 non
3267 4925 3438 4978 posse.
3471 4911 3586 4967 Da-

2531 4981 2784 5035 masceni.
2812 4979 2946 5048 Cap.
2983 4979 3036 5032 1.

2087 5095 2416 5149 Deumnemo
2443 5093 2572 5147 vidit
2612 5107 2845 5161 unquam
2874 5105 2893 5145 :
2929 5090 3230 5160 unigenitus
3259 5090 3446 5153 Filius,
3490 5093 3583 5160 qui

2010 5198 2084 5244 est
2107 5189 2163 5241 in
2183 5189 2303 5241 sinu
2320 5187 2516 5252 Patris,
2535 5187 2644 5254 ipse
2671 5183 2984 5239 enarravit'.
3015 5183 3158 5239 Deu's
3175 5184 3339 5255 igitur
3361 5200 3462 5239 nec
3489 5200 3588 5238 cx-

2015 5278 2224 5349 plicari,
2257 5292 2360 5332 nec
2394 5275 2785 5346 comprehendi
2810 5284 3011 5344 potest.
3037 5274 3233 5330 Nullus
3283 5275 3430 5330 enim
3480 5290 3580 5326 nu-

2011 5371 2088 5424 vit
2123 5369 2336 5423 Patrem
2373 5368 2482 5423 nisi
2514 5367 2706 5432 Filius,
2737 5383 2916 5437 neque
2953 5365 3150 5421 Filium
3178 5366 3282 5420 nisi
3313 5365 3494 5420 Pater.
3523 5365 3586 5418 Et

2013 5470 2260 5540 Spiritus
2277 5479 2501 5524 sanctus
2524 5484 2644 5540 quae
2679 5467 2767 5521 Dei
2803 5477 2954 5530 sunt,
2991 5477 3050 5520 ut
3080 5465 3308 5535 spiritus
3347 5464 3590 5521 hominis

2012 5563 2183 5625 novit,
2217 5577 2336 5630 quae
2371 5561 2575 5615 suntin
2619 5560 2858 5615 homine.
2906 5559 3218 5612 Secundum
3280 5555 3424 5610 illam
3473 5557 3588 5625 pri-

2015 5663 2156 5703 mam
2189 5648 2512 5718 beatamque
2541 5659 2818 5714 naturam,
2862 5645 3040 5702 nullus
3075 5661 3184 5701 non
3234 5660 3296 5703 ex
3350 5645 3588 5717 homini-
