4066 6288
551 383 649 447 137

550 611 824 672 celsiores,
860 618 955 662 aut
987 623 1050 661 ex
1077 605 1364 667 cherubin,
1410 614 1503 659 aut
1536 605 1791 673 seraphin
1822 601 1988 656 Deum
2027 616 2129 654 no-

551 702 651 767 vit,
671 701 778 755 nisi
798 701 882 755 cui
905 699 1172 768 Deusipse
1196 713 1254 752 se
1276 696 1530 768 patefecit
1553 709 1610 749 et
1645 693 1923 749 indicavit.
1941 693 2132 760 Neque

557 793 810 846 tamenin
860 790 1008 844 omni
1030 803 1254 858 prorsus
1293 788 1632 858 ignoratione
1658 785 1739 840 sui
1781 784 2000 853 reliquit
2032 797 2132 836 nos

555 885 721 937 Deus.
742 881 1007 936 Omnibus
1029 881 1172 934 enim
1187 880 1253 934 ab
1276 879 1394 948 ipso
1415 878 1733 932 naturaliter
1753 877 1973 932 insitum
2002 877 2132 932 illud

557 985 661 1037 est,
680 987 736 1029 ut
758 983 1083 1044 cognoscant
1100 987 1220 1028 esse
1240 972 1428 1028 Deum.
1450 971 1654 1026 Deinde
1673 986 1851 1025 rerum
1873 968 2135 1024 universi-

559 1078 642 1120 tas
663 1067 888 1135 ejusque
930 1067 1275 1119 conservatio
1301 1073 1355 1118 et
1387 1063 1688 1117 moderatio
1718 1061 1916 1115 divittre
1976 1068 2136 1113 natu-

560 1173 635 1210 ne
691 1156 1128 1221 magnitudinem
1180 1156 1457 1225 praedicat.
1505 1154 1769 1208 Praeterea
1825 1167 1922 1221 per
1961 1151 2133 1221 legem

560 1256 616 1300 et
649 1246 940 1314 prophetas
992 1245 1167 1315 prius.
1229 1253 1343 1298 tum
1393 1258 1490 1311 per
1540 1241 1880 1312 unigenitum
1936 1239 2134 1292 Filium

561 1352 742 1403 suum,
769 1337 1076 1400 Dominum,
1111 1346 1167 1390 et
1191 1335 1384 1399 Deum,
1414 1343 1467 1386 et
1495 1333 1838 1386 S--rvatorem
1896 1339 2135 1384 nostrum

561 1427 748 1482 Jesutn
828 1429 1131 1494 Christum,
1187 1436 1450 1496 quantum
1521 1440 1716 1494 capere
1795 1435 2135 1492 poteramus,

565 1523 711 1574 Deus
770 1522 1135 1591 cognitionem
1197 1522 1282 1575 sui
1318 1519 1480 1572 nobis
1518 1517 1754 1588 aperuit.
1799 1515 1992 1570 Omnia
2040 1515 2137 1586 igi-

569 1623 658 1665 tur
681 1628 802 1682 quze
827 1614 984 1667 nobis
1012 1629 1110 1682 per
1141 1613 1338 1682 legem,
1374 1623 1428 1665 et
1470 1611 1783 1680 prophetas,
1817 1618 1870 1663 et
1917 1616 2138 1678 aposto-

565 1703 670 1768 los,
697 1713 750 1756 et
779 1703 1142 1773 evangelistas
1184 1704 1379 1756 tradita
1411 1709 1558 1765 sunt,
1585 1715 1648 1754 ea
1694 1698 2041 1769 suscipimus,
2087 1709 2140 1752 et

567 1794 946 1863 cognoscimus
981 1802 1037 1848 et
1085 1808 1432 1856 veneramur,
1485 1792 1620 1846 nihil
1673 1791 1903 1860 amplius
1958 1789 2139 1858 inqui—
2175 1829 2213 1886 Β

569 1895 770 1939 rentes.
813 1885 950 1939 Deus
982 1885 1147 1948 enim,
1182 1900 1304 1939 cum
1353 1885 1528 1938 bonus
1562 1885 1654 1949 sit,
1705 1896 1877 1936 omne
1934 1881 2138 1936 bonum

568 1977 847 2045 elargitnr,
879 1990 982 2030 nec
1015 1975 1254 2038 invidire,
1282 1975 1491 2029 autulli
1523 1973 1930 2044 perturbationi
1971 1972 2144 2026 obno-

569 2067 693 2120 xius
713 2074 813 2122 est.
840 2066 976 2120 Nam
1010 2081 1040 2119 a
1070 2067 1363 2121 divinailla
1411 2075 1632 2131 natura,
1673 2064 1922 2119 omnium
2002 2063 2141 2118 atie-

571 2157 810 2211 ctionum
840 2157 1068 2226 experti,
1095 2173 1157 2211 ac
1187 2156 1299 2210 sola
1333 2156 1477 2212 bona
1515 2156 1703 2224 procul
1740 2156 1892 2209 abest
1914 2153 2143 2209 invidia.

572 2247 760 2316 Itaque
789 2263 913 2302 cum
938 2248 1119 2301 omnia
1149 2247 1306 2310 sciat,
1333 2256 1390 2302 et
1432 2247 1562 2316 quid
1603 2247 1804 2315 cuique
1856 2246 2129 2302 conducat

572 2353 682 2390 non
737 2338 966 2408 ignoret,
1025 2356 1148 2408 quae
1171 2341 1330 2394 nobis
1402 2339 1616 2407 cognita
1645 2337 1931 2392 utilitatem
1989 2345 2148 2391 erant

571 2429 821 2494 allatura,
859 2446 920 2483 ea
978 2431 1261 2484 voluntate
1313 2445 1409 2485 sua
1462 2429 1764 2483 declaravit
1798 2445 1812 2482 :
1847 2443 1968 2497 qua:
2015 2442 2147 2481 vero

574 2517 844 2573 ferrenon
871 2529 1205 2588 poteramus,
1244 2536 1307 2575 ea
1354 2520 1638 2574 conticuit.
1686 2519 1782 2573 llis
1843 2534 1971 2589 ergo
2017 2533 2148 2572 con-

577 2609 712 2663 tenti
743 2611 934 2676 simus,
965 2613 1020 2664 in
1055 2613 1137 2665 his
1159 2627 1497 2665 maneamus.
1520 2610 1633 2666 Nec
1680 2612 1945 2665 terminos
1990 2611 2146 2664 aul‘c-

575 2715 761 2754 ramus
782 2705 1163 2770 sempiternos,
1197 2718 1298 2757 nec
1324 2717 1354 2756 a
1387 2703 1572 2757 divino
1623 2702 1946 2772 praescripto
2000 2715 2150 2755 rece-

575 2793 792 2847 damus.

1107 2885 1379 2955 Ejusdem.
1412 2883 1542 2954 Cap.
1562 2885 1622 2939 2.

647 2979 874 3049 Oportet
903 2979 1086 3048 igitur,
1120 2994 1268 3042 etnn,
1301 2976 1395 3044 qui
1423 2977 1491 3030 de
1521 2976 1631 3030 Deo
1665 2976 1744 3030 vel
1771 2976 2017 3031 dicturus
2064 2984 2150 3031 est

576 3076 801 3146 aliquid,
835 3073 916 3128 vel
948 3073 1256 3135 auditurus,
1283 3072 1411 3125 illttd
1437 3071 1596 3140 plane
1617 3073 1892 3142 cognitum
1923 3070 2145 3128 habere.

1774 376 2152 440 EUTHYMII
2193 375 2554 436 ZIGABENI

545 522 650 577 lius
669 521 864 586 solum,
885 519 979 574 sed
998 535 1065 575 ex
1082 517 1376 575 virtutibus
1399 515 1505 570 illis
1523 528 1643 585 quzc
1664 513 1870 568 mundo
1893 522 2020 567 sunt
2038 528 2130 567 ex-

2245 492 2513 562 μακαρίαν
2559 489 2722 558 φύσιν
2763 486 2936 548 οὑδεις

3704 357 3800 420 133

2971 483 3113 553 ἔγνω
3160 479 3290 534 ποτὲ
3336 477 3493 542 Θεὸν,
3547 477 3595 529 εἰ
3641 473 3715 545 μὴ
3757 469 3801 542 ᾧ

2232 585 2398 647 αὐτὸς
2423 580 2797 648 ἀπεκάλυψεν,
2825 579 2926 631 οὑκ
2957 573 3260 644 ἀνθρώπων
3297 572 3478 641 μόνον,
3523 567 3638 622 ἀλλ’
3677 566 3798 619 οὑδὲ

2232 675 2340 729 τῶν
2371 672 2760 744 ὑπερκοσμίων
2796 669 3104 738 δυνάμεων,
3145 665 3241 718 καὶ
3269 664 3470 724 αὑτῶν,
3509 660 3670 730 φημὶ,
3692 659 3800 712 τῶν

2234 767 2524 839 χερουϐὶμ,
2567 765 2659 818 καὶ
2706 763 2972 832 σεραφὶμ.
3035 759 3148 811 υὺκ
3203 754 3384 823 ἀφῆκε
3432 753 3614 823 μέντοι
3658 751 3800 820 ἡμᾶς

2233 858 2422 921 ὁ⁰Θεδς
2467 857 2526 908 ὲν
2553 854 2808 907 παντελεῖ
2854 849 3121 920 ἀγνωσία.
3177 849 3318 901 [ἰᾶσι
3366 844 3488 917 γὰρ’
3523 845 3556 912 ή
3607 842 3804 910 γνῶσις

2233 947 2328 1002 τοῦ
2381 943 2521 1000 εἶναι
2555 945 2686 998 Θεὸν
2719 945 2811 996 ὑπ’
2835 941 3000 996 αὑτοῦ
3046 937 3291 1006 φυσικῶς
3337 934 3816 1004 ὲγκατέσπαρται.

2237 1044 2346 1097 Καὶ
2379 1041 2520 1110 αὑτὴ
2571 1038 2679 1105 γὰρ
2725 1039 2756 1106 ή
2808 1036 3009 1098 κτίσις,
3042 1032 3136 1085 καὶ
3180 1032 3213 1100 ἡ
3268 1028 3477 1097 ταύτης
3523 1025 3724 1094 συνοχή
3749 1041 3806 1076 τε

2238 1135 2330 1188 καὶ
2361 1131 2688 1200 κυϐέρνησις
2716 1128 2776 1180 τὸ
2802 1125 3091 1194 μεγαλεῖον
3128 1122 3496 1190 ἀνακηρύττει
3535 1119 3632 1187 τῆς
3661 1116 3808 1178 θείας

2239 1225 2472 1293 φύσεως.
2508 1220 2620 1274 Καὶ
2646 1219 2732 1270 διὰ
2759 1218 2928 1286 νόμου
2954 1215 3009 1266 δὲ
3038 1213 3136 1266 καὶ
3182 1209 3482 1282 προφητῶν
3515 1207 3809 1276 πρότερον,

2240 1317 2429 1368 ἔπειτα
2450 1314 2506 1366 δὲ
2542 1317 2634 1365 καὶ
2681 1312 2772 1363 διὰ
2816 1308 2910 1361 τοῦ
2947 1305 3272 1378 μονογενοῦς
3313 1301 3477 1356 αὑτοῦ
3523 1300 3676 1364 Υἱοῦ,
3702 1301 3809 1352 Κυ-

2240 1406 2357 1476 ρίου
2387 1405 2444 1459 δὲ
2470 1404 2562 1456 καὶ
2583 1402 2744 1463 Θεοῦ,
2775 1402 2868 1454 καὶ
2891 1402 3146 1469 Σωτῆρος
3172 1399 3204 1467 ὴ
3215 1396 3331 1466 μῶν
3369 1392 3545 1463 Ἰησοῦ
3575 1391 3808 1461 Χριστοῦ

2239 1499 2380 1552 κατά
2411 1500 2472 1548 τὸ
2513 1495 2731 1565 ἐφικτὸν
2763 1495 2894 1564 ἡμῖν
2930 1493 3029 1560 τὴν
3075 1489 3269 1544 ἑαυτοῦ
3322 1487 3638 1560 ἐφανέρωσε
3675 1482 3809 1549 γνῶν

2242 1609 2347 1643 σιν.
2391 1590 2574 1642 Πάντα
2623 1586 2802 1639 τοίνυν
2854 1585 2922 1638 τὰ
2975 1579 3394 1653 παραδεδομένα
3443 1579 3573 1646 ἡμῖν
3620 1576 3709 1628 διά
3754 1591 3808 1626 τε

2241 1683 2427 1751 νόμον,
2459 1681 2553 1733 καὶ
2587 1676 2903 1748 προφητῶν,
2941 1676 3037 1728 καὶ
3075 1672 3414 1734 ἀποστόλων,
3448 1670 3540 1722 καὶ
3590 1667 3817 1734 εὐαγγε-

2243 1771 2440 1824 λιστῶν
2487 1769 2777 1839 δεχόμεθα,
2829 1767 2924 1820 καὶ
2975 1765 3339 1834 γινώσκομεν,
3385 1760 3478 1813 καὶ
3524 1757 3815 1826 σεϐόμεθα,

2245 1863 2396 1916 οὐδὲν
2425 1859 2738 1930 περαιτέρω
2764 1858 2967 1910 τούτων
3008 1855 3416 1924 ἐπιζητοῦντες.
3456 1849 3689 1918 Ἀγαθὸς
3713 1849 3817 1917 γὰρ

2241 1954 2318 2008 ὣν
2363 1955 2391 2007 ὁ
2436 1953 2591 2018 Θεὸς,
2645 1953 2848 2013 παντὸς
2903 1947 3112 2017 ἀγαθοῦ
3171 1944 3507 2017 παρεκτικός
3553 1944 3728 2005 ἐστιν,
3756 1941 3816 1991 οὑ

2243 2045 2444 2114 φθόνῳ,
2476 2043 2599 2096 οὐδὲ
2650 2042 2813 2096 πάθει
2857 2040 2963 2093 τινὶ
3006 2037 3389 2105 ὑποκείμενος.
3439 2031 3683 2100 Mancin
3715 2028 3820 2099 γὰρ

2243 2136 2341 2205 τῆς
2367 2134 2521 2197 θείας
2550 2133 2768 2201 φύσεως
2795 2130 2989 2199 φθόνος
3015 2131 3112 2198 τῆς
3136 2145 3200 2195 γε
3228 2125 3493 2188 ἀπαθοῦς,
3521 2125 3619 2176 καὶ
3655 2121 3818 2191 μόνης

2244 2225 2479 2295 ἀγαθῆς.
2535 2223 2622 2286 Ὠς
2672 2221 2766 2275 οὖν
2817 2221 2996 2274 πάντα
3048 2219 3231 2283 εἰδὼς,
3270 2219 3365 2270 καὶ
3417 2216 3479 2268 τὸ
3539 2213 3822 2282 συμφέρον

2244 2317 2462 2386 ἑκάστῳ
2487 2315 2966 2386 προμηθούμενος,
3002 2314 3140 2383 ὅπερ
3189 2310 3485 2379 συνέφερεν
3511 2308 3652 2376 ἡμῖν
3690 2303 3824 2373 γνῶο

2244 2427 2356 2470 ναι,
2391 2409 2746 2477 ἀπεκάλυψεν
2777 2422 2792 2437 ο
2834 2408 2972 2477 ὅπερ
3018 2403 3226 2457 δὲόὑκ
3266 2399 3575 2469 ἐδυνάμεθα
3612 2397 3824 2465 φέρειν,

2247 2495 2628 2566 ἀπεσιώπησε.
2663 2494 2850 2548 Ταῦτα
2904 2497 3068 2564 ἡμεῖς
3124 2493 3460 2561 στέρξωμεν,
3494 2489 3587 2540 καὶ
3623 2487 3687 2538 ὲν
3725 2485 3823 2538 αὑ-

2244 2594 2356 2654 τοῖς
2393 2592 2690 2660 μείνωμεν,
2727 2589 2802 2659 μὴ
2855 2589 3208 2657 μεταίροντες
3251 2583 3377 2653 ὅρια
3419 2582 3644 2646 αίώνια,
3693 2577 3825 2649 μηδὲ

2249 2683 2672 2752 ὑπερϐαίνοντες
2697 2682 2798 2751 τὴν
2836 2680 2987 2733 θείαν
3021 2676 3342 2748 παράδοσιν.

2607 2881 2720 2936 Τοῦ
2760 2879 2968 2936 αὐτοῦ.
3016 2877 3354 2948 Κεφάλαιον
3391 2873 3472 2939 β’.

2319 2977 2438 3048 Χρὴ
2463 2977 2556 3030 οὖν
2593 2975 2684 3029 τὸν
2711 2976 2842 3045 περὶ
2874 2973 3005 3026 Θεοῦ
3037 2972 3218 3041 λέγειν
3268 2988 3344 3035 τι,
3368 2970 3402 3039 ἢ
3445 2967 3676 3021 ἀκούειν
3703 2965 3825 3035 βου-

2249 3072 2493 3140 λόμενον,
2533 3068 2719 3136 σαφῶς
2781 3067 3006 3131 εἰδέναι,
3048 3065 3124 3127 ὠς
3175 3062 3296 3116 οὐδὲ
3361 3061 3540 3114 πάντα
3589 3057 3827 3129 ἄρρητα,

575 3169 706 3234 Qum
736 3168 801 3221 ad
826 3168 1166 3222 divinitatem
1191 3165 1329 3235 ejus,
1362 3180 1593 3234 (“neque
1628 3165 1695 3218 ad
1750 3163 2142 3218 humanitatem

2251 3162 2370 3215 οὑδὲ
2419 3161 2596 3214 πάντα.
2646 3159 2808 3229 ῥητὰ,
2838 3158 2906 3211 τά
2947 3173 3007 3210 τε
3054 3157 3152 3225 τῆς
3210 3151 3492 3220 θεολογίας
3522 3149 3590 3202 τά
3626 3165 3688 3202 τε
3736 3149 3828 3217 τῆς

577 3274 606 3312 a
641 3259 776 3312 Filio
811 3258 980 3325 ipsius
1004 3265 1342 3324 assumptam
1369 3257 1664 3324 pertinent,
1695 3270 1798 3309 nec
1827 3255 2008 3309 omnia
2038 3269 2145 3308 non

576 3349 682 3402 diei
729 3364 906 3416 posse,
942 3364 1045 3403 nec
1074 3349 1257 3401 omnia
1283 3346 1621 3401 rursumdici
1661 3363 1675 3399 :
1704 3363 1805 3400 nec
1837 3347 2018 3400 omnia
2041 3363 2148 3400 non

579 3442 857 3510 cognosci,
895 3455 992 3493 nec
1021 3440 1204 3492 omnia
1230 3439 1486 3509 cognosci
1521 3453 1699 3507 posse.
1749 3438 1908 3492 Aliud
1966 3447 2145 3492 autem

578 3543 662 3586 est
685 3547 843 3600 posse
873 3529 1127 3600 t-ognosci
1163 3529 1388 3597 aliquid,
1413 3540 1468 3582 et
1507 3529 1648 3582 aliud
1683 3544 1842 3597 posse
1866 3530 2144 3598 explicari.

575 3621 1041 3686 Quemadmodum
1066 3623 1227 3675 etiam
1261 3619 1405 3672 aliud
1437 3629 1516 3674 est
1538 3621 1740 3688 eloqui,
1771 3620 1916 3674 aliud
1945 3628 2027 3674 Cal
2057 3635 2150 3674 co-

579 3728 865 3783 gnoscere.
895 3713 1055 3766 Multa
1089 3713 1268 3784 igitur,
1299 3727 1419 3778 qu.e
1449 3711 1514 3764 ad
1553 3711 1717 3763 Deum
1766 3719 2035 3779 spectant,
2066 3719 2148 3763 tc-

578 3806 671 3860 nui
728 3807 962 3874 quadam
1021 3815 1076 3860 et
1137 3807 1372 3860 obscura
1407 3803 1717 3872 cognitione
1772 3803 2147 3872 percipiuntur

575 3899 880 3962 commode,
916 3907 970 3951 et
1003 3899 1217 3966 proprie
1264 3908 1543 3966 nequeunt
1573 3895 1774 3950 echrri.
1833 3896 2015 3964 Itaque
2070 3895 2149 3948 lo-

576 4002 805 4060 quentes
835 3992 904 4045 de
935 3991 1020 4056 iis,
1057 4007 1176 4060 qua:
1220 4005 1384 4060 supra
1442 4005 1545 4042 nos
1592 3996 1741 4053 sunt,
1775 3989 2021 4058 cogimur
2068 3987 2144 4041 uti

2247 3253 2584 3323 οἰκονομίας.
2622 3251 2764 3317 Οὑεε¹
2797 3252 2906 3322 μὴν
2942 3251 3120 3302 πάντα
3169 3249 3449 3314 ἄγνωστα,
3481 3242 3609 3296 οὔτε
3659 3241 3830 3295 πάντα

2247 3347 2486 3415 γνωστὰ.
2519 3346 2750 3414 Ἕτερον
2801 3345 2856 3397 δέ
2917 3340 3122 3396 ἔστιτὸ
3185 3338 3429 3409 γνωστὸν
3481 3335 3579 3390 καὶ
3647 3335 3832 3400 ἕτερον

2245 3441 2306 3494 τὸ
2341 3441 2503 3512 ῥητόν
2526 3456 2539 3468 ·
2566 3439 2755 3509 ὥσπερ
2784 3437 2916 3493 ἄλλο
2944 3436 3004 3490 τὸ
3029 3435 3229 3498 λαλεῖν,
3265 3433 3360 3486 καὶ
3405 3431 3535 3484 ἄλλο
3566 3428 3630 3481 τὸ
3662 3424 3825 3496 γινώ-

2247 3551 2422 3587 σκειν.
2469 3531 2647 3586 Πολλὰ
2678 3531 2857 3584 τοίνυν
2889 3529 2998 3582 τῶν
3033 3530 3161 3598 περὶ
3193 3525 3329 3579 Θεοῦ
3371 3519 3632 3592 ἀμυδρῶς
3677 3534 3827 3570 νοου-

2257 3624 2454 3692 μένων,
2487 3625 2549 3675 οὑ
2602 3621 2834 3692 καιρίως
2886 3616 3267 3688 ὲκφρασθῆναι
3318 3615 3566 3668 δύναται.
3594 3607 3739 3662 ἀλλὰ
3766 3606 3832 3658 τὰ

2253 3712 2376 3765 καθ’
2447 3713 2596 3782 ἡμᾶς
2657 3708 3081 3778 ἀναγκαζόμεθα
3147 3706 3238 3758 ἐπὶ
3307 3703 3416 3757 τῶν
3479 3700 3622 3769 ὑπὲρ
3686 3697 3832 3768 ἡμᾶς

2252 3805 2466 3872 λέγειν·
2527 3803 2716 3872 ὥσπερ
2758 3800 2851 3852 ἐπὶ
2896 3799 3031 3852 Θεοῦ
3084 3798 3313 3867 λέγομεν
3369 3794 3534 3847 ὑπνον
3590 3792 3690 3844 καὶ
3746 3789 3832 3856 ὀρ·

2255 3898 2356 3966 γὴν
2423 3896 2518 3949 καὶ
2561 3895 2846 3966 ἀμέλειαν,
2895 3892 3084 3965 χεῖράς
3125 3909 3183 3945 τε
3235 3889 3331 3944 καὶ
3375 3887 3579 3949 πόδας,
3626 3882 3723 3936 καὶ
3765 3878 3832 3932 τὰ

2250 4006 2498 4043 τοιαῦτα.

576 4085 754 4140 verbis
789 4085 949 4139 nobis
977 4085 1429 4156 congruentibus.
1484 4085 1561 4138 Et
1590 4100 1700 4153 quo
1743 4084 1822 4148 lit,
1877 4093 1934 4138 ut
1969 4083 2078 4137 Deo
2136 4096 2192 4139 ct
2247 4102 2522 4147 somnum,
2555 4095 2608 4140 et
2639 4085 2797 4151 iram,
2839 4091 2894 4139 et
2922 4085 3292 4147 securitatem,
3320 4086 3376 4135 et
3405 4091 3622 4140 manus,
3655 4083 3708 4129 et
3743 4085 3833 4141 pe-

577 4181 696 4244 des,
720 4191 775 4234 ct
800 4180 902 4232 alia
929 4179 1194 4247 ejusmodi
1229 4177 1557 4230 tribuamus.

647 4273 815 4326 Deum
842 4271 1003 4341 igitur
1025 4286 1166 4332 esse,
1195 4270 1461 4339 principio
1508 4277 1564 4321 et
1613 4268 1718 4321 ﬁne
1770 4283 1978 4332 carere,
2029 4282 2150 4321 esse

574 4371 925 4436 perpetuum,
972 4371 1258 4426 aeternum,
1311 4375 1418 4414 non
1475 4368 1734 4422 creatum,
1792 4358 2149 4421 immobilem,

2313 4269 2436 4321 Ὅτι
2467 4266 2567 4340 μὲν
2591 4263 2685 4319 οὖν
2715 4266 2831 4318 ἐστι
2859 4263 2991 4327 Θεὸς
3019 4262 3274 4333 ἄναρχος,
3302 4255 3682 4323 ἀτελεύτητος,
3700 4256 3831 4310 αἰώ-

2259 4359 2368 4422 νιός
2394 4377 2454 4412 τε
2483 4358 2578 4411 καὶ
2606 4358 2795 4421 ἀΐδιος,
2827 4357 3103 4418 ἀκτιστος,
3135 4353 3425 4423 ἄτρεπτος,
3445 4349 3827 4413 ἀναλλοίωτος,

577 4455 996 4517 immutabilem,
1039 4453 1360 4519 simplicem,
1401 4451 1844 4520 incompositum,
1910 4450 2145 4519 corporis

2260 4449 2486 4514 ἁπλοῦς,
2532 4447 2846 4512 ἀσύνθετος,
2901 4447 3218 4514 ἀσώματος,
3273 4443 3528 4512 ἀόρατος,
3588 4441 3825 4509 ἀναφὴς,

581 4557 860 4618 expertem
891 4565 906 4613 ;
939 4541 1042 4601 nec
1067 4545 1239 4610 cerni,
1272 4543 1577 4621 nec'tangi,
1620 4558 1721 4599 nec
1773 4543 2151 4598 circumscribi

577 4659 679 4697 nec
714 4641 1059 4711 cogitatione,
1099 4648 1193 4693 aut
1219 4638 1328 4692 ullo
1354 4637 1514 4690 modo
1545 4636 1936 4705 comprehendi
1976 4651 1990 4700 ;
2049 4634 2148 4688 bo-

575 4751 730 4799 num,
758 4734 988 4803 justum,
1039 4731 1472 4799 omnipotentem
1511 4728 1742 4795 ;omnia
1808 4741 2150 4796 procreassc,

575 4826 756 4881 omnia
787 4822 1273 4889 moderari,omnia
1306 4836 1551 4884 cernere,
1585 4819 1840 4874 omnibus
1864 4818 2153 4872 consulere

575 4927 632 4971 et
659 4917 978 4987 providere;
1006 4918 1062 4970 in
1089 4914 1272 4970 omnia
1302 4914 1502 4968 habere
1522 4920 1869 4979 potestatem,
1903 4911 2150 4965 omnium
2177 4985 2182 4990 _

574 5025 696 5062 esse
723 5009 988 5076 juiliccm,
1015 5016 1069 5061 et
1089 5006 1496 5077 cognoscimus,
1533 5013 1590 5058 et
1619 5005 1968 5059 conﬁtemur.
2006 5005 2153 5058 Prte-

579 5108 723 5153 terea
761 5115 929 5152 unum
981 5113 1104 5152 esse
1137 5100 1329 5162 Deum,
1355 5098 1458 5152 hoc
1487 5106 1571 5151 est
1622 5112 1788 5150 unam
1825 5097 2148 5161 essentiam,

574 5207 804 5262 eamque
839 5193 1012 5246 tribus
1071 5194 1339 5267 personis,
1369 5192 1549 5257 Patre,
1579 5201 1634 5247 et
1667 5191 1829 5254 Filio,
1861 5201 1913 5246 ct
1943 5191 2148 5260 Spiritu

573 5294 764 5340 sancto
790 5284 863 5338 ita
887 5285 1218 5347 distinCtatn,
1246 5295 1303 5339 ut
1328 5287 1509 5348 Pater,
1537 5284 1796 5349 etFilias,
1829 5293 1885 5338 et
1911 5284 2149 5353 Spiritus

574 5386 796 5433 sanctus
818 5393 984 5433 unum
1011 5378 1232 5431 omnino
1258 5387 1383 5440 smt,
1407 5378 1507 5432 nisi
1528 5378 1669 5445 quod
1693 5376 1852 5430 Pater
1875 5377 2150 5445 ingenitus

575 5481 682 5535 est,
710 5468 884 5525 Filius
933 5469 1171 5541 genitus,
1217 5467 1456 5537 Spiritus
1511 5478 1734 5524 sanctus
1782 5467 2045 5537 procedit.
2085 5465 2150 5520 Et

578 5561 938 5630 unigenitum,
967 5575 1030 5616 ac
1071 5559 1311 5616 Verbum
1353 5560 1447 5614 Dei
1481 5568 1538 5614 et
1583 5560 1751 5614 Deum
1785 5573 1883 5628 per
1936 5557 2146 5612 viscera

577 5653 959 5708 misericordia:
986 5669 1096 5709 sua:
1119 5668 1220 5724 pro
1249 5654 1423 5708 salute
1453 5661 1664 5716 nostra,
1697 5667 1759 5706 ex
1784 5652 1927 5705 bona
1971 5648 2146 5703 Patris

574 5742 870 5810 voluntate,
902 5755 954 5799 et
989 5762 1156 5816 opera
1225 5746 1460 5817 Spiritus
1513 5745 1708 5810 sancti,
1763 5743 1881 5797 sine
1931 5741 2139 5798 semine

2255 4541 2686 4612 ἀπερίγραπτος,
2725 4537 3104 4608 ἀπερινὸητος,
3140 4533 3550 4602 ἀκατάληπτος,
3599 4531 3826 4612 ἀγαθὸς,

2252 4633 2483 4696 δίκαιος,
2544 4631 2994 4700 παντοδὺναμος,
3050 4627 3273 4680 πάντων
3345 4625 3454 4677 τῶν
3513 4603 3829 4692 κτισμάτων

2252 4704 2610 4796 δημιουργὸς,
2668 4723 3090 4791 παντοκράτωρ,
3139 4717 3553 4784 παντεπόπτης,
3606 4713 3826 4768 πάντων

2256 4814 2582 4885 προνοητὴς,
2629 4811 3004 4882 ἐξουσιαστὴς,
3053 4809 3264 4880 κριτὴς,
3301 4809 3397 4862 καὶ
3455 4807 3823 4875 γινώσκομεν,

2252 4908 2349 4961 καὶ
2372 4906 2748 4976 ὁμολογοῦμεν
2775 4923 2790 4937 ·
2833 4907 2930 4958 καὶ
2959 4906 3042 4957 ὅτι
3083 4897 3165 4966 εἷς
3195 4905 3312 4955 ἐστι
3343 4900 3496 4965 Θεὸς,
3530 4901 3700 4970 ἤγουν
3731 4897 3828 4967 μία

2252 4999 2443 5052 οὐσία·
2479 4999 2570 5050 καὶ
2622 4998 2706 5051 ὅτι
2761 4998 2822 5050 ἐν
2874 4995 3056 5067 τρισὶν
3115 4994 3446 5047 ὑποστάσεσι
3496 4987 3826 5059 γνωρίζεταί

2250 5111 2308 5147 τε
2346 5096 2438 5146 καὶ
2467 5092 2604 5156 ἔστι,
2636 5091 2830 5162 Πατρὶ,
2862 5089 3025 5159 φημὶ,
3073 5089 3166 5142 καὶ
3201 5087 3336 5158 Υίῷ,
3365 5086 3458 5139 καὶ
3488 5086 3626 5154 ἁγίῳ
3658 5080 3827 5136 11νεὺ-

2255 5200 2386 5246 ματι
2413 5198 2428 5214 ο
2459 5184 2554 5235 καὶ
2610 5183 2694 5234 ὃτι
2741 5183 2769 5233 ὁ
2802 5181 2994 5252 Πατὴρ
3026 5180 3121 5233 καὶ
3172 5180 3200 5232 ὁ
3249 5179 3372 5240 Υἱὸς
3419 5175 3515 5229 καὶ
3566 5176 3625 5228 τὸ
3671 5175 3825 5243 ἇγιον

2252 5273 2479 5342 Πνεῦμα
2528 5273 2672 5326 κατὰ
2717 5273 2894 5325 πάντα
2930 5271 2989 5325 ἓν
3024 5272 3130 5322 είσι
3160 5269 3303 5339 πλὴν
3327 5267 3428 5336 τῆς
3465 5265 3817 5333 ἀγεννησίας,

2251 5364 2475 5434 καὶτῆς
2509 5365 2837 5434 γεννήσεως,
2877 5364 2969 5416 καὶ
3007 5361 3106 5431 τῆς
3155 5359 3539 5431 ὲκπορεὺσεως
3562 5373 3576 5387 ·
3609 5356 3706 5408 καὶ
3738 5355 3821 5407 ὅτι

2249 5461 2277 5512 ὁ
2306 5457 2598 5528 μονογενὴς
2628 5457 2755 5519 Υἱὸς
2782 5456 2876 5508 καὶ
2907 5454 3078 5522 Λόγος
3106 5457 3200 5507 τοῦ
3229 5452 3366 5507 Θεοῦ
3403 5451 3500 5503 καὶ
3545 5447 3702 5512 Θεὸς,
3731 5444 3823 5497 διὰ

2252 5551 2534 5621 σπλάγχνα
2587 5550 2770 5612 ἐλέους
2813 5548 3006 5612 αὑτοῦ,
3049 5547 3138 5601 διὰ
3172 5546 3272 5615 τὴν
3325 5543 3604 5615 ἡμετέραν
3640 5554 3816 5606 σωτηο

2251 5645 2392 5716 ρίαν,
2434 5643 2654 5714 εὐδοκία
2681 5641 2775 5696 τοῦ
2813 5641 3025 5712 Πατρὺς
3062 5640 3154 5692 καὶ
3201 5635 3491 5706 συνεργείᾳ
3534 5631 3626 5686 τοῦ
3662 5630 3824 5698 ἁγίου

2250 5736 2590 5807 Πνεύχιατος,
2627 5734 2890 5805 ἀσπόρως
2931 5731 3274 5800 συλληφθεὶς,
3322 5727 3572 5797 ἀφθᾶριιις
3620 5725 3685 5776 ἐκ
3725 5721 3824 5791 τῆς
