4120 6292
325 372 433 436 189

1318 365 1692 429 PANOPLIA
1732 359 2191 423 DOGMATICA.
2221 384 2294 397 —
2326 360 2475 422 Tl'l‘.
2516 362 2584 427 γ.

3476 363 3573 427 190

321 491 488 559 ἁγίας
518 487 800 559 Παρθένου
829 488 926 542 καὶ
976 485 1245 540 Θεοτόκου
1284 487 1505 558 Μαρίας
1537 485 1863 556 γεγέννηται
1883 496 1896 510 ⁸

2007 490 2356 551 conceptum,
2387 490 2442 536 et
2472 481 2595 537 sine
2623 479 2975 550 corruptione
3006 495 3072 536 ex
3114 489 3301 536 saneta
3359 479 3577 554 Virgine

320 585 416 639 καὶ
468 584 550 637 ὅτι
600 582 628 634 ὁ
677 581 844 645 αὐτὸς
876 581 1007 645 Θεὸς
1039 580 1246 644 τέλειὸς
1295 581 1448 633 ἐστιν
1471 578 1629 650 ὁμοῦ,
1669 580 1762 633 καὶ
1808 577 1897 632 τέ-

319 676 467 740 λειος
495 674 785 746 ἄνθρωπος
820 677 883 730 ἐκ
911 675 1006 727 δύο
1032 674 1271 745 φύσεων,
1304 674 1555 745 θεότητός
1582 690 1641 727 τε
1673 673 1768 725 καὶ
1805 672 1900 726 άν-

323 768 701 839 θρωπότητος,
730 767 822 820 καὶ
862 768 920 819 ἐν
950 765 1045 820 δύο
1099 766 1637 838 φύσεσιθελητικαῖς
1692 781 1752 819 τε
1804 764 1899 817 καὶ

322 861 730 932 ἐνεργητικαῒς,
762 859 857 912 καὶ
906 857 1298 925 αὑτεξουσίοις,
1336 859 1433 912 καὶ
1468 856 1655 920 ἁπλῶς
1697 859 1898 923 εἰπεῖν,

321 952 551 1015 τελείως
590 950 841 1021 ἐχούσαις
890 951 1034 1005 κατὰ
1067 950 1158 1004 τὸν
1207 950 1416 1021 ἑκάστῃ
1448 949 1728 1020 πρέποντα
1774 948 1900 1019 ὅρον

323 1059 385 1096 τε
424 1044 517 1097 καὶ
561 1041 737 1110 λόγον,
767 1040 986 1111 θεότητί
1032 1058 1092 1093 τε
1144 1042 1237 1095 καὶ
1278 1042 1685 1115 ἀνθρωπότητι,
1730 1040 1897 1111 φημι,

325 1135 390 1187 ἐν
445 1135 549 1205 μιᾷ
582 1132 825 1204 συνθέτῳ
870 1134 1204 1188 ύποστάσει²
1249 1135 1331 1188 ὅτι
1385 1153 1446 1188 τε
1489 1135 1765 1207 ἐπείνησε,
1805 1137 1899 1189 καὶ

326 1224 574 1296 ἐδίψησε,
608 1223 704 1276 καὶ
731 1223 1014 1288 ἐκοπίασε,
1035 1227 1129 1279 καὶ
1159 1224 1501 1294 ἐσταυρώθη,
1535 1226 1629 1280 xai.
1666 1226 1899 1280 θανάτου

326 1319 424 1369 καὶ
452 1315 629 1386 ταφῆς
659 1317 856 1386 πεῖραν
913 1317 1155 1384 ἐδέξατο,
1189 1318 1282 1373 καὶ
1331 1320 1532 1391 ἀνέστη
1576 1319 1898 1389 τριήμερος,

327 1407 426 1458 καὶ
448 1404 529 1466 εἰς
557 1406 822 1477 οὐρανοὺς
854 1407 1233 1478 ἀνεφοίτησεν,
1272 1408 1397 1462 ὅθεν
1448 1411 1585 1479 πρὸς
1609 1410 1760 1480 ἡμᾶς
1792 1428 1902 1463 πα-

329 1497 620 1566 ραγέγονε,
650 1498 744 1551 καὶ
776 1500 1218 1570 παραγενήσεται
1263 1500 1425 1555 πάλιν
1466 1500 1717 1571 ὕστερον,
1746 1501 1841 1555 καὶ
1867 1501 1907 1571 ἠπ

327 1585 454 1640 θεία
482 1588 673 1658 Γραφὴ
708 1589 936 1659 μάρτυς,
986 1591 1081 1644 καὶ
1125 1592 1233 1653 πᾶς
1262 1592 1289 1643 ὀ
1319 1590 1431 1644 τῶν
1488 1592 1661 1660 άγῖων
1718 1592 1899 1664 χορός.

330 1678 401 1730 ΤΞ
453 1678 511 1731 δέ
562 1680 679 1731 ἐστι
719 1680 853 1734 Θεοῦ
912 1681 1095 1744 οὐσία,
1141 1682 1173 1753 ἢ
1211 1683 1329 1747 πῶς
1370 1685 1518 1738 ἐστιν
1560 1687 1617 1738 ἐν
1652 1687 1899 1758 ademi}

327 1770 453 1832 πῶς
490 1771 557 1823 ἐκ
575 1770 706 1823 Θεοῦ
738 1770 870 1834 Θεὸς
906 1772 1256 1842 γεγέννηται,
1291 1774 1324 1845 ἢ
1365 1777 1767 1847 ἐκπεπόρευται
1798 1777 1898 1849 (l),

329 1860 366 1929 ἢ
390 1860 509 1923 πῶς
540 1861 737 1915 ἑαυτὸν
775 1863 1025 1924 κενώσας
1068 1866 1096 1917 ὸ
1130 1866 1427 1937 μονογενὴς
1481 1868 1603 1931 Υἱὸς
1639 1870 1732 1922 καὶ
1768 1869 1901 1932 Θεὸς

327 1951 621 2020 ἄνθρωπος
665 1953 893 2021 γέγονεν
934 1954 995 2007 ἐκ
1046 1956 1393 2026 παρθενικῶν
1429 1961 1697 2030 αἱμάτων,
1731 1962 1903 2031 ἑτέρῳ

326 2048 485 2113 παρὰ
536 2044 637 2115 τὴν
686 2044 852 2113 φύσιν
909 2045 1096 2118 θεσμῷ
1149 2047 1644 2121 πλαστουργηθεὶς,
1688 2053 1721 2124 ἢ
1784 2054 1903 2116 πῶς

327 2133 585 2203 ἁδρόχοις
616 2140 745 2187 ποσὶ
769 2140 882 2200 τοῖς
913 2136 1101 2192 ὕδασιν
1143 2141 1502 2211 ἐπεπόρευτο,
1534 2146 1627 2198 καὶ
1673 2147 1902 2215 ἀγνοοῦ-

334 2241 458 2293 μεν,
488 2226 582 2277 καὶ
606 2225 788 2292 λέγειν
817 2228 877 2281 ού
902 2227 1200 2300 δυνάμεθα.
1238 2233 1313 2285 Οὐ
1346 2232 1575 2289 δυνατὸν
1621 2237 1713 2291 οὖν
1754 2241 1905 2310 παρὰ

329 2316 405 2370 τὰ
434 2319 668 2383 θειωδῶς
696 2321 798 2373 ὑπὸ
828 2322 935 2375 τῶν
968 2322 1129 2377 θείων
1157 2324 1357 2394 λογίων
1385 2329 1484 2399 τῆς
1517 2346 1578 2383 τε
1633 2330 1902 2398 Παλαῖας,

332 2410 436 2461 καὶ
459 2411 669 2480 Καινῆς
712 2412 987 2485 Διαθήκης
1038 2417 1171 2486 ἡμῖν
1200 2419 1615 2492 ἐκπεφασμένα,
1661 2424 1781 2494 ήτοι
1827 2426 1904 2478 εἰ-

328 2506 571 2572 ρημένα,
602 2507 775 2560 εἰπεῖν
808 2524 859 2561 τι
886 2509 1016 2578 περὶ
1045 2510 1205 2576 Θεοῦ,
1239 2512 1269 2581 ἢ
1303 2511 1440 2578 ὅλως
1480 2516 1754 2585 ἐννοῆσαι.

932 2708 1179 2765 ΤΙΤΛΟΣ
1229 2712 1301 2765 E'.

326 2799 474 2870 Περὶ
503 2802 856 2881 ﬂamma};
889 2800 996 2882 τοᾷ
1028 2802 1463 2882 -‘Apsorrarltov
1490 2806 1559 2861 ἐκ
1582 2808 1691 2865 τοῦ
1717 2812 1904 2882 λόγου

711 2871 819 2924 τοῦ
850 2871 983 2939 περὶ
1015 2875 1194 2926 θείων
1223 2876 1547 2944 ὀνομάτων.

403 2960 574 3014 Τοῦτο
595 2960 689 3015 οὖν
722 2962 926 3025 είδότες
968 2963 1019 3017 oi
1066 2965 1327 3035 θεολόγοι,
1379 2969 1473 3022 καὶ
1513 2969 1585 3034 ὡς
1617 2972 1903 3043 ἀνώνυμον

329 3050 498 3107 αὐτὸν
524 3053 751 3122 ὑμνοῦσι
784 3053 875 3107 καὶ
918 3054 984 3109 ἐκ
1029 3057 1234 3121 παντὸς
1275 3058 1572 3130 ὀνόματος·
1612 3063 1903 3137 ἀνώνυμον

2001 574 2094 630 Dei
2124 572 2403 629 Genitrice
2458 573 2623 628 Maria
2680 574 2963 642 genitum;
2998 582 3053 629 et
3097 574 3400 643 perlectum
3454 591 3577 630 esse

1999 664 2170 718 Deum
2216 663 2402 726 simul,
2445 673 2500 718 et
2561 662 2865 733 perlectum
2916 663 3193 719 hominem
3248 680 3316 719 ex
3362 665 3578 719 duabus

2001 757 2214 812 naturis
2254 756 2438 812 divina
2478 766 2533 811 et
2574 756 2833 821 humana,
2883 765 2937 810 et
2990 757 3045 811 in
3090 757 3300 811 duabus
3365 758 3577 812 naturis

2000 849 2297 910 voluntate.
2325 848 2560 912 actione,
2591 849 3105 921 potestate-propria
3142 850 3425 904 utentibus
3454 866 3471 916 ;
3496 860 3572 915 et,

2002 949 2062 996 ut
2096 939 2552 1005 breviterdicam,
2589 955 2689 1010 pro
2746 941 3115 996 conveniente
3168 943 3384 1012 utrique
3441 944 3577 997 deli-

2003 1032 2213 1085 nitioue
2245 1032 2565 1101 rationeque
2606 1032 2847 1101 perfecte
2885 1048 3009 1086 sese
3039 1033 3387 1099 habentibus,
3435 1034 3576 1088 divi-

2002 1122 2196 1187 nitate,
2221 1120 2552 1189 inquam,et
2607 1121 2945 1175 humanitate
2998 1122 3052 1175 in
3111 1138 3219 1175 una
3271 1124 3577 1193 conjunctis

2006 1214 2301 1284 hypostasi,
2330 1213 2443 1268 sive
2478 1229 2732 1283 persona.
2770 1212 2925 1267 Hunc
2958 1223 3011 1269 et
3044 1216 3305 1278 esurisse,
3337 1225 3390 1269 et
3425 1216 3575 1270 sitis-

2002 1321 2063 1361 se
2095 1317 2149 1360 et
2177 1307 2533 1377 defatigatum
2563 1322 2706 1374 esse,
2739 1316 2795 1362 et
2838 1308 2988 1361 cruci
3025 1307 3193 1361 fuisse
3226 1309 3498 1373 sullixum,
3524 1320 3580 1362 et

2003 1409 2231 1455 mortem
2260 1415 2322 1454 ac
2360 1402 2697 1470 sepulturam
2726 1399 3050 1465 subiisse,et
3074 1399 3375 1456 surrexisse
3419 1398 3577 1454 tertia

2004 1490 2111 1556 die,
2146 1508 2203 1545 et
2232 1491 2286 1545 in
2317 1493 2512 1545 uelum
2546 1494 2691 1547 unde
2719 1493 2783 1547 ad
2814 1507 2915 1546 nos
2962 1501 3205 1557 venerat,
3242 1493 3576 1556 ascendisse,

2003 1592 2169 1652 atque
2195 1582 2323 1636 inde
2361 1598 2579 1636 rursum
2603 1598 2724 1637 esse
2755 1593 3072 1648 venturum,
3097 1592 3207 1636 tum
3226 1583 3406 1637 divina
3428 1583 3577 1636 Scri-

2005 1684 2167 1745 ptura
2189 1683 2442 1739 testatur,
2476 1685 2587 1728 tum
2612 1675 2790 1728 omnis
2814 1685 3127 1729 sanctorum
3150 1684 3343 1730 coctus.
3366 1675 3434 1728 At
3459 1689 3581 1743 qua:

2006 1766 2078 1820 sit
2103 1767 2340 1820 essentia
2367 1765 2481 1828 Dei,
2505 1775 2559 1819 et
2579 1766 2854 1835 quomodo
2886 1767 2940 1820 iu
2968 1766 3224 1821 omnibus
3265 1766 3335 1821 sit
3363 1775 3419 1822 et
3470 1783 3576 1836 qui

2004 1857 2217 1911 ratione
2244 1856 2385 1910 Deus
2414 1872 2480 1910 ex
2503 1856 2613 1911 Deo
2639 1857 2856 1929 genitus
2875 1857 2966 1920 sit,
2998 1868 3091 1912 aut
3116 1860 3374 1928 procedat
3397 1875 3412 1914 :
3439 1875 3577 1929 quo-

2008 1964 2130 2001 nam
2180 1957 2341 2018 pacto
2374 1946 2700 2019 Unigenitus
2734 1950 2829 2004 Dei
2854 1960 2909 2003 et
2940 1950 3083 2004 Deus
3111 1952 3353 2020 scipsum
3393 1951 3580 2005 exit-a-

2005 2040 2162 2094 niens
2225 2054 2293 2094 ex
2350 2039 2611 2111 virgineis
2654 2041 3011 2112 sanguinibus
3070 2043 3236 2097 homo
3266 2044 3442 2097 lactus
3482 2044 3575 2109 sit,

2005 2134 2219 2187 ratione
2272 2140 2471 2202 praeter
2520 2142 2771 2188 naturam
2827 2134 3113 2199 formatus,
3178 2144 3272 2190 aut
3303 2134 3579 2206 quomodo

2005 2223 2166 2277 siccis
2200 2224 2430 2292 pedibus
2463 2239 2629 2294 super
2659 2224 2856 2279 ﬂuctus
2904 2226 3212 2292 incesserit,
3245 2243 3347 2281 nec
3372 2231 3579 2282 scimus

2004 2329 2110 2369 nec
2170 2330 2460 2384 possumus
2514 2317 2809 2386 explicare.
2872 2318 3014 2372 Nihil
3070 2319 3234 2388 igitur
3269 2329 3466 2389 praeter
3513 2335 3579 2374 ea

2005 2422 2126 2477 quae
2151 2408 2416 2462 divinitus
2442 2424 2471 2461 a
2503 2408 2703 2464 divinis
2748 2411 2985 2465 oraculis
3008 2420 3063 2465 et
3090 2410 3271 2465 Veteri
3328 2416 3383 2464 et
3429 2410 3580 2464 Novo

2006 2501 2358 2555 Tesmmento
2390 2501 2550 2556 nobis
2586 2503 2854 2572 patefacta
2914 2502 3166 2573 dictaque
3187 2511 3334 2569 sunt,
3368 2504 3435 2559 de
3465 2502 3577 2558 Deo

2007 2594 2089 2651 vel
2115 2595 2295 2651 dicere
2317 2595 2442 2652 licet
2479 2595 2566 2650 vel
2603 2596 2866 2666 cogitare.

2567 2706 2869 2766 Tl'l‘ULUS
2917 2707 2982 2763 ν.

2008 2824 2085 2879 De
2101 2826 2280 2881 divina
2321 2818 2688 2895 appellatione,
2708 2826 3035 2950 Αιςεοῖαοὶιαε
3056 2842 3121 2882 ea:
3155 2826 3285 2880 libro
3309 2827 3373 2880 de
3395 2825 3582 2879 divinis

2641 2913 2837 2950 nonum
2877 2914 2956 2950 us.

2641 2913 2956 2952 nommwus.

2071 2988 2198 3047 Haec
2248 2988 2615 3059 intelligentes
2677 2988 2915 3059 theologi
2981 2988 3154 3042 Deum
3205 2996 3263 3041 et
3320 2998 3580 3057 tanquam

2006 3082 2154 3135 omni
2188 3080 2415 3134 nomine
2446 3089 2749 3145 carentem,
2782 3088 2838 3134 et
2870 3095 2936 3134 ex
2958 3080 3108 3132 omni
3165 3078 3389 3133 nomine
3437 3079 3583 3132 cele-

333 3143 460 3213 μὲν,
496 3142 569 3206 ὡς
597 3144 728 3199 ὅταν
760 3144 905 3213 φῶσι
934 3147 1035 3217 τὴν
1075 3147 1337 3220 θεαρχίαν
1377 3151 1547 3221 αὐτὴν
1570 3153 1631 3207 ἐν
1672 3158 1771 3226 μιᾷ
1797 3157 1904 3211 τῶν

2008 3174 2185 3228 brant.
2215 3171 2374 3228 Omni
2400 3173 2620 3242 quidem
2653 3182 2931 3227 carentem
2982 3171 3228 3235 nomine,
3280 3186 3403 3225 eum
3438 3185 3583 3224 sum-

332 3236 683 3305 ωμσολικῶν
727 3237 829 3306 τῆς
894 3239 1234 3311 συμϐολικῆς
1293 3241 1613 3313 θεοφανείας
1659 3250 1904 3319 ὁράσεων

328 3327 631 3396 επιπλῆξαι
658 3328 737 3398 τῷ
762 3330 1017 3400 φήσαντι,
1049 3333 1099 3385 τί
1136 3333 1209 3385 Τὸ
1229 3333 1399 3405 ὄνομά
1434 3354 1563 3405 σου;
1597 3340 1689 3394 καὶ
1718 3340 1907 3415 ὥσπερ

331 3420 503 3473 αὑτὸν
535 3421 639 3473 ὑπὸ
668 3422 850 3492 πάσης
879 3422 1231 3497 θεωνυμικῆς
1279 3430 1537 3497 γνώσεως
1582 3435 1910 3504 ἀπάγουσαν

332 3513 527 3581 φάναι,
570 3530 589 3564 ι
620 3513 728 3565 Καὶ
765 3514 851 3568 ἶνα
878 3515 929 3568 τί
957 3517 1168 3587 ἐρωτᾷς
1196 3520 1255 3574 τὸ
1277 3520 1447 3592 ὄνομά
1473 3526 1597 3593 μου,
1631 3528 1726 3578 καὶ
1755 3527 1911 3582 τοῦτό

330 3605 453 3657 ἐστι
491 3604 840 3675 θαυμαστόν;
869 3627 888 3661 ι
921 3610 989 3662 Ἦ
1021 3610 1140 3681 οὐχὶ
1165 3613 1324 3667 τοῦτο
1357 3616 1527 3681 ὅντως
1548 3619 1666 3672 ἐστὶ
1694 3619 1754 3674 τὸ
1778 3621 1910 3675 θαυο

334 3694 545 3767 μαστὸν
582 3697 773 3766 ὄνομα,
827 3701 888 3753 τὸ
937 3702 1077 3769 ὑπὲρ
1112 3706 1220 3758 πᾶν
1264 3706 1456 3777 ὄνομα,
1488 3710 1548 3764 τὸ
1597 3710 1908 3783 ἀνώνυμον,

329 3791 395 3842 τὸ
444 3792 646 3854 παντίς
696 3792 1129 3865 ὑπεριδρυμὲνον
1185 3797 1448 3870 ὀνόματος
1503 3803 1909 3876 ὀνομαζόμενον

333 3882 448 3934 εἴτε
474 3883 532 3935 ἐν
557 3882 636 3952 τῷ
681 3885 838 3937 αίῶνι
878 3886 1079 3955 τούτῳ,
1111 3888 1221 3942 εἴτε
1270 3891 1328 3944 ἐν
1372 3892 1449 3961 τῷ
1484 3895 1768 3964 μέλλοντι;
1803 3902 1909 3953 Πο-

334 3976 623 4046 λυώνυμον
655 3976 732 4041 δὲ,
765 3977 839 4041 ὡς
885 3980 1015 4033 ὅταν
1077 3978 1237 4045 αὖθις
1289 3985 1461 4053 αὐτὴν
1501 3988 1765 4056 είσάγωσι
1808 3992 1911 4059 φά-

336 4082 598 4132 σκουσαν,
634 4087 653 4120 ι
696 4069 839 4138 Ἐγώ
871 4072 989 4141 εἰμι
1022 4072 1051 4125 ὁ
1074 4072 1170 4140 ὣν,
1206 4075 1399 4148 ήζωὴ,
1436 4079 1495 4132 τὸ
1532 4081 1718 4152 φῶς,ίό
1754 4081 1908 4150 Θεὸς,

332 4156 367 4224 ἡ
417 4156 670 4226 ἀλήθεια.
703 4177 722 4210 ι
755 4161 863 4213 Καὶ
900 4162 1028 4215 ὅταν
1052 4164 1208 4217 αὐτοὶ
1257 4166 1350 4219 τὸν
1384 4170 1602 4224 πάντων
1654 4173 1832 4229 αἴτιον
1860 4178 1911 4230 οἱ

334 4250 592 4319 θεόσοφοι
634 4252 1009 4323 πολυωνύμως
1076 4257 1141 4310 ἐκ
1198 4258 1420 4316 πάντων
1487 4263 1598 4318 τῶν
1651 4269 1911 4325 αἰτιατῶν

335 4339 602 4408 ὑμνῶσιν,
627 4343 701 4407 ὡς
726 4344 948 4411 ἀγαθὸν,
989 4348 1064 4410 ὡς
1111 4350 1298 4418 καλὸν,
1335 4353 1414 4418 ὡς
1455 4357 1641 4428 σοφὸν,
1666 4360 1743 4425 ὡς
1772 4363 1911 4429 ἀγα-

333 4433 529 4503 πητὸν,
560 4435 636 4498 ὡς
670 4436 803 4489 Θεὸν
835 4437 994 4504 θεῶν,
1034 4438 1109 4503 ὡς
1145 4442 1350 4513 Κύριον
1383 4450 1613 4518 κυρίων,
1646 4452 1720 4516 ὡς
1748 4452 1902 4523 ἅγιον

336 4525 529 4593 ἁγίων,
563 4527 637 4590 ὡς
661 4528 901 4593 αἰώνιον,
941 4529 1016 4594 ὡς
1045 4530 1192 4598 ὄντα,
1226 4535 1322 4588 καὶ
1354 4535 1429 4602 ὡς
1454 4539 1668 4595 αἰώνων
1703 4544 1901 4612 αἰτιον,

332 4614 412 4679 ὡς
442 4617 588 4687 ζωῆς
614 4620 869 4690 χορηγὸν,
911 4621 988 4685 ὡς
1041 4624 1255 4693 σοφίαν,
1287 4627 1361 4692 ὡς
1417 4630 1564 4696 νοῦν,
1596 4633 1671 4697 ώς
1724 4634 1903 4703 λόγον,

333 4708 411 4772 ὡς
437 4710 706 4781 γνώστην,
737 4715 811 4777 ὡς
842 4718 1147 4789 προέχοντα
1194 4722 1405 4786 πάντας
1432 4723 1562 4787 τοὺς
1594 4726 1907 4796 θησαυροὺς

330 4799 557 4869 ἀπάσης
610 4803 708 4870 τῆς
759 4804 1036 4872 γνώσεως,
1086 4810 1162 4873 ὠς
1214 4810 1465 4881 δύναμιν,
1510 4814 1585 4876 ὼς
1616 4813 1903 4883 δυνάστην,

332 4889 409 4953 ὡς
468 4891 703 4946 Βασιλέα
750 4896 860 4948 τῶν
908 4897 1328 4969 βασιλευόντων,
1376 4904 1451 4967 ὡς
1511 4906 1739 4959 παλαιὸν
1797 4909 1907 4961 τῶν

333 4982 582 5052 ἡμερῶν,
611 4983 688 5048 ὡς
725 4987 1107 5056 ἀναλλοίωτον,
1141 4993 1237 5045 καὶ
1268 4995 1479 5065 ἀγήρω,
1498 4996 1572 5060 ὼς
1603 4999 1906 5070 σωτηρίαν,

331 5074 431 5124 καὶ
485 5072 856 5148 δικαιοσύνην,
916 5080 991 5144 ὡς
1039 5082 1337 5153 ἁγιασμὸν,
1372 5085 1447 5148 ὡς
1491 5086 1780 5158 λύτρωσιν,
1831 5092 1907 5155 ὡς

330 5163 391 5214 ἐν
420 5163 647 5232 μεγέθει
694 5170 914 5223 πάντων
951 5171 1313 5245 ὑπερέχοντα,
1369 5178 1464 5230 καὶ
1527 5179 1603 5242 ὡς
1651 5182 1711 5237 ἐν
1762 5185 1908 5255 αὔρᾳ

331 5257 529 5327 λεπτῇ.
562 5260 673 5311 Καί
703 5277 765 5327 γε
790 5264 883 5316 καὶ
924 5266 981 5318 ἐν
1005 5269 1115 5330 νοῖς
1145 5268 1313 5320 αὐτὸν
1364 5265 1508 5323 εἶναί
1544 5289 1702 5340 φασι,
1732 5276 1825 5328 καὶ
1849 5278 1908 5329 ἐν

329 5346 554 5417 ψυχαῖς,
582 5352 679 5404 καὶ
707 5354 764 5404 ἐν
790 5353 1027 5425 σώμασι,
1053 5360 1149 5411 καὶ
1182 5361 1239 5412 ἐν
1267 5360 1501 5432 οὐρανῷ,
1529 5368 1626 5416 καὶ
1659 5368 1751 5418 ἐπὶ
1781 5370 1907 5438 γῆς,

332 5440 427 5493 κα)⁵
458 5440 574 5511 ἅμα
618 5444 678 5495 ἐν
721 5446 904 5516 ταυτῷ
954 5449 1045 5501 τὸν
1086 5450 1252 5504 αὑτὸν
1296 5454 1615 5524 ἐγκόσμιον,
1669 5458 1905 5529 ὑπερκόο

402 5621 586 5693 ἰϐθιι
621 5641 773 5693 xm,
803 5627 892 5683 26.
970 5631 990 5661 ⁸
1011 5629 1181 5686 Exod.
1209 5649 1269 5700 ιι,
1312 5638 1397 5693 15.

2009 3275 2152 3313 mam
2190 3262 2362 3330 ipsam
2402 3259 2753 3313 Diviuitatem
2805 3260 2862 3313 in
2902 3276 3006 3315 una
3041 3276 3106 3315 ex
3139 3262 3355 3315 arcanis
3405 3268 3460 3315 et
3489 3276 3582 3316 oc-

2009 3351 2215 3405 cultum
2248 3350 2452 3420 aliquid
2473 3349 2911 3421 signiﬁcantibus
2960 3351 3268 3406 visionibus
3311 3365 3584 3421 apparen-

2009 3453 2116 3499 tem
2144 3449 2464 3514 increpassc
2488 3444 2681 3498 dicunt
2729 3444 2902 3511 illum,
2961 3446 3052 3514 qui
3094 3447 3525 3516 interrogaverat
3562 3461 3581 3498 :

2011 3534 2166 3603 Quod
2199 3546 2284 3589 est
2308 3551 2509 3589 nomen
2535 3535 2713 3589 tuum?
2741 3546 2795 3590 et
2822 3536 2998 3605 ipsum
3043 3546 3296 3605 tanquam
3329 3535 3397 3589 ab
3433 3535 3583 3591 omni

2009 3629 2208 3683 divinae
2234 3626 2614 3698 appellationis
2683 3627 2994 3698 cognitione
3061 3627 3431 3682 deterrentcm
3497 3625 3585 3680 di-

2010 3722 2184 3775 xisse:
2223 3720 2362 3774 «Cur
2383 3734 2583 3773 nomen
2620 3718 2849 3788 inquiris
2869 3733 3074 3783 meum,
3103 3718 3249 3787 quod
3280 3727 3366 3772 est
3410 3717 3585 3771 admi-

2012 3813 2209 3868 rabile‘
2235 3832 2255 3865 ι
2278 3812 2300 3867 ?
2323 3811 2515 3867 Nonne
2547 3811 2600 3866 id
2619 3825 2745 3865 vere
2770 3810 3088 3865 admirabile
3111 3824 3311 3863 nomen
3339 3816 3422 3862 est
3439 3810 3590 3878 quod.

2010 3915 2092 3960 est
2123 3920 2288 3973 super
2307 3919 2469 3957 omne
2495 3916 2718 3965 nomen,
2753 3900 2897 3970 quod
2932 3900 3193 3969 explicari
3230 3913 3340 3951 non
3381 3908 3591 3967 potest,

2010 3998 2155 4068 quod
2187 4006 2412 4065 superat
2440 4009 2603 4049 omne
2632 4008 2835 4047 nomen
2869 4006 3192 4061 expressum
3240 3992 3324 4045 vel
3376 3992 3431 4047 in
3481 3990 3586 4045 huc

2010 4090 2209 4145 saeculo
2241 4089 2325 4143 vel
2361 4089 2419 4141 in
2488 4086 2718 4141 futuro?
2773 4082 2909 4137 Eum
2941 4099 3133 4138 rursus
3188 4092 3247 4138 ut
3297 4083 3591 4152 multiplici

2010 4182 2235 4238 nomine
2265 4182 2554 4254 praeditum
2586 4179 2886 4243 celebrant,
2917 4185 2976 4231 ut
3005 4191 3128 4231 cum
3170 4176 3346 4246 ipsum
3387 4176 3591 4229 divinis

2013 4284 2177 4330 tatem
2216 4275 2289 4329 ita
2354 4274 2670 4343 loquentem
2719 4270 3028 4325 inducunt:
3093 4268 3233 4341 «Ego
3294 4285 3438 4337 sum,
3493 4270 3588 4339 qui

2013 4382 2160 4433 sunt,
2200 4368 2330 4433 vita,
2374 4366 2489 4429 lux,
2528 4364 2692 4427 Deus,
2724 4362 2926 4417 veritas
2950 4364 2991 4414 ².
3033 4378 3051 4412 ι
3087 4360 3157 4416 Ει
3218 4378 3339 4417 cum
3402 4363 3590 4420 divina

2014 4460 2284 4530 sapientia
2353 4465 2675 4529 praestantes
2728 4455 2830 4508 viri
2889 4455 3066 4525 ipsum
3110 4470 3292 4509 rerum
3324 4457 3590 4511 omnium

2014 4560 2298 4606 auctorem
2346 4549 2403 4603 iu
2453 4548 2621 4602 rebus
2663 4546 2919 4600 onmibus
2976 4546 3282 4615 procreatis
3343 4546 3594 4615 pluribus

2004 4642 2321 4698 numinibus
2368 4640 2664 4711 appellant.
2698 4647 2758 4693 ut
2790 4639 3021 4705 bonum,
3047 4648 3107 4693 ut
3152 4639 3466 4708 pulchrum,
3530 4648 3590 4695 ut

2005 4736 2310 4805 sapientem
2374 4744 2429 4787 et
2500 4732 2816 4796 amabilem,
2882 4742 2943 4786 ut
3012 4731 3237 4786 deorum
3298 4731 3492 4795 Deum,
3528 4739 3589 4785 ut

2008 4827 2140 4880 Dum
2169 4841 2300 4880 num
2357 4824 2724 4886 dominorum,
2756 4833 2815 4877 ut
2848 4821 3112 4877 Sanetum
3160 4830 3498 4884 sanctorum,
3528 4831 3589 4875 ut

2005 4918 2765 4984 attentum,utexsistentem,
2801 4922 2861 4968 ιιι
2898 4913 3223 4968 smcuiorum
3252 4928 3495 4978 causam,
3532 4924 3590 4970 ut

2009 5012 2136 5066 vitae
2163 5012 2495 5081 largitorem,
2526 5018 2583 5063 ut
2605 5007 2954 5077 sapientiam,
2983 5016 3040 5060 ut
3060 5014 3320 5071 mentem,
3343 5015 3399 5060 ut
3421 5010 3588 5061 ratio-

2010 5117 2160 5167 nem,
2202 5114 2262 5156 ut
2293 5101 2653 5171 cngnitorem,
2679 5110 2737 5154 ut
2763 5114 2955 5155 omnes
2995 5099 3178 5155 omnis
3199 5098 3435 5154 scientiae
3469 5098 3589 5152 the-

2011 5208 2201 5249 sauros
2232 5202 2602 5261 superantem,
2636 5201 2694 5246 ut
2730 5193 3052 5262 potentiam,
3087 5200 3145 5247 ut
3184 5200 3480 5262 potentem,
3530 5196 3590 5241 ut

2015 5285 2215 5355 llegcm
2276 5298 2487 5354 regum,
2538 5292 2599 5339 ut
2649 5285 2939 5354 antiquum
2976 5284 3211 5347 dierum,
3240 5290 3299 5336 ut
3331 5281 3591 5333 immuta-

2022 5377 2206 5443 bilem,
2227 5383 2412 5429 utnon
2436 5386 2840 5437 senescentem,
2856 5385 2917 5429 ut.
2937 5375 3191 5435 salutem,
3220 5379 3280 5426 ut
3296 5367 3588 5438 juStitiam,

2023 5481 2082 5524 ut
2108 5470 2473 5538 sanctitatem,
2505 5478 2563 5524 ut
2594 5467 3048 5537 redemptionem,
3104 5473 3163 5520 ut
3216 5460 3591 5531 magnitudine

390 5768 465 5829 (ι.)
494 5767 532 5819 Τ
538 5766 653 5821 οὔτε
678 5771 791 5837 περὶ
814 5770 911 5823 τοῦ.
926 5773 1079 5839 ἕεγὲουέ,
1095 5775 1371 5842 Ιίνεύματος
1394 5781 1604 5840 vomica.
1649 5783 1815 5835 Schol.
1848 5781 1897 5832 in

2017 5780 2213 5836 .Mosa.
2254 5784 2296 5832 ι.
2348 5768 2355 5771 ⁷
