4066 6288
498 371 597 438 I91

1736 373 2109 435 EUTIIYMII
2148 373 2504 432 ZlGABENI

3644 369 3743 431 132

491 481 755 537 omnibus
794 481 1180 545 excellentem,
1218 491 1275 536 ut
1316 497 1437 536 cum
1465 482 1517 535 itt
1557 496 1686 535 aura
1714 483 1882 539 tenui.
1910 491 2071 550 alque

2189 497 2355 549 ςμιον,
2377 480 2756 549 περικόσμιον,
2776 480 3188 550 ὑπερθυράνιον,
3215 479 3311 531 ὑπε
3326 479 3559 549 ρούσιον,
3579 483 3754 549 ἣλιον.

491 574 628 628 adeo
660 574 1014 629 intuentibus
1054 576 1231 642 ipsunt
1262 588 1384 627 esse
1424 573 1642 638 dicunt,
1683 582 1735 627 et
1771 573 1823 625 itt
1871 573 2069 626 animis

492 666 628 718 etin
663 665 1005 734 corporibus.
1038 675 1092 717 et
1118 664 1171 716 in
1199 663 1361 728 emlo,
1404 662 1529 716 etin
1594 672 1759 722 terra,
1794 672 1847 715 et
1906 662 2073 715 simul

497 754 552 806 in
586 755 801 817 eodem,
862 754 1112 807 eumdem
1162 755 1218 806 in
1277 754 1502 814 mundo,
1558 768 1721 821 supra
1787 753 2073 817 mundum,

2188 574 2419 643 ἀστέρα,
2486 572 2621 642 πῦρ,
2681 571 2865 641 ὕδωρ,
2917 571 3166 641 πνεῦμα,
3210 572 3435 642 δρόσον,
3500 577 3761 646 νεφέλην,

2183 666 2484 732 αὐτόλιθον,
2516 664 2612 715 καὶ
2639 664 2863 734 πέτραν,
2897 665 2988 716 καὶ
3019 664 3196 717 πάντα
3224 665 3292 716 τὰ
3312 663 3461 729 ὄντα,
3488 667 3583 717 καὶ
3604 668 3760 719 οὐδὲν

2181 756 2290 808 τῶν
2330 756 2519 808 ὄντων.

495 846 640 901 circa
700 847 1007 909 ntnndum,
1073 846 1211 900 cado
1270 847 1627 913 superiorem,
1664 847 2096 915 prmstautiorem
2140 851 2402 912 essentia,
2439 853 2628 915 solem,
2685 851 3144 921 stellam,ignem,
3190 866 3407 919 aquam,
3477 851 3755 920 spiritum,

494 953 697 998 rorem,
742 939 964 1003 nubem,
989 939 1165 1007 ipsum
1190 936 1446 1007 lapidem,
1484 947 1538 992 et
1566 948 1796 1008 petram,
1849 948 1903 993 et
1959 942 2143 995 omnia
2196 960 2316 1012 qua}
2385 955 2513 998 sunt
2547 954 2602 999 et
2640 946 2773 998 nihil
2810 960 2996 999 eorum
3025 960 3142 1012 qua:
3183 953 3330 999 sunt.

490 1048 617 1101 Item
637 1050 698 1102 de
710 1050 1058 1119 appellatione
1080 1053 1281 1127 divino,
1310 1052 1490 1127 Magni
1506 1053 1748 1127 [Ireqorii
1767 1054 2004 1127 Tltcologi
2020 1072 2084 1109 ex

979 1125 1212 1176 oratione
1239 1122 1274 1175 2
1315 1123 1391 1176 De
1426 1122 1584 1176 Filio.

561 1275 721 1329 Nullo
754 1278 978 1333 nomine
1010 1281 1277 1337 Divinitas
1312 1290 1493 1353 potest
1524 1285 1826 1339 enuntiari.
1869 1285 1923 1339 Id
1961 1302 2064 1340 non

489 1369 661 1420 stilum
697 1370 933 1425 rationes
953 1373 1271 1438 ostendunt,
1307 1391 1490 1430 verum
1524 1378 1688 1432 etiam
1726 1378 2071 1434 Hebraeorum

490 1460 891 1527 sapientissimi
927 1473 982 1517 et
1023 1466 1406 1531 vetustissimi,
1470 1470 1644 1537 quoad
1696 1470 1813 1524 ﬁeri
1878 1472 2083 1548 potuit,

492 1551 861 1619 declararunt,
891 1556 1094 1626 quippe
1143 1558 1232 1627 qui
1271 1561 1510 1630 prepriis
1549 1561 1872 1630 quibusdam
1940 1565 2084 1616 notis

492 1658 615 1695 eum
666 1646 906 1698 venerati
958 1657 1110 1709 sunt,
1181 1664 1283 1703 nec
1351 1654 1737 1719 permiserunt,
1781 1663 1840 1706 ιιι
1879 1654 2084 1707 eisdem

496 1733 699 1786 litteris
731 1750 814 1798 ea,
845 1751 963 1803 quae
1000 1746 1121 1805 post
1148 1736 1313 1792 Deum
1347 1749 1496 1798 sunt.
1531 1750 1584 1795 et
1610 1741 1723 1810 ipse
1752 1743 1892 1796 Deus
1934 1742 2076 1796 indi-

2190 1039 2318 1091 Ἔτι
2369 1038 2501 1103 περὶ
2570 1041 2919 1104 θεωνυμίας,
2970 1039 3075 1090 τοῦ
3116 1038 3385 1106 μεγάλου
3426 1039 3761 1105 Γρηγορίου

2254 1108 2361 1229 ἒοῦ
2375 1110 2685 1188 θϐεολόγου
2722 1111 2790 1161 ἐκ
2809 1109 2913 1161 τοῦ
2944 1108 3227 1176 δευτέρου
3248 1111 3438 1176 λόγου
3470 1108 3589 1161 τῶν
3619 1109 3758 1177 περὶ

2308 1195 2424 1229 (0U.

2308 1195 2424 1230 (0U.

2252 1270 2326 1321 Τὸ
2389 1269 2532 1321 θεῖον
2596 1268 3061 1348 ἀκατονόμαστον.
3118 1267 3228 1321 Καὶ
3284 1267 3442 1320 τοῦτο
3498 1269 3755 1338 δηλοῦσιν

2181 1361 2280 1427 οὐχ
2325 1361 2373 1411 oi
2401 1360 2652 1428 λογισμοὶ
2681 1360 2865 1427 μόνον,
2891 1359 3029 1413 ἀλλὰ
3055 1361 3147 1412 καὶ
3188 1361 3462 1431 Ἐϐραίων
3491 1362 3539 1413 oi
3576 1362 3761 1430 σοφώο

2183 1467 2334 1504 τατοι
2378 1453 2472 1504 καὶ
2526 1452 2902 1515 παλαιότατοι,
2953 1453 3078 1504 ὅσον
3131 1453 3396 1519 εἰκάζειν,
3447 1453 3654 1517 ἔδοξαν.
3689 1456 3760 1507 Οἱ

2183 1544 2292 1611 γὰρ
2329 1544 2709 1615 χαρακτῆρσιν
2757 1545 2908 1605 ἰδίοις
2960 1543 3019 1596 τὸ
3056 1542 3197 1596 θεῖον
3244 1546 3596 1613 τιμήσαντες,
3630 1546 3757 1597 οὐδὲ

2183 1635 2502 1705 γράμμασιν
2534 1637 2893 1706 ἀνασχόμενοι
2928 1637 3041 1697 τοῖς
3089 1635 3274 1698 αὐτοῖς
3331 1637 3461 1689 ἄλλο
3506 1653 3559 1688 τι
3610 1636 3756 1706 γράο

2185 1728 2381 1796 φεσθαι
2408 1728 2517 1781 τῶν
2546 1730 2685 1798 μετὰ
2720 1729 2874 1791 Θεὸν,
2913 1729 3008 1781 καὶ
3039 1728 3196 1791 Θεὸν,
3248 1729 3322 1790 ὡς
3356 1730 3479 1780 δέον
3511 1728 3750 1781 ἀκοινώ-

502 1835 743 1888 caretur,
773 1826 927 1892 quasi
956 1835 1204 1894 oporteat
1234 1828 1289 1881 in
1336 1829 1441 1883 hoc
1508 1831 1669 1884 etiam
1730 1833 1895 1885 Deum
1955 1848 2079 1886 cum

2189 1836 2343 1887 νητον
2378 1813 2538 1882 εἶναι,
2569 1820 2660 1871 καὶ
2694 1821 2855 1888 μέχρι
2902 1818 3095 1870 τούτου
3131 1819 3190 1870 τὸ
3220 1818 3374 1870 Θείον
3404 1822 3516 1880 τοῖς
3543 1819 3753 1888 ἡμετὲ-

498 1913 657 1965 rebus
688 1916 890 1969 nostris
917 1916 1054 1970 nihil
1089 1918 1290 1973 habere
1320 1934 1631 1975 commune.
1653 1921 1947 1987 Quomodo
1985 1926 2087 1996 igi-

501 2020 593 2069 tur
625 2005 978 2062 admisissent
1026 2010 1159 2063 tales
1188 2010 1317 2074 viri,
1357 2020 1607 2067 naturam
1650 2014 1791 2067 illam
1816 2015 2082 2070 insolubi-

510 2093 613 2146 lem
679 2104 733 2149 et
785 2112 881 2151 sua
915 2114 973 2152 se
1013 2101 1341 2169 pr0ptietate
1375 2105 1745 2158 continentem
1767 2121 1898 2159 voce
1926 2106 2077 2160 solu-

506 2183 596 2236 ltili
640 2187 898 2241 declarari
921 2189 947 2244 τ
970 2189 1160 2246 Nullus
1180 2208 1417 2262 unquam
1458 2195 1701 2264 profecto
1732 2206 1899 2249 totum
1929 2197 2076 2251 eilla-

508 2278 827 2343 vitaerem;
869 2296 970 2335 nec
1000 2282 1092 2335 Dei
1136 2285 1431 2357 essentiam
1483 2287 1709 2340 omnino
1765 2289 1851 2342 vel
1912 2306 2068 2343 mens

502 2368 780 2438 concepit,
825 2372 911 2425 vel
940 2388 1041 2427 vox
1070 2376 1509 2444 comprehendit.
1546 2378 1653 2431 Sed
1710 2393 1776 2432 ex
1845 2379 1910 2433 iis
1954 2395 2074 2448 qua:

497 2460 643 2512 circa
667 2462 841 2530 ipsum
871 2475 1022 2526 sunt,
1062 2465 1414 2521 Divinitatem
1450 2470 1855 2534 adumbrantes,
1877 2471 2074 2525 obscu-

496 2565 612 2602 ram
637 2551 756 2618 ejus
790 2555 1077 2621 quamdam
1115 2567 1169 2608 et
1223 2566 1441 2612 tenuent
1474 2560 1602 2613 hinc
1627 2561 1753 2614 inde
1786 2562 2073 2631 imaginem

497 2642 821 2711 colligimus.
844 2646 906 2697 Et
939 2647 1030 2700 ille
1058 2648 1266 2714 primus
1289 2663 1316 2701 ο
1338 2650 1493 2704 nobis
1547 2652 1832 2721 theologus
1885 2653 2071 2705 existi-

498 2746 701 2799 matur,
733 2751 841 2789 non
874 2737 964 2805 qui
1007 2747 1175 2792 totam
1221 2740 1560 2795 divinitatem
1617 2743 1845 2807 invenit,
1922 2744 2071 2795 nullo

499 2824 645 2877 enim
675 2827 892 2883 vinculo
934 2838 1041 2883 tota
1089 2832 1395 2901 stringitur,
1438 2834 1529 2887 sed
1565 2834 1656 2902 qui
1698 2835 1867 2903 magis
1912 2850 2070 2902 quam

2188 1927 2324 1980 ροις,
2361 1913 2492 1963 πότε
2550 1910 2618 1964 ἂν
2650 1911 2916 1977 δείξαςντο
2955 1909 3190 1979 λυομένη
3245 1912 3397 1978 φωνῇ
3454 1908 3755 1978 δηλοῦσθαι

2184 2001 2284 2071 τὴν
2339 2001 2534 2055 ἄλυτον
2575 2003 2739 2070 φύσιν
2781 2002 2875 2054 καὶ
2922 2002 3254 2065 ἰδιάζουσαν.
3307 2000 3447 2053 Οὔτε
3477 2002 3583 2069 γὰρ
3613 2002 3755 2069 ἀέρα

2183 2108 2269 2155 τις
2321 2092 2585 2145 ἔπνευσεν
2643 2092 2767 2146 ὅλον
2824 2092 3066 2155 πώποτε,
3096 2092 3224 2145 οὔτε
3257 2091 3444 2144 οὐσίαν
3470 2091 3756 2154 παντελῶς

2182 2173 2342 2249 Θεοῦ,
2372 2185 2404 2255 ἢ
2443 2184 2569 2248 νοῦς
2610 2185 2953 2256 κεχώρηκεν,
2979 2185 3011 2253 ἦ
3041 2184 3193 2253 φωνὴ
3220 2184 3565 2253 περιέλαϐεν.
3604 2183 3731 2235 Ἀλλ

2179 2277 2244 2329 ὲκ
2283 2278 2392 2329 τῶν
2421 2279 2550 2347 περὶ
2578 2278 2741 2330 αὑτὸν
2778 2276 3252 2348 σκιαγραφοῦντες
3296 2277 3364 2328 τὰ
3399 2277 3517 2327 κατ’
3558 2275 3749 2340 αὑτὸν,

2181 2366 2432 2437 ἀμυδρὰν
2462 2385 2584 2419 τινα
2612 2368 2703 2419 καὶ
2729 2367 2958 2435 ἀσθενῆ,
2987 2368 3080 2420 καὶ
3107 2367 3274 2436 ἄλλην
3310 2365 3579 2420 ἀπ’ἄλλου
3611 2383 3752 2434 φαν-

2179 2461 2373 2511 τασίαν
2406 2460 2757 2529 συλλέγομεν.
2795 2461 2900 2512 Καὶ
2954 2453 3111 2521 οὗτος
3171 2459 3396 2527 ἄριστος
3453 2459 3582 2527 ἡμῖν
3629 2458 3754 2509 θεο-

2182 2549 2360 2617 λόγος,
2394 2551 2492 2619 οὐχ
2526 2550 2583 2612 ὃς
2617 2546 2744 2620 εὗρε
2797 2550 2856 2602 τὸ
2884 2552 3014 2613 πᾶν,
3057 2551 3115 2603 οὐ
3153 2551 3262 2619 γὰρ
3296 2549 3510 2619 δέχεται
3548 2548 3609 2600 τὸ
3638 2539 3768 2601 πᾶν

2182 2643 2210 2691 ὁ
2240 2641 2460 2709 δεσμὸς,
2490 2642 2602 2695 ἀλλ’
2647 2642 2709 2704 ὃς
2772 2645 2867 2695 ἐὰν
2913 2644 3074 2696 ἄλλου
3112 2643 3392 2712 φαντασθῇ
3428 2642 3613 2707 πλέον,
3655 2643 3755 2694 καὶ

2181 2736 2362 2788 πλεῖον
2398 2738 2454 2787 ἐν
2480 2736 2659 2806 ἑαυτῷ
2693 2737 2972 2805 συναγάγῃ
3001 2737 3059 2788 τὸ
3086 2737 3181 2804 τῆς
3213 2735 3470 2805 ἀληθείας
3494 2732 3745 2803 ἰνδαλμα,

2182 2832 2214 2901 ἢ
2256 2828 2629 2899 ἀποσκίασμα,
2656 2832 2688 2899 ἦ
2720 2834 2745 2883 ὃ
2783 2850 2836 2883 τι
2868 2832 2961 2883 καὶ
2984 2831 3347 2899 ὀνομάζομεν.

498 2916 638 2973 alius
677 2920 1055 2990 cogitationem
1113 2924 1424 2989 intendens,
1474 2929 1735 2995 majorem
1793 2928 2035 2981 veritatis
2076 2928 2192 2980 sive
2252 2925 2683 2988 similitudinem,
2714 2925 2828 2979 sive
2873 2924 3145 2986 umbram,
3187 2924 3304 2979 sive
3361 2925 3415 2979 id
3442 2924 3549 2979 alio
3588 2920 3751 2977 modo

502 3012 585 3065 vis
620 3015 917 3084 appellare,
951 3018 1135 3074 animo
1175 3021 1573 3090 complectitur.

577 3104 857 3169 Quantum
919 3123 1049 3179 ergo
1098 3110 1255 3164 nobis
1312 3112 1525 3181 assequi
1581 3129 1901 3168 concessum
1969 3124 2073 3175 est,
2108 3123 2150 3180 ο

504 3197 635 3261 Etts,
710 3209 764 3253 et
833 3200 1000 3263 Deus,
1081 3204 1254 3273 magis
1341 3207 1746 3275 quodammodo
1824 3210 2080 3262 essentia:

510 3286 735 3339 nomina
766 3298 929 3352 sunt;
974 3304 1041 3343 ex
1085 3292 1265 3360 iisque
1304 3296 1470 3347 etiam
1526 3309 1653 3360 vox,
1691 3293 1824 3358 Ens,
1860 3297 1926 3349 ad
1957 3312 2077 3349 cant

513 3374 858 3429 indicandam
914 3378 1093 3446 aptior
1156 3391 1276 3445 est;
1310 3398 1416 3438 non
1468 3383 1571 3439 hoc
1626 3386 1800 3439 solum
1838 3388 2079 3450 nomine,

510 3467 653 3534 quod
685 3467 821 3536 ipse,
871 3483 992 3522 cum
1045 3469 1210 3542 Moysi
1244 3474 1296 3527 in
1323 3488 1507 3530 monte
1549 3478 1836 3530 oraculum
1874 3480 2078 3539 ederet,

512 3569 893 3630 quaereretque
916 3561 1022 3626 ille,
1046 3577 1152 3631 quo
1173 3567 1393 3622 nomine
1412 3578 1724 3633 vocaretur,
1750 3570 1820 3623 ita
1842 3571 2083 3639 seipsum

529 3653 835 3722 appellavit,
880 3656 1096 3709 edicens
1138 3656 1386 3709 videlicet
1421 3658 1489 3720 ei,
1535 3666 1591 3708 ut
1631 3658 1696 3709 ad
1722 3654 1966 3723 populum
1994 3655 2079 3709 his

520 3748 697 3801 vetbis
732 3757 1016 3802 uteretur:
1054 3748 1157 3812 Qui
1206 3758 1303 3815 est,
1350 3750 1487 3803 misit
1545 3765 1622 3801 me
1666 3750 1718 3812 ¹;
1777 3748 1867 3800 sed
1922 3748 2081 3800 etiam

521 3839 645 3903 quia
680 3853 870 3892 nomen
899 3838 1024 3893 illud
1049 3839 1219 3907 magis
1258 3842 1530 3909 prppriuut
1558 3853 1675 3891 esse
1700 3839 2082 3906 comperimus.

523 3928 777 3991 Quamvis
982 3931 1122 3983 enim
1156 3930 1252 3983 Dei
1278 3947 1399 3995 vox,
1434 3931 1513 3984 vel
1546 3945 1573 3982 a
1609 3932 1769 3983 verbo
1812 3928 1975 3991 Θέειν,
2008 3929 2088 3980 vel

525 4020 590 4073 ab
606 4019 798 4083 αἴθειν,
818 4031 873 4074 ιιι
901 4030 1086 4089 putant
1111 4022 1199 4089 qui
1230 4021 1280 4074 in
1310 4021 1409 4074 ltoc
1440 4036 1632 4089 genere
1658 4020 1757 4073 sibi
1789 4020 1907 4072 sciti
1934 4030 2093 4085 atque

524 4110 695 4178 arguti
721 4112 987 4173 videntur,
1024 4112 1123 4166 hoc
1148 4122 1249 4173 est,
1281 4127 1309 4164 ιι
1339 4112 1615 4171 currendo,
1654 4109 1734 4162 vel
1769 4108 1835 4161 ab
1869 4108 2087 4165 urendo.

527 4200 790 4251 rationem
828 4200 1053 4268 originis
1082 4215 1193 4253 sna:
1233 4202 1412 4261 ducat,
1440 4209 1658 4267 propter
1695 4207 1869 4250 motus
1896 4210 2090 4263 perpes

529 4291 792 4351 tuitatetn,
825 4301 876 4342 et
921 4290 1059 4357 quod
1106 4289 1323 4342 vitiosos
1363 4290 1574 4342 habitus
1632 4296 1910 4341 consumat
1943 4288 2083 4354 (nam

2196 4292 2325 4361 γὰρ,
2358 4292 2509 4360 φησὶ,
2548 4293 2780 4359 Κύριος,
2832 4293 2863 4343 ὁ
2914 4290 3055 4352 Θεός
3088 4302 3203 4341 σου
3229 4304 3240 4316 ·
3289 4285 3465 4339 τοῦτό

530 4379 653 4432 hinc
684 4395 894 4447 quoque
925 4382 1060 4450 ignis
1093 4395 1413 4434 consumens
1463 4381 1659 4434 dicitur
1690 4378 1768 4449 ‘),
1808 4392 1871 4430 ex
1904 4392 2089 4431 eorum

532 4478 709 4522 tamen
745 4485 966 4524 numero
996 4482 1103 4535 est,
1136 4486 1253 4539 quae
1286 4474 1350 4524 ad
1387 4470 1584 4539 aliquid
1629 4470 1960 4531 referuntur,
1993 4483 2091 4521 uec

531 4559 697 4613 Hiera
734 4571 787 4614 et
810 4562 1050 4615 ahsoluta
1084 4572 1195 4626 est;
1227 4561 1671 4629 quemadmodum
1707 4576 1806 4614 nec
1838 4576 1935 4612 vox
1967 4561 2088 4623 iSta,

531 4650 807 4717 Dominus,
849 4668 967 4721 qua:
1020 4652 1117 4705 Dei
1173 4667 1385 4721 quoque
1438 4666 1629 4704 nomen
1697 4664 1816 4704 esse
1871 4650 2088 4703 dicitur.

531 4738 643 4807 Ego
671 4742 829 4807 enim,
863 4743 1057 4809 ittqnit,
1105 4741 1354 4793 Dominus
1395 4740 1529 4792 Deus
1588 4751 1705 4791 tuus
1734 4741 1870 4791 :Iioc
1921 4754 2090 4791 meum

533 4845 715 4883 nomen
748 4843 821 4885 est
860 4835 917 4896 ⁸;
956 4844 1028 4896 et,
1062 4832 1313 4885 Dominus
1346 4848 1528 4883 nomen
1557 4832 1654 4897 ipsi
1703 4836 1741 4881 δ.
1766 4831 1845 4903 At
1876 4846 1972 4883 nos
1998 4845 2092 4881 na-

2258 3111 2422 3163 Ὅσον
2449 3110 2495 3163 δ’
2529 3105 2621 3164 οῦν
2665 3112 2727 3164 ὲκ
2777 3111 2886 3163 τῶν
2936 3112 3067 3180 ἡμῖν
3106 3111 3363 3179 ἐφικτῶν,
3407 3113 3440 3164 δ
3492 3111 3591 3181 μὲν
3636 3110 3745 3177 ὢν,

2181 3204 2273 3256 καὶ
2306 3207 2336 3256 ό
2374 3202 2538 3267 Θεὸς,
2572 3202 2774 3272 μᾶλλόν
2808 3220 2923 3266 πως
2968 3202 3066 3271 τῆς
3096 3203 3281 3262 οὐσίας
3324 3202 3601 3271 ὀνόματαο
3655 3207 3751 3254 καὶ

2178 3294 2382 3347 τούτων
2428 3295 2628 3363 μᾶλλον
2656 3297 2688 3347 ό
2719 3293 2832 3346 ὤν’
2861 3294 2924 3345 οὐ
2956 3293 3111 3362 μόνον
3133 3296 3215 3347 ὅτι
3242 3293 3320 3363 τῷ
3349 3295 3575 3347 Μωῦσεί
3611 3311 3752 3364 χρη-

2184 3387 2425 3456 ματίζων
2459 3387 2553 3438 ἐπὶ
2581 3386 2671 3439 τοῦ
2704 3386 2883 3456 ὅρους,
2928 3388 3022 3438 καὶ
3047 3386 3146 3456 τὴν
3176 3386 3371 3454 κλῆσιν
3412 3386 3753 3454 ἀπαιτούμε-

2181 3499 2293 3544 νος,
2352 3480 2386 3550 ἦ
2442 3480 2526 3543 τις
2586 3496 2717 3531 ποτε
2775 3479 2884 3547 εἴη,
2946 3476 3103 3530 τοῦτο
3175 3480 3469 3546 προσεῖπεν
3530 3478 3747 3533 ἑαυτὸν.

2194 3572 2368 3629 Ὀηῶν
2387 3570 2734 3626 ἀπέσταλκέ
2759 3587 2856 3639 με,
2881 3570 2959 3638 τῷ
2986 3568 3099 3639 λαῷ
3127 3569 3389 3630 κελεύσας
3408 3572 3603 3622 εἰπεῖν·
3633 3570 3753 3622 ἀλλ’

2182 3657 2265 3709 ὅτι
2306 3657 2397 3708 καὶ
2432 3656 2767 3726 κυριωτέραν
2800 3655 2999 3725 ταύτην
3040 3654 3382 3723 εὑρίσκομεν.
3420 3652 3483 3703 Ἦ
3520 3652 3617 3719 μὲν
3647 3654 3761 3717 γὰρ
3790 3641 3809 3654 ³

2191 3746 2283 3801 τοῦ
2312 3748 2477 3809 Θεοῦ,
2508 3747 2605 3799 κᾶν
2629 3747 2735 3799 ἀπὸ
2754 3746 2847 3798 τοῦ
2872 3745 3047 3807 θέειν,
3073 3743 3106 3815 ἢ
3128 3744 3335 3806 αἴθειν,
3363 3738 3760 3810 ὴτυμολόγηται

2194 3843 2304 3900 τοῖς
2338 3838 2468 3908 περὶ
2497 3838 2671 3890 ταῦτα
2699 3837 2948 3907 κομψοῖς.
2993 3835 3081 3888 διὰ
3114 3835 3174 3886 τὸ
3212 3834 3515 3900 ἀεικίνητον
3552 3830 3761 3884 καϊδα-

2194 3927 2490 3996 πανητικόν
2535 3928 2641 3981 τῶν
2677 3926 2959 3999 μοχθηρῶν
3000 3926 3186 3991 ἕξεων,
3212 3925 3304 3975 καὶ
3334 3922 3441 3991 γὰρ
3482 3919 3591 3990 πῦρ
3629 3934 3763 3970 κατ-

2194 4019 2481 4074 αναλίσκον
2530 4018 2778 4072 ἐντεῦθεν
2827 4019 3062 4086 λέγεται,
3106 4016 3217 4068 ἁλλ’
3276 4010 3368 4067 οὖν
3399 4013 3507 4065 τῶν
3543 4012 3676 4080 πρός
3705 4026 3762 4062 τι

2193 4111 2500 4181 λεγομένων
2527 4111 2664 4172 ἐστὶ,
2694 4110 2785 4162 καὶ
2812 4110 2911 4162 οὐκ
2929 4110 3140 4177 ἄφετος
3165 4106 3350 4176 ὥσπερ
3374 4105 3466 4158 καὶ
3487 4106 3520 4172 ἡ
3548 4104 3764 4168 Κύριος

2198 4203 2371 4272 φωνὴ,
2406 4201 2578 4271 ὄνομα
2612 4197 2748 4253 εἶναι
2791 4200 2924 4253 Θεοῦ
2973 4199 3065 4253 καὶ
3095 4197 3230 4267 αὑτὴ
3279 4194 3575 4264 λεγομένη·
3614 4189 3765 4258 Ἐγὼ

3639 4292 3763 4346 μου

2196 4379 2367 4431 ἐστὶν
2390 4380 2604 4446 ὄνομαο
2640 4380 2751 4442 καὶ,
2795 4378 3005 4444 Κύριος
3049 4376 3237 4444 ὄνομα
3270 4373 3448 4438 αὐτῷ.
3486 4368 3765 4439 Ἡμεῖςδὶ

2198 4467 2357 4536 φύσιν
2390 4465 2769 4537 ἐπιζητοῦμεν.
3016 4465 3077 4518 τὸ
3122 4462 3259 4517 εἶναι
3301 4462 3420 4517 καθ’
3450 4459 3628 4523 ἑαυτὸ,
3670 4458 3765 4509 καὶ

2199 4560 2299 4612 οὐκ
2337 4559 2479 4629 ἄλλῳ
2524 4559 2901 4629 συνδεδεμένον
2921 4575 2933 4588 ’
2977 4560 3038 4609 τὸ
3081 4557 3135 4609 δὲ
3164 4556 3221 4609 ὃν
3246 4591 3260 4615 ,
3442 4554 3569 4605 ἴδιον
3597 4551 3764 4611 ὄντως

2200 4650 2359 4710 Θεοῦ.
2393 4651 2484 4702 καὶ
2514 4650 2652 4712 ὅλον,
2705 4651 2840 4720 μήτε
2884 4647 2963 4719 τῷ
2992 4648 3097 4719 πρὸ
3129 4646 3313 4708 αὑτοῦ,
3356 4645 3489 4714 μήτε
3535 4641 3612 4709 τῷ
3649 4639 3765 4709 μετ’

2196 4741 2374 4801 αὐτὸν,
2410 4743 2471 4793 οὐ
2513 4741 2621 4812 γὰρ
2664 4737 2820 4811 ἧν,ἢ
2866 4740 3047 4801 ἔσται,
3090 4736 3489 4808 περατούμενον
3532 4733 3567 4801 ἢ
3615 4746 3769 4798 napt-

2199 4828 2553 4898 κοπτόμενον.

534 4931 703 4975 turam
745 4925 1005 4994 ejusmodi
1042 4927 1394 4994 exquirimus,
1424 4939 1542 4992 qua:
1601 4924 1772 4992 ipsum
1832 4939 1950 4978 esse
2000 4940 2093 4992 per
2133 4937 2193 4977 se
2216 4925 2430 4987 habeat,
2469 4938 2532 4977 ac
2561 4939 2665 4976 non
2705 4938 2827 4977 cum
2859 4922 2962 4974 alio
2983 4920 3235 4988 quopiam
3299 4915 3596 4984 copuletur.
3660 4909 3715 4961 Et
3741 4923 3771 4960 s

534 5034 679 5080 vero,
711 5022 980 5088 proprium
1012 5037 1141 5075 sane
1174 5031 1257 5074 est
1297 5020 1408 5084 Dei,
1448 5035 1511 5075 ac
1558 5028 1748 5085 totum,
1781 5035 1879 5074 nec
1908 5020 2085 5088 priore
2127 5019 2304 5088 aliqua
2338 5036 2414 5083 re,
2462 5036 2559 5074 nec
2624 5020 2920 5087 posteriore
2980 5016 3101 5086 (uec
3135 5015 3276 5067 eniut
3331 5021 3467 5074 erat,
3496 5014 3588 5060 aut
3618 5004 3770 5071 erit),

533 5112 810 5166 deﬁnitum
848 5131 907 5167 ac
935 5116 1332 5169 circumcisum.

792 5208 911 5261 Alia
954 5220 1130 5263 autem
1179 5209 1391 5263 nomina
1432 5211 1623 5278 partim
1665 5210 1945 5279 potestatis
1980 5225 2097 5264 esse

536 5308 766 5358 constat.
798 5299 993 5366 partim
1028 5300 1359 5365 oeconomia;
1388 5309 1441 5352 et
1483 5300 1697 5368 quidem
1724 5300 1985 5369 duplicis;
2024 5299 2099 5351 al—

538 5391 706 5443 terius
750 5389 1002 5442 nimirum
1055 5403 1283 5456 corpore
1328 5389 1678 5453 sublimioris,
1712 5390 1936 5445 alterius
1976 5404 2097 5443 cum

539 5494 763 5547 corpore
800 5480 1120 5547 conjunctae.
1152 5479 1391 5547 Exempli
1422 5494 1606 5542 causa,
1648 5478 2000 5549 Omnipotens
2042 5479 2095 5542 ⁸,

541 5582 592 5623 et
625 5571 757 5637 ilex,
801 5571 882 5623 vel
924 5570 1107 5640 gloria:
1140 5571 1191 5637 ⁸,
1222 5571 1303 5624 vel
1358 5571 1677 5625 saeculorum
1711 5572 1761 5638 τ,
1802 5572 1880 5624 vel
1931 5572 2100 5624 virtu-

615 5694 629 5723 ¹
668 5691 835 5745 Exod.
881 5707 981 5753 ιιι,
1026 5691 1110 5745 Η.
1223 5692 1242 5721 ¹
1274 5689 1427 5743 Deut.
1469 5704 1545 5753 tv,
1579 5689 1666 5743 “25.

544 5760 728 5816 'I’sal.
766 5775 921 5829 nm,
954 5761 1037 5815 10.
1116 5764 1133 5793 ⁷
1172 5762 1189 5815 l
1228 5759 1369 5813 Tim.
1407 5775 1441 5826 ι,
1481 5759 1565 5813 ι’ῑ.

1772 5688 1791 5717 ⁸
1819 5685 1917 5742 lsa.
1960 5702 2067 5741 xui
2092 5728 2105 5753 ,
2141 5692 2195 5752 8.

2412 5205 2531 5255 Τῶν
2562 5203 2604 5254 δ’
2635 5202 2809 5255 ἄλλων
2848 5196 3243 5267 προσηγοριῶν,
3284 5197 3338 5247 αἱ
3380 5194 3475 5263 μὲν
3504 5191 3598 5260 τῆς
3626 5189 3777 5253 ἐξου-

2209 5297 2328 5359 σίας
2359 5296 2465 5348 εἰσὶ
2502 5292 2813 5364 προφανῶς,
2851 5293 2906 5342 αἱ
2939 5290 2994 5342 δὲ
3036 5289 3132 5357 τῆς
3173 5285 3477 5355 οἰκονομίας
3509 5323 3525 5349 ,
3681 5280 3777 5332 καὶ

2205 5388 2405 5459 ταύτης
2425 5386 2605 5453 διττῆς
2625 5401 2636 5413 ’
2666 5383 2763 5452 τῆς
2800 5382 2896 5451 μὲν
2925 5381 3061 5450 ὑπὲρ
3091 5380 3150 5432 τὸ
3178 5379 3355 5447 σῶμα,
3383 5377 3476 5445 τῆς
3500 5375 3555 5426 δὲ
3584 5376 3642 5427 ὲν
3669 5372 3772 5424 cii;-

2210 5498 2337 5549 ματι
2363 5496 2375 5509 ο
2407 5473 2516 5530 οἷον
2563 5478 2590 5529 ὁ
2641 5476 2738 5544 μὲν
2782 5472 3200 5542 Παντοκράτωρ,
3247 5469 3338 5522 καὶ
3369 5471 3396 5521 ὁ
3438 5461 3713 5526 Βασιλεὺς,
3741 5466 3777 5529 ἢ

2206 5570 2306 5639 τῆς
2329 5568 2506 5637 δόξης,
2540 5567 2571 5636 ἦ
2599 5565 2705 5616 τῶν
2726 5562 2958 5625 αἰώνων,
2983 5563 3015 5632 ἦ
3036 5562 3142 5614 τῶν
3163 5561 3465 5631 δυνάμεων,
3487 5556 3519 5625 ἢ
3680 5551 3777 5603 τοῦ

2302 5687 2321 5717 ⁸
2352 5685 2520 5740 Amos
2568 5700 2645 5756 ιιι,
2675 5687 2739 5753 6;
2784 5684 2929 5741 l‘sal.
2968 5697 3130 5748 uvtt,
3163 5680 3215 5734 5.
3333 5680 3353 5708 ⁵
3387 5676 3559 5732 Exod.
3607 5692 3699 5742 xV,
3752 5676 3789 5730 3
