4120 6292
283 356 384 420 133

1270 359 1642 422 PANOPLIA
1682 361 2133 425 DOGMATICA.
2178 391 2244 404 --
2277 363 2428 422 TlT-
2467 362 2536 421 V-

3423 356 3527 419 194

289 467 597 539 ἀγαπητοῦ,
649 468 681 537 ἢ
743 467 850 521 τῶν
903 467 1318 537 βασιλευόντωνσ
1364 472 1456 524 καὶ
1496 473 1524 524 ὁ
1575 471 1794 543 Κύριος,
1825 481 1858 543 η

1968 479 2068 520 tum
2105 472 2151 530 ¹,
2186 468 2267 521 vel
2314 469 2494 522 dilecti
2527 471 2579 532 ²,
2616 465 2694 522 vel
2727 466 3062 538 regnantium
3101 472 3142 521 ³.
3167 465 3298 521 Item
3338 466 3519 522 Domi-

291 560 547 623 Σαϐαὼθ,
718 561 854 631 ὅπερ
886 561 999 612 ἐστὶ
1040 560 1326 631 στρατιῶν,
1359 561 1392 631 ἦ
1428 562 1535 618 τῶν
1559 564 1859 634 δυνάμεων,

290 652 322 722 ἦ
352 650 460 704 τῶν
488 649 870 720 κυριευόντων.
897 649 1081 704 Ταῦτα
1117 653 1215 721 μὲν
1248 653 1432 721 σαφῶς
1459 645 1556 724 τ’ἦς
1589 655 1858 722 ἐξουσίας.

302 741 360 792 Ὁ
394 741 450 794 δὲ
479 740 645 805 Θεὸς,
677 741 709 810 ἢ
738 739 832 792 τοῦ
869 739 1081 806 σώζειν,
1109 741 1142 812 ἢ
1174 744 1527 814 ἑκδικήσεων,
1556 746 1588 815 ἢ
1618 748 1858 818 εἰρήνης,

288 830 322 898 ἢ
358 825 730 897 δικαιοσύνης,
837 829 1108 900 Ἀϐραὰμ,
1135 833 1227 884 καὶ
1274 832 1478 899 Ἰσαὰκ,
1517 837 1607 888 καὶ
1647 834 1858 903 Ἰακὼϐ,

287 921 385 973 καὶ
569 921 765 981 παντὸς
805 922 1016 992 Ἰσραὴλ
1045 915 1136 976 τοῦ
1162 928 1550 994 πνευματικοῦ,
1577 931 1669 982 καὶ
1695 930 1862 1000 ὀρῶν-

287 1029 381 1074 τος
432 1012 596 1064 Θεόν·
646 1011 819 1065 ταῦτα
862 1012 917 1064 δὲ
962 1014 1061 1082 τῆς
1117 1018 1443 1087 οἰκονομίας.
1491 1021 1704 1091 Ἐπειδὴ
1754 1021 1862 1092 γὰρ

286 1103 437 1174 τρισὶ
491 1103 700 1166 τούτοις
747 1104 1111 1175 διοικούμεθα,
1168 1107 1274 1160 δέει
1325 1127 1384 1162 τε
1433 1111 1732 1181 τιμωρίας,
1770 1115 1865 1168 καὶ

289 1195 565 1264 σωτηρίας
606 1195 805 1259 ἐλπίδι,
839 1196 975 1265 πρὸς
1016 1197 1071 1249 δὲ
1123 1198 1214 1251 καὶ
1266 1201 1453 1271 δόξης,
1495 1203 1589 1254 καὶ
1633 1204 1864 1274 ἀσκήσει

287 1283 398 1335 τῶν
431 1284 659 1355 ἀρετῶν,
703 1285 760 1350 ἐξ
792 1278 865 1337 ὧν
901 1285 1070 1338 ταῦτα
1093 1305 1104 1316 ·
1144 1289 1205 1339 τὸ
1253 1291 1351 1359 μὲν
1392 1292 1497 1343 τῶν
1534 1291 1863 1362 ὲκδικήσεων

286 1373 458 1444 όνομα
511 1377 786 1445 οἰκονομεῖ
834 1375 922 1428 τὸν
966 1377 1158 1446 φόϐονο
1204 1380 1264 1432 τὸ
1296 1381 1350 1434 δὲ
1391 1381 1499 1434 τῶν
1546 1383 1859 1452 σωτηριῶν,

283 1465 387 1534 τὴν
420 1464 608 1516 ἐλπίδα
633 1481 646 1493 ·
680 1464 740 1516 τὸ
767 1463 821 1516 δὲ
855 1465 964 1518 τῶν
997 1466 1227 1536 ἀρετῶν,
1261 1468 1356 1539 τὴν
1395 1470 1654 1540 ἄσκησιν·
1687 1471 1752 1521 ἵν’
1784 1472 1862 1539 ὡς

285 1556 378 1607 τὶν
406 1555 537 1608 Θεὸν
587 1557 643 1610 ὲν
689 1555 865 1627 ἐαυτῷ
896 1557 1096 1629 φέρων,
1146 1559 1174 1609 ό
1218 1560 1419 1612 τούτων
1463 1579 1516 1613 τι
1560 1564 1859 1643 κατορθῶν,

290 1646 496 1715 μᾶλλον
531 1648 816 1717 ἐπείγηται
853 1650 987 1720 πρὸς
1027 1650 1088 1702 τὸ
1125 1651 1344 1718 τέλειον,
1382 1655 1472 1706 καὶ
1505 1657 1602 1726 τὴν
1637 1656 1693 1722 ἐξ
1727 1659 1860 1728 ἀρε-

285 1737 400 1788 τῶν
429 1738 718 1793 οἰκείωσιν.
755 1739 939 1794 Ταῦτα
972 1742 1070 1812 μὲν
1099 1739 1190 1796 οὖν
1215 1747 1329 1797 ἐστι
1493 1749 1646 1801 κοινὰ
1674 1749 1859 1822 θεότη-

283 1844 378 1889 τος
411 1825 480 1879 τὰ
505 1827 762 1897 ὀνόματα.
799 1830 958 1883 Ἴδιον
983 1832 1038 1883 δὲ
1069 1836 1161 1885 τοῦ
1207 1835 1305 1905 μὲν
1348 1837 1602 1908 ἀνάρχου,
1631 1841 1816 1912 Πατήρ
1843 1861 1857 1910 ;

287 1916 385 1968 τοῦ
409 1916 465 1968 δὲ
491 1917 744 1988 ἁνάρχως
769 1921 1138 1991 γεννηθέντος,
1163 1923 1288 1988 Υἱός
1315 1943 1326 1954 ·
1351 1927 1443 1979 τοῦ
1470 1929 1523 1980 δὲ
1551 1931 1859 2002 ὰγεννήτως

288 2008 648 2078 προελθόντος
669 2051 684 2076 ,
843 2012 875 2082 ἢ
920 2013 1218 2083 προϊόντος,
1249 2017 1309 2068 τὸ
1342 2018 1562 2088 Πνεῦμα
1593 2021 1653 2072 τὸ
1682 2021 1854 2087 ἅγιον.

299 2098 438 2150 Ἀλλ’
475 2100 568 2151 ἐπὶ
600 2100 699 2162 τὰς
741 2102 836 2153 τοῦ
886 2102 1017 2156 Υἰοῦ
1053 2105 1270 2168 κλΰσεις
1303 2107 1563 2180 ἔλθωμεν,
1597 2110 1732 2181 ὅπερ
1752 2110 1859 2180 ὡρ-

287 2189 436 2260 μήθη
469 2190 648 2258 λέγειν
676 2194 704 2244 ό
727 2191 902 2261 λόγος.

1957 575 2055 610 nus
2080 559 2157 610 vel
2200 559 2439 612 Sabaoth
2477 559 2524 621 δ,
2563 557 2663 611 hoc
2696 566 2800 621 est,
2825 557 3184 619 exercituum,
3216 557 3293 610 vel
3346 560 3518 611 virtu-

1957 661 2067 704 tum
2105 656 2150 713 ⁵,
2194 651 2273 704 vel
2304 643 2715 704 dominantium
2760 651 2804 704 ⁸.
2864 647 2988 702 ιιωο
3046 649 3164 701 sine
3221 649 3324 700 ulla
3369 649 3524 703 dubio

1959 743 2157 796 tatione
2190 743 2484 812 potentiam
2519 741 2608 795 Dei
2665 741 2976 794 ostendunt.
3016 739 3152 792 Deus
3203 755 3409 805 rursus,
3440 739 3520 793 vel

1956 834 2132 887 Salvos
2184 833 2410 885 faciendi
2453 834 2499 890 ⁷,
2543 830 2623 882 vel
2679 829 3022 890 ultionum“,
3052 830 3132 881 vel
3183 830 3328 895 pacis
3360 830 3410 890 9,
3443 828 3521 880 vel

1952 925 2249 993 justititew,
2280 923 2358 975 vel
2395 922 2643 985 Abrahze,
2674 919 2849 981 Isaac,
2904 928 2956 970 ct
3008 915 3263 978 Jacoh“,
3317 917 3525 968 univer-

1958 1019 2111 1085 sique
2171 1014 2466 1082 spiritualis
2521 1013 2845 1077 Israelis,ae
2878 1012 3041 1064 Deum
3091 1007 3344 1062 videntis.
3399 1005 3525 1059 Ila'c

1964 1108 2146 1174 utique
2191 1105 2511 1160 uaconomia‘.
2584 1112 2709 1156 sunt
2767 1099 3007 1154 nomina.
3061 1095 3325 1163 Quoniam
3381 1095 3525 1149 enim

1963 1199 2135 1251 tribus
2186 1200 2270 1252 his
2308 1197 2467 1251 rebus
2502 1196 2888 1266 gubernantur,
2918 1205 3112 1262 nempe
3171 1199 3222 1243 et
3275 1186 3526 1256 supplicii

1965 1299 2128 1354 metu,
2176 1299 2228 1343 et
2281 1289 2468 1344 salutis
2494 1286 2788 1358 gloriaeque
2831 1298 2940 1351 spe.
2978 1291 3029 1333 et
3075 1280 3218 1335 cultu
3246 1279 3524 1341 virtutum,

1959 1382 2153 1452 quibus
2186 1380 2300 1434 ha3e
2329 1386 2746 1446 comparantur;
2784 1373 3045 1426 ultionum
3094 1369 3310 1438 quidem
3361 1367 3524 1421 nomi-

1961 1489 2051 1539 ne,
2086 1483 2258 1526 metus
2286 1478 2642 1539 procuratur;
2678 1464 2868 1519 salutis
2917 1474 3119 1525 autem,
3151 1475 3310 1528 spes;
3351 1459 3523 1511 virtu-

1961 1577 2072 1624 tum
2109 1568 2358 1636 denique,
2413 1562 2697 1633 probitatis
2750 1559 2988 1615 studium
3031 1562 3134 1607 :ut
3181 1551 3271 1621 qui
3327 1550 3546 1618 aliquid
3600 1602 3604 1606 ,

1963 1662 2153 1715 horum
2194 1656 2518 1725 assequitur,
2557 1651 2778 1721 perinde
2831 1662 2891 1701 ac
2943 1647 3105 1698 Deum
3136 1643 3187 1696 in
3237 1641 3412 1710 seipso
3441 1654 3522 1708 ge-

1967 1766 2112 1817 rens,
2137 1751 2202 1804 ad
2249 1746 2639 1818 perfectionem
2672 1751 2723 1794 et
2753 1736 3180 1792 familiaritatem
3211 1746 3328 1785 eam
3370 1740 3532 1798 atque

1902 1847 1943 1901 B
1967 1846 2364 1916 cognationem,
2400 1857 2504 1910 qua
2539 1853 2634 1893 nos
2684 1837 2854 1890 virtus
2887 1833 2986 1902 ipsi
3035 1829 3306 1892 conciliat,
3340 1825 3532 1895 majori

1968 1936 2247 1991 celeritate
2312 1932 2549 1986 festinet.
2616 1928 2789 1996 Atque
2851 1925 2965 1979 haec
3023 1920 3277 1975 voeabula
3338 1916 3532 1971 Deitati

1969 2025 2275 2084 communia
2335 2032 2482 2077 sunt.
2533 2019 2812 2088 Dreprium
2868 2023 3046 2068 autem
3075 2012 3213 2082 ejus,
3245 2009 3333 2078 qui
3378 2007 3530 2074 prin-

1967 2119 2088 2187 cipii
2138 2129 2330 2183 expers
2379 2122 2483 2178 est,
2539 2125 2754 2172 nomen,
2808 2105 3150 2172 P.uter:ejus
3206 2109 3409 2161 autem,
3438 2096 3529 2164 qui

1967 2209 2101 2262 citra
2156 2205 2320 2260 ullum
2369 2201 2688 2270 principium
2745 2197 2956 2266 genitus
2989 2205 3090 2254 est,
3135 2191 3300 2244 Filius
3335 2207 3348 2241 :
3378 2187 3520 2240 illius

286 2288 541 2353 denique.
579 2282 670 2350 qui
726 2281 859 2335 citra
910 2281 1314 2351 generationem
1370 2284 1653 2353 processit,
1692 2287 2175 2354 autprogreditur,
2205 2285 2440 2354 Spiritus
2477 2294 2715 2337 sanctus.
2757 2283 2952 2336 Verqu
2989 2282 3054 2335 ad
3116 2281 3233 2334 Filii
3285 2279 3536 2343 nomina,

286 2378 358 2430 de
384 2377 582 2446 quibus
617 2373 770 2428 nobis
813 2373 994 2428 dicere
1042 2375 1378 2444 propositum
1417 2385 1552 2442 erat,
1583 2378 1930 2431 accedamus.

367 2471 524 2521 Δοκεῖ
573 2469 682 2536 γάρ
719 2486 809 2537 μοι
861 2468 1152 2536 λέγεσθαι,
1190 2469 1316 2533 Υἱὸς
1375 2471 1474 2540 μὲν
1499 2511 1512 2535 ,
1544 2471 1625 2524 ὅτι
1672 2471 1868 2524 ταυτόν

290 2563 414 2612 ἐστι
448 2559 526 2628 τῷ
569 2561 740 2629 [hth
783 2561 903 2614 κατ’
935 2561 1140 2614 οὑσέαψ
1173 2563 1263 2615 καὶ
1313 2563 1412 2614 οὐκ
1462 2565 1638 2615 ἐκεῖνο
1685 2564 1865 2631 μόνον,

288 2653 433 2705 ἀλλὰ
489 2655 759 2707 κακείθεν.
798 2655 1106 2726 Μονογενὴς
1141 2655 1216 2720 δὲ,
1247 2657 1342 2724 οὐχ
1375 2656 1456 2707 ὅτι
1490 2656 1648 2724 μόνος
1679 2657 1740 2708 ὲκ
1775 2656 1871 2724 μότ-

287 2756 387 2793 νου
426 2742 519 2793 καὶ
553 2742 734 2811 μόνον,
771 2744 885 2796 ἀλλ’
915 2744 998 2796 ὅτι
1047 2747 1139 2796 καὶ
1172 2745 1538 2815 μονοτρόπως,
1569 2745 1666 2813 οὐχ
1695 2745 1769 2806 ὼς
1802 2743 1869 2796 τὰ

286 2835 549 2901 σώματα·
586 2834 757 2901 Λόγος
784 2834 859 2896 δὲ,
895 2837 978 2887 ὅτι
1011 2834 1184 2898 οὕτως
1212 2835 1322 2904 ἔχει
1350 2837 1481 2906 πρὸς
1515 2836 1604 2888 τὸν
1629 2834 1867 2904 Πατέρα,

285 2920 367 2984 ὡς
400 2922 532 2991 πρὸς
561 2923 682 2975 νοῦν
729 2923 885 2988 λόγος
923 2938 941 2955 ·
1120 2925 1179 2976 οὐ
1228 2925 1386 2995 μόνον
1433 2925 1518 2977 διὰ
1551 2925 1612 2976 τὸ
1665 2925 1871 2987 ἀπαθὲς

284 3013 394 3080 τῆς
418 3015 742 3082 γεννήσεως,
771 3014 906 3067 ἀλλὰ
934 3015 1032 3066 καὶ
1067 3015 1121 3068 τὸ
1155 3016 1408 3084 συναφὲς,
1453 3016 1544 3068 καὶ
1596 3015 1655 3067 τὺ
1703 3015 1867 3082 ἐξαγ-

285 3120 348 3168 γε
356 3102 419 3154 λτ
429 3104 539 3155 ικόν
557 3115 575 3133 ⁶

286 3193 434 3264 πρὸς
467 3193 525 3245 τὸ
549 3194 879 3263 ὁριζόμενον,
910 3197 1093 3267 ἐπειδὴ
1129 3200 1220 3250 καὶ
1262 3198 1417 3250 τοῦτο
1447 3197 1666 3265 λέγεται
1692 3197 1867 3264 λόγος.

299 3283 370 3335 Ὀ
399 3283 508 3351 γὰρ
541 3283 859 3351 νενοηκὼς,
906 3288 1060 3356 φησι,
1105 3287 1210 3338 τὸν
1251 3286 1387 3338 Fid-1'
1420 3285 1596 3356 (τοῦτο
1621 3286 1728 3356 γάρ
1756 3287 1870 3336 ἐστι

286 3375 348 3426 τὸ
395 3373 705 3441 ἑωρακὼς),
747 3375 998 3441 νενόηκε
1019 3374 1124 3426 τὸν
1165 3374 1428 3443 Πατέρα·
1460 3375 1555 3426 καὶ
1611 3373 1872 3442 σύντομος

285 3465 572 3531 ἀπόδειξις
601 3467 694 3518 καὶ¹
719 3465 876 3536 ῥᾳδία
907 3467 1002 3534 τῆς
1031 3465 1123 3517 τοῦ
1153 3467 1365 3536 Πατρὸς
1396 3466 1632 3534 φύσεως,
1663 3468 1691 3517 ὁ
1720 3465 1868 3527 Υἱόςο

283 3555 543 3623 γέννημα
574 3554 679 3624 γὰρ
711 3555 855 3607 ἆπαν
889 3554 981 3605 τοῦ
1014 3553 1420 3624 γεγεννηκότος,
1449 3553 1667 3606 σιωπῶν
1693 3553 1868 3618 λόγος.

287 3645 353 3695 Εἰ
388 3642 446 3694 δὲ
469 3643 561 3694 καὶ
593 3641 680 3694 διὰ
711 3642 772 3693 το
803 3639 1129 3710 ἐνυπάρχειν
1161 3642 1274 3702 τοῖς
1303 3635 1421 3691 οὖσι
1462 3638 1612 3706 λέγοι
1643 3655 1747 3699 τις,
1775 3637 1871 3705 οὐχ

285 3734 670 3804 ἁμαρτήσεται
717 3731 810 3784 τοῦ
844 3733 1032 3799 λόγου·
1069 3732 1122 3783 τί
1168 3731 1275 3800 γάρ
1325 3731 1491 3792 ἐστιν,
1528 3729 1555 3782 ὃ
1597 3729 1670 3799 μὴ
1717 3729 1872 3798 Λόγῳ

285 3825 665 3894 συνέστηκεν;
720 3824 890 3892 Σοφία
934 3824 1010 3885 δὲ,
1051 3823 1126 3885 ὡς
1171 3824 1444 3893 ἐπιστήμη
1489 3821 1646 3873 θείων
1681 3837 1738 3872 τε
1780 3821 1873 3873 καὶ

284 3916 651 3987 ἀνθρωπίνων
696 3914 1070 3985 πραγμάτων
1110 3914 1227 3976 πῶς
1262 3914 1367 3984 γὰρ
1405 3909 1514 3965 οἶόν
1549 3929 1608 3964 τε
1647 3911 1738 3964 τὸν
1784 3928 1874 3963 πε-

285 4005 584 4076 ποιηκότα,
611 4005 736 4066 τοὺς
780 4003 971 4071 λόγους
1007 4004 1240 4070 ἀγνοεῖν,
1288 3995 1362 4053 ὧν
1408 4000 1708 4069 πεποίηκες
1771 3999 1872 4050 Δύ-

285 4114 460 4168 ναμις
493 4096 568 4158 δὲ,
600 4097 674 4159 ὡς
717 4094 1108 4166 συντηρητικὺς
1139 4093 1246 4146 τῶν
1280 4092 1605 4161 γενομένων,
1644 4092 1737 4142 καὶ
1773 4089 1870 4158 τὴν

284 4189 386 4242 τοῦ
429 4186 744 4256 συνέχεσθαι
786 4186 961 4238 ταῦτα
1011 4183 1263 4255 χορηγῶν
1318 4183 1567 4251 δύναμιν.
1620 4179 1867 4250 Ἀλήθεια

283 4281 365 4342 δὲ,
414 4278 491 4341 ὠς
521 4277 601 4340 ἒν,
645 4278 705 4328 οὐ
755 4277 925 4329 πολλὰ
955 4279 1020 4346 τῇ
1055 4276 1211 4344 φύσει
1233 4291 1245 4301 ·
1280 4274 1340 4325 τὸ
1376 4273 1473 4342 μὲν
1506 4271 1613 4341 γὰρ
1651 4269 1864 4338 ἀληθὲς,

284 4371 345 4424 ἓν
369 4389 383 4400 ·
423 4369 485 4423 τὸ
514 4369 569 4421 δὲ
610 4368 822 4438 ψεῦδος,
883 4367 1228 4437 πολυσχιδές·
1273 4365 1364 4418 καὶ
1407 4365 1482 4426 ὡς
1522 4361 1735 4432 καθαρὰ
1774 4359 1866 4411 τοῦ

2047 2470 2281 2524 Primum
2331 2485 2458 2541 ergo
2513 2469 2678 2523 Filius
2714 2469 2756 2500 ¹¹
2794 2468 2923 2522 mihi
2979 2467 3078 2522 dici
3141 2464 3540 2534 videtur,quia

1973 2562 2208 2615 essentia
2245 2562 2384 2614 idem
2444 2570 2526 2615 est
2580 2576 2701 2614 cum
2752 2560 2912 2614 Patre
2945 2578 2957 2612 :
2987 2574 3163 2627 neque
3213 2558 3264 2611 id
3324 2556 3497 2610 solum
3527 2597 3541 2620 ,

1974 2654 2066 2708 sed
2116 2653 2239 2720 quia
2293 2653 2454 2706 etiam
2501 2666 2568 2705 ex
2627 2651 2718 2704 illo
2760 2659 2858 2704 est.
2910 2648 3226 2719 Unigenitus
3260 2647 3301 2678 "
3335 2655 3541 2708 autem,

1974 2758 2078 2796 non
2111 2745 2236 2812 quia
2287 2745 2434 2798 solus
2486 2757 2547 2796 ex
2584 2744 2719 2806 Solo,
2761 2753 2812 2798 et
2861 2743 3067 2810 solum,
3099 2744 3190 2799 sed
3225 2746 3384 2800 etiam
3418 2747 3542 2816 quia

1975 2835 2132 2887 Unico
2169 2835 2349 2900 molo,
2383 2850 2443 2890 ac
2479 2851 2584 2909 non
2634 2845 2690 2888 ut
2733 2850 2980 2904 corpora.
3024 2834 3255 2888 Verbum
3284 2836 3326 2870 “
3349 2851 3539 2905 porro,

1974 2925 2098 2992 quia
2128 2925 2199 2977 ita
2225 2938 2282 2977 se
2307 2925 2466 2978 habet
2503 2926 2568 2978 ad
2599 2924 2837 2990 Patrem,
2879 2936 2936 2979 ut
2966 2941 3147 2980 sermo
3187 2927 3254 2980 ad
3283 2937 3543 2993 mentem,

1975 3029 2079 3066 non
2133 3015 2290 3066 modo
2335 3024 2556 3082 propter
2593 3016 2998 3084 generationem
3055 3016 3324 3085 passionis
3371 3018 3545 3072 omnis

756 3106 893 3174 τάχα
922 3106 965 3157 δ’
998 3107 1063 3158 ἂν
1091 3106 1236 3158 εἴποι
1265 3124 1367 3171 τις,
1396 3108 1476 3160 ὅτι
1513 3108 1604 3159 καὶ
1639 3108 1713 3170 ὡς
1743 3108 1867 3178 ὅρος

1973 3113 2300 3173 expertem,
2356 3121 2542 3158 verum
2604 3107 2766 3176 etiam
2828 3118 3048 3175 prepter
3111 3108 3541 3177 conjunctionem

1974 3192 2143 3260 ipsius
2174 3208 2294 3246 cum
2336 3193 2520 3256 Patre,
2559 3194 2775 3262 vimque
2828 3195 3267 3250 enuntiatrieem.
3294 3196 3545 3252 Fortasse

1972 3281 2132 3334 etiam
2179 3283 2300 3350 quis
2339 3283 2554 3344 dixerit,
2587 3285 2774 3336 eodem
2817 3285 2976 3337 modo
3011 3299 3069 3338 se
3098 3285 3164 3338 ad
3194 3285 3405 3338 Patrem
3444 3287 3542 3339 ha-

1973 3368 2123 3428 bere.
2159 3383 2267 3438 quo
2297 3370 2540 3423 deliuitio
2566 3370 2632 3424 ad
2656 3371 2969 3435 definitum,
3003 3372 3256 3441 quoniam
3301 3373 3541 3427 definitio

1975 3472 2189 3526 quoque
2231 3458 2387 3527 λόγος
2433 3460 2652 3514 dicitur.
2696 3460 2798 3525 Qui
2847 3463 2983 3516 enim
3037 3461 3231 3516 Filium
3282 3467 3540 3534 cognovit,

1973 3548 2049 3598 ait
2097 3546 2348 3602 Christus
2407 3550 2534 3612 (hoc
2585 3551 2726 3604 enim
2763 3553 2899 3604 idem
2939 3553 3225 3620 signiﬁcat,
3253 3570 3334 3618 ae,
3367 3555 3541 3626 vidit),

1975 3638 2186 3692 Patrem
2220 3657 2425 3711 quoque
2472 3644 2706 3711 cognovit
2733 3639 2776 3670 ⁸⁵
2804 3661 2816 3696 :
2847 3658 2908 3697 ac
2945 3645 3146 3709 brevis,
3190 3655 3245 3700 et
3289 3664 3544 3716 compen-

1975 3733 2121 3784 diosa
2149 3731 2428 3800 faeilisquc.
2451 3744 2687 3801 paterna:
2711 3743 2917 3788 naturae
2942 3735 3235 3790 declaratio
3256 3749 3334 3793 est
3357 3739 3540 3795 Filius.

1973 3820 2142 3874 Omtte
2190 3822 2332 3875 enim
2394 3825 2534 3896 quod
2585 3825 2824 3892 genitum
2887 3834 2987 3889 est,
3032 3827 3332 3891 genitorem
3384 3845 3540 3883 suum

1977 3912 2135 3963 tacita
2195 3913 2424 3980 quadam
2475 3928 2603 3966 voce
2660 3914 2870 3966 definit.
2937 3916 3090 3981 Quod
3124 3919 3167 3969 si
3208 3919 3328 3985 quis
3356 3919 3542 3983 etiam,

1975 4002 2096 4067 quia
2130 4003 2286 4054 rebus
2318 4003 2570 4054 onmibus
2615 4003 2762 4066 insit,
2793 4003 2964 4071 Λόγον
3011 4007 3190 4058 γυςιιι·ἱ
3229 4009 3540 4074 centendat,

1973 4107 1999 4139 ιι
2061 4091 2264 4142 ratione
2314 4106 2417 4141 non
2473 4091 2765 4144 aherrahit.
2799 4092 2934 4156 Quid
2963 4095 3104 4146 enim
3128 4105 3228 4158 est,
3259 4098 3399 4164 quod
3431 4113 3540 4152 nou

1974 4178 2148 4232 Ver-ho
2172 4180 2448 4232 conditum
2469 4180 2571 4233 sit?
2599 4179 2873 4248 Sapientia
2891 4183 2932 4214 “
2953 4199 3095 4245 vero,
3118 4194 3172 4236 ut
3195 4201 3369 4239 rerum
3404 4188 3541 4242 divi-

1973 4285 2160 4322 narum
2180 4280 2230 4322 et
2255 4271 2602 4323 luunauarum
2625 4271 2868 4324 scicntia.
2900 4273 2998 4338 Qui
3028 4275 3168 4326 enim
3204 4275 3314 4329 lieri
3347 4287 3542 4343 potest,

1973 4369 2031 4413 ut
2081 4361 2330 4412 conditor
2384 4377 2559 4414 rerum
2589 4377 2617 4413 a
2646 4377 2703 4416 se
2739 4363 3076 4416 conditarum
3129 4367 3363 4420 rationes
3395 4368 3543 4437 igno-

288 4461 512 4530 Πατρδς
543 4458 799 4529 σφραγὶς,
831 4459 923 4510 καὶ
939 4456 1223 4527 χαρακτὴρ
1245 4453 1652 4524 ἀψευδέστατος.
1696 4448 1867 4502 Εἰκὼν

1975 4450 2096 4503 ret?
2125 4449 2450 4515 Potentia",
2501 4463 2556 4504 ut
2601 4468 2777 4504 rerum
2831 4463 3130 4506 creatarum
3166 4471 3537 4520 conservator,

285 4553 342 4604 δὲ
382 4586 400 4612 ,
543 4550 618 4612 ὡς
649 4549 954 4620 ὀμοούσιον,
1011 4548 1104 4599 καὶ
1149 4548 1231 4598 ὅτι
1284 4544 1442 4597 τοῦτο
1487 4542 1712 4603 ἐκεῖθεν,
1756 4539 1868 4592 ἀλλ’

286 4644 393 4695 οὐκ
432 4641 493 4692 ὲκ
527 4639 715 4692 τούτου
761 4640 982 4708 Πατήρ·
1017 4636 1154 4705 αὕτη
1202 4635 1309 4705 γὰρ
1338 4633 1540 4694 εἰκόνος
1564 4631 1742 4699 φύσις,
1782 4628 1871 4699 μί-

291 4749 460 4804 μημα
651 4726 786 4782 εἶναι
849 4730 943 4781 τοῦ
987 4726 1318 4799 ἀρχετύπου,
1373 4725 1467 4776 καὶ
1510 4715 1570 4774 οὗ
1619 4721 1868 4788 λέγεται·

289 4823 440 4889 πλὴν
467 4821 545 4871 ὅτι
576 4822 667 4872 καὶ
698 4819 856 4871 πλέον
1027 4813 1260 4868 ἐνταῦθα
1282 4831 1294 4842 ·
1325 4814 1442 4866 ἐκεῖ
1471 4811 1568 4881 μὲν
1717 4809 1826 4880 γὰρ
1856 4845 1874 4873 ,

287 4913 553 4981 ὸκὲνητος
589 4909 906 4979 κινουμένου
931 4924 942 4936 ·
980 4905 1210 4960 ὲιιταίθα
1238 4904 1315 4966 δὲ,
1348 4903 1548 4967 ζῶντος
1581 4900 1673 4954 καὶ
1702 4897 1872 4963 ζῶσα,

288 5005 387 5058 7:1".
416 5004 576 5054 πλέον
735 5001 931 5070 ἔχουσα
959 4998 1018 5050 τδ
1049 4995 1487 5066 ἀπαράλλακτον,
1509 4992 1542 5060 ἢ
1569 4990 1664 5043 τοῦ
1701 4989 1874 5050 Ἀδὰμ

287 5096 318 5147 ὁ
343 5092 490 5163 Σὴθ,
652 5091 746 5143 καὶ
790 5088 884 5141 τοῦ
930 5087 1226 5156 γεννῶντος
1272 5082 1472 5145 παντὸς
1515 5082 1576 5134 τὸ
1604 5080 1875 5150 γεννώμε-

289 5198 422 5236 νον*
465 5177 686 5248 τοιαύτη
727 5177 835 5249 γὰρ
885 5179 918 5247 ἡ
952 5175 1060 5227 τῶν
1107 5173 1292 5227 ἁπλῶν
1326 5171 1508 5240 φύσις,
1549 5169 1622 5242 μὴ
1670 5169 1748 5240 τῷ
1777 5169 1874 5240 μὲν

291 5270 556 5333 ἑοικέναι,
610 5267 686 5338 τῷ
716 5268 771 5320 δὲ
814 5266 1150 5326 ἁπεοικέναι,
1201 5263 1316 5315 ἀλλ’
1354 5261 1471 5314 ὅλον
1529 5261 1648 5313 ὅλου
1708 5260 1875 5313 τύπον

293 5357 460 5423 εἶναι,
485 5362 579 5413 καὶ
607 5359 803 5412 ταυτὸν
845 5357 1064 5426 μᾶλλον,
1093 5356 1127 5427 ἢ
1159 5353 1510 5424 ἀφομοίωμα.
1551 5352 1670 5416 Φῶς
1695 5351 1772 5416 δὲ,
1800 5351 1875 5415 ὡς

415 5553 555 5608 Psal.
612 5571 756 5609 um
784 5595 798 5619 ,
831 5555 921 5610 13.

289 5624 496 5695 "i’.~al.
526 5641 694 5686 vau,
725 5628 815 5680 2|.
895 5626 918 5658 ⁸
948 5625 1093 5681 Psal.
1128 5643 1282 5695 xcru,
1313 5627 1365 5681 1.

295 5694 343 5726 ⁸³
383 5692 543 5748 Joan.
571 5711 610 5759 ι,
640 5696 728 5752 18.
848 5697 892 5728 ¹⁵
918 5695 1072 5750 Joan.
1107 5711 1146 5763 l,
1202 5698 1257 5752 1.

297 5765 346 5796 ¹⁹
384 5765 596 5821 Coloss.
633 5781 675 5830 ι,
704 5767 790 5822 15.
876 5767 920 5800 ’⁸
953 5765 1115 5823 llebr.
1150 5781 1187 5832 ι,
1213 5770 1265 5822 5.

1019 5559 1040 5588 ‘
1090 5557 1224 5612 ibid.
1323 5558 1343 5589 ³
1377 5555 1395 5608 1
1434 5557 1577 5611 Tim.
1617 5573 1688 5623 vi,
1733 5557 1820 5613 l5.

1437 5629 1457 5660 °
1493 5627 1648 5683 Rom.
1689 5643 1776 5690 xv,
1805 5631 1894 5684 53.

1901 5561 1922 5594 ⁸
1956 5561 2113 5614 lion).
2147 5575 2199 5613 Ix
2224 5599 2239 5623 ,
2275 5559 2366 5616 29.

1979 4541 2195 4610 vimque
2239 4543 2306 4595 iis
2343 4544 2691 4612 suppeditans
2732 4555 2787 4597 ut
2821 4548 3213 4598 contineantur.
3249 4531 3540 4614 Veritas”,

1974 4639 2030 4684 ut
2051 4643 2236 4683 natura
2258 4648 2442 4695 unum,
2465 4649 2567 4686 non
2605 4633 2786 4687 uudta.
2815 4633 3007 4687 Verum
3026 4636 3221 4704 quippe
3245 4652 3404 4688 unmn
3424 4650 3544 4702 est;

1975 4725 2314 4777 mendacium
2337 4725 2604 4793 multiplex
2626 4741 2638 4775 :
2661 4738 2820 4793 atque
2835 4727 2995 4779 etiam
3016 4737 3272 4794 utpurum
3289 4727 3465 4783 Patris
3482 4731 3550 4784 si-

1975 4814 2178 4882 gillum,
2225 4815 2548 4882 minimeque
2588 4818 2814 4867 mendax
2861 4817 3161 4870 character.
3198 4817 3464 4885 Imago",
3491 4828 3549 4872 ut

1974 4905 2209 4971 ejusdem
2229 4919 2347 4957 cum
2365 4903 2518 4956 Patre
2535 4905 2847 4957 substantiae
2862 4907 2928 4966 '°,
2943 4915 2992 4956 et
3007 4907 3129 4972 quia
3143 4922 3205 4958 ex
3225 4905 3310 4960 illo
3324 4917 3425 4972 est,
3443 4924 3546 4963 non

1975 5004 2151 5048 autem
2182 5009 2244 5047 ex
2275 4995 2372 5047 hoc
2400 4993 2576 5046 Pater.
2623 4992 2743 5046 llaec
2775 4994 3035 5061 siquidem
3075 4995 3320 5064 imaginis
3357 5005 3547 5053 natura

1975 5089 2074 5138 est.
2109 5089 2159 5132 ut
2191 5081 2260 5131 sit
2306 5080 2534 5132 imitatio
2560 5080 2898 5150 exetuplaris,
2933 5081 3085 5150 cujus
3121 5085 3295 5154 imago
3322 5089 3548 5155 dicitur;

1987 5185 2294 5239 quanquam
2357 5171 2443 5225 hic
2497 5172 2670 5240 imago
2714 5174 2986 5241 exemplar
3043 5191 3196 5228 suum
3246 5177 3549 5246 ettpressius

1986 5261 2168 5315 refert.
2206 5259 2316 5314 illic
2345 5261 2486 5315 enim
2517 5263 2593 5315 rei
2630 5263 2762 5316 viva:
2786 5278 2848 5318 ac
2884 5276 3026 5319 motu
3070 5268 3305 5336 praedita:
3339 5276 3546 5320 mortua

1982 5363 2036 5408 et
2070 5363 2246 5408 motus
2270 5367 2462 5422 expers
2496 5355 2673 5425 imago
2701 5366 2781 5410 est
2814 5374 2828 5412 :
2859 5357 2947 5411 hic.
2979 5367 3161 5413 autem
3212 5357 3314 5411 vivi
3365 5370 3549 5411 exem-

2471 5561 2491 5592 ⁵
2520 5561 2660 5615 Psal.
2716 5570 2877 5624 χχιιι,
2915 5563 3001 5617 10.

2498 5633 2537 5661 “
2571 5631 2739 5685 Exod.
2768 5647 2849 5694 ιιι,
2887 5631 2939 5684 6.

3105 5561 3300 5612 “Deut.
3349 5575 3411 5624 ιι,
3465 5556 3554 5614 17.

2002 5633 2044 5662 ¹⁰
2080 5631 2224 5684 Psal.
2267 5647 2340 5697 IV,
2366 5631 2421 5684 2.
2498 5633 2537 5661 ²¹
2571 5631 2739 5685 Exod.
2768 5647 2849 5694 ιιι,
2887 5631 2939 5684 6.
3027 5632 3068 5663 ¹¹
3103 5631 3448 5693 Μςιιιιι.ινιι,
3491 5629 3542 5684 5-

1377 5697 1420 5730 ¹³
1453 5695 1616 5755 Joan.
1635 5714 1748 5766 xrv,
1775 5699 1829 5784 7,

2007 5701 2049 5732 ¹⁶
2077 5699 2094 5752 Ι
2125 5701 2254 5756 Cor.
2289 5695 2335 5766 ι,
2365 5701 2458 5755 50.
2538 5702 2579 5734 ¹⁷
2618 5702 2812 5771 Ephes.
2848 5716 2898 5764 v,
2941 5702 3026 5760 l9.
3111 5699 3314 5758 "Joan.
3347 5717 3454 5770 xrv,
3481 5701 3535 5757 6.
