4066 6288
516 345 618 413 135

1715 341 2105 408 EUTHYMII
2167 339 2533 401 ZIGABENI

3644 331 3755 400 196

510 454 679 522 plaris
706 453 827 508 viva
855 467 1069 526 quoque
1111 461 1192 510 est
1239 453 1461 524 eﬂlgies,
1511 455 1791 528 multoque
1840 459 2076 517 minusa

2201 454 2505 526 λαμπρότης
2531 451 2722 522 ψυχῶν
2759 449 2854 504 καὶ
2880 447 3021 521 λόγῳ
3055 449 3149 502 καὶ
3193 447 3294 519 βίῳ
3327 447 3761 520 καθαιρομένων.

507 544 669 602 Patre
700 545 976 615 dili'erens,
1005 561 1163 616 quam
1205 545 1337 601 Seth
1371 547 1438 602 ab
1470 547 1676 605 Adatno
1714 550 1754 615 ’,
1831 551 2080 620 ﬁliusque

507 641 684 693 omnis
715 654 743 692 a
773 652 1000 708 parente
1041 653 1158 693 suo.
1213 638 1529 708 llujusmodi
1590 655 1826 712 namque
1864 643 2076 712 simpli-

509 730 652 784 cium
703 744 882 784 rerum
938 737 1128 782 natura
1178 726 1279 793 est,
1324 737 1382 784 ut
1430 745 1534 785 non
1593 733 1791 801 partim
1831 732 1973 787 inter
2018 747 2078 788 se

509 820 716 875 similes
752 823 878 886 sint,
924 822 1118 890 partim
1172 821 1486 888 dissimiles,
1518 825 1612 879 sed
1667 835 1788 880 ιοιιιι
1821 835 1962 881 totas
1988 842 2073 882 re-

507 920 858 981 prmsentent,
903 911 1214 981 eaedemque
1249 913 1427 982 potius
1455 915 1606 980 sint,
1639 929 1800 985 quam
1851 917 2076 972 similes.

510 1003 622 1056 Lux
653 1001 675 1031 ‘
719 1001 884 1054 etiam
937 1002 1154 1068 dicitur,
1193 1013 1248 1057 ut
1309 1005 1616 1062 animorum
1667 1009 1941 1078 splendor,
1978 1011 2069 1079 qui

509 1103 561 1146 et
590 1092 697 1144 vita
725 1101 778 1146 et
809 1107 1058 1147 sermone
1108 1107 1427 1165 purgantur.
1462 1097 1595 1152 Nam
1623 1100 1666 1154 si
1703 1101 2000 1170 ignorantia
2027 1111 2080 1155 et

510 1195 790 1249 peccatum
841 1185 1076 1238 tenebrae
1107 1193 1252 1250 sunt,
1287 1187 1377 1240 lux
1430 1189 1671 1257 profecto
1701 1191 1805 1242 erit
1828 1190 2076 1254 scientia,

511 1281 566 1326 et
600 1273 705 1326 vita
739 1274 941 1328 divina.
984 1274 1108 1328 Vita
1148 1273 1194 1340 ³,
1228 1278 1352 1346 quia
1401 1277 1512 1345 lux,
1555 1280 1827 1350 totiusque
1868 1281 2080 1336 ratione

524 1363 764 1431 praeditas
815 1359 1026 1419 natura:~
1071 1368 1490 1434 coagmentatio,
1535 1377 1590 1424 et
1640 1371 1978 1439 procreatio:
2012 1368 2080 1424 In

511 1453 622 1518 ipso
658 1452 796 1506 enim
829 1454 1064 1519 vivimus,
1093 1465 1141 1508 et
1175 1472 1459 1522 movemur,
1497 1465 1547 1510 et
1592 1473 1774 1512 sumus
1810 1460 1856 1522 δ,
1885 1473 2080 1513 secun-

513 1543 638 1594 dum
693 1541 960 1612 duplicem
1032 1545 1179 1600 illam
1235 1548 1608 1618 inspirationis
1649 1549 1672 1582 ⁸
1735 1548 2073 1605 facultatem.

512 1631 644 1686 Nam
681 1642 735 1688 et
765 1634 913 1688 illinc
938 1650 1123 1691 omnes
1157 1638 1374 1692 vitalem
1408 1639 1657 1708 spiritum
1880 1642 2081 1711 accipi-

2141 951 2148 958 -
2189 915 2333 968 κατὰ
2357 912 2453 984 τὴν
2480 911 2671 982 διπλῆν

2189 547 2252 599 Εἰ
2275 545 2382 616 γάρ
2405 544 2593 606 σκότος
2623 544 2658 614 ή
2689 542 2881 611 ἄγνοια
2930 539 3023 594 καὶ
3063 541 3098 611 ἡ
3138 541 3406 612 ἁμαρτία,
3441 539 3558 611 φῶς
3585 541 3649 595 ἂν
3677 543 3764 614 εἴη

2188 639 2222 708 ἠ
2251 637 2470 706 γνῶσις,
2506 635 2600 688 καὶ
2624 633 2652 684 ὁ
2679 632 2789 704 βίος
2961 631 2990 683 ὁ
3019 628 3220 694 ἔνθεος.
3248 631 3372 703 Ζωὴ
3407 631 3485 696 δὲ,
3510 634 3593 685 ὅτι
3628 633 3764 700 φῶς,

2187 727 2284 785 καὶ
2306 728 2485 797 πάσης
2503 725 2728 794 λογικῆς
2747 723 2963 793 φύσεως
2979 721 3235 785 σύστασις
3254 722 3349 776 καὶ
3460 719 3712 782 οὒσίωσις
3747 729 3762 744 ⁸

2201 820 2306 874 Ἐν
2333 819 2492 886 αὐτῷ
2525 818 2636 890 γὰρ
2675 815 2882 887 ζῶμεν,
2909 815 3008 870 καὶ
3046 815 3387 885 κινούμεθα,
3427 814 3526 868 καὶ
3556 813 3766 884 ἐσμὲν,

2847 907 2940 961 τοῦ
2976 908 3372 978 ἐμφυσήματος
3398 906 3646 977 δύναμιν,
3669 908 3766 962 καὶ

2188 1005 2386 1076 πνοήν·
2410 1002 2620 1056 ἐκεῖθεν
2775 999 3161 1072 ὲμφυσώμενοι
3183 997 3400 1064 πάντες,
3425 1000 3518 1052 καὶ
3539 998 3766 1070 Πνεῦμα

2187 1092 2344 1163 ᾶγιον
2372 1093 2485 1146 ὅσοι
2515 1091 2831 1163 χωρητικοὶ,
2874 1089 2969 1142 καὶ
2995 1089 3269 1152 τοσοῦτον,
3312 1088 3433 1142 καθ’
3463 1090 3586 1141 ὅσον
3615 1087 3680 1142 ἂν
3704 1088 3766 1142 τὸ

2192 1183 2364 1253 στόμα
2404 1183 2504 1252 τῆς
2535 1181 2770 1244 διανοίας
2819 1178 3142 1249 άνοίξωμεν.
3177 1179 3501 1249 Δικαιοσύνη
3546 1179 3638 1244 δὲ,
3683 1180 3767 1232 ὅτι

2187 1272 2282 1325 τοῦ
2319 1271 2455 1343 πρὸς
2486 1271 2640 1337 ἀξίαν
2668 1269 2960 1342 διαιρὲτης,
3010 1267 3104 1321 καὶ
3144 1268 3362 1321 διαιτῶν
3398 1268 3618 1332 δικαίως
3652 1270 3768 1332 τοῖς

2189 1364 2294 1421 ὕπο
2328 1364 2510 1435 νόμον,
2546 1363 2641 1417 καὶ
2682 1365 2793 1426 τοῖς
2837 1361 2941 1415 ὑπὸ
2977 1361 3157 1432 χάριν,
3199 1360 3342 1432 ψυχῇ
3384 1361 3477 1414 καὶ
3531 1361 3766 1432 σώματι,

2189 1455 2330 1510 ὥστε
2362 1456 2422 1509 τὸ
2453 1456 2550 1526 μὲν
2578 1455 2786 1527 ἄρχειν,
2814 1454 2874 1507 τὸ
2906 1453 2961 1507 δὲ
2993 1451 3279 1524 ἄρχεσθαι,
3313 1451 3408 1505 καὶ
3436 1451 3532 1522 τὴν
3559 1454 3767 1523 ἡγεμο-

2190 1548 2308 1604 νίαν
2332 1549 2474 1620 ἔχειν
2499 1549 2560 1602 τὺ
2590 1551 2836 1620 κρεῖττον
2864 1547 3006 1600 κατὰ
3043 1545 3136 1598 τοῦ
3171 1545 3436 1616 χείρονος,
3475 1543 3551 1608 ὡς
3588 1545 3661 1615 μὴ
3703 1545 3768 1598 τὸ

2189 1639 2372 1710 χεῖρον
2397 1637 2785 1691 ἐπανίστασθαι
2820 1636 2898 1708 τῷ
2928 1635 3157 1706 βελτίονι
3181 1653 3196 1666 ο
3239 1633 3557 1704 Ἀγιασμός
3587 1634 3664 1698 δὲ,
3689 1634 3768 1697 ὡς

523 1735 661 1786 mus,
715 1731 768 1776 et
803 1723 1059 1792 Spiritum
1102 1734 1372 1791 sanctum,
1405 1734 1671 1795 quotquot
1708 1725 1876 1796 ipsius
1914 1739 2081 1794 capa-

2201 1725 2514 1797 ιαθαρότης,
2562 1725 2648 1778 ἵνα
2689 1722 2938 1794 χωρῆται
2983 1721 3045 1775 τὸ
3091 1721 3369 1794 καθαρὸν,
3404 1719 3756 1791 καθαρότητι.

521 1825 612 1863 ccs
666 1826 876 1879 sumus,
934 1824 988 1868 et
1037 1825 1302 1885 quatenus
1335 1831 1397 1872 os
1433 1818 1630 1872 mentis
1697 1817 2089 1888 aperuerimus.

518 1898 734 1956 Justitla
764 1906 819 1970 θ,
852 1906 978 1974 quia
1009 1919 1107 1974 pro
1132 1907 1324 1962 merito
1355 1909 1573 1977 praemia
1606 1915 1658 1963 et
1693 1921 1883 1977 pmnas
1904 1905 2091 1962 distri-

523 1991 659 2056 huit,
682 2007 1004 2066 aequumque
1023 1995 1258 2064 judicem
1285 2012 1342 2053 se
1364 1999 1566 2068 praebet
1597 1999 1698 2063 his,
1733 1997 1824 2066 qui
1850 1997 1949 2052 sub
1977 1996 2093 2066 lege

522 2091 668 2146 sunt,
701 2092 754 2138 et
805 2084 912 2149 his,
950 2088 1039 2154 qui
1100 2087 1201 2142 sub
1245 2089 1452 2157 gratia;
1487 2089 1808 2156 corporique
1871 2089 1995 2141 item
2039 2097 2092 2140 et

524 2173 738 2238 animae,
767 2185 826 2248 ιιι
859 2177 988 2231 illud
1027 2186 1236 2246 pareat,
1271 2178 1388 2233 iure
1430 2179 1614 2246 praesit
1644 2187 1805 2247 atque
1842 2179 2089 2246 imperet,

525 2267 970 2336 prastantiorque
1021 2281 1146 2337 pars
1192 2268 1552 2338 principatum
1579 2269 1840 2324 adversus
1869 2267 2090 2321 inferio-

2208 1812 2604 1884 Ἀπολύτρωσις
2657 1811 2748 1879 δὲ,
2811 1810 2887 1875 ὡς
2940 1809 3238 1881 ἐλευθερῶν
3297 1810 3462 1879 ἡμᾶς,
3503 1809 3605 1862 ὑπὸ
3662 1809 3764 1880 τῆς

2197 1903 2471 1973 ἁμαρτίας
2513 1901 2930 1972 κατεχομένους,
2967 1900 3061 1954 καὶ
3108 1899 3302 1970 λύτρον
3336 1899 3526 1953 ἑαυτὸν
3566 1898 3765 1952 ἀντιδι-

2195 1991 2318 2054 δοὺς
2366 1990 2523 2062 ἡμῶν
2570 1992 2669 2062 τῆς
2709 1989 3032 2061 οἰκουμένης
3068 1988 3383 2060 καθάρσιον.
3447 1989 3766 2052 Ἀνάστασις

2197 2081 2276 2145 δὲ,
2319 2080 2395 2144 ὡς
2447 2079 2696 2134 ἐντεῦθεν
2744 2082 2891 2151 ἡμᾶς
2943 2080 3250 2134 ἁπανιστῶν
3281 2118 3298 2145 ,
3486 2081 3580 2134 καὶ
3628 2079 3768 2152 πρὸς

2197 2174 2295 2244 τὴν
2336 2172 2480 2245 ζωὴν
2518 2172 2806 2242 ἐπανάγων
2841 2171 3274 2244 νενεκρωμένους
3318 2170 3424 2224 ὑπὸ
3449 2173 3547 2243 τῆς
3581 2172 3768 2244 ἁμαρ-

2199 2267 2340 2330 τίας.

524 2379 639 2419 rem
669 2375 868 2432 teneat,
905 2383 1005 2423 nec
1045 2369 1096 2422 id
1141 2370 1282 2438 quod
1321 2369 1557 2423 deterius
1594 2377 1696 2434 est,
1728 2369 1985 2422 adversus
2016 2367 2086 2431 id,
2129 2365 2270 2432 quod
2301 2364 2492 2419 melius
2526 2373 2631 2428 est,
2666 2363 2934 2432 insurgat.
2981 2361 3350 2420 Sanctificatio
3380 2363 3422 2423 τ,
3480 2359 3605 2431 quia
3670 2372 3767 2428 pu-

523 2456 679 2523 ritas,
704 2467 966 2527 utpurnm
1004 2457 1128 2512 illud
1156 2475 1352 2514 numen
1381 2475 1474 2529 per
1495 2460 1778 2529 puritatem
1805 2463 2068 2530 capiatur.
2127 2457 2443 2528 Redemptio
2459 2462 2500 2522 ⁸,
2529 2458 2652 2527 quia
2678 2473 2776 2513 nos
2820 2473 2849 2512 a
2885 2466 3106 2528 peccato
3139 2457 3382 2512 detentos
3437 2454 3489 2508 in
3552 2453 3768 2508 liberta-

527 2562 632 2608 tem
673 2552 884 2616 asserit,
917 2567 1139 2621 seseque
1170 2568 1266 2622 pro
1309 2555 1483 2617 nobis,
1518 2563 1574 2607 ut
1619 2553 1764 2608 orbis
1813 2563 2076 2610 terrarum
2117 2554 2385 2623 expietur,
2429 2553 2763 2606 liberationis
2828 2551 3057 2620 pretium
3105 2551 3216 2605 dat.
3267 2546 3672 2613 Resurrectio’,
3709 2553 3772 2600 ut

526 2661 625 2702 nos
670 2646 796 2701 hinc
854 2646 1113 2699 abductos
1169 2647 1462 2713 sumimus,
1493 2658 1600 2702 eta
1635 2657 1859 2714 peccato
1914 2657 2089 2701 morte
2131 2646 2352 2702 aliectos
2381 2645 2446 2699 atl
2487 2645 2648 2698 vitam
2681 2645 2961 2698 relucens.

779 2738 956 2806 Atque
999 2738 1112 2792 hmc
1171 2738 1345 2792 adhuc
1375 2740 1682 2794 communia
1720 2748 1867 2802 sunt,
1899 2749 2006 2794 tam
2044 2740 2092 2793 ei

2426 2737 2608 2792 Ταῦτα
2652 2738 2749 2808 μὲν
2774 2732 2866 2791 οὖν
2899 2737 2979 2788 ἔτι
3021 2735 3174 2790 κοινά
3210 2734 3304 2790 τοῦ
3346 2751 3405 2787 τε
3435 2731 3575 2804 ὑπὲρ
3599 2732 3768 2802 ἡμᾶς,

525 2829 614 2899 qui
651 2842 812 2898 supra
860 2841 958 2881 nos
982 2836 1086 2894 cst,
1121 2842 1280 2896 quam
1313 2830 1403 2898 qui
1436 2838 1650 2898 propter
1682 2844 1800 2891 nos.
1838 2827 1993 2884 Nunc
2028 2829 2092 2883 ad

2201 2830 2294 2885 καὶ
2319 2829 2414 2884 τοῦ
2449 2829 2514 2882 δι’
2555 2830 2728 2900 ἡμᾶς·
2911 2827 2948 2881 ἃ
2977 2827 3031 2881 δὲ
3065 2828 3208 2891 ἰδίως
3238 2826 3478 2898 ἡμέτερα
3499 2867 3513 2891 ,
3549 2823 3642 2877 καὶ
3668 2823 3770 2892 τῆς

525 2934 586 2973 ca
635 2918 931 2980 veniamus,
964 2931 1082 2986 qua:
1129 2917 1347 2986 proprie
1393 2927 1576 2976 nostra
1611 2928 1759 2983 sunt,
1789 2917 2092 2971 humanita-

2201 2919 2448 2973 ἐντεῦθεν
2480 2918 2858 2991 προσλήψεως.
3036 2917 3355 2990 Ἀνθρωπος
3395 2917 3493 2986 μὲν
3512 2956 3526 2980 ,
3557 2914 3652 2983 οὐχ
3680 2913 3770 2966 ἵνα

527 3011 703 3078 tisque
730 3015 1034 3077 assumpta}.
1065 3007 1295 3062 llomo’o
1317 3009 1494 3078 itaque
1523 3008 1742 3074 dicitur,
1786 3023 1890 3062 non
1921 3009 2092 3062 solum

2201 3011 2420 3085 χωρηθῇ
2455 3011 2615 3082 μόνον
2653 3011 2740 3064 διὰ
2784 3009 3029 3080 σώματος
3081 3010 3348 3080 σώμασιν,
3385 3009 3558 3071 ἄλλως
3582 3008 3680 3060 οὐκ
3703 3003 3770 3058 ἂν

527 3110 585 3154 ιιι
639 3115 736 3170 per
786 3114 986 3169 corpus
1025 3115 1052 3152 a
1093 3100 1412 3169 corporibus
1455 3100 1721 3169 capiatur,
1753 3101 1842 3170 qui
1900 3099 2092 3169 alioqui

2201 3104 2467 3176 χωρηθεις
2496 3102 2584 3157 διὰ
2610 3103 2672 3155 τὸ
2702 3102 2799 3172 τῆς
2833 3101 3045 3171 φύσεως
3092 3101 3328 3172 ἄληπτον
3347 3113 3363 3130 ⁸
3536 3097 3649 3151 ἀλλ’
3682 3098 3771 3150 ἵνα

525 3192 594 3244 oh
638 3190 1237 3259 incomprehensibilem
1311 3200 1560 3245 naturam
1610 3207 1762 3246 suam
1817 3192 1932 3259 capi
1993 3205 2092 3244 non

2201 3198 2294 3250 καὶ
2318 3193 2516 3266 ἁγιάσῃ
2540 3194 2606 3247 δι’
2625 3191 2816 3247 ἑαυτοῦ
2837 3193 2926 3246 τὸν
2948 3192 3248 3264 ἄνθρωπον,
3271 3191 3460 3262 ῶσπερ
3617 3187 3768 3260 ζύμη

525 3289 767 3349 poterat;
822 3281 915 3335 sed
968 3281 1130 3334 etiam
1184 3291 1244 3334 ιιι
1292 3297 1389 3350 per
1415 3297 1473 3337 se
1507 3282 1778 3336 hominem
1814 3281 2092 3336 sanctitate

2201 3289 2488 3358 γενόμενος
2517 3285 2594 3357 τῷ
2622 3288 2783 3339 παντὶ
2809 3285 3109 3356 φυράματι,
3145 3284 3239 3337 καὶ
3267 3283 3400 3353 πρὸς
3429 3281 3620 3334 ἑαυτὸν
3640 3277 3772 3332 ἑνώ-

529 3370 745 3436 alliciat,
798 3371 1154 3440 l‘ermentique
1217 3372 1388 3426 instar
1439 3371 1702 3425 universae
1770 3384 1963 3425 massae
2007 3371 2098 3434 sit,

529 3461 964 3530 sihiquepuiens
1010 3461 1152 3531 quod
1205 3460 1620 3516 condemnatum
1688 3460 1882 3524 fuerat,
1933 3468 2099 3513 totum

530 3553 658 3607 illud
703 3568 732 3606 a
766 3553 1214 3608 condemnatione
1263 3552 1476 3616 liberet,
1538 3551 1722 3607 omnia
1770 3565 1870 3620 pro
1923 3550 2098 3615 nobis,

530 3658 650 3711 quae
717 3659 814 3699 nos
871 3659 1076 3710 sumus,
1105 3653 1333 3711 excepto
1385 3651 1630 3711 peccato,
1663 3642 1859 3709 factus,
1884 3655 2099 3711 corpus,

530 3735 735 3798 anima,
794 3750 948 3790 mens
983 3735 1102 3804 (per
1126 3750 1245 3804 quae
1270 3734 1518 3789 videlicet
1548 3748 1692 3789 mors
1727 3733 2056 3801 Pervaserat)
2083 3747 2099 3798 ;

530 3832 606 3886 et,
635 3824 779 3893 quod
807 3838 871 3878 ex
894 3825 981 3879 his
1007 3839 1294 3879 commune
1317 3833 1421 3887 est,
1457 3823 1641 3888 homo;
1676 3822 1909 3877 visibilis
1939 3822 2100 3888 Deus,

529 3925 750 3985 propter
777 3914 828 3968 id
857 3914 998 3983 quod
1030 3915 1212 3968 animo
1241 3924 1404 3982 atque
1432 3914 1711 3968 intellectu
1742 3915 2100 3984 comprehen-

530 4007 779 4062 debatur.
843 4005 1013 4061 Filius
1081 4007 1316 4062 hominis
1347 4008 1409 4076 ¹¹,
1439 4017 1656 4076 propter
1706 4007 1989 4074 Adamum,
2043 4021 2106 4061 ac

535 4096 830 4167 Virginem,
857 4112 923 4152 ex
977 4098 1178 4167 quibus
1232 4098 1462 4163 exstitit,
1492 4097 1583 4151 illo
1616 4099 1870 4152 nimirum
1920 4107 1974 4152 ut
2016 4112 2106 4168 ge-

531 4187 679 4242 neris
729 4197 973 4252 auctore,
1013 4187 1115 4243 hac
1149 4199 1330 4242 autem
1382 4198 1441 4243 ut
1494 4188 1863 4256 matre,juxta
1914 4192 2104 4244 matris

535 4277 730 4344 legem,
761 4285 815 4331 et
855 4291 960 4329 non
985 4277 1136 4345 juxta
1164 4277 1331 4347 legem
1363 4279 1745 4346 generationis.
1795 4279 2107 4344 Christus“,

534 4373 753 4433 prttpfet‘
795 4363 1253 4417 divinitatemzea
1301 4365 1445 4420 enim
1506 4367 1858 4422 immanitatis
1916 4369 2102 4422 unctio
2137 4349 2180 4403 D
2207 4349 2435 4434 ἀκᾷῡσαι

535 4467 636 4517 cSt,
675 4470 777 4508 non
808 4455 1142 4524 operatione,
1178 4463 1235 4509 ut
1267 4457 1316 4510 in
1364 4457 1481 4510 aliis
1517 4457 1760 4521 christis,
1803 4458 1894 4512 sed
1936 4459 2101 4514 totius

535 4545 790 4615 ungentis
826 4547 1110 4614 praesentia
1144 4548 1491 4602 sanetilicans
1531 4566 1543 4602 :
1581 4548 1734 4614 cujus
1766 4548 1853 4602 hic
1875 4547 2102 4604 eﬂ‘ectus

533 4646 638 4700 est,
671 4645 728 4690 ut
755 4636 992 4705 id,quod
1027 4637 1199 4707 ungit,
1231 4639 1393 4692 homo
1421 4648 1665 4705 vocetur,
1698 4647 1773 4704 ct,
1813 4640 1955 4709 quod
1996 4656 2098 4694 un-

535 4726 698 4793 gitur,
759 4725 899 4780 Deus
960 4726 1047 4781 fiat
1087 4745 1099 4781 :
1141 4726 1233 4782 Via
1264 4728 1328 4796 ¹³,
1353 4737 1411 4781 ιιι
1463 4743 1558 4796 per
1613 4745 1671 4783 se
1731 4744 1826 4784 nos
1858 4730 2098 4798 ducens;

534 4814 902 4887 Ostium“,ut
953 4817 1329 4873 iutroductor:
1367 4818 1560 4872 Pastor
1585 4820 1733 4890 ",ut
1767 4833 1865 4874 nos
1904 4819 1957 4872 in
1989 4820 2103 4874 loco

533 4920 748 4977 pascua:
801 4908 1097 4973 collocans,
1135 4917 1188 4964 et
1229 4925 1367 4978 aqua
1421 4911 1735 4966 refectiouis
1780 4909 2099 4977 educans“,

535 5005 698 5064 atque
727 4996 853 5050 hinc
876 4997 1030 5052 nobis
1064 4999 1275 5052 itineris
1300 5001 1488 5053 ducem
1519 5014 1578 5055 se
1596 5000 1862 5068 praebens,
1899 5014 2103 5055 necnon

534 5088 794 5141 adversus
826 5086 1032 5142 belluas
1084 5105 1180 5158 pro
1229 5089 1382 5145 nobis
1441 5091 1744 5146 dimicans:
1775 5097 1886 5144 tum
1918 5092 2101 5153 etiam.

534 5183 594 5228 ιιι
643 5185 891 5229 errantes
943 5191 1218 5244 revocans,
1251 5185 1306 5232 et
1541 5180 1778 5248 perditos
1820 5179 2102 5245 reducens,

534 5275 587 5319 et
609 5263 912 5320 confractos
941 5267 1205 5333 obligans,
1235 5279 1288 5324 et
1324 5269 1567 5325 infirmos
1615 5270 1897 5335 roborans,
1929 5279 1982 5326 et
2017 5271 2105 5323 tir-

535 5370 651 5410 ntos
701 5370 765 5410 ac
803 5355 1008 5412 validos
1060 5360 1388 5427 custodiens,
1421 5372 1581 5430 atque
1629 5361 1695 5414 ad
1745 5360 1938 5416 futurae
1983 5361 2105 5415 vita:

535 5447 768 5513 caulam,
791 5463 889 5517 per
917 5449 1203 5518 pastoralis
1235 5451 1478 5507 scientiae
1525 5451 1783 5519 rationes,
1813 5452 2102 5522 colligens:

603 5616 626 5651 ³
663 5613 778 5669 Gen
805 5631 878 5678 tv,
907 5616 999 5669 25.
1074 5618 1095 5648 ²
1122 5614 1282 5670 Joan.
1309 5630 1438 5675 vttt,
1473 5613 1561 5668 l2.
1638 5612 1835 5670 ‘Joan.
1870 5630 1981 5677 χιιι,
2017 5614 2070 5669 6.

603 5684 716 5738 bid.
792 5687 812 5717 ⁹
843 5685 1003 5739 Juan.
1038 5701 1114 5742 τι.
1163 5685 1253 5738 25.
1361 5685 1403 5716 ¹⁰
1429 5684 1586 5740 Joan.
1620 5700 1694 5744 Ix.
1745 5685 1832 5739 ll.
1937 5686 1979 5717 ¹¹
2019 5684 2092 5740 Ma

2201 5617 2318 5673 Act.
2343 5636 2478 5680 xvtt.
2500 5619 2590 5676 28.
2667 5624 2688 5655 ⁸
2710 5622 2847 5677 Gen.
2880 5639 2940 5686 tt,
2963 5623 3016 5677 7·

2201 5732 2211 5746 .
2255 5705 2401 5746 sxw.
2433 5691 2522 5746 27.
2557 5692 2646 5746 4i.
2753 5695 2795 5725 “
2828 5693 3016 5746 Matth.

2200 5732 2211 5746 .
2255 5730 2401 5753 ..ο-ιιι
2438 5730 2522 5760 ιιι,
2557 5730 2646 5747 τιό

535 5684 716 5738 'lhid.
792 5687 812 5717 ⁹
843 5685 1003 5739 Juan.
1038 5701 1114 5742 XI.
1163 5685 1253 5738 25.

540 5753 586 5784 “
619 5753 775 5810 Joan.
805 5769 854 5821 ι,
877 5754 928 5808 9.
1009 5755 1232 5808 "Joan.
1255 5769 1310 5822 ι,
1342 5755 1428 5808 il.

1361 5685 1403 5716 ¹⁰
1429 5684 1586 5740 Joan.
1620 5700 1694 5744 Ix.
1745 5685 1832 5739 Η.

1507 5755 1713 5808 ίδΡειιΙ.
1754 5755 1958 5821 xxtt,2.

2204 3397 2301 3442 σας
2338 3379 2398 3432 τὸ
2454 3376 2817 3448 κατακριθὲν,
2870 3377 2989 3429 ὅλον
3033 3375 3169 3448 λύσῃ
3202 3373 3296 3426 τοῦ
3340 3373 3768 3444 κατακρίματος,

2203 3471 2380 3525 πάντα
2413 3471 2552 3542 ὑπὲρ
2581 3469 2797 3523 πάντων
2831 3468 3135 3539 γενόμενος,
3164 3469 3264 3521 ὅσα
3294 3469 3474 3538 ἡμεῖς,
3507 3466 3644 3532 πλὴν
3669 3464 3774 3535 τῆς

2202 3560 2500 3631 ἁμαρτίας,
2526 3559 2704 3631 σῶμα,
2729 3559 2894 3630 ψυχὴ,
2919 3557 3063 3623 νοῦς,
3094 3558 3158 3611 δι’
3183 3559 3306 3612 ὅσον
3461 3558 3490 3610 ὁ
3521 3556 3768 3619 θάνατος’

2202 3651 2264 3704 τὸ
2293 3651 2468 3704 κοινδν
2496 3651 2560 3704 ὲκ
2595 3649 2821 3714 τούτων,
2856 3651 3157 3722 ἄνθρωπος,
3197 3649 3328 3713 Θεὸς
3360 3647 3656 3720 ὁρώμενος,
3684 3645 3773 3700 διὰ

2203 3742 2264 3796 τὸ
2290 3742 2603 3814 νοούμενον.
2800 3742 2926 3805 Υἱὸς
2973 3742 3030 3795 δὲ
3077 3741 3386 3814 ἀνθρώπου,
3429 3741 3523 3796 καὶ
3564 3741 3652 3794 διά
3681 3741 3776 3794 τὸν

2217 3834 2409 3906 ’Δδὰμ,
2459 3834 2552 3887 καὶ
2601 3832 2690 3886 διὰ
2721 3833 2816 3904 τὴν
2847 3833 3143 3904 Παρθένον,
3177 3832 3236 3897 ἐξ
3277 3827 3350 3886 ὧν
3397 3833 3642 3901 ἐγένετο·
3678 3829 3774 3883 τοῦ

2208 3927 2326 3998 μὲν,
2372 3924 2447 3988 ὡς
2487 3923 2851 3996 προπάτορος,
2886 3925 2985 3995 τῆς
3029 3924 3107 3990 δὲ,
3146 3923 3221 3987 ὼς
3255 3922 3459 3994 μητρὸς
3569 3918 3718 3988 νόμῳ
3749 3960 3767 3983 ,

2205 4017 2299 4071 καὶ
2331 4016 2390 4069 οὐ
2433 4015 2579 4086 νόμῳ
2632 4016 2963 4086 γεννήσεως·
3007 4013 3240 4086 Χριστὸς
3281 4012 3359 4077 δὲ,
3405 4011 3490 4065 διὰ
3520 4011 3620 4083 τὴν
3653 4011 3773 4066 Θεό-

2204 4127 2381 4180 τητα·
2441 4108 2620 4180 χρίσις
2671 4106 2780 4177 γὰρ
2839 4106 2976 4178 αὕτη
3025 4107 3123 4177 τῆς
3167 4103 3622 4176 ἀνθρωπότητος,
3673 4104 3775 4157 οὐκ

2206 4201 2456 4272 ἐνεργείᾳ
2490 4181 2630 4253 κατὰ
2669 4200 2793 4262 τοὺς
2830 4198 3020 4262 ἄλλους
3061 4197 3314 4269 χριστοὺς
3453 4195 3774 4265 ἁγιάξουσα,

2209 4291 2480 4362 παρουσίᾳ
2508 4289 2565 4342 δὲ
2594 4290 2715 4342 ὅλου
2740 4288 2834 4342 τοῦ
2865 4288 3106 4358 χρίοντος
3125 4303 3139 4316 ·
3180 4279 3248 4358 ἦς
3281 4286 3459 4358 ἔργον,
3489 4286 3778 4358 ἄνθρωπον

2573 4379 2635 4432 τὸ
2661 4380 2833 4449 χρίον,
2859 4378 2952 4432 καὶ
2983 4378 3204 4447 ποιῆσαι
3230 4378 3362 4431 Θεὸν
3386 4377 3445 4431 τὸ
3468 4378 3723 4450 χριόμενο
3735 4393 3774 4430 ι·

2219 4471 2366 4534 Ὀδδς
2399 4469 2475 4533 δὲ,
2527 4469 2600 4533 ὼς
2641 4470 2707 4522 δι’
2753 4467 2946 4522 ἑαυτοῦ
2983 4469 3163 4540 φέρων
3200 4470 3373 4538 ἡμᾶς’
3418 4469 3568 4539 Θύρα
3597 4469 3672 4530 δὲ,
3702 4468 3778 4533 ὡς

2209 4561 2542 4630 εἰσαγωγεύς
2567 4575 2584 4591 ο
2632 4560 2844 4630 Ποιμὴν
2876 4559 2950 4625 δὲ,
2984 4561 3059 4622 ὡς
3092 4560 3169 4623 εἰς
3205 4559 3368 4612 τόπον
3410 4559 3572 4629 χλόης
3611 4575 3780 4611 κατα-

2211 4652 2447 4721 σκηνῶν,
2483 4652 2576 4704 και
2605 4651 2881 4720 ἐκτρέφων
2925 4649 3016 4702 ἐπὶ
3058 4649 3249 4713 ὓδατος
3279 4649 3656 4712 ἀναπαύσεως,
3686 4649 3780 4701 καὶ

2209 4739 2456 4792 ἐντεῦθεν
2486 4737 2716 4808 ὁδηγῶν,
2745 4739 2840 4791 καὶ
2864 4737 3223 4810 προπολεμῶν
3254 4739 3394 4792 κατᾶ
3417 4738 3525 4791 τῶν
3551 4738 3776 4809 θηρίων·

2207 4828 2268 4882 τό
2294 4828 2643 4898 πλανώμενον
2673 4831 3037 4901 ἐπιστρέφων,
3064 4829 3124 4882 τὸ
3157 4830 3432 4893 ἀπολωλὸς
3467 4830 3777 4897 ἐπανάγων,

2206 4921 2267 4974 τὸ
2313 4920 2769 4992 συντετριμμένον
2823 4920 3198 4991 καταδεσμῶν,
3235 4921 3293 4974 τὸ
3331 4921 3546 4992 ἰσχυρὸν
3585 4919 3782 4989 φυλάσ-

2211 5027 2341 5075 σων,
2375 5010 2468 5064 καὶ
2499 5011 2636 5082 πρὸς
2664 5011 2763 5082 τὴν
2791 5011 3003 5065 ἐκεῖθεν
3035 5011 3275 5083 μάνδραν
3317 5012 3563 5080 συνάγων
3602 5011 3781 5082 λόγοις

2211 5103 2570 5174 ποιμαντικῆς
2611 5104 2918 5175 ἐπιστήμης
2944 5118 2959 5134 ·
2991 5102 3266 5173 Πρόδατον
3311 5103 3389 5169 δὲ,
3422 5104 3498 5167 ὡς
3524 5105 3777 5173 σφάγιον·

2224 5190 2418 5260 Ἀμνὸς
2454 5191 2535 5257 δὲ,
2560 5192 2635 5256 ὡς
2657 5193 2878 5246 τέλειον·
2933 5196 3247 5265 Ἀρχιερεὺς
3391 5195 3468 5259 δὲ,
3497 5195 3572 5259 ὡς
3611 5211 3782 5266 προσ-

2203 5281 2474 5350 αγωγεύς’
2537 5283 2872 5353 Μελχισεδὲκ
2901 5285 2978 5352 δὲ,
3003 5286 3078 5348 ὡς
3106 5287 3334 5358 ἀμήτωρ
3359 5285 3421 5339 τὸ
3447 5286 3585 5358 ὑπὲρ
3611 5287 3779 5357 ἡμᾶς,

2203 5373 2297 5425 καὶ
2327 5375 2557 5448 ἀπάτωρ
2586 5376 2645 5429 τὸ
2671 5377 2789 5430 καθ’
2815 5379 2965 5448 ἡμᾶς
2985 5394 2998 5410 ο
3032 5377 3125 5430 καὶ
3155 5377 3230 5440 ὼς
3257 5377 3681 5448 ἀγενεαλόγητος

2201 5465 2262 5518 τὸ
2303 5465 2413 5521 ἄνω
2434 5483 2446 5497 ³
2483 5469 2601 5537 Τὴν
2633 5470 2738 5541 γὰρ
2769 5471 2972 5540 γενεὰν
3025 5471 3232 5531 αὐτοῦ.
3261 5471 3420 5542 φησι,
3453 5471 3544 5536 τίς
3577 5469 3777 5539 amri}-

3099 5622 3118 5654 ⁸
3147 5623 3163 5676 1
3197 5623 3323 5679 Cor.
3353 5637 3388 5682 ι,
3417 5620 3506 5676 50.
3585 5620 3605 5652 ⁷
3640 5619 3775 5678 ΙὺΗ.

2753 5695 2795 5725 ³³
2828 5693 3018 5749 Matth.
3053 5711 3099 5760 ι,
3140 5693 3226 5747 lii.
3304 5695 3346 5725 ¹³
3374 5691 3533 5748 Joan.
3583 5707 3698 5756 διν,
3724 5692 3759 5747 υ
