4120 6292
317 353 417 418 197
1280 364 1657 427 PANOPLIA
1697 367 2157 432 DOGMATICA.
2203 399 2271 411 --
2309 373 2456 432 TlT.
2496 374 2597 434 VI.
3466 379 3565 443 193

304 483 479 522 σεται
500 485 519 532 ;
551 473 645 524 καὶ
665 470 742 534 ὡς
770 472 1022 542 βασιλεὺς
1042 473 1248 546 Σαλὴμ,
1278 477 1488 546 ειρήνη
1512 479 1568 531 δὲ
1598 479 1776 545 τούτο,
1802 497 1860 533 κα

1964 533 1966 543 λ
1998 484 2126 538 Ovis
2149 486 2165 516 ¹
2225 500 2408 554 porro,
2443 492 2502 538 ut
2534 485 2748 540 victima
2779 502 2794 541 ι
2829 487 3013 554 Agnus
3039 488 3081 556 ¹,
3122 498 3177 543 ιιι
3237 490 3512 559 perfectus
3545 507 3564 544 :

305 561 390 626 ὡς
413 562 718 630 ,ϐασιλεὺς
748 565 1158 635 δικαιοσύνης,
1185 570 1278 622 καὶ
1301 569 1377 633 ὡς
1404 571 1754 624 ἀποδεκατῶν
1778 590 1855 625 πα

1999 573 2248 629 Pontifex
2284 576 2327 638 ³,
2361 585 2417 629 ιιι
2451 576 2661 631 oblator
2709 595 2722 632 :
2761 577 3156 635 Melchisedech
3181 578 3226 645 ⁸,
3267 591 3326 634 ut
3349 582 3560 647 matris

305 655 580 726 τριάρχας
608 657 750 711 κατὰ
799 659 910 712 τῶν
956 661 1210 733 πονηρῶν
1245 662 1532 734 δυνάμεων
1571 664 1860 735 ἀριστεύον

1995 681 2211 736 expers,
2239 670 2380 735 quod
2409 669 2474 722 ad
2503 677 2752 722 naturam
2789 670 2935 724 illam
2972 680 3156 726 nostra
3202 673 3556 728 excelsiorem

305 761 434 808 τας,
1993 759 2207 822 attinet,
2242 767 2396 825 patre
2427 770 2606 811 autem
2640 774 2852 821 carens,
2887 771 3146 830 quantum
3179 765 3245 817 ad
3273 774 3513 818 nostram
3543 783 3558 818 :

307 846 425 890 tum
457 839 618 893 etiam
667 841 792 910 quia
830 844 1138 900 sublimitas
1167 849 1374 915 absque
1413 843 1722 916 genealogis
1750 854 1851 899 est.
1893 842 2315 914 (Cciterationem
2346 847 2486 900 enim
2508 847 2672 912 illius,
2706 849 2900 918 inquit,
2923 851 3039 918 quis
3065 852 3331 904 enarrabit
3361 852 3442 917 ⁵⁸1)
3481 851 3561 905 Ac

305 939 597 1001 praeterea,
651 942 710 985 ut
753 931 867 988 Rex
911 933 1088 989 Solem
1112 938 1156 1002 ⁸,
1198 938 1301 992 hoc
1349 949 1453 1002 est,
1489 941 1651 1006 pacis,
1675 947 1730 993 et
1774 938 1886 993 Rex
1906 939 2160 1007 justizim,
2201 953 2266 991 ac
2297 939 2528 1008 denique
2560 950 2678 995 uta
2714 940 3038 1010 patriai-citis
3087 942 3347 999 adversus
3395 944 3558 1013 pesti-

302 1021 459 1075 feras
485 1031 780 1091 potestates
811 1035 1032 1080 strenue
1073 1044 1184 1082 rem
1211 1030 1543 1098 gerentibus,
1573 1030 1813 1085 decimas
1843 1031 2135 1100 accipiens.

887 1145 1134 1200 ΤΙΤΔΟΣ
1191 1145 1285 1214 ς’.

303 1233 448 1301 Περὶ
483 1233 594 1310 τῆς
624 1235 788 1310 θείας
822 1212 1232 1306 δημιουργίας,
1265 1242 1373 1295 τοῦ
1417 1239 1685 1310 μεγάλου
1723 1212 1876 1308 Γρή-

377 1306 586 1380 τορζου
620 1305 728 1358 τοῦ
754 1305 1050 1380 ρεοᾼόγού
1070 1305 1156 1380 ⁸ἐκ
1191 1310 1298 1363 τοῦ
1325 1305 1513 1380 λόγου
1541 1310 1647 1364 τοῦ
1685 1305 1782 1376 εἰς(
1809 1305 1878 1364 fit

377 1374 656 1442 γενέθλια
696 1375 802 1429 τοῦ
835 1377 1118 1444 Χριστοῦ.

381 1464 541 1519 Οὕτω
571 1467 672 1536 μὲν
720 1462 817 1520 οὖν
851 1467 920 1522 τὰ
943 1469 1113 1536 ’Ἅγια
1150 1471 1261 1526 τῶν
1289 1473 1486 1542 ἁγίων,
1535 1476 1572 1530 ἃ
1625 1476 1717 1530 καὶ
1761 1478 1878 1540 τοῖς

2550 1148 2853 1204 TlTULUS
2902 1149 2991 1204 Vl.

1987 1240 2064 1294 De
2109 1241 2318 1311 opiﬁcio
2369 1241 2481 1295 Dei.
2534 1241 2771 1310 Gregorii
2823 1241 3066 1311 Theologi
3111 1261 3176 1298 ea:
3220 1248 3457 1302 oratione
3484 1247 3560 1302 lin

2438 1315 2573 1365 diem
2616 1312 2846 1366 natalem
2880 1311 3096 1367 Christi.
3484 1311 3496 1319 ’

2051 1467 2128 1522 lta
2182 1467 2379 1523 Sancta
2433 1479 2773 1534 sanctorum,
2828 1485 2946 1539 qum
2997 1471 3126 1541 ipsis
3169 1473 3332 1527 etiam
3395 1474 3555 1529 Sera-

297 1557 564 1627 Σεραφὶμ
602 1560 1067 1627 συγκαλύπτεται,
1103 1565 1197 1618 καὶ
1213 1565 1494 1632 δοξάζεται
1521 1569 1700 1637 τρισὶν
1720 1570 1860 1636 ἅγια·

1978 1559 2108 1630 phin
2152 1561 2366 1615 occulta
2415 1570 2567 1626 sunt,
2621 1571 2676 1615 ct
2731 1562 2927 1630 triplici
2993 1563 3059 1616 ab
3118 1565 3196 1618 eis
3258 1568 3559 1622 sanctitatis

297 1653 471 1718 σμοῖς
504 1653 584 1713 εἰς
631 1653 758 1720 μίαν
792 1654 1040 1720 συνιοῦσι
1090 1659 1413 1727 κυριότητα,
1473 1659 1570 1713 καὶ
1619 1659 1871 1730 Θεότητα.

1979 1652 2137 1706 laude
2191 1653 2561 1717 celebrantur,
2619 1654 2671 1707 in
2734 1669 2902 1708 unum
2953 1655 3315 1723 principatum
3356 1656 3558 1710 divini-

306 1743 472 1796 Ἐπεὶ
496 1742 552 1796 δὲ
578 1745 677 1797 οὑκ
692 1745 851 1815 ἤρκει
881 1749 944 1816 τῇ
975 1746 1274 1818 ἁγαοότητι
1306 1749 1463 1803 τοῦτο
1496 1751 1557 1803 τὺ
1600 1751 1860 1804 κινεῖσθαι

1977 1750 2248 1812 talemque
2289 1745 2644 1798 conveniunt.
2684 1742 2881 1797 Verum
2928 1745 3053 1812 quia
3093 1745 3320 1798 bonitati
3362 1745 3558 1800 divina:

293 1835 466 1901 μόνον
502 1837 569 1906 τῇ
604 1836 808 1906 ἑαυτῆς
829 1836 1058 1908 Θεωρία,
1091 1839 1207 1892 ἀλλ’
1237 1839 1347 1892 ἔδει
1376 1841 1607 1911 χυοῆναι
1638 1843 1698 1895 τὸ
1735 1844 1872 1910 ἁγα-

292 1926 414 1991 θζιν,
440 1928 536 1980 καὶ
575 1929 815 1994 ὁδεῦσαι,
842 1929 919 1992 ὡς
965 1931 1188 1985 πλείονα
1243 1927 1383 1986 εἶναι
1432 1935 1500 1988 τὰ
1548 1936 1870 2005 εὐεργετού-

296 2033 461 2085 μενα,
493 2018 652 2072 τοῦτο
679 2019 788 2090 γὰρ
808 2021 907 2091 τῆς
936 2021 1112 2092 ἄκρας
1151 2019 1218 2094 ἦν
1245 2025 1582 2096 ἁγαϐὁτητος
1610 2041 1627 2060 ο
1652 2029 1870 2097 πρῶτον

294 2108 405 2176 μὲν
419 2108 594 2162 ἐννοεί
621 2109 724 2172 τὰς
747 2111 1049 2178 ἀγγελικὰς
1078 2112 1336 2181 δυνάμεις
1353 2116 1448 2167 καὶ
1473 2116 1756 2184 οὐρανίας,
1777 2119 1869 2170 καὶ

291 2201 358 2251 τὸ
392 2198 633 2269 ἐννόημα
668 2201 833 2270 ἔργον
862 2196 951 2272 ἦν,
1004 2201 1148 2272 λόγῳ
1197 2206 1715 2275 συμπληρούμενον,
1775 2209 1868 2261 καὶ

295 2289 588 2359 Πνεύματι
615 2291 1018 2363 τελειούμενον.
1045 2297 1157 2349 Καὶ
1191 2297 1363 2360 οὕτως
1387 2299 1702 2370 ὑπέστησαν
1728 2299 1868 2370 λαμ-

291 2381 575 2452 πρότητες
603 2383 877 2455 δεύτεραι,
920 2385 1231 2458 λειτουργοὶ
1287 2390 1386 2458 τῆς
1442 2389 1666 2460 πρώτης
1724 2391 1866 2460 λαμ-

288 2475 591 2544 πρότητος,
624 2477 735 2530 εἴτε
769 2481 932 2548 νοερὰ
958 2480 1263 2550 πνεύματα,
1285 2483 1396 2536 εἴτε
1427 2483 1537 2553 πῦρ
1561 2481 1674 2537 οἷον
1701 2485 1864 2538 ἄῦλον

285 2568 391 2620 καὶ
420 2569 736 2639 ἀσώματον,
769 2573 880 2625 εἴτε
921 2573 1043 2628 τινὰ
1070 2574 1232 2643 φύσιν
1270 2575 1438 2643 ἄλλην
1467 2577 1550 2630 ὅτι
1578 2579 1868 2647 ἐγγυτάτω

281 2661 400 2714 τῶν
426 2664 736 2734 εἰρημένων
758 2666 963 2731 ταύτας
1017 2670 1377 2740 ὑποληπτέον.
1446 2672 1719 2743 Βούλομαι
1765 2675 1864 2742 μὲν

278 2755 468 2806 εἰπεῖν
526 2755 610 2807 ὅτι
656 2755 950 2827 ἀκινήτους
995 2760 1137 2830 πρὸς
1178 2761 1240 2814 τὸ
1279 2763 1502 2828 -κακὸν,
1558 2765 1652 2818 καὶ
1696 2765 1863 2835 μόνην

280 2843 519 2912 ἐχούσας
558 2845 658 2917 τὴν
690 2847 786 2900 τοῦ
823 2849 990 2903 κα).οὖ
1025 2851 1264 2921 κίνησιν,
1301 2853 1396 2908 ἅτε
1449 2857 1578 2924 περὶ
1612 2856 1744 2908 Θεὸν
1775 2857 1865 2910 οὑ-

281 2952 413 2997 σας,
450 2937 644 2990 καὶτὰ
694 2939 886 3011 πρῶτα
925 2943 990 2995 ἐκ
1045 2943 1182 2996 Θεοῦ
1231 2947 1609 3015 λαμπομένας.
1644 2949 1723 3002 Τὰ
1755 2950 1863 3019 γὰρ

280 3026 528 3080 ἐνταῦθα
582 3029 846 3100 δευτέρας
895 3033 1238 3105 ὲλλάμψεως.
1308 3039 1491 3092 Πείθει
1545 3041 1602 3093 δέ
1655 3058 1724 3108 με
1787 3043 1860 3113 μὴ

279 3119 762 3190 ἁκινήτους,άλλά
790 3122 1146 3196 δυσκινήτους
1175 3131 1270 3183 καὶ
1296 3131 1707 3200 ὑπολαμϐάνειν
1730 3135 1862 3189 ταύο

1978 1848 2087 1888 non
2138 1843 2256 1888 erat
2295 1835 2446 1899 satis,
2494 1849 2590 1888 sua
2625 1833 2795 1903 ipsius
2821 1836 3284 1904 contemplatione
3325 1837 3555 1897 moveri.

1977 1927 2076 1982 sed
2101 1926 2409 1994 Oportebat,
2455 1935 2513 1981 ut
2551 1927 2751 1981 bonum
2805 1926 2979 1994 ipsum
3030 1942 3152 1982 sese
3203 1927 3554 1992 diffunderet,

1976 2027 2030 2072 et
2059 2017 2504 2090 progrederetur,
2551 2034 2660 2088 quo
2687 2034 2745 2072 se
2797 2019 3045 2088 pluribus
3102 2019 3553 2074 communicaret.

1975 2109 2114 2178 (Hoc
2142 2110 2287 2164 enim
2318 2124 2544 2164 summae
2573 2109 2833 2164 bonitatis
2873 2110 3151 2179 proprium
3187 2111 3324 2180 erat)
3353 2111 3558 2166 ideirco

1975 2209 2274 2270 potestates
2350 2203 2624 2271 angelicas
2686 2211 2849 2270 atque
2897 2203 3146 2256 caelestes
3226 2203 3556 2272 cogitatione

1973 2293 2244 2360 concepit,
2276 2302 2332 2346 et
2365 2292 2624 2361 c0gitatio
2678 2293 2855 2360 reipsa
2902 2294 3004 2346 fuit
3056 2294 3222 2346 verbo
3261 2295 3552 2361 completa,

1972 2369 2029 2438 et
2082 2383 2276 2452 spiritu
2316 2382 2579 2452 perfecta.
2614 2383 2791 2451 Atque
2838 2383 2912 2437 ita
2963 2383 3186 2438 secundi
3235 2383 3555 2453 splendores

1973 2474 2135 2546 primi
2166 2473 2471 2544 splendoris
2513 2473 2774 2536 ministri,
2818 2473 2935 2528 sive
2981 2474 3204 2543 spiritus
3250 2475 3555 2545 intelligen-

1973 2575 2075 2632 tes,
2125 2565 2239 2620 sive
2280 2566 2423 2634 ignis
2470 2565 2751 2618 materiam
2804 2573 2858 2618 et
2909 2579 3108 2634 corpus
3159 2581 3269 2618 non
3321 2565 3552 2629 habens,

1971 2658 2087 2712 sive
2139 2656 2241 2711 alia
2275 2657 2453 2726 aliqua
2501 2667 2720 2721 natura,
2763 2656 2828 2710 iis
2881 2670 3000 2726 quae
3053 2656 3195 2710 dicta
3247 2665 3375 2710 sunt
3427 2674 3554 2727 pro-

1970 2749 2113 2803 xima
2159 2749 2388 2820 putandi
2435 2759 2585 2813 sunt,
2656 2749 3006 2803 exstiterunt.
3071 2749 3338 2818 Equidem
3385 2750 3550 2803 velim

1968 2839 2147 2895 dicere
2197 2840 2344 2894 nulla
2387 2855 2482 2895 eos
2520 2842 2889 2910 propensione
2923 2840 2990 2893 ad
3029 2840 3228 2892 tnalum
3259 2839 3411 2902 ferri,
3451 2841 3547 2893 sed

1969 2929 2178 2984 moveri
2230 2929 2489 2984 duntaxat
2548 2931 2614 2982 ad
2677 2929 2906 2992 bonum,
2971 2929 3172 2998 quippe
3239 2928 3328 2997 qui
3377 2942 3546 2998 prOpe

1971 3021 2140 3074 Deum
2172 3021 2301 3084 sint,
2341 3019 2608 3089 primique
2641 3019 2708 3074 ab
2752 3021 2870 3089 ipso
2912 3019 3020 3073 Deo
3051 3019 3356 3074 eﬂulserint
3394 3021 3544 3090 (naut

1967 3112 2200 3180 quaehic
2245 3121 2396 3175 sunt,
2444 3112 2686 3165 secundo
2731 3111 2853 3165 loco
2899 3111 3187 3180 fulserunt)
3255 3126 3441 3164 verum
3492 3119 3551 3165 ut

277 3227 388 3273 τας
423 3211 522 3265 καὶ
564 3213 767 3281 λέγειν,
829 3218 858 3269 ό
888 3217 976 3270 διὰ
1006 3193 1111 3290 τὴν
1159 3193 1523 3294 λαμπρότητα
1563 3226 1860 3296 ἑωσφόρος,

1969 3220 2064 3259 eos
2092 3220 2198 3258 non
2234 3203 2562 3267 immobiles,
2593 3204 2686 3257 sed
2716 3203 2931 3257 dillitile
2959 3203 3164 3257 moveri
3193 3212 3248 3257 et
3289 3201 3543 3266 sentiam,

281 3303 486 3366 σκότος
515 3304 604 3358 διὰ
629 3305 729 3376 τὴν
762 3306 999 3378 ἔπαρσιν
1034 3311 1128 3363 καὶ
1156 3313 1452 3382 γενόμενος
1495 3316 1594 3368 καὶ
1624 3315 1861 3387 λεγόμε-

277 3411 400 3458 νος,
418 3395 480 3447 αῖ
504 3412 562 3448 τε
581 3396 674 3449 ὑπ’
695 3398 860 3452 αὑτὸν
891 3401 1259 3456 άποστατικαὶ
1292 3405 1578 3473 δυνάμεις,
1600 3408 1663 3474 δη
1673 3425 1864 3478 μιουρ-

278 3486 378 3553 γοὶ
419 3486 524 3555 τῆς
551 3486 756 3551 κακίας
795 3491 862 3559 τῇ
893 3489 991 3542 τοῦ
1020 3491 1190 3546 καλοῦ
1229 3497 1398 3565 φυγῇ,
1425 3498 1520 3550 καὶ
1552 3497 1686 3566 ἡμῖν
1725 3500 1862 3568 πρό-

276 3579 456 3644 ξενοι.
921 3577 932 3597 ’

1963 3306 2018 3352 et
2045 3298 2243 3361 dicam,
2290 3297 2420 3351 facit
2462 3312 2572 3350 non
2622 3297 2796 3350 solum
2857 3297 2922 3359 is,
2953 3296 3046 3366 qui
3103 3305 3322 3366 pr0pler
3367 3295 3550 3364 splen~

1961 3388 2147 3442 dorem
2180 3402 2288 3456 quo
2327 3387 2706 3440 illustrabatur
2735 3385 2951 3440 Lucifer
2985 3386 3144 3448 olim,
3181 3401 3327 3439 nunc
3355 3394 3538 3437 autem

1962 3488 2188 3548 propter
2241 3478 2574 3548 superbiam,
2631 3479 2979 3532 tenebrarum
3033 3476 3287 3544 princeps
3334 3482 3387 3528 et
3433 3483 3539 3538 est,

1961 3579 2017 3625 ct
2053 3571 2370 3642 appellatur,
2401 3569 2498 3624 sed
2531 3569 2695 3623 etiam
2741 3569 2864 3634 illae,
2905 3582 3024 3640 qua:
3068 3582 3190 3620 cum
3242 3566 3360 3635 ipso
3399 3563 3548 3619 dele-

271 3685 503 3744 cerunt,
547 3688 605 3734 et
671 3681 776 3736 sub
819 3681 942 3752 ipso
986 3693 1114 3738 sut
1164 3694 1480 3754 potestates,
1527 3701 1648 3756 quae
1686 3687 1889 3742 benum
1934 3689 2230 3760 fugientes,
2299 3689 2426 3744 mali
2458 3687 2764 3743 ell‘ectrices
2809 3694 3125 3754 evaserunt,
3168 3695 3221 3740 ct
3269 3699 3371 3738 nos
3415 3682 3544 3737 item

269 3769 339 3824 ad
379 3770 588 3826 malum
622 3773 981 3830 cohortantur
1012 3786 1067 3832 et
1101 3777 1406 3847 impellunt.

893 3888 1008 3944 Τοῦ
1041 3891 1251 3945 αὐτοῦ.

348 3980 519 4034 Οὕτω
548 3981 650 4052 μὲν
687 3981 782 4038 οὖν
807 3984 835 4036 ό
858 3983 1050 4053 νοητὸς
1082 3984 1232 4054 αὑτῷ
1274 3985 1371 4038 καὶ
1398 3985 1485 4038 διὰ
1513 3986 1692 4040 ταῦτα
1744 3988 1853 4040 ὑπ-

274 4074 418 4141 έστη
459 4071 782 4142 κόσμος,ιῦς
807 4075 907 4143 ἐμὲ
941 4075 1075 4144 γοῦν
1105 4077 1236 4145 περὶ
1263 4077 1472 4130 τούτων
1495 4077 1854 4156 φιλοσοφῆσαι

276 4161 476 4232 μικρῷ
518 4162 663 4231 λόγῳ
693 4164 762 4216 τὰ
796 4165 1010 4234 μεγάλα
1043 4165 1460 4236 σταθμώμενον.
1520 4168 1676 4221 Ἐπεὶ
1706 4169 1852 4221 δὲτὰ

271 4253 478 4324 πρῶτα
513 4253 692 4318 καλῶς
723 4250 869 4324 εἶχεν
905 4257 1077 4327 αὑτῷ,
1115 4257 1368 4327 δεύτερον
1431 4260 1605 4312 ὲννοεῖ
1649 4259 1854 4328 κόσμον

268 4347 465 4400 ὑλικὸν
497 4349 593 4401 καὶ
616 4348 919 4418 δρώμενον,
956 4351 1050 4402 καὶ
1079 4343 1234 4414 οὗτός
1260 4353 1376 4404 ἐστι
1407 4351 1468 4404 τδ
1503 4352 1562 4417 ἐξ
1613 4352 1849 4422 ούρανοῦ

269 4441 371 4492 καί
397 4439 502 4508 γῆς
528 4439 621 4493 καὶ
657 4441 768 4492 τῶν
788 4441 846 4493 ὲν
872 4441 1022 4512 μέσῳ
1046 4443 1300 4514 σύστημὰ
1331 4461 1389 4496 τε
1422 4445 1514 4498 καὶ
1547 4444 1848 4516 σύγκριμα·

2447 3883 2526 3938 Ex
2557 3885 2738 3937 eadem
2777 3885 3038 3938 oratione.

2027 3974 2141 4028 Hoc
2189 3974 2353 4044 igitur
2387 3981 2548 4042 pacto
2582 3974 2819 4028 mundus
2870 3973 2946 4026 illi
2999 3975 3246 4030 constitit
3289 3977 3544 4051 intelligi-

1954 4063 2098 4128 bilis,
2139 4064 2182 4117 si
2215 4079 2381 4132 parva
2414 4063 2669 4117 oratione
2693 4062 2819 4116 licet
2863 4078 3058 4131 magna
3105 4053 3538 4134 perpendentem

1956 4155 2348 4224 philosophari.
2407 4154 2475 4207 At
2505 4169 2627 4208 cum
2682 4154 2757 4206 illi
2809 4160 2983 4223 prima
3029 4158 3287 4225 praeclare
3338 4175 3398 4214 se
3445 4161 3541 4216 ha-

1958 4247 2171 4311 berent,
2232 4246 2462 4300 alterum
2512 4246 2776 4300 mundum
2843 4249 3100 4318 cogitavit
3166 4265 3236 4306 ex
3313 4256 3537 4311 materia

1960 4346 2300 4392 constantem
2330 4346 2385 4392 et
2411 4338 2815 4406 aSpectabilem,
2843 4339 2937 4408 qui
2968 4355 3036 4393 ex
3063 4341 3220 4406 ccnlo,
3264 4352 3534 4414 terraque,

1959 4437 2015 4482 ct
2046 4428 2130 4483 his
2164 4444 2282 4498 quae
2317 4428 2371 4482 in
2405 4429 2580 4482 medio
2641 4436 2786 4491 sunt,
2820 4441 3109 4485 concretus
3139 4441 3244 4496 est,
3296 4444 3350 4489 et
3401 4451 3537 4490 cou-

272 4530 571 4583 ἐπαινετὸν
602 4522 703 4599 μέν
737 4531 837 4601 τῆς
867 4531 992 4584 καθ’
1024 4512 1258 4586 ἕκαστον
1316 4535 1571 4603 εὐφυΐας,
1603 4512 1857 4600 ansam-

1964 4522 2212 4583 stitutus,
2263 4519 2553 4573 laudabilis
2603 4519 2818 4587 quidem
2885 4535 2950 4574 ex
2992 4538 3172 4576 rerum
3197 4525 3534 4594 singularum

275 4621 584 4694 νετώτερον
613 4623 671 4676 δὲ
701 4623 800 4692 τῆς
828 4624 886 4690 eg
918 4624 1175 4679 ἁπάντων
1203 4626 1570 4695 εύαρμοστὶας
1603 4627 1698 4680 καὶ
1715 4644 1851 4698 συμ-

278 4711 514 4783 φωνίας,
562 4713 721 4767 ἄλλου
778 4716 917 4785 πρὸς
982 4716 1110 4770 ἄλλο
1160 4734 1212 4770 τι
1258 4717 1439 4782 καλῶς
1475 4719 1709 4790 ἔχοντος,
1757 4724 1852 4776 καὶ

279 4807 508 4860 ’πάντων
541 4806 677 4876 πρὸς
709 4807 925 4861 ἅπαντα
953 4809 1031 4871 εἰς
1059 4808 1176 4872 ἑνὸς
1197 4810 1404 4880 κόσμου
1433 4811 1848 4884 συμπλήρωσιν,

274 4894 368 4948 ἴνα
397 4894 546 4965 δείξῃ
578 4897 652 4964 μὴ
683 4899 845 4966 μόνον
880 4899 1094 4951 οἰκείαν
1150 4899 1328 4971 ἐαυτῷ
1357 4902 1542 4971 φύσιν,
1579 4903 1713 4957 ἀλλὰ
1757 4907 1850 4958 καὶ

276 4986 461 5054 πάντη
517 4986 676 5057 ξένην
738 4987 1152 5058 ὑποστήσασθαι
1193 4992 1416 5056 δυνατὸς
1475 4993 1572 5046 ὧν.
1639 4997 1854 5049 Οίκείον

274 5076 382 5145 μὲν
415 5076 522 5145 γὰρ
555 5076 809 5148 θεότητος
855 5080 912 5133 αἱ
967 5080 1153 5149 νοεραὶ
1205 5081 1416 5149 φύσεις,
1454 5084 1546 5137 καὶ
1596 5084 1670 5155 νῷ
1707 5088 1854 5158 μόνῳ

270 5166 486 5235 ληπταί
508 5184 520 5196 ’
553 5167 703 5234 ξένον
725 5170 781 5223 δὲ
807 5171 1156 5224 παντᾶτὶασιν
1181 5211 1197 5236 ,
1247 5173 1369 5226 ὅσαι
1403 5173 1507 5227 ὑπὸ
1537 5175 1636 5246 τὴν
1661 5177 1856 5248 αἴσθη-

275 5275 386 5322 σιν,
425 5260 521 5312 καὶ
555 5261 762 5317 τούτων
791 5263 972 5316 αὐτῶν
1000 5263 1082 5317 ἔτι
1109 5263 1472 5336 πορρωτέρω,
1507 5267 1631 5321 ὅσαι
1655 5286 1855 5323 παντε-

269 5351 382 5414 λῶς
411 5353 608 5426 ἇψυχοι
644 5356 739 5409 καὶ
771 5357 1041 5428 ἀκίνητοι.

1957 4609 2380 4678 pulchritudine,
2430 4609 2524 4662 sed
2580 4607 2899 4662 laudabilior
2951 4610 3021 4663 ob
3087 4613 3533 4678 concinnitatem,

1954 4708 2006 4753 et
2037 4709 2386 4759 concentum.
2419 4714 2528 4768 quo
2557 4704 2671 4752 tum
2703 4715 2808 4753 una
2845 4715 2968 4754 cum
3002 4702 3127 4765 alia,
3183 4711 3294 4755 tum
3343 4720 3535 4760 euntes

1953 4806 2077 4845 cum
2159 4791 2412 4845 omnibus
2474 4791 2727 4860 praeclare
2791 4793 3104 4861 conjuncta:
3183 4795 3531 4864 vicissimque

1955 4893 2318 4954 congruentes
2352 4883 2420 4937 ad
2466 4884 2630 4938 unius
2680 4884 2827 4939 orbis
2854 4885 3245 4954 perfectionem
3299 4903 3534 4941 concur-

1955 4987 2104 5032 runt.
2155 4976 2223 5032 Ut
2277 4977 2593 5031 ostenderet
2650 4977 2705 5030 in
2760 4992 2855 5030 sua
2903 4991 3022 5031 esse
3075 4986 3364 5047 potestate,
3425 4996 3532 5035 non

1955 5069 2127 5123 solum
2183 5077 2241 5122 ut
2295 5078 2578 5140 cognatam
2639 5067 2742 5122 sibi
2799 5074 3048 5122 naturam
3121 5068 3379 5136 elﬁceret,
3437 5073 3532 5126 sed

1915 5159 2116 5214 etiam
2151 5170 2209 5213 ut
2263 5158 2494 5214 alienam
2549 5167 2604 5212 et
2654 5159 2994 5229 peregrinam
3047 5161 3274 5215 omnino
3330 5162 3536 5216 consti-

1955 5257 2154 5303 lueret.
2201 5248 2337 5302 Nam
2366 5258 2426 5303 ut
2482 5248 2846 5320 intelligentes
2893 5251 2997 5305 illa:
3045 5261 3277 5318 naturae,
3331 5261 3385 5305 et
3410 5266 3532 5319 que

1955 5341 2066 5395 sola
2093 5350 2274 5395 mente
2303 5341 2508 5412 percipi
2543 5349 2792 5411 possunt,
2846 5343 2966 5412 eius
3009 5342 3353 5413 amplitudini
3397 5354 3533 5409 quo-

271 5446 566 5502 dammodo
599 5449 808 5505 similes
841 5461 1192 5524 cognataeque
1227 5463 1375 5520 sunt,
1405 5454 1484 5510 sic
1542 5455 1610 5510 ab
1667 5471 1730 5511 ea
1787 5472 2009 5527 prorsus
2050 5457 2239 5514 aliena:
2261 5467 2318 5514 et
2352 5471 2594 5529 remotae,
2629 5475 2751 5531 quae
2789 5459 3038 5516 sensibus
3099 5466 3223 5513 sunt
3249 5456 3529 5528 expositae,

270 5551 432 5612 atque
460 5543 605 5598 inter
649 5546 747 5601 has
783 5546 886 5604 illae
931 5549 1294 5619 potissimum,
1340 5565 1460 5622 quae
1508 5553 1690 5610 anima
1734 5563 1994 5626 motuque
2022 5564 2229 5611 carent.

351 5747 368 5778 ¹
395 5748 501 5802 lsa.
530 5764 648 5813 LI'I,
679 5751 736 5803 Ἰ.
811 5752 830 5783 ¹
859 5749 1018 5807 Joan.
1054 5767 1092 5819 ι,
1122 5751 1213 5807 29.
1291 5752 1312 5786 ³
1349 5753 1513 5809 llehr.
1542 5771 1614 5821 γι,
1643 5753 1735 5808 ‘20.
1814 5754 1835 5786 ⁸
1871 5753 2033 5811 Hebr.
2075 5751 2176 5826 ινιιῖ
2203 5756 2250 5812 1.

2330 5757 2480 5814 l'lsa.
2510 5775 2628 5826 LIII,
2665 5760 2718 5815 8.
2799 5759 2818 5790 ⁸
2844 5755 3011 5813 llebr.
3051 5773 3146 5824 vn,
3172 5757 3229 5812 2.
