  <div class='ocr_page' id='page_1' title='image "/cluster/home/n/w/nwhite01/storage/ocr_20150623/130/mdp.39015078384255/107.png"; bbox 0 0 4066 6288; ppageno 0'>
   <div class='ocr_carea' id='block_1_1' title="bbox 554 334 660 403">
    <p class='ocr_par' dir='ltr' id='par_1_1' title="bbox 554 334 660 403">
     <span class='ocr_line' id='line_1_1' title="bbox 554 334 660 403; baseline 0 0"><span class='ocrx_word' id='word_1_1' title='bbox 554 334 660 403; x_wconf 82' lang='lat'><strong>199</strong></span> 
     </span>
    </p>
   </div>
   <div class='ocr_carea' id='block_1_2' title="bbox 1046 443 1625 502">
    <p class='ocr_par' dir='ltr' id='par_1_2' title="bbox 1046 443 1625 502">
     <span class='ocr_line' id='line_1_2' title="bbox 1046 443 1625 502; baseline 0.005 -4"><span class='ocrx_word' id='word_1_2' title='bbox 1046 443 1131 500; x_wconf 75' lang='lat' dir='ltr'><strong>Ea:</strong></span> <span class='ocrx_word' id='word_1_3' title='bbox 1157 446 1338 502; x_wconf 80' lang='lat' dir='ltr'><strong>eadem</strong></span> <span class='ocrx_word' id='word_1_4' title='bbox 1369 447 1625 501; x_wconf 77' lang='lat' dir='ltr'><strong>oratione.</strong></span> 
     </span>
    </p>
   </div>
   <div class='ocr_carea' id='block_1_3' title="bbox 617 558 2123 632">
    <p class='ocr_par' dir='ltr' id='par_1_3' title="bbox 617 558 2123 632">
     <span class='ocr_line' id='line_1_3' title="bbox 617 558 2123 632; baseline -0.001 -16"><span class='ocrx_word' id='word_1_5' title='bbox 617 560 773 616; x_wconf 84' lang='lat' dir='ltr'><strong>Mens</strong></span> <span class='ocrx_word' id='word_1_6' title='bbox 806 559 970 632; x_wconf 87' lang='lat' dir='ltr'><strong>igitur</strong></span> <span class='ocrx_word' id='word_1_7' title='bbox 1026 569 1082 615; x_wconf 92' lang='lat' dir='ltr'><strong>et</strong></span> <span class='ocrx_word' id='word_1_8' title='bbox 1111 574 1304 615; x_wconf 90' lang='lat' dir='ltr'><strong>sensus</strong></span> <span class='ocrx_word' id='word_1_9' title='bbox 1337 558 1410 613; x_wconf 90' lang='lat' dir='ltr'><strong>ita</strong></span> <span class='ocrx_word' id='word_1_10' title='bbox 1440 558 1547 629; x_wconf 81' lang='lat' dir='ltr'><strong>iam</strong></span> <span class='ocrx_word' id='word_1_11' title='bbox 1593 559 1735 614; x_wconf 78' lang='lat' dir='ltr'><strong>inter</strong></span> <span class='ocrx_word' id='word_1_12' title='bbox 1780 574 1839 614; x_wconf 88' lang='lat' dir='ltr'><strong>se</strong></span> <span class='ocrx_word' id='word_1_13' title='bbox 1887 560 2123 615; x_wconf 88' lang='lat' dir='ltr'><strong>discreta</strong></span> 
     </span>
    </p>
   </div>
   <div class='ocr_carea' id='block_1_4' title="bbox 549 648 2123 719">
    <p class='ocr_par' dir='ltr' id='par_1_4' title="bbox 549 648 2123 719">
     <span class='ocr_line' id='line_1_4' title="bbox 549 648 2123 719; baseline -0.002 -10"><span class='ocrx_word' id='word_1_14' title='bbox 549 653 667 710; x_wconf 84' lang='lat' dir='ltr'><strong>suis</strong></span> <span class='ocrx_word' id='word_1_15' title='bbox 721 667 780 707; x_wconf 90' lang='lat' dir='ltr'><strong>se</strong></span> <span class='ocrx_word' id='word_1_16' title='bbox 831 650 1030 706; x_wconf 80' lang='lat' dir='ltr'><strong>ﬁnibus</strong></span> <span class='ocrx_word' id='word_1_17' title='bbox 1084 649 1456 712; x_wconf 78' lang='lat' dir='ltr'><strong>continebant,</strong></span> <span class='ocrx_word' id='word_1_18' title='bbox 1507 648 1890 719; x_wconf 74' lang='lat' dir='ltr'><strong>ellectorisque</strong></span> <span class='ocrx_word' id='word_1_19' title='bbox 1961 650 2123 706; x_wconf 84' lang='lat' dir='ltr'><strong>Verbi</strong></span> 
     </span>
    </p>
   </div>
   <div class='ocr_carea' id='block_1_5' title="bbox 553 740 2128 814">
    <p class='ocr_par' dir='ltr' id='par_1_5' title="bbox 553 740 2128 814">
     <span class='ocr_line' id='line_1_5' title="bbox 553 740 2128 814; baseline -0.004 -13"><span class='ocrx_word' id='word_1_20' title='bbox 553 743 1009 814; x_wconf 83' lang='lat' dir='ltr'><strong>magniﬁcentiam</strong></span> <span class='ocrx_word' id='word_1_21' title='bbox 1040 750 1295 810; x_wconf 88' lang='lat' dir='ltr'><strong>tanquam</strong></span> <span class='ocrx_word' id='word_1_22' title='bbox 1344 741 1490 795; x_wconf 89' lang='lat' dir='ltr'><strong>taciti</strong></span> <span class='ocrx_word' id='word_1_23' title='bbox 1540 741 1757 810; x_wconf 82' lang='lat' dir='ltr'><strong>quidem</strong></span> <span class='ocrx_word' id='word_1_24' title='bbox 1816 740 2128 796; x_wconf 70' lang='lat' dir='ltr'><strong>laudatores</strong></span> 
     </span>
    </p>
   </div>
   <div class='ocr_carea' id='block_1_6' title="bbox 553 831 2128 905">
    <p class='ocr_par' dir='ltr' id='par_1_6' title="bbox 553 831 2128 905">
     <span class='ocr_line' id='line_1_6' title="bbox 553 831 2128 905; baseline -0.005 -12"><span class='ocrx_word' id='word_1_25' title='bbox 553 838 849 905; x_wconf 77' lang='lat' dir='ltr'><strong>eximiique</strong></span> <span class='ocrx_word' id='word_1_26' title='bbox 879 833 1156 903; x_wconf 67' lang='lat' dir='ltr'><strong>praecones</strong></span> <span class='ocrx_word' id='word_1_27' title='bbox 1181 846 1290 901; x_wconf 63' lang='lat' dir='ltr'><strong>prae</strong></span> <span class='ocrx_word' id='word_1_28' title='bbox 1315 846 1373 886; x_wconf 92' lang='lat' dir='ltr'><strong>se</strong></span> <span class='ocrx_word' id='word_1_29' title='bbox 1405 831 1673 886; x_wconf 78' lang='lat' dir='ltr'><strong>ferebant.</strong></span> <span class='ocrx_word' id='word_1_30' title='bbox 1722 831 1974 886; x_wconf 79' lang='lat' dir='ltr'><strong>Nondum</strong></span> <span class='ocrx_word' id='word_1_31' title='bbox 2032 848 2128 887; x_wconf 89' lang='lat' dir='ltr'><strong>au-</strong></span> 
     </span>
    </p>
   </div>
   <div class='ocr_carea' id='block_1_7' title="bbox 554 921 2131 991">
    <p class='ocr_par' dir='ltr' id='par_1_7' title="bbox 554 921 2131 991">
     <span class='ocr_line' id='line_1_7' title="bbox 554 921 2131 991; baseline -0.003 -10"><span class='ocrx_word' id='word_1_32' title='bbox 554 938 661 982; x_wconf 85' lang='lat' dir='ltr'><strong>tem</strong></span> <span class='ocrx_word' id='word_1_33' title='bbox 694 934 809 979; x_wconf 83' lang='lat' dir='ltr'><strong>erat.</strong></span> <span class='ocrx_word' id='word_1_34' title='bbox 858 924 964 976; x_wconf 89' lang='lat' dir='ltr'><strong>ulla</strong></span> <span class='ocrx_word' id='word_1_35' title='bbox 1020 937 1084 975; x_wconf 83' lang='lat' dir='ltr'><strong>ex</strong></span> <span class='ocrx_word' id='word_1_36' title='bbox 1145 922 1388 991; x_wconf 89' lang='lat' dir='ltr'><strong>utrisque</strong></span> <span class='ocrx_word' id='word_1_37' title='bbox 1439 921 1738 985; x_wconf 84' lang='lat' dir='ltr'><strong>concretio,</strong></span> <span class='ocrx_word' id='word_1_38' title='bbox 1786 932 1841 976; x_wconf 91' lang='lat' dir='ltr'><strong>et</strong></span> <span class='ocrx_word' id='word_1_39' title='bbox 1887 938 1955 977; x_wconf 80' lang='lat' dir='ltr'><strong>ex</strong></span> <span class='ocrx_word' id='word_1_40' title='bbox 1999 938 2131 978; x_wconf 88' lang='lat' dir='ltr'><strong>con-</strong></span> 
     </span>
    </p>
   </div>
   <div class='ocr_carea' id='block_1_8' title="bbox 551 1012 2131 1082">
    <p class='ocr_par' dir='ltr' id='par_1_8' title="bbox 551 1012 2131 1082">
     <span class='ocr_line' id='line_1_8' title="bbox 551 1012 2131 1082; baseline -0.004 -11"><span class='ocrx_word' id='word_1_41' title='bbox 551 1018 735 1071; x_wconf 78' lang='lat' dir='ltr'><strong>trariis</strong></span> <span class='ocrx_word' id='word_1_42' title='bbox 764 1014 964 1076; x_wconf 90' lang='lat' dir='ltr'><strong>mistio,</strong></span> <span class='ocrx_word' id='word_1_43' title='bbox 1001 1028 1120 1081; x_wconf 72' lang='lat' dir='ltr'><strong>quae</strong></span> <span class='ocrx_word' id='word_1_44' title='bbox 1155 1014 1416 1081; x_wconf 84' lang='lat' dir='ltr'><strong>majorem</strong></span> <span class='ocrx_word' id='word_1_45' title='bbox 1449 1012 1792 1082; x_wconf 84' lang='lat' dir='ltr'><strong>sapientiam,</strong></span> <span class='ocrx_word' id='word_1_46' title='bbox 1827 1021 1882 1066; x_wconf 87' lang='lat' dir='ltr'><strong>et</strong></span> <span class='ocrx_word' id='word_1_47' title='bbox 1920 1013 2131 1082; x_wconf 91' lang='lat' dir='ltr'><strong>impen-</strong></span> 
     </span>
    </p>
   </div>
   <div class='ocr_carea' id='block_1_9' title="bbox 553 1104 2130 1174">
    <p class='ocr_par' dir='ltr' id='par_1_9' title="bbox 553 1104 2130 1174">
     <span class='ocr_line' id='line_1_9' title="bbox 553 1104 2130 1174; baseline -0.003 -11"><span class='ocrx_word' id='word_1_48' title='bbox 553 1124 667 1164; x_wconf 85' lang='lat' dir='ltr'><strong>sam</strong></span> <span class='ocrx_word' id='word_1_49' title='bbox 708 1108 760 1161; x_wconf 90' lang='lat' dir='ltr'><strong>in</strong></span> <span class='ocrx_word' id='word_1_50' title='bbox 787 1106 952 1159; x_wconf 88' lang='lat' dir='ltr'><strong>rebus</strong></span> <span class='ocrx_word' id='word_1_51' title='bbox 983 1106 1302 1174; x_wconf 84' lang='lat' dir='ltr'><strong>procreatis,</strong></span> <span class='ocrx_word' id='word_1_52' title='bbox 1335 1113 1389 1158; x_wconf 92' lang='lat' dir='ltr'><strong>et</strong></span> <span class='ocrx_word' id='word_1_53' title='bbox 1420 1104 1614 1158; x_wconf 72' lang='lat' dir='ltr'><strong>divina:</strong></span> <span class='ocrx_word' id='word_1_54' title='bbox 1629 1104 1890 1159; x_wconf 83' lang='lat' dir='ltr'><strong>bonitatis</strong></span> <span class='ocrx_word' id='word_1_55' title='bbox 1916 1104 2130 1158; x_wconf 72' lang='lat' dir='ltr'><strong>divitias</strong></span> 
     </span>
    </p>
   </div>
   <div class='ocr_carea' id='block_1_10' title="bbox 553 1194 2131 1265">
    <p class='ocr_par' dir='ltr' id='par_1_10' title="bbox 553 1194 2131 1265">
     <span class='ocr_line' id='line_1_10' title="bbox 553 1194 2131 1265; baseline -0.003 -12"><span class='ocrx_word' id='word_1_56' title='bbox 553 1200 839 1253; x_wconf 85' lang='lat' dir='ltr'><strong>indicaret.</strong></span> <span class='ocrx_word' id='word_1_57' title='bbox 873 1196 1233 1262; x_wconf 86' lang='lat' dir='ltr'><strong>Quamobrem</strong></span> <span class='ocrx_word' id='word_1_58' title='bbox 1260 1196 1358 1248; x_wconf 91' lang='lat' dir='ltr'><strong>bas</strong></span> <span class='ocrx_word' id='word_1_59' title='bbox 1384 1196 1763 1250; x_wconf 85' lang='lat' dir='ltr'><strong>utostenderet</strong></span> <span class='ocrx_word' id='word_1_60' title='bbox 1790 1195 1968 1265; x_wconf 76' lang='lat' dir='ltr'><strong>opifex</strong></span> <span class='ocrx_word' id='word_1_61' title='bbox 2000 1194 2131 1249; x_wconf 81' lang='lat' dir='ltr'><strong>Ver-</strong></span> 
     </span>
    </p>
   </div>
   <div class='ocr_carea' id='block_1_11' title="bbox 554 1284 2128 1355">
    <p class='ocr_par' dir='ltr' id='par_1_11' title="bbox 554 1284 2128 1355">
     <span class='ocr_line' id='line_1_11' title="bbox 554 1284 2128 1355; baseline -0.007 -8"><span class='ocrx_word' id='word_1_62' title='bbox 554 1294 684 1347; x_wconf 85' lang='lat' dir='ltr'><strong>bum</strong></span> <span class='ocrx_word' id='word_1_63' title='bbox 720 1289 919 1344; x_wconf 87' lang='lat' dir='ltr'><strong>animal</strong></span> <span class='ocrx_word' id='word_1_64' title='bbox 948 1302 1114 1341; x_wconf 86' lang='lat' dir='ltr'><strong>unum</strong></span> <span class='ocrx_word' id='word_1_65' title='bbox 1146 1301 1209 1340; x_wconf 83' lang='lat' dir='ltr'><strong>ex</strong></span> <span class='ocrx_word' id='word_1_66' title='bbox 1244 1296 1472 1355; x_wconf 89' lang='lat' dir='ltr'><strong>utraque</strong></span> <span class='ocrx_word' id='word_1_67' title='bbox 1503 1298 1716 1348; x_wconf 86' lang='lat' dir='ltr'><strong>natura,</strong></span> <span class='ocrx_word' id='word_1_68' title='bbox 1749 1300 1811 1339; x_wconf 90' lang='lat' dir='ltr'><strong>ea</strong></span> <span class='ocrx_word' id='word_1_69' title='bbox 1850 1284 2128 1349; x_wconf 88' lang='lat' dir='ltr'><strong>nimirum,</strong></span> 
     </span>
    </p>
   </div>
   <div class='ocr_carea' id='block_1_12' title="bbox 560 1377 2129 1455">
    <p class='ocr_par' dir='ltr' id='par_1_12' title="bbox 560 1377 2129 1455">
     <span class='ocr_line' id='line_1_12' title="bbox 560 1377 2129 1455; baseline -0.007 -16"><span class='ocrx_word' id='word_1_70' title='bbox 560 1400 680 1455; x_wconf 70' lang='lat' dir='ltr'><strong>qua:</strong></span> <span class='ocrx_word' id='word_1_71' title='bbox 712 1384 975 1443; x_wconf 88' lang='lat' dir='ltr'><strong>cernitur,</strong></span> <span class='ocrx_word' id='word_1_72' title='bbox 997 1390 1050 1433; x_wconf 87' lang='lat' dir='ltr'><strong>et</strong></span> <span class='ocrx_word' id='word_1_73' title='bbox 1075 1379 1185 1443; x_wconf 84' lang='lat' dir='ltr'><strong>illa,</strong></span> <span class='ocrx_word' id='word_1_74' title='bbox 1215 1393 1335 1447; x_wconf 59' lang='lat' dir='ltr'><strong>quae</strong></span> <span class='ocrx_word' id='word_1_75' title='bbox 1361 1394 1468 1431; x_wconf 91' lang='lat' dir='ltr'><strong>non</strong></span> <span class='ocrx_word' id='word_1_76' title='bbox 1495 1377 1759 1439; x_wconf 88' lang='lat' dir='ltr'><strong>cernitur,</strong></span> <span class='ocrx_word' id='word_1_77' title='bbox 1788 1384 2129 1445; x_wconf 79' lang='lat' dir='ltr'><strong>compactum</strong></span> 
     </span>
    </p>
   </div>
   <div class='ocr_carea' id='block_1_13' title="bbox 551 1468 2131 1537">
    <p class='ocr_par' dir='ltr' id='par_1_13' title="bbox 551 1468 2131 1537">
     <span class='ocr_line' id='line_1_13' title="bbox 551 1468 2131 1537; baseline -0.006 -8"><span class='ocrx_word' id='word_1_78' title='bbox 551 1477 851 1529; x_wconf 74' lang='lat' dir='ltr'><strong>fabricatus</strong></span> <span class='ocrx_word' id='word_1_79' title='bbox 882 1481 964 1526; x_wconf 86' lang='lat' dir='ltr'><strong>est</strong></span> <span class='ocrx_word' id='word_1_80' title='bbox 997 1471 1293 1535; x_wconf 84' lang='lat' dir='ltr'><strong>hominem,</strong></span> <span class='ocrx_word' id='word_1_81' title='bbox 1341 1485 1407 1523; x_wconf 82' lang='lat' dir='ltr'><strong>ex</strong></span> <span class='ocrx_word' id='word_1_82' title='bbox 1440 1469 1663 1523; x_wconf 87' lang='lat' dir='ltr'><strong>tuateria</strong></span> <span class='ocrx_word' id='word_1_83' title='bbox 1703 1484 1822 1536; x_wconf 65' lang='lat' dir='ltr'><strong>quae</strong></span> <span class='ocrx_word' id='word_1_84' title='bbox 1846 1468 1957 1537; x_wconf 88' lang='lat' dir='ltr'><strong>jam</strong></span> <span class='ocrx_word' id='word_1_85' title='bbox 2002 1482 2131 1536; x_wconf 88' lang='lat' dir='ltr'><strong>sup-</strong></span> 
     </span>
    </p>
   </div>
   <div class='ocr_carea' id='block_1_14' title="bbox 552 1559 2128 1637">
    <p class='ocr_par' dir='ltr' id='par_1_14' title="bbox 552 1559 2128 1637">
     <span class='ocr_line' id='line_1_14' title="bbox 552 1559 2128 1637; baseline -0.006 -17"><span class='ocrx_word' id='word_1_86' title='bbox 552 1567 794 1637; x_wconf 84' lang='lat' dir='ltr'><strong>petebat,</strong></span> <span class='ocrx_word' id='word_1_87' title='bbox 823 1579 1021 1632; x_wconf 87' lang='lat' dir='ltr'><strong>corpus</strong></span> <span class='ocrx_word' id='word_1_88' title='bbox 1049 1562 1345 1631; x_wconf 88' lang='lat' dir='ltr'><strong>accipiens,</strong></span> <span class='ocrx_word' id='word_1_89' title='bbox 1376 1568 1537 1630; x_wconf 89' lang='lat' dir='ltr'><strong>atque</strong></span> <span class='ocrx_word' id='word_1_90' title='bbox 1570 1561 1646 1613; x_wconf 83' lang='lat' dir='ltr'><strong>illi</strong></span> <span class='ocrx_word' id='word_1_91' title='bbox 1680 1575 1745 1614; x_wconf 86' lang='lat' dir='ltr'><strong>ex</strong></span> <span class='ocrx_word' id='word_1_92' title='bbox 1791 1574 1848 1613; x_wconf 78' lang='lat' dir='ltr'><strong>se</strong></span> <span class='ocrx_word' id='word_1_93' title='bbox 1878 1559 2128 1628; x_wconf 88' lang='lat' dir='ltr'><strong>spiritum</strong></span> 
     </span>
    </p>
   </div>
   <div class='ocr_carea' id='block_1_15' title="bbox 551 1649 2130 1724">
    <p class='ocr_par' dir='ltr' id='par_1_15' title="bbox 551 1649 2130 1724">
     <span class='ocr_line' id='line_1_15' title="bbox 551 1649 2130 1724; baseline -0.004 -13"><span class='ocrx_word' id='word_1_94' title='bbox 551 1659 824 1717; x_wconf 88' lang='lat' dir='ltr'><strong>inserens,</strong></span> <span class='ocrx_word' id='word_1_95' title='bbox 856 1670 1016 1724; x_wconf 89' lang='lat' dir='ltr'><strong>quem</strong></span> <span class='ocrx_word' id='word_1_96' title='bbox 1051 1655 1271 1723; x_wconf 82' lang='lat' dir='ltr'><strong>quidem</strong></span> <span class='ocrx_word' id='word_1_97' title='bbox 1308 1653 1550 1706; x_wconf 90' lang='lat' dir='ltr'><strong>animum</strong></span> <span class='ocrx_word' id='word_1_98' title='bbox 1597 1662 1649 1707; x_wconf 93' lang='lat' dir='ltr'><strong>et</strong></span> <span class='ocrx_word' id='word_1_99' title='bbox 1689 1652 1983 1721; x_wconf 84' lang='lat' dir='ltr'><strong>imaginem</strong></span> <span class='ocrx_word' id='word_1_100' title='bbox 2034 1649 2130 1705; x_wconf 86' lang='lat' dir='ltr'><strong>Dei</strong></span> 
     </span>
    </p>
   </div>
   <div class='ocr_carea' id='block_1_16' title="bbox 551 1745 2134 1817">
    <p class='ocr_par' dir='ltr' id='par_1_16' title="bbox 551 1745 2134 1817">
     <span class='ocr_line' id='line_1_16' title="bbox 551 1745 2134 1817; baseline -0.004 -15"><span class='ocrx_word' id='word_1_101' title='bbox 551 1759 711 1803; x_wconf 85' lang='lat' dir='ltr'><strong>vocat</strong></span> <span class='ocrx_word' id='word_1_102' title='bbox 750 1747 1051 1817; x_wconf 85' lang='lat' dir='ltr'><strong>Scriptura.</strong></span> <span class='ocrx_word' id='word_1_103' title='bbox 1086 1745 1242 1799; x_wconf 90' lang='lat' dir='ltr'><strong>Hunc</strong></span> <span class='ocrx_word' id='word_1_104' title='bbox 1268 1745 1422 1814; x_wconf 90' lang='lat' dir='ltr'><strong>quasi</strong></span> <span class='ocrx_word' id='word_1_105' title='bbox 1463 1745 1626 1798; x_wconf 90' lang='lat' dir='ltr'><strong>alium</strong></span> <span class='ocrx_word' id='word_1_106' title='bbox 1654 1745 1940 1814; x_wconf 86' lang='lat' dir='ltr'><strong>quemdam</strong></span> <span class='ocrx_word' id='word_1_107' title='bbox 1975 1758 2134 1797; x_wconf 87' lang='lat' dir='ltr'><strong>mun—</strong></span> 
     </span>
    </p>
   </div>
   <div class='ocr_carea' id='block_1_17' title="bbox 1770 335 2569 399">
    <p class='ocr_par' dir='ltr' id='par_1_17' title="bbox 1770 335 2569 399">
     <span class='ocr_line' id='line_1_17' title="bbox 1770 335 2569 399; baseline -0.005 0"><span class='ocrx_word' id='word_1_108' title='bbox 1770 336 2154 399; x_wconf 83' lang='lat' dir='ltr'><strong>EUTHYMII</strong></span> <span class='ocrx_word' id='word_1_109' title='bbox 2207 335 2569 397; x_wconf 82' lang='lat' dir='ltr'><strong>ZIGABENI</strong></span> 
     </span>
    </p>
   </div>
   <div class='ocr_carea' id='block_1_18' title="bbox 2152 452 2200 512">
    <p class='ocr_par' dir='ltr' id='par_1_18' title="bbox 2152 452 2200 512">
     <span class='ocr_line' id='line_1_18' title="bbox 2152 452 2200 512; baseline 0 -2"><span class='ocrx_word' id='word_1_110' title='bbox 2152 452 2200 512; x_wconf 79' lang='grc' dir='ltr'><strong>Α</strong></span> 
     </span>
    </p>
   </div>
   <div class='ocr_carea' id='block_1_19' title="bbox 3688 332 3793 398">
    <p class='ocr_par' dir='ltr' id='par_1_19' title="bbox 3688 332 3793 398">
     <span class='ocr_line' id='line_1_19' title="bbox 3688 332 3793 398; baseline -0.029 0"><span class='ocrx_word' id='word_1_111' title='bbox 3688 332 3793 398; x_wconf 74' lang='lat'><strong>200</strong></span> 
     </span>
    </p>
   </div>
   <div class='ocr_carea' id='block_1_20' title="bbox 2721 445 3286 517">
    <p class='ocr_par' dir='ltr' id='par_1_20' title="bbox 2721 445 3286 517">
     <span class='ocr_line' id='line_1_20' title="bbox 2721 445 3286 517; baseline 0.002 -15"><span class='ocrx_word' id='word_1_112' title='bbox 2721 445 2830 502; x_wconf 82' lang='grc' dir='ltr'>Τοῦ</span> <span class='ocrx_word' id='word_1_113' title='bbox 2853 446 3040 503; x_wconf 84' lang='grc' dir='ltr'>αὐτοῦ</span> <span class='ocrx_word' id='word_1_114' title='bbox 3076 448 3286 517; x_wconf 71' lang='grc' dir='ltr'>λόγου.</span> 
     </span>
    </p>
   </div>
   <div class='ocr_carea' id='block_1_21' title="bbox 2300 536 3791 615">
    <p class='ocr_par' dir='ltr' id='par_1_21' title="bbox 2300 536 3791 615">
     <span class='ocr_line' id='line_1_21' title="bbox 2300 536 3791 615; baseline 0.001 -23"><span class='ocrx_word' id='word_1_115' title='bbox 2300 539 2444 604; x_wconf 88' lang='grc' dir='ltr'>Νοῦς</span> <span class='ocrx_word' id='word_1_116' title='bbox 2469 540 2570 609; x_wconf 77' lang='grc' dir='ltr'>μὲν</span> <span class='ocrx_word' id='word_1_117' title='bbox 2611 536 2706 592; x_wconf 81' lang='grc' dir='ltr'>οὖν</span> <span class='ocrx_word' id='word_1_118' title='bbox 2734 539 2834 609; x_wconf 74' lang='grc' dir='ltr'>ἤδη</span> <span class='ocrx_word' id='word_1_119' title='bbox 2863 540 2958 592; x_wconf 78' lang='grc' dir='ltr'>καὶ</span> <span class='ocrx_word' id='word_1_120' title='bbox 2997 539 3258 609; x_wconf 74' lang='grc' dir='ltr'>αἴσθησις</span> <span class='ocrx_word' id='word_1_121' title='bbox 3302 537 3477 603; x_wconf 77' lang='grc' dir='ltr'>οὕτως</span> <span class='ocrx_word' id='word_1_122' title='bbox 3507 540 3603 593; x_wconf 77' lang='grc' dir='ltr'><strong>ἀπ’</strong></span> <span class='ocrx_word' id='word_1_123' title='bbox 3625 542 3791 615; x_wconf 74' lang='grc' dir='ltr'>ἀλλή-</span> 
     </span>
    </p>
   </div>
   <div class='ocr_carea' id='block_1_22' title="bbox 2228 630 3795 703">
    <p class='ocr_par' dir='ltr' id='par_1_22' title="bbox 2228 630 3795 703">
     <span class='ocr_line' id='line_1_22' title="bbox 2228 630 3795 703; baseline 0.004 -20"><span class='ocrx_word' id='word_1_124' title='bbox 2228 630 2336 685; x_wconf 92' lang='grc' dir='ltr'><strong>λων</strong></span> <span class='ocrx_word' id='word_1_125' title='bbox 2367 631 2745 703; x_wconf 79' lang='grc' dir='ltr'><strong>διακριθέντα,</strong></span> <span class='ocrx_word' id='word_1_126' title='bbox 2773 630 2884 683; x_wconf 88' lang='grc' dir='ltr'><strong>τῶν</strong></span> <span class='ocrx_word' id='word_1_127' title='bbox 2921 631 3066 685; x_wconf 84' lang='grc' dir='ltr'><strong>ἰδίων</strong></span> <span class='ocrx_word' id='word_1_128' title='bbox 3089 631 3235 703; x_wconf 83' lang='grc' dir='ltr'>ὅρων</span> <span class='ocrx_word' id='word_1_129' title='bbox 3262 632 3411 695; x_wconf 77' lang='grc' dir='ltr'>ἐντος</span> <span class='ocrx_word' id='word_1_130' title='bbox 3446 632 3795 702; x_wconf 81' lang='grc' dir='ltr'>είστήκεισαν</span> 
     </span>
    </p>
   </div>
   <div class='ocr_carea' id='block_1_23' title="bbox 2229 724 3796 795">
    <p class='ocr_par' dir='ltr' id='par_1_23' title="bbox 2229 724 3796 795">
     <span class='ocr_line' id='line_1_23' title="bbox 2229 724 3796 795; baseline 0.002 -16"><span class='ocrx_word' id='word_1_131' title='bbox 2229 727 2325 779; x_wconf 73' lang='grc' dir='ltr'>καὶ</span> <span class='ocrx_word' id='word_1_132' title='bbox 2366 724 2423 778; x_wconf 70' lang='grc' dir='ltr'>τὸ</span> <span class='ocrx_word' id='word_1_133' title='bbox 2449 724 2545 778; x_wconf 86' lang='grc' dir='ltr'><strong>τοῦ</strong></span> <span class='ocrx_word' id='word_1_134' title='bbox 2585 724 2928 795; x_wconf 79' lang='grc' dir='ltr'><strong>δημιουργοῦ</strong></span> <span class='ocrx_word' id='word_1_135' title='bbox 2968 726 3151 792; x_wconf 84' lang='grc' dir='ltr'><strong>Λόγου</strong></span> <span class='ocrx_word' id='word_1_136' title='bbox 3183 724 3477 795; x_wconf 83' lang='grc' dir='ltr'><strong>μεγαλεῖον</strong></span> <span class='ocrx_word' id='word_1_137' title='bbox 3506 728 3563 780; x_wconf 76' lang='grc' dir='ltr'><strong>έν</strong></span> <span class='ocrx_word' id='word_1_138' title='bbox 3584 728 3796 792; x_wconf 77' lang='grc' dir='ltr'>ἑαυτοῖς</span> 
     </span>
    </p>
   </div>
   <div class='ocr_carea' id='block_1_24' title="bbox 2229 817 3799 889">
    <p class='ocr_par' dir='ltr' id='par_1_24' title="bbox 2229 817 3799 889">
     <span class='ocr_line' id='line_1_24' title="bbox 2229 817 3799 889; baseline 0.002 -19"><span class='ocrx_word' id='word_1_139' title='bbox 2229 818 2445 888; x_wconf 77' lang='grc' dir='ltr'>ἔφερον,</span> <span class='ocrx_word' id='word_1_140' title='bbox 2484 818 2748 885; x_wconf 76' lang='grc' dir='ltr'>σιγῶντες</span> <span class='ocrx_word' id='word_1_141' title='bbox 2779 819 3065 871; x_wconf 77' lang='grc' dir='ltr'>ἐπαινέται</span> <span class='ocrx_word' id='word_1_142' title='bbox 3107 817 3208 885; x_wconf 82' lang='grc' dir='ltr'>τῆς</span> <span class='ocrx_word' id='word_1_143' title='bbox 3244 819 3651 889; x_wconf 75' lang='grc' dir='ltr'><strong>μεγαλουργίας</strong></span> <span class='ocrx_word' id='word_1_144' title='bbox 3703 820 3799 873; x_wconf 74' lang='grc' dir='ltr'>καὶ</span> 
     </span>
    </p>
   </div>
   <div class='ocr_carea' id='block_1_25' title="bbox 2231 905 3799 981">
    <p class='ocr_par' dir='ltr' id='par_1_25' title="bbox 2231 905 3799 981">
     <span class='ocr_line' id='line_1_25' title="bbox 2231 905 3799 981; baseline 0.003 -21"><span class='ocrx_word' id='word_1_145' title='bbox 2231 908 2550 977; x_wconf 86' lang='grc' dir='ltr'>διαπρύσιοι</span> <span class='ocrx_word' id='word_1_146' title='bbox 2580 910 2840 981; x_wconf 83' lang='grc' dir='ltr'>κήρυκες.</span> <span class='ocrx_word' id='word_1_147' title='bbox 2881 907 3055 964; x_wconf 72' lang='grc' dir='ltr'>Οὔπω</span> <span class='ocrx_word' id='word_1_148' title='bbox 3085 909 3141 963; x_wconf 75' lang='grc' dir='ltr'>δὲ</span> <span class='ocrx_word' id='word_1_149' title='bbox 3198 905 3267 981; x_wconf 80' lang='grc' dir='ltr'>ἦν</span> <span class='ocrx_word' id='word_1_150' title='bbox 3303 911 3494 981; x_wconf 83' lang='grc' dir='ltr'>κρᾶμα</span> <span class='ocrx_word' id='word_1_151' title='bbox 3535 910 3593 977; x_wconf 76' lang='grc' dir='ltr'>ἐξ</span> <span class='ocrx_word' id='word_1_152' title='bbox 3621 911 3799 981; x_wconf 81' lang='grc' dir='ltr'>άμφο·</span> 
     </span>
    </p>
   </div>
   <div class='ocr_carea' id='block_1_26' title="bbox 2230 1000 3800 1072">
    <p class='ocr_par' dir='ltr' id='par_1_26' title="bbox 2230 1000 3800 1072">
     <span class='ocr_line' id='line_1_26' title="bbox 2230 1000 3800 1072; baseline 0.001 -20"><span class='ocrx_word' id='word_1_153' title='bbox 2230 1001 2429 1070; x_wconf 86' lang='grc' dir='ltr'>τέρων,</span> <span class='ocrx_word' id='word_1_154' title='bbox 2454 1001 2575 1052; x_wconf 70' lang='grc' dir='ltr'>οὐδέ</span> <span class='ocrx_word' id='word_1_155' title='bbox 2609 1017 2694 1063; x_wconf 88' lang='grc' dir='ltr'><strong>τις</strong></span> <span class='ocrx_word' id='word_1_156' title='bbox 2730 1001 2879 1069; x_wconf 80' lang='grc' dir='ltr'>μίξις</span> <span class='ocrx_word' id='word_1_157' title='bbox 2917 1000 3025 1053; x_wconf 84' lang='grc' dir='ltr'><strong>τῶν</strong></span> <span class='ocrx_word' id='word_1_158' title='bbox 3070 1001 3351 1065; x_wconf 76' lang='grc' dir='ltr'>ἐναντίων,</span> <span class='ocrx_word' id='word_1_159' title='bbox 3387 1002 3581 1069; x_wconf 81' lang='grc' dir='ltr'><strong>σοφίας</strong></span> <span class='ocrx_word' id='word_1_160' title='bbox 3619 1003 3800 1072; x_wconf 78' lang='grc' dir='ltr'>μείζο-</span> 
     </span>
    </p>
   </div>
   <div class='ocr_carea' id='block_1_27' title="bbox 2230 1094 3795 1163">
    <p class='ocr_par' dir='ltr' id='par_1_27' title="bbox 2230 1094 3795 1163">
     <span class='ocr_line' id='line_1_27' title="bbox 2230 1094 3795 1163; baseline 0.003 -18"><span class='ocrx_word' id='word_1_161' title='bbox 2230 1111 2318 1155; x_wconf 80' lang='grc' dir='ltr'><strong>νος</strong></span> <span class='ocrx_word' id='word_1_162' title='bbox 2345 1095 2660 1163; x_wconf 77' lang='grc' dir='ltr'>γνώρισμα,</span> <span class='ocrx_word' id='word_1_163' title='bbox 2683 1095 2776 1146; x_wconf 76' lang='grc' dir='ltr'>καὶ</span> <span class='ocrx_word' id='word_1_164' title='bbox 2802 1095 2898 1162; x_wconf 85' lang='grc' dir='ltr'>τῆς</span> <span class='ocrx_word' id='word_1_165' title='bbox 2925 1095 3053 1163; x_wconf 72' lang='grc' dir='ltr'>περὶ</span> <span class='ocrx_word' id='word_1_166' title='bbox 3074 1095 3173 1155; x_wconf 69' lang='grc' dir='ltr'>τὰς</span> <span class='ocrx_word' id='word_1_167' title='bbox 3201 1094 3394 1161; x_wconf 87' lang='grc' dir='ltr'>φύσεις</span> <span class='ocrx_word' id='word_1_168' title='bbox 3421 1095 3795 1159; x_wconf 82' lang='grc' dir='ltr'><strong>πολυτελείας,</strong></span> 
     </span>
    </p>
   </div>
   <div class='ocr_carea' id='block_1_28' title="bbox 2230 1182 3799 1258">
    <p class='ocr_par' dir='ltr' id='par_1_28' title="bbox 2230 1182 3799 1258">
     <span class='ocr_line' id='line_1_28' title="bbox 2230 1182 3799 1258; baseline 0.003 -20"><span class='ocrx_word' id='word_1_169' title='bbox 2230 1182 2352 1239; x_wconf 67' lang='grc' dir='ltr'>οὐδὲ</span> <span class='ocrx_word' id='word_1_170' title='bbox 2405 1187 2432 1238; x_wconf 86' lang='grc' dir='ltr'><strong>ό</strong></span> <span class='ocrx_word' id='word_1_171' title='bbox 2481 1189 2588 1250; x_wconf 81' lang='grc' dir='ltr'>πᾶς</span> <span class='ocrx_word' id='word_1_172' title='bbox 2654 1187 2888 1249; x_wconf 87' lang='grc' dir='ltr'>πλοῦτος</span> <span class='ocrx_word' id='word_1_173' title='bbox 2950 1188 3052 1256; x_wconf 75' lang='grc' dir='ltr'>τῆς</span> <span class='ocrx_word' id='word_1_174' title='bbox 3103 1186 3440 1257; x_wconf 86' lang='grc' dir='ltr'>ἀγαθότητος</span> <span class='ocrx_word' id='word_1_175' title='bbox 3495 1186 3799 1258; x_wconf 84' lang='grc' dir='ltr'>γνώριμος.</span> 
     </span>
    </p>
   </div>
   <div class='ocr_carea' id='block_1_29' title="bbox 2234 1277 3803 1349">
    <p class='ocr_par' dir='ltr' id='par_1_29' title="bbox 2234 1277 3803 1349">
     <span class='ocr_line' id='line_1_29' title="bbox 2234 1277 3803 1349; baseline 0.001 -18"><span class='ocrx_word' id='word_1_176' title='bbox 2234 1277 2404 1331; x_wconf 86' lang='grc' dir='ltr'>Τοῦτο</span> <span class='ocrx_word' id='word_1_177' title='bbox 2437 1278 2501 1349; x_wconf 86' lang='grc' dir='ltr'>δὴ</span> <span class='ocrx_word' id='word_1_178' title='bbox 2543 1279 2823 1348; x_wconf 72' lang='grc' dir='ltr'>βουληθεὶς</span> <span class='ocrx_word' id='word_1_179' title='bbox 2861 1279 2888 1330; x_wconf 88' lang='grc' dir='ltr'>ὁ</span> <span class='ocrx_word' id='word_1_180' title='bbox 2912 1279 3167 1348; x_wconf 84' lang='grc' dir='ltr'><strong>τεχνίτης</strong></span> <span class='ocrx_word' id='word_1_181' title='bbox 3201 1278 3575 1343; x_wconf 79' lang='grc' dir='ltr'>ἐπιδείξασθαι</span> <span class='ocrx_word' id='word_1_182' title='bbox 3603 1281 3803 1348; x_wconf 75' lang='grc' dir='ltr'>Λόγος,</span> 
     </span>
    </p>
   </div>
   <div class='ocr_carea' id='block_1_30' title="bbox 2238 1370 3804 1439">
    <p class='ocr_par' dir='ltr' id='par_1_30' title="bbox 2238 1370 3804 1439">
     <span class='ocr_line' id='line_1_30' title="bbox 2238 1370 3804 1439; baseline -0.001 -15"><span class='ocrx_word' id='word_1_183' title='bbox 2238 1372 2333 1424; x_wconf 81' lang='grc' dir='ltr'>καὶ</span> <span class='ocrx_word' id='word_1_184' title='bbox 2370 1372 2509 1434; x_wconf 74' lang='grc' dir='ltr'>ζῶον</span> <span class='ocrx_word' id='word_1_185' title='bbox 2538 1370 2596 1422; x_wconf 83' lang='grc' dir='ltr'>ἓν</span> <span class='ocrx_word' id='word_1_186' title='bbox 2635 1371 2697 1434; x_wconf 78' lang='grc' dir='ltr'><strong>ἐξ</strong></span> <span class='ocrx_word' id='word_1_187' title='bbox 2723 1371 3076 1439; x_wconf 82' lang='grc' dir='ltr'>ἀμφοτέρων,</span> <span class='ocrx_word' id='word_1_188' title='bbox 3110 1370 3347 1439; x_wconf 83' lang='grc' dir='ltr'>ἀοράτου</span> <span class='ocrx_word' id='word_1_189' title='bbox 3388 1387 3471 1434; x_wconf 88' lang='grc' dir='ltr'><strong>τε,</strong></span> <span class='ocrx_word' id='word_1_190' title='bbox 3501 1370 3665 1438; x_wconf 87' lang='grc' dir='ltr'>λέγω,</span> <span class='ocrx_word' id='word_1_191' title='bbox 3709 1373 3804 1424; x_wconf 73' lang='grc' dir='ltr'>καὶ</span> 
     </span>
    </p>
   </div>
   <div class='ocr_carea' id='block_1_31' title="bbox 2233 1462 3805 1534">
    <p class='ocr_par' dir='ltr' id='par_1_31' title="bbox 2233 1462 3805 1534">
     <span class='ocr_line' id='line_1_31' title="bbox 2233 1462 3805 1534; baseline 0 -19"><span class='ocrx_word' id='word_1_192' title='bbox 2233 1464 2435 1534; x_wconf 81' lang='grc' dir='ltr'>ὁρατῆς</span> <span class='ocrx_word' id='word_1_193' title='bbox 2458 1464 2696 1531; x_wconf 82' lang='grc' dir='ltr'>φύσεως,</span> <span class='ocrx_word' id='word_1_194' title='bbox 2719 1462 3044 1533; x_wconf 85' lang='grc' dir='ltr'>δημιουργεῖ</span> <span class='ocrx_word' id='word_1_195' title='bbox 3063 1464 3157 1515; x_wconf 81' lang='grc' dir='ltr'>τὸν</span> <span class='ocrx_word' id='word_1_196' title='bbox 3186 1462 3493 1532; x_wconf 78' lang='grc' dir='ltr'>ἄνθρωπον.</span> <span class='ocrx_word' id='word_1_197' title='bbox 3518 1464 3628 1515; x_wconf 74' lang='grc' dir='ltr'><strong>Καὶ</strong></span> <span class='ocrx_word' id='word_1_198' title='bbox 3650 1465 3805 1531; x_wconf 70' lang='grc' dir='ltr'>παρὰ</span> 
     </span>
    </p>
   </div>
   <div class='ocr_carea' id='block_1_32' title="bbox 2239 1553 3803 1627">
    <p class='ocr_par' dir='ltr' id='par_1_32' title="bbox 2239 1553 3803 1627">
     <span class='ocr_line' id='line_1_32' title="bbox 2239 1553 3803 1627; baseline 0.004 -23"><span class='ocrx_word' id='word_1_199' title='bbox 2239 1554 2338 1623; x_wconf 82' lang='grc' dir='ltr'>μὲν</span> <span class='ocrx_word' id='word_1_200' title='bbox 2372 1554 2473 1624; x_wconf 87' lang='grc' dir='ltr'>τῆς</span> <span class='ocrx_word' id='word_1_201' title='bbox 2506 1553 2640 1623; x_wconf 79' lang='grc' dir='ltr'>ὕλης</span> <span class='ocrx_word' id='word_1_202' title='bbox 2669 1553 2854 1606; x_wconf 80' lang='grc' dir='ltr'>λαϐὼν</span> <span class='ocrx_word' id='word_1_203' title='bbox 2880 1553 2942 1606; x_wconf 81' lang='grc' dir='ltr'><strong>τὺ</strong></span> <span class='ocrx_word' id='word_1_204' title='bbox 3002 1553 3162 1623; x_wconf 83' lang='grc' dir='ltr'>σῶμα</span> <span class='ocrx_word' id='word_1_205' title='bbox 3192 1554 3293 1625; x_wconf 69' lang='grc' dir='ltr'>ἤδη</span> <span class='ocrx_word' id='word_1_206' title='bbox 3357 1557 3803 1627; x_wconf 78' lang='grc' dir='ltr'>προϋποστάσης,</span> 
     </span>
    </p>
   </div>
   <div class='ocr_carea' id='block_1_33' title="bbox 2235 1645 3807 1719">
    <p class='ocr_par' dir='ltr' id='par_1_33' title="bbox 2235 1645 3807 1719">
     <span class='ocr_line' id='line_1_33' title="bbox 2235 1645 3807 1719; baseline 0.003 -22"><span class='ocrx_word' id='word_1_207' title='bbox 2235 1646 2366 1714; x_wconf 86' lang='grc' dir='ltr'>παρ’</span> <span class='ocrx_word' id='word_1_208' title='bbox 2396 1645 2589 1698; x_wconf 80' lang='grc' dir='ltr'>ἑαυτοῦ</span> <span class='ocrx_word' id='word_1_209' title='bbox 2622 1646 2677 1699; x_wconf 84' lang='grc' dir='ltr'>δὲ</span> <span class='ocrx_word' id='word_1_210' title='bbox 2706 1646 2876 1714; x_wconf 76' lang='grc' dir='ltr'>πνοὴν</span> <span class='ocrx_word' id='word_1_211' title='bbox 2901 1646 3094 1710; x_wconf 78' lang='grc' dir='ltr'>ἐνθεὶς,</span> <span class='ocrx_word' id='word_1_212' title='bbox 3129 1647 3157 1700; x_wconf 81' lang='grc' dir='ltr'>ὃ</span> <span class='ocrx_word' id='word_1_213' title='bbox 3185 1647 3249 1718; x_wconf 85' lang='grc' dir='ltr'>δὴ</span> <span class='ocrx_word' id='word_1_214' title='bbox 3284 1647 3465 1718; x_wconf 76' lang='grc' dir='ltr'>ψυχὴν</span> <span class='ocrx_word' id='word_1_215' title='bbox 3490 1649 3683 1719; x_wconf 85' lang='grc' dir='ltr'>νοεράν</span> <span class='ocrx_word' id='word_1_216' title='bbox 3708 1651 3807 1703; x_wconf 71' lang='grc' dir='ltr'>καὶ</span> 
     </span>
    </p>
   </div>
   <div class='ocr_carea' id='block_1_34' title="bbox 2236 1731 3805 1809">
    <p class='ocr_par' dir='ltr' id='par_1_34' title="bbox 2236 1731 3805 1809">
     <span class='ocr_line' id='line_1_34' title="bbox 2236 1731 3805 1809; baseline 0.004 -22"><span class='ocrx_word' id='word_1_217' title='bbox 2236 1737 2419 1791; x_wconf 82' lang='grc' dir='ltr'>εἰκόνα</span> <span class='ocrx_word' id='word_1_218' title='bbox 2440 1736 2576 1790; x_wconf 83' lang='grc' dir='ltr'><strong>Θεοῦ</strong></span> <span class='ocrx_word' id='word_1_219' title='bbox 2621 1733 2761 1790; x_wconf 75' lang='grc' dir='ltr'>οἶδεν</span> <span class='ocrx_word' id='word_1_220' title='bbox 2788 1738 2816 1789; x_wconf 83' lang='grc' dir='ltr'>ὁ</span> <span class='ocrx_word' id='word_1_221' title='bbox 2856 1737 3031 1805; x_wconf 83' lang='grc' dir='ltr'>λόγος,</span> <span class='ocrx_word' id='word_1_222' title='bbox 3050 1731 3163 1790; x_wconf 80' lang='grc' dir='ltr'>οἷόν</span> <span class='ocrx_word' id='word_1_223' title='bbox 3184 1754 3301 1791; x_wconf 88' lang='grc' dir='ltr'>τινα</span> <span class='ocrx_word' id='word_1_224' title='bbox 3327 1741 3531 1808; x_wconf 69' lang='grc' dir='ltr'>κόσμον</span> <span class='ocrx_word' id='word_1_225' title='bbox 3544 1739 3727 1809; x_wconf 53' lang='grc' dir='ltr'>δεύτείη</span> <span class='ocrx_word' id='word_1_226' title='bbox 3741 1758 3805 1794; x_wconf 87' lang='grc' dir='ltr'><strong>ον</strong></span> 
     </span>
    </p>
   </div>
   <div class='ocr_carea' id='block_1_35' title="bbox 552 1828 2137 1909">
    <p class='ocr_par' dir='ltr' id='par_1_35' title="bbox 552 1835 2132 1909">
     <span class='ocr_line' id='line_1_35' title="bbox 552 1835 2132 1909; baseline -0.005 -13"><span class='ocrx_word' id='word_1_227' title='bbox 552 1843 703 1903; x_wconf 89' lang='lat' dir='ltr'><strong>dum,</strong></span> <span class='ocrx_word' id='word_1_228' title='bbox 749 1841 802 1895; x_wconf 89' lang='lat' dir='ltr'><strong>in</strong></span> <span class='ocrx_word' id='word_1_229' title='bbox 836 1854 1001 1909; x_wconf 75' lang='lat' dir='ltr'><strong>parvo</strong></span> <span class='ocrx_word' id='word_1_230' title='bbox 1046 1852 1301 1907; x_wconf 86' lang='lat' dir='ltr'><strong>magnum</strong></span> <span class='ocrx_word' id='word_1_231' title='bbox 1344 1838 1398 1890; x_wconf 91' lang='lat' dir='ltr'><strong>in</strong></span> <span class='ocrx_word' id='word_1_232' title='bbox 1446 1846 1589 1890; x_wconf 88' lang='lat' dir='ltr'><strong>terra</strong></span> <span class='ocrx_word' id='word_1_233' title='bbox 1630 1835 1935 1897; x_wconf 87' lang='lat' dir='ltr'><strong>constituit,</strong></span> <span class='ocrx_word' id='word_1_234' title='bbox 1967 1836 2132 1889; x_wconf 86' lang='lat' dir='ltr'><strong>alium</strong></span> 
     </span>
    </p>
   </div>
   <div class='ocr_carea' id='block_1_36' title="bbox 2243 1828 3811 1909">
    <p class='ocr_par' dir='ltr' id='par_1_36' title="bbox 2243 1828 3811 1899">
     <span class='ocr_line' id='line_1_36' title="bbox 2243 1828 3811 1899; baseline 0.003 -19"><span class='ocrx_word' id='word_1_235' title='bbox 2243 1830 2297 1881; x_wconf 72' lang='grc' dir='ltr'>ὲν</span> <span class='ocrx_word' id='word_1_236' title='bbox 2358 1828 2540 1899; x_wconf 84' lang='grc' dir='ltr'>μικρῷ</span> <span class='ocrx_word' id='word_1_237' title='bbox 2609 1829 2784 1897; x_wconf 91' lang='grc' dir='ltr'>μέγαν</span> <span class='ocrx_word' id='word_1_238' title='bbox 2826 1829 2919 1881; x_wconf 75' lang='grc' dir='ltr'><strong>ἐπὶ</strong></span> <span class='ocrx_word' id='word_1_239' title='bbox 2970 1828 3071 1896; x_wconf 85' lang='grc' dir='ltr'>τῆς</span> <span class='ocrx_word' id='word_1_240' title='bbox 3136 1832 3238 1896; x_wconf 79' lang='grc' dir='ltr'>γῆς</span> <span class='ocrx_word' id='word_1_241' title='bbox 3284 1830 3536 1898; x_wconf 83' lang='grc' dir='ltr'>ἵστησιν·</span> <span class='ocrx_word' id='word_1_242' title='bbox 3576 1831 3811 1899; x_wconf 82' lang='grc' dir='ltr'>ἄγγελον</span> 
     </span>
    </p>
   </div>
   <div class='ocr_carea' id='block_1_37' title="bbox 550 1928 2133 2000">
    <p class='ocr_par' dir='ltr' id='par_1_37' title="bbox 550 1928 2133 2000">
     <span class='ocr_line' id='line_1_37' title="bbox 550 1928 2133 2000; baseline -0.003 -14"><span class='ocrx_word' id='word_1_243' title='bbox 550 1932 719 1987; x_wconf 80' lang='lat' dir='ltr'><strong>veluti</strong></span> <span class='ocrx_word' id='word_1_244' title='bbox 763 1931 1011 2000; x_wconf 84' lang='lat' dir='ltr'><strong>angelum</strong></span> <span class='ocrx_word' id='word_1_245' title='bbox 1061 1928 1305 1990; x_wconf 90' lang='lat' dir='ltr'><strong>mistum,</strong></span> <span class='ocrx_word' id='word_1_246' title='bbox 1355 1928 1719 1989; x_wconf 87' lang='lat' dir='ltr'><strong>adoratorem,</strong></span> <span class='ocrx_word' id='word_1_247' title='bbox 1770 1943 1952 1982; x_wconf 87' lang='lat' dir='ltr'><strong>rerum</strong></span> <span class='ocrx_word' id='word_1_248' title='bbox 2008 1942 2133 1997; x_wconf 86' lang='lat' dir='ltr'><strong>pro-</strong></span> 
     </span>
    </p>
   </div>
   <div class='ocr_carea' id='block_1_38' title="bbox 551 2019 2133 2090">
    <p class='ocr_par' dir='ltr' id='par_1_38' title="bbox 551 2019 2133 2090">
     <span class='ocr_line' id='line_1_38' title="bbox 551 2019 2133 2090; baseline -0.004 -13"><span class='ocrx_word' id='word_1_249' title='bbox 551 2033 878 2084; x_wconf 88' lang='lat' dir='ltr'><strong>creatarum,</strong></span> <span class='ocrx_word' id='word_1_250' title='bbox 930 2034 1049 2090; x_wconf 77' lang='lat' dir='ltr'><strong>quae</strong></span> <span class='ocrx_word' id='word_1_251' title='bbox 1096 2028 1422 2083; x_wconf 88' lang='lat' dir='ltr'><strong>cernuntur,</strong></span> <span class='ocrx_word' id='word_1_252' title='bbox 1476 2019 1863 2088; x_wconf 85' lang='lat' dir='ltr'><strong>inspectorem,</strong></span> <span class='ocrx_word' id='word_1_253' title='bbox 1922 2033 2133 2081; x_wconf 90' lang='lat' dir='ltr'><strong>earum,</strong></span> 
     </span>
    </p>
   </div>
   <div class='ocr_carea' id='block_1_39' title="bbox 550 2111 2133 2184">
    <p class='ocr_par' dir='ltr' id='par_1_39' title="bbox 550 2111 2133 2184">
     <span class='ocr_line' id='line_1_39' title="bbox 550 2111 2133 2184; baseline -0.004 -17"><span class='ocrx_word' id='word_1_254' title='bbox 550 2131 670 2184; x_wconf 63' lang='lat' dir='ltr'><strong>quae</strong></span> <span class='ocrx_word' id='word_1_255' title='bbox 696 2129 803 2167; x_wconf 89' lang='lat' dir='ltr'><strong>non</strong></span> <span class='ocrx_word' id='word_1_256' title='bbox 829 2120 1149 2177; x_wconf 86' lang='lat' dir='ltr'><strong>cernuntur,</strong></span> <span class='ocrx_word' id='word_1_257' title='bbox 1175 2111 1678 2179; x_wconf 86' lang='lat' dir='ltr'><strong>contemplatorem,</strong></span> <span class='ocrx_word' id='word_1_258' title='bbox 1719 2124 1898 2179; x_wconf 84' lang='lat' dir='ltr'><strong>regem</strong></span> <span class='ocrx_word' id='word_1_259' title='bbox 1923 2124 2133 2172; x_wconf 82' lang='lat' dir='ltr'><strong>eorum,</strong></span> 
     </span>
    </p>
   </div>
   <div class='ocr_carea' id='block_1_40' title="bbox 549 2200 2129 2276">
    <p class='ocr_par' dir='ltr' id='par_1_40' title="bbox 549 2200 2129 2276">
     <span class='ocr_line' id='line_1_40' title="bbox 549 2200 2129 2276; baseline -0.002 -18"><span class='ocrx_word' id='word_1_260' title='bbox 549 2222 669 2276; x_wconf 77' lang='lat' dir='ltr'><strong>quze</strong></span> <span class='ocrx_word' id='word_1_261' title='bbox 703 2214 831 2259; x_wconf 91' lang='lat' dir='ltr'><strong>sunt</strong></span> <span class='ocrx_word' id='word_1_262' title='bbox 878 2205 930 2257; x_wconf 90' lang='lat' dir='ltr'><strong>in</strong></span> <span class='ocrx_word' id='word_1_263' title='bbox 971 2213 1139 2269; x_wconf 89' lang='lat' dir='ltr'><strong>terra,</strong></span> <span class='ocrx_word' id='word_1_264' title='bbox 1182 2217 1396 2256; x_wconf 86' lang='lat' dir='ltr'><strong>summo</strong></span> <span class='ocrx_word' id='word_1_265' title='bbox 1443 2200 1573 2271; x_wconf 82' lang='lat' dir='ltr'><strong>Regi</strong></span> <span class='ocrx_word' id='word_1_266' title='bbox 1617 2202 2129 2270; x_wconf 86' lang='lat' dir='ltr'><strong>obtemperantem:</strong></span> 
     </span>
    </p>
   </div>
   <div class='ocr_carea' id='block_1_41' title="bbox 551 2293 2137 2353">
    <p class='ocr_par' dir='ltr' id='par_1_41' title="bbox 551 2293 2137 2353">
     <span class='ocr_line' id='line_1_41' title="bbox 551 2293 2137 2353; baseline -0.004 0"><span class='ocrx_word' id='word_1_267' title='bbox 551 2298 833 2353; x_wconf 86' lang='lat' dir='ltr'><strong>mortalem</strong></span> <span class='ocrx_word' id='word_1_268' title='bbox 909 2304 963 2351; x_wconf 87' lang='lat' dir='ltr'><strong>et</strong></span> <span class='ocrx_word' id='word_1_269' title='bbox 1015 2294 1373 2349; x_wconf 86' lang='lat' dir='ltr'><strong>immortalem</strong></span> <span class='ocrx_word' id='word_1_270' title='bbox 1434 2311 1448 2348; x_wconf 90' lang='lat'><strong>:</strong></span> <span class='ocrx_word' id='word_1_271' title='bbox 1526 2293 1778 2347; x_wconf 89' lang='lat' dir='ltr'><strong>sensibus</strong></span> <span class='ocrx_word' id='word_1_272' title='bbox 1833 2303 1887 2346; x_wconf 89' lang='lat' dir='ltr'><strong>et</strong></span> <span class='ocrx_word' id='word_1_273' title='bbox 1952 2300 2137 2346; x_wconf 89' lang='lat' dir='ltr'><strong>mente</strong></span> 
     </span>
    </p>
   </div>
   <div class='ocr_carea' id='block_1_42' title="bbox 551 2382 2135 2452">
    <p class='ocr_par' dir='ltr' id='par_1_42' title="bbox 551 2382 2135 2452">
     <span class='ocr_line' id='line_1_42' title="bbox 551 2382 2135 2452; baseline -0.006 -9"><span class='ocrx_word' id='word_1_274' title='bbox 551 2396 915 2451; x_wconf 91' lang='lat' dir='ltr'><strong>constantem,</strong></span> <span class='ocrx_word' id='word_1_275' title='bbox 976 2393 1036 2439; x_wconf 89' lang='lat' dir='ltr'><strong>ut</strong></span> <span class='ocrx_word' id='word_1_276' title='bbox 1085 2385 1191 2439; x_wconf 89' lang='lat' dir='ltr'><strong>illis</strong></span> <span class='ocrx_word' id='word_1_277' title='bbox 1238 2385 1386 2438; x_wconf 89' lang='lat' dir='ltr'><strong>cerni</strong></span> <span class='ocrx_word' id='word_1_278' title='bbox 1462 2399 1526 2438; x_wconf 91' lang='lat' dir='ltr'><strong>ac</strong></span> <span class='ocrx_word' id='word_1_279' title='bbox 1603 2383 1827 2452; x_wconf 83' lang='lat' dir='ltr'><strong>intelligi</strong></span> <span class='ocrx_word' id='word_1_280' title='bbox 1893 2382 2062 2448; x_wconf 83' lang='lat' dir='ltr'><strong>possit</strong></span> <span class='ocrx_word' id='word_1_281' title='bbox 2121 2399 2135 2435; x_wconf 91' lang='lat'><strong>:</strong></span> 
     </span>
    </p>
   </div>
   <div class='ocr_carea' id='block_1_43' title="bbox 549 2474 2132 2544">
    <p class='ocr_par' dir='ltr' id='par_1_43' title="bbox 549 2474 2132 2544">
     <span class='ocr_line' id='line_1_43' title="bbox 549 2474 2132 2544; baseline -0.003 -11"><span class='ocrx_word' id='word_1_282' title='bbox 549 2478 795 2533; x_wconf 87' lang='lat' dir='ltr'><strong>medium</strong></span> <span class='ocrx_word' id='word_1_283' title='bbox 877 2478 1021 2531; x_wconf 89' lang='lat' dir='ltr'><strong>inter</strong></span> <span class='ocrx_word' id='word_1_284' title='bbox 1094 2476 1524 2544; x_wconf 86' lang='lat' dir='ltr'><strong>magnitudinem</strong></span> <span class='ocrx_word' id='word_1_285' title='bbox 1598 2484 1653 2529; x_wconf 91' lang='lat' dir='ltr'><strong>et</strong></span> <span class='ocrx_word' id='word_1_286' title='bbox 1706 2474 2132 2529; x_wconf 85' lang='lat' dir='ltr'><strong>humilitatem:</strong></span> 
     </span>
    </p>
   </div>
   <div class='ocr_carea' id='block_1_44' title="bbox 549 2564 2134 2635">
    <p class='ocr_par' dir='ltr' id='par_1_44' title="bbox 549 2564 2134 2635">
     <span class='ocr_line' id='line_1_44' title="bbox 549 2564 2134 2635; baseline -0.004 -12"><span class='ocrx_word' id='word_1_287' title='bbox 549 2567 806 2623; x_wconf 88' lang='lat' dir='ltr'><strong>eumdem</strong></span> <span class='ocrx_word' id='word_1_288' title='bbox 876 2577 989 2620; x_wconf 89' lang='lat' dir='ltr'><strong>tum</strong></span> <span class='ocrx_word' id='word_1_289' title='bbox 1064 2565 1339 2635; x_wconf 89' lang='lat' dir='ltr'><strong>spiritum,</strong></span> <span class='ocrx_word' id='word_1_290' title='bbox 1396 2573 1509 2619; x_wconf 91' lang='lat' dir='ltr'><strong>tum</strong></span> <span class='ocrx_word' id='word_1_291' title='bbox 1569 2579 1831 2623; x_wconf 81' lang='lat' dir='ltr'><strong>carnem.</strong></span> <span class='ocrx_word' id='word_1_292' title='bbox 1887 2564 2134 2633; x_wconf 87' lang='lat' dir='ltr'><strong>spiritum</strong></span> 
     </span>
    </p>
   </div>
   <div class='ocr_carea' id='block_1_45' title="bbox 550 2654 2135 2729">
    <p class='ocr_par' dir='ltr' id='par_1_45' title="bbox 550 2654 2135 2729">
     <span class='ocr_line' id='line_1_45' title="bbox 550 2654 2135 2729; baseline -0.003 -17"><span class='ocrx_word' id='word_1_293' title='bbox 550 2667 779 2729; x_wconf 84' lang='lat' dir='ltr'><strong>propter</strong></span> <span class='ocrx_word' id='word_1_294' title='bbox 805 2658 1054 2727; x_wconf 87' lang='lat' dir='ltr'><strong>gratiam,</strong></span> <span class='ocrx_word' id='word_1_295' title='bbox 1100 2671 1318 2711; x_wconf 90' lang='lat' dir='ltr'><strong>carnem</strong></span> <span class='ocrx_word' id='word_1_296' title='bbox 1357 2664 1579 2725; x_wconf 86' lang='lat' dir='ltr'><strong>propter</strong></span> <span class='ocrx_word' id='word_1_297' title='bbox 1610 2656 1937 2725; x_wconf 88' lang='lat' dir='ltr'><strong>superbiam.</strong></span> <span class='ocrx_word' id='word_1_298' title='bbox 1978 2654 2135 2720; x_wconf 88' lang='lat' dir='ltr'><strong>Illud,</strong></span> 
     </span>
    </p>
   </div>
   <div class='ocr_carea' id='block_1_46' title="bbox 551 2748 2137 2815">
    <p class='ocr_par' dir='ltr' id='par_1_46' title="bbox 551 2748 2137 2815">
     <span class='ocr_line' id='line_1_46' title="bbox 551 2748 2137 2815; baseline -0.001 -11"><span class='ocrx_word' id='word_1_299' title='bbox 551 2761 613 2804; x_wconf 93' lang='lat' dir='ltr'><strong>ut</strong></span> <span class='ocrx_word' id='word_1_300' title='bbox 645 2760 912 2815; x_wconf 86' lang='lat' dir='ltr'><strong>maneret,</strong></span> <span class='ocrx_word' id='word_1_301' title='bbox 954 2759 1008 2803; x_wconf 91' lang='lat' dir='ltr'><strong>et</strong></span> <span class='ocrx_word' id='word_1_302' title='bbox 1034 2749 1203 2803; x_wconf 89' lang='lat' dir='ltr'><strong>Deum</strong></span> <span class='ocrx_word' id='word_1_303' title='bbox 1243 2752 1311 2803; x_wconf 91' lang='lat' dir='ltr'><strong>de</strong></span> <span class='ocrx_word' id='word_1_304' title='bbox 1338 2762 1396 2802; x_wconf 90' lang='lat' dir='ltr'><strong>se</strong></span> <span class='ocrx_word' id='word_1_305' title='bbox 1431 2748 1568 2802; x_wconf 88' lang='lat' dir='ltr'><strong>bene</strong></span> <span class='ocrx_word' id='word_1_306' title='bbox 1594 2748 1847 2802; x_wconf 89' lang='lat' dir='ltr'><strong>meritum</strong></span> <span class='ocrx_word' id='word_1_307' title='bbox 1872 2748 2137 2804; x_wconf 84' lang='lat' dir='ltr'><strong>laudaret:</strong></span> 
     </span>
    </p>
   </div>
   <div class='ocr_carea' id='block_1_47' title="bbox 551 2838 2139 2917">
    <p class='ocr_par' dir='ltr' id='par_1_47' title="bbox 551 2838 2139 2917">
     <span class='ocr_line' id='line_1_47' title="bbox 551 2838 2139 2917; baseline -0.001 -21"><span class='ocrx_word' id='word_1_308' title='bbox 551 2842 675 2905; x_wconf 87' lang='lat' dir='ltr'><strong>hoc,</strong></span> <span class='ocrx_word' id='word_1_309' title='bbox 711 2851 769 2896; x_wconf 92' lang='lat' dir='ltr'><strong>ut</strong></span> <span class='ocrx_word' id='word_1_310' title='bbox 803 2840 1302 2912; x_wconf 88' lang='lat' dir='ltr'><strong>perturbationibus</strong></span> <span class='ocrx_word' id='word_1_311' title='bbox 1347 2849 1402 2893; x_wconf 92' lang='lat' dir='ltr'><strong>et</strong></span> <span class='ocrx_word' id='word_1_312' title='bbox 1452 2838 1716 2893; x_wconf 88' lang='lat' dir='ltr'><strong>molestiis</strong></span> <span class='ocrx_word' id='word_1_313' title='bbox 1771 2848 1915 2894; x_wconf 85' lang='lat' dir='ltr'><strong>esset</strong></span> <span class='ocrx_word' id='word_1_314' title='bbox 1965 2840 2139 2917; x_wconf 43' lang='lat' dir='ltr'><strong>obnof</strong></span> 
     </span>
    </p>
   </div>
   <div class='ocr_carea' id='block_1_48' title="bbox 549 2927 2139 2999">
    <p class='ocr_par' dir='ltr' id='par_1_48' title="bbox 549 2927 2139 2999">
     <span class='ocr_line' id='line_1_48' title="bbox 549 2927 2139 2999; baseline -0.003 -10"><span class='ocrx_word' id='word_1_315' title='bbox 549 2933 717 2996; x_wconf 78' lang='lat' dir='ltr'><strong>xins,</strong></span> <span class='ocrx_word' id='word_1_316' title='bbox 805 2942 863 2985; x_wconf 90' lang='lat' dir='ltr'><strong>ut</strong></span> <span class='ocrx_word' id='word_1_317' title='bbox 955 2945 1077 2986; x_wconf 91' lang='lat' dir='ltr'><strong>cum</strong></span> <span class='ocrx_word' id='word_1_318' title='bbox 1148 2927 1525 2999; x_wconf 80' lang='lat' dir='ltr'><strong>magnitudine</strong></span> <span class='ocrx_word' id='word_1_319' title='bbox 1600 2944 1697 2984; x_wconf 91' lang='lat' dir='ltr'><strong>sua</strong></span> <span class='ocrx_word' id='word_1_320' title='bbox 1781 2928 1957 2984; x_wconf 91' lang='lat' dir='ltr'><strong>elatus</strong></span> <span class='ocrx_word' id='word_1_321' title='bbox 2036 2930 2139 2984; x_wconf 82' lang='lat' dir='ltr'><strong>sibi</strong></span> 
     </span>
    </p>
   </div>
   <div class='ocr_carea' id='block_1_49' title="bbox 548 3018 2137 3091">
    <p class='ocr_par' dir='ltr' id='par_1_49' title="bbox 548 3018 2137 3091">
     <span class='ocr_line' id='line_1_49' title="bbox 548 3018 2137 3091; baseline -0.002 -16"><span class='ocrx_word' id='word_1_322' title='bbox 548 3022 814 3091; x_wconf 80' lang='lat' dir='ltr'><strong>placeret,</strong></span> <span class='ocrx_word' id='word_1_323' title='bbox 869 3020 933 3075; x_wconf 90' lang='lat' dir='ltr'><strong>iis</strong></span> <span class='ocrx_word' id='word_1_324' title='bbox 978 3020 1232 3085; x_wconf 82' lang='lat' dir='ltr'><strong>amictus,</strong></span> <span class='ocrx_word' id='word_1_325' title='bbox 1269 3026 1323 3072; x_wconf 88' lang='lat' dir='ltr'><strong>et</strong></span> <span class='ocrx_word' id='word_1_326' title='bbox 1361 3018 1725 3073; x_wconf 91' lang='lat' dir='ltr'><strong>commonitus</strong></span> <span class='ocrx_word' id='word_1_327' title='bbox 1752 3018 2137 3087; x_wconf 86' lang='lat' dir='ltr'><strong>resipisceret:</strong></span> 
     </span>
    </p>
   </div>
   <div class='ocr_carea' id='block_1_50' title="bbox 2235 1919 3811 1993">
    <p class='ocr_par' dir='ltr' id='par_1_50' title="bbox 2235 1919 3811 1993">
     <span class='ocr_line' id='line_1_50' title="bbox 2235 1919 3811 1993; baseline 0.003 -24"><span class='ocrx_word' id='word_1_328' title='bbox 2235 1919 2415 1981; x_wconf 83' lang='grc' dir='ltr'>ἄλλον,</span> <span class='ocrx_word' id='word_1_329' title='bbox 2466 1919 2852 1990; x_wconf 81' lang='grc' dir='ltr'>προσκυνητὴν</span> <span class='ocrx_word' id='word_1_330' title='bbox 2909 1921 3124 1991; x_wconf 80' lang='grc' dir='ltr'>μικτὸν,</span> <span class='ocrx_word' id='word_1_331' title='bbox 3166 1920 3414 1990; x_wconf 82' lang='grc' dir='ltr'>ὲπόπτην</span> <span class='ocrx_word' id='word_1_332' title='bbox 3454 1923 3553 1991; x_wconf 83' lang='grc' dir='ltr'>τῆς</span> <span class='ocrx_word' id='word_1_333' title='bbox 3605 1925 3811 1993; x_wconf 65' lang='grc' dir='ltr'>ὁρατῆς</span> 
     </span>
    </p>
   </div>
   <div class='ocr_carea' id='block_1_51' title="bbox 2235 2010 3816 2083">
    <p class='ocr_par' dir='ltr' id='par_1_51' title="bbox 2235 2010 3816 2083">
     <span class='ocr_line' id='line_1_51' title="bbox 2235 2010 3816 2083; baseline 0.003 -20"><span class='ocrx_word' id='word_1_334' title='bbox 2235 2011 2489 2075; x_wconf 73' lang='grc' dir='ltr'>κτίσεως,</span> <span class='ocrx_word' id='word_1_335' title='bbox 2549 2010 2758 2080; x_wconf 85' lang='grc' dir='ltr'>μύστην</span> <span class='ocrx_word' id='word_1_336' title='bbox 2791 2014 2892 2079; x_wconf 78' lang='grc' dir='ltr'>τῆς</span> <span class='ocrx_word' id='word_1_337' title='bbox 2923 2013 3244 2082; x_wconf 81' lang='grc' dir='ltr'>νοουμένης,</span> <span class='ocrx_word' id='word_1_338' title='bbox 3288 2013 3512 2083; x_wconf 79' lang='grc' dir='ltr'>βασιλέα</span> <span class='ocrx_word' id='word_1_339' title='bbox 3552 2014 3662 2068; x_wconf 86' lang='grc' dir='ltr'><strong>τῶν</strong></span> <span class='ocrx_word' id='word_1_340' title='bbox 3717 2016 3816 2069; x_wconf 74' lang='grc' dir='ltr'><strong>ἐπὶ</strong></span> 
     </span>
    </p>
   </div>
   <div class='ocr_carea' id='block_1_52' title="bbox 2236 2102 3879 2181">
    <p class='ocr_par' dir='ltr' id='par_1_52' title="bbox 2236 2102 3879 2181">
     <span class='ocr_line' id='line_1_52' title="bbox 2236 2102 3879 2181; baseline 0.003 -28"><span class='ocrx_word' id='word_1_341' title='bbox 2236 2102 2359 2171; x_wconf 82' lang='grc' dir='ltr'>γῆς,</span> <span class='ocrx_word' id='word_1_342' title='bbox 2393 2102 2813 2171; x_wconf 79' lang='grc' dir='ltr'>βασιλευόμενον</span> <span class='ocrx_word' id='word_1_343' title='bbox 2846 2104 3074 2169; x_wconf 86' lang='grc' dir='ltr'>ἄνωθεν,</span> <span class='ocrx_word' id='word_1_344' title='bbox 3102 2105 3348 2171; x_wconf 81' lang='grc' dir='ltr'>ἐπίγειον</span> <span class='ocrx_word' id='word_1_345' title='bbox 3400 2105 3496 2158; x_wconf 80' lang='grc' dir='ltr'><strong>καὶ</strong></span> <span class='ocrx_word' id='word_1_346' title='bbox 3514 2105 3813 2174; x_wconf 75' lang='grc' dir='ltr'>οὐράνιον,</span> <span class='ocrx_word' id='word_1_347' title='bbox 3875 2176 3879 2181; x_wconf 16' lang='grc' dir='ltr'>θ</span> 
     </span>
    </p>
   </div>
   <div class='ocr_carea' id='block_1_53' title="bbox 2243 2194 3812 2265">
    <p class='ocr_par' dir='ltr' id='par_1_53' title="bbox 2243 2194 3812 2265">
     <span class='ocr_line' id='line_1_53' title="bbox 2243 2194 3812 2265; baseline 0.005 -20"><span class='ocrx_word' id='word_1_348' title='bbox 2243 2194 2582 2263; x_wconf 74' lang='grc' dir='ltr'>πρόσκαιρον</span> <span class='ocrx_word' id='word_1_349' title='bbox 2619 2194 2715 2247; x_wconf 76' lang='grc' dir='ltr'>καὶ</span> <span class='ocrx_word' id='word_1_350' title='bbox 2765 2195 3057 2260; x_wconf 86' lang='grc' dir='ltr'>ἀθάνατον,</span> <span class='ocrx_word' id='word_1_351' title='bbox 3104 2197 3297 2265; x_wconf 76' lang='grc' dir='ltr'>ὁρατὸν</span> <span class='ocrx_word' id='word_1_352' title='bbox 3337 2198 3429 2250; x_wconf 80' lang='grc' dir='ltr'>καὶ</span> <span class='ocrx_word' id='word_1_353' title='bbox 3479 2198 3812 2265; x_wconf 83' lang='grc' dir='ltr'>νοούμενον.</span> 
     </span>
    </p>
   </div>
   <div class='ocr_carea' id='block_1_54' title="bbox 2242 2284 3816 2359">
    <p class='ocr_par' dir='ltr' id='par_1_54' title="bbox 2242 2284 3816 2359">
     <span class='ocr_line' id='line_1_54' title="bbox 2242 2284 3816 2359; baseline 0.006 -24"><span class='ocrx_word' id='word_1_354' title='bbox 2242 2285 2408 2353; x_wconf 83' lang='grc' dir='ltr'>μέσον</span> <span class='ocrx_word' id='word_1_355' title='bbox 2444 2284 2712 2353; x_wconf 87' lang='grc' dir='ltr'>μεγέθους</span> <span class='ocrx_word' id='word_1_356' title='bbox 2742 2286 2839 2339; x_wconf 76' lang='grc' dir='ltr'>καὶ</span> <span class='ocrx_word' id='word_1_357' title='bbox 2871 2287 3284 2356; x_wconf 82' lang='grc' dir='ltr'>ταπεινότητος,</span> <span class='ocrx_word' id='word_1_358' title='bbox 3308 2288 3399 2340; x_wconf 77' lang='grc' dir='ltr'><strong>τὸν</strong></span> <span class='ocrx_word' id='word_1_359' title='bbox 3417 2289 3578 2343; x_wconf 81' lang='grc' dir='ltr'>αὑτὸν</span> <span class='ocrx_word' id='word_1_360' title='bbox 3594 2292 3816 2359; x_wconf 80' lang='grc' dir='ltr'>πνεῦμα</span> 
     </span>
    </p>
   </div>
   <div class='ocr_carea' id='block_1_55' title="bbox 2238 2376 3818 2453">
    <p class='ocr_par' dir='ltr' id='par_1_55' title="bbox 2238 2376 3818 2453">
     <span class='ocr_line' id='line_1_55' title="bbox 2238 2376 3818 2453; baseline 0.005 -26"><span class='ocrx_word' id='word_1_361' title='bbox 2238 2376 2334 2428; x_wconf 71' lang='grc' dir='ltr'>καὶ</span> <span class='ocrx_word' id='word_1_362' title='bbox 2370 2377 2551 2445; x_wconf 91' lang='grc' dir='ltr'>σάρκα</span> <span class='ocrx_word' id='word_1_363' title='bbox 2576 2392 2590 2405; x_wconf 85' lang='grc'><strong>·</strong></span> <span class='ocrx_word' id='word_1_364' title='bbox 2639 2376 2859 2446; x_wconf 79' lang='grc' dir='ltr'>πνεῦμα</span> <span class='ocrx_word' id='word_1_365' title='bbox 2890 2379 2979 2430; x_wconf 81' lang='grc' dir='ltr'>διὰ</span> <span class='ocrx_word' id='word_1_366' title='bbox 3008 2378 3106 2450; x_wconf 82' lang='grc' dir='ltr'>τὴν</span> <span class='ocrx_word' id='word_1_367' title='bbox 3137 2380 3323 2448; x_wconf 80' lang='grc' dir='ltr'>χάριν,</span> <span class='ocrx_word' id='word_1_368' title='bbox 3376 2381 3554 2451; x_wconf 81' lang='grc' dir='ltr'>σάρκα</span> <span class='ocrx_word' id='word_1_369' title='bbox 3582 2382 3669 2435; x_wconf 81' lang='grc' dir='ltr'>διὰ</span> <span class='ocrx_word' id='word_1_370' title='bbox 3711 2384 3818 2453; x_wconf 79' lang='grc' dir='ltr'>τὴν</span> 
     </span>
    </p>
   </div>
   <div class='ocr_carea' id='block_1_56' title="bbox 2238 2467 3815 2546">
    <p class='ocr_par' dir='ltr' id='par_1_56' title="bbox 2238 2467 3815 2546">
     <span class='ocr_line' id='line_1_56' title="bbox 2238 2467 3815 2546; baseline 0.005 -28"><span class='ocrx_word' id='word_1_371' title='bbox 2238 2467 2491 2534; x_wconf 76' lang='grc' dir='ltr'>ἔπαρσιν·</span> <span class='ocrx_word' id='word_1_372' title='bbox 2516 2468 2576 2520; x_wconf 89' lang='grc' dir='ltr'><strong>τὸ</strong></span> <span class='ocrx_word' id='word_1_373' title='bbox 2598 2468 2720 2538; x_wconf 81' lang='grc' dir='ltr'>μὲν,</span> <span class='ocrx_word' id='word_1_374' title='bbox 2754 2470 2841 2523; x_wconf 75' lang='grc' dir='ltr'>ἵνα</span> <span class='ocrx_word' id='word_1_375' title='bbox 2871 2471 3007 2542; x_wconf 85' lang='grc' dir='ltr'>μένῃ</span> <span class='ocrx_word' id='word_1_376' title='bbox 3038 2473 3130 2524; x_wconf 67' lang='grc' dir='ltr'><strong>καὶ¹</strong></span> <span class='ocrx_word' id='word_1_377' title='bbox 3159 2472 3358 2543; x_wconf 80' lang='grc' dir='ltr'>δοξάζῃ</span> <span class='ocrx_word' id='word_1_378' title='bbox 3374 2475 3465 2526; x_wconf 80' lang='grc' dir='ltr'>τὸν</span> <span class='ocrx_word' id='word_1_379' title='bbox 3490 2475 3815 2546; x_wconf 75' lang='grc' dir='ltr'>εὐεργέτην,</span> 
     </span>
    </p>
   </div>
   <div class='ocr_carea' id='block_1_57' title="bbox 2237 2558 3818 2638">
    <p class='ocr_par' dir='ltr' id='par_1_57' title="bbox 2237 2558 3818 2638">
     <span class='ocr_line' id='line_1_57' title="bbox 2237 2558 3818 2638; baseline 0.008 -29"><span class='ocrx_word' id='word_1_380' title='bbox 2237 2558 2298 2610; x_wconf 84' lang='grc' dir='ltr'>τὸ</span> <span class='ocrx_word' id='word_1_381' title='bbox 2336 2559 2414 2623; x_wconf 86' lang='grc' dir='ltr'>δὲ,</span> <span class='ocrx_word' id='word_1_382' title='bbox 2485 2560 2571 2612; x_wconf 83' lang='grc' dir='ltr'>ἵνα</span> <span class='ocrx_word' id='word_1_383' title='bbox 2612 2562 2818 2632; x_wconf 80' lang='grc' dir='ltr'>πάσχῃ,</span> <span class='ocrx_word' id='word_1_384' title='bbox 2876 2565 2969 2615; x_wconf 73' lang='grc' dir='ltr'>καὶ</span> <span class='ocrx_word' id='word_1_385' title='bbox 3024 2564 3270 2634; x_wconf 80' lang='grc' dir='ltr'>πάσχων,</span> <span class='ocrx_word' id='word_1_386' title='bbox 3327 2566 3818 2638; x_wconf 75' lang='grc' dir='ltr'>ὑπομιμνήσκηται</span> 
     </span>
    </p>
   </div>
   <div class='ocr_carea' id='block_1_58' title="bbox 2239 2648 3820 2728">
    <p class='ocr_par' dir='ltr' id='par_1_58' title="bbox 2239 2648 3820 2728">
     <span class='ocr_line' id='line_1_58' title="bbox 2239 2648 3820 2728; baseline 0.008 -28"><span class='ocrx_word' id='word_1_387' title='bbox 2239 2648 2335 2701; x_wconf 78' lang='grc' dir='ltr'>καὶ</span> <span class='ocrx_word' id='word_1_388' title='bbox 2366 2649 2718 2719; x_wconf 79' lang='grc' dir='ltr'>παιδεύηται,</span> <span class='ocrx_word' id='word_1_389' title='bbox 2752 2651 2831 2721; x_wconf 82' lang='grc' dir='ltr'><strong>τῷ</strong></span> <span class='ocrx_word' id='word_1_390' title='bbox 2874 2653 3096 2721; x_wconf 79' lang='grc' dir='ltr'>μεγέθει</span> <span class='ocrx_word' id='word_1_391' title='bbox 3151 2655 3636 2728; x_wconf 76' lang='grc' dir='ltr'>φιλοτιμούμενοςο</span> <span class='ocrx_word' id='word_1_392' title='bbox 3675 2660 3820 2724; x_wconf 79' lang='grc' dir='ltr'>ζῶον</span> 
     </span>
    </p>
   </div>
   <div class='ocr_carea' id='block_1_59' title="bbox 2239 2741 3818 2821">
    <p class='ocr_par' dir='ltr' id='par_1_59' title="bbox 2239 2741 3818 2821">
     <span class='ocr_line' id='line_1_59' title="bbox 2239 2741 3818 2821; baseline 0.007 -28"><span class='ocrx_word' id='word_1_393' title='bbox 2239 2741 2476 2797; x_wconf 73' lang='grc' dir='ltr'>ἐνταῦθα</span> <span class='ocrx_word' id='word_1_394' title='bbox 2508 2743 2989 2814; x_wconf 81' lang='grc' dir='ltr'>οίκονομούμενον,</span> <span class='ocrx_word' id='word_1_395' title='bbox 3040 2748 3137 2799; x_wconf 78' lang='grc' dir='ltr'>καὶ</span> <span class='ocrx_word' id='word_1_396' title='bbox 3194 2747 3431 2818; x_wconf 82' lang='grc' dir='ltr'>ἀλλαχοῦ</span> <span class='ocrx_word' id='word_1_397' title='bbox 3474 2751 3818 2821; x_wconf 79' lang='grc' dir='ltr'>μεθιστάμεο</span> 
     </span>
    </p>
   </div>
   <div class='ocr_carea' id='block_1_60' title="bbox 2241 2834 3822 2911">
    <p class='ocr_par' dir='ltr' id='par_1_60' title="bbox 2241 2834 3822 2911">
     <span class='ocr_line' id='line_1_60' title="bbox 2241 2834 3822 2911; baseline 0.007 -23"><span class='ocrx_word' id='word_1_398' title='bbox 2241 2852 2353 2900; x_wconf 92' lang='grc' dir='ltr'>νον,</span> <span class='ocrx_word' id='word_1_399' title='bbox 2386 2834 2485 2889; x_wconf 74' lang='grc' dir='ltr'><strong>καὶ</strong></span> <span class='ocrx_word' id='word_1_400' title='bbox 2514 2837 2689 2906; x_wconf 84' lang='grc' dir='ltr'>πέρας</span> <span class='ocrx_word' id='word_1_401' title='bbox 2718 2835 2812 2889; x_wconf 90' lang='grc' dir='ltr'><strong>τοῦ</strong></span> <span class='ocrx_word' id='word_1_402' title='bbox 2837 2837 3162 2908; x_wconf 82' lang='grc' dir='ltr'>μυστηρίου,</span> <span class='ocrx_word' id='word_1_403' title='bbox 3196 2843 3261 2911; x_wconf 78' lang='grc' dir='ltr'>τῇ</span> <span class='ocrx_word' id='word_1_404' title='bbox 3287 2840 3422 2911; x_wconf 81' lang='grc' dir='ltr'>πρὸς</span> <span class='ocrx_word' id='word_1_405' title='bbox 3448 2842 3581 2897; x_wconf 77' lang='grc' dir='ltr'>Θεὸν</span> <span class='ocrx_word' id='word_1_406' title='bbox 3630 2844 3822 2899; x_wconf 85' lang='grc' dir='ltr'>νεύσει</span> 
     </span>
    </p>
   </div>
   <div class='ocr_carea' id='block_1_61' title="bbox 2243 2925 3822 3007">
    <p class='ocr_par' dir='ltr' id='par_1_61' title="bbox 2243 2925 3822 3007">
     <span class='ocr_line' id='line_1_61' title="bbox 2243 2925 3822 3007; baseline 0.008 -28"><span class='ocrx_word' id='word_1_407' title='bbox 2243 2925 2560 2996; x_wconf 84' lang='grc' dir='ltr'>θεούμενον.</span> <span class='ocrx_word' id='word_1_408' title='bbox 2618 2929 2714 2991; x_wconf 79' lang='grc' dir='ltr'>Εἰς</span> <span class='ocrx_word' id='word_1_409' title='bbox 2745 2928 2908 2981; x_wconf 87' lang='grc' dir='ltr'>τοῦτο</span> <span class='ocrx_word' id='word_1_410' title='bbox 2942 2930 3052 3000; x_wconf 82' lang='grc' dir='ltr'><strong>γὰρ</strong></span> <span class='ocrx_word' id='word_1_411' title='bbox 3104 2931 3227 2999; x_wconf 77' lang='grc' dir='ltr'>ἐμοὶ</span> <span class='ocrx_word' id='word_1_412' title='bbox 3268 2932 3427 3003; x_wconf 80' lang='grc' dir='ltr'>φέρει</span> <span class='ocrx_word' id='word_1_413' title='bbox 3480 2937 3542 2988; x_wconf 85' lang='grc' dir='ltr'>τὸ</span> <span class='ocrx_word' id='word_1_414' title='bbox 3593 2937 3822 3007; x_wconf 85' lang='grc' dir='ltr'>μέτριον</span> 
     </span>
    </p>
   </div>
   <div class='ocr_carea' id='block_1_62' title="bbox 2243 3019 3823 3098">
    <p class='ocr_par' dir='ltr' id='par_1_62' title="bbox 2243 3019 3823 3098">
     <span class='ocr_line' id='line_1_62' title="bbox 2243 3019 3823 3098; baseline 0.008 -27"><span class='ocrx_word' id='word_1_415' title='bbox 2243 3019 2479 3073; x_wconf 77' lang='grc' dir='ltr'>ἐνταῦθα</span> <span class='ocrx_word' id='word_1_416' title='bbox 2529 3020 2732 3088; x_wconf 78' lang='grc' dir='ltr'>φέγγος</span> <span class='ocrx_word' id='word_1_417' title='bbox 2788 3021 2889 3090; x_wconf 82' lang='grc' dir='ltr'>τῆς</span> <span class='ocrx_word' id='word_1_418' title='bbox 2938 3021 3220 3091; x_wconf 85' lang='grc' dir='ltr'>ἀληθείας,</span> <span class='ocrx_word' id='word_1_419' title='bbox 3264 3024 3623 3098; x_wconf 84' lang='grc' dir='ltr'>λαμπρότητα</span> <span class='ocrx_word' id='word_1_420' title='bbox 3675 3029 3823 3082; x_wconf 84' lang='grc' dir='ltr'>Θεοῦ</span> 
     </span>
    </p>
   </div>
   <div class='ocr_carea' id='block_1_63' title="bbox 552 3110 2137 3192">
    <p class='ocr_par' dir='ltr' id='par_1_63' title="bbox 552 3110 2134 3181">
     <span class='ocr_line' id='line_1_63' title="bbox 552 3110 2134 3181; baseline -0.003 -14"><span class='ocrx_word' id='word_1_421' title='bbox 552 3114 753 3167; x_wconf 87' lang='lat' dir='ltr'><strong>animal</strong></span> <span class='ocrx_word' id='word_1_422' title='bbox 787 3112 876 3165; x_wconf 73' lang='lat' dir='ltr'><strong>llic</strong></span> <span class='ocrx_word' id='word_1_423' title='bbox 901 3111 1245 3175; x_wconf 88' lang='lat' dir='ltr'><strong>collocatum,</strong></span> <span class='ocrx_word' id='word_1_424' title='bbox 1280 3119 1340 3165; x_wconf 89' lang='lat' dir='ltr'><strong>ut</strong></span> <span class='ocrx_word' id='word_1_425' title='bbox 1368 3110 1474 3165; x_wconf 90' lang='lat' dir='ltr'><strong>alio</strong></span> <span class='ocrx_word' id='word_1_426' title='bbox 1503 3110 1719 3181; x_wconf 86' lang='lat' dir='ltr'><strong>migret,</strong></span> <span class='ocrx_word' id='word_1_427' title='bbox 1753 3119 1805 3164; x_wconf 89' lang='lat' dir='ltr'><strong>et</strong></span> <span class='ocrx_word' id='word_1_428' title='bbox 1850 3126 1969 3180; x_wconf 62' lang='lat' dir='ltr'><strong>quae</strong></span> <span class='ocrx_word' id='word_1_429' title='bbox 2018 3126 2134 3181; x_wconf 84' lang='lat' dir='ltr'><strong>my-</strong></span> 
     </span>
    </p>
   </div>
   <div class='ocr_carea' id='block_1_64' title="bbox 2243 3110 3824 3192">
    <p class='ocr_par' dir='ltr' id='par_1_64' title="bbox 2243 3111 3824 3192">
     <span class='ocr_line' id='line_1_64' title="bbox 2243 3111 3824 3192; baseline 0.008 -28"><span class='ocrx_word' id='word_1_430' title='bbox 2243 3111 2333 3165; x_wconf 78' lang='grc' dir='ltr'>καὶ</span> <span class='ocrx_word' id='word_1_431' title='bbox 2367 3111 2493 3165; x_wconf 84' lang='grc' dir='ltr'>ἰδεῖν</span> <span class='ocrx_word' id='word_1_432' title='bbox 2526 3113 2622 3165; x_wconf 75' lang='grc' dir='ltr'>καὶ</span> <span class='ocrx_word' id='word_1_433' title='bbox 2664 3112 2880 3176; x_wconf 84' lang='grc' dir='ltr'>παθεῖν,</span> <span class='ocrx_word' id='word_1_434' title='bbox 2945 3113 3103 3177; x_wconf 80' lang='grc' dir='ltr'>ἀξίαν</span> <span class='ocrx_word' id='word_1_435' title='bbox 3155 3115 3251 3169; x_wconf 86' lang='grc' dir='ltr'><strong>τοῦ</strong></span> <span class='ocrx_word' id='word_1_436' title='bbox 3310 3117 3407 3171; x_wconf 75' lang='grc' dir='ltr'>καὶ</span> <span class='ocrx_word' id='word_1_437' title='bbox 3454 3119 3824 3192; x_wconf 83' lang='grc' dir='ltr'>συνδήσαντος</span> 
     </span>
    </p>
   </div>
   <div class='ocr_carea' id='block_1_65' title="bbox 550 3202 2133 3270">
    <p class='ocr_par' dir='ltr' id='par_1_65' title="bbox 550 3202 2133 3270">
     <span class='ocr_line' id='line_1_65' title="bbox 550 3202 2133 3270; baseline -0.002 -10"><span class='ocrx_word' id='word_1_438' title='bbox 550 3205 702 3260; x_wconf 87' lang='lat' dir='ltr'><strong>sterii</strong></span> <span class='ocrx_word' id='word_1_439' title='bbox 736 3216 817 3259; x_wconf 88' lang='lat' dir='ltr'><strong>est</strong></span> <span class='ocrx_word' id='word_1_440' title='bbox 840 3219 1073 3270; x_wconf 86' lang='lat' dir='ltr'><strong>summa,</strong></span> <span class='ocrx_word' id='word_1_441' title='bbox 1094 3212 1154 3257; x_wconf 89' lang='lat' dir='ltr'><strong>ut</strong></span> <span class='ocrx_word' id='word_1_442' title='bbox 1174 3203 1265 3256; x_wconf 85' lang='lat' dir='ltr'><strong>Dei</strong></span> <span class='ocrx_word' id='word_1_443' title='bbox 1291 3202 1595 3256; x_wconf 89' lang='lat' dir='ltr'><strong>imitatione</strong></span> <span class='ocrx_word' id='word_1_444' title='bbox 1641 3203 1836 3257; x_wconf 82' lang='lat' dir='ltr'><strong>evadat</strong></span> <span class='ocrx_word' id='word_1_445' title='bbox 1860 3203 1913 3256; x_wconf 90' lang='lat' dir='ltr'><strong>in</strong></span> <span class='ocrx_word' id='word_1_446' title='bbox 1941 3202 2133 3257; x_wconf 90' lang='lat' dir='ltr'><strong>Deum.</strong></span> 
     </span>
    </p>
   </div>
   <div class='ocr_carea' id='block_1_66' title="bbox 548 3291 2140 3349">
    <p class='ocr_par' dir='ltr' id='par_1_66' title="bbox 548 3291 2140 3349">
     <span class='ocr_line' id='line_1_66' title="bbox 548 3291 2140 3349; baseline 0.001 -4"><span class='ocrx_word' id='word_1_447' title='bbox 548 3294 760 3349; x_wconf 86' lang='lat' dir='ltr'><strong>Idcirco</strong></span> <span class='ocrx_word' id='word_1_448' title='bbox 821 3294 965 3348; x_wconf 89' lang='lat' dir='ltr'><strong>enim</strong></span> <span class='ocrx_word' id='word_1_449' title='bbox 1012 3292 1300 3346; x_wconf 83' lang='lat' dir='ltr'><strong>mediocris</strong></span> <span class='ocrx_word' id='word_1_450' title='bbox 1356 3292 1472 3345; x_wconf 67' lang='lat' dir='ltr'><strong>haec</strong></span> <span class='ocrx_word' id='word_1_451' title='bbox 1524 3291 1686 3345; x_wconf 90' lang='lat' dir='ltr'><strong>nobis</strong></span> <span class='ocrx_word' id='word_1_452' title='bbox 1736 3291 1828 3345; x_wconf 81' lang='lat' dir='ltr'><strong>lux</strong></span> <span class='ocrx_word' id='word_1_453' title='bbox 1877 3306 2140 3348; x_wconf 86' lang='lat' dir='ltr'><strong>concessa</strong></span> 
     </span>
    </p>
   </div>
   <div class='ocr_carea' id='block_1_67' title="bbox 2243 3203 3833 3283">
    <p class='ocr_par' dir='ltr' id='par_1_67' title="bbox 2243 3203 3833 3283">
     <span class='ocr_line' id='line_1_67' title="bbox 2243 3203 3833 3283; baseline 0.008 -27"><span class='ocrx_word' id='word_1_454' title='bbox 2243 3206 2338 3258; x_wconf 74' lang='grc' dir='ltr'>καὶ</span> <span class='ocrx_word' id='word_1_455' title='bbox 2411 3204 2703 3272; x_wconf 85' lang='grc' dir='ltr'>λύσοντος,</span> <span class='ocrx_word' id='word_1_456' title='bbox 2771 3207 2867 3260; x_wconf 81' lang='grc' dir='ltr'>καὶ</span> <span class='ocrx_word' id='word_1_457' title='bbox 2944 3203 3102 3272; x_wconf 80' lang='grc' dir='ltr'>αὖθις</span> <span class='ocrx_word' id='word_1_458' title='bbox 3193 3209 3546 3282; x_wconf 81' lang='grc' dir='ltr'>συνδήσοντος</span> <span class='ocrx_word' id='word_1_459' title='bbox 3617 3212 3833 3283; x_wconf 69' lang='grc' dir='ltr'>ὑψηλόν-</span> 
     </span>
    </p>
   </div>
   <div class='ocr_carea' id='block_1_68' title="bbox 2249 3313 2431 3367">
    <p class='ocr_par' dir='ltr' id='par_1_68' title="bbox 2249 3313 2431 3367">
     <span class='ocr_line' id='line_1_68' title="bbox 2249 3313 2431 3367; baseline 0.005 -19"><span class='ocrx_word' id='word_1_460' title='bbox 2249 3313 2431 3367; x_wconf 89' lang='grc' dir='ltr'>τερον.</span> 
     </span>
    </p>
   </div>
   <div class='ocr_carea' id='block_1_69' title="bbox 549 3384 3829 3469">
    <p class='ocr_par' dir='ltr' id='par_1_69' title="bbox 549 3384 3829 3469">
     <span class='ocr_line' id='line_1_69' title="bbox 549 3384 3829 3469; baseline 0.004 -29"><span class='ocrx_word' id='word_1_461' title='bbox 549 3395 653 3450; x_wconf 87' lang='lat' dir='ltr'><strong>est,</strong></span> <span class='ocrx_word' id='word_1_462' title='bbox 715 3396 774 3440; x_wconf 91' lang='lat' dir='ltr'><strong>ut</strong></span> <span class='ocrx_word' id='word_1_463' title='bbox 823 3401 885 3440; x_wconf 90' lang='lat' dir='ltr'><strong>ea</strong></span> <span class='ocrx_word' id='word_1_464' title='bbox 940 3385 1078 3440; x_wconf 89' lang='lat' dir='ltr'><strong>duce</strong></span> <span class='ocrx_word' id='word_1_465' title='bbox 1145 3384 1487 3454; x_wconf 88' lang='lat' dir='ltr'><strong>splendorem</strong></span> <span class='ocrx_word' id='word_1_466' title='bbox 1552 3385 1701 3438; x_wconf 90' lang='lat' dir='ltr'><strong>illum</strong></span> <span class='ocrx_word' id='word_1_467' title='bbox 1751 3400 2164 3454; x_wconf 73' lang='lat' dir='ltr'><strong>,assequamur,</strong></span> <span class='ocrx_word' id='word_1_468' title='bbox 2208 3403 2317 3457; x_wconf 91' lang='lat' dir='ltr'><strong>quo</strong></span> <span class='ocrx_word' id='word_1_469' title='bbox 2379 3389 2525 3460; x_wconf 84' lang='lat' dir='ltr'><strong>digni</strong></span> <span class='ocrx_word' id='word_1_470' title='bbox 2608 3393 2801 3459; x_wconf 87' lang='lat' dir='ltr'><strong>simus,</strong></span> <span class='ocrx_word' id='word_1_471' title='bbox 2869 3393 2959 3463; x_wconf 90' lang='lat' dir='ltr'><strong>qui</strong></span> <span class='ocrx_word' id='word_1_472' title='bbox 3017 3394 3296 3450; x_wconf 73' lang='lat' dir='ltr'><strong>rideamus</strong></span> <span class='ocrx_word' id='word_1_473' title='bbox 3349 3396 3829 3469; x_wconf 72' lang='lat' dir='ltr'><strong>suscipiamusque</strong></span> 
     </span>
    </p>
   </div>
   <div class='ocr_carea' id='block_1_70' title="bbox 553 3478 2895 3552">
    <p class='ocr_par' dir='ltr' id='par_1_70' title="bbox 553 3478 2895 3552">
     <span class='ocr_line' id='line_1_70' title="bbox 553 3478 2895 3552; baseline 0.004 -20"><span class='ocrx_word' id='word_1_474' title='bbox 553 3480 747 3545; x_wconf 86' lang='lat' dir='ltr'><strong>Deum,</strong></span> <span class='ocrx_word' id='word_1_475' title='bbox 781 3478 874 3549; x_wconf 92' lang='lat' dir='ltr'><strong>qui</strong></span> <span class='ocrx_word' id='word_1_476' title='bbox 922 3493 1021 3533; x_wconf 92' lang='lat' dir='ltr'><strong>nos</strong></span> <span class='ocrx_word' id='word_1_477' title='bbox 1072 3486 1126 3531; x_wconf 88' lang='lat' dir='ltr'><strong>et</strong></span> <span class='ocrx_word' id='word_1_478' title='bbox 1170 3478 1463 3546; x_wconf 88' lang='lat' dir='ltr'><strong>compegit,</strong></span> <span class='ocrx_word' id='word_1_479' title='bbox 1513 3486 1567 3532; x_wconf 91' lang='lat' dir='ltr'><strong>et</strong></span> <span class='ocrx_word' id='word_1_480' title='bbox 1614 3479 1808 3543; x_wconf 83' lang='lat' dir='ltr'><strong>solvet,</strong></span> <span class='ocrx_word' id='word_1_481' title='bbox 1864 3490 1919 3533; x_wconf 86' lang='lat' dir='ltr'><strong>et</strong></span> <span class='ocrx_word' id='word_1_482' title='bbox 1970 3482 2141 3536; x_wconf 91' lang='lat' dir='ltr'><strong>multo</strong></span> <span class='ocrx_word' id='word_1_483' title='bbox 2176 3482 2604 3552; x_wconf 72' lang='lat' dir='ltr'><strong>magniﬁcentius</strong></span> <span class='ocrx_word' id='word_1_484' title='bbox 2644 3487 2895 3543; x_wconf 86' lang='lat' dir='ltr'><strong>restituit.</strong></span> 
     </span>
    </p>
   </div>
   <div class='ocr_carea' id='block_1_71' title="bbox 887 3570 1817 3626">
    <p class='ocr_par' dir='ltr' id='par_1_71' title="bbox 887 3570 1817 3626">
     <span class='ocr_line' id='line_1_71' title="bbox 887 3570 1817 3626; baseline 0.001 -1"><span class='ocrx_word' id='word_1_485' title='bbox 887 3570 969 3625; x_wconf 75' lang='lat' dir='ltr'><strong>Ex</strong></span> <span class='ocrx_word' id='word_1_486' title='bbox 999 3571 1239 3624; x_wconf 79' lang='lat' dir='ltr'><strong>oratione</strong></span> <span class='ocrx_word' id='word_1_487' title='bbox 1270 3572 1325 3624; x_wconf 78' lang='lat' dir='ltr'><strong>in</strong></span> <span class='ocrx_word' id='word_1_488' title='bbox 1360 3570 1531 3626; x_wconf 87' lang='lat' dir='ltr'><strong>Sacra</strong></span> <span class='ocrx_word' id='word_1_489' title='bbox 1566 3572 1817 3626; x_wconf 83' lang='lat' dir='ltr'><strong>Lumina.</strong></span> 
     </span>
    </p>
   </div>
   <div class='ocr_carea' id='block_1_72' title="bbox 624 3663 2146 3733">
    <p class='ocr_par' dir='ltr' id='par_1_72' title="bbox 624 3663 2146 3733">
     <span class='ocr_line' id='line_1_72' title="bbox 624 3663 2146 3733; baseline 0.001 -14"><span class='ocrx_word' id='word_1_490' title='bbox 624 3663 827 3719; x_wconf 78' lang='lat' dir='ltr'><strong>Verum</strong></span> <span class='ocrx_word' id='word_1_491' title='bbox 858 3663 985 3733; x_wconf 85' lang='lat' dir='ltr'><strong>quia</strong></span> <span class='ocrx_word' id='word_1_492' title='bbox 1015 3664 1302 3733; x_wconf 87' lang='lat' dir='ltr'><strong>oportebat</strong></span> <span class='ocrx_word' id='word_1_493' title='bbox 1328 3678 1438 3717; x_wconf 90' lang='lat' dir='ltr'><strong>non</strong></span> <span class='ocrx_word' id='word_1_494' title='bbox 1472 3664 1647 3718; x_wconf 88' lang='lat' dir='ltr'><strong>solum</strong></span> <span class='ocrx_word' id='word_1_495' title='bbox 1693 3665 1748 3719; x_wconf 91' lang='lat' dir='ltr'><strong>in</strong></span> <span class='ocrx_word' id='word_1_496' title='bbox 1788 3666 1941 3721; x_wconf 81' lang='lat' dir='ltr'><strong>caelis</strong></span> <span class='ocrx_word' id='word_1_497' title='bbox 1977 3667 2146 3722; x_wconf 76' lang='lat' dir='ltr'><strong>Deum</strong></span> 
     </span>
    </p>
   </div>
   <div class='ocr_carea' id='block_1_73' title="bbox 550 3754 2149 3831">
    <p class='ocr_par' dir='ltr' id='par_1_73' title="bbox 550 3754 2149 3831">
     <span class='ocr_line' id='line_1_73' title="bbox 550 3754 2149 3831; baseline 0.001 -20"><span class='ocrx_word' id='word_1_498' title='bbox 550 3757 653 3812; x_wconf 91' lang='lat' dir='ltr'><strong>coli</strong></span> <span class='ocrx_word' id='word_1_499' title='bbox 696 3765 749 3810; x_wconf 90' lang='lat' dir='ltr'><strong>et</strong></span> <span class='ocrx_word' id='word_1_500' title='bbox 811 3754 1048 3820; x_wconf 84' lang='lat' dir='ltr'><strong>adorari,</strong></span> <span class='ocrx_word' id='word_1_501' title='bbox 1084 3755 1179 3810; x_wconf 89' lang='lat' dir='ltr'><strong>sed</strong></span> <span class='ocrx_word' id='word_1_502' title='bbox 1249 3754 1462 3825; x_wconf 91' lang='lat' dir='ltr'><strong>aliquos</strong></span> <span class='ocrx_word' id='word_1_503' title='bbox 1498 3756 1658 3810; x_wconf 89' lang='lat' dir='ltr'><strong>etiam</strong></span> <span class='ocrx_word' id='word_1_504' title='bbox 1700 3757 1775 3831; x_wconf 80' lang='lat' dir='ltr'><strong>in</strong></span> <span class='ocrx_word' id='word_1_505' title='bbox 1829 3758 1984 3812; x_wconf 86' lang='lat' dir='ltr'><strong>terris</strong></span> <span class='ocrx_word' id='word_1_506' title='bbox 2028 3767 2149 3813; x_wconf 83' lang='lat' dir='ltr'><strong>esse</strong></span> 
     </span>
    </p>
   </div>
   <div class='ocr_carea' id='block_1_74' title="bbox 552 3848 2147 3919">
    <p class='ocr_par' dir='ltr' id='par_1_74' title="bbox 552 3848 2147 3919">
     <span class='ocr_line' id='line_1_74' title="bbox 552 3848 2147 3919; baseline 0.001 -15"><span class='ocrx_word' id='word_1_507' title='bbox 552 3852 702 3905; x_wconf 90' lang='lat' dir='ltr'><strong>illius</strong></span> <span class='ocrx_word' id='word_1_508' title='bbox 751 3848 986 3903; x_wconf 85' lang='lat' dir='ltr'><strong>cultores</strong></span> <span class='ocrx_word' id='word_1_509' title='bbox 1034 3858 1088 3902; x_wconf 90' lang='lat' dir='ltr'><strong>et</strong></span> <span class='ocrx_word' id='word_1_510' title='bbox 1140 3848 1480 3911; x_wconf 89' lang='lat' dir='ltr'><strong>adoratores,</strong></span> <span class='ocrx_word' id='word_1_511' title='bbox 1538 3855 1597 3903; x_wconf 89' lang='lat' dir='ltr'><strong>ut</strong></span> <span class='ocrx_word' id='word_1_512' title='bbox 1643 3848 1919 3919; x_wconf 81' lang='lat' dir='ltr'><strong>(quoniam</strong></span> <span class='ocrx_word' id='word_1_513' title='bbox 1966 3852 2147 3906; x_wconf 88' lang='lat' dir='ltr'><strong>omnia</strong></span> 
     </span>
    </p>
   </div>
   <div class='ocr_carea' id='block_1_75' title="bbox 551 3940 2145 4012">
    <p class='ocr_par' dir='ltr' id='par_1_75' title="bbox 551 3940 2145 4012">
     <span class='ocr_line' id='line_1_75' title="bbox 551 3940 2145 4012; baseline -0.001 -15"><span class='ocrx_word' id='word_1_514' title='bbox 551 3952 680 3997; x_wconf 91' lang='lat' dir='ltr'><strong>sunt</strong></span> <span class='ocrx_word' id='word_1_515' title='bbox 738 3941 845 3996; x_wconf 87' lang='lat' dir='ltr'><strong>Deo</strong></span> <span class='ocrx_word' id='word_1_516' title='bbox 897 3940 1078 4009; x_wconf 84' lang='lat' dir='ltr'><strong>plena)</strong></span> <span class='ocrx_word' id='word_1_517' title='bbox 1130 3941 1313 3995; x_wconf 90' lang='lat' dir='ltr'><strong>omnia</strong></span> <span class='ocrx_word' id='word_1_518' title='bbox 1372 3940 1463 3994; x_wconf 89' lang='lat' dir='ltr'><strong>Dei</strong></span> <span class='ocrx_word' id='word_1_519' title='bbox 1498 3940 1668 4011; x_wconf 88' lang='lat' dir='ltr'><strong>gloria</strong></span> <span class='ocrx_word' id='word_1_520' title='bbox 1717 3942 2145 4012; x_wconf 87' lang='lat' dir='ltr'><strong>complerentur,</strong></span> 
     </span>
    </p>
   </div>
   <div class='ocr_carea' id='block_1_76' title="bbox 555 4030 2147 4105">
    <p class='ocr_par' dir='ltr' id='par_1_76' title="bbox 555 4030 2147 4105">
     <span class='ocr_line' id='line_1_76' title="bbox 555 4030 2147 4105; baseline 0.001 -18"><span class='ocrx_word' id='word_1_521' title='bbox 555 4031 684 4088; x_wconf 89' lang='lat' dir='ltr'><strong>ideo</strong></span> <span class='ocrx_word' id='word_1_522' title='bbox 719 4046 885 4087; x_wconf 85' lang='lat' dir='ltr'><strong>manu</strong></span> <span class='ocrx_word' id='word_1_523' title='bbox 920 4031 1015 4085; x_wconf 91' lang='lat' dir='ltr'><strong>Dei</strong></span> <span class='ocrx_word' id='word_1_524' title='bbox 1051 4030 1308 4087; x_wconf 89' lang='lat' dir='ltr'><strong>conditus</strong></span> <span class='ocrx_word' id='word_1_525' title='bbox 1333 4040 1420 4087; x_wconf 89' lang='lat' dir='ltr'><strong>est</strong></span> <span class='ocrx_word' id='word_1_526' title='bbox 1459 4032 1641 4100; x_wconf 85' lang='lat' dir='ltr'><strong>homo,</strong></span> <span class='ocrx_word' id='word_1_527' title='bbox 1688 4041 1744 4087; x_wconf 89' lang='lat' dir='ltr'><strong>et</strong></span> <span class='ocrx_word' id='word_1_528' title='bbox 1770 4033 1888 4101; x_wconf 87' lang='lat' dir='ltr'><strong>ejus</strong></span> <span class='ocrx_word' id='word_1_529' title='bbox 1914 4032 2147 4105; x_wconf 86' lang='lat' dir='ltr'><strong>imagine</strong></span> 
     </span>
    </p>
   </div>
   <div class='ocr_carea' id='block_1_77' title="bbox 554 4127 866 4182">
    <p class='ocr_par' dir='ltr' id='par_1_77' title="bbox 554 4127 866 4182">
     <span class='ocr_line' id='line_1_77' title="bbox 554 4127 866 4182; baseline -0.006 -1"><span class='ocrx_word' id='word_1_530' title='bbox 554 4127 866 4182; x_wconf 87' lang='lat' dir='ltr'><strong>decoratus.</strong></span> 
     </span>
    </p>
   </div>
   <div class='ocr_carea' id='block_1_78' title="bbox 768 4205 1943 4274">
    <p class='ocr_par' dir='ltr' id='par_1_78' title="bbox 768 4205 1943 4274">
     <span class='ocr_line' id='line_1_78' title="bbox 768 4205 1943 4274; baseline 0.003 -3"><span class='ocrx_word' id='word_1_531' title='bbox 768 4217 852 4271; x_wconf 81' lang='lat' dir='ltr'><strong>Ea:</strong></span> <span class='ocrx_word' id='word_1_532' title='bbox 886 4220 1128 4272; x_wconf 77' lang='lat' dir='ltr'><strong>oratione</strong></span> <span class='ocrx_word' id='word_1_533' title='bbox 1167 4220 1223 4272; x_wconf 82' lang='lat' dir='ltr'><strong>in</strong></span> <span class='ocrx_word' id='word_1_534' title='bbox 1254 4219 1391 4272; x_wconf 73' lang='lat' dir='ltr'><strong>diem</strong></span> <span class='ocrx_word' id='word_1_535' title='bbox 1424 4218 1673 4273; x_wconf 83' lang='lat' dir='ltr'><strong>Natalem</strong></span> <span class='ocrx_word' id='word_1_536' title='bbox 1704 4205 1943 4274; x_wconf 39' lang='lat' dir='ltr'><strong>Christi.-</strong></span> 
     </span>
    </p>
   </div>
   <div class='ocr_carea' id='block_1_79' title="bbox 625 4372 2139 4444">
    <p class='ocr_par' dir='ltr' id='par_1_79' title="bbox 625 4372 2139 4444">
     <span class='ocr_line' id='line_1_79' title="bbox 625 4372 2139 4444; baseline 0.003 -18"><span class='ocrx_word' id='word_1_537' title='bbox 625 4376 786 4429; x_wconf 80' lang='lat' dir='ltr'><strong>Hunc</strong></span> <span class='ocrx_word' id='word_1_538' title='bbox 819 4373 876 4427; x_wconf 87' lang='lat' dir='ltr'><strong>in</strong></span> <span class='ocrx_word' id='word_1_539' title='bbox 908 4372 1159 4442; x_wconf 87' lang='lat' dir='ltr'><strong>paradiso</strong></span> <span class='ocrx_word' id='word_1_540' title='bbox 1207 4373 1491 4428; x_wconf 83' lang='lat' dir='ltr'><strong>collocavit</strong></span> <span class='ocrx_word' id='word_1_541' title='bbox 1523 4373 1937 4444; x_wconf 85' lang='lat' dir='ltr'><strong>(qualiscunque</strong></span> <span class='ocrx_word' id='word_1_542' title='bbox 1972 4375 2139 4432; x_wconf 81' lang='lat' dir='ltr'><strong>fuerit</strong></span> 
     </span>
    </p>
   </div>
   <div class='ocr_carea' id='block_1_80' title="bbox 2512 3579 3607 3659">
    <p class='ocr_par' dir='ltr' id='par_1_80' title="bbox 2512 3579 3607 3659">
     <span class='ocr_line' id='line_1_80' title="bbox 2512 3579 3607 3659; baseline 0.01 -26"><span class='ocrx_word' id='word_1_543' title='bbox 2512 3579 2613 3634; x_wconf 82' lang='grc' dir='ltr'>Ἕκ</span> <span class='ocrx_word' id='word_1_544' title='bbox 2655 3580 2763 3635; x_wconf 80' lang='grc' dir='ltr'><strong>τοῦ</strong></span> <span class='ocrx_word' id='word_1_545' title='bbox 2799 3583 2886 3648; x_wconf 84' lang='grc' dir='ltr'><strong>εις</strong></span> <span class='ocrx_word' id='word_1_546' title='bbox 2906 3582 2977 3636; x_wconf 81' lang='grc' dir='ltr'>τὰ</span> <span class='ocrx_word' id='word_1_547' title='bbox 3001 3584 3172 3655; x_wconf 75' lang='grc' dir='ltr'>Ἅγια</span> <span class='ocrx_word' id='word_1_548' title='bbox 3202 3586 3365 3641; x_wconf 57' lang='lat' dir='ltr'><strong>didita</strong></span> <span class='ocrx_word' id='word_1_549' title='bbox 3400 3588 3607 3659; x_wconf 70' lang='grc' dir='ltr'>λόγου.</span> 
     </span>
    </p>
   </div>
   <div class='ocr_carea' id='block_1_81' title="bbox 2333 3670 3831 3752">
    <p class='ocr_par' dir='ltr' id='par_1_81' title="bbox 2333 3670 3831 3752">
     <span class='ocr_line' id='line_1_81' title="bbox 2333 3670 3831 3752; baseline 0.009 -28"><span class='ocrx_word' id='word_1_550' title='bbox 2333 3670 2488 3724; x_wconf 77' lang='grc' dir='ltr'>Ἐπεὶ</span> <span class='ocrx_word' id='word_1_551' title='bbox 2511 3671 2567 3723; x_wconf 79' lang='grc' dir='ltr'>δὲ</span> <span class='ocrx_word' id='word_1_552' title='bbox 2598 3671 2706 3725; x_wconf 74' lang='grc' dir='ltr'>ἔδει</span> <span class='ocrx_word' id='word_1_553' title='bbox 2742 3673 2817 3743; x_wconf 80' lang='grc' dir='ltr'>μὴ</span> <span class='ocrx_word' id='word_1_554' title='bbox 2843 3676 2957 3738; x_wconf 85' lang='grc' dir='ltr'>τοῖς</span> <span class='ocrx_word' id='word_1_555' title='bbox 2982 3676 3095 3729; x_wconf 80' lang='grc' dir='ltr'><strong>άνω</strong></span> <span class='ocrx_word' id='word_1_556' title='bbox 3130 3678 3291 3747; x_wconf 85' lang='grc' dir='ltr'>μόνον</span> <span class='ocrx_word' id='word_1_557' title='bbox 3317 3679 3417 3749; x_wconf 79' lang='grc' dir='ltr'><strong>τὴν</strong></span> <span class='ocrx_word' id='word_1_558' title='bbox 3445 3681 3831 3752; x_wconf 84' lang='grc' dir='ltr'>προσκύνησιν</span> 
     </span>
    </p>
   </div>
   <div class='ocr_carea' id='block_1_82' title="bbox 2251 3762 3830 3845">
    <p class='ocr_par' dir='ltr' id='par_1_82' title="bbox 2251 3762 3830 3845">
     <span class='ocr_line' id='line_1_82' title="bbox 2251 3762 3830 3845; baseline 0.009 -30"><span class='ocrx_word' id='word_1_559' title='bbox 2251 3762 2716 3834; x_wconf 83' lang='grc' dir='ltr'>περιγράφεσθαι,</span> <span class='ocrx_word' id='word_1_560' title='bbox 2759 3765 2876 3818; x_wconf 83' lang='grc' dir='ltr'>ἀλλ’</span> <span class='ocrx_word' id='word_1_561' title='bbox 2910 3763 3055 3822; x_wconf 84' lang='grc' dir='ltr'>εἷναί</span> <span class='ocrx_word' id='word_1_562' title='bbox 3085 3786 3237 3834; x_wconf 85' lang='grc' dir='ltr'>τινας</span> <span class='ocrx_word' id='word_1_563' title='bbox 3264 3772 3357 3824; x_wconf 77' lang='grc' dir='ltr'><strong>καὶ</strong></span> <span class='ocrx_word' id='word_1_564' title='bbox 3389 3774 3539 3827; x_wconf 85' lang='grc' dir='ltr'>κάτω</span> <span class='ocrx_word' id='word_1_565' title='bbox 3575 3792 3830 3845; x_wconf 80' lang='grc' dir='ltr'>προσκυ-</span> 
     </span>
    </p>
   </div>
   <div class='ocr_carea' id='block_1_83' title="bbox 2249 3854 3829 3933">
    <p class='ocr_par' dir='ltr' id='par_1_83' title="bbox 2249 3854 3829 3933">
     <span class='ocr_line' id='line_1_83' title="bbox 2249 3854 3829 3933; baseline 0.009 -29"><span class='ocrx_word' id='word_1_566' title='bbox 2249 3854 2437 3921; x_wconf 83' lang='grc' dir='ltr'>νητὰς,</span> <span class='ocrx_word' id='word_1_567' title='bbox 2474 3855 2564 3907; x_wconf 76' lang='grc' dir='ltr'>ἵνα</span> <span class='ocrx_word' id='word_1_568' title='bbox 2589 3856 2850 3927; x_wconf 79' lang='grc' dir='ltr'>πληρωθῇ</span> <span class='ocrx_word' id='word_1_569' title='bbox 2891 3858 2960 3911; x_wconf 86' lang='grc' dir='ltr'><strong>τὰ</strong></span> <span class='ocrx_word' id='word_1_570' title='bbox 2991 3861 3170 3913; x_wconf 88' lang='grc' dir='ltr'>πάντα</span> <span class='ocrx_word' id='word_1_571' title='bbox 3199 3860 3356 3933; x_wconf 79' lang='grc' dir='ltr'>δόξης</span> <span class='ocrx_word' id='word_1_572' title='bbox 3391 3863 3549 3929; x_wconf 84' lang='grc' dir='ltr'>Θεοῦ,</span> <span class='ocrx_word' id='word_1_573' title='bbox 3570 3866 3694 3918; x_wconf 73' lang='grc' dir='ltr'>ἐπεὶ</span> <span class='ocrx_word' id='word_1_574' title='bbox 3723 3868 3829 3919; x_wconf 78' lang='grc' dir='ltr'><strong>καὶ</strong></span> 
     </span>
    </p>
   </div>
   <div class='ocr_carea' id='block_1_84' title="bbox 2248 3944 3832 4029">
    <p class='ocr_par' dir='ltr' id='par_1_84' title="bbox 2248 3944 3832 4029">
     <span class='ocr_line' id='line_1_84' title="bbox 2248 3944 3832 4029; baseline 0.008 -32"><span class='ocrx_word' id='word_1_575' title='bbox 2248 3944 2407 4011; x_wconf 84' lang='grc' dir='ltr'>Θεοῦ,</span> <span class='ocrx_word' id='word_1_576' title='bbox 2428 3945 2518 3999; x_wconf 83' lang='grc' dir='ltr'><strong>διὰ</strong></span> <span class='ocrx_word' id='word_1_577' title='bbox 2544 3945 2702 4001; x_wconf 89' lang='grc' dir='ltr'>τοῦτο</span> <span class='ocrx_word' id='word_1_578' title='bbox 2735 3949 2979 4014; x_wconf 82' lang='grc' dir='ltr'>κτίζεται</span> <span class='ocrx_word' id='word_1_579' title='bbox 3002 3952 3293 4023; x_wconf 82' lang='grc' dir='ltr'>ἄνθρωπος</span> <span class='ocrx_word' id='word_1_580' title='bbox 3320 3957 3461 4026; x_wconf 68' lang='grc' dir='ltr'>χειρὶ</span> <span class='ocrx_word' id='word_1_581' title='bbox 3489 3955 3625 4011; x_wconf 86' lang='grc' dir='ltr'>Θεοῦ</span> <span class='ocrx_word' id='word_1_582' title='bbox 3654 3973 3832 4029; x_wconf 81' lang='grc' dir='ltr'>τιμη-</span> 
     </span>
    </p>
   </div>
   <div class='ocr_carea' id='block_1_85' title="bbox 2247 4036 2799 4101">
    <p class='ocr_par' dir='ltr' id='par_1_85' title="bbox 2247 4036 2799 4101">
     <span class='ocr_line' id='line_1_85' title="bbox 2247 4036 2799 4101; baseline 0.007 -11"><span class='ocrx_word' id='word_1_583' title='bbox 2247 4036 2361 4101; x_wconf 71' lang='grc' dir='ltr'>θεὶς</span> <span class='ocrx_word' id='word_1_584' title='bbox 2383 4041 2476 4091; x_wconf 79' lang='grc' dir='ltr'>καὶ</span> <span class='ocrx_word' id='word_1_585' title='bbox 2506 4039 2690 4095; x_wconf 74' lang='grc' dir='ltr'>εἰκόνι.</span> <span class='ocrx_word' id='word_1_586' title='bbox 2793 4075 2799 4081; x_wconf 71' lang='grc' dir='ltr'><strong><em>ο</em></strong></span> 
     </span>
    </p>
   </div>
   <div class='ocr_carea' id='block_1_86' title="bbox 2256 4220 3837 4308">
    <p class='ocr_par' dir='ltr' id='par_1_86' title="bbox 2256 4220 3837 4308">
     <span class='ocr_line' id='line_1_86' title="bbox 2256 4220 3837 4308; baseline 0.013 -36"><span class='ocrx_word' id='word_1_587' title='bbox 2256 4221 2350 4273; x_wconf 83' lang='grc' dir='ltr'>Ἐκ</span> <span class='ocrx_word' id='word_1_588' title='bbox 2389 4221 2497 4275; x_wconf 86' lang='grc' dir='ltr'><strong>τοῦ</strong></span> <span class='ocrx_word' id='word_1_589' title='bbox 2534 4222 2726 4287; x_wconf 73' lang='grc' dir='ltr'>λόγου</span> <span class='ocrx_word' id='word_1_590' title='bbox 2765 4220 2873 4274; x_wconf 84' lang='grc' dir='ltr'><strong>τοῦ</strong></span> <span class='ocrx_word' id='word_1_591' title='bbox 2926 4225 3012 4291; x_wconf 84' lang='grc' dir='ltr'><strong>είς</strong></span> <span class='ocrx_word' id='word_1_592' title='bbox 3060 4228 3135 4308; x_wconf 56' lang='grc' dir='ltr'>τὰ</span> <span class='ocrx_word' id='word_1_593' title='bbox 3188 4230 3467 4299; x_wconf 75' lang='grc' dir='ltr'>γενέθλια</span> <span class='ocrx_word' id='word_1_594' title='bbox 3522 4235 3630 4290; x_wconf 85' lang='grc' dir='ltr'><strong>τοῦ</strong></span> <span class='ocrx_word' id='word_1_595' title='bbox 3692 4239 3837 4308; x_wconf 83' lang='grc' dir='ltr'>Χρι-</span> 
     </span>
    </p>
   </div>
   <div class='ocr_carea' id='block_1_87' title="bbox 2945 4311 3124 4352">
    <p class='ocr_par' dir='ltr' id='par_1_87' title="bbox 2945 4311 3124 4352">
     <span class='ocr_line' id='line_1_87' title="bbox 2945 4311 3124 4352; baseline 0.028 -5"><span class='ocrx_word' id='word_1_596' title='bbox 2945 4311 3124 4352; x_wconf 87' lang='grc' dir='ltr'>στου.</span> 
     </span>
    </p>
   </div>
   <div class='ocr_carea' id='block_1_88' title="bbox 2315 4382 3836 4465">
    <p class='ocr_par' dir='ltr' id='par_1_88' title="bbox 2315 4382 3836 4465">
     <span class='ocr_line' id='line_1_88' title="bbox 2315 4382 3836 4465; baseline 0.012 -31"><span class='ocrx_word' id='word_1_597' title='bbox 2315 4382 2517 4438; x_wconf 87' lang='grc' dir='ltr'>Τοῦτον</span> <span class='ocrx_word' id='word_1_598' title='bbox 2556 4386 2706 4441; x_wconf 79' lang='grc' dir='ltr'>ἔθετο</span> <span class='ocrx_word' id='word_1_599' title='bbox 2738 4389 2838 4459; x_wconf 81' lang='grc' dir='ltr'>μὲν</span> <span class='ocrx_word' id='word_1_600' title='bbox 2868 4392 2925 4445; x_wconf 83' lang='grc' dir='ltr'><strong>έν</strong></span> <span class='ocrx_word' id='word_1_601' title='bbox 2964 4392 3041 4462; x_wconf 85' lang='grc' dir='ltr'>τῷ</span> <span class='ocrx_word' id='word_1_602' title='bbox 3106 4393 3447 4465; x_wconf 83' lang='grc' dir='ltr'>παραδείσῳ,</span> <span class='ocrx_word' id='word_1_603' title='bbox 3485 4396 3636 4461; x_wconf 82' lang='grc' dir='ltr'>ὅστις</span> <span class='ocrx_word' id='word_1_604' title='bbox 3694 4400 3836 4453; x_wconf 83' lang='grc' dir='ltr'>ποτὲ</span> 
     </span>
    </p>
   </div>
   <div class='ocr_carea' id='block_1_89' title="bbox 558 4462 2137 4559">
    <p class='ocr_par' dir='ltr' id='par_1_89' title="bbox 558 4462 2137 4559">
     <span class='ocr_line' id='line_1_89' title="bbox 558 4462 2137 4559; baseline 0.001 -38"><span class='ocrx_word' id='word_1_605' title='bbox 558 4468 653 4559; x_wconf 68' lang='lat' dir='ltr'><strong>ille</strong></span> <span class='ocrx_word' id='word_1_606' title='bbox 706 4465 1018 4534; x_wconf 86' lang='lat' dir='ltr'><strong>Paradisus)</strong></span> <span class='ocrx_word' id='word_1_607' title='bbox 1080 4476 1135 4522; x_wconf 93' lang='lat' dir='ltr'><strong>et</strong></span> <span class='ocrx_word' id='word_1_608' title='bbox 1180 4466 1411 4522; x_wconf 90' lang='lat' dir='ltr'><strong>liberum</strong></span> <span class='ocrx_word' id='word_1_609' title='bbox 1484 4462 1776 4522; x_wconf 50' lang='lat' dir='ltr'><strong>voluntatis</strong></span> <span class='ocrx_word' id='word_1_610' title='bbox 1856 4468 2137 4523; x_wconf 88' lang='lat' dir='ltr'><strong>arbitrium</strong></span> 
     </span>
    </p>
   </div>
   <div class='ocr_carea' id='block_1_90' title="bbox 2243 4462 3828 4559">
    <p class='ocr_par' dir='ltr' id='par_1_90' title="bbox 2248 4462 3828 4559">
     <span class='ocr_line' id='line_1_90' title="bbox 2248 4462 3828 4559; baseline 0.013 -34"><span class='ocrx_word' id='word_1_611' title='bbox 2248 4466 2315 4542; x_wconf 84' lang='grc' dir='ltr'>ἦν</span> <span class='ocrx_word' id='word_1_612' title='bbox 2346 4476 2373 4527; x_wconf 88' lang='grc' dir='ltr'>ὁ</span> <span class='ocrx_word' id='word_1_613' title='bbox 2402 4477 2729 4545; x_wconf 85' lang='grc' dir='ltr'>παράδεισος</span> <span class='ocrx_word' id='word_1_614' title='bbox 2788 4475 2964 4549; x_wconf 75' lang='grc' dir='ltr'>οὗτος,</span> <span class='ocrx_word' id='word_1_615' title='bbox 2996 4482 3073 4553; x_wconf 84' lang='grc' dir='ltr'><strong>τῷ</strong></span> <span class='ocrx_word' id='word_1_616' title='bbox 3101 4462 3430 4557; x_wconf 68' lang='grc' dir='ltr'>αὐτεξουσίω</span> <span class='ocrx_word' id='word_1_617' title='bbox 3458 4490 3714 4559; x_wconf 79' lang='grc' dir='ltr'>τιμήσας,</span> <span class='ocrx_word' id='word_1_618' title='bbox 3763 4492 3828 4545; x_wconf 81' lang='grc' dir='ltr'><strong>ἵν’</strong></span> 
     </span>
    </p>
   </div>
   <div class='ocr_carea' id='block_1_91' title="bbox 554 4539 2145 4631">
    <p class='ocr_par' dir='ltr' id='par_1_91' title="bbox 554 4539 2145 4631">
     <span class='ocr_line' id='line_1_91' title="bbox 554 4539 2145 4631; baseline 0.001 -18"><span class='ocrx_word' id='word_1_619' title='bbox 554 4539 785 4629; x_wconf 79' lang='lat' dir='ltr'><strong>largitus</strong></span> <span class='ocrx_word' id='word_1_620' title='bbox 814 4568 921 4626; x_wconf 91' lang='lat' dir='ltr'><strong>est,</strong></span> <span class='ocrx_word' id='word_1_621' title='bbox 956 4567 1014 4613; x_wconf 92' lang='lat' dir='ltr'><strong>ut</strong></span> <span class='ocrx_word' id='word_1_622' title='bbox 1048 4559 1251 4614; x_wconf 89' lang='lat' dir='ltr'><strong>bonum</strong></span> <span class='ocrx_word' id='word_1_623' title='bbox 1283 4575 1392 4614; x_wconf 93' lang='lat' dir='ltr'><strong>non</strong></span> <span class='ocrx_word' id='word_1_624' title='bbox 1444 4559 1625 4615; x_wconf 90' lang='lat' dir='ltr'><strong>minus</strong></span> <span class='ocrx_word' id='word_1_625' title='bbox 1669 4561 1843 4628; x_wconf 87' lang='lat' dir='ltr'><strong>ipsius</strong></span> <span class='ocrx_word' id='word_1_626' title='bbox 1897 4559 2145 4631; x_wconf 87' lang='lat' dir='ltr'><strong>eligentis</strong></span> 
     </span>
    </p>
   </div>
   <div class='ocr_carea' id='block_1_92' title="bbox 556 4650 2143 4721">
    <p class='ocr_par' dir='ltr' id='par_1_92' title="bbox 556 4650 2143 4721">
     <span class='ocr_line' id='line_1_92' title="bbox 556 4650 2143 4721; baseline -0.001 -16"><span class='ocrx_word' id='word_1_627' title='bbox 556 4660 723 4715; x_wconf 88' lang='lat' dir='ltr'><strong>esset,</strong></span> <span class='ocrx_word' id='word_1_628' title='bbox 751 4666 912 4721; x_wconf 92' lang='lat' dir='ltr'><strong>quam</strong></span> <span class='ocrx_word' id='word_1_629' title='bbox 964 4651 1214 4720; x_wconf 90' lang='lat' dir='ltr'><strong>ejus,qui</strong></span> <span class='ocrx_word' id='word_1_630' title='bbox 1242 4651 1453 4706; x_wconf 88' lang='lat' dir='ltr'><strong>semina</strong></span> <span class='ocrx_word' id='word_1_631' title='bbox 1496 4650 1796 4705; x_wconf 88' lang='lat' dir='ltr'><strong>tribuisset.</strong></span> <span class='ocrx_word' id='word_1_632' title='bbox 1827 4650 2143 4705; x_wconf 84' lang='lat' dir='ltr'><strong>Plantarum</strong></span> 
     </span>
    </p>
   </div>
   <div class='ocr_carea' id='block_1_93' title="bbox 556 4742 2143 4808">
    <p class='ocr_par' dir='ltr' id='par_1_93' title="bbox 556 4742 2143 4808">
     <span class='ocr_line' id='line_1_93' title="bbox 556 4742 2143 4808; baseline 0.001 -12"><span class='ocrx_word' id='word_1_633' title='bbox 556 4742 947 4797; x_wconf 87' lang='lat' dir='ltr'><strong>immortalium</strong></span> <span class='ocrx_word' id='word_1_634' title='bbox 981 4743 1243 4797; x_wconf 90' lang='lat' dir='ltr'><strong>cultorem</strong></span> <span class='ocrx_word' id='word_1_635' title='bbox 1276 4742 1587 4806; x_wconf 88' lang='lat' dir='ltr'><strong>constituit,</strong></span> <span class='ocrx_word' id='word_1_636' title='bbox 1617 4745 1668 4796; x_wconf 89' lang='lat' dir='ltr'><strong>id</strong></span> <span class='ocrx_word' id='word_1_637' title='bbox 1686 4753 1788 4808; x_wconf 88' lang='lat' dir='ltr'><strong>est,</strong></span> <span class='ocrx_word' id='word_1_638' title='bbox 1810 4743 2143 4807; x_wconf 84' lang='lat' dir='ltr'><strong>divinarum,</strong></span> 
     </span>
    </p>
   </div>
   <div class='ocr_carea' id='block_1_94' title="bbox 556 4832 2149 4905">
    <p class='ocr_par' dir='ltr' id='par_1_94' title="bbox 556 4832 2149 4905">
     <span class='ocr_line' id='line_1_94' title="bbox 556 4832 2149 4905; baseline 0 -17"><span class='ocrx_word' id='word_1_639' title='bbox 556 4843 619 4888; x_wconf 89' lang='lat' dir='ltr'><strong>ut</strong></span> <span class='ocrx_word' id='word_1_640' title='bbox 671 4834 925 4903; x_wconf 88' lang='lat' dir='ltr'><strong>equidem</strong></span> <span class='ocrx_word' id='word_1_641' title='bbox 964 4835 1163 4900; x_wconf 88' lang='lat' dir='ltr'><strong>sentio,</strong></span> <span class='ocrx_word' id='word_1_642' title='bbox 1197 4832 1747 4903; x_wconf 87' lang='lat' dir='ltr'><strong>contemplationum,</strong></span> <span class='ocrx_word' id='word_1_643' title='bbox 1788 4844 1900 4888; x_wconf 89' lang='lat' dir='ltr'><strong>tum</strong></span> <span class='ocrx_word' id='word_1_644' title='bbox 1938 4836 2149 4905; x_wconf 87' lang='lat' dir='ltr'><strong>simpli-</strong></span> 
     </span>
    </p>
   </div>
   <div class='ocr_carea' id='block_1_95' title="bbox 559 4924 2148 4994">
    <p class='ocr_par' dir='ltr' id='par_1_95' title="bbox 559 4924 2148 4994">
     <span class='ocr_line' id='line_1_95' title="bbox 559 4924 2148 4994; baseline 0.002 -17"><span class='ocrx_word' id='word_1_645' title='bbox 559 4925 705 4978; x_wconf 91' lang='lat' dir='ltr'><strong>cium</strong></span> <span class='ocrx_word' id='word_1_646' title='bbox 732 4935 844 4978; x_wconf 90' lang='lat' dir='ltr'><strong>tum</strong></span> <span class='ocrx_word' id='word_1_647' title='bbox 873 4925 1260 4994; x_wconf 83' lang='lat' dir='ltr'><strong>perfectarum.</strong></span> <span class='ocrx_word' id='word_1_648' title='bbox 1294 4924 1510 4980; x_wconf 82' lang='lat' dir='ltr'><strong>Nudum</strong></span> <span class='ocrx_word' id='word_1_649' title='bbox 1543 4925 1612 4979; x_wconf 86' lang='lat' dir='ltr'><strong>ob</strong></span> <span class='ocrx_word' id='word_1_650' title='bbox 1638 4924 2061 4994; x_wconf 82' lang='lat' dir='ltr'><strong>simplicitatem,</strong></span> <span class='ocrx_word' id='word_1_651' title='bbox 2092 4935 2148 4980; x_wconf 91' lang='lat' dir='ltr'><strong>et</strong></span> 
     </span>
    </p>
   </div>
   <div class='ocr_carea' id='block_1_96' title="bbox 558 5015 2148 5082">
    <p class='ocr_par' dir='ltr' id='par_1_96' title="bbox 558 5015 2148 5082">
     <span class='ocr_line' id='line_1_96' title="bbox 558 5015 2148 5082; baseline 0.002 -12"><span class='ocrx_word' id='word_1_652' title='bbox 558 5017 724 5070; x_wconf 81' lang='lat' dir='ltr'><strong>vitam</strong></span> <span class='ocrx_word' id='word_1_653' title='bbox 757 5015 907 5069; x_wconf 86' lang='lat' dir='ltr'><strong>nulla</strong></span> <span class='ocrx_word' id='word_1_654' title='bbox 930 5025 1049 5071; x_wconf 89' lang='lat' dir='ltr'><strong>arte</strong></span> <span class='ocrx_word' id='word_1_655' title='bbox 1105 5016 1446 5082; x_wconf 85' lang='lat' dir='ltr'><strong>instructam,</strong></span> <span class='ocrx_word' id='word_1_656' title='bbox 1476 5031 1576 5072; x_wconf 89' lang='lat' dir='ltr'><strong>nec</strong></span> <span class='ocrx_word' id='word_1_657' title='bbox 1603 5016 1714 5071; x_wconf 91' lang='lat' dir='ltr'><strong>ullo</strong></span> <span class='ocrx_word' id='word_1_658' title='bbox 1761 5025 1964 5071; x_wconf 86' lang='lat' dir='ltr'><strong>tectum</strong></span> <span class='ocrx_word' id='word_1_659' title='bbox 1987 5019 2148 5073; x_wconf 87' lang='lat' dir='ltr'><strong>indu-</strong></span> 
     </span>
    </p>
   </div>
   <div class='ocr_carea' id='block_1_97' title="bbox 560 5105 2143 5176">
    <p class='ocr_par' dir='ltr' id='par_1_97' title="bbox 560 5105 2143 5176">
     <span class='ocr_line' id='line_1_97' title="bbox 560 5105 2143 5176; baseline 0 -15"><span class='ocrx_word' id='word_1_660' title='bbox 560 5115 766 5171; x_wconf 88' lang='lat' dir='ltr'><strong>mento,</strong></span> <span class='ocrx_word' id='word_1_661' title='bbox 784 5105 997 5174; x_wconf 92' lang='lat' dir='ltr'><strong>qualem</strong></span> <span class='ocrx_word' id='word_1_662' title='bbox 1023 5121 1145 5161; x_wconf 90' lang='lat' dir='ltr'><strong>esse</strong></span> <span class='ocrx_word' id='word_1_663' title='bbox 1166 5106 1392 5161; x_wconf 90' lang='lat' dir='ltr'><strong>decebat</strong></span> <span class='ocrx_word' id='word_1_664' title='bbox 1416 5107 1651 5176; x_wconf 90' lang='lat' dir='ltr'><strong>primum</strong></span> <span class='ocrx_word' id='word_1_665' title='bbox 1672 5106 1820 5161; x_wconf 88' lang='lat' dir='ltr'><strong>illum</strong></span> <span class='ocrx_word' id='word_1_666' title='bbox 1845 5107 2143 5163; x_wconf 84' lang='lat' dir='ltr'><strong>hominem.</strong></span> 
     </span>
    </p>
   </div>
   <div class='ocr_carea' id='block_1_98' title="bbox 559 5195 2143 5265">
    <p class='ocr_par' dir='ltr' id='par_1_98' title="bbox 559 5195 2143 5265">
     <span class='ocr_line' id='line_1_98' title="bbox 559 5195 2143 5265; baseline 0 -13"><span class='ocrx_word' id='word_1_667' title='bbox 559 5196 698 5252; x_wconf 85' lang='lat' dir='ltr'><strong>Tum</strong></span> <span class='ocrx_word' id='word_1_668' title='bbox 716 5195 890 5264; x_wconf 79' lang='lat' dir='ltr'><strong>legem</strong></span> <span class='ocrx_word' id='word_1_669' title='bbox 914 5195 1207 5265; x_wconf 89' lang='lat' dir='ltr'><strong>dedit,qua</strong></span> <span class='ocrx_word' id='word_1_670' title='bbox 1229 5196 1454 5251; x_wconf 81' lang='lat' dir='ltr'><strong>liberam</strong></span> <span class='ocrx_word' id='word_1_671' title='bbox 1485 5198 1820 5252; x_wconf 77' lang='lat' dir='ltr'><strong>voluntatem</strong></span> <span class='ocrx_word' id='word_1_672' title='bbox 1844 5208 2143 5254; x_wconf 78' lang='lat' dir='ltr'><strong>exerceret.</strong></span> 
     </span>
    </p>
   </div>
   <div class='ocr_carea' id='block_1_99' title="bbox 557 5286 2144 5359">
    <p class='ocr_par' dir='ltr' id='par_1_99' title="bbox 557 5286 2144 5359">
     <span class='ocr_line' id='line_1_99' title="bbox 557 5286 2144 5359; baseline 0.001 -16"><span class='ocrx_word' id='word_1_673' title='bbox 557 5287 671 5343; x_wconf 80' lang='lat' dir='ltr'><strong>Lex</strong></span> <span class='ocrx_word' id='word_1_674' title='bbox 704 5286 794 5342; x_wconf 89' lang='lat' dir='ltr'><strong>illa</strong></span> <span class='ocrx_word' id='word_1_675' title='bbox 844 5287 1157 5341; x_wconf 85' lang='lat' dir='ltr'><strong>mandatum</strong></span> <span class='ocrx_word' id='word_1_676' title='bbox 1205 5296 1348 5353; x_wconf 87' lang='lat' dir='ltr'><strong>erat,</strong></span> <span class='ocrx_word' id='word_1_677' title='bbox 1401 5303 1511 5359; x_wconf 91' lang='lat' dir='ltr'><strong>quo</strong></span> <span class='ocrx_word' id='word_1_678' title='bbox 1558 5289 1633 5343; x_wconf 92' lang='lat' dir='ltr'><strong>illi</strong></span> <span class='ocrx_word' id='word_1_679' title='bbox 1666 5291 2144 5359; x_wconf 65' lang='lat' dir='ltr'><strong>praescribebatur,</strong></span> 
     </span>
    </p>
   </div>
   <div class='ocr_carea' id='block_1_100' title="bbox 558 5368 2148 5448">
    <p class='ocr_par' dir='ltr' id='par_1_100' title="bbox 558 5368 2148 5448">
     <span class='ocr_line' id='line_1_100' title="bbox 558 5368 2148 5448; baseline 0.003 -18"><span class='ocrx_word' id='word_1_680' title='bbox 558 5392 721 5447; x_wconf 83' lang='lat' dir='ltr'><strong>quam</strong></span> <span class='ocrx_word' id='word_1_681' title='bbox 770 5375 1009 5447; x_wconf 87' lang='lat' dir='ltr'><strong>plantam</strong></span> <span class='ocrx_word' id='word_1_682' title='bbox 1059 5377 1353 5446; x_wconf 88' lang='lat' dir='ltr'><strong>attingere,</strong></span> <span class='ocrx_word' id='word_1_683' title='bbox 1391 5387 1445 5433; x_wconf 90' lang='lat' dir='ltr'><strong>et</strong></span> <span class='ocrx_word' id='word_1_684' title='bbox 1477 5394 1505 5431; x_wconf 91' lang='lat' dir='ltr'><strong>a</strong></span> <span class='ocrx_word' id='word_1_685' title='bbox 1538 5368 1660 5448; x_wconf 86' lang='lat' dir='ltr'><strong>qua</strong></span> <span class='ocrx_word' id='word_1_686' title='bbox 1707 5381 1932 5436; x_wconf 89' lang='lat' dir='ltr'><strong>deberet</strong></span> <span class='ocrx_word' id='word_1_687' title='bbox 1978 5382 2148 5436; x_wconf 83' lang='lat' dir='ltr'><strong>absti-</strong></span> 
     </span>
    </p>
   </div>
   <div class='ocr_carea' id='block_1_101' title="bbox 558 5463 2146 5543">
    <p class='ocr_par' dir='ltr' id='par_1_101' title="bbox 558 5463 2146 5543">
     <span class='ocr_line' id='line_1_101' title="bbox 558 5463 2146 5543; baseline 0.003 -22"><span class='ocrx_word' id='word_1_688' title='bbox 558 5482 712 5522; x_wconf 89' lang='lat' dir='ltr'><strong>nere.</strong></span> <span class='ocrx_word' id='word_1_689' title='bbox 780 5463 905 5521; x_wconf 63' lang='lat' dir='ltr'><strong>Haec</strong></span> <span class='ocrx_word' id='word_1_690' title='bbox 959 5476 1165 5534; x_wconf 85' lang='lat' dir='ltr'><strong>autem,</strong></span> <span class='ocrx_word' id='word_1_691' title='bbox 1220 5483 1249 5522; x_wconf 88' lang='lat' dir='ltr'><strong>a</strong></span> <span class='ocrx_word' id='word_1_692' title='bbox 1302 5483 1407 5537; x_wconf 91' lang='lat' dir='ltr'><strong>qua</strong></span> <span class='ocrx_word' id='word_1_693' title='bbox 1454 5481 1757 5539; x_wconf 89' lang='lat' dir='ltr'><strong>temperare</strong></span> <span class='ocrx_word' id='word_1_694' title='bbox 1840 5474 2146 5543; x_wconf 86' lang='lat' dir='ltr'><strong>oportebat,</strong></span> 
     </span>
    </p>
   </div>
   <div class='ocr_carea' id='block_1_102' title="bbox 558 5560 2149 5631">
    <p class='ocr_par' dir='ltr' id='par_1_102' title="bbox 558 5560 2149 5631">
     <span class='ocr_line' id='line_1_102' title="bbox 558 5560 2149 5631; baseline 0.006 -18"><span class='ocrx_word' id='word_1_695' title='bbox 558 5567 676 5613; x_wconf 86' lang='lat' dir='ltr'><strong>erat</strong></span> <span class='ocrx_word' id='word_1_696' title='bbox 723 5560 963 5614; x_wconf 63' lang='lat' dir='ltr'><strong>scientiae</strong></span> <span class='ocrx_word' id='word_1_697' title='bbox 1012 5561 1220 5631; x_wconf 91' lang='lat' dir='ltr'><strong>planta,</strong></span> <span class='ocrx_word' id='word_1_698' title='bbox 1272 5576 1393 5631; x_wconf 57' lang='lat' dir='ltr'><strong>qua!</strong></span> <span class='ocrx_word' id='word_1_699' title='bbox 1443 5564 1662 5631; x_wconf 91' lang='lat' dir='ltr'><strong>quidem</strong></span> <span class='ocrx_word' id='word_1_700' title='bbox 1710 5565 1777 5619; x_wconf 88' lang='lat' dir='ltr'><strong>ab</strong></span> <span class='ocrx_word' id='word_1_701' title='bbox 1832 5566 1990 5621; x_wconf 86' lang='lat' dir='ltr'><strong>initio</strong></span> <span class='ocrx_word' id='word_1_702' title='bbox 2046 5582 2149 5622; x_wconf 88' lang='lat' dir='ltr'><strong>nec</strong></span> 
     </span>
    </p>
   </div>
   <div class='ocr_carea' id='block_1_103' title="bbox 560 5650 2149 5729">
    <p class='ocr_par' dir='ltr' id='par_1_103' title="bbox 560 5650 2149 5729">
     <span class='ocr_line' id='line_1_103' title="bbox 560 5650 2149 5729; baseline 0.006 -25"><span class='ocrx_word' id='word_1_703' title='bbox 560 5650 706 5705; x_wconf 85' lang='lat' dir='ltr'><strong>ma‘lo</strong></span> <span class='ocrx_word' id='word_1_704' title='bbox 743 5660 860 5705; x_wconf 90' lang='lat' dir='ltr'><strong>sata</strong></span> <span class='ocrx_word' id='word_1_705' title='bbox 893 5651 992 5707; x_wconf 80' lang='lat' dir='ltr'><strong>fuit</strong></span> <span class='ocrx_word' id='word_1_706' title='bbox 1024 5654 1274 5722; x_wconf 91' lang='lat' dir='ltr'><strong>consilio,</strong></span> <span class='ocrx_word' id='word_1_707' title='bbox 1326 5669 1428 5711; x_wconf 90' lang='lat' dir='ltr'><strong>nec</strong></span> <span class='ocrx_word' id='word_1_708' title='bbox 1460 5656 1529 5711; x_wconf 92' lang='lat' dir='ltr'><strong>ob</strong></span> <span class='ocrx_word' id='word_1_709' title='bbox 1574 5658 1832 5713; x_wconf 79' lang='lat' dir='ltr'><strong>invidiam</strong></span> <span class='ocrx_word' id='word_1_710' title='bbox 1878 5660 2149 5729; x_wconf 76' lang='lat' dir='ltr'><strong>prohibita</strong></span> 
     </span>
    </p>
   </div>
   <div class='ocr_carea' id='block_1_104' title="bbox 564 5736 2140 5820">
    <p class='ocr_par' dir='ltr' id='par_1_104' title="bbox 564 5736 2140 5820">
     <span class='ocr_line' id='line_1_104' title="bbox 564 5736 2140 5820; baseline 0.009 -31"><span class='ocrx_word' id='word_1_711' title='bbox 564 5736 655 5805; x_wconf 93' lang='lat' dir='ltr'><strong>(ne</strong></span> <span class='ocrx_word' id='word_1_712' title='bbox 682 5737 894 5795; x_wconf 80' lang='lat' dir='ltr'><strong>vibrent</strong></span> <span class='ocrx_word' id='word_1_713' title='bbox 928 5741 1034 5797; x_wconf 87' lang='lat' dir='ltr'><strong>huc</strong></span> <span class='ocrx_word' id='word_1_714' title='bbox 1078 5742 1289 5814; x_wconf 85' lang='lat' dir='ltr'><strong>linguas</strong></span> <span class='ocrx_word' id='word_1_715' title='bbox 1340 5759 1468 5800; x_wconf 89' lang='lat' dir='ltr'><strong>suas</strong></span> <span class='ocrx_word' id='word_1_716' title='bbox 1518 5746 1667 5817; x_wconf 89' lang='lat' dir='ltr'><strong>impii</strong></span> <span class='ocrx_word' id='word_1_717' title='bbox 1720 5749 1813 5817; x_wconf 90' lang='lat' dir='ltr'><strong>qui</strong></span> <span class='ocrx_word' id='word_1_718' title='bbox 1866 5748 2140 5820; x_wconf 84' lang='lat' dir='ltr'><strong>gigantum</strong></span> 
     </span>
    </p>
   </div>
   <div class='ocr_carea' id='block_1_105' title="bbox 2250 4561 3833 4651">
    <p class='ocr_par' dir='ltr' id='par_1_105' title="bbox 2250 4561 3833 4651">
     <span class='ocr_line' id='line_1_105' title="bbox 2250 4561 3833 4651; baseline 0.012 -35"><span class='ocrx_word' id='word_1_719' title='bbox 2250 4561 2401 4637; x_wconf 73' lang='grc' dir='ltr'><strong>⁴ᾖτοῦ</strong></span> <span class='ocrx_word' id='word_1_720' title='bbox 2437 4567 2695 4638; x_wconf 80' lang='grc' dir='ltr'>ἑλομένου</span> <span class='ocrx_word' id='word_1_721' title='bbox 2725 4572 2786 4625; x_wconf 84' lang='grc' dir='ltr'>τὸ</span> <span class='ocrx_word' id='word_1_722' title='bbox 2815 4574 3019 4642; x_wconf 82' lang='grc' dir='ltr'>ἀγαθὸν</span> <span class='ocrx_word' id='word_1_723' title='bbox 3078 4577 3175 4646; x_wconf 80' lang='grc' dir='ltr'>οὐχ</span> <span class='ocrx_word' id='word_1_724' title='bbox 3206 4571 3370 4646; x_wconf 85' lang='grc' dir='ltr'>ἦττον</span> <span class='ocrx_word' id='word_1_725' title='bbox 3418 4579 3448 4649; x_wconf 76' lang='grc' dir='ltr'>ἢ</span> <span class='ocrx_word' id='word_1_726' title='bbox 3506 4580 3601 4633; x_wconf 85' lang='grc' dir='ltr'><strong>τοῦ</strong></span> <span class='ocrx_word' id='word_1_727' title='bbox 3650 4598 3833 4651; x_wconf 68' lang='grc' dir='ltr'>παραπ</span> 
     </span>
    </p>
   </div>
   <div class='ocr_carea' id='block_1_106' title="bbox 2255 4654 3833 4738">
    <p class='ocr_par' dir='ltr' id='par_1_106' title="bbox 2255 4654 3833 4738">
     <span class='ocr_line' id='line_1_106' title="bbox 2255 4654 3833 4738; baseline 0.01 -33"><span class='ocrx_word' id='word_1_728' title='bbox 2255 4654 2476 4723; x_wconf 83' lang='grc' dir='ltr'>σχόντος</span> <span class='ocrx_word' id='word_1_729' title='bbox 2506 4658 2573 4710; x_wconf 83' lang='grc' dir='ltr'>τὰ</span> <span class='ocrx_word' id='word_1_730' title='bbox 2606 4660 2899 4731; x_wconf 85' lang='grc' dir='ltr'>σπέρματα</span> <span class='ocrx_word' id='word_1_731' title='bbox 2929 4680 2944 4694; x_wconf 88' lang='grc'><strong>·</strong></span> <span class='ocrx_word' id='word_1_732' title='bbox 2980 4664 3165 4733; x_wconf 81' lang='grc' dir='ltr'>φυτῶν</span> <span class='ocrx_word' id='word_1_733' title='bbox 3203 4666 3493 4721; x_wconf 82' lang='grc' dir='ltr'>ἀθανάτων</span> <span class='ocrx_word' id='word_1_734' title='bbox 3548 4673 3833 4738; x_wconf 65' lang='grc' dir='ltr'>γεωργον,</span> 
     </span>
    </p>
   </div>
   <div class='ocr_carea' id='block_1_107' title="bbox 2256 4744 3841 4830">
    <p class='ocr_par' dir='ltr' id='par_1_107' title="bbox 2256 4744 3841 4830">
     <span class='ocr_line' id='line_1_107' title="bbox 2256 4744 3841 4830; baseline 0.011 -34"><span class='ocrx_word' id='word_1_735' title='bbox 2256 4744 2415 4800; x_wconf 82' lang='grc' dir='ltr'>θείων</span> <span class='ocrx_word' id='word_1_736' title='bbox 2458 4749 2679 4803; x_wconf 79' lang='grc' dir='ltr'>ἐννοιῶν</span> <span class='ocrx_word' id='word_1_737' title='bbox 2734 4752 2888 4818; x_wconf 73' lang='grc' dir='ltr'>ἴσως,</span> <span class='ocrx_word' id='word_1_738' title='bbox 2919 4755 3030 4808; x_wconf 87' lang='grc' dir='ltr'><strong>τῶν</strong></span> <span class='ocrx_word' id='word_1_739' title='bbox 3081 4773 3141 4810; x_wconf 87' lang='grc' dir='ltr'><strong>τε</strong></span> <span class='ocrx_word' id='word_1_740' title='bbox 3172 4758 3562 4830; x_wconf 82' lang='grc' dir='ltr'>ἁπλουστέρων</span> <span class='ocrx_word' id='word_1_741' title='bbox 3592 4763 3684 4813; x_wconf 76' lang='grc' dir='ltr'><strong>καὶ</strong></span> <span class='ocrx_word' id='word_1_742' title='bbox 3719 4761 3841 4813; x_wconf 82' lang='grc' dir='ltr'><strong>τῶν</strong></span> 
     </span>
    </p>
   </div>
   <div class='ocr_carea' id='block_1_108' title="bbox 2253 4836 3837 4920">
    <p class='ocr_par' dir='ltr' id='par_1_108' title="bbox 2253 4836 3837 4920">
     <span class='ocr_line' id='line_1_108' title="bbox 2253 4836 3837 4920; baseline 0.014 -35"><span class='ocrx_word' id='word_1_743' title='bbox 2253 4836 2639 4906; x_wconf 76' lang='grc' dir='ltr'>τελεωτέρωνο</span> <span class='ocrx_word' id='word_1_744' title='bbox 2697 4842 2908 4909; x_wconf 75' lang='grc' dir='ltr'>γυμνὸν</span> <span class='ocrx_word' id='word_1_745' title='bbox 2961 4847 3027 4915; x_wconf 85' lang='grc' dir='ltr'><strong>τῇ</strong></span> <span class='ocrx_word' id='word_1_746' title='bbox 3104 4846 3368 4917; x_wconf 87' lang='grc' dir='ltr'>ἁπλότητι</span> <span class='ocrx_word' id='word_1_747' title='bbox 3440 4849 3537 4901; x_wconf 74' lang='grc' dir='ltr'>καὶ</span> <span class='ocrx_word' id='word_1_748' title='bbox 3591 4849 3702 4919; x_wconf 77' lang='grc' dir='ltr'>ζωῇ</span> <span class='ocrx_word' id='word_1_749' title='bbox 3761 4853 3837 4920; x_wconf 77' lang='grc' dir='ltr'><strong>τῇ</strong></span> 
     </span>
    </p>
   </div>
   <div class='ocr_carea' id='block_1_109' title="bbox 2258 4926 3841 5012">
    <p class='ocr_par' dir='ltr' id='par_1_109' title="bbox 2258 4926 3841 5012">
     <span class='ocr_line' id='line_1_109' title="bbox 2258 4926 3841 5012; baseline 0.012 -35"><span class='ocrx_word' id='word_1_750' title='bbox 2258 4926 2496 4996; x_wconf 84' lang='grc' dir='ltr'>ἀτέχνῳ,</span> <span class='ocrx_word' id='word_1_751' title='bbox 2524 4931 2619 4981; x_wconf 80' lang='grc' dir='ltr'>καὶ</span> <span class='ocrx_word' id='word_1_752' title='bbox 2677 4930 2799 5002; x_wconf 86' lang='grc' dir='ltr'>δίχα</span> <span class='ocrx_word' id='word_1_753' title='bbox 2826 4934 3027 4998; x_wconf 80' lang='grc' dir='ltr'>παντὸς</span> <span class='ocrx_word' id='word_1_754' title='bbox 3062 4935 3513 5008; x_wconf 79' lang='grc' dir='ltr'>ἐπικαλύμματος</span> <span class='ocrx_word' id='word_1_755' title='bbox 3555 4944 3648 4993; x_wconf 81' lang='grc' dir='ltr'>καὶ</span> <span class='ocrx_word' id='word_1_756' title='bbox 3695 4961 3841 5012; x_wconf 84' lang='grc' dir='ltr'>προ-</span> 
     </span>
    </p>
   </div>
   <div class='ocr_carea' id='block_1_110' title="bbox 2257 5013 3840 5095">
    <p class='ocr_par' dir='ltr' id='par_1_110' title="bbox 2257 5013 3840 5095">
     <span class='ocr_line' id='line_1_110' title="bbox 2257 5013 3840 5095; baseline 0.012 -29"><span class='ocrx_word' id='word_1_757' title='bbox 2257 5013 2560 5084; x_wconf 80' lang='grc' dir='ltr'>ϐλήματος.</span> <span class='ocrx_word' id='word_1_758' title='bbox 2625 5019 2883 5073; x_wconf 88' lang='grc' dir='ltr'>Τοιοῦτον</span> <span class='ocrx_word' id='word_1_759' title='bbox 2932 5022 3039 5092; x_wconf 79' lang='grc' dir='ltr'>γὰρ</span> <span class='ocrx_word' id='word_1_760' title='bbox 3104 5024 3343 5095; x_wconf 82' lang='grc' dir='ltr'>ἔπρεπεν</span> <span class='ocrx_word' id='word_1_761' title='bbox 3397 5022 3539 5082; x_wconf 76' lang='grc' dir='ltr'>εἶναι</span> <span class='ocrx_word' id='word_1_762' title='bbox 3587 5022 3678 5083; x_wconf 66' lang='grc' dir='ltr'><strong>τόν</strong></span> <span class='ocrx_word' id='word_1_763' title='bbox 3733 5032 3840 5085; x_wconf 84' lang='grc' dir='ltr'><strong>ἀπ’</strong></span> 
     </span>
    </p>
   </div>
   <div class='ocr_carea' id='block_1_111' title="bbox 2258 5106 3841 5189">
    <p class='ocr_par' dir='ltr' id='par_1_111' title="bbox 2258 5106 3841 5189">
     <span class='ocr_line' id='line_1_111' title="bbox 2258 5106 3841 5189; baseline 0.013 -32"><span class='ocrx_word' id='word_1_764' title='bbox 2258 5106 2457 5176; x_wconf 80' lang='grc' dir='ltr'>ἀρχῆς.</span> <span class='ocrx_word' id='word_1_765' title='bbox 2497 5108 2609 5161; x_wconf 72' lang='grc' dir='ltr'><strong>Καὶ</strong></span> <span class='ocrx_word' id='word_1_766' title='bbox 2635 5111 2822 5164; x_wconf 85' lang='grc' dir='ltr'>δίδωσι</span> <span class='ocrx_word' id='word_1_767' title='bbox 2855 5113 3040 5183; x_wconf 89' lang='grc' dir='ltr'>νόμον,</span> <span class='ocrx_word' id='word_1_768' title='bbox 3069 5114 3203 5185; x_wconf 79' lang='grc' dir='ltr'>ὓλην</span> <span class='ocrx_word' id='word_1_769' title='bbox 3234 5117 3313 5188; x_wconf 87' lang='grc' dir='ltr'>τῷ</span> <span class='ocrx_word' id='word_1_770' title='bbox 3368 5120 3727 5189; x_wconf 81' lang='grc' dir='ltr'>αὐτεξουσίῳ.</span> <span class='ocrx_word' id='word_1_771' title='bbox 3773 5126 3841 5177; x_wconf 82' lang='grc' dir='ltr'>Ὀ</span> 
     </span>
    </p>
   </div>
   <div class='ocr_carea' id='block_1_112' title="bbox 2254 5196 3845 5285">
    <p class='ocr_par' dir='ltr' id='par_1_112' title="bbox 2254 5196 3845 5285">
     <span class='ocr_line' id='line_1_112' title="bbox 2254 5196 3845 5285; baseline 0.011 -34"><span class='ocrx_word' id='word_1_772' title='bbox 2254 5199 2310 5251; x_wconf 81' lang='grc' dir='ltr'>δὲ</span> <span class='ocrx_word' id='word_1_773' title='bbox 2346 5202 2507 5268; x_wconf 78' lang='grc' dir='ltr'>νόμος</span> <span class='ocrx_word' id='word_1_774' title='bbox 2545 5196 2614 5271; x_wconf 85' lang='grc' dir='ltr'>ἦν</span> <span class='ocrx_word' id='word_1_775' title='bbox 2666 5204 2880 5274; x_wconf 80' lang='grc' dir='ltr'>ἐντολὴ,</span> <span class='ocrx_word' id='word_1_776' title='bbox 2919 5199 2997 5260; x_wconf 84' lang='grc' dir='ltr'>ὦν</span> <span class='ocrx_word' id='word_1_777' title='bbox 3027 5224 3086 5260; x_wconf 89' lang='grc' dir='ltr'><strong>τε</strong></span> <span class='ocrx_word' id='word_1_778' title='bbox 3125 5210 3498 5281; x_wconf 79' lang='grc' dir='ltr'>μεταληπτέον</span> <span class='ocrx_word' id='word_1_779' title='bbox 3539 5212 3687 5283; x_wconf 80' lang='grc' dir='ltr'>αὐτῷ</span> <span class='ocrx_word' id='word_1_780' title='bbox 3730 5232 3845 5285; x_wconf 81' lang='grc' dir='ltr'>φυ-</span> 
     </span>
    </p>
   </div>
   <div class='ocr_carea' id='block_1_113' title="bbox 2262 5286 3844 5377">
    <p class='ocr_par' dir='ltr' id='par_1_113' title="bbox 2262 5286 3844 5377">
     <span class='ocr_line' id='line_1_113' title="bbox 2262 5286 3844 5377; baseline 0.013 -35"><span class='ocrx_word' id='word_1_781' title='bbox 2262 5290 2393 5352; x_wconf 85' lang='grc' dir='ltr'>τῶν,</span> <span class='ocrx_word' id='word_1_782' title='bbox 2440 5294 2531 5344; x_wconf 70' lang='grc' dir='ltr'>καὶ</span> <span class='ocrx_word' id='word_1_783' title='bbox 2551 5286 2611 5347; x_wconf 79' lang='grc' dir='ltr'>οὗ</span> <span class='ocrx_word' id='word_1_784' title='bbox 2643 5294 2718 5365; x_wconf 79' lang='grc' dir='ltr'>μὴ</span> <span class='ocrx_word' id='word_1_785' title='bbox 2742 5299 3104 5365; x_wconf 83' lang='grc' dir='ltr'>προσαπτέον.</span> <span class='ocrx_word' id='word_1_786' title='bbox 3137 5300 3210 5352; x_wconf 83' lang='grc' dir='ltr'><strong>Τὸ</strong></span> <span class='ocrx_word' id='word_1_787' title='bbox 3237 5300 3295 5355; x_wconf 82' lang='grc' dir='ltr'>δὲ</span> <span class='ocrx_word' id='word_1_788' title='bbox 3323 5296 3390 5373; x_wconf 79' lang='grc' dir='ltr'>ἦν</span> <span class='ocrx_word' id='word_1_789' title='bbox 3426 5304 3495 5365; x_wconf 20' lang='grc' dir='ltr'>τὸ,</span> <span class='ocrx_word' id='word_1_790' title='bbox 3517 5305 3673 5372; x_wconf 80' lang='grc' dir='ltr'>ξύλον</span> <span class='ocrx_word' id='word_1_791' title='bbox 3730 5307 3844 5377; x_wconf 84' lang='grc' dir='ltr'>τῆς</span> 
     </span>
    </p>
   </div>
   <div class='ocr_carea' id='block_1_114' title="bbox 2257 5382 3846 5463">
    <p class='ocr_par' dir='ltr' id='par_1_114' title="bbox 2257 5382 3846 5463">
     <span class='ocr_line' id='line_1_114' title="bbox 2257 5382 3846 5463; baseline 0.011 -31"><span class='ocrx_word' id='word_1_792' title='bbox 2257 5382 2536 5449; x_wconf 78' lang='grc' dir='ltr'>γνώσεως,</span> <span class='ocrx_word' id='word_1_793' title='bbox 2605 5384 2730 5437; x_wconf 77' lang='grc' dir='ltr'>οὒτε</span> <span class='ocrx_word' id='word_1_794' title='bbox 2769 5389 3030 5455; x_wconf 82' lang='grc' dir='ltr'>φυτευθὲν</span> <span class='ocrx_word' id='word_1_795' title='bbox 3082 5391 3180 5442; x_wconf 80' lang='grc' dir='ltr'><strong>ἀπ’</strong></span> <span class='ocrx_word' id='word_1_796' title='bbox 3219 5393 3395 5463; x_wconf 85' lang='grc' dir='ltr'>ἀρχῆς</span> <span class='ocrx_word' id='word_1_797' title='bbox 3451 5396 3653 5458; x_wconf 85' lang='grc' dir='ltr'>κακῶς,</span> <span class='ocrx_word' id='word_1_798' title='bbox 3706 5394 3846 5449; x_wconf 73' lang='grc' dir='ltr'>οὔτε</span> 
     </span>
    </p>
   </div>
   <div class='ocr_carea' id='block_1_115' title="bbox 2257 5472 3847 5554">
    <p class='ocr_par' dir='ltr' id='par_1_115' title="bbox 2257 5472 3847 5554">
     <span class='ocr_line' id='line_1_115' title="bbox 2257 5472 3847 5554; baseline 0.013 -32"><span class='ocrx_word' id='word_1_799' title='bbox 2257 5472 2639 5543; x_wconf 81' lang='grc' dir='ltr'>ἀπαγορευθὲν</span> <span class='ocrx_word' id='word_1_800' title='bbox 2675 5475 2977 5548; x_wconf 84' lang='grc' dir='ltr'>φθονερῶς.</span> <span class='ocrx_word' id='word_1_801' title='bbox 3029 5481 3120 5551; x_wconf 82' lang='grc' dir='ltr'><strong>Μὴ</strong></span> <span class='ocrx_word' id='word_1_802' title='bbox 3177 5486 3549 5554; x_wconf 79' lang='grc' dir='ltr'>πεμπέτωσαν</span> <span class='ocrx_word' id='word_1_803' title='bbox 3579 5488 3696 5540; x_wconf 77' lang='grc' dir='ltr'>ἐκεῖ</span> <span class='ocrx_word' id='word_1_804' title='bbox 3729 5489 3847 5552; x_wconf 83' lang='grc' dir='ltr'>τὰς</span> 
     </span>
    </p>
   </div>
   <div class='ocr_carea' id='block_1_116' title="bbox 2257 5564 3846 5647">
    <p class='ocr_par' dir='ltr' id='par_1_116' title="bbox 2257 5564 3846 5647">
     <span class='ocr_line' id='line_1_116' title="bbox 2257 5564 3846 5647; baseline 0.011 -32"><span class='ocrx_word' id='word_1_805' title='bbox 2257 5564 2507 5631; x_wconf 79' lang='grc' dir='ltr'>γλώσσας</span> <span class='ocrx_word' id='word_1_806' title='bbox 2543 5568 2591 5617; x_wconf 78' lang='grc' dir='ltr'><strong>οἱ</strong></span> <span class='ocrx_word' id='word_1_807' title='bbox 2617 5567 2901 5639; x_wconf 88' lang='grc' dir='ltr'>θεομάχοι,</span> <span class='ocrx_word' id='word_1_808' title='bbox 2936 5572 3073 5640; x_wconf 81' lang='grc' dir='ltr'>μηδὲ</span> <span class='ocrx_word' id='word_1_809' title='bbox 3104 5573 3195 5627; x_wconf 80' lang='grc' dir='ltr'>τὸν</span> <span class='ocrx_word' id='word_1_810' title='bbox 3226 5575 3350 5643; x_wconf 78' lang='grc' dir='ltr'>ὅφιν</span> <span class='ocrx_word' id='word_1_811' title='bbox 3405 5578 3793 5647; x_wconf 70' lang='grc' dir='ltr'>μιμείσθωσαν</span> <span class='ocrx_word' id='word_1_812' title='bbox 3828 5596 3846 5612; x_wconf 88' lang='grc'><strong>·</strong></span> 
     </span>
    </p>
   </div>
   <div class='ocr_carea' id='block_1_117' title="bbox 2257 5654 3853 5735">
    <p class='ocr_par' dir='ltr' id='par_1_117' title="bbox 2257 5654 3853 5735">
     <span class='ocr_line' id='line_1_117' title="bbox 2257 5654 3853 5735; baseline 0.009 -30"><span class='ocrx_word' id='word_1_813' title='bbox 2257 5654 2393 5706; x_wconf 83' lang='grc' dir='ltr'>ἀλλὰ</span> <span class='ocrx_word' id='word_1_814' title='bbox 2426 5656 2589 5708; x_wconf 82' lang='grc' dir='ltr'>καλὸν</span> <span class='ocrx_word' id='word_1_815' title='bbox 2629 5659 2750 5726; x_wconf 81' lang='grc' dir='ltr'>μὲν,</span> <span class='ocrx_word' id='word_1_816' title='bbox 2775 5659 3049 5730; x_wconf 88' lang='grc' dir='ltr'>εὐκαίρως</span> <span class='ocrx_word' id='word_1_817' title='bbox 3075 5663 3635 5735; x_wconf 77' lang='grc' dir='ltr'>μεταλαμϐανόμενον</span> <span class='ocrx_word' id='word_1_818' title='bbox 3658 5680 3671 5695; x_wconf 82' lang='grc'>⁶</span> <span class='ocrx_word' id='word_1_819' title='bbox 3698 5666 3853 5720; x_wconf 84' lang='grc' dir='ltr'>θεω-</span> 
     </span>
    </p>
   </div>
   <div class='ocr_carea' id='block_1_118' title="bbox 2261 5744 3859 5831">
    <p class='ocr_par' dir='ltr' id='par_1_118' title="bbox 2261 5744 3859 5831">
     <span class='ocr_line' id='line_1_118' title="bbox 2261 5744 3859 5831; baseline 0.01 -35"><span class='ocrx_word' id='word_1_820' title='bbox 2261 5748 2350 5818; x_wconf 85' lang='grc' dir='ltr'><strong>ρία</strong></span> <span class='ocrx_word' id='word_1_821' title='bbox 2389 5749 2495 5819; x_wconf 79' lang='grc' dir='ltr'>γὰρ</span> <span class='ocrx_word' id='word_1_822' title='bbox 2520 5744 2586 5820; x_wconf 81' lang='grc' dir='ltr'>ἦν</span> <span class='ocrx_word' id='word_1_823' title='bbox 2626 5750 2688 5802; x_wconf 74' lang='grc' dir='ltr'><strong>τὸ</strong></span> <span class='ocrx_word' id='word_1_824' title='bbox 2721 5754 2908 5821; x_wconf 70' lang='grc' dir='ltr'>φυτὸν,</span> <span class='ocrx_word' id='word_1_825' title='bbox 2940 5753 3071 5826; x_wconf 75' lang='grc' dir='ltr'><strong>ὼςή</strong></span> <span class='ocrx_word' id='word_1_826' title='bbox 3124 5755 3234 5825; x_wconf 79' lang='grc' dir='ltr'><strong>ἐμὴ</strong></span> <span class='ocrx_word' id='word_1_827' title='bbox 3267 5755 3491 5825; x_wconf 87' lang='grc' dir='ltr'>θεωρία,</span> <span class='ocrx_word' id='word_1_828' title='bbox 3520 5752 3591 5831; x_wconf 81' lang='grc' dir='ltr'>ἦς</span> <span class='ocrx_word' id='word_1_829' title='bbox 3651 5757 3859 5828; x_wconf 80' lang='grc' dir='ltr'>μόνοις</span> 
     </span>
    </p>
   </div>
  </div>
