4120 6292
302 1261 343 1273 Α.

366 408 472 475 201
1337 405 1711 468 PANOPLIA
1762 403 1938 465 DOGB

2044 404 2218 479 l‘lCA.
2254 428 2323 437 ——
2363 403 2511 465 TIT.
2552 404 2651 465 VI.
3514 403 3619 465 202

367 523 682 580 ὲπισαίνειν
712 523 982 591 ἀσφαλὲς,
1016 524 1127 585 τοῖς
1157 521 1254 590 τὴν
1286 519 1398 585 ἕξιν
1448 519 1801 589 τελεωτέροις
1823 534 1838 551 ·
1876 518 1937 571 οὐ

2044 531 2191 573 more
2224 532 2347 573 cum
2379 516 2506 585 [Deo
2555 522 2820 587 pugnant,
2863 530 2965 571 nec
3011 519 3285 589 serpentis
3319 518 3469 575 virus
3507 524 3620 577 suis

368 617 537 671 καλὸν
570 615 628 669 δὲ
660 617 775 678 τοῖς
816 613 1203 684 ἁπλουστέροις
1246 612 1326 665 ἔτι
1389 609 1484 665 καὶ
1502 611 1602 678 τὴν
1640 610 1826 678 ἔφεσιν
1863 608 1938 662 λι-

2048 610 2391 680 captionibus
2436 612 2761 678 imitentur),
2794 611 2887 664 sed
2932 609 3070 664 bona
3112 612 3333 682 quidem
3398 624 3534 678 erat,
3574 615 3621 669 si

364 710 665 781 χνοτέροις,
699 707 889 777 ὥσπερ
918 706 1039 759 οὐδὲ
1081 706 1259 777 τροφὴ
1294 702 1475 759 τελεία
1508 702 1795 772 λυσιτελὴς
1823 705 1937 766 τοῖς

2048 702 2174 770 quis
2212 711 2525 771 opportune
2550 703 2617 758 ad
2648 702 2796 756 illam
2845 705 3186 759 accessisset.
3236 704 3427 759 Planta
3472 706 3621 759 enim

362 800 596 864 ἁπαλοῖς
627 800 711 853 ἐτι
748 800 847 852 καὶ
868 798 1148 868 δεομένοις
1172 798 1469 866 γάλακτος.

2044 794 2131 847 illa
2182 796 2264 865 (ut
2314 810 2414 864 ego
2463 797 2679 865 quidem
2728 796 3000 869 existimo)
3045 808 3162 854 erat
3206 799 3617 868 contemplatio,

362 891 434 946 ad
475 904 635 959 quam
676 888 779 944 soli
830 896 948 942 tuto
995 888 1282 948 accedunt,
1333 887 1426 956 qui
1481 884 1670 939 habitu
1713 882 1940 953 perfecti
1980 891 2127 949 sunt,
2154 884 2246 952 qui
2310 894 2489 939 autem
2562 888 2869 957 cupidiores
2909 897 3071 958 atque
3116 890 3622 959 intemperantiores

363 998 478 1038 non
542 983 694 1037 item.
738 979 1207 1045 Quemadmodum
1242 994 1342 1035 nec
1396 978 1670 1050 perfectus
1744 985 1801 1031 et
1845 974 2051 1031 solidus
2116 976 2271 1032 cibus
2331 979 2694 1037 tenerioribus
2758 983 2936 1038 adhuc
2964 992 3019 1041 et
3075 984 3217 1041 lacte
3252 984 3621 1055 indigentibus

359 1078 606 1147 prodest.

366 1171 499 1225 Ἔτι
532 1167 797 1237 περὶτῆς
822 1167 987 1232 θείας
1018 1165 1424 1237 δημιουργίας,
1463 1165 1572 1220 τοῦ
1590 1165 1851 1231 Νύσσης
1870 1161 1937 1215 ἐκ

756 1237 863 1291 τοῦ
898 1235 1302 1303 κατηχητικοῦ
1330 1236 1540 1303 λόγου.

439 1331 514 1385 Tb
542 1329 639 1385 νῦν
666 1331 727 1383 ὲν
746 1329 968 1391 ἀτόποις
998 1323 1140 1382 εῖναι
1165 1326 1264 1398 τὴν
1286 1325 1639 1396 ἀνθρωπίνην
1668 1323 1814 1394 ζωὴν
1836 1324 1937 1393 οὐχ

364 1421 555 1481 ίκανός
599 1419 748 1471 ἐστιν
777 1416 999 1485 ἐλεγχος
1046 1414 1141 1467 τοῦ
1187 1414 1456 1494 μηδέποτε
1503 1413 1595 1466 τὸν
1648 1412 1937 1482 ἄνθρωπον

362 1513 427 1563 ἐν
455 1508 683 1576 ἀγαθοῖς
718 1506 1075 1576 γεγενῆσθαι.
1132 1505 1349 1573 Ἐπειδὴ
1390 1506 1498 1575 γὰρ
1538 1504 1675 1557 Θεοῦ
1717 1503 1879 1574 ἔργον
1909 1506 1938 1557 ό

361 1598 656 1669 ἄνθρωπος
688 1597 782 1651 τοῦ
808 1596 876 1650 δι’
901 1596 1215 1666 ἀγαθότητα
1252 1595 1313 1648 τὸ
1335 1597 1470 1659 ζῶον
1498 1595 1659 1648 τοῦτο
1682 1612 1939 1665 παραγαο

364 1690 564 1756 γόντος
604 1690 684 1749 είς
719 1688 959 1756 γένεσιν,
985 1687 1084 1739 οὐκ
1104 1688 1171 1740 ἀν
1223 1703 1309 1748 τις
1348 1686 1609 1752 εὐλόγως,
1649 1679 1709 1739 οὗ
1740 1687 1938 1756 ἡαίτία

363 1780 473 1849 τῆς
535 1779 843 1841 συστάσεως
885 1778 1159 1847 άγαθότης
1203 1777 1338 1838 ἐστὶ.
1390 1777 1579 1830 τοῦτον
1632 1778 1689 1830 ὲν
1746 1779 1937 1840 κακοῖς

2040 1157 2176 1213 Item
2210 1163 2273 1216 de
2305 1166 2655 1241 opiﬁcio__Dei,
2685 1184 2749 1221 ea:
2774 1172 3012 1241 oratione
3039 1171 3352 1225 catechetica
3382 1170 3622 1241 (ἒν-ερονίὶ

2505 1236 2691 1304 Nyssaz
2718 1240 2998 1305 pontiﬁcis.

2108 1322 2229 1377 Non
2283 1324 2479 1379 idoneo
2525 1327 2787 1395 probatur
2832 1337 3170 1399 argumento,
3237 1347 3516 1402 nunquam
3564 1332 3620 1386 in

2041 1409 2198 1466 bonis
2226 1412 2502 1467 hominem
2535 1413 2722 1480 fuisse,
2761 1418 2907 1485 quod
2936 1433 3083 1472 nunc
3114 1418 3168 1471 in
3223 1422 3379 1485 malis
3426 1434 3638 1497 verseg

2049 1509 2138 1556 tur
2183 1502 2420 1559 humana
2470 1505 2598 1560 vita.
2648 1505 2781 1562 Nam
2819 1524 2943 1563 cum
2990 1509 3155 1564 homo
3204 1510 3274 1565 sit
3318 1527 3455 1581 opus
3502 1514 3620 1580 Dei,

2049 1592 2142 1659 qui
2194 1593 2394 1647 animal
2465 1595 2569 1651 hoc
2628 1607 2853 1667 propter
2915 1598 3213 1654 bonitatem
3293 1605 3622 1669 procreavit,

2047 1698 2209 1739 nemo
2252 1685 2426 1750 illum,
2460 1688 2615 1756 cujus
2663 1690 2985 1757 procreandi
3029 1705 3190 1747 causa
3234 1692 3450 1747 bonitas
3498 1670 3620 1761 fuit,

2045 1775 2099 1829 in
2133 1776 2287 1831 malis
2315 1790 2345 1829 a
2382 1787 2730 1847 procreatore
2778 1779 2943 1838 fuisse
2994 1783 3237 1851 genitum
3286 1786 3482 1841 merito
3530 1804 3624 1842 su-

364 1868 704 1938 γεγενῆσθαι
720 1868 869 1938 παρά
889 1867 985 1921 τοῦ
1022 1870 1381 1937 πεποιηκότος
1404 1868 1934 1934 καθυποπτεύσειεν,

2046 1869 2308 1938 spicetnr.
2346 1871 2531 1941 Itaque
2565 1873 2668 1926 alia
2714 1889 2876 1929 causa
2925 1884 3034 1941 est,
3072 1879 3426 1946 quamobrem
3474 1897 3622 1936 nunc

370 1964 490 2016 ἀλλ’
547 1961 737 2032 ἔτερόν
772 1964 922 2016 ἐστιν
966 1962 1141 2015 αἴτιον
1178 1962 1273 2014 τοῦ
1342 1961 1515 2016 ταῦτά
1561 1978 1621 2013 τε
1655 1961 1751 2014 νῦν
1810 1964 1940 2032 περὶ

364 2055 521 2123 ἡμᾶς
598 2049 765 2119 εἶναι,
824 2054 916 2107 καὶ
971 2054 1079 2107 τῶν
1124 2055 1404 2124 προτέρων
1464 2053 1840 2125 ἐρημωθῆναι.
1880 2056 1940 2109 Ὀ

367 2146 482 2215 γάρ
508 2146 601 2198 ἐπὶ
630 2145 893 2217 μετουσίᾳ
954 2145 1064 2198 τῶν
1101 2145 1248 2201 ῑδίων
1298 2146 1521 2214 ἀγαθῶν
1580 2147 1817 2216 ποιήσας
1849 2149 1940 2199 τὸν

370 2238 682 2308 ἄνθρωπον,
725 2238 819 2290 καὶ
858 2236 1074 2291 πάντων
1114 2235 1264 2305 αὐτῷ
1296 2237 1404 2290 τῶν
1471 2234 1654 2289 καλῶν
1686 2237 1938 2306 ἀφορμὰς

367 2325 857 2393 έγκατασκευάσας
886 2326 952 2393 τῇ
981 2322 1164 2392 φύσει,
1191 2323 1265 2387 ὡς
1292 2324 1359 2377 ἂν
1381 2324 1447 2377 δι’
1483 2324 1713 2377 ἑκάστου
1735 2326 1939 2377 καταλ-

369 2420 552 2490 λήλως
608 2419 744 2489 πρὸς
773 2418 835 2472 τὸ
858 2419 1045 2487 ὅμοιον
1076 2420 1108 2488 ἡ
1145 2416 1327 2487 δρεξις
1360 2416 1601 2487 φέροιτο,
1621 2417 1724 2470 οὑκ
1754 2417 1822 2471 ἂν
1842 2419 1935 2471 τοῦ

366 2509 659 2562 καλλίστου
693 2527 750 2561 τε
809 2511 903 2561 καὶ
930 2508 1266 2579 τιμιωτάτου
1298 2507 1408 2559 τῶν
1452 2506 1673 2576 ἀγαθῶν
1707 2509 1936 2560 ἀπεστέ-

368 2616 530 2670 ρησε,
556 2600 701 2669 λέγω
725 2599 792 2670 δὴ
826 2600 924 2669 τῆς
945 2598 1091 2652 κατά
1120 2598 1182 2651 τὸ
1213 2598 1513 2651 ἀδέσποτον
1554 2598 1652 2651 καὶ
1682 2598 1940 2662 αὐτεξού-

366 2708 486 2743 σιον
517 2691 760 2761 χάριτος.
805 2689 868 2743 El
896 2690 1005 2758 γάρ
1039 2707 1125 2752 τις
1172 2689 1391 2759 ἀνάγκη
1444 2688 1545 2759 τῆς
1586 2692 1938 2760 ἀνθρωπίνης

359 2786 664 2836 ἐπεστάτει
691 2780 859 2849 ζωῆς,
897 2780 1193 2851 διεψεύσθη
1226 2781 1345 2852 ἂνή
1376 2780 1544 2835 εἰκὼν
1597 2782 1721 2835 κατ’
1759 2784 1938 2835 ἐκεῖνο

362 2874 432 2926 τὸ
460 2875 627 2944 μέρος
657 2872 1091 2942 ἀλλοτριωθεῖσα
1121 2872 1201 2941 τῷ
1235 2874 1475 2943 ἀνομοίῳ
1502 2872 1641 2942 πρὸς
1683 2874 1744 2925 τὸ
1770 2874 1938 2943 ἀρχέ-

358 2983 563 3019 τυπον.
597 2966 708 3034 Τῆς
738 2965 848 3034 γὰρ
881 2964 1279 3035 βασιλευούσης
1309 2963 1527 3033 φύσεως
1581 2967 1615 3034 ή
1669 2966 1937 3033 ἀνάγκαις

356 3059 509 3111 τισὶν
540 3057 925 3125 ὑπεζευγμένη
947 3072 1007 3109 τε
1039 3057 1132 3109 καὶ
1176 3056 1504 3109 δουλεύουσα
1536 3057 1655 3121 πῶς
1692 3057 1936 3111 ἂνείκὼν

356 3149 721 3218 ὀνομάζοιτος
774 3147 984 3201 Οὐκοῦν
1016 3146 1076 3199 τὺ
1109 3146 1197 3201 διὰ
1245 3149 1463 3201 πάντων
1512 3147 1653 3217 πρὸς
1682 3148 1744 3201 τὸ
1781 3148 1936 3202 Θείον

354 3240 725 3311 ὡμοιωμένον
754 3237 862 3291 ἔδει
897 3238 1117 3301 πάντως
1149 3237 1294 3307 ἔχειν
1344 3238 1402 3290 ἐν
1433 3241 1499 3309 τῇ
1538 3238 1696 3305 φύσει
1746 3241 1807 3293 τὸ
1838 3241 1936 3292 αύ-

355 3330 631 3399 τοκρατὲς
666 3328 763 3383 καὶ
788 3328 1112 3389 ἀδέσποτον,
1169 3327 1310 3380 ὥστε
1341 3323 1507 3380 ἆθλον
1540 3328 1749 3398 ἀρετῆς
1792 3324 1937 3383 εἶναι.

358 3423 468 3492 τὴν
497 3422 606 3474 τῶν
642 3420 867 3490 ἀγαθῶν
903 3416 1220 3489 μετουσίαν.
1256 3417 1429 3470 Πόθεν
1459 3414 1575 3483 οὖν,
1607 3419 1775 3487 ἐρεῖς,
1794 3421 1822 3471 ό
1846 3419 1935 3471 διὰ

362 3516 595 3569 πάντων
623 3516 735 3577 τοῖς
764 3512 1077 3573 καλλίστοις
1109 3510 1477 3580 τετιμημένος
1515 3510 1585 3563 τά
1621 3511 1793 3581 χείρω
1826 3515 1936 3563 τῶν

360 3602 602 3672 ἀγαθῶν
651 3600 1066 3670 ἀντηλλάξατο;
1100 3598 1284 3667 Σαφὴς
1332 3599 1428 3651 καὶ
1482 3599 1511 3650 ό
1569 3599 1701 3668 περὶ
1746 3599 1937 3652 τούτου

358 3697 553 3764 λόγος.
591 3692 836 3763 Οὐδεμία
867 3692 1042 3745 κακοῦ
1072 3692 1287 3758 γένεσις
1318 3692 1384 3744 ὲκ
1415 3688 1511 3743 τοῦ
1549 3690 1693 3744 θείου
1739 3691 1938 3761 βουλή-

361 3800 544 3856 ματος
572 3782 669 3853 τὴν
702 3780 876 3852 ἀρχὴν
902 3780 1060 3851 ἔσχεν
1084 3796 1099 3811 ο
1136 3776 1170 3850 ἦ
1224 3780 1332 3851 γὰρ
1390 3781 1458 3835 ἂν
1503 3780 1611 3846 ἔξω
1676 3783 1940 3853 μέμψεως

355 3875 438 3949 ἦν
472 3878 507 3946 ἡ
532 3876 724 3941 κακία,
756 3875 890 3927 Θεὸν
922 3873 1100 3942 αὐτῆς
1133 3875 1558 3945 ἐπιγραφομένη
1589 3877 1821 3946 ποιητὴν
1845 3881 1939 3932 καὶ

354 3969 606 4040 πατέρα.
666 3967 803 4022 Ἀλλ’
835 3968 1108 4038 ἐμφύεται
1138 3984 1253 4030 πως
1311 3967 1370 4019 τὸ
1400 3968 1571 4021 κακὸν
1609 3967 1811 4032 ἔξωθεν
1872 3973 1938 4041 τῇ

356 4060 711 4131 προαιρέσει,
738 4061 861 4112 τότε
903 4058 1320 4128 συνιστάμενον,
1384 4060 1513 4112 ὅταν
1541 4077 1627 4122 τις
1683 4062 1794 4115 ἀπὸ
1845 4062 1940 4115 τοῦ

356 4149 538 4206 καλοῦ
588 4151 811 4218 γένηται
856 4150 955 4218 τῆς
998 4149 1178 4219 ψυχῆς
1236 4150 1611 4220 ἀναχώρησις.
1672 4153 1941 4223 Καθάπερ

358 4243 482 4313 γὰρ
512 4243 546 4311 ἡ
576 4242 673 4312 μὲν
696 4243 890 4311 ὅρασις
924 4240 1143 4310 φύσεώς
1197 4242 1347 4294 ἐστιν
1378 4243 1656 4314 ἐνέργεια,
1691 4247 1725 4314 ἡ
1747 4246 1940 4318 δὲ·πή-

362 4352 543 4407 ρωσις
573 4334 833 4404 στέρησίς
873 4336 990 4386 ἐστι
1040 4333 1138 4402 τῆς
1169 4333 1408 4402 φυσικῆς
1445 4335 1762 4405 ἐνεργείας·
1797 4337 1939 4392 οὕτω

371 4426 477 4480 καὶ
507 4428 539 4494 ἢ
570 4424 740 4494 ἀρετὴ
764 4425 901 4493 πρὸς
962 4422 1061 4492 τὴν
1094 4422 1294 4476 κακίαν
1320 4423 1806 4495 ἀντικαθέστηκεν.
1861 4429 1936 4482 Οὐ

2050 1970 2104 2015 et
2164 1962 2429 2018 molestiis
2484 1965 2855 2034 aerumnisque
2906 1979 3323 2036 premamur,et
3378 1972 3624 2041 pristinis

2048 2052 2347 2107 commodis
2384 2053 2580 2122 privati
2608 2055 2800 2111 simus.
2835 2056 2939 2122 Qui
2986 2059 3131 2112 enim
3171 2060 3445 2114 hominem
3497 2080 3624 2131 pro-

2047 2142 2287 2209 priorum
2363 2144 2632 2198 bonorum
2708 2147 3030 2217 participem
3086 2149 3311 2215 fecerat,
3391 2154 3622 2222 ejusque

2046 2244 2253 2287 naturae
2320 2234 2597 2289 inseverat
2641 2236 2906 2290 virtutum
2973 2239 3216 2293 omnium
3271 2243 3501 2307 semina,
3564 2253 3623 2297 ut

2047 2324 2273 2392 singulis
2352 2325 2587 2379 vicissim
2679 2327 2992 2382 excolendis
3059 2329 3127 2382 ad
3209 2331 3621 2386 similitudinem

2046 2428 2198 2468 suam
2231 2414 2635 2482 incenderetur,
2682 2416 3028 2484 pulcherrimi
3079 2433 3142 2472 ac
3190 2422 3622 2489 praestantissimi

2046 2508 2308 2570 muneris,
2364 2507 2549 2562 liberae
2585 2508 2844 2561 nimirum
2894 2518 2949 2563 et
2983 2510 3186 2565 nullius
3231 2512 3457 2581 imperio
3492 2515 3621 2567 sub—

2042 2597 2203 2666 jectae
2232 2598 2547 2661 voluntatis,
2577 2610 2855 2666 expertem
2898 2615 3008 2654 non
3040 2601 3367 2670 reliquisset.
3407 2605 3621 2659 Etenim

2046 2688 2095 2742 si
2145 2703 2251 2755 qua
2301 2687 2598 2742 necessitas
2632 2688 2884 2743 humana:
2934 2690 3056 2744 vitae
3101 2691 3298 2747 fuisset
3345 2695 3618 2764 imposita,

2042 2778 2234 2833 falsam
2259 2778 2315 2833 in
2336 2794 2399 2835 ea
2421 2779 2637 2849 quidem
2659 2789 2814 2849 parte
2839 2781 3127 2854 imaginem
3154 2786 3448 2851 retulisset,
3488 2789 3621 2842 alie-

2045 2881 2222 2937 naque
2258 2869 2326 2922 ab
2368 2870 2666 2939 exemplari
2699 2879 2922 2939 propter
2969 2871 3467 2927 dissimilitudinem
3530 2888 3625 2928 cx-

2045 2957 2293 3012 stitisset.
2325 2959 2428 3023 Qui
2476 2957 2625 3012 enim
2675 2958 3098 3013 necessitatibus
3150 2960 3387 3013 obnoxia
3438 2962 3624 3015 descr-

2045 3049 2310 3118 viensque
2377 3058 2573 3103 natura
2651 3050 2933 3118 regnantis
2984 3049 3161 3119 imago
3214 3051 3625 3107 nominaretur?

2045 3138 2343 3209 Oportebat
2374 3140 2557 3209 igitur,
2598 3149 2676 3205 ut,
2714 3140 2860 3208 quod
2891 3140 2945 3194 in
2996 3141 3252 3196 omnibus
3286 3141 3397 3200 Deo
3444 3144 3625 3198 simila

1964 3193 2006 3251 θ
2045 3231 2248 3286 factum
2321 3240 2458 3295 erat,
2508 3240 2716 3284 natura!
2766 3230 3075 3285 libertatem
3130 3231 3335 3285 nullius
3394 3234 3621 3302 imperio

2044 3324 2343 3393 subjectam
2408 3321 2702 3386 obtineret,
2759 3329 2819 3375 ut
2874 3322 3091 3376 virtutis
3144 3325 3423 3391 praemium
3477 3336 3625 3380 esset

2046 3415 2316 3469 bonorum
2367 3412 2606 3483 adeptio.
2659 3412 2770 3469 Cur
2825 3411 3008 3482 igitur,
3079 3413 3317 3483 inquies,
3371 3417 3463 3485 qui
3502 3418 3625 3487 pul-

2038 3507 2331 3562 cherrimis
2355 3505 2611 3560 onmibus
2640 3504 2857 3560 dotibus
2880 3512 3105 3563 ornatus
3129 3516 3267 3571 erat,
3292 3510 3430 3562 mala
3465 3510 3622 3565 bonis

2038 3582 2386 3669 anteposuit?
2414 3596 2610 3653 Facilis
2637 3606 2693 3650 et
2718 3596 2784 3649 ad
2816 3596 2919 3650 hoc
2963 3597 3247 3666 responsio
3285 3610 3390 3655 est.
3432 3601 3624 3656 Nullus

2047 3694 2175 3749 mali
2245 3702 2397 3747 ortus
2464 3708 2495 3746 a
2558 3692 2651 3747 Dei
2724 3691 3002 3746 voluntate
3050 3693 3378 3762 principium
3437 3695 3620 3756 habet.

2046 3786 2259 3856 Alioqui
2313 3786 2507 3840 vitium
2556 3784 2879 3854 reprehendi
2930 3798 3040 3838 non
3087 3794 3296 3853 posset,
3351 3784 3396 3839 si
3452 3787 3622 3841 Deum
3666 3796 3673 3803 ‘

2049 3890 2323 3935 auctorem
2365 3892 2523 3931 suum
2578 3888 2633 3932 et
2676 3891 2896 3932 causam
2946 3874 3185 3931 afferret.
3217 3876 3323 3932 Sed
3356 3877 3623 3930 extrinse-

2048 3988 2146 4026 cus
2176 3967 2573 4039 quodammodo
2618 3969 2819 4021 malum
2871 3968 3192 4033 innascitur,
3237 3984 3362 4023 cum
3408 3971 3624 4026 animus

2048 4058 2326 4128 proposito
2379 4070 2443 4109 ac
2490 4055 2767 4108 voluntate
2815 4070 2913 4108 sua
2944 4057 3149 4110 recedit
3190 4059 3257 4109 ab
3313 4059 3622 4115 honestate.

2047 4152 2183 4204 Nam
2236 4158 2297 4202 ut
2348 4148 2496 4203 visus
2546 4156 2627 4201 est
2684 4146 2827 4201 actio
2877 4156 3104 4211 naturae,
3163 4150 3376 4206 caecitas
3437 4162 3621 4209 autem

2048 4241 2278 4312 privatio
2322 4238 2583 4294 naturalis
2632 4239 2887 4303 actionis,
2948 4240 3029 4293 sic
3075 4240 3247 4294 virtus
3305 4251 3357 4295 et
3428 4243 3623 4298 vitium

2050 4335 2192 4389 inter
2219 4329 2575 4389 secontraria
2601 4338 2747 4383 sunt.
2800 4327 2986 4398 Neque
3041 4330 3184 4384 enim
3240 4333 3397 4390 aliter
3444 4335 3620 4405 gigni-

2051 4436 2137 4481 tur
2198 4424 2411 4486 vitium,
2465 4421 2570 4475 nisi
2627 4420 2845 4474 virtutis
2914 4422 3183 4477 absentia.
3256 4425 3409 4479 Sicut
3477 4427 3623 4481 enim

373 4516 491 4585 γὰρ
513 4514 659 4567 ἔστιν
691 4516 866 4576 ἄλλως
916 4515 1115 4574 κακίας
1148 4513 1364 4580 γένεσιν
1409 4514 1660 4581 ἐννοῆσαι
1719 4515 1751 4585 ῆ
1811 4517 1937 4586 ἀρε.

2048 4520 2227 4575 ablato
2270 4514 2478 4569 luminc
2524 4516 2763 4565 tenebrze
2814 4512 3242 4581 subsequuntur,
3311 4530 3378 4571 eo
3437 4526 3623 4571 autem

360 4608 468 4674 τῆς
501 4606 759 4673 ἀπουσίᾳ.
795 4606 1008 4675 Ὥσπερ
1043 4604 1173 4673 γὰρ,
1205 4603 1298 4656 τοῦ
1322 4605 1497 4670 φωτὸς
1525 4606 1937 4676 ὑφαιρεθέντος,

359 4702 389 4753 ὁ
422 4697 588 4765 ζόφος
620 4696 1054 4766 ἐπηκολούθησε,
1104 4695 1371 4763 παρόντος
1397 4697 1451 4749 δὲ
1484 4698 1585 4749 οὐκ
1638 4699 1786 4752 ἐστιν
1812 4717 1826 4731 ο
1852 4700 1944 4753 ού-

359 4806 501 4853 τως,
538 4788 640 4849 ἕως
689 4786 755 4840 ἂν
783 4790 934 4856 παρῇ
961 4787 1020 4838 τὸ
1054 4785 1260 4852 ἀγαθὸν
1289 4786 1346 4839 ὲν
1368 4787 1433 4855 τῇ
1468 4788 1653 4853 φύσει,
1690 4790 1940 4860 ἀνύπαρ-

366 4881 504 4935 κτόν
534 4882 650 4932 ἐστι
678 4880 804 4933 καθ’
828 4878 1026 4946 ἑαυτὴν
1075 4879 1108 4948 ἡ
1139 4878 1331 4930 κακία.
1374 4877 1435 4932 Ἠ
1469 4878 1524 4933 δὲ
1566 4882 1659 4933 τοῦ
1700 4882 1943 4951 κρείττο-

365 4991 464 5035 νος
502 4972 849 5040 ἀναχώρησις
875 4970 969 5022 τοῦ
995 4970 1248 5021 ἐναντίου
1281 4971 1493 5036 γίνεται
1523 4971 1760 5039 γένεσις.
1786 4973 1945 5029 Ἐπεὶ

360 5066 464 5119 οὖν
492 5063 652 5115 τοῦτο
703 5066 804 5133 τῆς
839 5061 1319 5127 αὑτεξουσιότητός
1367 5065 1483 5114 ἐστι
1534 5064 1595 5116 τὸ
1634 5065 1851 5134 ίδίωμα,
1884 5068 1944 5120 τὸ

369 5156 496 5211 κατ’
527 5156 775 5220 ἐξουσίαν
804 5153 1089 5224 αἱρεῖσθαι
1114 5152 1177 5204 τὸ
1205 5152 1563 5223 καταθύμιον,
1621 5156 1717 5225 οὐχ
1747 5158 1774 5208 ὁ
1810 5157 1945 5221 Θεός

362 5265 453 5302 σοι
506 5244 617 5300 τῶν
651 5246 939 5314 παρόντων
973 5247 1119 5298 ἐστὶν
1145 5245 1319 5309 αἴτιος
1366 5245 1575 5311 κακῶν,
1640 5247 1937 5303 ὰδέσποτόν

2051 4617 2319 4680 praesente
2377 4604 2538 4659 nullae
2564 4609 2712 4666 sunt,
2764 4602 2839 4654 ita
2881 4604 3123 4671 quandin
3186 4613 3269 4658 est
3327 4605 3379 4657 in
3435 4614 3624 4657 natura

2052 4702 2283 4761 bonum,
2344 4698 2543 4751 malum
2601 4708 2700 4762 per
2746 4709 2802 4747 se
2878 4695 3011 4750 nihil
3054 4704 3156 4749 est.
3221 4694 3370 4747 Burro
3438 4704 3623 4749 autem

2051 4792 2338 4846 recedente
2382 4791 2715 4845 contrarium
2753 4788 3074 4858 ingreditur.
3128 4787 3263 4841 Cum
3300 4786 3463 4856 igitur
3487 4787 3627 4842 libe-

2050 4898 2124 4938 ne
2153 4884 2446 4937 voluntatis
2494 4883 2595 4937 hoc
2626 4883 2903 4952 proprium
2938 4882 3029 4944 sit,
3072 4887 3130 4933 ut
3178 4878 3446 4932 arbitratu
3499 4896 3621 4943 suo,

2044 4974 2187 5043 quod
2222 4975 2392 5045 magis
2430 4974 2581 5036 libet,
2613 4972 3007 5041 complectatur
3041 4971 3201 5035 Deus,
3248 4969 3340 5039 qui
3389 4970 3617 5024 liberam

2050 5066 2144 5120 tibi
2196 5074 2449 5120 naturam
2502 5065 2714 5129 tribuit,
2773 5074 2990 5137 tuorum
3041 5079 3150 5118 non
3219 5071 3304 5119 est
3358 5063 3623 5117 malorum

2048 5166 2261 5219 auctor,
2289 5158 2384 5211 sed
2416 5155 2692 5209 temeritas
2726 5164 2837 5221 tua,
2869 5171 2989 5237 quae
3045 5154 3360 5209 melioribus
3408 5154 3625 5207 omissis
3664 5190 3669 5225 ρ

2049 5250 2319 5307 deteriora
2351 5252 2728 5321 consequitur.

359 5357 423 5391 τε
462 5339 555 5393 καὶ
625 5339 813 5392 ἅνετὸν
870 5355 950 5390 σοι
1004 5338 1420 5395 κατασκευάσας
1454 5336 1554 5406 τὴν
1599 5336 1787 5406 φύσιν,
1851 5340 1965 5395 ἀλλ’
2008 5342 2325 5414 ἡάὅουλία,
2377 5342 2440 5395 τὸ
2499 5344 2681 5414 χεῖρον
2713 5341 2835 5398 ἀντὶ
2883 5341 2978 5395 τοῦ
3020 5344 3330 5412 κρείττονος
3398 5336 3625 5408 προελο-

365 5436 529 5506 μένη.

789 5522 890 5577 Ἐκ
923 5522 1031 5575 τοῦ
1057 5522 1244 5576 αὑτοῦ
1284 5524 1491 5592 λόγου.

440 5618 567 5671 Ὅτι
603 5615 702 5686 μὲν
738 5615 1151 5682 ἐκτραπὴσεται
1208 5613 1303 5664 τοῦ
1354 5613 1562 5680 ἀγαθοῦ
1621 5614 1681 5666 τὸ
1726 5613 1941 5684 ἀνθρώ-

364 5726 547 5772 πινον,
605 5708 707 5759 οὐκ
764 5706 1035 5774 ἠγνόησεν
1079 5706 1106 5756 ό
1154 5706 1331 5757 πάντα
1386 5705 1816 5774 ὲμπερικρατῶν
1873 5710 1939 5776 τῇ

372 5803 646 5874 γνωστικῇ
696 5797 945 5867 δυνάμει,
1001 5798 1093 5849 καὶ
1128 5798 1187 5849 τὸ
1228 5796 1427 5864 ἐφεξῆς
1469 5798 1548 5869 τῷ
1580 5799 1939 5868 παρῳχηκότι

666 5894 931 5952 PATROL.
981 5892 1098 5952 Gn.
1149 5892 1388 5953 CXXX.

2549 5522 2631 5575 Ea:
2662 5523 2843 5576 eadem
2872 5524 3129 5579 oratione.

2123 5612 2405 5668 llominem
2433 5628 2461 5665 a
2488 5613 2631 5667 bono
2657 5629 3000 5668 recessurum
3027 5612 3434 5689 nonignorahat
3460 5614 3625 5681 Deus,

2051 5706 2141 5775 qui
2192 5704 2419 5759 scientia
2474 5720 2571 5757 sua
2616 5713 2813 5757 cuncta
2860 5705 3298 5772 comprehendit,
3347 5715 3402 5761 et
3446 5706 3627 5762 futura

2050 5799 2279 5870 perinde
2354 5807 2516 5866 atque
2567 5797 2856 5867 praesentia
2927 5807 3241 5853 contuetur.
3300 5800 3495 5855 Verum
3569 5812 3627 5855 ut

3276 5900 3311 5954 7
