4120 6292
409 412 522 475 205

1356 400 1733 464 PANOPLIA
1773 392 2233 457 DOGMATICA.
2276 416 2347 425 -
2385 389 2532 450 ΤΙΤ.
2576 387 2669 448 VI.

3541 373 3648 437 €06

405 520 729 591 ἀγαθότητα
756 517 851 571 καὶ
883 514 983 587 τὴν
1016 514 1232 585 σοφίαν,
1267 514 1354 568 ἵνα
1408 513 1555 580 ἆπερ
1617 510 1768 564 ἐστὶν
1809 506 1975 569 αὐτὸς
2004 557 2007 566 ι

2112 501 2245 558 nimi
2288 501 2515 574 largitus
2562 508 2646 554 est
2687 492 3012 553 habitudini.
3063 499 3121 546 ut
3160 504 3281 560 qua:
3318 502 3417 559 per
3461 502 3651 543 essen-

407 613 532 669 κατ’
558 612 771 675 οὐσίαν,
806 607 1033 676 γένηται
1064 607 1098 676 ἡ
1138 604 1316 668 κτίσις
1346 604 1491 658 κατὰ
1527 603 1844 673 μετουσίαν.
1874 598 1974 652 Διὰ

406 705 583 759 ταῦτα
645 701 743 754 καὶ
802 699 925 753 κατ’
972 700 1159 752 εἰκόνα
1211 696 1369 763 Θεοῦ,
1411 699 1509 750 καὶ
1550 695 1674 749 καθ’
1713 694 1978 763 ὁμοίωσιν

407 800 438 851 ὁ
469 794 758 863 ἄνθρωπος
791 784 1267 859 δημιουργηθῆναι
1307 788 1561 856 λέγεταί·
1618 784 1739 839 κατ’
1794 782 1982 837 εἰκόνα

412 884 540 955 μὲν,
568 881 638 944 ὡς
657 880 811 942 ὄντος
844 877 940 941 ὢν,
986 877 1081 931 καὶ
1120 877 1207 930 ἀεὶ
1242 876 1395 940 ὄντος
1436 876 1526 929 ἀεὶ
1558 874 1655 939 ὢν,
1699 874 1749 927 εἰ
1781 873 1875 927 καὶ
1905 872 1983 942 μὴ

414 973 673 1044 ἀνάρχως
713 967 901 1032 αὐτὸς,
939 965 1057 1020 ἀλλ’
1108 966 1511 1036 ἀτελευτήτως·
1549 964 1675 1020 καθ’
1719 962 1981 1033 ὁμοίωσιν

414 1068 497 1131 δὲ,
534 1066 609 1129 ὡς
638 1060 849 1132 ἀγαθοῦ
874 1060 1108 1130 ἀγαθὸς,
1155 1060 1249 1113 καὶ
1281 1059 1449 1128 σοφοῦ
1476 1058 1661 1127 σοφὸς,
1713 1056 1810 1111 τοῦ
1840 1052 1985 1109 κατὰ

413 1157 583 1227 φύσιν
623 1157 651 1208 ὁ
690 1153 831 1206 κατὰ
887 1152 1070 1221 χάριν.
1112 1150 1274 1205 Ἀλλὰ
1329 1148 1451 1203 κατ’
1491 1151 1677 1203 εἰκόνα
1726 1147 1827 1218 μέν
1876 1147 1985 1200 εἰσι

412 1247 623 1307 πάντες
665 1242 855 1305 ἁπλῶς
883 1240 1193 1311 ἄνθρωποι,
1229 1238 1640 1310 καθ’ὁμοίωσιν
1661 1236 1715 1291 δὲ
1751 1237 1908 1307 μόνοι
1933 1235 1984 1289 οἰ

417 1332 622 1404 ἁγαθοὶ
651 1332 745 1387 καὶ
773 1331 950 1400 σοφοί.

1029 1575 1143 1630 Τοῦ
1196 1574 1405 1630 αὐτοῦ.
1810 1616 1825 1627 κ

496 1671 658 1726 Πᾶσα
694 1670 891 1738 λογικὴ
920 1669 1016 1722 καὶ
1058 1668 1223 1739 νοερὰ
1256 1666 1415 1720 οὐσία
1430 1666 1685 1738 διῄρηται
1718 1667 1801 1732 εἰς
1816 1670 1989 1743 τετὴν

425 1760 728 1831 ἀγγελικὴν
780 1759 876 1813 καὶ
905 1759 1006 1829 τὴν
1052 1759 1404 1829 ἀνθρωπίνην
1435 1760 1599 1826 φύσιν
1625 1772 1639 1787 ·
1698 1759 1794 1813 καί
1826 1761 1859 1827 ἡ
1893 1759 1991 1828 μὲν

424 1851 699 1924 ὀγγελικὴ
740 1853 995 1924 διῄρηται
1052 1853 1215 1907 πάλιν
1248 1854 1330 1917 εἰς
1366 1851 1459 1905 δύο
1500 1854 1800 1915 καθολικὰς
1851 1852 1995 1922 γνὼ-
2022 1830 2071 1892 Β

425 1964 536 2015 μας
581 1945 675 1998 καὶ
700 1946 937 2012 ἀγέλας,
969 1946 1050 2007 εἰς
1111 1943 1274 2011 ἁγίας
1337 1959 1398 1996 τε
1445 1944 1715 2014 Δυνάμεις
1768 1943 1864 1997 καὶ
1912 1944 1994 2005 εἰς

420 2041 646 2105 ἐναγεῖς
702 2036 1000 2106 δαίμοναςο
1038 2036 1071 2101 ἡ
1111 2035 1168 2087 δὲ
1201 2034 1521 2105 ἀνθρωπίνη
1560 2035 1725 2090 πάλιν
1788 2038 1869 2098 εἰς
1900 2033 1994 2088 δύο

422 2128 728 2191 καθολικιὶις
754 2127 981 2198 γνώμας
1009 2126 1104 2180 καὶ
1129 2125 1354 2195 ἀγέλας,
1401 2127 1482 2191 εἰς
1510 2125 1754 2191 εὐσεϐεῖς
1783 2129 1878 2181 καὶ
1912 2127 1995 2190 εἰς

425 2222 673 2285 ἀσεὸεῑς.

1031 2309 1144 2365 Τοῦ
1185 2309 1396 2365 αὐτοῦ.

501 2403 709 2473 Νοερδν
732 2404 833 2475 μέν
854 2404 973 2457 ἐστι
1013 2404 1077 2456 τὸ
1124 2402 1309 2469 νοοῦν,
1359 2402 1549 2473 νοητὸν
1580 2402 1637 2456 δὲ
1677 2403 1990 2473 νοούμενον.

428 2494 622 2565 Τροφὴ
641 2494 694 2548 δέ
742 2511 865 2548 τινα
904 2493 995 2548 τοῦ
1048 2494 1296 2559 νοοῦντος
1351 2493 1551 2566 τρόπον
1586 2496 1650 2548 τὸ
1687 2494 1997 2565 νοούμενον.

433 2585 596 2640 Οὕτω
622 2586 720 2657 μὲν
756 2581 850 2641 οὗν
871 2586 1097 2659 κυρίως·
1141 2587 1390 2659 λέγονται
1421 2587 1479 2642 δὲ
1513 2586 1614 2641 καὶ
1644 2585 1875 2654 ἐναλλὰξ
1897 2605 1999 2642 κα-

430 2679 838 2750 ταχρηστικῶς.

1019 2856 1134 2914 Τοῦ
1162 2858 1371 2914 αὐτοῦ.

508 2950 781 3022 Ζητητέον
808 2952 923 3012 τοῖς
963 2950 1406 3022 σπουδαιοτέροις
1442 2949 1563 3004 τίνα
1603 2951 1840 3023 καθήκει
1863 2953 2003 3008 νοεῖν

433 3039 577 3096 εἶναι
597 3039 666 3095 τὰ
696 3040 853 3111 ἔργα,
882 3034 958 3094 ὧν
988 3040 1190 3112 ἤρξατο
1235 3040 1337 3111 τῆς
1368 3043 1634 3109 γενέσεως
1663 3043 1692 3094 ὁ
1724 3042 1878 3109 Θεὸς,
1907 3044 2005 3097 καὶ

434 3133 564 3185 τίνα
613 3132 782 3186 πάλιν
811 3125 886 3185 ὧν
923 3132 1028 3183 οὐκ
1055 3131 1283 3202 ἤρξατο.
1315 3131 1379 3184 Εἰ
1409 3132 1519 3203 γὰρ
1558 3132 1778 3187 πάντων
1836 3132 2002 3186 κατέ-

435 3242 615 3278 παυσε
636 3226 744 3279 τῶν
774 3224 952 3294 ἔργων
975 3214 1049 3280 ὧν
1074 3222 1276 3295 ἧρξατο
1311 3224 1555 3293 ποιῆσαι,
1582 3224 1738 3296 δῆλον
1764 3226 1840 3289 ὡς
1864 3226 2007 3279 ὲκεί-

442 3334 553 3370 νων
586 3316 646 3369 οὐ
673 3315 1044 3381 κατέπαυσεν,
1097 3307 1171 3368 ὧν
1214 3316 1314 3369 οὐκ
1352 3314 1556 3386 ἧρξατο
1620 3317 1863 3387 ποιῆσαι.
1916 3316 2010 3386 Μή

438 3424 575 3461 ποτε
636 3403 729 3460 οῦν
780 3406 917 3476 ἔργα
954 3405 1055 3475 μὲν
1123 3406 1240 3459 θεῖα
1307 3406 1576 3477 χρονικῶς
1618 3409 1871 3478 ὴργμένα
1912 3409 2009 3461 τοῦ

440 3495 712 3551 εἷναίείσι
747 3498 927 3549 πάντα
968 3496 1036 3548 τὰ
1058 3495 1153 3549 τοῦ
1216 3492 1358 3551 εἶναι
1414 3500 1730 3567 μετέχοντα,
1784 3494 1896 3554 οἷον
1953 3503 2011 3553 αἰ

439 3588 689 3657 διάφοροι
714 3587 823 3640 τῶν
859 3587 1028 3641 ὄντων
1059 3587 1260 3641 οὐσίαι·
1300 3588 1362 3641 τδ
1395 3589 1502 3660 γὰρ
1561 3590 1636 3661 μὴ
1689 3590 1750 3644 ὃν
1800 3590 2014 3661 ἔχουσιν

443 3681 628 3734 αὐτῶν
684 3680 780 3734 τοῦ
813 3676 953 3733 εἶναι
990 3680 1382 3753 πρισΰύτερον.
1432 3678 1541 3737 Ἦν
1590 3686 1698 3755 γάρ
1751 3701 1883 3738 ποτε
1925 3686 2015 3739 ὅτε

441 3772 548 3823 οὐκ
574 3765 662 3839 ἦν.
700 3768 880 3839 Ἔργα
909 3768 1130 3823 δὲὌεοῦ
1159 3772 1259 3824 οὐκ
1282 3772 1533 3842 ὴργμένα
1567 3772 1858 3843 χρονικῶς,
1885 3775 2015 3829 ὄντα

450 3860 711 3931 μεθεκτὰ,
748 3856 822 3913 ὧν
855 3861 997 3912 κατὰ
1030 3860 1190 3931 χάριν
1223 3864 1514 3930 μετέχουσι
1547 3865 1617 3918 τὰ
1667 3863 1797 3917 ὄντα
1855 3866 2016 3934 μετέω

446 3970 635 4023 κοντα,
664 3949 775 4005 οἷον
811 3955 845 4024 ἡ
884 3953 1158 4024 ἀγαθότης
1204 3954 1296 4007 καὶ
1332 3955 1439 4006 πᾶν
1463 3956 1517 4008 εί
1550 3973 1603 4008 τι
1639 3955 1715 4025 τῷ
1744 3957 1842 4025 τῆς
1878 3959 2020 4025 ἁγα-

446 4046 674 4114 θότητος
700 4044 1086 4115 ἐμπεριέχεται
1120 4044 1265 4114 λόγῳ
1293 4063 1307 4077 ο
1347 4047 1444 4100 καὶ
1473 4046 1662 4109 ἁπλῶς
1692 4050 1842 4101 πᾶσα
1879 4047 2015 4119 ζωὴ,

450 4138 547 4189 καί
569 4135 861 4198 ἀθανασία,
896 4136 988 4190 καὶ
1024 4135 1291 4205 ἁπλότης,
1323 4139 1419 4189 καὶ
1452 4137 1709 4207 ἀτρεψία,
1743 4141 1838 4193 καὶ
1861 4141 2018 4193 ἀπει-

452 4225 564 4293 ρία,
596 4224 689 4276 καὶ
713 4226 813 4277 ὅσα
844 4226 971 4295 περί
1017 4225 1151 4278 Θεὸν
1207 4226 1483 4290 οὑσιωδῶς
1519 4228 1826 4299 θεωρεῖται,
1864 4230 2022 4285 ἅτινα

448 4311 545 4363 καὶ
578 4309 715 4381 ἔργα
748 4311 882 4365 Θεοῦ
923 4312 1050 4377 εἰσι,
1082 4313 1177 4366 καὶ
1205 4313 1304 4367 οὐκ
1341 4315 1593 4385 ὴργμένα
1618 4318 1908 4387 χρονικῶς.
1943 4319 2018 4372 Οὐ

448 4401 559 4472 γάρ
588 4419 718 4454 ποτε
746 4402 1117 4474 πρεσϐύτερον
1143 4404 1344 4474 ἀρετῆς
1375 4406 1435 4459 τὸ
1458 4406 1556 4460 οὐκ
1585 4403 1677 4478 ἦν,
1708 4408 1831 4462 οὐδέ
1874 4425 2021 4473 τινος

2084 595 2214 650 tiam
2272 593 2385 664 ipse
2441 603 2547 658 est,
2599 601 2788 643 eorum
2853 600 2942 639 res
3004 588 3301 653 procreatas
3355 577 3653 648 participes

2084 684 2297 740 ﬁerent.
2328 682 2696 748 Quamobrem
2743 678 2904 731 homo
2946 673 3122 728 factus
3169 684 3288 726 esse
3335 670 3534 724 dicitur
3585 669 3651 721 ad

2082 775 2370 845 imaginem
2434 782 2488 827 et
2520 771 2586 826 ad
2619 764 3026 824 similitudinem
3068 761 3183 817 Dei.
3233 761 3315 815 Ad
3361 758 3654 830 imaginem

2084 866 2325 936 quidem,
2352 861 2605 935 quoniam
2641 876 2705 915 ex
2736 874 2821 925 eo,
2850 854 2941 927 qui
2976 865 3078 918 est,
3100 853 3309 909 exsistit
3347 868 3363 906 :
3403 860 3457 907 et
3493 866 3556 904 ex
3592 864 3658 905 eo

2084 945 2177 1027 qui
2231 969 2447 1024 semper
2494 962 2597 1017 est,
2654 964 2870 1019 semper
2924 946 3156 1002 exsistit.
3206 942 3463 1009 Quamvis
3510 941 3658 995 enim

2084 1060 2197 1101 non
2252 1043 2373 1098 sine
2426 1038 2695 1113 principio
2759 1038 2850 1102 sit,
2937 1048 3216 1103 nunquam
3295 1041 3476 1085 tamen
3538 1042 3661 1083 esse

2088 1135 2323 1192 desinet.
2350 1132 2431 1189 Ad
2480 1129 2892 1188 similitudinem
2940 1142 3088 1193 vero,
3140 1124 3397 1196 quoniam
3439 1137 3467 1176 a
3516 1122 3662 1176 bono

2088 1227 2284 1290 bonus,
2313 1234 2368 1279 et
2390 1240 2423 1279 a
2454 1224 2697 1293 sapiente
2731 1221 2966 1292 sapiens,
3001 1219 3130 1273 licet
3166 1218 3254 1272 ille
3286 1219 3355 1271 sit
3394 1212 3661 1284 ejusmodi

2090 1329 2191 1387 per
2242 1322 2516 1387 naturam,
2584 1312 2700 1381 ipse
2766 1317 2948 1365 autem
3006 1322 3105 1379 per
3155 1307 3405 1378 gratiam.
3466 1304 3663 1359 Verum

2092 1385 2216 1460 cum
2243 1385 2437 1459 omnes
2468 1403 2669 1474 pariter
2694 1400 2940 1457 homines
2972 1399 3041 1454 ad
3070 1398 3359 1470 imaginem
3392 1396 3524 1460 sint,
3566 1394 3665 1451 soli

2093 1498 2223 1554 boni
2253 1497 2636 1568 sapientesque
2681 1504 2808 1550 sunt
2837 1495 2903 1549 ad
2945 1491 3381 1550 similitudinem.

2761 1586 3012 1656 Ejusdem
3021 1625 3036 1639 .

2168 1678 2419 1734 Essentia
2443 1678 2641 1743 omnis,
2680 1692 2801 1746 qua:
2834 1675 3043 1730 ratione
3095 1689 3160 1729 ac
3204 1682 3389 1729 mente
3447 1671 3669 1740 praedita

2099 1783 2206 1839 est,
2242 1773 2297 1827 in
2324 1771 2623 1842 angelicam
2660 1778 2912 1823 naturam
2953 1766 3216 1822 dividitur
3266 1776 3322 1821 et
3348 1767 3667 1821 humanam.

2096 1861 2354 1934 Angelica
2382 1875 2597 1914 rursum
2648 1859 2705 1914 in
2735 1860 2871 1913 duas
2901 1855 3070 1911 veluti
3113 1856 3314 1911 classes
3371 1866 3673 1925 gregesque
3754 1919 3757 1922 _

2095 1951 2422 2018 secernitur,
2437 1950 2492 2004 in
2514 1958 2729 2005 sanctas
2750 1947 3078 2010 Potestates,
3102 1953 3155 2001 et
3179 1944 3545 2000 exsecrandos
3568 1948 3677 1998 dae-

2096 2059 2307 2100 mones.
2325 2042 2571 2097 Humana
2588 2042 2718 2096 item
2739 2049 2956 2095 secatur
2974 2037 3029 2093 in
3048 2042 3184 2095 duas
3196 2045 3399 2109 partes,
3423 2037 3476 2090 in
3499 2035 3675 2091 homi—

2096 2150 2198 2193 nes
2230 2135 2350 2206 pios
2396 2142 2449 2189 et
2484 2131 2696 2204 impios.

2744 2307 3025 2379 Ejusdem.

2169 2401 2483 2471 lntelligens
2508 2398 2709 2454 dicitur
2746 2399 2821 2462 id,
2855 2397 3001 2467 quod
3034 2405 3218 2451 mente
3245 2396 3433 2450 utitur.
3472 2394 3680 2450 Intelli-

2100 2492 2245 2562 gitur
2269 2488 2508 2558 id,quod
2532 2496 2716 2541 mente
2761 2483 3274 2555 comprehenditur.
3319 2482 3678 2552 lntelligentis

2101 2582 2255 2637 cibus
2284 2578 2682 2650 quodammodo
2714 2585 2799 2631 est
2848 2576 2927 2639 id,
2972 2576 3115 2646 quod
3150 2575 3332 2630 animo
3387 2584 3680 2643 menteque

2102 2671 2504 2744 percipitur.lta
2522 2668 2740 2749 quidem
2762 2666 2982 2739 proprie
3002 2683 3016 2734 ;
3035 2666 3259 2722 abusive
3296 2678 3476 2722 autem
3503 2680 3680 2720 enun-

2106 2766 2311 2821 tiantur
2339 2762 2529 2818 ordine
2559 2770 2789 2817 mutato.

2752 2850 3027 2921 Ejusdem.

2178 2952 2225 3005 A
2280 2947 2837 3007 studiosiorihus-est
2906 2943 3368 3016 investigandum,
3432 2957 3683 3012 quaenam

2108 3042 2223 3099 sint
2261 3043 2367 3097 illae
2393 3056 2500 3105 res,
2535 3053 2671 3110 quas
2699 3039 2877 3092 facere
2910 3036 3080 3105 coepit
3119 3036 3284 3101 Deus,
3310 3043 3367 3090 et
3387 3048 3506 3104 quae
3557 3050 3679 3088 rur-

2034 3163 2078 3223 C
2110 3152 2231 3194 sum
2263 3136 2369 3190 illa:
2416 3150 2553 3205 quas
2601 3147 2881 3203 nunquam
2936 3130 3121 3199 cmpit.
3150 3129 3287 3184 Nam
3345 3129 3388 3184 si
3417 3129 3684 3199 requievit

2113 3229 2184 3285 ab
2226 3227 2502 3292 omnibus,
2534 3238 2671 3295 quas
2723 3221 2890 3293 coepit
2930 3220 3133 3287 facere,
3176 3220 3243 3274 ab
3281 3220 3388 3275 illis
3439 3221 3685 3290 profecto

2113 3334 2249 3391 quas
2292 3320 2487 3379 lacere
2537 3329 2816 3383 nunquam
2882 3313 3066 3382 cmpit,
3120 3311 3327 3381 quievit
3382 3327 3682 3382 nnnquam.

2115 3410 2323 3477 Quibus
2352 3408 2512 3479 igitur
2542 3404 2879 3475 impertitum
2910 3413 3013 3467 est,
3047 3410 3106 3457 ut
3139 3403 3269 3467 sint,
3306 3419 3383 3458 ea:
3426 3406 3689 3472 temporis

2118 3501 2319 3557 habent
2344 3496 2579 3565 initium,
2610 3497 2799 3566 quales
2827 3506 2955 3551 sunt
3002 3495 3167 3549 varia:
3224 3510 3404 3550 rerum
3460 3505 3688 3561 natum,

2084 3592 2321 3662 ,quibus
2390 3590 2567 3661 ipsum
2630 3587 2865 3643 nihilum
2922 3596 3011 3642 est
3044 3588 3343 3658 antiquius.
3377 3587 3506 3642 Fuit
3543 3591 3689 3643 enim

2120 3681 2434 3751 aliquando,
2471 3694 2594 3733 cum
2623 3678 2750 3748 ipsae
2772 3693 2881 3732 non
2929 3687 3134 3736 essent.
3192 3678 3479 3748 Temporis
3508 3690 3692 3734 autem

2121 3771 2454 3841 principium
2524 3785 2634 3824 non
2720 3770 2947 3835 habent,
3011 3786 3133 3839 qua:
3197 3770 3693 3834 communicantur,

2121 3877 2352 3930 quarum
2385 3862 2501 3915 alia:
2532 3876 2617 3915 res
2649 3876 2735 3930 pet
2776 3861 3000 3930 gratiam
3028 3860 3317 3929 participes
3345 3871 3493 3927 sunt,
3522 3862 3697 3928 qualis

2122 3963 2206 4008 est
2237 3952 2468 4015 bonitas,
2496 3961 2550 4005 et
2586 3952 2849 4021 quidquid
2897 3951 3155 4006 bonitatis
3184 3952 3394 4007 ratione
3444 3968 3699 4022 compre-

2126 4042 2405 4107 henditur,
2440 4053 2494 4097 et
2523 4043 2703 4097 omnis
2735 4042 2866 4106 vita,
2899 4051 2953 4097 et
3000 4042 3401 4108 immortalitas,
3458 4054 3514 4099 et
3575 4044 3701 4098 sim-

2126 4135 2361 4205 plicitas,
2414 4144 2469 4188 et
2516 4132 2951 4198 immutabilitas,
2989 4141 3046 4187 et
3111 4132 3376 4200 inﬁnitas,
3446 4146 3501 4191 et
3552 4151 3698 4206 qum-

2126 4241 2343 4297 cunque
2372 4227 2424 4282 in
2458 4228 2549 4281 Dci
2581 4226 2818 4281 essentia
2854 4225 3290 4291 considerantur,
3319 4244 3441 4297 quae
3485 4229 3699 4283 nullum

2127 4316 2332 4373 habent
2350 4318 2562 4371 initium
2594 4316 2878 4386 temporis.
2910 4316 3200 4386 Nunquam
3217 4318 3363 4374 enim
3384 4329 3479 4374 aut
3502 4321 3703 4376 virtute

2130 4416 2225 4465 aut
2260 4410 2366 4464 ulla
2417 4424 2602 4464 carum
2638 4423 2842 4471 rerum,
2899 4423 3020 4478 quae
3064 4420 3501 4467 commemoratae
3555 4423 3702 4480 sunt,

450 4492 613 4544 ἄλλου
644 4492 751 4545 τῶν
779 4493 1109 4563 εἰρημένων.
1155 4494 1267 4547 Οὐκ
1290 4490 1359 4565 ἦν
1393 4496 1497 4567 γάρ
1530 4513 1683 4563 ποτε,
1711 4497 1800 4552 ὅτε
1826 4500 1926 4553 οὐκ
1949 4496 2007 4572 ἦν

2129 4501 2303 4571 ipsum
2334 4499 2562 4553 nihilum
2603 4498 2707 4553 l'uit
2737 4498 3030 4568 antiquius.
3066 4497 3352 4570 Nunquam
3379 4503 3523 4555 enim
3580 4502 3704 4565 fuit,

450 4580 649 4643 ταῦτα,
680 4582 891 4654 ἀναρχά
920 4600 978 4634 τε
1001 4585 1128 4636 ὄντα
1151 4587 1440 4654 χρονικῶς,
1468 4588 1561 4641 καὶ
1592 4589 1755 4655 μόνον
1780 4590 1871 4645 τὸν
1884 4592 2018 4646 Θεὸν

456 4670 651 4741 ἔχοντα
670 4672 764 4725 τοῦ
792 4669 933 4727 εἶναι
968 4675 1347 4746 μονιμώτατον
1387 4678 1571 4742 ἁῖδίως
1599 4682 1924 4756 γεννήτορα.
1943 4684 2024 4738 Τὰ

460 4762 652 4830 μέντοι
688 4765 941 4833 ἡργμένα
997 4766 1265 4835 χρονικῶς
1312 4769 1406 4822 καὶ
1452 4772 1578 4838 εἰσί,
1636 4772 1733 4826 καὶ
1778 4772 2026 4842 λέγονται

456 4852 590 4906 τοῦθ
620 4855 776 4923 ὃπερ’
816 4857 1061 4922 καὶείσὶ,
1098 4859 1195 4911 καὶ
1229 4861 1506 4930 λέγονται.

1065 5044 1176 5099 Τοῦ
1206 5047 1395 5101 αὐτοῦ

534 5134 692 5186 Πᾶσα
726 5135 760 5206 ἡ
789 5136 952 5206 νοερὰ
986 5138 1146 5191 οὐσία
1190 5139 1287 5191 καὶ
1318 5141 1351 5210 ἡ
1386 5140 1679 5214 αἰσθητικὴ
1720 5144 1913 5198 ἔλαϐον
1937 5144 2031 5198 δυ-

462 5226 661 5295 νάμεις
708 5231 859 5298 παρὰ
890 5230 983 5283 τοῦ
1021 5232 1303 5295 κτίσαντος
1352 5234 1745 5305 ἀντιληπτικὰς
1796 5237 1905 5291 τᾶν
1950 5237 2036 5291 ὃν-

463 5320 666 5481 τωνῢοὴή
702 5321 800 5389 μὲν
832 5323 992 5393 νοερὰ
1014 5323 1110 5387 τὰς
1137 5325 1371 5395 νοήσεις,
1408 5327 1442 5397 ἡ
1475 5327 1530 5380 δὲ
1589 5328 1883 5399 αἰσθητικὴ
1934 5334 2035 5395 τὰς

467 5426 562 5463 ato
638 5428 770 5475 σεις.

467 5426 770 5475 αισυησεις.

1073 5593 1183 5648 Τοῦ
1222 5596 1431 5651 αὑτοῦ.

553 5683 610 5737 ’0
652 5683 751 5753 μὲν
782 5685 1195 5759 δημιουργήσας
1233 5688 1367 5751 Θεὸς
1428 5692 1723 5762 μετέχεται
1766 5695 1952 5764 μόνον,
2004 5698 2037 5767 ἡ

472 5776 527 5829 δὲ
562 5777 737 5840 κτίσις
773 5780 919 5833 πᾶσα
976 5778 1067 5831 καὶ
1125 5780 1363 5852 μετέχει,
1404 5784 1498 5839 καὶ
1540 5787 1883 5855 μεταδίδωσι,
1928 5791 2038 5845 Καὶ

2126 4609 2249 4649 cum
2272 4595 2355 4648 ha!
2406 4608 2516 4646 non
2549 4600 2733 4646 essent
2788 4606 2929 4659 qua),
2951 4597 3212 4660 quantum
3251 4591 3319 4645 ad
3347 4601 3557 4661 tempus
3583 4609 3707 4663 per-

2130 4687 2286 4751 tinet,
2336 4687 2455 4740 sine
2535 4683 2803 4753 principio
2829 4691 2976 4746 sunt,
3027 4690 3080 4737 ct
3103 4682 3172 4736 ab
3209 4682 3358 4736 omni
3396 4684 3706 4737 :eternitate

2130 4780 2304 4836 solum
2332 4779 2501 4832 Deum
2528 4776 2734 4830 habent
2763 4784 3065 4837 auctorem,
3108 4781 3169 4827 ut
3192 4772 3323 4827 sint.
3347 4773 3483 4827 Nam
3504 4793 3623 4845 quia)
3650 4778 3704 4831 in

2134 4879 2374 4940 temporc
2399 4875 2685 4938 coeperunt
2704 4880 2844 4931 esse,
2862 4873 3081 4931 etsunt,
3101 4865 3428 4921 ctdicuntur
3458 4867 3510 4922 id
3530 4869 3705 4939 ipsum

2133 4965 2275 5033 quod
2309 4971 2455 5028 sunt,
2488 4970 2542 5015 et
2559 4961 2835 5015 dicuntur.

2760 5051 3040 5121 Ejusdem.

2202 5146 2423 5200 Natura:
2449 5153 2558 5199 tam
2577 5142 2958 5215 intelligentes,
2975 5159 3138 5215 quam
3158 5155 3459 5201 sentientes
3483 5159 3710 5215 accepe-

2137 5246 2267 5292 runt
2286 5253 2317 5291 a
2333 5252 2513 5291 rerum
2541 5235 2784 5291 omnium
2811 5248 3157 5305 procreatore
3182 5237 3488 5303 facultates,
3508 5238 3710 5305 quibus

2139 5346 2227 5384 res
2268 5326 2412 5398 ipsas
2464 5328 3011 5397 comprehenderent,
3072 5330 3439 5399 intelligcntcs
3468 5328 3709 5396 quidem,

2139 5429 2378 5476 mentem
2417 5428 2472 5473 et
2530 5419 2939 5492 cogitationem,
2977 5423 3280 5478 sentientes
3327 5429 3508 5473 autem
3561 5421 3713 5491 ipsos

2141 5525 2335 5567 sensus

2816 5602 3091 5670 Ejusdem.

2204 5694 2524 5750 Procreator
2554 5694 2695 5750 Deus
2721 5695 2946 5763 largitur
2982 5696 3377 5754 tantummodo.
3410 5697 3516 5754 Res
3533 5710 3716 5756 autem

2143 5802 2331 5843 omnes
2345 5795 2641 5859 procreatae
2658 5796 2710 5843 et
2726 5786 3075 5860 accipiunt,et
3090 5788 3412 5863 largiuntur.
3429 5794 3717 5865 Accipiunt
