4066 6288
344 414 468 493 ‘20?

1604 426 1987 488 EUTHYMII
2024 426 2386 489 ZIGABENI

3518 431 3621 493 28

370 548 537 612 enim,
566 555 631 601 ut
651 546 785 613 sint,
807 555 861 601 ct
890 540 1042 600 bene
1074 544 1201 600 sint.
1253 544 1579 615 Largiuntur
1628 554 1809 598 autem
1833 543 1949 597 aliis

2058 544 2276 614 μετέχει
2307 543 2411 614 μὲν
2434 544 2528 597 τοῦ
2561 538 2727 610 εἶναι,
2761 545 2855 599 καὶ
2887 543 2982 599 τοῦ
3012 545 3075 599 εὖ
3100 540 3262 611 εἶναι,
3297 547 3623 617 μεταδίδωσι

368 644 603 701 tantum,
642 645 698 689 ut
730 635 867 690 bene
891 637 1019 688 sint.
1050 635 1232 703 "Atque
1263 650 1328 687 ex
1364 633 1449 688 his
1475 634 1599 697 illm,
1646 649 1767 703 quse
1821 642 1951 686 sunt

370 727 616 797 corporis
643 733 893 795 expertes
920 734 1033 779 tum
1079 723 1335 787 dicendo,
1380 732 1492 778 tum
1549 727 1782 795 agendo,
1837 731 1950 776 tum

370 819 666 889 spretando
698 818 997 887 largiuntur
1036 814 1175 879 aliis,
1210 825 1269 869 ut
1299 816 1436 870 bene
1463 817 1591 871 sint.
1641 814 1771 882 Quae
1822 828 1953 868 vero

370 925 644 977 corporeae
669 917 818 968 sunt,
844 907 973 961 dum
1003 915 1320 977 spectantur
1345 904 1626 960 duntaxat.
1652 905 1730 959 Ac
1752 914 1951 959 sanctae

368 974 586 1070 quidem
620 974 1060 1052 illasPotestates
1106 974 1416 1067 splendoris
1471 996 1652 1051 radios
1710 995 1851 1049 inter
1893 1007 1952 1047 sc

369 1091 610 1145 vicissim
664 1087 1073 1143 communicant
1116 1094 1172 1140 et
1235 1084 1564 1153 largiuntur.
1620 1080 1954 1136 Hominibus

368 1196 501 1236 vero
528 1190 637 1234 tum
667 1180 923 1232 virtutem
960 1193 1115 1230 suam
1171 1176 1509 1245 impartiunt,
1542 1173 1673 1229 dum
1714 1185 1808 1224 eos
1845 1170 1954 1222 Deo

367 1272 576 1327 similes
604 1270 878 1324 reddunt:
908 1280 1020 1322 tum
1075 1266 1408 1339 cognitionis
1463 1279 1579 1319 suae
1611 1259 1954 1317 faciuntillos

365 1362 682 1433 participes,
721 1360 848 1415 dum
908 1375 1005 1415 eos
1037 1360 1237 1414 docent
1263 1358 1471 1428 aliquid
1495 1354 1576 1410 vel
1609 1354 1676 1409 de
1723 1352 1834 1406 Deo
1864 1365 1956 1404 su-

366 1455 612 1518 blimius,
642 1453 724 1506 vel
748 1454 811 1506 de
840 1454 1003 1507 rebus
1020 1467 1247 1521 corpore
1279 1451 1588 1506 carentibus
1603 1443 1954 1517 profundius,

368 1549 457 1601 vel
497 1548 564 1600 de
614 1544 892 1613 corporeis
953 1545 1297 1615 exquisitius,
1360 1542 1445 1597 vel
1487 1540 1557 1596 de
1610 1535 1952 1608 providentia

366 1640 574 1702 verius,
610 1638 693 1690 vel
727 1635 795 1690 de
822 1632 1029 1706 judicio
1051 1634 1251 1690 cl’arius

1012 1725 1284 1793 Ejusdem.

442 1819 624 1873 Rebus
638 1818 955 1889 procreatis,
979 1828 1039 1871 ut
1056 1816 1380 1885 simpliciter
1400 1815 1530 1878 sint,
1548 1828 1646 1884 per
1663 1808 1957 1869 essentiam

2050 635 2108 688 δὲ
2130 635 2225 688 τοῦ
2258 636 2316 689 εὖ
2357 633 2498 689 εἶναι
2538 636 2720 705 μόνον.
2755 635 2896 691 Ἀλλ’
2926 637 2960 707 ἠ
2996 636 3098 705 μὲν
3138 635 3432 707 ἀσώματος
3467 637 3626 691 οὐσία

2052 727 2147 781 καὶ
2179 726 2437 796 λέγουσα,
2466 727 2563 782 καὶ
2593 729 2932 799 πράττουσα,
2994 728 3091 782 καὶ
3139 728 3495 799 θεωρουμένη
3529 730 3625 783 τοῦ

2053 818 2112 873 εὖ
2138 814 2277 873 εἶναι
2312 819 2672 889 μεταδίδωσιν
2697 837 2710 851 ·
2749 820 2782 891 ἡ
2819 818 2877 872 δὲ
2925 820 3215 890 σωματικὴ
3269 823 3627 892 θεωρουμένη

2058 910 2243 980 μόνον.
2275 911 2343 964 Ai
2379 910 2565 981 μέντοι
2596 911 2753 979 ἅγιαι
2792 912 3054 982 δυνάμεις
3083 911 3343 982 ἀλλήλαις
3377 913 3475 983 μὲν
3516 932 3628 983 φω-

2052 999 2252 1069 τισμοῦ
2300 1001 2669 1070 μεταδιδόασι,
2703 1003 2817 1064 τοῖς
2862 1001 3175 1072 ἀνθρώποις
3209 1003 3266 1055 δὲ
3301 1004 3401 1073 τῆς
3430 1021 3488 1057 τε
3529 1007 3627 1057 a6-

2054 1089 2164 1142 τῶν
2187 1090 2412 1159 ἀρετῆς,
2467 1094 2564 1145 καὶ
2601 1091 2866 1155 θεοειδεῖς
2900 1093 3100 1155 αὐτοὺς
3130 1093 3629 1163 ὲργαζόμεναι,καὶ

2054 1180 2155 1249 τῆς
2184 1182 2241 1233 ὲν
2266 1181 2458 1244 αὑταῖς
2478 1183 2736 1251 γνώσεως
2766 1184 2826 1235 ὲν
2853 1182 2930 1253 τῷ
2958 1183 3234 1236 διδάσκειν
3266 1184 3296 1253 ἢ
3327 1186 3455 1254 περὶ
3490 1184 3626 1237 Θεοῦ

2054 1288 2105 1324 τι
2132 1270 2487 1341 ὑψηλότερον,
2521 1273 2553 1344 ἦ
2582 1275 2709 1343 περὶ
2732 1274 3041 1343 ἀσωμάτων
3076 1274 3402 1344 βαθύτερον,
3501 1277 3631 1344 περὶ

2058 1363 2331 1433 σωμάτων
2362 1365 2783 1436 ἀκριϐέστερον,
2818 1367 2850 1437 ἢ
2878 1369 3010 1438 περὶ
3057 1367 3318 1439 προνοίας
3378 1369 3634 1439 τρανότε-

2062 1455 2227 1526 ρον,ἢ
2262 1458 2389 1527 περὶ
2414 1457 2663 1528 κρίσεως
2682 1458 3041 1530 σαέέστερον.

2640 1726 2752 1780 Τοῦ
2774 1727 2985 1781 αὐτοῦ.

2145 1817 2203 1871 ’0
2235 1820 2333 1888 μὲν
2359 1818 2452 1871 τοῦ
2498 1817 2683 1879 ἁπλῶς
2712 1812 2853 1869 εἶναι
2884 1816 3083 1886 τρόπος
3118 1816 3242 1868 κατ’
3270 1816 3461 1871 οὐσίαν
3480 1816 3627 1870 δέδο-

367 1926 630 1965 comessu
646 1928 691 1964 ιιι
715 1919 825 1975 est;
855 1918 914 1962 ut
931 1909 1069 1963 bene
1095 1907 1201 1961 sint
1221 1921 1317 1977 per
1336 1894 1563 1961 liberam
1586 1904 1949 1967 voluntatem;

2056 1927 2146 1964 ται
2170 1914 2239 1981 τῇ
2274 1911 2469 1981 λογικῇ
2496 1911 2671 1962 κτίσει
2694 1925 2708 1939 ’
2748 1909 2777 1959 6
2814 1908 2869 1960 δὲ
2890 1908 2982 1960 τοῦ
3002 1904 3061 1961 εὖ
3086 1903 3230 1960 εἶναι
3262 1909 3403 1961 κατὰ
3434 1910 3633 1980 προαί-

365 2014 426 2057 ιιι
449 2019 664 2070 semper
705 2004 841 2057 bene
858 2002 988 2065 sint,
1036 2014 1133 2069 per
1164 1998 1414 2071 gratiam.
1464 1995 1766 2063 Quiautcm
1785 1994 1853 2049 ab
1881 2011 1948 2051 eo

366 2096 643 2156 exculunt,
685 2102 743 2147 ut
770 2107 988 2161 semper
1044 2091 1187 2146 bene
1219 2089 1350 2156 sint,
1386 2089 1442 2144 in
1480 2088 1532 2144 id
1558 2088 1865 2151 incurrunt,
1890 2095 1951 2142 ut

363 2202 580 2256 semper
629 2186 827 2239 misere
861 2184 994 2238 sint.

924 2291 1224 2348 TITULUS
1252 2290 1369 2348 VII.

366 2391 442 2444 De
467 2391 643 2443 divina
673 2389 917 2440 humana:
949 2386 1124 2438 carnis
1172 2384 1554 2454 assumptione.
1599 2383 1946 2454 Areopagitae,

573 2477 636 2512 ex
661 2460 792 2511 libro
820 2458 881 2510 de
904 2456 1093 2509 divinis
1130 2454 1470 2521 Nominibus,
1503 2469 1621 2524 cap.
1652 2454 1707 2509 1.

416 2620 655 2675 'Summa
680 2618 768 2672 illa
783 2616 1051 2671 Divinitas
1077 2614 1425 2687 smgulariter
1451 2621 1599 2667 amat
1646 2613 1943 2667 humanum

359 2729 555 2783 genus,
578 2712 778 2780 quippe
802 2724 923 2778 quae
956 2710 1011 2762 in
1044 2723 1151 2762 una
1178 2721 1399 2762 suarum
1433 2720 1785 2776 personarum
1821 2719 1948 2760 vero

359 2816 528 2873 atque
561 2804 770 2872 integre
800 2810 1048 2854 naturam
1097 2807 1341 2852 nostram
1395 2796 1711 2865 assumpsit,
1763 2796 1831 2850 ad
1889 2809 1949 2851 se

365 2909 646 2957 revocans,
663 2892 874 2960 sibique
894 2889 1176 2961 applicans
1197 2888 1439 2943 inﬁmam
1461 2888 1746 2942 hominum
1766 2886 1947 2940 humi-

366 2986 596 3049 litatem,
635 3000 699 3038 ex
734 2997 863 3051 qua,
889 2984 979 3051 qui
1013 2981 1242 3052 simplex
1266 2989 1371 3046 est,
1392 2977 1555 3034 Jesus
1575 2977 1946 3047 inexplicabili

368 3079 580 3132 talione
598 3075 930 3144 compositus
948 3082 1033 3128 est
1065 3091 1081 3128 :
1111 3082 1167 3128 et
1183 3073 1277 3142 qui
1302 3082 1543 3128 internus
1562 3079 1665 3136 est,
1688 3070 1949 3139 temporis

362 3169 741 3227 cxtensionem
772 3166 985 3237 accepit
1019 3183 1035 3221 :
1064 3175 1119 3221 et
1155 3164 1247 3235 qni
1291 3179 1511 3219 onmem
1528 3164 1700 3217 totius
1737 3172 1945 3216 natura:

364 3262 612 3317 ordinem
627 3272 791 3327 supra
808 3258 1028 3311 modum
1048 3255 1300 3311 essentia:
1324 3264 1571 3325 superat,
1587 3255 1728 3308 intra
1749 3264 1957 3309 natum

363 3362 567 3406 nostrae
587 3349 851 3404 terminos
869 3346 1086 3418 genitus
1106 3355 1211 3433 est,
1237 3346 1311 3401 ita
1341 3356 1545 3411 tamen,
1565 3354 1624 3399 ut
1647 3344 1956 3414 quaeipsius

361 3438 1229 3511 rint-propria,‘haudquaquam
1280 3448 1517 3503 mutata,
1581 3446 1674 3491 aut
1730 3435 1954 3492 confusa

363 3543 671 3590 Conservct.

475 3641 722 3710 Ejusdem
761 3657 823 3695 ex
854 3657 974 3709 cap.
1012 3641 1067 3706 2,
1101 3643 1162 3694 de
1192 3638 1469 3707 conjuncta
1500 3638 1848 3706 distinctaque

871 3711 1179 3766 Divinitatis
1226 3710 1448 3762 ratione.

432 3814 744 3881 Quinetlam
769 3810 842 3881 {id
860 3805 1005 3877 quod
1027 3806 1080 3859 in
1102 3802 1255 3857 omni
1285 3802 1554 3873 theologia
1576 3802 1808 3856 maxime
1831 3816 1954 3870 pcr-

366 3911 616 3979 spituum
648 3911 750 3974 cst)
787 3901 975 3957 divina
999 3896 1131 3953 Jesu
1160 3897 1214 3951 in
1238 3903 1433 3950 natura
1458 3906 1643 3951 nostra
1679 3894 1951 3957 formatio,

360 4017 463 4057 nec
478 3999 723 4054 oratione
752 3990 1166 4065 ullaexplicari,
1184 4004 1287 4045 nec
1311 3989 1379 4044 ab
1392 3988 1501 4044 ulla
1517 3998 1721 4055 mente,
1751 4001 1854 4041 nec
1885 3985 1953 4040 ab

360 4096 481 4163 ipso
495 4091 713 4162 quidem
743 4083 1247 4156 antiquissimorum
1284 4082 1606 4152 angelorum
1639 4081 1817 4151 primo
1853 4096 1951 4150 po-

360 4172 873 4253 testintc‘lligi.Nan1
905 4175 1056 4247 quod
1068 4176 1362 4229 humanam
1382 4172 1675 4227 essentiam
1694 4185 1949 4239 assump-

359 4276 513 4339 serit,
546 4290 612 4328 ex
646 4269 920 4340 mysteriis
965 4268 1299 4335 accepimus.
1348 4262 1632 4327 Quomodo
1670 4272 1849 4314 autem
1882 4274 1951 4313 ex

359 4364 613 4436 virgineis
643 4358 1018 4431 sanguinibus,
1056 4356 1162 4409 alia
1190 4356 1307 4425 lege
1340 4362 1536 4423 praeter
1559 4360 1810 4407 naturam
1840 4352 1953 4405 for-

359 4469 539 4512 matus
562 4456 652 4520 sit,
675 4441 1015 4520 etquonme
1033 4461 1198 4517 super
1226 4443 1506 4499 humidam
1536 4453 1591 4498 et
1639 4441 1948 4497 instabilem

359 4563 511 4619 aquae
537 4555 788 4600 naturam
809 4539 973 4596 siccis
1008 4539 1237 4608 pedibus
1266 4536 1466 4591 molem
1514 4549 1833 4605 corpoream
1894 4543 1951 4589 et

362 4641 597 4696 materiae
622 4636 845 4708 pondus
877 4630 1208 4689 habentibus
1243 4628 1623 4693 ambulaverit,
1659 4636 1715 4681 et
1740 4627 1951 4695 reliqua

360 4733 697 4801 omnia,qua:
719 4738 912 4782 natura
944 4723 1322 4795 praestantiora
1340 4721 1405 4774 in
1454 4719 1575 4788 ipso
1615 4719 1745 4773 Jesu
1769 4718 1952 4773 consi-

361 4826 640 4887 dcrantyr,
669 4821 939 4882 eﬂecerit,
974 4816 1315 4887 ignoramus.

515 4842 527 4875 ι
598 4838 640 4885 r,
669 4832 939 4882 enecertt,
974 4832 1315 4887 ignoramus.

510 4832 884 5015 ﬁjitsdem‘ex
909 4927 1228 4998 epistolam!
1260 4924 1455 4979 Gaium
1483 4925 1770 4979 medicum.

431 5085 1195 5159 Quomodo,.inquiesJesus,
1225 5083 1318 5154 qui
1351 5083 1607 5138 omnibus
1644 5081 1946 5148 antecellit,

362 5201 486 5239 cum
527 5182 779 5237 omnibus
810 5195 903 5250 per
934 5178 1225 5232 essentiam
1254 5175 1584 5231 constitutus
1615 5176 1735 5230 est?
1760 5175 1948 5244 Neque

363 5278 536 5343 enim,
564 5284 618 5329 ut
652 5281 736 5329 est
772 5271 1056 5328 hominum
1092 5277 1300 5332 auctor,
1332 5267 1427 5321 sed
1459 5279 1518 5321 ut
1550 5274 1658 5321 tota
1705 5267 1818 5337 ipsa
1847 5268 1948 5321 ho-

362 5374 526 5426 minis
550 5368 785 5425 essentia
803 5379 929 5420 vcre
960 5363 1123 5417 homo
1139 5361 1377 5426 exsistit,
1404 5361 1570 5415 homo
1593 5361 1817 5415 dicitur.
1838 5359 1946 5416 Nos

363 5476 542 5518 autem
575 5478 682 5515 non
709 5462 949 5514 humana
978 5453 1186 5508 ratione
1205 5450 1395 5506 Jesum
1415 5449 1729 5507 deﬁnimus.
1759 5452 1946 5522 Neque

364 5556 511 5609 enim
536 5563 617 5606 est
639 5553 801 5606 homo
825 5557 1059 5609 tantum,
1080 5559 1257 5613 neque
1304 5545 1544 5599 essentia
1575 5547 1944 5614 pra-stantior,

364 5654 634 5715 quatenus
663 5646 826 5697 homo
855 5642 1031 5695 solum
1058 5639 1189 5704 ;sed
1220 5651 1345 5690 vere
1371 5645 1452 5690 est
1485 5637 1666 5697 homo,
1719 5638 1808 5704 qui
1836 5637 1947 5689 cxi-

365 5736 473 5791 tnie
499 5736 748 5788 homines
773 5732 1002 5795 diligens
1051 5744 1214 5798 supra
1267 5725 1541 5793 homines,
1561 5738 1617 5781 et
1642 5730 1944 5781 secundum

367 5828 640 5895 homines,
669 5842 735 5882 ex
766 5824 1046 5879 hominum
1079 5820 1340 5885 essentia,
1366 5834 1489 5874 curn
1520 5820 1761 5874 essentia
1787 5835 1941 5889 supe-

2062 2019 2247 2075 ρεσιν⁹
2278 2004 2307 2054 6
2342 2003 2400 2055 δὲ
2438 2000 2534 2053 τοῦ
2573 1994 2736 2054 άεὶεῦ
2764 1996 2904 2052 εἶναι
2930 2000 3071 2052 κατά
3102 1998 3287 2070 χάριν.
3340 2000 3403 2052 Oi
3453 2000 3635 2068 μέντοι

2057 2095 2153 2149 τοῦ
2187 2097 2274 2149 ἀεὶ
2314 2094 2373 2148 εὖ
2408 2089 2549 2148 εἶναι
2581 2092 3054 2162 ἀποτυγχάνοντες
3085 2092 3146 2144 τὸ
3214 2091 3303 2144 ἀεὶ
3359 2088 3460 2160 φεῦ
3495 2086 3635 2143 εἶναι

2056 2186 2450 2257 λαμϐάνουσιν.

2655 2297 2905 2353 ΤΙΤΛΟΣ
2938 2299 3013 2351 Z'.

2057 2398 2195 2465 Περὶ
2242 2397 2351 2463 τῆς
2397 2396 2561 2460 θείας
2608 2389 3138 2465 ἐνανθρωίτήσεως,
3175 2387 3297 2465 ’τοῦ
3327 2388 3640 2465 ,Ἄρεοπη-

2126 2458 2398 2589 ᾆιίτουὲέκ
2436 2458 2549 2518 τοῦ
2571 2464 2757 2531 λόγου
2792 2458 2899 2514 τοῦ
2929 2459 3061 2527 περὶ
3095 2462 3268 2514 θείων
3307 2458 3638 2527 ὀνομάτων,

2128 2554 2297 2589 mea.
2334 2575 2346 2589 .
2380 2541 2454 2589 a'.

2128 2552 2346 2605 κεφαλ.
2380 2552 2454 2589 α’.

2127 2626 2517 2696 Φιλάνθρωπον
2569 2624 2936 2694 διαφερόντως
2995 2623 3030 2692 ἠ
3087 2620 3335 2689 θεαρχία,
3391 2620 3471 2673 δτι
3527 2619 3641 2681 τοῖς

2057 2720 2179 2775 καθ’
2229 2720 2379 2789 ἡμᾶς
2408 2714 2561 2788 πρὸς
2590 2716 2848 2787 ἀλήθειαν
2878 2716 3074 2778 όλικῶς
3103 2716 3162 2767 ὲν
3210 2714 3309 2784 μιᾷ
3339 2713 3447 2765 τῶν
3469 2712 3641 2781 αὐτῆς

2058 2810 2408 2865 ὑποστάσεων
2454 2806 2836 2877 ἐκοινώνησεν,
2889 2806 3307 2876 ἀνακαλουμένη
3351 2807 3488 2875 πρὸς
3516 2804 3642 2857 ἑαυ-

2053 2898 2173 2969 τὴν,
2225 2897 2319 2951 καλ⁸
2374 2894 2688 2949 ἀνατιθεῖσα
2732 2894 2831 2966 τὴν
2875 2893 3222 2963 ἀνθρωπίνην
3272 2892 3549 2962 ἐσχατιὰν,
3579 2891 3639 2957 ἐξ

2056 2988 2122 3063 ἦς
2169 2988 2488 3059 ἀφθέγκτως
2521 2987 2549 3040 6
2576 2986 2785 3051 ἁπλοῦς
2828 2987 3036 3058 Ἰησοῦς
3081 2984 3365 3057 συνετέθη,
3402 2987 3495 3039 καὶ
3534 3002 3643 3037 πα-

2064 3083 2323 3151 ράστασιν
2360 3078 2548 3148 εἴληφε
2596 3079 2854 3149 χρονικὴν
2911 3080 2939 3132 6
2984 3077 3173 3143 ἀΐδιος,
3228 3079 3322 3131 καὶ
3370 3077 3502 3131 εἴσω
3541 3075 3641 3144 τῆς

2060 3172 2185 3225 καθ’
2222 3173 2367 3242 ἡμᾶς
2410 3172 2652 3240 ἐγεγόνει
2702 3170 2917 3238 φύσεως
2959 3170 2987 3223 6
3020 3168 3203 3238 πάσης
3232 3168 3330 3235 τῆς
3369 3167 3508 3221 κατὰ
3540 3167 3641 3236 φύ-

2066 3280 2150 3316 σιν
2205 3263 2385 3315 πᾶσαν
2452 3261 2662 3326 τάξεως
2716 3258 3058 3330 ὑπερουσίως
3126 3256 3445 3328 ἐκϐεϐηκὼς
3503 3257 3641 3327 μετά

2063 3354 2161 3421 τῆς
2206 3350 2551 3423 ἀμετασόλου
2601 3350 2695 3404 καὶ
2741 3349 3050 3421 άσυγχύτου
3079 3348 3188 3403 τῶν
3237 3348 3453 3403 οἰκείων
3496 3347 3642 3421 ίδρύο

2065 3460 2224 3507 σεως.

2068 3644 2179 3700 Τοῦ
2209 3643 2395 3699 αὐτοῦ
2426 3643 2494 3696 ἐκ
2524 3643 2630 3697 τοῦ
2655 3641 2716 3707 ,β’
2751 3644 3082 3713 κεφαλαίου
3114 3642 3220 3697 τοῦ
3243 3644 3375 3712 περὶ
3403 3642 3634 3713 ἡνωμέ-

2299 3730 2411 3781 νης
2448 3714 2548 3767 καὶ
2584 3712 3037 3781 διακεκριμένης
3065 3716 3393 3782 θεολογίας.

2146 3804 2308 3857 Ἀλλὰ
2361 3806 2454 3856 καὶ
2498 3803 2560 3856 1:6
2606 3805 2786 3871 πάσης
2819 3804 3094 3872 θεολογίας
3131 3806 3551 3874 ὲκφανέστατον,
3601 3807 3634 3875 ἡ

2061 3895 2183 3948 καθ’
2210 3895 2361 3966 ἡμᾶς
2402 3893 2576 3963 Ἰησοῦ
2609 3893 2961 3961 θεοπλαστία,
2995 3895 3088 3948 καὶ⁵
3128 3895 3366 3966 ἄρρητός
3399 3897 3515 3950 ἐστι
3544 3896 3630 3948 λό-

2060 4004 2143 4058 γῳ
2192 3986 2376 4052 παντὶ,
2423 3987 2516 4039 καὶ
2566 3987 2842 4055 ἄγνωστος
2888 3985 2965 4057 νῷ
3012 3987 3195 4054 παντὶ,
3241 3987 3335 4041 καὶ
3385 3988 3533 4058 αὑτῷ
3557 3987 3636 4059 τῷ

2053 4077 2350 4148 πρωτίστῳ
2392 4076 2501 4131 τῶν
2532 4078 2922 4146 πρεσϐυτάτων
2965 4077 3236 4145 ἀγγέλων.
3290 4079 3400 4131 Καὶ
3443 4080 3505 4133 τὸ
3536 4078 3635 4150 μὲν

2060 4169 2329 4238 ἀνδρικῶς
2370 4168 2536 4222 αὐτὸν
2599 4168 2927 4239 οὐσιωθῆναι
2975 4170 3256 4237 μυστικῶς
3294 4172 3635 4241 παρειλήφα-

2063 4271 2163 4322 μεν
2190 4270 2203 4284 ο
2248 4252 2554 4323 ἀγνοοῦμεν
2594 4254 2660 4306 δὲ
2708 4255 2857 4316 ὅπως
2897 4257 2961 4307 ὲκ
3008 4256 3357 4326 παρθενικῶν
3390 4258 3636 4327 αἱμάτων

2062 4345 2232 4419 ἑτέρῳ
2297 4344 2446 4415 παρὰ
2503 4346 2601 4413 τὴν
2656 4345 2821 4414 φύσιν
2875 4346 3222 4401 διεπλάττετο
3278 4348 3485 4419 θεσμῷ,
3543 4348 3639 4401 καὶ

2059 4422 2206 4499 ὅπως
2258 4435 2513 4507 ἀϐρόχοις
2554 4439 2681 4490 ποσὶ
2736 4439 3045 4507 σωματικὸν
3086 4438 3252 4507 ὄγκον
3298 4440 3480 4511 ἔχουσι
3543 4440 3639 4492 καὶ

2061 4524 2193 4596 ὕλης
2221 4526 2382 4595 βάρος
2410 4526 2702 4597 ἐπορεύετο
2719 4529 2815 4597 τὴν
2840 4530 3011 4598 ὑγρὰν
3040 4530 3133 4582 καὶ
3162 4529 3391 4583 ἄστατον
3419 4530 3637 4594 οὑσὲαν,

2058 4618 2154 4671 καὶ
2187 4617 2253 4671 τά
2283 4617 2419 4672 ἄλλα
2447 4621 2547 4670 ὅσα
2582 4618 2677 4688 τῆς
2718 4619 3031 4690 ὑπερφυοῦς
3061 4621 3208 4674 ἐστιν
3251 4620 3421 4690 Ἰησοῦ
3452 4637 3637 4690 φυσιο·

2048 4706 2259 4775 λογίας.

2058 4925 2168 4979 Τοῦ
2191 4927 2377 4980 αὐτοῦ
2406 4928 2474 4981 ἐκ
2519 4928 2633 4998 τῆς
2667 4929 2817 4997 πρὸς
2835 4929 3041 5052 1⁷ρτον
3073 4930 3451 4999 θεραπευτὴν
3513 4930 3643 4984 ἑπι-

2721 5014 2833 5052 στο
2879 5018 2973 5052 nc.

2721 5014 2973 5068 στολης.

2124 5090 2269 5156 Πῶς,
2304 5091 2431 5162 φῂς,
2465 5090 2671 5155 Ἰησοῦς
2699 5093 2725 5144 6
2759 5092 2972 5146 πάντων
3004 5092 3258 5146 ἐπέκεινα
3300 5095 3465 5147 πᾶσίν
3489 5096 3641 5148 ὲσῖιν

2052 5181 2323 5242 οὐσιωδώς
2358 5183 2825 5252 συντεταγμένος;
2860 5185 2934 5234 υύ
2981 5182 3090 5253 γὰρ
3117 5183 3192 5244 ὡς
3223 5185 3394 5248 αἴτιος
3424 5186 3637 5253 ἀνθρώ·

2052 5290 2170 5326 πων
2229 5272 2448 5341 λέγεται
2492 5273 2799 5342 ἄν’)ρωπος,
2844 5272 2961 5326 ἀλλ’
2994 5274 3070 5336 ὡς
3119 5275 3253 5328 αότὸ
3297 5277 3416 5329 κατ’
3450 5276 3640 5328 οὐσίαν

2051 5364 2181 5434 ὃλην
2243 5364 2457 5434 άληθῶς
2495 5362 2780 5433 ἄνθρωπος
2821 5362 2918 5417 ῶν.
2961 5364 3150 5431 Ἡμεῖς
3201 5365 3257 5417 δὲ
3295 5364 3384 5418 τὸν
3432 5365 3641 5435 Ἰησοῦν

2051 5455 2152 5506 οὐκ
2183 5452 2551 5524 ἀνθρωπικῶς
2599 5450 2958 5520 ἀφορίζομεν.
3010 5451 3146 5504 Οὐδὲ
3197 5453 3306 5522 γάρ
3352 5450 3637 5520 ἄνθρωπος

2054 5547 2234 5616 μόνον,
2280 5546 2400 5599 οὐδὲ
2447 5544 2792 5615 ὑπερούσιος,
2910 5543 3198 5614 ἄνθρωπος
3244 5546 3428 5613 μόνον,
3487 5542 3624 5595 ἀλλὰ

2052 5638 2341 5706 ἄνθρωπος
2434 5636 2658 5707 ἀληθῶς,
2712 5635 2740 5687 6
2802 5636 3174 5705 διαφερόντως
3232 5635 3638 5705 φιλάνθρωπος,

2054 5731 2193 5800 ὑπὲρ
2269 5732 2612 5802 ἀνθρώπους,
2669 5732 2765 5785 καὶ
2830 5731 2969 5784 κατὰ
3033 5731 3374 5800 ἀνθρώπους,
3429 5731 3492 5782 ἐκ
3541 5727 3641 5796 τῆς

2053 5820 2353 5892 ἀνθρώ-των
2403 5824 2589 5886 cinia;
2637 5825 2662 5876 ὁ
2708 5821 3029 5892 ὑπερούσιος
3080 5820 3434 5891 οὺσιωμένος.
3481 5818 3639 5871 Ἐστι
