4120 6292
375 391 487 458 209

1331 393 1706 455 PANOPLIA
1749 393 2203 455 DOGMATICA.
2243 418 2310 428 -
2343 393 2492 457 ΤΙΤ.
2523 396 2659 459 VII.

3537 393 3652 455 Εἴθ’

376 508 436 560 δὲ
478 507 635 560 οὐδὲν
681 501 846 578 ἦττον
899 504 1348 574 ὑπερουσιότητος
1395 506 1753 578 ὐπερπλήρης
1787 506 1817 559 δ
1871 507 1961 560 ἀεὶ

2065 506 2177 560 rior
2193 515 2356 573 esset,
2371 509 2664 562 essentiam
2684 503 2977 576 assumpsit
2992 505 3304 570 humanam,
3327 513 3383 560 et
3402 508 3645 560 essentia

380 597 732 668 ὑπερούσιος.
781 596 996 664 ’Λμέλει
1043 598 1107 663 τῇ
1139 595 1340 662 ταύτης
1392 597 1704 666 περιουσίᾳ,
1753 597 1847 650 καὶ
1878 597 1960 658 είς

381 689 575 742 οὐσίαν
635 687 854 756 ἀληθῶς
911 683 1081 740 ἐλθὼν
1132 684 1276 758 ὑπὲρ
1321 686 1509 741 οὐσίαν
1561 685 1822 756 οὐσιώθη,
1865 689 1962 741 καὶ

383 780 527 848 ὑπὲρ
571 778 860 849 ἄνθρωπον
909 778 1133 847 ἐνήργει
1191 778 1260 830 τὰ
1306 776 1620 849 ἀνθρώπου,
1662 779 1772 833 Καὶ
1814 779 1963 848 δηλοῖ

382 871 657 940 παρθένος
680 869 974 941 ὑπερφυῶς
1010 869 1239 930 κύουσα,
1272 868 1368 922 καὶ
1408 867 1552 939 ὕδωρ
1587 869 1819 922 ἄστατον
1851 869 1962 923 ὑλι-

381 963 500 1015 κῶν
538 962 629 1014 καὶ⁵
661 961 882 1032 γεηρῶν
921 960 1100 1014 ποδῶν
1145 959 1337 1030 ἀνέχον
1365 960 1555 1030 βάρος,
1578 960 1674 1012 καὶ
1707 960 1782 1030 μὴ
1806 959 1962 1014 ὑπετ-

379 1069 500 1115 xw,
545 1051 660 1105 ἀλλ’
701 1053 974 1122 ὑπερφυεῖ
995 1052 1224 1120 δυνάμει
1260 1050 1396 1121 πρὸς
1432 1050 1492 1104 τὸ
1522 1051 1809 1120 ἀδιάχυτον
1839 1067 1963 1104 συν-

337 1208 340 1214 ,
381 1145 696 1215 ιστὰμὶενον.
727 1145 796 1197 Τί
841 1143 906 1199 ἀν
936 1161 1018 1206 τις
1046 1144 1116 1198 τὰ
1144 1142 1318 1196 πολλὰ
1341 1141 1636 1212 πάμπολλα
1666 1142 1795 1196 ὄντα
1820 1142 1962 1196 διέλ-

379 1236 487 1301 θοι,
520 1235 589 1289 δι’
620 1229 695 1290 ὧν
723 1237 751 1288 ὁ
781 1235 940 1298 θείως
971 1233 1114 1306 ὁρῶν
1141 1234 1282 1303 ὑπὲρ
1321 1233 1446 1288 νοῦν
1472 1232 1740 1303 γνώσεται
1768 1236 1862 1289 καὶ
1891 1233 1960 1288 τὰ

335 1332 477 1400 ,ἐπὶ
525 1333 592 1400 τῇ
666 1328 1046 1400 φιλανθρωπίᾳ
1089 1329 1184 1381 τοῦ
1245 1326 1422 1398 Ἰησοῦ
1476 1329 1956 1398 καταφασκόμενα,

376 1423 613 1493 δύναμιν
661 1422 1001 1491 ὑπεροχικῆς
1035 1420 1364 1488 ἀποφάσεως
1418 1418 1649 1488 ἔχοντας
1689 1419 1796 1472 Καὶ
1826 1418 1958 1488 γὰρ,

381 1513 474 1566 ἵνα
506 1513 822 1576 συνελόντες
865 1510 1132 1580 εἴπωμεν,
1162 1510 1282 1564 οὐδὲ
1314 1510 1600 1580 ἄνθρωπος
1638 1505 1728 1580 ἦν,
1759 1510 1859 1580 οὐχ
1886 1511 1963 1572 ὡς

383 1605 464 1674 μὴ
519 1604 818 1674 ἄνθρωπος,
879 1603 996 1656 ἀλλ’
1041 1601 1115 1664 ὡς
1167 1601 1228 1667 ἐξ
1280 1600 1611 1672 ἀνθρώπων,
1657 1599 1961 1672 ἀνθρώπων

380 1695 680 1758 ἐπέκεινα,
736 1693 832 1746 καὶ
885 1693 1028 1764 ὑπὲρ
1075 1691 1357 1762 ἄνθρωπον
1416 1690 1632 1758 ἀληθῶς
1677 1689 1962 1761 ἄνθρωπος

2065 601 2247 650 tamen
2271 610 2488 650 omnem
2521 597 2816 651 essentiam
2848 607 3163 666 superante,
3205 603 3266 649 ut
3301 594 3394 665 qui
3427 607 3645 662 semper

2063 686 2301 740 essentia
2334 686 2768 753 sitexellentior,
2792 703 2955 756 quam
2993 687 3371 757 plenissimus.
3405 686 3518 740 Hac
3554 685 3642 738 ni-

2065 776 2261 831 mirum
2276 779 2586 833 exuberans
2601 779 2949 842 excellentia,
2969 795 3091 835 cum
3113 779 3178 834 ad
3199 787 3435 833 nostram
3454 791 3645 831 essen—

2065 867 2192 921 tiam
2214 885 2340 924 vere
2363 871 2739 936 descenderet,
2763 885 2883 925 eam
2907 858 3118 926 ratione
3143 870 3317 940 ipsam
3349 867 3644 923 essentiam

2063 969 2360 1028 superante
2377 960 2699 1034 assumpsit,
2718 970 2769 1018 et
2791 977 2882 1016 res
2897 962 3165 1016 humanas
3184 975 3347 1030 supra
3367 959 3644 1013 hominem

2062 1054 2248 1125 gessit.
2275 1052 2474 1110 Indicia
2494 1066 2644 1124 sunt,
2658 1055 2823 1128 Virgo
2839 1069 3006 1124 supra
3020 1059 3269 1106 naturam
3293 1050 3635 1119 concipiens,
3696 1051 3718 1125 ὲ.

2025 1170 2028 1171 ν
2061 1157 2119 1201 et
2138 1161 2274 1215 aqua
2301 1145 2569 1202 instabilis
2600 1149 2797 1217 pedum
2819 1162 2886 1201 ex
2903 1144 3126 1200 materia
3180 1141 3543 1196 ronstantium
3591 1149 3648 1194 ct

2066 1245 2406 1292 tcrrenorum
2453 1239 2667 1308 pondus
2716 1241 2997 1294 sustinens
3023 1247 3078 1292 et
3125 1235 3270 1291 nihil
3294 1235 3518 1297 cedens,
3548 1233 3644 1286 sed

2066 1325 2307 1395 potentia
2335 1334 2584 1382 naturam
2615 1345 2769 1399 aquae
2794 1330 3048 1384 vincente
3078 1329 3142 1381 ad
3166 1327 3392 1381 solidam
3416 1340 3474 1379 se
3509 1323 3647 1376 redi-

2063 1432 2200 1487 gens
2242 1418 2578 1476 ﬁrmitatem.
2607 1421 2743 1488 Quis
2757 1437 2818 1478 ea
2846 1437 2960 1492 pra:
2979 1420 3329 1476 multitudine
3354 1432 3648 1486 persequa-

2065 1518 2171 1574 tur,
2196 1524 2260 1564 ex
2278 1512 2600 1584 quibus,qui
2618 1514 2800 1570 divine
2817 1514 3195 1581 cernit,supra
3232 1508 3646 1577 intelligentiam

2065 1599 2350 1672 intelliget,
2372 1604 2460 1658 illa
2489 1605 2674 1671 etiam,
2704 1621 2825 1674 qua:
2854 1606 2923 1660 de
2957 1601 3300 1659 humanitate
3341 1599 3470 1654 Jesu
3507 1597 3648 1651 amr—

2065 1701 2302 1757 mantur,
2347 1695 2818 1751 excellentissima
2868 1693 3173 1766 negationis
3216 1691 3324 1747 vim
3363 1688 3648 1744 obtinere?

379 1783 642 1852 γεγονώς.
694 1785 804 1838 Καὶ
851 1784 910 1837 τὸ
951 1784 1140 1836 λοιπὸν
1183 1783 1243 1836 οὐ
1279 1781 1418 1836 κατὰ
1447 1781 1733 1852 ἄνθρωπον
1771 1781 1838 1836 τά
1867 1782 1961 1834 ἀν-

379 1875 672 1946 θρώπινα,
741 1875 880 1929 ἀλλά
937 1874 1304 1946 ἀνδρωθέντος
1365 1872 1526 1937 Θεοῦ,
1587 1871 1784 1942 καινήν
1845 1888 1966 1926 τινα

378 1965 483 2034 τὴν
506 1964 831 2036 θεανδρικὴν
875 1963 1156 2035 ἐνέργειαν
1185 1964 1316 2033 ἡμῖν
1344 1961 1822 2032 πεπολιτευμένος.

2073 1967 2218 2036 quod
2250 1984 2316 2024 ex
2343 1970 2682 2038 hominibus,
2703 1971 3067 2040 praestantius,
3099 1984 3260 2040 quam
3291 1968 3561 2028 homines,
3593 1969 3650 2017 ct

377 2071 548 2127 supra
577 2058 855 2112 hominem
872 2072 999 2112 vere
1038 2056 1204 2111 homo
1249 2055 1424 2110 factus
1473 2062 1578 2120 est,
1621 2061 1674 2108 et
1724 2053 1984 2126 deinceps
2041 2072 2221 2128 neque
2247 2061 2488 2118 divinam
2531 2073 2593 2120 ut
2629 2064 2792 2130 Deus,
2819 2078 3000 2133 neque
3037 2063 3333 2118 humanam
3377 2069 3433 2114 ut
3461 2059 3646 2120 homo,

378 2149 654 2220 sed(Deo
679 2149 902 2204 homine
926 2147 1111 2219 l‘acto)
1145 2161 1340 2203 novam
1389 2145 1679 2216 quamdam
1707 2159 1775 2200 ex
1813 2145 1996 2203 divina
2039 2147 2390 2224 humanaque
2421 2154 2636 2212 ratione
2680 2155 3001 2226 permistam
3057 2153 3328 2210 actionem
3359 2149 3645 2205 nobiscum

378 2257 611 2297 versans
632 2241 901 2297 exhibuit.
2693 2245 2696 2248 ’

463 2337 574 2391 Τοῦ
599 2337 784 2391 αὐτοῦ
809 2337 880 2390 ἐκ
905 2333 1024 2390 τῶν
1053 2332 1412 2406 θεολογικῶν
1444 2332 1904 2402 στοιχειώσεων.

2371 2338 2627 2408 Ejusdem
2649 2355 2720 2396 ea
2737 2334 3048 2411 ‘tkeologt'cis
3069 2337 3350 2394 elementis.

469 2429 625 2483 Ἐπεὶ
649 2430 704 2483 δὲ
735 2428 828 2483 καὶ
857 2430 960 2492 ἓως
989 2428 1206 2500 φύσεως
1246 2429 1352 2483 ὑπὸ
1398 2425 1806 2498 φιλανθρωπίας
1838 2427 1964 2497 ἐλή-

2141 2426 2248 2484 Sed
2287 2429 2546 2499 quoniam
2582 2445 2684 2487 suo
2711 2446 2842 2502 erga
2879 2447 2980 2487 nos
3037 2444 3222 2485 amore
3278 2427 3538 2482 incitatus
3580 2428 3648 2482 ad

383 2521 538 2583 λυθε,
590 2521 685 2574 καὶ
733 2520 952 2592 ἀληθῶς
995 2521 1258 2591 οὐσιώθη,
1310 2520 1405 2574 καὶ
1440 2520 1580 2591 ἀνὴρ
1619 2521 1648 2574 ὁ
1696 2519 1962 2591 ὑπέρθεος

2067 2530 2310 2576 nostram
2343 2537 2516 2593 usque
2545 2531 2796 2579 naturam
2823 2523 2990 2588 venit,
3012 2533 3070 2579 et
3086 2522 3178 2592 qui
3224 2535 3469 2578 summus
3508 2520 3650 2575 Deus

384 2611 760 2680 ἐχρημάτισεν
819 2611 970 2682 (ἵλεω
1009 2611 1065 2665 δὲ
1094 2611 1182 2681 εῐη
1213 2611 1351 2680 πρὸς
1389 2609 1546 2681 ἡμῶν
1573 2609 1643 2664 τὰ
1667 2608 1808 2680 ὑπὲρ
1835 2607 1960 2663 νοῦν

2066 2621 2170 2678 est,
2199 2627 2328 2669 vere
2363 2613 2546 2670 factus
2565 2623 2623 2670 et
2650 2625 2880 2672 vocatus
2917 2623 3002 2671 est
3024 2614 3190 2670 homo
3225 2613 3490 2684 (propitia
3513 2613 3646 2674 sint,

385 2705 478 2756 καὶ
505 2703 660 2770 λόγον
691 2703 1048 2776 ὑμνούμενα),
1067 2705 1170 2759 κάν
1189 2702 1397 2766 τούτοις
1422 2703 1538 2773 ἔχει
1565 2701 1632 2756 τὸν
1679 2701 1958 2774 ὑπερφυὲς

2065 2719 2188 2774 quae
2242 2713 2479 2761 mentem
2525 2715 2583 2762 et
2601 2707 2867 2763 rationem
2926 2706 3238 2778 superantia
3269 2721 3299 2759 a
3326 2706 3485 2760 nobis
3504 2703 3648 2758 cele-

384 2795 484 2849 καὶ
518 2795 866 2865 ὐπερούσιον,
921 2795 984 2848 οὐ
1020 2795 1200 2865 μόνον,
1307 2792 1684 2856 ἀναλλοιώτως
1711 2792 1844 2862 ἡμῖν
1865 2789 1962 2844 καὶ

2066 2795 2352 2866 brantur),
2385 2797 2442 2852 in
2467 2798 2789 2868 hisquoque
2815 2799 2899 2854 vis
2919 2798 3040 2869 ejus
3071 2805 3266 2853 natura
3301 2796 3664 2864 essentiaque-

384 2886 717 2955 ἀσυγχύτως
771 2885 1142 2956 κεκοινώνηκε
1208 2883 1376 2956 μηδὲν
1431 2882 1712 2946 πεπονθὼς
1770 2883 1852 2948 είς
1902 2882 1966 2936 τὸ

2070 2886 2356 2943 sublimior
2374 2888 2608 2945 exsistit.
2628 2888 2753 2946 Non
2767 2891 2941 2946 solum
2959 2890 3086 2960 quia
3102 2889 3235 2944 nihil
3254 2897 3476 2960 propter
3492 2887 3646 2940 inex-

385 2975 938 3048 ὐπερπλῆρες,αὐτοῦ
994 2975 1132 3047 πρὸς
1170 2975 1274 3045 τῆς
1309 2973 1622 3043 ἀφθέγκτου
1663 2971 1967 3038 κενώσεως,

2071 2977 2379 3048 plicabilem
2433 2980 2856 3036 exinanitionem
2890 2981 2947 3036 in
2981 2981 3315 3037 exuberante
3345 2994 3441 3034 sua
3469 2977 3646 3048 pleni-

384 3067 505 3121 ἀλλ’
530 3069 612 3121 ὅτι
650 3069 746 3121 καὶ
787 3067 850 3121 τδ
890 3067 1111 3121 πάντων
1143 3066 1348 3121 καινῶν
1393 3065 1712 3120 καινότατον
1755 3067 1813 3119 ὲν
1851 3066 1965 3129 τοῖς

2073 3069 2260 3124 tudine
2280 3085 2596 3140 perpessus,
2619 3086 2680 3127 se
2697 3072 2854 3128 nobis
2880 3073 3000 3128 sine
3021 3071 3404 3127 immutatione
3435 3078 3492 3123 et
3513 3083 3649 3122 con-

386 3160 640 3224 φυσικοῖς
699 3157 858 3227 ἡμῶν
909 3156 1194 3229 ὑπερφυὴς
1243 3153 1347 3226 ἦν,
1403 3157 1461 3209 ὲν
1519 3157 1633 3219 τοῖς
1693 3155 1814 3210 κατ’
1875 3155 1966 3208 οὐ·

2068 3157 2284 3215 l’usione
2331 3161 2774 3226 communicavit,
2803 3177 2996 3218 verum
3040 3162 3202 3218 etiam
3229 3160 3408 3233 (quod
3461 3174 3644 3213 rerum

386 3249 515 3300 σίαν
580 3247 930 3318 ὐπερούσιος,
983 3248 1166 3303 πάντα
1219 3247 1378 3319 ἡμῶν
1407 3246 1548 3318 ὑπὲρ
1595 3247 1746 3317 ἡμᾶς
1796 3246 1966 3317 ὑπερ-

2068 3249 2315 3304 omnium
2334 3249 2732 3306 admirabiliu
2751 3259 2838 3308 est
2849 3252 3080 3307 maxime
3106 3251 3452 3320 admirabile)
3485 3250 3537 3303 in
3559 3249 3646 3311 iis,

387 3341 555 3409 έχων·
2069 3355 2192 3412 quae
2217 3341 2487 3397 naturalia
2509 3350 2660 3408 sunt,
2676 3356 2840 3414 supra
2865 3352 3116 3398 naturam
3130 3340 3253 3406 fuit,
3270 3340 3328 3394 in
3343 3340 3566 3408 iis,quaa
3577 3338 3649 3391 ad

387 3437 682 3492 essentiam
745 3445 1042 3509 pertinent,
1065 3452 1231 3509 super
1279 3440 1594 3504 essentiam,
1643 3435 1826 3493 omnia
1869 3448 1991 3507 quae
2038 3447 2222 3496 nostra
2248 3446 2398 3503 sunt,
2421 3453 2487 3494 ex
2515 3439 2693 3509 nobis,
2721 3449 2777 3496 et
2805 3454 2969 3511 supra
2998 3453 3099 3496 nos
3121 3438 3406 3497 excellenti
3437 3435 3648 3492 ratione

386 3534 700 3604 possidens.
818 3547 828 3552 ‘
2693 3531 2704 3546 ’

1997 1782 2246 1900 BAtque
2303 1793 2365 1838 ut
2392 1800 2582 1841 eorum
2641 1802 2909 1842 summam
2967 1785 3154 1856 paucis
3195 1783 3643 1852 complectamur,

2071 1888 2244 1900 ..ω-...ι
2268 1876 2427 1900 ιαμ-.-
2463 1886 2572 1900 ---ι
2623 1893 2730 1900 ..--
2789 1878 3056 1900 .._--_|_-_
3124 1885 3262 1900 ΑΛ--.
3325 1877 3484 1900 1.,...νηι
3551 1871 3643 1900 om]

395 3647 512 3700 Τοῦ
539 3647 730 3702 αὐτοῦ
749 3646 819 3700 ἐκ
846 3646 955 3700 τοῦ
996 3647 1184 3715 ,λόγου
1209 3646 1317 3701 τοῦ
1340 3645 1474 3714 περὶ
1506 3645 1614 3716 τῆς
1643 3646 1969 3714 ἐκκλησια-

905 3715 1123 3786 στικῆς
1144 3718 1470 3785 ἱεραρχίας.

481 3806 546 3860 Ἠ
571 3807 628 3860 δὲ
667 3807 766 3877 τῆς
789 3806 1088 3876 θεαρχικῆς
1113 3805 1450 3875 ἀγαθότητος
1483 3807 1818 3876 ἀπειροτατη
1846 3805 1969 3875 φιλ-

391 3897 679 3969 ανθρωπία
735 3899 794 3951 ὲν
830 3894 1020 3965 ἀληθεῖ
1071 3895 1284 3964 μεθέξει
1331 3895 1442 3948 τῶν
1479 3895 1603 3950 καθ’
1635 3897 1780 3965 ἡμᾶς
1813 3913 1970 3965 γενο-

2209 3646 2461 3716 Ejusdem
2490 3662 2555 3700 ea:
2574 3645 2704 3700 libro
2723 3645 2786 3700 de
2813 3643 3161 3700 ecclesiastica
3185 3645 3505 3700 Itierarcltia.

2149 3803 2366 3860 inﬁnita
2398 3803 2608 3858 "divinae
2639 3802 2897 3858 bonitatis
2955 3815 3080 3872 erga
3125 3815 3300 3872 genus
3346 3801 3647 3855 humanum

2075 3896 2454 3954 benevolentia
2476 3909 2604 3949 vere
2623 3908 2744 3962 quas
2785 3905 2972 3949 nostra
3004 3902 3150 3956 sunt,
3191 3907 3474 3948 assumens
3525 3893 3656 3946 sine

2069 1888 2247 1944 neque
2266 1876 2431 1931 homo
2457 1886 2595 1944 erat,
2623 1893 2733 1934 non
2783 1878 2928 1948 quod
2951 1892 3063 1932 non
3118 1885 3266 1932 esset
3325 1877 3508 1938 homo,
3551 1871 3646 1925 sed
3747 1924 3749 1926 .

396 3991 538 4059 μὲνη
567 3988 957 4058 ἀναμαρτήτῳ,
984 3987 1080 4041 καὶ
1115 3987 1251 4056 πρὸς
1294 3986 1358 4039 τὸ
1382 3985 1637 4038 ταπεινὸν
1669 3986 1826 4056 ἡμῶν
1855 3987 1967 4040 ἑνο-

2076 3993 2322 4054 peccato,
2347 3997 2513 4052 seque
2533 3982 2824 4037 humilitati
2851 3991 3052 4037 nostrae
3075 3981 3433 4052 coniungens,
3457 3990 3650 4050 etquae
3743 4022 3756 4035 .

393 4079 688 4149 ποιηθεῖσα
719 4077 858 4147 μετά
883 4077 983 4147 τῆς
1000 4078 1110 4131 τῶν
1130 4076 1348 4131 οίκεμίων
1374 4077 1685 4145 ἀτυγχύτου
1715 4077 1967 4134 subdito-

2069 4071 2288 4142 propria
2323 4071 2492 4140 ipsius
2532 4077 2681 4136 sunt,
2714 4069 2834 4125 sine
2887 4070 2994 4126 ulla
3047 4083 3273 4141 prorsus
3327 4071 3647 4126 confusione

392 4172 563 4240 δήτου
609 4171 890 4234 παντελῶς
933 4171 1119 4236 ἕξεως,
1171 4170 1270 4238 τὴν
1301 4169 1438 4239 πρὸς
1480 4167 1649 4238 αὐτὴν
1683 4169 1816 4238 ἡμῖν
1844 4185 1967 4222 κοι-

2069 4163 2558 4231 imminutioneque
2586 4160 2848 4227 retinens,
2880 4161 3037 4217 nobis
3070 4162 3180 4233 jam
3214 4169 3275 4216 ut
3303 4163 3546 4232 cognatis
3591 4178 3650 4216 se

393 4266 616 4327 νωνὶαν,
647 4263 723 4325 ὡς
755 4262 1042 4332 ὁμογενέσι
1084 4261 1271 4314 λοιπὸν
1320 4258 1654 4330 ἐδωρήσατο,
1710 4259 1807 4313 καὶ
1861 4257 1967 4312 τῶν

2069 4251 2512 4318 communicavit,
2553 4261 2610 4308 et
2657 4264 2758 4306 nos
2804 4250 3069 4306 bonorum
3099 4264 3320 4306 suorum
3358 4252 3650 4322 participes

393 4355 614 4407 οἰκείων
637 4353 874 4417 ἀνέδειξε
913 4353 1175 4423 μετόχους
1203 4351 1407 4406 καλῶν.

410 4465 514 4519 Ἐκ
539 4463 649 4518 τοῦ
684 4465 874 4534 λόγου
915 4464 1022 4519 τοῦ
1041 4464 1176 4532 περὶ
1205 4461 1316 4530 τῆς
1333 4462 1616 4531 οὐρανίου
1642 4461 1962 4530 ίεραρχιάς.
1997 4472 2046 4530 ι)

481 4555 787 4609 Ἀνανεύσω
832 4555 890 4608 δὲ
940 4553 1038 4608 καὶ
1071 4554 1212 4624 πρὸς
1252 4553 1352 4615 τὰς
1400 4553 1712 4623 ὑπερτάτας
1738 4551 1848 4605 τῶν
1879 4550 1968 4602 λο-

397 4647 537 4717 γίων
567 4646 886 4715 θεοφανείας
910 4663 924 4678 ⁸
959 4645 1071 4717 δρῶ
1108 4647 1218 4716 γὰρ
1242 4646 1326 4700 ὅτι
1372 4645 1468 4697 καὶ
1493 4645 1655 4706 αὐτὸς
1691 4641 1896 4713 Ἰησοῦς
1930 4644 1964 4712 ἠ

398 4739 511 4791 τῶν
560 4736 976 4808 ὑπερουρανίων
1017 4734 1215 4790 οὐσιῶν
1263 4734 1586 4804 ὑπερούσιος
1615 4733 1784 4796 αἰτία,
1833 4730 1968 4802 πρὸς

398 4833 464 4885 τὸ
502 4832 624 4886 καθ’
662 4833 811 4903 ἡμᾶς
853 4829 1208 4901 ἀμεταϐόλως
1247 4826 1543 4898 ἐληλυθὼς,
1584 4827 1684 4880 οὐκ
1710 4825 1966 4894 ἀποπηδᾷ

396 4923 504 4992 τῆς
561 4923 656 4975 ὑπ’
709 4922 879 4976 αὐτοῦ
921 4921 1217 4993 ταχθείσης
1264 4922 1358 4976 καὶ
1401 4919 1712 4987 αἱρεθείσης
1759 4918 1970 4986 ἀνθρω-

398 5014 710 5085 ποπρεπῶς
769 5013 1055 5080 εὐταξίας,
1110 5010 1227 5065 ἀλλ’
1284 5010 1552 5072 εὐπειθῶς
1609 5007 1970 5063 ὑποτάττεται

2076 4344 2227 4400 fecit.

2314 4456 2560 4526 Ejusdem
2582 4470 2646 4510 ex
2661 4456 2790 4510 libro
2805 4457 2870 4511 de
2883 4456 3072 4524 caelesti
3085 4457 3401 4511 hierarchia.

2144 4543 2369 4608 Verum,
2391 4554 2452 4598 ut
2471 4559 2713 4600 summas
2739 4545 2868 4600 item
2899 4561 2966 4600 ac
2999 4546 3234 4601 divinas
3257 4561 3427 4601 sacrae
3455 4545 3646 4617 Scrip-

2073 4646 2206 4693 tura:
2247 4635 2741 4692 demonstrationes
2761 4636 3211 4707 contemplemur,
3261 4637 3418 4692 video
3465 4637 3641 4707 ipsum

2071 4728 2236 4784 etiam
2267 4725 2474 4792 Iesum,
2502 4726 2593 4795 qui
2621 4725 2932 4783 sublimium
2957 4729 3314 4781 essentiarum
3337 4734 3420 4781 est
3443 4739 3633 4783 auctor

2042 4851 2044 4853 >
2069 4818 2308 4876 essentia
2329 4815 2641 4882 sublimior,
2663 4830 2786 4872 cum
2802 4815 2871 4871 ad
2899 4831 3002 4871 nos
3023 4818 3142 4871 sine
3163 4817 3270 4870 ulla
3293 4818 3376 4872 sui
3401 4834 3648 4873 cominu-

2072 4911 2275 4966 tatione
2297 4909 2555 4974 venisset,
2577 4924 2608 4963 a
2629 4909 2746 4979 lege
2773 4916 2939 4977 atque
2982 4907 3173 4963 ordine
3193 4909 3396 4963 homini
3419 4925 3653 4980 congru-

2071 5010 2221 5065 ente,
2248 5015 2408 5070 quem
2435 5000 2549 5069 ipse
2577 5005 2843 5054 statuerat
2861 5006 2919 5053 et
2953 4997 3208 5069 elegerat,
3234 5015 3340 5053 non
3373 5001 3650 5062 recedere.

396 5109 520 5170 ταῖς
565 5107 660 5159 τοῦ
708 5107 922 5178 Πατρδς
969 5106 1064 5160 καὶ
1107 5104 1244 5159 Θεοῦ
1292 5103 1360 5158 δι’
1405 5101 1661 5171 ἀγγέλων
1701 5097 1967 5153 διατυπώ-

2075 5093 2168 5148 sed
2187 5091 2364 5146 Patris
2405 5100 2462 5145 et
2483 5089 2578 5145 Dei
2594 5088 2882 5155 mandatis.
2910 5104 3028 5160 quae
3042 5105 3139 5161 per
3159 5091 3381 5162 angelos
3405 5091 3652 5147 dederat.

401 5214 576 5252 σεσιν.

404 5311 537 5362 Ἔτι
572 5308 701 5376 περὶ
736 5309 846 5376 τῆς
883 5308 1045 5374 θείας
1084 5304 1626 5376 (ἔναιμοί)ωπήᾳεωςὶ
1665 5300 1774 5376 τοῦ
1794 5300 1973 5376 parti:

469 5384 588 5432 λου
624 5370 956 5446 Γρηγὸρίου
975 5370 1084 5431 τοῦ
1110 5370 1844 5446 Θεολόχυυ-ἐκ-τοῦᾼλὸγου
1859 5370 1972 5446 Eoi:

472 5451 564 5511 εἰς
596 5439 686 5527 ξεῖ
706 5439 982 5518 fer-30.1w
1005 5445 1111 5500 τοῦ
1141 5439 1359 5514 Κυρίου
1396 5442 1564 5512 ’ἡμῶν
1613 5439 1816 5508 Ἰησοῦ
1849 5441 1973 5506 Χρι-

475 5533 654 5571 στου.

490 5607 645 5660 Ἐπεὶ
686 5606 744 5660 δὲ
778 5606 964 5676 φθόνῳ
991 5605 1263 5672 διαὸὀλου,
1296 5606 1393 5658 καὶ
1443 5603 1699 5673 γυναικὸς
1741 5599 1975 5671 ἐπηρείᾳ

403 5699 474 5768 ἣν
514 5715 573 5750 τε
626 5697 828 5752 ἔπαθεν
878 5697 953 5761 ὼς
990 5697 1342 5765 ἁπαλωτέρα,
1379 5697 1470 5748 καὶ
1511 5697 1576 5765 ἣν
1623 5693 1974 5764 προσήγαγεν

2074 5182 2368 5240 summisse
2394 5183 2792 5251 obtemperare.

2075 5296 2206 5352 Item
2221 5296 2284 5347 de
2298 5296 2473 5348 divina
2485 5295 2730 5349 humanae
2747 5296 2920 5349 carnis
2939 5297 3305 5362 assumptione.
3325 5293 3503 5362 magna"
3521 5290 3655 5344 Grc-

2144 5365 2871 5433 goriiT/tcologiexoratione
2903 5366 2958 5418 in
2973 5361 3123 5416 diem
3146 5365 3395 5419 Natalem
3434 5361 3650 5415 Domini
3691 5424 3693 5427 ι

2149 5435 2309 5489 nostri
2342 5433 2372 5488 J
2381 5451 2470 5488 esu
2492 5433 2705 5490 Christi.

2161 5591 2267 5648 Sed
2303 5598 2653 5664 posteaquam
2703 5591 2906 5646 invidia
2954 5561 3154 5646 diaboli
3214 5596 3270 5644 et
3311 5587 3656 5642 fraudulenta

2091 5685 2235 5740 illius
2262 5684 2337 5749 vi,
2355 5698 2518 5754 quam
2546 5684 2739 5738 mulier
2762 5693 2820 5737 ut
2850 5691 2905 5737 et
2923 5681 3246 5742 imbecillior
3277 5695 3527 5750 perpessa
3554 5689 3656 5744 cst,

407 5806 485 5854 ως
531 5790 876 5861 πιθανωτέρα
909 5789 1033 5862 (φεῦ
1072 5791 1169 5861 τῆς
1200 5789 1336 5860 ἐμῆς
1376 5788 1653 5851 ἀσθενείας
1683 5788 1695 5840 ἶ
1738 5783 1844 5855 ἐμὴ
1868 5781 1967 5854 γὰρ

2080 5789 2133 5834 et
2180 5779 2245 5833 ad
2285 5773 2910 5848 persuadendumaptior
2931 5771 3164 5829 obtrusit
3195 5772 3311 5828 viro
3339 5770 3405 5841 (0
3431 5771 3657 5830 inﬁrmi-
