4120 6292
534 402 636 468 ειι

1778 390 2161 457 EUTHYMII
2200 396 2532 464 ZIGABEN
2535 404 2565 463 Ι

3689 409 3797 477 212

539 526 704 571 tatem
721 527 895 569 meam
914 515 927 566 ι
948 522 1068 567 mea
1084 509 1231 568 enim
1249 517 1333 566 est
1346 506 1506 578 primi
1534 504 1775 579 parentis
1800 500 2109 573 inﬁrmitas)

2218 512 2362 582 ἢτοῦ
2392 514 2783 585 προπάτορος),
2825 518 2927 587 τῆς
2959 516 3060 587 μὲν
3108 517 3330 588 ἐντολῆς
3368 519 3668 577 ἐπελάθετο
3696 522 3795 589 τῆς

536 606 799 672 mandati,
823 606 967 676 quod
1005 609 1289 674 acceperat
1318 601 1436 671 ipse
1465 599 1667 657 oblitus
1685 608 1791 665 est,
1838 608 1895 655 et
1922 611 2106 653 amaro

534 698 678 766 pomi
697 703 911 767 gustatu
947 702 1260 763 superatus,
1295 691 1461 746 simul
1495 698 1550 747 et
1575 690 1777 761 aligno
1826 688 1971 756 vitae,
2002 696 2057 744 et
2079 700 2108 740 a

536 786 811 854 paradiso,
852 794 909 839 et
940 798 969 837 a
1005 781 1114 838 Deo
1166 790 1423 851 tanquam
1476 781 1631 836 exsul
1685 778 2017 846 extruditur,
2054 789 2109 834 et

448 919 453 927 .
535 875 775 945 pelliceis
792 873 1038 929 induitur
1055 872 1413 938 vestimentis,
1429 872 1696 928 crassiore
1714 871 1972 927 nimirum
1990 885 2110 926 ear-

447 975 453 994 τ
537 981 628 1032 ne,
657 980 779 1034 quae
806 972 1040 1021 mortem
1067 964 1295 1028 subiret,
1327 972 1381 1042 et
1405 962 1624 1034 spiritui
1654 970 2003 1033 repugnaret.
2037 961 2113 1016 Ae

535 1057 774 1125 primum
808 1056 1025 1125 quidem
1058 1056 1306 1127 agnoscit
1338 1054 1736 1125 turpitudinem
1753 1062 2113 1122 suam,atque

534 1149 658 1204 ideo
691 1163 753 1203 se
782 1146 879 1202 Dei
933 1156 1290 1216 conspectum
1322 1146 1534 1217 fugiens
1567 1145 1875 1203 abscondit.
1904 1144 2003 1201 Hic
2026 1154 2113 1201 ta-

536 1254 660 1293 men
686 1240 928 1297 lucratur
945 1247 1198 1303 mortem,
1219 1253 1315 1307 per
1329 1252 1494 1306 quam
1515 1244 1807 1306 peccatum
1829 1234 2111 1292 abscindi-

535 1342 642 1398 tur,
669 1347 737 1386 ne
757 1330 978 1386 miseria
1004 1331 1074 1385 sit
1108 1330 1453 1395 immortalis,
1488 1337 1542 1383 et
1569 1344 1693 1383 cum
1713 1328 1990 1398 supplicio
2017 1328 2114 1383 be-

533 1424 791 1479 neficium
832 1423 1183 1493 coniunctum
1229 1432 1506 1478 cernatur.
1540 1420 1652 1476 Hac
1691 1420 1837 1475 enim
1900 1420 2114 1476 ratione

536 1518 697 1580 Deus,
728 1524 789 1571 ut
813 1516 947 1569 mihi
983 1515 1200 1585 quidem
1265 1513 1589 1584 persuadeo,
1626 1514 1802 1583 punit.
1841 1511 2111 1567 Caeterum

535 1625 661 1665 cum
676 1608 839 1663 variis
855 1607 1235 1663 occasionibus
1268 1616 1430 1676 atque
1445 1606 1798 1675 temporibus
1814 1604 2113 1659 humanum

537 1718 710 1772 genus
740 1702 1033 1757 multorum
1058 1710 1426 1769 peccatorum,
1466 1713 1586 1769 quae
1603 1698 1693 1753 illa
1721 1696 1941 1752 malitiae
1958 1694 2115 1750 radix

538 1789 857 1859 protulerat,
910 1787 1096 1843 multis
1151 1786 1346 1850 modis,
1410 1798 1609 1853 nempe
1645 1785 1911 1848 oratione,
1974 1783 2111 1849 lege,

538 1881 839 1951 prophetis,
894 1877 1195 1944 beneﬁciis,
1254 1879 1438 1941 minis,
1492 1875 1685 1948 plagis,
1744 1874 2113 1940 eluvionihus,

538 1976 826 2039 incendiis,
871 1974 1047 2039 bellis,
1098 1972 1362 2035 victoriis,
1420 1970 1688 2034 cladibus,
1740 1967 2001 2038 prodigiis
2049 1983 2110 2022 ex

536 2068 695 2135 ctelo,
712 2082 776 2121 ex
794 2082 937 2132 aere,
958 2083 1023 2122 ex
1043 2075 1203 2129 terra,
1232 2081 1297 2123 ex
1319 2063 1476 2128 mari,
1498 2062 1789 2131 insperatis
1808 2060 2113 2123 hominum,

535 2160 837 2225 civitatum,
870 2159 1111 2230 gentium
1148 2157 1547 2219 eversionibus,
1578 2151 2117 2223 quibUS'ralionibus

541 2252 676 2305 nihil
705 2252 850 2305 aliud
882 2253 1165 2321 agebatur,
1200 2248 1307 2303 nisi
1344 2258 1402 2302 ut
1463 2248 1665 2301 malitia
1717 2255 2114 2307 contereretur,

535 2343 737 2398 frustra
754 2345 909 2413 prius
940 2352 1087 2401 esset
1124 2340 1471 2401 admonitum
1533 2347 1588 2402 et
1620 2337 2038 2407 reprehensum,
2062 2344 2118 2390 et

537 2435 835 2505 majoribus
850 2436 1107 2505 peccatis,
1127 2444 1182 2491 ul
1204 2433 1409 2493 mutuis
1422 2427 1735 2495 homicidiis
1759 2470 1774 2494 ,
1809 2428 2117 2492 adulteriis,

535 2528 1028 2597 perjuriis,insanis
1058 2525 1339 2587 hominum
1367 2522 1649 2587 amoribus
1698 2530 1751 2577 et
1783 2522 1799 2589 (
1824 2521 1967 2590 quod
1995 2535 2117 2575 om-

535 2622 687 2679 nium
717 2622 987 2685 malorum
1045 2616 1426 2689 gravissimum
1480 2616 1647 2680 erat)
1700 2612 2115 2671 simulacrorum

532 2715 706 2778 cultu.
739 2727 851 2782 quo
890 2711 1142 2773 homines
1199 2707 1447 2778 neglecto
1487 2707 1845 2767 Procreatore
1896 2704 1971 2759 ad
2027 2717 2119 2759 res

535 2815 846 2874 procreatas
868 2802 1125 2863 colendas
1183 2811 1238 2857 et
1260 2798 1571 2859 adorandus
1599 2813 1659 2852 se
1703 2796 2115 2860 convertebant,

533 2899 989 2969 obstringeretur.
1050 2884 1413 2965 gravioraque
1458 2893 1572 2962 jam
1608 2890 1881 2961 ejusmodi
1942 2887 2117 2945 morbi

532 2990 773 3046 remedia
794 2989 1297 3055 medicamentaque
1345 2983 1713 3053 requirerent,
1740 2982 1946 3050 majora
2000 2995 2121 3052 gra-

531 3081 793 3151 vioraque
821 3088 949 3141 sunt
973 3078 1234 3139 adhibita.
1287 3076 1469 3145 Ipsum
1530 3074 1679 3129 enim
1731 3073 1827 3128 Dei
1848 3072 2115 3133 Verbum.

2210 603 2477 675 δοθείσης,
2529 607 2622 660 καὶ
2660 607 2865 680 ἡττήθη
2911 609 3015 680 τῆς
3068 612 3272 678 πικρᾶς
3331 612 3577 678 γεύσεως
3605 628 3623 644 ο
3656 614 3792 682 ὁμοῦ

2211 696 2268 749 δὲ
2315 696 2410 750 τοῦ
2447 697 2548 767 τῆς
2593 699 2753 770 ζωῆςς
2782 699 2965 766 ξύλου,
3014 700 3108 753 καὶ
3157 700 3251 753 τοῦ
3305 701 3659 771 παραδείσου,
3700 702 3794 756 καὶ¹

2210 789 2306 843 τοῦ
2332 787 2473 843 Θεοῦ
2499 790 2586 844 διά
2631 791 2732 862 τὴν
2751 793 2953 847 κακίαν
2986 793 3261 864 ἐξόριστος
3284 793 3515 863 γίνεται,
3549 794 3645 847 καὶ
3669 796 3795 857 τοὺς

2212 882 2577 954 δερματίνους
2622 883 2986 954 ἀμφιέννυται
3023 886 3277 955 χιτῶνας,
3312 888 3445 949 ἴσως
3486 886 3584 957 τὴν
3617 903 3800 956 παχυ-

2212 974 2379 1044 τέραν
2410 976 2612 1046 σάρκα,
2640 976 2736 1031 καί⁵
2761 975 2989 1047 θνητὴν,
3018 978 3113 1031 καὶ
3145 977 3463 1032 ἀντίτυπον.
3495 978 3604 1031 Καὶ
3636 978 3797 1031 τοῦτο

2213 1065 2432 1138 πρῶτον
2461 1065 2725 1134 γινώσκει
2761 1068 2863 1138 τὴν
2896 1068 3033 1122 ἰδίαν
3065 1067 3351 1139 αἰσχύνην,
3395 1069 3491 1122 καὶ⁵
3522 1068 3630 1122 άπὸ
3659 1068 3797 1121 Θεοῦ

2214 1158 2544 1229 κρύπτεται.
2581 1159 2865 1229 Κερδαίνει
2905 1159 3087 1229 μέντοι
3112 1160 3393 1215 κάνταῦθα
3426 1161 3519 1214 τὸν
3546 1160 3797 1223 θάνατον,

2216 1257 2313 1313 καὶ
2340 1257 2402 1310 τὺ
2429 1257 2760 1329 διακοπῆναι
2802 1260 2904 1327 τὴν
2948 1258 3249 1329 ἁμαρτίαν,
3295 1258 3384 1313 ἵνα
3425 1257 3500 1328 μὴ
3530 1258 3801 1312 ἀθάνατον

2212 1346 2247 1423 ᾗ
2280 1349 2343 1404 τὸ
2388 1352 2559 1405 κακόν
2585 1365 2601 1382 ⁶
2638 1351 2732 1406 καὶ
2773 1353 2984 1419 γίνεται
3026 1350 3409 1421 φιλανθρωπία
3451 1351 3485 1421 ὴ
3530 1349 3799 1420 τιμωρία.

2216 1443 2374 1497 Οὕτω
2409 1443 2518 1515 γὰρ
2549 1443 2808 1514 πείθομαι
2839 1441 3088 1506 κολάζειν
3111 1442 3266 1497 Θεόν.
3304 1441 3527 1503 Πολλοίς
3560 1441 3620 1494 δὲ
3669 1458 3801 1493 παι-

2214 1536 2428 1600 δευθεὶς
2472 1537 2739 1606 πρότερον
2787 1535 2911 1589 ἀντὶ
2951 1534 3164 1587 πολλῶν
3203 1533 3313 1586 τῶν
3360 1532 3800 1601 ἁμαρτημάτων,

2216 1626 2292 1682 ὧν
2339 1630 2373 1699 ή
2422 1630 2522 1697 τῆς
2565 1627 2769 1690 κακίας
2822 1629 2945 1697 ῥίζα
2981 1625 3285 1694 ἐϐλάστησε
3332 1624 3474 1677 κατὰ
3509 1623 3803 1692 διαφόρους

2218 1719 2399 1782 αἰτίας
2441 1719 2535 1771 καὶ
2566 1717 2817 1789 χρόνους,
2858 1716 3024 1787 λόγῳ,
3065 1716 3238 1785 νόμῳ,
3282 1716 3610 1785 προφήταις,
3645 1712 3803 1782 εὐερ-

2146 1811 2453 1906 Βγεσίαις,
2507 1809 2782 1873 ἀπειλαῖς,
2838 1806 3100 1877 πληγαῖς,
3156 1805 3364 1868 ὕδασιν,
3426 1799 3829 1874 ὲμπρησμοῖς,⁹

2219 1902 2497 1970 πολέμοις,
2545 1901 2743 1964 νίκαις,
2778 1899 2991 1969 ἥτταις,
3028 1897 3277 1968 σημείοις
3315 1896 3373 1963 ἐξ
3402 1895 3660 1967 οὐρανοῦ,
3703 1910 3803 1963 ση-

2221 1992 2395 2062 μείοις
2452 1990 2512 2057 ἐξ
2571 1991 2761 2062 ἀέρος,
2814 1992 2877 2043 ὲκ
2930 1991 3056 2059 γῆς,
3104 1989 3169 2041 ἐκ
3218 1988 3514 2058 θαλάττης,
3568 1973 3825 2055 άνδρῶν,ῗ

2219 2084 2450 2147 πόλεων,
2494 2082 2666 2136 ἐθνῶν
2698 2081 3042 2146 ἀνελπίστοις
3076 2080 3421 2152 μεταϐολαῐς,
3460 2078 3550 2144 ὑφ’
3581 2071 3657 2131 ὧν
3702 2078 3804 2127 ὲκ-

2191 2176 2471 2251 Δτριδῆναι
2519 2173 2617 2244 τὴν
2668 2173 2866 2226 κακίαν
2917 2173 2978 2225 τδ
3030 2170 3467 2240 σπουδαζόμενον
3518 2163 3610 2237 ἦν,
3651 2166 3803 2229 τέλος

2223 2267 2581 2338 ἰσχυροτέρου
2625 2266 2800 2319 δεῖται
2846 2265 3143 2335 φαρμάκου
3187 2265 3280 2317 ἐπὶ
3322 2260 3649 2328 δεινοτέροις
3690 2262 3803 2320 τοῖς

2218 2357 2677 2430 ἀρρωστήμασιν,
2695 2353 3132 2423 ἀλληλοφονὶαις,
3158 2351 3450 2423 μοιχείαις,
3468 2347 3802 2418 ὲπιορκίαις,

2218 2449 2636 2519 ἁνδρομανίαις,
2666 2448 2726 2500 τὸ
2765 2446 2982 2500 πάντων
3033 2444 3264 2514 ἔσχατον
3295 2442 3407 2495 τῶν
3449 2439 3661 2505 κακῶν,
3709 2439 3808 2490 καὶ

2218 2542 2455 2611 πρῶτον,
2519 2537 3020 2607 εἰδωλολατρείαις,
3079 2536 3175 2590 καὶ
3225 2536 3291 2606 τῇ
3351 2533 3642 2603 μεταθέσει
3700 2530 3806 2597 τῆς

2220 2634 2648 2702 προσκυνήσεως
2667 2631 2776 2685 άπὸ
2798 2628 2892 2682 τοῦ
2914 2627 3277 2699 πεποιηκότος
3303 2626 3397 2679 ἐπὶ
3416 2624 3486 2677 τά
3501 2622 3805 2691 κτίσματα.

2221 2727 2411 2780 Ταῦτα
2444 2725 2632 2795 ἐπειδὴ
2666 2724 2914 2793 μείζονος
2953 2723 3124 2774 ἐδεῖτο
3154 2719 3248 2774 τοῦ
3278 2718 3644 2788 βοηθήματος,
3680 2714 3809 2785 μεί-

2221 2818 2374 2883 ζονος
2429 2817 2524 2871 καὶ
2579 2815 2859 2884 τυγχάνει.
2909 2812 2982 2866 Τὸ
3023 2812 3079 2865 δὲ
3128 2808 3197 2882 ἦν
3247 2810 3411 2872 αὐτὸς
3465 2811 3496 2861 6
3531 2806 3628 2861 τοῦ
3665 2805 3808 2858 Θεοῦ

2219 2911 2391 2978 Λόγος
2417 2911 2446 2962 6
2486 2907 2839 2979 προαιώνιος,
2870 2906 2899 2958 6
2936 2906 3167 2975 ἀόρατος
3213 2903 3311 2955 καὶ
3347 2897 3741 2969 ἀπερίληπτος,
3773 2895 3806 2947 6

2220 3000 2535 3070 ἀσώματος,
2572 2997 2669 3051 καὶ
2708 2996 2778 3050 τὰ
2813 2996 2960 3064 ἑξῆς,
3003 2996 3036 3064 ἡ
3082 2992 3509 3059 ἀπαράλλακτος
3551 2986 3739 3051 είκὼν,
3772 2986 3805 3038 6

2221 3091 2319 3145 τοῦ
2357 3091 2569 3161 Πατρὸς
2617 3090 2745 3159 ὅρος
2785 3088 2880 3140 καὶ
2924 3086 3097 3155 Λόγος
3145 3086 3239 3136 ἐπὶ
3287 3084 3387 3152 τὴν
3430 3082 3569 3134 ἰδίαν
3614 3079 3805 3131 εἰκόνα

532 3173 678 3243 quod
708 3180 791 3229 est
807 3182 935 3232 ante
965 3171 1184 3237 saecula,
1204 3168 1349 3239 quod
1374 3166 1763 3237 comprehendi
1792 3180 1901 3220 non
1922 3172 2117 3234 potest,

2224 3184 2413 3253 χωρεῖ,
2455 3179 2553 3234 καίΙ
2597 3178 2973 3249 σάρκακφορεῖ
3018 3175 3106 3229 διὰ
3140 3175 3237 3245 τὴν
3277 3176 3479 3245 σάρκα,
3515 3174 3612 3225 καὶ
3652 3168 3805 3241 ψυχῇ

532 3264 676 3334 quod
698 3279 902 3334 corpus
928 3279 1039 3320 non
1070 3263 1236 3319 habet
1257 3264 1349 3331 (et
1370 3259 1851 3329 quasequuntur),
1875 3257 1990 3327 ipsa
2017 3254 2117 3311 Dei

535 3362 714 3430 imago
751 3357 1235 3421 incommutabilis,
1298 3355 1473 3409 Patris
1538 3352 1783 3408 deﬁnitio
1835 3360 1892 3406 et
1944 3349 2112 3417 ratio,

536 3451 851 3522 imaginem,
886 3464 1054 3520 quam
1082 3447 1288 3504 homini
1314 3447 1688 3517 impresserat,
1714 3445 1832 3514 ipse
1862 3444 2116 3513 suscipit,

534 3555 591 3600 et
623 3551 845 3615 propter
866 3556 1110 3607 carnem,
1145 3555 1364 3595 carnem
1415 3542 1576 3608 gerit,
1610 3547 1665 3593 et
1690 3537 1873 3592 animo
1909 3537 2119 3592 ratione

535 3637 765 3708 praedito
781 3651 881 3719 pro
902 3635 1075 3689 salute
1091 3632 1258 3689 animi
1311 3632 1416 3687 mei
1432 3632 1840 3695 eommiscetur,
1871 3638 1932 3686 ut
1954 3630 2119 3685 simili

536 3730 768 3785 similem
794 3736 1007 3799 purget,
1033 3728 1084 3780 in
1111 3727 1365 3781 omnibus
1392 3722 1651 3792 denique,
1679 3735 1906 3792 peccato
1934 3730 2119 3778 tamen

535 3798 864 3888 excepto,iﬁt
886 3818 1069 3873 homo.
1093 3816 1171 3873 Ex
1196 3815 1435 3888 Virgine,
1460 3814 1619 3884 cujus
1636 3798 1878 3867 animum
1909 3820 1966 3867 et
1990 3828 2119 3868 ear-

536 3926 661 3967 nem
677 3905 912 3980 Sp’iritus
925 3925 991 3964 an
1001 3918 1051 3967 te
1064 3916 1404 3980 purgaverat.
1419 3908 1685 3968 nascitur.
1701 3907 1937 3965 Decebat
1952 3908 2118 3977 enim,

537 4013 672 4060 utet
692 4004 982 4061 liberorum
1014 4004 1289 4072 susceptio
1337 4004 1723 4072 honoraretur,
1747 4012 1802 4060 et
1830 4002 1907 4059 illi
1936 4013 2121 4061 tamen

542 4100 598 4154 in
625 4102 830 4154 honore
852 4097 1137 4169 virginitas
1162 4096 1529 4151 anteferretur
1554 4105 1751 4167 ;atque
1777 4096 1853 4151 ita
1879 4096 2120 4151 humana

538 4194 715 4247 forma
736 4200 1014 4260 assumpta
1027 4190 1093 4245 ad
1118 4204 1215 4245 nos
1240 4190 1586 4259 progreditur
1612 4203 1781 4243 unum
1804 4202 1871 4243 ex
1905 4189 2123 4246 duobus

536 4281 851 4344 contrariis,
878 4294 1045 4334 carne
1066 4287 1122 4332 et
1144 4278 1362 4347 spiritu,
1396 4284 1677 4341 constans,
1732 4292 1966 4347 quorum
2030 4279 2123 4337 hic

537 4372 874 4427 divinitatem
912 4369 1206 4435 tribuebat,
1236 4368 1325 4422 illa
1367 4368 1655 4424 divinitate
1683 4369 2021 4428 aﬂiciebatut'
2049 4374 2123 4444 (ο

538 4478 735 4519 novam
762 4462 1092 4523 mistioueml
1130 4476 1162 4516 ο
1189 4460 1628 4531 conjunctionem
1662 4462 2035 4520 admirabilem
2062 4467 2077 4520 ι
2100 4465 2123 4537 )
2148 4507 2204 4569 D

536 4557 654 4623 lile,
677 4555 767 4625 qui
784 4563 867 4612 est
879 4553 1358 4623 eﬂector,elﬁeitur
1378 4577 1394 4627 ;
1416 4555 1507 4629 qui
1532 4567 1747 4614 creator
1760 4567 1864 4625 est,
1883 4567 2121 4628 creatur;

535 4648 629 4719 qui
659 4650 1046 4719 comprehendi
1075 4665 1186 4706 non
1217 4658 1413 4720 potest,
1450 4652 1669 4708 vinculo
1688 4652 1914 4709 humani
1953 4651 2123 4708 animi

535 4742 879 4798 divinitatem
901 4750 955 4797 et
974 4742 1157 4797 carnis
1188 4743 1604 4799 crassitudinem
1654 4746 1948 4816 copulante
1969 4760 2124 4801 com—

536 4834 918 4906 prehenditur.
972 4833 1074 4901 Qui
1130 4836 1268 4891 ditat
1310 4836 1478 4901 alios,
1529 4851 1736 4907 pauper
1797 4837 1880 4893 ﬁt.
1926 4837 2122 4895 Carnis

537 4928 681 4983 enim
696 4941 829 4981 mere
850 4936 1219 4997 paupertatem
1246 4928 1613 4999 amplectitur,
1630 4938 1687 4983 ut
1704 4944 1805 5001 ego
1824 4929 2122 4987 divinitatis

539 5020 660 5089 ejus
680 5018 894 5075 divitias
938 5032 1213 5083 assequar.
1272 5020 1375 5088 Qui
1401 5021 1592 5090 plenus
1642 5030 1746 5088 est,
1783 5022 2119 5090 exinanitur,

537 5126 834 5183 parumper
861 5113 1005 5169 enim
1027 5114 1252 5184 gloriam
1284 5127 1438 5168 suam
1462 5113 1597 5169 sinit
1623 5113 1922 5180 exhauriri,
1947 5123 2119 5188 utego

538 5203 893 5273 plenitudinis
914 5205 1033 5273 ejus
1062 5205 1334 5274 particeps
1350 5204 1839 5269 efﬁcianouaenam
1866 5215 1996 5261 sunt
2035 5210 2119 5263 he

533 5296 798 5353 bonitatis
832 5295 1036 5353 divitia:
1064 5296 1087 5349 ?
1114 5294 1400 5362 Quodnam
1451 5295 1596 5349 circa
1651 5312 1738 5350 me
1794 5299 2113 5367 mysterium

2219 3275 2384 3344 νοερᾷ
2427 3272 2515 3326 διὰ
2543 3272 2645 3344 τὴν
2690 3270 2832 3340 ἐμὴν
2872 3268 3053 3339 ψυχὴν
3094 3266 3372 3335 μίγνυται,
3413 3265 3493 3335 τῷ
3544 3262 3715 3333 ὁμοίῳ
3742 3261 3809 3313 τ’)

2218 3366 2406 3435 ὅμοιον
2449 3361 2861 3432 άνακαθαίρων,
2899 3360 2992 3412 καὶ
3036 3361 3215 3412 πάντα
3255 3358 3489 3425 γίνεται,
3532 3353 3674 3423 πλὴν
3700 3354 3807 3421 τῆς

2218 3455 2515 3527 ἁμαρτίας,
2540 3453 2849 3525 ἄνθρωπος,
2882 3450 3108 3520 κυηθεὶς
3144 3448 3242 3519 μὲν
3269 3449 3332 3500 ὲκ
3362 3446 3462 3516 τῆς
3497 3443 3803 3513 Παρθένου,

2221 3552 2314 3605 καὶ
2344 3549 2525 3620 ψυχὴν
2553 3548 2648 3602 καὶ
2680 3547 2859 3615 σάρκα
2882 3542 3363 3615 προκαθαρθείσης
3393 3539 3472 3609 τῷ
3496 3537 3803 3606 Πνεύματι.

2224 3641 2376 3696 Ἔδει
2412 3640 2521 3709 γὰρ
2575 3637 2674 3692 καὶ
2717 3636 2975 3706 γέννησιν
3011 3633 3329 3705 τιμηθῆναι,
3373 3632 3470 3685 καὶ
3502 3626 3807 3699 παρθενίαν

2221 3732 2655 3804 προτιμηθῆναι.
2691 3728 2980 3800 Προελθὼν
3006 3726 3065 3779 δὲ
3098 3725 3232 3788 Θεὸς
3263 3724 3401 3792 μετὰ
3433 3723 3533 3791 τῆς
3558 3718 3803 3790 προσλήο

2220 3827 2390 3897 ψεως,
2425 3825 2484 3877 ἓν
2524 3826 2588 3878 ὲκ
2625 3823 2722 3877 δύο
2761 3819 2872 3874 τῶν
2903 3819 3188 3879 ἐναντίων,
3237 3815 3442 3887 σαρκὸς
3500 3814 3598 3866 καὶ
3635 3808 3805 3864 πνεύ-

2227 3934 2419 3990 ματος,
2447 3909 2523 3971 ὧν
2552 3914 2613 3968 τὸ
2643 3914 2742 3984 μὲν
2787 3911 3008 3975 ὲθέωσε,
3036 3909 3098 3963 τὸ
3128 3908 3186 3962 δὲ
3217 3906 3421 3972 ὲθεώθη
3456 3905 3524 3976 (ὣ
3559 3905 3660 3973 τῆς
3679 3918 3807 3955 και-

2221 4011 2319 4081 νῆς
2349 4006 2570 4079 μίξεως,
2601 4005 2762 4076 ὢτῆς
2788 4002 3096 4074 παραδόξου
3129 4000 3377 4070 κράσεως
3397 3999 3462 4065 ε),
3498 3997 3528 4048 6
3557 3995 3635 4049 ὢν
3662 3995 3808 4063 γίνεο

2219 4118 2335 4166 ται,
2358 4101 2452 4154 καὶ
2481 4101 2510 4153 6
2534 4099 2787 4159 άκτιστος
2802 4125 2806 4128 ~
2823 4093 3088 4159 κτίζεται,
3113 4091 3219 4156 ,καὶ
3244 4093 3272 4143 6
3300 4089 3585 4161 άχὼρητος
3605 4087 3805 4157 χωρεῖ-

2223 4210 2316 4247 ται
2356 4192 2449 4246 διὰ
2494 4175 2665 4261 μέσης
2699 4188 2879 4258 ψυχῆς
2926 4188 3121 4256 νοερᾶς
3154 4180 3550 4253 μεσιτευούσης
3588 4178 3807 4247 θεότητι

2225 4288 2324 4339 καὶ
2370 4282 2576 4354 σαρκὸς
2613 4280 2911 4349 παχύτητι,
2955 4279 3053 4333 καὶ¹
3091 4280 3120 4332 6
3149 4274 3454 4337 πλουτίζων
3493 4269 3806 4341 πτωχεύειο

2226 4374 2499 4445 πτωχεύει
2537 4373 2647 4442 γὰρ
2685 4372 2786 4441 τὴν
2826 4371 2971 4441 ἐμὴν
3012 4372 3215 4440 σάρκα,
3262 4367 3328 4419 ἶν’
3365 4364 3478 4434 ἐγὼ
3510 4362 3807 4432 πλουτήσω

2226 4468 2326 4541 τὴν
2355 4463 2520 4520 αὑτοῦ
2558 4463 2817 4533 θεότητα.
2858 4464 2969 4518 Καὶ
2997 4464 3028 4518 6
3064 4463 3281 4534 πλήρης
3302 4457 3588 4515 ηνοῦται·
3624 4456 3807 4511 κενοῦ-

2228 4578 2321 4615 ται
2356 4562 2465 4629 γάρ
2493 4558 2595 4629 τῆς
2633 4556 2827 4615 ἑαυτοῦ
2856 4555 3016 4625 δόξης
3064 4555 3158 4608 ἐπὶ
3205 4551 3425 4624 μικρὸν,
3462 4551 3532 4605 ἶν’
3563 4549 3677 4618 ἐγὼ
3704 4550 3806 4618 τῆς

2226 4651 2439 4707 ἐκείνου
2484 4648 2778 4720 μεταλάὸω
2820 4646 3176 4718 πληρώσεως.
3231 4644 3347 4715 ΤίςΙ
3371 4646 3401 4699 6
3446 4642 3678 4705 πλοῦτος
3707 4644 3805 4712 τῆς

2224 4744 2601 4815 ἁγαθότητοςς
2632 4742 2699 4796 Τί
2737 4742 2798 4796 τὸ
2828 4739 2960 4812 περὶ
2988 4740 3090 4810 ἐμὲ
3110 4740 3269 4793 τοῦτο
3290 4739 3627 4809 μυστήριονς
3657 4738 3805 4792 Μετ-

2224 4836 2420 4895 έλασον
2446 4836 2551 4905 τῆς
2582 4834 2811 4898 εἰκόνος,
2838 4832 2935 4888 καὶ
2977 4833 3080 4886 οὐκ
3115 4830 3381 4901 ὶφύλαξα.
3434 4827 3805 4899 Μεταλαμϐά-

2228 4948 2313 4988 νει
2335 4930 2438 5001 τῆς
2478 4927 2626 4999 ἐμῆς
2660 4927 2889 4997 σαρκὸς,
2918 4925 3007 4985 ἵνα
3032 4925 3129 4978 καὶ
3158 4922 3258 4994 τὴν
3283 4922 3494 4980 εἰκόνα·
3511 4920 3683 4991 σώσῃ,
3711 4919 3805 4973 καὶ

2227 5025 2329 5095 τὴν
2373 5022 2556 5093 σάρκα
2606 5018 2931 5090 ἀθανατίσῃ.
2987 5017 3261 5087 Δευτέραν
3308 5016 3559 5069 κοινωνεῖ
3615 5029 3805 5066 κοινω-

2229 5115 2350 5172 νίαν
2379 5112 2517 5167 πολὺ
2553 5112 2655 5182 τῆς
2699 5111 2975 5183 προτέρας
3014 5105 3477 5179 παρωδοξοτέραν,
3531 5104 3643 5171 δσῳ
3680 5103 3805 5156 τότε

2230 5208 2333 5279 μὲν
2370 5204 2464 5260 τοῦ
2492 5204 2807 5275 κρείττονος
2845 5200 3142 5272 μετέδωκε,
3174 5198 3270 5253 νῦν
3298 5197 3355 5251 δὲ
3398 5193 3806 5267 μεταλαμΰάνει

2220 5299 2316 5355 τοῦ
2347 5298 2610 5369 χείρονος.

535 5399 758 5458 apparet
792 5386 1451 5461 7Egoimaginem,eujus
1470 5387 1739 5456 particeps
1764 5390 1935 5445 factus
1987 5406 2161 5457 eram,
2203 5409 2311 5448 non
2331 5389 2898 5447 servavi.llleearnem
2953 5399 3128 5440 meam
3177 5383 3494 5472 suscipiunt
3530 5391 3585 5436 et
3606 5376 3805 5446 imagi-

534 5498 659 5535 nem
706 5490 910 5547 servet,
946 5490 1000 5536 et
1026 5496 1247 5535 carnem
1282 5480 1470 5535 reddat
1494 5481 1879 5537 immortalem.
1928 5484 2170 5541 Alteram
2229 5486 2332 5540 init
2387 5483 2701 5540 societatem
2735 5480 2935 5549 priore-
2967 5479 3225 5534 societate
3265 5491 3331 5531 eo
3380 5473 3602 5544 quidem
3641 5473 3804 5541 longe

532 5572 1016 5638 admirabiliorem,
1050 5572 1194 5643 quod
1228 5573 1283 5626 in
1316 5572 1522 5642 priore,
1556 5574 1903 5643 praestantius
1931 5578 2071 5646 quod
2111 5588 2250 5646 erat,
2276 5574 2701 5633 communicavit
2728 5589 2743 5639 ;
2780 5574 2834 5626 in
2859 5572 3181 5643 posteriore,
3216 5569 3360 5644 quod
3385 5567 3630 5625 deterius
3658 5577 3800 5622 erat.

532 5664 764 5735 accepit.

904 5759 1157 5828 Ejusdem
1199 5760 1253 5813 in
1281 5757 1477 5817 Sancta
1499 5762 1748 5818 Lumina.

599 5848 736 5905 Nam
758 5850 885 5921 quia
906 5849 1125 5905 malitia:
1145 5850 1421 5919 inventor,
1445 5852 1537 5922 qui
1566 5853 1903 5912 seinvictum
1926 5855 2113 5911 existi-

2234 5762 2351 5816 Τοῦ
2381 5760 2569 5815 αὐτοῦ
2610 5760 2679 5813 ἐκ
2709 5758 2816 5813 τοῦ
2849 5759 3034 5828 λόγου
3064 5757 3172 5812 τοῦ
3203 5758 3289 5823 εἰς
3340 5756 3410 5811 τὰ
3440 5757 3579 5826 ἅγια
3611 5755 3800 5810 Mra.

2310 5852 2530 5923 Ἐπειδὴ
2575 5853 2684 5923 γάρ
2715 5850 2854 5921 ᾤετο
2900 5852 3169 5924 ἀήττητος
3223 5846 3362 5907 εἶναι
3402 5852 3504 5924 τῆς
3544 5849 3742 5913 κακίας
3773 5849 3803 5903 6
