4120 6292
548 336 657 401 215

1779 345 2160 407 ΕΗῘΙΙΥΜΠ
2208 346 2573 409 ZlGABENI

3691 353 3804 418 216

514 432 519 433 ί
543 461 637 507 no,
667 444 927 501 molestiis
951 445 1209 503 allectum
1226 426 1370 512 esse,
1402 449 1757 518 laerymassc,
1781 453 2096 516 calumnias,

2214 475 2317 521 σιν,
2356 459 2561 528 βρῶσίν
2606 477 2662 512 τε
2735 460 2827 513 καὶ
2864 460 3038 526 πόσιν,
3094 446 3188 512 καὶ
3220 440 3427 526 κόπον,
3463 461 3556 514 καὶ
3604 461 3796 529 ὕπνον,

539 534 827 603 judicium,
859 551 1079 593 crucem
1134 551 1197 592 ac
1229 545 1459 593 mortem
1485 539 1653 594 fuisse
1682 555 2024 611 perpessum,
2054 542 2107 593 in

543 628 902 699 septncroque
952 631 1211 700 positum.
1273 631 1397 688 llaec
1448 635 1620 700 enim,
1680 651 1800 705 quae
1851 635 2109 705 mysterio

541 722 1101 790 comprehenduntur,
1131 724 1344 779 animos
1370 741 1582 789 eorum,
1630 727 1723 796 qui
1781 735 1908 781 sunt
1960 726 2112 779 infir-

543 813 744 869 miores
780 817 831 868 in
870 815 993 883 ﬁde,
1045 818 1332 872 debilitant
1385 818 1825 890 infringuntque,
1887 833 1956 873 ne
1999 818 2106 881 illa,

541 916 662 969 quae
684 902 941 973 deinceps
979 915 1307 975 sequuntur,
1363 917 1582 976 propter
1640 923 1724 974 ea,
1782 923 1901 976 quae
1964 907 2108 961 dicta

450 1016 454 1020 ο
539 1001 687 1055 ευηι,
723 995 1038 1063 suscipiant.
1069 995 1203 1051 Nam
1239 997 1349 1052 Deo
1378 999 1599 1069 dignam
1632 1014 1695 1054 ex
1732 998 1922 1053 inferis
1961 996 2109 1052 exci-

542 1086 798 1137 tationem
847 1086 974 1141 ideo
997 1103 1105 1143 non
1137 1090 1465 1156 concedunt,
1497 1105 1566 1145 ne
1597 1099 1827 1145 mortem
1862 1089 1973 1144 Deo
2026 1090 2109 1143 in-

537 1172 754 1243 dignam
786 1176 1095 1235 admittant.
1129 1180 1243 1251 Ego
1276 1196 1405 1237 vero
1427 1182 1559 1236 illud
1582 1182 1717 1236 mihi
1743 1180 2109 1251 priusfacien-

537 1263 663 1317 dum
688 1273 836 1334 puto,
873 1276 931 1321 ut
956 1269 1229 1339 paulisper
1253 1286 1283 1325 a
1336 1286 1517 1326 crassa
1539 1272 1719 1327 carnis
1778 1271 2107 1326 hebetudine

535 1355 815 1422 recedam,
864 1367 919 1411 et
958 1361 1247 1415 honestum
1277 1362 1454 1431 ipsum
1493 1378 1588 1431 per
1627 1378 1687 1417 se
1736 1362 2104 1427 considerem,

535 1449 929 1518 ostendamque
950 1465 1058 1503 non
1089 1466 1207 1505 esse
1237 1453 1526 1522 ejusmodi,
1560 1462 1620 1518 ut
1645 1453 1732 1507 his
1757 1453 1923 1517 notis,
1984 1452 2107 1522 qui-

534 1538 637 1592 bus
669 1552 855 1592 earum
882 1548 1108 1609 utraque
1138 1542 1495 1597 describatur.
1558 1542 1841 1598 Neminem
1894 1558 2104 1609 eorum,

535 1629 626 1698 qui
650 1630 766 1683 sani
814 1638 960 1696 sunt,
1024 1642 1343 1701 negaturum
1412 1635 1685 1698 existimo,
1746 1651 1912 1689 unum
1974 1636 2106 1690 illud

533 1719 757 1773 omnino
779 1734 897 1774 esse
944 1720 1200 1794 dedecus,
1248 1738 1475 1788 eamque
1498 1741 1658 1778 unam
1690 1725 2102 1794 turpitudinem,

533 1823 654 1876 qua:
691 1809 806 1863 vitii
854 1808 1097 1865 foeditate
1126 1790 1405 1879 deﬁnitur,
1449 1829 1476 1866 a
1509 1829 1614 1883 qua
1663 1790 1926 1884 quidquid
1976 1790 2105 1870 alie;

535 1915 663 1953 num
696 1900 785 1964 sit,
819 1900 872 1954 id
924 1903 991 1957 ab
1030 1903 1182 1956 omni
1232 1913 1498 1959 remotum
1542 1920 1664 1960 esse
1721 1905 1988 1962 dedecore
2041 1921 2104 1962 ac

537 1991 871 2058 turpitudine
907 2007 922 2043 :
955 1992 1127 2047 Deum
1150 2009 1277 2048 vero
1307 2005 1505 2050 cuncta
1538 1996 1751 2062 decere,
1785 2014 1904 2067 quas
1935 1999 1989 2053 in
2011 2015 2100 2053 re-

532 2081 692 2145 gione
730 2091 1029 2137 cernuntur
1053 2084 1377 2142 honestatis.
1413 2087 1542 2151 Quae
1575 2101 1697 2142 cum
1727 2089 1797 2143 ita
1824 2089 1955 2153 sint,
2010 2100 2105 2145 aut

532 2173 724 2227 \itium
750 2189 872 2230 esse
934 2174 1337 2242 demonstrent,
1388 2180 1559 2244 nasci,
1626 2181 1846 2242 nutriri.
1896 2183 2100 2251 augeri,

528 2263 597 2318 ad
632 2276 840 2320 naturae
888 2265 1280 2336 perfectionem
1324 2271 1599 2341 progredi,
1641 2274 1801 2337 mori,
1866 2274 2104 2328 revivis-

527 2369 653 2409 cere
684 2364 823 2431 :‘aut
852 2356 899 2412 si
952 2373 1073 2427 quas
1102 2359 1243 2414 dicta
1304 2369 1453 2428 sunt,
1497 2376 1528 2415 a
1560 2362 1691 2417 vitio
1724 2373 1930 2418 remota
1983 2379 2104 2419 esse

528 2446 855 2513 concedunt,
899 2450 1209 2506 necessario
1240 2466 1351 2506 non
1399 2467 1520 2507 esse
1566 2454 1743 2524 turpia
1809 2454 2099 2509 fateantur.

528 2536 665 2591 (lum
690 2538 854 2605 igitur
882 2538 1215 2596 declaratum
1274 2543 1367 2607 sit,
1432 2544 1659 2599 honesta
1686 2560 1827 2610 esse,
1888 2562 2007 2616 quae
2034 2547 2103 2603 ab

528 2627 678 2682 omni
705 2628 955 2685 fceditate
987 2630 1107 2703 vitii
1129 2631 1446 2697 abhorrent,
1499 2648 1681 2689 nonne
1738 2644 1798 2690 ut
1854 2645 2104 2691 amentes

529 2722 820 2777 miserandi
851 2731 999 2789 sunt,
1031 2725 1122 2793 qui
1156 2724 1383 2780 honesta
1410 2726 1520 2780 Deo
1548 2738 1800 2782 asserunt
1841 2743 1949 2783 non
1981 2745 2105 2786 con-

526 2808 849 2864 venireiAt
874 2810 1132 2877 humana,
1163 2812 1429 2882 inquient,
1484 2824 1676 2871 natura
1738 2816 1946 2888 exiguis
1996 2826 2104 2875 ter-

524 2899 688 2954 minis
723 2901 1210 2969 circumscribitur,
1274 2904 1418 2960 Deus
1460 2916 1641 2962 autcm
1684 2919 1769 2963 est
1828 2910 2098 2967 infinitus.

527 2992 778 3057 Quonam
831 2995 996 3066 igitur
1023 3007 1182 3066 pacto
1208 3000 1353 3069 quod
1408 3001 1676 3057 infinitum
1742 3013 1845 3071 est,
1905 3007 2102 3063 indivi-

2215 549 2310 602 καί
2348 549 2557 620 λύπην,
2590 552 2683 605 καί
2711 551 2943 623 δάκρυον
2965 592 2979 617 ,
3026 550 3387 619 συκοφαντίαν
3422 568 3480 603 τε
3516 552 3608 604 καί
3638 551 3799 605 δικιο

2215 640 2461 709 στήριον,
2499 642 2731 711 σταυρὸν
2764 641 2861 695 καὶ
2898 642 3149 707 θάνατον,
3183 642 3278 693 καί
3316 641 3414 711 τὴν
3451 642 3508 694 ὲν
3542 642 3797 711 μνημείῳ

2214 732 2383 785 θέσιν.
2417 733 2601 786 Ταῦτα
2639 733 2747 805 γάρ
2777 732 3437 804 συμπαραλαμϐανόμενα
3468 733 3545 802 τῷ
3580 751 3792 802 μυστη-

2214 823 2333 890 ρίῳ,
2359 824 2623 890 ἀμϐλύνει
2656 842 2775 888 πως
2801 825 2910 878 τῶν
2941 825 3441 895 μικροψυχωτέρων
3460 824 3560 894 τὴν
3584 824 3790 888 πίστιν,

2210 910 2284 974 ὡς
2320 912 2451 981 μηδὲ
2479 912 2549 965 τά
2578 912 2776 982 ἑφεξῆς
2804 913 2913 965 τῶν
2943 914 3252 983 λεγομένων
3300 912 3388 966 διὰ
3440 912 3509 965 τὰ
3542 929 3795 981 προειρη-

2214 1003 2350 1072 μένα
2410 1004 2949 1074 συμπαραδέχεσθαι.
3013 1004 3087 1057 Τὸ
3145 1003 3256 1073 γὰρ
3323 1004 3628 1074 θεοπρεπὲς
3688 1004 3790 1073 τῆς

2210 1097 2276 1148 ἐκ
2323 1096 2530 1165 νεκρῶν
2574 1096 2926 1159 ἀναστάσεως
2984 1096 3072 1150 διά
3122 1097 3182 1149 τὸ
3232 1096 3359 1167 περί
3410 1096 3499 1148 τὸν
3560 1094 3791 1149 θάνατον

2210 1186 2458 1256 ἀπρεπὲς
2506 1187 2566 1239 οὐ
2619 1188 2956 1257 προσίενται.
3017 1186 3160 1255 Ἐγὼ
3206 1187 3263 1241 δὲ
3307 1187 3581 1258 πρότερον
3629 1182 3788 1251 οἶμαι

2207 1277 2320 1330 δεῖν
2365 1279 2561 1347 μικρὸν
2595 1279 2694 1347 τῆς
2735 1277 3005 1347 σαρκικῆς
3039 1277 3352 1347 παχύτητος
3392 1277 3484 1329 τὸν
3526 1276 3789 1344 λογισμὸν

2209 1371 2648 1441 ἀποστήσαντας,
2676 1369 2808 1423 αὐτὸ
2832 1369 2892 1423 τὸ
2923 1370 3088 1422 καλὸν
3117 1370 3201 1437 ἐφ’
3235 1369 3455 1433 ἑαυτοῦ,
3489 1370 3584 1422 καὶ
3615 1368 3677 1420 τὸ
3712 1368 3788 1437 μὴ

2207 1462 2448 1515 τοιοῦτον
2486 1462 2820 1531 κατανοῆσαι
2868 1461 3045 1522 ποίοις
3088 1460 3472 1529 γνωρίσμασιν
3526 1458 3789 1526 ἑκάτερον

2208 1549 2413 1604 τούτων
2443 1549 2943 1620 καταλαμϐάνεται.
2978 1549 3182 1602 Οὐδένα
3207 1548 3315 1617 γάρ
3346 1550 3599 1618 ἀντερεῖν
3631 1542 3786 1616 οἶμαι

2209 1642 2317 1694 τῶν
2344 1641 2738 1711 λελογισμένων
2761 1643 2844 1696 ὅτι
2873 1644 2930 1694 ἓν
2959 1641 3101 1694 κατά
3135 1640 3295 1709 φύσιν
3325 1638 3485 1709 μόνον
3514 1639 3623 1690 τῶν
3652 1639 3790 1691 πάν-

2207 1749 2316 1785 των
2347 1732 2571 1803 αἰσχρόν
2601 1733 2740 1798 ἐστι,
2778 1733 2838 1787 τὸ
2872 1734 3013 1788 κατά
3043 1732 3245 1786 κακίαν
3278 1730 3472 1793 πάθος.
3504 1730 3577 1781 Τὸ
3605 1730 3663 1782 δὲ
3688 1745 3786 1782 κα-

2208 1824 2334 1887 κίας
2372 1823 2527 1886 ἐκτὸς
2562 1824 2760 1885 παντὸς
2792 1824 3015 1893 αἴσχους
3040 1824 3189 1876 ἐστὶν
3222 1822 3527 1891 ἀλλότριον.
3572 1820 3785 1887 Πρέπει

2203 1917 2261 1969 δὲ
2282 1915 2418 1987 ,Θεῷ
2441 1918 2550 1969 πᾶν
2578 1917 2606 1968 ὅ
2632 1933 2683 1969 τι
2710 1933 2815 1985 περ
2840 1918 2906 1969 ἂν
2956 1919 3016 1969 ὲν
3062 1919 3126 1986 τῇ
3156 1915 3249 1969 τοῦ
3297 1913 3465 1968 καλοῦ
3498 1914 3785 1983 θεωρεῖται

2205 2010 2457 2080 χώρᾳ.Ἴὶ
2481 2008 2661 2062 τοίνυν
2691 2010 3027 2074 δειξάτωσαν
3059 2008 3254 2060 κακίαν
3285 2002 3425 2058 εἶναι
3451 2006 3551 2074 τὴν
3585 2008 3784 2073 γέννη-

2207 2117 2313 2164 σιν,
2336 2098 2434 2169 τὴν
2456 2098 2784 2169 ἀνατροφὴν,
2804 2098 2902 2168 τὴν
2926 2096 3173 2166 αὔξησιν,
3206 2097 3308 2164 τὴν
3338 2094 3477 2165 πρὸς
3499 2092 3558 2146 τὸ
3580 2093 3786 2147 τέλειον

2204 2191 2301 2259 τῆς
2329 2190 2545 2258 φύσεως
2580 2190 2804 2261 πρόοδον
2825 2229 2839 2255 ,
2873 2188 2973 2259 τὴν
3009 2186 3103 2241 τοῦ
3140 2187 3373 2241 θανάτου
3409 2186 3640 2253 πεῖραν,
3682 2183 3785 2253 τὴν

2206 2284 2270 2336 ὲκ
2311 2281 2404 2335 τοῦ
2449 2282 2681 2334 θανάτου
2709 2279 2987 2345 ἐπάνοδον,
3018 2279 3074 2348 ἢ,
3107 2281 3154 2331 εἰ
3184 2276 3289 2341 ἐξω
3317 2276 3515 2337 κακίας
3549 2273 3686 2327 εἶναι
3714 2274 3784 2327 τὰ

2206 2375 2473 2445 εἰρημένα
2505 2371 2859 2438 συντίθενται,
2895 2370 3047 2424 οὐδὲν
3078 2368 3303 2439 αἰσχρὸν
3326 2362 3550 2419 εἶναιτὸ
3579 2365 3785 2427 κακίας

2152 2450 2159 2461 ’
2205 2467 2482 2536 ἀλλότριον
2513 2464 2571 2529 ἐξ
2603 2464 2849 2531 ἀνάγκης
2878 2462 3300 2531 ὁμολογήσουσι.
3337 2455 3522 2511 Καλοῦ
3552 2454 3612 2508 δὲ
3646 2454 3787 2507 πάν-

2204 2576 2313 2623 τως
2341 2557 2801 2627 ἀναδεικνυμένου
2832 2554 2925 2608 τοῦ
2958 2554 3139 2623 πάσης
3166 2550 3528 2622 αἰσχρότητος
3557 2548 3652 2601 καὶ
3680 2563 3787 2599 κα-

2205 2652 2332 2715 κίας
2351 2640 2799 2719 ἀπηλλαγμένου,
2829 2646 2948 2708 πῶς
2974 2645 3075 2698 οὐκ
3106 2643 3327 2697 ὲλεεινοὶ
3348 2642 3445 2712 τῆς
3470 2638 3709 2706 ἀλογίας
3728 2636 3784 2689 οί

2205 2744 2268 2795 τδ
2320 2740 2494 2794 κακὸν
2553 2740 2627 2808 μὴ
2683 2736 2913 2807 πρέπειν
2970 2736 3064 2787 ὲπί
3115 2734 3251 2787 θεοῦ
3304 2728 3780 2801 δογματίζοντεςς

2218 2832 2383 2887 Ἀλλὰ
2444 2830 2661 2902 μικρὸν,
2717 2831 2884 2899 φησί,
2937 2830 3033 2882 καὶ
3085 2823 3527 2893 εύπερίγραπτον
3577 2821 3613 2889 ή
3680 2820 3781 2871 ἀν-

2207 2924 2450 2997 θρωπίνη
2490 2923 2675 2991 φύσις,
2710 2922 2939 2990 ἄπειρον
2967 2919 3024 2972 δὲ
3064 2918 3097 2989 ἡ
3156 2917 3366 2984 θεότης.
3417 2914 3530 2966 Καὶ
3567 2910 3688 2972 πῶς
3711 2909 3779 2962 ἂν

2208 3014 2545 3087 περιελήφθη
2571 3013 2649 3084 τῷ
2683 3014 2871 3081 ἀτόμῳ
2916 3012 2977 3063 τὸ
3002 3009 3269 3080 ἀπειρονς
3322 3005 3431 3058 Καὶ
3485 3002 3569 3066 τίς
3620 2999 3781 3053 τοῦτό

524 3082 633 3137 duo
661 3087 985 3155 corpusculo
1017 3090 1413 3146 concludatur?
1447 3093 1646 3163 Ecquis
1700 3095 1851 3161 dicit,
1908 3098 2092 3151 inﬁni-

2203 3082 2634 3177 Qn-awrhéﬂv‘tﬁ
2689 3104 3005 3175 περιγραφῇ
3057 3100 3157 3168 τῆς
3218 3095 3453 3166 σαρκὸς,
3513 3093 3772 3162 καθάπερ

525 3185 635 3229 tam
657 3175 960 3233 divinitatis
1027 3181 1134 3235 vim
1199 3198 1364 3238 carne
1409 3193 1663 3256 tanquam
1724 3204 1855 3243 vase
1913 3189 2096 3258 aliquo

522 3268 992 3340 circumscriptam
1021 3270 1210 3341 fuisse,
1284 3290 1408 3330 cum
1438 3293 1509 3331 ne
1536 3278 1591 3331 in
1622 3288 1817 3334 natura
1870 3282 2090 3351 quidem

521 3368 708 3415 nostra
745 3376 901 3416 mens
935 3363 1052 3432 ipsa
1072 3367 1254 3421 carnis
1280 3368 1528 3423 terminis
1559 3370 2094 3428 circumscribatur?

521 3452 655 3507 Nam
711 3454 961 3524 corporis
993 3456 1164 3511 moles
1230 3460 1463 3529 propriis
1514 3464 1761 3531 partibus
1817 3466 2093 3533 definitur,

522 3543 739 3598 animus
756 3552 939 3598 autem
964 3546 1164 3601 mentis
1194 3547 1648 3621 cogitationisque
1679 3551 1921 3609 motibus
1943 3571 2093 3611 com-

521 3648 708 3689 means
744 3651 839 3705 ρετ
872 3651 1066 3691 omnes
1095 3654 1184 3693 res
1240 3651 1554 3709 procreatas
1604 3645 1867 3713 mLcmlos
1922 3663 2095 3718 usque

519 3726 863 3792 conscendit,
891 3728 958 3783 ad
989 3728 1205 3785 infimas
1235 3733 1402 3788 maris
1422 3741 1604 3803 partes
1625 3745 1896 3805 penetrat,
1933 3739 2094 3811 longe

522 3820 745 3887 lateque
767 3834 868 3888 per
892 3828 1063 3876 totum
1094 3823 1284 3878 orbem
1321 3834 1603 3896 evagatur,
1628 3835 1683 3881 et
1717 3829 1784 3883 ad
1835 3845 1919 3895 ea,
1972 3834 2094 3898 qda:

518 3910 620 3965 sub
650 3919 789 3966 terra
810 3921 937 3968 sunt
955 3914 1164 3969 accedit
1189 3916 1408 3972 solertia
1434 3932 1553 3982 sua,
1584 3919 1882 3988 quinetiam
1903 3937 2089 3978 eorum

519 4018 649 4067 qua:
672 4020 837 4072 supra
864 4010 1033 4063 ccelos
1053 4017 1340 4080 geruntur,
1395 4011 1805 4084 intelligentiam
1853 4016 2093 4085 plerum-

516 4112 624 4166 que
663 4101 1035 4169 consequitur,
1097 4117 1197 4157 nec
1229 4103 1469 4173 pondere
1499 4106 1745 4175 corporis
1767 4109 2086 4177 impeditur.

516 4192 671 4256 Quod
696 4192 742 4245 si
766 4193 982 4247 animus
1013 4194 1271 4261 hominis,
1290 4205 1499 4250 natura:
1520 4199 1847 4252 necessitate
1875 4200 2090 4267 corpori

515 4282 864 4348 ‹·οη]ιιη‹;ιιιε,
894 4281 1095 4348 ubique
1118 4291 1222 4345 est,
1251 4283 1381 4349 quid
1416 4285 1559 4351 cogit
1592 4299 1693 4338 nos
1721 4285 1924 4349 dicere,
1957 4292 2091 4355 lear-

517 4373 605 4426 nis
632 4382 829 4425 natura
859 4372 1201 4426 divinitatem
1236 4375 1559 4443 praepediri?
1604 4391 1704 4430 cur
1746 4392 1855 4431 non
1908 4381 2089 4448 potius

515 4475 705 4517 eorum
730 4461 1000 4531 exemplo,
1042 4477 1162 4531 quae
1211 4462 1370 4517 nobis
1429 4478 1690 4521 concessa
1728 4476 1879 4531 sunt,
1938 4469 2081 4539 quod
2122 4432 2166 4489 υ

514 4551 756 4606 divinam
783 4549 975 4604 deceat
1010 4549 1444 4619 dispositionem,
1491 4554 1816 4623 conjicimus
1849 4565 1905 4611 et
1936 4556 2086 4627 cogi-

515 4641 733 4696 tamus?
764 4638 919 4695 Sicut
950 4640 1093 4695 enim
1128 4640 1181 4694 in
1202 4641 1424 4698 lucerna
1452 4646 1731 4699 materiam
1763 4647 2084 4719 circumple-

517 4747 647 4786 xum
681 4732 863 4801 ignem
926 4730 1239 4800 aspicimus,
1294 4748 1529 4803 eumque
1577 4749 1604 4788 a
1663 4738 1912 4802 materia,
1962 4754 2083 4808 qua:

518 4823 695 4891 ipsum
732 4822 969 4892 attingit,
1000 4823 1210 4877 ratione
1245 4823 1653 4895 distinguimus,
1713 4838 1833 4896 quae
1900 4839 2081 4897 tamen

514 4928 573 4967 re
604 4915 719 4982 ipsa
754 4913 1012 4983 distingui
1045 4929 1149 4968 non
1178 4923 1428 4984 possunt,
1465 4915 1759 4971 utflamma
1810 4934 1907 4987 per
1955 4934 2013 4975 se
2051 4935 2081 4976 a

526 5004 748 5056 materia
783 5004 1033 5072 sejuncta
1087 5006 1428 5073 ostendatur,
1462 5008 1558 5062 sed
1619 5018 1852 5079 utraque
1911 5027 2079 5066 unum

512 5104 595 5148 est
619 5097 635 5163 (
662 5096 840 5149 nullus
874 5105 1053 5150 autem
1083 5098 1135 5151 id
1174 5099 1308 5152 mihi
1354 5108 1534 5154 sumat
1577 5102 1629 5155 in
1659 5102 1763 5155 hoc
1805 5106 2076 5174 exemplo,

511 5187 656 5257 quod
689 5185 829 5257 ignis
854 5197 1255 5258 corrumpatur,
1292 5191 1388 5245 sed
1438 5191 1491 5246 id
1538 5193 1712 5247 solum
1783 5197 2077 5265 accipiens,

508 5279 652 5348 quod
676 5278 1018 5333 similitudini
1050 5282 1326 5347 convenit,
1361 5298 1480 5352 qum
1508 5284 1575 5337 ab
1610 5299 1673 5338 ea
1723 5296 1853 5340 sunt
1901 5287 2079 5342 aliena

508 5371 955 5442 repudiet),quid
1002 5373 1275 5441 prohibet,
1325 5378 1456 5445 quin
1482 5377 1671 5431 eodem
1731 5378 1913 5443 modo,
1970 5394 2079 5448 quo

509 5464 786 5518 cernimus
804 5463 1073 5518 ﬂammam
1105 5469 1370 5537 attingere
1426 5468 1726 5538 subjectum
1759 5470 2067 5534 materiam,

507 5552 680 5605 necin
708 5568 771 5607 ea
815 5562 993 5608 tamen
1025 5555 1248 5621 includi,
1283 5556 1395 5610 Deo
1428 5557 1645 5627 dignam
1677 5556 2075 5624 ,cogitationem

508 5644 893 5712 suscip'amus,
927 5648 1327 5715 credamusque
1387 5656 1636 5700 naturam
1702 5648 1939 5702 divinam
2003 5650 2073 5703 ita

508 5734 762 5805 conjungi
816 5747 977 5807 atque
1010 5756 1177 5794 unum
1239 5740 1351 5795 fieri
1394 5756 1514 5796 cum
1574 5742 1809 5796 humana
1855 5749 2071 5809 natura,

2199 3196 2409 3265 ἀγγείῳ
2458 3194 2585 3260 τινὶ,
2632 3195 2665 3263 ἡ
2713 3192 2937 3262 ἀπειρία
2960 3191 3061 3261 τῆς
3099 3189 3347 3259 θεότητος
3401 3184 3777 3255 περιελήφθη;

2201 3284 2335 3338 Οὐδὲ
2358 3283 2464 3352 γὰρ
2497 3283 2590 3336 ὲπί
2611 3282 2709 3346 τίς
2734 3279 3013 3350 ἡμετέρας
3036 3280 3182 3349 ζωῆς
3211 3276 3359 3339 ἐντὸς
3386 3272 3778 3329 κατακλείεται

2199 3379 2305 3431 τῶν
2345 3377 2442 3446 τῆς
2492 3374 2694 3445 σαρκὸς
2743 3374 2890 3443 ὅρων
2928 3373 2962 3443 ή
3007 3371 3170 3442 νοερά
3216 3369 3399 3439 φύσις,
3445 3365 3560 3421 ἀλλ’
3605 3365 3633 3416 ὁ
3675 3363 3778 3434 μὲν

2198 3470 2362 3539 ὄγκος
2389 3468 2485 3521 τοῦ
2519 3466 2772 3537 σώματος
2797 3467 2910 3527 τοίς
2942 3463 3164 3527 οἰκείοις
3204 3463 3392 3533 μέρεσι
3429 3460 3780 3530 περιγράφε-

2198 3579 2309 3625 ται,
2338 3562 2372 3631 ὴ
2398 3560 2453 3612 δὲ
2476 3558 2621 3629 ψυχὴ
2648 3559 2760 3620 τοῖς
2782 3556 2881 3625 τῆς
2907 3556 3145 3617 διανοίας
3174 3554 3440 3623 κινήμασι
3468 3550 3617 3619 πάσῃ
3647 3548 3774 3601 κατ’

2198 3652 2448 3719 ἐξουσίαν
2472 3648 2812 3720 ὲφαπλοῦται
2842 3651 2907 3719 τῇ
2942 3647 3138 3711 κτίσει,
3171 3645 3265 3698 καὶ
3297 3643 3490 3714 μέχρις
3521 3639 3775 3711 οὐρανῶν

2194 3740 2440 3804 ἀνιοῦσα,
2488 3741 2582 3792 καὶ
2626 3739 2737 3791 τῶν
2782 3736 3039 3790 ἀϐύσσων
3086 3733 3504 3791 ὲπιϐατεύουσα,
3552 3731 3648 3781 καὶ
3692 3727 3774 3797 τῷ

2196 3833 2387 3886 πλάτει
2423 3832 2520 3902 τῆς
2544 3831 2868 3901 οἰκουμένης
2896 3827 3261 3899 ἐπερχομένη,
3287 3824 3384 3881 καὶ
3417 3823 3554 3893 πρὸς
3575 3821 3646 3874 τὰ
3667 3836 3773 3871 κα-

2195 3923 2459 3992 ταχθόνια
2512 3921 2602 3975 διά
2661 3923 2760 3992 τῆς
2824 3917 3360 3990 πολυπραγμοσύνης
3421 3913 3768 3967 εἰσδύνουσαο

2195 4012 2460 4074 πολλάκις
2506 4010 2566 4064 δὲ
2614 4010 2708 4063 καὶ
2756 4009 2864 4062 τῶν
2907 4005 3322 4078 ύπερουρανίων
3354 4002 3654 4071 θαυμάτων
3709 4001 3771 4052 ὲν

2194 4104 2446 4174 περινοίᾳ
2477 4102 2709 4170 γίνεται,
2746 4100 2897 4154 οὐδὲν
2934 4100 3273 4170 βαρυνομένη
3302 4092 3382 4165 τῷ
3408 4092 3644 4161 ὲφολκίῳ
3672 4090 3768 4142 τοῦ

2193 4195 2467 4264 σώματος.
2495 4195 2557 4247 Εἰ
2585 4194 2641 4246 δὲ
2659 4192 2950 4262 ἀνθρώπου
2973 4190 3117 4260 ψυχὴ
3142 4189 3282 4242 κατά
3308 4187 3407 4252 τὴν
3427 4188 3520 4256 τῆς
3552 4182 3772 4252 φύσεως

2195 4286 2445 4355 ἀνάγκην
2486 4283 2909 4354 συγκεκραμένη
2947 4280 3025 4351 τῷ
3060 4280 3277 4349 σώματι
3329 4272 3606 4341 πανταγοῦ
3648 4273 3771 4327 κατ’

2194 4376 2445 4440 ἐξουσίαν
2482 4375 2727 4444 γίνεται,
2768 4373 2852 4436 τίς
2890 4373 3105 4442 ἀνάγκη
3142 4374 3206 4441 τῇ
3248 4369 3407 4439 φύσει
3434 4368 3533 4437 τῆς
3566 4368 3772 4436 σαρκδς

2192 4468 2292 4537 τὴν
2321 4466 2549 4536 θεότητα
2577 4466 2755 4535 λέγειν
2777 4462 3287 4535 ἐμπεριείργεσθαι,
3315 4460 3410 4513 καὶ
3445 4459 3519 4529 μὴ
3547 4457 3636 4509 διὰ
3662 4457 3772 4510 τῶν

2192 4558 2455 4631 χωρητῶν
2498 4559 2629 4629 ἡμῖν
2663 4556 3074 4627 ὑποδειγμάτων
3123 4554 3430 4624 στοχασμὸν
3462 4569 3586 4605 τινα
3633 4552 3770 4622 πρέ-

2193 4667 2366 4704 ποντα
2413 4651 2536 4719 περί
2575 4650 2673 4718 τῆς
2705 4648 2856 4711 θείας
2901 4647 3216 4717 οἰκονομίας
3257 4644 3480 4707 λα6εἶν;
3529 4643 3619 4707 Ὠς
3658 4644 3770 4713 γὰρ

2190 4742 2252 4796 τὸ
2298 4742 2411 4812 πῦρ
2443 4742 2538 4795 ἐπὶ
2568 4741 2669 4810 τῆς
2698 4740 2982 4809 λαμπάδος
3011 4740 3202 4809 ὁρᾶται
3244 4738 3343 4808 τῆς
3396 4737 3771 4807 ὑποκειμένης

2191 4835 2687 4908 περιδεδραγμένον
2712 4834 2869 4903 ῦλης,
2897 4833 2990 4888 καὶ
3018 4833 3174 4901 λόγος
3202 4832 3299 4901 μὲν
3324 4830 3592 4901 διακρίνει
3619 4831 3680 4882 τό
3705 4846 3767 4883 τε

2190 4930 2285 4981 ἐπὶ
2314 4930 2411 4998 τῆς
2442 4926 2575 4995 ὕλης
2607 4926 2738 4997 πῦρ,
2771 4927 2867 4981 καὶ
2893 4926 2991 4997 τὴν
3009 4925 3070 4979 τὺ
3097 4924 3209 4994 πῦρ
3240 4925 3580 4990 ἐξάπτουσαν
3609 4922 3763 4990 ὕλην,

2190 5019 2338 5091 ἔργῳ
2383 5018 2440 5070 δὲ
2479 5018 2579 5070 οὐκ
2614 5017 2763 5070 ἔστιν
2798 5017 2895 5069 ἀπ’
2942 5014 3189 5083 ἀλλήλων
3226 5013 3401 5068 ταῦτα
3434 5013 3765 5080 διατεμόντα

2190 5110 2274 5177 ἐφ’
2303 5107 2504 5176 ἑαυτῆς
2528 5106 2698 5173 δεῖξαι
2729 5107 2825 5177 τὴν
2851 5105 3024 5175 φλόγα
3057 5105 3452 5175 διεζευγμένην
3478 5104 3576 5174 τῆς
3609 5104 3761 5170 ῦλης,

2189 5196 2307 5251 ἀλλ’
2343 5195 2403 5248 ἒν
2435 5194 2505 5248 τὰ
2534 5194 2921 5263 συναμφότερα
2952 5192 3163 5260 γίνεται
3193 5192 3325 5263 (καί
3359 5209 3450 5260 μοι
3488 5191 3676 5261 μηδεὶς
3704 5190 3763 5243 τὸ

2191 5286 2489 5355 φθαρτικὸν
2532 5283 2625 5337 τοῦ
2661 5284 2832 5353 πυρὸς
2878 5282 3475 5353 συμπαραλαμὸανέτω
3504 5280 3583 5349 τῷ
3631 5281 3763 5334 ὐπο-

2187 5377 2462 5445 δείγματι,
2487 5376 2602 5429 ἀλλ’
2623 5376 2745 5430 ὅσον
2774 5375 3051 5444 εὐπρεπές
3072 5376 3191 5427 ἐστι
3218 5375 3381 5444 μόνον
3409 5375 3468 5426 ὲν
3491 5375 3558 5441 τῇ
3589 5372 3760 5425 εἰκόνι

2187 5464 2501 5534 δεξάμενος,
2534 5465 2593 5518 τὸ
2627 5465 2973 5533 ἀπεμφαῖνον
3006 5461 3376 5515 ἀποποιείσθω
3404 5461 3442 5529 ·)
3473 5461 3565 5513 τὸν
3597 5460 3762 5513 αὐτὸν

2186 5558 2418 5630 τρόπον,
2452 5559 2526 5617 ὡς
2553 5557 2772 5627 ὁρῶμεν
2801 5555 2895 5608 καὶ
2927 5554 3246 5624 ἐξημμένην
3274 5553 3366 5606 τοῦ
3396 5552 3759 5620 ὑποκειμένου

2188 5652 2284 5720 τὴν
2314 5650 2509 5719 φλόγα,
2546 5650 2637 5703 καί⁸
2668 5650 2766 5700 οὐκ
2795 5647 3287 5717 ὲναποκλειομένην
3315 5650 3381 5716 τῇ
3413 5644 3534 5717 ὕλῃ,
3567 5644 3620 5695 τί
3652 5661 3760 5695 κω-

2185 5744 2321 5811 λύει,
2345 5745 2443 5814 τῆς
2467 5743 2615 5807 θείας
2641 5742 2853 5810 φύσεως
2874 5740 3066 5815 ἕνωσίν
3088 5756 3209 5794 τινα
3231 5740 3326 5794 καί
3352 5740 3757 5810 προσεγγισμὸν
