4120 6292
369 372 480 441 217

1327 383 1707 447 PANOI‘LIA
1749 389 2215 457 DUGMATICA.
2253 419 2322 432 -
2354 395 2504 455 TIT.
2538 396 2672 457 VII.

3521 399 3626 462 218

369 489 826 558 κατανοήσαντας
862 487 997 558 πρὸς
1029 487 1091 540 τὸ
1122 487 1464 558 ἀνθρώπινον
1486 535 1498 554 ,
1530 494 1630 564 τὴν
1666 494 1942 565 θεοπρεπῆ

2062 506 2109 553 at
2136 499 2191 552 in
2219 499 2331 570 ipsa
2369 501 2761 570 conjunctione
2791 511 2955 572 atque
2989 500 3218 566 unitate,
3258 505 3509 572 quamvis
3573 509 3626 559 iu

367 581 616 634 διάνοιαν
648 582 744 634 καὶ
775 582 831 632 ἐν
861 579 939 650 τῷ
971 580 1366 651 προσεγγισμῷ
1401 582 1813 651 διασώσασθαι,
1845 587 1948 640 πά-

368 688 472 741 σης
513 671 861 740 περιγραφῆς
903 669 1060 732 ἐκτὸς
1101 665 1242 724 εἶναι
1287 672 1347 726 τὸ
1375 674 1529 726 Θεῖον
1571 677 1945 741 πιστεύοντας,

367 759 474 812 κᾶν
504 760 559 811 ἐν
587 756 864 828 ἀνθρώπῳ
948 773 963 820 ;
1007 759 1068 810 Εί
1091 759 1150 812 δὲ
1197 759 1379 826 ζητεῖς
1409 762 1520 826 πῶς
1552 769 1949 837 κατακιρνᾶται

367 851 563 915 θεότης
589 850 726 920 πρὸς
759 851 820 904 τὸ
848 851 1211 922 ἀνθρώπινον,
1240 851 1357 921 ῶρα
1392 871 1474 906 σοι
1510 856 1612 924 πρὸ
1640 857 1828 910 τούτου
1857 859 1952 929 ζη-

345 929 518 1012 ίτεῖν,
551 942 634 1004 τίς
668 943 804 1012 πρὸς
832 943 931 1012 τὴν
959 943 1138 1012 σάρκα
1171 944 1270 1011 τῆς
1305 945 1482 1015 ψυχῆς
1509 949 1542 1017 ἡ
1580 953 1846 1018 συμφυῒα.
1889 955 1948 1006 Ei

369 1034 429 1087 δὲ
461 1037 560 1104 τῆς
587 1035 687 1103 σῆς
721 1035 995 1103 ἀγνοεῖται
1030 1036 1206 1106 ψυχῆς
1237 1039 1266 1090 ό
1299 1039 1516 1109 τρόπος,
1553 1041 1675 1094 καθ’
1706 1043 1764 1095 ὃν
1797 1044 1946 1098 ἐνοῦ-

369 1144 462 1178 ται
502 1126 581 1194 τῷ
612 1126 862 1196 σώματι,
904 1127 1037 1197 μηδέ
1071 1128 1248 1182 ἐκεῖνο
1277 1130 1494 1194 πάντως
1521 1132 1633 1185 οἴου
1665 1136 1774 1187 δεῖν
1800 1136 1951 1200 ἐντὸς

367 1217 625 1284 γενέσθαι
653 1219 749 1288 τῆς
782 1220 882 1286 σῆς
906 1221 1283 1290 καταλήψεως.
1326 1223 1466 1276 Ἀλλ’
1506 1225 1694 1296 ὥσπερ
1723 1229 1952 1282 ἐνταῦθα

351 1278 359 1340 l

351 1304 690 1402 :m‘tAEtapov
718 1304 856 1361 εἶναι
888 1327 942 1402 τι
969 1313 1124 1380 παρά
1157 1313 1216 1365 τὸ
1258 1313 1416 1384 σῶμα
1454 1316 1552 1387 τὴν
1580 1316 1759 1387 ψυχὴν
1790 1337 1953 1372 πεπιο

351 1407 356 1424 ι

351 1397 704 1515 ἰστεύκαμεν,
731 1402 793 1452 ἐκ
817 1399 913 1453 τοῦ
947 1403 1283 1469 μονωθεῖσαν
1311 1406 1410 1471 τῆς
1433 1406 1609 1476 ψυχῆς
1639 1407 1736 1479 τὴν
1770 1411 1950 1480 σάρκα

369 1491 574 1515 -.-..-.ι..
620 1507 677 1515 ρ-
723 1492 812 1515 --.Α
872 1491 1230 1515 2...-..ι---..----
1275 1496 1329 1515 ,λ
1352 1514 1380 1515 η
1429 1497 1456 1515 Λ
1509 1514 1512 1515 ,
1660 1501 1670 1515 1
1764 1501 1779 1515 ι
1889 1506 1913 1515 -

352 1491 574 1578 ξνεκράν
619 1507 678 1542 τε
723 1492 818 1543 καὶ¹
867 1491 1230 1564 ἀνενέργητον
1272 1496 1538 1563 γίνεσθαι,
1589 1501 1680 1551 καὶ
1728 1501 1822 1554 τὸν
1851 1506 1953 1572 τῆς

351 1580 624 1643 ’ἐνώσεως
680 1581 779 1634 οὐκ
825 1582 1262 1652 ἐπιγινώσκομεν
1311 1588 1548 1657 τρόπον’
1600 1589 1742 1643 οὕτω
1793 1594 1955 1645 κάκεῖ

373 1673 657 1740 διαφέρειν
687 1674 786 1742 μὶν
818 1674 910 1726 ἐπὶ
940 1674 1000 1726 τὸ
1051 1677 1630 1750 μεγαλοπρεπέστερον
1673 1681 1772 1752 τὴν
1802 1682 1952 1737 θείαν

376 1762 546 1830 φύσιν
586 1765 722 1833 πρὸς
752 1765 848 1833 τὴν
880 1765 1078 1835 θνητὴν
1115 1769 1208 1820 καὶ
1240 1770 1503 1840 ἐπίκηρον
1535 1774 1910 1846 ὁμολογοῦμεν
1933 1816 1948 1839 ,

2055 591 2276 646 homine
2308 592 2447 647 Deus
2465 593 2555 656 sit,
2582 593 2730 647 nulla
2749 602 2929 648 tamen
2953 594 3464 664 circumscriptione
3498 611 3630 650 con-

2053 681 2351 734 cludatur?
2389 680 2546 745 Quod
2579 680 2623 734 si
2648 682 2871 750 quaeris,
2895 682 3168 751 quomodo
3202 681 3345 736 Deus
3369 699 3491 737 cum
3531 685 3630 738 ho-

2053 773 2200 826 mine
2224 773 2545 828 commistus
2602 773 2693 834 sit,
2749 772 2902 841 prius
2943 773 3230 828 considera
3287 775 3632 842 conjunctio—

2053 877 2176 917 nem
2214 864 2382 916 animi
2413 879 2536 918 cum
2563 878 2727 918 carne
2759 871 2870 929 tua,
2894 865 2982 933 qui
3035 865 3257 932 quidem
3309 868 3547 930 animus,
3587 868 3633 920 si

2053 954 2355 1024 intelligere
2384 971 2488 1009 non
2514 966 2688 1024 potes,
2727 971 2830 1024 qua
2862 957 3070 1018 ratione
3103 971 3227 1009 cum
3257 972 3487 1025 corpore
3538 974 3634 1011 co—

2054 1045 2294 1114 puletur,
2323 1046 2495 1099 multo
2524 1046 2706 1100 minus
2742 1047 2995 1100 existima
3051 1057 3101 1100 te
3164 1063 3326 1116 posse
3387 1049 3632 1117 assequi,

2052 1152 2162 1206 quo
2191 1146 2352 1206 pacto
2387 1138 2526 1190 Deus
2557 1153 2682 1192 cum
2715 1138 2935 1191 homine
2958 1139 3343 1209 conjungatur.
3409 1137 3631 1206 Verum,

2054 1227 2511 1296 quemadmodum
2543 1228 2596 1281 in
2619 1237 2670 1280 te
2705 1227 2882 1282 credis
2917 1227 3061 1280 aliud
3084 1228 3338 1296 quiddam
3363 1242 3485 1282 esse
3513 1229 3633 1280 ani-

2054 1335 2226 1382 mum,
2251 1334 2411 1388 quam
2439 1335 2640 1389 corpus
2669 1319 2760 1386 sit,
2785 1320 3048 1388 quoniam
3081 1334 3279 1388 corpus
3313 1319 3382 1372 ab
3444 1319 3630 1372 animo

2055 1414 2358 1478 desertum,
2399 1413 2631 1467 cadaver
2655 1413 2858 1477 evadit,
2889 1421 3052 1481 atque
3101 1415 3249 1467 iners
3306 1412 3403 1475 ﬁt,
3459 1421 3515 1466 ct
3566 1413 3634 1465 ad

2057 1500 2326 1570 agendum
2353 1501 2563 1564 inutile,
2586 1501 2713 1556 licet
2732 1501 3138 1569 conjunctionis
3164 1501 3433 1554 rationem
3473 1503 3630 1570 igno-

2058 1609 2173 1659 res;
2199 1593 2278 1648 sic
2301 1594 2464 1648 etiam
2486 1593 2542 1645 in
2563 1592 2652 1646 Dei
2679 1607 2802 1645 cum
2822 1593 3040 1646 homine
3064 1593 3450 1662 conjunctione
3507 1606 3635 1644 con-

2058 1685 2272 1738 ﬁtemur
2299 1683 2538 1737 divinam
2570 1691 2824 1736 naturam
2852 1684 3070 1737 caduca:
3101 1683 3432 1751 mortalique
3458 1681 3636 1734 modis

2053 1775 2310 1830 omnibus
2375 1774 2637 1846 dignitate
2695 1781 2976 1842 prrestare,
3015 1787 3118 1842 qua
3187 1771 3401 1825 ratione
3450 1782 3682 1823 autem.

373 1856 470 1908 τὸν
495 1857 551 1908 δὲ
578 1857 675 1926 τῆς
715 1859 1070 1928 ἀνακράσεως
1103 1861 1301 1930 τρόπον
1347 1864 1444 1916 τοῦ
1481 1867 1639 1918 Θείου
1682 1843 1819 1937 πρὸς
1859 1869 1952 1923 τὸν

2062 1866 2461 1936 eﬂiciaturipsa
2497 1865 2818 1936 conjunctio
2851 1880 2956 1918 non
2988 1879 3280 1933 possumus
3309 1863 3632 1931 intelligere.

349 1948 664 2034 ἓᾶνθρωπον
700 1950 928 2004 συνιδεῖν
968 1954 1026 2004 οὐ
1081 1952 1386 2023 χωροῦμεν.
1439 1956 1598 2008 Ἀλλὰ
1628 1959 1687 2010 τὸ
1725 1958 1822 2025 μὲν
1862 1977 1955 2027 γε-

357 2038 640 2124 Ξγενῆσθαι
673 2039 805 2092 Θεὸν
837 2041 894 2092 ἐν
929 2039 1217 2110 ἀνθρώπου
1257 2044 1416 2111 φύσει
1444 2046 1531 2098 διὰ
1561 2047 1670 2100 τῶν
1702 2049 1950 2117 ἱστορου-

359 2129 362 2133 ’
379 2130 563 2200 μένων
600 2129 898 2201 θαυμάτων
930 2137 1030 2188 οὐκ
1064 2136 1492 2205 ἀμφιϐάλλομεν,
1535 2139 1592 2191 τὸ
1623 2139 1668 2192 δ’
1698 2141 1844 2202 ὅπως
1876 2143 1952 2204 ὡς

382 2224 570 2290 μεῖζον
596 2221 628 2291 ἦ
660 2223 804 2277 κατὰ
829 2225 1105 2294 λογισμῶν
1135 2227 1320 2294 ἔφοδον
1346 2229 1626 2301 διερευνᾷν
1656 2232 1954 2301 παραιτού-

382 2311 552 2382 μεθα.
581 2314 714 2367 Οὑδέ
739 2315 849 2385 γὰρ
874 2318 1055 2370 πᾶσαν
1077 2318 1176 2388 τὴν
1208 2321 1526 2389 σωματικήν
1556 2338 1612 2373 τε
1643 2322 1736 2374 καὶ
1756 2321 1953 2392 νοητὴν

382 2401 569 2455 κτίσιν
598 2401 745 2469 παρὰ
775 2404 873 2473 τῆς
904 2405 1200 2473 ἀσωμάτου
1231 2421 1291 2457 τε
1331 2409 1424 2459 καὶ
1453 2406 1708 2459 ἀκτίστου
1737 2407 1954 2473 φύσεως

383 2492 690 2561 ὑποστῆναι
721 2494 1094 2560 πιστεύοντες,
1131 2496 1192 2548 τὸ
1223 2495 1388 2548 πόθεν
1421 2497 1453 2565 ἢ
1491 2496 1551 2550 τὸ
1579 2496 1697 2559 πῶς
1725 2500 1790 2566 τῇ
1825 2497 1954 2567 περὶ

379 2583 589 2636 τούτων
622 2583 798 2638 πίστει
830 2585 1272 2654 συνεξετάζομεν.
1316 2587 1472 2639 Ἀλλὰ
1506 2587 1568 2639 τὸ
1623 2587 1952 2658 γεγενῆσθαι

381 2675 855 2743 παραδεχόμενοι,
891 2676 1456 2748 ἀπολυπραγμόνητον
1490 2679 1582 2732 τὸν
1621 2679 1822 2749 τρόπον
1854 2681 1954 2748 τῆς

379 2760 475 2814 τοῦ
531 2763 731 2824 παντὸς
775 2763 1082 2827 συστάσεως
1128 2767 1546 2835 καταλείπομεν,
1595 2767 1667 2828 ὡς
1717 2767 1956 2837 ἄρρητον

381 2853 732 2907 παντάπασιν
760 2853 892 2907 ὅντα
922 2855 1016 2908 καὶ
1053 2856 1479 2927 ἀνερμήνευτον.
1511 2856 1616 2910 Τοῦ
1645 2858 1700 2912 δὲ
1734 2858 1866 2911 Θεὸν
1896 2861 1954 2911 ἐν

383 2946 550 3015 σαρκὶ
579 2945 963 3018 φανερωθῆναι
998 2948 1129 3017 ἡμῖν
1164 2949 1192 3001 ό
1220 2947 1316 3012 τὰς
1346 2947 1646 3012 ἀποδείξεις
1681 2935 1954 3014 ἐπιζητῶν

383 3038 522 3106 πρὸς
550 3039 648 3099 τὰς
677 3040 955 3108 ἐνεργείας
980 3040 1242 3108 βλεπέτω.
1273 3041 1383 3093 Καὶ
1406 3042 1515 3108 γὰρ
1542 3041 1633 3092 τοῦ
1656 3041 1790 3102 ὅλως
1815 3036 1953 3093 εἶναι

2054 1955 2210 2022 Quod
2246 1955 2387 2008 Deus
2419 1954 2472 2006 in
2505 1952 2740 2007 hominis
2773 1962 2967 2007 natura
3002 1953 3218 2021 genitus
3242 1954 3334 2016 sit,
3359 1967 3424 2005 ex
3463 1952 3628 2004 rebus

2056 2047 2414 2110 admirandis,
2448 2061 2569 2114 qua:
2598 2046 2728 2100 visae
2760 2045 3081 2114 scriptaeque
3113 2050 3260 2106 sunt,
3316 2057 3423 2096 non
3459 2042 3635 2094 ambi-

2055 2139 2251 2210 gimus,
2280 2137 2546 2193 rationem
2602 2148 2782 2192 autem
2822 2152 2885 2191 ac
2943 2135 3185 2200 modum,
3232 2143 3291 2188 ut
3351 2134 3637 2203 majorem,

2053 2245 2219 2300 quam
2248 2245 2279 2285 a
2309 2229 2467 2285 nobis
2502 2230 2709 2299 percipi
2742 2230 2932 2298 possit,
2987 2227 3288 2282 omittimus
3355 2226 3636 2296 indagare.

2054 2321 2241 2392 Neque
2259 2323 2428 2388 enim,
2445 2337 2571 2376 cum
2594 2336 2681 2375 res
2698 2336 2888 2374 omnes
2911 2334 3222 2388 corporeas,
3242 2326 3430 2386 etquze
3453 2325 3643 2369 mente

2055 2413 2228 2467 solum
2286 2410 2668 2481 percipiuntur
2697 2424 2728 2464 a
2774 2419 2966 2463 natura
3023 2407 3362 2475 incorporea,
3409 2415 3464 2458 et
3516 2419 3642 2472 quae

2055 2511 2237 2558 creata
2269 2518 2378 2555 non
2429 2510 2533 2564 est,
2585 2508 2904 2570 procreatas
2960 2512 3083 2551 esse
3131 2497 3425 2558 credimus,
3492 2495 3637 2547 unde

2053 2602 2148 2647 aut
2177 2591 2448 2662 quomodo
2480 2590 2634 2644 facta:
2678 2589 2811 2650 sint,
2869 2586 3294 2656 investigamus;
3353 2585 3446 2638 sed
3506 2599 3634 2636 eum

2056 2684 2320 2737 mundum
2353 2681 2521 2735 fuisse
2578 2679 2858 2735 conditum
2900 2676 3292 2746 acceperimus,
3347 2673 3639 2737 rationem,

2056 2789 2158 2842 qua
2184 2773 2434 2826 conditus
2462 2771 2628 2825 fuerit
2659 2770 2872 2824 curiose
2905 2784 3011 2822 non
3033 2767 3396 2836 exquirimus,
3428 2764 3634 2833 quippe

2055 2866 2146 2935 qui
2180 2865 2338 2933 plane
2371 2863 2629 2926 sciamus,
2665 2877 2785 2914 eam
2825 2859 2972 2912 nullo
3005 2858 3168 2911 modo
3235 2871 3395 2926 posse
3429 2853 3641 2923 percipi

2056 2964 2149 3009 aut
2177 2953 2454 3022 explicari.
2489 2952 2642 3018 Quod
2674 2961 2855 3006 autem
2898 2951 3038 3003 Deus
3064 2950 3115 3001 in
3145 2962 3310 3001 carne
3343 2947 3501 2999 nobis
3532 2960 3630 3013 ap-

2055 3047 2320 3119 paruerit,
2351 3045 2395 3099 si
2435 3045 2560 3113 quis
2583 3040 3083 3098 demonstrationes
3144 3037 3395 3105 inquirit,
3445 3036 3491 3089 is
3520 3036 3642 3100 ejus

383 3129 521 3178 Θεὸν
558 3129 660 3190 οὐκ
691 3130 757 3183 ἄν
787 3147 872 3192 τις
906 3130 1097 3199 ἑτέραν
1125 3128 1402 3193 ἀπόδειξιν
1450 3129 1561 3198 ἔχοι
1597 3130 1734 3199 πλὴν
1763 3131 1862 3196 τῆς
1887 3131 1953 3184 δι’

2062 3154 2226 3208 opera
2252 3138 2570 3206 conspiciat.
2594 3136 2729 3187 Nam
2759 3142 2813 3187 et
2839 3131 2981 3200 quod
3013 3131 3153 3182 Deus
3183 3129 3298 3197 ipse
3352 3130 3442 3188 sit,
3491 3127 3644 3179 nullo

383 3221 568 3273 αὐτῶν
600 3221 708 3274 τῶν
742 3221 1034 3291 ἐνεργειῶν
1067 3220 1395 3291 μαρτυρίας.
1427 3223 1638 3291 Ὥσπερ
1667 3221 1845 3274 τοίνυν
1879 3225 1960 3284 είς

383 3313 445 3365 τὸ
477 3315 588 3367 πᾶν
619 3312 950 3381 ἀφορῶντες,
978 3314 1074 3366 καὶ
1109 3314 1208 3376 τὰς
1235 3313 1376 3367 κατά
1406 3313 1496 3366 τὸν
1533 3314 1734 3382 κόσμον
1759 3315 1962 3366 οἰκονο-

391 3404 521 3472 μίας
552 3405 1006 3469 ἐπισκοποῦντες,
1039 3405 1134 3458 καὶ
1165 3405 1265 3468 τὰς
1299 3406 1622 3474 εὐεργεσίας
1649 3406 1746 3466 τὰς
1778 3405 1962 3458 θεόθεν

387 3495 529 3549 κατὰ
561 3495 659 3566 τὴν
685 3495 827 3566 ζωὴν
850 3495 1008 3566 ήμῶν
1030 3496 1428 3565 ἐνεργουμένας
1457 3494 1814 3566 ὑπερκεῖσθαί
1839 3513 1962 3551 τινα

386 3587 615 3654 δύναμιν
641 3587 927 3656 ποιητικὴν
954 3588 1061 3640 τῶν
1086 3588 1408 3656 γινομένων,
1439 3589 1534 3640 καὶ
1561 3589 1962 3659 συντηρητικὴν

387 3679 500 3730 τῶν
538 3678 707 3731 ὅντων
739 3680 1252 3748 καταλαμὸάνομεν·
1296 3679 1437 3732 οὕτω
1484 3681 1578 3734 καὶ
1615 3680 1707 3733 ἐπὶ
1744 3681 1837 3733 τοῦ
1875 3679 1962 3734 διὰ

390 3768 592 3838 σαρκὸς
610 3770 740 3839 ἡμῖν
767 3769 1172 3837 φανερωθέντος
1197 3768 1330 3821 Θεοῦ
1359 3769 1546 3839 ἱκανὴν
1567 3771 1841 3837 ἀπόδειξιν
1865 3771 1963 3840 τῆς

386 3859 710 3926 ἐπιφανείας
739 3859 836 3926 τῆς
867 3859 1118 3928 θεότητος
1139 3861 1210 3914 τά
1231 3860 1372 3912 κατά
1400 3861 1500 3923 τὰς
1529 3861 1805 3930 ἐνεργείας
1833 3861 1962 3914 θαύ-

394 3964 543 4018 ματα
579 3950 926 4020 πεποιήμεθα
960 3950 1144 4005 πάντα
1187 3952 1298 4013 τοῖς
1341 3952 1702 4022 ίστορηθεῖσιν
1754 3954 1960 4024 ἔργοις,

387 4037 458 4091 δι’
492 4033 567 4091 ὦν
596 4042 628 4108 ὴ
655 4040 774 4092 θεία
811 4040 1272 4111 χαρακτηρίζεται
1303 4043 1461 4111 φύσις
1503 4045 1959 4114 κατανοήσαντες.

391 4130 529 4182 Θεοῦ
560 4130 618 4181 τὸ
652 4129 936 4192 ζωοποειῖν
966 4133 1090 4193 τοὺς
1114 4131 1434 4200 ἀνθρώπους
1462 4147 1476 4162 ·
1511 4131 1645 4185 Θεοῦ
1674 4136 1734 4186 τὸ
1766 4150 1964 4205 συντη-

396 4225 514 4293 ρεῖν
550 4222 638 4274 διὰ
661 4223 923 4292 προνοίας·
950 4223 1018 4275 τὰ
1051 4221 1183 4275 ὅντα
1208 4239 1224 4254 ο
1255 4222 1390 4276 Θεοῦ
1417 4224 1479 4275 τὸ
1510 4223 1712 4293 βρῶσιν
1743 4225 1835 4278 καὶ
1864 4225 1964 4276 πό-

395 4333 480 4369 σιν
517 4318 629 4377 τοῖς
662 4315 750 4368 διὰ
794 4315 995 4384 σαρκὸς
1031 4315 1129 4384 τὴν
1163 4315 1587 4387 ζωὴν-εἰληχόσι
1609 4317 1922 4388 χαρίζεσθαι
1944 4333 1961 4351 ο

393 4408 529 4460 Θεοῦ
567 4407 629 4458 τὸ
658 4407 969 4477 εὐεργετεῖν
997 4407 1090 4460 τὸν
1115 4407 1390 4477 δεόμενονσ
1417 4409 1552 4462 Θεοῦ
1587 4409 1648 4462 τὸ
1677 4425 1966 4481 παρατρα-

2063 3231 2171 3284 alio
2199 3229 2300 3282 nisi
2339 3242 2564 3296 operum
2620 3223 2791 3294 ipsius
2849 3220 3166 3274 testimonio
3229 3217 3639 3285 comprobatur.

2066 3322 2135 3377 Ut
2175 3319 2344 3388 igitur
2380 3331 2561 3371 rerum
2595 3313 3016 3369 universitatem
3070 3308 3372 3370 intuentes,
3425 3320 3644 3358 earum-

2061 3425 2169 3481 que
2225 3406 2654 3463 moderationem
2707 3413 2761 3457 et
2824 3400 3096 3462 ordinem,
3167 3397 3400 3464 vitaeque
3447 3403 3650 3447 nostrae

2063 3499 2349 3556 commoda
2374 3495 2637 3552 divinitus
2672 3494 2796 3549 data
2827 3493 3266 3550 considerantes,
3293 3486 3402 3539 vim
3449 3500 3644 3554 qnam-

2063 3594 2186 3648 dam
2214 3590 2398 3645 mundi
2422 3586 2754 3642 eﬂectricem
2814 3581 3386 3648 conservatricemque
3411 3591 3648 3646 cognos-

2063 3685 2261 3747 cimus,
2293 3680 2453 3735 sicin
2484 3678 2595 3733 Deo
2627 3677 2787 3732 nobis
2819 3690 2919 3744 per
2970 3687 3189 3728 carnem
3235 3671 3500 3742 patefacto
3544 3669 3646 3722 ad-

2066 3773 2317 3830 miranda
2353 3772 2499 3826 illius
2528 3785 2693 3840 opera
2719 3768 2915 3822 similia
2946 3766 3033 3829 iis,
3061 3779 3183 3834 qua:
3235 3763 3435 3831 scripta
3491 3769 3658 3822 sunt,

2063 3867 2285 3936 quibus,
2349 3873 2603 3931 tanquam
2650 3861 2793 3914 notis
2844 3866 3041 3912 natura
3085 3854 3267 3910 divina
3317 3853 3654 3914 declaratur,

2065 3959 2312 4027 locuples
2358 3955 2517 4008 nobis
2564 3951 2869 4006 divinitatis
2925 3949 3046 4016 ejus
3081 3945 3456 4001 testimonium
3509 3944 3653 3997 aﬂ‘e-

2065 4059 2218 4104 runt.
2246 4047 2340 4101 Dei
2387 4057 2625 4110 namque
2672 4055 2792 4094 esse
2846 4038 3251 4109 cognoscimus,
3322 4035 3648 4089 hominibus

2064 4141 2230 4194 vitam
2294 4138 2534 4194 tribuere
2568 4153 2584 4200 ;
2618 4133 2736 4195 Dei,
2775 4146 2861 4195 ea,
2921 4143 3042 4199 quae
3100 4137 3248 4193 sunt,
3307 4127 3657 4196 providentia

2068 4230 2207 4286 tueri
2252 4245 2315 4284 ac
2346 4240 2672 4282 conservare
2699 4240 2716 4286 ;
2748 4223 2866 4290 Dei,
2899 4223 3084 4276 cibum
3108 4227 3162 4274 et
3194 4229 3380 4289 potum
3408 4220 3476 4272 iis
3498 4234 3660 4286 ,ηυδε-

2068 4325 2123 4378 in
2152 4335 2318 4375 carne
2347 4319 2508 4374 vitam
2552 4317 2775 4386 degunt,
2813 4314 3070 4386 elargiri;
3098 4313 3218 4374 Dei,
3272 4313 3341 4366 de
3389 4310 3648 4380 pauperi-

2064 4414 2166 4470 bus
2195 4423 2250 4466 et
2275 4410 2642 4482 indigentibus
2667 4407 2805 4461 bene
2841 4405 3039 4460 mereri
3068 4420 3084 4470 ;
3112 4404 3229 4466 Dei,
3251 4411 3498 4456 naturam
3528 4415 3657 4470 quae

396 4501 592 4552 πεῖσαν
624 4499 682 4564 ἐξ
709 4499 990 4562 ἀσθενείας
1018 4501 1116 4566 τὴν
1148 4501 1310 4568 φύσιν
1341 4501 1500 4554 πάλιν
1521 4502 1592 4554 δι’
1612 4503 1798 4570 ὑγείας
1829 4503 1959 4582 πρὸς

2068 4501 2385 4558 iniirmitatc
2413 4516 2511 4554 sua
2545 4500 2614 4554 de
2668 4509 2818 4552 recta
2870 4498 2958 4552 via
3031 4494 3346 4558 deﬂexerat,
3386 4495 3654 4548 reducere

392 4589 598 4658 ἑαυτὴν
629 4587 952 4656 ἐπανάγειν·
979 4588 1115 4642 Θεοῦ
1145 4593 1204 4642 τὸ
1238 4591 1420 4659 πάσης
1450 4593 1762 4643 ἐπιστατεῖν
1785 4594 1969 4662 ὁμοιο-

392 4682 612 4751 τρόπως
661 4684 762 4753 τῆς
819 4680 1071 4748 κτίσεως,
1123 4682 1246 4752 γῆς,
1303 4683 1599 4752 θαλάσσης,
1645 4683 1826 4752 ἀέρος,
1874 4683 1969 4736 καὶ

391 4775 505 4829 τῶν
548 4775 688 4845 ὑπὲρ
728 4777 820 4828 τὸν
870 4775 1010 4844 ἀέρα
1054 4774 1238 4828 τόπων
1273 4789 1289 4804 ⁶
1347 4773 1483 4828 Θεοῦ
1520 4775 1583 4826 τὸ
1630 4774 1761 4842 πρὸς
1793 4773 1972 4827 πάντα

391 4869 594 4939 διαρκῆ
636 4869 736 4937 τὴν
775 4869 1004 4937 δύναμιν
1057 4867 1222 4936 ἐχειν,
1267 4867 1360 4920 καὶ
1394 4870 1502 4937 πρό
1544 4884 1608 4934 γε
1648 4867 1866 4920 πάντων
1911 4865 1972 4918 τὸ

396 4959 630 5012 θανάτου
681 4957 775 5010 καὶ
817 4957 1024 5027 φθορᾶς
1071 4952 1213 5009 εἶναι
1259 4955 1563 5025 κρείττονα.
1615 4955 1678 5009 Ei
1728 4955 1826 5025 μὲν
1879 4953 1972 5007 οὖν

393 5065 541 5112 τινος
571 5050 775 5101 τούτων
815 5049 911 5101 καὶ
941 5048 1051 5100 τῶν
1088 5046 1346 5100 τοιούτων
1399 5045 1624 5116 ἐλλιπὴς
1672 5041 1740 5117 ἦν
1767 5047 1800 5115 ἡ
1841 5043 1971 5115 περὶ

394 5138 559 5196 αὐτὸν
585 5139 816 5208 ἱστορία,
845 5138 1068 5202 εἰκότως
1088 5139 1147 5191 τὸ
1167 5139 1462 5209 μυστήριον
1487 5140 1520 5208 ἡ
1531 5137 1646 5206 μῶν
1665 5138 1716 5190 οί
1741 5136 1844 5200 ἔξω
1869 5136 1970 5206 τῆς

398 5232 634 5294 πίστεως
675 5230 1128 5300 παρεγράφοντοο
1177 5231 1227 5282 εί
1272 5228 1330 5282 δέ
1367 5229 1435 5282 δι’
1463 5223 1536 5282 ὧν
1573 5230 1775 5282 νοεῖται
1815 5226 1969 5290 Θεὸς,

397 5323 578 5374 πάντα
617 5321 674 5371 ἐν
706 5320 814 5380 τοῖς
854 5321 980 5389 περὶ
1011 5317 1178 5372 αὐτοῦ
1216 5319 1518 5388 διηγήμασι
1552 5319 1876 5388 καθορᾶται,
1915 5316 1969 5370 τί

396 5413 459 5463 τὸ
487 5410 871 5482 ἐμποδίζονντῇ
897 5411 1079 5464 πίστει
1097 5410 1328 5478 ςδἊλλά,
1353 5411 1504 5480 φησὶ,
1525 5410 1854 5480 γέννησίςςτε
1880 5409 1972 5462 καὶ

398 5499 628 5563 θάνατος
647 5500 775 5552 ῐδιον
801 5503 899 5570 τῆς
925 5501 1195 5570 σαρκικῆς
1218 5499 1332 5552 ἐστι
1362 5501 1757 5568 φύσεως.,Φημὶ
1786 5500 1968 5566 κάγώ’

398 5591 540 5646 ἀλλά
563 5593 625 5646 τὸ
653 5593 791 5663 πρὸς
818 5595 916 5661 τῆς
942 5595 1206 5660 γενέσεως
1236 5597 1329 5647 καὶ
1365 5592 1427 5645 τὸ
1461 5594 1602 5663 μετά
1627 5593 1718 5645 τὸν
1744 5591 1974 5646 θάνατον

395 5686 500 5753 τὴν
527 5687 627 5755 τῆς
660 5685 875 5752 φύσεως
906 5684 1062 5754 ήμῶν
1101 5684 1359 5752 ἐκφεύγει
1390 5685 1698 5751 κοινότητα.
1737 5683 1829 5745 Ei;
1861 5683 1970 5752 γὰρ

399 5776 636 5846 ἑκάτερα
660 5776 756 5846 τῆς
786 5775 1130 5846 ἀνθρωπίνης
1159 5776 1298 5847 ζωῆς
1331 5777 1395 5827 τὰ
1417 5775 1626 5845 πέρατα
1654 5776 1963 5843 βλέποντες,

2074 4595 2141 4650 ad
2171 4594 2484 4655 sanitatem,
2509 4598 2564 4644 et
2589 4591 2642 4644 in
2677 4589 2966 4660 pristinum
2987 4597 3186 4642 statum
3211 4601 3502 4652 revocare;
3529 4587 3651 4650 Dei,

2080 4685 2298 4740 cunctis
2322 4696 2478 4753 aeque
2507 4681 2668 4736 rebus
2694 4679 2989 4750 procreatis
3010 4679 3297 4748 imperare,
3328 4689 3505 4738 terrm,
3534 4692 3655 4729 ma-

2071 4776 2136 4840 ri,
2169 4774 2299 4839 aeri,
2324 4782 2373 4828 et
2407 4773 2489 4837 iis,
2521 4787 2642 4841 quae
2664 4785 2828 4841 supra
2847 4785 3026 4825 aerem
3051 4770 3149 4823 sita
3172 4779 3332 4834 sunt;
3370 4767 3484 4829 Dei,
3519 4783 3650 4836 pere-

2073 4874 2290 4937 petnam
2323 4865 2373 4918 in
2398 4864 2578 4919 omnia
2610 4870 2932 4932 potestatem
2974 4861 3198 4926 habere,
3262 4859 3652 4930 imprimisque

2073 4973 2194 5013 esse
2222 4967 2396 5011 morte
2453 4965 2508 5011 et
2543 4955 2896 5024 corruptione
2946 4954 3306 5022 superiorem.
3366 4951 3568 5006 Horum
3601 4953 3655 5006 si

2085 5049 2215 5116 quid
2245 5047 2299 5101 in
2331 5047 2584 5111 historia,
2616 5061 2720 5114 qua
2747 5044 2856 5098 vita
2883 5044 3052 5114 ipsius
3085 5044 3435 5110 describitur,
3499 5045 3650 5100 desi-

2074 5138 2375 5202 deraretur,
2401 5136 2500 5198 illi,
2529 5133 2679 5204 quia
2711 5135 2973 5206 religione
3027 5145 3155 5190 sunt
3197 5137 3383 5200 alieni,
3454 5137 3656 5190 merito

2075 5226 2390 5297 mysterium
2414 5233 2662 5280 nostrum
2694 5225 3070 5294 repudiarent.
3103 5225 3199 5280 Sin
3261 5225 3466 5288 omnia,
3521 5224 3648 5292 qui-

2074 5316 2336 5371 busDeus
2360 5316 2727 5385 cognoscitur,
2786 5315 2839 5370 in
2907 5325 2970 5371 ea
3020 5317 3456 5386 conspiciuntur,
3520 5314 3652 5382 quid

2074 5407 2354 5481 prohibet,
2381 5422 2490 5475 quo
2518 5407 2702 5461 minus
2771 5406 2935 5461 ﬁdem
3001 5406 3433 5478 religionemque
3479 5403 3649 5456 susci-

2076 5498 2768 5572 pias?Atenim,inquies,
2801 5496 2949 5551 nasci
2997 5507 3159 5564 atque
3217 5496 3370 5548 obire
3420 5494 3640 5563 propria

2076 5600 2201 5648 sunt
2231 5589 2460 5658 hujusce
2485 5591 2686 5644 carnis.
2711 5588 2991 5652 Concedo;
3009 5601 3196 5640 verum
3216 5601 3300 5652 ea,
3326 5602 3445 5657 qum
3466 5595 3650 5641 ortum

2075 5689 2217 5753 ejus-
2244 5693 2658 5753 praecesserunt,
2712 5695 2941 5751 quaeque
2995 5689 3227 5735 mortem
3276 5692 3403 5736 sunt
3455 5681 3650 5736 subsc-

2079 5787 2219 5843 cuta,
2253 5790 2597 5830 communem
2620 5785 2830 5829 natura:
2862 5782 3058 5828 nostra:
3081 5774 3449 5831 conditionem
3489 5787 3651 5842 supe-
