  <div class='ocr_page' id='page_1' title='image "/cluster/home/n/w/nwhite01/storage/ocr_20150623/130/mdp.39015078384255/117.png"; bbox 0 0 4120 6292; ppageno 0'>
   <div class='ocr_carea' id='block_1_1' title="bbox 503 337 612 404">
    <p class='ocr_par' dir='ltr' id='par_1_1' title="bbox 503 337 612 404">
     <span class='ocr_line' id='line_1_1' title="bbox 503 337 612 404; baseline 0.055 -6"><span class='ocrx_word' id='word_1_1' title='bbox 503 337 612 404; x_wconf 67' lang='lat'><strong>219</strong></span> 
     </span>
    </p>
   </div>
   <div class='ocr_carea' id='block_1_2' title="bbox 1733 345 2526 412">
    <p class='ocr_par' dir='ltr' id='par_1_2' title="bbox 1733 345 2526 412">
     <span class='ocr_line' id='line_1_2' title="bbox 1733 345 2526 412; baseline 0.009 -7"><span class='ocrx_word' id='word_1_2' title='bbox 1733 345 2051 407; x_wconf 83' lang='lat' dir='ltr'><strong>EUTHYM</strong></span> <span class='ocrx_word' id='word_1_3' title='bbox 2059 347 2121 407; x_wconf 88' lang='lat' dir='ltr'><strong>II</strong></span> <span class='ocrx_word' id='word_1_4' title='bbox 2161 348 2526 412; x_wconf 79' lang='lat' dir='ltr'><strong>ZIGABENI</strong></span> 
     </span>
    </p>
   </div>
   <div class='ocr_carea' id='block_1_3' title="bbox 3652 357 3756 419">
    <p class='ocr_par' dir='ltr' id='par_1_3' title="bbox 3652 357 3756 419">
     <span class='ocr_line' id='line_1_3' title="bbox 3652 357 3756 419; baseline 0.019 -2"><span class='ocrx_word' id='word_1_5' title='bbox 3652 357 3756 419; x_wconf 72' lang='lat'><strong>220</strong></span> 
     </span>
    </p>
   </div>
   <div class='ocr_carea' id='block_1_4' title="bbox 502 451 2093 543">
    <p class='ocr_par' dir='ltr' id='par_1_4' title="bbox 502 451 2075 526">
     <span class='ocr_line' id='line_1_4' title="bbox 502 451 2075 526; baseline 0.004 -16"><span class='ocrx_word' id='word_1_6' title='bbox 502 465 649 510; x_wconf 86' lang='lat' dir='ltr'><strong>rant.</strong></span> <span class='ocrx_word' id='word_1_7' title='bbox 682 451 815 508; x_wconf 81' lang='lat' dir='ltr'><strong>Nam</strong></span> <span class='ocrx_word' id='word_1_8' title='bbox 840 454 887 509; x_wconf 89' lang='lat' dir='ltr'><strong>si</strong></span> <span class='ocrx_word' id='word_1_9' title='bbox 946 464 1240 526; x_wconf 85' lang='lat' dir='ltr'><strong>utrumque</strong></span> <span class='ocrx_word' id='word_1_10' title='bbox 1290 457 1589 513; x_wconf 89' lang='lat' dir='ltr'><strong>terminum</strong></span> <span class='ocrx_word' id='word_1_11' title='bbox 1644 459 1899 515; x_wconf 71' lang='lat' dir='ltr'><strong>humana:</strong></span> <span class='ocrx_word' id='word_1_12' title='bbox 1950 462 2075 517; x_wconf 60' lang='lat' dir='ltr'><strong>vita:</strong></span> 
     </span>
    </p>
   </div>
   <div class='ocr_carea' id='block_1_5' title="bbox 2195 451 3756 543">
    <p class='ocr_par' dir='ltr' id='par_1_5' title="bbox 2195 466 3756 543">
     <span class='ocr_line' id='line_1_5' title="bbox 2195 466 3756 543; baseline 0 -22"><span class='ocrx_word' id='word_1_13' title='bbox 2195 466 2341 538; x_wconf 64' lang='grc' dir='ltr'><strong>ἴσμεν</strong></span> <span class='ocrx_word' id='word_1_14' title='bbox 2386 470 2480 523; x_wconf 77' lang='grc' dir='ltr'><strong>καὶ</strong></span> <span class='ocrx_word' id='word_1_15' title='bbox 2512 469 2635 524; x_wconf 75' lang='grc' dir='ltr'><strong>ὅθεν</strong></span> <span class='ocrx_word' id='word_1_16' title='bbox 2673 472 2989 543; x_wconf 82' lang='grc' dir='ltr'><strong>ἀρχόμεθα,</strong></span> <span class='ocrx_word' id='word_1_17' title='bbox 3027 473 3123 529; x_wconf 81' lang='grc' dir='ltr'><strong>καὶ</strong></span> <span class='ocrx_word' id='word_1_18' title='bbox 3154 473 3234 538; x_wconf 87' lang='grc' dir='ltr'><strong>είς</strong></span> <span class='ocrx_word' id='word_1_19' title='bbox 3268 471 3322 526; x_wconf 90' lang='grc' dir='ltr'><strong>τί</strong></span> <span class='ocrx_word' id='word_1_20' title='bbox 3352 469 3756 539; x_wconf 70' lang='grc' dir='ltr'><strong>καταλήξομεν.</strong></span> 
     </span>
    </p>
   </div>
   <div class='ocr_carea' id='block_1_6' title="bbox 504 548 2079 621">
    <p class='ocr_par' dir='ltr' id='par_1_6' title="bbox 504 548 2079 621">
     <span class='ocr_line' id='line_1_6' title="bbox 504 548 2079 621; baseline 0.004 -19"><span class='ocrx_word' id='word_1_21' title='bbox 504 548 839 610; x_wconf 89' lang='lat' dir='ltr'><strong>consideres,</strong></span> <span class='ocrx_word' id='word_1_22' title='bbox 872 548 1101 611; x_wconf 82' lang='lat' dir='ltr'><strong>videbis,</strong></span> <span class='ocrx_word' id='word_1_23' title='bbox 1136 550 1279 603; x_wconf 88' lang='lat' dir='ltr'><strong>unde</strong></span> <span class='ocrx_word' id='word_1_24' title='bbox 1314 548 1662 619; x_wconf 81' lang='lat' dir='ltr'><strong>incipiamus,</strong></span> <span class='ocrx_word' id='word_1_25' title='bbox 1691 561 1745 606; x_wconf 85' lang='lat' dir='ltr'><strong>et</strong></span> <span class='ocrx_word' id='word_1_26' title='bbox 1774 568 1883 621; x_wconf 84' lang='lat' dir='ltr'><strong>quo</strong></span> <span class='ocrx_word' id='word_1_27' title='bbox 1906 554 2079 609; x_wconf 89' lang='lat' dir='ltr'><strong>dedu-</strong></span> 
     </span>
    </p>
   </div>
   <div class='ocr_carea' id='block_1_7' title="bbox 506 640 2080 713">
    <p class='ocr_par' dir='ltr' id='par_1_7' title="bbox 506 640 2080 713">
     <span class='ocr_line' id='line_1_7' title="bbox 506 640 2080 713; baseline 0.004 -19"><span class='ocrx_word' id='word_1_28' title='bbox 506 655 715 694; x_wconf 79' lang='lat' dir='ltr'><strong>camur.</strong></span> <span class='ocrx_word' id='word_1_29' title='bbox 744 640 1171 709; x_wconf 80' lang='lat' dir='ltr'><strong>Acorruptione</strong></span> <span class='ocrx_word' id='word_1_30' title='bbox 1227 641 1375 695; x_wconf 89' lang='lat' dir='ltr'><strong>enim</strong></span> <span class='ocrx_word' id='word_1_31' title='bbox 1423 641 1751 713; x_wconf 86' lang='lat' dir='ltr'><strong>principium</strong></span> <span class='ocrx_word' id='word_1_32' title='bbox 1806 644 2080 712; x_wconf 83' lang='lat' dir='ltr'><strong>ducimus,</strong></span> 
     </span>
    </p>
   </div>
   <div class='ocr_carea' id='block_1_8' title="bbox 508 732 2080 804">
    <p class='ocr_par' dir='ltr' id='par_1_8' title="bbox 508 732 2080 804">
     <span class='ocr_line' id='line_1_8' title="bbox 508 732 2080 804; baseline 0.003 -18"><span class='ocrx_word' id='word_1_33' title='bbox 508 740 563 787; x_wconf 88' lang='lat' dir='ltr'><strong>et</strong></span> <span class='ocrx_word' id='word_1_34' title='bbox 592 733 646 786; x_wconf 93' lang='lat' dir='ltr'><strong>in</strong></span> <span class='ocrx_word' id='word_1_35' title='bbox 672 733 1075 802; x_wconf 69' lang='lat' dir='ltr'><strong>corruptionem</strong></span> <span class='ocrx_word' id='word_1_36' title='bbox 1108 733 1437 788; x_wconf 83' lang='lat' dir='ltr'><strong>desinimus.</strong></span> <span class='ocrx_word' id='word_1_37' title='bbox 1468 732 1600 804; x_wconf 85' lang='lat' dir='ltr'><strong>Ejus</strong></span> <span class='ocrx_word' id='word_1_38' title='bbox 1627 746 1812 790; x_wconf 88' lang='lat' dir='ltr'><strong>autem</strong></span> <span class='ocrx_word' id='word_1_39' title='bbox 1836 752 1941 791; x_wconf 91' lang='lat' dir='ltr'><strong>nec</strong></span> <span class='ocrx_word' id='word_1_40' title='bbox 1984 753 2080 791; x_wconf 84' lang='lat' dir='ltr'><strong>or-</strong></span> 
     </span>
    </p>
   </div>
   <div class='ocr_carea' id='block_1_9' title="bbox 512 822 2080 893">
    <p class='ocr_par' dir='ltr' id='par_1_9' title="bbox 512 822 2080 893">
     <span class='ocr_line' id='line_1_9' title="bbox 512 822 2080 893; baseline 0.002 -16"><span class='ocrx_word' id='word_1_41' title='bbox 512 834 649 884; x_wconf 89' lang='lat' dir='ltr'><strong>tum,</strong></span> <span class='ocrx_word' id='word_1_42' title='bbox 682 838 782 877; x_wconf 90' lang='lat' dir='ltr'><strong>nec</strong></span> <span class='ocrx_word' id='word_1_43' title='bbox 814 832 1043 877; x_wconf 86' lang='lat' dir='ltr'><strong>mortem</strong></span> <span class='ocrx_word' id='word_1_44' title='bbox 1073 822 1286 890; x_wconf 86' lang='lat' dir='ltr'><strong>excepit</strong></span> <span class='ocrx_word' id='word_1_45' title='bbox 1341 825 1646 893; x_wconf 73' lang='lat' dir='ltr'><strong>corruptio.</strong></span> <span class='ocrx_word' id='word_1_46' title='bbox 1687 823 1800 881; x_wconf 82' lang='lat' dir='ltr'><strong>Hoc</strong></span> <span class='ocrx_word' id='word_1_47' title='bbox 1827 824 1925 880; x_wconf 88' lang='lat' dir='ltr'><strong>tibi</strong></span> <span class='ocrx_word' id='word_1_48' title='bbox 1980 826 2080 880; x_wconf 86' lang='lat' dir='ltr'><strong>ad-</strong></span> 
     </span>
    </p>
   </div>
   <div class='ocr_carea' id='block_1_10' title="bbox 509 912 2089 982">
    <p class='ocr_par' dir='ltr' id='par_1_10' title="bbox 509 912 2089 982">
     <span class='ocr_line' id='line_1_10' title="bbox 509 912 2089 982; baseline 0.004 -15"><span class='ocrx_word' id='word_1_49' title='bbox 509 912 818 967; x_wconf 86' lang='lat' dir='ltr'><strong>mirandqu</strong></span> <span class='ocrx_word' id='word_1_50' title='bbox 867 913 1099 979; x_wconf 80' lang='lat' dir='ltr'><strong>videtur,</strong></span> <span class='ocrx_word' id='word_1_51' title='bbox 1136 922 1190 966; x_wconf 88' lang='lat' dir='ltr'><strong>et</strong></span> <span class='ocrx_word' id='word_1_52' title='bbox 1238 912 1595 968; x_wconf 88' lang='lat' dir='ltr'><strong>incredibile?</strong></span> <span class='ocrx_word' id='word_1_53' title='bbox 1650 915 1899 971; x_wconf 88' lang='lat' dir='ltr'><strong>Gaudeo.</strong></span> <span class='ocrx_word' id='word_1_54' title='bbox 1950 916 2089 982; x_wconf 70' lang='lat' dir='ltr'><strong>Quae</strong></span> 
     </span>
    </p>
   </div>
   <div class='ocr_carea' id='block_1_11' title="bbox 510 1002 2081 1077">
    <p class='ocr_par' dir='ltr' id='par_1_11' title="bbox 510 1002 2081 1077">
     <span class='ocr_line' id='line_1_11' title="bbox 510 1002 2081 1077; baseline 0.003 -20"><span class='ocrx_word' id='word_1_55' title='bbox 510 1003 658 1057; x_wconf 88' lang='lat' dir='ltr'><strong>enim</strong></span> <span class='ocrx_word' id='word_1_56' title='bbox 698 1018 882 1072; x_wconf 86' lang='lat' dir='ltr'><strong>supra,</strong></span> <span class='ocrx_word' id='word_1_57' title='bbox 903 1018 1064 1072; x_wconf 91' lang='lat' dir='ltr'><strong>quam</strong></span> <span class='ocrx_word' id='word_1_58' title='bbox 1094 1002 1242 1058; x_wconf 90' lang='lat' dir='ltr'><strong>credi</strong></span> <span class='ocrx_word' id='word_1_59' title='bbox 1268 1004 1499 1073; x_wconf 81' lang='lat' dir='ltr'><strong>possint,</strong></span> <span class='ocrx_word' id='word_1_60' title='bbox 1529 1004 1872 1061; x_wconf 81' lang='lat' dir='ltr'><strong>admirabilia</strong></span> <span class='ocrx_word' id='word_1_61' title='bbox 1901 1021 2081 1077; x_wconf 89' lang='lat' dir='ltr'><strong>putas,</strong></span> 
     </span>
    </p>
   </div>
   <div class='ocr_carea' id='block_1_12' title="bbox 510 1096 2082 1167">
    <p class='ocr_par' dir='ltr' id='par_1_12' title="bbox 510 1096 2082 1167">
     <span class='ocr_line' id='line_1_12' title="bbox 510 1096 2082 1167; baseline 0.006 -20"><span class='ocrx_word' id='word_1_62' title='bbox 510 1109 576 1147; x_wconf 91' lang='lat' dir='ltr'><strong>ca</strong></span> <span class='ocrx_word' id='word_1_63' title='bbox 595 1110 758 1163; x_wconf 81' lang='lat' dir='ltr'><strong>supra</strong></span> <span class='ocrx_word' id='word_1_64' title='bbox 783 1105 1031 1148; x_wconf 90' lang='lat' dir='ltr'><strong>naturam</strong></span> <span class='ocrx_word' id='word_1_65' title='bbox 1052 1110 1172 1149; x_wconf 80' lang='lat' dir='ltr'><strong>esse</strong></span> <span class='ocrx_word' id='word_1_66' title='bbox 1191 1096 1489 1152; x_wconf 89' lang='lat' dir='ltr'><strong>conﬁteris.</strong></span> <span class='ocrx_word' id='word_1_67' title='bbox 1509 1097 1851 1167; x_wconf 83' lang='lat' dir='ltr'><strong>Quapropter</strong></span> <span class='ocrx_word' id='word_1_68' title='bbox 1866 1099 1969 1154; x_wconf 91' lang='lat' dir='ltr'><strong>hoc</strong></span> <span class='ocrx_word' id='word_1_69' title='bbox 1983 1100 2082 1156; x_wconf 91' lang='lat' dir='ltr'><strong>tibi</strong></span> 
     </span>
    </p>
   </div>
   <div class='ocr_carea' id='block_1_13' title="bbox 509 1184 2076 1258">
    <p class='ocr_par' dir='ltr' id='par_1_13' title="bbox 509 1184 2076 1258">
     <span class='ocr_line' id='line_1_13' title="bbox 509 1184 2076 1258; baseline 0.004 -21"><span class='ocrx_word' id='word_1_70' title='bbox 509 1184 807 1238; x_wconf 74' lang='lat' dir='ltr'><strong>divinitatis</strong></span> <span class='ocrx_word' id='word_1_71' title='bbox 836 1186 954 1255; x_wconf 88' lang='lat' dir='ltr'><strong>ejus</strong></span> <span class='ocrx_word' id='word_1_72' title='bbox 976 1186 1341 1240; x_wconf 84' lang='lat' dir='ltr'><strong>certissimum</strong></span> <span class='ocrx_word' id='word_1_73' title='bbox 1368 1187 1439 1241; x_wconf 86' lang='lat' dir='ltr'><strong>sit</strong></span> <span class='ocrx_word' id='word_1_74' title='bbox 1467 1198 1868 1258; x_wconf 82' lang='lat' dir='ltr'><strong>argumentum,</strong></span> <span class='ocrx_word' id='word_1_75' title='bbox 1905 1189 2076 1258; x_wconf 91' lang='lat' dir='ltr'><strong>quod,</strong></span> 
     </span>
    </p>
   </div>
   <div class='ocr_carea' id='block_1_14' title="bbox 511 1280 2083 1351">
    <p class='ocr_par' dir='ltr' id='par_1_14' title="bbox 511 1280 2083 1351">
     <span class='ocr_line' id='line_1_14' title="bbox 511 1280 2083 1351; baseline 0.002 -18"><span class='ocrx_word' id='word_1_76' title='bbox 511 1296 632 1349; x_wconf 76' lang='lat' dir='ltr'><strong>qua:</strong></span> <span class='ocrx_word' id='word_1_77' title='bbox 661 1280 729 1333; x_wconf 87' lang='lat' dir='ltr'><strong>dc</strong></span> <span class='ocrx_word' id='word_1_78' title='bbox 789 1280 880 1333; x_wconf 91' lang='lat' dir='ltr'><strong>illo</strong></span> <span class='ocrx_word' id='word_1_79' title='bbox 932 1280 1318 1349; x_wconf 73' lang='lat' dir='ltr'><strong>przedicantur,</strong></span> <span class='ocrx_word' id='word_1_80' title='bbox 1365 1296 1475 1334; x_wconf 92' lang='lat' dir='ltr'><strong>non</strong></span> <span class='ocrx_word' id='word_1_81' title='bbox 1513 1290 1814 1351; x_wconf 86' lang='lat' dir='ltr'><strong>sequuntur</strong></span> <span class='ocrx_word' id='word_1_82' title='bbox 1858 1282 2083 1336; x_wconf 89' lang='lat' dir='ltr'><strong>omnino</strong></span> 
     </span>
    </p>
   </div>
   <div class='ocr_carea' id='block_1_15' title="bbox 513 1371 2083 1442">
    <p class='ocr_par' dir='ltr' id='par_1_15' title="bbox 513 1371 2083 1442">
     <span class='ocr_line' id='line_1_15' title="bbox 513 1371 2083 1442; baseline 0.003 -18"><span class='ocrx_word' id='word_1_83' title='bbox 513 1371 762 1425; x_wconf 88' lang='lat' dir='ltr'><strong>ordinem</strong></span> <span class='ocrx_word' id='word_1_84' title='bbox 789 1372 1111 1426; x_wconf 86' lang='lat' dir='ltr'><strong>naturalem.</strong></span> <span class='ocrx_word' id='word_1_85' title='bbox 1155 1372 1369 1427; x_wconf 89' lang='lat' dir='ltr'><strong>Etenim</strong></span> <span class='ocrx_word' id='word_1_86' title='bbox 1401 1372 1443 1427; x_wconf 87' lang='lat' dir='ltr'><strong>si</strong></span> <span class='ocrx_word' id='word_1_87' title='bbox 1471 1388 1558 1438; x_wconf 85' lang='lat' dir='ltr'><strong>ea,</strong></span> <span class='ocrx_word' id='word_1_88' title='bbox 1594 1388 1715 1442; x_wconf 71' lang='lat' dir='ltr'><strong>qua:</strong></span> <span class='ocrx_word' id='word_1_89' title='bbox 1746 1373 1813 1427; x_wconf 93' lang='lat' dir='ltr'><strong>de</strong></span> <span class='ocrx_word' id='word_1_90' title='bbox 1865 1373 2083 1429; x_wconf 85' lang='lat' dir='ltr'><strong>Christo</strong></span> 
     </span>
    </p>
   </div>
   <div class='ocr_carea' id='block_1_16' title="bbox 510 1462 2086 1532">
    <p class='ocr_par' dir='ltr' id='par_1_16' title="bbox 510 1462 2086 1532">
     <span class='ocr_line' id='line_1_16' title="bbox 510 1462 2086 1532; baseline 0.004 -17"><span class='ocrx_word' id='word_1_91' title='bbox 510 1462 790 1515; x_wconf 75' lang='lat' dir='ltr'><strong>memoria:</strong></span> <span class='ocrx_word' id='word_1_92' title='bbox 862 1464 1078 1532; x_wconf 88' lang='lat' dir='ltr'><strong>prodita</strong></span> <span class='ocrx_word' id='word_1_93' title='bbox 1128 1472 1276 1527; x_wconf 87' lang='lat' dir='ltr'><strong>sunt,</strong></span> <span class='ocrx_word' id='word_1_94' title='bbox 1333 1474 1543 1518; x_wconf 74' lang='lat' dir='ltr'><strong>natura:</strong></span> <span class='ocrx_word' id='word_1_95' title='bbox 1608 1464 1861 1518; x_wconf 88' lang='lat' dir='ltr'><strong>terminis</strong></span> <span class='ocrx_word' id='word_1_96' title='bbox 1902 1465 2086 1521; x_wconf 86' lang='lat' dir='ltr'><strong>omnia</strong></span> 
     </span>
    </p>
   </div>
   <div class='ocr_carea' id='block_1_17' title="bbox 514 1553 2089 1620">
    <p class='ocr_par' dir='ltr' id='par_1_17' title="bbox 514 1553 2089 1620">
     <span class='ocr_line' id='line_1_17' title="bbox 514 1553 2089 1620; baseline 0.004 -14"><span class='ocrx_word' id='word_1_97' title='bbox 514 1553 946 1620; x_wconf 85' lang='lat' dir='ltr'><strong>continerentur,</strong></span> <span class='ocrx_word' id='word_1_98' title='bbox 981 1554 1071 1608; x_wconf 87' lang='lat' dir='ltr'><strong>ubi</strong></span> <span class='ocrx_word' id='word_1_99' title='bbox 1105 1555 1249 1609; x_wconf 92' lang='lat' dir='ltr'><strong>illius</strong></span> <span class='ocrx_word' id='word_1_100' title='bbox 1274 1564 1417 1610; x_wconf 73' lang='lat' dir='ltr'><strong>esset</strong></span> <span class='ocrx_word' id='word_1_101' title='bbox 1448 1556 1741 1610; x_wconf 85' lang='lat' dir='ltr'><strong>divinitas?</strong></span> <span class='ocrx_word' id='word_1_102' title='bbox 1762 1556 1899 1612; x_wconf 90' lang='lat' dir='ltr'><strong>Cum</strong></span> <span class='ocrx_word' id='word_1_103' title='bbox 1957 1572 2089 1613; x_wconf 80' lang='lat' dir='ltr'><strong>vero</strong></span> 
     </span>
    </p>
   </div>
   <div class='ocr_carea' id='block_1_18' title="bbox 515 1643 2089 1715">
    <p class='ocr_par' dir='ltr' id='par_1_18' title="bbox 515 1643 2089 1715">
     <span class='ocr_line' id='line_1_18' title="bbox 515 1643 2089 1715; baseline 0.004 -18"><span class='ocrx_word' id='word_1_104' title='bbox 515 1643 837 1706; x_wconf 89' lang='lat' dir='ltr'><strong>multorum,</strong></span> <span class='ocrx_word' id='word_1_105' title='bbox 872 1646 1073 1714; x_wconf 90' lang='lat' dir='ltr'><strong>quibus</strong></span> <span class='ocrx_word' id='word_1_106' title='bbox 1112 1645 1271 1702; x_wconf 89' lang='lat' dir='ltr'><strong>ﬁdem</strong></span> <span class='ocrx_word' id='word_1_107' title='bbox 1329 1662 1440 1703; x_wconf 88' lang='lat' dir='ltr'><strong>non</strong></span> <span class='ocrx_word' id='word_1_108' title='bbox 1493 1648 1682 1715; x_wconf 86' lang='lat' dir='ltr'><strong>habes,</strong></span> <span class='ocrx_word' id='word_1_109' title='bbox 1730 1649 1868 1704; x_wconf 86' lang='lat' dir='ltr'><strong>ratio</strong></span> <span class='ocrx_word' id='word_1_110' title='bbox 1923 1656 2089 1703; x_wconf 79' lang='lat' dir='ltr'><strong>natu-</strong></span> 
     </span>
    </p>
   </div>
   <div class='ocr_carea' id='block_1_19' title="bbox 516 1738 2086 1810">
    <p class='ocr_par' dir='ltr' id='par_1_19' title="bbox 516 1738 2086 1810">
     <span class='ocr_line' id='line_1_19' title="bbox 516 1738 2086 1810; baseline 0.004 -21"><span class='ocrx_word' id='word_1_111' title='bbox 516 1753 629 1790; x_wconf 89' lang='lat' dir='ltr'><strong>ram</strong></span> <span class='ocrx_word' id='word_1_112' title='bbox 660 1748 901 1806; x_wconf 88' lang='lat' dir='ltr'><strong>superet,</strong></span> <span class='ocrx_word' id='word_1_113' title='bbox 936 1740 1052 1795; x_wconf 78' lang='lat' dir='ltr'><strong>lia:c</strong></span> <span class='ocrx_word' id='word_1_114' title='bbox 1075 1738 1187 1809; x_wconf 92' lang='lat' dir='ltr'><strong>ipsa</strong></span> <span class='ocrx_word' id='word_1_115' title='bbox 1208 1740 1520 1795; x_wconf 91' lang='lat' dir='ltr'><strong>testimonio</strong></span> <span class='ocrx_word' id='word_1_116' title='bbox 1551 1749 1703 1804; x_wconf 91' lang='lat' dir='ltr'><strong>sunt,</strong></span> <span class='ocrx_word' id='word_1_117' title='bbox 1728 1741 2086 1810; x_wconf 87' lang='lat' dir='ltr'><strong>illum,quem</strong></span> 
     </span>
    </p>
   </div>
   <div class='ocr_carea' id='block_1_20' title="bbox 515 1824 2090 1900">
    <p class='ocr_par' dir='ltr' id='par_1_20' title="bbox 515 1824 2090 1900">
     <span class='ocr_line' id='line_1_20' title="bbox 515 1824 2090 1900; baseline 0.005 -25"><span class='ocrx_word' id='word_1_118' title='bbox 515 1824 873 1889; x_wconf 68' lang='lat' dir='ltr'><strong>pra‘dicamus</strong></span> <span class='ocrx_word' id='word_1_119' title='bbox 909 1824 1076 1881; x_wconf 87' lang='lat' dir='ltr'><strong>Deum</strong></span> <span class='ocrx_word' id='word_1_120' title='bbox 1119 1827 1284 1883; x_wconf 90' lang='lat' dir='ltr'><strong>etiam</strong></span> <span class='ocrx_word' id='word_1_121' title='bbox 1312 1843 1453 1883; x_wconf 86' lang='lat' dir='ltr'><strong>esse.</strong></span> <span class='ocrx_word' id='word_1_122' title='bbox 1502 1828 1760 1884; x_wconf 80' lang='lat' dir='ltr'><strong>Homines</strong></span> <span class='ocrx_word' id='word_1_123' title='bbox 1816 1828 1963 1883; x_wconf 89' lang='lat' dir='ltr'><strong>enim</strong></span> <span class='ocrx_word' id='word_1_124' title='bbox 1996 1844 2090 1900; x_wconf 82' lang='lat' dir='ltr'><strong>ge-</strong></span> 
     </span>
    </p>
   </div>
   <div class='ocr_carea' id='block_1_21' title="bbox 516 1919 2089 1991">
    <p class='ocr_par' dir='ltr' id='par_1_21' title="bbox 516 1919 2089 1991">
     <span class='ocr_line' id='line_1_21' title="bbox 516 1919 2089 1991; baseline 0.007 -26"><span class='ocrx_word' id='word_1_125' title='bbox 516 1923 782 1968; x_wconf 85' lang='lat' dir='ltr'><strong>neranlur</strong></span> <span class='ocrx_word' id='word_1_126' title='bbox 810 1932 874 1969; x_wconf 84' lang='lat' dir='ltr'><strong>cx</strong></span> <span class='ocrx_word' id='word_1_127' title='bbox 903 1927 1192 1986; x_wconf 90' lang='lat' dir='ltr'><strong>parentum</strong></span> <span class='ocrx_word' id='word_1_128' title='bbox 1227 1919 1644 1988; x_wconf 85' lang='lat' dir='ltr'><strong>conjunctione,</strong></span> <span class='ocrx_word' id='word_1_129' title='bbox 1677 1930 1733 1977; x_wconf 89' lang='lat' dir='ltr'><strong>et</strong></span> <span class='ocrx_word' id='word_1_130' title='bbox 1771 1929 1893 1991; x_wconf 88' lang='lat' dir='ltr'><strong>post</strong></span> <span class='ocrx_word' id='word_1_131' title='bbox 1939 1936 2089 1976; x_wconf 88' lang='lat' dir='ltr'><strong>mor-</strong></span> 
     </span>
    </p>
   </div>
   <div class='ocr_carea' id='block_1_22' title="bbox 518 2006 2094 2081">
    <p class='ocr_par' dir='ltr' id='par_1_22' title="bbox 518 2006 2094 2081">
     <span class='ocr_line' id='line_1_22' title="bbox 518 2006 2094 2081; baseline 0.005 -23"><span class='ocrx_word' id='word_1_132' title='bbox 518 2015 625 2059; x_wconf 67' lang='lat' dir='ltr'><strong>tum</strong></span> <span class='ocrx_word' id='word_1_133' title='bbox 667 2006 838 2076; x_wconf 87' lang='lat' dir='ltr'><strong>ipsam</strong></span> <span class='ocrx_word' id='word_1_134' title='bbox 871 2019 1315 2078; x_wconf 89' lang='lat' dir='ltr'><strong>corrumpuntur.</strong></span> <span class='ocrx_word' id='word_1_135' title='bbox 1336 2010 1467 2076; x_wconf 67' lang='lat' dir='ltr'><strong>Quae</strong></span> <span class='ocrx_word' id='word_1_136' title='bbox 1495 2011 1541 2065; x_wconf 88' lang='lat' dir='ltr'><strong>si</strong></span> <span class='ocrx_word' id='word_1_137' title='bbox 1569 2011 1636 2066; x_wconf 91' lang='lat' dir='ltr'><strong>de</strong></span> <span class='ocrx_word' id='word_1_138' title='bbox 1684 2011 1803 2081; x_wconf 91' lang='lat' dir='ltr'><strong>ipso</strong></span> <span class='ocrx_word' id='word_1_139' title='bbox 1840 2012 2094 2067; x_wconf 56' lang='lat' dir='ltr'><strong>dicerend</strong></span> 
     </span>
    </p>
   </div>
   <div class='ocr_carea' id='block_1_23' title="bbox 517 2097 2093 2169">
    <p class='ocr_par' dir='ltr' id='par_1_23' title="bbox 517 2097 2093 2169">
     <span class='ocr_line' id='line_1_23' title="bbox 517 2097 2093 2169; baseline 0.005 -22"><span class='ocrx_word' id='word_1_140' title='bbox 517 2105 625 2161; x_wconf 88' lang='lat' dir='ltr'><strong>tur,</strong></span> <span class='ocrx_word' id='word_1_141' title='bbox 660 2097 827 2150; x_wconf 88' lang='lat' dir='ltr'><strong>Deum</strong></span> <span class='ocrx_word' id='word_1_142' title='bbox 865 2112 986 2152; x_wconf 91' lang='lat' dir='ltr'><strong>csse</strong></span> <span class='ocrx_word' id='word_1_143' title='bbox 1018 2113 1124 2152; x_wconf 91' lang='lat' dir='ltr'><strong>non</strong></span> <span class='ocrx_word' id='word_1_144' title='bbox 1153 2114 1343 2167; x_wconf 88' lang='lat' dir='ltr'><strong>posses</strong></span> <span class='ocrx_word' id='word_1_145' title='bbox 1366 2100 1699 2165; x_wconf 83' lang='lat' dir='ltr'><strong>existimare,</strong></span> <span class='ocrx_word' id='word_1_146' title='bbox 1743 2115 1904 2169; x_wconf 88' lang='lat' dir='ltr'><strong>quem</strong></span> <span class='ocrx_word' id='word_1_147' title='bbox 1941 2115 2093 2156; x_wconf 86' lang='lat' dir='ltr'><strong>eam-</strong></span> 
     </span>
    </p>
   </div>
   <div class='ocr_carea' id='block_1_24' title="bbox 514 2188 2092 2256">
    <p class='ocr_par' dir='ltr' id='par_1_24' title="bbox 514 2188 2092 2256">
     <span class='ocr_line' id='line_1_24' title="bbox 514 2188 2092 2256; baseline 0.003 -15"><span class='ocrx_word' id='word_1_148' title='bbox 514 2188 660 2251; x_wconf 89' lang='lat' dir='ltr'><strong>dem,</strong></span> <span class='ocrx_word' id='word_1_149' title='bbox 693 2204 853 2256; x_wconf 89' lang='lat' dir='ltr'><strong>quam</strong></span> <span class='ocrx_word' id='word_1_150' title='bbox 887 2204 1013 2252; x_wconf 91' lang='lat' dir='ltr'><strong>nos,</strong></span> <span class='ocrx_word' id='word_1_151' title='bbox 1071 2189 1274 2246; x_wconf 80' lang='lat' dir='ltr'><strong>habere</strong></span> <span class='ocrx_word' id='word_1_152' title='bbox 1320 2199 1528 2246; x_wconf 81' lang='lat' dir='ltr'><strong>naturae</strong></span> <span class='ocrx_word' id='word_1_153' title='bbox 1581 2192 1949 2248; x_wconf 88' lang='lat' dir='ltr'><strong>conditionem</strong></span> <span class='ocrx_word' id='word_1_154' title='bbox 2009 2194 2092 2246; x_wconf 92' lang='lat' dir='ltr'><strong>in-</strong></span> 
     </span>
    </p>
   </div>
   <div class='ocr_carea' id='block_1_25' title="bbox 515 2280 2091 2353">
    <p class='ocr_par' dir='ltr' id='par_1_25' title="bbox 515 2280 2091 2353">
     <span class='ocr_line' id='line_1_25' title="bbox 515 2280 2091 2353; baseline 0.004 -19"><span class='ocrx_word' id='word_1_155' title='bbox 515 2280 802 2349; x_wconf 77' lang='lat' dir='ltr'><strong>telligeres.</strong></span> <span class='ocrx_word' id='word_1_156' title='bbox 836 2281 901 2334; x_wconf 81' lang='lat' dir='ltr'><strong>At</strong></span> <span class='ocrx_word' id='word_1_157' title='bbox 929 2297 1053 2335; x_wconf 83' lang='lat' dir='ltr'><strong>cum</strong></span> <span class='ocrx_word' id='word_1_158' title='bbox 1092 2281 1241 2335; x_wconf 91' lang='lat' dir='ltr'><strong>illum</strong></span> <span class='ocrx_word' id='word_1_159' title='bbox 1273 2292 1461 2337; x_wconf 85' lang='lat' dir='ltr'><strong>natum</strong></span> <span class='ocrx_word' id='word_1_160' title='bbox 1494 2283 1714 2353; x_wconf 86' lang='lat' dir='ltr'><strong>quidem</strong></span> <span class='ocrx_word' id='word_1_161' title='bbox 1742 2297 1862 2340; x_wconf 85' lang='lat' dir='ltr'><strong>esse</strong></span> <span class='ocrx_word' id='word_1_162' title='bbox 1907 2285 2091 2353; x_wconf 90' lang='lat' dir='ltr'><strong>audis,</strong></span> 
     </span>
    </p>
   </div>
   <div class='ocr_carea' id='block_1_26' title="bbox 517 2370 2097 2431">
    <p class='ocr_par' dir='ltr' id='par_1_26' title="bbox 517 2370 2097 2431">
     <span class='ocr_line' id='line_1_26' title="bbox 517 2370 2097 2431; baseline 0.004 -7"><span class='ocrx_word' id='word_1_163' title='bbox 517 2370 612 2424; x_wconf 90' lang='lat' dir='ltr'><strong>sed</strong></span> <span class='ocrx_word' id='word_1_164' title='bbox 661 2370 924 2424; x_wconf 88' lang='lat' dir='ltr'><strong>nascendi</strong></span> <span class='ocrx_word' id='word_1_165' title='bbox 963 2370 1174 2423; x_wconf 87' lang='lat' dir='ltr'><strong>ratione</strong></span> <span class='ocrx_word' id='word_1_166' title='bbox 1226 2385 1575 2427; x_wconf 89' lang='lat' dir='ltr'><strong>communem</strong></span> <span class='ocrx_word' id='word_1_167' title='bbox 1631 2385 1841 2429; x_wconf 69' lang='lat' dir='ltr'><strong>natura:</strong></span> <span class='ocrx_word' id='word_1_168' title='bbox 1891 2384 2097 2431; x_wconf 67' lang='lat' dir='ltr'><strong>nostra:</strong></span> 
     </span>
    </p>
   </div>
   <div class='ocr_carea' id='block_1_27' title="bbox 513 2460 2099 2537">
    <p class='ocr_par' dir='ltr' id='par_1_27' title="bbox 513 2460 2099 2537">
     <span class='ocr_line' id='line_1_27' title="bbox 513 2460 2099 2537; baseline 0.006 -23"><span class='ocrx_word' id='word_1_169' title='bbox 513 2460 759 2515; x_wconf 87' lang='lat' dir='ltr'><strong>ordinem</strong></span> <span class='ocrx_word' id='word_1_170' title='bbox 794 2476 1104 2531; x_wconf 84' lang='lat' dir='ltr'><strong>superasse,</strong></span> <span class='ocrx_word' id='word_1_171' title='bbox 1139 2464 1501 2535; x_wconf 85' lang='lat' dir='ltr'><strong>eumdemque</strong></span> <span class='ocrx_word' id='word_1_172' title='bbox 1546 2476 1820 2522; x_wconf 85' lang='lat' dir='ltr'><strong>mortuum</strong></span> <span class='ocrx_word' id='word_1_173' title='bbox 1849 2468 2099 2537; x_wconf 86' lang='lat' dir='ltr'><strong>quidem,</strong></span> 
     </span>
    </p>
   </div>
   <div class='ocr_carea' id='block_1_28' title="bbox 514 2553 2095 2629">
    <p class='ocr_par' dir='ltr' id='par_1_28' title="bbox 514 2553 2095 2629">
     <span class='ocr_line' id='line_1_28' title="bbox 514 2553 2095 2629; baseline 0.005 -22"><span class='ocrx_word' id='word_1_174' title='bbox 514 2553 610 2607; x_wconf 89' lang='lat' dir='ltr'><strong>sed</strong></span> <span class='ocrx_word' id='word_1_175' title='bbox 644 2554 1049 2622; x_wconf 86' lang='lat' dir='ltr'><strong>corruptionem</strong></span> <span class='ocrx_word' id='word_1_176' title='bbox 1077 2571 1187 2610; x_wconf 89' lang='lat' dir='ltr'><strong>non</strong></span> <span class='ocrx_word' id='word_1_177' title='bbox 1220 2556 1484 2627; x_wconf 80' lang='lat' dir='ltr'><strong>attigisse,</strong></span> <span class='ocrx_word' id='word_1_178' title='bbox 1533 2573 1877 2629; x_wconf 87' lang='lat' dir='ltr'><strong>consequens</strong></span> <span class='ocrx_word' id='word_1_179' title='bbox 1929 2559 2095 2626; x_wconf 81' lang='lat' dir='ltr'><strong>foret,</strong></span> 
     </span>
    </p>
   </div>
   <div class='ocr_carea' id='block_1_29' title="bbox 520 2645 2099 2715">
    <p class='ocr_par' dir='ltr' id='par_1_29' title="bbox 520 2645 2099 2715">
     <span class='ocr_line' id='line_1_29' title="bbox 520 2645 2099 2715; baseline 0.005 -18"><span class='ocrx_word' id='word_1_180' title='bbox 520 2656 577 2697; x_wconf 90' lang='lat' dir='ltr'><strong>ut</strong></span> <span class='ocrx_word' id='word_1_181' title='bbox 606 2645 650 2698; x_wconf 91' lang='lat' dir='ltr'><strong>si</strong></span> <span class='ocrx_word' id='word_1_182' title='bbox 681 2645 1003 2700; x_wconf 87' lang='lat' dir='ltr'><strong>alterutrum</strong></span> <span class='ocrx_word' id='word_1_183' title='bbox 1030 2646 1129 2702; x_wconf 84' lang='lat' dir='ltr'><strong>tibi</strong></span> <span class='ocrx_word' id='word_1_184' title='bbox 1166 2647 1497 2701; x_wconf 87' lang='lat' dir='ltr'><strong>credendum</strong></span> <span class='ocrx_word' id='word_1_185' title='bbox 1526 2663 1635 2703; x_wconf 90' lang='lat' dir='ltr'><strong>non</strong></span> <span class='ocrx_word' id='word_1_186' title='bbox 1688 2660 1853 2715; x_wconf 88' lang='lat' dir='ltr'><strong>esset,</strong></span> <span class='ocrx_word' id='word_1_187' title='bbox 1916 2651 2099 2705; x_wconf 58' lang='lat' dir='ltr'><strong>homia</strong></span> 
     </span>
    </p>
   </div>
   <div class='ocr_carea' id='block_1_30' title="bbox 516 2736 2091 2809">
    <p class='ocr_par' dir='ltr' id='par_1_30' title="bbox 516 2736 2091 2809">
     <span class='ocr_line' id='line_1_30' title="bbox 516 2736 2091 2809; baseline 0.004 -21"><span class='ocrx_word' id='word_1_188' title='bbox 516 2750 643 2788; x_wconf 89' lang='lat' dir='ltr'><strong>nem</strong></span> <span class='ocrx_word' id='word_1_189' title='bbox 690 2736 873 2805; x_wconf 88' lang='lat' dir='ltr'><strong>potius</strong></span> <span class='ocrx_word' id='word_1_190' title='bbox 917 2752 1044 2791; x_wconf 83' lang='lat' dir='ltr'><strong>eum</strong></span> <span class='ocrx_word' id='word_1_191' title='bbox 1077 2752 1198 2792; x_wconf 90' lang='lat' dir='ltr'><strong>esse</strong></span> <span class='ocrx_word' id='word_1_192' title='bbox 1225 2752 1334 2791; x_wconf 88' lang='lat' dir='ltr'><strong>non</strong></span> <span class='ocrx_word' id='word_1_193' title='bbox 1373 2738 1648 2807; x_wconf 89' lang='lat' dir='ltr'><strong>crederes,</strong></span> <span class='ocrx_word' id='word_1_194' title='bbox 1698 2755 1866 2795; x_wconf 89' lang='lat' dir='ltr'><strong>unum</strong></span> <span class='ocrx_word' id='word_1_195' title='bbox 1905 2756 1973 2795; x_wconf 79' lang='lat' dir='ltr'><strong>ex</strong></span> <span class='ocrx_word' id='word_1_196' title='bbox 2007 2741 2091 2809; x_wconf 88' lang='lat' dir='ltr'><strong>iis,</strong></span> 
     </span>
    </p>
   </div>
   <div class='ocr_carea' id='block_1_31' title="bbox 514 2827 2087 2898">
    <p class='ocr_par' dir='ltr' id='par_1_31' title="bbox 514 2827 2087 2898">
     <span class='ocr_line' id='line_1_31' title="bbox 514 2827 2087 2898; baseline 0.005 -19"><span class='ocrx_word' id='word_1_197' title='bbox 514 2828 610 2896; x_wconf 85' lang='lat' dir='ltr'><strong>qui</strong></span> <span class='ocrx_word' id='word_1_198' title='bbox 646 2827 699 2881; x_wconf 93' lang='lat' dir='ltr'><strong>in</strong></span> <span class='ocrx_word' id='word_1_199' title='bbox 730 2837 926 2882; x_wconf 86' lang='lat' dir='ltr'><strong>natura</strong></span> <span class='ocrx_word' id='word_1_200' title='bbox 955 2829 1390 2898; x_wconf 88' lang='lat' dir='ltr'><strong>conspiciuntur,</strong></span> <span class='ocrx_word' id='word_1_201' title='bbox 1411 2838 1466 2882; x_wconf 85' lang='lat' dir='ltr'><strong>et</strong></span> <span class='ocrx_word' id='word_1_202' title='bbox 1485 2845 1647 2898; x_wconf 88' lang='lat' dir='ltr'><strong>quem</strong></span> <span class='ocrx_word' id='word_1_203' title='bbox 1671 2846 1781 2885; x_wconf 90' lang='lat' dir='ltr'><strong>non</strong></span> <span class='ocrx_word' id='word_1_204' title='bbox 1810 2845 1932 2886; x_wconf 90' lang='lat' dir='ltr'><strong>esse</strong></span> <span class='ocrx_word' id='word_1_205' title='bbox 1982 2833 2087 2887; x_wconf 82' lang='lat' dir='ltr'><strong>ho-</strong></span> 
     </span>
    </p>
   </div>
   <div class='ocr_carea' id='block_1_32' title="bbox 519 2918 2093 2985">
    <p class='ocr_par' dir='ltr' id='par_1_32' title="bbox 519 2918 2093 2985">
     <span class='ocr_line' id='line_1_32' title="bbox 519 2918 2093 2985; baseline 0.006 -16"><span class='ocrx_word' id='word_1_206' title='bbox 519 2918 721 2971; x_wconf 87' lang='lat' dir='ltr'><strong>minem</strong></span> <span class='ocrx_word' id='word_1_207' title='bbox 762 2919 1037 2985; x_wconf 87' lang='lat' dir='ltr'><strong>crederes,</strong></span> <span class='ocrx_word' id='word_1_208' title='bbox 1064 2935 1188 2974; x_wconf 90' lang='lat' dir='ltr'><strong>eum</strong></span> <span class='ocrx_word' id='word_1_209' title='bbox 1215 2921 1529 2976; x_wconf 87' lang='lat' dir='ltr'><strong>necessario</strong></span> <span class='ocrx_word' id='word_1_210' title='bbox 1558 2921 1728 2976; x_wconf 90' lang='lat' dir='ltr'><strong>Deum</strong></span> <span class='ocrx_word' id='word_1_211' title='bbox 1791 2923 2093 2979; x_wconf 83' lang='lat' dir='ltr'><strong>arbitrare-</strong></span> 
     </span>
    </p>
   </div>
   <div class='ocr_carea' id='block_1_33' title="bbox 514 3007 2095 3078">
    <p class='ocr_par' dir='ltr' id='par_1_33' title="bbox 514 3007 2095 3078">
     <span class='ocr_line' id='line_1_33' title="bbox 514 3007 2095 3078; baseline 0.006 -18"><span class='ocrx_word' id='word_1_212' title='bbox 514 3007 612 3060; x_wconf 88' lang='lat' dir='ltr'><strong>ris.</strong></span> <span class='ocrx_word' id='word_1_213' title='bbox 646 3007 746 3073; x_wconf 87' lang='lat' dir='ltr'><strong>Qui</strong></span> <span class='ocrx_word' id='word_1_214' title='bbox 782 3008 925 3063; x_wconf 90' lang='lat' dir='ltr'><strong>enim</strong></span> <span class='ocrx_word' id='word_1_215' title='bbox 957 3024 1082 3063; x_wconf 89' lang='lat' dir='ltr'><strong>eum</strong></span> <span class='ocrx_word' id='word_1_216' title='bbox 1134 3022 1315 3065; x_wconf 90' lang='lat' dir='ltr'><strong>ortum</strong></span> <span class='ocrx_word' id='word_1_217' title='bbox 1363 3027 1484 3067; x_wconf 88' lang='lat' dir='ltr'><strong>esse</strong></span> <span class='ocrx_word' id='word_1_218' title='bbox 1530 3014 1805 3068; x_wconf 78' lang='lat' dir='ltr'><strong>memoria:</strong></span> <span class='ocrx_word' id='word_1_219' title='bbox 1850 3014 2095 3078; x_wconf 87' lang='lat' dir='ltr'><strong>tradidit,</strong></span> 
     </span>
    </p>
   </div>
   <div class='ocr_carea' id='block_1_34' title="bbox 2197 558 3761 636">
    <p class='ocr_par' dir='ltr' id='par_1_34' title="bbox 2197 558 3761 636">
     <span class='ocr_line' id='line_1_34' title="bbox 2197 558 3761 636; baseline 0.002 -22"><span class='ocrx_word' id='word_1_220' title='bbox 2197 560 2290 614; x_wconf 83' lang='grc' dir='ltr'><strong>Ἐκ</strong></span> <span class='ocrx_word' id='word_1_221' title='bbox 2337 562 2544 625; x_wconf 80' lang='grc' dir='ltr'><strong>πάθους</strong></span> <span class='ocrx_word' id='word_1_222' title='bbox 2581 564 2693 634; x_wconf 86' lang='grc' dir='ltr'><strong>γάρ</strong></span> <span class='ocrx_word' id='word_1_223' title='bbox 2731 564 2827 617; x_wconf 82' lang='grc' dir='ltr'><strong>τοῦ</strong></span> <span class='ocrx_word' id='word_1_224' title='bbox 2871 558 3014 620; x_wconf 81' lang='grc' dir='ltr'><strong>εἷναι</strong></span> <span class='ocrx_word' id='word_1_225' title='bbox 3045 565 3353 636; x_wconf 79' lang='grc' dir='ltr'><strong>ἀρξάμενος</strong></span> <span class='ocrx_word' id='word_1_226' title='bbox 3390 564 3419 616; x_wconf 85' lang='grc' dir='ltr'><strong>ὁ</strong></span> <span class='ocrx_word' id='word_1_227' title='bbox 3454 560 3761 631; x_wconf 74' lang='grc' dir='ltr'><strong>ἄνθρωπος.</strong></span> 
     </span>
    </p>
   </div>
   <div class='ocr_carea' id='block_1_35' title="bbox 2186 652 3765 725">
    <p class='ocr_par' dir='ltr' id='par_1_35' title="bbox 2186 652 3765 725">
     <span class='ocr_line' id='line_1_35' title="bbox 2186 652 3765 725; baseline 0.001 -20"><span class='ocrx_word' id='word_1_228' title='bbox 2186 652 2354 708; x_wconf 81' lang='grc' dir='ltr'><strong>πάθει</strong></span> <span class='ocrx_word' id='word_1_229' title='bbox 2400 656 2881 725; x_wconf 79' lang='grc' dir='ltr'><strong>συναπαρτίζεται.</strong></span> <span class='ocrx_word' id='word_1_230' title='bbox 2942 658 3088 711; x_wconf 82' lang='grc' dir='ltr'><strong>Ἐκεῖ</strong></span> <span class='ocrx_word' id='word_1_231' title='bbox 3138 656 3197 709; x_wconf 69' lang='grc' dir='ltr'><strong>δὲ</strong></span> <span class='ocrx_word' id='word_1_232' title='bbox 3244 654 3371 708; x_wconf 78' lang='grc' dir='ltr'><strong>οὔτε</strong></span> <span class='ocrx_word' id='word_1_233' title='bbox 3420 656 3455 725; x_wconf 83' lang='grc' dir='ltr'><strong>ἡ</strong></span> <span class='ocrx_word' id='word_1_234' title='bbox 3508 655 3765 723; x_wconf 79' lang='grc' dir='ltr'><strong>γέννησις</strong></span> 
     </span>
    </p>
   </div>
   <div class='ocr_carea' id='block_1_36' title="bbox 2182 744 3763 817">
    <p class='ocr_par' dir='ltr' id='par_1_36' title="bbox 2182 744 3763 817">
     <span class='ocr_line' id='line_1_36' title="bbox 2182 744 3763 817; baseline -0.001 -20"><span class='ocrx_word' id='word_1_235' title='bbox 2182 744 2291 798; x_wconf 83' lang='grc' dir='ltr'><strong>ἀπὸ</strong></span> <span class='ocrx_word' id='word_1_236' title='bbox 2329 745 2533 808; x_wconf 82' lang='grc' dir='ltr'><strong>πάθους</strong></span> <span class='ocrx_word' id='word_1_237' title='bbox 2568 746 2790 817; x_wconf 69' lang='grc' dir='ltr'><strong>ἤρξατο,</strong></span> <span class='ocrx_word' id='word_1_238' title='bbox 2829 747 2952 801; x_wconf 73' lang='grc' dir='ltr'><strong>οὔτε</strong></span> <span class='ocrx_word' id='word_1_239' title='bbox 2989 750 3080 802; x_wconf 87' lang='grc' dir='ltr'><strong>τὸν</strong></span> <span class='ocrx_word' id='word_1_240' title='bbox 3116 747 3348 801; x_wconf 79' lang='grc' dir='ltr'><strong>θάνατον</strong></span> <span class='ocrx_word' id='word_1_241' title='bbox 3388 745 3567 815; x_wconf 84' lang='grc' dir='ltr'><strong>φθορά</strong></span> <span class='ocrx_word' id='word_1_242' title='bbox 3600 744 3763 797; x_wconf 73' lang='grc' dir='ltr'><strong>διεδί-</strong></span> 
     </span>
    </p>
   </div>
   <div class='ocr_carea' id='block_1_37' title="bbox 2183 835 3761 909">
    <p class='ocr_par' dir='ltr' id='par_1_37' title="bbox 2183 835 3761 909">
     <span class='ocr_line' id='line_1_37' title="bbox 2183 835 3761 909; baseline 0 -21"><span class='ocrx_word' id='word_1_243' title='bbox 2183 835 2328 903; x_wconf 82' lang='grc' dir='ltr'><strong>ξατο.</strong></span> <span class='ocrx_word' id='word_1_244' title='bbox 2358 837 2632 901; x_wconf 79' lang='grc' dir='ltr'><strong>Ἀπιστεϊς</strong></span> <span class='ocrx_word' id='word_1_245' title='bbox 2657 838 2734 908; x_wconf 86' lang='grc' dir='ltr'><strong>τῷ</strong></span> <span class='ocrx_word' id='word_1_246' title='bbox 2766 838 3038 909; x_wconf 87' lang='grc' dir='ltr'><strong>θαύματι;</strong></span> <span class='ocrx_word' id='word_1_247' title='bbox 3065 839 3255 908; x_wconf 85' lang='grc' dir='ltr'><strong>Χαίρω</strong></span> <span class='ocrx_word' id='word_1_248' title='bbox 3286 854 3380 890; x_wconf 92' lang='grc' dir='ltr'><strong>σου</strong></span> <span class='ocrx_word' id='word_1_249' title='bbox 3408 838 3474 906; x_wconf 81' lang='grc' dir='ltr'><strong>τῇ</strong></span> <span class='ocrx_word' id='word_1_250' title='bbox 3507 835 3761 905; x_wconf 77' lang='grc' dir='ltr'><strong>ἀπιστίᾳ.</strong></span> 
     </span>
    </p>
   </div>
   <div class='ocr_carea' id='block_1_38' title="bbox 2195 924 3768 998">
    <p class='ocr_par' dir='ltr' id='par_1_38' title="bbox 2195 924 3768 998">
     <span class='ocr_line' id='line_1_38' title="bbox 2195 924 3768 998; baseline -0.002 -18"><span class='ocrx_word' id='word_1_251' title='bbox 2195 926 2508 996; x_wconf 79' lang='grc' dir='ltr'><strong>ὀμολογεῐς</strong></span> <span class='ocrx_word' id='word_1_252' title='bbox 2544 930 2654 997; x_wconf 83' lang='grc' dir='ltr'><strong>γὰρ</strong></span> <span class='ocrx_word' id='word_1_253' title='bbox 2689 929 2930 993; x_wconf 81' lang='grc' dir='ltr'><strong>πάντως,</strong></span> <span class='ocrx_word' id='word_1_254' title='bbox 2959 930 3029 982; x_wconf 75' lang='grc' dir='ltr'><strong>δι’</strong></span> <span class='ocrx_word' id='word_1_255' title='bbox 3055 924 3130 985; x_wconf 80' lang='grc' dir='ltr'><strong>ὧν</strong></span> <span class='ocrx_word' id='word_1_256' title='bbox 3160 928 3302 998; x_wconf 79' lang='grc' dir='ltr'><strong>ὑπὲρ</strong></span> <span class='ocrx_word' id='word_1_257' title='bbox 3334 927 3513 980; x_wconf 85' lang='grc' dir='ltr'><strong>πίστιν</strong></span> <span class='ocrx_word' id='word_1_258' title='bbox 3558 927 3664 995; x_wconf 80' lang='grc' dir='ltr'><strong>ἡγῇ</strong></span> <span class='ocrx_word' id='word_1_259' title='bbox 3705 925 3768 977; x_wconf 89' lang='grc' dir='ltr'><strong>τὸ</strong></span> 
     </span>
    </p>
   </div>
   <div class='ocr_carea' id='block_1_39' title="bbox 2183 1016 3768 1091">
    <p class='ocr_par' dir='ltr' id='par_1_39' title="bbox 2183 1016 3768 1091">
     <span class='ocr_line' id='line_1_39' title="bbox 2183 1016 3768 1091; baseline 0.001 -22"><span class='ocrx_word' id='word_1_260' title='bbox 2183 1017 2475 1089; x_wconf 85' lang='grc' dir='ltr'><strong>λεγόμενον</strong></span> <span class='ocrx_word' id='word_1_261' title='bbox 2495 1060 2510 1086; x_wconf 90' lang='grc'><strong>,</strong></span> <span class='ocrx_word' id='word_1_262' title='bbox 2546 1021 2687 1089; x_wconf 84' lang='grc' dir='ltr'><strong>ὑπὲρ</strong></span> <span class='ocrx_word' id='word_1_263' title='bbox 2722 1020 2820 1091; x_wconf 77' lang='grc' dir='ltr'><strong>τὴν</strong></span> <span class='ocrx_word' id='word_1_264' title='bbox 2855 1020 3017 1091; x_wconf 88' lang='grc' dir='ltr'><strong>φύσιν</strong></span> <span class='ocrx_word' id='word_1_265' title='bbox 3045 1018 3184 1075; x_wconf 77' lang='grc' dir='ltr'><strong>εἶναι</strong></span> <span class='ocrx_word' id='word_1_266' title='bbox 3211 1019 3283 1073; x_wconf 78' lang='grc' dir='ltr'><strong>τὰ</strong></span> <span class='ocrx_word' id='word_1_267' title='bbox 3313 1019 3590 1086; x_wconf 89' lang='grc' dir='ltr'><strong>θαύματα.</strong></span> <span class='ocrx_word' id='word_1_268' title='bbox 3624 1016 3768 1073; x_wconf 78' lang='grc' dir='ltr'><strong>Αὐτὸ</strong></span> 
     </span>
    </p>
   </div>
   <div class='ocr_carea' id='block_1_40' title="bbox 2183 1106 3768 1184">
    <p class='ocr_par' dir='ltr' id='par_1_40' title="bbox 2183 1106 3768 1184">
     <span class='ocr_line' id='line_1_40' title="bbox 2183 1106 3768 1184; baseline -0.001 -21"><span class='ocrx_word' id='word_1_269' title='bbox 2183 1106 2279 1164; x_wconf 84' lang='grc' dir='ltr'><strong>οὖν</strong></span> <span class='ocrx_word' id='word_1_270' title='bbox 2305 1110 2460 1165; x_wconf 78' lang='grc' dir='ltr'><strong>τοῦτο</strong></span> <span class='ocrx_word' id='word_1_271' title='bbox 2485 1112 2584 1179; x_wconf 84' lang='grc' dir='ltr'><strong>τῆς</strong></span> <span class='ocrx_word' id='word_1_272' title='bbox 2606 1113 2857 1184; x_wconf 85' lang='grc' dir='ltr'><strong>θεότητος</strong></span> <span class='ocrx_word' id='word_1_273' title='bbox 2878 1112 3018 1167; x_wconf 71' lang='grc' dir='ltr'><strong>ἔστω</strong></span> <span class='ocrx_word' id='word_1_274' title='bbox 3042 1128 3123 1166; x_wconf 87' lang='grc' dir='ltr'><strong>σοι</strong></span> <span class='ocrx_word' id='word_1_275' title='bbox 3145 1112 3239 1165; x_wconf 81' lang='grc' dir='ltr'><strong>τοῦ</strong></span> <span class='ocrx_word' id='word_1_276' title='bbox 3262 1112 3521 1181; x_wconf 74' lang='grc' dir='ltr'><strong>φανέντος</strong></span> <span class='ocrx_word' id='word_1_277' title='bbox 3550 1110 3768 1164; x_wconf 84' lang='grc' dir='ltr'><strong>ἀπόδει-</strong></span> 
     </span>
    </p>
   </div>
   <div class='ocr_carea' id='block_1_41' title="bbox 2187 1202 3767 1274">
    <p class='ocr_par' dir='ltr' id='par_1_41' title="bbox 2187 1202 3767 1274">
     <span class='ocr_line' id='line_1_41' title="bbox 2187 1202 3767 1274; baseline -0.001 -18"><span class='ocrx_word' id='word_1_278' title='bbox 2187 1202 2290 1267; x_wconf 79' lang='grc' dir='ltr'><strong>ξις,</strong></span> <span class='ocrx_word' id='word_1_279' title='bbox 2333 1203 2397 1256; x_wconf 82' lang='grc' dir='ltr'><strong>τὸ</strong></span> <span class='ocrx_word' id='word_1_280' title='bbox 2442 1203 2518 1274; x_wconf 78' lang='grc' dir='ltr'><strong>μὴ</strong></span> <span class='ocrx_word' id='word_1_281' title='bbox 2542 1204 2609 1258; x_wconf 82' lang='grc' dir='ltr'><strong>δι’</strong></span> <span class='ocrx_word' id='word_1_282' title='bbox 2654 1204 2776 1258; x_wconf 82' lang='grc' dir='ltr'><strong>ὅλου</strong></span> <span class='ocrx_word' id='word_1_283' title='bbox 2825 1205 2913 1258; x_wconf 84' lang='grc' dir='ltr'><strong>διὰ</strong></span> <span class='ocrx_word' id='word_1_284' title='bbox 2961 1204 3071 1258; x_wconf 86' lang='grc' dir='ltr'><strong>τῶν</strong></span> <span class='ocrx_word' id='word_1_285' title='bbox 3117 1204 3261 1258; x_wconf 81' lang='grc' dir='ltr'><strong>κατὰ</strong></span> <span class='ocrx_word' id='word_1_286' title='bbox 3308 1203 3469 1271; x_wconf 84' lang='grc' dir='ltr'><strong>φύσιν</strong></span> <span class='ocrx_word' id='word_1_287' title='bbox 3521 1202 3767 1271; x_wconf 77' lang='grc' dir='ltr'><strong>προϊέναι</strong></span> 
     </span>
    </p>
   </div>
   <div class='ocr_carea' id='block_1_42' title="bbox 2183 1293 3768 1368">
    <p class='ocr_par' dir='ltr' id='par_1_42' title="bbox 2183 1293 3768 1368">
     <span class='ocr_line' id='line_1_42' title="bbox 2183 1293 3768 1368; baseline -0.002 -21"><span class='ocrx_word' id='word_1_288' title='bbox 2183 1294 2245 1347; x_wconf 88' lang='grc' dir='ltr'><strong>τὸ</strong></span> <span class='ocrx_word' id='word_1_289' title='bbox 2278 1296 2561 1367; x_wconf 82' lang='grc' dir='ltr'><strong>κήρυγμα.</strong></span> <span class='ocrx_word' id='word_1_290' title='bbox 2595 1297 2655 1349; x_wconf 70' lang='lat' dir='ltr'><strong>Et</strong></span> <span class='ocrx_word' id='word_1_291' title='bbox 2691 1297 2798 1367; x_wconf 88' lang='grc' dir='ltr'><strong>γάρ</strong></span> <span class='ocrx_word' id='word_1_292' title='bbox 2835 1297 2981 1360; x_wconf 76' lang='grc' dir='ltr'><strong>ἐντὸς</strong></span> <span class='ocrx_word' id='word_1_293' title='bbox 3010 1293 3079 1368; x_wconf 78' lang='grc' dir='ltr'><strong>ἦν</strong></span> <span class='ocrx_word' id='word_1_294' title='bbox 3113 1295 3225 1348; x_wconf 86' lang='grc' dir='ltr'><strong>τῶν</strong></span> <span class='ocrx_word' id='word_1_295' title='bbox 3250 1295 3350 1364; x_wconf 84' lang='grc' dir='ltr'><strong>τῆς</strong></span> <span class='ocrx_word' id='word_1_296' title='bbox 3381 1293 3594 1362; x_wconf 86' lang='grc' dir='ltr'><strong>φύσεως</strong></span> <span class='ocrx_word' id='word_1_297' title='bbox 3623 1294 3768 1362; x_wconf 82' lang='grc' dir='ltr'><strong>ὅρων</strong></span> 
     </span>
    </p>
   </div>
   <div class='ocr_carea' id='block_1_43' title="bbox 2185 1381 3770 1455">
    <p class='ocr_par' dir='ltr' id='par_1_43' title="bbox 2185 1381 3770 1455">
     <span class='ocr_line' id='line_1_43' title="bbox 2185 1381 3770 1455; baseline -0.002 -21"><span class='ocrx_word' id='word_1_298' title='bbox 2185 1384 2362 1438; x_wconf 80' lang='grc' dir='ltr'><strong>πάντα</strong></span> <span class='ocrx_word' id='word_1_299' title='bbox 2385 1385 2452 1437; x_wconf 84' lang='grc' dir='ltr'><strong>τά</strong></span> <span class='ocrx_word' id='word_1_300' title='bbox 2483 1384 2610 1455; x_wconf 79' lang='grc' dir='ltr'><strong>περὶ</strong></span> <span class='ocrx_word' id='word_1_301' title='bbox 2641 1385 2878 1455; x_wconf 82' lang='grc' dir='ltr'><strong>Χριστοῦ</strong></span> <span class='ocrx_word' id='word_1_302' title='bbox 2915 1386 3245 1454; x_wconf 82' lang='grc' dir='ltr'><strong>διηγήματα,</strong></span> <span class='ocrx_word' id='word_1_303' title='bbox 3276 1382 3379 1435; x_wconf 81' lang='grc' dir='ltr'><strong>ποῦ</strong></span> <span class='ocrx_word' id='word_1_304' title='bbox 3410 1382 3470 1434; x_wconf 85' lang='grc' dir='ltr'><strong>τὸ</strong></span> <span class='ocrx_word' id='word_1_305' title='bbox 3501 1381 3680 1446; x_wconf 85' lang='grc' dir='ltr'><strong>θεῖον;</strong></span> <span class='ocrx_word' id='word_1_306' title='bbox 3709 1381 3770 1432; x_wconf 77' lang='lat' dir='ltr'><strong>El</strong></span> 
     </span>
    </p>
   </div>
   <div class='ocr_carea' id='block_1_44' title="bbox 2185 1465 3768 1547">
    <p class='ocr_par' dir='ltr' id='par_1_44' title="bbox 2185 1465 3768 1547">
     <span class='ocr_line' id='line_1_44' title="bbox 2185 1465 3768 1547; baseline -0.002 -21"><span class='ocrx_word' id='word_1_307' title='bbox 2185 1473 2244 1527; x_wconf 79' lang='grc' dir='ltr'><strong>δὲ</strong></span> <span class='ocrx_word' id='word_1_308' title='bbox 2283 1474 2602 1545; x_wconf 74' lang='grc' dir='ltr'><strong>ὑπερϐαίνει</strong></span> <span class='ocrx_word' id='word_1_309' title='bbox 2644 1475 2743 1547; x_wconf 80' lang='grc' dir='ltr'><strong>τὴν</strong></span> <span class='ocrx_word' id='word_1_310' title='bbox 2774 1475 2935 1546; x_wconf 83' lang='grc' dir='ltr'><strong>φύσιν</strong></span> <span class='ocrx_word' id='word_1_311' title='bbox 2969 1477 3027 1529; x_wconf 77' lang='grc' dir='ltr'><strong>ὲν</strong></span> <span class='ocrx_word' id='word_1_312' title='bbox 3068 1474 3281 1537; x_wconf 83' lang='grc' dir='ltr'><strong>πολλοῖς</strong></span> <span class='ocrx_word' id='word_1_313' title='bbox 3312 1474 3340 1525; x_wconf 87' lang='grc' dir='ltr'>ὁ</span> <span class='ocrx_word' id='word_1_314' title='bbox 3371 1472 3563 1540; x_wconf 85' lang='grc' dir='ltr'><strong>λόγος’,</strong></span> <span class='ocrx_word' id='word_1_315' title='bbox 3595 1473 3653 1525; x_wconf 77' lang='grc' dir='ltr'><strong>ἐν</strong></span> <span class='ocrx_word' id='word_1_316' title='bbox 3685 1465 3768 1533; x_wconf 74' lang='grc' dir='ltr'><strong>οἷς</strong></span> 
     </span>
    </p>
   </div>
   <div class='ocr_carea' id='block_1_45' title="bbox 2188 1563 3764 1639">
    <p class='ocr_par' dir='ltr' id='par_1_45' title="bbox 2188 1563 3764 1639">
     <span class='ocr_line' id='line_1_45' title="bbox 2188 1563 3764 1639; baseline -0.007 -16"><span class='ocrx_word' id='word_1_317' title='bbox 2188 1567 2457 1633; x_wconf 75' lang='grc' dir='ltr'><strong>ἀπιστεῖς,</strong></span> <span class='ocrx_word' id='word_1_318' title='bbox 2493 1568 2550 1621; x_wconf 83' lang='grc' dir='ltr'><strong>ὲν</strong></span> <span class='ocrx_word' id='word_1_319' title='bbox 2581 1566 2790 1631; x_wconf 80' lang='grc' dir='ltr'><strong>τούτοις</strong></span> <span class='ocrx_word' id='word_1_320' title='bbox 2825 1568 2971 1622; x_wconf 78' lang='grc' dir='ltr'><strong>ἐστὶν</strong></span> <span class='ocrx_word' id='word_1_321' title='bbox 3002 1570 3036 1639; x_wconf 78' lang='grc' dir='ltr'><strong>ἡ</strong></span> <span class='ocrx_word' id='word_1_322' title='bbox 3072 1566 3342 1630; x_wconf 84' lang='grc' dir='ltr'><strong>ἀπόδειξις</strong></span> <span class='ocrx_word' id='word_1_323' title='bbox 3371 1564 3467 1617; x_wconf 83' lang='grc' dir='ltr'><strong>τοῦ</strong></span> <span class='ocrx_word' id='word_1_324' title='bbox 3497 1565 3592 1616; x_wconf 71' lang='grc' dir='ltr'><strong>καὶ</strong></span> <span class='ocrx_word' id='word_1_325' title='bbox 3631 1563 3764 1614; x_wconf 86' lang='grc' dir='ltr'><strong>Θεὸν</strong></span> 
     </span>
    </p>
   </div>
   <div class='ocr_carea' id='block_1_46' title="bbox 2188 1655 3769 1737">
    <p class='ocr_par' dir='ltr' id='par_1_46' title="bbox 2188 1655 3769 1737">
     <span class='ocr_line' id='line_1_46' title="bbox 2188 1655 3769 1737; baseline -0.004 -26"><span class='ocrx_word' id='word_1_326' title='bbox 2188 1655 2328 1711; x_wconf 76' lang='grc' dir='ltr'><strong>εἶναι</strong></span> <span class='ocrx_word' id='word_1_327' title='bbox 2356 1658 2446 1713; x_wconf 86' lang='grc' dir='ltr'><strong>τὸν</strong></span> <span class='ocrx_word' id='word_1_328' title='bbox 2475 1660 2906 1729; x_wconf 88' lang='grc' dir='ltr'><strong>κηρυσσόμενον.</strong></span> <span class='ocrx_word' id='word_1_329' title='bbox 2935 1658 3257 1737; x_wconf 70' lang='grc' dir='ltr'><strong>’Ἄνθρωπος</strong></span> <span class='ocrx_word' id='word_1_330' title='bbox 3289 1656 3387 1724; x_wconf 83' lang='grc' dir='ltr'><strong>μὲν</strong></span> <span class='ocrx_word' id='word_1_331' title='bbox 3412 1655 3523 1726; x_wconf 75' lang='grc' dir='ltr'><strong>γὰρ</strong></span> <span class='ocrx_word' id='word_1_332' title='bbox 3552 1656 3615 1706; x_wconf 66' lang='grc' dir='ltr'><strong>ὲκ</strong></span> <span class='ocrx_word' id='word_1_333' title='bbox 3646 1670 3769 1705; x_wconf 86' lang='grc' dir='ltr'><strong>συν-</strong></span> 
     </span>
    </p>
   </div>
   <div class='ocr_carea' id='block_1_47' title="bbox 2191 1745 3769 1821">
    <p class='ocr_par' dir='ltr' id='par_1_47' title="bbox 2191 1745 3769 1821">
     <span class='ocr_line' id='line_1_47' title="bbox 2191 1745 3769 1821; baseline -0.005 -18"><span class='ocrx_word' id='word_1_334' title='bbox 2191 1749 2434 1821; x_wconf 77' lang='grc' dir='ltr'><strong>δυασμοῦ</strong></span> <span class='ocrx_word' id='word_1_335' title='bbox 2479 1750 2746 1817; x_wconf 75' lang='grc' dir='ltr'><strong>τίκτεται,</strong></span> <span class='ocrx_word' id='word_1_336' title='bbox 2794 1750 2889 1805; x_wconf 78' lang='grc' dir='ltr'><strong>καὶ</strong></span> <span class='ocrx_word' id='word_1_337' title='bbox 2934 1749 3073 1819; x_wconf 86' lang='grc' dir='ltr'><strong>μετά</strong></span> <span class='ocrx_word' id='word_1_338' title='bbox 3122 1749 3351 1803; x_wconf 83' lang='grc' dir='ltr'><strong>θάνατον</strong></span> <span class='ocrx_word' id='word_1_339' title='bbox 3399 1749 3460 1800; x_wconf 77' lang='grc' dir='ltr'><strong>ἐν</strong></span> <span class='ocrx_word' id='word_1_340' title='bbox 3503 1745 3769 1815; x_wconf 77' lang='grc' dir='ltr'><strong>διαφθορᾷ</strong></span> 
     </span>
    </p>
   </div>
   <div class='ocr_carea' id='block_1_48' title="bbox 2193 1838 3770 1912">
    <p class='ocr_par' dir='ltr' id='par_1_48' title="bbox 2193 1838 3770 1912">
     <span class='ocr_line' id='line_1_48' title="bbox 2193 1838 3770 1912; baseline -0.003 -18"><span class='ocrx_word' id='word_1_341' title='bbox 2193 1840 2419 1907; x_wconf 85' lang='grc' dir='ltr'><strong>γίνεται.</strong></span> <span class='ocrx_word' id='word_1_342' title='bbox 2449 1842 2511 1895; x_wconf 78' lang='lat' dir='ltr'><strong>Ei</strong></span> <span class='ocrx_word' id='word_1_343' title='bbox 2540 1842 2713 1897; x_wconf 80' lang='grc' dir='ltr'><strong>ταῦτα</strong></span> <span class='ocrx_word' id='word_1_344' title='bbox 2738 1844 2983 1912; x_wconf 77' lang='grc' dir='ltr'><strong>περιεῖχε</strong></span> <span class='ocrx_word' id='word_1_345' title='bbox 3016 1842 3076 1895; x_wconf 92' lang='grc' dir='ltr'><strong>τὸ</strong></span> <span class='ocrx_word' id='word_1_346' title='bbox 3098 1839 3510 1910; x_wconf 83' lang='grc' dir='ltr'><strong>κήρυγμα,ὀὺκ</strong></span> <span class='ocrx_word' id='word_1_347' title='bbox 3543 1838 3611 1891; x_wconf 82' lang='grc' dir='ltr'><strong>ἂν</strong></span> <span class='ocrx_word' id='word_1_348' title='bbox 3639 1838 3770 1890; x_wconf 83' lang='grc' dir='ltr'><strong>Θεὸν</strong></span> 
     </span>
    </p>
   </div>
   <div class='ocr_carea' id='block_1_49' title="bbox 2191 1927 3773 2004">
    <p class='ocr_par' dir='ltr' id='par_1_49' title="bbox 2191 1927 3773 2004">
     <span class='ocr_line' id='line_1_49' title="bbox 2191 1927 3773 2004; baseline -0.003 -19"><span class='ocrx_word' id='word_1_349' title='bbox 2191 1927 2329 1985; x_wconf 74' lang='grc' dir='ltr'><strong>εἶναι</strong></span> <span class='ocrx_word' id='word_1_350' title='bbox 2368 1933 2584 1997; x_wconf 82' lang='grc' dir='ltr'><strong>πάντως</strong></span> <span class='ocrx_word' id='word_1_351' title='bbox 2622 1932 2810 2004; x_wconf 80' lang='grc' dir='ltr'><strong>ᾠήθης</strong></span> <span class='ocrx_word' id='word_1_352' title='bbox 2847 1934 2940 1988; x_wconf 90' lang='grc' dir='ltr'><strong>τὸν</strong></span> <span class='ocrx_word' id='word_1_353' title='bbox 2982 1935 3041 1987; x_wconf 78' lang='grc' dir='ltr'><strong>ὲν</strong></span> <span class='ocrx_word' id='word_1_354' title='bbox 3083 1935 3192 1996; x_wconf 78' lang='grc' dir='ltr'><strong>τοῖς</strong></span> <span class='ocrx_word' id='word_1_355' title='bbox 3236 1933 3488 2001; x_wconf 81' lang='grc' dir='ltr'><strong>ἰδιώμασι</strong></span> <span class='ocrx_word' id='word_1_356' title='bbox 3530 1931 3631 1999; x_wconf 82' lang='grc' dir='ltr'><strong>τῆς</strong></span> <span class='ocrx_word' id='word_1_357' title='bbox 3672 1929 3773 1996; x_wconf 69' lang='grc' dir='ltr'><strong>φύς</strong></span> 
     </span>
    </p>
   </div>
   <div class='ocr_carea' id='block_1_50' title="bbox 2194 2021 3767 2096">
    <p class='ocr_par' dir='ltr' id='par_1_50' title="bbox 2194 2021 3767 2096">
     <span class='ocr_line' id='line_1_50' title="bbox 2194 2021 3767 2096; baseline -0.002 -19"><span class='ocrx_word' id='word_1_358' title='bbox 2194 2040 2329 2087; x_wconf 83' lang='grc' dir='ltr'><strong>σεως</strong></span> <span class='ocrx_word' id='word_1_359' title='bbox 2352 2023 2508 2094; x_wconf 85' lang='grc' dir='ltr'><strong>ἡμῶν</strong></span> <span class='ocrx_word' id='word_1_360' title='bbox 2528 2024 2990 2096; x_wconf 80' lang='grc' dir='ltr'><strong>μαρτυρούμενον.</strong></span> <span class='ocrx_word' id='word_1_361' title='bbox 3012 2023 3168 2080; x_wconf 72' lang='grc' dir='ltr'><strong>Ἐπεὶ</strong></span> <span class='ocrx_word' id='word_1_362' title='bbox 3188 2023 3244 2077; x_wconf 83' lang='grc' dir='ltr'><strong>δὲ</strong></span> <span class='ocrx_word' id='word_1_363' title='bbox 3267 2022 3375 2091; x_wconf 77' lang='grc' dir='ltr'><strong>γὰρ</strong></span> <span class='ocrx_word' id='word_1_364' title='bbox 3400 2021 3767 2090; x_wconf 77' lang='grc' dir='ltr'><strong>γεγεννῆσθαι</strong></span> 
     </span>
    </p>
   </div>
   <div class='ocr_carea' id='block_1_51' title="bbox 2198 2112 3773 2185">
    <p class='ocr_par' dir='ltr' id='par_1_51' title="bbox 2198 2112 3773 2185">
     <span class='ocr_line' id='line_1_51' title="bbox 2198 2112 3773 2185; baseline -0.004 -15"><span class='ocrx_word' id='word_1_365' title='bbox 2198 2118 2297 2185; x_wconf 81' lang='grc' dir='ltr'><strong>μὲν</strong></span> <span class='ocrx_word' id='word_1_366' title='bbox 2327 2116 2545 2181; x_wconf 83' lang='grc' dir='ltr'><strong>ἀκούεις</strong></span> <span class='ocrx_word' id='word_1_367' title='bbox 2574 2117 2757 2184; x_wconf 81' lang='grc' dir='ltr'><strong>αὐτὸν,</strong></span> <span class='ocrx_word' id='word_1_368' title='bbox 2780 2117 3141 2185; x_wconf 77' lang='grc' dir='ltr'><strong>ἐκϐεϐηκέναι</strong></span> <span class='ocrx_word' id='word_1_369' title='bbox 3162 2115 3221 2169; x_wconf 78' lang='grc' dir='ltr'><strong>δὲ</strong></span> <span class='ocrx_word' id='word_1_370' title='bbox 3245 2118 3345 2185; x_wconf 82' lang='grc' dir='ltr'><strong>τῆς</strong></span> <span class='ocrx_word' id='word_1_371' title='bbox 3366 2115 3583 2182; x_wconf 83' lang='grc' dir='ltr'><strong>φύσεως</strong></span> <span class='ocrx_word' id='word_1_372' title='bbox 3607 2112 3773 2182; x_wconf 77' lang='grc' dir='ltr'><strong>ἡμῶν</strong></span> 
     </span>
    </p>
   </div>
   <div class='ocr_carea' id='block_1_52' title="bbox 2190 2202 3773 2279">
    <p class='ocr_par' dir='ltr' id='par_1_52' title="bbox 2190 2202 3773 2279">
     <span class='ocr_line' id='line_1_52' title="bbox 2190 2202 3773 2279; baseline -0.002 -19"><span class='ocrx_word' id='word_1_373' title='bbox 2190 2207 2290 2278; x_wconf 79' lang='grc' dir='ltr'><strong>τὴν</strong></span> <span class='ocrx_word' id='word_1_374' title='bbox 2328 2207 2611 2279; x_wconf 83' lang='grc' dir='ltr'><strong>κοινότητα</strong></span> <span class='ocrx_word' id='word_1_375' title='bbox 2652 2208 2729 2278; x_wconf 84' lang='grc' dir='ltr'><strong>τῷ</strong></span> <span class='ocrx_word' id='word_1_376' title='bbox 2770 2225 2829 2261; x_wconf 83' lang='grc' dir='ltr'><strong>τε</strong></span> <span class='ocrx_word' id='word_1_377' title='bbox 2862 2208 2965 2277; x_wconf 86' lang='grc' dir='ltr'><strong>τῆς</strong></span> <span class='ocrx_word' id='word_1_378' title='bbox 3002 2211 3270 2275; x_wconf 82' lang='grc' dir='ltr'><strong>γενέσεως</strong></span> <span class='ocrx_word' id='word_1_379' title='bbox 3305 2207 3513 2276; x_wconf 83' lang='grc' dir='ltr'><strong>τρόπῳ,</strong></span> <span class='ocrx_word' id='word_1_380' title='bbox 3559 2205 3654 2258; x_wconf 72' lang='grc' dir='ltr'><strong>καὶ</strong></span> <span class='ocrx_word' id='word_1_381' title='bbox 3691 2202 3773 2275; x_wconf 80' lang='grc' dir='ltr'><strong>τῷ</strong></span> 
     </span>
    </p>
   </div>
   <div class='ocr_carea' id='block_1_53' title="bbox 2192 2297 3773 2372">
    <p class='ocr_par' dir='ltr' id='par_1_53' title="bbox 2192 2297 3773 2372">
     <span class='ocr_line' id='line_1_53' title="bbox 2192 2297 3773 2372; baseline -0.004 -16"><span class='ocrx_word' id='word_1_382' title='bbox 2192 2301 2526 2369; x_wconf 79' lang='grc' dir='ltr'><strong>ἀνεπιδέκτῳ</strong></span> <span class='ocrx_word' id='word_1_383' title='bbox 2565 2302 2663 2372; x_wconf 83' lang='grc' dir='ltr'><strong>τῆς</strong></span> <span class='ocrx_word' id='word_1_384' title='bbox 2701 2302 2781 2363; x_wconf 85' lang='grc' dir='ltr'><strong>είς</strong></span> <span class='ocrx_word' id='word_1_385' title='bbox 2819 2301 3025 2371; x_wconf 80' lang='grc' dir='ltr'><strong>φθορὰν</strong></span> <span class='ocrx_word' id='word_1_386' title='bbox 3080 2298 3440 2363; x_wconf 87' lang='grc' dir='ltr'><strong>ἀλλοιώσεως,</strong></span> <span class='ocrx_word' id='word_1_387' title='bbox 3481 2297 3663 2360; x_wconf 78' lang='grc' dir='ltr'><strong>καλῶς</strong></span> <span class='ocrx_word' id='word_1_388' title='bbox 3703 2297 3773 2350; x_wconf 75' lang='grc' dir='ltr'><strong>ἀν</strong></span> 
     </span>
    </p>
   </div>
   <div class='ocr_carea' id='block_1_54' title="bbox 2193 2387 3774 2465">
    <p class='ocr_par' dir='ltr' id='par_1_54' title="bbox 2193 2387 3774 2465">
     <span class='ocr_line' id='line_1_54' title="bbox 2193 2387 3774 2465; baseline -0.005 -18"><span class='ocrx_word' id='word_1_389' title='bbox 2193 2392 2307 2465; x_wconf 75' lang='grc' dir='ltr'><strong>ἑχοι</strong></span> <span class='ocrx_word' id='word_1_390' title='bbox 2353 2392 2498 2448; x_wconf 84' lang='grc' dir='ltr'><strong>κατὰ</strong></span> <span class='ocrx_word' id='word_1_391' title='bbox 2546 2391 2610 2447; x_wconf 87' lang='grc' dir='ltr'><strong>τὸ</strong></span> <span class='ocrx_word' id='word_1_392' title='bbox 2654 2392 2945 2446; x_wconf 86' lang='grc' dir='ltr'><strong>ἀκόλουθον</strong></span> <span class='ocrx_word' id='word_1_393' title='bbox 2987 2392 3080 2444; x_wconf 67' lang='grc' dir='ltr'><strong>ἐπὶ</strong></span> <span class='ocrx_word' id='word_1_394' title='bbox 3120 2391 3182 2444; x_wconf 88' lang='grc' dir='ltr'><strong>τὸ</strong></span> <span class='ocrx_word' id='word_1_395' title='bbox 3225 2390 3409 2460; x_wconf 78' lang='grc' dir='ltr'><strong>ἓτερον</strong></span> <span class='ocrx_word' id='word_1_396' title='bbox 3454 2392 3520 2459; x_wconf 80' lang='grc' dir='ltr'><strong>τῇ</strong></span> <span class='ocrx_word' id='word_1_397' title='bbox 3571 2387 3774 2459; x_wconf 73' lang='grc' dir='ltr'><strong>ἀτοπίᾳ</strong></span> 
     </span>
    </p>
   </div>
   <div class='ocr_carea' id='block_1_55' title="bbox 2193 2482 3771 2557">
    <p class='ocr_par' dir='ltr' id='par_1_55' title="bbox 2193 2482 3771 2557">
     <span class='ocr_line' id='line_1_55' title="bbox 2193 2482 3771 2557; baseline -0.004 -19"><span class='ocrx_word' id='word_1_398' title='bbox 2193 2484 2526 2557; x_wconf 84' lang='grc' dir='ltr'><strong>χρήσασθαι,</strong></span> <span class='ocrx_word' id='word_1_399' title='bbox 2552 2487 2634 2548; x_wconf 74' lang='grc' dir='ltr'><strong>εἰς</strong></span> <span class='ocrx_word' id='word_1_400' title='bbox 2660 2484 2721 2537; x_wconf 89' lang='grc' dir='ltr'><strong>τὸ</strong></span> <span class='ocrx_word' id='word_1_401' title='bbox 2752 2485 2827 2556; x_wconf 78' lang='grc' dir='ltr'><strong>μὴ</strong></span> <span class='ocrx_word' id='word_1_402' title='bbox 2854 2484 3139 2554; x_wconf 81' lang='grc' dir='ltr'><strong>ἄνθρωπον</strong></span> <span class='ocrx_word' id='word_1_403' title='bbox 3172 2483 3331 2535; x_wconf 86' lang='grc' dir='ltr'><strong>αὐτὸν</strong></span> <span class='ocrx_word' id='word_1_404' title='bbox 3354 2482 3451 2534; x_wconf 72' lang='grc' dir='ltr'><strong>ἕνα</strong></span> <span class='ocrx_word' id='word_1_405' title='bbox 3480 2482 3589 2534; x_wconf 81' lang='grc' dir='ltr'><strong>τῶν</strong></span> <span class='ocrx_word' id='word_1_406' title='bbox 3621 2482 3681 2533; x_wconf 67' lang='grc' dir='ltr'><strong>ιν</strong></span> <span class='ocrx_word' id='word_1_407' title='bbox 3702 2482 3771 2551; x_wconf 75' lang='grc' dir='ltr'><strong>τῇ</strong></span> 
     </span>
    </p>
   </div>
   <div class='ocr_carea' id='block_1_56' title="bbox 2195 2573 3773 2646">
    <p class='ocr_par' dir='ltr' id='par_1_56' title="bbox 2195 2573 3773 2646">
     <span class='ocr_line' id='line_1_56' title="bbox 2195 2573 3773 2646; baseline -0.003 -17"><span class='ocrx_word' id='word_1_408' title='bbox 2195 2576 2359 2645; x_wconf 86' lang='grc' dir='ltr'><strong>φύσει</strong></span> <span class='ocrx_word' id='word_1_409' title='bbox 2415 2575 2782 2646; x_wconf 78' lang='grc' dir='ltr'><strong>δεικνυμένων</strong></span> <span class='ocrx_word' id='word_1_410' title='bbox 2842 2574 3070 2630; x_wconf 78' lang='grc' dir='ltr'><strong>οἴεσθαι.</strong></span> <span class='ocrx_word' id='word_1_411' title='bbox 3147 2573 3385 2643; x_wconf 82' lang='grc' dir='ltr'><strong>’Δνάγκη</strong></span> <span class='ocrx_word' id='word_1_412' title='bbox 3449 2574 3557 2643; x_wconf 84' lang='grc' dir='ltr'><strong>γὰρ</strong></span> <span class='ocrx_word' id='word_1_413' title='bbox 3621 2573 3773 2625; x_wconf 79' lang='grc' dir='ltr'><strong>πᾶσα</strong></span> 
     </span>
    </p>
   </div>
   <div class='ocr_carea' id='block_1_57' title="bbox 2194 2659 3773 2737">
    <p class='ocr_par' dir='ltr' id='par_1_57' title="bbox 2194 2659 3773 2737">
     <span class='ocr_line' id='line_1_57' title="bbox 2194 2659 3773 2737; baseline -0.004 -16"><span class='ocrx_word' id='word_1_414' title='bbox 2194 2667 2289 2722; x_wconf 87' lang='grc' dir='ltr'><strong>τὸν</strong></span> <span class='ocrx_word' id='word_1_415' title='bbox 2322 2666 2397 2737; x_wconf 73' lang='grc' dir='ltr'><strong>μὴ</strong></span> <span class='ocrx_word' id='word_1_416' title='bbox 2433 2666 2759 2720; x_wconf 82' lang='grc' dir='ltr'><strong>πιστεύοντα</strong></span> <span class='ocrx_word' id='word_1_417' title='bbox 2790 2665 2883 2720; x_wconf 86' lang='grc' dir='ltr'><strong>τὸν</strong></span> <span class='ocrx_word' id='word_1_418' title='bbox 2905 2664 3143 2721; x_wconf 81' lang='grc' dir='ltr'><strong>τοιοῦτον</strong></span> <span class='ocrx_word' id='word_1_419' title='bbox 3176 2664 3462 2731; x_wconf 75' lang='grc' dir='ltr'><strong>ἄνθρωπον</strong></span> <span class='ocrx_word' id='word_1_420' title='bbox 3496 2659 3659 2725; x_wconf 70' lang='grc' dir='ltr'><strong>εἶναι,</strong></span> <span class='ocrx_word' id='word_1_421' title='bbox 3690 2664 3773 2724; x_wconf 79' lang='grc' dir='ltr'><strong>είς</strong></span> 
     </span>
    </p>
   </div>
   <div class='ocr_carea' id='block_1_58' title="bbox 2194 2752 3817 2837">
    <p class='ocr_par' dir='ltr' id='par_1_58' title="bbox 2194 2752 3817 2837">
     <span class='ocr_line' id='line_1_58' title="bbox 2194 2752 3817 2837; baseline -0.006 -22"><span class='ocrx_word' id='word_1_422' title='bbox 2194 2763 2293 2833; x_wconf 83' lang='grc' dir='ltr'><strong>τὴν</strong></span> <span class='ocrx_word' id='word_1_423' title='bbox 2322 2761 2450 2829; x_wconf 71' lang='grc' dir='ltr'><strong>περὶ</strong></span> <span class='ocrx_word' id='word_1_424' title='bbox 2476 2758 2569 2814; x_wconf 84' lang='grc' dir='ltr'><strong>τοῦ</strong></span> <span class='ocrx_word' id='word_1_425' title='bbox 2598 2759 2729 2813; x_wconf 89' lang='grc' dir='ltr'><strong>Θεὸν</strong></span> <span class='ocrx_word' id='word_1_426' title='bbox 2757 2758 2920 2813; x_wconf 81' lang='grc' dir='ltr'><strong>αὐτὸν</strong></span> <span class='ocrx_word' id='word_1_427' title='bbox 2957 2754 3095 2810; x_wconf 77' lang='grc' dir='ltr'><strong>εἶναι</strong></span> <span class='ocrx_word' id='word_1_428' title='bbox 3125 2756 3308 2809; x_wconf 85' lang='grc' dir='ltr'><strong>πίστιν</strong></span> <span class='ocrx_word' id='word_1_429' title='bbox 3347 2752 3662 2823; x_wconf 79' lang='grc' dir='ltr'><strong>ὲναχθῆναι.</strong></span> <span class='ocrx_word' id='word_1_430' title='bbox 3708 2752 3771 2805; x_wconf 82' lang='grc' dir='ltr'>ὀ</span> <span class='ocrx_word' id='word_1_431' title='bbox 3812 2833 3817 2837; x_wconf 18' lang='grc'>⁸</span> 
     </span>
    </p>
   </div>
   <div class='ocr_carea' id='block_1_59' title="bbox 2196 2842 3773 2925">
    <p class='ocr_par' dir='ltr' id='par_1_59' title="bbox 2196 2842 3773 2925">
     <span class='ocr_line' id='line_1_59' title="bbox 2196 2842 3773 2925; baseline -0.009 -16"><span class='ocrx_word' id='word_1_432' title='bbox 2196 2853 2306 2925; x_wconf 82' lang='grc' dir='ltr'><strong>τάρ</strong></span> <span class='ocrx_word' id='word_1_433' title='bbox 2324 2851 2686 2924; x_wconf 81' lang='grc' dir='ltr'><strong>γεγεννῆσθαι</strong></span> <span class='ocrx_word' id='word_1_434' title='bbox 2719 2850 2881 2906; x_wconf 81' lang='grc' dir='ltr'><strong>αὐτὸν</strong></span> <span class='ocrx_word' id='word_1_435' title='bbox 2919 2850 3213 2920; x_wconf 75' lang='grc' dir='ltr'><strong>ἱστορήσας</strong></span> <span class='ocrx_word' id='word_1_436' title='bbox 3244 2847 3338 2901; x_wconf 78' lang='grc' dir='ltr'><strong>καὶ</strong></span> <span class='ocrx_word' id='word_1_437' title='bbox 3370 2846 3431 2898; x_wconf 88' lang='grc' dir='ltr'><strong>τὸ</strong></span> <span class='ocrx_word' id='word_1_438' title='bbox 3458 2847 3523 2899; x_wconf 75' lang='grc' dir='ltr'><strong>ἑκ</strong></span> <span class='ocrx_word' id='word_1_439' title='bbox 3557 2842 3773 2915; x_wconf 75' lang='grc' dir='ltr'><strong>Παρθέο</strong></span> 
     </span>
    </p>
   </div>
   <div class='ocr_carea' id='block_1_60' title="bbox 2200 2937 3869 3014">
    <p class='ocr_par' dir='ltr' id='par_1_60' title="bbox 2200 2937 3869 3014">
     <span class='ocr_line' id='line_1_60' title="bbox 2200 2937 3869 3014; baseline -0.007 -15"><span class='ocrx_word' id='word_1_440' title='bbox 2200 2961 2295 2999; x_wconf 90' lang='grc' dir='ltr'><strong>νου</strong></span> <span class='ocrx_word' id='word_1_441' title='bbox 2342 2943 2703 3014; x_wconf 82' lang='grc' dir='ltr'><strong>γεγεννῆσθαι</strong></span> <span class='ocrx_word' id='word_1_442' title='bbox 2745 2941 3164 3012; x_wconf 86' lang='grc' dir='ltr'><strong>συνδιηγήσατο.</strong></span> <span class='ocrx_word' id='word_1_443' title='bbox 3200 2940 3263 2995; x_wconf 79' lang='lat' dir='ltr'><strong>Ei</strong></span> <span class='ocrx_word' id='word_1_444' title='bbox 3300 2937 3393 2993; x_wconf 77' lang='grc' dir='ltr'><strong>οὖν</strong></span> <span class='ocrx_word' id='word_1_445' title='bbox 3438 2939 3632 2992; x_wconf 83' lang='grc' dir='ltr'><strong>πιστόν</strong></span> <span class='ocrx_word' id='word_1_446' title='bbox 3657 2938 3773 2989; x_wconf 85' lang='grc' dir='ltr'><strong>ὲστι</strong></span> <span class='ocrx_word' id='word_1_447' title='bbox 3867 2948 3869 2950; x_wconf 83' lang='grc'>·</span> 
     </span>
    </p>
   </div>
   <div class='ocr_carea' id='block_1_61' title="bbox 2196 3028 3863 3105">
    <p class='ocr_par' dir='ltr' id='par_1_61' title="bbox 2196 3028 3863 3105">
     <span class='ocr_line' id='line_1_61' title="bbox 2196 3028 3863 3105; baseline -0.006 -17"><span class='ocrx_word' id='word_1_448' title='bbox 2196 3034 2284 3088; x_wconf 83' lang='grc' dir='ltr'><strong>διὰ</strong></span> <span class='ocrx_word' id='word_1_449' title='bbox 2309 3034 2419 3088; x_wconf 86' lang='grc' dir='ltr'><strong>τῶν</strong></span> <span class='ocrx_word' id='word_1_450' title='bbox 2438 3034 2744 3105; x_wconf 76' lang='grc' dir='ltr'><strong>εἰρημένων</strong></span> <span class='ocrx_word' id='word_1_451' title='bbox 2766 3032 2826 3086; x_wconf 83' lang='grc' dir='ltr'><strong>τὸ</strong></span> <span class='ocrx_word' id='word_1_452' title='bbox 2847 3031 3204 3101; x_wconf 84' lang='grc' dir='ltr'><strong>γεγεννῆσθαι</strong></span> <span class='ocrx_word' id='word_1_453' title='bbox 3232 3029 3413 3091; x_wconf 76' lang='grc' dir='ltr'><strong>αὐτὸν,</strong></span> <span class='ocrx_word' id='word_1_454' title='bbox 3441 3029 3529 3082; x_wconf 82' lang='grc' dir='ltr'><strong>διὰ</strong></span> <span class='ocrx_word' id='word_1_455' title='bbox 3546 3028 3655 3081; x_wconf 85' lang='grc' dir='ltr'><strong>τῶν</strong></span> <span class='ocrx_word' id='word_1_456' title='bbox 3679 3028 3775 3081; x_wconf 81' lang='grc' dir='ltr'><strong>αὺ-</strong></span> <span class='ocrx_word' id='word_1_457' title='bbox 3858 3090 3863 3095; x_wconf 11' lang='grc' dir='ltr'>ἢ</span> 
     </span>
    </p>
   </div>
   <div class='ocr_carea' id='block_1_62' title="bbox 515 3098 2093 3189">
    <p class='ocr_par' dir='ltr' id='par_1_62' title="bbox 515 3098 2093 3170">
     <span class='ocr_line' id='line_1_62' title="bbox 515 3098 2093 3170; baseline 0.005 -19"><span class='ocrx_word' id='word_1_458' title='bbox 515 3098 659 3151; x_wconf 83' lang='lat' dir='ltr'><strong>idem</strong></span> <span class='ocrx_word' id='word_1_459' title='bbox 710 3114 774 3153; x_wconf 76' lang='lat' dir='ltr'><strong>ex</strong></span> <span class='ocrx_word' id='word_1_460' title='bbox 808 3098 1026 3169; x_wconf 83' lang='lat' dir='ltr'><strong>Virgine</strong></span> <span class='ocrx_word' id='word_1_461' title='bbox 1071 3110 1256 3155; x_wconf 91' lang='lat' dir='ltr'><strong>natum</strong></span> <span class='ocrx_word' id='word_1_462' title='bbox 1286 3110 1514 3158; x_wconf 90' lang='lat' dir='ltr'><strong>testatus</strong></span> <span class='ocrx_word' id='word_1_463' title='bbox 1572 3112 1677 3159; x_wconf 89' lang='lat' dir='ltr'><strong>est.</strong></span> <span class='ocrx_word' id='word_1_464' title='bbox 1734 3103 2093 3170; x_wconf 85' lang='lat' dir='ltr'><strong>Quamobrem</strong></span> 
     </span>
    </p>
   </div>
   <div class='ocr_carea' id='block_1_63' title="bbox 2195 3098 3774 3189">
    <p class='ocr_par' dir='ltr' id='par_1_63' title="bbox 2203 3098 3774 3189">
     <span class='ocr_line' id='line_1_63' title="bbox 2203 3098 3774 3189; baseline -0.005 -10"><span class='ocrx_word' id='word_1_465' title='bbox 2203 3126 2311 3182; x_wconf 88' lang='grc' dir='ltr'><strong>τῶν</strong></span> <span class='ocrx_word' id='word_1_466' title='bbox 2338 3098 2778 3188; x_wconf 35' lang='grc' dir='ltr'><strong>τούτων-πάντως</strong></span> <span class='ocrx_word' id='word_1_467' title='bbox 2798 3098 3003 3177; x_wconf 35' lang='grc' dir='ltr'><strong>οὐδὲ-τὸ</strong></span> <span class='ocrx_word' id='word_1_468' title='bbox 3023 3098 3195 3185; x_wconf 61' lang='grc' dir='ltr'><strong>οὕτως</strong></span> <span class='ocrx_word' id='word_1_469' title='bbox 3222 3121 3386 3176; x_wconf 82' lang='grc' dir='ltr'><strong>αὐτὸν</strong></span> <span class='ocrx_word' id='word_1_470' title='bbox 3412 3136 3471 3189; x_wconf 80' lang='grc' dir='ltr'><strong>γι</strong></span> <span class='ocrx_word' id='word_1_471' title='bbox 3487 3118 3774 3188; x_wconf 72' lang='grc' dir='ltr'><strong>γεννῆσθαι</strong></span> 
     </span>
    </p>
   </div>
   <div class='ocr_carea' id='block_1_64' title="bbox 515 3189 2095 3261">
    <p class='ocr_par' dir='ltr' id='par_1_64' title="bbox 515 3189 2095 3261">
     <span class='ocr_line' id='line_1_64' title="bbox 515 3189 2095 3261; baseline 0.006 -20"><span class='ocrx_word' id='word_1_472' title='bbox 515 3189 560 3241; x_wconf 87' lang='lat' dir='ltr'><strong>si</strong></span> <span class='ocrx_word' id='word_1_473' title='bbox 593 3190 879 3258; x_wconf 82' lang='lat' dir='ltr'><strong>scriptoris</strong></span> <span class='ocrx_word' id='word_1_474' title='bbox 918 3191 1081 3245; x_wconf 84' lang='lat' dir='ltr'><strong>verba</strong></span> <span class='ocrx_word' id='word_1_475' title='bbox 1111 3202 1165 3247; x_wconf 90' lang='lat' dir='ltr'><strong>te</strong></span> <span class='ocrx_word' id='word_1_476' title='bbox 1194 3192 1491 3259; x_wconf 85' lang='lat' dir='ltr'><strong>adducunt,</strong></span> <span class='ocrx_word' id='word_1_477' title='bbox 1547 3203 1609 3248; x_wconf 90' lang='lat' dir='ltr'><strong>ut</strong></span> <span class='ocrx_word' id='word_1_478' title='bbox 1632 3204 1821 3251; x_wconf 88' lang='lat' dir='ltr'><strong>natum</strong></span> <span class='ocrx_word' id='word_1_479' title='bbox 1874 3196 2095 3261; x_wconf 90' lang='lat' dir='ltr'><strong>credas,</strong></span> 
     </span>
    </p>
   </div>
   <div class='ocr_carea' id='block_1_65' title="bbox 515 3281 2098 3348">
    <p class='ocr_par' dir='ltr' id='par_1_65' title="bbox 515 3281 2098 3348">
     <span class='ocr_line' id='line_1_65' title="bbox 515 3281 2098 3348; baseline 0.003 -11"><span class='ocrx_word' id='word_1_480' title='bbox 515 3282 705 3337; x_wconf 87' lang='lat' dir='ltr'><strong>eadem</strong></span> <span class='ocrx_word' id='word_1_481' title='bbox 745 3281 1029 3348; x_wconf 86' lang='lat' dir='ltr'><strong>scriptoris</strong></span> <span class='ocrx_word' id='word_1_482' title='bbox 1069 3284 1230 3337; x_wconf 80' lang='lat' dir='ltr'><strong>verba</strong></span> <span class='ocrx_word' id='word_1_483' title='bbox 1264 3283 1359 3337; x_wconf 91' lang='lat' dir='ltr'><strong>tibi</strong></span> <span class='ocrx_word' id='word_1_484' title='bbox 1393 3283 1547 3338; x_wconf 88' lang='lat' dir='ltr'><strong>illum</strong></span> <span class='ocrx_word' id='word_1_485' title='bbox 1601 3283 1675 3339; x_wconf 90' lang='lat' dir='ltr'><strong>ita</strong></span> <span class='ocrx_word' id='word_1_486' title='bbox 1737 3292 1927 3339; x_wconf 87' lang='lat' dir='ltr'><strong>natum</strong></span> <span class='ocrx_word' id='word_1_487' title='bbox 1974 3300 2098 3342; x_wconf 84' lang='lat' dir='ltr'><strong>esse</strong></span> 
     </span>
    </p>
   </div>
   <div class='ocr_carea' id='block_1_66' title="bbox 519 3371 2094 3445">
    <p class='ocr_par' dir='ltr' id='par_1_66' title="bbox 519 3371 2094 3445">
     <span class='ocr_line' id='line_1_66' title="bbox 519 3371 2094 3445; baseline 0.006 -22"><span class='ocrx_word' id='word_1_488' title='bbox 519 3371 909 3440; x_wconf 84' lang='lat' dir='ltr'><strong>persuadeant.</strong></span> <span class='ocrx_word' id='word_1_489' title='bbox 959 3372 1061 3436; x_wconf 91' lang='lat' dir='ltr'><strong>Qui</strong></span> <span class='ocrx_word' id='word_1_490' title='bbox 1119 3374 1268 3427; x_wconf 88' lang='lat' dir='ltr'><strong>enim</strong></span> <span class='ocrx_word' id='word_1_491' title='bbox 1329 3383 1511 3429; x_wconf 89' lang='lat' dir='ltr'><strong>ortum</strong></span> <span class='ocrx_word' id='word_1_492' title='bbox 1570 3374 1746 3444; x_wconf 90' lang='lat' dir='ltr'><strong>ipsius</strong></span> <span class='ocrx_word' id='word_1_493' title='bbox 1797 3378 2094 3445; x_wconf 84' lang='lat' dir='ltr'><strong>enarravit,</strong></span> 
     </span>
    </p>
   </div>
   <div class='ocr_carea' id='block_1_67' title="bbox 517 3460 2099 3540">
    <p class='ocr_par' dir='ltr' id='par_1_67' title="bbox 517 3460 2099 3540">
     <span class='ocr_line' id='line_1_67' title="bbox 517 3460 2099 3540; baseline 0.008 -26"><span class='ocrx_word' id='word_1_494' title='bbox 517 3460 661 3515; x_wconf 86' lang='lat' dir='ltr'><strong>idem</strong></span> <span class='ocrx_word' id='word_1_495' title='bbox 690 3477 818 3516; x_wconf 90' lang='lat' dir='ltr'><strong>eum</strong></span> <span class='ocrx_word' id='word_1_496' title='bbox 847 3478 911 3517; x_wconf 80' lang='lat' dir='ltr'><strong>ex</strong></span> <span class='ocrx_word' id='word_1_497' title='bbox 965 3461 1184 3533; x_wconf 83' lang='lat' dir='ltr'><strong>Virgine</strong></span> <span class='ocrx_word' id='word_1_498' title='bbox 1233 3464 1481 3535; x_wconf 81' lang='lat' dir='ltr'><strong>adjunxit</strong></span> <span class='ocrx_word' id='word_1_499' title='bbox 1523 3466 1825 3523; x_wconf 82' lang='lat' dir='ltr'><strong>exstitisse.</strong></span> <span class='ocrx_word' id='word_1_500' title='bbox 1880 3469 1947 3525; x_wconf 89' lang='lat' dir='ltr'><strong>Et</strong></span> <span class='ocrx_word' id='word_1_501' title='bbox 1998 3468 2099 3540; x_wconf 89' lang='lat' dir='ltr'><strong>qui</strong></span> 
     </span>
    </p>
   </div>
   <div class='ocr_carea' id='block_1_68' title="bbox 518 3553 2098 3623">
    <p class='ocr_par' dir='ltr' id='par_1_68' title="bbox 518 3553 2098 3623">
     <span class='ocr_line' id='line_1_68' title="bbox 518 3553 2098 3623; baseline 0.003 -13"><span class='ocrx_word' id='word_1_502' title='bbox 518 3553 588 3610; x_wconf 84' lang='lat' dir='ltr'><strong>de</strong></span> <span class='ocrx_word' id='word_1_503' title='bbox 619 3561 794 3607; x_wconf 87' lang='lat' dir='ltr'><strong>morte</strong></span> <span class='ocrx_word' id='word_1_504' title='bbox 820 3553 1165 3608; x_wconf 88' lang='lat' dir='ltr'><strong>mentionem</strong></span> <span class='ocrx_word' id='word_1_505' title='bbox 1211 3554 1363 3623; x_wconf 80' lang='lat' dir='ltr'><strong>fecit,</strong></span> <span class='ocrx_word' id='word_1_506' title='bbox 1418 3557 1883 3613; x_wconf 80' lang='lat' dir='ltr'><strong>resurrectionem</strong></span> <span class='ocrx_word' id='word_1_507' title='bbox 1931 3560 2098 3615; x_wconf 86' lang='lat' dir='ltr'><strong>etiam</strong></span> 
     </span>
    </p>
   </div>
   <div class='ocr_carea' id='block_1_69' title="bbox 520 3646 2099 3721">
    <p class='ocr_par' dir='ltr' id='par_1_69' title="bbox 520 3646 2099 3721">
     <span class='ocr_line' id='line_1_69' title="bbox 520 3646 2099 3721; baseline 0.005 -23"><span class='ocrx_word' id='word_1_508' title='bbox 520 3654 643 3713; x_wconf 86' lang='lat' dir='ltr'><strong>post</strong></span> <span class='ocrx_word' id='word_1_509' title='bbox 694 3655 926 3699; x_wconf 90' lang='lat' dir='ltr'><strong>mortem</strong></span> <span class='ocrx_word' id='word_1_510' title='bbox 989 3654 1076 3700; x_wconf 87' lang='lat' dir='ltr'><strong>est</strong></span> <span class='ocrx_word' id='word_1_511' title='bbox 1126 3655 1374 3703; x_wconf 83' lang='lat' dir='ltr'><strong>teStatus.</strong></span> <span class='ocrx_word' id='word_1_512' title='bbox 1420 3646 1577 3714; x_wconf 87' lang='lat' dir='ltr'><strong>Quod</strong></span> <span class='ocrx_word' id='word_1_513' title='bbox 1622 3649 1668 3705; x_wconf 91' lang='lat' dir='ltr'><strong>si</strong></span> <span class='ocrx_word' id='word_1_514' title='bbox 1722 3666 1788 3705; x_wconf 80' lang='lat' dir='ltr'><strong>ex</strong></span> <span class='ocrx_word' id='word_1_515' title='bbox 1832 3650 1927 3715; x_wconf 85' lang='lat' dir='ltr'><strong>iis,</strong></span> <span class='ocrx_word' id='word_1_516' title='bbox 1977 3666 2099 3721; x_wconf 64' lang='lat' dir='ltr'><strong>quae</strong></span> 
     </span>
    </p>
   </div>
   <div class='ocr_carea' id='block_1_70' title="bbox 521 3736 2098 3809">
    <p class='ocr_par' dir='ltr' id='par_1_70' title="bbox 521 3736 2098 3809">
     <span class='ocr_line' id='line_1_70' title="bbox 521 3736 2098 3809; baseline 0.006 -20"><span class='ocrx_word' id='word_1_517' title='bbox 521 3736 701 3799; x_wconf 85' lang='lat' dir='ltr'><strong>audis,</strong></span> <span class='ocrx_word' id='word_1_518' title='bbox 728 3745 782 3792; x_wconf 89' lang='lat' dir='ltr'><strong>et</strong></span> <span class='ocrx_word' id='word_1_519' title='bbox 813 3749 1114 3802; x_wconf 89' lang='lat' dir='ltr'><strong>mortuum,</strong></span> <span class='ocrx_word' id='word_1_520' title='bbox 1144 3747 1199 3792; x_wconf 92' lang='lat' dir='ltr'><strong>et</strong></span> <span class='ocrx_word' id='word_1_521' title='bbox 1227 3738 1473 3809; x_wconf 81' lang='lat' dir='ltr'><strong>genitum</strong></span> <span class='ocrx_word' id='word_1_522' title='bbox 1526 3753 1649 3795; x_wconf 89' lang='lat' dir='ltr'><strong>esse</strong></span> <span class='ocrx_word' id='word_1_523' title='bbox 1694 3742 1975 3809; x_wconf 88' lang='lat' dir='ltr'><strong>concedis,</strong></span> <span class='ocrx_word' id='word_1_524' title='bbox 2029 3759 2098 3798; x_wconf 78' lang='lat' dir='ltr'><strong>ex</strong></span> 
     </span>
    </p>
   </div>
   <div class='ocr_carea' id='block_1_71' title="bbox 517 3827 2097 3904">
    <p class='ocr_par' dir='ltr' id='par_1_71' title="bbox 517 3827 2097 3904">
     <span class='ocr_line' id='line_1_71' title="bbox 517 3827 2097 3904; baseline 0.006 -24"><span class='ocrx_word' id='word_1_525' title='bbox 517 3827 723 3882; x_wconf 88' lang='lat' dir='ltr'><strong>eisdem</strong></span> <span class='ocrx_word' id='word_1_526' title='bbox 752 3828 904 3882; x_wconf 88' lang='lat' dir='ltr'><strong>dabis</strong></span> <span class='ocrx_word' id='word_1_527' title='bbox 934 3830 1181 3896; x_wconf 85' lang='lat' dir='ltr'><strong>omnino,</strong></span> <span class='ocrx_word' id='word_1_528' title='bbox 1218 3838 1276 3886; x_wconf 91' lang='lat' dir='ltr'><strong>et</strong></span> <span class='ocrx_word' id='word_1_529' title='bbox 1301 3838 1504 3896; x_wconf 90' lang='lat' dir='ltr'><strong>ortum,</strong></span> <span class='ocrx_word' id='word_1_530' title='bbox 1552 3840 1613 3884; x_wconf 89' lang='lat' dir='ltr'><strong>et</strong></span> <span class='ocrx_word' id='word_1_531' title='bbox 1684 3842 1919 3888; x_wconf 89' lang='lat' dir='ltr'><strong>mortem</strong></span> <span class='ocrx_word' id='word_1_532' title='bbox 1972 3836 2097 3904; x_wconf 88' lang='lat' dir='ltr'><strong>ejus</strong></span> 
     </span>
    </p>
   </div>
   <div class='ocr_carea' id='block_1_72' title="bbox 522 3921 2097 3991">
    <p class='ocr_par' dir='ltr' id='par_1_72' title="bbox 522 3921 2097 3991">
     <span class='ocr_line' id='line_1_72' title="bbox 522 3921 2097 3991; baseline 0.004 -14"><span class='ocrx_word' id='word_1_533' title='bbox 522 3937 555 3977; x_wconf 85' lang='lat' dir='ltr'><strong>a</strong></span> <span class='ocrx_word' id='word_1_534' title='bbox 609 3921 964 3991; x_wconf 88' lang='lat' dir='ltr'><strong>corruptione</strong></span> <span class='ocrx_word' id='word_1_535' title='bbox 1021 3921 1211 3991; x_wconf 91' lang='lat' dir='ltr'><strong>procul</strong></span> <span class='ocrx_word' id='word_1_536' title='bbox 1237 3922 1496 3979; x_wconf 85' lang='lat' dir='ltr'><strong>abfuisse.</strong></span> <span class='ocrx_word' id='word_1_537' title='bbox 1550 3922 1683 3990; x_wconf 64' lang='lat' dir='ltr'><strong>Quae</strong></span> <span class='ocrx_word' id='word_1_538' title='bbox 1742 3926 1788 3981; x_wconf 93' lang='lat' dir='ltr'><strong>si</strong></span> <span class='ocrx_word' id='word_1_539' title='bbox 1841 3936 2097 3985; x_wconf 89' lang='lat' dir='ltr'><strong>naturam</strong></span> 
     </span>
    </p>
   </div>
   <div class='ocr_carea' id='block_1_73' title="bbox 520 4004 2101 4089">
    <p class='ocr_par' dir='ltr' id='par_1_73' title="bbox 520 4004 2101 4089">
     <span class='ocr_line' id='line_1_73' title="bbox 520 4004 2101 4089; baseline 0.004 -19"><span class='ocrx_word' id='word_1_540' title='bbox 520 4023 803 4083; x_wconf 87' lang='lat' dir='ltr'><strong>superant,</strong></span> <span class='ocrx_word' id='word_1_541' title='bbox 843 4013 891 4068; x_wconf 92' lang='lat' dir='ltr'><strong>is</strong></span> <span class='ocrx_word' id='word_1_542' title='bbox 937 4013 1080 4070; x_wconf 87' lang='lat' dir='ltr'><strong>intra</strong></span> <span class='ocrx_word' id='word_1_543' title='bbox 1146 4004 1409 4069; x_wconf 9' lang='lat' dir='ltr'><strong>naturam»</strong></span> <span class='ocrx_word' id='word_1_544' title='bbox 1456 4031 1567 4069; x_wconf 91' lang='lat' dir='ltr'><strong>non</strong></span> <span class='ocrx_word' id='word_1_545' title='bbox 1621 4017 1959 4083; x_wconf 84' lang='lat' dir='ltr'><strong>continetur,</strong></span> <span class='ocrx_word' id='word_1_546' title='bbox 2000 4020 2101 4089; x_wconf 80' lang='lat' dir='ltr'><strong>qui</strong></span> 
     </span>
    </p>
   </div>
   <div class='ocr_carea' id='block_1_74' title="bbox 520 4106 2045 4176">
    <p class='ocr_par' dir='ltr' id='par_1_74' title="bbox 520 4106 2045 4176">
     <span class='ocr_line' id='line_1_74' title="bbox 520 4106 2045 4176; baseline 0.005 -18"><span class='ocrx_word' id='word_1_547' title='bbox 520 4116 742 4176; x_wconf 86' lang='lat' dir='ltr'><strong>propter</strong></span> <span class='ocrx_word' id='word_1_548' title='bbox 780 4106 895 4161; x_wconf 65' lang='lat' dir='ltr'><strong>hate</strong></span> <span class='ocrx_word' id='word_1_549' title='bbox 922 4114 1114 4161; x_wconf 89' lang='lat' dir='ltr'><strong>natura</strong></span> <span class='ocrx_word' id='word_1_550' title='bbox 1138 4106 1389 4175; x_wconf 88' lang='lat' dir='ltr'><strong>superior</strong></span> <span class='ocrx_word' id='word_1_551' title='bbox 1427 4106 1596 4162; x_wconf 78' lang='lat' dir='ltr'><strong>fuisse</strong></span> <span class='ocrx_word' id='word_1_552' title='bbox 1613 4108 2045 4166; x_wconf 85' lang='lat' dir='ltr'><strong>demonstratur.</strong></span> 
     </span>
    </p>
   </div>
   <div class='ocr_carea' id='block_1_75' title="bbox 1036 4198 1607 4254">
    <p class='ocr_par' dir='ltr' id='par_1_75' title="bbox 1036 4198 1607 4254">
     <span class='ocr_line' id='line_1_75' title="bbox 1036 4198 1607 4254; baseline 0.002 -3"><span class='ocrx_word' id='word_1_553' title='bbox 1036 4198 1115 4251; x_wconf 76' lang='lat' dir='ltr'><strong>Ea:</strong></span> <span class='ocrx_word' id='word_1_554' title='bbox 1131 4200 1314 4254; x_wconf 82' lang='lat' dir='ltr'><strong>eadem</strong></span> <span class='ocrx_word' id='word_1_555' title='bbox 1346 4200 1607 4252; x_wconf 78' lang='lat' dir='ltr'><strong>oratione.</strong></span> 
     </span>
    </p>
   </div>
   <div class='ocr_carea' id='block_1_76' title="bbox 590 4288 2101 4359">
    <p class='ocr_par' dir='ltr' id='par_1_76' title="bbox 590 4288 2101 4359">
     <span class='ocr_line' id='line_1_76' title="bbox 590 4288 2101 4359; baseline 0.001 -15"><span class='ocrx_word' id='word_1_556' title='bbox 590 4292 850 4357; x_wconf 86' lang='lat' dir='ltr'><strong>Quaenam</strong></span> <span class='ocrx_word' id='word_1_557' title='bbox 875 4290 1061 4359; x_wconf 78' lang='lat' dir='ltr'><strong>igitur,</strong></span> <span class='ocrx_word' id='word_1_558' title='bbox 1092 4290 1326 4358; x_wconf 89' lang='lat' dir='ltr'><strong>inquies,</strong></span> <span class='ocrx_word' id='word_1_559' title='bbox 1361 4304 1525 4343; x_wconf 87' lang='lat' dir='ltr'><strong>causa</strong></span> <span class='ocrx_word' id='word_1_560' title='bbox 1560 4288 1681 4353; x_wconf 82' lang='lat' dir='ltr'><strong>fuit,</strong></span> <span class='ocrx_word' id='word_1_561' title='bbox 1719 4304 1818 4345; x_wconf 89' lang='lat' dir='ltr'><strong>cur</strong></span> <span class='ocrx_word' id='word_1_562' title='bbox 1844 4290 1911 4345; x_wconf 89' lang='lat' dir='ltr'><strong>ad</strong></span> <span class='ocrx_word' id='word_1_563' title='bbox 1943 4289 2101 4346; x_wconf 86' lang='lat' dir='ltr'><strong>istam</strong></span> 
     </span>
    </p>
   </div>
   <div class='ocr_carea' id='block_1_77' title="bbox 2199 3209 3776 3284">
    <p class='ocr_par' dir='ltr' id='par_1_77' title="bbox 2199 3209 3776 3284">
     <span class='ocr_line' id='line_1_77' title="bbox 2199 3209 3776 3284; baseline -0.006 -13"><span class='ocrx_word' id='word_1_564' title='bbox 2199 3216 2485 3271; x_wconf 83' lang='grc' dir='ltr'><strong>ἀπίθανον.</strong></span> <span class='ocrx_word' id='word_1_565' title='bbox 2544 3215 2604 3269; x_wconf 87' lang='grc' dir='ltr'>Ὀ</span> <span class='ocrx_word' id='word_1_566' title='bbox 2652 3213 2759 3284; x_wconf 82' lang='grc' dir='ltr'><strong>γὰρ</strong></span> <span class='ocrx_word' id='word_1_567' title='bbox 2808 3213 2907 3283; x_wconf 77' lang='grc' dir='ltr'><strong>τὴν</strong></span> <span class='ocrx_word' id='word_1_568' title='bbox 2952 3213 3203 3281; x_wconf 78' lang='grc' dir='ltr'><strong>γέννησιν</strong></span> <span class='ocrx_word' id='word_1_569' title='bbox 3247 3209 3418 3264; x_wconf 87' lang='grc' dir='ltr'><strong>είπὼν</strong></span> <span class='ocrx_word' id='word_1_570' title='bbox 3466 3210 3562 3262; x_wconf 75' lang='grc' dir='ltr'><strong>καὶ</strong></span> <span class='ocrx_word' id='word_1_571' title='bbox 3606 3209 3668 3261; x_wconf 88' lang='grc' dir='ltr'><strong>τὸ</strong></span> <span class='ocrx_word' id='word_1_572' title='bbox 3711 3209 3776 3261; x_wconf 79' lang='grc' dir='ltr'><strong>ἐκ</strong></span> 
     </span>
    </p>
   </div>
   <div class='ocr_carea' id='block_1_78' title="bbox 2200 3299 3770 3379">
    <p class='ocr_par' dir='ltr' id='par_1_78' title="bbox 2200 3299 3770 3379">
     <span class='ocr_line' id='line_1_78' title="bbox 2200 3299 3770 3379; baseline -0.008 -17"><span class='ocrx_word' id='word_1_573' title='bbox 2200 3307 2499 3379; x_wconf 79' lang='grc' dir='ltr'><strong>παρθενίας</strong></span> <span class='ocrx_word' id='word_1_574' title='bbox 2540 3304 2850 3376; x_wconf 85' lang='grc' dir='ltr'><strong>προσέθηκε</strong></span> <span class='ocrx_word' id='word_1_575' title='bbox 2872 3320 2889 3338; x_wconf 78' lang='grc' dir='ltr'><strong><em>ο</em></strong></span> <span class='ocrx_word' id='word_1_576' title='bbox 2923 3303 3019 3356; x_wconf 73' lang='grc' dir='ltr'><strong>καὶ</strong></span> <span class='ocrx_word' id='word_1_577' title='bbox 3050 3303 3079 3356; x_wconf 87' lang='grc' dir='ltr'>ὁ</span> <span class='ocrx_word' id='word_1_578' title='bbox 3108 3301 3205 3355; x_wconf 81' lang='grc' dir='ltr'><strong>τοῦ</strong></span> <span class='ocrx_word' id='word_1_579' title='bbox 3237 3300 3468 3355; x_wconf 81' lang='grc' dir='ltr'><strong>θανάτου</strong></span> <span class='ocrx_word' id='word_1_580' title='bbox 3507 3299 3770 3370; x_wconf 75' lang='grc' dir='ltr'><strong>μνησθεὶς</strong></span> 
     </span>
    </p>
   </div>
   <div class='ocr_carea' id='block_1_79' title="bbox 2196 3387 3763 3466">
    <p class='ocr_par' dir='ltr' id='par_1_79' title="bbox 2196 3387 3763 3466">
     <span class='ocr_line' id='line_1_79' title="bbox 2196 3387 3763 3466; baseline -0.008 -16"><span class='ocrx_word' id='word_1_581' title='bbox 2196 3397 2291 3450; x_wconf 75' lang='grc' dir='ltr'><strong>καὶ</strong></span> <span class='ocrx_word' id='word_1_582' title='bbox 2318 3394 2417 3466; x_wconf 79' lang='grc' dir='ltr'><strong>τὴν</strong></span> <span class='ocrx_word' id='word_1_583' title='bbox 2450 3393 2746 3448; x_wconf 81' lang='grc' dir='ltr'><strong>ἀνάστασιν</strong></span> <span class='ocrx_word' id='word_1_584' title='bbox 2773 3392 2850 3462; x_wconf 82' lang='grc' dir='ltr'><strong>τῷ</strong></span> <span class='ocrx_word' id='word_1_585' title='bbox 2873 3391 3089 3461; x_wconf 81' lang='grc' dir='ltr'><strong>θανάτῳ</strong></span> <span class='ocrx_word' id='word_1_586' title='bbox 3116 3389 3667 3459; x_wconf 81' lang='grc' dir='ltr'><strong>προσεμαρτύρησεν.</strong></span> <span class='ocrx_word' id='word_1_587' title='bbox 3701 3387 3763 3439; x_wconf 77' lang='lat' dir='ltr'><strong>Et</strong></span> 
     </span>
    </p>
   </div>
   <div class='ocr_carea' id='block_1_80' title="bbox 2196 3478 3772 3553">
    <p class='ocr_par' dir='ltr' id='par_1_80' title="bbox 2196 3478 3772 3553">
     <span class='ocr_line' id='line_1_80' title="bbox 2196 3478 3772 3553; baseline -0.007 -13"><span class='ocrx_word' id='word_1_588' title='bbox 2196 3480 2290 3539; x_wconf 74' lang='grc' dir='ltr'><strong>οὖν</strong></span> <span class='ocrx_word' id='word_1_589' title='bbox 2328 3486 2422 3553; x_wconf 79' lang='grc' dir='ltr'><strong>ἀφ’</strong></span> <span class='ocrx_word' id='word_1_590' title='bbox 2460 3478 2535 3539; x_wconf 81' lang='grc' dir='ltr'><strong>ὧν</strong></span> <span class='ocrx_word' id='word_1_591' title='bbox 2573 3483 2794 3547; x_wconf 87' lang='grc' dir='ltr'><strong>ἀκούεις</strong></span> <span class='ocrx_word' id='word_1_592' title='bbox 2830 3482 2925 3536; x_wconf 80' lang='grc' dir='ltr'><strong>καὶ</strong></span> <span class='ocrx_word' id='word_1_593' title='bbox 2963 3481 3215 3535; x_wconf 80' lang='grc' dir='ltr'><strong>τεθνάναι</strong></span> <span class='ocrx_word' id='word_1_594' title='bbox 3282 3481 3377 3533; x_wconf 80' lang='grc' dir='ltr'><strong>καὶ</strong></span> <span class='ocrx_word' id='word_1_595' title='bbox 3415 3478 3772 3549; x_wconf 85' lang='grc' dir='ltr'><strong>γεγεννῆσθαι</strong></span> 
     </span>
    </p>
   </div>
   <div class='ocr_carea' id='block_1_81' title="bbox 2195 3568 3773 3641">
    <p class='ocr_par' dir='ltr' id='par_1_81' title="bbox 2195 3568 3773 3641">
     <span class='ocr_line' id='line_1_81' title="bbox 2195 3568 3773 3641; baseline -0.005 -11"><span class='ocrx_word' id='word_1_596' title='bbox 2195 3577 2377 3641; x_wconf 82' lang='grc' dir='ltr'><strong>δίδως,</strong></span> <span class='ocrx_word' id='word_1_597' title='bbox 2404 3578 2468 3629; x_wconf 78' lang='grc' dir='ltr'><strong>ὲκ</strong></span> <span class='ocrx_word' id='word_1_598' title='bbox 2497 3574 2606 3629; x_wconf 87' lang='grc' dir='ltr'><strong>τῶν</strong></span> <span class='ocrx_word' id='word_1_599' title='bbox 2627 3575 2807 3629; x_wconf 84' lang='grc' dir='ltr'><strong>αὐτῶν</strong></span> <span class='ocrx_word' id='word_1_600' title='bbox 2835 3574 3027 3633; x_wconf 86' lang='grc' dir='ltr'><strong>δώσεις</strong></span> <span class='ocrx_word' id='word_1_601' title='bbox 3059 3573 3278 3635; x_wconf 81' lang='grc' dir='ltr'><strong>πάντως</strong></span> <span class='ocrx_word' id='word_1_602' title='bbox 3312 3575 3406 3624; x_wconf 76' lang='grc' dir='ltr'><strong>καὶ</strong></span> <span class='ocrx_word' id='word_1_603' title='bbox 3437 3570 3497 3622; x_wconf 91' lang='grc' dir='ltr'><strong>τὸ</strong></span> <span class='ocrx_word' id='word_1_604' title='bbox 3530 3570 3637 3634; x_wconf 76' lang='grc' dir='ltr'><strong>ἔξω</strong></span> <span class='ocrx_word' id='word_1_605' title='bbox 3672 3568 3773 3623; x_wconf 81' lang='grc' dir='ltr'><strong>πά-</strong></span> 
     </span>
    </p>
   </div>
   <div class='ocr_carea' id='block_1_82' title="bbox 2202 3658 3770 3735">
    <p class='ocr_par' dir='ltr' id='par_1_82' title="bbox 2202 3658 3770 3735">
     <span class='ocr_line' id='line_1_82' title="bbox 2202 3658 3770 3735; baseline -0.004 -16"><span class='ocrx_word' id='word_1_606' title='bbox 2202 3666 2328 3730; x_wconf 84' lang='grc' dir='ltr'><strong>θους</strong></span> <span class='ocrx_word' id='word_1_607' title='bbox 2367 3664 2507 3718; x_wconf 74' lang='grc' dir='ltr'><strong>εἶναι</strong></span> <span class='ocrx_word' id='word_1_608' title='bbox 2540 3664 2638 3718; x_wconf 80' lang='grc' dir='ltr'><strong>καὶ</strong></span> <span class='ocrx_word' id='word_1_609' title='bbox 2667 3663 2769 3732; x_wconf 81' lang='grc' dir='ltr'><strong>τὴν</strong></span> <span class='ocrx_word' id='word_1_610' title='bbox 2797 3663 3050 3731; x_wconf 80' lang='grc' dir='ltr'><strong>γέννησιν</strong></span> <span class='ocrx_word' id='word_1_611' title='bbox 3081 3660 3246 3715; x_wconf 80' lang='grc' dir='ltr'><strong>αὑτοῦ</strong></span> <span class='ocrx_word' id='word_1_612' title='bbox 3277 3661 3371 3713; x_wconf 80' lang='grc' dir='ltr'><strong>καὶ</strong></span> <span class='ocrx_word' id='word_1_613' title='bbox 3399 3658 3491 3735; x_wconf 84' lang='grc' dir='ltr'><strong>τὸν</strong></span> <span class='ocrx_word' id='word_1_614' title='bbox 3517 3658 3770 3712; x_wconf 80' lang='grc' dir='ltr'><strong>θάνατον.</strong></span> 
     </span>
    </p>
   </div>
   <div class='ocr_carea' id='block_1_83' title="bbox 2213 3747 3774 3825">
    <p class='ocr_par' dir='ltr' id='par_1_83' title="bbox 2213 3747 3774 3825">
     <span class='ocr_line' id='line_1_83' title="bbox 2213 3747 3774 3825; baseline -0.007 -14"><span class='ocrx_word' id='word_1_615' title='bbox 2213 3755 2376 3811; x_wconf 84' lang='grc' dir='ltr'><strong>Ἀλλά</strong></span> <span class='ocrx_word' id='word_1_616' title='bbox 2419 3754 2527 3825; x_wconf 79' lang='grc' dir='ltr'><strong>μὴν</strong></span> <span class='ocrx_word' id='word_1_617' title='bbox 2568 3752 2745 3808; x_wconf 83' lang='grc' dir='ltr'><strong>ταῦτα</strong></span> <span class='ocrx_word' id='word_1_618' title='bbox 2784 3751 2953 3822; x_wconf 80' lang='grc' dir='ltr'><strong>μείζω</strong></span> <span class='ocrx_word' id='word_1_619' title='bbox 2994 3752 3095 3823; x_wconf 80' lang='grc' dir='ltr'><strong>τῆς</strong></span> <span class='ocrx_word' id='word_1_620' title='bbox 3134 3752 3386 3820; x_wconf 78' lang='grc' dir='ltr'><strong>φύσεωςο</strong></span> <span class='ocrx_word' id='word_1_621' title='bbox 3430 3748 3626 3803; x_wconf 78' lang='grc' dir='ltr'><strong>οὐκοῦν</strong></span> <span class='ocrx_word' id='word_1_622' title='bbox 3653 3747 3774 3801; x_wconf 65' lang='lat' dir='ltr'><strong>om</strong></span> 
     </span>
    </p>
   </div>
   <div class='ocr_carea' id='block_1_84' title="bbox 2198 3838 3774 3913">
    <p class='ocr_par' dir='ltr' id='par_1_84' title="bbox 2198 3838 3774 3913">
     <span class='ocr_line' id='line_1_84' title="bbox 2198 3838 3774 3913; baseline -0.006 -14"><span class='ocrx_word' id='word_1_623' title='bbox 2198 3847 2410 3909; x_wconf 72' lang='grc' dir='ltr'><strong>ἐκεῖνος</strong></span> <span class='ocrx_word' id='word_1_624' title='bbox 2450 3844 2671 3909; x_wconf 83' lang='grc' dir='ltr'><strong>πάντως</strong></span> <span class='ocrx_word' id='word_1_625' title='bbox 2717 3845 2867 3906; x_wconf 74' lang='grc' dir='ltr'><strong>ἐντὸς</strong></span> <span class='ocrx_word' id='word_1_626' title='bbox 2902 3841 3081 3913; x_wconf 79' lang='grc' dir='ltr'><strong>πάντη</strong></span> <span class='ocrx_word' id='word_1_627' title='bbox 3123 3844 3221 3911; x_wconf 83' lang='grc' dir='ltr'><strong>τῆς</strong></span> <span class='ocrx_word' id='word_1_628' title='bbox 3264 3840 3479 3908; x_wconf 76' lang='grc' dir='ltr'><strong>φύσεως</strong></span> <span class='ocrx_word' id='word_1_629' title='bbox 3507 3840 3537 3890; x_wconf 81' lang='grc' dir='ltr'><strong>δ</strong></span> <span class='ocrx_word' id='word_1_630' title='bbox 3563 3839 3622 3891; x_wconf 75' lang='grc' dir='ltr'><strong>ὲν</strong></span> <span class='ocrx_word' id='word_1_631' title='bbox 3661 3838 3774 3900; x_wconf 77' lang='grc' dir='ltr'><strong>τοῖς</strong></span> 
     </span>
    </p>
   </div>
   <div class='ocr_carea' id='block_1_85' title="bbox 2200 3932 3563 4012">
    <p class='ocr_par' dir='ltr' id='par_1_85' title="bbox 2200 3932 3563 4012">
     <span class='ocr_line' id='line_1_85' title="bbox 2200 3932 3563 4012; baseline -0.006 -17"><span class='ocrx_word' id='word_1_632' title='bbox 2200 3939 2343 4012; x_wconf 78' lang='grc' dir='ltr'><strong>ὑπὲρ</strong></span> <span class='ocrx_word' id='word_1_633' title='bbox 2374 3938 2476 4008; x_wconf 76' lang='grc' dir='ltr'><strong>τὴν</strong></span> <span class='ocrx_word' id='word_1_634' title='bbox 2510 3934 2671 4006; x_wconf 86' lang='grc' dir='ltr'><strong>φύσιν</strong></span> <span class='ocrx_word' id='word_1_635' title='bbox 2697 3933 3062 4005; x_wconf 79' lang='grc' dir='ltr'><strong>γεγεννῆσθαι</strong></span> <span class='ocrx_word' id='word_1_636' title='bbox 3085 3932 3563 4003; x_wconf 87' lang='grc' dir='ltr'><strong>ἀποδεικνύμενος.</strong></span> 
     </span>
    </p>
   </div>
   <div class='ocr_carea' id='block_1_86' title="bbox 2637 4199 3347 4266">
    <p class='ocr_par' dir='ltr' id='par_1_86' title="bbox 2637 4199 3347 4266">
     <span class='ocr_line' id='line_1_86' title="bbox 2637 4199 3347 4266; baseline -0.006 -11"><span class='ocrx_word' id='word_1_637' title='bbox 2637 4203 2740 4255; x_wconf 84' lang='grc' dir='ltr'><strong>Ἐκ</strong></span> <span class='ocrx_word' id='word_1_638' title='bbox 2772 4200 2880 4255; x_wconf 79' lang='grc' dir='ltr'><strong>τοῦ</strong></span> <span class='ocrx_word' id='word_1_639' title='bbox 2918 4199 3108 4254; x_wconf 75' lang='grc' dir='ltr'><strong>αὐτοῦ</strong></span> <span class='ocrx_word' id='word_1_640' title='bbox 3141 4200 3347 4266; x_wconf 74' lang='grc' dir='ltr'><strong>λόγου.</strong></span> 
     </span>
    </p>
   </div>
   <div class='ocr_carea' id='block_1_87' title="bbox 2272 4285 3775 4360">
    <p class='ocr_par' dir='ltr' id='par_1_87' title="bbox 2272 4285 3775 4360">
     <span class='ocr_line' id='line_1_87' title="bbox 2272 4285 3775 4360; baseline -0.006 -14"><span class='ocrx_word' id='word_1_641' title='bbox 2272 4292 2366 4356; x_wconf 81' lang='grc' dir='ltr'><strong>Τίς</strong></span> <span class='ocrx_word' id='word_1_642' title='bbox 2406 4286 2500 4346; x_wconf 76' lang='grc' dir='ltr'><strong>οὖν</strong></span> <span class='ocrx_word' id='word_1_643' title='bbox 2534 4292 2569 4360; x_wconf 77' lang='grc' dir='ltr'><strong>ἡ</strong></span> <span class='ocrx_word' id='word_1_644' title='bbox 2604 4292 2783 4355; x_wconf 73' lang='grc' dir='ltr'><strong>αἰτία,</strong></span> <span class='ocrx_word' id='word_1_645' title='bbox 2806 4292 2963 4359; x_wconf 80' lang='grc' dir='ltr'><strong>φησὶ,</strong></span> <span class='ocrx_word' id='word_1_646' title='bbox 2986 4288 3079 4344; x_wconf 82' lang='grc' dir='ltr'><strong>τοῦ</strong></span> <span class='ocrx_word' id='word_1_647' title='bbox 3116 4290 3252 4358; x_wconf 81' lang='grc' dir='ltr'><strong>πρὸς</strong></span> <span class='ocrx_word' id='word_1_648' title='bbox 3283 4289 3383 4358; x_wconf 82' lang='grc' dir='ltr'><strong>τὴν</strong></span> <span class='ocrx_word' id='word_1_649' title='bbox 3411 4285 3775 4356; x_wconf 85' lang='grc' dir='ltr'><strong>ταπεινότητα</strong></span> 
     </span>
    </p>
   </div>
   <div class='ocr_carea' id='block_1_88' title="bbox 521 4371 2093 4456">
    <p class='ocr_par' dir='ltr' id='par_1_88' title="bbox 521 4379 2093 4451">
     <span class='ocr_line' id='line_1_88' title="bbox 521 4379 2093 4451; baseline 0.001 -15"><span class='ocrx_word' id='word_1_650' title='bbox 521 4381 885 4437; x_wconf 82' lang='lat' dir='ltr'><strong>humilitatem</strong></span> <span class='ocrx_word' id='word_1_651' title='bbox 920 4394 1042 4435; x_wconf 86' lang='lat' dir='ltr'><strong>sese</strong></span> <span class='ocrx_word' id='word_1_652' title='bbox 1080 4379 1393 4434; x_wconf 88' lang='lat' dir='ltr'><strong>demitteret</strong></span> <span class='ocrx_word' id='word_1_653' title='bbox 1447 4380 1611 4448; x_wconf 88' lang='lat' dir='ltr'><strong>Deus,</strong></span> <span class='ocrx_word' id='word_1_654' title='bbox 1673 4396 1736 4437; x_wconf 81' lang='lat' dir='ltr'><strong>ex</strong></span> <span class='ocrx_word' id='word_1_655' title='bbox 1806 4396 1916 4451; x_wconf 88' lang='lat' dir='ltr'><strong>qua</strong></span> <span class='ocrx_word' id='word_1_656' title='bbox 1969 4381 2093 4437; x_wconf 75' lang='lat' dir='ltr'><strong>ﬁdes</strong></span> 
     </span>
    </p>
   </div>
   <div class='ocr_carea' id='block_1_89' title="bbox 2195 4371 3776 4456">
    <p class='ocr_par' dir='ltr' id='par_1_89' title="bbox 2203 4371 3776 4456">
     <span class='ocr_line' id='line_1_89' title="bbox 2203 4371 3776 4456; baseline -0.006 -18"><span class='ocrx_word' id='word_1_657' title='bbox 2203 4383 2408 4454; x_wconf 83' lang='grc' dir='ltr'><strong>ταύτην</strong></span> <span class='ocrx_word' id='word_1_658' title='bbox 2441 4381 2747 4452; x_wconf 78' lang='grc' dir='ltr'><strong>καταϐῆναι</strong></span> <span class='ocrx_word' id='word_1_659' title='bbox 2772 4381 2837 4436; x_wconf 86' lang='grc' dir='ltr'><strong>τὸ</strong></span> <span class='ocrx_word' id='word_1_660' title='bbox 2868 4382 3046 4448; x_wconf 86' lang='grc' dir='ltr'><strong>Θεῖον,</strong></span> <span class='ocrx_word' id='word_1_661' title='bbox 3077 4380 3153 4444; x_wconf 84' lang='grc' dir='ltr'><strong>ὡς</strong></span> <span class='ocrx_word' id='word_1_662' title='bbox 3182 4378 3480 4449; x_wconf 73' lang='grc' dir='ltr'><strong>ἀμφίϐολον</strong></span> <span class='ocrx_word' id='word_1_663' title='bbox 3508 4371 3651 4430; x_wconf 78' lang='grc' dir='ltr'><strong>εἶναι</strong></span> <span class='ocrx_word' id='word_1_664' title='bbox 3677 4378 3776 4456; x_wconf 73' lang='grc' dir='ltr'><strong>τῂν</strong></span> 
     </span>
    </p>
   </div>
   <div class='ocr_carea' id='block_1_90' title="bbox 519 4462 2093 4544">
    <p class='ocr_par' dir='ltr' id='par_1_90' title="bbox 519 4472 2093 4544">
     <span class='ocr_line' id='line_1_90' title="bbox 519 4472 2093 4544; baseline 0 -17"><span class='ocrx_word' id='word_1_665' title='bbox 519 4474 685 4527; x_wconf 85' lang='lat' dir='ltr'><strong>dubia</strong></span> <span class='ocrx_word' id='word_1_666' title='bbox 714 4472 1055 4537; x_wconf 85' lang='lat' dir='ltr'><strong>redderetur,</strong></span> <span class='ocrx_word' id='word_1_667' title='bbox 1090 4487 1213 4526; x_wconf 92' lang='lat' dir='ltr'><strong>cum</strong></span> <span class='ocrx_word' id='word_1_668' title='bbox 1239 4472 1354 4542; x_wconf 87' lang='lat' dir='ltr'><strong>ipse</strong></span> <span class='ocrx_word' id='word_1_669' title='bbox 1383 4475 1612 4539; x_wconf 88' lang='lat' dir='ltr'><strong>ratione,</strong></span> <span class='ocrx_word' id='word_1_670' title='bbox 1661 4489 1783 4544; x_wconf 68' lang='lat' dir='ltr'><strong>quae</strong></span> <span class='ocrx_word' id='word_1_671' title='bbox 1812 4488 1916 4529; x_wconf 86' lang='lat' dir='ltr'><strong>nec</strong></span> <span class='ocrx_word' id='word_1_672' title='bbox 1966 4488 2093 4543; x_wconf 86' lang='lat' dir='ltr'><strong>per-</strong></span> 
     </span>
    </p>
   </div>
   <div class='ocr_carea' id='block_1_91' title="bbox 2195 4462 3776 4544">
    <p class='ocr_par' dir='ltr' id='par_1_91' title="bbox 2200 4471 3776 4544">
     <span class='ocr_line' id='line_1_91' title="bbox 2200 4471 3776 4544; baseline -0.006 -12"><span class='ocrx_word' id='word_1_673' title='bbox 2200 4479 2402 4543; x_wconf 85' lang='grc' dir='ltr'><strong>πίστιν,</strong></span> <span class='ocrx_word' id='word_1_674' title='bbox 2449 4478 2498 4530; x_wconf 83' lang='grc' dir='ltr'><strong>εί</strong></span> <span class='ocrx_word' id='word_1_675' title='bbox 2546 4476 2677 4538; x_wconf 85' lang='grc' dir='ltr'><strong>Θεὸς</strong></span> <span class='ocrx_word' id='word_1_676' title='bbox 2704 4475 2764 4528; x_wconf 87' lang='grc' dir='ltr'><strong>τὸ</strong></span> <span class='ocrx_word' id='word_1_677' title='bbox 2790 4473 3104 4544; x_wconf 86' lang='grc' dir='ltr'><strong>ἀχὼρητον,</strong></span> <span class='ocrx_word' id='word_1_678' title='bbox 3136 4472 3231 4525; x_wconf 68' lang='grc' dir='ltr'><strong>καὶ</strong></span> <span class='ocrx_word' id='word_1_679' title='bbox 3255 4471 3648 4539; x_wconf 85' lang='grc' dir='ltr'><strong>ἀκατανόητον,</strong></span> <span class='ocrx_word' id='word_1_680' title='bbox 3682 4471 3776 4523; x_wconf 78' lang='grc' dir='ltr'><strong>καὶ</strong></span> 
     </span>
    </p>
   </div>
   <div class='ocr_carea' id='block_1_92' title="bbox 519 4561 2093 4639">
    <p class='ocr_par' dir='ltr' id='par_1_92' title="bbox 519 4564 2093 4635">
     <span class='ocr_line' id='line_1_92' title="bbox 519 4564 2093 4635; baseline -0.001 -15"><span class='ocrx_word' id='word_1_681' title='bbox 519 4565 651 4635; x_wconf 90' lang='lat' dir='ltr'><strong>cipi,</strong></span> <span class='ocrx_word' id='word_1_682' title='bbox 677 4580 779 4621; x_wconf 88' lang='lat' dir='ltr'><strong>nec</strong></span> <span class='ocrx_word' id='word_1_683' title='bbox 814 4564 1229 4634; x_wconf 85' lang='lat' dir='ltr'><strong>comprehendi,</strong></span> <span class='ocrx_word' id='word_1_684' title='bbox 1252 4578 1355 4620; x_wconf 86' lang='lat' dir='ltr'><strong>nec</strong></span> <span class='ocrx_word' id='word_1_685' title='bbox 1382 4565 1640 4635; x_wconf 80' lang='lat' dir='ltr'><strong>explicari</strong></span> <span class='ocrx_word' id='word_1_686' title='bbox 1669 4575 1870 4635; x_wconf 89' lang='lat' dir='ltr'><strong>potest,</strong></span> <span class='ocrx_word' id='word_1_687' title='bbox 1895 4564 2093 4635; x_wconf 84' lang='lat' dir='ltr'><strong>quippe</strong></span> 
     </span>
    </p>
   </div>
   <div class='ocr_carea' id='block_1_93' title="bbox 2195 4561 3778 4639">
    <p class='ocr_par' dir='ltr' id='par_1_93' title="bbox 2207 4561 3778 4639">
     <span class='ocr_line' id='line_1_93' title="bbox 2207 4561 3778 4639; baseline -0.006 -16"><span class='ocrx_word' id='word_1_688' title='bbox 2207 4569 2577 4639; x_wconf 84' lang='grc' dir='ltr'><strong>ἀνεκλάλητον</strong></span> <span class='ocrx_word' id='word_1_689' title='bbox 2600 4568 2858 4638; x_wconf 83' lang='grc' dir='ltr'><strong>πρᾶγμα.</strong></span> <span class='ocrx_word' id='word_1_690' title='bbox 2882 4566 2943 4619; x_wconf 89' lang='grc' dir='ltr'><strong>τὸ</strong></span> <span class='ocrx_word' id='word_1_691' title='bbox 2965 4564 3105 4634; x_wconf 82' lang='grc' dir='ltr'><strong>ὑπὲρ</strong></span> <span class='ocrx_word' id='word_1_692' title='bbox 3131 4565 3311 4619; x_wconf 81' lang='grc' dir='ltr'><strong>πᾶσαν</strong></span> <span class='ocrx_word' id='word_1_693' title='bbox 3337 4563 3517 4627; x_wconf 82' lang='grc' dir='ltr'><strong>δόξαν,</strong></span> <span class='ocrx_word' id='word_1_694' title='bbox 3545 4561 3641 4614; x_wconf 78' lang='grc' dir='ltr'><strong>καὶ</strong></span> <span class='ocrx_word' id='word_1_695' title='bbox 3670 4562 3778 4614; x_wconf 80' lang='grc' dir='ltr'><strong>πᾶ-</strong></span> 
     </span>
    </p>
   </div>
   <div class='ocr_carea' id='block_1_94' title="bbox 519 4656 2107 4729">
    <p class='ocr_par' dir='ltr' id='par_1_94' title="bbox 519 4656 2107 4729">
     <span class='ocr_line' id='line_1_94' title="bbox 519 4656 2107 4729; baseline -0.001 -18"><span class='ocrx_word' id='word_1_696' title='bbox 519 4673 643 4727; x_wconf 73' lang='grc' dir='ltr'><strong>ιιυω</strong></span> <span class='ocrx_word' id='word_1_697' title='bbox 670 4672 890 4712; x_wconf 89' lang='lat' dir='ltr'><strong>omnem</strong></span> <span class='ocrx_word' id='word_1_698' title='bbox 957 4658 1338 4728; x_wconf 73' lang='lat' dir='ltr'><strong>cogitationem</strong></span> <span class='ocrx_word' id='word_1_699' title='bbox 1401 4671 1728 4726; x_wconf 81' lang='lat' dir='ltr'><strong>omnemque</strong></span> <span class='ocrx_word' id='word_1_700' title='bbox 1780 4656 2107 4729; x_wconf 84' lang='lat' dir='ltr'><strong>magnitudi-</strong></span> 
     </span>
    </p>
   </div>
   <div class='ocr_carea' id='block_1_95' title="bbox 521 4747 2102 4818">
    <p class='ocr_par' dir='ltr' id='par_1_95' title="bbox 521 4747 2102 4818">
     <span class='ocr_line' id='line_1_95' title="bbox 521 4747 2102 4818; baseline -0.001 -14"><span class='ocrx_word' id='word_1_701' title='bbox 521 4765 648 4805; x_wconf 85' lang='lat' dir='ltr'><strong>nem</strong></span> <span class='ocrx_word' id='word_1_702' title='bbox 679 4757 918 4818; x_wconf 88' lang='lat' dir='ltr'><strong>superat,</strong></span> <span class='ocrx_word' id='word_1_703' title='bbox 957 4749 1206 4803; x_wconf 71' lang='lat' dir='ltr'><strong>humana:</strong></span> <span class='ocrx_word' id='word_1_704' title='bbox 1226 4757 1432 4803; x_wconf 68' lang='lat' dir='ltr'><strong>natura:</strong></span> <span class='ocrx_word' id='word_1_705' title='bbox 1453 4747 1708 4802; x_wconf 89' lang='lat' dir='ltr'><strong>sordibus</strong></span> <span class='ocrx_word' id='word_1_706' title='bbox 1758 4748 2102 4802; x_wconf 86' lang='lat' dir='ltr'><strong>immiscere-</strong></span> 
     </span>
    </p>
   </div>
   <div class='ocr_carea' id='block_1_96' title="bbox 522 4839 2101 4911">
    <p class='ocr_par' dir='ltr' id='par_1_96' title="bbox 522 4839 2101 4911">
     <span class='ocr_line' id='line_1_96' title="bbox 522 4839 2101 4911; baseline -0.001 -18"><span class='ocrx_word' id='word_1_707' title='bbox 522 4850 633 4903; x_wconf 89' lang='lat' dir='ltr'><strong>tur,</strong></span> <span class='ocrx_word' id='word_1_708' title='bbox 677 4842 746 4895; x_wconf 94' lang='lat' dir='ltr'><strong>ob</strong></span> <span class='ocrx_word' id='word_1_709' title='bbox 773 4855 935 4909; x_wconf 91' lang='lat' dir='ltr'><strong>quam</strong></span> <span class='ocrx_word' id='word_1_710' title='bbox 974 4841 1239 4911; x_wconf 88' lang='lat' dir='ltr'><strong>abjectam</strong></span> <span class='ocrx_word' id='word_1_711' title='bbox 1297 4849 1461 4908; x_wconf 85' lang='lat' dir='ltr'><strong>atque</strong></span> <span class='ocrx_word' id='word_1_712' title='bbox 1493 4839 1753 4894; x_wconf 85' lang='lat' dir='ltr'><strong>humilem</strong></span> <span class='ocrx_word' id='word_1_713' title='bbox 1812 4840 2101 4895; x_wconf 87' lang='lat' dir='ltr'><strong>demissio-</strong></span> 
     </span>
    </p>
   </div>
   <div class='ocr_carea' id='block_1_97' title="bbox 522 4931 2103 5002">
    <p class='ocr_par' dir='ltr' id='par_1_97' title="bbox 522 4931 2103 5002">
     <span class='ocr_line' id='line_1_97' title="bbox 522 4931 2103 5002; baseline 0.001 -17"><span class='ocrx_word' id='word_1_714' title='bbox 522 4946 648 4985; x_wconf 85' lang='lat' dir='ltr'><strong>nein</strong></span> <span class='ocrx_word' id='word_1_715' title='bbox 688 4932 893 4999; x_wconf 87' lang='lat' dir='ltr'><strong>reliqua</strong></span> <span class='ocrx_word' id='word_1_716' title='bbox 923 4932 1087 4986; x_wconf 88' lang='lat' dir='ltr'><strong>etiam</strong></span> <span class='ocrx_word' id='word_1_717' title='bbox 1115 4933 1289 5002; x_wconf 86' lang='lat' dir='ltr'><strong>ipsius</strong></span> <span class='ocrx_word' id='word_1_718' title='bbox 1352 4932 1493 4988; x_wconf 79' lang='lat' dir='ltr'><strong>facta</strong></span> <span class='ocrx_word' id='word_1_719' title='bbox 1552 4931 1809 4985; x_wconf 84' lang='lat' dir='ltr'><strong>sublimia</strong></span> <span class='ocrx_word' id='word_1_720' title='bbox 1864 4931 2103 5002; x_wconf 83' lang='lat' dir='ltr'><strong>neglige-</strong></span> 
     </span>
    </p>
   </div>
   <div class='ocr_carea' id='block_1_98' title="bbox 523 5022 2097 5094">
    <p class='ocr_par' dir='ltr' id='par_1_98' title="bbox 523 5022 2097 5094">
     <span class='ocr_line' id='line_1_98' title="bbox 523 5022 2097 5094; baseline 0.001 -18"><span class='ocrx_word' id='word_1_721' title='bbox 523 5022 748 5076; x_wconf 78' lang='lat' dir='ltr'><strong>rentur?</strong></span> <span class='ocrx_word' id='word_1_722' title='bbox 772 5022 853 5077; x_wconf 80' lang='lat' dir='ltr'><strong>Ad</strong></span> <span class='ocrx_word' id='word_1_723' title='bbox 894 5022 998 5077; x_wconf 78' lang='lat' dir='ltr'><strong>bne</strong></span> <span class='ocrx_word' id='word_1_724' title='bbox 1029 5023 1196 5077; x_wconf 88' lang='lat' dir='ltr'><strong>etiam</strong></span> <span class='ocrx_word' id='word_1_725' title='bbox 1246 5024 1375 5094; x_wconf 87' lang='lat' dir='ltr'><strong>quid</strong></span> <span class='ocrx_word' id='word_1_726' title='bbox 1435 5023 1767 5093; x_wconf 85' lang='lat' dir='ltr'><strong>respondere</strong></span> <span class='ocrx_word' id='word_1_727' title='bbox 1820 5032 2097 5092; x_wconf 87' lang='lat' dir='ltr'><strong>oporteat,</strong></span> 
     </span>
    </p>
   </div>
   <div class='ocr_carea' id='block_1_99' title="bbox 522 5111 2103 5183">
    <p class='ocr_par' dir='ltr' id='par_1_99' title="bbox 522 5111 2103 5183">
     <span class='ocr_line' id='line_1_99' title="bbox 522 5111 2103 5183; baseline 0.003 -19"><span class='ocrx_word' id='word_1_728' title='bbox 522 5128 633 5166; x_wconf 77' lang='lat' dir='ltr'><strong>non</strong></span> <span class='ocrx_word' id='word_1_729' title='bbox 692 5111 1024 5181; x_wconf 81' lang='lat' dir='ltr'><strong>ignoramus.</strong></span> <span class='ocrx_word' id='word_1_730' title='bbox 1073 5115 1178 5172; x_wconf 89' lang='lat' dir='ltr'><strong>Tu.</strong></span> <span class='ocrx_word' id='word_1_731' title='bbox 1230 5114 1322 5182; x_wconf 86' lang='lat' dir='ltr'><strong>qui</strong></span> <span class='ocrx_word' id='word_1_732' title='bbox 1366 5128 1582 5173; x_wconf 85' lang='lat' dir='ltr'><strong>causam</strong></span> <span class='ocrx_word' id='word_1_733' title='bbox 1625 5114 1845 5182; x_wconf 80' lang='lat' dir='ltr'><strong>quaeris,</strong></span> <span class='ocrx_word' id='word_1_734' title='bbox 1908 5131 2103 5183; x_wconf 82' lang='lat' dir='ltr'><strong>quam-</strong></span> 
     </span>
    </p>
   </div>
   <div class='ocr_carea' id='block_1_100' title="bbox 519 5203 2102 5269">
    <p class='ocr_par' dir='ltr' id='par_1_100' title="bbox 519 5203 2102 5269">
     <span class='ocr_line' id='line_1_100' title="bbox 519 5203 2102 5269; baseline 0.003 -12"><span class='ocrx_word' id='word_1_735' title='bbox 519 5205 707 5257; x_wconf 86' lang='lat' dir='ltr'><strong>obrem</strong></span> <span class='ocrx_word' id='word_1_736' title='bbox 741 5203 887 5258; x_wconf 87' lang='lat' dir='ltr'><strong>Deus</strong></span> <span class='ocrx_word' id='word_1_737' title='bbox 950 5203 1124 5257; x_wconf 83' lang='lat' dir='ltr'><strong>factus</strong></span> <span class='ocrx_word' id='word_1_738' title='bbox 1158 5204 1228 5258; x_wconf 88' lang='lat' dir='ltr'><strong>sit</strong></span> <span class='ocrx_word' id='word_1_739' title='bbox 1292 5203 1472 5269; x_wconf 88' lang='lat' dir='ltr'><strong>homo,</strong></span> <span class='ocrx_word' id='word_1_740' title='bbox 1517 5205 1563 5259; x_wconf 84' lang='lat' dir='ltr'><strong>si</strong></span> <span class='ocrx_word' id='word_1_741' title='bbox 1606 5204 1786 5260; x_wconf 86' lang='lat' dir='ltr'><strong>divina</strong></span> <span class='ocrx_word' id='word_1_742' title='bbox 1840 5204 2102 5262; x_wconf 86' lang='lat' dir='ltr'><strong>beneﬁcia</strong></span> 
     </span>
    </p>
   </div>
   <div class='ocr_carea' id='block_1_101' title="bbox 519 5294 2100 5366">
    <p class='ocr_par' dir='ltr' id='par_1_101' title="bbox 519 5294 2100 5366">
     <span class='ocr_line' id='line_1_101' title="bbox 519 5294 2100 5366; baseline 0.004 -18"><span class='ocrx_word' id='word_1_743' title='bbox 519 5294 815 5349; x_wconf 88' lang='lat' dir='ltr'><strong>abstuleris</strong></span> <span class='ocrx_word' id='word_1_744' title='bbox 845 5310 908 5348; x_wconf 81' lang='lat' dir='ltr'><strong>cx</strong></span> <span class='ocrx_word' id='word_1_745' title='bbox 935 5294 1170 5351; x_wconf 83' lang='lat' dir='ltr'><strong>humana</strong></span> <span class='ocrx_word' id='word_1_746' title='bbox 1207 5294 1333 5358; x_wconf 82' lang='lat' dir='ltr'><strong>vita,</strong></span> <span class='ocrx_word' id='word_1_747' title='bbox 1387 5296 1527 5350; x_wconf 88' lang='lat' dir='ltr'><strong>unde</strong></span> <span class='ocrx_word' id='word_1_748' title='bbox 1586 5294 1756 5353; x_wconf 85' lang='lat' dir='ltr'><strong>Deum</strong></span> <span class='ocrx_word' id='word_1_749' title='bbox 1812 5312 2100 5366; x_wconf 75' lang='lat' dir='ltr'><strong>agnoscas,</strong></span> 
     </span>
    </p>
   </div>
   <div class='ocr_carea' id='block_1_102' title="bbox 520 5382 2100 5443">
    <p class='ocr_par' dir='ltr' id='par_1_102' title="bbox 520 5382 2100 5443">
     <span class='ocr_line' id='line_1_102' title="bbox 520 5382 2100 5443; baseline 0.003 -5"><span class='ocrx_word' id='word_1_750' title='bbox 520 5399 630 5438; x_wconf 87' lang='lat' dir='ltr'><strong>non</strong></span> <span class='ocrx_word' id='word_1_751' title='bbox 662 5384 909 5439; x_wconf 80' lang='lat' dir='ltr'><strong>habebis.</strong></span> <span class='ocrx_word' id='word_1_752' title='bbox 946 5382 1394 5438; x_wconf 81' lang='lat' dir='ltr'><strong>Bcncmerentem</strong></span> <span class='ocrx_word' id='word_1_753' title='bbox 1424 5384 1567 5439; x_wconf 90' lang='lat' dir='ltr'><strong>enim</strong></span> <span class='ocrx_word' id='word_1_754' title='bbox 1604 5385 1671 5439; x_wconf 89' lang='lat' dir='ltr'><strong>de</strong></span> <span class='ocrx_word' id='word_1_755' title='bbox 1702 5387 1861 5441; x_wconf 88' lang='lat' dir='ltr'><strong>nobis</strong></span> <span class='ocrx_word' id='word_1_756' title='bbox 1892 5404 1955 5441; x_wconf 80' lang='lat' dir='ltr'><strong>ex</strong></span> <span class='ocrx_word' id='word_1_757' title='bbox 1982 5404 2100 5443; x_wconf 62' lang='grc' dir='ltr'><strong>πως</strong></span> 
     </span>
    </p>
   </div>
   <div class='ocr_carea' id='block_1_103' title="bbox 518 5468 2102 5542">
    <p class='ocr_par' dir='ltr' id='par_1_103' title="bbox 518 5468 2102 5542">
     <span class='ocr_line' id='line_1_103' title="bbox 518 5468 2102 5542; baseline 0.004 -19"><span class='ocrx_word' id='word_1_758' title='bbox 518 5472 747 5525; x_wconf 85' lang='lat' dir='ltr'><strong>neribus</strong></span> <span class='ocrx_word' id='word_1_759' title='bbox 779 5469 899 5539; x_wconf 87' lang='lat' dir='ltr'><strong>ejus</strong></span> <span class='ocrx_word' id='word_1_760' title='bbox 922 5469 1291 5540; x_wconf 76' lang='lat' dir='ltr'><strong>agnoscimus.</strong></span> <span class='ocrx_word' id='word_1_761' title='bbox 1322 5468 1412 5523; x_wconf 85' lang='lat' dir='ltr'><strong>Illa</strong></span> <span class='ocrx_word' id='word_1_762' title='bbox 1438 5472 1607 5536; x_wconf 90' lang='lat' dir='ltr'><strong>enim,</strong></span> <span class='ocrx_word' id='word_1_763' title='bbox 1635 5488 1754 5541; x_wconf 79' lang='lat' dir='ltr'><strong>quae</strong></span> <span class='ocrx_word' id='word_1_764' title='bbox 1778 5473 1920 5530; x_wconf 76' lang='lat' dir='ltr'><strong>facta</strong></span> <span class='ocrx_word' id='word_1_765' title='bbox 1952 5484 2102 5542; x_wconf 89' lang='lat' dir='ltr'><strong>sunt,</strong></span> 
     </span>
    </p>
   </div>
   <div class='ocr_carea' id='block_1_104' title="bbox 520 5561 2104 5631">
    <p class='ocr_par' dir='ltr' id='par_1_104' title="bbox 520 5561 2104 5631">
     <span class='ocr_line' id='line_1_104' title="bbox 520 5561 2104 5631; baseline 0.005 -16"><span class='ocrx_word' id='word_1_766' title='bbox 520 5562 943 5631; x_wconf 86' lang='lat' dir='ltr'><strong>conspicientes,</strong></span> <span class='ocrx_word' id='word_1_767' title='bbox 994 5561 1306 5617; x_wconf 89' lang='lat' dir='ltr'><strong>muniﬁcam</strong></span> <span class='ocrx_word' id='word_1_768' title='bbox 1354 5563 1626 5619; x_wconf 81' lang='lat' dir='ltr'><strong>eil&#39;ectoris</strong></span> <span class='ocrx_word' id='word_1_769' title='bbox 1657 5575 1905 5621; x_wconf 76' lang='lat' dir='ltr'><strong>naturam</strong></span> <span class='ocrx_word' id='word_1_770' title='bbox 1942 5567 2104 5623; x_wconf 87' lang='lat' dir='ltr'><strong>intel-</strong></span> 
     </span>
    </p>
   </div>
   <div class='ocr_carea' id='block_1_105' title="bbox 521 5655 2104 5728">
    <p class='ocr_par' dir='ltr' id='par_1_105' title="bbox 521 5655 2104 5728">
     <span class='ocr_line' id='line_1_105' title="bbox 521 5655 2104 5728; baseline 0.008 -21"><span class='ocrx_word' id='word_1_771' title='bbox 521 5655 759 5723; x_wconf 80' lang='lat' dir='ltr'><strong>ligimus.</strong></span> <span class='ocrx_word' id='word_1_772' title='bbox 794 5656 978 5725; x_wconf 82' lang='lat' dir='ltr'><strong>itaque</strong></span> <span class='ocrx_word' id='word_1_773' title='bbox 1010 5656 1057 5712; x_wconf 89' lang='lat' dir='ltr'><strong>si</strong></span> <span class='ocrx_word' id='word_1_774' title='bbox 1086 5657 1394 5728; x_wconf 75' lang='lat' dir='ltr'><strong>benignitas</strong></span> <span class='ocrx_word' id='word_1_775' title='bbox 1451 5665 1505 5712; x_wconf 91' lang='lat' dir='ltr'><strong>et</strong></span> <span class='ocrx_word' id='word_1_776' title='bbox 1557 5658 1870 5714; x_wconf 82' lang='lat' dir='ltr'><strong>humanitas</strong></span> <span class='ocrx_word' id='word_1_777' title='bbox 1904 5660 2104 5719; x_wconf 65' lang='lat' dir='ltr'><strong>divina)</strong></span> 
     </span>
    </p>
   </div>
   <div class='ocr_carea' id='block_1_106' title="bbox 525 5748 2104 5824">
    <p class='ocr_par' dir='ltr' id='par_1_106' title="bbox 525 5748 2104 5824">
     <span class='ocr_line' id='line_1_106' title="bbox 525 5748 2104 5824; baseline 0.006 -25"><span class='ocrx_word' id='word_1_778' title='bbox 525 5756 734 5805; x_wconf 66' lang='lat' dir='ltr'><strong>natura:</strong></span> <span class='ocrx_word' id='word_1_779' title='bbox 762 5748 1022 5804; x_wconf 82' lang='lat' dir='ltr'><strong>indicium</strong></span> <span class='ocrx_word' id='word_1_780' title='bbox 1056 5759 1162 5819; x_wconf 81' lang='lat' dir='ltr'><strong>est,</strong></span> <span class='ocrx_word' id='word_1_781' title='bbox 1194 5754 1460 5809; x_wconf 84' lang='lat' dir='ltr'><strong>rationem</strong></span> <span class='ocrx_word' id='word_1_782' title='bbox 1485 5752 1674 5817; x_wconf 89' lang='lat' dir='ltr'><strong>habes,</strong></span> <span class='ocrx_word' id='word_1_783' title='bbox 1702 5767 1865 5821; x_wconf 87' lang='lat' dir='ltr'><strong>quam</strong></span> <span class='ocrx_word' id='word_1_784' title='bbox 1919 5754 2104 5824; x_wconf 85' lang='lat' dir='ltr'><strong>requi-</strong></span> 
     </span>
    </p>
   </div>
   <div class='ocr_carea' id='block_1_107' title="bbox 2206 4650 3779 4727">
    <p class='ocr_par' dir='ltr' id='par_1_107' title="bbox 2206 4650 3779 4727">
     <span class='ocr_line' id='line_1_107' title="bbox 2206 4650 3779 4727; baseline -0.007 -14"><span class='ocrx_word' id='word_1_785' title='bbox 2206 4675 2307 4713; x_wconf 88' lang='grc' dir='ltr'><strong>σαν</strong></span> <span class='ocrx_word' id='word_1_786' title='bbox 2337 4657 2731 4727; x_wconf 86' lang='grc' dir='ltr'><strong>μεγαλειότητα</strong></span> <span class='ocrx_word' id='word_1_787' title='bbox 2751 4655 2833 4726; x_wconf 84' lang='grc' dir='ltr'><strong>τῷ</strong></span> <span class='ocrx_word' id='word_1_788' title='bbox 2852 4653 3034 4724; x_wconf 88' lang='grc' dir='ltr'><strong>λύθρῳ</strong></span> <span class='ocrx_word' id='word_1_789' title='bbox 3057 4653 3161 4722; x_wconf 78' lang='grc' dir='ltr'><strong>τῆς</strong></span> <span class='ocrx_word' id='word_1_790' title='bbox 3182 4651 3529 4721; x_wconf 79' lang='grc' dir='ltr'><strong>ἀνθρωπίνης</strong></span> <span class='ocrx_word' id='word_1_791' title='bbox 3559 4650 3779 4719; x_wconf 76' lang='grc' dir='ltr'><strong>φύσεως</strong></span> 
     </span>
    </p>
   </div>
   <div class='ocr_carea' id='block_1_108' title="bbox 2204 4739 3780 4818">
    <p class='ocr_par' dir='ltr' id='par_1_108' title="bbox 2204 4739 3780 4818">
     <span class='ocr_line' id='line_1_108' title="bbox 2204 4739 3780 4818; baseline -0.008 -14"><span class='ocrx_word' id='word_1_792' title='bbox 2204 4747 2633 4818; x_wconf 84' lang='grc' dir='ltr'><strong>καταμίγνυται,</strong></span> <span class='ocrx_word' id='word_1_793' title='bbox 2656 4744 2732 4807; x_wconf 85' lang='grc' dir='ltr'><strong>ὡς</strong></span> <span class='ocrx_word' id='word_1_794' title='bbox 2752 4743 2967 4805; x_wconf 77' lang='grc' dir='ltr'><strong>καὶτὰς</strong></span> <span class='ocrx_word' id='word_1_795' title='bbox 2995 4741 3203 4810; x_wconf 76' lang='grc' dir='ltr'><strong>ὑψηλὰς</strong></span> <span class='ocrx_word' id='word_1_796' title='bbox 3224 4741 3503 4809; x_wconf 72' lang='grc' dir='ltr'><strong>ἐνεργείας</strong></span> <span class='ocrx_word' id='word_1_797' title='bbox 3524 4739 3692 4793; x_wconf 80' lang='grc' dir='ltr'><strong>αὐτοῦ</strong></span> <span class='ocrx_word' id='word_1_798' title='bbox 3710 4741 3780 4809; x_wconf 70' lang='grc' dir='ltr'><strong>τῇ</strong></span> 
     </span>
    </p>
   </div>
   <div class='ocr_carea' id='block_1_109' title="bbox 2202 4829 3781 4910">
    <p class='ocr_par' dir='ltr' id='par_1_109' title="bbox 2202 4829 3781 4910">
     <span class='ocr_line' id='line_1_109' title="bbox 2202 4829 3781 4910; baseline -0.006 -18"><span class='ocrx_word' id='word_1_799' title='bbox 2202 4838 2339 4910; x_wconf 86' lang='grc' dir='ltr'><strong>πρὸς</strong></span> <span class='ocrx_word' id='word_1_800' title='bbox 2364 4838 2426 4892; x_wconf 88' lang='grc' dir='ltr'><strong>τὸ</strong></span> <span class='ocrx_word' id='word_1_801' title='bbox 2439 4835 2691 4891; x_wconf 82' lang='grc' dir='ltr'><strong>ταπεινὸν</strong></span> <span class='ocrx_word' id='word_1_802' title='bbox 2715 4833 2964 4904; x_wconf 74' lang='grc' dir='ltr'><strong>ἐπιμιξία</strong></span> <span class='ocrx_word' id='word_1_803' title='bbox 2981 4830 3484 4896; x_wconf 79' lang='grc' dir='ltr'><strong>συνευτσλίζεσθαι;</strong></span> <span class='ocrx_word' id='word_1_804' title='bbox 3510 4829 3625 4883; x_wconf 84' lang='grc' dir='ltr'><strong>Οὐκ</strong></span> <span class='ocrx_word' id='word_1_805' title='bbox 3645 4831 3781 4883; x_wconf 72' lang='grc' dir='ltr'><strong>ἀπο-</strong></span> 
     </span>
    </p>
   </div>
   <div class='ocr_carea' id='block_1_110' title="bbox 2206 4922 3777 5002">
    <p class='ocr_par' dir='ltr' id='par_1_110' title="bbox 2206 4922 3777 5002">
     <span class='ocr_line' id='line_1_110' title="bbox 2206 4922 3777 5002; baseline -0.004 -19"><span class='ocrx_word' id='word_1_806' title='bbox 2206 4930 2408 5002; x_wconf 80' lang='grc' dir='ltr'><strong>ροῦμεν</strong></span> <span class='ocrx_word' id='word_1_807' title='bbox 2437 4930 2532 4983; x_wconf 70' lang='grc' dir='ltr'><strong>καὶ</strong></span> <span class='ocrx_word' id='word_1_808' title='bbox 2553 4928 2691 4998; x_wconf 87' lang='grc' dir='ltr'><strong>πρὸς</strong></span> <span class='ocrx_word' id='word_1_809' title='bbox 2718 4926 2877 4980; x_wconf 78' lang='grc' dir='ltr'><strong>τοῦτο</strong></span> <span class='ocrx_word' id='word_1_810' title='bbox 2907 4922 3245 4994; x_wconf 81' lang='grc' dir='ltr'><strong>θεοπρεποῦς</strong></span> <span class='ocrx_word' id='word_1_811' title='bbox 3272 4922 3640 4993; x_wconf 78' lang='grc' dir='ltr'><strong>ἀποκρίσεως.</strong></span> <span class='ocrx_word' id='word_1_812' title='bbox 3673 4923 3777 4992; x_wconf 80' lang='grc' dir='ltr'><strong>Ζηο</strong></span> 
     </span>
    </p>
   </div>
   <div class='ocr_carea' id='block_1_111' title="bbox 2201 5013 3782 5091">
    <p class='ocr_par' dir='ltr' id='par_1_111' title="bbox 2201 5013 3782 5091">
     <span class='ocr_line' id='line_1_111' title="bbox 2201 5013 3782 5091; baseline -0.006 -15"><span class='ocrx_word' id='word_1_813' title='bbox 2201 5024 2314 5084; x_wconf 69' lang='grc' dir='ltr'><strong>τοῖς</strong></span> <span class='ocrx_word' id='word_1_814' title='bbox 2336 5021 2434 5091; x_wconf 81' lang='grc' dir='ltr'><strong>τὴν</strong></span> <span class='ocrx_word' id='word_1_815' title='bbox 2457 5020 2636 5074; x_wconf 76' lang='grc' dir='ltr'><strong>αἰτίαν</strong></span> <span class='ocrx_word' id='word_1_816' title='bbox 2656 5018 2750 5073; x_wconf 81' lang='grc' dir='ltr'><strong>τοῦ</strong></span> <span class='ocrx_word' id='word_1_817' title='bbox 2767 5015 3021 5085; x_wconf 83' lang='grc' dir='ltr'><strong>γενέσθαι</strong></span> <span class='ocrx_word' id='word_1_818' title='bbox 3041 5015 3175 5069; x_wconf 86' lang='grc' dir='ltr'><strong>Θεὸν</strong></span> <span class='ocrx_word' id='word_1_819' title='bbox 3194 5015 3251 5068; x_wconf 80' lang='grc' dir='ltr'><strong>ὲν</strong></span> <span class='ocrx_word' id='word_1_820' title='bbox 3271 5013 3579 5083; x_wconf 82' lang='grc' dir='ltr'><strong>ἀνθρώποις</strong></span> <span class='ocrx_word' id='word_1_821' title='bbox 3603 5030 3619 5079; x_wconf 88' lang='lat'><strong>;</strong></span> <span class='ocrx_word' id='word_1_822' title='bbox 3654 5014 3782 5067; x_wconf 81' lang='grc' dir='ltr'><strong>Ἐὰν</strong></span> 
     </span>
    </p>
   </div>
   <div class='ocr_carea' id='block_1_112' title="bbox 2202 5106 3784 5183">
    <p class='ocr_par' dir='ltr' id='par_1_112' title="bbox 2202 5106 3784 5183">
     <span class='ocr_line' id='line_1_112' title="bbox 2202 5106 3784 5183; baseline -0.007 -13"><span class='ocrx_word' id='word_1_823' title='bbox 2202 5112 2410 5183; x_wconf 75' lang='grc' dir='ltr'><strong>ἀφέλῃς</strong></span> <span class='ocrx_word' id='word_1_824' title='bbox 2434 5111 2528 5167; x_wconf 82' lang='grc' dir='ltr'><strong>τοῦ</strong></span> <span class='ocrx_word' id='word_1_825' title='bbox 2554 5110 2671 5181; x_wconf 88' lang='grc' dir='ltr'><strong>βίου</strong></span> <span class='ocrx_word' id='word_1_826' title='bbox 2693 5109 2791 5171; x_wconf 85' lang='grc' dir='ltr'><strong>τὰς</strong></span> <span class='ocrx_word' id='word_1_827' title='bbox 2818 5108 3001 5163; x_wconf 77' lang='grc' dir='ltr'><strong>θεόθεν</strong></span> <span class='ocrx_word' id='word_1_828' title='bbox 3024 5108 3324 5175; x_wconf 79' lang='grc' dir='ltr'><strong>γενομένας</strong></span> <span class='ocrx_word' id='word_1_829' title='bbox 3346 5106 3689 5173; x_wconf 72' lang='grc' dir='ltr'><strong>εὐεργεσίας,</strong></span> <span class='ocrx_word' id='word_1_830' title='bbox 3718 5106 3784 5159; x_wconf 68' lang='grc' dir='ltr'><strong>ὲκ</strong></span> 
     </span>
    </p>
   </div>
   <div class='ocr_carea' id='block_1_113' title="bbox 2204 5196 3779 5274">
    <p class='ocr_par' dir='ltr' id='par_1_113' title="bbox 2204 5196 3779 5274">
     <span class='ocr_line' id='line_1_113' title="bbox 2204 5196 3779 5274; baseline -0.008 -15"><span class='ocrx_word' id='word_1_831' title='bbox 2204 5205 2373 5260; x_wconf 84' lang='grc' dir='ltr'><strong>ποίων</strong></span> <span class='ocrx_word' id='word_1_832' title='bbox 2395 5203 2676 5274; x_wconf 78' lang='grc' dir='ltr'><strong>ὲπιγνώσῃ</strong></span> <span class='ocrx_word' id='word_1_833' title='bbox 2702 5202 2764 5254; x_wconf 89' lang='grc' dir='ltr'><strong>τὸ</strong></span> <span class='ocrx_word' id='word_1_834' title='bbox 2785 5201 2940 5255; x_wconf 80' lang='grc' dir='ltr'><strong>Θεῐον</strong></span> <span class='ocrx_word' id='word_1_835' title='bbox 2965 5216 2982 5266; x_wconf 87' lang='grc'><strong>;</strong></span> <span class='ocrx_word' id='word_1_836' title='bbox 3014 5199 3127 5250; x_wconf 79' lang='grc' dir='ltr'><strong>Οὐκ</strong></span> <span class='ocrx_word' id='word_1_837' title='bbox 3152 5197 3218 5252; x_wconf 73' lang='grc' dir='ltr'><strong>ἂν</strong></span> <span class='ocrx_word' id='word_1_838' title='bbox 3247 5198 3423 5250; x_wconf 75' lang='grc' dir='ltr'><strong>εἰπεῖν</strong></span> <span class='ocrx_word' id='word_1_839' title='bbox 3455 5196 3624 5265; x_wconf 68' lang='grc' dir='ltr'><strong>ἔχοις.</strong></span> <span class='ocrx_word' id='word_1_840' title='bbox 3662 5196 3779 5263; x_wconf 81' lang='grc' dir='ltr'><strong>Ἀφ’</strong></span> 
     </span>
    </p>
   </div>
   <div class='ocr_carea' id='block_1_114' title="bbox 2204 5287 3782 5365">
    <p class='ocr_par' dir='ltr' id='par_1_114' title="bbox 2204 5287 3782 5365">
     <span class='ocr_line' id='line_1_114' title="bbox 2204 5287 3782 5365; baseline -0.008 -15"><span class='ocrx_word' id='word_1_841' title='bbox 2204 5290 2279 5351; x_wconf 76' lang='grc' dir='ltr'><strong>ὧν</strong></span> <span class='ocrx_word' id='word_1_842' title='bbox 2327 5295 2436 5365; x_wconf 86' lang='grc' dir='ltr'><strong>γὰρ</strong></span> <span class='ocrx_word' id='word_1_843' title='bbox 2459 5290 2519 5349; x_wconf 81' lang='grc' dir='ltr'><strong>εὖ</strong></span> <span class='ocrx_word' id='word_1_844' title='bbox 2570 5294 2879 5364; x_wconf 80' lang='grc' dir='ltr'><strong>πάσχομεν,</strong></span> <span class='ocrx_word' id='word_1_845' title='bbox 2935 5291 3044 5345; x_wconf 84' lang='grc' dir='ltr'><strong>ἀπὸ</strong></span> <span class='ocrx_word' id='word_1_846' title='bbox 3086 5289 3289 5344; x_wconf 89' lang='grc' dir='ltr'><strong>τούτων</strong></span> <span class='ocrx_word' id='word_1_847' title='bbox 3343 5287 3434 5341; x_wconf 86' lang='grc' dir='ltr'><strong>τὸν</strong></span> <span class='ocrx_word' id='word_1_848' title='bbox 3486 5288 3782 5356; x_wconf 74' lang='grc' dir='ltr'><strong>εὐεργέτην</strong></span> 
     </span>
    </p>
   </div>
   <div class='ocr_carea' id='block_1_115' title="bbox 2205 5379 3781 5456">
    <p class='ocr_par' dir='ltr' id='par_1_115' title="bbox 2205 5379 3781 5456">
     <span class='ocr_line' id='line_1_115' title="bbox 2205 5379 3781 5456; baseline -0.001 -14"><span class='ocrx_word' id='word_1_849' title='bbox 2205 5386 2659 5456; x_wconf 75' lang='grc' dir='ltr'><strong>δπιγινώσκομεν.</strong></span> <span class='ocrx_word' id='word_1_850' title='bbox 2703 5385 2846 5453; x_wconf 86' lang='grc' dir='ltr'><strong>Πρὸς</strong></span> <span class='ocrx_word' id='word_1_851' title='bbox 2884 5383 2991 5453; x_wconf 79' lang='grc' dir='ltr'><strong>γὰρ</strong></span> <span class='ocrx_word' id='word_1_852' title='bbox 3021 5383 3090 5439; x_wconf 76' lang='grc' dir='ltr'><strong>τὰ</strong></span> <span class='ocrx_word' id='word_1_853' title='bbox 3137 5382 3400 5451; x_wconf 72' lang='grc' dir='ltr'><strong>γινόμενα</strong></span> <span class='ocrx_word' id='word_1_854' title='bbox 3449 5379 3781 5449; x_wconf 70' lang='grc' dir='ltr'><strong>βλέποντες,</strong></span> 
     </span>
    </p>
   </div>
   <div class='ocr_carea' id='block_1_116' title="bbox 2205 5467 3784 5542">
    <p class='ocr_par' dir='ltr' id='par_1_116' title="bbox 2205 5467 3784 5542">
     <span class='ocr_line' id='line_1_116' title="bbox 2205 5467 3784 5542; baseline -0.006 -13"><span class='ocrx_word' id='word_1_855' title='bbox 2205 5475 2293 5529; x_wconf 66' lang='grc' dir='ltr'><strong>διὰ</strong></span> <span class='ocrx_word' id='word_1_856' title='bbox 2336 5472 2543 5527; x_wconf 86' lang='grc' dir='ltr'><strong>τούτων</strong></span> <span class='ocrx_word' id='word_1_857' title='bbox 2594 5473 2691 5542; x_wconf 83' lang='grc' dir='ltr'><strong>τὴν</strong></span> <span class='ocrx_word' id='word_1_858' title='bbox 2740 5473 2836 5525; x_wconf 82' lang='grc' dir='ltr'><strong>τοῦ</strong></span> <span class='ocrx_word' id='word_1_859' title='bbox 2880 5471 3299 5541; x_wconf 80' lang='grc' dir='ltr'><strong>εὐεργετοῦντος</strong></span> <span class='ocrx_word' id='word_1_860' title='bbox 3348 5467 3784 5538; x_wconf 76' lang='grc' dir='ltr'><strong>ἀναλογιζόμεθα</strong></span> 
     </span>
    </p>
   </div>
   <div class='ocr_carea' id='block_1_117' title="bbox 2209 5558 3783 5633">
    <p class='ocr_par' dir='ltr' id='par_1_117' title="bbox 2209 5558 3783 5633">
     <span class='ocr_line' id='line_1_117' title="bbox 2209 5558 3783 5633; baseline -0.005 -14"><span class='ocrx_word' id='word_1_861' title='bbox 2209 5565 2390 5633; x_wconf 82' lang='grc' dir='ltr'><strong>φύσιν.</strong></span> <span class='ocrx_word' id='word_1_862' title='bbox 2443 5566 2507 5619; x_wconf 83' lang='grc' dir='ltr'><strong>Εἰ</strong></span> <span class='ocrx_word' id='word_1_863' title='bbox 2551 5558 2644 5618; x_wconf 81' lang='grc' dir='ltr'><strong>οὖν</strong></span> <span class='ocrx_word' id='word_1_864' title='bbox 2698 5563 2827 5617; x_wconf 84' lang='grc' dir='ltr'><strong>ῐδιον</strong></span> <span class='ocrx_word' id='word_1_865' title='bbox 2878 5564 3170 5632; x_wconf 81' lang='grc' dir='ltr'><strong>γνώρισμα</strong></span> <span class='ocrx_word' id='word_1_866' title='bbox 3220 5563 3319 5631; x_wconf 81' lang='grc' dir='ltr'><strong>τῆς</strong></span> <span class='ocrx_word' id='word_1_867' title='bbox 3368 5561 3518 5622; x_wconf 79' lang='grc' dir='ltr'><strong>θείας</strong></span> <span class='ocrx_word' id='word_1_868' title='bbox 3568 5560 3783 5627; x_wconf 76' lang='grc' dir='ltr'><strong>φύσεως</strong></span> 
     </span>
    </p>
   </div>
   <div class='ocr_carea' id='block_1_118' title="bbox 2207 5650 3782 5728">
    <p class='ocr_par' dir='ltr' id='par_1_118' title="bbox 2207 5650 3782 5728">
     <span class='ocr_line' id='line_1_118' title="bbox 2207 5650 3782 5728; baseline -0.004 -20"><span class='ocrx_word' id='word_1_869' title='bbox 2207 5660 2241 5728; x_wconf 77' lang='grc' dir='ltr'>ἡ</span> <span class='ocrx_word' id='word_1_870' title='bbox 2294 5654 2693 5727; x_wconf 85' lang='grc' dir='ltr'><strong>φιλανθρωπία,</strong></span> <span class='ocrx_word' id='word_1_871' title='bbox 2746 5656 2888 5727; x_wconf 73' lang='grc' dir='ltr'><strong>ἔχεις</strong></span> <span class='ocrx_word' id='word_1_872' title='bbox 2916 5654 2975 5707; x_wconf 81' lang='grc' dir='ltr'><strong>δν</strong></span> <span class='ocrx_word' id='word_1_873' title='bbox 3016 5654 3360 5725; x_wconf 75' lang='grc' dir='ltr'><strong>ἑπεζήτησας</strong></span> <span class='ocrx_word' id='word_1_874' title='bbox 3406 5653 3565 5719; x_wconf 85' lang='grc' dir='ltr'><strong>λόγον</strong></span> <span class='ocrx_word' id='word_1_875' title='bbox 3590 5668 3605 5685; x_wconf 77' lang='grc' dir='ltr'><strong>ο</strong></span> <span class='ocrx_word' id='word_1_876' title='bbox 3638 5650 3782 5719; x_wconf 77' lang='grc' dir='ltr'><strong>ἔχεις</strong></span> 
     </span>
    </p>
   </div>
   <div class='ocr_carea' id='block_1_119' title="bbox 2208 5743 3785 5821">
    <p class='ocr_par' dir='ltr' id='par_1_119' title="bbox 2208 5743 3785 5821">
     <span class='ocr_line' id='line_1_119' title="bbox 2208 5743 3785 5821; baseline -0.004 -18"><span class='ocrx_word' id='word_1_877' title='bbox 2208 5752 2308 5821; x_wconf 78' lang='grc' dir='ltr'><strong>τὴν</strong></span> <span class='ocrx_word' id='word_1_878' title='bbox 2355 5749 2534 5804; x_wconf 71' lang='grc' dir='ltr'><strong>αἰτίαν</strong></span> <span class='ocrx_word' id='word_1_879' title='bbox 2575 5749 2672 5818; x_wconf 84' lang='grc' dir='ltr'><strong>τῆς</strong></span> <span class='ocrx_word' id='word_1_880' title='bbox 2703 5749 2760 5803; x_wconf 77' lang='grc' dir='ltr'><strong>ὲν</strong></span> <span class='ocrx_word' id='word_1_881' title='bbox 2804 5746 3111 5819; x_wconf 80' lang='grc' dir='ltr'><strong>ἀνθρώποις</strong></span> <span class='ocrx_word' id='word_1_882' title='bbox 3151 5745 3245 5799; x_wconf 70' lang='grc' dir='ltr'><strong>τοῦ</strong></span> <span class='ocrx_word' id='word_1_883' title='bbox 3277 5744 3413 5799; x_wconf 80' lang='grc' dir='ltr'><strong>Θεοῦ</strong></span> <span class='ocrx_word' id='word_1_884' title='bbox 3458 5743 3785 5815; x_wconf 73' lang='grc' dir='ltr'><strong>παρουσίας.</strong></span> 
     </span>
    </p>
   </div>
  </div>
