4120 6292
399 352 503 415 221

1367 352 1745 416 PANOPLIA
1783 349 2251 413 DOGMATICA.
2280 375 2350 391 --
2378 353 2425 412 Τ
2433 353 2528 414 IT.
2569 355 2707 417 VII.

3557 353 3668 417 22?.

411 467 619 518 Ἐδεῖτο
660 470 770 534 γάρ
808 463 902 518 τοῦ
944 462 1326 535 ίατρεύσοντος
1355 466 1390 532 ἡ
1426 463 1587 533 φύσις
1635 463 1796 533 ἡμῶν
1825 460 1971 514 ἀσθε-

2093 461 2168 516 ris
2210 481 2482 520 :causam
2515 465 2706 528 habes,
2758 478 2856 519 cur
2903 463 2970 520 ad
3012 463 3268 519 homines
3319 463 3672 524 descenderit
3737 477 3750 488 "

399 557 617 624 νήσασα
649 569 664 586 ο
725 555 896 608 ἐδεῖτο
923 553 1017 606 τοῦ
1059 552 1415 623 ἀνορθοῦντος
1459 555 1484 605 6
1514 555 1572 605 ἐν
1603 553 1683 622 τῷ
1729 549 1984 620 πτώματι

397 646 723 714 ἄνθρωπος’
775 645 946 697 ἐδεῖτο
990 644 1085 698 τοῦ
1126 642 1520 708 ζωοποιοῦντος
1560 645 1588 696 6
1638 643 1984 714 ἁφαμαρτὼν

399 739 502 807 τῆς
529 737 674 806 ζωῆς
700 751 715 766 ο
749 735 919 788 ἐδεῖτο
946 734 1042 789 τοῦ
1068 736 1206 809 πρὸς
1230 735 1290 788 τὸ
1318 734 1522 804 ἀγαθὸν
1556 736 1923 805 ἐπανάγοντος
1952 736 1981 788 6

397 828 711 899 ἀπορρυεὶς
753 830 850 894 τῆς
883 827 979 880 τοῦ
1023 828 1230 896 ἀγαθοῦ
1271 827 1565 897 μετουσίας
1589 843 1605 860 ·
1645 827 1842 899 ἔχρῃζε
1882 827 1983 896 τῆς

407 919 508 969 τοῦ
565 923 742 986 φωτὸς
784 918 1090 988 παρουσίας
1131 921 1160 972 6
1199 919 1598 989 καθειργμένος
1635 920 1715 990 τῷ
1762 919 1978 989 σκότῳ’

401 1012 661 1080 ἐπεζήτει
695 1011 785 1062 τὸν
821 1009 1103 1081 λυτρωτὴν
1142 1013 1172 1064 6
1205 1013 1573 1081 αἰχμάλωτος,
1603 1010 1697 1064 τὸν
1732 1027 1981 1079 συναγω-

399 1101 588 1168 νιστὴν
616 1102 643 1153 6
667 1101 974 1171 δεσμώτης,
1008 1101 1099 1154 τὸν
1128 1101 1498 1172 ἐλευθερωτὴν
1525 1103 1555 1154 6
1583 1101 1662 1172 τῷ
1695 1101 1847 1172 ζυγῷ
1883 1103 1985 1171 τῆς

393 1193 640 1254 δουλείας
680 1197 1064 1264 κατεχόμενος.
1096 1190 1248 1264 *Αρα
1285 1195 1461 1265 μικρά
1512 1193 1685 1249 ταῦτα
1723 1194 1819 1247 καὶ
1848 1193 1983 1248 ἀνά-

394 1283 507 1350 ξια,
523 1287 612 1339 τὸν
627 1286 760 1340 Θεὸν
783 1287 1102 1358 δυσωπῆσαι
1119 1288 1258 1356 πρὸς
1278 1287 1565 1357 ἐπίσκεψιν
1580 1288 1677 1356 τῆς
1699 1287 1980 1357 ἀνθρωπε-

392 1397 492 1449 νης
525 1385 744 1448 φύσεως
773 1381 1117 1451 καταδῆναι;
1161 1381 1301 1435 Ἀλλ’
1331 1382 1478 1450 ἐξῆν,
1506 1385 1659 1453 φησὶ,
1693 1381 1786 1436 καὶ
1823 1382 1981 1452 εὐερ-

392 1472 691 1542 γετηθῆναι
708 1476 800 1526 τὸν
817 1474 1124 1545 ἄνθρωπον,
1144 1477 1236 1527 καὶ
1262 1477 1354 1527 τὸν
1371 1476 1503 1528 Θεὸν
1521 1477 1579 1528 ἐν
1597 1474 1837 1546 ἀπαθείᾳ
1867 1474 1980 1528 δια-

397 1568 610 1634 μεῖναι.
646 1567 706 1620 Ὅ
727 1567 837 1636 γὰρ
865 1567 945 1637 τῷ
979 1567 1284 1638 βουλήματι
1313 1568 1374 1620 τὸ
1404 1570 1512 1621 πᾶν
1544 1569 1976 1638 συστησάμενος,

393 1656 492 1710 καὶ
525 1657 584 1708 τὸ
619 1658 693 1725 μὴ
726 1656 784 1709 ὃν
815 1657 1129 1728 ὑποστήσας
1157 1659 1216 1711 ἐν
1246 1659 1381 1728 μόνῃ
1414 1662 1480 1728 τῇ
1511 1660 1654 1729 ὁρμῇ
1691 1659 1785 1711 τοῦ
1817 1658 1976 1727 θελήο

392 1761 587 1814 ματος,
614 1745 667 1798 τί
687 1745 810 1814 οὐχὶ
834 1746 1042 1800 καὶτὸν
1066 1746 1355 1818 ἄνθρωπον
1371 1749 1440 1801 δι’
1470 1748 1801 1813 αὖθεντικῆς
1827 1765 1972 1812 τινος

388 1837 485 1889 καὶ
509 1836 700 1906 θεῖκῆς
730 1825 982 1902 ἐξοιῖσίας
1010 1840 1108 1907 τῆς
1141 1840 1389 1903 ἐναντίας
1413 1840 1704 1908 δυνάμεως
1728 1843 1976 1896 ἀποσπάο

390 1945 493 1992 σας
540 1929 677 1998 πρὸς
731 1930 831 1999 τὴν
863 1928 922 1994 ἐξ
949 1930 1125 2001 ἀρχῆς
1169 1929 1292 1997 ἄγει
1326 1932 1683 1997 κατάστασιν,
1728 1934 1778 1986 εί
1817 1933 1978 1987 τοῦτο

388 2022 546 2090 φίλον
579 2022 730 2094 αὐτῷ
756 2042 772 2091 ;
816 2023 980 2077 Ἀλλά
1011 2024 1227 2095 μακρὰς
1283 2025 1635 2095 περιέρχεται
1665 2025 1970 2094 περιόδους,

389 2119 647 2189 σώματος
711 2121 1086 2191 ὑπερχόμενος
1136 2121 1318 2189 φύσιν,
1378 2121 1471 2175 καὶ
1527 2123 1615 2176 διὰ
1665 2124 1975 2193 γεννήσεως

389 2210 609 2281 παριὼν
637 2213 714 2274 είς
743 2210 836 2264 τὸν
885 2211 1019 2281 βίον,
1067 2214 1163 2266 καὶ
1193 2214 1374 2266 πᾶσαν
1408 2213 1720 2276 ἀκολούθως
1753 2214 1972 2283 ἡλικίαν

390 2299 651 2366 διεξιὼν,
704 2297 825 2356 εἶτα
873 2303 1104 2356 θανάτου
1165 2305 1480 2373 γενόμενος,
1539 2306 1636 2356 καὶ
1685 2304 1830 2358 οὕτω
1885 2304 1973 2358 διὰ

389 2393 496 2462 τῆς
555 2393 648 2448 τοῦ
709 2394 841 2448 ίδίου
909 2397 1164 2465 σώματος
1220 2397 1568 2461 ἀναστάσεως
1621 2398 1713 2452 τὸν
1771 2398 1972 2451 σκοπὸν

386 2485 592 2549 ἀνύων,
622 2485 696 2548 ὡς
731 2487 831 2540 οὐκ
857 2485 978 2551 ἐξἰν
1010 2487 1160 2558 αὐτῷ
1186 2488 1401 2558 μένοντι
1423 2490 1517 2542 ἐπὶ
1554 2489 1649 2542 τοῦ
1677 2488 1848 2559 ὕψους
1875 2494 1976 2560 τῆς

389 2576 584 2647 θείκῆς
617 2575 774 2647 δόξης
805 2576 892 2630 διὰ
917 2578 1341 2648 προστάγματος
1391 2579 1560 2632 σῶσαι
1616 2578 1707 2631 τὸν
1762 2579 1973 2650 ἀνθρω-

386 2683 510 2731 πον,
540 2665 640 2728 τάς
674 2667 731 2721 δὲ
757 2666 1014 2730 τοιαύτας
1044 2668 1326 2738 περιόδους
1348 2668 1563 2738 χαίρειν
1589 2669 1752 2721 ἐᾶσαι
1777 2685 1792 2733 ;
1824 2670 1972 2721 Οὐκ-

384 2753 481 2805 οὖν
513 2754 732 2824 ἀνάγκη
766 2756 862 2808 καὶ
889 2757 1008 2818 ταῖς
1039 2753 1319 2820 τοιαύταις
1363 2757 1472 2809 τῶν
1517 2756 1846 2812 ἀντιθέσεων
1865 2759 1967 2810 ἀν-

384 2844 792 2916 τικαταστῆναι
822 2845 956 2915 παρ’
983 2846 1143 2915 ήμῶν
1177 2847 1276 2916 τήν
1301 2846 1585 2916 ἀλήθειαν,
1613 2847 1690 2911 ὡς
1747 2848 1815 2902 ἀν
1874 2847 1963 2902 διὰ

389 2933 627 3002 μηδενὸς
661 2937 695 3005 ή
721 2934 908 2998 πίστις
937 2936 1202 2989 κωλύοιτο
1217 2937 1328 2990 τῶν
1357 2936 1717 3002 ἐξεταστικῶς
1747 2936 1970 3008 ζητούν-

393 3043 496 3079 των
522 3025 616 3078 τοῦ
654 3028 958 3097 μυστηρίου
991 3029 1084 3080 τὸν
1103 3028 1286 3096 λόγον.
1316 3028 1545 3097 -ῐίρῶτον
1572 3029 1671 3098 μὲν
1697 3029 1791 3100 σύν
1815 3029 1868 3081 τί
1888 3031 1954 3100 τῇ

2095 557 2260 611 Deus.
2294 556 2498 626 Egebat
2526 557 2740 612 medico
2757 566 2951 610 natura
2981 565 3192 620 nostra,
3225 556 3316 627 qui
3353 558 3576 613 morbos
3617 570 3673 615 et

2091 647 2448 717 aegritudines
2477 654 2693 701 curaret
2715 660 2862 700 suas.
2893 644 2993 712 Qui
3015 645 3201 715 lapsus
3229 647 3447 716 jacebat
3481 648 3670 712 homo,

2098 737 2221 807 ejus
2251 753 2439 808 opera,
2469 754 2499 792 a
2519 753 2629 807 quo
2650 737 3004 800 excitaretur,
3025 736 3319 806 indigebat.
3352 738 3456 804 Qtti
3485 755 3516 793 ε
3559 741 3673 795 vita

2091 831 2439 893 discesserat,
2459 830 2655 900 egebat
2678 828 2824 884 illius
2851 828 3078 892 auxilio,
3098 827 3190 896 qui
3222 843 3282 883 se
3311 828 3366 882 in
3390 838 3555 884 vrtam
3585 846 3675 885 re-

2089 931 2334 976 vocaret.
2356 921 2558 992 Egebat
2583 921 2732 978 illius
2756 936 2880 991 ope,
2913 936 2943 974 a
2966 935 3075 989 quo
3097 920 3448 975 reduceretur
3479 922 3533 975 in
3553 922 3670 991 pri-

2090 1014 2294 1069 stinum
2311 1014 2578 1068 bonorum
2602 1022 2802 1070 statum
2821 1013 2960 1083 quia
2983 1012 3328 1082 perfruendis
3347 1013 3510 1067 bonis
3526 1017 3674 1070 exci-

2089 1106 2265 1160 derat.
2285 1105 2489 1174 Egebat
2509 1104 2646 1159 lucis
2669 1105 3000 1174 praestantia,
3032 1103 3127 1171 qui
3152 1105 3204 1158 in
3241 1102 3484 1158 tenebris
3513 1119 3670 1157 coer-

2090 1199 2336 1253 cebatur.
2390 1197 2731 1268 Requirebat
2777 1207 3108 1252 servatorem
3153 1197 3418 1265 captivus,
3453 1196 3670 1249 vinctus

2088 1301 2342 1356 tutorem,
2391 1291 2738 1346 liberatorem
2794 1289 2904 1350 ille.
2949 1288 3038 1358 qni
3089 1288 3192 1341 sub
3241 1286 3668 1355 servitutisiugo

2086 1383 2454 1438 detinebatur.
2495 1381 2745 1435 Parvane
2808 1388 2968 1434 erant
2999 1379 3114 1432 haec
3142 1387 3198 1432 et
3253 1377 3494 1446 indigna.
3546 1394 3666 1446 quae

2087 1474 2236 1529 Deus
2270 1473 2387 1543 ipse
2417 1473 2744 1542 susciperet,
2775 1481 2938 1541 atque
2967 1479 3274 1541 praestaret,
3297 1471 3362 1525 ad
3383 1483 3667 1526 naturam-

2085 1582 2192 1636 que
2241 1567 2535 1619 humanam
2582 1564 2906 1618 visitandam
2957 1562 3338 1626 descenderet,
3378 1576 3499 1632 quae
3555 1569 3663 1614 tam

2085 1657 2466 1712 miserabiliter
2492 1664 2656 1725 atque
2694 1655 2982 1710 infeliciter
3002 1654 3196 1708 affecta
3224 1655 3379 1707 erat?
3437 1655 3506 1705 At
3526 1653 3662 1706 liee-

2084 1750 2197 1815 bat,
2229 1749 2468 1818 inquies,
2507 1748 2640 1812 Deo,
2671 1756 2730 1801 ut
2759 1746 2899 1800 nihil
2933 1746 3046 1815 ipse
3083 1753 3384 1813 pateretur,
3446 1744 3515 1798 de
3569 1745 3667 1797 lio-

2081 1842 2230 1897 mine
2261 1841 2404 1896 bene
2429 1840 2645 1895 mereri.
2673 1839 2778 1905 Qui
2799 1839 2946 1893 enim
2999 1838 3264 1892 mundum
3325 1836 3662 1900 universum,

2081 1949 2206 1989 cum
2237 1933 2420 1988 nullus
2447 1942 2613 1997 esset,
2650 1931 2880 1986 consilio
2938 1938 2994 1985 et
3030 1929 3148 1984 solo
3179 1927 3478 1985 voluntatis
3512 1937 3661 1982 motu

2081 2042 2150 2083 ex
2189 2026 2362 2080 nihilo
2391 2025 2775 2088 constituerat,
2806 2037 2905 2077 cur
2935 2037 3048 2077 non
3077 2022 3244 2084 idem,
3306 2022 3350 2074 si
3421 2028 3528 2074 tam
3585 2018 3663 2072 illi

2079 2117 2132 2172 id
2157 2126 2274 2172 erat
2295 2117 2469 2182 cordi,
2503 2115 2777 2170 hominem
2802 2115 2998 2170 divinae
3029 2115 3312 2184 potestatis
3339 2112 3664 2167 auctoritate

2080 2223 2146 2263 ex
2175 2207 2475 2262 adversarii
2507 2207 2790 2261 dominatu
2817 2206 3110 2259 liberatum
3142 2204 3198 2258 in
3233 2203 3520 2272 pristinum
3551 2210 3665 2256 sta-

2080 2309 2196 2354 tum
2228 2298 2506 2353 restituit?
2535 2296 2644 2351 Cur
2675 2307 2785 2352 tam
2809 2297 2999 2364 longas
3060 2301 3378 2364 persecutus
3409 2303 3494 2348 est
3523 2293 3661 2358 vias,

2082 2390 2214 2446 dum
2248 2389 2495 2458 corporis
2522 2396 2775 2445 naturam
2817 2387 3098 2442 assumit?
3147 2386 3276 2440 dum
3323 2398 3562 2439 nascens
3607 2383 3662 2435 in

2080 2484 2252 2538 vitam
2285 2481 2631 2553 ingreditur?
2687 2481 2816 2534 dum
2877 2491 3096 2531 omnem
3163 2475 3357 2531 ordine
3413 2472 3664 2543 transigit

2076 2583 2292 2630 aetatem
2328 2588 2503 2638 suam,
2533 2580 2876 2638 mortemque
2910 2569 3129 2622 tandem
3157 2567 3429 2636 degustat,
3456 2574 3512 2619 et
3533 2575 3662 2634 pro-

2077 2665 2198 2737 prio
2221 2677 2456 2734 corpore
2499 2662 2568 2717 ad
2592 2663 2783 2732 “vitam
2837 2667 3093 2714 revocato
3149 2656 3496 2728 propositum
3554 2654 3660 2708 sibi

2071 2760 2236 2814 ﬁnem
2268 2756 2599 2826 assequitur,
2665 2753 2819 2824 quasi
2844 2753 2899 2808 in
2933 2750 3147 2806 excelsa
3178 2745 3478 2804 divinitatis
3542 2745 3661 2815 glo-

2073 2851 2153 2904 ria
2186 2862 2415 2902 manens
2464 2846 2666 2900 omisso
2721 2841 2831 2898 ta'm
2875 2843 3035 2912 longo
3091 2839 3324 2894 circuitu
3381 2835 3660 2892 hominem

2074 2941 2236 3012 jussu
2260 2953 2480 2994 servare
2505 2952 2614 2990 non
2641 2936 2868 3006 posset?
2898 2932 3134 2988 Necesse
3169 2937 3275 2995 est,
3335 2930 3498 2983 etiam
3540 2927 3660 2981 istis

2084 3030 2423 3104 argumentis
2484 3027 2844 3098 respondere,
2901 3025 3299 3091 veritatemque
3367 3018 3660 3074 defendere

402 3117 569 3188 ἱρετῇ
603 3118 744 3170 κατά
765 3119 826 3169 τὸ
856 3118 1104 3171 ἐναντίον
1135 3117 1604 3189 ἀντικαθέστηκεν
1657 3120 1970 3188 ἐπισκεψώ-

2078 3135 2137 3182 et
2157 3125 2393 3195 aperire,
2417 3136 2488 3177 ne
2517 3136 2621 3190 qua
2647 3121 2728 3176 vis
2754 3119 2878 3174 ﬁdei
2909 3116 3265 3186 religionique
3299 3113 3565 3172 inferatur
3590 3109 3659 3164 ab

405 3208 556 3263 an.
593 3208 682 3272 Ὦς
711 3209 855 3276 φωτὶ
885 3208 1098 3276 σκότος,
1125 3209 1220 3264 καὶ
1241 3208 1469 3271 θάνατος
1491 3213 1555 3282 τῇ
1578 3212 1714 3282 ζωῇ,
1740 3211 1882 3264 οὕτω
1904 3215 1970 3284 τῇ

404 3301 560 3369 ιρετῇ
597 3301 631 3370 ή
666 3299 860 3367 κακία,
894 3299 1166 3369 δηλονότι,
1218 3302 1314 3354 καὶ
1351 3302 1503 3355 οὐδὲν
1565 3303 1714 3372 παρὰ
1764 3303 1970 3373 ταύτην

388 3393 602 3463 ιτερον.
633 3391 901 3463 Καθάπερ
929 3393 1038 3462 γὰρ
1068 3391 1279 3447 πολλῶν
1307 3393 1481 3447 ὄντων
1503 3392 1613 3446 τῶν
1627 3397 1685 3448 ἐν
1703 3396 1767 3465 τῇ
1793 3397 1970 3450 κτίσει

393 3482 809 3554 θεωρουμένων,
845 3485 1000 3539 οὐδὲν
1039 3485 1168 3539 ἀλλο
1202 3485 1340 3556 πρὸς
1367 3486 1429 3538 τὸ
1466 3486 1582 3554 φῶς
1611 3486 1644 3556 ἢ
1696 3489 1796 3558 τὴν
1823 3487 1970 3556 ζωὴν

399 3577 491 3645 τὴν
514 3575 787 3644 ἀντίθεσιν
808 3575 942 3646 ἔχει,
973 3577 1034 3630 οὐ
1057 3575 1227 3639 λίθος,
1251 3576 1312 3629 ού
1346 3576 1522 3640 ξύλον,
1551 3579 1648 3648 οὐχ
1671 3577 1819 3648 ὕδωρ
1863 3579 1968 3634 οὐκ

402 3665 701 3735 ἱνθρωπος,
731 3665 830 3717 οὐκ
859 3664 990 3720 ἄλλο
1007 3680 1063 3718 τι
1083 3665 1192 3720 τῶν
1219 3665 1390 3720 ὄντων
1440 3667 1618 3732 οὐδὲν,
1642 3668 1782 3738 πλὴν
1823 3669 1967 3732 ίδίως

396 3758 462 3810 τὰ
496 3756 638 3810 κατά
667 3756 731 3808 τὸ
756 3756 1005 3810 ἐναντίον
1032 3757 1319 3826 νοούμενα,
1347 3752 1462 3812 οἷον
1494 3757 1684 3821 σκότος
1734 3760 1829 3814 καὶ
1875 3761 1972 3815 0d-

389 3863 554 3906 νατος
573 3861 590 3878 ο
614 3845 758 3899 οὕτω
783 3845 878 3899 καὶ
890 3845 984 3898 ἐπὶ
1007 3846 1108 3916 τῆς
1123 3847 1326 3917 ἀρετῆς
1349 3847 1448 3900 οὐκ
1464 3848 1528 3902 ἄν
1543 3865 1627 3911 τις
1652 3849 1829 3903 κτίσιν
1844 3851 1969 3906 τινὰ

392 3941 537 3995 κατά
566 3943 627 3992 τὸ
649 3938 893 3993 ἐναντίον
921 3940 1062 4010 αὐτῇ
1090 3941 1332 3993 νοεῖσθαι
1361 3940 1515 4007 λέγοι
1558 3941 1698 4011 πλὴν
1737 3943 1798 3994 τὸ
1827 3943 1970 3997 κατά

390 4030 591 4084 κακίαν
619 4032 816 4102 νόημα.
837 4031 1070 4095 Οὐκοῦν,
1105 4032 1152 4084 εί
1185 4030 1284 4101 μὲν
1313 4032 1372 4084 ἐν
1409 4031 1579 4103 κακίᾳ
1603 4033 1967 4103 γεγεννῆσθαι

392 4121 451 4174 τὸ
478 4120 637 4174 Θετον
686 4122 716 4174 6
747 4121 1016 4190 ἡμέτερος
1057 4119 1366 4192 ἐπρέσϐευε
1396 4121 1576 4188 λόγος,
1602 4121 1794 4191 καιρὸν
1825 4119 1972 4192 εἶχεν

390 4212 421 4264 6
480 4211 781 4280 ἀντιλέγων
827 4211 1192 4283 κατατρέχειν
1246 4212 1406 4282 ἡμῶν
1446 4212 1550 4282 τῆς
1583 4212 1839 4280 πίστεως,
1892 4216 1968 4278 ὼς

391 4303 719 4374 ἀνάρμοστα
764 4317 825 4356 τε
865 4304 960 4357 καὶ
1009 4305 1429 4374 ἀπεμιραίνοντα
1501 4308 1629 4377 περὶ
1681 4308 1779 4376 τῆς
1816 4305 1968 4371 θείας

391 4395 615 4464 φύσεως
647 4397 1110 4466 δογματιξόντων⁸
1131 4397 1192 4450 οὐ
1215 4403 1326 4468 γὰρ
1347 4399 1413 4469 δὴ
1451 4399 1674 4469 θεμιτὸν
1700 4395 1770 4470 ἦν
1795 4400 1960 4453 αὐτο-

393 4487 610 4556 σοφίαν,
638 4490 733 4543 καὶ
761 4489 1100 4560 ἀγαθότητα,
1152 4493 1252 4544 καὶ
1305 4491 1643 4562 ἀφθαρσίαν,
1683 4495 1774 4546 καὶ
1809 4493 1864 4547 εί
1909 4511 1962 4548 τι

392 4578 601 4648 ὑψηλόν
638 4579 755 4632 ἐστι
785 4581 964 4650 νόημά
977 4595 1040 4631 τε
1067 4582 1161 4633 καὶ
1192 4580 1387 4650 ὄνομα,
1416 4582 1556 4650 πρὸς
1604 4581 1668 4634 τὸ
1717 4581 1963 4636 ἐναντίον

395 4670 890 4738 μεταπεπτωκέναι
917 4668 1118 4737 λέγειν.
1146 4670 1208 4722 El
1241 4669 1336 4722 οὖν
1364 4672 1500 4734 Θεὸς
1533 4671 1632 4741 μὲν
1675 4673 1710 4741 ή
1759 4671 1967 4742 ἀληθὴς

393 4759 590 4829 ἀρετὴ,
617 4759 780 4828 φύσις
803 4760 860 4813 δέ
895 4777 984 4824 τις
1038 4761 1142 4814 οὐκ
1193 4761 1608 4828 ἀντιδιαιρετται
1661 4765 1728 4833 τῇ
1772 4764 1966 4832 ἀρετῇ,

391 4848 534 4904 ἀλλὰ
563 4849 751 4913 κακία,
781 4849 914 4912 Θεὸς
942 4850 1000 4904 δὲ
1019 4851 1122 4904 οὐκ
1148 4850 1208 4904 ἐν
1234 4852 1427 4931 κακίᾳ,
1457 4851 1574 4907 ἀλλ’
1593 4855 1655 4908 ἐν
1675 4852 1965 4924 ἀνθρώπου

393 4942 610 5006 γίνεται
648 4942 835 5011 φύσει,
899 4944 1064 5014 μόνον
1101 4945 1159 4999 δέ
1200 4946 1448 5016 ἀπρεπὲς
1500 4947 1597 5003 καὶ
1649 4948 1876 5018 αἰσχρὸν
1907 4949 1970 5001 τὸ

395 5033 540 5086 κατά
570 5035 770 5088 κακίαν
817 5035 1012 5102 πάθος,
1039 5037 1098 5089 ἐν
1122 5031 1165 5103 ᾧ
1191 5035 1315 5090 οὕτε
1347 5037 1571 5107 γέγονεν
1594 5042 1622 5092 6
1657 5039 1811 5104 Θεὸς,
1841 5039 1968 5095 οὕτε

393 5125 651 5193 γενέσθαι
681 5127 844 5195 φύσιν
867 5127 1006 5198 ἔχει,
1039 5128 1093 5182 τί
1125 5129 1551 5198 ἐπαισχύνονται
1592 5134 1661 5202 τῇ
1707 5131 1968 5203 ὁμολογίᾳ

393 5213 494 5268 τοῦ
517 5215 652 5268 Θεὸν
689 5217 1039 5287 ἀνθρωπίνης
1090 5219 1331 5288 ἅψασθαι
1394 5223 1633 5290 φύσεως,
1669 5222 1791 5276 οὐδὲ
1838 5225 1969 5293 μιᾶς

397 5307 782 5378 ἐναντιότητος
812 5309 893 5372 ὡς
914 5311 1051 5380 πρὸς
1083 5312 1177 5364 τὸν
1198 5313 1298 5380 τῆς
1352 5311 1560 5382 ἀρετῆς
1623 5313 1786 5381 λόγον
1809 5317 1869 5374 ἐν
1899 5318 1966 5386 τῇ

401 5399 718 5469 κατασκευῇ
777 5398 873 5452 τοῦ
923 5401 1219 5470 ἀνθρώπου
1273 5401 1678 5474 θεωρουμένης
1713 5403 1850 5457 Οὔτε
1904 5407 1966 5458 τὸ

400 5484 770 5554 διανοητικὸν,
799 5485 922 5540 οὔτε
973 5487 1035 5541 τὸ
1063 5490 1378 5560 ἐπιστήμης
1415 5491 1685 5558 δεκτικὸν,
1719 5492 1844 5546 οὔτε
1871 5492 1968 5546 ἀλ-

401 5574 464 5626 λο
502 5591 555 5628 τι
572 5576 882 5644 τοιοῦτον,ὃ
913 5578 1013 5647 τῆς
1045 5579 1396 5651 ἀνθρωπίνης
1437 5581 1572 5636 ίδιον
1601 5582 1787 5646 οὐσίας
1829 5583 1970 5650 ἐστὶ,

398 5663 478 5736 τῷ
510 5665 655 5738 λόγῳ
685 5667 786 5738 τῆς
807 5670 1004 5741 ἀρετῆς
1037 5671 1384 5742 ήναντίωται.
1431 5673 1569 5725 Ἀλλ’
1593 5673 1756 5744 αὐτὴ,
1781 5677 1968 5745 φησὶν,

399 5758 434 5827 ή
458 5757 637 5830 τροπὴ
669 5759 760 5814 τοῦ
792 5761 1064 5834 ἡμετέρου
1090 5762 1338 5831 σώματος
1364 5763 1534 5828 πάθος
1566 5763 1740 5832 ἐστὶν,
1766 5766 1794 5818 6
1825 5764 1882 5819 δὲ
1904 5768 1961 5821 ἐν

2078 3222 2168 3288 iis,
2201 3220 2292 3290 qui
2325 3216 2566 3290 mysterii
2611 3216 2877 3270 rationem
2930 3211 3142 3266 curiose
3194 3206 3498 3275 inquirunt.
3542 3203 3660 3258 Pri-

2081 3327 2230 3366 mutn
2264 3309 2450 3380 igitur,
2484 3306 2614 3377 quid
2646 3304 2834 3359 virtuti
2887 3317 2917 3355 e
2963 3297 3242 3354 contrario
3307 3295 3656 3365 respondeat,

2087 3402 2530 3459 consideremus.
2559 3399 2633 3454 Ut
2659 3399 2771 3452 luci
2801 3394 3060 3456 tenebrae,
3086 3402 3146 3447 ut
3176 3405 3322 3444 mors
3376 3388 3524 3454 vitae,
3578 3387 3658 3442 sic

2078 3491 2270 3550 virtuti
2301 3490 2491 3548 vitium
2536 3485 2872 3543 contrarium
2921 3490 3032 3548 est,
3089 3496 3154 3536 ac
3204 3479 3345 3532 nihil
3394 3487 3657 3548 praeterea

2079 3583 2247 3638 aliud.
2287 3580 2760 3649 Quemadmodum
2807 3576 2978 3637 enim,
3011 3587 3134 3628 cum
3178 3572 3358 3625 multa:
3413 3569 3524 3624 sint
3569 3581 3659 3622 res

2075 3675 2132 3730 in
2169 3684 2383 3739 natura,
2410 3674 2560 3726 nulla
2587 3683 2765 3725 tamen
2796 3667 2923 3732 luci,
2950 3667 3184 3735 vitaeque
3209 3678 3240 3718 e
3259 3660 3539 3716 contrario
3561 3675 3658 3729 op-

2076 3767 2324 3836 ponitur,
2353 3781 2464 3819 non
2496 3765 2655 3834 lapis,
2721 3776 2832 3814 non
2879 3759 3108 3829 lignum,
3169 3765 3278 3808 nun
3327 3767 3497 3822 aqua,
3542 3767 3661 3805 non

2078 3857 2265 3924 homo,
2301 3855 2453 3914 nulla
2472 3855 2712 3923 denique
2754 3850 2880 3915 alia,
2905 3857 3108 3919 praeter
3141 3846 3282 3911 illas,
3331 3859 3466 3913 quas
3529 3857 3670 3897 vere

2078 3947 2459 4018 cognoscimus
2487 3945 2623 4014 ipsis
2648 3956 2772 3998 esse
2811 3939 3139 4002 contrarias,
3191 3937 3431 3992 tenebras
3493 3935 3669 3988 nimi-

2076 4055 2198 4095 rum
2250 4047 2306 4092 et
2350 4051 2499 4090 mors
2528 4051 2544 4104 ;
2578 4034 2658 4089 sic
2681 4033 2846 4086 etiam
2879 4031 2934 4085 in
2957 4029 3157 4086 virtute
3187 4027 3277 4091 ﬁt,
3298 4029 3384 4082 cui
3443 4026 3582 4080 nihil
3624 4040 3666 4080 ο
3715 4064 3737 4078 κ

2077 4128 2352 4186 contrario
2374 4125 2496 4196 quis
2534 4121 2876 4195 opposuerit,
2911 4129 3105 4190 praeter
3135 4118 3352 4173 vitium.
3385 4117 3577 4185 Quare
3606 4117 3661 4171 si

2074 4224 2132 4279 in
2161 4221 2254 4276 Dei
2277 4229 2401 4275 ortu
2433 4219 2622 4274 vitium
2661 4213 2878 4283 aliquod
2915 4214 3094 4268 inesse
3117 4211 3349 4267 dicendo
3379 4208 3656 4264 concessi-

2087 4331 2234 4379 mus,
2255 4324 2469 4382 tempus
2492 4317 2631 4375 erat,
2659 4318 2721 4362 ut
2745 4304 3204 4376 quicontradicit,
3228 4302 3386 4358 ﬁdem
3412 4310 3662 4356 nostram

2073 4410 2380 4472 invaderet,
2404 4403 2552 4476 quod
2607 4400 2864 4464 absurda,
2907 4408 3224 4468 naturaeque
3256 4395 3470 4458 divinae.
3495 4394 3664 4448 mini—

2071 4491 2556 4562 meconvenientia
2586 4491 3021 4548 tradidissemus.
3046 4489 3238 4560 Neque
3267 4486 3417 4542 enim
3445 4485 3526 4540 las
3552 4486 3669 4541 fuit

2069 4597 2250 4666 ipsam
2279 4587 2622 4658 sapientiam,
2655 4593 2709 4642 et
2725 4582 3050 4646 bonitatem,
3083 4590 3137 4634 et
3163 4579 3659 4644 immortalitatem,

2067 4696 2122 4744 et
2159 4685 2204 4740 si
2235 4683 2365 4754 quid
2398 4678 2546 4738 aliud
2571 4678 2892 4750 praeclarqu
2913 4673 3144 4746 cogitari
3209 4671 3426 4740 dicique
3453 4677 3655 4738 potest,

2066 4789 2312 4837 asserere
2341 4773 2397 4827 in
2427 4770 2698 4830 contraria
2748 4769 3037 4826 decidisse.
3065 4765 3218 4833 QJOd
3247 4763 3294 4818 si
3329 4777 3454 4818 vera
3485 4761 3665 4816 virtus.

2068 4877 2156 4923 est
2187 4865 2354 4930 Deus,
2387 4873 2585 4918 natura
2620 4871 2804 4920 autem
2837 4857 3025 4913 virtuti
3057 4871 3171 4911 non
3206 4866 3292 4910 est
3353 4853 3661 4918 contraria,

2071 4957 2166 5016 sed
2189 4958 2406 5022 vitium,
2444 4955 2588 5014 Deus
2623 4968 2754 5010 vero
2783 4967 2896 5006 non
2935 4951 2988 5004 in
3035 4947 3186 5012 vitio,
3222 4947 3320 5002 sed
3351 4945 3408 5000 in
3477 4946 3657 4999 homi-

2069 5049 2157 5102 nis
2190 5056 2385 5104 natura
2448 5053 2609 5098 natus
2667 5051 2773 5107 est,
2829 5055 2932 5095 nec
2988 5039 3284 5110 quidquam
3336 5037 3656 5092 indecorum

2071 5154 2138 5194 ac
2202 5147 2382 5208 turpe,
2434 5144 2635 5206 praeter
2672 5134 2793 5198 vitii
2838 5131 3212 5197 affectionem,
3275 5133 3457 5200 inqua
3515 5129 3658 5182 Deus

2071 5241 2174 5286 nec
2195 5225 2320 5290 fuit,
2355 5238 2598 5279 necesse
2637 5222 2815 5292 potuit
2846 5240 2861 5276 :
2895 5223 3027 5292 quid
3072 5229 3332 5275 verentur
3381 5217 3652 5280 confiteri,

2070 5316 2241 5373 Deum
2273 5324 2520 5368 naturam
2548 5313 2840 5367 humanam
2871 5311 3132 5373 induisse,
3153 5324 3277 5364 cum
3308 5309 3363 5361 in
3417 5306 3656 5360 hominis

2072 5404 2478 5466 constructione
2534 5403 2667 5458 nihil
2724 5402 2916 5459 virtuti
2965 5399 3303 5458 contrarium
3341 5412 3463 5452 esse
3527 5412 3647 5450 cer-

2071 5495 2270 5565 natur}?
2351 5494 2541 5564 Neque
2607 5494 2754 5550 enim
2811 5494 2958 5563 quod
3013 5492 3242 5554 ratione,
3301 5487 3650 5560 cegitatione,

2071 5595 2258 5640 mente
2309 5585 2568 5655 prmditus
2631 5592 2740 5649 est,
2799 5594 2892 5638 aut
2973 5582 3036 5636 ad
3095 5580 3377 5634 scientiam
3475 5580 3650 5649 perci-

2076 5675 2326 5747 piendam
2357 5675 2608 5742 idoneus,
2638 5690 2739 5730 nec
2773 5673 3075 5744 quidquam
3101 5672 3247 5728 aliud
3271 5687 3483 5735 eorum,
3524 5687 3646 5740 quae

2072 5777 2279 5824 natura:
2362 5768 2619 5825 humanae
2694 5764 2917 5839 propria
2990 5776 3141 5836 sunt,
3221 5765 3526 5822 abhorrent
3611 5777 3644 5819 ει
