4120 6292
2080 310 2195 321 νω--ι

511 387 617 446 2-3

1729 393 2113 455 EU'l‘llYMll
2156 398 2516 459 ZIGABENI

3652 408 3762 470 22.4

456 504 471 515 '
509 496 826 553 deﬁnitione
855 498 1088 554 virtutis.
1120 501 1190 554 At
1216 499 1353 570 ipsa,
1381 500 1614 569 inquies,
1640 503 1811 555 nostri
1838 505 2081 572 corporis

2186 510 2352 577 τούτῳ
2411 509 2652 577 γεγονὼς
2693 512 2751 565 ὲν
2807 513 2967 568 πάθει
3020 512 3251 581 γίνεται.
3314 513 3554 578 unum;
3587 512 3645 569 δδ
3694 520 3763 571 τὸ

511 587 819 642 immutatio
861 589 988 657 quid
1023 589 1167 644 aliud
1204 597 1304 655 est,
1330 606 1490 659 quam
1516 590 1733 645 aﬂectio
1770 609 1832 646 ac
1872 605 2087 662 pertur-

509 678 677 741 ba-tio,
698 693 727 731 a
755 695 878 747 qua,
908 680 1000 747 qui
1033 682 1086 733 in
1123 695 1350 750 corpore
1380 692 1483 747 est,
1512 682 1702 737 abesse
1727 699 1836 736 non
1872 686 2087 752 potest?

510 768 652 822 Deus
670 778 848 823 autem
881 771 1058 824 omnis
1089 772 1514 840 perturbationis
1540 783 1625 827 est
1646 790 1858 842 expers.
1885 773 2089 840 Quam-

508 860 697 913 obrem
724 859 828 913 Deo
850 861 1025 915 aliena
1055 872 1139 916 est
1167 863 1281 917 haec
1315 865 1523 934 Opinio,
1556 865 1600 919 si
1639 866 1854 933 quidem
1892 866 2081 933 Deum,

507 950 600 1017 qui
636 957 827 1003 natura
860 966 954 1003 sua
1010 962 1164 1007 vacat
1204 957 1349 1008 omni
1406 956 1831 1024 perturbatione,
1859 958 1925 1012 ad
1963 974 2085 1013 eam

509 1037 892 1106 degustandam
940 1042 1155 1097 venisse
1206 1046 1532 1113 pnedicatis.
1577 1047 1656 1100 Ad
1707 1049 1823 1103 hate
1874 1065 2087 1119 quoque

505 1125 832 1181 confutanda
860 1131 1104 1185 eamdem
1134 1136 1399 1189 rationem
1439 1137 1836 1197 adhibebimus.
1883 1138 2085 1193 dicem.

505 1230 676 1283 usque
722 1218 1086 1287 aﬂ‘cctionem,
1128 1240 1224 1279 seu
1275 1227 1738 1294 perturbationem
1800 1230 2086 1299 dupliciter

506 1306 702 1376 accipi,
738 1311 956 1379 proprie
987 1322 1043 1366 ct
1076 1313 1390 1384 improprie.
1416 1317 1548 1381 Qua:
1572 1319 1716 1373 enim
1748 1321 2082 1375 voluntatem

505 1398 741 1467 attingit,
773 1416 1001 1469 eamque
1038 1419 1065 1457 a
1100 1405 1295 1459 virtute
1323 1408 1541 1462 deducit
1573 1411 1640 1463 ad
1697 1410 1910 1475 vitium,
1958 1426 2086 1465 vere

505 1486 705 1541 dicitur
748 1493 1099 1557 perturbatio.
1133 1494 1263 1559 Quae
1290 1506 1469 1551 autem
1510 1500 1701 1553 ordine
1736 1501 1967 1568 quodam
1986 1517 2085 1557 suo

506 1592 603 1645 per
633 1590 877 1635 naturam
910 1597 1176 1640 commeat
1231 1597 1391 1657 atque
1417 1591 1776 1659 progreditur,
1816 1608 1879 1646 ea
1914 1595 2083 1663 magis

507 1671 726 1739 preprie
772 1674 934 1735 actio,
980 1692 1141 1744 quam
1187 1680 1527 1745 perturbatio
1578 1691 1758 1749 posset
1798 1685 2081 1752 appellari,

508 1760 682 1827 qualis
709 1770 993 1829 estortus,
1027 1776 1397 1834 augmentum,
1445 1770 1787 1838 subjectique
1836 1788 1933 1842 per
1980 1789 2079 1828 ac-

506 1851 808 1906 cessionem
845 1856 1315 1926 secessionemque
1368 1860 1477 1914 cibi
1526 1864 1884 1931 conservatio,
1909 1874 1965 1919 et
2012 1867 2081 1921 ad

507 1956 709 2011 corpus
785 1946 871 1999 vel
923 1949 1363 2005 constituendum
1439 1955 1602 2008 coitio
1662 1964 1718 2010 ει
1784 1972 2085 2015 concursus

507 2032 924 2100 ilementorum,
959 2039 1043 2091 vel
1073 2040 1472 2096 dissolvendum
1514 2045 1832 2100 eorumdem
1857 2049 2085 2104 distrac-

509 2122 604 2187 tio,
635 2132 691 2176 et
725 2125 791 2178 ad
822 2126 1098 2194 proprium
1129 2130 1395 2199 cujusque
1426 2131 1601 2186 locum
1656 2136 1860 2190 reditus
1926 2147 2089 2206 atque

506 2213 767 2267 seceSsio.
802 2215 988 2270 Utram
1021 2217 1184 2287 igitur
1233 2220 1425 2275 harum
1478 2227 1798 2292 mysterium
1840 2237 2086 2281 nostrum

505 2305 703 2357 asserit
733 2306 897 2360 Deum
924 2309 1205 2378 attigisse?
1237 2325 1451 2376 eamne,
1482 2329 1603 2383 qua:
1631 2316 1851 2386 proprie
1876 2326 2086 2387 pertur-

507 2393 651 2447 batio
682 2407 919 2463 vocatur,
960 2409 1013 2451 et
1060 2400 1249 2454 vitium
1289 2411 1394 2469 est,
1441 2419 1513 2457 an
1565 2404 1734 2470 illam,
1781 2422 1904 2475 qua:
1948 2408 2086 2463 nihil

510 2484 658 2538 aliud
686 2494 791 2551 est,
822 2502 985 2556 quam
1022 2490 1185 2553 actio,
1215 2499 1268 2545 et
1291 2500 1472 2547 motus
1520 2494 1742 2562 quidam
1773 2498 2087 2552 .naturalis?

507 2574 566 2628 Si
597 2576 742 2628 enim
768 2574 822 2629 in
851 2577 1089 2631 motibus
1121 2578 1226 2633 illis
1246 2581 1427 2649 pravis
1449 2597 1513 2637 ac
1541 2584 1887 2652 repudiandis
1914 2586 2084 2641 Deum

504 2679 627 2719 esse
675 2674 862 2719 natum
912 2670 1387 2736 contenderemus,
1444 2672 1747 2728 doctrinam
1790 2676 2085 2732 absurdam

504 2754 742 2824 cliugere
783 2767 1082 2824 Operti-ret,
1138 2770 1197 2812 ut
1249 2776 1369 2829 qua:
1421 2762 1559 2816 nihil
1592 2766 1707 2819 sani
1743 2767 1977 2821 traderet
2012 2769 2082 2823 de

508 2852 705 2897 natura
732 2845 936 2900 divina.
962 2847 1097 2902 Cum
1133 2859 1315 2905 autem
1338 2851 1601 2918 dieamus,
1632 2853 1799 2910 Deum
1828 2867 2086 2913 naturam

510 2940 828 3000 humanam,
863 2939 1021 3008 cujus
1053 2939 1197 2995 idem
1230 2941 1344 3011 ipse
1369 2953 1562 3000 auctor
1592 2947 1925 3019 eﬂ‘ectorque
1963 2950 2085 3015 fuit,

505 3028 888 3095 assumpsisse,
934 3029 1063 3098 quid
1091 3031 1405 3100 absurdum,
1449 3043 1543 3090 aut
1571 3038 1714 3106 quod
1753 3038 1863 3093 Deo
1907 3040 2088 3095 minus

505 3118 813 3181 conveniat,
844 3120 1240 3186 praedicamus?
1265 3123 1410 3177 Nihil
1449 3127 1592 3180 enim
1628 3127 1695 3181 de
1722 3127 1815 3182 illo
1858 3130 2084 3184 creden-
2109 3158 2154 3221 α

504 3208 636 3260 ilum
676 3210 960 3274 tradimus,
994 3213 1137 3280 quod
1182 3216 1666 3283 perturbationem,
1722 3228 1819 3272 aut
1863 3219 2077 3290 vitium,

505 3308 600 3351 aut
634 3301 1024 3368 turpitudinem
1074 3302 1360 3372 signiticet.
1394 3304 1577 3376 Neque
1625 3310 1769 3363 enim
1814 3312 2085 3366 medicum

507 3388 697 3441 morbo
761 3390 898 3445 allici
965 3391 1215 3456 dicimus,
1267 3396 1488 3463 quando
1538 3398 1731 3453 morbo
1776 3399 2087 3456 laborantes

507 3486 684 3531 curat.
710 3479 843 3534 Nam
873 3482 1001 3537 licet
1033 3500 1127 3539 eos
1154 3485 1352 3542 invisat
1398 3497 1454 3541 et
1476 3490 1727 3560 attingat,
1759 3490 1875 3561 ipse
1904 3502 2086 3547 tamen

505 3569 655 3624 nullo
712 3572 888 3626 morbi
944 3573 1291 3630 incommodo
1354 3578 1604 3636 alIicitur.
1658 3582 1815 3647 Quod
1852 3584 1899 3639 si
1932 3585 2086 3641 nasci

504 3671 732 3717 nonest
784 3664 1006 3730 malum,
1063 3680 1134 3721 ne
1187 3667 1372 3724 vivere
1430 3671 1652 3740 quidem
1703 3673 1906 3728 malum
1964 3690 2085 3732 esse

504 3753 725 3808 dixeris.
757 3755 827 3809 At
848 3757 1139 3826 voluptatis
1161 3759 1397 3828 all'eetio,
1443 3764 1680 3833 inquies,
1729 3780 1850 3834 quae
1901 3777 2084 3823 ortum

503 3847 795 3913 antecedit,
832 3849 1240 3923 viventiumque
1264 3854 1333 3909 ad
1372 3857 1574 3910 malum
1606 3857 1910 3928 vitiumque
1943 3877 2073 3930 pro-

500 3937 714 4006 pensio,
744 3951 950 3997 natura:
977 3953 1175 3999 nostra:
1206 3956 1334 4000 sunt
1363 3948 1562 4003 morbi.
1602 3948 1741 4014 Quid
1767 3950 1922 4019 tum}?
1956 3968 2081 4007 cum

500 4027 570 4081 ab
603 4036 835 4098 utroque
859 4032 1091 4086 liberum
1126 4034 1302 4103 ipsum
1326 4035 1496 4092 fuisse
1534 4041 1849 4109 mysterium
1873 4043 2083 4097 tradat?

499 4119 656 4183 Quod
682 4121 725 4174 si
761 4133 814 4175 et
842 4121 960 4178 sine
1007 4126 1285 4195 voluptate
1335 4130 1551 4198 genitus
1610 4140 1715 4194 est,
1749 4141 1805 4185 et
1852 4133 2018 4188 vitam
2050 4149 2082 4188 a

501 4209 636 4262 vitio
666 4213 1087 4267 remotissimam
1116 4216 1244 4284 egit,
1277 4219 1486 4284 ecquod
1517 4218 1786 4287 reliquum
1835 4229 1918 4274 est
1965 4237 2082 4275 ma-

499 4301 639 4365 lum,
687 4302 844 4369 cujus
898 4303 1071 4356 Deum
1120 4305 1457 4373 participem
1489 4307 1708 4376 pietatis
1759 4312 2075 4378 mysterium

502 4392 649 4444 dicat
674 4391 987 4446 exstitisse?
1010 4393 1107 4447 Sin
1139 4395 1333 4464 aliquis
1363 4396 1526 4449 animi
1553 4412 1583 4449 a
1607 4412 1833 4466 corpore
1863 4399 2084 4468 sejunc-

497 4482 705 4533 tionem
737 4481 937 4535 malum
971 4485 1223 4554 appellat,
1257 4488 1304 4541 is
1356 4502 1571 4555 aequum
1630 4496 1768 4555 erat,
1821 4503 1878 4544 ut
1930 4490 2080 4559 prius
2114 4495 2155 4550 D

501 4571 937 4639 conjunctionem
978 4576 1256 4643 utriusque
1288 4576 1491 4629 malum
1518 4579 1838 4646 appellaret.
1868 4578 2003 4633 Nam
2029 4580 2077 4634 si

501 4662 878 4730 capulatorum
918 4663 1212 4732 disjunctio
1240 4665 1378 4718 mala
1429 4675 1535 4731 est,
1589 4678 1643 4722 et
1686 4668 2083 4737 disjunctorum

495 4752 770 4819 copulatio
813 4762 895 4805 est
944 4754 1106 4805 mala.
1167 4750 1463 4822 Utrobique
1515 4755 1661 4808 enim
1717 4765 1804 4810 εει
1859 4757 2080 4825 quidam

492 4848 695 4906 motus,
727 4851 785 4896 ut
811 4842 1267 4910 quemadmodum
1304 4853 1731 4912 consequentem
1773 4860 1958 4910 vocas,
2001 4848 2082 4901 sic

491 4931 656 4984 ctiam
690 4934 1079 5000 pnecedcntem
1110 4948 1303 4989 vocare
1327 4932 1549 4988 debeas.
1567 4934 1834 4998 Quocirca
1856 4938 1902 4990 si
1929 4937 2078 5005 prior

494 5037 698 5092 motus,
746 5042 908 5096 quem
955 5038 1136 5083 ortum
1185 5029 1457 5092 nominas,
1509 5044 1621 5083 non
1653 5040 1737 5083 est
1769 5032 1964 5095 malus,
2005 5046 2078 5085 ne

494 5120 764 5187 posterior
783 5118 1024 5188 quidem,
1052 5136 1213 5190 quem
1242 5132 1471 5176 mortem
1496 5122 1653 5184 dicis,
1691 5138 1795 5191 qua
1834 5123 2079 5192 corporis

489 5210 771 5279 animique
832 5212 1146 5281 conjunctio
1217 5213 1563 5278 distrahitur,
1624 5215 1797 5269 malus
1871 5214 2079 5284 poterit

492 5299 776 5367 appellari.
836 5298 942 5354 Nos
992 5309 1177 5353 autem
1248 5301 1414 5356 Deum
1475 5304 1708 5358 dicimus
1744 5305 1795 5357 iu
1848 5315 2079 5373 utroque

492 5387 661 5447 fuisse
710 5401 884 5458 motu,
941 5401 1054 5446 tum
1091 5393 1143 5445 in
1199 5393 1309 5460 illo,
1354 5410 1463 5463 quo
1489 5396 1705 5449 animus
1761 5405 1816 5449 et
1877 5410 2077 5463 corpus

495 5492 851 5548 concurrunt,
887 5492 1000 5537 tmn
1029 5484 1082 5539 in
1101 5498 1189 5552 eo,
1213 5501 1309 5556 per
1338 5501 1497 5555 quem
1533 5486 1749 5539 animus
1782 5499 1811 5539 a
1839 5500 2069 5555 corpore

497 5582 799 5640 separatur.

987 5690 1071 5746 Ex
1097 5698 1278 5747 eadem
1310 5694 1573 5747 oratione.

569 5776 702 5833 Cum
727 5788 907 5837 autem
937 5798 1077 5839 unus
1102 5785 1443 5844 sitomnibus
1466 5787 1781 5846 hominibus
1807 5784 1875 5842 ad
1901 5784 2065 5842 vitam

2191 599 2365 655 Θείον.
2401 602 2611 655 Οὐκοῦν
2638 602 2896 673 ἀλλοτρία
2930 604 3061 673 περὶ
3084 605 3223 658 Θεοῦ
3261 607 3292 675 ή
3346 605 3640 675 ὑπόληψις,
3685 611 3765 662 εί-

2194 709 2300 761 περ
2332 692 2423 744 τὸν
2452 693 2640 762 ἅπαθῆ
2678 696 2819 747 κατά
2843 695 2943 766 τὴν
2972 696 3135 761 φύσιν
3158 696 3297 768 πρὸς
3323 699 3615 750 κοινωνίαν
3660 716 3765 752 πο.-

2191 783 2319 846 θους
2346 785 2522 838 ἐλθεῖν
2545 786 2603 838 τὸ
2637 788 2901 856 κήρυγμα
2927 788 3249 856 διορίζεται.
3293 789 3454 841 ’Δλλὰ
3493 790 3587 843 καὶ
3623 791 3759 860 πρὸς

2187 876 2359 931 ταῦτα
2381 877 2545 931 πάλιν
2572 877 2649 946 τῷ
2670 877 2823 947 αύτῷ
2846 877 2989 947 λόγῳ
3018 879 3354 949 χρησόμεθα,
3385 881 3466 933 ὅτι
3498 880 3674 942 πάθος
3698 881 3762 932 τὸ

2191 970 2290 1039 μὲν
2320 970 2547 1038 κυρίως,
2570 970 2632 1023 τὸ
2657 969 2716 1022 δὲ
2741 969 2805 1022 ὲκ
2836 971 3231 1040 καταχρήσεως
3263 970 3508 1037 λέγεται.
3542 971 3617 1023 Τὸ
3658 970 3761 1040 μὲν

2190 1062 2282 1115 οὖν
2324 1062 2702 1131 προαιρέσεως
2734 1063 3064 1132 ἁπτόμενον,
3100 1064 3193 1116 καὶ
3227 1062 3365 1133 πρὸς
3396 1064 3607 1117 κακίαν
3649 1063 3762 1115 ἀπὸ

2187 1151 2287 1220 τῆς
2316 1150 2521 1221 ἀρετῆς
2558 1152 2957 1219 μεταστρέφον,
2987 1151 3201 1219 ἀληθῶς
3227 1154 3398 1215 πάθος
3420 1154 3557 1215 ἐστὶ,
3606 1153 3666 1205 τὺ
3712 1152 3760 1205 δ’

2187 1242 2311 1295 ὅσον
2351 1244 2408 1293 ὲν
2435 1244 2502 1311 τῇ
2534 1242 2695 1309 φύσει
2719 1242 2863 1295 κατὰ
2891 1242 2984 1294 τὸν
3012 1243 3143 1296 ίδιον
3179 1244 3371 1312 εἱρμὸν
3408 1244 3758 1312 πορευομένῃ

2185 1333 2495 1398 διεξοδικῶς
2526 1335 2840 1406 θεωρεῖται,
2875 1335 3034 1388 τοῦτο
3079 1333 3412 1404 κυριώτερον
3464 1335 3631 1404 ἔργον
3689 1337 3759 1387 ἂν

2189 1429 2389 1500 μᾶλλον
2425 1427 2459 1497 ἢ
2491 1427 2664 1489 πάθος
2694 1426 3182 1497 προσαγορεύοιτοο
3214 1420 3326 1480 οἷον
3352 1429 3385 1496 ἠ
3416 1428 3693 1494 γέννησις,
3721 1429 3756 1495 ἠ

2187 1520 2495 1588 αύξησις,ἡ
2552 1518 2643 1575 διὰ
2684 1519 2783 1588 τῆς
2834 1518 3132 1587 ἐπιρρύτου
3184 1534 3243 1570 τε
3290 1521 3386 1570 καὶ
3440 1517 3756 1587 ἀπορρύτου

2184 1611 2392 1680 τροφῆς
2417 1610 2512 1663 τοῦ
2546 1610 2912 1677 ὑποκειμένου
2947 1609 3203 1681 διαμονὴ,
3241 1612 3272 1680 ἠ
3317 1610 3427 1663 τῶν
3476 1608 3757 1678 στοιχείων

2186 1701 2316 1769 περὶ
2342 1702 2404 1753 τὸ
2431 1700 2593 1770 σῶμα
2622 1700 2919 1771 συνδρομὴ,
2970 1703 3003 1769 ὴ
3049 1700 3144 1753 τοῦ
3186 1700 3536 1764 συντεθέντος
3593 1700 3759 1753 πάλιν

2186 1791 2427 1853 διάλυσις
2447 1807 2508 1845 τε
2538 1792 2633 1845 καὶ
2654 1790 2790 1861 πρὸς
2811 1791 2881 1845 τὰ
2906 1792 3143 1859 συγγενῆ
3174 1789 3577 1861 μεταχώρησις.
3602 1790 3758 1853 Τίνος

2187 1884 2280 1939 οὖν
2310 1883 2456 1951 λέγει
2484 1883 2546 1937 τὸ
2587 1885 2884 1954 μυστήριον
2920 1883 3075 1952 ἡμῶν
3121 1877 3293 1953 ἧφθαι
3323 1882 3383 1934 τὸ
3441 1880 3617 1946 Θεῖον,
3665 1883 3758 1935 τοῦ

2187 1973 2398 2045 κυρίως
2439 1973 2744 2042 λεγομάνου
2779 1972 3011 2037 πάθους,
3071 1974 3207 2043 ὅπερ
3263 1972 3465 2035 κακίας
3514 1973 3685 2035 ἐστὶν,
3725 1973 3761 2041 ἢ

2184 2066 2281 2120 τοῦ
2305 2065 2451 2120 κατὰ
2478 2065 2644 2135 φύσιν
2672 2067 3007 2135 κινήματος;
3033 2064 3095 2116 Εἰ
3126 2063 3230 2133 μὲν
3252 2064 3361 2133 γὰρ
3391 2064 3450 2115 ὲν
3470 2066 3582 2125 τοῖς
3613 2064 3762 2115 άπα-

2186 2159 2568 2231 γορευομένοις
2602 2159 2958 2228 γεγεννῆσθαι
2984 2157 3045 2212 τὸ
3078 2156 3234 2210 estw
3259 2159 3287 2209 ὁ
3308 2156 3468 2222 λόγος
3486 2156 3765 2227 δικ-χορί-

2186 2250 2334 2314 ζετο.
2372 2250 2597 2319 φεύγειν
2630 2249 2739 2302 ἔδει
2765 2250 2870 2318 τὴν
2912 2247 3147 2301 ἀτοπίαν
3203 2246 3298 2299 τοῦ
3333 2246 3624 2314 δόγματος,
3685 2244 3765 2305 ὡς

2185 2340 2338 2394 οὐδὲν
2377 2340 2529 2407 ὑγιὲς
2565 2340 2693 2408 περὶ
2722 2340 2821 2408 τῆς
2846 2337 2995 2401 θείας
3024 2328 3235 2405 φύσεως
3270 2336 3563 2400 διεξιόντος
3586 2347 3607 2369 ο
3634 2333 3765 2386 εἰδὲ

2184 2436 2283 2504 τῆς
2313 2433 2530 2503 φύσεως
2559 2432 2718 2503 ἡμῶν
2746 2431 2911 2485 αὑτὸν
2946 2430 3191 2502 ὲφῆφθαι
3225 2429 3401 2497 λέγει,
3446 2424 3516 2501 ἧς
3577 2430 3673 2482 καὶ
3725 2430 3761 2496 ἡ

2187 2525 2380 2596 πρώτη
2411 2523 2626 2591 γένεσίς
2651 2539 2709 2575 τε
2754 2522 2852 2577 καὶ
2892 2522 3194 2583 ὑπόστασις
3248 2517 3378 2589 παρ’
3441 2516 3606 2571 αὐτοῦ
3660 2516 3766 2586 τὴν

2187 2613 2362 2685 ἀρχὴν
2377 2613 2525 2683 ἔσχε,
2548 2612 2651 2665 ποῦ
2677 2613 2776 2682 τῆς
2799 2611 2920 2681 Θεῷ
2948 2611 3264 2680 πρεπούσης
3291 2609 3500 2671 ἐννοίας
3525 2608 3758 2677 διαμαρ-

2185 2708 2338 2762 τάνει
2373 2707 2434 2760 τὸ
2460 2707 2747 2776 κηρυγμα,
2781 2705 3056 2775 μηδεμιᾶς
3107 2701 3418 2773 παθητικῆς
3468 2700 3764 2763 διαθέσεως
3823 2758 3827 2762 ,

2186 2800 2245 2852 ὲν
2275 2801 2397 2862 ταῖς
2422 2798 2553 2867 περὶ
2586 2797 2725 2851 Θεοῦ
2762 2795 3067 2867 ὑπολήψεσι
3097 2797 3164 2864 τῇ
3193 2795 3374 2848 πίστει
3424 2794 3719 2859 συνιούσης
3744 2810 3759 2858 ;
3811 2838 3821 2862 ,

2188 2890 2322 2944 Οὐδὲ
2364 2889 2472 2959 γὰρ
2504 2891 2593 2944 τὸν
2629 2888 2812 2960 ἰατρὸν
2870 2888 2928 2941 ὲν
2978 2887 3142 2941 πάθει
3182 2887 3433 2955 γίνεσθαι
3492 2884 3760 2955 λέγομεν,
3814 2889 3819 2909 ’

2190 2985 2320 3038 ὅταν
2342 2982 2623 3054 θεραπεύῃ
2652 2981 2744 3034 τὸν
2768 2981 2826 3033 ὲν
2876 2979 3037 3034 πάθει
3068 2978 3374 3048 γινόμενον.
3432 2977 3599 3030 Ἀλλά
3657 2979 3764 3031 κᾶν

2188 3075 2535 3148 προσάψηται
2564 3072 2658 3127 τοῦ
2686 3073 2946 3143 ἀρρωστή
2956 3088 3146 3142 ματος,
3174 3071 3279 3136 ἔξω
3307 3070 3514 3134 πάθους
3541 3072 3568 3124 ό
3597 3069 3765 3141 θερα-

2188 3168 2397 3237 πευτὴς
2452 3165 2719 3236 διαμένει.
2784 3164 2906 3234 Eii}
2966 3162 3184 3231 γένεσις
3215 3160 3357 3234 αὑτὴ
3400 3161 3524 3216 καθ’
3559 3163 3764 3232 ἑαυτὴν

2187 3257 2472 3321 πάθοςούκ
2501 3257 2669 3322 εστιν,
2698 3255 2811 3310 οὐδ’
2831 3255 2899 3309 ἂν
2934 3254 3035 3323 τὴν
3064 3252 3211 3325 ζωήν
3239 3270 3322 3317 τις
3354 3253 3523 3318 πάθος
3552 3270 3767 3324 προσαι-

2189 3351 2523 3418 γορεύσειεν.
2594 3344 2755 3399 Ἀλλά
2784 3343 2848 3397 τὸ
2874 3342 2997 3398 καθ’
3015 3343 3231 3415 ἡδονὴν,
3264 3343 3418 3414 φησὶ,
3457 3344 3629 3406 πάθος
3657 3345 3760 3412 τῆς

2188 3434 2538 3505 ἀνθρωπίνης
2558 3432 2879 3502 καθηγεῖται
2905 3432 3189 3501 γενέσεως,
3214 3432 3307 3485 καὶ
3338 3434 3372 3503 ἡ
3395 3433 3527 3500 πρὸς
3559 3433 3765 3487 κακίαν

2186 3526 2301 3581 τῶν
2326 3525 2549 3589 ζώντων
2590 3524 2738 3596 ὁρμὴ
2794 3524 2953 3578 τοῦτο
2996 3525 3097 3595 τῆς
3159 3524 3378 3593 φύσεως
3420 3527 3582 3595 ἡμῶν
3608 3529 3763 3579 ἐστιν

2186 3616 2546 3688 ἀρρώστημα.
2595 3615 2758 3670 Ἀλλὰ
2790 3616 2897 3688 μὴν
2925 3615 3253 3686 ἀμφοτέρων
3282 3617 3447 3670 αὑτὸν
3476 3616 3762 3687 καθαρεύ-

2185 3725 2265 3761 ειν
2292 3710 2428 3778 φησὶ
2456 3708 2519 3760 τὸ
2547 3708 2865 3779 μυστήριον.
2903 3708 2962 3762 El
2988 3708 3082 3761 οὖν
3110 3709 3307 3779 ἡδονῆς
3340 3710 3439 3777 μὲν
3476 3711 3508 3779 ἡ
3545 3712 3762 3778 γένεσις

2184 3798 2349 3852 αὑτοῦ
2385 3798 2765 3870 ἠλλοτρίωται,
2786 3799 2982 3863 κακίας
3012 3800 3068 3851 δὲ
3098 3801 3130 3870 ή
3154 3799 3286 3869 ζωὴ,
3316 3802 3469 3855 ποῖον
3486 3800 3707 3852 ύπολέλε
3719 3820 3765 3853 ι-

2183 3909 2315 3946 πται
2340 3892 2530 3955 πάθος,
2566 3885 2627 3945 οὗ
2648 3891 2742 3944 τὸν
2771 3892 2904 3945 Θεὸν
2936 3893 3393 3962 κεκοινωνηκέναι
3419 3894 3552 3963 φησὶ
3573 3893 3632 3945 τὸ
3658 3893 3773 3969 τῆς

2183 3983 2467 4047 εὐσεϐείας
2500 3985 2842 4054 μυστήριον;
2875 3985 2937 4036 Εί
2974 3984 3033 4036 δέ
3072 4001 3156 4046 τις
3178 3985 3278 4054 τὴν
3337 3985 3433 4035 τοῦ
3502 3983 3759 4053 σώματος
3806 4026 3815 4033 .

2184 4076 2281 4131 καὶ
2306 4076 2404 4144 τῆς
2438 4074 2619 4144 ψυχῆς
2640 4075 2921 4139 διάζευξιν
2943 4075 3113 4138 πάθος
3145 4074 3577 4145 προσαγορεύοι,
3617 4076 3803 4127 stolis"

2182 4168 2453 4236 πρότερον
2481 4167 2694 4219 δίκαιον
2733 4167 2799 4220 ἂν
2835 4169 2919 4235 εἴη
2955 4170 3054 4237 τὴν
3086 4168 3393 4236 συνδρομὴν
3426 4168 3758 4236 ἀμφοτέρων

2182 4256 2326 4311 οὕτω
2355 4258 2751 4325 κατονομάσαι.
2779 4258 2841 4310 El
2871 4258 2980 4328 γὰρ
3013 4260 3040 4310 ό
3060 4258 3335 4329 χωρισμὸς
3373 4258 3484 4310 τῶν
3513 4274 3760 4325 συνηνω-

2185 4349 2366 4417 μένων
2397 4350 2566 4412 πάθος
2598 4350 2737 4414 ἐστὶ,
2767 4351 2863 4403 καὶ
2921 4351 2954 4420 ή
2983 4351 3253 4418 συνάφεια
3280 4349 3389 4401 τῶν
3438 4349 3753 4401 διεστώτων

2185 4441 2358 4502 πάθος
2386 4440 2456 4493 ἂν
2482 4440 2590 4508 εἴη.
2625 4440 2853 4510 Κίνησις
2908 4441 3017 4508 γάρ
3062 4442 3146 4501 τίς
3171 4441 3319 4492 ἐστιν
3345 4439 3403 4491 ἐν
3434 4455 3493 4490 τε
3528 4442 3593 4507 τῇ
3620 4454 3769 4521 συγ-β

2185 4532 2366 4604 κρίσει
2398 4532 2505 4585 τῶν
2523 4532 2833 4586 διεστώτων
2867 4534 2960 4585 καὶ
2982 4533 3039 4583 ὲν
3064 4534 3135 4600 τῇ
3166 4532 3439 4601 διακρίσει
3472 4530 3581 4583 τῶν
3620 4547 3772 4603 εὐμ-⁹

2192 4625 2607 4693 πεπλεγμένων,
2626 4626 2720 4677 καὶ⁵
2744 4626 3062 4693 ἡνωμένων.
3082 4623 3263 4692 Ὅπερ
3296 4622 3475 4673 τοίνυν
3510 4622 3541 4690 ὴ
3565 4620 3755 4673 τελευ-

2185 4718 2314 4772 ταία
2345 4717 2558 4787 κίνησις
2581 4716 2930 4785 ὀνομάζεται,
2961 4713 3120 4765 τοῦτο
3145 4713 3421 4781 προσήκει
3455 4710 3747 4763 καλεῖσθαι

2188 4809 2279 4862 καὶ
2311 4809 2411 4878 τὴν
2470 4807 2839 4876 προάγουσαν.
2900 4806 2964 4857 Εἰ
3003 4804 3059 4857 δὲ
3089 4805 3122 4873 ἡ
3161 4804 3352 4873 πρώτη
3406 4802 3640 4871 κίνησις,
3688 4805 3756 4872 ἦν

2183 4902 2396 4970 γένεσιν
2452 4898 2819 4968 ὀνομάζομεν,
2881 4896 3055 4960 πάθος
3105 4896 3208 4949 οὐκ
3263 4896 3432 4960 ἔστιν,
3477 4895 3590 4947 οὐδ’
3620 4895 3687 4947 ἂν
3721 4897 3754 4965 η

2182 4992 2411 5059 δευτέρα
2456 4991 2691 5059 κίνησις,
2749 4992 2814 5059 ἣν
2872 4989 3102 5042 θάνατον
3158 4987 3517 5057 ὀνομάζομεν,
3582 4988 3755 5049 πάθος

2183 5085 2251 5137 ἂν
2287 5083 2427 5134 κατὰ
2449 5083 2508 5134 τὸ
2541 5082 2836 5135 ἀκόλουθον
2874 5082 3108 5148 λέγοιτο,
3138 5079 3261 5132 καθ’
3309 5081 3375 5150 ἢν
3405 5082 3438 5148 ἡ
3472 5078 3755 5147 συνδρομὴ

2180 5175 2274 5228 τοῦ
2326 5176 2579 5241 σώματος
2638 5177 2732 5227 καὶ
2782 5173 2885 5242 τῆς
2942 5172 3121 5242 ψυχῆς
3148 5173 3501 5241 διακρίνεται.
3543 5172 3647 5223 Τὸν
3695 5170 3755 5221 δὲ

2180 5267 2313 5320 Θεόν
2342 5283 2523 5334 φαμεν
2553 5270 2610 5318 ἐν
2634 5267 2868 5334 ἑκατέρᾳ
2895 5263 3259 5333 γεγεννῆσθαι
3290 5266 3366 5341 τῇ
3394 5264 3492 5334 τῆς
3534 5262 3753 5346 φύσεως

2179 5358 2414 5427 κινήσει,
2445 5357 2514 5411 δι’
2545 5353 2610 5427 ἧς
2650 5358 2683 5427 ἡ
2718 5373 2779 5409 τε
2812 5355 2959 5426 ψυχὴ
2998 5355 3134 5424 πρὸς
3160 5354 3225 5406 τὸ
3250 5353 3409 5423 σῶμα
3444 5352 3753 5421 συντρέχει,

2179 5446 2240 5498 τό
2268 5461 2326 5497 τε
2363 5447 2522 5515 σῶμκ
2553 5446 2650 5515 τῆς
2677 5445 2867 5514 ψυχῆς
2899 5444 3260 5515 διακρίνεται.

2612 5690 2713 5742 Ἐκ
2742 5688 2846 5743 τοῦ
2888 5687 3080 5743 αὐτοῦ
3109 5689 3329 5757 λόγου.

2248 5782 2395 5846 Μιᾶς
2420 5782 2475 5835 δὲ
2512 5784 2678 5835 πᾶσιν
2701 5780 3009 5852 ἀνθρώποις
3039 5784 3136 5854 τῆς
3170 5782 3245 5845 είς
3282 5782 3381 5850 τὴν
3409 5777 3555 5849 ζωὴν
3580 5775 3746 5848 οὔσης
