4120 6292
360 389 476 453 225

1323 395 1701 457 PANOPLIA
1741 394 2202 456 DOGMATICA.
2233 419 2302 429 -
2340 393 2488 456 TlT.
2531 395 2668 458 VII.

3519 399 3626 463 2:26

358 502 627 572 παρόδου,
659 499 826 554 πόθεν
856 500 962 556 ἔδει
1015 502 1108 555 τὸν
1134 502 1374 558 εἰσιόντα
1401 503 1540 575 πρὸς
1589 505 1739 574 ἡμᾶς
1768 506 1936 558 εἰσοι-

2046 505 2237 569 aditus,
2263 506 2405 560 unde
2452 505 2740 574 Oportebat
2783 505 3136 564 accedentem
3183 510 3250 563 ad
3293 527 3392 566 nos
3444 513 3611 570 Deum

360 591 628 659 κισθῆναι
660 590 742 659 τῷ
771 591 873 660 βίῳ
904 608 919 656 ;
964 590 1056 656 Ἐξ
1084 593 1340 662 ούρανοῦ,
1371 595 1538 664 φήσει
1565 595 1732 665 τυχὸν
1759 596 1787 649 ό
1821 594 1940 648 δια-

358 683 552 737 πτύων
572 681 648 744 ώς
671 681 897 751 αἰσχρόν
923 698 980 735 τε
1011 685 1106 736 καὶ
1138 683 1324 748 ἄδοξον
1346 685 1408 736 τὸ
1432 679 1574 747 εἶδος
1596 685 1696 753 τῆς
1723 683 1940 754 ἀνθρω-

357 774 530 845 πίνης
557 773 852 842 γενέσεως.
897 772 1036 828 Ἀλλ’
1073 775 1174 829 οὐκ
1195 771 1264 846 ἦν
1293 777 1351 830 ἐν
1382 775 1600 848 οὐρανῷ
1625 776 1688 830 τὸ
1713 776 1942 847 ἀνθρώ-

315 907 327 926 η
356 886 518 922 πινον
550 907 565 931 ,
626 868 746 921 οὐδέ
798 885 886 932 τις
938 870 998 922 ἐν
1042 871 1106 939 τῇ
1169 869 1526 940 ὑπερκοσμίῳ
1575 872 1691 942 ζωῇ
1742 869 1939 934 κακίας

323 943 519 1020 ’νόσος
555 957 951 1028 ἐπεχωρίαςεν.
987 959 1158 1012 Ἔνθα
1215 960 1396 1013 τοίνυν
1429 961 1490 1013 τὸ
1514 961 1684 1014 κακὸν
1724 961 1824 1013 οὐκ
1848 959 1938 1030 ἦν,

356 1050 485 1103 οὖδέ
514 1051 540 1102 ό
569 1050 914 1120 ἀνθρώπινος
943 1050 1294 1104 ἐπολιτεύετο
1345 1051 1478 1122 βίος,
1510 1052 1630 1116 πῶς
1689 1051 1941 1120 ἐπιζητεῖ

357 1159 446 1204 τις
473 1141 690 1194 ἐκεῖθεν
714 1141 794 1210 τῷ
823 1141 942 1210 Θεῷ
996 1143 1405 1214 περιπλακῆναι
1469 1144 1560 1196 τὸν
1620 1144 1932 1213 ἄνθρωπον,

360 1237 566 1303 μᾶλλον
584 1236 640 1289 δὲ
670 1236 790 1306 ούχί
817 1235 1125 1306 ἄνθρωπον,
1157 1237 1272 1290 ἀλλ’
1299 1237 1586 1304 ἀνθρώπου
1617 1255 1669 1290 τι
1700 1237 1929 1290 εἴδωλον

357 1330 456 1381 καὶ
491 1327 786 1399 όμοίωμα;
819 1327 914 1392 Τίς
940 1329 997 1380 δ’
1025 1327 1091 1382 ἂν
1125 1326 1340 1397 ἐγένετο
1393 1330 1494 1399 τῆς
1538 1329 1752 1398 φύσεως
1783 1329 1940 1398 ἡμῶν

356 1420 670 1490 διόρθωσις,
703 1421 753 1472 εἰ
781 1419 876 1472 τοῦ
935 1420 1184 1489 ἐπιγείου
1216 1420 1357 1485 ζώου
1393 1422 1766 1490 νενοσηκότος,
1824 1421 1940 1474 ἓτε-

362 1510 459 1582 ρόν
484 1527 540 1562 τι
565 1510 675 1563 τῶν
707 1511 762 1562 οἰ
776 1510 976 1580 ρανίων
1003 1511 1103 1582 τὴν
1143 1511 1293 1565 θείαν
1342 1511 1630 1580 ἐπιμιξίαν
1674 1512 1937 1578 ἐδέξατος

361 1600 481 1653 Οὐκ
514 1599 760 1670 ἔστιγὰρ
812 1600 1220 1671 θεραπευθῆναι
1271 1601 1366 1656 τὸν
1401 1601 1702 1672 κάμνοντα,
1735 1601 1810 1671 μὴ
1842 1599 1939 1654 τοῦ

361 1691 659 1756 πονοῦντος
697 1693 896 1763 μέρους
955 1692 1270 1758 ἰδιαζόντως
1317 1691 1616 1762 δεξαμένου
1648 1693 1748 1763 τὴν
1771 1694 1936 1748 ίασιν.

361 1782 429 1836 Εί
457 1783 550 1837 οῦν
584 1784 643 1836 τὸ
703 1784 805 1853 μὲν
837 1787 1050 1853 κάμνον
1080 1785 1172 1837 ἐπὶ
1201 1784 1308 1853 γῆς
1357 1779 1448 1855 ἦν,
1475 1785 1508 1854 ἡ
1538 1784 1595 1837 δὲ
1627 1783 1746 1838 θεία
1776 1783 1932 1838 δύνα-

2047 595 2103 650 in
2135 595 2300 649 vitam
2337 597 2586 665 ingredi?
2643 595 2685 650 E
2712 597 2873 662 crelo,
2903 598 3111 668 inquiet
3142 600 3228 654 ille
3255 601 3502 670 fortasse,
3533 608 3628 676 qui

2046 685 2440 754 protreationis
2500 687 2750 742 humanas
2798 689 3008 744 ratione
3067 701 3126 746 ut
3183 693 3465 760 ingloriam
3519 706 3634 750 tur-

2049 793 2281 848 pemque
2309 778 2557 847 despicit.
2585 779 2654 832 At
2686 779 2739 832 in
2800 780 2938 834 coelo
2989 796 3096 835 non
3155 793 3273 836 erat
3329 786 3628 842 humanum

2049 883 2240 940 genus,
2277 885 2380 925 nec
2411 869 2553 924 ullus
2577 871 2836 924 vitiorum
2865 871 3085 926 morbus
3139 873 3206 927 ad
3236 889 3479 930 summas
3513 878 3632 932 illas

2048 959 2168 1014 cadi
2192 961 2351 1015 sedes
2382 960 2698 1030 aspirabat;
2733 962 2821 1016 ubi
2854 972 3034 1016 autem
3083 965 3280 1018 malum
3333 983 3438 1020 non
3492 978 3629 1032 erat,

2051 1051 2124 1106 ibi
2159 1067 2261 1106 nec
2294 1051 2577 1106 hominum
2610 1053 2718 1108 vita
2756 1054 3093 1109 versabatur.
3143 1054 3429 1120 Quomodo
3465 1058 3629 1128 igitur

2049 1158 2078 1197 e
2104 1143 2244 1197 cmlo
2270 1144 2537 1213 quispiam
2575 1151 2781 1214 quaerat
2805 1143 2911 1199 Deo
2966 1145 3264 1212 hominem,
3313 1148 3397 1202 vel
3447 1150 3628 1218 potius

2050 1233 2279 1304 efﬁgiem
2314 1233 2626 1304 quamdam,
2654 1251 2716 1290 ac
2743 1235 3094 1289 simulacrum
3123 1237 3357 1292 hominis
3411 1240 3632 1310 aliingi?

2049 1325 2247 1394 Ecqua:
2276 1334 2483 1379 natura:
2536 1336 2732 1380 nostra:
2780 1327 2961 1382 cautio
3011 1328 3206 1383 fuisset
3270 1329 3531 1393 adhibita,
3583 1331 3628 1383 si

2048 1429 2171 1469 cum
2209 1426 2467 1471 terrestre
2501 1417 2704 1471 animal
2733 1418 3019 1475 laboraret.
3053 1421 3360 1474 caelestium
3404 1422 3624 1492 aliquod

2048 1507 2287 1561 divinam
2363 1510 2745 1564 admissionem
2815 1512 3186 1580 suscepisset?
3248 1513 3434 1581 neque.
3482 1515 3627 1567 enim

2048 1608 2284 1667 aegrotus
2312 1601 2494 1655 curari
2529 1611 2727 1670 potest,
2758 1602 2862 1658 nisi
2883 1603 3018 1672 parti
3049 1603 3315 1658 laboranti
3346 1605 3628 1673 proprium

2048 1687 2402 1742 admoveatur
2462 1690 2939 1745 medicamentum.
2975 1689 3159 1760 Itaque
3219 1708 3341 1745 cum
3379 1693 3432 1745 in
3488 1689 3637 1746 terra

2048 1789 2212 1844 esset,
2246 1780 2336 1850 qui
2363 1781 2674 1850 aegrotabat,
2713 1781 2757 1834 si
2815 1781 2998 1836 divina
3050 1783 3290 1853 potentia
3349 1783 3630 1852 dignitatis

363 1892 461 1945 μις
491 1873 584 1928 τοῦ
647 1873 954 1944 κάμνοντος
1019 1874 1096 1945 μὴ
1159 1875 1432 1946 ἐφήψατο,
1494 1875 1632 1944 πρὸς
1679 1875 1740 1928 τὺ
1771 1875 1941 1946 ἑαυτῇ

2048 1884 2158 1924 suae
2194 1870 2372 1923 habita
2407 1869 2620 1924 ratione
2649 1880 3004 1942 aegrotantem
3056 1886 3166 1927 non
3211 1874 3631 1941 attigisset,inu-

363 1963 647 2034 βλέπουσα
675 1964 907 2036 πρέπον,
938 1963 1214 2033 ἄχρηστος
1244 1959 1313 2034 ἦν
1342 1963 1421 2034 τῷ
1451 1963 1727 2035 ἀνθρώπῳ
1749 1964 1782 2031 ἡ
1814 1965 1943 2033 περὶ

361 2054 433 2106 τὰ
472 2054 646 2124 μηδὲν
696 2055 830 2123 ἡμῖν
865 2053 1327 2108 ἐπικοινωνοῦντα
1355 2054 1456 2124 τῆς
1485 2054 1638 2116 θείας
1655 2055 1943 2124 δυνάμεως

361 2145 610 2214 ἀσχολία.
644 2145 718 2198 Τὸ
739 2144 959 2215 μὲνγὰρ
989 2145 1236 2215 ἀπρεπὲς
1263 2145 1356 2198 ἐπὶ
1388 2145 1488 2214 τῆς
1519 2145 1774 2217 θεότητος
1801 2145 1942 2210 ίσον,

361 2239 525 2305 είπερ
603 2237 741 2299 ὅλως
834 2235 1056 2305 θεμιτόν
1115 2237 1264 2290 ἐστιν
1321 2237 1452 2292 ἄλλο
1510 2255 1564 2290 τι
1623 2237 1776 2308 παρά
1845 2239 1944 2307 τὴν

361 2329 582 2381 κακίαν·
597 2327 843 2397 ἀπρεπὲς
872 2328 1074 2380 ἐννοεῖν
1103 2343 1119 2359 ο
1169 2327 1310 2398 πλὴν
1341 2328 1422 2399 τῷ
1476 2327 1831 2399 μικροψύχως
1885 2329 1944 2381 ἐν

361 2415 548 2486 τούτῳ
579 2417 817 2488 κρίνοντι
869 2415 970 2488 τὴν
1033 2416 1187 2470 θείαν
1219 2417 1643 2487 μεγαλειότητα,
1672 2419 1729 2468 ἐν
1755 2416 1832 2485 τῷ
1862 2415 1946 2468 δέ-

367 2507 568 2568 ξασθαι
597 2507 705 2560 τῶν
734 2509 833 2578 τῆς
862 2508 1079 2577 φύσεως
1135 2507 1294 2577 ἡμῶν
1333 2507 1642 2574 ἰδιωμάτων
1696 2506 1795 2576 τὴν
1825 2523 1944 2558 κοι-

369 2599 594 2664 νωνίαν,
657 2599 811 2653 οὐδὲν
867 2601 1070 2670 μᾶλλον
1137 2600 1548 2670 παραμυθεῖται
1617 2599 1680 2652 τὸ
1757 2597 1945 2662 ἄδοξον

361 2691 605 2763 οὐρανίῳ
624 2691 888 2765 σώματιῆ
912 2692 1141 2764 ἐπιγείῳ
1171 2691 1686 2762 συσχηματισθῆναι
1701 2690 1762 2745 τὸ
1780 2691 1943 2747 θεῖον.

361 2778 478 2838 Τοῦ
530 2787 638 2856 γὰρ
689 2785 936 2855 ὑψίστου,
992 2787 1086 2839 καὶ
1147 2785 1449 2855 ἀπροσίτου
1508 2783 1652 2837 κατά
1695 2782 1759 2835 τδ
1807 2780 1946 2852 ὓψος

361 2876 468 2945 τῆς
490 2876 708 2947 φύσεως
738 2880 772 2939 ἡ
807 2879 985 2942 κτίσις
1021 2879 1172 2932 πᾶσα
1203 2877 1344 2931 κατὰ
1371 2876 1433 2930 τὺ
1461 2877 1574 2929 ίσον
1593 2876 1686 2930 ἐπὶ
1709 2877 1768 2929 τ’)
1795 2876 1948 2929 κάτω

362 2969 664 3037 ἀφέστηκε,
716 2970 811 3022 καὶ
858 2968 1144 3039 όμοτίμως
1173 2967 1324 3039 αύτῷ
1380 2967 1442 3021 τὸ
1474 2969 1584 3021 πᾶν
1611 2961 1946 3034 ὑποδέσηκε.

365 3060 443 3114 Τὸ
473 3061 582 3132 γὰρ
613 3060 842 3115 καθόλου
895 3061 1192 3132 ἀπρόσιτον
1217 3059 1280 3114 οῦ
1311 3077 1419 3113 τινι
1454 3059 1556 3128 μέν
1593 3059 1710 3111 ἐστι
1757 3073 1950 3128 προσι-

367 3151 490 3216 τὸν,
511 3149 589 3220 τῷ
615 3150 672 3203 δέ
700 3149 1168 3220 ἀπροσπέλαστον,
1193 3147 1309 3202 ἀλλ’
1338 3149 1536 3218 ἐπίσης
1565 3145 1782 3202 πάντων
1836 3145 1948 3198 τῶν

2045 1960 2137 2014 tilc
2177 1959 2369 2015 fuisset
2403 1961 2607 2015 homini
2655 1960 2852 2017 divina:
2898 1965 3156 2033 potentiae
3207 1965 3470 2030 studium,
3529 1966 3632 2019 illis

2044 2051 2375 2116 adhibitum,
2417 2067 2536 2122 quae
2587 2053 2725 2108 nihil
2791 2053 2857 2108 ad
2907 2069 3007 2110 nos
3049 2055 3404 2124 pertinerent.
3455 2056 3631 2124 dique

2044 2143 2192 2197 enim
2252 2143 2536 2199 divinitate
2588 2144 2779 2200 fuisset
2829 2146 3134 2216 indignum,
3190 2147 3235 2202 si
3265 2147 3345 2201 fas
3404 2158 3487 2202 cst
3543 2148 3632 2201 illa

2044 2235 2321 2305 quippiam
2351 2235 2632 2303 indignum
2657 2247 2854 2304 praeter
2875 2239 3064 2292 vitium
3092 2239 3296 2304 dicere,
3331 2240 3628 2292 remrd'um

2047 2325 2226 2379 minus
2254 2333 2440 2395 aptum
2470 2336 2524 2381 et.
2574 2327 2880 2396 appositum
2914 2329 3240 2398 excogitare.
3294 2329 3461 2393 Quid,
3489 2329 3632 2397 quod

2045 2429 2192 2479 eum,
2222 2415 2313 2485 qui
2353 2425 2562 2470 natura:
2611 2425 2812 2470 nostra:
2863 2417 3235 2472 conditionem
3283 2419 3631 2473 humiliorem

2049 2513 2223 2574 putat,
2281 2521 2442 2575 quam
2496 2515 2557 2561 ut
2618 2506 2860 2562 divinam
2929 2507 3358 2578 magnitudinem
3418 2509 3631 2574 deceat,

2046 2595 2217 2651 nihilo
2241 2597 2411 2668 magis
2431 2597 2765 2663 consolatur,
2791 2599 2936 2668 quod
2962 2599 3186 2654 caeleste
3208 2614 3430 2670 corpus,
3461 2615 3625 2670 quam

2046 2689 2192 2758 quod
2224 2697 2501 2744 terrenum
2553 2691 2696 2746 Deus
2728 2691 3006 2746 induertt?
3049 2693 3131 2747 Ab
3179 2693 3272 2748 illo
3324 2694 3470 2746 enim
3531 2692 3630 2760 qui

2048 2791 2261 2837 natura:
2287 2795 2399 2836 suae
2433 2782 2770 2838 sublimitate
2799 2793 2908 2838 tam
2942 2785 3196 2839 excelsus
3242 2793 3341 2851 est,
3391 2796 3449 2839 ut
3498 2787 3635 2843 nihil

2047 2873 2115 2928 ad
2141 2887 2265 2927 eum
2299 2873 2542 2942 aspirare
2595 2883 2778 2944 queat,
2837 2890 3030 2931 omnes
3092 2892 3178 2932 res
3225 2891 3519 2948 procreate
3569 2899 3635 2936 ex

2046 2979 2205 3033 aequo
2231 2965 2454 3032 distant,
2487 2979 2678 3020 omnes
2699 2965 2748 3019 ei
2789 2967 2996 3036 pariter
3021 2968 3239 3022 cedunt.
3277 2969 3328 3022 ls
3361 2971 3532 3030 enim,
3565 2975 3633 3025 ad

2051 3068 2211 3124 quem
2243 3069 2466 3125 prorsus
2498 3069 2606 3108 non
2637 3064 2813 3124 potest
2845 3056 3049 3122 accedi,
3084 3073 3195 3110 non
3221 3067 3304 3112 est
3336 3061 3627 3129 ejusmodi,

2049 3147 2196 3201 utad
2223 3161 2346 3202 eum
2393 3147 2510 3201 alias
2544 3162 2632 3202 res
2661 3147 2868 3202 aditum
2923 3148 3180 3217 habeant,
3222 3151 3339 3204 aliae
3383 3168 3491 3204 non
3537 3152 3637 3206 ha-

361 3241 535 3295 δντων
572 3242 1038 3312 ὑπερανέστηκεν.
1065 3239 1247 3293 Ὅπου
1284 3239 1464 3293 τοίνυν
1491 3241 1526 3306 ἡ
1592 3239 1766 3303 νόσος,
1824 3236 1941 3289 ἐκεί

2047 3235 2230 3298 beant,
2251 3235 2347 3311 sed
2365 3235 2620 3290 omnibus
2633 3237 2912 3304 aequaliter
2933 3246 3148 3306 prastat
3164 3247 3326 3308 atque
3342 3240 3636 3298 antecellit.

361 3333 619 3400 φοιτῆσαι
641 3331 740 3401 τὴν
770 3329 1006 3399 ἰωμένην
1038 3327 1277 3399 δύναμιν
1305 3317 1717 3398 ὁμολογοῦντες,
1747 3326 1802 3379 τί
1834 3325 1940 3391 ἔξω

367 3425 471 3492 τῆς
507 3420 848 3489 θεοπρεποῦς
881 3420 1205 3491 ὑπολήψεως
1256 3417 1744 3488 πεπιστεύκαμεν;
1781 3417 1945 3470 Ἀλλά

362 3513 692 3583 κωμῳδοῦσι
741 3512 838 3583 τὴν
866 3512 1028 3581 φύσιν
1053 3511 1234 3582 ἡμῶν,
1267 3510 1474 3564 καὶτὸν
1506 3510 1605 3580 τῆς
1634 3508 1942 3579 γεννήσεως

359 3607 562 3677 τρόπον
621 3601 1018 3674 διαθρυλλοῦσι,
1076 3601 1170 3655 καὶ
1203 3600 1407 3655 οἴονται
1451 3600 1541 3655 διά
1593 3602 1800 3654 τούτων
1819 3602 1942 3654 ἐπιο

360 3698 630 3766 γέλαστον
654 3696 833 3748 ποιεῖν
886 3697 947 3746 τὸ
990 3695 1318 3766 μυστήριον,
1347 3693 1423 3756 ώς
1468 3693 1712 3764 ἀπρεπὲς
1740 3691 1801 3746 ’ὸν
1822 3691 1942 3763 Θεῷ

358 3788 454 3843 διὰ
483 3786 743 3855 τοιαύτης
769 3783 977 3838 εἰσόδου
1008 3783 1108 3852 τῆς
1135 3782 1230 3836 τοῦ
1279 3783 1618 3854 ἀνθρωπίνου
1665 3781 1785 3852 βίου
1829 3797 1942 3833 κοι-

361 3879 566 3943 νωνίας
611 3877 948 3949 ἐφάψασθαι.
1023 3875 1164 3928 Ἀλλ’
1210 3875 1311 3946 ἤδη
1336 3875 1466 3944 περὶ
1489 3871 1681 3926 τούτου
1739 3872 1835 3928 καὶ
1883 3873 1942 3926 ἐν

360 3976 480 4036 τοῖς
512 3973 819 4043 ἔμπροσθεν
846 3969 1063 4042 εἴρηται
1085 3968 1288 4036 λόγοις,
1315 3967 1397 4019 ὅτι
1428 3966 1587 4036 μόνον
1615 3963 1840 4033 αἰσχρὸν
1873 3963 1941 4033 τῇ

368 4063 562 4121 ἐαυτοῦ
585 4063 744 4132 φύσει
771 4061 832 4114 τὸ
865 4061 1034 4114 κακόν
1067 4062 1207 4124 ἐστι,
1241 4057 1337 4110 καὶ
1387 4057 1439 4110 el
1461 4073 1514 4110 τι
1551 4055 1686 4124 πρὸς
1710 4055 1810 4124 τὴν
1841 4069 1944 4106 κα-

369 4157 494 4211 κίαν
523 4155 738 4217 οἰκείως
756 4155 890 4224 ἔχει.
922 4152 989 4204 Ἦ
1020 4151 1078 4203 δὲ
1109 4151 1208 4220 τῆς
1230 4149 1444 4220 φύσεως
1462 4145 1773 4207 ἀκολουθία,
1808 4142 1940 4212 θείῳ

365 4245 669 4317 βουλήματι
699 4244 796 4296 καὶ
845 4241 991 4312 νόμῳ
1018 4239 1387 4309 διαταχθείσα,
1434 4237 1626 4306 πόρρω
1658 4237 1758 4306 τῆς
1783 4233 1928 4287 κατά

367 4340 578 4391 κακίαν
607 4337 728 4389 ἐστὶ
783 4334 1060 4402 διαϐολῆς.
1109 4333 1180 4384 Ἦ
1215 4329 1360 4384 οὕτω
1414 4328 1466 4398 γ’
1496 4329 1562 4382 ἂν
1585 4327 1678 4380 ἐπὶ
1721 4327 1813 4380 τὸν
1843 4327 1940 4396 δη·-

366 4429 626 4498 μιουργδν
649 4429 682 4498 ὴ
703 4425 1002 4498 κατηγορία
1031 4423 1131 4492 τῆς
1157 4421 1372 4490 φύσεως
1403 4419 1638 4484 ἐπανίοι,
1668 4417 1722 4470 εί
1749 4436 1802 4472 τι
1831 4417 1940 4471 τῶν

2048 3326 2436 3392 Quamobrem,
2463 3342 2585 3380 cum
2609 3327 2734 3381 illuc
2759 3327 3010 3381 medendi
3033 3329 3342 3383 facultatem
3364 3333 3633 3386 accedere

2043 3415 2337 3479 fateamur,
2401 3416 2491 3470 ubi
2556 3416 2778 3471 morbus
2835 3427 2940 3482 est,
3000 3417 3132 3486 quid
3193 3418 3302 3472 Deo
3357 3420 3639 3474 credimus

2044 3506 2370 3576 indignum?
2410 3507 2478 3560 At
2509 3519 2762 3560 naturam
2813 3517 3058 3563 nostram
3103 3509 3463 3580 insectantur,
3513 3527 3640 3566 nas-

2043 3599 2310 3668 cendique
2341 3599 2558 3655 modum
2586 3601 2885 3671 exagitant,
2941 3615 3115 3670 eaque
3167 3616 3226 3656 re
3251 3616 3311 3658 se
3343 3603 3394 3656 id
3421 3617 3641 3656 assecu-

2047 3699 2199 3744 turos
2247 3690 2590 3756 existimant,
2639 3700 2698 3745 ut
2746 3692 3066 3762 mysterium
3121 3691 3436 3756 irrideatur,
3487 3693 3638 3762 quod

2047 3783 2159 3837 Deo
2185 3783 2254 3837 sit
2279 3783 2586 3854 indignum,
2614 3782 2884 3852 ejusmodi
2914 3783 3160 3853 ingressu
3192 3783 3258 3837 ad
3285 3797 3634 3838 communem

2044 3873 2331 3928 hominum
2364 3873 2528 3928 vitam
2552 3873 2870 3927 accessisse.
2905 3873 2986 3926 Ad
3029 3871 3147 3926 brec
3195 3881 3360 3926 antea
3413 3887 3631 3940 quoque

2042 3961 2455 4031 respondimus,
2483 3960 2618 4014 nihil
2648 3975 2771 4016 esse
2811 3969 2968 4030 turpe
3005 3961 3202 4015 divina:
3248 3971 3477 4027 naturaa,
3525 3961 3658 4022 nisi

2043 4052 2234 4109 vitium
2299 4064 2356 4106 et
2377 4065 2498 4121 quas
2539 4067 2664 4105 cum
2701 4051 2832 4106 vitio
2885 4051 3176 4120 conjuncta
3225 4061 3376 4113 sunt,
3429 4061 3639 4106 natura:

2043 4151 2226 4197 autem
2248 4143 2498 4196 ordinem
2524 4141 2713 4198 divino
2741 4142 2971 4198 consilio
3017 4151 3071 4196 et
3116 4143 3234 4212 lege
3278 4142 3636 4196 coitstitutum

2043 4237 2112 4290 ab
2143 4236 2291 4289 omni
2324 4234 2455 4289 vitio
2482 4241 2751 4289 remotum
2797 4249 2940 4289 esse.
2972 4234 3107 4288 Nam
3140 4233 3186 4288 si
3216 4233 3347 4304 quid
3381 4232 3434 4287 in
3464 4248 3528 4288 ea
3579 4245 3642 4291 ut

2046 4334 2212 4394 turpe
2241 4336 2404 4394 atque
2425 4325 2746 4380 indecorum
2779 4325 3108 4395 reprehendi
3135 4333 3340 4393 posset,
3370 4325 3421 4378 id
3459 4325 3638 4394 ipsum

2046 4419 2101 4472 in
2133 4417 2252 4486 ejus
2280 4416 2552 4471 recideret
2581 4423 2864 4468 auctorem
2913 4413 3104 4468 Deum.
3163 4412 3319 4480 Quod
3355 4413 3398 4467 si
3427 4429 3458 4466 a
3509 4413 3642 4468 vitio

368 4521 498 4589 περὶ
527 4521 698 4590 αὐτὴν
723 4519 798 4582 ὼς
843 4517 1070 4587 αἰσχρόν
1101 4533 1160 4568 τε
1194 4515 1290 4567 καὶ
1311 4512 1560 4580 ἀπρεπὲς
1580 4509 1939 4565 διαδάλλοιτο.

2053 4509 2194 4563 Deus
2214 4509 2492 4578 seiunctus
2539 4514 2644 4571 est,
2679 4513 2732 4561 et
2766 4505 2897 4559 vitio
2928 4514 3123 4559 natura
3157 4514 3326 4570 caret,
3359 4514 3414 4559 et
3441 4515 3648 4575 myste-

369 4615 435 4668 ΕΞ
468 4607 562 4664 οὖν
610 4611 805 4672 κακίας
845 4608 908 4660 τὸ
948 4608 1106 4658 θεῖον
1163 4603 1516 4673 κεχώρισται,
1577 4601 1738 4670 φύσις
1769 4601 1825 4654 δὲ
1853 4617 1948 4653 κα-

367 4709 464 4761 κία
495 4707 594 4759 οὐκ
624 4704 760 4767 ἔστι,
817 4699 878 4754 τὸ
929 4700 987 4754 δὲ
1024 4698 1328 4770 μυστήριον
1384 4699 1442 4749 ὲν
1495 4693 1769 4765 ἀνθρώπῳ
1796 4692 1949 4762 γενέ-

366 4799 495 4853 σθαι
523 4799 614 4849 τὸν
642 4797 773 4849 Θεὸν
795 4794 896 4848 οὐκ
926 4794 985 4845 ἐν
1007 4792 1177 4862 κακίᾳ
1198 4789 1369 4857 λέγει,
1395 4789 1428 4860 ἡ
1451 4789 1509 4841 δὲ
1538 4787 1630 4840 τοῦ
1653 4787 1944 4858 ἀνθρώπου

365 4892 460 4945 ἐπὶ
510 4889 600 4941 τὸν
644 4888 756 4958 βίον
793 4884 999 4948 εἴσοδος
1068 4881 1168 4953 μία
1215 4883 1352 4947 ἐστὶ,
1403 4874 1562 4950 δι’ἦς
1637 4879 1947 4948 παράγεται

365 4985 460 5036 ἐπὶ
489 4980 589 5051 τὴν
647 4979 791 5049 ζωὴν
851 4976 912 5029 τὸ
969 4973 1333 5044 γεννώμενον⁶
1391 4972 1514 5024 τίνα
1563 4963 1946 5038 νομοθετοῦσιν

368 5073 559 5142 ἕτερον
587 5069 786 5139 τρόπον
813 5067 893 5136 τῷ
934 5064 1052 5134 Θεῷ
1105 5064 1200 5134 τῆς
1230 5064 1309 5124 είς
1340 5062 1431 5112 τὸν
1469 5059 1582 5129 βίον
1612 5058 1848 5131 παρόδου
1895 5055 1944 5108 οἰ

369 5161 777 5232 ἐπισκεφθῆναι
804 5161 902 5230 μὲν
932 5157 1062 5228 περί
1103 5155 1201 5227 τῆς
1252 5153 1404 5215 θείας
1433 5151 1722 5221 δυνάμεως
1781 5146 1946 5202 ἀσθε-

365 5258 618 5327 νήσασαν
659 5254 718 5305 ἐν
768 5251 940 5321 κακίᾳ
999 5248 1098 5319 τὴν
1145 5246 1310 5316 φύσιν
1364 5241 1587 5312 εὔλογον
1644 5241 1943 5310 κρίνοντες,

367 5347 508 5417 πρὸς
532 5345 589 5398 δέ
628 5345 720 5397 τὸν
744 5342 847 5413 τῆς
879 5339 1231 5408 ἐπισκέψεως
1265 5334 1465 5404 τρόπον
1496 5328 1943 5402 δυσαρεστούμε-

367 5457 452 5494 νοι
487 5456 504 5504 ;
557 5439 656 5490 οὐκ
717 5436 919 5498 εἰδότες
954 5435 1036 5487 ὅτι
1093 5431 1244 5484 πᾶσα
1275 5426 1413 5498 πρὸς
1475 5423 1674 5494 ἐαυτὴν
1706 5423 1741 5494 ἡ
1777 5437 1944 5475 κατα-

367 5532 544 5603 σκευὴ
566 5530 660 5584 τοῦ
685 5527 937 5600 σώματος
965 5525 1246 5596 όμοτίμως
1269 5521 1404 5590 ἔχει,
1438 5517 1534 5571 καὶ
1548 5515 1700 5568 οὐδὲν
1727 5515 1784 5566 ἐν
1814 5511 1945 5565 ταύ-

365 5643 444 5698 τῃ
470 5627 581 5679 τῶν
615 5623 760 5694 πρὸς
793 5619 894 5690 τὴν
923 5621 1188 5672 σύστασιν
1217 5614 1313 5683 τῆς
1338 5609 1484 5681 ζωῆς
1539 5605 1943 5661 συντελούντων

364 5719 441 5782 ώς
467 5717 661 5788 ἄτιμόν
693 5733 744 5770 τι
779 5716 813 5785 ἢ
861 5709 1098 5782 πονηρὸν
1127 5705 1494 5761 διαϐάλλεται.
1523 5702 1668 5772 Πρὸς
1695 5699 1789 5752 ἕνα
1833 5699 1942 5769 γὰρ

375 5812 576 5863 sumi»:
606 5812 636 5872 ἡ
662 5807 770 5860 τῶν
796 5802 1104 5877 ἐργανικῶν
1129 5798 1308 5871 μελῶν
1334 5792 1596 5862 διασκευὴ
1625 5792 1704 5846 πᾶ
1716 5808 1778 5846 σα
1809 5793 1936 5843 3w"-

2051 4601 2193 4653 rium
2218 4599 2273 4652 in
2299 4598 2518 4652 homine
2547 4596 2741 4658 Deum,
2787 4611 2898 4649 non
2930 4595 2986 4648 in
3026 4595 3162 4649 vitio
3218 4603 3404 4648 natum
3450 4595 3640 4661 tradit,

2050 4702 2106 4747 et
2136 4690 2370 4746 hominis
2401 4703 2544 4744 unus
2571 4695 2654 4742 est
2685 4687 2740 4740 in
2770 4688 2936 4764 vitam
2984 4686 3282 4758 ingressus,
3327 4700 3424 4755 per
3472 4699 3638 4753 quem

2048 4783 2191 4854 quod
2225 4781 2468 4854 genitum
2497 4788 2600 4845 est,
2631 4779 2811 4834 editur
2861 4765 2916 4832 in
2963 4779 3182 4832 vitalem
3244 4777 3384 4830 hanc
3437 4777 3638 4843 lucem,

2047 4889 2274 4944 ecquam
2320 4872 2483 4927 aliam
2532 4870 2624 4926 isti
2676 4871 2730 4924 in
2785 4869 2949 4924 vitam
3010 4868 3320 4924 introeundi
3370 4869 3640 4923 rationem

2049 4966 2162 5020 Deo
2194 4962 2602 5035 praascribunt?
2629 4961 2788 5028 Nam,
2843 4961 2988 5030 quod
3051 4959 3218 5014 Deum
3262 4960 3502 5029 potentia
3540 4975 3640 5014 sua

2047 5058 2289 5112 invisere
2343 5055 2600 5110 debuisse
2660 5064 2912 5108 naturam
2966 5053 3021 5107 in
3093 5051 3229 5107 vitio
3285 5060 3640 5123 aegrotantem

2043 5149 2312 5221 iudicant,
2344 5154 2490 5201 recte
2519 5145 2764 5202 sentiunt
2797 5143 2984 5213 :quod
3009 5152 3194 5199 autem
3250 5141 3466 5198 visendi
3520 5155 3640 5193 mo-

2048 5241 2177 5297 dum
2204 5239 2533 5308 improbant,
2560 5238 2849 5308 ,ignorant,
2903 5251 3124 5292 omnem
3177 5235 3426 5305 corporis
3477 5231 3645 5285 fabri-

2046 5345 2166 5385 cam
2201 5329 2392 5384 eodem
2439 5331 2558 5383 esse
2610 5328 2832 5383 honoris
2886 5342 2951 5381 ac
3002 5327 3162 5396 pretii
3221 5328 3362 5388 loco,
3392 5333 3446 5377 et
3502 5320 3640 5374 nihil

2050 5436 2260 5486 eorum,
2295 5433 2414 5490 quae
2447 5422 2609 5474 vitam
2635 5429 2886 5475 aSsecuta
2922 5429 3071 5484 sunt,
3108 5425 3166 5473 ut
3195 5417 3507 5484 despectum
3545 5419 3641 5465 aut

2046 5525 2202 5585 turpe
2234 5513 2602 5585 reprehendi;
2639 5513 2822 5568 omnia
2862 5512 3013 5566 enim
3063 5511 3426 5564 humanorum
3469 5515 3641 5555 mem-

2044 5605 2267 5660 brorum
2306 5605 2665 5657 instrumenta
2698 5600 2929 5655 tendunt
2956 5599 3024 5654 ad
3049 5612 3218 5652 unum
3253 5593 3403 5649 illum
3449 5593 3635 5658 linem,

2045 5708 2106 5754 ut
2145 5698 2307 5751 homo
2337 5703 2695 5751 conservetur
2739 5691 2796 5746 in
2843 5691 2974 5745 vita.
3028 5688 3161 5744 Pars
3225 5685 3390 5759 igitur
3441 5698 3636 5740 eorum

2047 5798 2370 5864 praesentem
2411 5786 2575 5843 vitam
2626 5794 2831 5854 tuetur,
2878 5799 2998 5857 qua:
3043 5783 3112 5841 ad
3159 5781 3340 5838 varios
3383 5793 3516 5836 usus
3559 5775 3639 5834 ita
