4120 6292
506 375 513 390 ’
533 394 642 459 227

1757 381 2139 443 EUTIIYMII
2192 377 2557 442 ZIGABENI

3676 377 3783 441 223

536 504 828 562 distributa
850 508 997 568 sunt,
1022 511 1082 557 ut
1104 501 1270 557 homo
1291 514 1386 571 per
1408 496 1497 551 illa
1522 494 1789 551 sentiendi
1812 495 2111 566 agendique

2237 496 2490 559 τέτακται,
2523 496 2550 548 ὁ
2578 492 2635 546 δὲ
2669 490 2871 554 σκοπός
2901 491 3020 544 ἐστι
3048 489 3107 544 τὸ
3132 487 3412 558 διαμένειν
3464 486 3523 539 ἐν
3561 489 3627 559 τῇ
3662 488 3779 560 ζωῇ

534 597 858 654 muneribus
908 595 1184 666 fungatur.
1236 593 1369 646 Pars
1416 597 1501 645 est
1572 588 1639 641 ad
1713 589 2109 657 procreandum

537 689 1116 757 accommodata,quae
1146 684 1403 754 prospicit
1434 683 1487 735 in
1516 680 1775 744 futurum,
1800 688 2114 748 naturaeque

538 782 944 838 successionem
987 777 1379 834 subministrat.
1421 773 1600 840 Quare
1652 773 1696 827 si
1734 772 2114 827 consideratur

542 870 769 931 utilitas,
800 882 1031 936 quonam
1074 864 1315 928 illorum,
1347 878 1468 931 qua:
1503 862 1555 915 in
1600 863 1808 917 honore
1840 872 1967 916 sunt
1999 862 2119 915 hinc

542 957 821 1021 interiora,
847 954 934 1009 vel
968 954 1146 1024 potius
1172 954 1215 1007 si
1238 962 1384 1006 recte
1409 951 1553 1022 loqui
1579 951 1851 1018 volumus,
1874 966 2116 1019 quonam

541 1047 762 1101 illorum
789 1060 896 1099 non
927 1044 1208 1112 snperiora
1243 1039 1598 1111 iudicentur?
1624 1041 1813 1110 Neque
1844 1042 1989 1095 enim
2024 1056 2121 1109 per

539 1136 752 1196 oculos,
782 1148 958 1201 neque
992 1147 1089 1202 per
1123 1132 1383 1201 linguam,
1417 1145 1593 1199 neque
1652 1146 1749 1201 per
1800 1129 1947 1184 aliud
1992 1145 2122 1184 sen-

540 1226 710 1282 tiendi
733 1228 1152 1282 instrumentum
1172 1237 1340 1291 genus
1359 1230 1603 1276 nostrum
1626 1229 1884 1291 perpetuo
1900 1234 2125 1275 conser-

542 1330 726 1375 vatur.
762 1320 886 1374 Haec
931 1318 1099 1383 enim,
1156 1326 1216 1371 ut
1272 1318 1477 1371 dictum
1519 1323 1626 1379 est,
1678 1315 1959 1384 praesentis
2004 1314 2127 1369 vitae

545 1412 848 1466 commodis
881 1409 1198 1464 consulunt.
1232 1408 1324 1465 llla
1353 1422 1483 1462 vero
1511 1406 1735 1461 humani
1783 1407 2000 1477 generis
2030 1406 2129 1458 ini-

548 1502 938 1556 mortalitatem
964 1508 1311 1562 conservant,
1333 1499 1633 1567 mortisque
1655 1498 1763 1553 vim
1790 1496 2011 1553 assidue
2031 1514 2129 1556 nos

542 1603 947 1662 oppugnantem
982 1588 1383 1660 quodammodo
1448 1588 1771 1659 infringunt,
1819 1587 2126 1653 debilitant,

546 1693 714 1754 atque
742 1681 950 1737 irritam
995 1682 1222 1736 iaciunt.
1262 1680 1490 1750 Semper
1530 1681 1678 1735 enim
1728 1678 1873 1749 quod
1922 1679 2126 1745 deficit,

549 1788 693 1829 novo
725 1783 884 1843 partu
935 1773 1204 1827 instaurat
1242 1782 1465 1825 natura.
1517 1770 1648 1836 Quae
1682 1784 1815 1823 cum
1867 1769 1941 1824 ita
1996 1772 2125 1833 sint,

548 1863 681 1932 quid
726 1840 949 1917 absurdi
994 1862 1307 1932 mysterium
1358 1869 1604 1914 nostrum
1657 1858 2027 1928 amplectitur,
2075 1858 2121 1912 si
2155 1840 2198 1895 Β

550 1952 751 2021 quibus
773 1950 1302 2005 instrumentiscnm
1335 1956 1512 2002 morte
1540 1957 1729 2001 natura
1762 1947 2028 2011 decertat,
2061 1946 2127 2000 iis

552 2058 618 2095 ex
650 2057 782 2111 pura
811 2040 1031 2112 Virgine
1054 2040 1471 2094 Deushumanae
1504 2039 1625 2092 vita:
1652 2039 1979 2108 conjunctus
2006 2039 2127 2092 est?

2213 587 2275 639 τὸ
2324 583 2689 655 ἀνθρώπινον.
2754 580 2836 635 Τὰ
2870 582 2969 652 μὲν
2998 581 3096 635 οὖν
3135 581 3301 635 λοιπά
3356 579 3467 633 τῶν
3534 580 3782 647 ὀργάνων

2218 675 2318 741 τὴν
2355 676 2644 745 παροῦσαν
2694 673 2905 745 συνέχει
2944 672 3052 727 τῶν
3098 672 3401 740 ἀνθρώπων
3458 670 3627 740 ζωὴν,
3647 671 3788 724 ἀλλά

2215 768 2351 838 πρὸς
2366 767 2534 837 ἀλλην
2556 767 2835 835 ἐνέργειαν
2861 764 3264 837 μεμερισμένα,
3283 762 3349 816 δι’
3376 758 3452 816 ὧν
3479 764 3511 832 ἡ
3535 763 3789 831 αίσθητι-

2215 859 2288 929 κή
2308 876 2367 911 τε
2396 861 2490 911 καὶ
2518 858 2847 927 ἐνεργητικὴ
2871 857 3103 926 δύναμις
3166 856 3536 923 οἰκονομεῖται
3561 869 3575 884 ·
3607 854 3679 909 τά
3732 855 3791 907 δὲ

2216 948 2514 1020 γεννητικὰ
2568 949 2661 1003 τοῦ
2706 948 2988 1018 μέλλοντος
3018 946 3132 1015 ἔχει
3157 946 3256 1016 τὴν
3280 947 3539 1015 πρόνοιαν
3570 943 3640 997 δι’
3659 945 3755 997 ἐαυ
3775 972 3790 985 ~

2219 1043 2327 1097 τῶν
2356 1045 2424 1114 τῇ
2482 1040 2646 1109 φύσει
2691 1040 2789 1112 τὴν
2838 1038 3087 1109 διαδοχὴν
3140 1036 3550 1103 ἀντεισάγοντα.
3589 1036 3652 1090 Et
3688 1035 3783 1089 οὖν

2226 1135 2364 1205 πρὸς
2404 1135 2465 1187 τὸ
2496 1133 2759 1204 χρειῶδες
2795 1131 3033 1203 βλέποις,
3064 1130 3209 1192 τίνος
3242 1128 3311 1183 ἂν
3335 1130 3424 1196 εἴη
3456 1128 3563 1181 τῶν
3588 1125 3793 1196 τιμίων

2223 1221 2362 1279 εἶναι
2391 1223 2765 1294 νομιζομένων
2785 1224 2969 1275 ἐκεῖνα
3002 1219 3236 1290 δεύτερα
3265 1236 3281 1285 ;
3317 1220 3462 1281 τίνος
3503 1218 3559 1271 δὲ
3588 1218 3693 1271 οὐκ
3728 1219 3795 1270 ὃν

2226 1317 2602 1389 προτιμότερα
2657 1314 2799 1369 κατά
2850 1313 2913 1367 τὸ
2961 1311 3187 1379 εὔλογον
3236 1310 3517 1379 κρίνοιτο;
3554 1309 3631 1362 Ού
3682 1308 3793 1377 γὰρ

2224 1406 2509 1477 ὀφθαλμῷ,
2549 1405 2645 1458 καὶ
2691 1405 2855 1473 ἀκοῇ,
2891 1402 2988 1455 καὶ
3019 1400 3260 1469 γλώσσῃ,
3296 1398 3329 1467 ἢ
3362 1396 3507 1465 ἀλλῳ
3558 1393 3667 1448 τινὶ
3686 1396 3797 1449 τῶν

2232 1497 2606 1568 αἰσθητηρίων
2649 1495 2787 1565 πρὸς
2808 1493 2871 1547 τὸ
2901 1492 3144 1564 διηνεκὲς
3182 1491 3246 1544 τὸ
3273 1490 3431 1559 γένος
3454 1486 3613 1559 ἡμῶν
3650 1487 3796 1552 διεξ-

2230 1583 2445 1654 άγεται.
2476 1581 2665 1635 Ταῦτα
2687 1581 2820 1652 γὰρ,
2871 1578 3054 1643 καθὼς
3082 1579 3322 1650 εἴρηται.
3354 1578 3458 1647 τῆς
3515 1574 3799 1646 παρούσης

2229 1675 2384 1729 ἐστὶν
2430 1673 2813 1738 ἀπολαύσεως.
2886 1672 3031 1726 Ἀλλ’
3060 1671 3120 1724 ἐν
3170 1671 3397 1733 ἐκείνοις
3449 1670 3483 1736 ἡ
3533 1667 3798 1722 ἀθανασία

2236 1769 2591 1838 συντηρεῖται
2640 1769 2706 1838 τῇ
2733 1764 3136 1835 ἀνθρωπότητι,
3191 1761 3266 1825 ὼς
3322 1762 3410 1814 ἀεὶ
3444 1759 3568 1815 καθ’
3628 1760 3790 1831 ήμῶν

2230 1859 2558 1929 ἐνεργοῦντα
2611 1858 2704 1911 τὸν
2763 1858 2991 1911 θάνατον
3068 1856 3350 1925 ἄπρακτον
3409 1847 3550 1906 εἶναι
3597 1853 3800 1922 τρόπον

2232 1950 2358 2003 τινὰ
2380 1949 2477 2003 καί⁵
2515 1951 2802 2018 ἀνήνυτον,
2834 1948 3068 2001 πάντοτε
3095 1932 3232 2014 πρὸς
3265 1944 3327 1997 τὸ
3365 1943 3550 1996 λεῖπον
3576 1942 3667 1995 διὰ
3690 1942 3801 1995 τῶν

2234 2041 2638 2110 ἐπιγινομένων
2695 2039 2893 2108 ἑαυτὴν
2959 2032 3392 2104 ἀντεισαγούσης
3424 2033 3523 2103 τῆς
3560 2032 3800 2101 φύσεως.

553 2135 597 2185 Τ
604 2134 620 2185 ί
670 2132 764 2186 οὖν
814 2133 1061 2204 ἀπρεπὲς
1095 2131 1340 2201 περιέχει
1370 2130 1527 2199 ἡμῶν
1569 2130 1628 2183 rb
1662 2130 1982 2199 μυστήριον,
2018 2131 2067 2183 εί
2087 2129 2173 2184 διὰ
2205 2131 2411 2184 τούτων
2461 2132 2527 2185 ἐκ
2567 2128 2844 2201 Παρθένου
2890 2128 3140 2197 καθαρᾶς
3174 2122 3483 2195 κατεμίχθη
3509 2125 3538 2178 ό
3563 2122 3696 2189 Θεὸς
3724 2124 3803 2195 τῷ

548 2223 883 2294 ἀνθρωπίνῳ
915 2222 1038 2293 βίῳ,
1101 2222 1170 2275 δι’
1197 2214 1273 2276 ὧν
1302 2222 1344 2290 ἠ
1396 2220 1559 2289 φύσις
1589 2220 1725 2291 πρὸς
1762 2220 1856 2274 τὸν
1889 2220 2118 2275 θάνατον
2152 2223 2383 2294 μάχεται
2409 2236 2422 2254 ·

1047 2311 1134 2366 Ex
1167 2313 1348 2366 eadem
1368 2314 1640 2366 oratione.
1728 2368 1733 2377 ,

625 2405 735 2460 Cur
778 2414 959 2459 autem
987 2418 1111 2458 cum
1155 2403 1311 2459 initio
1340 2413 1624 2472 peccatum
1653 2403 1883 2474 vigeret,
1927 2418 2036 2459 non
2070 2402 2127 2457 in

545 2498 677 2568 ipso
706 2497 888 2553 statim
919 2502 1040 2550 ortu
1075 2510 1173 2565 per
1201 2494 1455 2551 humaure
1480 2495 1667 2549 carnis
1692 2494 2126 2565 assumptionem

550 2605 875 2661 oppressum
894 2589 1016 2653 fuit,
1040 2598 1203 2657 atque
1232 2586 1506 2657 provisum
1563 2600 1635 2641 ne
1667 2587 1829 2641 latius
1883 2593 2128 2655 serperet

558 2693 618 2737 et
651 2676 1305 2751 propagaretur‘iFacilis
1355 2678 1639 2746 responsio
1698 2686 1804 2733 est.
1856 2675 2128 2743 Quoniam

560 2773 629 2834 is,
664 2771 757 2831 qui
786 2779 993 2823 naturae
1025 2767 1361 2833 consulebat,
1392 2766 1660 2836 sapientia
1686 2774 1743 2822 et
1786 2767 2130 2838 providentia

561 2860 772 2916 distulit
798 2857 1120 2912 beneﬁcium
1165 2872 1288 2927 erga
1313 2871 1414 2912 nos
1450 2872 1637 2912 suum.
1670 2857 1808 2912 Nam
1836 2868 1893 2913 et
1932 2859 1985 2912 in
2012 2873 2132 2913 cor-

563 2949 714 3020 poris
738 2948 938 3003 morbis
964 2962 1089 3002 cum
1139 2947 1335 3016 aliquis
1368 2947 1565 3001 humor
1592 2956 1881 3016 corruptus
1919 2958 2130 3004 meatus

560 3037 870 3108 occupavit,
904 3036 1127 3091 medicae
1151 3034 1423 3088 facultatis
1452 3033 1620 3103 .periti
1652 3049 1760 3087 non
1790 3033 1940 3103 prius
1972 3033 2130 3087 adhi-

2665 2313 2767 2366 Ἐκ
2800 2309 2908 2366 τοῦ
2949 2309 3138 2365 αὐτοῦ
3164 2311 3379 2379 λόγου.

2301 2405 2369 2459 Τί
2398 2403 2489 2457 δαὶ
2516 2403 2637 2468 ούκ,
2681 2402 2739 2456 ἐν
2762 2403 2957 2473 ἀρχαῖς
2987 2399 3155 2469 οὔσης
3182 2401 3282 2471 τῆς
3308 2400 3532 2466 κακίας,
3581 2398 3680 2470 τὴν
3710 2398 3808 2451 ἐπὶ

2226 2496 2288 2551 τὸ
2340 2495 2503 2549 πλέον
2561 2495 2733 2565 αὐτῆς
2761 2493 2988 2565 πρόοδον
3048 2492 3138 2547 διά
3181 2491 3282 2562 τῆς
3337 2490 3806 2562 ἐνανθρωτήσεως

2226 2587 2565 2654 brevium;
2602 2586 2743 2656 Πρὸς
2781 2582 2940 2639 τοῦτο
2987 2582 3248 2654 σύντομος
3296 2584 3325 2637 ό
3372 2581 3503 2653 παρ’
3525 2582 3658 2652 ἡμῖν
3687 2580 3807 2633 ἔστι

2227 2678 2386 2746 λόγος
2418 2694 2434 2710 ·
2467 2679 2590 2732 Ὀτι
2649 2676 2811 2747 σοφία
2852 2676 3069 2744 γέγονε,
3110 2674 3208 2729 καὶ
3259 2672 3354 2728 τοῦ
3394 2671 3807 2734 λυσιτελοῦντος

2226 2772 2294 2840 τῇ
2327 2769 2486 2837 φύσει
2514 2768 2824 2840 προμήθεια
2859 2768 2893 2837 ἡ
2944 2766 3082 2835 πρὸς
3136 2752 3247 2836 τῆν’
3264 2763 3591 2836 εὐεργεσίαν
3641 2761 3805 2833 ἡμῶν

2227 2859 2488 2930 ἀναϐολή.
2516 2860 2627 2912 Καὶ
2658 2859 2768 2926 γὰρ
2807 2857 2899 2910 ἐπὶ
2922 2856 3031 2910 τῶν
3064 2855 3395 2926 σωματικῶν
3456 2850 3803 2925 νοσημάτων,

2226 2952 2353 3006 ὅταν
2379 2968 2464 3015 τις
2527 2948 2824 3020 διεφθορὼς
2876 2948 3049 3019 χυμὸς
3104 2947 3330 3019 ὑφέρπῃ
3387 2947 3523 3009 τοὺς
3576 2945 3803 3015 πόρους,

2234 3041 2365 3112 πρὶν
2402 3040 2549 3094 ἅπαν
2578 3039 2675 3093 ἐπὶ
2700 3038 2797 3109 τὴν
2824 3039 3149 3108 ἐπιφάνειαν
3205 3036 3536 3106 ἑλκυσθῆναι
3558 3035 3622 3089 τὸ
3649 3035 3806 3107 παρά

562 3128 694 3183 bent
720 3124 1072 3195 astringentia
1100 3123 1519 3187 medicamenta,
1548 3136 1711 3191 quam
1739 3121 1814 3185 id,
1846 3121 2003 3189 ;quod
2033 3137 2128 3174 na-

2237 3130 2396 3199 φύσιν
2449 3129 2793 3197 ἐγκείμενον,
2822 3128 2884 3182 ὀύ
2935 3125 3497 3197 καταφαρμακεύεται
3550 3126 3666 3188 τοῖς
3698 3142 3805 3178 πυ-

566 3226 703 3270 ιυτεε
732 3214 1064 3269 contrarium
1085 3214 1231 3267 intus
1264 3212 1524 3267 diu‘usum
1563 3220 1667 3277 est,
1697 3226 1756 3266 se
1787 3219 1963 3267 totum
1995 3211 2129 3266 cliu-

563 3306 730 3371 derit,
764 3321 829 3359 eo
890 3313 1071 3359 autem
1103 3304 1171 3358 ad
1204 3303 1555 3373 superﬁciem
1584 3311 1829 3356 extracto
1867 3304 2129 3357 remediis

567 3406 797 3451 utuntur
854 3396 989 3449 suis.
1045 3394 1315 3460 Quoniam
1384 3394 1550 3465 igitur
1615 3393 1838 3447 malitia:
1910 3382 2135 3451 morbus

568 3487 736 3541 sem-1
809 3496 1061 3540 naturam
1116 3486 1411 3538 humanam
1477 3485 1769 3547 invaserat,
1804 3487 2138 3554 exsiiectavit

566 3579 721 3631 orbis
752 3578 1015 3638 medicus,
1060 3585 1118 3629 ut
1146 3577 1330 3629 omnia
1356 3590 1553 3646 genera
1587 3576 1971 3644 improbitatis,
2018 3593 2139 3647 qua:

569 3669 626 3723 in
656 3669 770 3736 ipsa
804 3679 994 3721 natura
1024 3667 1331 3732 latitabant,
1373 3676 1749 3737 erumperent.
1775 3668 1981 3725 Idcirco
2027 3685 2139 3726 non

564 3758 756 3810 statim
810 3766 942 3825 post
999 3755 1201 3809 caedem
1233 3763 1289 3808 et
1334 3753 1695 3809 fratricidium
1742 3755 2048 3811 admissum
2106 3772 2138 3812 a

570 3847 708 3902 Cain
761 3848 1044 3902 hominum
1078 3846 1262 3918 generi
1317 3846 1642 3901 medicinam
1695 3846 1843 3902 fecit.
1889 3848 2141 3904 Nondum

566 3939 717 3993 enim
757 3954 969 4002 eorum,
1006 3938 1096 4007 qui
1126 3947 1371 4006 tempore
1406 3936 1518 3990 Noe
1552 3936 1785 4006 corrupti
1813 3947 1961 4002 sunt,
1994 3952 2142 3993 mor-

571 4030 676 4084 bus
704 4038 1053 4099 apparuerat.
1076 4029 1323 4083 Nondum
1356 4030 1535 4098 gravis
1560 4029 1905 4084 Sodomiticae
1939 4029 2142 4099 iniqui-

572 4121 702 4175 tatis
739 4120 1001 4189 tegritudo
1063 4120 1331 4190 patefacta
1388 4130 1524 4174 erat.
1558 4118 1810 4175 Nondum
1861 4118 2144 4192 Egyptio-

571 4228 697 4265 rum
730 4226 909 4280 pugna
941 4226 1065 4264 cum
1113 4211 1243 4274 Deo,
1279 4211 1520 4264 nondum
1572 4211 1831 4280 superbia
1872 4211 2145 4283 gAssyrio-

573 4315 721 4365 rum,
757 4300 997 4354 nonduin
1028 4315 1057 4352 a
1100 4299 1305 4353 iudicis
1346 4300 1593 4353 admissa:
1617 4309 1928 4355 sanctorum
1967 4301 2145 4356 homi-

572 4409 709 4447 num
765 4394 957 4457 caedes,
1029 4393 1268 4447 nondum
1343 4393 1449 4447 alia
1505 4393 1687 4448 omnia
1732 4395 1935 4450 scelera
1984 4404 2147 4465 atque

2234 3218 2422 3273 κνοῦσι
2448 3218 2507 3270 τὸ
2535 3217 2696 3288 σῶμα
2728 3218 2879 3287 παρά
2929 3217 3037 3271 τῶν
3090 3217 3356 3286 τεχνικῶς
3411 3214 3809 3286 μεθοδευόντων

2233 3311 2301 3364 τά
2334 3309 2506 3381 πάθη,
2533 3308 2650 3362 ἀλλ’
2684 3308 3017 3377 ἀναμένουσι
3066 3308 3128 3361 τὸ
3167 3306 3495 3376 ὲνδομυχοῦν
3523 3306 3668 3359 ἀπαν
3702 3305 3810 3371 ἔξω

2235 3396 2512 3463 γενέσθαι,
2551 3395 2646 3448 καὶ
2679 3394 2823 3448 οὓτω
2854 3392 3047 3464 γυμνῷ
3076 3396 3155 3462 τῷ
3212 3394 3374 3447 πάθει
3436 3394 3534 3463 τὴν
3564 3395 3810 3464 ίατρείαν

2237 3489 2624 3558 προσάγουσιν.
2643 3485 2860 3555 Ἐπειδὴ
2888 3485 3065 3538 τοίνυν
3091 3485 3237 3549 ἀπαε
3257 3483 3523 3553 ἐνέσκηψε
3547 3486 3615 3553 τῇ
3644 3484 3811 3550 φᾶσει

2238 3582 2337 3649 τῆς
2375 3578 2799 3648 ἁνθρωπότητος
2853 3578 2887 3647 ἡ
2918 3577 3017 3644 τῆς
3053 3576 3254 3639 κακίας
3316 3576 3492 3637 νόσος,
3524 3575 3812 3643 ἀνέμεινεν

2239 3672 2267 3723 ό
2293 3667 2387 3723 τοῦ
2426 3670 2627 3731 παντὸς
2673 3666 3018 3737 θεραπευτής
3078 3663 3248 3735 μηδὲν
3292 3664 3685 3733 ὑπολειφθῆναι
3709 3662 3813 3732 τῆς

2243 3758 2510 3828 πονηρίας
2540 3752 2680 3820 εἶδος
2714 3756 3170 3827 ἐγκεκρυμμένον
3200 3756 3265 3826 τῇ
3298 3754 3483 3823 φύσει.
3522 3756 3621 3807 Διά
3649 3754 3815 3806 τοῦτο

2242 3850 2345 3903 οὐκ
2378 3849 2538 3912 εὐθὺς
2569 3849 2711 3919 μετά
2739 3848 2832 3901 τὸν
2895 3848 3093 3915 φθόνον
3127 3847 3221 3901 καὶ
3246 3847 3346 3918 τὴν
3394 3845 3816 3914 ἀδελφοκτονίαν

2244 3940 2341 3995 τοῦ
2374 3941 2515 3994 Κάῖν
2570 3940 2840 4009 προσάγει
2862 3939 2940 4007 τῷ
2995 3937 3270 4008 ἀνθρώπῳ
3332 3938 3433 4006 τὴν
3488 3937 3810 4006 θεραπείαν.

2248 4031 2414 4086 Οὔπω
2462 4029 2571 4099 γὰρ
2597 4029 2706 4083 τῶν
2753 4030 2846 4083 ἐπὶ
2895 4027 3019 4081 Νῶε
3051 4026 3513 4097 καταφθαρέντων
3561 4030 3593 4097 ἡ
3646 4028 3815 4081 κακία

2245 4122 2567 4192 ἐξέλαμψεν,
2625 4120 2745 4175 οὐδὲ
2813 4121 2911 4190 τῆς
2969 4120 3317 4189 σοδομιτικῆς
3373 4120 3722 4188 παρανομίας
3776 4123 3811 4189 ἠ

2246 4213 2458 4283 χαλεπὴ
2492 4212 2643 4275 νόσος
2674 4209 3059 4279 ἀπεκαλύφθη,
3090 4210 3214 4263 ούδέ
3278 4211 3313 4281 ἡ
3347 4209 3455 4263 τῶν
3498 4209 3815 4277 Αἰγυπτίων

2249 4302 2537 4373 θεομαχία,
2565 4303 2690 4356 οὐδέ
2725 4303 2760 4374 ή
2786 4302 2896 4357 τῶν
2939 4301 3244 4371 Ἀσσυρίων
3292 4302 3659 4372 ὑπερηφανία,
3695 4302 3815 4355 οὐδὲ

2247 4395 2282 4463 ἡ
2317 4392 2425 4446 τῶν
2462 4392 2734 4446 Ἰουδαίων
2765 4392 2910 4447 κατά
2938 4392 3046 4444 τῶν
3074 4393 3246 4461 ἁγίων
3283 4392 3378 4445 τοῦ
3427 4392 3561 4444 Θεοῦ
3595 4409 3817 4463 μιαιφο-

579 4484 799 4554 llagitia,
826 4498 945 4552 qua:
974 4483 1056 4539 vel
1085 4484 1383 4539 litterarum
1412 4487 1777 4540 monumentis
1806 4485 2137 4557 consignata,

2250 4487 2359 4547 νία,
2384 4486 2508 4540 οὺδέ
2539 4485 2605 4539 τὰ
2637 4484 2775 4539 ἀλλα
2802 4486 3000 4549 πάντα,
3028 4486 3127 4537 ὅσα
3149 4501 3210 4536 τε
3275 4484 3693 4554 μνημονεύεται,
3723 4487 3818 4537 καὶ

582 4574 666 4629 vel
703 4574 922 4629 silentio
954 4575 1227 4645 praeterita
1255 4582 1401 4638 sunt,
1437 4577 1777 4641 exstiterant,
1813 4590 1936 4630 cum
1979 4578 2147 4634 variis

575 4665 757 4722 modis
829 4666 1039 4737 peccati
1110 4667 1261 4721 radix
1320 4668 1375 4719 in
1433 4666 1717 4721 hominum
1777 4668 2146 4725 voluntatibus

580 4767 845 4829 serperet.
908 4756 1274 4828 Posteaquam
1310 4758 1475 4830 igitur
1521 4758 1725 4812 malitia
1776 4761 2025 4829 pervenit
2081 4761 2148 4817 ad

579 4867 882 4916 summum,
919 4850 1275 4921 hominesque
1291 4852 1500 4905 nullum
1530 4851 1751 4906 sceleris
1771 4865 1942 4922 genus
1973 4852 2151 4908 inten-

584 4952 757 4995 tatum
816 4942 1191 5011 reliquerunt,
1244 4951 1374 4997 tunc
1416 4942 1653 5012 optimus
1699 4942 1941 4998 medicus
1975 4959 2151 4999 reme-

588 5032 765 5098 dium,
819 5048 926 5102 quo
969 5043 1133 5088 totam
1183 5033 1555 5104 aegritudinem
1607 5040 1845 5099 curaret,
1878 5031 2147 5090 adhibuit.

586 5122 714 5177 Haec
766 5124 866 5177 fuit
919 5138 1104 5185 causa,
1153 5125 1507 5193 quamobrem
1563 5140 1674 5180 non
1716 5126 2002 5193 exorienti,
2054 5127 2150 5184 sed

584 5214 831 5286 perfecto
884 5215 995 5285 jam
1032 5214 1222 5269 morbo
1274 5216 1477 5271 mederi
1530 5217 1719 5271 voluit.
1761 5216 1914 5283 Quod
1945 5219 1991 5273 si
2031 5218 2154 5289 quis

585 5304 886 5359 rationibus
914 5305 1114 5358 nostris
1138 5320 1247 5358 non
1293 5305 1607 5374 acquiescit,
1658 5307 1783 5376 quia
1827 5316 1946 5377 post
1982 5310 2155 5365 medi-

587 5402 899 5447 camentum
955 5391 1257 5446 adhibitum
1331 5393 1511 5448 adhuc
1554 5394 1830 5462 peccando
1881 5406 2153 5465 grassatur

588 5484 867 5538 hominum
893 5484 1021 5547 vita,
1045 5483 1092 5536 is
1125 5483 1372 5552 exemplo
1388 5483 1533 5537 claro
1566 5487 1930 5538 communitus
1956 5487 2155 5539 verita-

589 5582 698 5627 tem
747 5584 1028 5646 agnoscat.
1061 5573 1524 5639 Quemadmodum
1554 5574 1702 5629 enim
1729 5574 1782 5628 in
1810 5575 2155 5643 serpentibus

587 5664 857 5731 videmus,
889 5665 935 5718 si
978 5665 1234 5721 lethalem
1281 5666 1493 5736 plagam
1523 5666 1577 5720 in
1610 5665 1787 5735 capite
1826 5666 2152 5735 acceperint,

587 5767 696 5809 non
752 5756 1013 5813 continuo
1045 5758 1206 5813 simul
1256 5773 1378 5813 cum
1411 5756 1529 5828 ipso
1558 5760 1732 5826 capite
1773 5757 2004 5827 reliquas
2033 5773 2155 5813 cor-

2247 4579 2347 4631 ὄσα
2370 4576 2474 4640 ἔξω
2504 4576 2603 4644 τῆς
2632 4574 2875 4644 ἱστορίας
2898 4576 2957 4627 ἐν
2985 4577 3104 4637 ταῖς
3138 4574 3373 4643 καθεξῆς
3403 4577 3617 4643 γενεαῖς
3652 4593 3817 4628 κατε-

2247 4667 2490 4740 πράχθη.
2529 4666 2884 4738 πολυτρόπως
2918 4665 3020 4736 τῆς
3062 4664 3154 4719 τοῦ
3186 4666 3356 4722 κακοῦ
3401 4667 3558 4737 ῥίζης
3605 4670 3664 4720 έν
3697 4673 3815 4731 ταῖς

2248 4762 2358 4815 τῶν
2408 4758 2711 4830 ἀνθρώπων
2744 4758 3099 4829 προαιρέσεσι
3156 4758 3587 4830 βλαστανούσης.
3662 4760 3813 4813 Ἐπὶ

2246 4848 2345 4906 οὖν
2388 4850 2524 4920 πρὸς
2553 4849 2615 4902 τὸ
2660 4848 2966 4920 ἀκρότατον
3020 4848 3218 4919 μέτρον
3269 4848 3505 4917 ἔφθασεν
3548 4852 3580 4919 ἠ
3619 4851 3811 4916 κακία,

2251 4942 2347 4996 καὶ
2399 4939 2553 4993 οὐδὲν
2598 4938 2683 4991 ἔτι
2730 4938 2996 5008 πονηρίας
3052 4933 3194 5003 εἶδος
3243 4939 3302 4993 ἐν
3342 4941 3454 5003 τοῖς
3504 4940 3814 5011 ἀνθρώποις

2251 5028 2558 5100 ἀτόλμητον
2588 5022 2680 5099 ἦν,
2709 5027 2785 5091 ὡς
2813 5028 2879 5082 ἂν
2902 5028 2990 5082 διά
3018 5028 3200 5099 πάσης
3228 5028 3325 5098 τῆς
3346 5030 3657 5100 ἀρρωστίας
3684 5049 3820 5103 προ-

2251 5121 2555 5193 χωρήσειεν
2580 5120 2614 5191 ή
2654 5119 2940 5192 θεραπεία,
2958 5120 3150 5174 τούτου
3174 5122 3335 5191 χάριν
3361 5122 3461 5175 οὐκ
3486 5124 3818 5193 ἀρχομένην,

2253 5214 2391 5270 ἀλλά
2422 5211 2855 5284 τετελειωμένην
2899 5212 3190 5286 θεραπεύει
3236 5215 3335 5285 τὴν
3372 5216 3547 5268 νόσον.
3580 5215 3719 5267 Είδέ
3738 5232 3822 5278 τις

2253 5306 2495 5375 ἐλέγχειν
2523 5304 2692 5357 οτεται
2718 5304 2810 5358 τὸν
2840 5305 3116 5377 ἡμέτερον
3150 5306 3329 5376 λόγον,
3358 5307 3439 5361 ὅτι
3467 5308 3559 5360 καὶ
3591 5308 3732 5376 μετά
3762 5307 3825 5360 τὸ

2256 5393 2640 5466 προσαχθῆναι
2687 5394 2787 5464 τὴν
2837 5396 3136 5467 θεραπείαν
3185 5397 3265 5450 ἔτι
3304 5397 3701 5467 πλημμελεῖται
3735 5398 3825 5450 διὰ.

2255 5486 2365 5539 τῶν
2407 5483 2829 5555 ἁμαρτημάτων
2856 5489 2883 5539 ὁ
2917 5486 3261 5556 ἀνθρώπινος
3289 5488 3424 5559 βίος,
3459 5488 3825 5558 ὑποδείγματι

2257 5594 2364 5630 τινι
2394 5577 2505 5629 τῶν
2536 5577 2841 5647 γνωρίμων
2870 5577 3194 5648 ὁδηγηθήτω
3245 5579 3377 5647 πρὸς
3410 5578 3508 5646 τὴν
3540 5576 3820 5646 ἀλήθειαν.

2259 5666 2472 5737 Ὠσπερ
2498 5670 2603 5736 γὰρ
2625 5669 2717 5720 ἐπὶ
2748 5668 2841 5720 τοῦ
2874 5670 3071 5737 ὄφεως,
3099 5670 3148 5723 εί
3172 5671 3311 5723 κατά
3332 5670 3429 5740 τῆς
3460 5668 3699 5737 κεφαλῆς
3731 5669 3827 5738 τὴν

2260 5754 2481 5826 καιρίαν
2536 5756 2711 5826 λάϐοι,
2743 5760 2843 5815 οὐκ
2868 5761 3031 5827 εὐθὺς
3066 5760 3457 5833 συννεκροῦται
3492 5762 3558 5829 τῇ
3614 5760 3823 5827 κεφαλῇ
