4120 6292
388 424 504 487 229

1353 418 1728 481 PANOPLIA
1773 412 2236 478 DOGMATICA.
2273 439 2342 453 --
2380 415 2532 475 TlT.
2566 414 2699 476 VII.

3553 411 3662 477 230

394 537 492 588 καὶ
523 535 551 587 ὁ
601 533 836 586 νατόπιν
867 531 1056 595 ὁλκὸς,
1110 531 1296 602 ἀλλ’ἢ
1347 532 1443 600 μὲν
1491 530 1744 596 τέθνηκε,
1800 525 1861 578 τὸ
1912 525 1968 577 δὲ

2093 523 2219 576 toris
2250 531 2428 592 partes
2458 523 2698 587 interire,
2731 522 2826 578 sed
2873 537 2948 578 eo
2991 524 3111 594 iam
3157 533 3374 580 mortuo
3424 526 3660 582 caudam

393 627 618 693 οὐραῖον
648 621 727 675 ἔτι
762 623 1034 692 ὲψύχωτειι
1087 622 1163 688 τῷ
1195 621 1308 691 ἰδίῳ
1339 618 1512 689 θυμῷ,
1549 617 1644 671 καὶ
1674 621 1772 688 τῆς
1807 613 1970 681 ζωτι-

393 715 504 783 κῆς
548 713 820 782 κινήσεως
862 712 962 762 οὐκ
1004 710 1330 780 ἐστέρηταιο
1372 709 1545 771 οὕτως
1587 706 1831 760 ἐστικαὶ
1871 705 1972 776 τὴν

393 805 604 868 κακίαν
653 805 806 868 ἰδεῖν,
837 801 918 873 τῷ
959 803 1059 874 μὲν
1100 802 1301 873 καιρίῳ
1329 801 1651 871 πληγεῖσαν,
1680 799 1740 853 ιν
1763 797 1820 852 δὲ
1858 799 1974 862 τοῖς

400 897 672 966 Λειψάνοις
704 895 907 965 ἑαυτῆς
944 895 1024 947 ἔτι
1057 893 1371 964 διοχλοῦσαν
1399 893 1490 946 τὸν
1518 891 1655 962 βίον.

403 1011 538 1066 Ἔτι
568 1009 696 1076 περὶ
733 1007 844 1076 τῆς
874 1007 1037 1072 θείας
1081 1004 1612 1076 ἐκανθρωπήίσεως,
1645 1003 1752 1076 τοῦ
1799 1003 1974 1076 drin

472 1071 746 1146 Μαξίμου
772 1071 842 1131 ἐπὶ
877 1077 988 1146 τῆς
1013 1071 1315 1142 exesam
1344 1075 1452 1129 τοῦ
1483 1073 1615 1140 περὶ
1645 1071 1755 1141 τῆς
1791 1071 1976 1141 ὀρθῆς

471 1148 798 1218 ὁμολογίας
824 1150 1034 1215 λόγου.

475 1263 541 1314 Ui.
587 1261 645 1325 ἐξ
705 1257 880 1329 ἀρχῆς
927 1254 1194 1308 αὖτόπται
1243 1253 1340 1307 καὶ
1391 1250 1662 1322 ὑπηρέται
1693 1250 1972 1319 γενόμενοι

399 1353 500 1407 τοῦ
532 1352 692 1418 λόγου
721 1352 810 1401 τὸν
851 1348 949 1401 ἕνα
979 1348 1079 1415 τῆς
1113 1345 1276 1413 ἁγίας
1297 1345 1395 1397 καὶ
1418 1343 1705 1412 όμοουσίου
1743 1341 1837 1394 καὶ
1871 1357 1977 1405 μα-

399 1445 605 1512 καρίας
633 1441 882 1511 Τριάόος,
911 1439 1006 1490 τὸν
1045 1436 1172 1489 Υῖὺν
1203 1434 1299 1488 τοῦ
1330 1433 1486 1497 Θεοῦ,
1521 1434 1611 1485 καὶ
1637 1430 1770 1484 Θεὸν
1802 1430 1977 1490 Λόγον

397 1537 622 1604 ἔφασαν
668 1529 1096 1602 ὲνανθρωπῆσαι
1139 1529 1210 1582 δι’
1257 1527 1428 1598 ἡμᾶς,
1485 1527 1579 1579 καὶ
1627 1523 1978 1594 σαρκωθῆναι

405 1628 476 1678 ἐκ
505 1624 606 1694 τῆς
637 1623 820 1690 ἁγίας,
853 1618 1178 1684 πανωιδόξου
1228 1618 1322 1671 καὶ
1351 1615 1708 1686 ἀειπαρθένου
1737 1613 1977 1684 Μαρίας,

405 1717 512 1784 τῆς
536 1713 738 1782 κυρίως
792 1713 886 1763 καὶ
931 1708 1073 1762 κατά
1103 1709 1360 1779 ἀλήθειαν
1389 1707 1684 1771 Θεοτόκου,
1709 1705 1888 1776 σάρκα
1919 1704 1979 1770 ἐξ

407 1807 580 1874 αὐτῆς
627 1803 904 1856 ὲνὼσαντα
954 1799 1132 1870 ἑαυτῷ
1184 1799 1304 1851 καθ’
1337 1799 1664 1860 ὑπόστασιν,
1707 1797 1814 1866 τὴν
1845 1797 1979 1864 ἡμῖν

397 1893 1152 1967 ὸμοοιῒσισν,ὲνεψυχωμένην
1178 1891 1326 1961 ψυχῇ
1355 1891 1545 1958 λογικῇ
1599 1906 1657 1940 τε
1677 1888 1770 1942 καὶ
1797 1888 1980 1956 νοερᾷο

408 1987 520 2040 οὐδ’
549 1987 623 2050 ὡς
668 1988 726 2038 ὲν
773 1987 908 2054 ῥιπῇ
966 1981 1249 2052 ὀφθαλμοῦ
1282 1981 1735 2050 προῦποστᾶσαν,
1781 1977 1900 2031 ἀλλ’
1927 1980 1985 2031 ἐν

409 2077 566 2146 αὐτῷ
609 2074 688 2145 τῷ
734 2073 853 2143 Θεῷ
899 2075 992 2125 καὶ
1023 2073 1181 2142 Λόγῳ
1223 2071 1318 2124 καὶ
1346 2073 1405 2122 τὸ
1439 2066 1598 2134 εἶναι,
1629 2070 1722 2122 καὶ
1759 2069 1820 2122 τὸ
1845 2069 1986 2122 ὑπο-

413 2170 611 2237 στῆναι
658 2164 954 2220 λαϐοῦσαν·
1007 2165 1101 2216 καὶ
1133 2164 1338 2216 τέλειον
1389 2162 1520 2215 ὄντα
1555 2160 1689 2213 Θεὸν
1729 2160 1987 2228 γενέσθαι

411 2261 620 2312 τέλειον
665 2257 976 2326 ἄνθρωπον,
1012 2256 1150 2326 μήτε
1185 2255 1248 2306 τὸ
1291 2255 1426 2316 Θεὸς
1471 2249 1610 2306 εἶναι
1650 2253 1987 2322 ἀποθέμενον

414 2353 509 2405 διὰ
529 2350 592 2402 τὸ
618 2348 874 2418 γενέσθαι
897 2347 1210 2418 ἄνθρωπον,
1226 2346 1364 2416 ὅπερ
1393 2346 1495 2399 οὐκ
1517 2340 1608 2416 ἦν,
1639 2344 1777 2414 μήτε
1814 2343 1990 2396 κωλυ-

417 2442 588 2496 θέντα
634 2439 884 2508 γενέσθαι
916 2439 1048 2508 ὅπερ
1094 2438 1194 2490 οὐκ
1221 2433 1291 2508 ἦν
1317 2435 1626 2506 ἄνθρωπον,
1662 2434 1749 2488 διὰ
1781 2434 1844 2488 τὸ
1893 2451 1990 2503 με-

422 2535 722 2607 μενηκὲναι
753 2535 889 2601 ὅπερ
939 2530 1028 2602 ἦν,
1055 2533 1229 2604 ἥγουν
1279 2531 1438 2585 Θεόνο
1468 2530 1604 2584 ἀλλά
1651 2528 1810 2584 τοῦτο
1834 2529 1986 2593 ὂντα,

417 2624 646 2674 κάκεῖνο
676 2620 954 2683 γενέσθαι.
999 2618 1296 2688 Ἐκάτερόν
1348 2634 1409 2670 τε
1461 2616 1894 2686 ὲπαληθεύοντα,
1925 2615 1989 2668 τὸ

418 2709 569 2764 θεῖον
597 2708 756 2780 ὁμοῦ,
789 2710 884 2763 καὶ
913 2709 976 2762 τὸ
1005 2707 1343 2776 ἀνθρώπινον
1369 2705 1697 2760 πιστοῦσθαι
1747 2704 1988 2775 θαύμασι

419 2801 611 2865 θείοις,
639 2801 734 2853 καὶ
770 2799 1094 2869 παθήμασιν
1139 2798 1523 2867 ἀνθρωπίνοις.
1555 2798 1667 2849 Καὶ
1698 2797 1843 2850 κατὰ
1889 2795 1990 2863 μὲν

417 2892 523 2959 τὴν
558 2891 753 2945 ἑαυτοῦ
801 2891 938 2958 πρὸς
975 2889 1071 2942 τὸν
1118 2889 1338 2958 Πατέρα
1377 2887 1538 2956 φύσιν
1573 2905 1632 2941 τε
1659 2888 1753 2942 καὶ
1779 2887 1988 2954 οὐσίαν,

419 2987 680 3040 ἀκτιστον
702 3023 717 3048 ,
767 2983 997 3051 ἀόρατον
1023 3019 1039 3045 ,
1092 2980 1512 3050 ἀπερίγραπτον
1532 3017 1548 3043 ,
1607 2978 1988 3042 ἀναλλοίωτον,

419 3073 718 3141 ἄτρεπτον,
744 3069 954 3141 ἀπαθῆ,
997 3067 1299 3139 ἄφθαρτον,
1330 3068 1620 3133 ἀθάνατον,
1657 3066 1990 3137 δημιουργὸν

2069 617 2249 671 adhuc
2305 618 2521 686 propria
2578 617 2756 670 anima
2807 617 3078 672 munitam.
3116 617 3319 680 vivere,
3361 633 3464 672 nee
3502 619 3662 683 vitali

2071 717 2221 763 motu
2267 709 2463 778 privari
2497 727 2509 762 :
2549 709 2622 762 ita
2657 709 2917 762 malitiam
2961 708 3092 762 licet
3139 708 3515 776 considerare,
3538 725 3667 779 qua:

2071 813 2200 854 cum
2255 799 2538 853 mortifero
2593 799 2819 853 vulnere
2869 799 3124 854 coniecta
3179 800 3269 866 sit,
3311 801 3373 855 in,
3405 800 3649 870 reliquiis

2074 899 2255 945 tamen
2285 891 2397 945 suis
2434 891 2597 945 vitam
2628 891 2806 945 adhuc
2839 891 3118 960 producit.

2073 1023 2212 1080 Item
2255 1023 2317 1077 de
2345 1024 2519 1078 divina
2561 1023 2806 1079 humanae
2842 1027 3014 1078 carnis
3068 1027 3460 1093 essmttptt'one,
3491 1027 3671 1079 sancti

2151 1094 2399 1175 Maximi,
2455 1109 2518 1147 ea:
2547 1095 2864 1162 expositione
2898 1095 3159 1148 orationis
3187 1099 3248 1149 de
3296 1106 3434 1149 recta
3456 1097 3660 1166 confes-

2151 1179 2316 1217 ειοηε.

2153 1275 2252 1342 Qui
2284 1276 2352 1330 ab
2388 1275 2542 1330 initio
2560 1274 2785 1328 fuerunt
2816 1275 2964 1329 verbi
3016 1275 3370 1344 inspectores.
3407 1291 3470 1330 ae
3500 1275 3666 1329 mini!-

2079 1367 2199 1430 slri,
2241 1382 2407 1420 unum
2447 1381 2478 1420 e
2510 1375 2716 1430 sancta,
2743 1373 2796 1420 et
2828 1365 3068 1436 ejusdem
3106 1366 3378 1428 essentia,
3420 1377 3475 1420 et
3507 1367 3668 1420 beata

2076 1454 2342 1511 Trinitate
2356 1454 2550 1510 Filium
2575 1455 2690 1520 Dei,
2719 1465 2774 1510 et
2801 1439 2967 1510 Deum
2995 1455 3230 1510 Vtrbum
3261 1457 3537 1510 hominem
3577 1459 3664 1510 in-

2078 1534 2260 1596 duisse
2289 1553 2511 1611 propter
2539 1557 2658 1605 nos,
2692 1553 2747 1598 et
2777 1558 2990 1598 carnem
3021 1543 3320 1598 humanam
3339 1560 3408 1598 es
3451 1555 3664 1609 saneta,

2081 1639 2136 1685 et
2191 1632 2337 1686 omni
2369 1647 2436 1686 ex
2479 1642 2633 1702 parte
2684 1633 2916 1702 gloriosa
2965 1649 3294 1703 semperque
3335 1636 3560 1704 virgine,
3610 1646 3666 1691 et

2081 1721 2301 1790 praprie
2327 1736 2390 1775 ac
2418 1723 2544 1776 vere
2576 1721 2668 1775 Dei
2706 1721 2980 1778 Genitrice
3013 1723 3178 1778 Maria
3211 1725 3316 1780 sibi
3335 1727 3443 1797 ipsi
3468 1742 3665 1780 secun-

2083 1810 2209 1864 dtnn
2263 1825 2547 1879 personam
2575 1813 2842 1881 ejusdem,
2882 1829 2986 1883 qua
3039 1831 3140 1871 nos
3174 1832 3385 1882 sumus,
3414 1819 3666 1873 essentia:

2087 1903 2379 1955 animatam
2421 1902 2625 1968 anima,
2672 1915 2874 1968 mente,
2902 1907 3224 1978 rationeque
3277 1909 3520 1978 pradita,
3545 1925 3666 1978 qua:

2091 2004 2199 2044 non
2256 1989 2367 2044 ictu
2429 1991 2566 2045 oculi
2615 1969 2940 2063 temporist
2969 2004 3244 2050 momento
3276 1998 3665 2066 priusexsti-tc-

2088 2080 2178 2140 rit.
2219 2080 2314 2135 sed
2358 2080 2418 2134 in
2450 2081 2570 2150 ipso
2600 2082 2710 2137 Deo
2763 2093 2821 2138 et
2867 2084 3040 2140 Verbo
3081 2088 3374 2156 acceperit,
3425 2098 3481 2141 ut
3523 2097 3668 2143 esset

2087 2177 2250 2238 atque
2280 2171 2617 2235 subsisteret,
2655 2175 3014 2242 assumpsisse
3037 2175 3398 2238 tradiderunt.
3433 2175 3500 2230 Et
3537 2192 3662 2230 eam

2089 2269 2238 2313 esset
2299 2261 2579 2328 perfectus
2665 2261 2827 2327 Deus,
2889 2262 3091 2316 factum
3162 2278 3285 2318 esse
3366 2264 3668 2333 perfectum

2091 2348 2399 2414 hominem,
2441 2365 2544 2404 nec
2573 2350 2798 2406 desiisse
2822 2367 2943 2406 esse
2975 2351 3169 2416 Deum,
3203 2365 3486 2423 prOpterea
3519 2355 3669 2425 quod

2083 2441 2266 2495 Tactus
2288 2449 2431 2494 esset
2453 2442 2638 2507 homo,
2674 2443 2818 2512 quod
2871 2457 2979 2496 non
3014 2451 3150 2510 erat;
3187 2458 3287 2498 nec
3333 2444 3668 2512 prohibitum

2097 2545 2218 2586 esse
2243 2530 2380 2595 ﬁeri,
2412 2533 2558 2600 quod
2589 2547 2697 2586 non
2746 2540 2861 2586 erat
2927 2532 3111 2594 homo,
3174 2540 3463 2601 propterea
3521 2535 3668 2602 quod

2091 2621 2386 2676 mansisset
2416 2623 2488 2685 id,
2519 2622 2661 2691 quod
2691 2633 2807 2676 erat
2836 2621 2998 2685 Deus,
3043 2623 3139 2676 sed
3171 2638 3292 2677 cum
3332 2622 3470 2677 Deus
3501 2632 3664 2687 esset,

2091 2709 2374 2765 hominem
2414 2724 2535 2766 esse
2583 2711 2808 2766 factum.
2854 2710 3006 2767 Vera;
3039 2712 3340 2768 divinitatis
3377 2721 3560 2767 autem
3616 2725 3670 2768 ct

2089 2813 2235 2855 vera:
2294 2800 2648 2854 humanitatis
2688 2801 3013 2856 documenta
3059 2811 3221 2871 atque
3268 2802 3463 2857 indicia
3497 2802 3669 2858 fuisse

2090 2899 2206 2946 tum
2241 2890 2427 2946 divina
2478 2891 2757 2958 miracula,
2794 2899 2908 2946 tum
2937 2894 3209 2949 cruciatus
3260 2902 3315 2948 et
3359 2902 3660 2949 tormenta.

2089 2982 2167 3039 Ac
2193 2997 2456 3053 quantum
2487 2985 2553 3038 ad
2587 2984 2703 3052 ejus
2739 2992 2988 3038 naturam
3059 2995 3223 3055 atque
3258 2986 3548 3041 essentiam
3577 3000 3668 3039 ra-

2025 3139 2029 3143 ,
2095 3075 2246 3129 tione
2273 3075 2454 3129 Patris
2479 3074 2697 3140 attinet,
2742 3088 2845 3129 nec
2876 3085 3114 3130 creatum
3162 3090 3305 3142 esse,
3351 3091 3453 3130 nec
3500 3077 3670 3131 oculis

420 3162 532 3217 τῶν
561 3162 778 3216 πάντων
803 3177 818 3193 ο
853 3159 995 3216 κατὰ
1017 3159 1080 3212 δὲ
1107 3159 1206 3229 τὴν
1231 3159 1330 3227 τῆς
1365 3159 1566 3229 σαρκὸς
1604 3155 1772 3210 αὑτοῦ
1828 3156 1991 3224 φύσιν

2093 3165 2477 3236 perspici,nec
2513 3165 2914 3230 circumscribi,
2948 3179 3050 3219 nec
3082 3164 3379 3230 immutari,
3409 3180 3513 3221 nec
3549 3181 3670 3220 mo-

421 3256 522 3310 καὶ
570 3254 869 3324 ἡμετέραν,
905 3251 999 3306 τὸν
1047 3252 1210 3306 αὐτὸν
1260 3250 1496 3316 mm»,
1529 3249 1796 3320 παθητὸν,
1830 3261 1992 3318 περι-

421 3347 691 3418 γραπτὺν,
729 3344 999 3414 χωρητὸν,
1027 3341 1244 3413 θνητὸν,
1281 3341 1374 3394 τὸν
1401 3341 1565 3398 αὑτὸν
1587 3340 1712 3411 μὲν,
1738 3339 1800 3394 οὐ
1850 3342 1995 3393 κατά

422 3440 490 3491 τὸ
517 3436 648 3492 αὐτὸ
673 3436 756 3500 δὲ,
780 3435 870 3488 δῑά
901 3434 970 3487 τὰ
997 3431 1057 3498 ἐξ
1083 3426 1180 3496 ὧν,
1216 3434 1313 3487 καὶ
1339 3429 1513 3495 ὲν-ςοῖς
1564 3433 1626 3484 τὸ
1675 3426 1815 3486 εἶναι
1851 3430 1990 3501 ἔχει.

439 3529 764 3599 ὀμοούσιον
812 3526 904 3582 τὸν
933 3524 1098 3578 αὐτὸν
1126 3523 1205 3594 τῷ
1235 3523 1357 3592 Θεῷ
1383 3522 1477 3576 καὶ
1507 3523 1681 3592 Harp!
1722 3521 1869 3575 κατὰ
1895 3522 1996 3593 τὴν

421 3620 660 3688 θεότητα
682 3635 699 3653 ·
754 3617 847 3672 καὶ
890 3617 1184 3687 όμοούσιον
1229 3617 1362 3686 ἡμῖν
1393 3614 1486 3670 τὸν
1515 3613 1679 3669 αὐτὸν
1709 3611 1855 3666 κατὰ
1896 3612 1997 3683 τὴν

426 3710 853 3780 ἀνθρωπότητα.
879 3706 1116 3761 Διπλοῦν
1151 3707 1250 3776 τὴν
1281 3705 1446 3776 φύσιν
1476 3706 1596 3775 ἦτοι
1642 3704 1741 3774 τὴν
1785 3705 1994 3770 οὐσίαν,

426 3803 521 3856 διὰ
553 3802 612 3854 τὸ
647 3800 876 3871 μεσίτην
909 3801 1039 3853 ὅντα
1066 3799 1203 3852 Θεοῦ
1239 3799 1330 3851 καὶ
1364 3795 1665 3867 ἀνθρώπων
1706 3795 1816 3848 δεῖν
1859 3795 1998 3849 ἀπο-

429 3893 632 3957 σώζειν
681 3893 886 3962 κυρίως
930 3891 1028 3960 τὴν
1062 3890 1200 3960 πρὸς
1229 3890 1296 3942 τὰ
1332 3887 1728 3958 μεσιτευόμενα
1761 3887 1998 3958 φυσικὴν

426 3985 742 4053 οἰκειότητα
779 3982 858 4052 τῷ
905 3981 1175 4050 ὑπάρχειν
1205 3979 1518 4047 ἀμφότερα,
1560 3978 1707 4039 ὅπως
1758 3978 1896 4046 αὐτῇ
1928 3979 1998 4047 τῇ

427 4073 662 4145 ἀληθείᾳ
709 4076 768 4126 ὲν
791 4072 997 4140 ἑαυτῷ,
1028 4073 1122 4125 καὶ
1151 4069 1220 4123 δι’
1250 4067 1444 4124 ἑαυτοῦ
1480 4067 1728 4136 συνάψας
1754 4069 1870 4130 τοῖς
1904 4068 2003 4120 ἑπ-

427 4164 703 4237 ουρανίοις
731 4164 798 4216 τὰ
833 4164 1074 4230 ἐπίγεια,
1106 4163 1201 4215 καὶ
1225 4160 1322 4230 τὴν
1357 4158 1548 4228 ὑλικὴν
1567 4158 1674 4211 τῶν
1703 4157 2002 4227 ἀνθρώπων

430 4259 620 4328 φύσιν,
657 4256 754 4326 τὴν
783 4259 848 4310 ὲκ
873 4256 972 4324 τῆς
1011 4252 1288 4324 ἁμαρτίας
1321 4249 1756 4320 πολεμωθεῖσαν,
1774 4249 1852 4317 τῷ
1879 4245 2002 4318 Θεῴ

430 4353 529 4404 καὶ
585 4348 760 4418 Harp).
811 4342 1174 4417 προσαγαγὼν
1207 4341 1495 4406 σωθεῖσαν,
1527 4338 1878 4409 φιλιωθεῖσάν
1941 4355 2004 4393 τε

2101 3257 2237 3324 veri,
2265 3269 2371 3311 nec
2394 3256 2532 3327 pati,
2559 3271 2661 3311 nec
2685 3255 2982 3325 corrumpi,
3013 3263 3070 3309 et
3109 3254 3476 3310 immortalem
3523 3269 3669 3316 esse.

2095 3357 2152 3404 et
2174 3363 2355 3402 rerum
2385 3347 2629 3402 omnium
2654 3355 3076 3416 procreatorem.
3099 3342 3372 3410 Quantum
3391 3353 3571 3400 autem
3603 3348 3671 3401 ad

2091 3438 2275 3495 carnis
2315 3438 2436 3509 ejus
2469 3446 2530 3493 et
2563 3447 2805 3492 nostram
2837 3445 3086 3490 naturam
3113 3436 3372 3506 pertinet,
3414 3439 3668 3492 eumdem

2095 3537 2150 3585 et
2179 3538 2422 3585 creatum
2452 3543 2594 3594 esse,
2627 3538 2682 3584 et
2731 3529 2839 3599 pati
2887 3529 3157 3599 potuisse,
3183 3535 3240 3582 et
3277 3527 3669 3592 circumscribi,

2096 3628 2153 3674 et
2179 3619 2588 3690 comprehendi,
2631 3628 2685 3674 et
2734 3619 2916 3684 mori;
2947 3618 3222 3682 eumdem,
3274 3619 3514 3688 inquam,
3561 3633 3672 3673 non

2097 3708 2152 3763 in
2182 3710 2373 3765 eodem
2411 3721 2614 3773 tamen,
2647 3721 2866 3780 propter
2907 3709 2996 3764 illa
3027 3708 3342 3780 exquibus,
3374 3718 3430 3764 et
3469 3710 3524 3764 in
3547 3712 3670 3779 qui-

2098 3799 2203 3855 bus
2233 3801 2416 3865 habet,
2447 3811 2504 3855 ut
2540 3801 2632 3854 sil.
2672 3801 2804 3855 Esse
2830 3801 3076 3870 ejusdem
3103 3801 3353 3856 essentiae
3381 3815 3505 3854 cum
3561 3801 3672 3854 Deo

2099 3900 2155 3946 et
2181 3890 2360 3955 Patre,
2403 3893 2612 3947 ratione
2668 3891 2994 3957 divinitatis,
3037 3905 3161 3947 esse
3205 3892 3451 3962 ejusdem
3483 3886 3672 3948 nobis-

2099 3996 2226 4037 cum
2274 3983 2547 4046 essentia.
2604 3983 2815 4037 ratione
2883 3981 3262 4038 humanitatis.
3328 3981 3528 4036 Natura
3573 3998 3672 4037 seu

2102 4071 2336 4126 essentia
2362 4071 2655 4140 duplicem,
2706 4072 2986 4142 quoniam,
3017 4087 3139 4126 cum
3173 4072 3243 4128 sit
3277 4073 3494 4128 medius
3526 4073 3670 4128 inter

2099 4162 2274 4216 Deum
2302 4171 2471 4230 atque
2509 4162 2759 4217 homines
2810 4162 3148 4227 conciliator,
3186 4163 3266 4219 sic
3293 4178 3417 4219 eum
3465 4175 3676 4234 oporteo

2102 4252 2198 4307 bat
2243 4253 2550 4307 naturalem
2609 4251 2752 4307 inter
2798 4253 2916 4309 haec
2960 4264 3202 4310 extrema
3244 4253 3670 4312 intercedentem

2104 4342 2490 4414 proprietatem
2520 4357 2865 4411 conservare,
2921 4353 2982 4399 ut
3034 4357 3177 4402 esset
3225 4357 3536 4418 utrumque,
3566 4364 3676 4420 quo

431 4442 532 4497 καὶ
566 4438 860 4495 θεωθεῖσαν
898 4438 1006 4490 οὐκ
1039 4434 1224 4498 οὐσίας
1254 4432 1566 4503 ταυτότητι,
1593 4430 1731 4486 ἀλλὰ
1771 4428 1994 4495 δυνάμει

2105 4448 2300 4490 revera
2330 4433 2385 4486 in
2419 4432 2621 4503 seipso,
2648 4442 2703 4488 et
2751 4448 2848 4503 per
2891 4435 3131 4505 seipsum
3192 4439 3470 4492 terrestria
3518 4440 3674 4494 caele.

432 4532 662 4602 ἀρρήτῳ
693 4527 791 4593 τῆς
837 4523 1326 4594 ὶνανθρωπήσιως,
1363 4497 1514 4584 θείας
1569 4518 1865 4581 κοινωνοὺς
1893 4515 1994 4585 φύε

2103 4526 2277 4582 stibus
2297 4525 2594 4581 devinciret
2619 4535 2672 4580 et
2711 4524 3087 4599 coniungeret,
3116 4535 3171 4583 et
3198 4528 3478 4584 hominum
3509 4540 3674 4585 natu-

437 4638 580 4683 σεως
607 4619 696 4674 διὰ
723 4618 824 4689 τῆς
857 4617 919 4681 ἐξ
949 4615 1109 4687 ἡμῶν
1144 4613 1306 4682 ἁγίας
1338 4611 1504 4667 αὐτοῦ
1535 4611 1760 4682 σαρκὸς,
1795 4609 1873 4673 ὡς
1907 4608 2004 4662 ἀπ’

433 4712 615 4784 ἀρχῆς
648 4710 742 4764 καὶ
765 4709 914 4778 ἡμᾶς
940 4705 1322 4777 ἀπεργάσηται
1345 4719 1360 4736 ο
1405 4701 1487 4756 διὸ
1537 4703 1636 4756 καὶ
1667 4700 1800 4764 Θεὸς
1867 4699 2006 4771 ὁμοῦ
2042 4720 2058 4730 κ

437 4804 536 4858 καὶ
573 4800 888 4869 ἅνθρωπος,
913 4799 942 4850 6
970 4797 1133 4859 αὐτὸς
1175 4795 1484 4865 πράγματι,
1517 4791 1610 4845 καὶ
1650 4791 1714 4844 οὐ
1750 4789 2005 4862 βουλήσει

441 4894 583 4967 μόνῃ
619 4893 879 4964 ὑπάρχων
911 4887 1278 4959 γινώσκηται.
1303 4886 1379 4938 οὐ
1407 4883 1630 4946 διπλοῦς
1656 4883 1715 4937 δὲ
1741 4882 1843 4953 τὴν
1871 4880 2006 4935 ὑπό-

442 5000 656 5050 στασιν,
679 4984 800 5054 ἢτοι
828 4983 889 5035 τὸ
917 4981 1231 5051 πρόσωπον,
1261 4976 1352 5032 διὰ
1386 4977 1447 5030 τὸ
1479 4975 1577 5031 ἕνα
1605 4976 1701 5030 καὶ
1725 4974 1819 5028 τὸν
1840 4972 2007 5027 αὐτὸν

440 5077 541 5130 καὶ
569 5075 681 5147 πρὸ
706 5072 909 5145 σαρκὸς
941 5068 1106 5137 εῖναι,
1133 5069 1230 5122 καὶ
1285 5067 1423 5137 μετά
1457 5066 1659 5136 σαρκὸς
1697 5061 2007 5136 μεμενηκέ-

439 5185 531 5224 ναι
560 5207 576 5234 ,
648 5165 784 5237 μηδὲ
841 5165 972 5236 μιᾶς
1019 5157 1322 5231 γενομένης
1375 5155 1694 5227 προσθήκης
1752 5159 1820 5227 τῇ
1876 5153 2010 5226 (ut;

441 5257 712 5330 Τριάδι,ἧ
742 5257 1080 5327 ὑφαιρέσεως
1113 5253 1177 5306 ἐκ
1205 5251 1301 5320 τῆς
1325 5249 1418 5304 τοῦ
1447 5249 1624 5319 Λόγου
1655 5249 2007 5320 σαρκώσεως.

435 5354 550 5408 τὸν
583 5351 748 5405 αὐτὸν
777 5348 1014 5402 παθόντα
1043 5347 1138 5418 μὲν
1170 5345 1337 5415 σαρκὶ
1364 5344 1505 5416 ὑπὲρ
1529 5339 1712 5418 ἡμῶν,
1733 5338 1830 5395 διὰ
1875 5355 2012 5394 παν-

441 5445 535 5507 τὸς
577 5442 634 5496 δὲ
681 5442 773 5495 τὸν
809 5439 970 5494 αὐτὸν
1017 5438 1231 5508 θεότητι
1277 5436 1408 5490 ὄντα
1450 5433 1637 5504 ἀπαθῆ
1694 5433 1791 5486 καὶ
1815 5431 2010 5500 διαμὲο

443 5551 628 5590 νοντα.
665 5535 829 5586 Ὥστε
861 5535 955 5587 καὶ
981 5531 1078 5603 τὴν
1111 5529 1384 5602 σωτηρίαν
1413 5525 1554 5582 εἶναι
1583 5527 1683 5598 τὴν
1732 5524 2011 5595 ἡμετέραν

446 5632 505 5684 ἐν
555 5627 634 5699 τῷ
696 5626 913 5696 θανάτῳ
984 5622 1078 5677 τοῦ
1145 5620 1469 5694 μονογενοῦς
1521 5619 1654 5674 Υίοῦ
1717 5618 1810 5672 τοῦ
1876 5616 2012 5670 Θεοῦ

447 5721 516 5792 (ὦ
573 5719 878 5792 παραδόξου
912 5715 1218 5788 μ·.στηρίου
1275 5713 1370 5766 καὶ
1418 5711 1797 5783 ἀνεκφράστου
1823 5708 1864 5780 ι)
1917 5709 2013 5763 καὶ

447 5812 546 5884 τὴν
610 5811 799 5882 θεῖκὴν
861 5810 959 5882 τῆς
1017 5808 1207 5872 οὐσίας
1268 5804 1430 5860 αὑτοῦ
1485 5804 1620 5872 πρὸς
1665 5805 1756 5859 τὸν
1795 5802 2013 5874 Πατέρα

2109 4631 2230 4672 ram
2267 4631 2334 4672 ex
2371 4619 2598 4672 materia
2640 4627 3005 4683 constantem,
3056 4634 3177 4689 quae
3218 4633 3248 4673 a
3301 4627 3524 4690 peccato
3577 4635 3668 4673 ex-

2104 4715 2340 4778 pugnata
2363 4705 2683 4775 devictaque
2749 4705 2948 4772 fuerat,
3003 4704 3068 4760 ad
3121 4707 3290 4760 Deum
3339 4715 3395 4760 et
3433 4703 3675 4772 Patrem,

2105 4798 2356 4864 liberam,
2389 4808 2446 4854 et
2475 4798 2702 4864 salvam,
2728 4796 2931 4867 Deique
2982 4806 3277 4862 amantem,
3309 4805 3366 4853 et
3395 4797 3679 4853 divinitate

2105 4888 2358 4944 affectam
2382 4878 2491 4944 non
2538 4889 2728 4944 eadem
2783 4887 3035 4943 essen-tiae
3089 4887 3318 4953 ratione,
3344 4888 3439 4943 sed
3486 4899 3678 4944 sancta

2105 4989 2400 5051 assumpta:
2428 4995 2459 5034 a
2483 4995 2542 5036 se
2566 4979 2744 5035 carnis
2784 4987 3074 5048 potestate,
3102 4993 3222 5046 quae
3267 4979 3524 5050 explicari
3564 4995 3678 5034 non

2107 5080 2304 5141 pctest,
2333 5069 2630 5126 divinitatis
2670 5070 2866 5124 factum
2913 5068 3232 5139 participem
3281 5084 3465 5126 secum
3505 5069 3679 5125 addu-

2108 5171 2274 5216 ceret:
2299 5161 2472 5231 utqui
2497 5161 2566 5216 ab
2605 5159 2764 5215 initio
2783 5174 2886 5215 nos
2931 5161 3096 5214 etiam
3161 5161 3470 5231 procreavit
3515 5161 3680 5222 Deus,

2109 5252 2251 5308 idem
2329 5261 2386 5306 et
2434 5253 2599 5307 homo
2652 5266 2764 5306 non
2806 5251 3033 5307 consilio
3064 5259 3120 5307 et
3159 5253 3436 5307 voluntate
3480 5251 3679 5316 solum,

2107 5343 2201 5400 sed
2224 5358 2281 5398 re
2301 5343 2416 5409 ipsa
2449 5356 2570 5397 csse
2612 5351 2991 5412 cognoscatur.
3019 5340 3130 5397 Nec
3157 5350 3337 5396 tamen
3362 5355 3482 5396 esse
3511 5339 3684 5410 hypo-

2108 5435 2262 5500 stasi,
2325 5450 2422 5490 seu
2481 5449 2713 5504 persona
2757 5434 3050 5505 duplicem,
3117 5431 3576 5502 quandoquidem,
3616 5439 3681 5486 ut

2111 5543 2255 5585 unus
2298 5536 2350 5583 et
2389 5527 2530 5582 idem
2560 5535 2696 5592 erat,
2748 5537 3036 5595 antequam
3085 5537 3302 5578 carnem
3358 5532 3682 5589 assumeret,

2110 5622 2189 5677 sic
2217 5629 2339 5690 post
2364 5633 2582 5674 Carnem
2617 5626 2950 5687 assumptam
2970 5613 3285 5685 permansit,
3317 5627 3440 5669 cum
3462 5627 3528 5667 ex
3546 5612 3684 5668 Ver.

2114 5711 2166 5766 bi
2220 5707 2558 5764 humanitate
2601 5707 2734 5762 nihil
2803 5706 3115 5771 accesserit,
3188 5704 3325 5761 nihil
3382 5697 3687 5761 decesserit

2113 5811 2315 5860 sanctae
2338 5800 2610 5858 Trinitati.
2628 5797 2804 5858 Carne
2830 5798 3044 5870 quidem
3065 5813 3162 5871 pro
3188 5795 3681 5862 nobis‘cruciatum,
