4066 6288
468 345 570 409 εει

1694 337 2083 400 EUTIIYMII
2133 337 2497 397 ZIGABENI

3626 337 3729 399 232

469 468 528 515 ct
556 465 784 514 mortem
826 469 948 511 esse
982 468 1325 526 perpessum,
1387 450 1640 506 eumdem
1690 458 1872 504 tamen
1929 464 2049 504 om-

2179 448 2311 515 ιόξαν
2347 465 2408 501 τε
2439 450 2533 502 καὶ
2561 448 2922 520 λαμπρότητα
2943 448 3205 520 διηνεκῶς
3263 448 3447 517 μένειν
3505 448 3731 505 άνελάτ-

472 553 606 607 nino
628 550 913 605 divinitate
961 549 1126 602 nullis
1152 544 1482 601 cruciatibus
1516 553 1625 598 'aut
1670 540 2051 596 affectionibus

2157 556 2350 595 τωτον.

473 644 766 699 obnoxium
795 642 1175 713 permansisse,
1210 648 1267 693 ut
1293 646 1347 692 et
1377 641 1524 691 salus
1573 645 1720 691 esset
1756 644 1943 689 nostra
1987 634 2042 687 in
2090 643 2267 689 morte
2323 634 2589 707 unigeniti
2628 635 2749 691 Filii
2808 637 2907 692 Dei
2972 636 3051 706 (0
3097 636 3347 707 mirabile
3393 647 3731 709 mysterium,

474 751 530 798 et
565 755 782 795 omnem
817 736 1028 792 dicendi
1061 732 1167 788 vim
1210 733 1511 803 superans!
1545 732 1565 803 )
1605 740 1661 786 ct
1709 730 1907 787 divinae
1961 730 2215 785 essentia:
2254 729 2373 800 ejus
2421 732 2566 803 apud
2598 731 2812 788 Patrem
2865 731 3034 802 gloria
3084 740 3139 787 et
3185 731 3442 801 splendor
3472 740 3735 803 perpetuo

476 835 598 893 sine
630 834 735 888 ulla
776 829 1161 891 imminutione
1187 836 1556 897 permaneret.

1163 919 1441 989 Ejusdem.

548 1016 805 1086 Magnum
894 1021 1189 1080 assumptae
1246 1026 1275 1064 a
1338 1010 1450 1064 Deo
1517 1007 1698 1063 carnis
1744 1008 2058 1079 mysterium

483 1125 701 1179 semper
728 1106 1045 1177 mysterium
1090 1113 1291 1167 manet,
1330 1117 1440 1155 non
1479 1101 1657 1156 solum
1723 1101 1871 1171 quia,
1930 1103 2060 1155 dum

2765 914 2875 969 Τοῦ
2928 913 3136 967 αὐτοῦ.

2233 1006 2305 1058 Τὸ
2331 1004 2476 1075 μέγα.
2502 1007 2601 1075 τῆς
2636 1003 2784 1067 θείας
2808 1003 3279 1075 ὲνανθρωπήσεῳς
3305 1004 3612 1076 μυστήριον
3646 1006 3738 1059 όιελ⁸

2167 1098 2320 1167 μένει
2372 1098 2694 1165 μυστήριον,
2730 1095 2792 1148 οὑ
2832 1094 2993 1164 μίνον
3031 1095 3114 1148 ὅτι
3147 1094 3483 1164 συμμέτρως
3524 1096 3591 1164 τῇ
3640 1094 3739 1147 δυ·
3803 1114 3807 1117 λ

477 1199 721 1257 facultati
750 1212 961 1258 eorum,
999 1195 1089 1265 qui
1116 1206 1424 1259 servantur,
1458 1193 1818 1263 proportione
1843 1192 2063 1246 videtur

2179 1190 2330 1258 νάμει
2363 1186 2475 1241 τῶν
2509 1187 2599 1240 ὑπ’
2635 1187 2801 1240 αὑτοῦ
2835 1186 3161 1255 σωζομένων
3195 1185 3595 1255 ὲκφαινόμενον
3622 1186 3741 1256 ἔχει

482 1292 840 1363 respondere,
871 1289 1046 1359 majus
1070 1302 1233 1357 quam
1259 1300 1373 1356 pra:
1404 1300 1463 1339 se
1502 1284 1626 1344 fert.
1660 1299 1920 1338 arcanum
1954 1283 2054 1336 ha-

476 1386 573 1442 bet
595 1382 976 1447 reconditum;
1006 1395 1200 1434 verum
1230 1378 1553 1448 etiamquia
1584 1377 1639 1431 id
1671 1377 1870 1446 ipsum,
1915 1375 2062 1444 quod

2171 1281 2356 1350 μεῖζον
2405 1278 2501 1332 τοῦ
2547 1279 2907 1347 ἐκφανθέντος
2953 1279 3016 1331 τὸ
3048 1279 3455 1348 κεκρυμμένον,
3490 1278 3604 1331 ἀλλ’
3645 1279 3732 1331 ὅτι

2168 1372 2267 1424 καὶ
2316 1371 2451 1423 αὐτὸ
2486 1370 2546 1422 τὸ
2592 1370 2759 1439 φανὲν
2812 1369 2893 1422 ἔτι
2929 1369 3079 1438 μένει
3127 1368 3365 1437 πάμπαν
3417 1369 3740 1438 ἀπόκρυφον

485 1484 743 1548 apparet,
774 1474 946 1542 magis
979 1473 1254 1527 occultum
1285 1480 1340 1525 et
1375 1480 1644 1525 secretum
1670 1477 1751 1523 est
1797 1483 1957 1536 quam
2015 1476 2072 1522 ut

2179 1461 2341 1515 >665vl.
2372 1462 2517 1531 λόγῳ
2547 1460 2730 1524 καθώς
2757 1462 2874 1514 ἐστι
2904 1462 3329 1529 γινωσκόμενον.
3373 1459 3431 1512 '0
3463 1456 3573 1527 γὰρ
3604 1458 3738 1522 Θεὸς

480 1571 592 1625 ulla
620 1569 852 1631 ratione,
874 1564 1147 1634 quomodo
1172 1563 1265 1629 sit,
1285 1562 1494 1632 percipi
1520 1561 1715 1616 valeat.
1746 1559 1891 1613 Deus
1921 1558 2068 1612 enim

2179 1553 2494 1622 bnspodcto;
2527 1552 2623 1613 ὢν,
2658 1551 3001 1621 ὑπερουσίως
3029 1549 3293 1619 οὑσιώθη·
3332 1548 3429 1602 καὶ
3461 1549 3603 1618 ὑπὲρ
3641 1550 3739 1601 ἀν-

478 1660 721 1717 essentia
779 1658 1085 1723 sublimior,
1140 1657 1353 1710 ratione
1420 1652 1713 1709 essentiam
1777 1658 2072 1720 superante

2179 1644 2197 1698 5
2208 1645 2407 1715 ρώπων
2436 1646 2512 1707 ὼς
2540 1644 2923 1712 φιλάνθρωπος
2953 1643 3020 1696 ὲκ
3049 1643 3148 1712 τῆς
3177 1642 3286 1694 τῶν
3311 1641 3617 1711 ἀνθρώπων
3650 1641 3742 1693 οὑ-

486 1753 719 1823 sumpsit
774 1751 1086 1811 essentiam,
1121 1758 1173 1802 et
1199 1763 1297 1817 pro
1322 1744 1636 1800 hominibus
1689 1743 1919 1812 (tantum
1949 1740 2069 1808 ejus

2179 1736 2295 1797 σίας
2346 1732 2632 1804 ἄνθρωπος
2683 1731 2946 1801 γεγονὼς,
3005 1731 3098 1785 τὸν
3153 1729 3247 1784 τοῦ
3301 1730 3420 1794 πῶς
3454 1730 3744 1801 ἄνθρωπος

486 1847 544 1899 in
569 1847 817 1899 homines
839 1857 991 1895 amor
1018 1840 1120 1894 fuit
1140 1839 1178 1909 l)
1200 1852 1264 1893 ex
1294 1838 1580 1892 hominum
1611 1834 1850 1889 essentia
1889 1832 2066 1886 factus

489 1935 675 1998 homo,
704 1932 946 1997 modum,
980 1945 1087 1998 quo
1149 1928 1325 1982 laetus
1388 1934 1491 1988 est,
1547 1938 1803 1979 arcanum
1839 1922 2066 1987 retinet,

489 2025 689 2094 quippe
716 2023 807 2092 qui
840 2036 1004 2090 supra
1042 2033 1274 2083 morem,
1306 2026 1363 2072 et
1386 2017 1519 2083 vim,
1547 2024 1604 2071 et
1654 2013 2068 2084 intelligentiam

492 2119 782 2170 humanam
820 2112 1000 2166 iactus
1027 2121 1109 2167 est
1130 2113 1315 2165 homo.

1158 2200 1437 2272 Ejusdem.

563 2298 767 2369 Ecquis
814 2306 1025 2351 tantum
1076 2294 1294 2349 excellit
1339 2290 1561 2347 dicendi
1645 2290 1922 2354 facultate,
2014 2297 2073 2343 ut

488 2392 709 2453 audeat,
742 2398 834 2443 aut
864 2389 1034 2457 possit
1066 2385 1359 2455 explicare,
1392 2381 1669 2454 quomodo
1698 2380 2072 2449 comprehen-

486 2496 583 2537 sus
604 2482 675 2535 sit
705 2478 892 2535 Deus?
938 2477 1210 2547 quomodo
1240 2490 1369 2530 caro
1406 2474 1525 2529 sine
1559 2473 1770 2528 semine
1818 2479 2073 2543 generata

493 2573 607 2627 sit?
658 2569 931 2640 quomodo
989 2568 1109 2622 sine
1174 2565 1526 2634 corruptione
1590 2562 1836 2618 mulieris
1885 2571 2075 2632 partus

493 2661 769 2717 exsﬂterit
792 2660 815 2712 ?
834 2657 1107 2728 quomodo
1127 2656 1278 2727 virgo
1300 2656 1449 2710 nullo
1467 2654 1838 2711 intercedente
1856 2652 2076 2708 homine

491 2761 666 2808 mater
687 2750 963 2805 evaserit?
995 2749 1270 2819 quomodo
1294 2757 1467 2802 mater
1502 2755 1661 2816 partu
1696 2745 2066 2817 virginitatem

493 2856 602 2896 non
621 2841 869 2895 solvente
898 2839 1046 2909 virgo
1072 2837 1474 2908 permanserit?
1502 2844 1555 2890 et
1580 2847 1639 2890 ut
1656 2844 1901 2890 extremo
1927 2836 2071 2899 loco,

492 2933 639 3003 quod
665 2932 898 3001 primum
942 2940 1044 2994 est,
1071 2929 1270 2993 dicam,
1306 2928 1577 2998 quomodo
1602 2927 1747 2983 Deus
1798 2925 1976 2982 factus
2006 2926 2078 2979 sit

496 3024 703 3081 homo?
733 3032 787 3078 et
832 3022 977 3092 quod
1010 3022 1188 3091 majus
1238 3021 1558 3091 mysterium
1606 3018 1879 3084 continet,
1936 3034 2075 3088 quo-

2170 1828 2360 1894 γέγονε
2411 1826 2614 1897 τρόπον
2665 1826 2821 1895 μένει
2873 1825 3214 1894 κεκτημένος
3269 1825 3631 1893 ἀνέκιραντον,
3666 1823 3745 1887 ὡς

2173 1918 2313 1989 ὑπὲρ
2343 1916 2633 1988 ἄνθρωπον
2668 1917 2956 1988 ἄνθρωπος
2987 1916 3298 1987 γενόμενος.

2776 2189 2885 2243 Τοῦ
2934 2188 3144 2245 αὐτοῦ.

2246 2283 2342 2346 Τίς
2370 2282 2628 2337 τοσοῦτον
2654 2284 2881 2354 δυνάμει
2928 2284 3091 2354 λόγου
3127 2284 3347 2356 θαρῤῶν
3378 2282 3617 2351 ἐξειπεῖν
3651 2278 3749 2333 δυ-

2174 2377 2421 2446 νήσεται,
2448 2374 2566 2439 πῶς
2599 2375 2789 2442 γέγονε
2833 2373 2968 2427 Θεοῦ
3021 2373 3330 2445 σύλληψις;
3366 2378 3485 2439 πῶς
3523 2378 3750 2446 γένεσις

2177 2466 2381 2537 σαρκὸς
2407 2465 2537 2519 ἄνευ
2585 2466 2836 2535 σπορᾶςς
2887 2465 3003 2529 πῶς
3034 2466 3293 2535 γέννησις
3341 2467 3463 2536 δίχα
3505 2468 3747 2540 φθορᾶςς

2177 2559 2294 2621 πῶς
2322 2560 2354 2628 ἡ
2395 2557 2675 2628 Παρθένος
2708 2557 2890 2628 μήτηρ
2920 2557 2979 2610 οὐ
3016 2556 3492 2629 μεσολαϐήσαντος
3522 2560 3747 2630 ἀνδρός;

2175 2648 2291 2711 πῶς
2339 2649 2374 2719 ἡ
2426 2648 2612 2718 μήτηρ
2646 2646 2945 2717 Παρθένος,
2970 2647 3047 2718 τῷ
3075 2648 3221 2719 τόκῳ
3254 2648 3330 2720 μὴ
3360 2648 3617 2721 λυθείσης
3645 2654 3754 2723 τῆς

2175 2739 2513 2811 παρθενίαςς
2563 2738 2659 2791 καὶ
2705 2738 2793 2792 ἵνα
2845 2740 2906 2792 τὸ
2955 2739 3172 2809 πρῶτον
3215 2740 3527 2795 τελευταῖον
3582 2742 3746 2807 εἴπω,

2180 2831 2295 2895 πῶς
2328 2833 2356 2884 6
2381 2831 2515 2894 Θεὸς
2535 2829 2838 2901 ,ἄνθρωπος
2868 2832 3117 2899 γίνεταις
3152 2833 3246 2886 καὶ
3273 2833 3335 2886 τὸ
3371 2834 3749 2906 μυστηριωδέ-

2179 2939 2391 2993 στερον,
2426 2921 2543 2984 πῶς
2593 2921 2870 2985 οὑσιωδῶς
2914 2922 2973 2974 ὲν
3019 2926 3189 2992 σαρκὶ
3235 2923 3360 2977 καθ’
3387 2926 3685 2979 ὑπόστασιν
3719 2928 3752 2979 6

2177 3015 2298 3069 κατ’
2324 3013 2513 3067 οὐσίαν
2541 3013 2917 3077 ὑποστατικῶς
2942 3013 3065 3076 ὅλος
3090 3014 3178 3067 ἀεὶ
3209 3014 3389 3084 μένων
3422 3017 3481 3069 ἐν
3527 3016 3605 3088 τῷ
3640 3016 3755 3069 Πα-

497 3116 660 3172 modo
708 3130 808 3182 per
857 3114 1152 3169 essentiam
1189 3110 1489 3168 secundum
1513 3125 1803 3181 personam
1833 3110 1887 3164 in
1913 3123 2076 3164 carne

2179 3106 2304 3178 τρίς
2335 3106 2459 3168 Πῶς
2487 3105 2580 3158 καὶ
2605 3104 2724 3168 ὅλος
2757 3107 2877 3158 ἐστὶ
2908 3106 3041 3168 Θεὸς
3073 3106 3215 3160 κατὰ
3271 3106 3457 3176 φύσιν,
3491 3108 3585 3161 καὶ
3630 3106 3754 3171 ὅλος

494 3209 787 3274 exsistens,
810 3223 907 3277 per
939 3206 1231 3262 essentiam
1264 3204 1564 3260 secundum
1598 3216 1887 3272 personam
1930 3209 2076 3256 totus

497 3315 719 3369 semper
746 3299 800 3352 in
830 3297 990 3350 Patre
1029 3295 1233 3349 fuerit?
1265 3294 1548 3358 Quomodo
1568 3303 1623 3348 et
1653 3302 1801 3348 totus
1830 3293 2078 3347 sitnatu-

498 3404 559 3442 ra
584 3390 751 3454 Dens,
775 3397 831 3441 et
852 3394 998 3440 totus
1028 3394 1222 3439 natura
1250 3384 1324 3437 ita
1362 3383 1535 3438 factus
1566 3383 1639 3438 sit
1662 3383 1855 3449 homo,
1883 3390 1944 3436 ut
1970 3397 2076 3438 nec

499 3480 739 3533 divinam
770 3491 872 3531 nec
906 3476 1201 3530 humanam
1235 3480 1488 3527 naturam
1518 3473 1800 3543 abjiceret,
1828 3471 1925 3527 sed
1959 3486 2077 3525 am-

498 3571 599 3626 bas
637 3570 756 3624 sine
785 3565 1109 3622 confusione
1149 3565 1468 3634 conjunctas
1506 3561 1899 3618 conservaret?
1950 3560 2075 3615 Haec

2157 3198 2405 3268 ’γέγονεν
2430 3196 2718 3268 ἄνθρωπος
2771 3198 2915 3251 κατά
2947 3196 3132 3268 φύσιν,
3176 3200 3314 3269 μήτε
3343 3200 3440 3271 τὴν
3467 3199 3615 3253 θείαν
3651 3199 3757 3269 φύ-

2183 3306 2290 3352 σιν.
2346 3289 2485 3359 μήτε
2540 3288 2638 3358 τὴν
2667 3288 3016 3360 ἀνθρωπίνην
3047 3291 3381 3361 ἠρνημένος,
3436 3291 3553 3345 ἀλλ’
3579 3293 3755 3361 ἀσυγ-

2183 3376 2366 3448 χύτως
2394 3377 2682 3447 ήνωμένας
2716 3377 2887 3441 αὑτὰς
2914 3378 3099 3449 τηρῶν
3124 3395 3142 3446 ;
3174 3379 3357 3434 Ταῦτα
3388 3382 3571 3443 πίστις
3613 3381 3757 3452 μόνη

2184 3469 2359 3539 χωρεί
2434 3467 2543 3520 τῶν
2604 3466 2747 3536 ὑπὲρ
2811 3467 2935 3534 νοὺν
3025 3468 3118 3523 καὶ
3210 3469 3369 3538 λόγον
3431 3471 3757 3542 ὑπάρχουσα

2183 3558 2530 3628 πραγμάτων
2562 3558 2862 3622 ὑπόστασις
2886 3596 2900 3623 ,
2956 3561 3054 3612 καὶ
3114 3561 3501 3625 ἀναπόδεικτος
3528 3563 3753 3631 γνῶσις.

500 3666 636 3721 ﬁdes
656 3662 771 3720 sola
800 3657 1237 3729 comprehendit,
1264 3672 1385 3727 qua:
1412 3666 1655 3712 mentem
1694 3664 1756 3711 et
1792 3653 2182 3726 cogitationem
2213 3650 2529 3723 superantia
2562 3650 2745 3707 verbis
2773 3663 3055 3721 nequeunt
3082 3654 3493 3711 demonstrari.-

1152 3748 1431 3817 Eiusdem.

571 3846 744 3901 Adam
775 3858 804 3896 a
826 3841 1012 3896 divino
1042 3837 1298 3892 mandato
1337 3836 1620 3903 recedens,
1650 3833 1705 3889 in
1734 3848 1898 3889 causa
1951 3833 2078 3900 fuit,

506 3946 568 3991 ut
588 3933 826 3990 hominis
877 3929 1206 4001 principium
1228 3926 1442 3982 sitcum
1467 3924 1766 3994 voluptate,
1806 3922 1929 3977 linis
1955 3936 2081 3978 cum

506 4029 713 4083 dolore.
740 4025 881 4080 Nam
907 4037 1032 4077 cum
1062 4020 1341 4089 voluptate
1402 4016 1671 4087 gignitur,
1707 4029 1833 4069 cum
1891 4013 2082 4069 dolore

508 4120 765 4174 moritur.
792 4116 1042 4170 Christus
1073 4120 1279 4174 autem,
1309 4109 1483 4163 factus
1511 4107 1794 4171 obediens,
1816 4105 1984 4161 alium
2013 4120 2080 4160 ex

502 4209 714 4278 Spiritu
735 4216 917 4260 ortum
940 4204 1252 4258 hominibus
1286 4201 1510 4269 largitus
1546 4207 1649 4261 est,
1672 4198 1826 4267 cujus
1866 4197 2079 4249 initiqu

507 4299 751 4353 adolore
775 4296 999 4365 quidem
1030 4291 1344 4346 excolendae
1405 4288 1622 4342 virtutis
1684 4296 1739 4341 et
1808 4286 2081 4340 laboribus

508 4388 773 4451 nascitur,
799 4384 1130 4438 linisautem
1167 4381 1496 4450 voluptatem
1550 4386 1605 4431 et
1626 4376 1864 4446 quietem
1889 4390 2081 4431 conse-

504 4479 721 4549 quitur.
748 4474 1114 4541 Quamobrem
1143 4481 1199 4526 et
1223 4472 1362 4540 ipse,
1394 4484 1520 4523 cum
1551 4468 1714 4522 vellet
1741 4467 1906 4521 homo
1941 4465 2079 4529 tieri,

508 4566 762 4639 quamvis
800 4563 1009 4620 semine
1046 4560 1283 4615 noluerit
1310 4556 1583 4629 generari,
1640 4564 1870 4610 mortem
1904 4562 2085 4609 tamen

511 4659 760 4732 perferre
790 4656 983 4721 voluit,
1039 4668 1149 4708 non
1184 4663 1244 4705 ut
1273 4647 1585 4717 voluptatis,
1617 4661 1740 4715 qua:
1768 4645 1913 4699 nulla
1967 4646 2086 4699 fue-

510 4760 618 4817 rat,
644 4758 787 4804 esset
815 4763 996 4818 poena,
1031 4747 1123 4800 sed
1157 4752 1217 4798 ut
1242 4757 1344 4797 nos
1381 4741 1663 4795 damnatos
1701 4737 2001 4792 absolveret
2032 4746 2087 4791 ct

513 4844 809 4907 mortejsua
828 4846 1055 4891 mortem
1080 4845 1325 4889 nostram
1350 4828 1720 4894 interimeret,
1749 4838 1803 4882 et
1828 4827 2088 4882 conciliata

517 4940 603 4987 ret
623 4930 779 4985 nobis
799 4927 1283 4983 immortalitatem.

1170 5017 1439 5086 Ejusdem.

585 5112 823 5182 Equum
856 5110 978 5175 fuit,
1007 5120 1067 5163 ut
1090 5108 1258 5170 Deus,
1293 5106 1386 5175 qui
1444 5114 1637 5159 natura
1684 5112 1739 5158 et
1780 5103 1980 5167 bonus,
2034 5111 2088 5158 et

516 5204 755 5275 sapiens,
793 5210 849 5256 et
882 5201 1087 5270 justus,
1113 5206 1169 5252 et
1200 5205 1396 5267 potens
1434 5203 1538 5258 est,
1571 5209 1749 5263 neque
1783 5196 1862 5248 uti
1910 5196 2088 5249 bonus

516 5296 752 5353 hominis
775 5310 805 5348 a
836 5307 895 5348 se
918 5290 1188 5362 procreati
1226 5288 1534 5357 despiceret
1562 5285 1929 5340 inﬁrmitatem
1965 5327 1981 5354 ,
2032 5295 2089 5341 et

520 5401 600 5443 uti
626 5388 852 5458 sapiens
886 5386 1007 5454 ejus
1042 5381 1297 5437 curanda:
1326 5379 1597 5440 rationem
1618 5378 1892 5448 cognitam
1923 5379 2089 5433 habe-

516 5492 622 5545 ret,
648 5491 702 5535 et
736 5481 809 5533 uti
836 5480 1014 5550 justus
1067 5490 1179 5538 eos,
1213 5474 1307 5543 qui
1355 5473 1598 5527 volentes
1650 5472 1898 5526 servituti
1968 5487 2087 5527 sese

519 5571 1055 5642 subjeccrant,nulla
1093 5567 1353 5625 violentia
1384 5569 1439 5621 in
1482 5566 1786 5620 libertatem
1845 5565 2086 5619 vindica-

519 5672 695 5723 rct,et
732 5664 802 5716 uti
832 5673 1023 5731 potens
1040 5662 1106 5717 ad
1138 5661 1243 5716 hoc
1258 5659 1644 5730 perliciendum
1662 5658 1804 5713 vires
1837 5665 1887 5712 et
1922 5656 2087 5711 lacul-

520 5765 685 5809 tatem
715 5754 1005 5808 obtineret.

2787 3743 2899 3796 Τοῦ
2943 3744 3152 3801 αὑτοῦ.

2270 3831 2328 3885 Ὀ
2360 3832 2462 3902 μὲν
2500 3832 2695 3902 Ἀδὰμ,
2722 3833 3086 3905 παρακούσας
3117 3836 3219 3904 τῆς
3251 3835 3404 3901 θείας
3434 3837 3757 3911 ὲντολῆς,ὲξ

2182 3924 2379 3995 ἡδονῆς
2427 3925 2692 3997 ἄρχεσθαι
2741 3927 2842 3996 τὴν
2890 3928 3108 3994 γένεσιν
3136 3928 3246 3983 τῶν
3290 3930 3615 4001 ἀνθρώπων,
3655 3936 3756 3989 καὶ

2184 4016 2519 4085 καταλήγειν
2549 4019 2629 4080 εἰς
2657 4017 2850 4087 ὀδύνην
2881 4018 3130 4089 ἐποίησε.
3161 4021 3240 4073 Δι’
3274 4021 3465 4091 ἡδονῆς
3514 4023 3614 4093 μὲν
3643 4023 3756 4097 γάρ

2186 4108 2221 4175 ὴ
2272 4107 2472 4176 σπορὰ,
2521 4106 2590 4160 δι’
2622 4106 2812 4177 ὀδύνης
2840 4107 2899 4160 δὲ
2926 4110 2953 4161 6
2981 4108 3231 4171 θάνατος.
3276 4111 3336 4164 Ὃ
3371 4111 3426 4164 δὲ
3498 4112 3756 4184 Χριστὸς,

2188 4199 2432 4268 ὑπήκοος
2486 4199 2812 4268 γενόμενος,
2869 4200 3035 4270 ἄλλην
3103 4201 3319 4269 γένεσιν
3375 4206 3757 4276 πνευματικὴν

2187 4289 2483 4357 ἐχαρίσατο
2512 4291 2624 4351 τοίς
2651 4288 2979 4358 ἀνθρώποις,
3012 4291 3074 4355 ἐξ
3130 4292 3323 4361 ὀδύνης
3358 4295 3461 4363 μὲν
3511 4298 3605 4349 καὶ
3652 4288 3763 4351 πό-’

2189 4395 2297 4432 νων
2327 4379 2434 4432 τῶν
2471 4380 2569 4449 τῆς
2615 4382 2819 4453 ἀρετῆς
2850 4383 3185 4453 ἀρχομένην,
3216 4387 3294 4447 είς
3326 4385 3519 4457 ἡδονὴν
3567 4386 3624 4441 δὲ
3660 4391 3759 4443 καὶ

2115 4478 2158 4532 ι)
2186 4470 2498 4524 ἀνάπαυσιν
2540 4473 2979 4545 καταλήγουσαν.
3014 4477 3107 4528 Διὸ
3155 4476 3252 4529 καὶ
3281 4477 3449 4541 αὐτὸς
3480 4480 3759 4551 ὲνανθρω-

2189 4560 2360 4627 πῆσαι
2396 4561 2683 4631 βουληθεὶς
2712 4565 2814 4633 τὴν
2844 4563 2934 4616 διὰ
2965 4566 3178 4632 σπορᾶς
3222 4568 3283 4620 οὑ
3315 4569 3631 4638 προσήκατο
3666 4574 3760 4636 γέ-

2187 4666 2355 4715 νεσιν,
2388 4652 2482 4704 τὸν
2510 4652 2578 4705 δι’
2611 4651 2804 4721 ὀδύνης
2829 4653 2885 4706 δὲ
2922 4654 3150 4708 θάνατον
3181 4656 3503 4726 ὑπέμεινεν,
3541 4658 3636 4728 οὑχ
3679 4658 3758 4720 ὠς

2189 4741 2463 4811 ἐπιτίμιον
2490 4744 2712 4813 ἡδονῆς,
2744 4743 2862 4798 ἀλλ’
2915 4744 3057 4815 ὑπὲρ
3087 4744 3244 4814 ἡμῶν
3279 4745 3387 4799 τῶν
3424 4747 3755 4813 καταδίκων,

2189 4835 2284 4885 καὶ
2338 4834 2403 4886 ἶν’
2443 4838 2471 4887 6
2529 4835 2759 4900 θάνατος
2818 4836 2984 4891 αὑτοῦ
3044 4836 3279 4900 θάνατος
3329 4836 3424 4890 τοῦ
3485 4838 3758 4909 ἡμετέρου

2189 4919 2422 4975 θανάτου
2454 4924 2681 4995 γένηται
2708 4927 2803 4980 καὶ
2836 4926 3094 4995 πρόξενος
3120 4926 3438 4991 ἀθανασίας.

2798 5017 2910 5072 Τοῦ
2949 5018 3158 5073 αὐτοῦ.

2194 5163 2203 5170 ,
2266 5108 2417 5162 Ἔδει
2464 5109 2556 5164 τὸν
2603 5108 2738 5163 Θεὸν
2781 5109 3011 5178 ἀγαθὸν,
3059 5112 3150 5162 καὶ
3184 5109 3369 5178 σοφὸν,
3404 5110 3498 5164 καὶ
3528 5110 3757 5177 δίκαιον,

2187 5203 2285 5258 καὶ⁹
2332 5202 2556 5258 δυνατὸν
2594 5202 2735 5258 «ὄντα
2778 5202 2923 5257 κατὰ
2951 5202 3135 5273 φύσιν,
3180 5205 3258 5266 ὡς
3312 5204 3410 5275 μὲν
3447 5202 3651 5272 ἀγαθὸν
3684 5202 3763 5274 μὴ

2190 5298 2439 5368 παριδεῖν
2466 5297 2561 5350 τοῦ
2588 5297 2791 5351 οἰκείου
2833 5297 3154 5368 πλάσματος
3183 5298 3281 5369 τὴν
3321 5298 3609 5351 ἀσθένειαν
3629 5313 3641 5326 ·
3680 5296 3759 5359 ὡς

2189 5389 2248 5443 δὲ
2278 5390 2442 5459 σοφὸν
2472 5390 2764 5459 γινώσκειν
2794 5391 2885 5443 τὸν
2916 5392 3117 5462 τρόπον
3146 5394 3246 5462 τῆς
3274 5391 3514 5461 ἰατρείας
3565 5389 3719 5459 ημῶν
3738 5405 3755 5420 ο

2188 5483 2262 5546 ὡς
2295 5483 2504 5537 δίκαιον
2530 5484 2588 5537 δὲ
2620 5483 2696 5555 μὴ
2747 5485 3079 5556 τυραννικὴν
3112 5484 3440 5555 ποιήσασθαι
3479 5484 3579 5553 τὴν
3605 5483 3760 5535 ἐλευ-

2191 5578 2381 5648 θερίαν
2410 5576 2521 5630 τῶν
2551 5576 2968 5646 δεδουλωμένων
3017 5578 3282 5641 ἑκουσίως
3326 5579 3439 5639 τοῖς
3476 5577 3759 5644 δαίμοσιν·

2190 5672 2264 5734 ὼς
2294 5670 2517 5723 δυνατὸν
2545 5669 2602 5723 δὲ
2645 5670 2718 5742 μὴ
2760 5670 3020 5741 άτονῆσαι
3052 5670 3187 5742 πρὸς
3216 5671 3315 5741 τὴν
3372 5669 3471 5739 τῆς
3521 5665 3759 5737 ἰατρείας

2193 5756 2557 5826 ἐκπλήρωσιν.
