4120 6292
533 343 641 416 235
1753 344 2136 405 EUTHYMII
2174 347 2531 408 ZIGABENI
3671 346 3790 410 236

527 469 726 525 ancilla
758 461 987 521 Domini.
1021 459 1140 516 Fiat
1162 459 1290 515 mihi
1320 459 1603 514 secandum
1631 459 1838 513 verbum
1879 470 2023 514 tttttm
2065 461 2103 515 ¹.

2210 460 2455 528 θήσεται
2513 461 2642 526 Υἱὸς
2685 457 2857 513 Θεοῦ.
2909 455 2976 508 Ἦ
3011 455 3068 508 δὲ
3111 454 3247 526 πρὸς
3296 453 3479 516 αὑτὸν,
3534 454 3688 508 Ἰδοὺ
3742 456 3785 522 ri

527 563 662 619 Post
691 569 974 615 assensum
1000 553 1165 624 igitur
1189 558 1391 606 sanetae
1420 549 1677 619 Virginis,
1709 551 1948 620 Spiritus
1972 565 2097 604 san-

2206 554 2393 622 δούλη
2430 555 2670 623 Κυρίου·
2716 549 2950 620 γένοιτό
2996 565 3098 617 μοι
3149 544 3304 603 κατὰ
3346 548 3414 599 τὸ
3441 547 3607 616 ῥῆμά
3634 563 3784 603 σου.

531 667 656 711 ctus
711 667 777 708 ex
827 660 1081 705 sermone
1131 642 1348 699 Domini
1403 657 1561 711 quem
1607 643 1830 712 angelus
1884 643 2098 698 dixerat

2206 644 2364 698 Μετὰ
2401 643 2494 697 οὑν
2531 643 2632 714 τήν
2681 640 3082 710 συγκατάθεσιν
3126 638 3226 708 τῆς
3278 638 3444 706 ἁγίας
3499 637 3784 707 Παρθένου

527 744 804 802 descendit
846 741 899 795 in
933 753 1080 802 eain,
1107 735 1384 806 ipsamque
1408 734 1676 805 purgavit,
1707 743 1762 789 ει
1789 735 1896 788 vim
1929 734 2001 789 mi
2029 732 2096 788 ad

2207 737 2432 807 Πνεῦμα
2469 714 2885 805 ἆγισνὲπῆλθτν
2915 733 3004 786 ἐπ’
3029 731 3222 800 αὐτὴν,
3249 731 3388 784 κατὰ
3419 731 3510 782 τὸν
3535 729 3632 784 τοῦ
3665 733 3792 785 lita--

526 835 934 906 suscipiendam
977 828 1144 887 Verbi
1170 827 1530 891 divinitatem,
1561 835 1614 880 et
1645 826 1710 879 ad
1731 828 2094 897 generandum

528 928 772 999 prtrbttil.
819 925 886 979 Et
933 933 1060 978 tunc
1110 919 1161 977 ei
1195 918 1251 974 in
1294 932 1392 973 sua
1423 931 1648 971 manens
1684 917 1958 987 hypostasi
2007 917 2096 972 Dei

525 1015 792 1078 altissimi
845 1010 1160 1082 sapientia,
1208 1015 1262 1064 et
1303 1007 1514 1070 virtus,
1590 1004 1758 1061 Filius
1807 1005 1924 1073 Dei,
1954 1007 2101 1077 ejus-

525 1111 649 1164 dem
703 1103 950 1160 essentia
1010 1116 1133 1157 cum
1201 1097 1364 1154 Patre
1423 1108 1672 1168 tanquam
1731 1097 1972 1153 divinum
2007 1113 2097 1154 se-

525 1213 652 1253 men
685 1191 1066 1258 obumbravit,
1119 1189 1330 1259 sibique
1383 1203 1446 1244 ea
1494 1187 1663 1243 castis
1705 1194 1762 1241 ct
1793 1186 2098 1256 purissimis

523 1289 643 1360 ejus
684 1285 1035 1358 sanguinibus
1059 1280 1332 1353 compegit
1361 1283 1601 1348 karnem
1654 1279 1950 1336 animatam
1983 1278 2099 1334 ani-

525 1395 656 1445 ma,
714 1379 965 1443 ratione,
1026 1381 1314 1443 menteque
1366 1370 1631 1441 praedita,
1677 1368 1944 1438 primitias
2001 1383 2098 1424 no-

521 1479 656 1526 stra!
686 1481 901 1534 massas,
931 1480 1040 1520 non
1083 1463 1311 1524 semine,
1363 1463 1460 1518 sed
1523 1461 1705 1516 divino
1730 1458 1963 1514 artiﬁcio
2001 1473 2096 1526 per

525 1562 792 1629 Spiritum
822 1567 1068 1615 sanetum
1105 1573 1126 1613 :
1151 1555 1322 1626 ﬁgura
1350 1567 1460 1609 non
1490 1552 1746 1623 paulatim
1787 1565 1886 1622 per
1912 1563 2096 1606 acces-

525 1656 708 1710 siones
733 1651 991 1721 perfecta,
1027 1647 1120 1703 sed
1154 1661 1262 1700 uno
1309 1646 1610 1712 eodemque
1655 1651 1930 1699 momento
1964 1651 2097 1695 tem-

529 1745 680 1816 poris
711 1741 981 1799 absoluta.
1017 1737 1198 1808 Ipsum
1228 1747 1409 1791 autem
1459 1735 1552 1790 Dei
1598 1735 1824 1790 Verbum
1856 1733 1932 1788 ita
1973 1746 2095 1786 cum

2205 829 2322 899 ρίου
2371 829 2548 896 λόγον,
2589 826 2650 880 ὃν
2692 822 2846 878 εἶπεν
2891 825 2920 877 6
2963 823 3219 890 ἄγγελος,
3273 821 3535 892 καθαῖρον
3584 821 3785 892 αὐτὴν,

2203 920 2299 974 καὶ
2328 919 2562 989 δύναμιν
2594 915 2852 984 δεκτικὴν
2877 915 2976 984 τῆς
3008 913 3103 968 τοῦ
3138 916 3315 981 Λόγου
3347 913 3603 983 θεότητος
3634 930 3789 984 παρ-

2203 1011 2348 1082 ἕχον,
2378 1011 2498 1080 ἅμα
2526 1010 2583 1063 δὲ
2618 1011 2713 1062 καὶ
2746 1008 3094 1077 γεννητικὴν.
3149 1005 3260 1060 Καὶ
3291 1006 3413 1058 τότε
3449 1006 3786 1059 ἐπεσκίασεν

2201 1101 2374 1173 αὐτὴν
2405 1105 2439 1171 ἡ
2478 1100 2572 1154 τοῦ
2596 1099 2731 1153 Θεοῦ
2760 1098 2856 1152 τοῦ
2895 1096 3156 1166 Ὑψίστου
3190 1096 3555 1157 ἔνυπόστατος
3615 1096 3783 1165 σοφία

2203 1195 2299 1246 καὶ
2339 1192 2592 1262 δύναμις,
2637 1193 2666 1244 6
2717 1191 2848 1253 Υἱὸς
2871 1188 2966 1243 τοῦ
2991 1187 3153 1252 Θεοῦ,
3191 1190 3220 1240 ό
3244 1186 3323 1258 τῷ
3363 1187 3538 1258 Ηατρὶ
3577 1186 3782 1256 ὁμοσύ-

2205 1301 2340 1349 σιος,
2397 1284 2564 1336 οἱονεὶ
2603 1284 2745 1344 (ista;
2780 1282 3002 1351 σπόρος,
3036 1280 3132 1333 καὶ
3161 1279 3464 1349 συνέπηξεν
3493 1278 3677 1347 ἑαυτῷ
3714 1280 3784 1332 ἐκ

2202 1375 2310 1430 τῶν
2337 1375 2518 1442 ἁγνῶν
2553 1373 2646 1428 καὶ
2675 1373 3082 1443 καθαρωτάτων
3109 1371 3280 1442 αὐτῆς
3311 1372 3564 1442 αἱμάτων
3595 1371 3782 1439 σάρκα

2207 1466 2642 1537 ἐνεψυχωμένην
2689 1465 2836 1535 ψυχῇ
2879 1465 3070 1533 λογικῇ
3099 1479 3160 1516 τε
3189 1461 3282 1515 καὶ
3311 1462 3494 1532 νοερᾷ,
3522 1462 3784 1531 ἀπαρχὴν

2202 1558 2298 1612 τοῦ
2343 1557 2616 1629 ἡμετέρου
2671 1556 3015 1627 φυράματος,
3066 1553 3126 1606 οὑ
3176 1554 3596 1622 σττερματικῶς,
3639 1553 3784 1607 ἀλλὰ

2203 1648 2614 1721 δημιουργικῶς
2660 1647 2752 1702 διὰ
2799 1646 2896 1700 τοῦ
2940 1646 3100 1714 ἁγίου
3152 1647 3495 1712 ΙΙνσύματος,
3545 1646 3611 1698 οὑ
3655 1647 3782 1708 ταῖς

2205 1742 2349 1795 κατὰ
2403 1739 2600 1811 μικρὸν
2651 1738 2993 1807 προσθήκαις
3034 1736 3476 1806 ἀπαρτιςομένσυ
3509 1734 3604 1788 τοῦ
3651 1737 3785 1806 σχή-

527 1850 696 1891 carne
723 1833 1076 1902 conjunetum
1107 1838 1190 1884 est
1239 1827 1538 1898 bypostasi,
1581 1833 1638 1880 ut
1663 1823 1824 1880 simul
1868 1832 1924 1878 et
1968 1835 2096 1876 caro

2206 1850 2391 1904 ματος,
2413 1830 2706 1900 ἀλλ’ὑφ“ἓν
2739 1828 3137 1891 τελειωθέντας.
3167 1828 3340 1891 Αὑτὸς
3371 1827 3429 1880 δὲ
3452 1829 3480 1880 6
3507 1827 3608 1880 τοῦ
3631 1827 3774 1880 Θεοῦ

527 1927 714 1994 fuerit,
737 1935 793 1981 et
833 1922 928 1981 Dei
956 1921 1118 1978 Verbi
1153 1935 1305 1976 caro.
1357 1917 1529 1973 Simul
1550 1927 1602 1971 et
1635 1930 1764 1970 caro
1794 1914 1955 1973 fuerit
1985 1913 2101 1966 ani-

537 2028 677 2075 mata
727 2016 942 2072 ratione
975 2021 1260 2081 menteque
1301 2009 1548 2082 prmdita,
1573 2017 1624 2062 et
1655 2006 1748 2062 Dei
1780 2004 1941 2061 Verbi
1972 2019 2101 2060 caro

535 2113 774 2167 animata
804 2108 1016 2164 ratione
1043 2113 1329 2173 menteque
1353 2101 1596 2170 pmdita.
1634 2097 1822 2168 Itaque
1856 2111 1962 2152 non
2009 2097 2104 2150 bo-

533 2204 734 2258 minem
764 2201 934 2256 Deum
963 2212 1087 2252 esse
1118 2195 1342 2256 factum,
1390 2193 1486 2249 sed
1535 2192 1706 2247 Deum
1753 2189 1956 2246 factum
1982 2202 2104 2245 esse

531 2295 801 2350 hominem
821 2290 1072 2347 dicimus.
1124 2286 1261 2341 Nam
1313 2285 1407 2356 qui
1447 2293 1640 2340 natura
1699 2283 1975 2353 perfectus
2019 2288 2104 2335 est

532 2389 698 2452 Deus,
725 2384 866 2438 idem
898 2389 1092 2436 natura
1144 2377 1318 2433 factos
1349 2386 1432 2431 est
1465 2376 1630 2432 homo
1661 2371 1959 2442 perlectus,
1987 2385 2097 2424 non

529 2488 722 2534 natura
756 2480 1016 2536 mutatus,
1048 2484 1147 2524 nec
1171 2467 1538 2537 dispositionis
1567 2468 1802 2535 speciem
1835 2462 2103 2532 praebens,

533 2569 631 2625 sed
692 2575 968 2634 assumpta
1024 2578 1090 2616 ex
1148 2571 1337 2633 sancta
1401 2556 1626 2625 Virgine
1676 2570 1842 2610 carne
1895 2554 2105 2608 ratione

533 2663 819 2722 menteque
876 2654 1140 2715 animata,
1197 2661 1319 2716 qua:
1368 2645 1422 2700 in
1482 2646 1597 2712 ipso
1647 2642 1900 2704 habebat,
1931 2649 1991 2695 ut
2018 2653 2106 2694 εει

531 2758 635 2816 set,
664 2756 720 2799 et
745 2758 868 2798 eum
903 2743 1024 2811 ipso
1044 2749 1163 2794 erat
1191 2750 1288 2808 per
1310 2733 1641 2806 hypostasint
1673 2731 1958 2802 conjuncta
1987 2730 2106 2786 sine

535 2837 872 2900 confusione,
929 2832 1049 2888 sine
1127 2828 1518 2891 immutatione,
1583 2824 1704 2880 sine
1774 2822 2103 2900 inversione.

529 2930 714 2999 Neque
742 2897 884 2982 enim
930 2921 1232 2980 divinitatis
1263 2934 1374 2976 suae
1419 2909 1670 2972 naturain
1711 2914 1764 2969 in
1791 2912 1975 2968 carnis
2005 2897 2101 2965 na-

531 3017 714 3079 turam
734 3015 1021 3082 convertit,
1055 3027 1232 3082 neque
1261 3011 1443 3067 carnis
1477 3023 1586 3063 sua:
1629 3018 1880 3062 naturam
1911 3004 1963 3058 in
1989 3016 2102 3058 suae

2200 1924 2374 1991 Λόγος
2417 1921 2756 1991 ἐχρημάτισε
2804 1922 2870 1990 τῇ
2905 1918 3072 1989 σαρκὶ
3109 1918 3430 1984 ὑπόστασις,
3460 1917 3600 1971 ὥστε
3655 1918 3778 1988 ἅμα

2203 2016 2361 2085 σὰρξ,
2403 2014 2522 2084 ἅμα
2563 2014 2700 2066 Θεοῦ
2753 2013 2930 2081 Λόγου
2979 2010 3136 2081 σὰρξ,
3170 2011 3434 2081 ἔμψυχος,
3467 2009 3661 2079 λογική
3719 2028 3781 2062 τι

2201 2105 2298 2161 καὶ
2349 2105 2534 2174 νοερά.
2583 2104 2674 2158 Διὸ
2725 2104 2826 2158 οὐκ
2875 2101 3163 2173 ἄνθρωπον
3214 2101 3490 2155 θιωθέντα
3521 2100 3779 2171 λέγομεν,

2201 2196 2339 2252 ἀλλὰ
2383 2195 2517 2250 Θεὸν
2559 2195 3081 2265 ὲνανθρωπήσαντα.
3119 2194 3213 2247 ’Ὡν
3239 2194 3352 2264 γὰρ
3379 2193 3540 2262 φύσει
3571 2193 3782 2255 τέλειος

2203 2289 2358 2357 Θεὸς,
2411 2288 2604 2358 γέγονε
2657 2288 2755 2341 καὶ
2785 2287 2946 2356 φύσει
2977 2286 3186 2350 τέλειος
3213 2284 3500 2355 ἄνθρωπος
3528 2285 3560 2339 6
3591 2285 3780 2348 αὐτὸς,

2203 2382 2267 2436 οὑ
2306 2380 2540 2452 τραπεὶς
2587 2377 2684 2448 τὴν
2727 2377 2913 2447 φύσιν,
2941 2377 3063 2430 οὐδὲ
3109 2376 3390 2446 φαντάσας
3421 2375 3522 2446 τὴν
3573 2378 3783 2429 οἰκονο-

2211 2475 2362 2546 μίαν,
2401 2474 2537 2528 ἁλλὰ
2568 2476 2634 2544 τῇ
2664 2474 2727 2525 ὲκ
2756 2471 2856 2537 τῆς
2886 2472 3044 2535 ἁγίας
3074 2469 3355 2541 Παρθένου
3382 2468 3656 2540 ληφθεῑσῃ
3691 2469 3781 2520 λο-

2204 2566 2380 2635 γικῶς
2416 2582 2475 2618 τε
2521 2565 2615 2618 καὶ
2669 2563 2872 2634 νοερῶς
2901 2561 3299 2634 ἑνεψυχωμένῃ
3359 2563 3543 2631 σαρκὶ,
3581 2565 3676 2613 καὶ
3721 2562 3782 2612 ἐν

2205 2658 2358 2729 αὐτῷ
2411 2657 2476 2711 τὸ
2530 2652 2672 2712 εἶναι
2723 2656 2967 2726 λαχούσῃ
3023 2653 3248 2716 ἑνωθεὶς
3306 2653 3430 2706 καθ’
3478 2652 3780 2704 ὑπόστασιν

2205 2749 2556 2819 ἀσυγχύτως,
2603 2749 2699 2802 καὶ
2747 2745 3151 2817 ἀναλλοιώτως,
3199 2745 3296 2799 καὶ
3331 2744 3636 2814 ἀτρέπτως,
3700 2743 3780 2812 μὴ

2209 2837 2534 2911 μεταϐαλὼν
2576 2839 2676 2906 τὴν
2703 2837 2802 2906 τῆς
2835 2835 3094 2907 θεότητος
3128 2833 3295 2889 αὑτοῦ
3351 2833 3515 2901 φύσιν
3549 2834 3629 2896 είς
3678 2835 3779 2901 τὴν

2207 2931 2307 3002 τῆς
2356 2931 2560 3000 σαρκὸς
2593 2929 2805 2994 οὐσίαν,
2841 2928 2980 2998 μήτε
3011 2925 3118 2997 μὴν
3149 2926 3248 2995 τὴν
3303 2925 3491 2978 οὐσίαν
3517 2923 3620 2993 si);
3649 2936 3780 2993 cap-

2208 3024 2300 3086 κὸς
2345 3020 2510 3074 αὑτοῦ
2544 3021 2624 3083 είς
2655 3019 2756 3089 τὴν
2793 3019 2892 3087 τῆς
2921 3018 3176 3088 θεότητος
3226 3015 3391 3072 αὑτοῦ
3420 3017 3604 3085 φύσιν,
3656 3016 3779 3068 οὐδὲ

531 3115 826 3175 divinitatis
877 3121 1125 3166 naturam
1172 3100 1543 3161 commutavit.
1577 3096 1763 3166 Neque
1802 3110 1870 3150 ex
1921 3092 2102 3148 divina

1191 3206 1197 3208 Α
1458 3206 1483 3208 __
1844 3186 2076 3208 Mm“

2209 3115 2275 3168 ὲκ
2329 3113 2430 3182 τῆς
2467 3112 2618 3176 Θείας
2669 3110 2836 3166 αὑτοῦ
2869 3110 3108 3180 φύσεως,
3163 3112 3257 3162 καὶ
3307 3103 3376 3179 ἦς
3408 3107 3778 3177 προσελάϐετο

531 3226 628 3267 sua
660 3219 872 3271 natura,
916 3212 1076 3258 οισι
1116 3206 1306 3252 natura
1332 3206 1494 3264 quam
1543 3187 1800 3259 suscepit,
1844 3186 2100 3248 humana,

535 3313 784 3360 naturam
827 3311 994 3354 unum
1028 3290 1384 3362 compositam
1414 3283 1669 3341 reddidit.

1037 3401 1311 3471 Eiusdem.
1338 3398 1472 3469 Cap.
1501 3395 1591 3451 68.

603 3504 697 3560 [ire
734 3514 912 3564 voces,
941 3495 1196 3552 divinitas
1219 3502 1274 3547 et
1299 3489 1630 3554 humanitas,
1672 3483 1960 3542 essentiam
1994 3482 2106 3538 sive

533 3609 788 3654 naturam
812 3591 1139 3660 signiﬁcant.
1170 3585 1278 3641 ιιιω
1308 3579 1624 3648 vero,‘Deus
1652 3588 1707 3634 et
1734 3578 1915 3643 homo,
1946 3575 2105 3630 modo

532 3688 819 3747 essentiam
849 3682 1108 3746 indicant,
1149 3687 1208 3734 ut
1234 3691 1357 3747 cum
1389 3673 1620 3731 dicimus
1651 3688 1668 3728 :
1704 3671 1844 3724 Deus
1873 3667 2107 3724 essentia

535 3792 640 3846 est,
672 3795 794 3850 qum
853 3771 1238 3842 comprehendi
1299 3783 1405 3823 non
1453 3773 1675 3836 potest:
1711 3770 1766 3817 et
1824 3761 1964 3815 Deus
2019 3769 2103 3813 est

443 3917 450 3921 .
534 3889 711 3939 unus;
747 3870 907 3925 modo
941 3878 1202 3937 personas
1219 3861 1521 3920 declarant,
1549 3859 1614 3912 de
1643 3855 1836 3926 quibus
1864 3853 1939 3907 ita
1969 3850 2106 3907 dici-

527 3977 643 4029 tur,
675 3971 737 4017 ut
779 3959 987 4029 species
1039 3955 1107 4011 de
1140 3953 1252 4008 suis
1299 3947 1608 4012 individuis,
1654 3942 2105 4016 quemadmodum

533 4059 585 4109 in
619 4069 684 4108 eo
713 4051 1008 4120 Scriptum
1039 4047 1156 4100 loco
1179 4060 1194 4098 :
1218 4041 1500 4110 Propterea
1522 4037 1673 4093 unxit
1701 4045 1751 4090 te
1779 4033 1942 4100 Deus,
1970 4031 2105 4086 Deus

535 4162 655 4202 tuus
686 4146 729 4201 ¹.
762 4143 900 4198 Ecce
925 4141 1066 4194 enim
1103 4137 1192 4191 hic
1214 4134 1428 4188 Patrem
1467 4140 1524 4184 et
1544 4127 1736 4184 Filium
1763 4123 2104 4196 signiﬁcavit.

535 4240 599 4293 Et
632 4253 753 4292 cum
789 4233 920 4302 legis
949 4232 1004 4284 in
1026 4229 1132 4283 alio
1157 4229 1312 4280 loco:
1349 4221 1522 4276 Homo
1558 4220 1775 4288 quidam
1803 4227 1913 4271 erat
1941 4216 1997 4270 in
2026 4231 2110 4270 re-

534 4330 686 4399 gioue
707 4322 950 4378 Ausitide
980 4319 1022 4374 ⁸.
1047 4316 1150 4373 Job
1175 4315 1318 4369 enim
1345 4313 1492 4367 solus
1527 4308 1818 4364 indicatur.
1845 4304 2106 4372 Quoniam

538 4397 698 4489 igitur
729 4417 782 4469 in
824 4412 1050 4466 Domino
1088 4417 1273 4462 nostro
1314 4403 1440 4458 Jesu
1480 4399 1698 4454 Christo
1723 4397 1858 4453 duas
1887 4406 2106 4450 naturas

2205 3203 2554 3277 ἀνθρωπίνης
2600 3201 2818 3272 φύσεως
2849 3200 2980 3271 μίαν
3028 3199 3191 3268 φύσιν
3251 3198 3588 3262 ἀποτελέσας
3649 3196 3780 3252 σύν-

2205 3296 2381 3350 θετον.

2561 3384 2672 3440 Τοῦ
2707 3381 2915 3438 αὑτοῦ.
2951 3379 3294 3450 Κεφάλαιον
3323 3381 3424 3450 ξη’.

2276 3481 2351 3536 Τὸ
2420 3479 2522 3550 μὲν
2573 3477 2675 3547 τῆς
2730 3475 2984 3544 θεότητος
3051 3473 3148 3528 καὶ
3195 3474 3292 3542 τῆς
3353 3471 3783 3540 ἁνθρωπότητος

2203 3573 2377 3644 ὕνομα
2400 3571 2508 3625 τῶν
2527 3569 2726 3624 οὐσιῶν
2749 3569 2922 3632 ἐστιν,
2945 3566 3066 3638 ἦτοι
3099 3565 3315 3634 φύσεων
3341 3566 3778 3635 παραστατικόν·

2201 3665 2266 3718 τὸ
2308 3665 2366 3717 δὲ
2401 3662 2535 3726 Θεὸς
2564 3661 2660 3714 καὶ
2697 3659 2981 3730 ἄνθρωπος
3015 3663 3112 3712 καὶ
3149 3659 3245 3711 ἐπὶ
3282 3658 3380 3728 τῆς
3417 3656 3608 3719 οὐσίας
3652 3657 3782 3710 τάτ-

2205 3772 2357 3810 τεται
2377 3768 2395 3786 ⁶
2423 3754 2498 3807 ῶσ
2509 3769 2611 3822 περ
2639 3753 2766 3806 ὅταν
2789 3751 3040 3821 λέγομεν,
3069 3751 3202 3813 Θεός
3223 3751 3370 3802 ἐστιν
3391 3749 3780 3818 ἀκατάληπτος

2205 3846 2386 3911 οὐσία,
2416 3845 2510 3899 καὶ
2549 3847 2631 3898 ὅτι
2675 3839 2758 3906 εἷς
2801 3844 2830 3896 6
2869 3842 3022 3905 Θεός.
3054 3842 3416 3911 ,Δαμῆάνεται
3451 3841 3508 3894 δὲ
3544 3842 3641 3893 καὶ
3683 3842 3779 3893 ἐπὶ

2204 3940 2316 3994 τῶν
2348 3937 2723 4001 ὑποστάσεων,
2754 3935 2830 3996 ὡς
2857 3933 2952 3988 τοῦ
2993 3934 3367 4004 μερικωτὲρου
3397 3933 3688 4002 δεχομένου
3715 3933 3776 3985 τὸ

2206 4031 2306 4086 τοῦ
2327 4029 2766 4098 καθολικωτόρου
2795 4027 2966 4097 θνομα
2991 4042 3004 4057 ·
3037 4026 3112 4089 ὡς
3136 4026 3264 4079 ὅταν
3296 4025 3461 4094 φησὶν
3492 4027 3524 4095 ἡ
3558 4026 3775 4096 Γραφὴ,

2206 4123 2312 4176 Διὰ
2332 4120 2510 4176 τοῦτο
2541 4116 2746 4188 ἐχρισέ
2773 4131 2848 4172 σε
2866 4121 2897 4170 ό
2928 4117 3092 4181 Θεὸς,
3126 4119 3158 4170 ό
3189 4116 3334 4181 Θεός
3359 4131 3500 4180 σου,
3533 4116 3640 4169 ίδου
3666 4114 3781 4186 γὰρ

2205 4215 2298 4268 τὸν
2326 4212 2544 4283 Πατέρα
2563 4210 2659 4264 καὶ
2686 4209 2776 4262 τὸν
2802 4209 2930 4262 Υιὸν
2952 4210 3229 4296 ἐσήμανες
3257 4209 3351 4260 καὶ
3370 4208 3600 4270 ὠςόταν
3620 4207 3780 4279 λέγῃ,

2211 4303 2544 4374 Ἄνθρωπός
2587 4319 2680 4368 τις
2708 4297 2788 4371 ἦν
2815 4300 2886 4353 ἐν
2907 4298 3065 4367 χώρᾳ
3094 4296 3169 4367 τῇ
3195 4297 3499 4352 Αὺσίτιδι·
3540 4297 3633 4350 τὸν
3668 4298 3782 4368 γάρ

2220 4397 2340 4451 Ἰὼσ
2381 4396 2544 4466 μόνον
2577 4395 2866 4465 ἐδήλωσεν.
2909 4393 3033 4445 Ἐπὶ
3077 4391 3209 4460 γοῦν
3242 4390 3339 4444 τοῦ
3381 4390 3592 4462 Κυρίου
3619 4391 3781 4462 ἡμῶν

535 4483 896 4580 :rgitoscimtm,
951 4510 1006 4556 et
1031 4513 1195 4556 unam
1228 4503 1434 4550 tantum
1481 4505 1797 4564 personam,
1859 4503 1980 4558 qua:
2034 4502 2099 4541 ex

2216 4487 2390 4560 Ἰησοῦ
2424 4487 2686 4558 Χριστοῦ,
2723 4484 2914 4556 ἐπειδὴ
2955 4483 3049 4537 δύο
3087 4485 3190 4554 μὲν
3217 4484 3318 4547 τὰς
3363 4483 3561 4553 φύσεις
3612 4483 3780 4552 γινώ-

537 4615 767 4671 utraque
802 4603 1016 4652 constat
1045 4600 1241 4647 natura
1271 4605 1286 4642 :
1313 4586 1539 4658 proinde
1559 4599 1682 4638 cum
1719 4592 1942 4636 naturas
1977 4593 2106 4632 con-

535 4693 894 4763 templamur,
955 4684 1288 4741 divinitatem
1359 4688 1413 4733 et
1469 4676 1798 4731 bumanitem
1857 4671 2104 4726 dicimus.

535 4760 762 4851 Quando
796 4791 975 4836 autem
1005 4793 1069 4832 ex
1104 4784 1296 4829 natura
1325 4775 1663 4826 constantem
1713 4777 2023 4835 personam,
2059 4760 2104 4814 si

537 4893 604 4931 ex
635 4885 865 4944 utraque
901 4880 1094 4925 natura
1127 4875 1381 4922 constare
1411 4861 1810 4921 consideretur,
1832 4869 1954 4910 eam
1991 4861 2104 4907 tum

535 4968 834 5030 Christum,
877 4972 993 5017 tum
1041 4959 1237 5021 Deum,
1279 4965 1393 5011 tum
1440 4955 1710 5008 hominem
1749 4964 1813 5002 ex
1851 4961 2009 5016 aequo
2053 4954 2109 5001 et

538 5057 701 5110 Deum
734 5051 1006 5107 hominem
1057 5047 1254 5102 factum
1287 5043 1650 5100 nominamus.
1723 5039 1818 5096 Sin
1865 5051 1931 5092 ex
1981 5049 2106 5100 una,

537 5162 650 5206 tum
680 5151 849 5203 Deum
885 5147 1143 5201 duntaxat
1177 5153 1230 5196 et
1284 5141 1480 5195 Filium
1514 5137 1634 5204 Dei,
1691 5146 1800 5191 tum
1835 5132 2104 5189 hominem

536 5245 711 5299 solum
765 5237 1118 5310 appellamus.
1150 5234 1216 5289 Et
1242 5233 1532 5302 aliquando
1581 5229 1798 5299 quidem
1835 5242 1901 5282 ex
1931 5225 2105 5282 subii-

537 5333 799 5390 tnioribus
820 5329 1146 5400 rationibus,
1175 5325 1466 5395 aliquando
1497 5331 1676 5377 autem
1701 5335 1767 5375 ex
1794 5318 2100 5374 humiliori-

537 5430 638 5481 hus
660 5423 1056 5480 consideratur.
1081 5417 1235 5474 Unus
1272 5414 1414 5470 enim
1445 5422 1548 5480 est,
1573 5413 1686 5468 sive
1717 5412 1839 5477 hoc,
1872 5409 1986 5465 sive
2018 5408 2108 5462 illo

536 5517 697 5572 modo
730 5512 984 5570 similiter
1014 5511 1262 5564 exsistat.
1287 5505 1404 5561 Jam
1442 5521 1565 5561 cum
1603 5491 1942 5558 divinitatem
1977 5500 2108 5554 dici-
2145 5488 2152 5496 ’

540 5621 680 5670 mus,
707 5619 826 5659 eam
857 5602 1218 5657 humanitatis
1257 5596 1680 5668 proprietatibus
1713 5608 1818 5648 non
1858 5592 2106 5646 denomi-

613 5785 629 5814 ‘
657 5782 788 5836 Luc.
817 5795 855 5842 ι,
885 5777 954 5830 ‘28
978 5795 1093 5844 sqq.
1172 5781 1189 5807 ²
1221 5775 1360 5830 ΡδιιΙ.
1398 5789 1541 5835 xuv,
1572 5771 1624 5824 8.
1705 5769 1726 5800 ⁸
1747 5768 1847 5822 Job
1873 5784 1912 5828 ι,
1942 5767 1988 5821 1.

2213 4599 2437 4652 σκομεν,
2473 4581 2600 4649 μίαν
2628 4579 2687 4632 δὲ
2713 4578 2809 4648 τὴν
2842 4578 3146 4632 ὑπόστασιν
3175 4577 3235 4642 ἐξ
3277 4577 3608 4648 ἀμφοτέρων
3651 4578 3780 4630 σύν-

2207 4672 2382 4734 θετον,
2411 4673 2539 4725 ὅταν
2585 4673 2684 4740 μὲν
2726 4669 2828 4732 τάς
2866 4668 3059 4738 φύσεις
3085 4667 3509 4738 ἀναθεωρῶμεν,
3551 4667 3782 4739 θεότητα

2209 4766 2305 4818 καὶ
2334 4763 2726 4835 ἀνθρωπότητα
2759 4761 3030 4831 καλοῦμεν
3050 4777 3066 4794 ⁶
3100 4763 3228 4815 ὅταν
3257 4760 3312 4813 δὲ
3341 4761 3442 4831 τὴν
3469 4763 3529 4813 ἐκ
3565 4761 3781 4829 φύσεως

2213 4856 2560 4911 συντεθεῖσαν
2595 4855 2916 4919 ὑπόστασιν,
2955 4853 3087 4906 ποτὲ
3130 4854 3228 4922 μὲν
3259 4854 3322 4924 ὲκ
3351 4851 3447 4904 τοῦ
3502 4869 3779 4922 συναμφοο

2207 4948 2370 5017 τερον
2400 4946 2634 5016 Χριστὸν
2677 4942 3039 5012 ὀνομάζομεν,
3068 4942 3162 4994 καὶ
3187 4940 3322 4993 Θεὸν
3359 4941 3454 4994 καὶ
3495 4939 3782 5012 ἄνθρωπον

2206 5039 2352 5093 κατὰ
2377 5037 2593 5102 ταύτὸν,
2632 5039 2720 5090 καὶ
2760 5035 2897 5089 Θεὸν
2938 5033 3394 5104 σεσαρκωμένονσ
3439 5033 3571 5086 ποτὲ
3621 5033 3680 5086 δὲ
3718 5032 3782 5097 ἐξ

2206 5131 2329 5194 ἑνὸς
2363 5131 2473 5184 τῶν
2525 5128 2712 5200 μερῶν
2757 5128 2893 5181 Θεὸν
2932 5126 3115 5196 μόνον,
3160 5127 3256 5180 καὶ
3289 5125 3419 5178 Υἱὸν
3469 5123 3626 5190 Θεοῦ,
3686 5126 3782 5178 καὶ

2211 5223 2500 5294 ἂνθρωπον
2529 5221 2710 5291 μόνον,
2743 5221 2840 5274 καὶ
2874 5220 2989 5272 υίὸν
3023 5217 3314 5289 ἀνθρώπου
3339 5232 3354 5247 ·
3385 5217 3481 5270 καὶ
3514 5215 3646 5270 ποτε
3683 5215 3782 5285 μὲν

2211 5317 2277 5368 ἐκ
2307 5314 2415 5367 τῶν
2446 5313 2669 5382 ὑψηλῶν
2723 5314 2921 5382 μόνων,
2981 5311 3112 5363 ποτὲ
3146 5311 3206 5363 δὲ
3252 5311 3316 5363 ὲκ
3354 5310 3464 5362 τῶν
3507 5307 3783 5362 ταπεινῶν

2219 5409 2414 5478 μόνων.
2445 5402 2540 5468 Εἲς
2563 5405 2668 5476 γάρ
2691 5407 2838 5458 ἐστιν
2868 5405 2897 5455 6
2923 5404 3170 5469 κάκεῖνο,
3201 5402 3300 5455 καὶ
3329 5401 3487 5454 τοῦτο
3521 5401 3784 5471 ὑπάρχων

2212 5498 2435 5566 ὁμοίως.
2467 5495 2708 5565 Θεότητα
2746 5495 2847 5564 μὲν
2876 5491 2971 5547 οὖν
3005 5493 3278 5561 λέγοντες,
3310 5493 3372 5546 οὗ
3411 5491 3782 5559 κατονομαζο-

2219 5607 2317 5660 μεν
2352 5589 2523 5659 αὐτῆς
2551 5589 2620 5642 τά
2651 5587 2746 5658 τῆς
2777 5586 3196 5657 ἀνθρωπότητος
3236 5584 3500 5654 ἰδιώματα
3525 5599 3538 5615 ο
3583 5585 3645 5635 οὑ
3676 5585 3782 5652 γάρ
