4120 6292
449 342 558 403 231

1404 346 1779 406 PANOFLIA
1824 346 2278 412 DOGMATICA.

2371 372 2385 383 ο
2420 349 2569 409 TlT.
2612 348 2746 409 VII.
3356 368 3361 371 '
3595 348 3698 409 238

448 471 633 524 φαμεν
672 459 907 524 οεοτητα
963 468 1212 524 παοητην
1266 455 1297 524 ἢ
1346 458 1608 527 κτιστήν·
1659 456 1783 510 οὔτε
1824 457 1881 511 δὲ
1928 457 2013 525 τῆς

2133 472 2345 513 namus.
2377 458 2565 528 Neque
2590 459 2737 514 enim
2802 457 3031 513 dicimus
3069 456 3403 512 divinitatem
3437 458 3566 525 pati,
3603 470 3696 512 aut

448 545 676 615 σαρκὸς,
730 547 850 617 ἤτοι
884 548 983 616 τῆς
1021 546 1441 617 ἀνθρωπὸτητος
1491 548 1912 619 κατηγοροῦμεν
1952 549 2023 602 τὰ

442 639 545 706 τῆς
577 638 835 707 θεότητος
866 638 1153 707 ἰδιώματα.
1193 640 1272 694 Οὑ
1319 642 1427 708 γάρ
1455 657 1637 710 φαμεν
1676 641 1876 711 σάρκα,
1902 641 2025 710 ἦτοι

443 729 851 800 ἀνθριυπότητα
897 729 1174 784 ἄκτιστον.
1217 731 1342 785 Ἐπὶ
1394 731 1451 785 δὲ
1494 732 1595 801 τῆς
1646 733 2022 798 ὑποστάσεως,

443 821 548 874 κᾶν
581 823 644 874 ἐκ
678 823 771 875 τοῦ
808 825 1242 894 συναμφοτέρου,
1296 825 1402 878 κᾶν
1438 822 1500 890 ἐξ
1536 826 1652 889 ἑνὸς
1684 824 1797 878 τῶν
1838 826 2023 895 μερῶν

441 914 655 984 ταύτην
690 914 1075 984 ὀνομάσωμεν,
1126 919 1458 986 ἀμφοτέρων
1514 917 1625 971 τῶν
1680 917 1898 988 φύσεων
1953 917 2024 970 τὰ

446 1002 715 1073 ἰδιώματα
774 1004 913 1075 αὑτῇ
975 1005 1313 1076 ἐπιτίθεμεν.
1371 1007 1479 1060 Καὶ
1519 1008 1629 1079 γὰρ
1679 1010 1707 1060 ό
1761 1008 2018 1077 Χριστὸς,

438 1092 584 1160 ὅπερ
608 1091 725 1142 ἐστὶ
750 1091 810 1142 τὸ
843 1092 1277 1162 συναμφότερον,
1311 1092 1405 1145 καὶ
1426 1092 1557 1155 Θεὸς
1610 1094 1705 1146 καὶ
1731 1092 2020 1163 ἄνθρωπος

438 1180 688 1248 λέγεται,
729 1182 824 1234 καὶ
874 1183 1093 1244 κτιστὸς
1147 1185 1240 1237 καὶ
1292 1184 1569 1249 άκτιστος,
1626 1185 1722 1237 καὶ
1776 1186 2020 1254 παθητὸς

439 1270 541 1322 καὶ
588 1271 831 1341 ἀπαθής.
891 1274 1002 1325 Καὶ
1050 1273 1181 1326 ὅταν
1214 1274 1273 1339 ἐξ
1312 1273 1430 1337 ἐνὸς
1481 1275 1590 1328 τῶν
1646 1274 1830 1345 μερῶν
1891 1275 2018 1338 Υἱὸς

436 1363 579 1416 Θεοῦ
612 1365 708 1417 καὶ
754 1365 886 1427 Θεὸς
911 1366 1269 1436 ὀνομάζηται,
1296 1366 1512 1438 δέχεται
1551 1367 1621 1421 τὰ
1658 1368 1758 1436 τῆς
1787 1383 2020 1434 συνυφεο

441 1454 716 1523 στηκυίοις
743 1456 962 1523 φύσεως
999 1457 1289 1528 ἰδιώματα,
1323 1460 1446 1531 ἦτοι
1479 1459 1581 1530 τῆς
1622 1459 1848 1530 σαρκὸς,
1882 1459 2015 1523 Θεὸς

435 1549 684 1619 παθητὸς
708 1548 1131 1620 ὀνομαζόμενος,
1154 1552 1251 1605 καὶ
1278 1552 1482 1623 Κύριος
1508 1551 1606 1622 τῆς
1630 1551 1790 1623 δόξης
1820 1554 2019 1605 ισταυ-

439 1644 711 1714 ρωμένος,
764 1645 825 1696 οὑ
864 1646 1002 1698 καθὸ
1045 1644 1199 1711 Θεὸς,
1257 1645 1395 1699 άλλὰ
1454 1645 1589 1699 καθὸ
1643 1646 1932 1715 ἄνθρωπος
1987 1648 2017 1699 ό

438 1737 626 1796 αὑτός.
665 1737 775 1790 Καὶ
801 1737 931 1789 ὅταν
969 1736 1277 1808 ἄνθρωπος,
1314 1739 1409 1792 καὶ
1434 1736 1551 1802 υίὸς
1578 1738 1869 1808 ἀνθρώπου
1899 1738 2017 1791 ἂνο-

2128 557 2371 603 creatam
2402 564 2543 605 esse.
2600 528 2733 607 Nec.
2754 563 2971 604 rursum
3001 548 3072 606 de
3099 562 3265 604 carne
3305 558 3401 603 aut
3451 550 3697 604 humani-

2131 648 2243 695 tate
2274 640 2584 697 divinitatis
2640 643 3003 713 proprietates
3052 642 3421 699 enuntiamus.
3446 643 3701 711 Quando-

2124 731 2343 799 quidem
2388 745 2489 788 nec
2519 747 2764 802 carnem,
2825 747 2925 789 nec
2963 732 3361 788 humanitatem
3402 733 3696 788 increstam

2125 821 2477 892 appellamus.
2504 824 2571 878 At
2596 840 2862 894 personas,
2890 825 3006 880 sive
3035 839 3101 879 ex
3134 840 3263 891 una,
3290 826 3405 881 sive
3430 841 3495 880 ex
3530 837 3683 882 utra-

2124 928 2230 984 que
2260 925 2413 984 parte
2463 917 2829 984 nominemus,
2869 919 3154 988 utriusque
3209 930 3418 974 natura!
3450 923 3695 989 proprie-

2128 1013 2268 1061 tates
2299 1005 2671 1062 attribuimns.
2693 1006 2907 1063 Etenim
2940 1007 3210 1074 Christus,
3242 1026 3439 1079 quemn
3462 1012 3695 1068 lmodut’n

2123 1104 2414 1165 utrumque
2436 1106 2540 1163 est,
2569 1099 2647 1153 sic
2672 1099 2837 1154 etiam
2866 1099 3088 1166 dicitur,
3119 1109 3234 1155 tum
3264 1100 3406 1161 Deus
3426 1111 3480 1158 et
3510 1104 3694 1169 homo,

2126 1196 2236 1241 tum
2281 1198 2493 1243 creatus
2534 1200 2589 1245 et
2645 1190 2939 1258 increatus,
2984 1200 3097 1245 tum
3158 1192 3269 1261 pati
3326 1202 3382 1248 et
3415 1207 3519 1248 non
3562 1198 3696 1265 pati.

2125 1278 2264 1344 Quin
2291 1280 2454 1334 etiam
2497 1296 2617 1335 cum
2645 1295 2711 1336 ex
2746 1298 2849 1336 una
2885 1292 3091 1339 tantum
3118 1291 3294 1354 parte,
3327 1285 3413 1339 vel
3438 1284 3578 1341 Deus
3604 1297 3699 1341 aut

2123 1369 2289 1424 Filius
2318 1370 2410 1425 Dei
2450 1373 2780 1433 nominatur.
2840 1374 3151 1443 conjunctae
3197 1376 3298 1429 sibi
3335 1386 3543 1431 natura:
3595 1392 3692 1432 seu

2120 1464 2308 1515 carnis
2333 1462 2558 1532 suscipit
2592 1465 2975 1533 proprietates.
3010 1465 3249 1536 Itemque
3288 1468 3429 1522 Deus
3476 1484 3687 1537 passus,

2120 1561 2174 1604 et
2238 1550 2493 1606 Dominus
2538 1552 2724 1621 gloria:
2771 1552 2961 1608 aﬂixus
3005 1569 3177 1618 cruci,
3244 1570 3351 1610 non
3427 1567 3696 1625 quatenus

2122 1640 2287 1706 Deus,
2318 1644 2413 1696 sed
2444 1652 2714 1711 quatenus
2745 1645 2931 1710 homo,
2965 1644 3166 1699 dicitur
3200 1660 3211 1695 :
3258 1647 3342 1700 vel
3372 1647 3559 1710 homo,
3596 1662 3691 1703 aut

2123 1734 2263 1788 ﬁlius
2319 1734 2551 1789 hominis
2581 1746 2825 1799 vocatur,
2855 1737 3106 1791 essentix
3123 1739 3317 1793 divinat
3342 1742 3697 1809 proprietates

440 1824 708 1896 μάζηται,
738 1826 954 1896 δέχεται
976 1826 1045 1879 τά
1076 1806 1182 1897 τῆς
1211 1827 1358 1890 θείας
1401 1827 1591 1890 οὐσίας
1625 1806 1895 1897 ἰδιώματα
1922 1829 2013 1881 καὶ

2124 1834 2179 1879 et
2221 1824 2515 1895 dignitates
2565 1825 2823 1890 admittit,
2858 1837 3193 1896 voeatttrque
3247 1806 3508 1898 puerulus
3562 1842 3691 1885 ante

435 1917 759 1989 αὐχήματα,
789 1919 1001 1971 παιδίον
1032 1918 1385 1989 προαιὼνιον,
1417 1926 1511 1972 καὶ
1539 1919 1826 1990 ἄνθρωπος
1851 1919 2020 1989 άναρο

436 2024 504 2077 χο
542 2048 557 2073 ,
590 2009 653 2061 οὑ
705 2009 839 2061 καθὸ
885 2009 1119 2076 παιδίον,
1168 2010 1265 2063 καὶ
1313 2010 1620 2080 ἄνθρωπος,
1682 2010 1822 2065 ἀλλὰ
1880 2008 2019 2065 καθὸ

438 2099 577 2163 Θεὸς
620 2099 697 2154 ὢν
744 2102 1069 2172 προαιώνιος
1098 2104 1321 2171 γέγονεν
1370 2103 1459 2157 ἐπ’
1495 2103 1745 2173 ἑσχάτων
1777 2102 2017 2160 παιδίον.

439 2193 557 2245 Καὶ
592 2187 745 2255 οὗτός
777 2197 925 2247 ἐστιν
952 2197 980 2247 ό
1008 2195 1210 2265 τρόπος
1249 2197 1345 2266 τῆς
1375 2197 1720 2259 ἀντιδόσεω;,
1747 2198 2017 2265 ἑκατέρας

440 2282 664 2350 φὺσεως
699 2282 1076 2354 άντιδιδοὺσης
1110 2287 1177 2355 τῇ
1220 2286 1384 2357 ἑτέρα
1408 2288 1476 2339 τά
1510 2286 1620 2339 ῖδια
1672 2286 1759 2339 διὰ
1788 2285 1888 2355 τὴν
1918 2285 2019 2354 τῆς

439 2371 794 2434 ὑποστάσεως
844 2374 1153 2443 ταυτότητα
1190 2376 1287 2428 καὶ
1339 2375 1440 2446 τὴν
1473 2376 1553 2438 sl;
1583 2374 1789 2446 ἄλληλα
1836 2374 2017 2428 αὐτῶν

439 2464 837 2535 περιχὼρησιν.
892 2468 1048 2520 Κατὰ
1101 2467 1262 2520 τοῦτο
1314 2467 1592 2537 δυνάμεθα
1654 2470 1829 2521 εἰπιῖν
1882 2467 2016 2537 περὶ

440 2559 707 2627 Χριστοῦ,
736 2556 903 2621 υὺτος
932 2562 958 2611 ό
984 2558 1288 2629 Θεὸςὴμῶν
1323 2560 1422 2612 ἐπὶ
1444 2557 1550 2626 τῆς
1570 2558 1684 2627 γῆς
1699 2560 1887 2628 ὤφθη.
1915 2560 2014 2615 καῖ

434 2650 569 2716 τοῖς
615 2651 939 2720 ἀνθρώποις
990 2650 1487 2721 συνανεστράφη.
1522 2654 1628 2705 Καὶ
1657 2651 1686 2703 6
1724 2652 2015 2724 ἄνθρωπος

431 2741 594 2813 οὗτος
619 2748 876 2813 άκτιστός
898 2751 1035 2815 ἐστι,
1063 2751 1160 2803 καὶ
1185 2750 1421 2821 ἀπαθὴς,
1448 2750 1544 2804 καὶ
1571 2752 2011 2822 άπερίγραπτος.

870 2946 987 3003 Τοῦ
1010 2950 1218 3010 αὐτοῦ.
1244 2950 1467 3018 Regii.
1506 2956 1567 3004 o'.

431 3040 569 3096 Ὀτι
597 3041 765 3122 στᾶσα
796 3045 996 3122 fidele;
1030 3044 1216 3122 φύσις
1242 3043 1311 3094 ἐν
1336 3041 1445 3122 μιᾷ
1477 3041 1591 3122 τῷν
1612 3042 1833 3122 ἑαυτῆς
1862 3049 2013 3122 οπο-

507 3112 789 3167 στὰσεων
820 3112 1018 3181 ὴνὼθη
1068 3114 1237 3179 πάσῃ
1285 3112 1359 3179 τῇ
1404 3116 1747 3183 ἀνθρωπίνῃ
1807 3116 2011 3182 φύσει,

507 3186 611 3234 καῖ
650 3186 722 3236 οὐ
745 3180 925 3252 μέρος
964 3184 1147 3251 μέρει.
1192 3182 1542 3252 Ἀναγκαῖος
1580 3180 1773 3239 οὖνἰὔ
1806 3180 2013 3251 λόγος,

506 3253 608 3305 καὶ
637 3251 757 3324 τῶν
775 3256 1074 3322 λεγόντων
1094 3252 1191 3306 ἐπὶ
1218 3251 1328 3320 τῆς
1358 3254 1531 3320 ἀνίας
1559 3254 1656 3307 καὶ
1680 3257 2012 3324 ὀμοουσίου

514 3322 759 3391 Τριὰδος
795 3326 949 3392 τρεῖς
968 3324 1219 3392 μερικὰς
1246 3324 1482 3387 οὐσίας.

510 3502 593 3558 Τὰ
619 3502 771 3557 κοινά
803 3504 896 3557 καὶ
929 3502 1190 3558 καθολικᾶ
1230 3503 1659 3574 κατηγοροῦνται
1692 3505 1799 3558 τῶν
1828 3508 2011 3570 αὑτοῖς

434 3596 824 3667 ὑποκειμένων
861 3597 1127 3667 μερικιῖη.
1175 3595 1367 3650 Κοινὸν
1406 3596 1587 3649 τοίνυν
1623 3598 1656 3668 ἡ
1695 3599 1876 3661 οὐσία,
1913 3617 2009 3668 με·

437 3689 596 3761 ρικὸν
614 3688 670 3743 δὲ
693 3688 726 3759 ἡ
758 3688 1078 3751 ὑπόστασις.
1099 3686 1337 3759 Μερικὸν
1358 3688 1434 3753 δὲ,
1459 3689 1557 3758 οὑχ
1586 3689 1667 3743 ὅτι
1709 3691 1874 3760 μέρος
1907 3693 2008 3760 μὲν

432 3781 538 3851 τῆς
578 3779 793 3849 φύσεως
823 3779 958 3849 ἔχει,
1002 3779 1166 3849 μέρος
1199 3778 1254 3831 δὲ
1274 3778 1373 3831 οὑκ
1407 3778 1554 3848 ἔχει·
1600 3779 1736 3833 άλλά
1777 3780 2004 3848 μεριχὸν

430 3870 514 3940 τῷ
546 3870 787 3942 ἀριθμῷ,
816 3867 892 3933 ὡς
918 3871 1157 3939 ἄτομον·
1180 3868 1397 3940 ἀριθμῷ
1438 3872 1567 3940 γὰρ,
1590 3871 1685 3922 καὶ
1733 3871 1793 3923 οὑ
1850 3872 2009 3939 φύσει

431 3963 713 4033 διαφέρειν
728 3962 975 4030 λέγονται
1005 3962 1062 4016 αἱ
1098 3962 1445 4023 ὑποστάσεις.
1472 3963 1869 4030 Κατηγορεῖεαι
1894 3963 1951 4014 δὲ
1976 3965 2008 4033 ἡ

431 4057 596 4109 οὑσία
620 4056 719 4126 τῆς
742 4054 1115 4119 ὑποστάσεως,
1140 4052 1273 4106 διότι
1303 4054 1358 4107 ἐν
1380 4053 1585 4123 ἑκάστη
1611 4053 1718 4105 τῶν
1748 4053 2006 4121 ὁμοειδῶν

434 4147 794 4201 ὑποστάσεων
827 4144 1007 4198 τελεία
1034 4145 1067 4214 ἡ
1096 4142 1254 4196 οὐσία
1274 4142 1412 4198 ἐστί.
1446 4143 1539 4195 Διὸ
1568 4144 1628 4197 οἱ)
1657 4142 2008 4212 διαφέρουσιν

433 4241 685 4311 ἀλλήλων
729 4239 784 4292 αἱ
824 4235 1155 4300 ὑποστάσεις
1197 4237 1319 4289 κατ’
1343 4234 1553 4300 οὐσίαν,
1585 4234 1720 4288 ἀλλὰ
1756 4233 1895 4287 κατὰ
1938 4236 2005 4287 τὰ

437 4332 849 4404 συμϐεϐηκότα,
878 4329 1037 4385 ἅτινά
1080 4331 1188 4382 εῖσι
1221 4329 1288 4381 τὰ
1338 4328 1819 4397 χαρακτηριστικὰ
1857 4327 2001 4379 ἰδιώ-

437 4441 626 4497 ματαο
680 4422 1155 4493 χαρακτηριστικὰ
1204 4421 1259 4472 δὲ
1330 4420 1706 4481 ὑποστάσεως,
1775 4418 1889 4471 ἀλλ’
1942 4418 2003 4471 οὑ

437 4518 675 4587 φύσεως.
716 4514 821 4569 Καὶ
858 4515 965 4587 γὰρ
1012 4516 1112 4584 τὴν
1165 4513 1463 4567 ὑπόστασιν
1505 4513 1776 4581 ὁρίζονται
1819 4514 2007 4567 οὐσίαν

436 4612 582 4681 μετὰ
639 4607 1085 4678 συμϐεϐηκότων.
1143 4606 1302 4659 Ὥστε
1356 4605 1416 4657 τὸ
1482 4604 1659 4657 κοινὸν
1715 4606 1850 4674 μετὰ
1911 4604 2004 4656 τοὺ

437 4703 735 4766 ίδιάζοντος
773 4701 886 4773 ἔχει
929 4701 963 4772 ἠ
1012 4700 1332 4761 ὑπόστασις,
1373 4696 1467 4750 καὶ
1510 4697 1569 4748 τὸ
1629 4697 1751 4749 καθ’
1806 4695 2005 4768 ἑαυτὴν

434 4794 699 4865 ὑπάρξαι.
744 4793 810 4844 Ἠ
862 4792 1020 4844 οὑσία
1059 4788 1115 4842 δὲ
1150 4787 1273 4842 καθ’
1313 4786 1510 4855 ἑαυτὴν
1553 4788 1652 4856 οὐχ
1694 4785 2007 4854 ὑφίσταται,

433 4887 554 4943 ἀλλ’
584 4888 642 4939 ὲν
674 4889 791 4948 ταῖς
830 4884 1162 4937 ὑποστάσεσι
1198 4883 1502 4951 θεωρεῖται.
1545 4879 1760 4949 Πασχοὺ
1774 4898 1868 4950 σης
1902 4882 2007 4932 τοί-

433 4997 533 5033 νυν
562 4981 689 5048 μιᾶς
725 4978 833 5031 τῶν
862 4976 1231 5040 ὑποστάσεων,
1274 4974 1424 5026 πᾶσα
1459 4973 1491 5043 ἡ
1526 4971 1705 5038 οὐσία,
1728 4969 1850 5023 καθ’
1878 4971 1944 5039 ἢν
1975 4972 2008 5041 ι,

436 5070 735 5129 ὑπόστασις
770 5066 1098 5120 πεπονθέναι
1133 5063 1376 5133 λέγεται,
1415 5064 1472 5117 ὲν
1526 5064 1628 5135 μιᾷ
1670 5063 1776 5117 τῶν
1810 5062 2010 5131 ἑαυτῆς

436 5160 813 5222 ὑποστάσεων,
848 5160 908 5211 οὑ
944 5157 1129 5228 μέντοι
1154 5172 1218 5225 γε
1253 5155 1465 5224 ἀνάγκη
1496 5156 1678 5217 πάσας
1709 5156 1807 5217 τὰς
1830 5154 2011 5222 ὁμοει-

433 5256 547 5318 δεῖς
579 5252 907 5314 ὑποστάσεις
946 5252 1295 5321 συμπάσχειν
1342 5249 1408 5319 τῇ
1454 5246 1741 5319 πασχούσῃ
1772 5246 2013 5300 ὑποστά-

438 5358 547 5395 σει.
578 5342 734 5395 Οὕτω
757 5346 936 5395 τοίνυν
967 5337 1337 5410 ὁμολογοῦμεν
1374 5339 1471 5410 τὴν
1498 5343 1595 5409 τῆς
1632 5338 1885 5407 Θεότητος
1912 5337 2008 5407 φύ-

440 5447 526 5483 σιν
555 5432 737 5484 πᾶσαν
770 5429 983 5483 τελείαν
1012 5426 1151 5483 εἶναι
1182 5430 1240 5482 ὲν
1271 5428 1477 5500 ἑκάστῃ
1505 5426 1613 5479 τῶν
1642 5429 1844 5496 ἑαυτῆς
1872 5428 2004 5480 ὑπο-

439 5526 706 5593 στίσεων,
736 5527 914 5579 πᾶσαν
938 5526 995 5578 ἐν
1038 5526 1234 5595 Πατρ“τ,
1276 5526 1460 5578 πᾶσαν
1492 5524 1546 5575 ὲν
1576 5524 1708 5593 mp,
1746 5526 1922 5576 πᾶσαν
1954 5524 2010 5576 ἐν

437 5620 580 5689 ἁγίῳ
608 5619 906 5689 Πνεὺματι.
942 5619 1033 5671 Διὸ
1078 5622 1171 5672 καὶ
1216 5618 1417 5681 τέλειος
1454 5617 1583 5680 Θεὸς
1622 5617 1648 5669 ὁ
1680 5617 1888 5686 Πατὴρ,
1916 5616 2013 5694 ,τὲ-ἤ

513 5764 527 5793 ⁸
569 5762 797 5817 Ιιειτιιείι.
826 5779 903 5829 ιιι,
932 5760 1022 5827 58,

2124 1918 2341 1983 sarcula,
2370 1927 2424 1971 et
2450 1918 2613 1971 homo
2655 1918 2773 1972 sine
2826 1919 3115 1987 principio,
3154 1936 3258 1973 non
3292 1932 3566 1993 quatenus
3608 1938 3698 1978 est

2126 2009 2383 2078 puerulus
2433 2021 2525 2062 aut
2583 2009 2767 2073 homo,
2810 2010 2904 2064 sed
2938 2022 3208 2080 quatenus
3242 2012 3385 2067 Deus
3425 2014 3697 2068 exsistens

2125 2110 2251 2155 ante
2279 2100 2479 2156 saecula
2512 2100 2563 2155 in
2600 2102 2911 2157 novissimis
2940 2112 3102 2158 natus
3127 2112 3213 2158 est
3241 2104 3475 2160 saeculis.
3515 2107 3697 2175 Atque

2125 2198 2239 2252 haec
2259 2195 2477 2265 quidem
2496 2204 2581 2250 est
2604 2195 2750 2251 ratio
2771 2204 2970 2250 mutua:
3024 2196 3352 2266 alternaque
3389 2200 3693 2254 attributio.

2124 2293 2211 2347 nis
2231 2290 2515 2361 utriusque
2542 2302 2773 2359 natura),
2802 2307 2925 2362 quae
2955 2304 3087 2349 suas
3126 2301 3354 2363 utraque
3382 2285 3691 2364 proprieta-

2124 2391 2207 2437 tes
2241 2381 2394 2436 altcri
2430 2381 2670 2437 vicissim
2708 2383 2934 2454 praebet,
3004 2394 3291 2454 propterea
3330 2385 3475 2455 quod
3531 2401 3694 2440 unam

2123 2480 2178 2529 et
2219 2473 2466 2527 eamdem
2521 2487 2808 2542 personant
2863 2475 3239 2539 constituunt,
3289 2490 3457 2546 seque
3504 2487 3695 2530 tnutuo

2122 2564 2611 2636 comprehendunt.
2647 2564 2723 2619 Ex
2757 2581 2864 2635 quo
2889 2566 2968 2633 ﬁt,
3001 2577 3057 2620 ut
3087 2567 3154 2621 de
3179 2567 3400 2621 Christo
3424 2572 3697 2638 possmus

2122 2658 2303 2713 dicere
2331 2676 2346 2713 :
2382 2656 2482 2712 Hic
2514 2657 2652 2711 Deus
2679 2666 2861 2711 noster
2889 2658 2943 2710 in
2981 2667 3122 2711 terra
3170 2658 3306 2712 visits
3351 2668 3447 2724 est,
3476 2669 3525 2713 et
3579 2677 3695 2713 cum

2120 2749 2417 2801 hominibus
2463 2757 2701 2801 versatus
2731 2748 2768 2801 ί.
2824 2747 2931 2801 Et:
2988 2746 3085 2801 llic
3136 2747 3298 2803 homo
3341 2763 3441 2804 nec
3478 2761 3697 2804 creatus

2121 2850 2222 2904 est,
2260 2855 2357 2896 nec
2388 2840 2611 2910 patitur,
2643 2855 2743 2896 nec
2779 2839 2886 2894 ullo
2928 2840 3163 2894 termino
3205 2841 3692 2896 circumscribitur.

2619 2947 2891 3017 Ejusdem.
2924 2947 3053 3016 Cap.
3088 2948 3173 3002 70.

2127 3045 2308 3095 Totum
2332 3042 2565 3095 divinam
2624 3041 2960 3093 nuturamt’n
3021 3056 3127 3092 una
3185 3057 3406 3093 suarum
3446 3057 3699 3110 persona-

2193 3128 2308 3165 rum
2352 3113 2445 3164 toti
2485 3113 2732 3164 humana:
2784 3118 2993 3163 natura:
3039 3110 3376 3177 conjunctam
3427 3128 3553 3174 esse,
3596 3126 3699 3165 non

2193 3197 2371 3235 autem
2404 3191 2609 3251 partem
2661 3181 2824 3251 parti.
2868 3179 3243 3251 Quqquidem
3302 3181 3475 3233 oratio
3525 3197 3698 3233 ncces-

2196 3255 2341 3305 saria
2385 3248 2458 3305 est
2502 3248 2669 3304 etiam
2709 3250 2957 3318 adversus
3002 3248 3141 3309 illos,
3185 3251 3273 3318 qui
3327 3251 3381 3302 in
3426 3263 3613 3303 sancta
3648 3261 3699 3302 et

2194 3324 2430 3391 ejusdem
2471 3322 2703 3391 essentia:
2753 3317 3011 3371 Triuitate
3042 3329 3144 3371 tres
3188 3317 3425 3372 asserunt
3448 3335 3557 3373 esse
3583 3322 3692 3372 sitt—

2194 3390 2318 3459 gula
2328 3408 2407 3444 res
2446 3390 2717 3444 essentias.

2199 3507 2329 3570 Quin
2358 3517 2669 3566 commune,
2714 3512 2770 3556 et
2827 3500 3165 3567 universum,
3203 3518 3267 3557 ac
3322 3504 3487 3559 veluti
3523 3512 3696 3560 totum

2123 3602 2382 3672 quiddam
2420 3599 2783 3659 constituunt,
2814 3609 2877 3649 ea
2912 3594 2981 3650 de
3029 3594 3291 3665 subjectis
3315 3596 3417 3651 sibi
3450 3598 3697 3667 panibus

2123 3692 2404 3746 dicuntur.
2434 3688 2621 3757 Itaque
2676 3701 2801 3741 cum
2846 3687 3083 3742 essentia
3146 3702 3435 3742 commune
3488 3698 3541 3742 et
3573 3689 3699 3743 uni-

2125 3797 2339 3838 versmn
2365 3781 2625 3852 quiddam
2654 3778 2748 3844 sit,
2785 3793 2849 3832 ac
2878 3778 3049 3833 totius
3103 3779 3371 3833 rationem
3429 3781 3695 3844 obtineat,

2125 3887 2357 3943 persona
2388 3880 2571 3925 autem
2601 3884 2725 3940 pars
2781 3870 2951 3940 (pars,
2991 3868 3236 3938 inquam,
3270 3884 3378 3923 non
3405 3870 3549 3940 quod
3598 3884 3696 3924 na-

2125 3973 2262 4017 turae
2293 3972 2501 4033 partem
2536 3960 2757 4024 habeat,
2793 3968 3005 4030 partem
3059 3975 3168 4014 non
3202 3960 3418 4027 habeat,
3456 3961 3556 4016 sed
3589 3976 3695 4015 nu-

2126 4070 2275 4109 mero
2306 4068 2454 4124 pars,
2489 4064 2547 4107 ut
2574 4051 2946 4119 individuum;
2984 4067 3214 4106 numero
3248 4052 3420 4117 enim,
3452 4068 3558 4108 non
3594 4070 3695 4107 na-

2123 4156 2243 4200 tura
2271 4160 2519 4215 pcrsouaa
2586 4138 2867 4211 dill‘crunt)
2899 4142 3137 4196 essentia
3183 4142 3380 4197 dicitur
3409 4142 3474 4197 de
3506 4158 3695 4213 perso-

2122 4255 2215 4303 na,
2248 4238 2503 4308 quoniam
2536 4241 2591 4292 in
2644 4251 2967 4305 unaquaque
3016 4234 3259 4305 ejusdem
3311 4236 3511 4305 speciei
3569 4253 3696 4306 per-

2125 4344 2385 4384 sonarum
2416 4338 2502 4383 est
2530 4327 2766 4383 essentia
2792 4325 3049 4396 perfecta.
3108 4325 3470 4393 Quamobrem
3498 4343 3694 4393 μετεω-

2126 4436 2207 4475 ιιαι
2238 4420 2475 4475 essentia
2512 4434 2624 4474 non
2678 4417 2939 4473 diﬂ‘erunt
2972 4418 3114 4472 inter
3163 4434 3256 4485 se,
3315 4418 3410 4474 sed
3444 4420 3695 4476 οεοὶόοιι-

2047 4502 2087 4555 ο
2120 4513 2286 4578 tibus,
2323 4511 2632 4569 accidentia
2668 4525 2803 4565 voco
2827 4510 3201 4574 characteres,
3245 4527 3313 4565 ac
3376 4520 3533 4567 notas
3576 4512 3694 4566 illas

2122 4605 2389 4675 proprias,
2419 4620 2539 4675 quae
2564 4618 2878 4675 personam.
2924 4619 3031 4657 non
3069 4612 3249 4657 autem
3282 4604 3575 4657 essentiam
3595 4606 3693 4658 de-

2127 4699 2362 4769 signant.
2395 4697 2487 4751 Sic
2510 4696 2652 4751 enim
2683 4711 2969 4765 personam
3002 4693 3293 4759 deﬁniunt,
3319 4704 3377 4747 ut
3403 4694 3473 4748 sit
3502 4710 3694 4749 essen—

2123 4790 2193 4843 tia
2240 4806 2363 4843 cum
2416 4786 2791 4844 accidentibus
2857 4787 3167 4856 conjuncta.
3222 4785 3401 4851 Quare
3458 4802 3694 4856 persona

2122 4882 2285 4937 habet
2317 4880 2391 4942 id,
2428 4880 2571 4950 quod
2601 4889 2683 4935 est
2710 4894 3004 4934 commune
3043 4894 3165 4933 cum
3197 4879 3416 4948 prOpria
3447 4889 3574 4933 nota
3602 4895 3695 4934 co-

2118 4974 2385 5043 pulatum.
2415 4972 2667 5027 Essentia
2703 4980 2886 5026 autem
2918 4986 3026 5025 non
3063 4985 3158 5040 per
3210 4986 3269 5025 se
3300 4970 3566 5031 subsistit,
3595 4974 3692 5026 sed

2114 5065 2168 5118 in
2195 5063 2445 5134 personis
2471 5065 2869 5120 consideratur.
2902 5064 3092 5134 Itaque
3148 5079 3271 5118 cum
3330 5080 3437 5119 una
3492 5067 3692 5135 patitur

2114 5171 2500 5226 personarum,
2550 5157 2729 5210 eninis
2753 5159 3013 5220 essentia,
3056 5172 3334 5227 perquam
3384 5165 3469 5211 est
3504 5172 3693 5225 perso-

2116 5265 2208 5311 na,
2236 5248 2291 5302 in
2321 5264 2425 5301 una
2450 5263 2677 5301 suarum
2724 5263 3084 5316 personarum
3116 5248 3316 5303 dicitur
3375 5262 3555 5317 passa.
3584 5244 3695 5301 Nec

2118 5350 2298 5396 tamen
2332 5341 2579 5409 sequitur
2606 5340 2936 5403 necessario,
2977 5352 3035 5395 ut
3077 5356 3270 5395 omnes
3295 5337 3540 5409 ejusdem
3573 5354 3696 5407 sne-

2119 5435 2489 5504 cieipersonze
2513 5434 2672 5489 simul
2701 5449 2824 5486 cum
2872 5434 2981 5497 illa,
3042 5450 3162 5502 qua:
3213 5447 3371 5502 passa
3400 5438 3503 5492 est,
3566 5431 3698 5501 ipsae

2119 5541 2332 5597 quoque
2356 5542 2527 5595 passm
2560 5525 2833 5579 dicantur.
2893 5525 2982 5581 Sic
3034 5539 3164 5594 ergo
3226 5524 3569 5587 conﬁtemur,
3611 5532 3691 5575 to.

2123 5631 2229 5672 tam
2271 5617 2576 5672 Divinitatis
2608 5625 2858 5671 naturam
2889 5616 2943 5670 in
3003 5614 3229 5685 singulis
3284 5612 3537 5686 personis
3581 5613 3692 5675 suis
