4120 6292
494 336 598 398 £39

1725 331 2105 393 EU‘I‘HYMII
2148 333 2509 395 ZIGABENI

3630 334 3730 395 210

489 460 609 500 esse
644 441 960 513 perfectam,
997 448 1161 494 totam
1203 440 1257 494 in
1290 440 1469 504 Patre,
1500 448 1670 493 totam
1706 440 1759 492 in
1788 441 1947 505 Filio,
1978 450 2059 494 to-

2163 442 2304 505 λειος
2337 443 2469 506 Θεὸς
2497 444 2525 495 6
2555 441 2701 507 Υἱὸς,
2742 440 2940 503 τέλειος
2969 440 3099 503 Θεὸς
3129 442 3191 494 τὸ
3223 437 3442 509 Πνεῦμα
3470 442 3529 495 τὸ
3553 443 3726 510 ἅγιον.

494 547 604 589 tam
632 535 688 588 in
714 532 921 603 Spiritu
963 540 1170 586 sancto.
1205 530 1467 597 Quocirca
1505 540 1558 584 et
1610 529 1885 599 perlectus
1918 530 2060 585 Deus

493 634 579 679 est
634 624 815 687 Pater,
880 630 935 674 et
982 620 1251 690 perfectus
1300 618 1441 673 Deus
1494 628 1574 672 est
1624 618 1812 683 Filius,
1850 630 1904 675 et
1943 636 2062 687 per-

496 720 671 770 lectus
732 713 875 767 Deus
930 722 1013 766 est
1070 711 1302 779 Spiritus
1362 720 1605 764 sanctus.
1673 710 1762 766 Sic
1818 713 1942 766 item
2004 711 2062 765 in

497 804 833 859 humanitate
894 810 1172 869 assumpta
1243 801 1309 855 ab
1362 816 1470 855 uno
1526 810 1726 855 sanctae
1782 802 2063 857 Trinitatis

494 898 607 951 Deo
674 894 852 948 Verbo
912 902 1078 947 totam
1132 900 1188 946 et
1238 892 1536 962 perfectam
1600 891 1901 947 divinitatis
1964 908 2062 945 na-

493 1000 691 1052 turam,
753 986 807 1039 in
861 1000 964 1038 una
1015 999 1237 1037 suarum
1297 997 1677 1052 personarum,
1726 984 1822 1037 toti
1873 984 2065 1037 huma-

490 1099 572 1137 na:
630 1092 857 1146 naturae,
926 1095 1035 1133 non
1101 1087 1281 1132 autem
1325 1087 1533 1147 partem
1563 1077 1699 1146 parti
1730 1076 1896 1132 fuisse
1934 1094 2066 1133 eou-

490 1178 735 1244 junctam
771 1171 1019 1225 dicimus.
1054 1170 1213 1234 Nam,
1267 1181 1327 1224 ut
1360 1169 1576 1223 divinus
1635 1170 1810 1237 inquit
1835 1172 2067 1238 Aposto-

494 1268 597 1331 lus,
642 1264 708 1317 Iu
750 1265 864 1332 ipso
909 1261 1173 1315 inhabitat
1232 1262 1400 1315 omnis
1442 1261 1710 1329 plenitudo
1771 1261 2065 1315 divinitatis

496 1355 901 1427 corporaliter",
936 1355 991 1409 id
1026 1363 1130 1419 est,
1165 1354 1218 1406 in
1245 1368 1409 1408 carne
1454 1354 1591 1420 ejus.
1624 1351 1688 1405 Et
1720 1351 1871 1406 Pauli
1907 1353 2070 1407 disci-

497 1448 660 1516 pulus
685 1446 737 1497 in
767 1445 932 1498 rebus
961 1442 1163 1497 divinis
1210 1442 1547 1511 explicandis
1577 1442 2067 1496 excellent'ssimus

493 1536 805 1607 Dionysius.
839 1533 903 1588 Se
927 1543 1113 1597 totam,
1145 1533 1411 1602 iuquit,in
1446 1550 1550 1587 una
1574 1550 1790 1586 suarum
1814 1549 2065 1601 persona-

492 1646 608 1681 rum
638 1625 1064 1680 communicavit.
1133 1624 1243 1678 Nec
1299 1632 1479 1678 tamen
1545 1640 1802 1694 cogemur
1859 1625 2064 1690 dicere,

494 1734 685 1773 euntes
714 1733 807 1772 seu
847 1725 957 1770 tres
985 1723 1186 1769 sancta:
1234 1714 1539 1770 divinitatis
1587 1730 1852 1784 personas
1887 1716 2066 1770 omni-

2166 534 2319 587 Οὕτω
2350 534 2445 589 καὶ
2483 537 2539 588 ὲν
2572 538 2638 605 τῇ
2684 535 3096 604 ένανυρωπήσει
3137 533 3232 587 τοῦ
3268 535 3385 597 ἐνὸς
3430 535 3530 604 τῆς
3573 536 3732 604 ἁγίας

2165 627 2391 696 Τριάδος
2430 628 2565 682 Θεοῦ
2598 628 2772 697 Λόγου
2808 628 2988 698 φαμὲν
3027 630 3210 682 πᾶσαν
3244 629 3338 681 καὶ
3380 630 3597 683 τελεάν
3635 629 3735 698 τὴν

2165 719 2327 788 φύσιν
2354 723 2450 791 τῆς
2481 720 2734 791 Θεότητος
2771 723 2827 773 ὲν
2873 722 2973 792 μιᾷ
3012 721 3120 774 τῶν
3153 721 3357 790 ἑαυτῆς
3384 722 3734 775 ὑποστάσεων

2166 812 2432 881 ὲνωθῆναι
2472 814 2623 885 πάσῃ
2649 816 2715 882 τῇ
2756 812 3072 884 ἀνθρωπίνῃ
3105 813 3288 881 φύσει,
3315 813 3410 866 καὶ
3457 814 3518 865 οὐ
3567 814 3733 882 μέρος

2168 904 2346 975 μέρει.
2380 906 2519 974 Φησὶ
2556 904 2686 972 γοῦν
2715 906 2742 957 6
2773 905 2913 968 θεῖος
2954 904 3300 968 ’Δπόστολος,
3327 904 3409 957 ὅτι
3441 905 3548 958 Ἐν
3575 903 3736 968 αὐτῷ

2166 997 2436 1050 κατοικεῖ
2463 996 2585 1051 πᾶν
2638 997 2703 1049 τὸ
2738 996 3025 1064 πλήρωμα
3069 995 3179 1063 τῆς
3220 998 3501 1062 θεότητος
3533 1010 3736 1063 σωμα-

2165 1086 2360 1155 τικῶς,
2394 1089 2673 1158 τουτέστιν
2704 1091 2760 1140 ὲν
2795 1090 2858 1157 τῇ
2898 1087 3063 1156 σαρκὶ
3094 1086 3281 1142 αὐτοῦ.
3329 1086 3440 1140 Καὶ
3470 1088 3499 1139 6
3543 1086 3736 1139 τούτου

2167 1179 2451 1248 φοιτητὴς,
2489 1179 2583 1231 καὶ
2616 1178 2781 1240 πολὺς
2824 1177 2891 1229 τὰ
2924 1178 3044 1232 θεία
3077 1176 3376 1242 Διονύσιος,
3411 1177 3495 1229 ὅτι
3540 1176 3737 1238 ὑλικῶς

2169 1271 2299 1337 ἡμῖν
2336 1273 2393 1322 ἐν
2439 1271 2538 1339 μιᾷ⁵
2579 1270 2688 1321 τῶν
2722 1269 2923 1336 ἑαυτῆς
2958 1268 3321 1339 ἐκοινώνησεν
3361 1266 3736 1320 ὑποστάσεων.

2168 1364 2243 1418 Οὐ
2301 1364 2405 1434 μὴν
2456 1364 2514 1416 δὲ
2568 1364 2751 1431 λέγειν
2802 1360 3343 1430 ἀναγκασθησόμεθα
3401 1360 3583 1421 πάσας
3636 1359 3737 1421 τὰς

2169 1456 2496 1517 ὑποστάσεις
2523 1454 2624 1523 τῆς
2651 1453 2812 1521 ἁγίας
2843 1452 3122 1522 θεότητος,
3148 1453 3269 1523 ἦτοι
3292 1452 3391 1514 τὰς
3426 1452 3596 1520 τρεῖς,
3635 1450 3735 1503 πά-

2170 1562 2292 1609 σαις
2329 1547 2448 1609 ταῖς
2482 1547 2581 1615 τῆς
2620 1543 3039 1615 ἀνθρωπότητος
3075 1542 3408 1596 ὑποστάσεσι
3448 1539 3573 1593 καθ’
3609 1540 3736 1593 ὑπό-

2168 1655 2355 1692 στασιν
2398 1636 2665 1709 ἡνῶσθαι.
2706 1638 2843 1690 Κατ’
2869 1636 3062 1689 οὐδένα
3102 1636 3211 1704 γὰρ
3239 1632 3609 1702 κεκοινώνηκε
3652 1632 3735 1685 λό-

2169 1747 2265 1799 γον
2305 1732 2334 1783 ό
2363 1732 2575 1801 Πατὴρ,
2610 1730 2706 1784 καὶ
2735 1729 2795 1782 τὸ
2829 1730 3053 1798 Πνεῦμα
3088 1728 3148 1780 τὸ
3177 1729 3333 1794 ἅγιον
3362 1729 3422 1796 τῇ
3461 1726 3738 1795 σαρκώσει

494 1812 595 1866 bus
625 1809 980 1863 humanitatis
1006 1806 1257 1877 personis
1301 1806 1601 1861 secundum
1656 1822 1920 1876 personas
1945 1820 2059 1861 esse

2166 1823 2261 1877 τοῦ
2298 1822 2434 1876 Θεοῦ
2468 1800 2667 1890 Λόγου,
2704 1823 2751 1874 εί
2785 1821 2860 1890 μὴ
2908 1820 3029 1873 κατ’
3059 1820 3307 1873 εὐδοκίαν
3333 1820 3426 1871 καὶ
3461 1816 3736 1889 βούλησιν.

493 1904 833 1972 coniunctas.
870 1901 1026 1955 Nulla
1052 1900 1198 1954 enim
1231 1899 1358 1964 alia,
1408 1900 1516 1954 nisi
1577 1901 1984 1969 approbationis
2012 1909 2067 1955 et

493 1996 791 2051 voluntatis
822 1995 1032 2047 ratione
1067 1992 1244 2056 Pater,
1281 2001 1335 2045 et
1393 1992 1630 2060 Spiritus
1691 2001 1916 2047 sanctus
1977 2008 2066 2046 as-

493 2100 722 2157 sumptas
756 2103 783 2139 a
818 2082 1138 2139 Deo'Verbo
1178 2084 1504 2138 humanitati
1568 2083 2062 2138 communicarent.

491 2181 682 2235 Totum
724 2194 853 2234 vero
887 2179 1190 2233 divinitatis
1228 2178 1523 2231 essentiam
1569 2178 1667 2233 toti
1699 2178 1950 2234 humanae
1977 2195 2066 2233 na-

493 2284 629 2327 turas
662 2271 1008 2341 eonjunetam
1046 2268 1365 2332 asserimus,
1410 2267 1538 2335 quia
1566 2265 1698 2321 nihil
1728 2281 1915 2322 eorum
1946 2284 2065 2339 quae

493 2376 699 2419 naturae
731 2370 934 2418 nostr-.e
968 2360 1113 2415 Deus
1176 2359 1409 2414 Verbum
1449 2361 1701 2424 inseruit,
1742 2377 1866 2417 cum
1904 2363 2064 2417 initio

486 2473 590 2511 nos
629 2460 959 2525 procrearet,
993 2451 1220 2514 dimisit,
1253 2451 1348 2505 sed
1404 2452 1585 2506 omnia
1612 2452 1873 2522 suscepit,
1911 2469 2066 2508 nem-

487 2563 554 2616 pe
581 2560 799 2613 cet-pus,
835 2544 1094 2604 animam,
1149 2550 1330 2595 mente
1390 2540 1710 2609 rationeque
1759 2541 2059 2610 prmditam,

488 2650 543 2693 et
573 2653 760 2693 eorum
794 2634 1156 2704 proprietates
1221 2630 1447 2700 (animal
1478 2634 1646 2695 enim,
1673 2633 1819 2700 quod
1854 2632 2051 2687 harum

486 2732 665 2799 aliqua
697 2736 849 2796 parte
884 2733 1053 2790 caret,
1087 2738 1196 2777 non
1222 2732 1308 2777 est
1336 2723 1546 2789 homo).
1576 2722 1774 2777 Totum
1803 2723 1947 2777 enim
1971 2732 2059 2777 to-

491 2837 578 2877 tus
606 2817 922 2887 assumpsit,
955 2824 1009 2870 et
1050 2823 1197 2869 totus
1231 2815 1327 2868 toti
1382 2814 1711 2883 conjunctus
1736 2822 1842 2877 est,
1881 2823 1937 2867 ut
1965 2813 2061 2867 toti

488 2913 716 2967 salutem
757 2908 1065 2977 largiretur.
1126 2904 1280 2970 Quod
1324 2904 1471 2959 enim
1507 2920 1618 2958 non
1647 2914 2060 2973 essetassump-

489 3013 602 3059 tum
628 2998 767 3053 foret
815 2995 1134 3051 incurabile.
1178 2992 1544 3062 Conjunetum
1582 2992 1745 3062 igitur
1778 3004 1861 3049 est
1906 2995 2058 3048 carni

491 3094 720 3148 Verbum
750 3091 863 3151 Dei,
904 3098 959 3143 et
989 3089 1130 3142 Deus
1156 3103 1252 3156 per
1283 3096 1522 3141 mentem
1564 3086 1709 3140 inter
1758 3086 1855 3140 Dei
1911 3086 2058 3156 puri-

480 3195 677 3250 tatem,
735 3191 791 3235 et
848 3179 1031 3235 carnis
1109 3178 1523 3232 crassitudinem
1600 3178 2051 3235 intercedentem.

485 3276 618 3329 Nam
652 3272 849 3327 animae
879 3271 1097 3340 quidem
1124 3270 1412 3338 carnisque
1457 3255 1713 3339 princeps
1742 3278 1824 3323 est
1874 3259 2080 3336 mens,"

486 3376 676 3435 utpote
700 3362 989 3432 purissima
1038 3360 1210 3429 ipsius
1242 3359 1437 3412 animae
1470 3374 1616 3428 pars,
1677 3359 1819 3414 Deus
1871 3370 2053 3414 autem

489 3457 661 3529 ipsius
688 3452 910 3516 mentis,
940 3466 1060 3520 qua:
1108 3466 1228 3503 cum
1260 3450 1403 3504 cedit
1432 3449 1815 3519 praestantiori,
1848 3450 2053 3518 princi-

483 3564 672 3621 patum
710 3544 948 3599 ostendit
977 3557 1158 3596 suum.
1193 3542 1285 3596 Sic
1332 3551 1513 3595 autem
1545 3556 1666 3595 eum
1708 3543 2052 3608 praastantio-

488 3644 533 3696 ri
570 3636 938 3708 coniungitur,
973 3644 1135 3703 atque
1162 3633 1239 3688 illi
1277 3634 1614 3704 obsequitur,
1641 3640 1699 3685 ut
1723 3633 1882 3687 faciat
1909 3650 2055 3703 quaa-

488 3746 703 3801 cunque
750 3728 999 3783 voluntas
1035 3725 1217 3779 divina
1266 3725 1588 3794 praescribit.
1626 3724 1775 3780 Mens
1805 3737 1885 3781 est
1916 3728 2056 3781 divi-

491 3825 677 3880 nitatis
719 3819 819 3875 sibi
853 3834 950 3890 per
981 3832 1271 3889 personam
1304 3817 1607 3884 conjuncta:
1643 3818 1812 3881 locus,
1874 3834 2057 3888 quem.

490 3916 781 3972 admodum
825 3922 881 3967 et
945 3924 1092 3965 caro.
1147 3909 1265 3962 Non
1317 3918 1497 3963 autem
1550 3909 1714 3963 simul
1766 3910 2051 3979 inhabitat,

484 4017 551 4061 .nt
581 4003 853 4076 opinionis
887 4016 1072 4055 errore
1102 4000 1448 4070 decipiuntur
1478 4000 1741 4067 haeretici,
1774 4002 1887 4071 qui,
1912 4001 2057 4068 Quo—

475 4099 667 4160 .modo,
708 4096 984 4165 inquiunt,
1017 4093 1159 4162 quod
1194 4108 1361 4146 unum
1425 4101 1631 4147 tantum
1693 4096 1932 4149 modium
1964 4111 2054 4150 ca-

477 4194 587 4262 pit,
614 4193 751 4243 duos
792 4188 999 4240 modios
1027 4183 1370 4238 continebit?
1401 4184 1599 4237 Errant
1629 4185 1891 4255 imperiti,
1928 4187 2054 4256 quia

489 4284 699 4337 ratione
739 4292 997 4347 corporea
1038 4276 1337 4343 dijudicant
1375 4289 1460 4339 ea,
1484 4278 1899 4342 quzeamateria
1931 4287 2056 4331 sunt

492 4373 874 4429 remotissima.
898 4366 1179 4431 Quomodo
1199 4366 1342 4419 enim
1364 4364 1615 4420 Christus
1648 4369 1856 4421 dicetur
1878 4368 2054 4437 perle-

2169 1914 2325 1986 Πὰσῃ
2346 1913 2401 1966 δὲ
2424 1916 2491 1981 τῇ
2519 1911 2835 1983 ἀνθρωπίνῃ
2858 1909 3015 1978 φύσει
3045 1908 3225 1977 φαμὲν
3254 1906 3524 1977 ἐνωθῆναι
3557 1906 3738 1960 πᾶσαν

2165 2004 2264 2073 τὴν
2293 2003 2392 2072 τῆς
2434 2002 2689 2072 θεότητος
2729 2000 2937 2062 οὐσίαν,
2976 2000 3069 2050 γὸτι
3108 1996 3265 2050 οὐδὲν
3303 1991 3377 2050 ὧν
3411 1995 3739 2065 ὲνεφύτευσε

2166 2099 2234 2166 τῇ
2275 2094 2521 2166 ἡμετέρᾳ
2565 2092 2727 2160 φύσει
2763 2093 2790 2144 6
2823 2090 2953 2152 Θεὸς
3001 2091 3193 2156 Λόγος,
3239 2087 3481 2158 ἀρχῆθεν
3525 2086 3738 2146 πλάσας

2166 2189 2315 2257 ἡμᾶς
2346 2185 2614 2248 ἐνέλιπεν,
2644 2182 2781 2237 ἀλλὰ
2827 2185 3001 2236 πάντα
3046 2180 3297 2241 ἀνέλαϐε,
3344 2178 3522 2246 σῶμα,
3554 2176 3740 2246 ψυχὴν

2166 2279 2359 2350 γοερὰν
2388 2278 2482 2331 καὶ
2537 2276 2786 2345 λογικὴν,
2828 2275 2923 2326 καὶ
2968 2274 3037 2326 τὰ
3066 2272 3272 2325 τούτων
3312 2271 3600 2341 ἰδιώματα.
3661 2259 3753 2320 Το

2164 2372 2274 2441 γὰρ
2328 2370 2445 2433 ἐνὸς
2492 2369 2698 2422 τούτων
2748 2364 3017 2436 ἀμοιροῦν
3051 2365 3209 2427 ζῶον,
3274 2363 3373 2415 οῦκ
3424 2363 3737 2431 ἄνθρωπος.

2167 2465 2330 2520 Ὀλον
2381 2464 2489 2531 γὰρ
2528 2463 2648 2523 ὅλος
2688 2458 2917 2513 ἀνέλαϋέ
2956 2474 3045 2527 με,
3084 2459 3178 2509 καὶ
3229 2455 3347 2517 ὅλος
3383 2454 3489 2523 ὅλῳ
3524 2452 3737 2521 ήνώθη,

2164 2558 2231 2612 ἵν’
2259 2557 2365 2628 ὅλῳ
2390 2558 2485 2626 τὴν
2517 2554 2790 2623 σωτηρίαν
2820 2550 3135 2621 χαρίσηται.
3190 2550 3263 2601 Τὸ
3298 2550 3407 2617 γὰρ
3454 2548 3729 2616 ἀπρόσλη-

2163 2664 2297 2703 πτον
2346 2644 3008 2716 ἀθεράπευτον.“Ηνωται
3048 2641 3228 2694 τοίνυν
3261 2642 3424 2710 σαρκὶ
3443 2638 3530 2691 διὰ
3563 2642 3734 2706 μέσον

2164 2742 2256 2795 νοῦ
2286 2741 2315 2793 6
2353 2739 2526 2807 Λόγος
2555 2737 2649 2790 τοῦ
2684 2736 2821 2790 Θεοῦ
2853 2737 2947 2789 καὶ
2992 2735 3143 2800 Θεὸς,
3191 2732 3565 2803 μεσιτεύοντος
3590 2729 3735 2784 Θεοῦ

2162 2832 2519 2903 καθαρότητι,
2547 2832 2640 2883 καὶ
2667 2828 2868 2898 σαρκὸς
2895 2826 3186 2897 παχύτητι.
3232 2824 3588 2892 Ἡγεμονικὸν
3622 2822 3736 2893 γὰρ

2161 2924 2343 2995 ψυχῆς
2371 2922 2468 2977 καὶ
2498 2924 2701 2993 σαρκὸς
2730 2924 2755 2975 ὁ
2784 2920 2931 2983 νοῦς,
2968 2920 3068 2988 τῆς
3096 2919 3274 2988 ψυχῆς
3304 2918 3364 2969 τὸ
3398 2915 3732 2983 καθαρώτα-

2159 3033 2273 3070 τον.
2313 3014 2472 3068 ’Λλλὰ
2504 3015 2597 3068 καὶ
2619 3014 2711 3067 νοῦ
2738 3014 2766 3064 6
2799 3012 2953 3075 Θεός.
2990 3010 3099 3063 Καὶ
3130 3012 3218 3061 ὅτε
3256 3008 3354 3078 μὲν
3386 3009 3735 3077 παραχωρῇ-

2160 3124 2251 3159 ται
2283 3105 2387 3159 ὑπὸ
2416 3102 2510 3158 τοῦ
2546 3105 2878 3174 κρείττονος,
2910 3103 3009 3170 τὴν
3040 3101 3249 3152 οἰκείαν
3287 3101 3313 3151 6
3362 3098 3483 3160 νοῦς
3522 3100 3735 3168 ἠγεμο-

2162 3200 2282 3253 νίαν
2346 3198 2700 3259 ἐνδείκνυται,
2771 3196 3056 3248 ὲκνικᾶται
3112 3193 3189 3255 δὲ,
3260 3192 3353 3244 καὶ
3409 3192 3603 3244 ἕπεται
3655 3190 3737 3259 τῷ

2163 3288 2454 3358 κρείττονι,
2486 3287 2579 3340 καὶ
2613 3284 2786 3338 ταῦτα
2814 3285 3029 3354 ἐνεργεῖ
3060 3282 3095 3336 ἃ
3130 3281 3376 3351 βούλεται
3411 3284 3443 3351 η
3489 3280 3609 3332 θεία
3645 3279 3739 3332 θέ-

2162 3379 2338 3447 λησις.
2381 3375 2595 3444 Χωρίον
2633 3375 2661 3427 6
2721 3373 2843 3436 νοῦς
2880 3376 3073 3443 γέγονε
3117 3375 3214 3443 τῆς
3257 3373 3380 3425 καθ’
3432 3372 3738 3424 ὑπόστασιν

2162 3468 2311 3538 αὐτῷ
2362 3467 2647 3538 ἡνωμένης
2685 3466 2940 3535 θεότητος
2967 3482 2980 3495 ο
3020 3465 3206 3537 ὥσπερ
3272 3466 3335 3534 δὴ
3387 3465 3479 3516 καὶ
3598 3464 3740 3532 σὰρξ

2161 3565 2222 3617 οῦ
2260 3562 2527 3624 σύνοικος,
2560 3559 2633 3623 ὡς
2679 3560 2712 3630 ἡ
2746 3559 2856 3611 τῶν
2897 3560 3191 3629 αἱρετικῶν
3226 3556 3423 3628 ἐναγὴς
3462 3556 3735 3610 πλανᾶται

2162 3654 2362 3722 οἴησις.
2407 3652 2481 3705 Οὐ
2542 3651 2650 3719 γὰρ
2706 3648 2771 3703 ἂν
2830 3649 3143 3720 μεδιμναῖον
3196 3648 3449 3715 λέγουσα,
3506 3647 3737 3717 χωρήσῃ

2160 3746 2500 3816 διμέδιμνον,
2539 3743 2867 3813 σωματικῶς
2908 3742 2975 3793 τὰ
3020 3740 3160 3793 ἄῦλα
3199 3737 3478 3809 κρίνουσα.
3508 3739 3632 3799 Πῶς
3674 3738 3736 3791 δὲ

2162 3837 2291 3900 Θεὸς
2339 3838 2565 3897 τέλειος,
2606 3837 2699 3886 καὶ
2734 3834 3017 3902 ἄνθρωπος
3057 3832 3279 3895 τέλειος,
3323 3832 3416 3884 καὶ
3446 3827 3736 3898 ὁμοούσιος

2162 3933 2237 3999 τῷ
2271 3929 2448 3999 Πατρὶ
2473 3927 2567 3980 καὶ
2597 3928 2728 3996 ἡμῖν
2773 3927 2800 3978 6
2832 3924 3064 3994 Χριστὸς
3104 3923 3452 3993 λεχθήσεται,
3487 3922 3535 3974 εί
3568 3920 3735 3991 μέρος

2161 4024 2259 4093 τῆς
2284 4022 2434 4083 θείας
2465 4019 2679 4087 φύσεως
2723 4019 2879 4088 μέρει
2926 4017 3023 4086 τῆς
3074 4016 3424 4086 ἀνθρωπίνης
3475 4017 3533 4066 ὲν
3579 4012 3758 4081 αὐτῷ,

2161 4117 2367 4187 ἥνωται
2417 4112 2667 4179 φύσεως;
2702 4110 2947 4178 Λέγομεν
2980 4108 3036 4160 δὲ
3090 4112 3187 4177 τὴν
3219 4108 3381 4175 φύσιν
3420 4105 3575 4176 ἡμῶν
3604 4106 3735 4173 ἐγη-

2162 4206 2354 4275 γέρθαι
2384 4207 2445 4257 ὲκ
2475 4204 2585 4255 τῶν
2614 4201 2847 4272 νεκρῶν,
2875 4201 2968 4255 καὶ
3002 4199 3392 4270 ἀνεληλυθέναι
3429 4201 3525 4252 xat
3561 4216 3733 4251 κεκα-

2162 4298 2371 4353 θικέναι
2396 4300 2460 4349 ἐκ
2489 4294 2679 4360 δεξιῶν
2703 4293 2794 4346 τοῦ
2835 4293 3068 4362 Πατρὸς,
3096 4293 3154 4344 οῦ
3184 4292 3319 4344 καθὸ
3350 4293 3517 4345 πᾶσαι
3539 4292 3595 4344 αἱ
3621 4291 3732 4343 τῶν

2161 4392 2461 4462 ἀνθρώπων
2500 4389 2825 4450 ὑποστάσεις
2856 4388 3182 4455 ἀνέστησαν,
3217 4386 3310 4438 καὶ
3365 4386 3628 4440 ἐκάθισαν
3668 4388 3733 4438 ἐκ

488 4462 614 4517 etus
646 4461 809 4525 Deus,
830 4467 885 4512 et
907 4458 1066 4510 homo
1085 4456 1378 4525 perfeCIus,
1401 4464 1455 4509 et
1477 4456 1715 4524 ejusdem
1741 4472 1862 4511 cum
1895 4457 2054 4512 Patre

2163 4456 2349 4549 δεξίῶν
2377 4484 2468 4536 τοῦ
2502 4482 2731 4552 Πατρὸς,
2781 4479 2915 4532 ἀλλὰ
2949 4478 3080 4533 καοὸ
3106 4482 3254 4532 πᾶσα
3288 4481 3321 4548 ή
3373 4479 3532 4546 φύσις
3570 4477 3730 4547 ήμῶν

494 4562 548 4606 et
575 4552 855 4606 nobiseum
888 4548 1162 4613 essentia},
1184 4547 1227 4601 si
1258 4559 1466 4617 partem
1495 4549 1913 4603 dirinacnatura:
1938 4566 2061 4604 cum

494 4653 643 4713 parte
671 4652 873 4696 naturae
900 4642 1149 4694 humana:
1173 4641 1225 4692 in
1250 4656 1305 4693 se
1330 4640 1447 4709 ipso
1465 4640 1779 4709 conjungat?
1795 4640 1962 4695 Porro
1983 4642 2063 4695 di-

492 4738 667 4790 cimus
690 4743 939 4788 naturam
965 4740 1205 4784 nostram
1239 4746 1265 4782 a
1298 4732 1531 4784 mortuis
1570 4731 1896 4794 surrexisse,
1922 4743 1973 4784 et
2007 4734 2058 4785 in

496 4828 692 4882 eet-lum
715 4824 1046 4888 ascendisse,
1066 4833 1118 4875 et
1137 4822 1343 4875 sedisse
1360 4822 1427 4875 ad
1444 4821 1722 4875 dexteram
1743 4821 1937 4887 Patris,
1953 4838 2060 4877 non

490 4919 633 4989 quod
663 4934 853 4971 muues
888 4916 1132 4969 omnium
1159 4915 1440 4967 hominum
1496 4928 1743 4984 personae
1800 4930 2056 4970 surrexe-

488 5007 620 5066 rint,
661 5012 711 5058 et
745 5004 811 5057 ad
852 5005 1131 5057 dexteram
1187 5002 1363 5055 Patris
1394 5002 1765 5069 consederint,
1793 5006 1884 5059 sed
1910 5007 2052 5076 quod

489 5094 672 5147 omnis
698 5102 892 5147 natura
922 5103 1109 5145 nostra
1175 5093 1289 5147 haec
1324 5095 1376 5146 in
1441 5092 1644 5147 Christi
1700 5110 1935 5163 persona
1985 5099 2057 5153 sit

488 5196 807 5243 consecuta.
847 5185 973 5250 Nos,
1008 5184 1185 5253 inquit
1238 5183 1453 5239 divinus
1502 5185 1813 5254 Apostolus,
1843 5203 2057 5241 consur-

485 5296 604 5350 gere
640 5290 685 5332 et
722 5277 992 5331 consedere
1037 5277 1154 5346 fecit
1188 5277 1239 5328 in
1280 5275 1485 5331 Christo
1518 5278 1560 5329 ³.
1613 5276 1881 5334 l’rmterea
1913 5281 2050 5335 dici-

491 5389 611 5427 mus
635 5371 1079 5442 eonjunctionem
1118 5370 1259 5422 hanc
1288 5384 1351 5422 ex
1384 5371 1763 5426 communibus
1797 5376 2049 5430 essentiis

482 5466 809 5519 confectam.
847 5464 979 5516 Nam
1014 5465 1189 5517 Omnis
1217 5464 1451 5518 essentia
1504 5476 1565 5519 ut
1606 5480 1901 5521 commune
1962 5477 2048 5522 at-

482 5574 587 5628 que
620 5557 931 5613 universum
957 5559 1212 5629 quiddam
1267 5571 1458 5614 omnes
1492 5559 1595 5615 sibi
1625 5560 1898 5632 subiectas
1925 5576 2049 5631 per-

556 5741 571 5773 ²
604 5739 719 5795 Cui.
750 5756 810 5802 II,
845 5743 896 5796 9.
975 5745 993 5773 ¹
1026 5745 1221 5814 Epltes.
1265 5762 1327 5811 Il,
1365 5747 1419 5805 6.

2164 4581 2221 4631 ὲν
2254 4580 2320 4646 τῇ
2373 4576 2467 4628 τοῦ
2508 4573 2746 4644 Χριστοῦ
2781 4573 3097 4627 ὑποστάσει.
3161 4573 3299 4642 Φησὶ
3352 4571 3480 4639 γοῦν
3518 4573 3546 4625 6
3587 4573 3729 4633 θεῖος

2162 4664 2505 4727 Ἀπόστολος,
2523 4662 2846 4730 Συνήγειρε
2861 4659 2957 4713 καὶ
2973 4661 3377 4715 συνεκάθισεν
3392 4657 3544 4727 ἡμᾶς
3560 4659 3632 4711 ἐν
3649 4657 3730 4723 τῷ

2163 4756 2412 4827 Χριστῷ.
2455 4755 2562 4808 Καὶ
2593 4754 2751 4806 τοῦτο
2781 4752 2839 4806 δέ
2871 4769 3071 4822 φαμεν,
3103 4753 3184 4806 ὅτι
3214 4754 3277 4803 ἐκ
3303 4750 3500 4803 κοινῶν
3527 4750 3727 4802 οὐσιῶν

2163 4853 2197 4921 η
2222 4849 2415 4910 ἓνωσις
2439 4849 2656 4914 γέγονε.
2687 4845 2843 4898 Πᾶσα
2873 4844 2981 4913 γὰρ
3018 4843 3174 4896 οὐσία
3205 4844 3358 4910 κοινή
3387 4843 3502 4893 ἐστι
3537 4840 3728 4892 πασῶν

2161 4943 2266 4995 τῶν
2296 4939 2387 4993 ὑπ’
2418 4939 2587 5005 αὐτῆς
2615 4936 3026 5008 περιεχομένων
3063 4934 3435 4993 ὑποστάσεων,
3486 4934 3581 4984 καὶ
3628 4932 3728 4983 οὒκ

2159 5034 2305 5085 ἐστιν
2358 5031 2542 5098 εὑρεῖν
2592 5028 2828 5098 μερικὴν
2878 5026 2972 5078 καὶ
3022 5024 3331 5088 ἰδιάζουσαν
3372 5024 3553 5091 φύσιν,
3608 5024 3728 5093 ἦτοι

2157 5125 2368 5177 οὐσίαν.
2435 5121 2587 5173 Ἐπεί
2639 5120 2854 5188 ἀνάγκη
2906 5118 3007 5180 τὰς
3051 5118 3221 5178 αὑτὰς
3266 5118 3588 5177 ὑποστάσεις
3634 5117 3729 5166 καὶ

2159 5213 2472 5285 ὁμοουσίους
2524 5216 2616 5264 καὶ
2648 5210 3018 5280 έτεροουσίους
3045 5208 3228 5275 λέγειν
3251 5224 3265 5240 ο
3318 5208 3410 5260 καὶ
3444 5207 3541 5275 τὴν
3564 5208 3728 5274 ἁγίαν

2158 5307 2363 5377 Τριάδα
2404 5306 2495 5359 καὶ
2541 5304 2852 5373 ὁμοούσιον,
2893 5303 2988 5355 καὶ
3039 5301 3380 5371 ἑτεροούσιον
3430 5297 3573 5353 κατὰ
3631 5301 3729 5366 τὴν

2160 5399 2388 5468 θεότητα
2440 5397 2637 5464 λέγειν.
2698 5393 2759 5447 Ἦ
2806 5396 2944 5465 αὑτὴ
2997 5396 3180 5446 τοῖνυν
3227 5393 3389 5462 φύσις
3424 5392 3480 5443 ἑν
3519 5391 3728 5461 ἑκάστῃ

2158 5493 2267 5545 τῶν
2309 5490 2661 5544 ὑποστάσεων
2694 5487 3001 5558 θεωρεῖται.
3057 5487 3162 5540 Καὶ
3205 5486 3293 5539 ὅτε
3342 5485 3586 5553 εἴπωμεν
3629 5482 3727 5551 τὴν

2160 5586 2228 5652 (ξύ
2242 5602 2322 5637 σιν
2345 5582 2435 5637 τοῦ
2461 5583 2634 5649 Λόγου
2663 5580 3073 5650 σεσαρκῷσθαι,
3109 5580 3244 5633 κατὰ
3264 5582 3390 5642 τοὺς
3422 5576 3727 5647 μακαρίους
