4120 6292
344 457 478 519 ’241

1333 463 1707 522 PANOPLIA
1753 461 2208 524 DOGMATICA.
2257 493 2323 500 --
2364 469 2511 527 ἹῚΤ.
2560 467 2688 528 HI.

3539 460 3644 522 (212

368 563 699 620 Ἀθαῖράσιον
737 569 831 622 καὶ
851 568 1134 638 Κύριλλον.
1153 570 1251 639 τὴν
1268 569 1500 640 θεότητά
1514 586 1692 639 φαμεν
1709 567 1952 638 ἡνῶσθαι
1985 620 1990 630 ε

2095 587 2222 627 anas
2244 575 2642 644 complectitur.
2681 573 2793 628 Nec
2831 573 2959 628 licet
3011 580 3259 627 naturam
3303 570 3416 625 sive
3451 585 3643 621 essen—

361 659 547 727 σαρκί.
567 659 658 712 Διὸ
675 661 736 712 οὐ
753 659 1028 729 δυνάμεθα
1047 661 1240 723 εἰπεῖν,
1258 657 1322 714 Ἦ
1341 663 1498 729 φύσις
1521 660 1614 713 τοῦ
1637 661 1807 727 Λόγου
1832 657 1965 719 ἔπα-

360 749 457 802 θεν
480 767 494 780 ·
528 751 589 802 οὐ
629 751 740 821 γὰρ
773 751 973 804 ἔπαθεν
998 755 1030 820 ἡ
1077 752 1268 822 θεότης
1303 756 1362 806 ὲν
1388 752 1556 822 αὐτῷ.
1585 752 1850 820 Λέγοντες
1895 751 1952 804 δὲ

361 839 466 909 τὴν
499 838 848 912 ἀνθρωπίνην
876 842 1036 910 φύσιν
1063 845 1393 896 πεπονθέναι
1425 846 1483 895 ὲν
1505 844 1583 913 τῷ
1618 841 1862 913 Χριστῷ,
1889 844 1949 895 οὐ

364 932 548 996 πάσας
591 933 686 996 τὰς
719 933 829 985 τῶν
864 933 1171 1004 ἀνθρώπων
1205 935 1534 997 ὑποστάσεις
1569 936 1948 1005 ὲμφαίνομεν,

367 1024 512 1077 ἀλλὰ
549 1027 617 1094 τῇ
654 1023 978 1097 ἀνθρωπίνῃ
1019 1025 1180 1094 φύσει
1218 1026 1592 1095 ὁμολογοῦμεν
1625 1025 1957 1079 πεπονθέναι

365 1115 465 1169 τὸν
491 1117 745 1186 Χριστόν.
778 1118 942 1170 Ὥστε
973 1117 1135 1189 φύσιν
1163 1117 1258 1171 τοῦ
1292 1120 1466 1187 Λόγου
1498 1119 1756 1186 λέγοντες
1790 1118 1955 1170 αὐτὸν

369 1212 467 1263 τὸν
504 1211 680 1278 Λόγον
713 1215 1079 1284 σημαίνομεν.
1131 1215 1191 1267 '0
1227 1214 1284 1267 δὲ
1317 1215 1493 1282 Λόγος
1532 1215 1624 1268 καὶ
1663 1215 1723 1268 τὸ
1772 1213 1952 1266 κοινὸν

2077 665 2204 720 tiam
2249 666 2412 720 ullam
2441 666 2794 738 singularem,
2839 665 3212 735 privatamque
3266 661 3526 730 reperire.
3557 659 3649 712 Sic

2071 759 2218 810 enim
2253 767 2399 812 esset
2427 757 2820 820 necessarium,
2876 770 3149 826 personas
3201 756 3346 823 ipsas
3397 751 3652 805 essentia:

2067 857 2121 901 et
2144 849 2390 917 ejusdem
2444 863 2586 914 esse,
2655 857 2709 902 et
2739 848 2989 903 diverse.
3027 848 3093 899 Et
3133 853 3377 900 sanctam
3410 843 3651 896 Trinita-

2067 947 2175 992 tem
2208 940 2453 1006 ejusdem
2487 955 2629 1004 esse,
2668 941 3010 1008 dtversaaque
3061 937 3313 991 essentia:
3385 942 3650 1004 quantum

2071 1033 2312 1099 pertinet
2341 1033 2406 1084 ad
2472 1029 2836 1084 divinitatem.
2870 1029 3074 1084 Eadem
3110 1029 3276 1098 igitur
3335 1035 3530 1079 natura
3600 1023 3654 1075 in

2074 1119 2306 1190 singulis
2328 1120 2578 1190 personis
2604 1120 3008 1176 consideratur.
3042 1119 3105 1173 Et
3140 1119 3362 1188 quando
3395 1117 3654 1176 dicimus,

2069 1210 2231 1265 Verbi
2278 1220 2533 1266 naturam
2590 1226 2811 1266 carnem
2865 1211 3258 1280 assumpsisse,
3311 1207 3653 1263 divinitatem

373 1302 476 1370 τῆς
535 1302 721 1364 οὐσίας
777 1304 1078 1375 κέκτηται,
1134 1306 1232 1359 καλ⁵
1291 1305 1350 1359 τὸ
1413 1303 1612 1370 ἰδιάζον
1662 1305 1760 1375 τῆς
1822 1305 1954 1358 ὅπο-

2068 1316 2130 1355 ex
2162 1301 2447 1354 beatorum
2477 1300 2786 1364 Athanasii,
2849 1299 3146 1372 (Iyrillique
3203 1298 3477 1354 sententia
3505 1295 3654 1350 carni

378 1407 650 1455 στασεως.

2063 1406 2186 1446 esse
2212 1391 2562 1460 coniunctam
2592 1391 2942 1446 aﬂirmamus.
2969 1391 3340 1457 Quamobrem
3378 1404 3485 1442 non
3529 1400 3656 1456 pos-

375 1501 570 1542 sumus
633 1487 816 1544 dicere
847 1485 1012 1544 Verbi
1076 1499 1324 1545 naturam
1357 1505 1478 1546 esse
1525 1505 1764 1560 passam.
1833 1505 2012 1559 neque
2075 1487 2222 1540 enim
2262 1485 2516 1540 divinitas
2562 1487 2615 1539 in
2671 1487 2790 1556 ipso
2841 1500 3000 1556 passa
3023 1494 3128 1540 est.
3175 1485 3431 1539 Dieentes
3480 1492 3660 1535 autem

377 1590 634 1634 naturam
674 1581 970 1635 humanam
1013 1579 1180 1636 fuisse
1236 1599 1450 1653 passam
1508 1585 1561 1638 in
1619 1583 1860 1645 Christo,
1905 1597 2011 1635 non
2077 1595 2268 1637 omnes
2323 1584 2608 1637 hominum
2673 1599 2936 1652 personas
2995 1581 3388 1655 signiﬁcamus,
3453 1575 3547 1630 sed
3607 1574 3661 1625 in

378 1679 577 1725 natura
609 1671 850 1725 humana
904 1671 1182 1725 Christum
1237 1687 1358 1727 cSSe
1393 1689 1610 1743 passum
1653 1674 1998 1728 conﬁtemur.
2030 1671 2212 1737 Quare
2242 1691 2363 1730 cum
2399 1673 2560 1730 Verbi
2596 1685 2849 1728 naturam
2901 1673 3187 1738 dicimus,_
3214 1669 3390 1741 ipsum
3423 1665 3661 1721 Verbum

383 1763 718 1817 indicamus.
783 1759 1024 1816 Verbum
1091 1772 1275 1817 autem
1307 1774 1362 1818 et
1423 1765 1676 1819 essentia:
1715 1762 2164 1818 communitatem
2221 1767 2454 1834 obtinet,
2487 1777 2542 1822 et
2597 1779 2842 1835 personae
2877 1766 3295 1838 proprietatem.

754 1876 870 1949 Τρῦ
909 1876 1098 1949 adeo?)
1119 1877 1463 1949 κεφάλαιον
1491 1885 1591 1931 oa'.

2219 1946 2246 1949 ,ί
2524 1877 2836 1949 ΔΙίῂιιςιίρηι.
2866 1877 2998 1949 Cap.
3046 1877 3138 1931 7|.

383 1947 524 2014 Περὶ
567 1945 676 2014 τῆς
710 1946 854 2016 μιᾶς
893 1946 998 2001 τοῦ
1042 1944 1429 2032 ΘεοῦΛόγου
1465 1951 1767 2002 συνθετου
1818 1949 1964 2001 ὐπο-

2213 1946 2286 2001 De
2343 1964 2448 2000 una
2518 1944 2612 2000 Dei
2679 1948 2826 2002 Verbi
2891 1944 3179 2016 composita
3241 1962 3488 2014 persona.

1026 2031 1323 2082 στάσεως.
1395 2057 1404 2062 -

456 2107 763 2176 Τοιγαροῦν
793 2105 1172 2176 ὁμολογοῦμεν
1208 2109 1372 2162 αὑτὸν
1407 2109 1505 2163 ἕνα
1536 2110 1668 2164 Υἱὸν
1699 2109 1836 2165 Θεοῦ
1869 2112 1967 2164 κοιλ⁵

2147 2099 2409 2154 Eumdem
2474 2087 2638 2169 igitur
2689 2101 2851 2154 etiam
2911 2111 3035 2170 post
3087 2099 3382 2152 humanam
3435 2110 3659 2150 carnem

388 2201 530 2266 μετὰ
556 2199 658 2267 τὴν
684 2198 1122 2270 ὲνανθρώπησιν,
1155 2201 1249 2253 καὶ
1279 2201 1409 2255 Υίὸν
1436 2200 1729 2272 ἀνθρώπου
1761 2204 1852 2257 τὸν
1876 2205 1971 2258 αῦ-

2095 2203 2410 2260 issumptam
2464 2208 2630 2244 unum
2666 2193 2859 2246 Filium
2911 2193 3028 2255 Dei,
3064 2198 3118 2244 et
3147 2189 3345 2243 Filium
3389 2186 3658 2243 hominis.

383 2290 517 2342 τόν’
569 2292 666 2343 ἕνα
706 2292 959 2362 Χριστὸν,
1005 2291 1100 2346 ἕνα
1144 2292 1372 2364 Κύριον,
1406 2294 1497 2347 τὸν
1547 2296 1812 2366 μονογενῆ
1843 2296 1972 2349 Υίὸν

2096 2301 2246 2338 mum
2316 2284 2618 2346 Christum,
2689 2299 2854 2336 unum
2925 2282 3237 2343 Dominum,
3314 2278 3657 2346 unigenitum

391 2387 491 2435 aut
521 2383 690 2449 Λόγον
719 2383 814 2436 τοῦ
847 2383 1004 2448 Θεοῦ,
1051 2385 1258 2454 Ἰησοῦν
1296 2385 1386 2440 τὸν
1413 2387 1623 2458 Κύριον
1655 2389 1845 2460 ἡμῶν,
1881 2388 1975 2443 δύο

2095 2376 2307 2440 Filium,
2341 2386 2396 2430 et
2433 2377 2666 2430 Verbum
2708 2375 2821 2439 Dei,
2855 2373 3041 2428 Jcsum
3086 2373 3376 2427 Dominum
3409 2380 3662 2423 nostrum

395 2474 567 2525 αὑτοῦ
603 2473 699 2534 τὰς
734 2476 1014 2540 γεννήσεις
1047 2475 1321 2541 σέϐοντες,
1354 2477 1484 2547 μίαν
1513 2479 1615 2549 μὲν
1639 2481 1741 2551 τὴν
1770 2480 1834 2533 ὲκ
1862 2480 1977 2533 Πα-

2095 2467 2422 2529 :onﬁtemur,
2468 2466 2605 2520 duos
2655 2464 2830 2532 ipsius
2886 2473 3040 2519 ortus
3090 2470 3440 2526 venerantes,
3496 2477 3664 2514 unum

393 2567 530 2636 τρὸς
570 2565 896 2636 προαιώνιον
929 2567 1070 2636 ὑπὲρ
1099 2567 1282 2623 αἰτίαν
1311 2570 1406 2624 καὶ⁵
1439 2547 1597 2638 λόγον
1655 2547 1749 2624 καὶ
1788 2573 1978 2644 χρόνον

2095 2555 2300 2626 ιυῑὸειῐι
2336 2571 2399 2610 ex
2433 2555 2592 2609 Patre
2622 2563 2748 2608 ante
2771 2554 2967 2607 sazcula
3014 2552 3159 2605 omni
3190 2564 3351 2605 causa
3378 2559 3432 2602 et
3459 2547 3670 2600 ratione

399 2659 500 2709 καὶ
529 2657 691 2726 φύσιν
714 2673 729 2688 ο
762 2659 861 2711 καὶ
894 2659 1025 2726 μίαν
1049 2659 1149 2728 τὴν
1178 2659 1267 2712 ἐπ’
1295 2659 1546 2729 ἐσχάτων
1575 2660 1640 2714 δι’
1665 2662 1815 2731 ἡμᾶς
1829 2641 1849 2728 ⁷,
1885 2660 1980 2715 καὶ

2095 2663 2196 2702 tum
2232 2646 2514 2717 temporis,
2568 2655 2680 2699 tum
2733 2654 2940 2698 natnrm
3002 2643 3369 2712 superiorem,
3431 2641 3663 2694 alterum

394 2747 524 2800 καθ’
561 2748 732 2817 ἡμᾶς,
769 2749 864 2800 καὶ
906 2749 1049 2820 ὑπὲρ
1090 2751 1261 2819 ἡμᾶς.
1295 2751 1371 2804 Δι’
1412 2753 1586 2822 ἡμᾶς,
1631 2753 1715 2805 ὅτι
1755 2752 1845 2805 διὰ
1882 2752 1983 2824 τὴν

2095 2748 2270 2794 autem
2321 2738 2377 2791 in
2410 2737 2726 2792 novissimis
2773 2738 3113 2806 temporibus
3163 2743 3390 2805 propter
3440 2748 3564 2789 nos.
3618 2741 3671 2786 et

395 2839 680 2909 ἡμετέραν
709 2841 989 2908 σωτηρὲαν
1010 2857 1025 2874 ο
1057 2841 1179 2895 καθ’
1207 2843 1375 2912 ἡμᾶς,
1401 2845 1482 2898 ὅτι
1514 2844 1742 2912 γέγονεν
1772 2844 1982 2915 ἄνθρω-

401 2945 505 2990 πος
541 2929 606 2980 ὲκ
637 2930 897 2995 γυναικὸς
917 2969 932 2993 ,
973 2929 1068 2982 καὶ
1096 2930 1275 3001 χρόνῳ
1304 2932 1592 3002 κυήσεωςο
1627 2933 1767 3003 ὑπὲρ
1793 2935 1978 3004 ἡμᾶς,

400 3014 487 3066 ὅτι
510 3014 611 3066 οὐκ
631 3016 696 3066 ἐκ
721 3016 951 3084 σπορᾶς,
978 3016 1096 3069 ἀλλ’
1124 3016 1184 3082 ἐξ
1213 3019 1368 3086 ἁγίου
1399 3021 1718 3090 Πνεῦματος
1771 3027 1866 3076 καὶ
1891 3024 1988 3093 τῆς

401 3105 574 3172 ἁγίας
603 3105 882 3174 Παρθένου
911 3107 1052 3178 ὑπὲρ
1079 3108 1244 3176 νόμον
1272 3111 1552 3181 κυήσεως·
1579 3114 1640 3165 οὐ
1663 3114 1797 3167 Θεὸν
1824 3114 1988 3168 αὐτὸν

2085 2847 2152 2883 ex
2187 2829 2367 2894 nobis,
2407 2835 2460 2884 et
2491 2845 2653 2898 supra
2689 2844 2811 2884 nos.
2857 2829 3088 2899 Propter
3122 2842 3242 2891 nos,
3277 2825 3402 2896 quia
3449 2833 3672 2893 promer

2085 2921 2316 2974 salutem
2345 2932 2586 2974 nostram
2615 2938 2630 2983 ;
2667 2937 2733 2975 ex
2763 2921 2942 2982 nobis.
2977 2921 3106 2989 quia
3138 2935 3202 2974 ex
3234 2919 3463 2972 muliere
3510 2926 3670 2970 natus

2089 3020 2176 3064 est
2231 3013 2397 3066 homo
2450 3011 2694 3082 legitimo
2741 3021 2935 3081 partus
2989 3019 3270 3082 tempore;
3325 3025 3491 3078 supra
3548 3022 3669 3070 nos,

2091 3106 2216 3170 quia
2273 3102 2392 3157 sine
2445 3103 2678 3165 semine,
2726 3117 2793 3156 ex
2849 3102 3055 3172 Spiritu
3113 3112 3324 3163 sancto.
3378 3110 3434 3154 et
3482 3107 3674 3154 sancta

411 3195 575 3264 μόνον
605 3196 973 3265 κηρύττοντες
1005 3200 1212 3269 γυμνὸν
1239 3201 1340 3272 τῆς
1372 3203 1495 3256 καθ’
1523 3206 1671 3274 ἡμᾶς
1695 3207 1984 3277 ἀνθρωπό-

2095 3194 2336 3265 Virgine,
2383 3210 2547 3264 supra
2602 3194 2846 3264 pariendi
2890 3195 3088 3264 legem.
3133 3191 3245 3248 Nec
3286 3192 3453 3247 Deum
3495 3191 3673 3245 solum

404 3303 592 3354 τητος,
620 3288 740 3340 οὐδὲ
773 3289 879 3359 μὴν
900 3289 1191 3360 ἄνθρωπον
1217 3293 1378 3362 μόνον
1397 3293 1687 3362 ψιλοῦντες
1708 3297 1870 3350 αὐτὸν
1889 3302 1987 3369 τῆς

409 3379 687 3449 θεότητος,
730 3381 832 3434 οὐκ
879 3381 1040 3435 ἄλλον
1105 3386 1200 3437 καὶ
1239 3385 1418 3448 ἄλλον,
1461 3385 1577 3441 ἀλλ’
1620 3388 1717 3442 ἕνα
1755 3393 1851 3444 καὶ
1898 3393 1990 3445 τὸν

411 3473 580 3526 αὐτὸν
607 3472 742 3541 ὁμοῦ
765 3472 903 3526 Θεόν
925 3491 986 3526 τε
1016 3476 1112 3528 καὶ
1133 3475 1425 3547 ἄνθρωπον
1443 3495 1457 3508 ο
1484 3479 1617 3532 Θεὸν
1639 3481 1866 3551 τέλειον,
1895 3485 1990 3538 καὶ

409 3557 698 3634 ἄνθρωπον
731 3565 939 3618 τέλειον
967 3583 984 3597 ·
1024 3565 1146 3619 ὅλον
1177 3565 1346 3632 Θεὸν,
1377 3570 1471 3622 καὶ
1506 3570 1627 3624 ὅλον
1655 3571 1945 3645 ἄνθρωπον
1973 3590 1986 3604 °

411 3653 505 3707 διὰ
544 3653 637 3705 τοῦ
669 3655 865 3722 εἰπεῖν,
899 3655 1105 3708 τέλειον
1133 3655 1268 3710 Θεὸν
1311 3665 1405 3713 καὶ
1435 3661 1643 3715 τέλειον
1680 3663 1988 3734 ἄνθρωπον,

411 3743 479 3797 τὸ
517 3745 719 3818 πλῆρες
787 3748 880 3799 καὶ
933 3747 1218 3812 ἀνελλιπὲς
1258 3749 1544 3818 δηλοῦντες
1591 3754 1701 3807 τῶν
1744 3757 1989 3825 φύσεωνο

410 3835 507 3890 διὰ
539 3837 595 3890 δὲ
623 3837 716 3890 τοῦ
749 3839 948 3904 εἰπεῖν,
979 3839 1099 3893 ὅλον
1123 3840 1255 3893 Θεὸν
1304 3843 1396 3897 καὶ
1425 3843 1548 3896 ὅλον
1579 3843 1892 3916 ἄνθρωπον,
1933 3847 1995 3901 τὸ

418 3927 714 3998 μοναδικόν
749 3929 1058 3994 δεικνύντες
1089 3931 1188 4000 τῆς
1224 3933 1600 3999 ὑποστάσεως.
1636 3939 1747 3990 Kal.
1780 3938 1908 4009 μίαν
1938 3938 1996 3992 δὲ

416 4022 584 4091 φύσιν
623 4021 716 4076 τοῦ
743 4021 878 4076 Θεοῦ
909 4023 1084 4090 Λόγου
1123 4028 1553 4096 σεσαρκωμένην
1583 4028 1957 4098 ὁμολογοῦμεν
1980 4071 1996 4097 ,

417 4116 514 4169 διὰ
572 4115 664 4168 τοῦ
730 4120 1160 4191 σεσαρκωμένην
1218 4119 1317 4190 τὴν
1377 4121 1478 4190 τῆς
1545 4122 1747 4192 σαρκὸς
1813 4123 1999 4184 οὐσίας

417 4210 802 4280 σημαίνοντες,
842 4213 980 4265 κατὰ
1006 4211 1097 4266 τὸν
1139 4213 1413 4284 μακάριον
1444 4213 1736 4284 Κύριλλον.
1773 4214 1882 4267 Ιίαὶ⁸
1912 4231 2000 4267 σε·

420 4304 706 4371 σάρκωται
729 4303 911 4357 τοίνυν
937 4305 965 4357 ὅ
994 4304 1194 4372 Λόγος,
1228 4306 1323 4358 καλ⁸
1349 4307 1446 4375 τῆς
1469 4305 1677 4369 οἰκείας
1707 4305 2001 4375 ἀῦλότητος

418 4397 524 4448 οὐκ
551 4395 834 4468 ὲξέστηκε.
865 4396 972 4450 Καὶ
1018 4396 1138 4459 ὅλος
1194 4397 1577 4467 σεσάρκωται,
1634 4399 1730 4451 καὶ
1782 4398 1904 4461 ὅλος
1933 4394 2001 4470 ἦν

420 4485 863 4558 ἀπερίγραπτοε.
892 4487 1259 4558 Σμικρύνεται
1311 4489 1639 4559 σωματικῶς
1665 4489 1759 4542 καὶ
1789 4491 2005 4544 συστέλ-

422 4577 597 4631 λεται.
636 4578 745 4631 Καὶ
771 4576 967 4641 θεῖκῶς
995 4580 1144 4631 ἐστιν
1174 4577 1620 4650 ἀπερίγραπτος,
1668 4581 1730 4633 οὐ
1787 4596 2006 4650 συμπα-

425 4669 851 4741 ρεκτεινομένης
896 4671 994 4740 τῆς
1041 4669 1248 4741 σαρκὸς
1283 4671 1449 4724 αὐτοῦ
1494 4673 1560 4742 τῇ
1605 4671 2005 4744 ἀπεριγράπτῳ

425 4762 666 4832 θεότητι.
707 4761 871 4825 Ὅλος
915 4763 1013 4832 μὲν
1042 4758 1136 4817 οὖν
1164 4764 1283 4816 ἐστι
1316 4763 1452 4826 Θεὸς
1480 4765 1682 4827 τέλειος
1709 4805 1720 4822 .
1756 4764 1854 4833 οὐχ
1884 4765 2006 4818 ὅλον

425 4855 486 4909 δὲ
535 4855 667 4918 Θεός
693 4871 711 4888 ο
745 4857 808 4910 οὐ
837 4855 948 4925 γὰρ
989 4855 1149 4926 μόνον
1176 4853 1333 4920 Θεὸς,
1371 4853 1510 4908 ἀλλὰ
1555 4855 1650 4907 καὶ
1697 4843 2004 4926 ἄνθρωπος.

426 4947 543 5000 Καὶ
579 4947 700 5010 ὅλος
730 4947 1020 5016 ἅνθρωπος
1051 4946 1258 5007 τέλειος
1277 4986 1293 5008 ,
1326 4946 1429 5014 οὐχ
1462 4946 1580 4998 ὅλον
1613 4945 1669 4998 δὲ
1695 4945 2005 5014 ἄνθρωπος.

429 5038 512 5093 οο
541 5039 703 5115 μόνον
724 5039 832 5109 γὰρ
861 5039 1170 5111 ἄνθρωπος,
1199 5037 1337 5091 ἀλλὰ
1360 5039 1456 5091 καὶ
1481 5037 1631 5100 Θεός.
1666 5038 1739 5091 Τὸ
1770 5038 1870 5104 μὲν
1895 5038 2005 5108 γὰρ

421 5131 557 5186 ’ὅλον
587 5129 802 5198 φύσεώς
828 5132 947 5184 ἐστι
980 5129 1413 5200 παραστατικὸν,
1443 5128 1506 5181 τὸ
1533 5128 1587 5181 δὲ
1615 5129 1735 5191 ὅλος
1764 5128 2007 5181 ὑποστά-

431 5238 574 5283 σεως
601 5235 617 5252 ⁸
649 5220 841 5290 ὥσπερ
866 5220 926 5273 τὸ
953 5220 1052 5290 μὶν
1083 5219 1214 5274 ἄλλο
1239 5219 1477 5288 φύσεως,
1504 5218 1565 5271 τὸ
1594 5219 1650 5273 δὲ
1681 5219 1841 5279 ἄλλος
1871 5218 2004 5272 ὑπο-

433 5312 700 5374 στάσεως.
743 5311 836 5364 Ἐν
863 5313 997 5364 πᾶσι
1031 5312 1130 5381 μὲν
1153 5307 1220 5378 ἦν
1240 5350 1254 5372 ,
1285 5311 1379 5362 καὶ
1413 5310 1552 5380 ὑπὲρ
1582 5311 1649 5363 τὰ
1684 5311 1882 5372 πάντα,
1913 5310 2009 5364 καὶ

431 5408 492 5462 ἐν
533 5410 600 5478 τῇ
629 5408 833 5476 γαστρὶ
867 5407 968 5476 τῆς
997 5405 1345 5474 Θεομήτορος
1370 5441 1385 5465 ,
1412 5400 1530 5454 ἀλλ’
1561 5401 1619 5452 ἑν
1647 5399 1818 5470 ταύτῃ
1859 5401 2012 5469 ἐνερ-

433 5494 562 5564 γείᾳ
592 5494 948 5564 σαρκώσεως.
984 5495 1180 5546 ’ῐστέον
1204 5491 1261 5545 δὲ
1287 5491 1385 5554 ὡς,
1411 5491 1460 5542 ει
1486 5489 1583 5544 καὶ
1605 5491 1934 5559 περιχωρεῖν
1953 5491 2010 5541 ὲν

437 5583 702 5655 ἀλλήλαις
725 5587 823 5650 τὰς
847 5584 944 5639 τοῦ
969 5585 1174 5656 Κυρίου
1202 5585 1394 5654 φύσεις
1419 5582 1620 5652 φαμὲν,
1653 5582 1770 5636 ἀλλ’
1790 5582 2011 5646 οτδαμεν

437 5675 518 5738 ὥς
568 5676 634 5728 ἐκ
672 5676 774 5746 τῆς
818 5675 970 5738 θείας
1014 5676 1228 5744 φύσεως
1273 5677 1309 5746 ἠ
1359 5673 1733 5747 περιχώρησις
1780 5675 2010 5742 γίνεται.

441 5767 592 5836 Αὕτη
623 5769 724 5839 μὶν
766 5767 875 5838 γὰρ
898 5768 990 5821 διὰ
1017 5769 1236 5821 πάντων
1263 5767 1441 5835 διήκει
1461 5804 1474 5827 ,
1508 5766 1692 5828 καθὼς
1725 5765 2009 5836 βούλεται,

445 5857 540 5908 καὶ
563 5859 880 5922 περιχωρεῖ,
911 5855 978 5908 δι’
1003 5855 1174 5921 αὐτῆς
1197 5855 1252 5908 δὲ
1277 5853 1450 5908 οὐδέν.
1483 5854 1592 5907 Καὶ
1618 5852 1758 5917 αὕτη
1779 5853 1880 5914 μὶν
1908 5852 2016 5907 τῶν

2091 3286 2270 3356 ipsum
2312 3286 2676 3354 praedicamus
2699 3301 2726 3339 a
2752 3294 2936 3339 nostra
2965 3285 3274 3354 seiunctum
3305 3283 3672 3342 humanitate,

2092 3393 2194 3431 nec
2233 3377 2412 3432 solum
2466 3377 2746 3430 hominem
2803 3384 3072 3429 remotum
3118 3390 3147 3428 a
3197 3374 3521 3435 divinitate,
3571 3385 3675 3424 nec

2093 3470 2257 3524 alium
2296 3478 2460 3539 atque
2500 3469 2693 3532 alium,
2723 3467 2818 3522 sed
2867 3481 3036 3522 unum
3092 3477 3148 3521 et
3181 3465 3459 3528 eumdem,
3513 3464 3676 3518 simul

2093 3562 2264 3619 Deum
2296 3573 2458 3631 atque
2484 3561 2783 3627 hominem,
2813 3561 2982 3615 Deum
3031 3558 3334 3628 perlectum
3393 3566 3448 3612 et
3493 3557 3674 3627 peil’e-

2095 3665 2244 3710 ctum
2286 3654 2586 3718 hominem,
2619 3660 2790 3707 totum
2842 3651 3008 3705 Deum
3043 3662 3096 3705 et
3142 3660 3316 3705 totum
3370 3651 3671 3712 hominem,

2097 3747 2351 3802 eumdem
2403 3755 2577 3800 totum
2633 3744 2803 3798 Deum
2857 3744 3021 3797 etiam
3075 3757 3200 3796 cum
3249 3755 3416 3796 carne
3466 3756 3584 3806 sua,
3624 3753 3680 3795 et

2103 3845 2280 3890 totum
2316 3835 2598 3890 hominem
2629 3835 2794 3888 etiam
2845 3847 2969 3888 cum
3021 3848 3234 3887 summa
3279 3833 3583 3897 divinitate,
3620 3844 3680 3886 ut

2099 3928 2367 3994 dicentes,
2399 3925 2701 3994 perfectum
2749 3925 2919 3978 Deum
2953 3937 3008 3980 et
3035 3926 3334 3994 perlectum
3374 3925 3678 3990 hominem,

2099 4019 2401 4076 absolutam
2442 4025 2497 4071 et
2518 4012 2666 4070 nulla
2694 4033 2752 4071 re
2771 4013 3118 4070 deﬁcientem
3145 4026 3466 4070 naturarum
3501 4018 3676 4086 pleni~

2103 4111 2348 4168 tudinem
2373 4108 2752 4172 ostendamus,
2787 4107 3033 4162 dicentes
3060 4116 3264 4172 autem,
3294 4116 3466 4161 totum
3506 4107 3674 4164 Deum

2100 4209 2156 4256 ct
2183 4210 2352 4255 totum
2379 4198 2682 4261 hominem,
2705 4195 2920 4250 unicam
2948 4204 3001 4249 et
3026 4197 3355 4266 singularem
3389 4213 3679 4267 personam

2103 4291 2472 4347 declaremus.
2500 4288 2677 4344 Unam
2709 4287 2837 4342 item
2860 4285 2952 4341 Dei
2985 4284 3150 4341 Verbi
3178 4298 3425 4342 naturam
3458 4304 3679 4343 carnem

2097 4381 2468 4452 assumpsisse
2520 4379 2869 4443 conﬁtemur,
2919 4378 2971 4432 id
3003 4386 3108 4445 est,
3142 4381 3322 4433 carnis
3359 4381 3678 4446 essentiam,

2105 4485 2166 4530 ut
2185 4474 2379 4530 beatus
2401 4471 2634 4544 Cyrillus
2657 4467 2928 4542 intelligit.
2969 4469 3200 4526 Carnem
3249 4471 3414 4540 igitur
3442 4471 3680 4530 Verbum

2106 4563 2420 4634 assumpsit,
2448 4564 2548 4618 nec
2577 4573 2760 4617 tamen
2793 4577 2822 4615 a
2846 4570 3041 4616 natura
3068 4577 3164 4615 sua
3187 4567 3414 4617 recessit
3444 4567 3686 4618 materia:

2108 4664 2356 4727 experte.
2385 4655 2451 4710 Et
2478 4669 2605 4708 cum
2634 4662 2804 4708 totam
2836 4667 3057 4707 carnem
3093 4653 3472 4721 assumpsi-rit,
3508 4662 3680 4708 totmn

2098 4759 2292 4806 tamen
2344 4749 2500 4805 nullo
2559 4748 2796 4805 termino
2867 4747 3360 4802 circumscribitur.
3437 4745 3684 4816 Corpore

2107 4841 2374 4898 minuitur
2440 4849 2610 4910 atque
2677 4827 3054 4901 contrahitur,
3117 4843 3175 4890 et
3226 4835 3512 4891 divinitate
3571 4854 3681 4891 non

2091 4933 2579 4992 circumscribitur
2609 4947 2625 4986 :
2661 4945 2786 4984 eum
2827 4930 2945 4998 ejus
2989 4944 3119 4984 caro
3163 4943 3327 4997 super
3373 4930 3681 4994 divinitate,

2108 5041 2230 5097 quae
2271 5023 2645 5080 circumscribi
2703 5036 2808 5075 non
2872 5029 3076 5091 potest,
3137 5036 3247 5074 non
3325 5024 3678 5079 extendatur.

2111 5116 2286 5172 Totus
2331 5129 2461 5185 ergo
2492 5113 2770 5183 perfectus
2801 5121 2886 5166 est
2921 5111 3084 5179 Deus,
3115 5127 3223 5167 non
3273 5123 3446 5168 totum
3500 5127 3681 5168 autem

2112 5208 2296 5272 Deus;
2329 5220 2505 5274 neque
2555 5203 2700 5258 enim
2749 5202 2925 5258 solum
2977 5203 3138 5272 Deus,
3169 5205 3264 5260 sed
3297 5208 3460 5259 etiam
3499 5207 3684 5263 homo.

2113 5303 2184 5358 Et
2205 5309 2352 5355 totus
2386 5297 2550 5353 homo
2579 5295 2877 5366 perfectus,
2910 5312 3018 5352 non
3049 5307 3230 5352 autem
3267 5307 3441 5352 totum
3480 5298 3682 5359 homo;

2113 5407 2293 5463 neque
2332 5392 2480 5445 enim
2529 5389 2704 5444 solum
2751 5388 2938 5453 homo,
2984 5403 3175 5443 verum
3212 5389 3382 5442 etiam
3421 5389 3582 5441 Dens.
3619 5386 3686 5441 lit

2112 5493 2286 5539 totum
2352 5481 2571 5552 quidem
2623 5488 2873 5533 naturam
2927 5478 3242 5538 constituat,
3293 5485 3440 5529 totus
3497 5483 3680 5528 autem

2114 5588 2438 5646 personam,
2473 5572 2716 5640 itemque
2757 5577 2966 5623 natura:
3013 5569 3084 5622 sit
3114 5567 3280 5626 aliud,
3317 5566 3457 5620 alios
3498 5575 3680 5620 autem

2111 5680 2381 5737 personae.
2428 5663 2487 5718 ln
2517 5662 2776 5716 omnibus
2808 5667 2948 5721 erat,
2981 5668 3038 5712 et
3077 5672 3243 5727 super
3290 5657 3472 5711 omnia
3516 5657 3680 5714 etiam
3780 5682 3786 5688 η

2117 5759 2172 5812 in
2237 5765 2392 5810 utero
2454 5752 2652 5809 divinae
2713 5747 3030 5810 Genitricis,
3096 5749 3149 5803 in
3217 5748 3322 5802 hoc
3383 5757 3564 5803 tamen
3620 5764 3685 5803 ea

2127 5849 2474 5915 potissimum
2511 5843 2746 5908 actione,
2781 5854 2886 5911 qua
2945 5853 3166 5896 carnem
3219 5839 3497 5895 induebat.
3548 5841 3684 5893 rllud
