4066 6288
478 393 586 457 243
1721 396 1870 455 ΕυΤ
1880 399 1925 454 Η
1941 400 1977 456 Υ
1990 400 2054 457 Ml

2158 400 2508 459 ZIGABENI
3618 384 3725 453 ΞΜ.

478 508 765 565 sciendum
812 517 919 571 est,
974 508 1225 577 quamvis
1271 505 1515 560 dicamus
1569 506 1782 559 Domini
1825 517 2054 565 naturas

2159 512 2376 565 οἰκείων
2409 507 2747 579 αὐχημάτων
2785 508 2850 576 τῇ
2885 504 3049 575 σαρκὶ
3092 502 3446 574 μεταδίδωσι,
3485 500 3635 565 μένει
3665 498 3725 551 δὲ

492 602 638 654 inter
660 614 717 653 se
740 608 931 652 mutuo
955 610 1284 659 commeare,
1310 595 1362 648 id
1391 604 1568 649 tamen
1596 611 1624 649 a
1641 603 1835 651 natura
1865 598 2053 653 divina

2158 603 2289 672 αὑτὴ
2320 601 2561 672 ἀπαθὴς,
2593 600 2689 653 καὶ
2720 600 2828 653 τῶν
2855 598 2953 667 τῆς
2991 596 3195 667 σαρκὸς
3218 592 3409 648 παθῶν
3437 591 3722 677 ἀμέτοχος.

476 690 775 760 proﬁcisci.
812 690 936 760 Ipsa
964 690 1131 755 enim,
1162 697 1221 741 ut
1252 686 1387 752 vult,
1421 703 1517 756 per
1542 689 1722 743 omnia
1756 700 2051 758 commeat,

2158 689 2216 745 Ei
2246 691 2357 761 γὰρ
2385 692 2413 742 ὁ
2431 691 2609 759 ἥλιος,
2640 691 2770 761 ἡμῖν
2798 688 2909 741 τῶν
2934 687 3151 741 οἰκείων
3180 682 3471 753 ἐνεργειῶν
3504 680 3725 751 μεταδι-

476 779 696 843 transit,
733 793 796 831 ac
838 784 1109 847 penetrat,
1159 791 1256 845 per
1287 776 1460 846 ipsam
1509 791 1639 831 vero
1682 779 1839 835 nihil.
1876 782 2052 851 Atque

2158 782 2295 844 δοὺς,
2337 783 2489 851 μένει
2525 782 2634 836 τῶν
2664 782 2949 852 ἡμετέρων
2985 778 3251 850 ἀμέτοχος
3273 814 3289 841 ,
3328 775 3480 845 πόσῳ
3522 773 3724 843 μᾶλλον

472 869 591 939 ipsa
622 869 844 940 quidem
874 868 1171 939 dignitates
1200 881 1330 922 suas
1370 868 1523 922 carni
1553 869 1632 923 sic
1665 869 1954 941 elargitur,
1990 882 2050 926 ut

2158 877 2176 928 5
2198 878 2291 929 τοῦ
2325 875 2477 944 ἡλίου
2506 874 2838 945 δημιουργός
2862 891 2877 939 ;

475 962 614 1017 nihil
662 959 921 1031 patiatur,
991 969 1047 1014 et
1090 960 1273 1015 carnis
1356 960 1704 1016 aﬁ‘ectionum
1753 978 1949 1032 expers
2013 976 2252 1023 maneat.
2312 968 2443 1025 Nam
2497 970 2542 1023 si
2619 970 2778 1024 nobis
2833 969 2913 1023 sol
2963 967 3209 1023 actiones
3276 962 3520 1033 impertit
3576 973 3726 1018 suas.

474 1068 527 1112 et
571 1072 601 1111 a
630 1056 836 1111 nostris
884 1055 1023 1110 nihil
1073 1055 1291 1125 accipit,
1325 1066 1532 1125 quanto
1582 1057 1753 1128 magis
1806 1057 1857 1112 id
1911 1060 2042 1115 solis
2079 1074 2271 1118 auctor
2302 1064 2417 1134 ipse
2448 1063 2765 1134 praestabit?

968 1171 1238 1236 Eiusdem.
1267 1171 1398 1237 Cap.
1449 1174 1536 1227 75.

481 1241 558 1296 De
612 1252 803 1295 natura
858 1242 913 1294 in
956 1243 1122 1307 specie
1172 1252 1219 1294 et
1258 1244 1524 1295 individuo
1576 1244 1928 1299 considerata.
1992 1256 2040 1300 et

545 1312 841 1381 differentia
880 1312 1250 1379 copulatiom’s,
1299 1321 1347 1364 et
1376 1315 1551 1365 carnis
1576 1314 1968 1381 assumptionis.

542 1492 753 1546 Natura
788 1491 871 1544 vel
905 1491 1231 1561 cogitatione
1282 1492 1417 1554 sola,
1471 1502 1527 1546 et
1559 1493 1704 1547 nuda
1734 1494 2051 1550 considera-

2534 1181 2643 1233 Τοῦ
2667 1180 2874 1233 αὐτοῦ.
2912 1177 3253 1246 Κεφάλαιον
3280 1173 3373 1228 σε’.

2153 1252 2287 1320 Περὶ
2324 1250 2429 1318 τῆς
2459 1251 2528 1302 ἐν
2546 1251 2709 1312 elder,
2747 1250 2844 1320 ara}
2868 1250 2936 1303 ἐν
2961 1242 3158 1320 (hope)
3182 1242 3590 1320 βεωρουμένῃς
3609 1242 3725 1309 φύ-

2225 1314 2418 1407 ὸεωςέξ
2448 1322 2545 1373 καὶ
2594 1318 2904 1389 διαφορᾶς,
2953 1314 3387 1381 καλὲνὼσεως,
3437 1314 3535 1367 καὶ
3582 1329 3732 1379 σαρ-

2225 1407 2486 1455 κωσεως.

2241 1481 2304 1535 Ἦ
2333 1481 2495 1551 φύσις
2528 1480 2561 1550 ἢ
2603 1480 2731 1551 ψιλῇ
2760 1479 2961 1549 Θεωρία
2989 1476 3352 1540 κατανοεῖται,
3381 1474 3500 1526 καθ’
3530 1471 3729 1541 ἑαυτὴν

477 1590 586 1648 tur,
633 1596 732 1651 per
785 1595 843 1635 se
883 1582 1028 1634 enim
1066 1596 1173 1634 non
1229 1581 1500 1647 subsis'it,
1552 1582 1635 1636 vel
1685 1584 2052 1640 communiter

2158 1574 2268 1646 γὰρ
2295 1574 2393 1645 οὑχ
2430 1573 2757 1642 ὑφέστηκεν,
2791 1571 2823 1642 ἢ
2856 1568 3052 1632 κοινῶς
3082 1569 3138 1620 ὲν
3170 1566 3370 1626 πάσαις
3402 1567 3519 1625 ταῖς
3545 1564 3726 1631 optast-

476 1678 534 1728 in
584 1672 838 1727 omnibus
890 1672 1133 1742 ejusdem
1174 1673 1375 1745 speciei
1435 1674 1707 1742 personis,
1745 1689 1839 1730 eas
1894 1676 2047 1745 ipsas

2158 1666 2304 1720 δέσιν
2326 1666 2656 1720 ὑποστάσεσι
2684 1663 2889 1725 ταύτας
2916 1660 3261 1713 συνάπτουσα
3311 1658 3405 1713 καὶ
3434 1653 3648 1721 λέγεται
3668 1654 3729 1704 ὲν

478 1763 843 1836 coniungens.
876 1764 942 1817 Et
974 1763 1174 1820 dicitur
1207 1764 1260 1817 in
1303 1765 1506 1834 specie,
1538 1773 1635 1819 aut
1673 1744 2047 1822 communiter

2158 1756 2232 1828 τῷ
2267 1756 2397 1811 εἴδει
2444 1755 2793 1826 Θεωρουμένη
2838 1750 3035 1821 φύσιςο
3085 1750 3117 1821 ἡ
3165 1748 3358 1808 ὑλικῶς
3405 1749 3437 1816 ἡ
3487 1744 3728 1836 αὑτὴ-έν

478 1857 823 1913 considerata
878 1867 1098 1921 natura,
1146 1857 1362 1922 eadem,
1401 1873 1520 1927 qua
1572 1859 1869 1928 assumptis
1899 1858 2045 1914 acci-

2158 1848 2453 1923 προσλήψει
2487 1842 2915 1916 συμδεῦηκότων
2950 1843 3008 1895 ὲν
3039 1841 3136 1911 μιᾷ
3165 1837 3479 1928 ὑποστάσει,
3512 1834 3605 1928 διαὶ
3634 1832 3727 1928 1s:

479 1949 735 2004 dentibus
763 1948 817 2001 in
854 1964 962 2001 una
997 1964 1251 2018 persona.
1291 1949 1358 2003 Et
1409 1949 1609 2003 dicitur
1666 1950 1719 2003 in
1765 1949 2048 2006 individuo

478 2039 827 2095 considerata
875 2018 1094 2104 natura,
1123 2055 1247 2110 qua:
1300 2049 1481 2094 tamen
1533 2041 1723 2096 eadem
1772 2050 1859 2096 est
1887 2057 1950 2097 ac
1984 2057 2049 2097 ea

479 2146 598 2199 quae
639 2129 695 2183 in
755 2131 940 2199 specie
974 2131 1383 2189 consideratur.
1414 2129 1558 2188 Deus
1603 2132 1769 2203 igitur
1807 2132 2049 2189 Verbum

478 2237 696 2276 carnem
731 2237 1019 2277 assumens
1057 2238 1239 2292 neque
1276 2225 1419 2278 nuda
1456 2236 1510 2279 et
1543 2225 1658 2297 sola
1719 2226 2050 2298 cogitatione

480 2313 936 2382 comprehensam
992 2322 1244 2369 naturam
1298 2315 1509 2385 accepit
1543 2320 1754 2385 (neque
1801 2316 1947 2372 enim
1994 2318 2048 2372 id

479 2413 628 2457 esset
674 2418 897 2458 carnem
935 2419 1246 2471 assumere,
1295 2405 1389 2461 sed
1439 2406 1690 2476 decipere
1765 2418 1820 2463 et
1871 2410 2052 2464 carnis

480 2493 906 2562 assumptionem
956 2494 1310 2565 conﬁngere),
1344 2508 1522 2560 neque
1576 2505 1832 2551 naturam
1880 2498 2049 2562 illam,

484 2600 608 2654 qum
640 2583 696 2637 in
727 2582 911 2652 specie
947 2583 1360 2651 consideratur;
1394 2600 1571 2654 neque
1599 2587 1747 2642 enim
1784 2604 2052 2659 personas

483 2687 676 2726 omnes
732 2671 967 2740 accepit,
1017 2673 1113 2727 sed
1160 2682 1411 2727 naturam
1467 2674 1520 2728 in
1570 2675 1877 2734 individuo.
1932 2692 2053 2747 quae

481 2762 670 2819 eadem
696 2770 783 2817 est
832 2778 956 2818 cum
989 2763 1254 2834 illa,iquaa
1300 2774 1384 2820 est
1420 2764 1476 2819 in
1531 2767 1715 2837 specie
1757 2768 2053 2839 (primitias

480 2853 627 2908 enim
651 2853 864 2922 accepit
892 2862 1095 2909 nostra:
1125 2854 1370 2923 massae),
1400 2869 1508 2910 non
1533 2872 1633 2927 per
1662 2872 1721 2913 se
1752 2860 2055 2915 subsisten-

482 2956 614 3008 tem,
647 2954 704 3000 et
735 2960 854 3014 quae
884 2945 1036 3016 prius
1065 2946 1601 3014 essetindividuum,
1634 2958 1692 3005 ut
1721 2949 1801 3004 sic
1829 2951 1900 3006 ab
1932 2952 2077 3025 ipso,

480 3045 877 3100 assumeretur,
938 3036 1033 3091 sed
1098 3053 1220 3104 quae
1277 3037 1330 3091 in
1387 3054 1486 3094 sua
1544 3040 1716 3109 ipsius
1764 3042 2053 3097 exsisteret

480 3141 734 3195 persona.
775 3125 911 3182 Nam
953 3127 1068 3197 ipsa
1106 3128 1199 3182 Dei
1239 3127 1401 3185 Verbi
1430 3129 1738 3202 hypostasis
1769 3133 1887 3187 sive
1922 3146 2051 3203 per-

479 3230 637 3280 sona,
667 3215 848 3271 carnis
883 3217 1189 3288 hypostasis
1220 3219 1335 3274 sive
1359 3233 1592 3288 persona
1613 3220 1847 3277 exstitit.
1871 3221 2051 3289 Atque

481 3308 555 3361 ita
582 3305 817 3362 Verbum
842 3321 971 3362 caro
998 3307 1198 3363 factum
1222 3318 1330 3375 est,
1357 3309 1477 3366 sine
1502 3310 1827 3367 incitatione
1848 3320 2055 3379 tamen.

482 3406 539 3452 et
595 3412 726 3453 caro
780 3398 1019 3454 Verbum
1089 3400 1208 3455 sine
1273 3402 1725 3458 commutatione.
1786 3402 1857 3458 Et
1916 3403 2060 3459 Deus

485 3493 672 3555 homo.
725 3500 780 3546 et
835 3492 1001 3547 homo
1049 3494 1216 3558 Deus,
1273 3494 1343 3549 ob
1408 3494 1553 3549 hanc
1605 3511 1705 3565 per
1765 3511 2054 3565 personam

481 3584 948 3654 coniunctionem.
1004 3583 1350 3655 Quapropter
1405 3586 1551 3641 idem
1582 3598 1665 3642 est
1716 3589 1921 3652 dicere,
1958 3604 2055 3643 na-

2152 1959 2307 2012 γεται
2343 1942 2403 1995 ἐν
2437 1940 2623 2008 ἀτόμῳ
2656 1935 3005 2007 θεωρουμένη
3043 1932 3225 2000 φύσις,
3259 1930 3293 2000 ἡ
3327 1927 3463 1996 αὑτὴ
3495 1925 3627 1978 οὖσα
3656 1924 3727 1992 τῇ

2150 2038 2209 2089 ὲν
2233 2035 2311 2105 τῷ
2340 2034 2471 2088 εῖδει
2502 2030 2878 2101 θεωρουμένῃ.
2930 2025 2989 2080 '0
3018 2021 3113 2079 οὖν
3142 2023 3275 2085 Θεὸς
3304 2020 3475 2081 Λόγος
3508 2034 3729 2088 σαρκω-

2151 2128 2263 2191 θεὶς
2298 2125 2421 2180 οὔτε
2453 2124 2553 2195 τὴν
2585 2124 2642 2177 ὲν
2679 2121 2808 2193 ψιλῇ
2849 2119 3051 2189 θεωρίᾳ
3090 2112 3531 2182 κατανοουμένην
3565 2108 3729 2175 φύσιν

2151 2218 2449 2279 ἀνέλαϐενο
2485 2206 2545 2270 οὑ
2578 2215 2687 2285 γὰρ
2722 2214 3001 2282 σάρκωσις
3033 2207 3227 2277 τοῦτον
3264 2204 3380 2258 ἀλλ’
3413 2201 3598 2267 ἀπάτη
3631 2201 3730 2252 καὶ

2155 2313 2389 2380 πλάσμα
2410 2309 2761 2381 σαρκώσεως·
2792 2307 2916 2361 οὑτε
2942 2307 3039 2375 τὴν
3067 2306 3122 2356 ὲν
3148 2300 3226 2370 τῷ
3257 2299 3390 2353 εῖδει
3418 2291 3729 2365 θεωρουμέ-

2158 2422 2252 2474 νην
2273 2422 2286 2436 ·
2323 2403 2384 2457 οὐ
2423 2403 2533 2473 γὰρ
2569 2402 2665 2465 τὰς
2702 2398 3032 2461 ὑποστάσεις
3061 2397 3241 2455 πάσας
3272 2390 3551 2451 ἀνέλαϐεν,
3586 2386 3728 2440 ἀλλὰ

2153 2501 2250 2570 τὴν
2289 2502 2347 2553 ὲν
2392 2499 2599 2568 ἀτόμῳ,
2646 2497 2746 2565 τὴν
2791 2494 2960 2563 αὑτὴν
3009 2490 3171 2544 οὖσαν
3220 2490 3286 2559 τῇ
3340 2489 3398 2539 ὲν
3449 2485 3525 2553 τῷ
3572 2484 3724 2535 εῖδει.

2166 2591 2446 2660 ’Δπαρχὴν
2495 2588 2604 2658 γὰρ
2637 2587 2865 2642 ἀνέλαϐε
2909 2583 3002 2639 τοῦ
3052 2583 3325 2654 ἡμετέρου
3364 2577 3683 2647 φυράματος
3709 2611 3728 2633 ο

2153 2682 2214 2735 οὑ
2245 2680 2366 2735 καθ’
2390 2679 2587 2748 ἑαυτὴν
2615 2679 2925 2731 ὑποστᾶσαν
2955 2675 3047 2727 καὶ
3079 2674 3277 2740 ἄτομον
3306 2666 3729 2739 χρηματίσασαν

2156 2774 2444 2845 πρότερον,
2472 2772 2568 2824 καὶ
2600 2770 2772 2832 οὕτως
2801 2770 2892 2821 ὑπ’
2922 2764 3089 2821 αὑτοῦ
3122 2760 3579 2833 προσληφθεῖσαν,
3606 2756 3729 2809 ἀλλ’

2155 2869 2214 2920 ἐν
2261 2870 2325 2938 τῇ
2377 2861 2542 2919 αὑτοῦ
2602 2862 2897 2916 ὑποστάσει
2949 2856 3289 2928 ὑπάρξασαν.
3337 2851 3486 2919 Λὺτη
3538 2848 3647 2917 γὰρ
3688 2846 3726 2915 ὴ

2154 2958 2456 3019 ὑπόστασις
2484 2954 2579 3009 τοῦ
2608 2953 2743 3007 Θεοῦ
2765 2952 2937 3018 Λόγου
2967 2949 3187 3016 ἐγένετο
3208 2946 3275 3015 τῇ
3295 2943 3457 3013 σαρκὶ
3484 2939 3728 2993 ὑπόστα-

2157 3065 2262 3111 σις,
2293 3047 2385 3100 καὶ
2408 3044 2547 3099 κατὰ
2571 3042 2729 3096 τοῦτο
2756 3044 2783 3094 ὁ
2814 3043 2985 3107 Λόγος
3013 3034 3150 3106 σὰρξ
3174 3033 3409 3100 ἐγένετο,
3438 3027 3727 3099 ἀτρέπτως

2155 3137 2382 3208 δηλαδὴ,
2417 3136 2512 3189 καὶ
2539 3134 2572 3204 ἡ
2607 3131 2743 3201 σὰρξ
2771 3131 2941 3197 Λόγος
2971 3124 3388 3198 ἀμεταϐλήτως,
3422 3121 3515 3173 καὶ
3536 3120 3565 3171 6
3589 3115 3727 3208 Θερς

2157 3206 2465 3299 ἄνθρωπος.
2496 3224 2626 3288 Θεὸς
2664 3224 2772 3291 γὰρ
2806 3224 2833 3274 ὁ
2860 3222 3055 3287 Λόγος,
3088 3217 3185 3293 καὶ
3219 3217 3247 3268 ὁ
3281 3211 3565 3280 ἄνθρωπος
3594 3206 3732 3299 Θεος

2156 3321 2245 3375 διὰ
2266 3295 2366 3389 τὴν
2395 3316 2519 3372 καθ’
2545 3315 2842 3369 ὑπόστασιν
2873 3313 3086 3366 ἕνωσιν.
3117 3307 3323 3362 Ταὺτὸν
3358 3299 3450 3357 οὖν
3476 3295 3729 3389 ὲστινᾼεῑο

2158 3414 2279 3466 πεῖν
2310 3385 2470 3480 ερύσιν
2502 3406 2597 3461 τοῦ
2631 3408 2805 3474 Λόγου
2824 3404 2929 3469 ,καὶ
2950 3402 3047 3472 τὴν
3078 3403 3136 3454 ἐν
3159 3398 3345 3468 ἀτόμῳ
3373 3392 3559 3488 φύσιν.
3588 3385 3731 3488 Οὔτε

2159 3502 2266 3570 γὰρ
2309 3478 2369 3552 τὸ
2406 3498 2630 3566 ἄτομον,
2681 3494 2849 3564 ἡγουν
2889 3492 2990 3561 τὴν
3032 3488 3327 3543 ὑπόστασιν
3374 3478 3732 3570 κυρίως

2163 3564 2339 3661 μόνως
2372 3564 2540 3659 δηλοέ,
2579 3584 2703 3640 οὔτε
2741 3584 2802 3638 τδ
2834 3581 3011 3637 κοινὸν
3052 3580 3157 3634 τῶν
3185 3574 3556 3661 ὑποστάσεωᾷν,
3592 3564 3734 3620 ἀλλὰ

485 3685 664 3731 turam
737 3675 925 3737 Verbi,
978 3686 1031 3731 et
1081 3687 1333 3731 naturam
1392 3679 1445 3733 in
1515 3679 1811 3735 individuo.
1868 3680 2054 3745 Neque

2158 3659 2254 3754 τὴν
2303 3680 2490 3748 κοινὴν
2524 3676 2685 3746 φύσιν
2724 3677 2784 3729 ὲν
2823 3672 2922 3744 μιᾷ
2954 3670 3061 3724 τῶν
3091 3664 3442 3754 ὑποστάσεων
3493 3659 3735 3754 θεωρου-

481 3766 630 3822 enim
680 3766 735 3822 id
784 3766 1155 3832 individuum,
1205 3783 1302 3823 seu
1371 3783 1662 3838 personam
1708 3771 1950 3841 proprie
2000 3779 2054 3825 et

2159 3750 2325 3848 μένην
2355 3775 2449 3828 καὶ
2484 3767 2904 3840 ἐξεταζομένην.
2947 3763 3111 3819 ’Λλλο
3149 3760 3249 3833 μὲν
3283 3753 3376 3812 οὖν
3409 3757 3556 3809 ἐστιν
3586 3750 3731 3848 Evot-

484 3857 835 3930 singulariter
866 3858 1132 3925 declarat,
1165 3875 1348 3930 neque
1395 3875 1756 3930 personarum
1804 3877 2054 3918 commu-

2159 3842 2395 3932 σιςξκαὶ
2446 3862 2573 3917 ἄλλο
2606 3860 2906 3933 σάρκωσις.
2946 3856 3011 3911 Ἥ
3051 3854 3151 3925 μὲν
3183 3852 3290 3922 γὰρ
3322 3850 3512 3907 ἓνωσις
3556 3842 3732 3912 μόνην

483 3952 737 4016 nitatem,
799 3951 893 4006 sed
938 3967 1291 4008 communem
1336 3961 1617 4018 naturam,
1667 3968 1788 4024 quae
1839 3954 1895 4009 in
1947 3970 2054 4011 una

2158 3960 2305 4030 δηλοῖ
2328 3958 2427 4029 τὴν
2461 3953 2776 4024 συνάφειαν,
2803 3950 2940 4022 πρὸς
2971 3947 3024 4000 τί
3054 3946 3111 4000 δὲ
3137 3943 3359 4012 γέγονεν
3380 3943 3413 4007 ἡ
3438 3935 3728 4030 συνάφεια,

483 4055 847 4110 personarum
912 4042 1296 4098 consideratur
1379 4050 1436 4097 et
1479 4019 1827 4113 expend'itur.
1896 4044 2054 4100 Aliud

2163 4019 2261 4103 οὑκ
2288 4019 2395 4102 Eu:
2436 4046 2503 4100 Ἦ
2523 4046 2578 4099 δὲ
2609 4019 2906 4112 σάρκωσις,
2942 4035 3134 4090 ταύτὸν
3163 4033 3220 4085 δέ
3254 4034 3400 4085 ἐστιν
3432 4024 3602 4079 εἰπῖν
3633 4019 3732 4073 καὶ

483 4132 651 4201 igitur
710 4141 794 4186 est
868 4135 1206 4202 coniunctio,
1245 4135 1393 4189 aliud
1470 4136 1650 4189 carnis
1730 4136 2053 4207 assumptio.

481 4222 814 4291 Coniunctio
884 4223 1031 4275 enim
1110 4223 1281 4278 solam
1362 4224 1568 4279 indicat
1627 4226 2052 4294 cepulationem,

488 4325 611 4363 cum
640 4325 750 4377 quo
782 4320 965 4365 autem
1001 4311 1094 4367 ﬁat
1124 4312 1241 4382 ipsa
1276 4314 1594 4383 coniunctio
1641 4331 1751 4370 non
1790 4316 2053 4373 declarat.

2163 4138 2594 4208 ὲνανθρώπησις,
2628 4133 2724 4205 τὴν
2754 4133 2888 4202 πρὸς
2916 4129 3095 4198 σάρκα
3128 4125 3246 4195 ἡτοι
3280 4120 3415 4191 πρὸς
3444 4117 3731 4208 άνθρωπον

2166 4203 2654 4299 συνάςρειανδηλοϊ,
2678 4203 2889 4278 παθάπε
2899 4237 2930 4293 ρ
2949 4218 3043 4274 κα)⁵
3062 4219 3096 4288 ἡ
3119 4217 3362 4287 πύρωσις
3391 4207 3482 4263 τοῦ
3509 4203 3733 4276 σιδὴρου

2163 4320 2261 4391 τὴν
2292 4322 2428 4391 πρὸς
2462 4319 2523 4371 τὸ
2560 4317 2675 4388 πῦρ
2707 4316 2923 4368 ἕνωσιν.

486 4406 555 4458 At
620 4403 804 4457 carnis
835 4403 967 4475 (seu
1028 4404 1173 4473 quod
1204 4405 1347 4460 idem
1379 4409 1492 4475 est)
1524 4407 1884 4465 humanitatis
1947 4412 2250 4481 assumptio
2311 4426 2433 4466 cum
2468 4424 2651 4474 carne,
2686 4408 2801 4464 sive
2855 4417 2980 4460 cum
3028 4397 3250 4456 homine
3288 4391 3733 4466 coniunctionem

488 4495 849 4559 demonstrat,
870 4495 1332 4567 quemadmodum
1354 4508 1408 4553 et
1430 4498 1621 4568 ignitio
1647 4501 1730 4569 (ut
1757 4500 1829 4555 ita
1856 4501 2057 4573 dicam)
2095 4502 2226 4560 ferri
2260 4518 2383 4558 cum
2414 4501 2537 4573 igne
2564 4498 3011 4572 coniunctionem
3045 4488 3305 4551 ostendit.

979 4610 1257 4679 Ejusdem.
1296 4610 1429 4681 Cap.
1466 4613 1556 4668 8d.

487 4684 567 4740 De
586 4682 917 4738 naturalibus
945 4690 993 4737 et
1025 4681 1157 4735 nulli
1179 4682 1390 4736 crimini
1416 4683 1652 4739 obnoxiis
1677 4685 2053 4757 aﬂ'ectionibus.

560 4798 827 4852 Praeterea
877 4795 1224 4861 conﬁtemur,
1281 4812 1406 4851 eum
1451 4812 1645 4853 omnes
1693 4799 1979 4855 naturales
2007 4809 2064 4855 et

491 4891 652 4958 culpa
724 4901 977 4946 carentes
1036 4889 1357 4945 aﬂ'ectiones
1410 4889 1656 4945 hominis
1728 4890 2061 4965 suscepisse.

496 4983 694 5037 Totum
750 4983 898 5037 enim
971 4981 1249 5037 hominem
1280 5020 1295 5044 ,
1348 4992 1403 5035 et
1459 4996 1580 5050 qua:
1636 4992 1767 5036 sunt
1817 4981 2060 5037 heminis

488 5070 786 5141 assumpsit
854 5071 1059 5136 omnia,
1114 5080 1309 5141 praeter
1373 5080 1680 5140 peccatum.
1739 5074 1871 5128 Hoc.
1905 5073 2055 5127 enim

489 5176 670 5231 neque
720 5160 967 5215 naturale
1016 5169 1124 5224 est,
1177 5174 1355 5230 neque
1402 5160 1564 5216 nobis
1599 5161 1823 5217 insitum
1863 5177 1893 5215 a
1925 5145 2054 5232 pro-

498 5255 802 5318 creatione,
835 5253 931 5308 sed
960 5252 1158 5309 diaboli
1209 5261 1331 5309 satu
1355 5252 1412 5306 in
1442 5252 1614 5307 libero
1643 5262 1831 5309 nostro
1861 5268 2060 5323 propo-

490 5346 598 5400 sito
621 5345 780 5402 nobis
832 5344 1142 5399 volentibus
1191 5359 1303 5403 non
1359 5351 1541 5398 autem
1595 5343 1782 5399 invitis
1833 5344 2057 5410 coaluit,

490 5448 549 5491 et
617 5448 974 5508 propagatum
1048 5444 1155 5501 est,
1218 5435 1573 5505 dominioque
1653 5437 1912 5505 potitum.
1989 5439 2059 5490 At

493 5529 769 5583 naturales
826 5537 882 5583 et
914 5527 1049 5581 vitio
1103 5526 1374 5595 culpaque
1427 5536 1684 5581 vacantes
1740 5526 2062 5584 aﬂactiones

492 5626 624 5671 sunt
661 5617 788 5683 illm,
820 5634 942 5687 quae
973 5617 1030 5671 in
1078 5624 1352 5687 potestate
1395 5626 1583 5671 nostra
1612 5633 1721 5673 non
1758 5627 1909 5683 sunt,
1939 5634 2062 5688 qua

492 5707 755 5762 nimirum
788 5724 854 5763 ex
902 5708 1122 5764 admissi
1170 5709 1379 5779 peccati
1442 5708 1790 5764 damnatione
1826 5720 1883 5765 et
1923 5728 2065 5766 noxa

489 5800 548 5859 in
609 5798 772 5855 vitam
830 5799 1121 5855 humanam
1182 5802 1481 5866 irruerunt,
1541 5812 1600 5856 ut
1656 5802 1849 5868 fames,
1905 5804 2062 5870 sitis,

2085 4604 2133 4661 Ι)

2535 4610 2876 4671 Τοῦιαύτοῦ.
2910 4608 3253 4679 Κεφάλαιον·
3274 4603 3377 4657 πδ’.
3495 4667 3555 4679 η

2268 4682 2405 4755 Περὶ
2432 4682 2551 4738 τῶν
2572 4680 2849 4753 φυσικῶν
2871 4679 2971 4735 καὶ
2992 4671 3371 4739 ἆδιαϐλιὶτων
3396 4671 3626 4726 παθῶν.

2238 4794 2645 4868 Ὀμολογοῦμεν
2685 4793 2742 4847 δὲ
2764 4793 2849 4845 ὃτι
2880 4790 3059 4845 πάντα
3115 4786 3182 4840 τὰ
3214 4781 3419 4855 φυσικὰ
3450 4781 3543 4833 καὶ
3571 4776 3735 4868 sate-

2161 4867 2336 4958 σλητά
2365 4887 2512 4957 πάθη
2538 4885 2632 4939 τοῦ
2666 4882 2954 4953 ἀνθρώπου
2986 4877 3270 4934 ἀνέλαϐεν.
3302 4874 3464 4928 Ὄλον
3493 4870 3603 4938 γὰρ
3632 4867 3728 4923 τὸν

2160 4981 2469 5052 ἄνθρωπον,
2516 4977 2611 5032 καὶ
2657 4975 2840 5031 πάντα
2889 4973 2959 5026 τὰ
3006 4969 3100 5024 τοῦ
3147 4967 3435 5039 ἀνθρώπου
3478 4958 3732 5023 ἀνέλαϐε,

2163 5070 2457 5140 πλὴν-τῆς
2502 5067 2799 5138 ἁμαρτίας.
2840 5064 2987 5132 Λὺτη
3036 5061 3147 5131 γὰρ
3200 5060 3261 5113 οὑ
3309 5054 3515 5123 φυσικὴ
3563 5053 3730 5140 ἐστιν,

2162 5134 2283 5218 οὐδὲ
2311 5134 2427 5216 ὑπὸ.
2473 5134 2566 5215 τοὺ
2596 5134 2933 5230 δὴμιουργοῦ
2964 5156 3094 5225 ἡμῖν
3122 5148 3457 5220 ὲνσπαρεῖσα
3477 5183 3493 5209 ,
3525 5134 3638 5197 ἀλλ’
3670 5142 3732 5193 ἐκ

2162 5257 2261 5325 τῆς
2285 5254 2379 5308 τοῦ
2403 5253 2651 5307 διαϐόλου
2671 5249 2997 5319 ὲπισπορᾶς,
3046 5248 3104 5298 ὲν
3124 5247 3191 5315 τῇ
3215 5241 3457 5313 ἡμετέρᾳ
3484 5234 3734 5300 αὐτεξου-

2168 5324 2268 5418 σιὶρ
2300 5345 2617 5416 προαιρέσει
2648 5343 2910 5403 ἑκουσίως
2948 5335 3335 5405 συνισταμένη,
3367 5332 3427 5384 οὐ
3460 5330 3552 5400 βίᾳ
3575 5324 3732 5418 ἡμῶν

2168 5415 2703 5508 κρατοῦσαζφυσιιιὰ
2724 5433 2781 5486 δὲ
2822 5430 2919 5486 καὶ
2954 5429 3255 5497 ἀδιάὄλητα
3314 5424 3461 5492 πάθη
3510 5419 3617 5473 εἰσὶ
3664 5415 3734 5508 τά

2161 5505 2261 5582 οὑκ
2283 5529 2367 5596 ἐφ’
2399 5529 2553 5597 ἡμῖν,
2586 5527 2685 5581 ὅσα
2706 5526 2770 5577 ἐκ
2799 5522 2896 5591 τῆς
2922 5521 3012 5574 ἐπὶ
3041 5522 3105 5587 τῇ
3141 5514 3445 5586 παραϐάσει
3469 5505 3733 5577 κατακρί-

2163 5634 2299 5682 σεως
2339 5619 2419 5679 εις
2457 5617 2548 5671 τὸν
2580 5612 2919 5684 ἀνθρώπινον
2964 5609 3182 5678 εἰσῆλθε
3228 5606 3359 5676 βίον,
3406 5599 3517 5654 οἷον
3551 5601 3728 5659 πεῖνα,

2162 5710 2310 5779 δίψα,
2363 5709 2550 5773 κόπος,
2602 5710 2780 5773 πόνος,
2825 5705 2887 5758 τδ
2924 5704 3179 5774 δάκρυον,
3233 5700 3264 5768 ἡ
3320 5694 3516 5764 φθορὰ,
3562 5692 3615 5779 ἡῌ
3636 5686 3731 5741 τοῦ

2164 5775 2394 5858 θανάτου
2440 5800 2792 5872 παραίτησις,
2835 5799 2869 5868 ἡ
2908 5794 3100 5857 δειλία,
3142 5793 3173 5862 ἡ
3213 5788 3440 5858 ἀγωνία,
3484 5782 3542 5847 ἐξ
3581 5775 3648 5851 ἧς
3676 5779 3726 5831 οἱ
