4120 6292
518 404 625 479 2n

1747 397 2145 470 ΈῙΙἹῊΥΜΙῘ
2174 396 2541 465 ZIGABENI

3654 383 3761 445 ats

521 520 683 575 modo
715 517 1161 586 c’rcumscriptus
1217 516 1502 571 eﬂiciehat.
1566 514 1763 568 Factus
1788 521 1970 568 autem
2013 519 2097 565 est
2127 554 2135 572 ε

2236 529 2300 566 αν
2352 509 2645 580 σωτηρίαν,
2696 505 2791 561 καὶ
2843 506 2924 558 ὅτι
2976 503 3039 556 ὲκ
3083 498 3359 569 γυναικὸς,
3410 493 3504 548 καὶ
3560 493 3643 547 ὅτι
3696 495 3763 545 ἑκ

521 613 685 663 homo
708 619 929 678 propter
970 624 1089 670 nos,
1121 618 1174 663 et
1200 624 1260 663 cx
1304 610 1479 671 nobis,
1521 617 1575 662 et
1603 622 1766 676 supra
1800 621 1920 668 nos,
1960 620 2093 676 quo—
2199 602 2500 667 Παρθένου.

523 701 668 754 niam
702 710 759 755 et
779 715 875 770 pro
902 697 1075 753 salute
1122 707 1327 761 nostra,
1396 711 1448 753 et
1490 715 1555 753 ex
1613 699 1863 764 muliere,
1920 710 1969 751 et
2026 715 2088 750 ex

523 793 753 865 virgine.

596 889 712 942 Jam
750 897 883 941 ante
909 884 1095 940 mundi
1154 885 1605 938 constitutionem
1640 890 1701 936 ut
1740 881 1881 936 Deus
1907 882 2093 934 huma-

529 996 654 1034 nam
694 994 912 1034 carnem
961 983 1284 1040 assumeret,
1349 975 1675 1043 prmﬁnitum
1742 982 1877 1028 erat.
1944 973 2096 1026 Nun-

2270 868 2446 921 Πάλαι
2514 866 2611 934 μὲν
2674 861 2780 933 πρὸ
2838 856 3139 926 καταϐολῆς
3196 852 3402 923 κόσμου
3463 847 3768 919 προώριστο

2198 965 2231 1031 ἡ
2267 959 2360 1013 τοῦ
2399 957 2533 1010 Θεοῦ
2570 954 3001 1023 ὲνανθρῶπησις,
3034 946 3189 1001 οὔπω
3213 945 3270 996 δὲ
3309 942 3468 1012 μέχρι
3501 939 3599 1008 τῆς
3629 954 3771 990 παν-

527 1088 689 1141 quam
746 1081 927 1126 autem
989 1080 1117 1124 ante
1168 1068 1563 1125 sanctissimam
1629 1065 1846 1120 Mariam
1904 1066 2098 1119 divinae

2237 1052 2358 1120 γῐας
2404 1046 2620 1116 Μαρίας
2649 1045 2795 1110 ἄξιον
2843 1040 3041 1112 εὑρέθη
3065 1036 3164 1105 τῆς
3190 1032 3654 1102 ένανθρωπήσεως
3682 1030 3774 1095 ἐρ·-

528 1165 709 1223 carnis
732 1163 1107 1231 assumptione
1132 1162 1352 1230 dignum
1393 1169 1671 1229 repertum
1731 1167 1816 1213 est
1873 1156 2102 1212 domicio

2207 1141 2528 1211 γαστήριον.
2557 1139 2686 1191 Ὅτε
2716 1130 2808 1189 οὖν
2833 1132 3053 1204 εὑρέθη,
3085 1129 3203 1182 τότε
3231 1126 3325 1180 καὶ
3352 1122 3511 1192 ὲνηνθ
3523 1120 3771 1192 ρὼπησε.

531 1211 708 1223 ..-....-
732 1211 1104 1231 ---_.-.r------
1137 1211 1352 1230 ww“-

529 1253 684 1308 lium.
724 1252 827 1308 Ubi
872 1260 1051 1306 autem
1094 1260 1368 1318 repertum
1422 1257 1526 1308 est,
1556 1247 1846 1301 humanam
1884 1259 2099 1300 carnem

2236 1230 2522 1304 ἒυνελήφθῃ
2566 1231 2620 1282 δὲ
2664 1229 2720 1280 ὲν
2754 1229 2819 1297 τῇ
2870 1218 3326 1294 μεμνηπευμένῃ
3368 1212 3659 1318 Παρθένῳῖ
3714 1211 3775 1277 ἐν

532 1344 827 1411 assumpsit
855 1344 1015 1397 Deus.
1042 1341 1145 1407 Qui
1179 1340 1301 1395 ideo
1327 1340 1380 1393 in
1413 1338 1678 1409 desponsa
1720 1336 1942 1407 Virgine
1969 1351 2103 1391 con-

2208 1301 2664 1394 μεμνηστευμένη
2721 1318 2841 1389 μὲν,
2872 1317 2960 1370 ἵνα
3000 1313 3204 1383 τιμηθῇ
3252 1311 3280 1362 6
3330 1307 3504 1374 γάμος
3532 1321 3547 1335 ·
3593 1301 3773 1371 γάμου

531 1433 639 1503 cipi
706 1430 896 1496 voluit,
963 1440 1023 1486 ut
1061 1439 1117 1486 et
1175 1396 1583 1484 matrimouitim
1671 1396 1849 1498 cujus“
1887 1428 2103 1483 initium

2236 1416 2316 1486 ’ἀρ
2352 1413 2493 1483 ἀρχὴ
2548 1412 2583 1482 ἡ
2626 1408 2927 1480 μνηστείαο
2979 1408 3038 1459 ὲν
3087 1401 3340 1473 παρθένῳ
3378 1398 3457 1462 δὲ,
3503 1396 3589 1450 ἵνα
3638 1410 3775 1465 προ-

533 1523 805 1595 sponsalia
837 1532 982 1589 sunt,
1043 1522 1468 1587 commendaret,
1536 1521 1670 1575 etei
1741 1520 2103 1591 virginitatem

2236 1503 2415 1576 ιμηθῇ
2448 1504 2481 1573 ἡ
2508 1500 2796 1572 παρθενία.

534 1622 914 1687 anteponeret.

609 1704 932 1759 Humanitas
955 1719 1073 1773 qua:
1096 1719 1192 1773 per
1218 1701 1722 1771 conjunctioncmin
1757 1716 1862 1754 una
1890 1699 2107 1755 eadem-

2284 1690 2358 1743 Τὸ
2383 1688 2719 1760 πρόσλημμα
2743 1685 2832 1740 διὰ
2852 1683 2951 1755 τὴν
2973 1681 3097 1738 καθ’
3126 1678 3425 1735 ὑπόστασιν
3446 1675 3662 1736 ἕνωσιν,
3684 1668 3779 1724 καὶ

538 1815 646 1868 que
674 1813 906 1868 perrona
957 1804 1229 1862 assumpta
1260 1803 1363 1858 est,
1391 1809 1457 1847 ex
1487 1792 1605 1861 ipsa
1643 1791 2027 1861 conjunctione
2056 1799 2110 1846 et

2236 1781 2312 1851 ςὴν
2349 1779 2651 1847 ταυτότητα
2686 1776 2786 1847 τῆς
2832 1774 3217 1836 ὑποστάσεως,
3246 1768 3305 1837 ἐξ
3341 1766 3507 1836 αὐτῆς
3534 1761 3781 1823 eximet»;

539 1841 646 1868 ιιι-υ
677 1841 906 1868 ,κυνη-
957 1841 1229 1862 “ww.”—
1266 1841 1363 1858 ---.
1396 1841 1457 1847 --
1487 1841 1605 1861 —.--—
1649 1841 2024 1861 η--ν--ν--νην
2065 1841 2109 1846 ν-

539 1890 927 1949 communione
952 1890 1139 1943 etTecta
1168 1886 1348 1942 divina
1371 1894 1477 1948 est,
1512 1884 1801 1954 statimque
1829 1885 1897 1940 ab
1918 1884 2114 1938 huma-

2236 1841 2312 1925 ιαὶ
2357 1841 2642 1932 κοινωνίας
2682 1841 2904 1931 θεωθὲν,
2948 1864 3209 1936 μετέσχεν
3252 1859 3450 1916 αὐτίκα
3480 1856 3588 1911 τῶν
3623 1853 3782 1907 θείων

539 2000 625 2041 me
646 1993 851 2038 naturae
891 1980 1139 2035 terminis
1171 1994 1279 2034 non
1342 1978 1624 2041 recedens,
1675 1975 2001 2032 excellentes
2065 1982 2119 2029 et

2236 1962 2705 2034 πλεονεκτημάτων
2735 1959 2832 2014 καὶ
2863 1953 3369 2029 μεγαλοπρεπειῶν.
3399 1950 3510 2006 Καὶ
3543 1948 3652 2041 τῶν
3686 1947 3784 2041 μὲν

542 2077 858 2147 magnificas
916 2071 1211 2129 divinitatis
1264 2071 1417 2126 dotes
1475 2070 1705 2140 accepit,
1750 2079 1809 2123 ut
1851 2076 1906 2125 et
1954 2068 2117 2123 vitam

2236 2059 2357 2127 ipwv
2387 2054 2487 2123 τῆς
2516 2051 2865 2123 ἀνθρωπίνης
2894 2049 3109 2120 φύσεως
3132 2047 3229 2101 οὐκ
3258 2045 3474 2111 ἐξέστη,
3503 2040 3697 2147 γέγονε
3727 2036 3786 2089 δὲ

543 2168 832 2234 tribueret,
879 2174 933 2220 et
960 2174 1103 2219 esset
1125 2163 1488 2231 omnipotens,
1518 2170 1573 2216 et
1605 2161 1789 2215 omnia
1847 2167 2117 2215 cerneret.

2220 2148 2482 2215 ζωοποιὸν
2507 2148 2604 2200 καὶ
2633 2142 3066 2214 πάντοδύναμον,
3098 2142 3192 2194 καὶ
3223 2138 3401 2193 πάντα
3424 2135 3583 2196 εἶδός.
3616 2130 3787 2197 Λέγε-

544 2260 755 2316 Dicitur
782 2268 961 2313 autem
990 2271 1166 2323 serva,
1225 2263 1282 2310 et
1336 2256 1540 2324 ignara,
1592 2263 1645 2308 et
1684 2252 1804 2307 aliis
1851 2251 2117 2321 ejusmodi

2236 2258 2309 2296 tat
2339 2241 2398 2294 δὲ
2435 2239 2643 2305 δοῦλον,
2678 2237 2773 2292 καὶ
2806 2234 3059 2302 ἀγνοοῦν,
3097 2232 3190 2285 καὶ
3217 2232 3284 2283 τά
3322 2224 3567 2289 τοιαῦτα,
3600 2223 3666 2277 ἀν
3703 2235 3792 2281 τις

546 2313 868 2407 nominibus
899 2313 1230 2419 appellatur,
1262 2348 1306 2402 si
1327 2313 1450 2416 quis
1480 2313 1564 2417 (ut
1590 2345 1765 2414 inquit
1828 2313 2120 2415 Gregorius

2236 2334 2283 2388 ιδ
2321 2332 2645 2402 φαινόμενον
2668 2329 2894 2399 χωρήσῃ
2922 2323 3019 2379 τοῦ
3044 2321 3359 2391 νοουμένου,
3391 2316 3535 2371 καθά
3560 2330 3724 2384 φησιν
3742 2313 3793 2419 ⁸ὁ

548 2439 1019 2513 Theologusjsola
1070 2438 1213 2493 nuda
1236 2438 1561 2508 cogitatione
1587 2445 1801 2507 separet
1849 2435 1923 2499 id,
1979 2435 2121 2506 quod

547 2534 789 2595 videtur,
822 2533 889 2586 ab
934 2546 1021 2597 eo,
1081 2530 1227 2600 quod
1275 2530 1607 2599 intelligitur.
1676 2528 1731 2582 ln
1791 2529 1893 2584 hac
1943 2538 2120 2583 autem

549 2626 803 2683 Christus
816 2624 1085 2680 obnoxius
1104 2622 1209 2677 fuit
1225 2622 1567 2677 naturalibus
1607 2630 1663 2676 et
1687 2622 1843 2688 culpa
1891 2620 2126 2675 carenti-

550 2716 657 2771 bus
674 2712 1079 2776 affectionibus,
1108 2717 1169 2763 ut
1199 2723 1298 2762 nec
1328 2724 1357 2763 a
1389 2708 1607 2779 propria
1629 2716 1832 2762 natura
1883 2707 2127 2762 discede-

552 2812 663 2869 ret,
685 2812 740 2858 et
765 2818 824 2857 se
856 2816 983 2857 vere
1009 2815 1230 2855 carnem
1258 2799 1551 2853 humanam
1572 2796 1936 2867 assumpsisse
1966 2811 2123 2852 .con-

556 2894 820 2956 ﬁrmaret,
854 2899 910 2946 et
928 2888 1209 2945 doloribus
1233 2887 1347 2943 suis
1376 2898 1593 2943 nostros
1612 2896 1851 2951 curaret,
1884 2896 1939 2943 et
1969 2896 2128 2944 natu-

557 2985 763 3040 ralibus
795 2980 1177 3037 aﬂectionibus
1207 2995 1321 3045 eas,
1344 2995 1464 3050 qua:
1489 2990 1616 3034 sunt
1648 2988 1847 3049 praeter
1873 2992 2125 3041 naturam

563 3064 829 3140 aboleret,
860 3085 916 3130 et
936 3073 1170 3143 denique
1204 3082 1265 3130 ut
1298 3088 1391 3130 eas
1421 3073 1649 3130 vincens
1697 3073 1813 3145 ipse
1873 3085 2127 3144 tanquam

563 3170 725 3223 homo
751 3167 907 3222 nobis
942 3163 1103 3220 simili
1135 3172 1327 3219 natura
1356 3180 1541 3220 secum
1574 3165 1881 3237 conjunctis
1926 3174 1981 3220 et
2033 3179 2127 3221 co-
2154 3188 2200 3248 ε

563 3261 731 3331 gnitis
762 3258 1043 3313 victoriam
1083 3257 1254 3327 ipsam
1285 3256 1593 3326 largiretur.
1631 3256 1916 3312 Peccatum
1980 3256 2125 3314 enim

567 3367 678 3407 non
705 3361 790 3405 est
809 3349 1021 3405 aii'ectio
1038 3348 1324 3411 naturalis,
1343 3357 1748 3418 etqumcunque
1764 3348 1827 3401 ad
1851 3357 2130 3417 peccatum

565 3443 862 3515 pertinent.

640 3531 712 3587 Ut
738 3532 878 3601 ignis
912 3532 1114 3586 ferrum
1147 3532 1375 3603 ignitum
1404 3541 1459 3586 et
1508 3532 1719 3586 illustre
1746 3530 1976 3586 reddens
2034 3531 2131 3586 fri-

570 3623 812 3694 giditatis
841 3632 895 3678 et
925 3623 1227 3692 nigredinis
1252 3623 1369 3694 ejus
1396 3623 1665 3694 particeps
1695 3621 1809 3692 ipse
1838 3637 1946 3677 non
1968 3623 2134 3678 cilici-

571 3722 683 3779 tur,
707 3716 778 3770 ita
813 3714 1069 3769 divinitas
1111 3715 1361 3769 virtutem
1394 3730 1545 3769 suam
1608 3716 1931 3770 humanitati
1993 3730 2140 3770 com-

576 3805 861 3861 municans
886 3804 1006 3874 ejus
1038 3819 1142 3859 non
1173 3805 1384 3873 accepit
1413 3803 1857 3861 imbecillitatem.

646 3975 862 4031 Puritas
889 3975 1109 4045 quidem
1142 3990 1265 4031 cum
1318 3976 1567 4033 sordibus
1625 3977 1829 4033 nostris
1872 3986 2140 4043 versatur,

574 4068 668 4127 sed
718 4067 849 4137 ipsa
887 4075 1068 4121 tamen
1092 4066 1283 4122 sordes
1340 4066 1631 4136 puritatem
1696 4082 1807 4122 non
1872 4066 2141 4122 inﬁciunt.

578 4157 698 4215 Lua:
762 4156 907 4212 enim
932 4154 1155 4223 (inquit)
1188 4157 1243 4208 in
1268 4156 1491 4209 tenebris
1513 4157 1668 4218 lucet.
1698 4166 1746 4210 et
1782 4157 2007 4210 tenebraz
2028 4170 2146 4207 eam

576 4259 684 4298 non
737 4241 1303 4309 comprehenderunt‘.
1352 4239 1484 4295 Nam
1535 4256 1660 4296 cum
1728 4243 1964 4296 tenebrae
2011 4256 2150 4311 pra:-

576 4332 1041 4403 sentia,radiorum
1058 4330 1522 4401 expellantur,'sol
1541 4339 1720 4386 tamen
1738 4345 1770 4384 a
1789 4331 2152 4401 tenebrisnon

580 4427 933 4484 obscuratur.

2222 2425 2482 2492 Θεολόγος
2521 2420 2842 2493 Γρηγόριος,
2866 2416 3077 2487 ἐπινοίᾳ
3131 2412 3371 2483 δηλονότι
3411 2408 3565 2480 ψιλῇ.
3619 2404 3795 2458 Ὑπέ-

2226 2535 2377 2572 κειτο
2413 2515 2470 2569 δὲ
2499 2515 2612 2576 τοῖς
2646 2510 2892 2580 φυσικοῖς
2943 2507 3038 2561 καὶ
3066 2503 3409 2574 ἁδιαϐλήτοις
3430 2499 3683 2559 πάθεσιν,
3716 2496 3796 2559 ὡς

2229 2610 2304 2679 μὴ
2335 2608 2533 2662 ὲκστὰν
2567 2604 2666 2672 τῆς
2692 2601 2902 2663 οίκείας
2940 2598 3174 2669 φύσεως,
3208 2594 3302 2648 καὶ
3328 2594 3416 2646 ἴνα
3453 2593 3487 2661 ἡ
3520 2585 3797 2658 έναυθρὼο

2227 2717 2395 2770 πησις
2424 2695 2692 2766 πιστωθῇ,
2725 2690 2821 2746 καὶ
2847 2690 2934 2744 ἵνα
2959 2692 3067 2751 τοῖς
3094 2684 3287 2741 ἑαυτοῦ
3311 2682 3541 2737 πάθεσιν
3571 2680 3795 2747 ίάσηται

2228 2791 2576 2865 τὰρ-ἡμέτερα
2605 2785 2777 2859 πάθη,
2812 2786 2906 2840 καὶ
2930 2786 3043 2846 τοῖς
3077 2774 3418 2851 φυσικοῖςτά
3440 2770 3601 2845 ⁴παρὰ
3629 2770 3797 2865 φύσιν

2228 2862 2546 2955 ἐξαφανίση,
2580 2882 2671 2936 καὶ
2693 2877 2989 2948 συλλήϐδην
3017 2876 3213 2938 εἰπεῖν,
3245 2872 3330 2925 ῐνα
3356 2866 3585 2937 νικήσας
3610 2862 3796 2955 αὐτός,

2230 2978 2305 3041 ὡς
2335 2952 2641 3044 ἀνθρωπος,
2672 2969 2766 3024 καὶ
2798 2970 2930 3038 ἡμῖν
2955 2967 3065 3025 τοῖς
3092 2960 3354 3033 όμοφυέσι
3382 2957 3478 3011 καὶ
3506 2952 3800 3044 συγγενέσι

2229 3068 2329 3135 τὴν
2366 3042 2489 3119 κατ’
2512 3062 2692 3117 αὐτῶν
2722 3060 3013 3131 χαρίσηται
3039 3054 3215 3124 νίκην.
3252 3052 3319 3103 Ἢ
3344 3048 3532 3120 μέντοι
3556 3042 3804 3135 ἁμαρτία

2230 3131 2295 3211 06
2327 3155 2575 3225 φυσικὸν,
2611 3150 2747 3204 ἀλλά
2777 3146 2929 3220 παρά
2964 3145 3128 3216 φύσιν
3176 3139 3369 3206 πάθος,
3425 3137 3521 3192 καὶ
3571 3135 3674 3188 ὅσα
3705 3131 3804 3200 τῆς

2229 3249 2526 3320 ἁμαρτίας.

2310 3515 2526 3584 Ὥσπερ
2560 3509 2620 3563 τὸ
2655 3507 2769 3579 πῦρ
2800 3501 3075 3576 πυρακτοῒ
3109 3501 3207 3573 μὲν
3247 3495 3343 3551 καὶ
3376 3488 3685 3584 λαμπρύνει
3716 3486 3807 3541 τὸν

2240 3579 2574 3670 σὶδηρον,ὀῦ
2606 3593 3009 3668 μεταλαμϐάνει
3036 3589 3092 3643 δὶ
3121 3588 3220 3658 τῆς
3250 3582 3414 3639 αὐτοῦ
3466 3579 3811 3670 ψυχρότητος

2241 3695 2273 3763 ἢ
2305 3668 2562 3762 μελανίας
2581 3704 2595 3720 ο
2628 3686 2770 3740 οὕτω
2798 3684 2893 3738 καὶ
2919 3684 2954 3749 ἡ
2979 3680 3172 3749 θεότης
3197 3670 3597 3763 μετέδωκεμὲᾼν
3719 3668 3815 3763 ἀν-

2243 3756 2550 3853 θρωπότητι
2573 3779 2671 3849 τῆς
2700 3774 2907 3838 οἰκείας
2931 3771 3233 3842 δυνάμεως,
3259 3765 3321 3820 οὒ
3345 3760 3608 3835 μετέλαϐε
3634 3757 3689 3811 δὲ
3711 3756 3810 3825 τῆς

2245 3874 2535 3935 ἀσθενείας
2565 3868 2754 3935 αὐτῆς.

2326 3965 2392 4018 Ἦ
2426 3962 2525 4032 μὲν
2552 3959 2861 4028 καθαρότης
2890 3952 3070 4024 ὁμιλεῖ
3095 3949 3173 4029 τῷ
3200 3946 3456 4019 ἡμετέρῳ
3486 3944 3665 4016 ῥύπῳ,
3692 3941 3719 3993 6
3737 3938 3813 4032 66

2249 4030 2562 4128 ptime—061
2613 4052 2844 4106 ἅπτεται
2900 4046 3002 4115 τῆς
3072 4041 3500 4128 καθαρότητος(
3544 4034 3615 4128 Τὸ
3677 4030 3805 4128 φῶς

2248 4121 2381 4217 γὰρ,
2423 4121 2608 4215 φησὶν,
2657 4140 2729 4194 ἐν
2771 4137 2847 4208 τῇ
2894 4136 3112 4202 σκοτίᾳ
3156 4131 3376 4202 φαίνει.
3410 4126 3505 4181 καί
3533 4126 3571 4192 ἠ
3601 4121 3815 4217 σκοτία

2249 4211 2397 4297 ἀύτὸ
2545 4233 2894 4290 κατέλαϐεν.
2944 4224 3291 4296 Ἀφανίζεται
3315 4219 3424 4290 γὰρ
3444 4219 3512 4287 τῇ
3543 4211 3817 4286 παρουσίᾳ

2249 4333 2351 4400 τῆς
2390 4330 2606 4390 ἀκτῖνος
2653 4326 2681 4379 6
2729 4324 2912 4393 ζόφος,
2958 4320 3020 4374 οὐ
3066 4317 3143 4388 τῷ
3192 4314 3342 4384 ζόφῳ
3393 4306 3737 4381 ἀμαυροῦται
3791 4302 3820 4353 ό

2252 4426 2429 4497 ἥλιος.

648 4516 830 4574 Unum
857 4515 1057 4571 dicitur
1086 4515 1140 4570 in
1166 4512 1236 4570 iis
1261 4513 1505 4585 quidem,
1554 4528 1675 4583 quae
1731 4523 1859 4569 sunt
1907 4513 2135 4586 ejusdeu

2277 4486 2289 4497 ’
2324 4515 2398 4569 Τὸ
2424 4512 2482 4566 ἓν
2512 4512 2601 4563 ἐπὶ
2637 4508 2736 4579 μὲν
2762 4505 2869 4561 τῶν
2896 4503 3194 4575 όμοουσίων
3219 4496 3457 4565 λέγεται,
3475 4490 3605 4546 ἔνθα
3627 4486 3819 4600 structi:

580 4607 854 4673 esscntire,
886 4620 1011 4661 cum
1046 4602 1238 4662 eadem
1266 4612 1349 4659 est
1376 4614 1590 4669 natura,
1642 4612 1699 4659 et
1748 4603 1978 4660 diversae
2020 4620 2148 4674 per-

581 4713 750 4755 sonae.
784 4696 860 4752 Ex
891 4708 999 4765 quo
1042 4692 1196 4759 illud,
1228 4693 1297 4749 Et
1333 4692 1439 4746 tria
1491 4709 1650 4746 unum
1714 4703 1835 4748 sunt
1888 4694 1932 4748 '.
1978 4693 2034 4748 In
2082 4694 2149 4749 iis

581 4799 793 4854 autem,
824 4802 946 4859 quae
970 4786 1200 4843 diversae
1227 4795 1353 4841 sunt
1381 4783 1645 4841 essentia.
1703 4801 1871 4841 unum
1928 4786 2148 4847 dicitur.

583 4897 709 4939 cum
740 4880 928 4936 eadem
951 4893 1182 4948 persona
1204 4887 1305 4945 est,
1336 4885 1389 4933 et
1410 4879 1639 4934 diversae
1668 4887 1896 4939 naturae,
1926 4893 1992 4932 ex
2044 4894 2154 4949 quo

2255 4625 2355 4679 της
2382 4608 2481 4676 μὲν
2511 4577 2747 4672 φύσεως,
2770 4598 3027 4675 έτερότης
3055 4594 3111 4647 δὲ
3137 4590 3510 4679 ὑποστάσεων,
3535 4584 3613 4645 ὡς
3637 4577 3823 4679 cum

2255 4671 2328 4754 τά
2350 4671 2481 4766 τρία
2501 4671 2570 4749 ἓν
2590 4710 2606 4727 ο
2654 4692 2747 4745 ἐπὶ
2775 4671 2831 4744 δὲ
2857 4689 2967 4742 τῶν
3007 4681 3380 4757 ἑτεροουσίων,
3410 4676 3537 4731 ἔνθα
3556 4671 3822 4766 ταυτότης

2266 4760 2771 4861 μὲν-ὑποστάσεων,
2807 4781 3065 4851 ἑτερότης
3094 4777 3152 4832 δὲ
3185 4770 3440 4844 φύσεωνλ
3453 4768 3525 4861 ᾡς
3559 4765 3621 4820 rb
3644 4764 3739 4861 παὶ
3764 4760 3823 4814 τὺ

2214 4928 2221 4931 .
2265 4855 2673 4951 συναμφότερον
2704 4875 2784 4939 ἓν,
2829 4873 2946 4928 ἀλλ’
2978 4871 3038 4924 οὗ
3063 4872 3129 4940 τῇ
3157 4866 3337 4935 φύσει,
3360 4865 3427 4932 τῇ
3458 4860 3513 4913 δὲ
3544 4855 3763 4921 συνόδῳ.

583 4973 739 5035 illud,
766 4979 822 5028 et
841 4981 1132 5042 utrumque
1164 4984 1354 5027 unum.
1388 4967 1569 5025 Unum
1604 4979 1787 5024 autem
1819 4984 1928 5024 non
1975 4977 2194 5038 natura,
2236 4972 2330 5030 sed
2379 4969 2764 5041 conjunctione
2807 4965 3035 5020 duarum
3084 4969 3402 5016 naturarum
3456 4954 3512 5007 in
3564 4964 3671 5004 una
3708 4959 3827 5015 per-

583 5080 744 5127 80118.

655 5162 1121 5230 Quemadmodum
1153 5177 1319 5216 unum
1344 5169 1512 5216 estex
1542 5176 1727 5215 eorum
1758 5176 1987 5217 numero
2037 5174 2155 5234 quae

582 5252 866 5323 multiplici
890 5252 1098 5306 ratione
1119 5250 1409 5315 dicuntur;
1443 5250 1639 5303 dicitur
1667 5250 1810 5303 enim
1852 5266 2021 5303 unum
2076 5250 2159 5303 vel

585 5360 838 5408 numero,
875 5354 933 5398 ut
953 5342 1187 5413 exempli
1209 5343 1401 5413 gratia,
1443 5340 1670 5403 Petrus;
1726 5341 1809 5395 vel
1846 5342 2049 5410 specie,
2098 5350 2159 5395 ut

586 5442 789 5505 homo;
822 5440 907 5491 vel
938 5451 1155 5507 genere,
1189 5446 1249 5488 ut
1278 5432 1477 5486 animal
1504 5448 1517 5493 ;
1548 5431 1627 5485 sic
1648 5432 1810 5485 etiam
1837 5433 1964 5485 duo.
2030 5429 2161 5485 Nam

2329 5157 2539 5225 ’Ὥσπερ
2567 5153 2625 5206 τὸ
2653 5152 2711 5205 ἓν
2733 5151 2841 5202 τῶν
2866 5144 3151 5216 πολλαχῶς
3178 5137 3488 5209 λεγομένων
3518 5132 3654 5189 ἐστὶ.
3678 5131 3831 5225 ihs-

2256 5267 2348 5303 ται
2370 5247 2477 5317 γὰρ
2504 5218 2562 5298 ἐν
2589 5244 2666 5313 τῷ
2693 5239 2933 5313 ἀριθμῷ,
2952 5239 3026 5300 ὡς
3054 5238 3082 5289 ό
3112 5235 3321 5300 Πέτρος
3344 5230 3527 5298 τυχὸν,
3554 5221 3735 5317 καὶὲἒᾷν
3760 5218 3831 5288 τῷ

2259 5314 2409 5404 εῖδει,
2434 5314 2510 5401 ὥς
2537 5339 2564 5389 6
2595 5334 2902 5405 ἄνθρωπος,
2936 5329 3032 5383 καὶ
3061 5328 3117 5379 ἓν
3145 5324 3224 5394 τῷ
3253 5324 3424 5393 γένει,
3454 5318 3528 5381 ὡς
3557 5316 3617 5368 τὸ
3647 5314 3790 5405 ζῶον
3814 5327 3828 5340 ⁵

2261 5431 2404 5485 οὕτω
2447 5429 2541 5482 καὶ
2588 5427 2656 5480 τὰ
2704 5404 2816 5478 δύο.
2872 5422 3104 5489 Λέγεται
3154 5417 3262 5486 γὰρ
3309 5413 3401 5467 δύο
3446 5410 3523 5479 τῷ
3578 5404 3833 5477 ἀριθμῷ.

588 5541 644 5585 et
670 5544 900 5583 numero
924 5524 1328 5586 dicunturduo,
1363 5532 1417 5575 ut
1449 5523 1643 5577 Petrus
1706 5531 1761 5577 et
1826 5520 2052 5588 Paulus;
2110 5536 2135 5576 ε

2262 5524 2336 5586 ὡς
2369 5520 2572 5592 Πέτρος
2601 5518 2693 5571 καλ⁹
2723 5514 2957 5579 Παῦλος,
2989 5511 3082 5564 καὶ
3109 5508 3204 5562 δύο
3232 5506 3309 5575 τῷ
3340 5502 3492 5568 εἴδει,
3525 5501 3600 5561 ὡς
3624 5496 3837 5592 άνθρωῖ

589 5622 795 5690 specie,
829 5630 892 5674 ut
915 5620 1075 5674 homo
1106 5626 1161 5672 et
1188 5630 1396 5685 equus;
1430 5623 1485 5668 et
1506 5628 1725 5685 genere,
1759 5622 1814 5667 ut
1842 5612 2075 5669 essentia
2103 5620 2158 5668 et

666 5804 681 5834 ¹
704 5801 856 5859 Joan.
889 5817 928 5865 ι,
960 5800 1013 5854 5.
1089 5801 1109 5832 ³
1144 5796 1337 5853 lJoau.
1375 5816 1428 5866 v,
1456 5803 1509 5857 7.

2266 5585 2364 5677 πος
2410 5585 2506 5665 καλ
2551 5610 2735 5676 ἵππος,
2778 5605 2873 5661 καὶ
2920 5604 3013 5659 δύο
3062 5600 3141 5673 τῷ
3192 5598 3362 5669 γένει,
3407 5592 3484 5656 ὡς
3531 5590 3687 5645 οὐσία
3744 5585 3837 5639 καὶ
