4120 6292
380 1194 405 1211 ⁸
505 1192 653 1243 κατὰ
693 1189 805 1242 τῶν
835 1190 1101 1257 λεγόντων
1144 1188 1226 1241 ὅτι
1268 1187 1382 1250 ἑνὸς
1427 1188 1528 1258 μὲν
1572 1187 1742 1249 εἴδους
1782 1188 1951 1241 πολλά
1984 1189 2080 1240 εὑ-

514 355 626 417 24]
1485 360 1857 420 PANOPLIA
1904 363 2065 421 D06

2170 363 2365 427 TlCA.
2397 392 2467 402 -
2504 369 2652 431 TlT.
2687 373 2822 435 VII.
3657 377 3762 438 250

513 467 740 540 χρῶμα.
758 468 933 522 ὀταν
958 469 1050 524 οῦν
1071 468 1302 541 λέγομεν
1319 470 1387 523 τὰ
1408 471 1502 524 δύο
1527 473 1620 526 ἐπὶ
1639 472 1731 525 τοῦ
1755 472 2010 542 Χριστοῦ,
2026 490 2065 525 οι

2194 478 2363 532 color.
2396 479 2624 547 Quando
2644 485 2809 553 igitur
2839 487 2949 541 duo
2980 487 3033 541 in
3058 486 3277 542 Christo
3333 488 3587 551 dicimus.
3648 506 3755 543 non

514 559 613 614 δύο
650 560 729 630 τῷ
770 562 993 633 ἀριθμῷ
1036 561 1223 616 τοῦτον
1272 563 1524 634 λέγομεν,
1568 566 1687 618 ἀλλ’
1724 566 1821 619 ἕνα
1865 567 1963 635 μὶν
2012 566 2065 634 rt],

2190 586 2419 627 numero
2469 574 2819 645 intelligimus
2850 577 2977 640 duo,
3009 579 3265 647 quoniam
3314 588 3397 634 est
3430 580 3586 635 unica
3630 597 3757 649 per-

516 649 741 719 ἀριθμῷ
768 651 859 703 διά
920 653 1020 721 τὴν
1052 652 1252 719 μονάδα
1281 652 1380 721 τῆς
1412 653 1895 715 ὑποστάσεως,δύο
1927 654 1984 706 δὲ
2009 654 2065 722 τι]

2189 672 2342 721 sona,
2368 662 2460 715 sed
2491 668 2670 731 specie
2697 666 2823 729 duo.
2863 666 2964 720 huc
2995 677 3099 732 est,
3134 678 3349 731 natura,
3378 684 3498 738 quae
3551 670 3750 740 duplex

508 740 667 804 ιῐδει,
697 741 946 794 τουτέστι
971 742 1037 811 τῇ
1066 740 1248 810 φύσει,
1277 741 1366 794 διὰ
1392 742 1496 812 τὴν
1520 741 1687 794 δυάδα
1714 742 1821 794 τῶν
1847 741 2061 810 φύσεων

2187 750 2243 804 in
2265 752 2360 806 illo
2395 764 2499 810 cst.
2531 757 2668 812 Dicit
2694 757 2839 811 enim
2869 758 3162 829 Gregorius
3179 759 3505 831 Theologus,
3543 772 3755 815 utrum-

506 832 652 900 Φησὶ
678 833 790 899 γὰρ
824 832 919 884 καὶ
948 832 1248 902 Γρηγόριος
1273 835 1300 885 ὁ
1324 832 1582 900 Θεολόγος
1610 834 1694 887 ὅτι
1717 836 1777 885 τδ
1807 833 2065 901 συναμφό-

2185 858 2291 913 que
2322 861 2443 900 esse
2473 864 2639 901 unum
2666 865 2774 903 non
2803 860 3022 914 natura,
3075 853 3168 906 sed
3234 854 3642 924 conjunctione,
3700 865 3756 908 et

507 937 674 989 τερον
725 922 785 973 ἒν
814 922 875 973 οὑ
903 923 973 992 τῇ
1002 923 1188 989 φύσει,
1214 924 1279 990 τῇ
1308 921 1363 974 δὲ
1395 922 1742 991 συνόδῳ.Καὶ
1770 922 2065 991 Ἀριστοτέι

2184 934 2505 992 Aristotcles
2534 937 2813 993 materiam
2843 948 2897 993 et
2936 939 3170 995 formam
3206 921 3372 995 unum
3435 958 3557 996 esse
3620 943 3754 997 dicit

508 1010 609 1080 λης
632 1011 689 1063 δὲ
711 1010 811 1079 τὴν
837 1008 968 1080 ῦλην
992 1009 1167 1070 καὶτὸ
1195 1007 1333 1073 εἶδος
1358 1008 1415 1061 ἓν
1442 1009 1540 1077 μὲν
1560 1010 1706 1076 λέγει
1736 1009 1812 1079 τῷ
1838 1008 2065 1080 ἀριθμῷ

2185 1043 2438 1090 numero,
2468 1030 2649 1098 specie
2674 1040 2854 1085 autem
2898 1031 3029 1085 duo.
3063 1032 3345 1102 Duplicem
3384 1034 3529 1087 hunc
3590 1049 3750 1086 usum

504 1100 604 1152 δύο
630 1099 686 1151 δὲ
716 1098 793 1168 τῷ
824 1100 975 1153 εἴδει.
1008 1097 1225 1161 Ταύτας
1251 1098 1349 1159 τάς
1379 1098 1472 1150 δύο
1499 1099 1724 1168 χρήσεις
1752 1098 2065 1169 προϐλητέοι

2182 1129 2397 1186 oportet
2416 1136 2720 1189 proponere
2748 1122 3010 1177 adversus
3035 1138 3149 1187 eos,
3180 1124 3271 1193 qui
3323 1124 3487 1179 unius
3531 1124 3751 1193 quidem

2181 1212 2385 1280 speciei
2412 1213 2564 1266 multi
2611 1214 2837 1283 reperiri
2895 1216 3203 1270 concedunt
3249 1216 3564 1281 individua,
3614 1217 3751 1270 duas

2182 1310 2361 1357 autem
2381 1303 2662 1373 speciesin
2682 1321 2788 1359 uno
2808 1306 3087 1362 individuo
3106 1307 3451 1374 necreperiri
3501 1322 3598 1365 nec
3644 1307 3749 1362 dici

2180 1408 2340 1462 posse
2366 1396 2724 1449 contendunt.

2251 1485 2393 1539 idem
2425 1486 2624 1540 dicitur
2653 1488 2736 1541 vel
2767 1489 3026 1549 essentia,
3088 1504 3207 1553 seu,
3266 1488 3409 1556 quod
3458 1488 3600 1542 idem
3638 1499 3749 1551 est,

1226 1575 1251 1657 ζ
1281 1575 1464 1657 θεικαι
1494 1575 1668 1657 Ψξθσεξ
1690 1575 1886 1657 "fu?"
1926 1575 2078 1656 “57°:
2178 1584 2395 1638 natura,
2430 1585 2489 1628 ut
2518 1575 2711 1629 Petrus
2728 1584 2781 1629 et
2804 1576 3012 1649 Paulus
3044 1577 3181 1629 idem
3208 1586 3399 1630 natura
3448 1585 3611 1630 sunt:
3664 1577 3750 1629 vel

506 1663 650 1715 μεν·
701 1645 920 1711 λέγεται
947 1645 1003 1697 δὲ
1051 1648 1145 1697 καὶ
1181 1645 1261 1714 τῷ
1302 1645 1472 1712 γένει,
1519 1646 1592 1707 ὡς
1643 1645 1766 1713 βοῦς
1805 1646 1956 1715 ἵππῳ
1999 1645 2065 1713 τῷ

2178 1682 2412 1737 genere;
2445 1669 2726 1735 utriusque
2752 1668 2895 1721 enim
2936 1682 3111 1735 genus
3135 1675 3218 1722 est
3275 1667 3476 1721 animal
3526 1668 3751 1721 rationis

502 1740 654 1805 γένει
681 1738 901 1803 ταυτὸν,
937 1737 1093 1804 γένος
1114 1737 1221 1807 γὰρ
1251 1738 1452 1806 ἀμφοῖν
1481 1738 1539 1788 τὸ
1564 1737 1754 1803 ἄλογον
1781 1737 1949 1798 ζῶονο
1984 1737 2065 1789 λέ-

2176 1773 2410 1826 expers;
2443 1759 2525 1813 vel
2566 1760 2771 1826 specie,
2832 1766 2892 1811 ut
2935 1758 3090 1813 Titus
3138 1767 3189 1813 et
3244 1758 3561 1812 Timotheus
3607 1758 3748 1813 idem

496 1803 657 1899 γεται
693 1830 750 1884 δὲ
778 1828 976 1899 καὶτῷ
1012 1803 1163 1890 εἴδει,
1189 1803 1465 1890 dic—Tiro;
1513 1827 1763 1899 Τιμοθέῳ
1808 1828 1887 1898 τῷ
1940 1829 2065 1881 είδει

2179 1803 2410 1826 "rw,
2453 1803 2525 1813 η-
2566 1803 2771 1826 -.ιη-ν.
2834 1803 2892 1811 ς.-
2944 1803 3089 1813 --ηη
3139 1803 3189 1813 ν-
3258 1803 3560 1812 “mw..-”
3607 1803 3748 1813 ...ν--

2176 1858 2303 1905 sunt
2326 1850 2539 1919 specie:
2560 1866 2685 1905 nam
2711 1851 2812 1905 sub
2840 1851 3056 1905 homine
3073 1860 3201 1905 sunt
3222 1851 3413 1917 ambo;
3443 1850 3528 1904 vel
3556 1864 3749 1903 nume-

497 1922 720 1983 ταυτὸν,
778 1920 883 1973 ὑπὸ
949 1922 1056 1990 γὰρ
1114 1919 1206 1972 τὸν
1264 1918 1549 1989 ἄνθρωπον
1604 1919 1802 1990 ἄμφω·
1853 1919 2065 1987 λέγεται

2174 1955 2257 2003 ro,
2280 1948 2340 1993 ut
2358 1918 2500 2008 quod
2525 1938 2692 1994 multa
2718 1940 2880 1995 habet
2896 1941 3111 1994 nomina
3132 1957 3145 1993 :
3163 1940 3373 2010 gladius
3397 1945 3566 2004 enim,
3582 1940 3751 1997 ensis.

507 1282 774 1349 ρξσκομεν
801 1280 1004 1348 ἄτομα,
1029 1278 1123 1333 δύο
1147 1279 1203 1331 δὲ
1229 1278 1344 1348 είδη
1374 1278 1468 1331 ἐπὶ
1492 1278 1608 1342 ὲνδς
1637 1278 1840 1348 ἀτόμου
1867 1280 1962 1332 καὶ
1991 1280 2080 1333 εὑ-

508 1374 628 1440 ρεῖν
652 1372 933 1435 ἀδύνατον,
968 1372 1063 1424 καὶ
1093 1371 1271 1438 λέγειν
1301 1371 1517 1437 ἄλογον.

583 1464 657 1514 Τὸ
676 1463 873 1515 ταύτὸν
903 1463 1118 1528 λέγεται
1143 1462 1242 1531 μὲν
1265 1463 1332 1532 τῇ
1354 1462 1532 1532 οὑσίᾳ,
1558 1462 1632 1524 ὡς
1657 1463 1858 1530 Πέτρος
1884 1462 2077 1529 Παύλῳ

504 1558 575 1624 τῇ
619 1554 776 1624 οὐσίᾳ
815 1553 1044 1616 ταυτὸν,
1083 1552 1241 1606 τοῦτο
1281 1554 1339 1605 δὲ
1370 1555 1464 1606 καὶ
1494 1552 1658 1620 φύσει
1690 1553 1886 1605 ταυτδν
1925 1551 2078 1619 λέγο-

497 2015 559 2069 δὲ
594 2015 687 2069 καὶ
717 2013 795 2084 τῷ
822 2012 1039 2085 ἀριθμῷ
1059 2050 1075 2075 ,
1106 2012 1181 2075 ὡς
1213 2010 1275 2064 τὸ
1310 2011 1661 2079 πολυώνυμον
1691 2012 1910 2082 ἀριθμῷ
1939 2030 2071 2065 ταυ-

494 2107 592 2159 τὸν
611 2146 626 2173 ,
659 2104 813 2172 ξίφος
853 2106 979 2174 γὰρ,
1011 2103 1105 2157 καὶ
1130 2103 1230 2167 ἄορ
1250 2142 1266 2166 ,
1293 2105 1386 2156 καὶ
1416 2103 1594 2173 σπάθη
1624 2104 1681 2156 ἒν
1716 2104 1791 2171 τῷ
1816 2103 2067 2173 ἀριθμῷ,

499 2198 562 2250 ἓν
601 2196 710 2267 γὰρ
765 2194 999 2248 ενταῦθα
1023 2194 1085 2248 τὸ
1119 2195 1475 2263 ὑποκείμενον
1500 2211 1513 2223 ·
1548 2194 1765 2261 λέγεται
1796 2195 1850 2246 δὲ
1884 2196 1976 2248 καὶ
2005 2198 2069 2265 τῇ

502 2287 787 2356 ἀναλογίᾳ,
820 2287 895 2348 ὡς
934 2286 962 2338 ὁ
992 2285 1115 2347 νοῦς
1146 2285 1224 2353 τῷ
1254 2284 1518 2352 ὀφθαλμῷ
1546 2287 1612 2355 τῇ
1645 2285 1907 2356 ἀναλογίᾳ
1937 2304 2071 2338 ταυ-

504 2379 623 2439 τὸν,
649 2377 677 2430 ὅ
698 2376 802 2446 γὰρ
831 2375 1105 2446 ὀφθαλμὸς
1131 2377 1188 2427 ὲν
1212 2372 1445 2443 σώματι,
1475 2374 1631 2427 τοῦτο
1662 2374 1786 2438 νοῦς
1809 2376 2025 2446 ἐνψυχῇ
2053 2391 2068 2406 ⁶

500 2469 719 2537 λέγεται
746 2469 801 2522 δὲ
828 2470 924 2522 καὶ
945 2469 1009 2539 τῇ
1031 2467 1324 2521 ὑποστάσει
1348 2468 1564 2532 ταυτὸν,
1594 2468 1668 2529 ὡς
1690 2468 1785 2520 ἐπὶ
1810 2469 2069 2538 Χριστοῦ,

498 2562 556 2613 ai
588 2561 832 2630 διάφοροι
862 2559 968 2629 γάρ
1006 2557 1195 2628 φύσεις
1227 2556 1392 2610 αὑτοῦ
1422 2560 1487 2626 τῇ
1522 2558 1820 2611 ὑποστάσει
1850 2560 2070 2625 ταυτὸν,

497 2654 672 2723 ᾕγουν
701 2651 781 2705 ἓν.

582 2742 707 2797 Ἐπὶ
732 2742 970 2813 Χριστοῦ
996 2742 1091 2805 τὰς
1122 2742 1215 2795 δύο
1238 2741 1429 2812 φύσεις
1455 2741 1667 2813 ἐπινοίᾳ
1698 2741 1798 2810 μὲν
1826 2741 1918 2794 τοῦ
1948 2740 2072 2795 διω·

497 2836 759 2906 ρισμένου
794 2834 964 2887 ποσοῦ
995 2834 1226 2902 λέγομεν
1248 2872 1264 2897 ,
1302 2833 1376 2895 ὠς
1416 2833 1628 2904 ἐπινοίᾳ
1664 2832 1800 2903 μόνῃ
1830 2831 2071 2903 διαιρου-

496 2928 690 2996 μέναέ,
737 2927 1028 2999 πράγματι
1052 2926 1109 2979 δὲ
1161 2924 1254 2978 τοῦ
1305 2925 1581 2995 συνεχοῦς,
1628 2925 1703 2987 ὡς
1733 2924 2069 2994 ἀδιαιρέτους

498 3019 816 3089 πράγματι.

2174 2047 2361 2085 mucro
2395 2031 2532 2085 idem
2566 2047 2815 2097 numero,
2877 2033 2961 2086 his
2993 2033 3139 2085 enim
3200 2047 3366 2086 unum
3425 2031 3747 2099 subjicitur;

2171 2124 2257 2178 vel
2282 2124 2548 2193 analogia.
2577 2139 2672 2178 seu
2697 2123 3101 2188 convenientia,
3127 2133 3222 2178 aut
3272 2124 3642 2193 proportione,
3689 2133 3752 2178 ut

2174 2230 2327 2268 mens
2372 2225 2427 2269 et
2460 2215 2650 2269 oculus
2694 2216 2836 2269 idem
2866 2225 2995 2269 sunt
3024 2216 3395 2283 proportione.
3424 2214 3577 2281 Quod
3599 2214 3745 2268 enim

2172 2313 2256 2358 est
2287 2306 2478 2359 oculus
2510 2306 2563 2357 in
2615 2320 2866 2373 corpore,
2909 2304 3048 2358 idem
3076 2313 3159 2357 est
3213 2319 3368 2356 mens
3420 2303 3474 2356 in
3531 2302 3747 2368 animo;

2172 2394 2256 2446 vel
2284 2408 2535 2463 persona,
2572 2404 2632 2448 ut
2654 2395 2709 2448 in
2739 2393 2977 2461 Christo;
3009 2394 3127 2463 ejus
3159 2394 3305 2448 enim
3332 2394 3559 2449 diversae
3587 2404 3748 2449 natu-

2173 2497 2245 2537 ra!
2258 2499 2491 2553 persona
2509 2484 2654 2540 idem
2674 2494 2822 2548 sunt,
2851 2485 2965 2539 sive
2988 2500 3177 2538 unum.

2244 2759 2388 2814 Duas
2419 2760 2472 2812 in
2497 2758 2717 2814 Christo
2748 2768 2973 2814 naturas
3002 2758 3330 2829 cogitatione
3361 2758 3579 2827 quidem
3605 2759 3742 2812 dici-

2171 2866 2296 2905 mus
2320 2865 2440 2905 esse
2471 2851 2718 2906 discretae
2750 2850 3090 2919 quantitatis,
3122 2859 3180 2903 ut
3212 2866 3331 2919 quae
3377 2850 3491 2903 sola
3543 2851 3743 2921 cogita-

2173 2942 2319 2995 tione
2347 2940 2676 3007 dividantur,
2704 2957 2763 2996 re
2785 2950 2967 2995 autem
2993 2941 3224 2995 dicimus
3249 2956 3343 2995 eas
3392 2955 3512 2994 esse
3570 2955 3744 3008 quan-

2173 3032 2341 3086 titatis
2379 3032 2688 3098 continuae,
2731 3041 2789 3085 ut
2824 3046 2943 3101 quae
2981 3047 3039 3085 re
3081 3032 3195 3099 ipsa
3236 3047 3343 3084 non
3409 3029 3742 3084 dividantur.

569 3108 803 3173 Ἐνωσίς
854 3108 973 3161 ἐστι
1024 3106 1326 3161 διεστώτων
1373 3108 1717 3178 πραγμάτων
1773 3105 2065 3179 κοινωνικὴ

2232 3121 2379 3187 .Qute
2410 3121 2624 3176 diversa
2652 3133 2800 3183 sunt,
2829 3120 3014 3175 multis
3045 3121 3219 3175 modis
3252 3134 3519 3174 (oncursu
3552 3129 3742 3174 mutuo

501 3201 793 3269 συνδρομή.
836 3198 1050 3253 Γίνεται
1094 3198 1151 3251 δὲ
1186 3198 1325 3252 κατά
1368 3198 1657 3269 διαφόρους
1692 3197 1948 3267 τρόπους.
1997 3198 2066 3252 ’Ἠ

495 3295 607 3364 γὰρ
635 3292 779 3346 κατὰ
804 3292 1003 3362 κρᾶσιν
1020 3329 1037 3354 ,
1060 3290 1135 3354 ὼς
1164 3291 1257 3343 ἐπὶ
1285 3290 1469 3361 ὑγρῶν
1488 3329 1503 3353 ,
1536 3290 1680 3342 οἴνου
1707 3288 1801 3341 καὶ
1834 3287 2023 3350 ’ύδατος
2044 3303 2064 3322 ⁶

498 3388 533 3457 ἢ
561 3386 702 3439 κατά
736 3385 991 3453 σωρείαν,
1020 3383 1093 3446 ὡς
1125 3383 1215 3435 ἐπὶ
1237 3381 1437 3451 ξηρῶν,
1476 3380 1622 3434 σίτου
1652 3381 1743 3433 καὶ
1771 3380 1966 3452 κριθῆς
1989 3396 2005 3412 ο
2029 3381 2063 3452 ἢ

496 3477 640 3530 κατά
678 3475 908 3544 φύρσιν,
958 3472 1033 3535 ὡς
1081 3474 1173 3525 ἐπὶ
1223 3470 1389 3542 ξηροῦ
1437 3475 1530 3525 καὶ
1580 3470 1789 3542 ὑγροῦ,
1829 3471 1929 3542 γῆς
1972 3471 2065 3525 καὶ

496 3568 692 3631 ὕδατος
716 3583 730 3597 ·
756 3566 789 3637 ἢ
816 3564 957 3618 κατά
974 3563 1251 3634 ἀνάμιξιν,
1282 3563 1357 3627 ὠς
1384 3565 1477 3616 ὲπὶ
1497 3564 1770 3634 διαφόρων
1790 3563 2062 3634 ἀλεύρωνο

495 3661 531 3731 ἦ
559 3662 700 3714 κατά
740 3658 1019 3726 σύγχυσιν,
1053 3657 1127 3721 ὡς
1170 3658 1261 3709 ἐπὶ
1287 3658 1521 3728 τηκτῶν,
1556 3656 1755 3727 χρυσοῦ
1780 3659 1874 3711 καὶ
1898 3655 2066 3727 ἀργύ-

501 3769 632 3824 pm,
674 3749 844 3821 κηροῦ
876 3750 969 3803 καὶ
1004 3750 1238 3818 πίσσης·
1275 3749 1308 3821 ἢ
1346 3749 1487 3803 κατά
1519 3748 1787 3820 ἁρμονίαν
1808 3788 1823 3812 ,
1858 3748 1934 3811 ὡς
1971 3751 2065 3802 ἐπὶ

496 3843 666 3896 λίθων
688 3860 702 3873 ·
744 3841 777 3910 ἢ
814 3843 953 3894 κατά
990 3840 1323 3911 παράθεσιν,
1350 3840 1425 3903 ὡς
1453 3842 1546 3893 ἐπὶ
1576 3840 1788 3904 σανίδος
1809 3857 1824 3873 ο
1857 3840 1889 3911 ἢ
1925 3841 2064 3894 κατὰ

497 3932 849 4002 συναλοιφὴν,
878 3932 952 3996 ὡς
985 3933 1077 3985 ὲπὶ
1115 3932 1395 4001 λαμπάδος
1434 3933 1496 3985 ὲκ
1528 3934 1699 4001 πυρὸς
1727 3932 2064 4003 προερχομέο

488 4043 611 4095 νης,
639 4027 732 4076 καὶ
758 4020 910 4086 αὖθις
939 4024 1229 4094 ἐνουμένης
1254 4040 1266 4052 ο
1291 4022 1465 4093 ἥκατ’
1495 4022 1789 4089 οὑσίαν,ὠς
1816 4025 1909 4075 ἐπὶ
1943 4022 2067 4076 ἀτό-

2170 3224 2399 3285 possunt
2421 3213 2492 3268 ita
2523 3213 2805 3283 conjungi,
2838 3222 2896 3267 ut
2926 3228 3094 3266 unum
3126 3211 3365 3266 sint.Vel
3385 3212 3665 3273 mistioue,
3685 3220 3743 3266 ut

2167 3305 2221 3359 in
2255 3306 2339 3370 iis,
2360 3321 2479 3374 quae
2499 3304 2700 3374 liquida
2722 3313 2869 3365 sunt,
2895 3302 3074 3372 qualia
3124 3310 3253 3356 sunt
3296 3301 3475 3355 vinum
3500 3310 3555 3355 et
3578 3315 3742 3369 aqua.

2167 3394 2263 3451 Vel
2284 3411 2508 3461 acervo.
2545 3404 2603 3449 ut
2632 3394 2683 3446 in
2718 3393 2802 3458 iis,
2846 3408 2964 3461 quae
3030 3403 3157 3447 sunt
3213 3391 3387 3457 arida,
3441 3392 3599 3460 quale
3659 3399 3745 3446 est

2167 3488 2402 3544 triticum
2429 3496 2483 3541 et
2517 3486 2801 3540 hordeum.
2842 3484 2933 3540 Vel
2981 3483 3345 3545 imbibitione,
3378 3492 3437 3537 ut
3461 3481 3516 3535 in
3550 3482 3745 3535 humi-

2165 3580 2235 3635 do
2262 3589 2315 3633 ct
2341 3579 2509 3643 sicco,
2531 3578 2704 3648 qualis
2732 3586 2815 3633 est
2850 3586 2990 3632 terra
3018 3586 3072 3631 et
3094 3592 3257 3646 aqua.
3286 3575 3379 3630 Vel
3427 3575 3743 3629 remistione

2166 3680 2227 3727 ut
2260 3671 2313 3725 in
2346 3671 2573 3728 diversis
2622 3670 2831 3725 farinis.
2896 3669 2995 3724 Vel
3046 3667 3389 3731 confusione,
3438 3676 3498 3720 ut
3551 3666 3606 3719 in
3654 3666 3741 3729 iis,

2165 3778 2284 3832 quae
2304 3762 2607 3831 liqueﬁunt,
2643 3761 2818 3830 qualia
2841 3769 2968 3816 sunt
2991 3775 3180 3815 aurum
3243 3767 3298 3813 et
3327 3766 3631 3829 argentum,
3686 3764 3744 3809 et

2165 3870 2289 3911 cera
2313 3863 2368 3908 et
2397 3855 2507 3922 pix.
2558 3854 2655 3908 Vel
2690 3850 3064 3921 congruentia.
3100 3850 3237 3903 utin
3286 3848 3582 3916 lapidibus.
3644 3844 3747 3905 Vel

2165 3946 2528 4015 appositione,
2549 3951 2609 3996 ut
2648 3943 2702 3995 in
2732 3940 2948 3994 tabulis.
3000 3937 3097 3991 Vel
3139 3938 3543 4005 conjunctione,
3591 3943 3648 3988 ut
3685 3935 3741 3988 in

2166 4036 2437 4106 lampade,
2463 4050 2583 4104 qum
2612 4050 2679 4088 ex
2711 4034 2835 4103 igne
2869 4030 3250 4100 proﬁciscitur,
3290 4038 3343 4082 et
3368 4044 3582 4082 rursum
3607 4042 3740 4082 con-

493 4137 637 4186 μων,
672 4118 877 4187 Πέτρου
906 4119 999 4171 καὶ
1027 4115 1323 4186 Παύλου,ἢ
1355 4114 1515 4168 τινῶν
1543 4115 1747 4189 ίππων,
1779 4116 1811 4186 ἢ
1843 4116 2001 4185 βοῶν,
2028 4116 2061 4186 ἢ

2167 4127 2427 4197 jungitur.
2461 4126 2559 4180 Vel
2588 4123 2845 4185 essentia,
2870 4131 2929 4178 ut
2961 4123 3014 4176 in
3044 4121 3361 4180 individuis.
3394 4121 3584 4189 quales
3614 4126 3742 4172 sunt

486 4210 697 4278 ἑτέρων
740 4208 932 4271 ζώων·
979 4209 1012 4277 ἢ
1063 4206 1205 4261 κατά
1257 4206 1463 4275 σχέσιν,
1508 4205 1581 4268 ὡς
1627 4207 1717 4259 ἐπὶ
1758 4205 1930 4274 φίλων
1970 4209 2067 4259 καὶ

489 4299 748 4370 γνωμῶν,
792 4301 868 4363 εἰς
897 4298 955 4351 ἓν
988 4299 1201 4369 θέλημα
1233 4299 1644 4369 συνερχομένων
1668 4297 1743 4368 ’ἢ
1775 4299 1916 4352 κατά
1943 4296 2065 4352 σύν-

492 4393 666 4455 θεσιν,
699 4391 773 4454 ὡς
802 4392 894 4445 ἐπὶ
925 4390 1104 4461 ψυχῆς
1138 4390 1235 4444 καὶ
1266 4390 1536 4460 σώματος.
1578 4390 1644 4443 Ἦ
1676 4390 1734 4443 δὲ
1771 4389 1893 4443 καθ’
1932 4390 2061 4443 ὑπό-

2166 4217 2363 4271 Petrus
2392 4223 2447 4269 et
2470 4214 2688 4274 Paulus,
2718 4219 2814 4265 aut
2859 4210 3025 4279 aliqui
3075 4209 3157 4264 vel
3216 4208 3364 4278 equi,
3417 4207 3499 4260 vel
3552 4206 3739 4267 boves,

2167 4315 2263 4362 aut
2290 4306 2396 4361 alia
2429 4304 2705 4359 animalia.
2731 4301 2830 4357 Vel
2861 4301 3071 4363 habitu,
3115 4299 3253 4353 utin
3285 4297 3476 4352 amicis
3506 4306 3560 4350 et
3610 4310 3742 4349 sen-

2168 4395 2354 4451 tentiis
2410 4395 2465 4448 in
2513 4408 2677 4447 unam
2725 4391 3056 4446 voluntatem
3115 4387 3590 4443 convenientibus.
3644 4383 3743 4437 Vel

493 4500 685 4537 στασιν
738 4484 829 4535 ἐπὶ
873 4482 1043 4550 μόνης
1082 4482 1295 4546 λέγεται
1334 4483 1431 4554 τῆς
1469 4485 1526 4535 ὲν
1546 4481 1767 4554 Χριστῷ
1814 4482 2065 4553 θεότητος

2169 4486 2583 4558 compositione,
2614 4485 2753 4539 utin
2782 4483 2984 4548 anima,
3010 4489 3066 4536 et
3084 4495 3335 4550 corpore.
3354 4480 3448 4535 Vel
3481 4492 3740 4547 persona.

490 4576 590 4630 καὶ
617 4574 1054 4645 ἁνθρωπότητος.
1095 4573 1450 4643 Ἐδογμάτισε
1474 4574 1529 4626 δὲ
1560 4575 1764 4646 ταύτην
1792 4576 2007 4645 πρῶτος
2037 4577 2065 4628 ὁ

487 4671 547 4721 ἑν
583 4668 759 4734 ἁγίοις
791 4664 1079 4736 Κύριλλος.
1112 4663 1411 4735 Νεστορίου
1442 4664 1550 4735 γὰρ
1586 4666 1729 4718 κατά
1763 4666 1947 4737 σχέσιν
1980 4684 2066 4736 γε·

486 4757 676 4813 νέσθαι
716 4756 814 4827 τὴν
857 4756 1051 4810 ἕνωσιν
1082 4755 1191 4808 τῶν
1233 4757 1289 4808 ὲν
1333 4755 1555 4826 Χριστῷ
1593 4755 1687 4809 δύο
1730 4756 1945 4825 φύσεων
1985 4758 2065 4810 δι-

486 4852 817 4916 δάσκοντος,
883 4848 1045 4910 αὐτὸς
1116 4847 1639 4916 ἀντικαθιστάμενος
1705 4850 1773 4918 τῇ
1836 4851 2063 4920 τοιαύτῃ

493 4941 817 5014 βλασφημίᾳ
847 4939 945 5012 τὴν
977 4941 1100 4995 καθ’
1131 4940 1429 4993 ὑπόστασιν
1460 4940 1727 5010 εἰσήγαγε
1749 4980 1765 5007 ,
1796 4939 2062 5009 δηλοῦσαν

486 5037 571 5089 ὅτι
609 5034 749 5087 κατά
786 5032 916 5103 μίαν
952 5033 1287 5094 ὑπόστασιν,
1323 5031 1489 5101 ἧγςυν
1523 5033 1602 5093 είς
1638 5030 1695 5083 ἓν
1732 5032 2060 5100 πρόσωπον,

484 5126 796 5196 ἠνώθησαν.
844 5126 939 5176 Ἐν
978 5123 1268 5187 πρόσωπον
1300 5122 1456 5191 ἔσχον
1486 5123 1540 5173 αἱ
1572 5120 1665 5173 δύο
1700 5120 1894 5190 φύσεις
1916 5159 1932 5178 .
1968 5122 2062 5174 καὶ

483 5219 547 5271 οὑ
588 5216 683 5268 δύο
722 5215 867 5269 κατά
906 5215 999 5267 τὸν
1038 5214 1200 5282 λῆρον
1230 5213 1552 5280 Νεστόριον.
1594 5213 1826 5275 Λέγεται
1868 5212 1924 5264 δὲ
1968 5213 2062 5265 καὶ

481 5308 745 5377 οὑειώδης
782 5310 815 5375 ἡ
850 5306 1075 5375 τοιαύτη
1117 5305 1332 5369 ἑνωσις,
1382 5305 1551 5374 ἤγουν
1594 5304 1822 5374 ἀληθὴς,
1861 5305 1957 5357 καὶ
1996 5306 2057 5357 οὑ

484 5403 629 5455 κατὰ
667 5398 992 5467 φαντασίαν.

559 5581 668 5633 Καὶ
694 5578 868 5641 ἄλλως
896 5577 952 5630 δὲ
987 5575 1105 5629 καθ’
1145 5573 1443 5629 ὑπόστασίν
1478 5574 1674 5637 ἓνωσις
1708 5575 1856 5627 ἐστιν
1885 5575 1917 5643 ή
1950 5576 2058 5627 τῶν

482 5670 843 5739 ὲτεροουσίων
870 5670 945 5730 είς
979 5668 1107 5736 μίαν
1133 5665 1432 5718 ὑπόστασιν
1468 5664 1704 5729 σύνοδος,
1741 5667 2057 5739 σωζομένης

484 5763 701 5831 ἑκάστῳ
734 5762 825 5814 καὶ
859 5760 996 5830 μττά
1027 5760 1124 5831 τὴν
1156 5757 1353 5811 ἕνωσιν
1376 5759 1474 5825 τῆς
1500 5759 1735 5830 φυσικῆς
1772 5759 2053 5829 ἰδιότητος.

2166 4579 2243 4641 id,
2275 4578 2421 4648 quod
2445 4578 2511 4632 de
2554 4576 2667 4629 sola
2695 4572 2979 4629 divinitate
3006 4580 3061 4627 et
3090 4570 3427 4625 humanitate
3449 4570 3502 4623 in
3524 4568 3745 4623 Christo

2166 4670 2387 4725 dicitur.
2449 4668 2563 4723 Hoc
2617 4678 2794 4721 autem
2848 4664 3258 4735 conjunctionis
3315 4676 3488 4731 genus
3536 4662 3744 4729 primus

2164 4763 2387 4819 tradidit
2410 4772 2631 4818 sanctus
2659 4760 2907 4831 Cyrillus,
2937 4774 3061 4812 cum
3100 4764 3428 4826 repugnaret
3469 4753 3741 4817 Nestorio,

2162 4858 2255 4927 qui
2312 4857 2541 4912 duarum
2590 4856 2643 4909 in
2692 4854 2912 4909 Christo
2956 4864 3278 4907 naturarum
3339 4847 3737 4919 copulationem

2164 4952 2352 5006 habitu
2391 4951 2506 5004 ﬁeri
2553 4949 2804 5011 docebat,
2851 4944 3210 5001 Exsccrunda:
3244 4942 3387 4997 enim
3430 4942 3575 4996 illius
3606 4940 3741 4992 resi-

2163 5055 2317 5099 stcns
2342 5043 2610 5112 opinioni,
2636 5040 3097 5110 conjunctionem,
3130 5054 3249 5107 qua:
3277 5036 3336 5090 ﬁt
3360 5052 3455 5105 per
3482 5037 3741 5103 hyposta-

2164 5133 2266 5186 sim
2297 5134 2413 5185 sive
2451 5146 2766 5200 personam,
2798 5130 3033 5191 induxit,
3094 5144 3199 5198 qua
3256 5127 3375 5183 dum
3430 5136 3640 5179 natura:
3688 5124 3743 5176 in

2165 5237 2271 5275 una
2317 5216 2569 5291 persona.
2593 5236 2702 5275 non
2735 5229 2915 5276 autem
2947 5220 3001 5273 in
3026 5220 3257 5282 duabus,
3317 5226 3375 5270 ut
3426 5216 3583 5283 nugis
3629 5214 3744 5267 suis

2161 5313 2440 5367 asserebat
2472 5313 2775 5376 Nestorius,
2805 5314 3152 5381 c0pu|antur.
3182 5310 3387 5364 Dicitur
3420 5315 3598 5359 autem
3628 5305 3743 5358 haec

2161 5412 2217 5456 et
2258 5417 2354 5471 per
2374 5408 2668 5458 essentiam
2684 5404 3022 5474 coniunctio,
3052 5404 3198 5473 quod
3227 5416 3352 5455 vera
3394 5398 3485 5462 sit,
3508 5412 3615 5448 non
3642 5412 3742 5451 au-

2162 5502 2269 5547 tem
2302 5494 2412 5547 sola
2431 5496 2690 5565 opinione
2721 5496 2978 5565 tingatur.

2230 5585 2402 5639 Aliter
2425 5587 2591 5641 etiam
2621 5603 2707 5649 ea,
2739 5601 2859 5654 quae
2894 5585 3123 5638 diversae
3158 5590 3287 5637 sunt
3338 5579 3591 5633 essentia).
3639 5593 3736 5647 per

2162 5692 2325 5733 unam
2353 5692 2638 5746 personam
2653 5678 2731 5731 sic
2750 5675 3176 5744 conjunguntur,
3205 5680 3264 5726 ut
3287 5687 3455 5737 unum
3486 5672 3598 5726 sint
3617 5686 3744 5741 sua,

2162 5768 2359 5840 cuique
2387 5767 2470 5821 vel
2500 5776 2622 5837 post
2649 5765 3100 5837 conjunctionem
3130 5774 3343 5823 servata
3379 5762 3734 5835 pmprietate.
