4066 6288
291 430 299 437 ,
367 351 467 412 2:51

1615 344 1997 406 EU'J‘HYMII
2041 342 2400 403 ZIGABENI

3517 337 3621 400 252

370 466 498 529 Quae
526 461 747 529 quidem
784 462 1102 530 coniunctio
1142 458 1376 528 quadrat
1432 458 1593 511 etiam
1650 457 1845 510 anima:
1904 462 1956 506 et

2073 451 2230 503 Γοῠτο
2251 449 2306 501 δὲ
2336 449 2632 516 ἀρμόσειεν
2667 446 2733 499 ἂν
2777 446 2870 499 καὶ
2907 445 3000 499 ἐπὶ
3039 444 3218 515 ψυχῆς
3250 445 3344 498 καὶ
3374 445 3625 513 σώματος

371 561 591 630 corpori
628 560 681 613 in
704 576 868 615 unam
887 559 1215 615 coeuntibns
1235 570 1550 626 personam,
1577 564 1636 608 ut
1655 554 1946 607 Damasce-

2073 544 2131 604 ,ις
2184 540 2313 609 μίαν
2348 539 2661 591 ἑνωθέντων
2690 537 3013 603 ὑπόστασιν,
3066 538 3143 601 ὡς
3191 539 3220 591 ό
3266 539 3627 610 Δαμασκηνὸς

373 671 478 707 nus
496 653 735 707 edocuit.

445 745 697 812 Ejusdem
724 745 922 798 dicitur
952 757 1075 796 esse
1108 755 1352 809 persona:
1400 738 1480 801 id,
1538 739 1681 806 quod
1745 737 1797 790 in
1848 750 1952 790 una

375 837 677 903 eademque
741 851 972 904 persona
1020 848 1143 887 cum
1218 831 1327 884 alio
1376 846 1405 884 ει
1465 846 1572 899 quo
1620 828 1840 883 differre
1869 843 1955 881 es-

374 928 552 980 sentia
578 924 945 994 conjungitur,
980 933 1040 977 ut
1065 924 1120 976 in
1159 921 1340 975 anima
1362 936 1578 989 quoque
1611 920 1673 974 lit
1728 930 1783 973 et
1833 933 1957 973 cor-

374 1033 526 1087 pore.

447 1106 713 1159 Omnibus
737 1105 896 1157 rebus
927 1104 1198 1159 immistus
1224 1117 1307 1158 est
1338 1105 1479 1158 Deus
1507 1119 1603 1173 per
1632 1102 1956 1173 potentiam,

377 1209 631 1251 naturam
669 1197 933 1263 cujusque
974 1205 1251 1264 regentem
1282 1207 1335 1249 et
1373 1204 1811 1259 conservantem,
1871 1193 1960 1247 Fi-

378 1289 483 1341 lius
525 1298 705 1339 autem
730 1287 948 1339 etDeus
982 1300 1107 1339 cum
1148 1285 1489 1339 humanitate
1533 1294 1807 1355 assumpta
1861 1288 1961 1339 mi-

378 1387 495 1429 stus
521 1385 604 1428 est
640 1391 735 1441 per
774 1390 1083 1443 personam.
1494 1380 1499 1383 '
1942 1442 1945 1445 ἢ

450 1466 565 1530 Qua
596 1467 803 1519 ratione
828 1465 971 1517 Patri
1007 1465 1332 1534 conjunctus
1350 1472 1433 1519 est
1463 1462 1738 1526 Christus,
1770 1462 1961 1517 eadem

382 1564 435 1610 et
457 1557 616 1610 nobis
642 1558 971 1626 conjunctus
998 1565 1102 1618 est,
1128 1571 1224 1625 per
1257 1566 1508 1609 naturam
1560 1555 1841 1609 nimirum.
1901 1555 1965 1608 Et

381 1664 488 1713 qua
512 1648 720 1701 ratione
755 1648 987 1703 differta
1033 1649 1219 1710 Patre,
1270 1648 1460 1701 eadem
1508 1663 1538 1701 a
1593 1646 1755 1701 nobis
1797 1647 1964 1701 etiam

384 1741 592 1803 dill'ert,
625 1756 825 1806 nempe
856 1754 953 1808 per
987 1754 1296 1809 personam,
1321 1738 1420 1793 sibi
1440 1747 1619 1792 autem
1652 1754 1750 1807 per
1779 1754 1966 1807 perso-

2053 630 2310 696 ἐδίδαξεν.

2138 722 2588 790 Ὀμοῦπόστατόν
2641 723 2757 774 ἐστι
2788 720 2850 774 «re
2898 720 2980 784 είς
3014 721 3145 790 μίαν
3191 720 3285 774 καὶ
3329 721 3430 790 τὴν
3462 719 3630 791 αὐτὴν

2055 812 2358 865 ὑπόστασιν
2381 813 2527 882 ἄλλῳ
2560 813 2995 882 συντεθειμένον,
3028 812 3283 883 διαφέρον
3311 811 3367 865 δὲ
3402 811 3537 881 πρὸς
3569 813 3631 863 ea

2061 904 2192 957 αὐτὸ
2226 904 2369 958 κατὰ
2398 904 2495 974 τὴν
2534 904 2745 968 οὐσίαν,
2792 904 2868 967 ὡς
2892 904 2984 957 ἐπὶ
3010 903 3189 973 ψυχῆς
3228 903 3322 955 καὶ
3356 901 3628 967 σώματος.

2132 1081 2275 1133 [lict
2311 1079 2410 1149 μὲν
2457 1079 2792 1150 ἐγκέκραται
2832 1081 2859 1133 ό
2893 1078 3025 1142 Θεδς
3069 1079 3213 1132 κατὰ
3254 1078 3354 1148 τὴν
3387 1094 3633 1130 συνεκτι-

2060 1169 2163 1240 κὴν
2188 1172 2420 1239 δύναμιν
2449 1171 2549 1239 τῆς
2605 1174 2661 1223 ἐν
2714 1170 2929 1239 ἑκάστῳ
2962 1170 3195 1238 φύσεως,
3235 1170 3264 1221 δ
3293 1169 3349 1222 δὲ
3383 1169 3509 1227 re;
3539 1171 3633 1221 και
3726 1154 3738 1165 ’

2062 1262 2195 1325 θεὸς
2240 1263 2318 1330 τῷ
2350 1261 2744 1331 προσλήμματι
2770 1261 2896 1315 καθ’
2926 1262 3223 1314 ὑπόστασιν
3249 1262 3633 1332 ἐγκαταμέμι-

2064 1373 2215 1408 κται.

2134 1441 2205 1519 τῼ
2237 1447 2379 1516 λόγῳ
2404 1449 2432 1500 ό
2454 1447 2687 1518 Χριστὸς
2724 1448 2931 1519 ἥνωται
2981 1447 3059 1515 τῷ
3107 1446 3304 1517 [Ιατρὶ.
3332 1447 3508 1518 τούτῳ
3541 1448 3634 1501 καὶ

2063 1537 2198 1604 ἡμῖν
2219 1552 2235 1567 ο
2266 1537 2406 1590 κατά
2435 1537 2534 1608 τὴν
2567 1537 2728 1605 φύσιν
2762 1537 2869 1607 γάρ
2895 1536 2989 1591 καὶ
3014 1536 3059 1607 ᾣ
3089 1537 3233 1606 λόγῳ
3258 1536 3512 1608 διῄρηται
3539 1536 3633 1589 τοῦ

2068 1628 2302 1694 ῐιατρδς,
2324 1628 2498 1698 τούτῳ
2528 1629 2621 1681 καὶ
2652 1632 2683 1698 ἡ
2694 1628 2810 1699 μῶν
2830 1645 2843 1660 ·
2884 1629 3023 1683 κατὰ
3042 1628 3141 1699 τὴν
3180 1629 3479 1682 ὑπόστασιν
3502 1628 3633 1698 γάρ·

2068 1720 2248 1789 ἑαυτῷ
2292 1720 2349 1772 δὲ
2403 1719 2548 1773 κατὰ
2587 1721 2685 1787 μὲν
2724 1720 2821 1792 τὴν
2868 1720 3168 1775 ὑπόστασιν
3217 1722 3457 1791 ἥνωται,
3495 1718 3636 1775 κατὰ

386 1783 592 1803 ...ηυη
703 1783 825 1806 ...νυ
857 1783 943 1808 ιη.
990 1783 1296 1809 raucum",
1321 1783 1619 1793 -......-.--..
1654 1783 1741 1807 re-
1780 1783 1932 1807 ,νην

386 1848 505 1887 nam
537 1831 591 1884 in
613 1846 781 1884 unum
805 1831 1109 1899 copulatur,
1144 1845 1241 1899 per
1279 1840 1530 1884 naturam
1583 1844 1716 1885 vero
1773 1829 1967 1884 dividi-

2073 1809 2123 1860 δὲ
2147 1783 2245 1879 τὴν
2277 1811 2441 1878 φύσιν
2469 1783 2741 1883 διῄρηται.
2778 1783 2890 1865 Καὶ
2925 1811 3040 1864 ἔστι
3071 1811 3150 1881 τῷ
3182 1783 3281 1881 μέν
3310 1812 3487 1883 Πατρὶ
3538 1814 3637 1866 καὶ

388 1935 493 1978 tur.
526 1923 743 1977 Etcum
784 1923 942 1975 Patre
980 1922 1197 1990 quidem
1234 1930 1289 1976 et
1336 1922 1622 1976 nobiseum
1681 1930 1766 1976 est
1821 1920 1968 1991 ejus-

385 2016 508 2069 dem
548 2023 773 2079 naturze,
810 2029 917 2067 nou
947 2023 1129 2067 autem
1157 2014 1400 2082 ejusdem
1456 2028 1724 2082 persotne,
1779 2027 1965 2066 secum

384 2113 566 2158 autem
599 2105 715 2172 ipse
738 2104 980 2172 eiusdem
1011 2118 1280 2172 personae,
1336 2117 1447 2155 non
1502 2110 1684 2154 autem
1721 2102 1965 2170 ejusdem

387 2203 616 2248 naturre.
640 2194 698 2247 ln
726 2210 790 2249 eo
818 2209 1055 2263 namque
1083 2202 1293 2248 natura:
1312 2200 1442 2247 sunt
1466 2193 1608 2257 dure,
1631 2202 1685 2247 et
1701 2208 1808 2247 una
1830 2192 1970 2247 dun-

388 2298 535 2342 taxat
552 2301 806 2355 persona.

459 2379 687 2445 Quando
718 2381 791 2444 id,
817 2380 960 2448 quod
975 2377 1338 2446 compositum
1370 2387 1470 2438 est,
1490 2391 1677 2428 earum
1710 2374 1965 2443 partium,

389 2489 456 2526 ex
485 2470 678 2541 quibus
708 2480 942 2532 constat,
986 2470 1307 2523 nominibus
1327 2470 1599 2536 appellare
1629 2482 1738 2520 non
1774 2481 1967 2532 possu-

394 2580 533 2627 mus,
568 2564 895 2631 tuncipsam
948 2572 1199 2615 naturam
1253 2576 1417 2613 unam
1490 2560 1738 2613 absolute
1783 2559 1968 2612 dicere

390 2656 796 2718 consuevimus,
832 2663 890 2707 ut
936 2669 1152 2723 corpus.
1196 2654 1433 2721 quodex
1480 2662 1714 2719 quatuor
1756 2658 1970 2705 constat

389 2746 695 2809 elementis,
726 2755 891 2809 terra,
926 2761 1085 2813 aqua,
1110 2760 1257 2809 aere,
1283 2752 1339 2797 et
1376 2744 1520 2812 igne,
1554 2758 1677 2795 cum
1741 2743 1961 2811 proprie

390 2851 495 2891 nec
519 2844 745 2902 terram,
779 2852 882 2890 nec
904 2851 1120 2905 aquam,
1153 2850 1255 2889 nec
1295 2850 1499 2898 aerem,
1533 2849 1632 2887 nec
1658 2835 1832 2903 ignt‘tn
1875 2851 1970 2887 no-

392 2925 605 2979 minare
637 2926 930 2996 possimus.
970 2926 1116 2995 quod
1150 2926 1267 2980 haec
1312 2926 1578 2995 simplicia
1647 2926 1781 2988 sint,
1836 2924 1969 2979 illud

392 3017 780 3086 compositum,
815 3032 977 3071 unam
1004 3018 1179 3087 ipsam
1203 3025 1454 3072 naturam
1482 3018 1733 3086 corporis
1779 3019 1968 3087 appel-

2069 1903 2204 1969 ἡμῖν
2266 1902 2537 1970 όμοφυὴς,
2592 1904 2653 1954 οὐ
2713 1904 2820 1973 μὴν
2867 1905 3307 1974 όμοῦπόστατοςο
3360 1903 3541 1973 ἑαυτῷ
3578 1903 3637 1957 δὲ

2070 1994 2505 2062 όμοὶπόστατος,
2533 1995 2593 2047 οὐ
2622 1995 2729 2065 μὴν
2758 1995 3025 2064 ὁμοφυής.
3061 1994 3207 2049 Διότι
3230 1995 3287 2050 αί
3319 1994 3429 2067 μὲν
3447 1992 3638 2065 φύσεις

2070 2086 2129 2139 ὲν
2154 2085 2302 2155 αὑτῷ
2336 2086 2449 2151 δύο,
2487 2087 2582 2157 μία
2609 2087 2665 2139 δὲ
2689 2089 2722 2156 ἡ
2755 2087 3073 2152 ὑπόστασις.

2141 2376 2215 2428 Τὸ
2238 2376 2293 2428 δὲ
2318 2375 2571 2428 σύνθετον
2593 2376 2789 2444 μηκέτι
2806 2373 3078 2445 δυνάμεθα
3100 2374 3303 2444 κυρίως
3322 2374 3504 2429 καλεῖν
3525 2391 3636 2436 τοις

2069 2470 2298 2538 ὀνόμασι
2338 2470 2448 2521 τῶν
2498 2470 2705 2539 μερῶν,
2757 2471 2816 2535 ἐξ
2872 2464 2947 2523 ὧν
2986 2471 3266 2541 συνετέθη.
3325 2469 3457 2523 Τότε
3509 2470 3638 2540 μίαν

2072 2561 2222 2630 αὖτῷ
2248 2561 2410 2627 φύσιν
2448 2560 2732 2623 ἁπολύτως
2774 2561 2956 2627 λέγειν
2996 2562 3287 2632 εἰώθαμεν
3336 2558 3446 2614 οἷον
3482 2561 3543 2614 τὸ
3570 2562 3633 2614 ὲκ

2070 2656 2357 2723 τεσσάρων
2390 2654 2670 2724 στοιχείων
2712 2654 3069 2723 συγκείμενον
3107 2654 3417 2723 οίονδήποτε
3453 2652 3633 2721 σῶμα,

2071 2744 2195 2811 γῆς,
2249 2744 2462 2809 ὓδατος,
2514 2744 2695 2812 ἀέρος,
2739 2744 2931 2815 πυρὸς,
2970 2747 3043 2815 μὴ
3092 2744 3380 2815 δυνάμενοι
3435 2744 3637 2814 κυρίως

2074 2834 2254 2887 καλεῖν
2281 2835 2313 2905 ἢ
2348 2836 2471 2904 γῆν,
2499 2836 2531 2903 ἥ
2564 2836 2727 2906 ὕδωρ,
2753 2837 2785 2906 ἦ
2810 2836 2970 2906 ἀέρα,
3009 2836 3181 2907 ἥπῦρ,
3206 2836 3378 2889 ταῦτα
3410 2836 3509 2905 μὲν
3528 2835 3638 2905 γὰρ

2073 2925 2239 2988 ἁπλᾶ,
2268 2928 2443 2979 ἐκεῖνο
2479 2926 2535 2981 δὲ
2560 2926 2839 2989 σύνθετον,
2881 2927 3013 2997 μίαν
3038 2928 3166 2980 αὐτὸ
3199 2928 3363 2995 φύσιν
3386 2928 3635 2995 σώματος

2074 3018 2435 3089 ὀνομάζομεν.
2496 3019 2653 3072 Οὕτω
2704 3019 2762 3072 δὲ
2813 3020 2999 3072 λοιπὸν
3044 3021 3136 3072 καὶ
3178 3019 3268 3071 τὸν
3328 3019 3635 3085 ἄνθρωπον,

392 3103 589 3158 lamus.
624 3103 716 3159 Sic
741 3104 872 3159 item
904 3106 1203 3168 hominem,
1242 3122 1367 3163 cum
1428 3106 1650 3177 proprie
1702 3124 1806 3161 nec
1848 3109 1965 3162 ani-

2073 3110 2294 3181 ὲπεῐπερ
2319 3111 2380 3164 οὐ
2402 3110 2676 3180 δυνάμεθα
2702 3112 2906 3182 κυρίως
2923 3111 3106 3164 καλεῖν
3127 3111 3159 3182 ἦ
3183 3109 3380 3181 ψυχὴν,
3407 3109 3437 3179 ἥ
3461 3109 3637 3176 σῶμα,

392 3209 561 3259 mam,
590 3210 691 3250 nec
716 3211 935 3265 corpus,
963 3213 1027 3251 ex
1048 3197 1244 3267 quibus
1272 3199 1610 3266 compositus
1637 3208 1738 3264 est,
1765 3214 1965 3255 vocare

392 3291 688 3349 valeamus,
722 3286 866 3355 quod
904 3287 1007 3340 alia
1044 3288 1115 3341 sit
1140 3288 1353 3352 animm,
1383 3289 1486 3342 alia
1536 3290 1808 3357 corporis.
1862 3290 1966 3344 alia

393 3376 630 3429 hominis
653 3376 921 3439 deﬁnitio,
947 3394 1106 3431 unam
1130 3394 1195 3432 ex
1221 3388 1449 3447 utroque
1495 3388 1834 3434 constantem
1864 3396 1968 3435 na-

393 3475 567 3519 turam
591 3465 840 3522 dicimus.
861 3464 1181 3535 Quanquam
1232 3466 1529 3535 Scriptura:
1582 3484 1699 3523 mos
1746 3478 1851 3532 est,
1908 3478 1969 3523 ut

394 3556 649 3610 libertate
678 3556 919 3625 Spiritus
945 3567 1104 3611 utens
1138 3574 1201 3612 ex
1247 3565 1400 3628 parte
1428 3567 1600 3613 totum
1632 3560 1965 3615 denominet.

394 3647 455 3700 lu
478 3647 697 3701 Christo
718 3656 900 3700 autem
926 3648 1241 3718 conjunctio
1275 3658 1357 3703 est
1383 3648 1673 3719 ejusmodi,
1701 3661 1759 3704 ut
1785 3652 1968 3707 verbis

395 3745 631 3807 nequeat
665 3739 948 3808 explicari,
978 3739 1084 3794 itno
1124 3755 1194 3794 ne
1226 3740 1459 3796 hominis
1517 3740 1735 3810 quidem
1787 3750 1970 3798 mente

395 3831 810 3898 comprehendi.
870 3829 1054 3900 Neque
1100 3832 1247 3886 enim
1297 3833 1457 3887 aliam
1514 3834 1619 3888 sibi
1680 3848 1969 3903 personam

398 3918 633 3975 Verbum
661 3921 929 3988 adiunxit,
967 3922 1062 3978 sed
1100 3930 1348 3976 naturam
1375 3925 1671 3977 humanam
1697 3939 1762 3978 ea
1797 3925 1971 3978 ratio-

400 4026 491 4076 ne,
526 4027 688 4082 quam
723 4015 838 4082 ipse
866 4012 1041 4077 novit,
1075 4015 1368 4084 assumpsit
1399 4029 1647 4085 persona
1675 4030 1802 4081 suae,
1841 4016 1969 4069 etin

397 4118 456 4158 se
478 4103 615 4172 ipso,
639 4113 698 4157 ut
720 4104 890 4174 magis
903 4106 1120 4175 proprie
1144 4107 1343 4172 dicam,
1364 4107 1675 4175 supposuit.
1699 4106 1969 4172 Quoniam

397 4203 579 4248 autem
617 4196 815 4263 ipsum,
842 4196 933 4265 qui
965 4212 1031 4249 ex
1069 4195 1358 4250 divinitate
1398 4206 1615 4251 constat
1665 4206 1720 4251 et
1772 4199 1975 4251 buma-

403 4284 600 4349 nitate,
634 4286 897 4353 partium,
931 4300 1050 4353 qua:
1080 4285 1133 4337 in
1167 4285 1286 4354 ipso
1321 4287 1581 4353 copulata:
1623 4294 1771 4352 sunt,
1800 4288 1971 4341 nomi-

402 4376 567 4430 nibus
595 4377 812 4445 proprie
841 4391 1133 4445 possumus
1184 4377 1458 4446 appellare
1487 4395 1501 4443 ;
1543 4378 1763 4448 proprie
1819 4379 1968 4433 enim

2072 3204 2130 3275 te
2160 3197 2234 3255 ὧν
2266 3204 2549 3274 συνετέθη.
2599 3204 2726 3258 ἄλλο
2782 3204 2913 3276 γὰρ
2944 3206 3069 3275 ὅρος
3127 3203 3327 3273 ψυχῆς,
3374 3202 3465 3256 καὶ
3514 3202 3641 3257 ἄλλο

2074 3295 2345 3367 σώματος,
2384 3297 2476 3350 καὶ
2524 3296 2651 3351 ἄλλο
2698 3294 2986 3367 ἀνθρώπου
3032 3296 3124 3348 τοῦ
3174 3296 3233 3361 ἐξ
3259 3295 3481 3365 ἀμφοῖν,
3511 3294 3643 3363 μίαν

2074 3387 2235 3453 φύσιν
2288 3386 2476 3440 τοῦτον
2514 3389 3000 3459 προσαγορεύομεν
3028 3403 3041 3418 °
3094 3389 3144 3441 εί
3186 3387 3275 3439 καὶ
3313 3385 3541 3456 σύνηθες
3576 3386 3642 3454 τῇ

2075 3480 2270 3551 Γραφῇ
2298 3479 2559 3541 πολλάκις
2586 3483 2653 3550 τῇ
2693 3479 2977 3550 ἐλευθερίᾳ
3004 3478 3319 3550 κεχρημένη
3348 3477 3439 3529 τοῦ
3476 3478 3645 3530 Πνεύ-

2077 3587 2246 3639 ματος
2308 3572 2371 3622 ὲκ
2415 3570 2508 3622 τοῦ
2557 3570 2757 3641 μέρους
2808 3570 2868 3622 τὸ
2915 3569 3034 3622 ὅλον
3082 3569 3389 3636 ὀνομάζειν.
3436 3568 3558 3621 Ἐπὶ
3586 3568 3649 3621 δὲ

2073 3662 2166 3716 τοῦ
2202 3662 2441 3733 Χριστοῦ
2472 3664 2748 3733 ἄφραστος
2805 3661 2902 3732 μὲν
2942 3664 2975 3735 ἥ
3030 3661 3260 3724 ἐνωσιςο
3319 3662 3377 3714 ού
3413 3662 3521 3733 γὰρ
3576 3661 3646 3722 ἂν

2076 3754 2322 3823 ἐφίκοιτο
2360 3754 2561 3824 ταύτης
2596 3753 2935 3822 ἀνθρώπινος
2976 3754 3119 3817 νοῦς.
3158 3753 3298 3807 Οὐδὲ
3339 3754 3445 3823 γὰρ
3514 3754 3647 3807 ὑπό-

2077 3863 2267 3899 στασιν
2308 3846 2502 3919 έτέραν
2545 3848 2572 3899 ὁ
2618 3845 2792 3915 Λόγος
2823 3846 3035 3917 ἥνωσεν
3076 3846 3276 3915 ἐαυτῷ.
3322 3846 3457 3902 ἀλλὰ
3484 3846 3647 3913 φύσιν

2077 3937 2449 4007 ἀνθρωπίνην,
2485 3936 2560 4000 ὡς
2605 3938 2763 4007 μόνος
2798 3938 2959 4000 αὐτὸς
3000 3934 3131 4001 οἶδε,
3170 3941 3234 4008 τῇ
3273 3937 3466 3991 ἑαυτοῦ
3516 3940 3647 3991 ὕπο-

2080 4026 2267 4078 στάσει
2317 4025 2518 4095 ἥνωσε,
2568 4026 2662 4104 κριὶ
2713 4026 2771 4076 έν
2823 4024 3022 4094 ἐαυτῷ,
3078 4025 3413 4096 κυριώτερον
3440 4029 3645 4094 εἰπεῖν,

2077 4118 2406 4185 ύπέστησεν.
2434 4116 2585 4169 Ἐπεὶ
2607 4117 2666 4170 δὲ
2700 4116 2859 4169 αὑτὸν
2885 4118 2950 4169 ὲκ
2973 4116 3223 4184 θεότητος
3246 4118 3336 4168 καὶ
3360 4116 3646 4186 ἀνθρωπό-

2082 4226 2243 4278 τητος
2300 4209 2430 4262 ὄντα
2465 4208 2747 4277 δυνάμεθα
2801 4209 3003 4279 κυρίως
3056 4209 3239 4262 λαλεῖν
3267 4212 3379 4271 τοῖς
3416 4210 3647 4279 ὀνόμασι

2076 4301 2183 4355 τῶν
2235 4301 2541 4355 ἑνωθέντων
2602 4301 2806 4371 μερῶν,
2862 4300 2995 4352 Θεὸν
3046 4300 3153 4371 γὰρ
3207 4301 3369 4355 αὑτὸν
3412 4300 3647 4369 λέγομεν

2078 4393 2301 4462 κυρίως,
2349 4393 2444 4445 καὶ
2492 4392 2775 4462 ἄνθρωπον
2812 4392 2974 4446 αὐτὸν
3009 4393 3352 4464 ὀνομάζομεν
3403 4393 3643 4464 κυρίως·

402 4468 553 4522 illum
585 4475 639 4521 et
670 4466 836 4520 Deum
867 4466 1117 4532 dicimus,
1137 4478 1192 4522 et
1220 4468 1497 4523 hominem
1558 4470 1775 4540 proprie
1803 4471 1969 4526 nomi-

2080 4460 2303 4545 εἰκότως
2341 4483 2447 4553 ἄρα
2478 4482 2569 4537 καὶ
2593 4460 2686 4535 δύο
2719 4482 2911 4552 φύσεις
2950 4460 3116 4537 αὑτὸν
3142 4460 3645 4555 προσαγορεύομεν,

403 4575 631 4625 namus;
684 4560 875 4616 merito
907 4569 1127 4630 propter
1178 4562 1504 4616 antedictam
1563 4577 1780 4617 causam
1837 4563 1974 4618 duas

407 4654 580 4720 ipsum
614 4664 856 4717 naturas,
895 4668 1002 4705 non
1034 4662 1215 4707 autem
1249 4669 1436 4718 unam,
1465 4663 1526 4707 ut
1582 4664 1796 4717 cratera,
1857 4669 1978 4723 quae

404 4744 704 4813 composita
729 4753 879 4806 sunt,
909 4738 1159 4809 dicimus,
1181 4760 1285 4799 nec
1306 4754 1415 4798 tres
1446 4761 1461 4810 ;
1494 4759 1672 4814 neque
1694 4745 1840 4798 enim
1884 4746 1980 4800 ho-

406 4834 608 4887 minem
644 4835 779 4888 duas
810 4835 1044 4890 dicimus
1068 4844 1311 4897 naturas,
1341 4836 1471 4890 licet
1519 4834 1574 4888 in
1623 4835 1858 4903 duabus,
1922 4846 1981 4892 ut

405 4926 837 4981 demonstratum
864 4936 967 4991 est,
996 4929 1205 4983 naturis
1235 4937 1466 4983 constet.

476 5017 667 5078 Omnis
695 5022 1017 5089 compositio
1045 5036 1109 5075 ex
1151 5021 1395 5089 partibus
1455 5019 1703 5090 proxime
1756 5035 1982 5091 compo-

408 5110 667 5164 nentibus
729 5119 1100 5178 nuncupatur.
1138 5107 1323 5176 Itaque
1377 5117 1435 5162 ut
1468 5109 1714 5171 domum,
1758 5123 1867 5163 non
1913 5124 1981 5162 ex

410 5210 555 5256 terra
611 5210 665 5255 et
694 5217 854 5271 aqua,
888 5201 985 5256 sed
1019 5216 1085 5256 ex
1130 5199 1401 5269 lapidibus
1449 5207 1503 5253 et
1556 5199 1751 5269 lignis;
1800 5199 1980 5253 homi-

413 5310 645 5362 nemque
673 5304 779 5349 non
806 5311 869 5350 ex
896 5303 1132 5363 quatuor
1159 5294 1467 5358 elementis,
1499 5293 1591 5347 sed
1624 5307 1691 5346 ex
1712 5291 1981 5358 anima;et

410 5396 638 5451 corpore
663 5383 912 5453 componi
955 5383 1223 5447 dicimus;
1274 5382 1352 5436 sic
1380 5382 1659 5435 Christum
1693 5398 1759 5435 ex
1783 5382 1980 5435 divini-

410 5482 519 5527 tate
544 5484 599 5527 et
624 5474 961 5529 humanitate
992 5492 1007 5529 :
1035 5490 1142 5528 non
1165 5474 1312 5528 enim
1350 5474 1583 5543 partium
1616 5484 1798 5543 partes
1849 5487 1982 5527 con-

409 5563 732 5625 sideramus,
774 5564 869 5619 sed
904 5579 998 5621 eas
1027 5574 1207 5636 partes
1245 5564 1411 5630 solas,
1461 5580 1582 5635 qua:
1628 5566 1887 5637 proximae
1925 5573 1983 5619 et

408 5666 638 5707 30(11an
651 5662 798 5708 sunt.

2080 4575 2175 4628 καὶ
2208 4574 2331 4627 οὔτε
2363 4575 2514 4646 μίαν,
2543 4574 2618 4638 ὡς
2648 4575 2817 4627 τᾶλλα
2870 4574 3191 4628 συντεθέντα
3224 4576 3313 4629 διὰ
3346 4575 3441 4645 τὴν
3473 4593 3645 4647 προα-

2081 4665 2394 4718 ποδοθεῑσαν
2428 4666 2628 4729 αίτίαν,
2658 4666 2780 4718 οὔτε
2810 4669 2978 4737 τρεῖς.
3028 4668 3103 4720 Ού
3131 4668 3239 4737 γὰρ
3276 4668 3370 4721 δύο
3399 4666 3593 4734 φύσεις
3619 4669 3649 4720 ό

2080 4755 2365 4827 ἄνθρωπος
2394 4756 2635 4823 λέγεται,
2671 4761 2719 4811 εἰ
2760 4760 2849 4811 καὶ
2875 4759 2939 4811 ὲκ
2970 4758 3061 4811 δύο
3096 4757 3308 4829 φύσεων
3338 4760 3647 4827 σύγκειται,

2080 4848 2263 4910 καθὼς
2292 4848 2696 4904 ἀποδέδεικται.

2154 5009 2309 5060 Πᾶσα
2361 5006 2612 5069 σύνθεσις
2665 5010 2729 5061 ὲκ
2785 5010 2896 5063 τῶν
2944 5010 3230 5079 προσεχίἶκς
3284 5010 3649 5063 συντεθέντων

2082 5100 2449 5154 συντεθεῖσθαι
2483 5101 2723 5169 λέγεται.
2749 5102 2957 5169 Ὠσπερ
2990 5100 3098 5170 γὰρ
3126 5101 3216 5153 τὸν
3235 5098 3381 5154 οίκον
3404 5104 3463 5153 οὐ
3492 5101 3648 5168 λέγο-

2085 5210 2186 5262 μεν
2232 5193 2296 5244 ἐκ
2323 5193 2426 5260 γῆς
2468 5192 2563 5245 καὶ
2611 5193 2824 5255 ὓδατος,
2874 5192 2991 5246 ἀλλ’
3036 5194 3098 5245 ὲκ
3130 5192 3295 5245 λίθων
3340 5197 3432 5245 καὶ
3474 5192 3649 5256 ξύλων

2083 5266 2478 5349 συεθτεθείσθαὶ,
2514 5285 2715 5353 ὁμοίως
2765 5284 2824 5337 δὲ
2875 5285 2970 5336 καὶ
3007 5283 3098 5335 τὸν
3132 5284 3419 5354 ἄνθρωπον
3449 5285 3547 5335 οὐκ
3581 5286 3647 5335 ὲκ

2081 5376 2188 5429 τῶν
2219 5377 2501 5445 τεσσάρων
2534 5377 2832 5446 στοιχείων,
2872 5375 2986 5428 ἀλλ’
3012 5377 3079 5427 ἐκ
3115 5376 3369 5444 σώματος
3411 5379 3503 5428 καὶ
3538 5376 3645 5444 ψυ-

2082 5468 2180 5537 χῆς
2202 5483 2215 5495 ο
2253 5467 2397 5519 οὓτω
2424 5466 2516 5519 καὶ
2544 5467 2633 5518 τὸν
2662 5465 2898 5534 Χριστὸν
2922 5468 2985 5518 ὲκ
3023 5466 3277 5534 θεότητος
3312 5466 3405 5517 καὶ
3436 5466 3643 5533 ἀνθρω-

2056 5562 2332 5626 ’πότητος,
2374 5560 2434 5611 οὐ
2479 5559 2547 5611 τὰ
2583 5560 2724 5628 μέρη
2759 5558 2867 5611 τῶν
2905 5560 3090 5628 μερῶν
3123 5556 3471 5621 σκοποῦντες,
3510 5557 3645 5610 ἀλλὰ

2082 5650 2220 5721 μόνα
2286 5649 2353 5702 τὰ
2422 5648 2830 5719 προσεχέστερα
2894 5649 3033 5718 μέρη
3110 5649 3203 5701 καὶ
3280 5648 3646 5715 κεφαλαιωδέ-

2084 5758 2271 5804 crepa.
