4120 6292
447 316 563 392 253

1416 325 1788 384 PANOPLIA
1831 324 2289 388 DOGMATICA.
2323 348 2392 365 ’-
2427 326 2575 388 ΤΙΤ.
2618 324 2751 389 VII.

3598 328 3704 392 ΞΜ

524 454 587 507 El
643 453 673 505 6
709 457 997 520 ἅνθρωπος
1040 462 1101 500 εν
1119 461 1245 501 συσὶ
1273 448 1487 517 φύσεσι,
1540 452 1816 518 σώματος,
1860 444 2014 511 λέγω1

2206 440 2265 496 Si
2284 441 2449 497 homo
2475 446 2690 497 constat
2720 454 2786 495 ex
2825 453 3054 509 corpore
3074 448 3129 494 et
3152 438 3354 504 anima,
3402 449 3464 494 ut
3490 440 3704 495 duabus

449 546 551 599 καὶ
573 542 779 614 ψυχῆς,
807 543 835 593 6
872 540 1108 610 Χριστὸς
1139 538 1245 608 ἄρα
1273 538 1332 589 ὲν
1362 538 1541 608 τρισὶν
1583 537 1740 589 ἔσται
1779 534 2028 601 φύσεσιν.

458 634 626 690 Ἀλλὰ
658 634 787 704 μίαν
815 632 929 701 ἔχει
970 630 1134 699 φύσιν
1162 632 1190 683 6
1232 629 1540 699 ἄνθρωπος.
1576 628 1745 696 ’Δλλη
1784 626 1884 696 μὲν
1921 626 2031 694 γὰρ

449 724 619 796 φύσις
653 723 931 792 σώματος,
958 722 1055 774 καὶ
1087 720 1224 789 ἄλλη
1254 720 1433 790 ψυχῆς
1454 719 1699 787 λογικῆς,
1732 710 1807 770 ὧν
1837 717 1870 786 ἠ
1904 715 2031 767 σύν-

447 818 570 880 οδος
604 815 731 886 μίαν
762 812 1015 867 ἀποτελεῖ
1045 811 1208 879 φύσιν
1231 812 1327 865 τοῦ
1370 809 1686 876 ἀνθρώπου.
1726 808 1835 861 Καὶ
1866 806 2028 876 μέχρι

453 912 559 981 μὲν
588 908 653 963 ἂν
681 909 907 979 ἥνωται,
945 905 1165 974 λέγεται
1216 904 1523 974 ἄνθρωπος,
1562 900 2028 969 διαζευγνυμένων

444 1002 529 1063 δὲ,
563 1001 664 1054 οὐκ
696 1001 799 1065 ἔτι,
823 997 960 1051 ἀλλὰ
996 998 1057 1051 τὸ
1101 999 1199 1067 μὲν
1232 996 1415 1066 σῶμα,
1453 995 1515 1048 τὸ
1540 995 1595 1047 δὲ
1631 993 1778 1063 ψυχὴ
1809 992 2023 1061 λογική.

443 1094 598 1148 Μίαν
629 1092 809 1146 τοίνυν
836 1090 948 1161 ἔχει
974 1089 1138 1157 φύσιν
1160 1090 1187 1141 6
1218 1088 1505 1157 ἄνθρωπος
1535 1085 1811 1139 σύνθετον.

438 1240 456 1313 i

520 1356 693 1425 Εἴπερ
711 1354 844 1408 ἴδιον
878 1352 972 1406 τοῦ
994 1354 1172 1420 Λόγου
1204 1354 1265 1406 τὸ
1286 1352 1643 1423 πρόσλημμα,
1673 1350 1884 1414 πάντως
1916 1351 2027 1420 ἄρα

444 1446 546 1499 καὶ
577 1445 646 1498 τὰ
673 1444 771 1497 τοῦ
797 1444 929 1497 ἰδίου
956 1443 1391 1513 προσλήμματος
1424 1436 1577 1505 οὗτος
1606 1442 2021 1513 ίδιοποιήσεται,

441 1538 497 1590 εί
532 1537 626 1591 καὶ
670 1536 744 1606 μὴ
779 1536 1065 1589 ὑπόκειται
1105 1522 1338 1597 τούτοίςθ
1377 1535 1470 1587 καὶ
1519 1532 1820 1603 μεταδώσει
1848 1534 2025 1602 τούτῳ

440 1628 560 1681 τῶν
599 1628 818 1691 ἑαυτοῦ,
865 1628 914 1679 εί
964 1628 1057 1680 καὶ
1118 1627 1196 1697 μὴ
1250 1625 1442 1688 οὕτως,
1500 1626 1579 1689 ὡς
1633 1626 1799 1688 αὐτὸς
1848 1626 2022 1679 ταῦτα

441 1720 733 1789 κέκτηται.
774 1719 949 1773 Τοῦτο
985 1720 1044 1773 δὲ
1086 1720 1291 1789 τρόπον
1341 1720 1665 1782 ἀντιδόσεως
1714 1717 2014 1789 καλοῦμεν,

441 1770 877 1880 augentes.
898 1770 909 1773 ⁷
930 1770 1039 1872 ξιξ
1060 1770 1297 1879 sint,
1345 1770 1484 1862 1.5;;
1501 1770 1786 1878 ’ῲιᾏέωζξ
1811 1770 1913 1863 έᾼὶ
1940 1770 2019 1864 ίτᾶ
2044 1770 2090 1829 Β

439 1900 690 1971 ἀλλήλων
736 1900 1200 1970 ίδιοποιουμένων.
1232 1902 1292 1954 ΕΞ
1328 1901 1385 1954 δὲ
1431 1902 1525 1955 καὶ
1574 1905 1906 1971 περιχωρεῖν
1936 1904 2015 1964 είς

439 1995 702 2065 ἀλλήλας,
734 1996 835 2047 καὶ
865 1995 923 2047 ἑν
953 1994 1213 2063 ἀλλήλαις
1236 1994 1438 2055 ταύτας
1464 1993 1669 2063 φαμὲν,
1689 1992 1805 2046 ἀλλ’
1836 1993 1928 2046 οῦν
1953 1996 2019 2047 ἐκ

438 2086 544 2155 τῆς
582 2085 735 2147 θείας
766 2086 986 2153 φύσεως
1017 2086 1049 2154 ἡ
1089 2083 1460 2154 περιχώρησις
1493 2083 1720 2153 >υρίως.
1744 2082 1892 2150 Αὕτη
1916 2082 2018 2151 μὲν

442 2180 553 2247 γὰρ
584 2178 673 2230 διὰ
699 2178 922 2230 πάντων
949 2178 1058 2229 τῶν
1089 2177 1402 2247 κτισμάτων
1423 2177 1500 2239 ὡς
1540 2176 1791 2246 βούλεται
1813 2175 2016 2245 διήκει,

444 2272 538 2325 διὰ
573 2272 631 2324 δὲ
656 2272 864 2340 ταύτης
893 2269 1069 2325 οὐδέν.

520 2445 662 2514 Τρία
691 2443 942 2512 σημαίνει
993 2444 1027 2512 ἡ
1060 2440 1348 2504 ἀντίδοσις,
1389 2438 1448 2491 ἓν
1480 2439 1581 2508 μὲν
1624 2438 1725 2508 τὴν
1753 2438 1863 2492 τῶν
1899 2438 2018 2492 ὀνο-

445 2537 657 2605 μάτων,
688 2535 764 2596 ὼς
812 2536 941 2587 ὅταν
974 2534 1066 2586 τὸν
1103 2532 1393 2601 ἄνθρωπον
1436 2530 1686 2599 λέγοιμεν
1729 2531 1884 2593 Θεὸν,
1922 2533 2015 2584 καὶ

438 2612 533 2684 τὸν
565 2628 700 2681 Θεὸν
731 2626 1020 2697 ἄνθρωπον
1040 2640 1054 2655 ’
1084 2625 1272 2695 ἕτερον
1294 2624 1352 2678 δὲ
1375 2623 1475 2694 τὴν
1499 2622 1608 2675 τῶν
1647 2624 2012 2694 πραγμάτων,

440 2721 567 2789 ἣτις
595 2717 716 2770 ἔστι
739 2716 924 2786 διττὴ,
954 2717 986 2786 ἡ
1031 2716 1128 2785 μὲν
1160 2714 1247 2785 ἴση
1273 2716 1367 2767 καὶ
1396 2715 1669 2783 ἀνόμοιος,
1696 2714 1771 2777 ὡς
1798 2715 1890 2767 ἐπὶ
1917 2712 2012 2766 τοῦ

439 2811 917 2883 ἀνθρωπισθέντος
944 2808 1105 2872 Θεοῦ,
1134 2809 1227 2861 καὶ
1256 2807 1352 2862 τοῦ
1377 2809 1672 2870 θεωθέντος
1697 2806 2013 2875 ἀνθρώπου.

438 2906 503 2958 Ei
538 2905 648 2973 γὰρ
670 2905 769 2957 καὶ
794 2902 1049 2955 τοσοῦτον
1069 2900 1275 2969 ιθεώθη
1318 2904 1345 2954 6
1388 2899 1762 2971 προσληφθεὶς
1796 2898 2011 2968 ἄνθρω-

442 3012 567 3061 πος,
611 2996 736 3047 ὅσον
781 2992 1205 3062 ἑνηνθρώπησεν
1239 2993 1268 3044 6
1309 2989 1629 3058 προσλαϐὼν
1667 2990 1819 3054 Θεὸς,
1871 2990 2012 3043 κατά

2134 534 2366 596 naturis,
2392 532 2646 588 Christus
2679 531 2865 602 utique
2886 546 2950 586 ex
2979 533 3152 588 tribus
3203 533 3420 589 naturis
3479 541 3700 587 consta-

2140 624 2242 679 bit.
2273 625 2344 678 At
2367 622 2584 678 unicam
2641 623 2804 677 habet
2850 622 3013 677 homo
3057 631 3327 675 naturam.
3386 623 3520 676 Nam
3577 622 3704 676 licet

2131 715 2235 770 alia
2266 714 2515 784 corporis
2548 724 2742 769 natura
2778 713 2871 776 sit,
2902 713 3004 767 alia
3028 714 3224 767 animae
3248 715 3465 768 ratione
3498 714 3701 783 pracdi-

2130 813 2219 864 tae,
2246 804 2439 857 horum
2468 812 2646 856 tamen
2679 804 2998 873 congressio
3020 815 3270 858 naturam
3326 820 3489 857 uuam
3528 805 3704 859 homi—

2128 895 2213 947 nis
2233 894 2474 948 coniicit.
2514 893 2576 947 Et
2604 895 2844 963 quandiu
2895 896 3186 964 conjuncta
3233 904 3479 960 manent,
3533 894 3699 947 homo

2127 987 2361 1052 dicitur;
2392 995 2747 1055 posteaquam
2800 986 3041 1054 sejuncta
3094 996 3242 1049 sunt,
3301 1003 3409 1040 non
3465 989 3700 1056 amplius

2126 1074 2316 1137 homo,
2347 1077 2441 1130 sed
2473 1091 2600 1146 pars
2622 1091 2733 1130 una
2760 1076 3013 1139 cadaver,
3041 1077 3210 1130 altera
3242 1078 3422 1132 anima
3484 1080 3699 1133 ratione

2126 1167 2375 1236 praedita.
2408 1168 2582 1222 Unam
2615 1168 2782 1236 igitur
2807 1168 2971 1221 habet
3002 1168 3167 1221 homo
3196 1177 3447 1223 naturam
3473 1185 3700 1238 compo—

2124 1258 2309 1311 sitam.

2194 1348 2250 1402 Si
2276 1360 2555 1419 assumpta
2603 1350 2917 1405 humanitas
2965 1361 3049 1405 est
3090 1351 3247 1405 Verbi
3294 1350 3531 1419 propria,
3578 1366 3699 1418 qua:

2124 1442 2478 1497 humanitatis
2531 1453 2822 1512 assumpta:
2874 1445 3095 1514 propria
3134 1453 3285 1507 sunt,
3326 1452 3488 1497 erunt
3533 1444 3696 1497 etiam

2126 1531 2290 1587 Verbi
2329 1535 2568 1603 propria,
2594 1535 2891 1590 liceteisse
2915 1536 3089 1605 ipsum
3123 1551 3232 1589 non
3281 1536 3558 1605 subjiciat,
3602 1535 3699 1588 sed

2123 1624 2201 1678 illi
2233 1627 2621 1689 communicet,
2650 1642 2772 1696 qum
2828 1643 2928 1683 sua
2966 1637 3117 1693 sunt,
3168 1618 3572 1697 quamvis'non
3633 1642 3701 1681 eo

2128 1716 2313 1779 modo,
2351 1732 2460 1786 quo
2497 1732 2562 1771 ea
2597 1733 2708 1773 ase
2734 1719 3106 1787 possidentur.
3149 1719 3301 1773 lianc
3348 1725 3528 1773 autem
3576 1734 3700 1772 mu-

2120 1807 2562 1862 tuaztributionis
2590 1810 2856 1863 rationem
2884 1824 3174 1874 vocamus,
3225 1824 3332 1879 qua
3377 1817 3587 1864 natura:
3639 1825 3698 1864 se

2120 1898 2358 1954 vicissim
2386 1900 2631 1970 capiunt,
2660 1911 2717 1956 et
2743 1917 2863 1972 quae
2891 1904 3107 1972 utrique
3143 1904 3364 1972 propria
3390 1910 3541 1966 sunt,
3590 1902 3696 1956 sibi

2120 2001 2310 2046 mutuo
2336 1991 2603 2047 tribuunt.
2632 1994 2710 2047 Ac
2734 1996 2947 2049 tametsi
2973 1995 3209 2049 vicissim
3256 2009 3322 2047 ac
3356 2003 3545 2047 mutuo
3598 1994 3700 2048 bas

2118 2085 2259 2139 inter
2292 2101 2351 2141 se
2382 2101 2690 2142 commeare
2714 2089 2969 2153 dicimus,
3003 2090 3107 2143 hoc
3165 2096 3346 2142 tamen
3397 2103 3465 2142 ex
3513 2088 3695 2144 divina

2120 2179 2334 2246 proprie
2367 2188 2558 2233 natura
2590 2180 2809 2248 pendet,
2849 2198 2969 2249 quae
2998 2195 3093 2249 per
3122 2180 3305 2233 omnia
3346 2179 3567 2240 transit,
3638 2189 3694 2232 et

2117 2279 2386 2324 commeat
2440 2279 2495 2324 et
2546 2279 2813 2340 penetrat,
2873 2272 2948 2325 uti
3001 2271 3136 2337 vult,
3184 2285 3280 2341 per
3326 2271 3468 2324 illam
3510 2278 3693 2323 autem

2118 2360 2280 2414 nihil.

2190 2450 2313 2505 Haec
2334 2461 2521 2505 mutua
2563 2449 2788 2504 tributio
2819 2450 2900 2503 vel
2934 2449 2987 2503 in
3018 2450 3331 2504 nominibus
3377 2451 3696 2506 considera-

2118 2551 2223 2605 tur,
2260 2553 2318 2596 ut
2350 2558 2473 2598 cum
2514 2538 2790 2596 hominem
2831 2542 3065 2595 dicimus
3134 2542 3325 2608 Deum,
3412 2552 3467 2598 et
3522 2545 3690 2597 Deum

2118 2633 2413 2695 hominem,
2453 2634 2535 2685 vel
2582 2633 2637 2685 in
2674 2633 2857 2695 rebus,
2886 2640 2941 2686 et
2994 2616 3110 2687 haec
3147 2642 3231 2687 est
3288 2635 3508 2702 duplex.
3555 2634 3689 2687 Nam

2115 2732 2208 2774 aut
2247 2720 2471 2790 mqualis
2502 2730 2661 2776 estet
2725 2722 3027 2786 dissimilis,
3093 2734 3150 2777 ut
3198 2726 3252 2777 in
3312 2724 3424 2779 Deo
3472 2727 3692 2780 homine

2115 2814 2283 2875 facto,
2310 2820 2365 2866 et
2399 2811 2451 2865 in
2487 2812 2709 2867 homine
2732 2814 2874 2868 facto
2908 2813 3041 2867 Deo.
3097 2812 3248 2867 Licet
3276 2815 3418 2866 enim
3478 2823 3689 2871 tantum

2113 2913 2426 2972 assumptus
2466 2905 2628 2959 homo
2659 2904 2834 2958 factus
2884 2905 2955 2959 sit
3017 2904 3181 2966 Deus,
3227 2915 3493 2973 quantum
3547 2907 3689 2960 Deus

2113 2993 2388 3048 hominem
2422 3010 2706 3049 assumens
2742 2994 2915 3049 factus
2974 3004 3058 3049 est
3112 2995 3313 3058 homo;
3354 3011 3450 3064 per
3492 3011 3691 3063 corpus

442 3088 607 3155 σῶμα
640 3086 772 3155 γὰρ,
802 3086 896 3138 καὶ
942 3083 1144 3153 ψυχὴν,
1181 3084 1274 3135 καὶ
1318 3081 1444 3135 νοῦν
1471 3083 1564 3135 καὶ
1595 3084 1628 3153 ἡ
1660 3080 2007 3151 ὲνανθρώπη-

2116 3086 2253 3137 ειιίηι
2281 3092 2335 3138 ει
2363 3085 2623 3148 animam,
2659 3093 2714 3138 et
2744 3094 2981 3139 mentem
3012 3092 3245 3153 utroque
3297 3083 3500 3138 factum
3561 3095 3685 3152 est;

440 3194 550 3241 σις,
592 3178 692 3230 καὶ
739 3179 773 3247 ἡ
826 3174 1053 3237 θέωσις·
1104 3174 1220 3227 ἀλλ’
1259 3175 1358 3243 οὐχ
1398 3174 1620 3242 ὁμοίως.
1677 3173 1736 3226 ὐ
1769 3174 1868 3244 μὲν
1901 3175 2011 3243 γὰρ

436 3273 603 3340 φύσει
654 3271 879 3339 γέγονεν
920 3269 1227 3338 ἄνθρωπος.
1263 3268 1292 3320 6
1338 3267 1394 3319 δὲ
1445 3267 1593 3319 θέσει
1631 3267 1787 3331 Θεός.
1836 3268 1900 3319 'H
1953 3266 2010 3319 δὲ

434 3362 604 3431 ὁμοία
662 3361 756 3414 καὶ
804 3359 1012 3422 ἄνισος,
1043 3358 1117 3419 ὡς
1158 3357 1254 3410 ἐπὶ
1304 3358 1404 3425 τῆς
1456 3358 1894 3426 ὲμπνευσθείσης
1933 3359 2011 3430 τῷ

436 3453 714 3523 ἀνθρώπῳ
753 3453 902 3522 παρὰ
947 3451 1084 3503 Θεοῦ
1130 3451 1330 3519 ψυχῆς,
1364 3452 1456 3505 καὶ
1490 3454 1590 3519 τῆς
1633 3450 2011 3520 δανεισθείσης

435 3545 516 3613 τῷ
548 3544 671 3612 θεῷ
700 3543 792 3595 καὶ
839 3544 999 3613 Λόγῳ
1036 3544 1190 3610 παρὰ
1238 3542 1527 3610 ἀνθρώπων
1578 3543 1799 3611 σαρκός.
1831 3543 2010 3596 Εἰκὼν

438 3638 545 3707 μὲν
578 3637 688 3703 γάρ
734 3635 872 3688 Θεοῦ
902 3636 994 3689 καὶ
1036 3635 1200 3703 ὁμοία
1254 3636 1397 3688 κατὰ
1445 3635 1505 3688 τὸ
1544 3636 1771 3688 δυνατὸν
1800 3637 1831 3703 ἡ
1862 3635 2008 3705 ψυχὴ

433 3726 639 3794 λέγοιτ’
688 3726 776 3791 ἂν,
830 3726 920 3791 [an
972 3726 1029 3778 δὲ
1080 3724 1357 3791 οὐδαμῶς.
1413 3726 1521 3777 Καὶ
1575 3726 1695 3777 τότε
1753 3725 1855 3793 μὲν
1911 3724 2007 3776 τοῦ

434 3820 748 3890 κρείττονος
775 3818 1098 3890 μετέδωκεν,
1128 3817 1357 3886 ὕστερον
1381 3818 1437 3869 δὲ
1462 3816 1725 3886 μετέλαϐε
1757 3817 1852 3869 τοῦ
1886 3818 2007 3885 χεί-

437 3929 621 3983 ρονος.
658 3909 998 3981 Σημειωτέσν
1030 3909 1088 3962 δὲ
1115 3910 1195 3960 ὅτι
1220 3909 1353 3961 ποτὲ
1392 3910 1491 3976 μὲν
1520 3909 1611 3959 τὸν
1638 3909 1769 3961 Θεὸν
1793 3909 2010 3978 ἄνθρω-

436 4020 544 4059 πον
576 4003 829 4072 λέγομεν,
862 4001 994 4054 ποτε
1024 4000 1082 4054 δὲ
1108 4000 1199 4054 τὸν
1225 4000 1516 4069 ἄνθρωπον
1555 4000 1718 4052 Θεόνο
1762 4000 1864 4069 τὴν
1892 4001 2010 4054 θεό-

431 4116 577 4167 τητα
605 4098 663 4151 δὲ
688 4097 996 4167 ἄνθρωπον,
1030 4094 1062 4166 ἦ
1105 4093 1205 4164 τὴν
1252 4092 1652 4164 ἅνθρωπότητα
1686 4093 1819 4149 Θεὸν
1852 4093 2010 4147 οὐδα-

438 4192 581 4262 μῶςο

509 4284 625 4336 Οὐκ
654 4283 805 4335 ιστιν
830 4281 1012 4351 εὑρεῖν
1043 4278 1229 4333 εἰκόνα
1273 4281 1699 4351 παραστατικὴν
1738 4280 1833 4334 τοῦ
1873 4297 2008 4352 προ-

436 4376 723 4444 κειμένοιν
775 4370 1149 4441 πειρασόμεθα
1215 4369 1273 4424 δέ
1328 4386 1446 4423 τινα
1502 4374 1868 4441 παραγαγεῖν,
1908 4389 2008 4441 με·-

2114 3192 2224 3229 non
2255 3176 2512 3229 similiter
2534 3186 2756 3230 tamen:
2794 3171 2935 3229 Deus
2962 3177 3107 3229 enim
3133 3190 3232 3246 per
3275 3185 3527 3230 naturam
3576 3176 3692 3233 fac-

2116 3276 2203 3321 tus
2242 3276 2325 3321 est
2354 3267 2540 3333 homo,
2573 3271 2733 3321 homo
2753 3277 2931 3321 autem
2952 3281 3048 3335 per
3079 3266 3303 3336 gratiam
3345 3269 3511 3322 Deus.
3579 3269 3688 3323 Aut

2114 3357 2311 3411 similis
2370 3366 2426 3411 et
2475 3358 2777 3426 inaequalis,
2812 3357 2950 3411 utin
2988 3358 3169 3412 anima
3222 3373 3250 3410 a
3310 3358 3417 3411 Deo
3475 3358 3686 3411 homini

2111 3449 2257 3513 data,
2294 3459 2355 3504 ut
2388 3449 2443 3503 in
2468 3465 2635 3505 carne
2663 3451 2731 3505 ab
2760 3451 2982 3507 homine
3018 3452 3123 3507 Deo
3156 3460 3209 3504 et
3231 3450 3410 3506 Verbo
3459 3452 3684 3505 tributa.

2113 3545 2296 3612 imago
2324 3544 2471 3597 enim
2514 3543 2606 3597 Dei
2633 3555 2734 3609 est,
2764 3554 2819 3598 et
2840 3545 3018 3614 quoad
3038 3544 3153 3599 ﬁeri
3206 3553 3402 3615 potest,
3458 3544 3567 3598 Deo
3609 3545 3688 3597 si-

2111 3636 2255 3690 milis
2285 3636 2484 3698 anima,
2515 3636 2744 3703 aqualis
2777 3645 2959 3690 autem
2997 3637 3147 3690 nullo
3198 3635 3383 3690 modo.
3444 3636 3512 3689 Et
3557 3644 3690 3689 tunc

2108 3728 2328 3798 quidem
2356 3728 2410 3781 id
2444 3726 2617 3790 dedit,
2650 3728 2797 3796 quod
2829 3729 3180 3796 praestantius
3211 3740 3351 3789 erat,
3415 3737 3539 3798 post
3591 3743 3690 3781 au.

2116 3830 2222 3873 tem
2247 3820 2319 3881 id,
2347 3821 2489 3888 quod
2550 3830 2667 3875 erat
2715 3820 2978 3886 deterius,
3030 3822 3261 3889 accepit.
3320 3822 3518 3875 Verum
3568 3820 3688 3873 ani-

2116 3908 2567 3962 madvertendum
2625 3916 2729 3972 est,
2785 3909 3035 3977 quamvis
3089 3910 3380 3977 aliquando
3438 3910 3689 3965 dicamus

2111 3996 2281 4051 Deum
2308 3998 2602 4057 hominem,
2637 3998 2928 4066 aliquando
2959 4002 3230 4053 hominem
3253 4002 3443 4063 Deum,
3477 4002 3684 4055 divini-

2110 4096 2275 4141 tatem
2298 4097 2481 4141 tamen
2514 4088 2813 4153 hominem,
2846 4098 2941 4143 aut
2971 4091 3362 4146 humanitatem
3382 4092 3550 4146 Deum
3584 4109 3686 4147 nos

2110 4195 2390 4250 nunquam
2432 4180 2637 4235 dicere.

2180 4271 2295 4324 Etsi
2338 4271 2748 4349 nullumpotest
2804 4272 3113 4342 exemplum
3170 4274 3490 4344 excogitari,
3539 4275 3687 4345 quod

2112 4361 2272 4429 plane
2297 4377 2411 4415 rem
2444 4364 2777 4431 prepositarn
2801 4364 3090 4432 exprimat,
3126 4381 3228 4418 nos
3255 4374 3435 4420 tamen
3467 4366 3686 4434 aliquod

432 4435 597 4532 τρίαν
632 4461 731 4531 μὲν
758 4459 837 4523 ὡς
864 4435 1092 4529 πρὸς-τὸ
1134 4458 1365 4530 μέγεθος
1407 4458 1501 4512 τοῦ
1535 4435 1604 4530 μῦ
1618 4435 1865 4533 στηρίου,
1897 4435 2005 4516 τῶν

2116 4455 2308 4509 alierre
2336 4456 2682 4517 conabimur,
2712 4456 2855 4525 quod
2881 4457 3125 4527 quidem,
3152 4460 3196 4514 si
3218 4460 3292 4512 rei
3320 4460 3684 4530 magnitudini

432 4555 492 4608 δὲ
524 4551 727 4606 λοιπῶν
768 4549 1136 4622 ἀληθεστέραν
1175 4551 1259 4614 είς
1305 4551 1622 4620 ἐμφέρειαν.
1662 4552 1873 4623 Ὥσπερ
1893 4554 2005 4623 γὰρ

435 4646 485 4697 εἰ
523 4642 924 4712 πεπυράκτωσο
952 4641 1051 4713 μὲν
1071 4642 1193 4705 ὅλος
1228 4643 1361 4712 ἀὴρ,
1397 4643 1599 4711 μᾶλλον
1621 4644 1677 4696 δὲ
1702 4647 1751 4697 εί
1777 4641 2005 4717 πῦρῆν,

434 4738 639 4798 κόκκος
660 4736 718 4787 δέ
749 4752 834 4798 τις
883 4734 1138 4804 σιδηροῦς
1171 4734 1389 4805 ὲνετέθη
1432 4735 1630 4806 τούτῳ,
1662 4736 1879 4804 ἀνάγκη
1909 4738 2007 4791 καὶ

433 4827 629 4879 τοῦτον
679 4826 816 4895 πρὸς
858 4825 917 4877 τὸ
962 4824 1293 4893 ἐπικρατοῦν
1337 4826 1677 4879 πεποιῶσθαι
1728 4827 1985 4880 τοσοῦτον

435 4920 514 4982 ὡς
548 4920 626 4989 μὴ
655 4917 831 4971 δοκεῖν
860 4918 1047 4988 ἕτερον
1076 4913 1215 4970 εἶναι
1246 4916 1334 4970 διὰ
1368 4918 1429 4972 τὸ
1460 4916 1594 4990 πῦρ,
1627 4922 1677 4973 εί
1722 4921 1819 4975 καὶ
1853 4923 1880 4975 6
1905 4924 2006 4992 τῆς

434 5015 629 5077 οὐσίας
660 5013 810 5084 αὐτῷ
847 5013 1005 5081 λόγος
1053 5012 1346 5081 ὑφίστατοο
1394 5011 1568 5077 οὕτως
1602 5016 1633 5086 ή
1683 5016 2004 5087 ἀνθρωπίνη

434 5109 599 5177 φύσις
634 5107 895 5159 ἐνωθεῖσα
929 5108 992 5175 τῇ
1024 5104 1118 5157 τοῦ
1148 5104 1285 5160 Θεοῦ
1316 5108 1697 5177 κατεκρατήθη
1728 5109 2002 5176 τοσοῦτον,

433 5199 512 5260 ὡς
558 5198 632 5267 μὴ
658 5198 837 5249 δοκεῖν
871 5196 953 5250 ἔτι
985 5195 1147 5265 φύσιν
1171 5196 1459 5267 ἀνθρώπου
1488 5199 1691 5266 μένειν.
1725 5200 1824 5252 Διά
1847 5199 2005 5253 τοῦτο

434 5290 535 5342 καὶ
562 5288 615 5341 οῖ
638 5288 886 5359 Πατέρες
918 5287 1218 5342 τεθεῶσθαι
1248 5290 1458 5359 ταύτην
1491 5291 1748 5361 εἰρήκασι
1782 5291 1916 5355 πρὸς
1945 5290 2005 5343 τὸ

435 5382 770 5449 ἐπικρατοῦν
810 5381 1243 5450 ἀποὸλέψαντες.
1279 5381 1446 5434 Ὅθεν
1477 5383 1572 5435 καὶ
1607 5382 1705 5453 μία
1736 5383 1941 5434 τούτων
1969 5384 2003 5453 ἡ

436 5474 817 5544 προσκύνησις
846 5472 934 5526 διὰ
984 5475 1085 5546 τὴν
1132 5474 1261 5544 μίαν
1302 5472 1505 5527 τούτων
1558 5475 1858 5531 ὑπόστασιν
1911 5476 2004 5527 καὶ

435 5567 740 5637 ἀδιαίρετον
770 5563 990 5621 ἕνωσιν.

2110 4545 2297 4600 minus
2332 4546 2698 4614 respondebit,
2738 4548 2986 4617 apposite
3027 4559 3207 4603 tamen
3256 4560 3531 4620 utcunque
3588 4567 3684 4605 νει

2108 4638 2323 4694 ritatem
2347 4637 2711 4694 adumbrabit.
2742 4638 3210 4704 Quemadmodum
3242 4642 3287 4695 si
3341 4650 3486 4696 totus
3525 4658 3685 4697 exar-

2107 4732 2296 4789 descat
2332 4748 2425 4786 aer
2448 4732 2530 4786 vel
2561 4734 2742 4800 potius
2775 4734 2846 4787 sit
2876 4743 3022 4788 totus
3053 4735 3215 4804 ignis,
3274 4735 3528 4805 exiguum
3582 4751 3686 4789 au-

2110 4836 2214 4879 tem
2250 4824 2378 4878 ferri
2398 4824 2691 4877 frustulum
2725 4824 2781 4877 in
2849 4825 3003 4879 illum
3056 4824 3406 4893 conjiciatur,
3462 4842 3688 4883 necesse

2108 4915 2324 4985 quidem
2351 4913 2456 4969 erit
2480 4915 2609 4970 illud
2640 4915 2720 4968 sic
2773 4914 2933 4978 allici,
3000 4926 3059 4969 ut
3108 4915 3246 4969 nihil
3294 4917 3460 4980 aliud,
3520 4933 3684 4986 quam

2110 5008 2251 5078 ignis
2309 5021 2431 5061 esse
2485 5006 2755 5069 videatur.
2808 5016 3047 5061 attamen
3109 5008 3185 5061 illi
3240 5010 3492 5066 essentia;
3547 5012 3686 5065 ratio

2111 5097 2452 5169 permanebit
2487 5098 2717 5152 :eodem
2763 5098 2927 5153 modo
2964 5108 3158 5155 natura
3206 5102 3443 5157 humana
3489 5103 3688 5157 divinat

2108 5189 2421 5258 conjuncta,
2457 5187 2535 5242 sic
2565 5188 2633 5242 ab
2660 5189 2746 5243 illa
2806 5188 3205 5261 comprehema
3242 5204 3326 5249 est
3356 5203 3412 5245 et
3457 5206 3683 5259 snpera-

2109 5293 2183 5345 ιε,
2221 5288 2415 5334 utnon
2437 5280 2668 5350 amplius
2700 5292 2893 5337 natura
2944 5284 3183 5338 hominis
3239 5300 3359 5340 esse
3414 5284 3683 5338 videatur.

2108 5374 2175 5429 Et
2203 5374 2302 5427 hac
2323 5373 2391 5428 de
2421 5388 2583 5429 causa
2609 5376 2796 5430 Patres
2823 5376 3020 5441 nostri,
3079 5377 3223 5446 quod
3288 5385 3581 5444 exsuperat
3629 5386 3686 5432 et

2106 5466 2437 5526 dominatur,
2508 5467 2858 5532 intuentes,’
2893 5468 3038 5520 illam
3096 5466 3265 5520 Deum
3325 5480 3445 5518 esse
3485 5465 3684 5521 factam

2109 5558 2363 5613 dixerunt
2411 5557 2640 5628 Ideoque
2667 5568 2889 5629 propter
2924 5573 3086 5612 unam
3129 5559 3324 5612 horum
3391 5574 3721 5629 personam-
3784 5593 3791 5599 ο

2108 5649 2603 5706 etindissoluhilcm
2661 5650 3126 5720 conjunctionem,
3186 5666 3356 5706 unum
3408 5653 3537 5707 item
3597 5651 3684 5710 bis

2111 5741 2444 5798 adorationis
2469 5741 2675 5797 cultum
2706 5742 2918 5798 deberi.
