4120 6292
457 369 566 432 255

1684 365 2063 424 EUTHYMll
2110 362 2475 423 ZIGABENI

3596 358 3708 423 256

531 483 893 535 Personarum
924 478 977 530 in
1004 478 1221 533 Christo
1246 472 1608 534 diﬂ'erentiam
1642 492 1752 531 non
1780 478 2024 532 admitti-

2198 475 2473 547 Διαφοράν
2530 474 2632 543 μὲν
2672 473 3026 528 ὑποστάσεων
3078 474 3140 525 οὐ
3200 474 3431 543 λέγομεν
3462 476 3574 529 ἐπὶ
3606 479 3703 530 τοῦ

457 587 598 635 mus,
631 587 700 625 ne
717 578 964 640 quartam
992 585 1280 639 personam
1312 569 1368 622 in
1393 578 1581 624 sam-ta
1605 567 1878 622 Trinitate
1901 582 2030 621 con-

460 665 747 733 lingamus.
777 660 1098 715 Nalurarum
1136 670 1314 715 autem
1371 660 1719 731 agnoscimus
1771 660 2031 714 differen-

462 755 614 815 tiam,
639 768 706 807 ne
726 766 946 805 carnem
965 752 1209 820 ejusdem
1230 767 1328 821 per
1347 762 1599 805 naturam
1617 752 1868 806 essentia:
1908 766 2033 804 cum

455 841 674 895 Christo
694 840 982 893 credamus
1005 854 1146 892 esse.
1269 825 1279 834 ³

530 931 585 986 Si
620 941 729 986 tres
788 941 972 984 essent
1004 945 1159 984 mea:
1211 939 1423 994 statuae,
1469 944 1697 997 quarum
1757 944 1861 981 una
1902 942 2036 980 auro

460 1030 553 1073 aut
607 1034 730 1072 cera
760 1018 1001 1086 undique
1054 1019 1377 1080 illinerelur,
1431 1016 1726 1085 aliquodue
1774 1017 2033 1069 damnum

460 1112 575 1165 haec
605 1110 654 1162 in
684 1111 899 1179 propria
954 1111 1190 1163 essentia
1240 1109 1463 1169 faceret,
1517 1124 1583 1160 an
1614 1108 1752 1161 duas
1808 1116 2035 1160 naturas

458 1217 615 1256 veras
636 1211 691 1255 et
716 1202 973 1269 integras,
1006 1216 1159 1255 suam
1198 1200 1458 1254 nimirum
1516 1214 1706 1261 unam,
1766 1207 1821 1251 et
1874 1198 2033 1250 aliam

461 1292 650 1347 illitam
705 1304 753 1344 el
793 1291 1101 1358 adjunctain
1130 1296 1507 1351 conservaret,
1542 1302 1664 1340 cum
1709 1295 1890 1339 tamen
1962 1287 2033 1339 ob

461 1383 512 1435 id
544 1397 651 1434 non
672 1387 904 1448 quatuor
932 1379 1231 1432 evaderent
1264 1386 1482 1437 statuas.
1516 1378 1608 1431 sed
1648 1386 1759 1430 tres
1812 1377 2037 1429 omnino

463 1484 519 1526 ut
557 1484 713 1525 antea
749 1470 1171 1539 permanerent?
1200 1469 1312 1524 Hoc
1368 1471 1556 1528 modo.
1604 1477 1663 1521 ut
1725 1483 1790 1521 ex
1858 1468 2039 1535 parvis

462 1578 655 1632 magna
682 1562 1058 1628 conjiciamus,
1094 1570 1149 1614 et
1175 1560 1425 1615 obscuris
1452 1558 1777 1627 quibusdam
1813 1558 2039 1611 simula-

465 1654 573 1707 cris
620 1654 905 1709 veritatem
936 1652 1384 1722 pervestigemus,
1421 1652 1555 1705 duas
1590 1652 1642 1703 in
1696 1651 1914 1704 Christo
1940 1666 2039 1703 na-

469 1757 618 1799 turas
642 1754 696 1800 et
717 1761 876 1798 unam
900 1760 1186 1814 personam
1210 1744 1518 1801 considera,
1548 1750 1609 1795 ut
1655 1742 1799 1795 nulla
1852 1739 2037 1793 Trini-

2134 569 2397 638 Χριστοῦ,
2430 570 2516 620 ἵνα
2554 568 2627 638 μὴ
2649 568 2969 637 προσθήκην
3007 567 3270 636 τετάρτου
3303 570 3601 637 προσώπου
3632 574 3706 642 τῇ

2137 658 2267 725 ἁγία
2297 658 2488 728 Τριάδι
2514 660 2904 728 ἐπινοήσωμεν
2923 673 2938 688 ο
2975 656 3244 725 διαφορὰν
3268 658 3324 710 δὲ
3365 659 3584 726 φύσεων
3611 661 3709 713 λέν

2135 768 2326 820 γομεν,
2362 752 2448 803 ἴνα
2485 753 2560 819 μὴ
2591 752 2670 819 τῷ
2704 752 2861 821 Λόγῳ
2893 749 3038 804 κατά
3070 749 3170 821 τὴν
3212 750 3376 819 φύσιν
3418 754 3711 823 ὁμοούσιον
3787 782 3799 794 ς

2136 844 2235 909 τὴν
2267 843 2449 913 σάρκα
2483 861 2587 913 πρε
2598 844 2811 896 σϐεύσω
2820 860 2940 910 μεν.

2211 936 2270 987 El
2322 938 2469 1001 τρεῖς
2520 931 2660 1004 ἦσαν
2708 936 3025 1006 ἀνδριάντες
3060 938 3275 1007 χαλκοῖ,
3310 936 3516 990 τούτων
3540 937 3595 990 δὲ
3626 934 3711 998 εἷς

2138 1026 2437 1095 ὲπεχρίσθη
2480 1026 2670 1096 χρυσῷ
2705 1027 2735 1094 ἢ
2789 1028 2945 1097 κηρῷ
2989 1029 3190 1094 διόλου,
3240 1030 3471 1097 πότερον
3504 1030 3712 1097 ἐϐλάϐη

2139 1118 2266 1183 περὶ
2302 1117 2401 1185 τὴν
2433 1118 2570 1169 ἰδίαν
2595 1118 2783 1170 οὐσίαν
2825 1114 3002 1182 οὗτος,
3052 1122 3083 1189 ἢ
3133 1120 3295 1185 σώζει
3333 1122 3433 1183 τὰς
3464 1122 3558 1173 δύο
3593 1121 3698 1189 φύ-

2140 1223 2257 1269 σεις
2288 1208 2583 1278 ἀκεραίους
2614 1210 2706 1261 καὶ
2729 1209 3069 1280 ἀλωϐήτους,
3110 1214 3199 1265 καὶ
3230 1213 3329 1280 τὴν
3355 1213 3574 1275 ἑαυτοῦ,
3613 1216 3711 1265 καὶ

2142 1299 2241 1364 τὴν
2273 1299 2692 1368 ἐπιχρισθεῖσαν
2732 1301 2899 1370 αὐτῷ,
2933 1304 3027 1355 καὶ
3050 1304 3169 1355 οὐδὲ
3194 1305 3463 1372 τέσσαρες
3490 1305 3713 1365 πάντως

2146 1389 2465 1458 ἀνδριάντες
2526 1392 2676 1460 παρὰ
2715 1392 2892 1461 τούτῳ
2921 1396 3243 1459 γεγόνασινς
3277 1394 3489 1447 Οὐκοῦν
3516 1395 3593 1464 τῷ
3616 1396 3717 1448 αὑ-

2139 1479 2236 1529 τοῦ
2268 1481 2700 1549 παραδείγματι,
2753 1482 2828 1545 ὡς
2875 1486 2938 1560 ὲκ
2984 1484 3093 1537 τῶν
3152 1486 3366 1556 μικρῶν
3396 1486 3464 1539 τὰ
3501 1487 3714 1557 μεγάλα

2146 1572 2542 1640 στοχάσασθαι,
2583 1575 2680 1626 καὶ
2730 1576 2997 1644 ἀμυδραῖς
3035 1594 3182 1629 τισιν
3220 1578 3395 1630 εἰκόσι
3430 1578 3528 1647 τὴν
3576 1579 3719 1645 ἀλή-

2143 1661 2296 1714 θειαν
2333 1664 2793 1732 ἐνοπτρίσασθαι,
2839 1667 2948 1717 νόει
2981 1667 3077 1719 καὶ⁸
3105 1668 3194 1719 ἐπὶ
3226 1667 3322 1718 τοῦ
3351 1667 3594 1736 Χριστοῦ
3622 1667 3721 1719 δύο

2145 1755 2246 1823 μὲν
2276 1754 2373 1815 τὰς
2423 1756 2636 1824 φύσιις,
2674 1757 2805 1825 μίαν
2839 1758 2895 1810 δὲ
2940 1758 3043 1827 τὴν
3094 1759 3412 1824 ὑπόστασιν,
3463 1761 3557 1813 καὶ
3595 1760 3719 1811 οὑδὲ

469 1838 566 1890 tati
596 1846 813 1906 propter
853 1836 1206 1889 humanitatis
1254 1842 1503 1888 naturam
1557 1841 1893 1901 as'sumptam
1949 1829 2041 1883 liat

2148 1815 2447 1915 amne!)qu
2472 1849 2538 1916 τῇ
2570 1815 2763 1916 ΙΙάριόιδι
2800 1815 3186 1919 ὲπιγενῆσεται
3216 1850 3304 1902 διὰ
3471 1851 3720 1919 προσλη-

468 1929 726 1982 accessio.
757 1928 960 1981 Natura
1007 1925 1154 1979 enim
1200 1935 1285 1979 est
1340 1934 1640 1993 assumpta,
1696 1938 1806 1976 non
1856 1931 2037 1974 autem

467 2034 721 2090 persona.
750 2020 932 2084 Itaque
956 2027 1078 2087 post
1092 2017 1211 2086 ejus
1237 2019 1401 2070 etiam
1426 2016 1856 2083 asstnnptionem
1889 2028 2042 2065 inan-

464 2110 536 2163 sit
564 2125 668 2163 una
703 2108 976 2171 divinitas,
1012 2116 1067 2160 et
1102 2107 1319 2160 trinitas
1360 2120 1737 2175 personarum.

536 2282 652 2337 Non
685 2300 783 2354 per
816 2284 1168 2338 mutationem
1206 2324 1221 2345 .
1250 2293 1344 2337 aut
1382 2286 1764 2349 inversionem,
1789 2294 1881 2338 aut
1906 2300 2043 2339 con~

468 2376 733 2431 fusionem
765 2377 1003 2431 animata
1033 2377 1245 2431 Domini
1280 2392 1406 2431 caro
1436 2377 1618 2430 divina
1643 2379 1842 2432 dicitur
1880 2378 2042 2441 facta,

469 2475 526 2520 et
550 2468 867 2522 nominatur
903 2467 1065 2531 Deus,
1095 2467 1188 2522 sed
1225 2477 1444 2536 propter
1473 2483 1738 2521 summam
1798 2483 2045 2537 personae

364 2550 383 2571 ⁸
471 2560 929 2628 conjunctionem.
974 2557 1104 2612 Nam
1136 2566 1191 2611 et
1224 2558 1363 2612 Deus
1393 2558 1590 2612 dicitur
1624 2558 1798 2612 factus
1860 2564 2045 2623 homo,

471 2660 754 2719 propterea
784 2650 927 2719 quod
954 2640 1278 2703 humanitati
1303 2649 1624 2717 conjunctus
1653 2658 1756 2710 est.
1798 2659 1851 2703 et
1901 2650 2047 2702 Deus

469 2740 608 2808 ipse,
639 2750 695 2793 et
723 2741 839 2809 ejus
867 2741 1182 2793 humanitas
1237 2740 1418 2793 divina
1470 2740 1667 2795 dicitur
1696 2749 1915 2810 propter
1948 2755 2045 2793 ve-

473 2832 742 2882 rissimam
807 2830 933 2883 item
987 2829 1131 2882 illius
1202 2831 1256 2883 in
1323 2844 1558 2898 persona
1628 2830 2045 2899 copulationem.

477 2922 604 2973 l’ost
630 2920 769 2972 hanc
791 2929 971 2973 autem
997 2919 1395 2987 c0pulationem
1432 2930 1639 2974 natura:
1694 2936 1802 2973 non
1858 2920 2052 2975 conl‘u-

475 3028 548 3067 sa:
571 3028 693 3067 cum
724 3013 835 3067 suis
866 3012 1285 3080 proprietatibus
1315 3021 1651 3065 manserunt.
1681 3012 1885 3066 Aurum
1903 3013 2049 3065 enim

472 3104 663 3158 illitum
696 3104 840 3175 ligno
870 3103 1011 3157 idem
1044 3111 1348 3171 permanet.
1388 3103 1617 3172 Lignum
1635 3119 1765 3158 vero
1820 3113 1875 3158 et
1928 3104 2045 3157 auri

471 3195 783 3264 dignitatem
813 3194 1075 3255 lucratur,
1105 3207 1207 3247 nec
1237 3192 1439 3247 desinit
1490 3207 1617 3248 esse
1663 3192 1889 3263 lignum,
1951 3208 2050 3247 nec

474 3286 748 3357 prOpriam
766 3295 1020 3340 naturam
1050 3285 1401 3355 derelinquit.

548 3562 786 3617 Verbum
817 3570 873 3616 et
904 3561 1047 3617 Deus
1080 3572 1175 3617 aut
1202 3563 1540 3625 universum,
1568 3571 1664 3615 aut
1722 3562 2050 3632 singularem

478 3656 770 3724 assumpsit
799 3656 1094 3710 hominem.
1128 3655 1185 3709 Si
1218 3656 1556 3721 universum,
1583 3656 1756 3710 oculis
1778 3673 1887 3710 non
1922 3671 2044 3711 cer-

479 3756 723 3803 neretur.
752 3747 951 3801 Natura
977 3748 1122 3801 enim
1160 3748 1412 3803 universa
1433 3762 1544 3802 non
1596 3758 1682 3802 est
1728 3748 2048 3818 conspicua.

479 3840 747 3895 Praeterea
800 3840 999 3895 multas
1034 3840 1258 3895 haberet
1311 3854 1623 3909 personas;
1671 3840 1853 3909 plures
1906 3838 2050 3894 enim

478 3948 649 4003 genus
679 3933 993 3989 universum
1023 3933 1422 4003 complectitur.
1458 3931 1571 3988 Nec
1597 3933 1844 4001 ejusdem
1906 3942 2052 3987 esset

480 4025 757 4079 nobiseum
789 4025 1062 4080 essentia.
1090 4024 1200 4080 Nos
1227 4026 1371 4079 enim
1434 4040 1626 4079 sumus
1659 4022 1953 4079 individua.
1986 4023 2053 4078 Et

479 4116 646 4170 multa
677 4116 941 4185 ejuSmedi
975 4116 1312 4171 incommoda
1343 4127 1723 4185 sequerentur.
1793 4115 1889 4169 Sin
1950 4116 2048 4169 ho-

480 4209 681 4258 minem
705 4207 1000 4274 assumpsit
1024 4207 1373 4274 singularem,
1432 4206 1567 4260 duas
1615 4205 2052 4275 deprehendetur

483 4296 684 4351 habere
709 4310 991 4364 personas.
1030 4295 1324 4364 Reliquum
1365 4295 1529 4364 igitur
1571 4306 1676 4361 est,
1708 4304 1767 4349 ut
1799 4304 2052 4349 neutrum

481 4386 859 4455 assumpserit,
894 4386 990 4441 sed
1023 4386 1330 4456 singularis,
1363 4386 1469 4441 hoc
1496 4395 1598 4449 est,
1628 4385 1889 4439 individui
1951 4401 2050 4438 na-

2142 1938 2374 2006 φθεῖσαν
2430 1940 2594 2007 φύσιν
2639 1941 2738 2010 τῆς
2778 1942 3214 2010 ἀνθρωπότητος.
3247 1943 3358 1995 Καὶ
3404 1942 3580 2006 ἄλλως
3607 1944 3721 2012 γὰρ

2142 2028 2327 2098 φύσις,
2361 2030 2459 2098 οὑχ
2495 2028 2795 2091 ὑπόστασις
2826 2030 3204 2100 προσελήφθη.
3244 2031 3352 2084 Καὶ
3380 2032 3535 2098 τριὰς
3576 2026 3718 2083 οὖσα

2142 2116 2515 2181 ὑποστάσεων,
2539 2117 2663 2187 οὐχὶ
2686 2117 2921 2186 φύσεων,
2946 2120 2979 2189 ἡ
3009 2118 3108 2186 μία
3133 2118 3326 2187 θεότης
3341 2120 3505 2173 πάλιν
3529 2121 3719 2187 ἔμεινε

2143 2208 2238 2259 καὶ
2266 2209 2407 2276 μετὰ
2428 2208 2525 2277 τὴν
2560 2207 2756 2261 ἕνωσιν
2784 2209 2944 2277 τριὰς
2975 2209 3349 2261 ὑποστάσεων.

2215 2297 2292 2349 Οὑ
2324 2296 2466 2350 κατά
2505 2296 2810 2367 μεταϐολὴν
2837 2298 3077 2366 φύσεως,
3106 2298 3137 2368 ἢ
3166 2301 3395 2369 τροπὴν,
3427 2301 3459 2369 ἢ
3493 2301 3718 2353 ἀλλοίη)-

2147 2402 2254 2449 σιν,
2308 2387 2342 2455 ἣ
2399 2386 2660 2457 σύγχυσιν
2692 2389 2725 2457 ἠ
2778 2387 2870 2440 τοῦ
2918 2389 3123 2457 Κυρίου
3164 2388 3410 2458 ἔμψυχος
3452 2390 3588 2458 σὰρξ
3626 2409 3718 2440 τε-

2145 2475 2382 2529 θεῶσθαι
2414 2476 2656 2545 λέγεται,
2704 2477 2801 2531 καὶ
2856 2477 2986 2540 Θεὸς
3040 2477 3392 2546 ὀνομάζεται,
3439 2479 3579 2531 ἀλλὰ
3630 2480 3721 2532 διὸ

2144 2565 2245 2634 τὴν
2295 2566 2419 2619 καθ’
2474 2566 2778 2619 ὑπόστασιν
2830 2566 3025 2619 ἕνωσιν
3071 2568 3169 2620 καὶ
3215 2568 3529 2637 ἀκροτάτην
3589 2584 3720 2619 συν-

2148 2659 2372 2727 άφειαν.
2408 2658 2517 2712 Καὶ
2546 2658 2836 2727 ἄνθρωπος
2865 2659 2965 2728 μὲν
3002 2659 3110 2729 γάρ
3137 2659 3469 2728 γεγενῆσθαι
3499 2659 3722 2724 λέγεται

2151 2751 2180 2801 ὁ
2208 2749 2362 2811 Θεὸς,
2415 2748 2504 2801 διὰ
2535 2750 2596 2802 τὸ
2640 2750 2910 2819 ὲνωθῆναι
2958 2750 3375 2821 ἀνθρωπότητι·
3421 2750 3525 2803 καὶ-
3564 2749 3723 2813 Θεὸς,

2151 2842 2245 2892 καὶ
2269 2839 2495 2908 ὀμόθεος
2531 2842 2564 2909 ἡ
2597 2840 2961 2911 ἀνθρωπότης
2984 2841 3172 2906 αὑτοῦ,
3208 2841 3297 2894 διὰ
3326 2841 3425 2910 τὴν
3455 2841 3592 2910 πρὸς
3617 2841 3721 2892 αὑ-

2155 2932 2249 2983 τὸν
2293 2932 2496 3000 ὁμοίως
2528 2932 3011 3003 ἀκραιφνεστάτην
3052 2934 3148 2986 καὶ
3189 2934 3312 2986 καθ’
3342 2934 3641 2987 ὑπόστασιν
3666 2933 3713 2985 ἐι

2155 3038 2342 3074 νωσιν.
2372 3024 2733 3093 Μεμενήκασι
2786 3023 2845 3076 δὲ
2893 3026 2988 3077 καὶ
3028 3025 3164 3094 μετὰ
3216 3025 3317 3094 τὴν
3362 3024 3625 3092 τοιαύτην
3678 3023 3708 3075 ἕ

2078 3150 2119 3203 C
2161 3130 2327 3165 νωσιν
2381 3116 2436 3166 αἱ
2483 3116 2675 3182 φύσεις
2706 3115 3029 3185 ἀσύγχυτοι,
3058 3117 3152 3168 καὶ
3196 3115 3332 3185 μετά
3358 3115 3468 3168 τῶν
3504 3115 3724 3167 οἰκείων

2162 3203 2465 3274 ιδιοτήτων,
2514 3207 2588 3258 Τὸ
2629 3208 2738 3275 γάρ
2781 3224 2863 3259 τοι
2902 3208 3127 3276 χρυσίον
3172 3207 3616 3277 ἐπαληλιμμένον
3646 3207 3725 3276 τῷ

2156 3294 2297 3364 ξύλῳ
2354 3297 2664 3366 μεμένηκεν
2703 3298 2840 3367 ὅπερ
2872 3292 3131 3367 ἦν.⁶Καὶ
3187 3297 3554 3349 καταπλουτεῖ
3619 3297 3726 3365 μὲν

2153 3388 2214 3440 τὸ
2244 3387 2399 3451 ξύλον
2428 3388 2523 3441 τοῦ
2554 3388 2782 3458 χρυσίου
2819 3388 2919 3456 τὴν
2947 3388 3130 3455 δόξαν,
3163 3389 3262 3442 οὑκ
3297 3390 3509 3458 ἀπέστη
3544 3389 3603 3441 δὲ
3628 3388 3727 3443 τοῦ

2154 3472 2299 3532 εἶναι
2332 3479 2512 3545 ξύλον,
2552 3480 2675 3533 οὐδὲ
2694 3480 2796 3549 τῆς
2820 3480 3027 3543 οίκείας
3054 3479 3293 3548 φύσεως.

2224 3571 2328 3625 Τὸν
2365 3571 2595 3623 καθόλου
2627 3572 2939 3641 ἄνθρωπον,
2974 3570 3006 3639 ἢ
3040 3570 3133 3622 τὸν
3158 3572 3385 3639 μερικὸν
3414 3572 3442 3624 ό
3471 3570 3605 3633 Θεὸς
3631 3572 3728 3624 καὶ

2152 3663 2323 3730 Λόγος
2373 3662 2658 3718 ἀνέλαϐεν.
2718 3663 2783 3716 Εἰ
2838 3663 2936 3732 μὲν
2979 3658 3075 3717 οὖν
3125 3662 3217 3715 τὸν
3246 3660 3499 3721 καθόλου,
3531 3663 3633 3715 οὑκ
3663 3663 3727 3717 ἂν

2151 3749 2221 3825 ἦν
2256 3754 2450 3823 ὁρατός
2474 3769 2489 3785 ·
2521 3755 2554 3823 ή
2580 3755 2689 3823 γὰρ
2715 3752 2946 3807 καθόλου
2979 3754 3141 3822 φύσις
3166 3754 3398 3823 ἀόρατος
3416 3768 3435 3807 λ’
3470 3753 3609 3807 ἀλλά
3631 3755 3728 3806 καὶ

2157 3846 2485 3907 ὑποστάσεις
2523 3845 2590 3899 ἂν
2629 3842 2741 3915 εἶχε
2768 3846 2969 3908 πολλάς
2988 3862 3004 3877 °
3047 3846 3188 3900 κατά
3230 3846 3497 3900 πλειόνων
3525 3846 3647 3915 γὰρ.
3666 3846 3729 3899 τὸ

2158 3937 2423 3991 καθόλου·
2479 3936 2575 3988 καὶ
2615 3936 2728 3989 οὐδ’
2756 3937 2823 3989 ἂν
2888 3938 3021 4005 ἡμῖν
3062 3931 3132 4006 ἦν
3170 3935 3479 4005 ὁμοούσιος.
3515 3936 3729 4004 ’Δτομα

2154 4027 2263 4095 γὰρ
2303 4027 2483 4095 ἡμεῖς,
2514 4025 2610 4078 καὶ
2650 4024 2825 4077 πολλὰ
2854 4024 3031 4078 ταῦτα
3068 4024 3388 4078 συνέὃαινεν
3424 4025 3627 4079 ἄτοπα.
3663 4026 3730 4077 El

2153 4118 2212 4172 δὲ
2241 4120 2332 4171 τὸν
2371 4117 2619 4186 μερικὸν,
2666 4116 2760 4169 δύο
2782 4115 3145 4185 εὑρεθήσεται
3188 4102 3330 4185 ἔχων
3379 4117 3729 4177 ὑποστάσεις.

2154 4210 2361 4262 Λοιπὸν
2396 4204 2491 4261 οὖν
2522 4207 2808 4276 οὐδέτερον
2858 4206 3144 4273 ἀνέλαὸεν,
3179 4207 3316 4261 ἀλλὰ
3361 4206 3527 4275 φύσιν
3575 4223 3729 4275 μερι-

2155 4298 2252 4352 κοῢ
2277 4299 2589 4369 ἀνθρώπου,
2634 4298 2915 4353 τουτέστιν
2946 4297 3151 4368 ἀτόμου
3176 4337 3191 4361 ,
3232 4297 3527 4367 γενόμενος
3564 4297 3730 4358 αὐτὸς

2155 4388 2453 4452 ὑπόστασις
2506 4388 2735 4459 ταύτης.
2778 4389 2840 4443 'll
2890 4389 2948 4443 δὲ
3001 4389 3097 4442 τοῦ
3152 4388 3384 4459 μερικοῦ
3437 4388 3729 4457 ἀνθρώπου

484 4487 658 4531 turam
683 4477 943 4537 hominis.
978 4476 1137 4547 cujus
1166 4477 1283 4547 ipse
1305 4492 1535 4546 persona
1563 4477 1683 4531 fuit.
1749 4476 2046 4546 Singularis

2157 4480 2321 4550 φύσις
2356 4482 2511 4550 κοινὴ
2553 4482 2654 4551 μέν
2701 4482 2870 4541 ἐστιν,
2921 4482 2982 4533 ἐν
3031 4480 3220 4550 ἀτόμῳ
3250 4480 3329 4534 δέ.
3382 4479 3624 4549 Μερικὸν
3668 4478 3728 4532 δὲ

481 4579 662 4625 autem
688 4568 921 4625 hominis
943 4579 1134 4623 natura
1159 4571 1465 4624 communis
1497 4569 1714 4639 quidem
1736 4577 1840 4635 est,
1871 4570 1967 4625 sed
1994 4570 2048 4623 in

484 4660 783 4716 individuo.
812 4658 1155 4732 Singularem
1194 4675 1325 4715 vero
1352 4660 1586 4716 dicimus
1638 4660 1938 4727 hominem,
1991 4670 2054 4716 ut

485 4752 830 4808 individuum
864 4751 1086 4820 speciei,
1123 4766 1229 4806 non
1257 4752 1494 4805 animam
1519 4751 1708 4817 solam,
1738 4759 1834 4805 aut
1855 4766 2055 4823 corpus

482 4845 680 4909 solum,
711 4844 804 4899 sed
829 4843 973 4912 quod
1005 4859 1072 4898 ex
1108 4852 1339 4910 utroque
1360 4841 1664 4896 conﬁcitur.

557 4935 689 5001 Quae
724 4940 777 4990 in
799 4943 991 4989 natura
1015 4938 1250 4989 humana
1283 4942 1411 4987 sunt
1443 4948 1469 4984 a
1504 4932 1636 4986 vitio
1671 4932 2054 5001 reprehensio-

485 5040 661 5093 neqne
691 5022 891 5085 aliena,
925 5039 987 5077 ea
1040 5022 1291 5078 Christus
1343 5021 1539 5091 partim
1584 5036 1747 5090 supra
1806 5022 2055 5078 homines

485 5114 719 5182 accepit,
744 5113 941 5183 partim
972 5122 1033 5167 ut
1063 5112 1334 5173 homines.
1367 5113 1562 5181 partim
1603 5114 1871 5182 abjectius
1891 5130 2052 5183 quam

490 5207 764 5264 homines.
798 5205 973 5276 Supra
1011 5205 1262 5261 homines
1287 5205 1407 5271 fuit,
1460 5207 1604 5275 quod
1665 5207 1785 5261 sine
1846 5209 2055 5263 semine

490 5308 789 5369 conceptus
831 5307 936 5364 est,
965 5297 1113 5368 quod
1141 5312 1208 5351 ex
1263 5298 1479 5367 Virgine
1517 5305 1700 5362 natus,
1759 5309 1813 5352 et
1859 5309 2055 5354 caetera

492 5393 686 5446 horum
713 5392 929 5447 similia.
960 5389 1251 5444 llominum
1292 5407 1440 5444 more
1488 5391 1613 5452 fuit.
1667 5390 1810 5457 quod
1861 5390 2059 5446 divina:

490 5482 781 5539 Genitricis
801 5494 1012 5539 uterum
1045 5483 1341 5537 infantulus
1366 5482 1667 5543 tumefecit,
1688 5480 1831 5549 quod
1862 5496 2053 5534 novem

450 5608 471 5625 .
493 5576 763 5628 mensium
792 5576 967 5643 spatio
1000 5584 1158 5629 natus
1181 5583 1282 5639 est,
1309 5574 1453 5642 quod
1508 5573 1690 5627 hausit
1743 5574 1846 5637 lac,
1913 5572 2059 5641 quod

427 5704 431 5709 .
495 5665 748 5735 ploravit,
779 5675 835 5719 et
856 5665 1098 5734 idgenus
1137 5665 1264 5719 alia.
1329 5664 1611 5732 Ahjectius
1662 5673 1717 5717 et
1774 5663 2056 5727 humilius,

500 5768 660 5824 quam
692 5768 791 5823 pro
826 5753 1105 5807 hominum
1141 5754 1533 5809 consuetudine
1568 5753 1687 5818 fuit,
1744 5752 1887 5822 quod
1940 5754 2060 5823 ejus

2152 4572 2443 4641 ἄνθρωπον
2474 4570 2732 4639 λέγομεν,
2772 4571 2848 4632 ὡς
2896 4570 3101 4639 ἄτομον
3147 4570 3343 4633 εἴδους,
3385 4569 3485 4639 οὐχ
3511 4569 3587 4632 ὼς
3624 4567 3729 4638 ψυ-

2153 4665 2254 4733 χὴν
2291 4663 2476 4731 μόνον,
2506 4663 2539 4732 ἢ
2575 4662 2736 4732 σῶμα
2773 4661 2959 4732 μόνον,
2997 4661 3058 4726 ἐξ
3079 4656 3154 4717 ὧν
3182 4661 3211 4713 ὁ
3240 4662 3546 4733 ἄνθρωπος.

2230 4924 2351 4977 Τῶν
2375 4922 2626 4992 φυσικῶν
2655 4922 2751 4977 καὶ
2778 4923 3122 4993 ἀδιασλήτων
3146 4926 3485 4995 πραγμάτων
3507 4924 3604 4994 τῆς
3632 4927 3725 4977 ἀν-

2156 5014 2437 5085 θρωπίνης
2455 5014 2670 5083 φύσεως
2702 5015 2771 5092 τά
2803 5014 2903 5083 μὲν
2935 5014 3075 5085 ὑπὲρ
3099 5014 3387 5085 ἄνθρωπον
3439 5014 3567 5083 ἔσχε
3596 5014 3727 5085 Χρι-

2159 5106 2302 5169 στὸς,
2322 5106 2390 5157 τὰ
2410 5105 2466 5157 δὲ
2490 5104 2631 5159 κατὰ
2652 5105 2747 5158 ἀνθ
2758 5121 2958 5173 ρωπον,
2986 5107 3055 5158 τὰ
3088 5105 3143 5157 δὲ
3172 5104 3459 5175 ἀνθρώπου
3478 5104 3728 5156 ταπεινόο

2157 5213 2333 5266 τερον.
2357 5194 2468 5248 Καὶ
2486 5195 2624 5265 ὑπὲρ
2645 5194 2933 5264 ἄνθρωπον
2952 5194 3051 5264 μὲν
3072 5194 3133 5246 τὸ
3158 5194 3287 5248 ἄνευ
3312 5194 3517 5262 σπορᾶς
3536 5192 3728 5261 συλλη-

2159 5287 2376 5356 φθῆναι,
2402 5285 2462 5338 τὸ
2479 5286 2544 5337 ὲκ
2570 5284 2853 5353 Παρθένου
2868 5283 3213 5354 γεννηθῆναι,
3243 5283 3336 5335 καὶ
3369 5283 3434 5335 τὰ
3463 5280 3691 5335 τοιαῦτα
3710 5297 3724 5312 ο

2161 5376 2303 5430 κατὰ
2332 5377 2617 5445 ἄνθρωπον
2646 5376 2702 5427 δὲ
2732 5376 2812 5427 ’τὸ
2854 5374 2951 5445 τὴν
2989 5376 3084 5444 τῆς
3112 5374 3374 5426 Θεοτόκου
3413 5372 3625 5425 κοιλίαν
3654 5371 3730 5434 ὡς

2163 5469 2360 5538 βρέφος
2386 5468 2709 5535 ὲξογκῶσαι,
2734 5467 2795 5519 τὸ
2825 5468 3235 5536 ὲννεαμηνιαῖον
3255 5466 3642 5536 ἀπο-δεχθῆναι,
3674 5465 3731 5517 τὸ

2160 5560 2765 5630 γαλακτοτροφηθῆναι,
2816 5560 2877 5613 τὸ
2928 5559 3471 5629 κλαυθμυρισθῆναι,
3515 5558 3608 5609 καὶ
3664 5555 3732 5609 τὰ

2162 5654 2370 5718 τούτοις
2423 5656 2683 5723 ἑπόμενα.
2745 5651 3059 5724 Ἀνθρώπου
3119 5653 3177 5705 δὲ
3230 5651 3615 5717 ταπεινότερον
3672 5650 3731 5701 τὸ

2166 5748 2401 5818 φανῆναι
2441 5746 2497 5799 τὸ
2532 5741 2670 5805 εἶδος
2705 5744 2869 5799 αὑτοῦ
2916 5748 2974 5799 ὲν
3007 5745 3083 5815 τῷ
3126 5741 3344 5813 σταυρῷ
3388 5742 3601 5811 ἄτιμον,
3643 5744 3730 5793 καὶ
