4120 6292
351 377 461 442 25⁵1

1293 370 1672 433 PANOPLIA
1715 365 2174 430 DOGMATICA.
2212 390 2274 402 --
2317 364 2467 423 Tl'l‘.
2516 365 2685 424 VllI.

3502 371 3609 432 9'53

350 490 644 544 ἐκλεῖπον
695 488 850 556 ὑπὲρ
898 488 1038 554 τοὺς
1084 486 1252 552 υἱοὺς
1298 486 1419 539 τῶν
1469 487 1818 554 ἀνθρώπιον,
1854 485 1929 542 ὼς

2045 479 2244 548 species
2274 479 2329 533 in
2359 494 2519 534 cruce
2543 478 2716 548 turpis
2739 479 3017 548 apparuit,
3051 487 3252 534 etcum
3287 477 3605 551 ignominia,

367 581 607 643 ἰισαῖας
657 581 809 649 φησί.
861 582 971 634 Καὶ
1018 581 1078 632 τὸ
1114 580 1218 647 πρὸ
1270 580 1380 632 τῶν
1429 575 1928 646 συσταυρωθέντων

352 672 510 741 αὑτῷ
545 671 760 744 λῃστῶν
781 669 1102 741 τεθνηκέναι
1134 671 1243 724 ἀπὸ
1267 671 1365 741 τῆς
1397 671 1588 739 ὀδύνης
1621 669 1732 720 τῶν
1761 667 1929 738 ἥλων,

355 763 486 816 εἰδὲ
524 762 704 830 βούλει
748 761 931 817 καὶτὸ
966 763 1106 832 μετὰ
1138 761 1237 834 τὴν
1269 762 1566 816 ἀνάστασιν
1627 761 1683 813 ἐν
1726 759 1932 813 εὐτελεῖ

358 856 549 923 μορφῇ
575 850 884 923 -κηπουροῦ
935 851 1189 922 ὀφθῆναι,
1230 853 1326 907 καὶ
1373 852 1435 905 τὸ
1485 853 1612 915 τοὺς
1659 851 1932 919 μώλωπας

360 943 462 997 καὶ
491 945 697 1006 τύπους
727 943 836 997 τῶν
881 945 1217 1013 τραυμάτων
1247 947 1362 1008 τοῖς
1411 944 1728 1007 ἀποστόλοις
1759 942 1930 998 ἐνδεί-

359 1033 614 1096 κνυσθαι,
644 1036 737 1087 καὶ
756 1035 816 1087 τὸ
844 1036 982 1104 μετὰ
1012 1037 1112 1106 τὴν
1143 1036 1440 1090 ἀνάστασιν
1469 1035 1690 1090 ἐσθίειν.
1724 1036 1932 1098 Πάντες

362 1125 476 1195 γὰρ
529 1127 577 1178 οί
629 1125 906 1195 ἄνθρωποι
959 1128 1100 1197 μετὰ
1145 1127 1245 1198 τὴν
1281 1129 1346 1181 ὲκ
1395 1127 1604 1196 νεκρῶν
1632 1126 1932 1180 ἀνάστασιν

362 1217 742 1287 ἐκλάμψουσιν
776 1219 849 1281 ὡς
880 1221 908 1272 ὁ
935 1219 1106 1290 ἥλιος,
1153 1221 1247 1274 καὶ
1292 1221 1466 1281 οὐδεὶς
1510 1219 1934 1289 ἓξεισωματικᾰ
1983 1269 1986 1272 .

360 1309 672 1375 τηνικαῦτα
717 1311 1039 1381 τραύματα,
1083 1312 1117 1383 ἢ
1163 1313 1366 1376 τύπους
1407 1311 1762 1382 τραυμάτων,
1811 1311 1933 1365 οὐδὲ

361 1399 756 1469 προσδεήσεται
790 1399 1065 1468 βρώσεως.

446 1491 506 1542 Ὅ
538 1492 664 1554 Υἱὸς
687 1493 782 1544 τοῦ
811 1492 948 1545 Θεοῦ
977 1492 1070 1544 καὶ
1091 1491 1222 1554 Θεὸς
1250 1491 1412 1553 αὐτὸς
1443 1491 1660 1559 λέγεται
1684 1491 1776 1544 καί
1803 1488 1933 1542 συλ-

356 1581 658 1650 ληφθῆναι,
691 1582 786 1635 καὶ
827 1581 1177 1652 γεννηθῆναι,
1213 1581 1304 1634 καὶ
1351 1580 1644 1643 διδάσκειν,
1680 1582 1774 1632 καὶ
1806 1579 1937 1633 θαυ-

361 1676 720 1744 ματουργείν,
760 1675 852 1727 καὶ
889 1674 1073 1736 ἁπλῶς
1124 1675 1322 1737 εἰπεῖν,
1371 1673 1438 1727 τὰ
1485 1673 1583 1742 μὲν
1611 1673 1832 1740 δρᾶσαι,
1867 1671 1934 1724 τὰ

357 1767 416 1818 δὲ
449 1767 666 1831 παθεῖν,
714 1764 1028 1828 ἀποθανεῖν,
1075 1765 1169 1818 καὶ
1200 1765 1520 1834 ἀναστῆναι.
1575 1763 1720 1816 Διότι
1770 1763 1932 1825 αὑτὸς
1967 1813 2004 1834 ι,

359 1858 593 1922 γέγονεν
627 1855 922 1916 ὑπόστασις
949 1856 1028 1925 τῷ
1056 1855 1466 1924 προσλήμματι,
1504 1854 1580 1924 μὴ
1617 1855 1728 1906 ὄντι
1757 1853 1844 1906 διὰ
1872 1853 1931 1905 τὸ

354 1947 602 2016 ἄσπορον
637 1946 1047 2016 ίδιοῦποστάτῳ.
1097 1948 1246 1999 Ἐπεὶ
1281 1944 1374 2000 οὑν
1403 1948 1434 2016 ἡ
1463 1945 1557 1998 τοῦ
1597 1945 1932 2014 προσλαϐόν-

356 2053 453 2100 τος
485 2036 786 2099 ὑπόστασις
841 2038 977 2106 αὐτὴ
1021 2037 1117 2091 καὶ
1161 2037 1256 2090 τοῦ
1305 2037 1736 2109 προσλήμματός
1785 2043 1932 2089 ἐστιν

359 2127 688 2191 ὑπόστασις.
719 2128 882 2191 αὑτὸς
905 2128 1122 2196 λέγεται
1147 2129 1242 2182 καὶ
1269 2130 1531 2200 ἐνεργεῖν,
1560 2129 1656 2182 καὶ
1679 2131 1931 2199 πάσχειν,

358 2221 436 2283 ὡς
470 2221 528 2274 ἓν
559 2222 852 2298 πρόσωπον
878 2218 954 2273 ὧν
974 2238 988 2253 ο
1023 2221 1265 2290 ἐνεργεῖν
1288 2221 1344 2274 δὲ
1394 2220 1461 2274 τὰ
1490 2219 1810 2290 ἀνθρώπινα
1837 2221 1931 2273 καὶ

365 2314 602 2382 πάσχειν
643 2315 787 2368 κατὰ
824 2314 924 2386 τὴν
959 2314 1122 2383 φύσιν
1158 2313 1253 2367 τοῦ
1287 2313 1736 2382 προσλήμματος.
1769 2311 1935 2364 Ὅθεν

369 2408 470 2458 καὶ
503 2406 797 2460 οἰκειοῦται
828 2410 898 2459 τὰ
925 2408 1021 2460 τοῦ
1073 2404 1294 2468 οἰκείου,
1369 2404 1443 2464 ὼς
1492 2403 1651 2464 αὐτὸς
1690 2400 1764 2454 ὢν
1803 2401 1936 2454 ὑπό-

371 2512 562 2558 στασις
592 2496 756 2551 αὑτοῦ
783 2498 876 2551 καὶ
903 2498 1215 2567 πρόσωπον,
1245 2494 1320 2557 ὡς
1346 2492 1659 2562 δεδήλωται.

442 2589 576 2641 Θεὸν
622 2589 722 2658 μὲν
757 2589 1282 2659 ὲνανθρωπήσαντα,
1332 2588 1425 2640 καὶ
1457 2587 1589 2638 Θεὸν
1625 2583 1786 2654 σαρκὶ
1833 2601 1937 2636 πα-

366 2679 535 2734 θόντα
560 2681 766 2750 φαμὲν,
802 2681 1033 2750 θεότητα
1059 2681 1116 2734 δὲ
1145 2678 1672 2749 ὲνανθρωπήσασαν,
1704 2676 1736 2745 ἢ
1775 2678 1937 2744 σαρκὶ

363 2773 651 2826 παθοῦσαν
709 2773 771 2825 οὐ
821 2772 1076 2841 λέγομεν,
1124 2773 1174 2825 εί
1213 2771 1500 2840 μέλλοιμεν
1545 2767 1932 2838 κυριολεκτείν·

359 2863 453 2916 ὅτι
492 2865 590 2918 καὶ
621 2865 654 2933 ὴ
703 2863 974 2932 Παρθένος
1006 2862 1140 2915 Θεὸν
1179 2862 1277 2931 μὲν
1305 2861 1615 2931 ἐγέννησεν,
1652 2859 1789 2912 ἀλλὰ
1820 2856 1938 2912 05'6-

362 2970 535 3022 τητος
567 2953 868 3007 ὑπόστασιν
908 2953 1038 3023 μίαν
1077 2953 1528 3023 σεσαρκωμένην,
1570 2953 1693 3022 ἥτις
1733 2951 1882 3004 ἐστὶν
1912 2951 1940 3002 ὁ

361 3045 524 3109 Υίὸς,
555 3045 643 3100 ἵνα
670 3047 699 3097 ό
727 3045 841 3099 ἅνω
862 3045 988 3109 Υίὸς
1037 3045 1123 3116 εἴη
1147 3047 1242 3099 καὶ
1277 3044 1428 3100 κάτω
1457 3046 1589 3110 υίὸς,
1621 3045 1715 3098 καὶ
1742 3045 1775 3112 ἡ
1814 3041 1938 3094 ἰδιό-

2033 579 2088 624 et
2124 570 2389 638 deﬁciens,
2419 580 2476 624 ut
2507 571 2681 638 inquit
2713 569 2894 634 Isaias,
2931 585 3091 635 supra
3133 569 3268 637 ﬁlios
3319 573 3609 637 hominum;

2033 661 2285 728 quodque
2325 660 2476 728 prius
2505 674 2662 727 quam
2691 659 2947 717 latrones.
2976 657 3068 728 qui
3094 660 3253 714 simul
3287 660 3343 715 in
3389 677 3610 717 crucem

2037 751 2342 814 actierant,
2367 766 2476 820 prae
2515 751 2792 804 clavorum
2824 750 3010 803 dolore
3043 760 3290 804 mortuus
3317 765 3435 818 est;
3471 753 3611 808 adde

2035 853 2091 898 et
2114 844 2275 906 illud,
2303 843 2348 897 si
2381 844 2577 913 placet,
2608 843 2754 912 quod
2783 843 2881 897 sub
2917 842 3107 895 humili
3140 841 3311 896 forma
3332 844 3609 901 hortulani

2044 947 2104 987 se
2135 941 2254 1001 post
2287 932 2746 987 resurrectionem
2804 932 3254 1001 conspiciendum
3279 935 3528 1004 praebuit,
3558 946 3614 991 et

2036 1023 2299 1093 apostolis
2361 1021 2645 1077 cicatrices
2697 1032 2752 1077 et
2811 1023 2925 1076 loca
2996 1026 3280 1079 vulnerum
3349 1021 3610 1094 ostendit,

2034 1116 2289 1186 quodque
2311 1116 2492 1171 cibum
2525 1118 2687 1185 cepit.
2720 1115 2851 1168 Nam
2878 1115 3069 1185 reliqui
3097 1115 3368 1182 homines,
3392 1130 3611 1187 postea-

2034 1222 2196 1275 quam
2255 1206 2463 1262 fuerint
2511 1208 2568 1262 in
2615 1208 2778 1261 vitam
2815 1207 3075 1271 revocati,
3108 1207 3393 1278 fulgebunt
3421 1220 3479 1264 ut
3508 1213 3612 1276 sol,

2033 1313 2137 1353 nec
2165 1299 2304 1353 ullus
2333 1314 2523 1353 eorum
2578 1298 2848 1367 ejusmodi
2899 1299 3182 1353 cicatrices
3235 1301 3288 1354 in
3359 1315 3613 1372 corpore,

2035 1399 2129 1444 aut
2164 1389 2448 1444 vulnerum
2487 1391 2602 1445 loca
2633 1390 2910 1452 retinebit.
2939 1405 3040 1444 nec
3064 1391 3334 1446 comedet.

2111 1479 2279 1534 Filius
2309 1479 2400 1534 Dei
2432 1490 2596 1549 atque
2623 1480 2766 1535 idem
2797 1481 2962 1542 Deus.
2983 1487 3039 1533 et
3068 1489 3400 1549 conceptus,
3432 1491 3486 1536 et
3516 1497 3598 1536 na-

2036 1582 2124 1628 tus
2145 1587 2268 1628 esse
2291 1571 2508 1635 dicitur,
2541 1581 2596 1627 et
2615 1572 2896 1634 docuisse,
2927 1581 2982 1624 et
3008 1586 3095 1625 res
3123 1571 3472 1627 admirandas
3529 1573 3610 1628 l‘e-

2036 1664 2198 1728 cisse,
2232 1672 2310 1730 et,
2342 1671 2399 1715 ut
2435 1661 2624 1732 paucis
2639 1661 2820 1715 omnia
2855 1660 3208 1729 complectar,
3270 1669 3380 1713 tum
3416 1663 3613 1732 egisse,

2039 1768 2151 1810 tum
2187 1769 2379 1824 passus
2408 1768 2530 1808 esse
2565 1763 2619 1807 et
2654 1763 2926 1818 mortuus,
2987 1761 3042 1806 et
3079 1753 3405 1806 surrexisse.
3467 1754 3610 1820 Quu-

2036 1850 2180 1900 niam
2218 1857 2511 1916 assumpta:
2543 1845 2722 1898 carnis
2752 1844 2868 1914 ipse
2900 1843 3002 1897 fuit
3037 1859 3290 1913 persona,
3323 1861 3442 1914 qua:
3499 1847 3610 1913 qui-

2037 1939 2159 1994 dem
2190 1954 2316 1992 σοι-ο
2342 1938 2460 1991 sine
2488 1936 2694 1991 semine
2715 1937 2896 2006 genita
2921 1935 3124 1990 nullam
3153 1935 3314 1990 aliam
3335 1939 3614 2006 prOpriam
3722 1981 3726 1984 .

2035 2041 2327 2096 personam
2353 2025 2561 2079 habuit.
2591 2023 2859 2090 Quocirca
2891 2039 3014 2078 cum
3053 2025 3382 2080 assumentis
3412 2035 3467 2080 et
3522 2041 3618 2081 as-

2035 2128 2264 2188 sumpta
2287 2119 2541 2172 humanae
2574 2123 2788 2171 naturae
2822 2131 2928 2170 una
2985 2115 3057 2170 sit
3086 2116 3383 2186 eademque
3431 2133 3619 2186 perso-

2035 2227 2124 2273 na,
2157 2211 2272 2278 ipse
2301 2209 2498 2262 dicitur
2517 2217 2570 2260 et
2591 2222 2752 2277 agere
2767 2215 2822 2259 et
2855 2206 2964 2276 pati
2987 2223 3051 2261 ex
3075 2205 3212 2277 ejus,
3232 2209 3374 2278 quod
3401 2224 3618 2263 assum-

2034 2305 2164 2370 psit,
2188 2308 2409 2354 natura.
2446 2299 2510 2352 Et
2543 2313 2664 2367 qua:
2693 2297 2839 2351 illius
2864 2297 3084 2368 propria
3118 2307 3267 2364 sunt,
3329 2300 3433 2354 sibi
3477 2302 3620 2356 asci-

2035 2393 2136 2447 scit
2195 2399 2252 2445 ut
2307 2391 2548 2462 propria,
2608 2405 2808 2459 qnippc
2844 2390 2936 2457 qui
2998 2389 3072 2444 sit
3131 2389 3251 2458 ejus
3314 2391 3618 2460 hypostasis

2035 2496 2196 2552 atque
2221 2497 2480 2551 persona,
2514 2491 2574 2535 ut
2611 2481 3130 2538 demonstravimus.

2111 2593 2279 2647 Deum
2316 2592 2720 2646 humanitatem
2764 2591 3006 2647 induisse
3035 2593 3169 2648 etin
3203 2599 3380 2651 carne"
3394 2610 3616 2664 passum

2036 2699 2158 2740 esse
2183 2684 2434 2738 dicimus.
2496 2683 2842 2738 Diiinitatem
2889 2699 3018 2739 vero
3067 2699 3172 2740 nec
3224 2685 3620 2742 humaniatem

2037 2777 2420 2845 assumpsisse.
2447 2792 2547 2830 nec
2577 2790 2793 2844 passum
2843 2791 2964 2830 esse
2995 2776 3255 2842 dicimus,
3285 2778 3330 2832 si
3372 2779 3624 2833 volumus

2038 2866 2258 2938 proprie
2289 2867 2458 2936 loqui.
2488 2865 2623 2920 Nam
2649 2875 2706 2921 et
2727 2865 2890 2936 Virgo
2923 2865 3092 2922 Deum
3147 2868 3367 2937 quidem
3409 2869 3622 2939 genuit,

2038 2958 2382 3040 divinitatem
2413 2970 2594 3013 autem
2632 2975 2742 3014 non
2777 2961 2987 3030 genuit.
3043 2961 3115 3015 At
3166 2975 3275 3014 una
3323 2959 3624 3014 divinitatis

2040 3063 2276 3119 persona
2307 3060 2562 3103 naturam
2585 3050 2880 3120 assumpsit
2904 3051 3222 3104 humanam.
3281 3049 3380 3104 llic
3439 3061 3623 3103 autem

358 3153 470 3206 της
502 3138 662 3209 μείνῃ
689 3137 970 3204 ἀκίνητος.
1009 3137 1084 3190 Τὸ
1114 3136 1222 3206 γὰρ
1254 3135 1546 3204 γεννᾶσθαι
1590 3134 1653 3187 οὑ
1702 3134 1936 3203 φύσεως,

2045 3146 2125 3192 cst
2152 3135 2319 3192 Filius
2372 3137 2484 3201 Dei,
2543 3147 2604 3191 ut
2655 3139 2748 3207 qui
2797 3154 2853 3191 in
2900 3138 3051 3193 caelis
3074 3149 3158 3192 est
3212 3137 3404 3202 Filius,
3451 3136 3625 3193 Filius

361 3229 491 3282 ἀλλ’
525 3230 876 3292 ὑποστάσεως
902 3225 993 3299 ἦν.
1026 3230 1090 3282 Εἰ
1124 3229 1233 3298 γὰρ
1267 3228 1483 3296 φύσεως
1511 3223 1610 3298 ἦν,
1647 3229 1748 3280 οὑκ
1772 3227 1840 3281 ἂν
1884 3229 1941 3279 ὲν

362 3324 439 3390 τῇ
474 3323 614 3392 αὐτῇ
644 3321 806 3388 φύσει
833 3322 896 3374 τὸ
931 3321 1192 3390 γεννητὸν
1218 3319 1528 3389 ὲθεωρεῖτο,
1564 3319 1659 3372 καὶ
1691 3317 1752 3370 τὸ
1780 3317 1943 3384 ἀγέν-

363 3431 557 3485 νῃτον.
601 3415 753 3466 Ἐπεὶ
796 3416 853 3468 δὲ
883 3415 975 3467 τὸν
1021 3414 1254 3484 Χριστὸν
1301 3415 1610 3482 ἐγέννησεν,
1644 3412 1791 3474 ὅστις
1828 3410 1944 3464 ἐστὶ

365 3507 509 3568 Θεὸς
531 3507 622 3558 καὶ
647 3507 959 3576 ἄνθρωπος,
998 3509 1062 3558 ὲκ
1111 3505 1203 3558 τοῦ
1263 3507 1571 3575 κρείττονος
1607 3504 1702 3557 καὶ
1741 3519 1942 3572 κυριω-

367 3601 540 3670 τέρου
568 3600 767 3670 μέρους
797 3599 1057 3660 Θεοτόκος
1091 3596 1478 3667 ἐπωνομάσθη.
1515 3595 1724 3658 Ἀλλως
1755 3611 1814 3647 τε
1850 3594 1946 3646 καὶ

371 3695 412 3763 ἡ
453 3691 547 3745 τοῦ
601 3691 1027 3761 προσλήμματος
1075 3692 1373 3752 ὑπόστασις
1425 3688 1546 3741 θεία
1599 3682 1692 3757 ἦν,
1742 3687 1836 3740 καὶ
1885 3683 1947 3738 τὸ

371 3783 718 3856 πρόσλημμα
748 3784 808 3836 δὲ
836 3783 898 3850 ἐξ
934 3782 1106 3848 αὐτῆς
1139 3780 1388 3845 ὲνώσεως
1417 3779 1648 3850 ιθεώθη.

974 4046 1225 4102 ΤΙΤΛΟΣ
1274 4043 1358 4100 H'.

374 4166 546 4224 Κατὰ
581 4163 982 4233 ἙϐραίωνἙκ
1003 4161 1114 4228 τῆς
1130 4158 1464 4229 λεγομένης
1484 4151 1638 4233 sirm
1665 4153 1774 4233 τοῦ
1797 4153 1956 4207 Νύσ-

452 4253 574 4305 σης
625 4228 848 4300 ,ϐίϐλου
896 4233 1006 4302 τῆς
1049 4228 1652 4305 προσαγορευομένης
1692 4228 1953 4305 Dem-rw-

455 4299 598 4372 σι’ἇς
628 4299 711 4360 τὰ
760 4299 1211 4370 ὑποτεταγμένα
1265 4301 1462 4353 πάντα
1530 4299 1957 4373 σέυνενζεςιτησον

455 4364 748 4446 κεφάλαια
774 4374 947 4444 μέχρι
969 4364 1088 4425 ut}
1129 4366 1676 4446 Χιιυςγοστομῳιᾱην·ᾲ
1704 4369 1771 4417 To
1804 4364 1956 4446 Δμέν·

459 4435 546 4500 τοῖ
580 4435 1134 4524 ’πέμπὲοιῗτούτων
1172 4435 1284 4495 τοῦ
1315 4435 1585 4508 μεγάλου
1629 4435 1953 4490 Βασιλειου
1985 4469 2030 4524 D

460 4518 650 4573 ἐστίν.

473 4633 536 4686 ’0
574 4632 739 4701 νόμος
773 4628 894 4700 μὲν,
922 4625 1016 4680 καὶ
1048 4627 1096 4679 οἱ
1127 4626 1426 4698 προφῆται,
1474 4616 1548 4676 ὧν
1595 4617 1664 4692 ἦν
1718 4619 1954 4690 Χριστὸς

387 4727 692 4796 πλήρωμα,
729 4722 796 4774 τὰ
823 4703 953 4790 περὶ
1001 4719 1192 4772 τούτου
1230 4717 1410 4769 πάντα
1435 4713 1784 4784 λεπτομερῶς
1830 4713 1958 4766 ἀνε-

386 4819 694 4888 γράψαντο,
714 4815 929 4885 καὶμὴν
955 4813 1049 4866 καὶ
1078 4811 1208 4882 περὶ
1231 4811 1331 4880 τῆς
1352 4807 1518 4877 ἁγίας
1543 4807 1792 4877 Τριάδος.
1821 4807 1900 4858 lla
1908 4820 1960 4873 ρ-

389 4910 728 4966 εντέθεινται
757 4907 812 4960 δὲ
845 4904 1146 4977 σποράδην,
1173 4905 1268 4956 καὶ
1297 4901 1536 4970 ἀσαφείᾳ
1568 4897 1963 4964 συνεσκιάσθη-

388 5019 494 5056 σαν
517 5001 588 5054 τὰ
616 4999 788 5052 πολλὰ
815 4997 954 5052 κατὰ
979 4996 1132 5050 θείαν
1187 4993 1468 5066 πρόνοιαν,
1503 4991 1590 5044 ἵνα
1647 4991 1720 5060 μὴ
1775 4988 1960 5057 νηπιό-

390 5108 588 5165 φρσνες
613 5092 690 5144 ἔτι
720 5091 872 5152 ὄντες
893 5088 1160 5150 Ἰουδαῖοι,
1183 5086 1274 5139 καὶ
1297 5085 1464 5154 μήπω
1485 5084 1625 5135 νοεῖν
1652 5078 1962 5150 ὑψηλότερα

387 5186 707 5253 δυνάμενοι,
744 5184 820 5246 εἰς
851 5180 1078 5245 ἀναξίας
1135 5178 1433 5247 ὑπολήψεις
1491 5173 1803 5236 ὲκκλένωσι,
1865 5171 1961 5222 καὶ

389 5277 592 5330 πάθεσι
623 5276 682 5330 τὸ
713 5277 920 5336 ἀπαθὲς
943 5275 1302 5343 ἁπαγάγωσι.
1360 5270 1472 5324 Καὶ
1526 5270 1635 5338 γὰρ
1669 5271 1726 5321 ὲν
1759 5264 1961 5333 Χωρήὸ

390 5371 490 5425 τοῦ
522 5369 660 5422 Θεοῦ
691 5367 873 5421 λαλεῖν
925 5367 1064 5436 πρὸς
1101 5364 1298 5427 αὐτοὺς
1331 5363 1670 5433 ἀρξαμένου,
1713 5357 1963 5428 παρῃτή-

396 5478 562 5517 σαντο
599 5461 698 5531 τὴν
731 5459 990 5528 τοιαύτην
1036 5459 1220 5525 φωνὴν
1264 5454 1331 5508 δι’
1385 5452 1588 5506 οἰκείαν
1655 5448 1959 5513 ἀσθένειαν,

396 5557 647 5617 εἰπόντες
673 5571 687 5585 ·
717 5555 799 5606 Οὐ
827 5550 1259 5618 προσθήσομεν
1294 5547 1557 5602 ἀκοῦσαι
1605 5543 1716 5611 τῆς
1759 5538 1966 5612 φωνῆς

396 5650 622 5716 Κυρίου
651 5645 758 5700 τοῦ
787 5644 935 5698 Θεοῦ
972 5644 1160 5712 ἡμῶν,
1195 5641 1294 5695 καὶ
1323 5640 1388 5694 τὸ
1419 5640 1538 5706 πῦρ
1568 5640 1633 5692 τὸ
1665 5635 1818 5706 μέγα
1855 5637 1967 5687 οὐκ

397 5744 671 5811 ὀψόμεθα
703 5739 809 5804 ἔτι,
841 5736 966 5792 οὐδ’
1001 5737 1072 5790 οὺ
1113 5737 1203 5812 μὴ
1234 5730 1646 5801 ἀποθάνωμεν.
1689 5729 1798 5784 Καὶ
1837 5723 1966 5782 εἷπε

2044 3228 2170 3283 item
2203 3237 2347 3282 esset
2373 3228 2634 3295 interris,
2660 3239 2714 3282 et
2747 3229 3055 3298 proprietas
3078 3228 3375 3283 immobilis
3406 3243 3624 3297 perma-

2043 3328 2220 3373 neret.
2253 3318 2412 3388 Gigni
2439 3321 2584 3374 enim
2612 3335 2723 3374 non
2763 3329 2970 3373 naturae
3025 3317 3149 3383 fuit,
3203 3320 3299 3374 sed
3349 3334 3624 3388 personae.

2044 3411 2254 3465 Etenim
2284 3411 2330 3466 si
2355 3410 2550 3466 fuisset
2581 3418 2811 3476 naturae,
2867 3426 2977 3464 non
3010 3412 3064 3463 in
3099 3409 3294 3464 eadem
3326 3419 3522 3464 natura
3572 3419 3630 3465 et

2043 3503 2290 3575 genitum
2321 3511 2377 3557 et
2415 3502 2714 3573 ingenitum
2750 3501 3070 3557 exstitisset.
3109 3500 3304 3555 Verum
3333 3500 3458 3570 quia
3515 3501 3624 3554 vir-

2045 3609 2111 3664 go
2135 3590 2643 3663 genuitChristum,
2679 3591 2770 3661 qui
2821 3592 2964 3646 Deus
2994 3599 3078 3644 cst
3109 3601 3163 3645 ct
3195 3593 3378 3654 homo,
3413 3605 3444 3644 a
3498 3605 3628 3659 par-

2051 3695 2102 3739 te
2131 3683 2493 3754 praestantiori
2523 3692 2580 3737 et
2600 3681 2976 3738 cxcelleutiori
3015 3680 3108 3733 Dei
3140 3677 3388 3734 Genitrix
3421 3679 3618 3748 appel-s

2046 3777 2210 3840 latur,
2231 3774 2554 3844 Quanquam
2579 3781 2636 3828 et
2665 3782 2959 3840 assumpta:
2981 3779 3192 3824 natura:
3251 3783 3484 3839 persona
3539 3768 3630 3823 di—

2046 3868 2175 3923 vina
2202 3876 2309 3929 est.
2335 3874 2394 3923 et
2433 3874 2712 3935 assumpta
2743 3873 2942 3917 natura
2989 3870 3210 3931 propter
3258 3861 3430 3930 ipsam
3493 3873 3634 3914 cou-

2045 3957 2384 4029 junctionem
2412 3955 2595 4011 divina
2629 3963 2712 4008 est
2741 3953 2972 4008 reddita.

2598 4066 2900 4124 TITULUS
2941 4065 3076 4123 Vill.

2052 4183 2122 4238 In
2170 4179 2438 4240 Hebraeos.
2485 4180 2676 4252 Omnia
2724 4196 2840 4252 qua:
2879 4193 3168 4252 sequuntur
3224 4185 3420 4252 capita,
3474 4198 3636 4250 usque

2127 4255 2194 4306 ad
2236 4253 2331 4306 illa
2401 4267 2516 4323 qua!
2550 4251 2944 4323 collegimusea:
2980 4251 3368 4323 Chrysostomo,
3419 4263 3630 4323 sumpta

2124 4337 2242 4378 sum
2291 4340 2354 4377 ea:
2382 4321 2513 4376 libro
2571 4321 2659 4388 qui
2698 4321 3003 4393 inscribitur
3048 4321 3474 4393 Dercognitione
3517 4322 3633 4384 Dei,

2128 4395 2280 4458 cujus
2335 4401 2518 4446 auctor
2547 4392 2850 4462 esscifertur
2934 4388 3449 4462 Gregorius—Nysae:
3501 4409 3637 4461 pon-

2139 4467 2288 4534 tifex,
2338 4469 2549 4528 excepto
2587 4461 2789 4528 quinto,
2841 4461 2979 4528 quod
3007 4471 3080 4514 est
3131 4460 3336 4518 Basilii
3364 4460 3564 4532 Magni.

2138 4638 2247 4692 Lex
2298 4643 2352 4690 et
2395 4633 2695 4704 prophetae,
2748 4648 2978 4703 quorum
3048 4635 3334 4705 plenitudo
3381 4634 3636 4689 Christus

2059 4740 2161 4796 est,
2193 4727 2392 4788 omnia,
2419 4740 2536 4794 qu-e
2565 4733 2676 4778 tum
2701 4725 2766 4778 ad
2793 4726 2967 4796 ipsum
2998 4726 3298 4790 Christum,
3331 4736 3443 4780 tum
3475 4729 3636 4781 etiam

2061 4825 2125 4878 ad
2156 4831 2395 4876 sanctam
2447 4815 2721 4886 pertineant
2771 4816 3116 4882 Trinitatem,
3181 4815 3450 4873 subtiliter
3515 4834 3636 4887 per-

2062 4913 2424 4981 sei'ipserunt.
2460 4905 2567 4960 Sed
2598 4906 2782 4960 divina
2813 4904 3014 4960 factum
3058 4915 3143 4962 est
3184 4908 3548 4977 providentia,
3579 4918 3640 4964 ut

2063 5005 2232 5060 multa
2271 5001 2388 5055 fuse
2414 5014 2599 5068 sparsa
2661 4997 3126 5067 disseminataque
3154 4999 3286 5066 sint,
3327 5011 3383 5055 et
3409 5000 3641 5056 obscure

2064 5094 2262 5166 posita,
2293 5107 2361 5145 ne
2397 5105 2520 5144 cum
2558 5090 2736 5144 adhuc
2783 5100 2968 5146 essent
3016 5091 3252 5146 infantes
3300 5091 3495 5156 Judaei,
3531 5099 3640 5146 nec

2063 5199 2185 5251 quae
2215 5180 2536 5237 sublimiora
2571 5190 2698 5235 sunt
2755 5192 2982 5251 possent
3021 5184 3321 5252 percipere,
3354 5185 3419 5237 ad
3465 5183 3640 5252 indig-

2065 5290 2163 5330 nas
2187 5273 2477 5342 opiniones
2507 5272 2868 5338 declinarent,
2919 5285 2973 5328 et
3008 5276 3154 5343 quod
3188 5275 3256 5329 ab
3291 5274 3439 5327 omni
3469 5274 3638 5328 adet-.-

2067 5366 2213 5419 tinne
2249 5361 2669 5415 remotissimum
2724 5369 2829 5426 est,
2899 5361 3280 5416 affectionibus
3344 5362 3637 5416 obnoxium

2066 5455 2481 5510 arbitrarentur.
2510 5452 2720 5506 Etenim
2747 5467 2874 5506 cum
2909 5453 3053 5506 Deus
3083 5453 3138 5506 in
3171 5452 3350 5505 ﬂoreh
3388 5467 3482 5505 cos
3512 5455 3642 5506 alm-

2067 5547 2158 5617 qui
2205 5544 2485 5613 cepisset,
2527 5543 2793 5612 ejusmodi
2841 5545 3086 5596 oratione
3115 5559 3268 5597 suam
3297 5543 3640 5599 imbecillita-

2071 5649 2178 5693 tem
2207 5644 2536 5690 excusarunt
2569 5652 2582 5688 :
2612 5633 2733 5689 Non
2764 5650 3057 5704 pergentus,
3105 5635 3428 5703 inquicntes,
3459 5639 3645 5691 audire

2070 5743 2242 5783 vocem
2275 5726 2484 5780 Domini
2516 5723 2614 5778 Dei
2651 5725 2840 5790 nostri,
2879 5739 2971 5776 nec
2999 5724 3169 5794 ignem
3215 5729 3351 5780 hunc
3400 5745 3646 5799 umquam
