  <div class='ocr_page' id='page_1' title='image "/cluster/home/n/w/nwhite01/storage/ocr_20150623/130/mdp.39015078384255/137.png"; bbox 0 0 4120 6292; ppageno 0'>
   <div class='ocr_carea' id='block_1_1' title="bbox 492 379 602 441">
    <p class='ocr_par' dir='ltr' id='par_1_1' title="bbox 492 379 602 441">
     <span class='ocr_line' id='line_1_1' title="bbox 492 379 602 441; baseline 0 -1"><span class='ocrx_word' id='word_1_1' title='bbox 492 379 602 441; x_wconf 72' lang='lat'><strong>259</strong></span> 
     </span>
    </p>
   </div>
   <div class='ocr_carea' id='block_1_2' title="bbox 1720 374 2515 435">
    <p class='ocr_par' dir='ltr' id='par_1_2' title="bbox 1720 374 2515 435">
     <span class='ocr_line' id='line_1_2' title="bbox 1720 374 2515 435; baseline 0.005 -4"><span class='ocrx_word' id='word_1_2' title='bbox 1720 374 2100 435; x_wconf 79' lang='lat' dir='ltr'><strong>EUTIIYMH</strong></span> <span class='ocrx_word' id='word_1_3' title='bbox 2146 374 2515 435; x_wconf 78' lang='lat' dir='ltr'><strong>ZiGABENI</strong></span> 
     </span>
    </p>
   </div>
   <div class='ocr_carea' id='block_1_3' title="bbox 3637 374 3747 438">
    <p class='ocr_par' dir='ltr' id='par_1_3' title="bbox 3637 374 3747 438">
     <span class='ocr_line' id='line_1_3' title="bbox 3637 374 3747 438; baseline 0.009 -1"><span class='ocrx_word' id='word_1_4' title='bbox 3637 374 3747 438; x_wconf 61' lang='lat'><strong>2‘60</strong></span> 
     </span>
    </p>
   </div>
   <div class='ocr_carea' id='block_1_4' title="bbox 490 481 2072 555">
    <p class='ocr_par' dir='ltr' id='par_1_4' title="bbox 490 481 2054 555">
     <span class='ocr_line' id='line_1_4' title="bbox 490 481 2054 555; baseline -0.006 -12"><span class='ocrx_word' id='word_1_5' title='bbox 490 489 774 543; x_wconf 73' lang='lat' dir='ltr'><strong>ridebimus</strong></span> <span class='ocrx_word' id='word_1_6' title='bbox 801 487 1052 555; x_wconf 80' lang='lat' dir='ltr'><strong>amplius.</strong></span> <span class='ocrx_word' id='word_1_7' title='bbox 1084 501 1146 538; x_wconf 89' lang='lat' dir='ltr'><strong>ne</strong></span> <span class='ocrx_word' id='word_1_8' title='bbox 1178 484 1487 538; x_wconf 76' lang='lat' dir='ltr'><strong>moriamur.</strong></span> <span class='ocrx_word' id='word_1_9' title='bbox 1529 483 1592 536; x_wconf 81' lang='lat' dir='ltr'><strong>Et</strong></span> <span class='ocrx_word' id='word_1_10' title='bbox 1627 481 1763 535; x_wconf 70' lang='lat' dir='ltr'><strong>dixit</strong></span> <span class='ocrx_word' id='word_1_11' title='bbox 1798 481 2054 535; x_wconf 77' lang='lat' dir='ltr'><strong>Dominus</strong></span> 
     </span>
    </p>
   </div>
   <div class='ocr_carea' id='block_1_5' title="bbox 2177 481 3741 555">
    <p class='ocr_par' dir='ltr' id='par_1_5' title="bbox 2177 481 3741 553">
     <span class='ocr_line' id='line_1_5' title="bbox 2177 481 3741 553; baseline -0.007 -15"><span class='ocrx_word' id='word_1_12' title='bbox 2177 482 2375 549; x_wconf 66' lang='grc' dir='ltr'>ϊύριος</span> <span class='ocrx_word' id='word_1_13' title='bbox 2403 485 2545 551; x_wconf 79' lang='grc' dir='ltr'><strong>πρός</strong></span> <span class='ocrx_word' id='word_1_14' title='bbox 2580 501 2678 553; x_wconf 79' lang='grc' dir='ltr'>με,</span> <span class='ocrx_word' id='word_1_15' title='bbox 2726 483 2900 552; x_wconf 76' lang='grc' dir='ltr'>φησὶν</span> <span class='ocrx_word' id='word_1_16' title='bbox 2926 485 2953 536; x_wconf 85' lang='grc' dir='ltr'><strong>ὁ</strong></span> <span class='ocrx_word' id='word_1_17' title='bbox 3011 481 3188 535; x_wconf 85' lang='grc' dir='ltr'>ταῦτα</span> <span class='ocrx_word' id='word_1_18' title='bbox 3230 482 3445 553; x_wconf 71' lang='grc' dir='ltr'>γράψας</span> <span class='ocrx_word' id='word_1_19' title='bbox 3493 483 3701 552; x_wconf 67' lang='grc' dir='ltr'>Μωσῆς</span> <span class='ocrx_word' id='word_1_20' title='bbox 3725 499 3741 514; x_wconf 89' lang='lat'><strong>-</strong></span> 
     </span>
    </p>
   </div>
   <div class='ocr_carea' id='block_1_6' title="bbox 491 574 2062 649">
    <p class='ocr_par' dir='ltr' id='par_1_6' title="bbox 491 574 2062 649">
     <span class='ocr_line' id='line_1_6' title="bbox 491 574 2062 649; baseline -0.003 -16"><span class='ocrx_word' id='word_1_21' title='bbox 491 581 561 634; x_wconf 86' lang='lat' dir='ltr'><strong>ad</strong></span> <span class='ocrx_word' id='word_1_22' title='bbox 588 598 669 634; x_wconf 90' lang='lat' dir='ltr'><strong>me</strong></span> <span class='ocrx_word' id='word_1_23' title='bbox 696 581 836 649; x_wconf 50' lang='lat' dir='ltr'><strong>(haec</strong></span> <span class='ocrx_word' id='word_1_24' title='bbox 867 588 995 632; x_wconf 86' lang='lat' dir='ltr'><strong>sunt</strong></span> <span class='ocrx_word' id='word_1_25' title='bbox 1023 579 1185 633; x_wconf 82' lang='lat' dir='ltr'><strong>verba</strong></span> <span class='ocrx_word' id='word_1_26' title='bbox 1248 576 1441 644; x_wconf 73' lang='lat' dir='ltr'><strong>Moysis</strong></span> <span class='ocrx_word' id='word_1_27' title='bbox 1483 575 1771 629; x_wconf 78' lang='lat' dir='ltr'><strong>scribentis</strong></span> <span class='ocrx_word' id='word_1_28' title='bbox 1799 576 1840 642; x_wconf 84' lang='grc'><strong>¹)</strong></span> <span class='ocrx_word' id='word_1_29' title='bbox 1879 589 1895 628; x_wconf 87' lang='lat'><strong>:</strong></span> <span class='ocrx_word' id='word_1_30' title='bbox 1926 574 2062 628; x_wconf 83' lang='lat' dir='ltr'><strong><em>Bene</em></strong></span> 
     </span>
    </p>
   </div>
   <div class='ocr_carea' id='block_1_7' title="bbox 492 668 2064 737">
    <p class='ocr_par' dir='ltr' id='par_1_7' title="bbox 492 668 2064 737">
     <span class='ocr_line' id='line_1_7' title="bbox 492 668 2064 737; baseline -0.002 -14"><span class='ocrx_word' id='word_1_31' title='bbox 492 674 669 725; x_wconf 90' lang='lat' dir='ltr'><strong>omnia</strong></span> <span class='ocrx_word' id='word_1_32' title='bbox 700 682 821 725; x_wconf 78' lang='lat' dir='ltr'><strong>sunt</strong></span> <span class='ocrx_word' id='word_1_33' title='bbox 850 672 1026 723; x_wconf 88' lang='lat' dir='ltr'><strong>locuti.</strong></span> <span class='ocrx_word' id='word_1_34' title='bbox 1070 668 1388 737; x_wconf 83' lang='lat' dir='ltr'><strong>Prophetam</strong></span> <span class='ocrx_word' id='word_1_35' title='bbox 1418 669 1680 721; x_wconf 70' lang='lat' dir='ltr'><strong>suscitabo</strong></span> <span class='ocrx_word' id='word_1_36' title='bbox 1711 669 1783 719; x_wconf 88' lang='lat' dir='ltr'><strong>eis</strong></span> <span class='ocrx_word' id='word_1_37' title='bbox 1810 668 1871 720; x_wconf 89' lang='lat' dir='ltr'><strong>de</strong></span> <span class='ocrx_word' id='word_1_38' title='bbox 1896 668 2064 721; x_wconf 86' lang='lat' dir='ltr'><strong>medio</strong></span> 
     </span>
    </p>
   </div>
   <div class='ocr_carea' id='block_1_8' title="bbox 493 757 2063 831">
    <p class='ocr_par' dir='ltr' id='par_1_8' title="bbox 493 757 2063 831">
     <span class='ocr_line' id='line_1_8' title="bbox 493 757 2063 831; baseline -0.003 -17"><span class='ocrx_word' id='word_1_39' title='bbox 493 766 717 831; x_wconf 65' lang='lat' dir='ltr'><strong>fratrum</strong></span> <span class='ocrx_word' id='word_1_40' title='bbox 747 779 961 815; x_wconf 86' lang='lat' dir='ltr'><strong>suorum</strong></span> <span class='ocrx_word' id='word_1_41' title='bbox 993 760 1217 813; x_wconf 77' lang='lat' dir='ltr'><strong>similem</strong></span> <span class='ocrx_word' id='word_1_42' title='bbox 1275 760 1386 818; x_wconf 85' lang='lat' dir='ltr'><strong>tibi,</strong></span> <span class='ocrx_word' id='word_1_43' title='bbox 1419 768 1467 813; x_wconf 89' lang='lat' dir='ltr'><strong>et</strong></span> <span class='ocrx_word' id='word_1_44' title='bbox 1497 774 1689 827; x_wconf 86' lang='lat' dir='ltr'><strong>ponam</strong></span> <span class='ocrx_word' id='word_1_45' title='bbox 1726 757 1880 811; x_wconf 83' lang='lat' dir='ltr'><strong>verba</strong></span> <span class='ocrx_word' id='word_1_46' title='bbox 1947 775 2063 811; x_wconf 85' lang='lat' dir='ltr'><strong>mea</strong></span> 
     </span>
    </p>
   </div>
   <div class='ocr_carea' id='block_1_9' title="bbox 494 850 2065 922">
    <p class='ocr_par' dir='ltr' id='par_1_9' title="bbox 494 850 2065 922">
     <span class='ocr_line' id='line_1_9' title="bbox 494 850 2065 922; baseline -0.004 -16"><span class='ocrx_word' id='word_1_47' title='bbox 494 855 546 906; x_wconf 90' lang='lat' dir='ltr'><strong>in</strong></span> <span class='ocrx_word' id='word_1_48' title='bbox 593 871 679 907; x_wconf 90' lang='lat' dir='ltr'><strong>ore</strong></span> <span class='ocrx_word' id='word_1_49' title='bbox 716 855 848 921; x_wconf 83' lang='lat' dir='ltr'><strong>ejus,</strong></span> <span class='ocrx_word' id='word_1_50' title='bbox 904 864 950 905; x_wconf 93' lang='lat' dir='ltr'><strong>et</strong></span> <span class='ocrx_word' id='word_1_51' title='bbox 991 853 1227 922; x_wconf 74' lang='lat' dir='ltr'><strong>loquetur</strong></span> <span class='ocrx_word' id='word_1_52' title='bbox 1267 850 1339 903; x_wconf 87' lang='lat' dir='ltr'><strong>eis</strong></span> <span class='ocrx_word' id='word_1_53' title='bbox 1369 851 1567 912; x_wconf 81' lang='lat' dir='ltr'><strong>omnia,</strong></span> <span class='ocrx_word' id='word_1_54' title='bbox 1602 866 1716 918; x_wconf 73' lang='lat' dir='ltr'><strong>qum</strong></span> <span class='ocrx_word' id='word_1_55' title='bbox 1773 864 2065 916; x_wconf 59' lang='lat' dir='ltr'><strong>pra’cepero</strong></span> 
     </span>
    </p>
   </div>
   <div class='ocr_carea' id='block_1_10' title="bbox 495 940 2064 1013">
    <p class='ocr_par' dir='ltr' id='par_1_10' title="bbox 495 940 2064 1013">
     <span class='ocr_line' id='line_1_10' title="bbox 495 940 2064 1013; baseline -0.003 -17"><span class='ocrx_word' id='word_1_56' title='bbox 495 946 641 999; x_wconf 83' lang='lat' dir='ltr'><strong>itti’.</strong></span> <span class='ocrx_word' id='word_1_57' title='bbox 683 944 806 997; x_wconf 72' lang='lat' dir='ltr'><strong>liazc</strong></span> <span class='ocrx_word' id='word_1_58' title='bbox 836 943 1053 1013; x_wconf 81' lang='lat' dir='ltr'><strong>quidem</strong></span> <span class='ocrx_word' id='word_1_59' title='bbox 1102 942 1175 995; x_wconf 91' lang='lat' dir='ltr'><strong>ita</strong></span> <span class='ocrx_word' id='word_1_60' title='bbox 1208 957 1265 995; x_wconf 91' lang='lat' dir='ltr'><strong>se</strong></span> <span class='ocrx_word' id='word_1_61' title='bbox 1295 941 1514 994; x_wconf 88' lang='lat' dir='ltr'><strong>habent.</strong></span> <span class='ocrx_word' id='word_1_62' title='bbox 1552 940 1849 992; x_wconf 85' lang='lat' dir='ltr'><strong>Verborum</strong></span> <span class='ocrx_word' id='word_1_63' title='bbox 1885 948 2064 992; x_wconf 76' lang='lat' dir='ltr'><strong>autem</strong></span> 
     </span>
    </p>
   </div>
   <div class='ocr_carea' id='block_1_11' title="bbox 496 1027 2068 1096">
    <p class='ocr_par' dir='ltr' id='par_1_11' title="bbox 496 1027 2068 1096">
     <span class='ocr_line' id='line_1_11' title="bbox 496 1027 2068 1096; baseline -0.004 -12"><span class='ocrx_word' id='word_1_64' title='bbox 496 1034 612 1084; x_wconf 64' lang='lat' dir='ltr'><strong>hac</strong></span> <span class='ocrx_word' id='word_1_65' title='bbox 671 1042 753 1085; x_wconf 89' lang='lat' dir='ltr'><strong>est</strong></span> <span class='ocrx_word' id='word_1_66' title='bbox 816 1029 1138 1084; x_wconf 77' lang='lat' dir='ltr'><strong>sententia:</strong></span> <span class='ocrx_word' id='word_1_67' title='bbox 1182 1028 1448 1091; x_wconf 82' lang='lat' dir='ltr'><strong>Quoniam</strong></span> <span class='ocrx_word' id='word_1_68' title='bbox 1482 1027 1584 1096; x_wconf 88' lang='lat' dir='ltr'><strong>ipsi</strong></span> <span class='ocrx_word' id='word_1_69' title='bbox 1633 1041 1719 1079; x_wconf 91' lang='lat' dir='ltr'><strong>me</strong></span> <span class='ocrx_word' id='word_1_70' title='bbox 1786 1036 2068 1093; x_wconf 86' lang='lat' dir='ltr'><strong>nequeunt</strong></span> 
     </span>
    </p>
   </div>
   <div class='ocr_carea' id='block_1_12' title="bbox 495 1118 2066 1189">
    <p class='ocr_par' dir='ltr' id='par_1_12' title="bbox 495 1118 2066 1189">
     <span class='ocr_line' id='line_1_12' title="bbox 495 1118 2066 1189; baseline -0.001 -18"><span class='ocrx_word' id='word_1_71' title='bbox 495 1120 705 1183; x_wconf 62' lang='lat' dir='ltr'><strong>audiie,</strong></span> <span class='ocrx_word' id='word_1_72' title='bbox 739 1121 1049 1189; x_wconf 78' lang='lat' dir='ltr'><strong>prophetam</strong></span> <span class='ocrx_word' id='word_1_73' title='bbox 1104 1119 1366 1173; x_wconf 75' lang='lat' dir='ltr'><strong>suscitabo</strong></span> <span class='ocrx_word' id='word_1_74' title='bbox 1410 1118 1502 1180; x_wconf 84' lang='lat' dir='ltr'><strong>eis,</strong></span> <span class='ocrx_word' id='word_1_75' title='bbox 1541 1119 1613 1185; x_wconf 90' lang='lat' dir='ltr'><strong>(et</strong></span> <span class='ocrx_word' id='word_1_76' title='bbox 1659 1130 1777 1184; x_wconf 67' lang='lat' dir='ltr'><strong>quae</strong></span> <span class='ocrx_word' id='word_1_77' title='bbox 1825 1132 2066 1184; x_wconf 90' lang='lat' dir='ltr'><strong>sequun-</strong></span> 
     </span>
    </p>
   </div>
   <div class='ocr_carea' id='block_1_13' title="bbox 497 1208 2066 1281">
    <p class='ocr_par' dir='ltr' id='par_1_13' title="bbox 497 1208 2066 1281">
     <span class='ocr_line' id='line_1_13' title="bbox 497 1208 2066 1281; baseline -0.001 -17"><span class='ocrx_word' id='word_1_78' title='bbox 497 1212 600 1281; x_wconf 81' lang='lat' dir='ltr'><strong>tur)</strong></span> <span class='ocrx_word' id='word_1_79' title='bbox 647 1214 739 1281; x_wconf 85' lang='lat' dir='ltr'><strong>qui</strong></span> <span class='ocrx_word' id='word_1_80' title='bbox 786 1212 1055 1265; x_wconf 86' lang='lat' dir='ltr'><strong>nuntiabit</strong></span> <span class='ocrx_word' id='word_1_81' title='bbox 1095 1212 1202 1264; x_wconf 91' lang='lat' dir='ltr'><strong>illis</strong></span> <span class='ocrx_word' id='word_1_82' title='bbox 1232 1226 1319 1271; x_wconf 77' lang='lat' dir='ltr'><strong>ea;</strong></span> <span class='ocrx_word' id='word_1_83' title='bbox 1369 1224 1511 1277; x_wconf 69' lang='lat' dir='ltr'><strong>qum,</strong></span> <span class='ocrx_word' id='word_1_84' title='bbox 1568 1217 1625 1259; x_wconf 92' lang='lat' dir='ltr'><strong>ut</strong></span> <span class='ocrx_word' id='word_1_85' title='bbox 1654 1222 1799 1259; x_wconf 88' lang='lat' dir='ltr'><strong>nunc</strong></span> <span class='ocrx_word' id='word_1_86' title='bbox 1847 1208 2066 1277; x_wconf 87' lang='lat' dir='ltr'><strong>quidem</strong></span> 
     </span>
    </p>
   </div>
   <div class='ocr_carea' id='block_1_14' title="bbox 497 1297 2068 1372">
    <p class='ocr_par' dir='ltr' id='par_1_14' title="bbox 497 1297 2068 1372">
     <span class='ocr_line' id='line_1_14' title="bbox 497 1297 2068 1372; baseline -0.002 -17"><span class='ocrx_word' id='word_1_87' title='bbox 497 1318 581 1356; x_wconf 80' lang='lat' dir='ltr'><strong>res</strong></span> <span class='ocrx_word' id='word_1_88' title='bbox 624 1311 728 1371; x_wconf 88' lang='lat' dir='ltr'><strong>est,</strong></span> <span class='ocrx_word' id='word_1_89' title='bbox 755 1304 1057 1372; x_wconf 74' lang='lat' dir='ltr'><strong>intelligere</strong></span> <span class='ocrx_word' id='word_1_90' title='bbox 1091 1319 1199 1356; x_wconf 91' lang='lat' dir='ltr'><strong>non</strong></span> <span class='ocrx_word' id='word_1_91' title='bbox 1230 1309 1476 1371; x_wconf 90' lang='lat' dir='ltr'><strong>possunt.</strong></span> <span class='ocrx_word' id='word_1_92' title='bbox 1511 1297 1640 1363; x_wconf 63' lang='lat' dir='ltr'><strong>Quae</strong></span> <span class='ocrx_word' id='word_1_93' title='bbox 1690 1299 1946 1351; x_wconf 84' lang='lat' dir='ltr'><strong>nimirum</strong></span> <span class='ocrx_word' id='word_1_94' title='bbox 2003 1298 2068 1353; x_wconf 89' lang='lat' dir='ltr'><strong>ad</strong></span> 
     </span>
    </p>
   </div>
   <div class='ocr_carea' id='block_1_15' title="bbox 498 1387 2072 1460">
    <p class='ocr_par' dir='ltr' id='par_1_15' title="bbox 498 1387 2072 1460">
     <span class='ocr_line' id='line_1_15' title="bbox 498 1387 2072 1460; baseline -0.003 -17"><span class='ocrx_word' id='word_1_95' title='bbox 498 1391 731 1455; x_wconf 91' lang='lat' dir='ltr'><strong>Patrem,</strong></span> <span class='ocrx_word' id='word_1_96' title='bbox 759 1401 815 1445; x_wconf 87' lang='lat' dir='ltr'><strong>et</strong></span> <span class='ocrx_word' id='word_1_97' title='bbox 846 1390 1058 1456; x_wconf 80' lang='lat' dir='ltr'><strong>Filium,</strong></span> <span class='ocrx_word' id='word_1_98' title='bbox 1090 1401 1146 1446; x_wconf 86' lang='lat' dir='ltr'><strong>et</strong></span> <span class='ocrx_word' id='word_1_99' title='bbox 1178 1391 1440 1460; x_wconf 74' lang='lat' dir='ltr'><strong>Spiritum</strong></span> <span class='ocrx_word' id='word_1_100' title='bbox 1474 1395 1744 1450; x_wconf 88' lang='lat' dir='ltr'><strong>sanctum,</strong></span> <span class='ocrx_word' id='word_1_101' title='bbox 1781 1396 1836 1440; x_wconf 88' lang='lat' dir='ltr'><strong>et</strong></span> <span class='ocrx_word' id='word_1_102' title='bbox 1870 1387 1936 1441; x_wconf 91' lang='lat' dir='ltr'><strong>ad</strong></span> <span class='ocrx_word' id='word_1_103' title='bbox 1989 1387 2072 1441; x_wconf 82' lang='lat' dir='ltr'><strong>di-</strong></span> 
     </span>
    </p>
   </div>
   <div class='ocr_carea' id='block_1_16' title="bbox 499 1482 2068 1553">
    <p class='ocr_par' dir='ltr' id='par_1_16' title="bbox 499 1482 2068 1553">
     <span class='ocr_line' id='line_1_16' title="bbox 499 1482 2068 1553; baseline 0 -16"><span class='ocrx_word' id='word_1_104' title='bbox 499 1485 673 1537; x_wconf 81' lang='lat' dir='ltr'><strong>vinam</strong></span> <span class='ocrx_word' id='word_1_105' title='bbox 721 1484 971 1537; x_wconf 71' lang='lat' dir='ltr'><strong>humana:</strong></span> <span class='ocrx_word' id='word_1_106' title='bbox 1023 1494 1231 1538; x_wconf 60' lang='lat' dir='ltr'><strong>naturae</strong></span> <span class='ocrx_word' id='word_1_107' title='bbox 1287 1482 1568 1553; x_wconf 90' lang='lat' dir='ltr'><strong>pertinent</strong></span> <span class='ocrx_word' id='word_1_108' title='bbox 1615 1483 2068 1552; x_wconf 84' lang='lat' dir='ltr'><strong>assumptionem,</strong></span> 
     </span>
    </p>
   </div>
   <div class='ocr_carea' id='block_1_17' title="bbox 499 1576 2069 1648">
    <p class='ocr_par' dir='ltr' id='par_1_17' title="bbox 499 1576 2069 1648">
     <span class='ocr_line' id='line_1_17' title="bbox 499 1576 2069 1648; baseline 0.003 -19"><span class='ocrx_word' id='word_1_109' title='bbox 499 1586 554 1629; x_wconf 81' lang='lat' dir='ltr'><strong>et</strong></span> <span class='ocrx_word' id='word_1_110' title='bbox 611 1577 712 1630; x_wconf 86' lang='lat' dir='ltr'><strong>alia</strong></span> <span class='ocrx_word' id='word_1_111' title='bbox 789 1592 907 1646; x_wconf 61' lang='lat' dir='ltr'><strong>qua!</strong></span> <span class='ocrx_word' id='word_1_112' title='bbox 948 1592 1045 1645; x_wconf 81' lang='lat' dir='ltr'><strong>per</strong></span> <span class='ocrx_word' id='word_1_113' title='bbox 1092 1576 1442 1646; x_wconf 78' lang='lat' dir='ltr'><strong>Evangelium</strong></span> <span class='ocrx_word' id='word_1_114' title='bbox 1516 1581 1851 1648; x_wconf 79' lang='lat' dir='ltr'><strong>promulgata</strong></span> <span class='ocrx_word' id='word_1_115' title='bbox 1923 1587 2069 1633; x_wconf 89' lang='lat' dir='ltr'><strong>sunt.</strong></span> 
     </span>
    </p>
   </div>
   <div class='ocr_carea' id='block_1_18' title="bbox 501 1671 2073 1743">
    <p class='ocr_par' dir='ltr' id='par_1_18' title="bbox 501 1671 2073 1743">
     <span class='ocr_line' id='line_1_18' title="bbox 501 1671 2073 1743; baseline 0.001 -20"><span class='ocrx_word' id='word_1_116' title='bbox 501 1671 632 1726; x_wconf 90' lang='lat' dir='ltr'><strong>Illud</strong></span> <span class='ocrx_word' id='word_1_117' title='bbox 672 1674 837 1738; x_wconf 81' lang='lat' dir='ltr'><strong>enim,</strong></span> <span class='ocrx_word' id='word_1_118' title='bbox 873 1673 1095 1727; x_wconf 77' lang='lat' dir='ltr'><strong>similem</strong></span> <span class='ocrx_word' id='word_1_119' title='bbox 1126 1674 1239 1737; x_wconf 85' lang='lat' dir='ltr'><strong>tibi,</strong></span> <span class='ocrx_word' id='word_1_120' title='bbox 1301 1672 1710 1728; x_wconf 79' lang='lat' dir='ltr'><strong>similitudinem</strong></span> <span class='ocrx_word' id='word_1_121' title='bbox 1760 1674 1812 1726; x_wconf 90' lang='lat' dir='ltr'><strong>in</strong></span> <span class='ocrx_word' id='word_1_122' title='bbox 1864 1671 2073 1743; x_wconf 78' lang='lat' dir='ltr'><strong>legibus</strong></span> 
     </span>
    </p>
   </div>
   <div class='ocr_carea' id='block_1_19' title="bbox 502 1763 2072 1832">
    <p class='ocr_par' dir='ltr' id='par_1_19' title="bbox 502 1763 2072 1832">
     <span class='ocr_line' id='line_1_19' title="bbox 502 1763 2072 1832; baseline -0.001 -14"><span class='ocrx_word' id='word_1_123' title='bbox 502 1765 804 1818; x_wconf 78' lang='lat' dir='ltr'><strong>sanciendis</strong></span> <span class='ocrx_word' id='word_1_124' title='bbox 833 1766 1174 1832; x_wconf 86' lang='lat' dir='ltr'><strong>potissimum</strong></span> <span class='ocrx_word' id='word_1_125' title='bbox 1218 1765 1443 1820; x_wconf 85' lang='lat' dir='ltr'><strong>indicat.</strong></span> <span class='ocrx_word' id='word_1_126' title='bbox 1480 1767 1547 1820; x_wconf 85' lang='lat' dir='ltr'><strong>At</strong></span> <span class='ocrx_word' id='word_1_127' title='bbox 1584 1765 1745 1819; x_wconf 82' lang='lat' dir='ltr'><strong>Jesus</strong></span> <span class='ocrx_word' id='word_1_128' title='bbox 1796 1763 1943 1818; x_wconf 83' lang='lat' dir='ltr'><strong>Nave</strong></span> <span class='ocrx_word' id='word_1_129' title='bbox 1973 1777 2072 1816; x_wconf 90' lang='lat' dir='ltr'><strong>ne-</strong></span> 
     </span>
    </p>
   </div>
   <div class='ocr_carea' id='block_1_20' title="bbox 502 1855 2073 1927">
    <p class='ocr_par' dir='ltr' id='par_1_20' title="bbox 502 1855 2073 1927">
     <span class='ocr_line' id='line_1_20' title="bbox 502 1855 2073 1927; baseline 0.001 -21"><span class='ocrx_word' id='word_1_130' title='bbox 502 1872 602 1924; x_wconf 87' lang='lat' dir='ltr'><strong>que</strong></span> <span class='ocrx_word' id='word_1_131' title='bbox 654 1856 717 1908; x_wconf 85' lang='lat' dir='ltr'><strong>ad</strong></span> <span class='ocrx_word' id='word_1_132' title='bbox 751 1856 875 1909; x_wconf 82' lang='lat' dir='ltr'><strong>talia</strong></span> <span class='ocrx_word' id='word_1_133' title='bbox 902 1858 1015 1910; x_wconf 88' lang='lat' dir='ltr'><strong>visa</strong></span> <span class='ocrx_word' id='word_1_134' title='bbox 1070 1866 1125 1911; x_wconf 88' lang='lat' dir='ltr'><strong>et</strong></span> <span class='ocrx_word' id='word_1_135' title='bbox 1159 1859 1396 1913; x_wconf 87' lang='lat' dir='ltr'><strong>oracula.</strong></span> <span class='ocrx_word' id='word_1_136' title='bbox 1430 1866 1490 1910; x_wconf 90' lang='lat' dir='ltr'><strong>ut</strong></span> <span class='ocrx_word' id='word_1_137' title='bbox 1538 1857 1769 1927; x_wconf 81' lang='lat' dir='ltr'><strong>Moyses,</strong></span> <span class='ocrx_word' id='word_1_138' title='bbox 1804 1855 2073 1909; x_wconf 86' lang='lat' dir='ltr'><strong>admissus</strong></span> 
     </span>
    </p>
   </div>
   <div class='ocr_carea' id='block_1_21' title="bbox 501 1946 2073 2018">
    <p class='ocr_par' dir='ltr' id='par_1_21' title="bbox 501 1946 2073 2018">
     <span class='ocr_line' id='line_1_21' title="bbox 501 1946 2073 2018; baseline -0.001 -19"><span class='ocrx_word' id='word_1_139' title='bbox 501 1956 601 2007; x_wconf 85' lang='lat' dir='ltr'><strong>est,</strong></span> <span class='ocrx_word' id='word_1_140' title='bbox 636 1961 811 2015; x_wconf 84' lang='lat' dir='ltr'><strong>neque</strong></span> <span class='ocrx_word' id='word_1_141' title='bbox 847 1946 1143 2017; x_wconf 81' lang='lat' dir='ltr'><strong>lcgislator,</strong></span> <span class='ocrx_word' id='word_1_142' title='bbox 1178 1958 1238 2001; x_wconf 91' lang='lat' dir='ltr'><strong>ut</strong></span> <span class='ocrx_word' id='word_1_143' title='bbox 1285 1948 1394 2014; x_wconf 90' lang='lat' dir='ltr'><strong>ille,</strong></span> <span class='ocrx_word' id='word_1_144' title='bbox 1452 1947 1571 2011; x_wconf 82' lang='lat' dir='ltr'><strong>fuit.</strong></span> <span class='ocrx_word' id='word_1_145' title='bbox 1639 1962 1814 2018; x_wconf 87' lang='lat' dir='ltr'><strong>neque</strong></span> <span class='ocrx_word' id='word_1_146' title='bbox 1865 1955 2073 2000; x_wconf 80' lang='lat' dir='ltr'><strong>tantam</strong></span> 
     </span>
    </p>
   </div>
   <div class='ocr_carea' id='block_1_22' title="bbox 500 2036 1342 2107">
    <p class='ocr_par' dir='ltr' id='par_1_22' title="bbox 500 2036 1342 2107">
     <span class='ocr_line' id='line_1_22' title="bbox 500 2036 1342 2107; baseline 0.005 -19"><span class='ocrx_word' id='word_1_147' title='bbox 500 2036 618 2090; x_wconf 80' lang='lat' dir='ltr'><strong>iniit</strong></span> <span class='ocrx_word' id='word_1_148' title='bbox 648 2036 900 2106; x_wconf 79' lang='lat' dir='ltr'><strong>gratiam,</strong></span> <span class='ocrx_word' id='word_1_149' title='bbox 936 2048 1194 2107; x_wconf 91' lang='lat' dir='ltr'><strong>quantam</strong></span> <span class='ocrx_word' id='word_1_150' title='bbox 1231 2039 1342 2093; x_wconf 86' lang='lat' dir='ltr'><strong>illc.</strong></span> 
     </span>
    </p>
   </div>
   <div class='ocr_carea' id='block_1_23' title="bbox 566 2126 2070 2198">
    <p class='ocr_par' dir='ltr' id='par_1_23' title="bbox 566 2126 2070 2198">
     <span class='ocr_line' id='line_1_23' title="bbox 566 2126 2070 2198; baseline 0.003 -19"><span class='ocrx_word' id='word_1_151' title='bbox 566 2126 818 2181; x_wconf 88' lang='lat' dir='ltr'><strong>Christus</strong></span> <span class='ocrx_word' id='word_1_152' title='bbox 880 2145 1012 2182; x_wconf 88' lang='lat' dir='ltr'><strong>vero</strong></span> <span class='ocrx_word' id='word_1_153' title='bbox 1066 2145 1189 2183; x_wconf 90' lang='lat' dir='ltr'><strong>cum</strong></span> <span class='ocrx_word' id='word_1_154' title='bbox 1238 2130 1283 2184; x_wconf 91' lang='lat' dir='ltr'><strong>is</strong></span> <span class='ocrx_word' id='word_1_155' title='bbox 1338 2130 1523 2192; x_wconf 80' lang='lat' dir='ltr'><strong>fuerit,</strong></span> <span class='ocrx_word' id='word_1_156' title='bbox 1585 2130 1641 2183; x_wconf 89' lang='lat' dir='ltr'><strong>in</strong></span> <span class='ocrx_word' id='word_1_157' title='bbox 1690 2129 1953 2198; x_wconf 83' lang='lat' dir='ltr'><strong>reliquis,</strong></span> <span class='ocrx_word' id='word_1_158' title='bbox 1994 2128 2070 2183; x_wconf 90' lang='lat' dir='ltr'><strong>uti</strong></span> 
     </span>
    </p>
   </div>
   <div class='ocr_carea' id='block_1_24' title="bbox 500 2215 2072 2285">
    <p class='ocr_par' dir='ltr' id='par_1_24' title="bbox 500 2215 2072 2285">
     <span class='ocr_line' id='line_1_24' title="bbox 500 2215 2072 2285; baseline 0.004 -16"><span class='ocrx_word' id='word_1_159' title='bbox 500 2215 781 2283; x_wconf 86' lang='lat' dir='ltr'><strong>Dominus,</strong></span> <span class='ocrx_word' id='word_1_160' title='bbox 834 2218 1166 2274; x_wconf 87' lang='lat' dir='ltr'><strong>autecelluit.</strong></span> <span class='ocrx_word' id='word_1_161' title='bbox 1212 2218 1365 2285; x_wconf 83' lang='lat' dir='ltr'><strong>Quod</strong></span> <span class='ocrx_word' id='word_1_162' title='bbox 1398 2230 1577 2274; x_wconf 85' lang='lat' dir='ltr'><strong>autem</strong></span> <span class='ocrx_word' id='word_1_163' title='bbox 1617 2221 1757 2275; x_wconf 84' lang='lat' dir='ltr'><strong>ﬁlius</strong></span> <span class='ocrx_word' id='word_1_164' title='bbox 1786 2220 1932 2275; x_wconf 87' lang='lat' dir='ltr'><strong>Nave</strong></span> <span class='ocrx_word' id='word_1_165' title='bbox 1961 2235 2072 2275; x_wconf 91' lang='lat' dir='ltr'><strong>non</strong></span> 
     </span>
    </p>
   </div>
   <div class='ocr_carea' id='block_1_25' title="bbox 498 2306 2073 2380">
    <p class='ocr_par' dir='ltr' id='par_1_25' title="bbox 498 2306 2073 2380">
     <span class='ocr_line' id='line_1_25' title="bbox 498 2306 2073 2380; baseline 0.004 -21"><span class='ocrx_word' id='word_1_166' title='bbox 498 2306 565 2360; x_wconf 84' lang='lat' dir='ltr'><strong>sit</strong></span> <span class='ocrx_word' id='word_1_167' title='bbox 627 2306 714 2360; x_wconf 90' lang='lat' dir='ltr'><strong>ille</strong></span> <span class='ocrx_word' id='word_1_168' title='bbox 776 2308 1058 2377; x_wconf 84' lang='lat' dir='ltr'><strong>propheta,</strong></span> <span class='ocrx_word' id='word_1_169' title='bbox 1115 2326 1275 2379; x_wconf 88' lang='lat' dir='ltr'><strong>quem</strong></span> <span class='ocrx_word' id='word_1_170' title='bbox 1336 2311 1478 2365; x_wconf 89' lang='lat' dir='ltr'><strong>Deus</strong></span> <span class='ocrx_word' id='word_1_171' title='bbox 1530 2312 1805 2380; x_wconf 90' lang='lat' dir='ltr'><strong>pollicitus</strong></span> <span class='ocrx_word' id='word_1_172' title='bbox 1837 2321 1942 2377; x_wconf 88' lang='lat' dir='ltr'><strong>est,</strong></span> <span class='ocrx_word' id='word_1_173' title='bbox 2000 2312 2073 2365; x_wconf 89' lang='lat' dir='ltr'><strong>ita</strong></span> 
     </span>
    </p>
   </div>
   <div class='ocr_carea' id='block_1_26' title="bbox 500 2395 2075 2469">
    <p class='ocr_par' dir='ltr' id='par_1_26' title="bbox 500 2395 2075 2469">
     <span class='ocr_line' id='line_1_26' title="bbox 500 2395 2075 2469; baseline 0.004 -20"><span class='ocrx_word' id='word_1_174' title='bbox 500 2395 733 2466; x_wconf 79' lang='lat' dir='ltr'><strong>collige:</strong></span> <span class='ocrx_word' id='word_1_175' title='bbox 790 2397 932 2451; x_wconf 80' lang='lat' dir='ltr'><strong>Dixit</strong></span> <span class='ocrx_word' id='word_1_176' title='bbox 999 2397 1210 2469; x_wconf 83' lang='lat' dir='ltr'><strong>Moyses</strong></span> <span class='ocrx_word' id='word_1_177' title='bbox 1255 2400 1321 2454; x_wconf 90' lang='lat' dir='ltr'><strong>ad</strong></span> <span class='ocrx_word' id='word_1_178' title='bbox 1380 2402 1638 2469; x_wconf 83' lang='lat' dir='ltr'><strong>populum</strong></span> <span class='ocrx_word' id='word_1_179' title='bbox 1696 2401 1748 2454; x_wconf 91' lang='lat' dir='ltr'><strong>in</strong></span> <span class='ocrx_word' id='word_1_180' title='bbox 1806 2400 2075 2455; x_wconf 86' lang='lat' dir='ltr'><strong>Deutero-</strong></span> 
     </span>
    </p>
   </div>
   <div class='ocr_carea' id='block_1_27' title="bbox 501 2486 2072 2560">
    <p class='ocr_par' dir='ltr' id='par_1_27' title="bbox 501 2486 2072 2560">
     <span class='ocr_line' id='line_1_27' title="bbox 501 2486 2072 2560; baseline 0.003 -21"><span class='ocrx_word' id='word_1_181' title='bbox 501 2489 731 2539; x_wconf 89' lang='lat' dir='ltr'><strong>nomio:</strong></span> <span class='ocrx_word' id='word_1_182' title='bbox 782 2486 1102 2555; x_wconf 86' lang='lat' dir='ltr'><strong>Prophetam</strong></span> <span class='ocrx_word' id='word_1_183' title='bbox 1142 2507 1169 2544; x_wconf 83' lang='lat' dir='ltr'><strong>e</strong></span> <span class='ocrx_word' id='word_1_184' title='bbox 1211 2491 1466 2560; x_wconf 79' lang='lat' dir='ltr'><strong>fratribus</strong></span> <span class='ocrx_word' id='word_1_185' title='bbox 1534 2493 1725 2545; x_wconf 85' lang='lat' dir='ltr'><strong>nostris</strong></span> <span class='ocrx_word' id='word_1_186' title='bbox 1791 2492 2072 2545; x_wconf 84' lang='lat' dir='ltr'><strong>suscitabit</strong></span> 
     </span>
    </p>
   </div>
   <div class='ocr_carea' id='block_1_28' title="bbox 500 2575 2073 2637">
    <p class='ocr_par' dir='ltr' id='par_1_28' title="bbox 500 2575 2073 2637">
     <span class='ocr_line' id='line_1_28' title="bbox 500 2575 2073 2637; baseline 0.007 -11"><span class='ocrx_word' id='word_1_187' title='bbox 500 2576 594 2627; x_wconf 80' lang='lat' dir='ltr'><strong>tibi</strong></span> <span class='ocrx_word' id='word_1_188' title='bbox 656 2575 907 2629; x_wconf 89' lang='lat' dir='ltr'><strong>Dominus</strong></span> <span class='ocrx_word' id='word_1_189' title='bbox 963 2578 1101 2631; x_wconf 80' lang='lat' dir='ltr'><strong>Deus</strong></span> <span class='ocrx_word' id='word_1_190' title='bbox 1164 2591 1309 2634; x_wconf 85' lang='lat' dir='ltr'><strong>tuus.</strong></span> <span class='ocrx_word' id='word_1_191' title='bbox 1370 2584 1439 2633; x_wconf 80' lang='lat' dir='ltr'><strong>At</strong></span> <span class='ocrx_word' id='word_1_192' title='bbox 1488 2582 1629 2634; x_wconf 78' lang='lat' dir='ltr'><strong>[ilius</strong></span> <span class='ocrx_word' id='word_1_193' title='bbox 1684 2582 1831 2635; x_wconf 78' lang='lat' dir='ltr'><strong>Nave</strong></span> <span class='ocrx_word' id='word_1_194' title='bbox 1902 2583 2073 2637; x_wconf 88' lang='lat' dir='ltr'><strong>multo</strong></span> 
     </span>
    </p>
   </div>
   <div class='ocr_carea' id='block_1_29' title="bbox 500 2669 2071 2741">
    <p class='ocr_par' dir='ltr' id='par_1_29' title="bbox 500 2669 2071 2741">
     <span class='ocr_line' id='line_1_29' title="bbox 500 2669 2071 2741; baseline 0.006 -22"><span class='ocrx_word' id='word_1_195' title='bbox 500 2676 627 2719; x_wconf 85' lang='lat' dir='ltr'><strong>ante</strong></span> <span class='ocrx_word' id='word_1_196' title='bbox 690 2683 788 2735; x_wconf 80' lang='lat' dir='ltr'><strong>per</strong></span> <span class='ocrx_word' id='word_1_197' title='bbox 836 2684 1031 2723; x_wconf 81' lang='lat' dir='ltr'><strong>manus</strong></span> <span class='ocrx_word' id='word_1_198' title='bbox 1054 2669 1251 2737; x_wconf 79' lang='lat' dir='ltr'><strong>Moysis</strong></span> <span class='ocrx_word' id='word_1_199' title='bbox 1288 2687 1317 2724; x_wconf 84' lang='lat' dir='ltr'><strong>a</strong></span> <span class='ocrx_word' id='word_1_200' title='bbox 1346 2672 1455 2725; x_wconf 86' lang='lat' dir='ltr'><strong>Deo</strong></span> <span class='ocrx_word' id='word_1_201' title='bbox 1512 2671 1689 2725; x_wconf 70' lang='lat' dir='ltr'><strong>iuerat</strong></span> <span class='ocrx_word' id='word_1_202' title='bbox 1743 2674 2071 2741; x_wconf 85' lang='lat' dir='ltr'><strong>declaratus,</strong></span> 
     </span>
    </p>
   </div>
   <div class='ocr_carea' id='block_1_30' title="bbox 502 2757 2074 2833">
    <p class='ocr_par' dir='ltr' id='par_1_30' title="bbox 502 2757 2074 2833">
     <span class='ocr_line' id='line_1_30' title="bbox 502 2757 2074 2833; baseline 0.008 -24"><span class='ocrx_word' id='word_1_203' title='bbox 502 2765 566 2809; x_wconf 86' lang='lat' dir='ltr'><strong>ut</strong></span> <span class='ocrx_word' id='word_1_204' title='bbox 620 2758 675 2810; x_wconf 90' lang='lat' dir='ltr'><strong>in</strong></span> <span class='ocrx_word' id='word_1_205' title='bbox 737 2757 981 2812; x_wconf 85' lang='lat' dir='ltr'><strong>Levitico</strong></span> <span class='ocrx_word' id='word_1_206' title='bbox 1042 2760 1291 2827; x_wconf 75' lang='lat' dir='ltr'><strong>legimus.</strong></span> <span class='ocrx_word' id='word_1_207' title='bbox 1348 2763 1504 2817; x_wconf 82' lang='lat' dir='ltr'><strong>Alius</strong></span> <span class='ocrx_word' id='word_1_208' title='bbox 1551 2779 1680 2833; x_wconf 77' lang='lat' dir='ltr'><strong>ergo</strong></span> <span class='ocrx_word' id='word_1_209' title='bbox 1706 2774 1898 2833; x_wconf 68' lang='lat' dir='ltr'><strong>praeter</strong></span> <span class='ocrx_word' id='word_1_210' title='bbox 1930 2766 2074 2821; x_wconf 85' lang='lat' dir='ltr'><strong>hunc</strong></span> 
     </span>
    </p>
   </div>
   <div class='ocr_carea' id='block_1_31' title="bbox 501 2849 2070 2922">
    <p class='ocr_par' dir='ltr' id='par_1_31' title="bbox 501 2849 2070 2922">
     <span class='ocr_line' id='line_1_31' title="bbox 501 2849 2070 2922; baseline 0.005 -19"><span class='ocrx_word' id='word_1_211' title='bbox 501 2858 619 2903; x_wconf 85' lang='lat' dir='ltr'><strong>erat</strong></span> <span class='ocrx_word' id='word_1_212' title='bbox 647 2850 1012 2904; x_wconf 86' lang='lat' dir='ltr'><strong>suscitandus.</strong></span> <span class='ocrx_word' id='word_1_213' title='bbox 1045 2849 1216 2905; x_wconf 64' lang='lat' dir='ltr'><strong>Judaei</strong></span> <span class='ocrx_word' id='word_1_214' title='bbox 1263 2869 1392 2907; x_wconf 87' lang='lat' dir='ltr'><strong>vero</strong></span> <span class='ocrx_word' id='word_1_215' title='bbox 1433 2869 1553 2922; x_wconf 68' lang='lat' dir='ltr'><strong>quae</strong></span> <span class='ocrx_word' id='word_1_216' title='bbox 1583 2855 1637 2908; x_wconf 89' lang='lat' dir='ltr'><strong>in</strong></span> <span class='ocrx_word' id='word_1_217' title='bbox 1667 2857 2070 2912; x_wconf 90' lang='lat' dir='ltr'><strong>Deuteronomii</strong></span> 
     </span>
    </p>
   </div>
   <div class='ocr_carea' id='block_1_32' title="bbox 502 2939 2073 3014">
    <p class='ocr_par' dir='ltr' id='par_1_32' title="bbox 502 2939 2073 3014">
     <span class='ocr_line' id='line_1_32' title="bbox 502 2939 2073 3014; baseline 0.006 -22"><span class='ocrx_word' id='word_1_218' title='bbox 502 2939 610 2993; x_wconf 82' lang='lat' dir='ltr'><strong>ﬁne</strong></span> <span class='ocrx_word' id='word_1_219' title='bbox 669 2948 790 3008; x_wconf 89' lang='lat' dir='ltr'><strong>post</strong></span> <span class='ocrx_word' id='word_1_220' title='bbox 837 2950 1067 2995; x_wconf 86' lang='lat' dir='ltr'><strong>mortem</strong></span> <span class='ocrx_word' id='word_1_221' title='bbox 1102 2942 1305 3014; x_wconf 80' lang='lat' dir='ltr'><strong>Moysis</strong></span> <span class='ocrx_word' id='word_1_222' title='bbox 1361 2945 1560 3014; x_wconf 84' lang='lat' dir='ltr'><strong>scripta</strong></span> <span class='ocrx_word' id='word_1_223' title='bbox 1622 2955 1772 3011; x_wconf 83' lang='lat' dir='ltr'><strong>sunt,</strong></span> <span class='ocrx_word' id='word_1_224' title='bbox 1816 2948 2073 3003; x_wconf 88' lang='lat' dir='ltr'><strong>videntur</strong></span> 
     </span>
    </p>
   </div>
   <div class='ocr_carea' id='block_1_33' title="bbox 501 3031 2074 3101">
    <p class='ocr_par' dir='ltr' id='par_1_33' title="bbox 501 3031 2074 3101">
     <span class='ocr_line' id='line_1_33' title="bbox 501 3031 2074 3101; baseline 0.005 -16"><span class='ocrx_word' id='word_1_225' title='bbox 501 3031 775 3101; x_wconf 79' lang='lat' dir='ltr'><strong>ignorare.</strong></span> <span class='ocrx_word' id='word_1_226' title='bbox 833 3032 925 3088; x_wconf 86' lang='lat' dir='ltr'><strong>Sic</strong></span> <span class='ocrx_word' id='word_1_227' title='bbox 989 3044 1168 3088; x_wconf 84' lang='lat' dir='ltr'><strong>autem</strong></span> <span class='ocrx_word' id='word_1_228' title='bbox 1230 3036 1431 3091; x_wconf 86' lang='lat' dir='ltr'><strong>habent</strong></span> <span class='ocrx_word' id='word_1_229' title='bbox 1467 3052 1486 3090; x_wconf 92' lang='lat'><strong><em>:</em></strong></span> <span class='ocrx_word' id='word_1_230' title='bbox 1534 3036 1787 3091; x_wconf 84' lang='lat' dir='ltr'><strong>Nondum</strong></span> <span class='ocrx_word' id='word_1_231' title='bbox 1843 3042 2074 3094; x_wconf 77' lang='lat' dir='ltr'><strong>surrexit</strong></span> 
     </span>
    </p>
   </div>
   <div class='ocr_carea' id='block_1_34' title="bbox 2178 573 3745 642">
    <p class='ocr_par' dir='ltr' id='par_1_34' title="bbox 2178 573 3745 642">
     <span class='ocr_line' id='line_1_34' title="bbox 2178 573 3745 642; baseline 0 -17"><span class='ocrx_word' id='word_1_232' title='bbox 2178 573 2393 641; x_wconf 71' lang='grc' dir='ltr'>Ὀρθῶς</span> <span class='ocrx_word' id='word_1_233' title='bbox 2409 575 2605 626; x_wconf 74' lang='grc' dir='ltr'><em>πάντα</em></span> <span class='ocrx_word' id='word_1_234' title='bbox 2627 575 2745 627; x_wconf 80' lang='grc' dir='ltr'><strong>ὅσα</strong></span> <span class='ocrx_word' id='word_1_235' title='bbox 2759 575 3037 641; x_wconf 72' lang='grc' dir='ltr'>ἐλάλησα</span> <span class='ocrx_word' id='word_1_236' title='bbox 3077 573 3402 642; x_wconf 67' lang='grc' dir='ltr'><strong>Προφήτην</strong></span> <span class='ocrx_word' id='word_1_237' title='bbox 3417 574 3745 638; x_wconf 78' lang='grc' dir='ltr'><strong>ἀναστήσω</strong></span> 
     </span>
    </p>
   </div>
   <div class='ocr_carea' id='block_1_35' title="bbox 2165 664 3744 734">
    <p class='ocr_par' dir='ltr' id='par_1_35' title="bbox 2165 664 3744 734">
     <span class='ocr_line' id='line_1_35' title="bbox 2165 664 3744 734; baseline 0.001 -17"><span class='ocrx_word' id='word_1_238' title='bbox 2165 665 2371 729; x_wconf 77' lang='grc' dir='ltr'><strong>αὐτοῖς</strong></span> <span class='ocrx_word' id='word_1_239' title='bbox 2386 667 2452 717; x_wconf 82' lang='grc' dir='ltr'>ἐκ</span> <span class='ocrx_word' id='word_1_240' title='bbox 2470 666 2589 717; x_wconf 84' lang='grc' dir='ltr'><em>τῶν</em></span> <span class='ocrx_word' id='word_1_241' title='bbox 2601 665 2882 734; x_wconf 63' lang='grc' dir='ltr'>ἀδελφῶν</span> <span class='ocrx_word' id='word_1_242' title='bbox 2897 665 3115 727; x_wconf 80' lang='grc' dir='ltr'>αὐτῶν,</span> <span class='ocrx_word' id='word_1_243' title='bbox 3134 665 3339 732; x_wconf 80' lang='grc' dir='ltr'>ὥσπερ</span> <span class='ocrx_word' id='word_1_244' title='bbox 3350 664 3444 727; x_wconf 78' lang='grc' dir='ltr'><strong>σὲ,</strong></span> <span class='ocrx_word' id='word_1_245' title='bbox 3458 664 3559 718; x_wconf 74' lang='grc' dir='ltr'>καὶ</span> <span class='ocrx_word' id='word_1_246' title='bbox 3572 664 3744 719; x_wconf 81' lang='grc' dir='ltr'>δωσω</span> 
     </span>
    </p>
   </div>
   <div class='ocr_carea' id='block_1_36' title="bbox 2165 756 3744 827">
    <p class='ocr_par' dir='ltr' id='par_1_36' title="bbox 2165 756 3744 827">
     <span class='ocr_line' id='line_1_36' title="bbox 2165 756 3744 827; baseline 0.003 -20"><span class='ocrx_word' id='word_1_247' title='bbox 2165 756 2233 808; x_wconf 83' lang='grc' dir='ltr'><em>τὸ</em></span> <span class='ocrx_word' id='word_1_248' title='bbox 2248 758 2411 825; x_wconf 76' lang='grc' dir='ltr'>ρημά</span> <span class='ocrx_word' id='word_1_249' title='bbox 2427 774 2548 825; x_wconf 81' lang='grc' dir='ltr'>μου</span> <span class='ocrx_word' id='word_1_250' title='bbox 2566 757 2637 809; x_wconf 81' lang='grc' dir='ltr'><strong>ἐν</strong></span> <span class='ocrx_word' id='word_1_251' title='bbox 2651 756 2729 820; x_wconf 85' lang='grc' dir='ltr'><em>τῷ</em></span> <span class='ocrx_word' id='word_1_252' title='bbox 2749 758 3001 825; x_wconf 84' lang='grc' dir='ltr'>στόματι</span> <span class='ocrx_word' id='word_1_253' title='bbox 3018 758 3227 821; x_wconf 82' lang='grc' dir='ltr'>αὐτοῦ,</span> <span class='ocrx_word' id='word_1_254' title='bbox 3247 758 3343 810; x_wconf 68' lang='grc' dir='ltr'><strong>καὶ</strong></span> <span class='ocrx_word' id='word_1_255' title='bbox 3356 758 3624 827; x_wconf 66' lang='grc' dir='ltr'>λαλήσει</span> <span class='ocrx_word' id='word_1_256' title='bbox 3641 760 3744 811; x_wconf 77' lang='grc' dir='ltr'><strong>αὐ-</strong></span> 
     </span>
    </p>
   </div>
   <div class='ocr_carea' id='block_1_37' title="bbox 2167 846 3743 918">
    <p class='ocr_par' dir='ltr' id='par_1_37' title="bbox 2167 846 3743 918">
     <span class='ocr_line' id='line_1_37' title="bbox 2167 846 3743 918; baseline 0.002 -20"><span class='ocrx_word' id='word_1_257' title='bbox 2167 846 2313 910; x_wconf 79' lang='grc' dir='ltr'>τοῖς,</span> <span class='ocrx_word' id='word_1_258' title='bbox 2335 850 2539 899; x_wconf 66' lang='grc' dir='ltr'><strong>καθότι</strong></span> <span class='ocrx_word' id='word_1_259' title='bbox 2561 846 2640 902; x_wconf 86' lang='grc' dir='ltr'><strong>ἂν</strong></span> <span class='ocrx_word' id='word_1_260' title='bbox 2654 847 3003 916; x_wconf 73' lang='grc' dir='ltr'>ἐντείλωμαί</span> <span class='ocrx_word' id='word_1_261' title='bbox 3025 848 3207 913; x_wconf 83' lang='grc' dir='ltr'>αὐτῷ.</span> <span class='ocrx_word' id='word_1_262' title='bbox 3227 849 3411 901; x_wconf 76' lang='grc' dir='ltr'>Ταῦτα</span> <span class='ocrx_word' id='word_1_263' title='bbox 3433 850 3531 918; x_wconf 83' lang='grc' dir='ltr'><strong>μὲν</strong></span> <span class='ocrx_word' id='word_1_264' title='bbox 3549 848 3743 909; x_wconf 80' lang='grc' dir='ltr'>οὓτως·</span> 
     </span>
    </p>
   </div>
   <div class='ocr_carea' id='block_1_38' title="bbox 2169 935 3744 1009">
    <p class='ocr_par' dir='ltr' id='par_1_38' title="bbox 2169 935 3744 1009">
     <span class='ocr_line' id='line_1_38' title="bbox 2169 935 3744 1009; baseline 0.001 -19"><span class='ocrx_word' id='word_1_265' title='bbox 2169 938 2196 990; x_wconf 87' lang='grc' dir='ltr'>ὁ</span> <span class='ocrx_word' id='word_1_266' title='bbox 2231 935 2287 988; x_wconf 68' lang='grc' dir='ltr'><strong>δὲ</strong></span> <span class='ocrx_word' id='word_1_267' title='bbox 2313 936 2435 998; x_wconf 82' lang='grc' dir='ltr'>νοῦς</span> <span class='ocrx_word' id='word_1_268' title='bbox 2466 937 2576 989; x_wconf 81' lang='grc' dir='ltr'><strong>τῶν</strong></span> <span class='ocrx_word' id='word_1_269' title='bbox 2614 938 2893 1009; x_wconf 75' lang='grc' dir='ltr'><strong>ῥημάτων,</strong></span> <span class='ocrx_word' id='word_1_270' title='bbox 2921 940 3002 991; x_wconf 83' lang='grc' dir='ltr'>ὅτι</span> <span class='ocrx_word' id='word_1_271' title='bbox 3033 940 3366 1009; x_wconf 78' lang='grc' dir='ltr'>Ἐπειδήπερ</span> <span class='ocrx_word' id='word_1_272' title='bbox 3394 940 3457 992; x_wconf 82' lang='grc' dir='ltr'><strong>οὐ</strong></span> <span class='ocrx_word' id='word_1_273' title='bbox 3488 940 3744 993; x_wconf 79' lang='grc' dir='ltr'>δύνανται</span> 
     </span>
    </p>
   </div>
   <div class='ocr_carea' id='block_1_39' title="bbox 2168 1024 3745 1096">
    <p class='ocr_par' dir='ltr' id='par_1_39' title="bbox 2168 1024 3745 1096">
     <span class='ocr_line' id='line_1_39' title="bbox 2168 1024 3745 1096; baseline 0.003 -17"><span class='ocrx_word' id='word_1_274' title='bbox 2168 1024 2264 1079; x_wconf 89' lang='grc' dir='ltr'><strong>νῦν</strong></span> <span class='ocrx_word' id='word_1_275' title='bbox 2309 1027 2548 1091; x_wconf 76' lang='grc' dir='ltr'><strong>ἀκούειν,</strong></span> <span class='ocrx_word' id='word_1_276' title='bbox 2579 1031 2899 1096; x_wconf 50' lang='grc' dir='ltr'><strong>προφήτην</strong></span> <span class='ocrx_word' id='word_1_277' title='bbox 2933 1029 3264 1093; x_wconf 79' lang='grc' dir='ltr'><strong>ἀναστήσω</strong></span> <span class='ocrx_word' id='word_1_278' title='bbox 3293 1029 3523 1095; x_wconf 82' lang='grc' dir='ltr'>αὐτοῖς,</span> <span class='ocrx_word' id='word_1_279' title='bbox 3550 1033 3645 1084; x_wconf 76' lang='grc' dir='ltr'>καὶ</span> <span class='ocrx_word' id='word_1_280' title='bbox 3676 1033 3745 1084; x_wconf 78' lang='grc' dir='ltr'>τὰ</span> 
     </span>
    </p>
   </div>
   <div class='ocr_carea' id='block_1_40' title="bbox 2171 1118 3744 1192">
    <p class='ocr_par' dir='ltr' id='par_1_40' title="bbox 2171 1118 3744 1192">
     <span class='ocr_line' id='line_1_40' title="bbox 2171 1118 3744 1192; baseline 0.003 -22"><span class='ocrx_word' id='word_1_281' title='bbox 2171 1118 2316 1187; x_wconf 80' lang='grc' dir='ltr'><strong>ἑξῆς,</strong></span> <span class='ocrx_word' id='word_1_282' title='bbox 2344 1118 2405 1181; x_wconf 81' lang='grc' dir='ltr'><strong>ὃς</strong></span> <span class='ocrx_word' id='word_1_283' title='bbox 2447 1120 2742 1188; x_wconf 75' lang='grc' dir='ltr'><strong>ἀναγγελεῖ</strong></span> <span class='ocrx_word' id='word_1_284' title='bbox 2768 1121 2955 1182; x_wconf 77' lang='grc' dir='ltr'>αὐτοῖς</span> <span class='ocrx_word' id='word_1_285' title='bbox 2983 1122 3082 1172; x_wconf 75' lang='grc' dir='ltr'>ὅσα</span> <span class='ocrx_word' id='word_1_286' title='bbox 3136 1121 3267 1188; x_wconf 76' lang='grc' dir='ltr'>τόγε</span> <span class='ocrx_word' id='word_1_287' title='bbox 3308 1122 3404 1173; x_wconf 89' lang='grc' dir='ltr'><strong>νῦν</strong></span> <span class='ocrx_word' id='word_1_288' title='bbox 3459 1123 3585 1192; x_wconf 78' lang='grc' dir='ltr'>ἔχον</span> <span class='ocrx_word' id='word_1_289' title='bbox 3642 1124 3744 1175; x_wconf 79' lang='grc' dir='ltr'>οὐκ</span> 
     </span>
    </p>
   </div>
   <div class='ocr_carea' id='block_1_41' title="bbox 2176 1210 3745 1283">
    <p class='ocr_par' dir='ltr' id='par_1_41' title="bbox 2176 1210 3745 1283">
     <span class='ocr_line' id='line_1_41' title="bbox 2176 1210 3745 1283; baseline 0.003 -21"><span class='ocrx_word' id='word_1_290' title='bbox 2176 1211 2418 1280; x_wconf 83' lang='grc' dir='ltr'><strong>ἰσχύουσι</strong></span> <span class='ocrx_word' id='word_1_291' title='bbox 2448 1210 2879 1281; x_wconf 70' lang='grc' dir='ltr'><strong>παραδέξασθαι.</strong></span> <span class='ocrx_word' id='word_1_292' title='bbox 2917 1212 3010 1263; x_wconf 73' lang='lat' dir='ltr'><strong>‘Ex</strong></span> <span class='ocrx_word' id='word_1_293' title='bbox 3038 1211 3243 1265; x_wconf 84' lang='grc' dir='ltr'>τούτων</span> <span class='ocrx_word' id='word_1_294' title='bbox 3272 1211 3364 1264; x_wconf 87' lang='grc' dir='ltr'><strong>οῦν</strong></span> <span class='ocrx_word' id='word_1_295' title='bbox 3387 1213 3492 1263; x_wconf 78' lang='grc' dir='ltr'>εἰσι</span> <span class='ocrx_word' id='word_1_296' title='bbox 3518 1214 3585 1266; x_wconf 78' lang='grc' dir='ltr'><strong>τὰ</strong></span> <span class='ocrx_word' id='word_1_297' title='bbox 3613 1214 3745 1283; x_wconf 79' lang='grc' dir='ltr'>περὶ</span> 
     </span>
    </p>
   </div>
   <div class='ocr_carea' id='block_1_42' title="bbox 2176 1300 3745 1375">
    <p class='ocr_par' dir='ltr' id='par_1_42' title="bbox 2176 1300 3745 1375">
     <span class='ocr_line' id='line_1_42' title="bbox 2176 1300 3745 1375; baseline 0.003 -21"><span class='ocrx_word' id='word_1_298' title='bbox 2176 1300 2391 1370; x_wconf 66' lang='lat' dir='ltr'><strong>Harpe;</strong></span> <span class='ocrx_word' id='word_1_299' title='bbox 2418 1302 2511 1355; x_wconf 78' lang='grc' dir='ltr'>καὶ</span> <span class='ocrx_word' id='word_1_300' title='bbox 2540 1302 2671 1355; x_wconf 75' lang='grc' dir='ltr'>Υἱοῦ</span> <span class='ocrx_word' id='word_1_301' title='bbox 2690 1304 2783 1356; x_wconf 78' lang='grc' dir='ltr'>καὶ</span> <span class='ocrx_word' id='word_1_302' title='bbox 2810 1304 2969 1369; x_wconf 79' lang='grc' dir='ltr'><strong>ἁγίου</strong></span> <span class='ocrx_word' id='word_1_303' title='bbox 3001 1303 3339 1372; x_wconf 70' lang='grc' dir='ltr'>Πνεῦματος,</span> <span class='ocrx_word' id='word_1_304' title='bbox 3366 1306 3460 1358; x_wconf 88' lang='grc' dir='ltr'>καὶ</span> <span class='ocrx_word' id='word_1_305' title='bbox 3492 1305 3564 1358; x_wconf 74' lang='grc' dir='ltr'><strong>τὰ</strong></span> <span class='ocrx_word' id='word_1_306' title='bbox 3611 1307 3745 1375; x_wconf 79' lang='grc' dir='ltr'>περὶ</span> 
     </span>
    </p>
   </div>
   <div class='ocr_carea' id='block_1_43' title="bbox 2176 1394 3745 1465">
    <p class='ocr_par' dir='ltr' id='par_1_43' title="bbox 2176 1394 3745 1465">
     <span class='ocr_line' id='line_1_43' title="bbox 2176 1394 3745 1465; baseline 0.004 -21"><span class='ocrx_word' id='word_1_307' title='bbox 2176 1394 2277 1462; x_wconf 84' lang='grc' dir='ltr'><strong>τῆς</strong></span> <span class='ocrx_word' id='word_1_308' title='bbox 2319 1394 2471 1456; x_wconf 83' lang='grc' dir='ltr'><strong>θείας</strong></span> <span class='ocrx_word' id='word_1_309' title='bbox 2504 1394 2990 1465; x_wconf 83' lang='grc' dir='ltr'>ὲνανθρωπήσεως,</span> <span class='ocrx_word' id='word_1_310' title='bbox 3021 1396 3117 1449; x_wconf 79' lang='grc' dir='ltr'>καὶ</span> <span class='ocrx_word' id='word_1_311' title='bbox 3149 1396 3336 1458; x_wconf 74' lang='grc' dir='ltr'>ἁπλῶς</span> <span class='ocrx_word' id='word_1_312' title='bbox 3380 1397 3481 1449; x_wconf 82' lang='grc' dir='ltr'>ὅσα</span> <span class='ocrx_word' id='word_1_313' title='bbox 3508 1397 3598 1450; x_wconf 79' lang='grc' dir='ltr'><strong>διὰ</strong></span> <span class='ocrx_word' id='word_1_314' title='bbox 3648 1398 3745 1450; x_wconf 85' lang='grc' dir='ltr'><strong>τοῦ</strong></span> 
     </span>
    </p>
   </div>
   <div class='ocr_carea' id='block_1_44' title="bbox 2174 1483 3746 1558">
    <p class='ocr_par' dir='ltr' id='par_1_44' title="bbox 2174 1483 3746 1558">
     <span class='ocr_line' id='line_1_44' title="bbox 2174 1483 3746 1558; baseline 0.004 -22"><span class='ocrx_word' id='word_1_315' title='bbox 2174 1483 2511 1552; x_wconf 80' lang='grc' dir='ltr'>Εὑαγγελίου</span> <span class='ocrx_word' id='word_1_316' title='bbox 2544 1485 2986 1556; x_wconf 75' lang='grc' dir='ltr'>νενομοθέτηται.</span> <span class='ocrx_word' id='word_1_317' title='bbox 3027 1488 3101 1539; x_wconf 83' lang='grc' dir='ltr'><strong>Τὸ</strong></span> <span class='ocrx_word' id='word_1_318' title='bbox 3131 1488 3238 1557; x_wconf 81' lang='grc' dir='ltr'><strong>γὰρ</strong></span> <span class='ocrx_word' id='word_1_319' title='bbox 3269 1487 3474 1557; x_wconf 78' lang='grc' dir='ltr'>ὥσπερ</span> <span class='ocrx_word' id='word_1_320' title='bbox 3497 1490 3593 1551; x_wconf 88' lang='grc' dir='ltr'><strong>σὲ,</strong></span> <span class='ocrx_word' id='word_1_321' title='bbox 3646 1491 3746 1558; x_wconf 77' lang='grc' dir='ltr'>τὴν</span> 
     </span>
    </p>
   </div>
   <div class='ocr_carea' id='block_1_45' title="bbox 2173 1575 3745 1648">
    <p class='ocr_par' dir='ltr' id='par_1_45' title="bbox 2173 1575 3745 1648">
     <span class='ocr_line' id='line_1_45' title="bbox 2173 1575 3745 1648; baseline 0.002 -20"><span class='ocrx_word' id='word_1_322' title='bbox 2173 1575 2432 1646; x_wconf 79' lang='grc' dir='ltr'>ὁμοίωσιν</span> <span class='ocrx_word' id='word_1_323' title='bbox 2464 1578 2605 1629; x_wconf 73' lang='grc' dir='ltr'>κατὰ</span> <span class='ocrx_word' id='word_1_324' title='bbox 2636 1578 2695 1629; x_wconf 71' lang='grc' dir='ltr'><strong>τὸ</strong></span> <span class='ocrx_word' id='word_1_325' title='bbox 2726 1578 3036 1647; x_wconf 78' lang='grc' dir='ltr'>νομοθετεῖν</span> <span class='ocrx_word' id='word_1_326' title='bbox 3067 1580 3322 1648; x_wconf 68' lang='grc' dir='ltr'>ἐμφαίνει</span> <span class='ocrx_word' id='word_1_327' title='bbox 3355 1581 3578 1648; x_wconf 84' lang='grc' dir='ltr'>μᾶλλον.</span> <span class='ocrx_word' id='word_1_328' title='bbox 3603 1581 3745 1633; x_wconf 80' lang='grc' dir='ltr'>Ἀλλ’</span> 
     </span>
    </p>
   </div>
   <div class='ocr_carea' id='block_1_46' title="bbox 2185 1668 3746 1741">
    <p class='ocr_par' dir='ltr' id='par_1_46' title="bbox 2185 1668 3746 1741">
     <span class='ocr_line' id='line_1_46' title="bbox 2185 1668 3746 1741; baseline 0.003 -21"><span class='ocrx_word' id='word_1_329' title='bbox 2185 1668 2391 1738; x_wconf 79' lang='grc' dir='ltr'>Ἰησοῦς</span> <span class='ocrx_word' id='word_1_330' title='bbox 2423 1671 2519 1739; x_wconf 82' lang='grc' dir='ltr'>μὲν</span> <span class='ocrx_word' id='word_1_331' title='bbox 2547 1670 2575 1721; x_wconf 81' lang='grc' dir='ltr'><strong>ὁ</strong></span> <span class='ocrx_word' id='word_1_332' title='bbox 2596 1670 2688 1722; x_wconf 85' lang='grc' dir='ltr'><strong>τοῦ</strong></span> <span class='ocrx_word' id='word_1_333' title='bbox 2721 1670 2874 1739; x_wconf 79' lang='grc' dir='ltr'><strong>Ναυῆ</strong></span> <span class='ocrx_word' id='word_1_334' title='bbox 2902 1670 3025 1723; x_wconf 77' lang='grc' dir='ltr'>οὔτε</span> <span class='ocrx_word' id='word_1_335' title='bbox 3044 1672 3304 1740; x_wconf 77' lang='grc' dir='ltr'><strong>τοιαύτης</strong></span> <span class='ocrx_word' id='word_1_336' title='bbox 3319 1673 3437 1735; x_wconf 70' lang='grc' dir='ltr'><strong>οἵας</strong></span> <span class='ocrx_word' id='word_1_337' title='bbox 3454 1674 3483 1724; x_wconf 80' lang='grc' dir='ltr'><strong>ὁ</strong></span> <span class='ocrx_word' id='word_1_338' title='bbox 3504 1674 3746 1741; x_wconf 75' lang='grc' dir='ltr'><strong>Μωῦσῆς</strong></span> 
     </span>
    </p>
   </div>
   <div class='ocr_carea' id='block_1_47' title="bbox 2173 1761 3746 1833">
    <p class='ocr_par' dir='ltr' id='par_1_47' title="bbox 2173 1761 3746 1833">
     <span class='ocr_line' id='line_1_47' title="bbox 2173 1761 3746 1833; baseline 0.003 -21"><span class='ocrx_word' id='word_1_339' title='bbox 2173 1761 2378 1832; x_wconf 72' lang='grc' dir='ltr'>ἠξιώθη</span> <span class='ocrx_word' id='word_1_340' title='bbox 2408 1762 2749 1828; x_wconf 72' lang='grc' dir='ltr'>θεοφανείας,</span> <span class='ocrx_word' id='word_1_341' title='bbox 2776 1762 2901 1815; x_wconf 80' lang='grc' dir='ltr'>οὔτε</span> <span class='ocrx_word' id='word_1_342' title='bbox 2915 1763 3237 1831; x_wconf 72' lang='grc' dir='ltr'>νομοθέτης,</span> <span class='ocrx_word' id='word_1_343' title='bbox 3259 1762 3335 1826; x_wconf 79' lang='grc' dir='ltr'><strong>ὡς</strong></span> <span class='ocrx_word' id='word_1_344' title='bbox 3368 1764 3603 1831; x_wconf 72' lang='grc' dir='ltr'>ἐκεῖνος,</span> <span class='ocrx_word' id='word_1_345' title='bbox 3620 1764 3746 1833; x_wconf 69' lang='grc' dir='ltr'><strong>ἐγέ-</strong></span> 
     </span>
    </p>
   </div>
   <div class='ocr_carea' id='block_1_48' title="bbox 2173 1850 3270 1926">
    <p class='ocr_par' dir='ltr' id='par_1_48' title="bbox 2173 1850 3270 1926">
     <span class='ocr_line' id='line_1_48' title="bbox 2173 1850 3270 1926; baseline 0.002 -19"><span class='ocrx_word' id='word_1_346' title='bbox 2173 1872 2312 1920; x_wconf 82' lang='grc' dir='ltr'>νετο,</span> <span class='ocrx_word' id='word_1_347' title='bbox 2340 1854 2463 1908; x_wconf 82' lang='grc' dir='ltr'>οῦτε</span> <span class='ocrx_word' id='word_1_348' title='bbox 2499 1856 2660 1926; x_wconf 80' lang='grc' dir='ltr'>χάριν</span> <span class='ocrx_word' id='word_1_349' title='bbox 2690 1850 2849 1923; x_wconf 80' lang='grc' dir='ltr'><strong>εὗρεν</strong></span> <span class='ocrx_word' id='word_1_350' title='bbox 2875 1856 3009 1921; x_wconf 85' lang='grc' dir='ltr'><strong>ὅσην</strong></span> <span class='ocrx_word' id='word_1_351' title='bbox 3039 1856 3270 1918; x_wconf 74' lang='grc' dir='ltr'>ἐκεῖνος.</span> 
     </span>
    </p>
   </div>
   <div class='ocr_carea' id='block_1_49' title="bbox 2256 2113 3751 2187">
    <p class='ocr_par' dir='ltr' id='par_1_49' title="bbox 2256 2113 3751 2187">
     <span class='ocr_line' id='line_1_49' title="bbox 2256 2113 3751 2187; baseline 0 -19"><span class='ocrx_word' id='word_1_352' title='bbox 2256 2115 2315 2168; x_wconf 87' lang='lat'><strong>&#39;0</strong></span> <span class='ocrx_word' id='word_1_353' title='bbox 2348 2115 2405 2168; x_wconf 71' lang='grc' dir='ltr'><strong>δὲ</strong></span> <span class='ocrx_word' id='word_1_354' title='bbox 2434 2114 2673 2184; x_wconf 73' lang='grc' dir='ltr'>Χριστὸς</span> <span class='ocrx_word' id='word_1_355' title='bbox 2714 2113 2859 2171; x_wconf 79' lang='grc' dir='ltr'>κατὰ</span> <span class='ocrx_word' id='word_1_356' title='bbox 2885 2113 2945 2168; x_wconf 85' lang='grc' dir='ltr'>τδ</span> <span class='ocrx_word' id='word_1_357' title='bbox 2992 2115 3304 2185; x_wconf 78' lang='grc' dir='ltr'>νομοθετεῖν</span> <span class='ocrx_word' id='word_1_358' title='bbox 3342 2117 3529 2184; x_wconf 78' lang='grc' dir='ltr'>ὅμοιος</span> <span class='ocrx_word' id='word_1_359' title='bbox 3556 2117 3751 2187; x_wconf 71' lang='grc' dir='ltr'><strong>ἐκείνῳ</strong></span> 
     </span>
    </p>
   </div>
   <div class='ocr_carea' id='block_1_50' title="bbox 2174 2207 3748 2278">
    <p class='ocr_par' dir='ltr' id='par_1_50' title="bbox 2174 2207 3748 2278">
     <span class='ocr_line' id='line_1_50' title="bbox 2174 2207 3748 2278; baseline 0 -18"><span class='ocrx_word' id='word_1_360' title='bbox 2174 2208 2490 2278; x_wconf 79' lang='grc' dir='ltr'>γενόμενος,</span> <span class='ocrx_word' id='word_1_361' title='bbox 2536 2207 2705 2261; x_wconf 73' lang='grc' dir='ltr'>τᾶλλα</span> <span class='ocrx_word' id='word_1_362' title='bbox 2758 2209 2938 2261; x_wconf 74' lang='grc' dir='ltr'>πάντα</span> <span class='ocrx_word' id='word_1_363' title='bbox 2974 2208 3343 2278; x_wconf 80' lang='grc' dir='ltr'><strong>διαφερόντως</strong></span> <span class='ocrx_word' id='word_1_364' title='bbox 3368 2209 3443 2270; x_wconf 79' lang='grc' dir='ltr'>ὡς</span> <span class='ocrx_word' id='word_1_365' title='bbox 3471 2210 3748 2275; x_wconf 73' lang='grc' dir='ltr'>Δεσπότης</span> 
     </span>
    </p>
   </div>
   <div class='ocr_carea' id='block_1_51' title="bbox 2176 2298 3750 2371">
    <p class='ocr_par' dir='ltr' id='par_1_51' title="bbox 2176 2298 3750 2371">
     <span class='ocr_line' id='line_1_51' title="bbox 2176 2298 3750 2371; baseline -0.001 -18"><span class='ocrx_word' id='word_1_366' title='bbox 2176 2300 2522 2371; x_wconf 80' lang='grc' dir='ltr'><strong>ὑπέρκειται.</strong></span> <span class='ocrx_word' id='word_1_367' title='bbox 2556 2302 2678 2354; x_wconf 78' lang='grc' dir='ltr'>Ὀτι</span> <span class='ocrx_word' id='word_1_368' title='bbox 2716 2301 2773 2354; x_wconf 78' lang='grc' dir='ltr'><strong>δὲ</strong></span> <span class='ocrx_word' id='word_1_369' title='bbox 2807 2302 2905 2371; x_wconf 83' lang='grc' dir='ltr'><strong>οὐχ</strong></span> <span class='ocrx_word' id='word_1_370' title='bbox 2928 2303 2961 2354; x_wconf 81' lang='grc' dir='ltr'><strong>ὀ</strong></span> <span class='ocrx_word' id='word_1_371' title='bbox 2986 2300 3083 2353; x_wconf 88' lang='grc' dir='ltr'><strong>τοῦ</strong></span> <span class='ocrx_word' id='word_1_372' title='bbox 3128 2301 3283 2371; x_wconf 85' lang='grc' dir='ltr'><strong>Ναυῆ</strong></span> <span class='ocrx_word' id='word_1_373' title='bbox 3325 2302 3438 2365; x_wconf 75' lang='grc' dir='ltr'><strong>υἱὸς</strong></span> <span class='ocrx_word' id='word_1_374' title='bbox 3466 2298 3533 2371; x_wconf 80' lang='grc' dir='ltr'><strong>ἦν</strong></span> <span class='ocrx_word' id='word_1_375' title='bbox 3563 2301 3592 2353; x_wconf 82' lang='grc' dir='ltr'><strong>ὁ</strong></span> <span class='ocrx_word' id='word_1_376' title='bbox 3615 2302 3750 2353; x_wconf 61' lang='grc' dir='ltr'><strong>ἀνα-</strong></span> 
     </span>
    </p>
   </div>
   <div class='ocr_carea' id='block_1_52' title="bbox 2178 2392 3748 2463">
    <p class='ocr_par' dir='ltr' id='par_1_52' title="bbox 2178 2392 3748 2463">
     <span class='ocr_line' id='line_1_52' title="bbox 2178 2392 3748 2463; baseline -0.001 -18"><span class='ocrx_word' id='word_1_377' title='bbox 2178 2394 2511 2463; x_wconf 72' lang='grc' dir='ltr'>στησάμενος</span> <span class='ocrx_word' id='word_1_378' title='bbox 2541 2396 2852 2463; x_wconf 80' lang='grc' dir='ltr'><strong>προφήτης,</strong></span> <span class='ocrx_word' id='word_1_379' title='bbox 2883 2394 3137 2446; x_wconf 78' lang='grc' dir='ltr'>ἄκουσον.</span> <span class='ocrx_word' id='word_1_380' title='bbox 3174 2392 3379 2462; x_wconf 77' lang='grc' dir='ltr'>Εἰρηκε</span> <span class='ocrx_word' id='word_1_381' title='bbox 3427 2394 3668 2459; x_wconf 58' lang='lat' dir='ltr'><strong>Matini};</strong></span> <span class='ocrx_word' id='word_1_382' title='bbox 3690 2397 3748 2444; x_wconf 76' lang='grc' dir='ltr'><strong>ὲν</strong></span> 
     </span>
    </p>
   </div>
   <div class='ocr_carea' id='block_1_53' title="bbox 2173 2483 3745 2554">
    <p class='ocr_par' dir='ltr' id='par_1_53' title="bbox 2173 2483 3745 2554">
     <span class='ocr_line' id='line_1_53' title="bbox 2173 2483 3745 2554; baseline 0.001 -19"><span class='ocrx_word' id='word_1_383' title='bbox 2173 2483 2251 2552; x_wconf 78' lang='grc' dir='ltr'><strong>τῷ</strong></span> <span class='ocrx_word' id='word_1_384' title='bbox 2271 2488 2433 2535; x_wconf 85' lang='grc' dir='ltr'>Δευτε</span> <span class='ocrx_word' id='word_1_385' title='bbox 2444 2485 2680 2554; x_wconf 70' lang='grc' dir='ltr'>ρονομεῳ</span> <span class='ocrx_word' id='word_1_386' title='bbox 2710 2485 2845 2549; x_wconf 83' lang='grc' dir='ltr'>πρὸς</span> <span class='ocrx_word' id='word_1_387' title='bbox 2868 2485 2959 2536; x_wconf 77' lang='grc' dir='ltr'>τὸν</span> <span class='ocrx_word' id='word_1_388' title='bbox 2984 2485 3129 2548; x_wconf 81' lang='grc' dir='ltr'>λαὸν,</span> <span class='ocrx_word' id='word_1_389' title='bbox 3155 2486 3238 2537; x_wconf 75' lang='grc' dir='ltr'>ὅτι</span> <span class='ocrx_word' id='word_1_390' title='bbox 3259 2486 3581 2552; x_wconf 74' lang='grc' dir='ltr'><strong>Προφήτην</strong></span> <span class='ocrx_word' id='word_1_391' title='bbox 3600 2485 3717 2537; x_wconf 75' lang='grc' dir='ltr'><strong>ἀνα</strong></span> <span class='ocrx_word' id='word_1_392' title='bbox 3733 2514 3745 2522; x_wconf 90' lang='grc'><strong><em>-</em></strong></span> 
     </span>
    </p>
   </div>
   <div class='ocr_carea' id='block_1_54' title="bbox 2174 2574 3743 2643">
    <p class='ocr_par' dir='ltr' id='par_1_54' title="bbox 2174 2574 3743 2643">
     <span class='ocr_line' id='line_1_54' title="bbox 2174 2574 3743 2643; baseline 0 -15"><span class='ocrx_word' id='word_1_393' title='bbox 2174 2577 2394 2641; x_wconf 77' lang='grc' dir='ltr'><em>στήσει</em></span> <span class='ocrx_word' id='word_1_394' title='bbox 2426 2576 2642 2642; x_wconf 79' lang='grc' dir='ltr'>Κύριος</span> <span class='ocrx_word' id='word_1_395' title='bbox 2664 2578 2697 2627; x_wconf 87' lang='grc' dir='ltr'><strong><em>ό</em></strong></span> <span class='ocrx_word' id='word_1_396' title='bbox 2722 2576 2865 2640; x_wconf 79' lang='grc' dir='ltr'><strong>Θοός</strong></span> <span class='ocrx_word' id='word_1_397' title='bbox 2897 2590 3014 2629; x_wconf 87' lang='grc' dir='ltr'><strong>σου</strong></span> <span class='ocrx_word' id='word_1_398' title='bbox 3041 2575 3111 2628; x_wconf 78' lang='grc' dir='ltr'>ἐκ</span> <span class='ocrx_word' id='word_1_399' title='bbox 3127 2574 3245 2628; x_wconf 81' lang='grc' dir='ltr'><em>τῶν</em></span> <span class='ocrx_word' id='word_1_400' title='bbox 3257 2574 3537 2643; x_wconf 68' lang='grc' dir='ltr'>ἀδελφῶν</span> <span class='ocrx_word' id='word_1_401' title='bbox 3554 2574 3743 2642; x_wconf 77' lang='grc' dir='ltr'>ἡμῶν,</span> 
     </span>
    </p>
   </div>
   <div class='ocr_carea' id='block_1_55' title="bbox 2176 2662 3743 2736">
    <p class='ocr_par' dir='ltr' id='par_1_55' title="bbox 2176 2662 3743 2736">
     <span class='ocr_line' id='line_1_55' title="bbox 2176 2662 3743 2736; baseline -0.001 -15"><span class='ocrx_word' id='word_1_402' title='bbox 2176 2669 2271 2721; x_wconf 82' lang='grc' dir='ltr'>καὶ</span> <span class='ocrx_word' id='word_1_403' title='bbox 2299 2667 2369 2720; x_wconf 76' lang='grc' dir='ltr'><strong>τὰ</strong></span> <span class='ocrx_word' id='word_1_404' title='bbox 2396 2665 2543 2736; x_wconf 72' lang='grc' dir='ltr'><strong>ἑξῆς.</strong></span> <span class='ocrx_word' id='word_1_405' title='bbox 2587 2665 2650 2719; x_wconf 81' lang='grc' dir='ltr'><strong>Ὀ</strong></span> <span class='ocrx_word' id='word_1_406' title='bbox 2678 2666 2736 2718; x_wconf 66' lang='grc' dir='ltr'><strong>δὲ</strong></span> <span class='ocrx_word' id='word_1_407' title='bbox 2765 2665 2860 2720; x_wconf 83' lang='grc' dir='ltr'><strong>τοῦ</strong></span> <span class='ocrx_word' id='word_1_408' title='bbox 2894 2665 3051 2734; x_wconf 85' lang='grc' dir='ltr'><strong>Ναυῆ</strong></span> <span class='ocrx_word' id='word_1_409' title='bbox 3079 2665 3186 2735; x_wconf 83' lang='grc' dir='ltr'>πρὸ</span> <span class='ocrx_word' id='word_1_410' title='bbox 3214 2665 3413 2719; x_wconf 81' lang='grc' dir='ltr'>πολλοῦ</span> <span class='ocrx_word' id='word_1_411' title='bbox 3459 2662 3528 2736; x_wconf 80' lang='grc' dir='ltr'>ἦν</span> <span class='ocrx_word' id='word_1_412' title='bbox 3557 2682 3743 2735; x_wconf 74' lang='grc' dir='ltr'>κεχει-</span> 
     </span>
    </p>
   </div>
   <div class='ocr_carea' id='block_1_56' title="bbox 2176 2758 3740 2831">
    <p class='ocr_par' dir='ltr' id='par_1_56' title="bbox 2176 2758 3740 2831">
     <span class='ocr_line' id='line_1_56' title="bbox 2176 2758 3740 2831; baseline 0.001 -21"><span class='ocrx_word' id='word_1_413' title='bbox 2176 2760 2534 2831; x_wconf 62' lang='grc' dir='ltr'>ροτονημένο,</span> <span class='ocrx_word' id='word_1_414' title='bbox 2574 2760 2680 2811; x_wconf 79' lang='grc' dir='ltr'><strong>ὑπὸ</strong></span> <span class='ocrx_word' id='word_1_415' title='bbox 2710 2758 2807 2811; x_wconf 84' lang='grc' dir='ltr'><strong>τοῦ</strong></span> <span class='ocrx_word' id='word_1_416' title='bbox 2824 2758 2959 2812; x_wconf 78' lang='grc' dir='ltr'>Θεοῦ</span> <span class='ocrx_word' id='word_1_417' title='bbox 2975 2759 3065 2811; x_wconf 76' lang='grc' dir='ltr'><strong>διὰ</strong></span> <span class='ocrx_word' id='word_1_418' title='bbox 3089 2758 3199 2810; x_wconf 85' lang='grc' dir='ltr'><strong>τῶν</strong></span> <span class='ocrx_word' id='word_1_419' title='bbox 3219 2759 3419 2828; x_wconf 75' lang='grc' dir='ltr'>χειρῶν</span> <span class='ocrx_word' id='word_1_420' title='bbox 3442 2758 3740 2821; x_wconf 73' lang='grc' dir='ltr'>Μωῦσέως.</span> 
     </span>
    </p>
   </div>
   <div class='ocr_carea' id='block_1_57' title="bbox 2174 2847 3740 2921">
    <p class='ocr_par' dir='ltr' id='par_1_57' title="bbox 2174 2847 3740 2921">
     <span class='ocr_line' id='line_1_57' title="bbox 2174 2847 3740 2921; baseline -0.001 -16"><span class='ocrx_word' id='word_1_421' title='bbox 2174 2853 2252 2915; x_wconf 80' lang='grc' dir='ltr'><strong>ὼς</strong></span> <span class='ocrx_word' id='word_1_422' title='bbox 2290 2853 2350 2904; x_wconf 78' lang='grc' dir='ltr'>τὸ</span> <span class='ocrx_word' id='word_1_423' title='bbox 2382 2852 2666 2905; x_wconf 77' lang='grc' dir='ltr'>Λευῖτικὸν</span> <span class='ocrx_word' id='word_1_424' title='bbox 2707 2853 2933 2921; x_wconf 75' lang='grc' dir='ltr'>ἱστορεῖ.</span> <span class='ocrx_word' id='word_1_425' title='bbox 2979 2851 3182 2904; x_wconf 81' lang='grc' dir='ltr'>Λοιπὸν</span> <span class='ocrx_word' id='word_1_426' title='bbox 3214 2847 3308 2904; x_wconf 77' lang='grc' dir='ltr'><strong>οὖν</strong></span> <span class='ocrx_word' id='word_1_427' title='bbox 3340 2852 3527 2921; x_wconf 68' lang='grc' dir='ltr'>ἕτερος</span> <span class='ocrx_word' id='word_1_428' title='bbox 3561 2852 3740 2903; x_wconf 57' lang='lat' dir='ltr'><strong>diva-</strong></span> 
     </span>
    </p>
   </div>
   <div class='ocr_carea' id='block_1_58' title="bbox 2177 2939 3740 3013">
    <p class='ocr_par' dir='ltr' id='par_1_58' title="bbox 2177 2939 3740 3013">
     <span class='ocr_line' id='line_1_58' title="bbox 2177 2939 3740 3013; baseline -0.003 -18"><span class='ocrx_word' id='word_1_429' title='bbox 2177 2944 2512 3013; x_wconf 69' lang='grc' dir='ltr'>στησόμενος</span> <span class='ocrx_word' id='word_1_430' title='bbox 2545 2942 2695 3012; x_wconf 80' lang='grc' dir='ltr'>παρὰ</span> <span class='ocrx_word' id='word_1_431' title='bbox 2733 2940 2825 2995; x_wconf 80' lang='grc' dir='ltr'>τὸν</span> <span class='ocrx_word' id='word_1_432' title='bbox 2858 2942 3188 2996; x_wconf 81' lang='grc' dir='ltr'>ἀναστάντα.</span> <span class='ocrx_word' id='word_1_433' title='bbox 3235 2940 3397 3005; x_wconf 82' lang='grc' dir='ltr'>Ἀλλ’,</span> <span class='ocrx_word' id='word_1_434' title='bbox 3433 2942 3509 3002; x_wconf 80' lang='grc' dir='ltr'>ὡς</span> <span class='ocrx_word' id='word_1_435' title='bbox 3539 2939 3740 3005; x_wconf 73' lang='grc' dir='ltr'>ιοικεν,</span> 
     </span>
    </p>
   </div>
   <div class='ocr_carea' id='block_1_59' title="bbox 2175 3033 3744 3103">
    <p class='ocr_par' dir='ltr' id='par_1_59' title="bbox 2175 3033 3744 3103">
     <span class='ocr_line' id='line_1_59' title="bbox 2175 3033 3744 3103; baseline -0.004 -14"><span class='ocrx_word' id='word_1_436' title='bbox 2175 3036 2463 3102; x_wconf 77' lang='grc' dir='ltr'><strong>ἀγνοοῦσιν</strong></span> <span class='ocrx_word' id='word_1_437' title='bbox 2500 3037 2551 3087; x_wconf 86' lang='lat' dir='ltr'><strong>oi.</strong></span> <span class='ocrx_word' id='word_1_438' title='bbox 2611 3034 2858 3087; x_wconf 77' lang='grc' dir='ltr'><strong>Ἰουδαῖοι</strong></span> <span class='ocrx_word' id='word_1_439' title='bbox 2916 3034 2979 3087; x_wconf 79' lang='grc' dir='ltr'>τὸ</span> <span class='ocrx_word' id='word_1_440' title='bbox 3031 3033 3425 3103; x_wconf 73' lang='grc' dir='ltr'><strong>γεγραμμένον</strong></span> <span class='ocrx_word' id='word_1_441' title='bbox 3487 3034 3632 3087; x_wconf 72' lang='grc' dir='ltr'>κατὰ</span> <span class='ocrx_word' id='word_1_442' title='bbox 3680 3033 3744 3084; x_wconf 70' lang='grc' dir='ltr'><strong>τὸ</strong></span> 
     </span>
    </p>
   </div>
   <div class='ocr_carea' id='block_1_60' title="bbox 503 3120 2072 3214">
    <p class='ocr_par' dir='ltr' id='par_1_60' title="bbox 503 3122 2072 3198">
     <span class='ocr_line' id='line_1_60' title="bbox 503 3122 2072 3198; baseline 0.008 -25"><span class='ocrx_word' id='word_1_443' title='bbox 503 3124 755 3192; x_wconf 76' lang='lat' dir='ltr'><strong>propheta</strong></span> <span class='ocrx_word' id='word_1_444' title='bbox 776 3125 828 3176; x_wconf 85' lang='lat' dir='ltr'><strong>in</strong></span> <span class='ocrx_word' id='word_1_445' title='bbox 850 3122 1052 3178; x_wconf 76' lang='lat' dir='ltr'><strong>Israele</strong></span> <span class='ocrx_word' id='word_1_446' title='bbox 1081 3126 1213 3178; x_wconf 81' lang='lat' dir='ltr'><strong>sicut</strong></span> <span class='ocrx_word' id='word_1_447' title='bbox 1242 3125 1473 3197; x_wconf 75' lang='lat' dir='ltr'><strong>Moyses,</strong></span> <span class='ocrx_word' id='word_1_448' title='bbox 1498 3145 1648 3198; x_wconf 81' lang='lat' dir='ltr'><strong>quem</strong></span> <span class='ocrx_word' id='word_1_449' title='bbox 1663 3133 1804 3184; x_wconf 71' lang='lat' dir='ltr'><strong>norit</strong></span> <span class='ocrx_word' id='word_1_450' title='bbox 1824 3131 2072 3185; x_wconf 83' lang='lat' dir='ltr'><strong>Dominus</strong></span> 
     </span>
    </p>
   </div>
   <div class='ocr_carea' id='block_1_61' title="bbox 2177 3120 3743 3214">
    <p class='ocr_par' dir='ltr' id='par_1_61' title="bbox 2179 3120 3743 3194">
     <span class='ocr_line' id='line_1_61' title="bbox 2179 3120 3743 3194; baseline -0.005 -15"><span class='ocrx_word' id='word_1_451' title='bbox 2179 3124 2559 3194; x_wconf 78' lang='grc' dir='ltr'><strong>συμπέρασμα</strong></span> <span class='ocrx_word' id='word_1_452' title='bbox 2586 3122 2682 3177; x_wconf 68' lang='grc' dir='ltr'><strong>⁴τοῦ</strong></span> <span class='ocrx_word' id='word_1_453' title='bbox 2706 3124 3133 3193; x_wconf 75' lang='grc' dir='ltr'>Δευτερονομίου</span> <span class='ocrx_word' id='word_1_454' title='bbox 3190 3123 3331 3191; x_wconf 79' lang='grc' dir='ltr'>μετὰ</span> <span class='ocrx_word' id='word_1_455' title='bbox 3370 3121 3462 3174; x_wconf 71' lang='grc' dir='ltr'><strong>τὸν</strong></span> <span class='ocrx_word' id='word_1_456' title='bbox 3512 3120 3743 3174; x_wconf 82' lang='grc' dir='ltr'>θάνατον</span> 
     </span>
    </p>
   </div>
   <div class='ocr_carea' id='block_1_62' title="bbox 502 3213 2074 3285">
    <p class='ocr_par' dir='ltr' id='par_1_62' title="bbox 502 3213 2074 3285">
     <span class='ocr_line' id='line_1_62' title="bbox 502 3213 2074 3285; baseline 0.007 -22"><span class='ocrx_word' id='word_1_457' title='bbox 502 3213 638 3281; x_wconf 81' lang='lat' dir='ltr'><strong>facie</strong></span> <span class='ocrx_word' id='word_1_458' title='bbox 665 3215 732 3266; x_wconf 90' lang='lat' dir='ltr'><strong>ad</strong></span> <span class='ocrx_word' id='word_1_459' title='bbox 761 3215 951 3283; x_wconf 76' lang='lat' dir='ltr'><strong>faciem</strong></span> <span class='ocrx_word' id='word_1_460' title='bbox 984 3215 1025 3267; x_wconf 81' lang='grc'>³.</span> <span class='ocrx_word' id='word_1_461' title='bbox 1055 3215 1497 3271; x_wconf 82' lang='lat' dir='ltr'><strong>Consentaneum</strong></span> <span class='ocrx_word' id='word_1_462' title='bbox 1552 3218 1773 3285; x_wconf 87' lang='lat' dir='ltr'><strong>quidem</strong></span> <span class='ocrx_word' id='word_1_463' title='bbox 1819 3230 1957 3284; x_wconf 88' lang='lat' dir='ltr'><strong>erat,</strong></span> <span class='ocrx_word' id='word_1_464' title='bbox 2013 3229 2074 3274; x_wconf 89' lang='lat' dir='ltr'><strong>ut</strong></span> 
     </span>
    </p>
   </div>
   <div class='ocr_carea' id='block_1_63' title="bbox 502 3304 2068 3378">
    <p class='ocr_par' dir='ltr' id='par_1_63' title="bbox 502 3304 2068 3378">
     <span class='ocr_line' id='line_1_63' title="bbox 502 3304 2068 3378; baseline 0.008 -24"><span class='ocrx_word' id='word_1_465' title='bbox 502 3318 625 3355; x_wconf 89' lang='lat' dir='ltr'><strong>cum</strong></span> <span class='ocrx_word' id='word_1_466' title='bbox 656 3304 796 3359; x_wconf 79' lang='lat' dir='ltr'><strong>Deus</strong></span> <span class='ocrx_word' id='word_1_467' title='bbox 839 3306 1001 3376; x_wconf 82' lang='lat' dir='ltr'><strong>Moysi</strong></span> <span class='ocrx_word' id='word_1_468' title='bbox 1041 3308 1289 3370; x_wconf 80' lang='lat' dir='ltr'><strong>dixisset,</strong></span> <span class='ocrx_word' id='word_1_469' title='bbox 1319 3323 1376 3363; x_wconf 85' lang='lat' dir='ltr'><strong>se</strong></span> <span class='ocrx_word' id='word_1_470' title='bbox 1417 3310 1742 3378; x_wconf 86' lang='lat' dir='ltr'><strong>prophetam</strong></span> <span class='ocrx_word' id='word_1_471' title='bbox 1765 3314 2068 3367; x_wconf 81' lang='lat' dir='ltr'><strong>suscitatu-</strong></span> 
     </span>
    </p>
   </div>
   <div class='ocr_carea' id='block_1_64' title="bbox 502 3394 2075 3468">
    <p class='ocr_par' dir='ltr' id='par_1_64' title="bbox 502 3394 2075 3468">
     <span class='ocr_line' id='line_1_64' title="bbox 502 3394 2075 3468; baseline 0.009 -24"><span class='ocrx_word' id='word_1_472' title='bbox 502 3405 623 3446; x_wconf 86' lang='lat' dir='ltr'><strong>rum</strong></span> <span class='ocrx_word' id='word_1_473' title='bbox 652 3394 752 3456; x_wconf 88' lang='lat' dir='ltr'><strong>eis,</strong></span> <span class='ocrx_word' id='word_1_474' title='bbox 786 3402 915 3449; x_wconf 88' lang='lat' dir='ltr'><strong>tunc</strong></span> <span class='ocrx_word' id='word_1_475' title='bbox 942 3396 1060 3466; x_wconf 80' lang='lat' dir='ltr'><strong>ipse</strong></span> <span class='ocrx_word' id='word_1_476' title='bbox 1101 3397 1309 3468; x_wconf 78' lang='lat' dir='ltr'><strong>Moyses</strong></span> <span class='ocrx_word' id='word_1_477' title='bbox 1336 3399 1541 3468; x_wconf 83' lang='lat' dir='ltr'><strong>populo</strong></span> <span class='ocrx_word' id='word_1_478' title='bbox 1584 3400 1952 3457; x_wconf 76' lang='lat' dir='ltr'><strong>denuntiaret.</strong></span> <span class='ocrx_word' id='word_1_479' title='bbox 2007 3403 2075 3458; x_wconf 84' lang='lat' dir='ltr'><strong>At</strong></span> 
     </span>
    </p>
   </div>
   <div class='ocr_carea' id='block_1_65' title="bbox 501 3484 2078 3559">
    <p class='ocr_par' dir='ltr' id='par_1_65' title="bbox 501 3484 2078 3559">
     <span class='ocr_line' id='line_1_65' title="bbox 501 3484 2078 3559; baseline 0.007 -21"><span class='ocrx_word' id='word_1_480' title='bbox 501 3498 624 3538; x_wconf 87' lang='lat' dir='ltr'><strong>cum</strong></span> <span class='ocrx_word' id='word_1_481' title='bbox 662 3484 714 3539; x_wconf 87' lang='lat' dir='ltr'><strong>id</strong></span> <span class='ocrx_word' id='word_1_482' title='bbox 741 3486 795 3538; x_wconf 93' lang='lat' dir='ltr'><strong>in</strong></span> <span class='ocrx_word' id='word_1_483' title='bbox 830 3486 1008 3542; x_wconf 86' lang='lat' dir='ltr'><strong>Horeb</strong></span> <span class='ocrx_word' id='word_1_484' title='bbox 1035 3490 1357 3557; x_wconf 87' lang='lat' dir='ltr'><strong>accepisset,</strong></span> <span class='ocrx_word' id='word_1_485' title='bbox 1398 3499 1587 3559; x_wconf 84' lang='lat' dir='ltr'><strong>postea</strong></span> <span class='ocrx_word' id='word_1_486' title='bbox 1637 3493 1690 3545; x_wconf 88' lang='lat' dir='ltr'><strong>ln</strong></span> <span class='ocrx_word' id='word_1_487' title='bbox 1738 3492 2078 3549; x_wconf 88' lang='lat' dir='ltr'><strong>Deuterono-</strong></span> 
     </span>
    </p>
   </div>
   <div class='ocr_carea' id='block_1_66' title="bbox 504 3577 2078 3654">
    <p class='ocr_par' dir='ltr' id='par_1_66' title="bbox 504 3577 2078 3654">
     <span class='ocr_line' id='line_1_66' title="bbox 504 3577 2078 3654; baseline 0.007 -25"><span class='ocrx_word' id='word_1_488' title='bbox 504 3577 615 3631; x_wconf 91' lang='lat' dir='ltr'><strong>mio</strong></span> <span class='ocrx_word' id='word_1_489' title='bbox 641 3577 706 3631; x_wconf 89' lang='lat' dir='ltr'><strong>ad</strong></span> <span class='ocrx_word' id='word_1_490' title='bbox 759 3580 1017 3648; x_wconf 87' lang='lat' dir='ltr'><strong>populum</strong></span> <span class='ocrx_word' id='word_1_491' title='bbox 1078 3581 1245 3635; x_wconf 79' lang='lat' dir='ltr'><strong>refert</strong></span> <span class='ocrx_word' id='word_1_492' title='bbox 1303 3581 1484 3636; x_wconf 87' lang='lat' dir='ltr'><strong>dedita</strong></span> <span class='ocrx_word' id='word_1_493' title='bbox 1531 3598 1698 3652; x_wconf 85' lang='lat' dir='ltr'><strong>opera</strong></span> <span class='ocrx_word' id='word_1_494' title='bbox 1756 3595 2078 3654; x_wconf 78' lang='lat' dir='ltr'><strong>exspectans</strong></span> 
     </span>
    </p>
   </div>
   <div class='ocr_carea' id='block_1_67' title="bbox 502 3667 2077 3746">
    <p class='ocr_par' dir='ltr' id='par_1_67' title="bbox 502 3667 2077 3746">
     <span class='ocr_line' id='line_1_67' title="bbox 502 3667 2077 3746; baseline 0.006 -26"><span class='ocrx_word' id='word_1_495' title='bbox 502 3667 631 3721; x_wconf 88' lang='lat' dir='ltr'><strong>Jesu</strong></span> <span class='ocrx_word' id='word_1_496' title='bbox 661 3668 755 3723; x_wconf 78' lang='lat' dir='ltr'><strong>tilii</strong></span> <span class='ocrx_word' id='word_1_497' title='bbox 787 3668 936 3726; x_wconf 87' lang='lat' dir='ltr'><strong>Nave</strong></span> <span class='ocrx_word' id='word_1_498' title='bbox 980 3672 1427 3739; x_wconf 71' lang='lat' dir='ltr'><strong>declarationem,</strong></span> <span class='ocrx_word' id='word_1_499' title='bbox 1479 3687 1550 3726; x_wconf 85' lang='lat' dir='ltr'><strong>ne</strong></span> <span class='ocrx_word' id='word_1_500' title='bbox 1594 3676 1740 3729; x_wconf 87' lang='lat' dir='ltr'><strong>hunc</strong></span> <span class='ocrx_word' id='word_1_501' title='bbox 1783 3690 1906 3729; x_wconf 85' lang='lat' dir='ltr'><strong>esse</strong></span> <span class='ocrx_word' id='word_1_502' title='bbox 1948 3691 2077 3746; x_wconf 82' lang='lat' dir='ltr'><strong>pro-</strong></span> 
     </span>
    </p>
   </div>
   <div class='ocr_carea' id='block_1_68' title="bbox 505 3759 2071 3836">
    <p class='ocr_par' dir='ltr' id='par_1_68' title="bbox 505 3759 2071 3836">
     <span class='ocr_line' id='line_1_68' title="bbox 505 3759 2071 3836; baseline 0.006 -23"><span class='ocrx_word' id='word_1_503' title='bbox 505 3759 722 3828; x_wconf 86' lang='lat' dir='ltr'><strong>phetam</strong></span> <span class='ocrx_word' id='word_1_504' title='bbox 778 3762 927 3816; x_wconf 86' lang='lat' dir='ltr'><strong>illum</strong></span> <span class='ocrx_word' id='word_1_505' title='bbox 976 3764 1212 3819; x_wconf 75' lang='lat' dir='ltr'><strong>similem</strong></span> <span class='ocrx_word' id='word_1_506' title='bbox 1242 3765 1348 3819; x_wconf 89' lang='lat' dir='ltr'><strong>sibi</strong></span> <span class='ocrx_word' id='word_1_507' title='bbox 1383 3766 1813 3836; x_wconf 81' lang='lat' dir='ltr'><strong>suspicarentur.</strong></span> <span class='ocrx_word' id='word_1_508' title='bbox 1848 3765 2071 3821; x_wconf 84' lang='lat' dir='ltr'><strong>Postea-</strong></span> 
     </span>
    </p>
   </div>
   <div class='ocr_carea' id='block_1_69' title="bbox 501 3855 2073 3922">
    <p class='ocr_par' dir='ltr' id='par_1_69' title="bbox 501 3855 2073 3922">
     <span class='ocr_line' id='line_1_69' title="bbox 501 3855 2073 3922; baseline 0.006 -18"><span class='ocrx_word' id='word_1_509' title='bbox 501 3865 661 3916; x_wconf 85' lang='lat' dir='ltr'><strong>quam</strong></span> <span class='ocrx_word' id='word_1_510' title='bbox 696 3868 824 3907; x_wconf 82' lang='lat' dir='ltr'><strong>vero</strong></span> <span class='ocrx_word' id='word_1_511' title='bbox 846 3855 1149 3911; x_wconf 84' lang='lat' dir='ltr'><strong>declaratus</strong></span> <span class='ocrx_word' id='word_1_512' title='bbox 1195 3865 1278 3911; x_wconf 86' lang='lat' dir='ltr'><strong>cst</strong></span> <span class='ocrx_word' id='word_1_513' title='bbox 1321 3857 1467 3912; x_wconf 85' lang='lat' dir='ltr'><strong>Nave</strong></span> <span class='ocrx_word' id='word_1_514' title='bbox 1515 3858 1815 3922; x_wconf 82' lang='lat' dir='ltr'><strong>ﬁlius,tum</strong></span> <span class='ocrx_word' id='word_1_515' title='bbox 1856 3858 2073 3913; x_wconf 87' lang='lat' dir='ltr'><strong>demum</strong></span> 
     </span>
    </p>
   </div>
   <div class='ocr_carea' id='block_1_70' title="bbox 504 3940 2076 4014">
    <p class='ocr_par' dir='ltr' id='par_1_70' title="bbox 504 3940 2076 4014">
     <span class='ocr_line' id='line_1_70' title="bbox 504 3940 2076 4014; baseline 0.004 -18"><span class='ocrx_word' id='word_1_516' title='bbox 504 3940 637 3996; x_wconf 90' lang='lat' dir='ltr'><strong>illud</strong></span> <span class='ocrx_word' id='word_1_517' title='bbox 661 3942 861 4011; x_wconf 92' lang='lat' dir='ltr'><strong>p0pulo</strong></span> <span class='ocrx_word' id='word_1_518' title='bbox 891 3943 1165 3998; x_wconf 77' lang='lat' dir='ltr'><strong>exhibuit.</strong></span> <span class='ocrx_word' id='word_1_519' title='bbox 1195 3946 1260 3999; x_wconf 87' lang='lat' dir='ltr'><strong>Et</strong></span> <span class='ocrx_word' id='word_1_520' title='bbox 1285 3945 1353 3999; x_wconf 83' lang='lat' dir='ltr'><strong>de</strong></span> <span class='ocrx_word' id='word_1_521' title='bbox 1385 3949 1488 4001; x_wconf 88' lang='lat' dir='ltr'><strong>hoc</strong></span> <span class='ocrx_word' id='word_1_522' title='bbox 1513 3947 1732 4014; x_wconf 80' lang='lat' dir='ltr'><strong>quidem</strong></span> <span class='ocrx_word' id='word_1_523' title='bbox 1785 3947 2076 4002; x_wconf 76' lang='lat' dir='ltr'><strong>hactenus.</strong></span> 
     </span>
    </p>
   </div>
   <div class='ocr_carea' id='block_1_71' title="bbox 499 4033 2075 4108">
    <p class='ocr_par' dir='ltr' id='par_1_71' title="bbox 499 4033 2075 4108">
     <span class='ocr_line' id='line_1_71' title="bbox 499 4033 2075 4108; baseline 0.004 -19"><span class='ocrx_word' id='word_1_524' title='bbox 499 4033 637 4089; x_wconf 87' lang='lat' dir='ltr'><strong>Cum</strong></span> <span class='ocrx_word' id='word_1_525' title='bbox 665 4046 843 4089; x_wconf 90' lang='lat' dir='ltr'><strong>autem</strong></span> <span class='ocrx_word' id='word_1_526' title='bbox 866 4035 1283 4092; x_wconf 87' lang='lat' dir='ltr'><strong>innumerabilia</strong></span> <span class='ocrx_word' id='word_1_527' title='bbox 1320 4053 1491 4108; x_wconf 90' lang='lat' dir='ltr'><strong>prope</strong></span> <span class='ocrx_word' id='word_1_528' title='bbox 1525 4039 1638 4093; x_wconf 77' lang='lat' dir='ltr'><strong>loca</strong></span> <span class='ocrx_word' id='word_1_529' title='bbox 1669 4038 1780 4093; x_wconf 78' lang='lat' dir='ltr'><strong>sint</strong></span> <span class='ocrx_word' id='word_1_530' title='bbox 1820 4040 1874 4093; x_wconf 92' lang='lat' dir='ltr'><strong>in</strong></span> <span class='ocrx_word' id='word_1_531' title='bbox 1919 4055 2075 4095; x_wconf 86' lang='lat' dir='ltr'><strong>sacra</strong></span> 
     </span>
    </p>
   </div>
   <div class='ocr_carea' id='block_1_72' title="bbox 505 4126 2073 4200">
    <p class='ocr_par' dir='ltr' id='par_1_72' title="bbox 505 4126 2073 4200">
     <span class='ocr_line' id='line_1_72' title="bbox 505 4126 2073 4200; baseline 0.004 -18"><span class='ocrx_word' id='word_1_532' title='bbox 505 4126 809 4196; x_wconf 86' lang='lat' dir='ltr'><strong>Scriptura,</strong></span> <span class='ocrx_word' id='word_1_533' title='bbox 852 4144 973 4196; x_wconf 73' lang='lat' dir='ltr'><strong>qua:</strong></span> <span class='ocrx_word' id='word_1_534' title='bbox 998 4129 1082 4182; x_wconf 92' lang='lat' dir='ltr'><strong>vel</strong></span> <span class='ocrx_word' id='word_1_535' title='bbox 1132 4139 1260 4184; x_wconf 89' lang='lat' dir='ltr'><strong>ante</strong></span> <span class='ocrx_word' id='word_1_536' title='bbox 1308 4130 1640 4184; x_wconf 87' lang='lat' dir='ltr'><strong>denuntiant</strong></span> <span class='ocrx_word' id='word_1_537' title='bbox 1700 4146 1785 4193; x_wconf 88' lang='lat' dir='ltr'><strong>ea,</strong></span> <span class='ocrx_word' id='word_1_538' title='bbox 1839 4148 1959 4200; x_wconf 73' lang='lat' dir='ltr'><strong>qua:</strong></span> <span class='ocrx_word' id='word_1_539' title='bbox 2006 4133 2073 4189; x_wconf 83' lang='lat' dir='ltr'><strong>ad</strong></span> 
     </span>
    </p>
   </div>
   <div class='ocr_carea' id='block_1_73' title="bbox 502 4216 2080 4289">
    <p class='ocr_par' dir='ltr' id='par_1_73' title="bbox 502 4216 2080 4289">
     <span class='ocr_line' id='line_1_73' title="bbox 502 4216 2080 4289; baseline 0.003 -18"><span class='ocrx_word' id='word_1_540' title='bbox 502 4216 785 4272; x_wconf 87' lang='lat' dir='ltr'><strong>Christum</strong></span> <span class='ocrx_word' id='word_1_541' title='bbox 833 4219 1131 4286; x_wconf 84' lang='lat' dir='ltr'><strong>pertinent.</strong></span> <span class='ocrx_word' id='word_1_542' title='bbox 1170 4220 1255 4273; x_wconf 85' lang='lat' dir='ltr'><strong>vel</strong></span> <span class='ocrx_word' id='word_1_543' title='bbox 1287 4219 1531 4272; x_wconf 85' lang='lat' dir='ltr'><strong>indicant</strong></span> <span class='ocrx_word' id='word_1_544' title='bbox 1565 4220 1676 4282; x_wconf 89' lang='lat' dir='ltr'><strong>illa,</strong></span> <span class='ocrx_word' id='word_1_545' title='bbox 1706 4236 1826 4289; x_wconf 65' lang='lat' dir='ltr'><strong>quae</strong></span> <span class='ocrx_word' id='word_1_546' title='bbox 1860 4223 1927 4275; x_wconf 90' lang='lat' dir='ltr'><strong>ad</strong></span> <span class='ocrx_word' id='word_1_547' title='bbox 1959 4236 2080 4276; x_wconf 83' lang='lat' dir='ltr'><strong>san-</strong></span> 
     </span>
    </p>
   </div>
   <div class='ocr_carea' id='block_1_74' title="bbox 504 4309 2075 4381">
    <p class='ocr_par' dir='ltr' id='par_1_74' title="bbox 504 4309 2075 4381">
     <span class='ocr_line' id='line_1_74' title="bbox 504 4309 2075 4381; baseline 0.004 -21"><span class='ocrx_word' id='word_1_548' title='bbox 504 4316 646 4360; x_wconf 88' lang='lat' dir='ltr'><strong>ctam</strong></span> <span class='ocrx_word' id='word_1_549' title='bbox 681 4316 929 4376; x_wconf 82' lang='lat' dir='ltr'><strong>spectant</strong></span> <span class='ocrx_word' id='word_1_550' title='bbox 984 4309 1331 4373; x_wconf 86' lang='lat' dir='ltr'><strong>Trinitatem,</strong></span> <span class='ocrx_word' id='word_1_551' title='bbox 1358 4326 1459 4365; x_wconf 86' lang='lat' dir='ltr'><strong>nos</strong></span> <span class='ocrx_word' id='word_1_552' title='bbox 1508 4312 1825 4366; x_wconf 87' lang='lat' dir='ltr'><strong>omittemus</strong></span> <span class='ocrx_word' id='word_1_553' title='bbox 1884 4314 2075 4381; x_wconf 84' lang='lat' dir='ltr'><strong>multa,</strong></span> 
     </span>
    </p>
   </div>
   <div class='ocr_carea' id='block_1_75' title="bbox 507 4397 2077 4471">
    <p class='ocr_par' dir='ltr' id='par_1_75' title="bbox 507 4397 2077 4471">
     <span class='ocr_line' id='line_1_75' title="bbox 507 4397 2077 4471; baseline 0.007 -22"><span class='ocrx_word' id='word_1_554' title='bbox 507 4404 564 4449; x_wconf 92' lang='lat' dir='ltr'><strong>et</strong></span> <span class='ocrx_word' id='word_1_555' title='bbox 601 4410 664 4451; x_wconf 86' lang='lat' dir='ltr'><strong>ea</strong></span> <span class='ocrx_word' id='word_1_556' title='bbox 688 4397 983 4466; x_wconf 64' lang='lat' dir='ltr'><strong>pracipue,</strong></span> <span class='ocrx_word' id='word_1_557' title='bbox 1011 4413 1131 4466; x_wconf 71' lang='lat' dir='ltr'><strong>qua:</strong></span> <span class='ocrx_word' id='word_1_558' title='bbox 1160 4399 1248 4453; x_wconf 91' lang='lat' dir='ltr'><strong>isti</strong></span> <span class='ocrx_word' id='word_1_559' title='bbox 1278 4400 1512 4471; x_wconf 76' lang='lat' dir='ltr'><strong>maligne</strong></span> <span class='ocrx_word' id='word_1_560' title='bbox 1546 4399 1932 4470; x_wconf 88' lang='lat' dir='ltr'><strong>detorquentes</strong></span> <span class='ocrx_word' id='word_1_561' title='bbox 1980 4420 2077 4459; x_wconf 88' lang='lat' dir='ltr'><strong>co-</strong></span> 
     </span>
    </p>
   </div>
   <div class='ocr_carea' id='block_1_76' title="bbox 2174 3212 3745 3281">
    <p class='ocr_par' dir='ltr' id='par_1_76' title="bbox 2174 3212 3745 3281">
     <span class='ocr_line' id='line_1_76' title="bbox 2174 3212 3745 3281; baseline -0.004 -11"><span class='ocrx_word' id='word_1_562' title='bbox 2174 3216 2270 3271; x_wconf 84' lang='grc' dir='ltr'>τοῦ</span> <span class='ocrx_word' id='word_1_563' title='bbox 2288 3217 2593 3279; x_wconf 74' lang='grc' dir='ltr'>Μωῦσέως,</span> <span class='ocrx_word' id='word_1_564' title='bbox 2615 3217 2698 3268; x_wconf 87' lang='grc' dir='ltr'>ὃτι</span> <span class='ocrx_word' id='word_1_565' title='bbox 2720 3216 2815 3267; x_wconf 85' lang='grc' dir='ltr'>καὶ</span> <span class='ocrx_word' id='word_1_566' title='bbox 2835 3216 2958 3268; x_wconf 84' lang='grc' dir='ltr'><strong>Οὐκ</strong></span> <span class='ocrx_word' id='word_1_567' title='bbox 2979 3214 3204 3280; x_wconf 71' lang='grc' dir='ltr'><em>ἀνέστη</em></span> <span class='ocrx_word' id='word_1_568' title='bbox 3227 3213 3318 3267; x_wconf 76' lang='grc' dir='ltr'><strong>ἐτι</strong></span> <span class='ocrx_word' id='word_1_569' title='bbox 3342 3213 3657 3281; x_wconf 70' lang='grc' dir='ltr'>προφήτης</span> <span class='ocrx_word' id='word_1_570' title='bbox 3676 3212 3745 3264; x_wconf 78' lang='grc' dir='ltr'><strong>ἐν</strong></span> 
     </span>
    </p>
   </div>
   <div class='ocr_carea' id='block_1_77' title="bbox 2189 3303 3747 3375">
    <p class='ocr_par' dir='ltr' id='par_1_77' title="bbox 2189 3303 3747 3375">
     <span class='ocr_line' id='line_1_77' title="bbox 2189 3303 3747 3375; baseline -0.004 -12"><span class='ocrx_word' id='word_1_571' title='bbox 2189 3306 2439 3375; x_wconf 72' lang='grc' dir='ltr'><strong>Ἰσραὴλ</strong></span> <span class='ocrx_word' id='word_1_572' title='bbox 2477 3307 2560 3372; x_wconf 83' lang='grc' dir='ltr'><strong>ὡς</strong></span> <span class='ocrx_word' id='word_1_573' title='bbox 2595 3304 2878 3372; x_wconf 77' lang='grc' dir='ltr'><strong>Μωυσῆς,</strong></span> <span class='ocrx_word' id='word_1_574' title='bbox 2902 3305 2975 3359; x_wconf 85' lang='grc' dir='ltr'><strong>ὃν</strong></span> <span class='ocrx_word' id='word_1_575' title='bbox 2997 3306 3149 3375; x_wconf 70' lang='grc' dir='ltr'><strong>ἔγνω</strong></span> <span class='ocrx_word' id='word_1_576' title='bbox 3169 3305 3386 3372; x_wconf 80' lang='grc' dir='ltr'>Κύριος</span> <span class='ocrx_word' id='word_1_577' title='bbox 3420 3303 3747 3373; x_wconf 71' lang='grc' dir='ltr'>πρόσωπον</span> 
     </span>
    </p>
   </div>
   <div class='ocr_carea' id='block_1_78' title="bbox 2175 3393 3746 3469">
    <p class='ocr_par' dir='ltr' id='par_1_78' title="bbox 2175 3393 3746 3469">
     <span class='ocr_line' id='line_1_78' title="bbox 2175 3393 3746 3469; baseline -0.006 -15"><span class='ocrx_word' id='word_1_578' title='bbox 2175 3401 2329 3455; x_wconf 74' lang='grc' dir='ltr'><em>κατὰ</em></span> <span class='ocrx_word' id='word_1_579' title='bbox 2347 3400 2697 3469; x_wconf 77' lang='grc' dir='ltr'>πρόσωπον.</span> <span class='ocrx_word' id='word_1_580' title='bbox 2721 3397 2866 3451; x_wconf 66' lang='grc' dir='ltr'>’Ίιῖδει</span> <span class='ocrx_word' id='word_1_581' title='bbox 2890 3397 2989 3466; x_wconf 67' lang='grc' dir='ltr'>μὲν</span> <span class='ocrx_word' id='word_1_582' title='bbox 3012 3393 3106 3451; x_wconf 88' lang='grc' dir='ltr'><strong>οῦν</strong></span> <span class='ocrx_word' id='word_1_583' title='bbox 3127 3398 3215 3451; x_wconf 83' lang='grc' dir='ltr'>ὅτε</span> <span class='ocrx_word' id='word_1_584' title='bbox 3235 3399 3369 3467; x_wconf 80' lang='grc' dir='ltr'>πρὸς</span> <span class='ocrx_word' id='word_1_585' title='bbox 3383 3396 3479 3449; x_wconf 78' lang='grc' dir='ltr'>τὸν</span> <span class='ocrx_word' id='word_1_586' title='bbox 3503 3395 3746 3460; x_wconf 81' lang='grc' dir='ltr'><strong>Μωῦσῆν</strong></span> 
     </span>
    </p>
   </div>
   <div class='ocr_carea' id='block_1_79' title="bbox 2178 3484 3743 3557">
    <p class='ocr_par' dir='ltr' id='par_1_79' title="bbox 2178 3484 3743 3557">
     <span class='ocr_line' id='line_1_79' title="bbox 2178 3484 3743 3557; baseline -0.003 -15"><span class='ocrx_word' id='word_1_587' title='bbox 2178 3484 2228 3542; x_wconf 78' lang='grc' dir='ltr'>εἷ</span> <span class='ocrx_word' id='word_1_588' title='bbox 2241 3506 2335 3542; x_wconf 77' lang='lat' dir='ltr'><strong>nev</strong></span> <span class='ocrx_word' id='word_1_589' title='bbox 2363 3491 2391 3543; x_wconf 75' lang='grc' dir='ltr'><strong>ὁ</strong></span> <span class='ocrx_word' id='word_1_590' title='bbox 2414 3489 2572 3555; x_wconf 70' lang='grc' dir='ltr'>Θεὸς,</span> <span class='ocrx_word' id='word_1_591' title='bbox 2601 3490 2683 3541; x_wconf 80' lang='grc' dir='ltr'>ὅτι</span> <span class='ocrx_word' id='word_1_592' title='bbox 2711 3488 3011 3557; x_wconf 78' lang='grc' dir='ltr'>Προφήτην</span> <span class='ocrx_word' id='word_1_593' title='bbox 3064 3488 3356 3555; x_wconf 82' lang='grc' dir='ltr'><strong>ἀναστήσω</strong></span> <span class='ocrx_word' id='word_1_594' title='bbox 3387 3487 3597 3551; x_wconf 73' lang='grc' dir='ltr'>αὐτοῖς,</span> <span class='ocrx_word' id='word_1_595' title='bbox 3622 3485 3743 3537; x_wconf 82' lang='grc' dir='ltr'>τότε</span> 
     </span>
    </p>
   </div>
   <div class='ocr_carea' id='block_1_80' title="bbox 2177 3575 3744 3649">
    <p class='ocr_par' dir='ltr' id='par_1_80' title="bbox 2177 3575 3744 3649">
     <span class='ocr_line' id='line_1_80' title="bbox 2177 3575 3744 3649; baseline -0.004 -16"><span class='ocrx_word' id='word_1_596' title='bbox 2177 3581 2339 3634; x_wconf 80' lang='grc' dir='ltr'>τοῦτο</span> <span class='ocrx_word' id='word_1_597' title='bbox 2368 3581 2466 3634; x_wconf 77' lang='grc' dir='ltr'>καὶ</span> <span class='ocrx_word' id='word_1_598' title='bbox 2497 3580 2589 3634; x_wconf 83' lang='grc' dir='ltr'>τὸν</span> <span class='ocrx_word' id='word_1_599' title='bbox 2620 3578 2861 3647; x_wconf 83' lang='grc' dir='ltr'>Μωῡσῆν</span> <span class='ocrx_word' id='word_1_600' title='bbox 2884 3580 3061 3632; x_wconf 74' lang='grc' dir='ltr'>εἰπεῖν</span> <span class='ocrx_word' id='word_1_601' title='bbox 3091 3579 3227 3649; x_wconf 82' lang='grc' dir='ltr'>πρὸς</span> <span class='ocrx_word' id='word_1_602' title='bbox 3267 3579 3360 3631; x_wconf 78' lang='grc' dir='ltr'>τὸν</span> <span class='ocrx_word' id='word_1_603' title='bbox 3410 3577 3559 3631; x_wconf 81' lang='grc' dir='ltr'>λαόν.</span> <span class='ocrx_word' id='word_1_604' title='bbox 3604 3575 3744 3630; x_wconf 63' lang='grc' dir='ltr'><strong>’Λὶϊ</strong></span> 
     </span>
    </p>
   </div>
   <div class='ocr_carea' id='block_1_81' title="bbox 2177 3667 3744 3743">
    <p class='ocr_par' dir='ltr' id='par_1_81' title="bbox 2177 3667 3744 3743">
     <span class='ocr_line' id='line_1_81' title="bbox 2177 3667 3744 3743; baseline -0.004 -15"><span class='ocrx_word' id='word_1_605' title='bbox 2177 3673 2338 3735; x_wconf 76' lang='grc' dir='ltr'>αὐτὸς</span> <span class='ocrx_word' id='word_1_606' title='bbox 2368 3674 2426 3725; x_wconf 75' lang='grc' dir='ltr'>ὲν</span> <span class='ocrx_word' id='word_1_607' title='bbox 2447 3672 2651 3743; x_wconf 75' lang='grc' dir='ltr'>Χωρὴδ</span> <span class='ocrx_word' id='word_1_608' title='bbox 2678 3671 2834 3725; x_wconf 87' lang='grc' dir='ltr'>τοῦτο</span> <span class='ocrx_word' id='word_1_609' title='bbox 2872 3671 3085 3740; x_wconf 82' lang='grc' dir='ltr'>μαθὼν,</span> <span class='ocrx_word' id='word_1_610' title='bbox 3136 3671 3365 3741; x_wconf 81' lang='grc' dir='ltr'>ὕστερον</span> <span class='ocrx_word' id='word_1_611' title='bbox 3407 3667 3562 3722; x_wconf 72' lang='grc' dir='ltr'>εἶπεν</span> <span class='ocrx_word' id='word_1_612' title='bbox 3612 3668 3744 3723; x_wconf 71' lang='grc' dir='ltr'>αὐτὸ</span> 
     </span>
    </p>
   </div>
   <div class='ocr_carea' id='block_1_82' title="bbox 2179 3760 3742 3835">
    <p class='ocr_par' dir='ltr' id='par_1_82' title="bbox 2179 3760 3742 3835">
     <span class='ocr_line' id='line_1_82' title="bbox 2179 3760 3742 3835; baseline -0.004 -17"><span class='ocrx_word' id='word_1_613' title='bbox 2179 3764 2315 3835; x_wconf 83' lang='grc' dir='ltr'>πρὸς</span> <span class='ocrx_word' id='word_1_614' title='bbox 2341 3764 2435 3817; x_wconf 80' lang='grc' dir='ltr'><strong>τὸν</strong></span> <span class='ocrx_word' id='word_1_615' title='bbox 2463 3764 2594 3821; x_wconf 76' lang='grc' dir='ltr'>λαὀν</span> <span class='ocrx_word' id='word_1_616' title='bbox 2617 3764 2758 3817; x_wconf 72' lang='grc' dir='ltr'>κατὰ</span> <span class='ocrx_word' id='word_1_617' title='bbox 2785 3764 2843 3816; x_wconf 79' lang='grc' dir='ltr'><strong>τὸ</strong></span> <span class='ocrx_word' id='word_1_618' title='bbox 2882 3762 3329 3832; x_wconf 78' lang='grc' dir='ltr'>Δωτερονόμιον,</span> <span class='ocrx_word' id='word_1_619' title='bbox 3378 3760 3742 3829; x_wconf 71' lang='grc' dir='ltr'><strong>οἰκονομικῶς</strong></span> 
     </span>
    </p>
   </div>
   <div class='ocr_carea' id='block_1_83' title="bbox 2179 3852 3741 3924">
    <p class='ocr_par' dir='ltr' id='par_1_83' title="bbox 2179 3852 3741 3924">
     <span class='ocr_line' id='line_1_83' title="bbox 2179 3852 3741 3924; baseline -0.004 -15"><span class='ocrx_word' id='word_1_620' title='bbox 2179 3855 2469 3924; x_wconf 83' lang='grc' dir='ltr'>ἀναμένων</span> <span class='ocrx_word' id='word_1_621' title='bbox 2490 3856 2589 3923; x_wconf 77' lang='grc' dir='ltr'><strong>τὴν</strong></span> <span class='ocrx_word' id='word_1_622' title='bbox 2625 3852 2801 3921; x_wconf 88' lang='grc' dir='ltr'><strong>Ἰησοῦ</strong></span> <span class='ocrx_word' id='word_1_623' title='bbox 2827 3853 2922 3906; x_wconf 89' lang='grc' dir='ltr'>τοῦ</span> <span class='ocrx_word' id='word_1_624' title='bbox 2952 3853 3108 3920; x_wconf 82' lang='grc' dir='ltr'><strong>Ναυῆ</strong></span> <span class='ocrx_word' id='word_1_625' title='bbox 3134 3852 3497 3921; x_wconf 84' lang='grc' dir='ltr'>προχείρισιν,</span> <span class='ocrx_word' id='word_1_626' title='bbox 3528 3852 3617 3904; x_wconf 75' lang='grc' dir='ltr'><strong>ἵνα</strong></span> <span class='ocrx_word' id='word_1_627' title='bbox 3666 3852 3741 3920; x_wconf 84' lang='grc' dir='ltr'>μὴ</span> 
     </span>
    </p>
   </div>
   <div class='ocr_carea' id='block_1_84' title="bbox 2178 3938 3741 4012">
    <p class='ocr_par' dir='ltr' id='par_1_84' title="bbox 2178 3938 3741 4012">
     <span class='ocr_line' id='line_1_84' title="bbox 2178 3938 3741 4012; baseline -0.004 -14"><span class='ocrx_word' id='word_1_628' title='bbox 2178 3944 2367 3998; x_wconf 85' lang='grc' dir='ltr'>τοῦτον</span> <span class='ocrx_word' id='word_1_629' title='bbox 2395 3938 2537 3997; x_wconf 80' lang='grc' dir='ltr'>εἶναι</span> <span class='ocrx_word' id='word_1_630' title='bbox 2565 3944 2654 3996; x_wconf 81' lang='grc' dir='ltr'>τὸν</span> <span class='ocrx_word' id='word_1_631' title='bbox 2703 3945 2922 3996; x_wconf 79' lang='grc' dir='ltr'>εοίκότα</span> <span class='ocrx_word' id='word_1_632' title='bbox 2967 3943 3255 4012; x_wconf 79' lang='grc' dir='ltr'>προφήτην</span> <span class='ocrx_word' id='word_1_633' title='bbox 3279 3940 3703 4011; x_wconf 77' lang='grc' dir='ltr'>ὑπολαμϐάνωσι</span> <span class='ocrx_word' id='word_1_634' title='bbox 3726 3958 3741 3971; x_wconf 91' lang='grc'><strong>·</strong></span> 
     </span>
    </p>
   </div>
   <div class='ocr_carea' id='block_1_85' title="bbox 2184 4031 3745 4107">
    <p class='ocr_par' dir='ltr' id='par_1_85' title="bbox 2184 4031 3745 4107">
     <span class='ocr_line' id='line_1_85' title="bbox 2184 4031 3745 4107; baseline -0.004 -19"><span class='ocrx_word' id='word_1_635' title='bbox 2184 4037 2322 4107; x_wconf 71' lang='grc' dir='ltr'>μετὰ</span> <span class='ocrx_word' id='word_1_636' title='bbox 2352 4037 2537 4107; x_wconf 80' lang='grc' dir='ltr'>μέντοι</span> <span class='ocrx_word' id='word_1_637' title='bbox 2561 4037 2661 4107; x_wconf 74' lang='grc' dir='ltr'>τὴν</span> <span class='ocrx_word' id='word_1_638' title='bbox 2687 4034 2851 4088; x_wconf 83' lang='grc' dir='ltr'>αὐτοῦ</span> <span class='ocrx_word' id='word_1_639' title='bbox 2880 4034 3219 4106; x_wconf 76' lang='grc' dir='ltr'>χειροθεσίαν</span> <span class='ocrx_word' id='word_1_640' title='bbox 3243 4032 3365 4085; x_wconf 81' lang='grc' dir='ltr'>τότε</span> <span class='ocrx_word' id='word_1_641' title='bbox 3398 4031 3555 4084; x_wconf 86' lang='grc' dir='ltr'>τοῦτο</span> <span class='ocrx_word' id='word_1_642' title='bbox 3589 4049 3745 4084; x_wconf 82' lang='grc' dir='ltr'>κατε-</span> 
     </span>
    </p>
   </div>
   <div class='ocr_carea' id='block_1_86' title="bbox 2182 4121 3742 4198">
    <p class='ocr_par' dir='ltr' id='par_1_86' title="bbox 2182 4121 3742 4198">
     <span class='ocr_line' id='line_1_86' title="bbox 2182 4121 3742 4198; baseline -0.005 -18"><span class='ocrx_word' id='word_1_643' title='bbox 2182 4132 2390 4197; x_wconf 82' lang='grc' dir='ltr'>μήνυσε</span> <span class='ocrx_word' id='word_1_644' title='bbox 2401 4127 2477 4198; x_wconf 82' lang='grc' dir='ltr'>τῷ</span> <span class='ocrx_word' id='word_1_645' title='bbox 2494 4128 2628 4195; x_wconf 78' lang='grc' dir='ltr'>λαῷ.</span> <span class='ocrx_word' id='word_1_646' title='bbox 2657 4125 2841 4178; x_wconf 85' lang='grc' dir='ltr'>Ταῦτα</span> <span class='ocrx_word' id='word_1_647' title='bbox 2871 4126 2970 4194; x_wconf 71' lang='grc' dir='ltr'>μὲν</span> <span class='ocrx_word' id='word_1_648' title='bbox 2994 4123 3083 4177; x_wconf 79' lang='grc' dir='ltr'>οὖν</span> <span class='ocrx_word' id='word_1_649' title='bbox 3111 4125 3203 4177; x_wconf 74' lang='grc' dir='ltr'><strong>ἐπὶ</strong></span> <span class='ocrx_word' id='word_1_650' title='bbox 3223 4121 3500 4178; x_wconf 79' lang='grc' dir='ltr'>τοσοῦτον.</span> <span class='ocrx_word' id='word_1_651' title='bbox 3519 4124 3742 4187; x_wconf 75' lang='lat' dir='ltr'><strong>Mupin</strong></span> 
     </span>
    </p>
   </div>
   <div class='ocr_carea' id='block_1_87' title="bbox 2179 4215 3743 4291">
    <p class='ocr_par' dir='ltr' id='par_1_87' title="bbox 2179 4215 3743 4291">
     <span class='ocr_line' id='line_1_87' title="bbox 2179 4215 3743 4291; baseline -0.004 -19"><span class='ocrx_word' id='word_1_652' title='bbox 2179 4220 2236 4273; x_wconf 72' lang='grc' dir='ltr'><strong>δὲ</strong></span> <span class='ocrx_word' id='word_1_653' title='bbox 2269 4222 2519 4291; x_wconf 82' lang='grc' dir='ltr'>χρήσεων</span> <span class='ocrx_word' id='word_1_654' title='bbox 2542 4219 2719 4272; x_wconf 66' lang='grc' dir='ltr'>οὐσῶν</span> <span class='ocrx_word' id='word_1_655' title='bbox 2740 4217 2849 4270; x_wconf 82' lang='grc' dir='ltr'><strong>τῶν</strong></span> <span class='ocrx_word' id='word_1_656' title='bbox 2868 4234 2927 4269; x_wconf 84' lang='grc' dir='ltr'><strong>τε</strong></span> <span class='ocrx_word' id='word_1_657' title='bbox 2952 4234 3093 4288; x_wconf 86' lang='grc' dir='ltr'>προκ</span> <span class='ocrx_word' id='word_1_658' title='bbox 3103 4215 3515 4283; x_wconf 61' lang='grc' dir='ltr'>λταγγελουσῶν</span> <span class='ocrx_word' id='word_1_659' title='bbox 3532 4216 3602 4268; x_wconf 84' lang='grc' dir='ltr'>τὰ</span> <span class='ocrx_word' id='word_1_660' title='bbox 3618 4232 3682 4266; x_wconf 84' lang='grc' dir='ltr'><strong>πε</strong></span> <span class='ocrx_word' id='word_1_661' title='bbox 3692 4218 3743 4284; x_wconf 60' lang='lat' dir='ltr'><strong>pi.</strong></span> 
     </span>
    </p>
   </div>
   <div class='ocr_carea' id='block_1_88' title="bbox 2182 4308 3737 4385">
    <p class='ocr_par' dir='ltr' id='par_1_88' title="bbox 2182 4308 3737 4385">
     <span class='ocr_line' id='line_1_88' title="bbox 2182 4308 3737 4385; baseline -0.005 -19"><span class='ocrx_word' id='word_1_662' title='bbox 2182 4311 2443 4385; x_wconf 81' lang='grc' dir='ltr'>Χριστοῦ,</span> <span class='ocrx_word' id='word_1_663' title='bbox 2475 4312 2568 4363; x_wconf 69' lang='grc' dir='ltr'><strong>καὶ</strong></span> <span class='ocrx_word' id='word_1_664' title='bbox 2599 4309 2707 4361; x_wconf 86' lang='grc' dir='ltr'><strong>τῶν</strong></span> <span class='ocrx_word' id='word_1_665' title='bbox 2735 4309 3162 4376; x_wconf 78' lang='grc' dir='ltr'>ἀπαγγελουσῶν</span> <span class='ocrx_word' id='word_1_666' title='bbox 3228 4308 3357 4375; x_wconf 74' lang='grc' dir='ltr'>περὶ</span> <span class='ocrx_word' id='word_1_667' title='bbox 3414 4308 3516 4371; x_wconf 84' lang='grc' dir='ltr'><strong>τῆς</strong></span> <span class='ocrx_word' id='word_1_668' title='bbox 3570 4308 3737 4373; x_wconf 82' lang='grc' dir='ltr'>ἁγίας</span> 
     </span>
    </p>
   </div>
   <div class='ocr_carea' id='block_1_89' title="bbox 2182 4395 3745 4473">
    <p class='ocr_par' dir='ltr' id='par_1_89' title="bbox 2182 4395 3745 4473">
     <span class='ocr_line' id='line_1_89' title="bbox 2182 4395 3745 4473; baseline -0.008 -15"><span class='ocrx_word' id='word_1_669' title='bbox 2182 4402 2433 4473; x_wconf 79' lang='grc' dir='ltr'><strong>Τριάδος,</strong></span> <span class='ocrx_word' id='word_1_670' title='bbox 2477 4401 2545 4453; x_wconf 81' lang='grc' dir='ltr'>τὰ</span> <span class='ocrx_word' id='word_1_671' title='bbox 2581 4399 2753 4453; x_wconf 83' lang='grc' dir='ltr'>πολλὰ</span> <span class='ocrx_word' id='word_1_672' title='bbox 2815 4399 2913 4468; x_wconf 74' lang='grc' dir='ltr'>μὲν</span> <span class='ocrx_word' id='word_1_673' title='bbox 2969 4400 3223 4467; x_wconf 73' lang='grc' dir='ltr'>ἐάσομεν,</span> <span class='ocrx_word' id='word_1_674' title='bbox 3261 4402 3354 4450; x_wconf 82' lang='grc' dir='ltr'>καὶ</span> <span class='ocrx_word' id='word_1_675' title='bbox 3405 4395 3606 4467; x_wconf 79' lang='grc' dir='ltr'>μᾶλλον</span> <span class='ocrx_word' id='word_1_676' title='bbox 3646 4397 3745 4447; x_wconf 68' lang='grc' dir='ltr'>ὅσα</span> 
     </span>
    </p>
   </div>
   <div class='ocr_carea' id='block_1_90' title="bbox 508 4487 2072 4568">
    <p class='ocr_par' dir='ltr' id='par_1_90' title="bbox 508 4487 2072 4561">
     <span class='ocr_line' id='line_1_90' title="bbox 508 4487 2072 4561; baseline 0.006 -21"><span class='ocrx_word' id='word_1_677' title='bbox 508 4497 709 4541; x_wconf 88' lang='lat' dir='ltr'><strong>nantur</strong></span> <span class='ocrx_word' id='word_1_678' title='bbox 752 4487 913 4541; x_wconf 89' lang='lat' dir='ltr'><strong>aliter</strong></span> <span class='ocrx_word' id='word_1_679' title='bbox 971 4488 1342 4559; x_wconf 87' lang='lat' dir='ltr'><strong>interpretari,</strong></span> <span class='ocrx_word' id='word_1_680' title='bbox 1374 4507 1442 4546; x_wconf 92' lang='lat' dir='ltr'><strong>ne</strong></span> <span class='ocrx_word' id='word_1_681' title='bbox 1502 4491 1749 4561; x_wconf 87' lang='lat' dir='ltr'><strong>improbe</strong></span> <span class='ocrx_word' id='word_1_682' title='bbox 1806 4497 2072 4550; x_wconf 84' lang='lat' dir='ltr'><strong>contradi-</strong></span> 
     </span>
    </p>
   </div>
   <div class='ocr_carea' id='block_1_91' title="bbox 2177 4487 3745 4568">
    <p class='ocr_par' dir='ltr' id='par_1_91' title="bbox 2185 4489 3745 4568">
     <span class='ocr_line' id='line_1_91' title="bbox 2185 4489 3745 4568; baseline -0.005 -19"><span class='ocrx_word' id='word_1_683' title='bbox 2185 4495 2626 4568; x_wconf 81' lang='grc' dir='ltr'>παρερμηνεύειν</span> <span class='ocrx_word' id='word_1_684' title='bbox 2688 4489 2834 4548; x_wconf 72' lang='grc' dir='ltr'>οὗτοι</span> <span class='ocrx_word' id='word_1_685' title='bbox 2888 4494 3175 4559; x_wconf 78' lang='grc' dir='ltr'><strong>κακοήθως</strong></span> <span class='ocrx_word' id='word_1_686' title='bbox 3226 4491 3618 4562; x_wconf 74' lang='grc' dir='ltr'>ἐπιχειροῦσιν,</span> <span class='ocrx_word' id='word_1_687' title='bbox 3662 4492 3745 4542; x_wconf 75' lang='grc' dir='ltr'>ἵνα</span> 
     </span>
    </p>
   </div>
   <div class='ocr_carea' id='block_1_92' title="bbox 503 4579 2079 4651">
    <p class='ocr_par' dir='ltr' id='par_1_92' title="bbox 503 4579 2079 4651">
     <span class='ocr_line' id='line_1_92' title="bbox 503 4579 2079 4651; baseline 0.009 -20"><span class='ocrx_word' id='word_1_688' title='bbox 503 4579 662 4632; x_wconf 90' lang='lat' dir='ltr'><strong>cendi</strong></span> <span class='ocrx_word' id='word_1_689' title='bbox 695 4580 1035 4635; x_wconf 86' lang='lat' dir='ltr'><strong>occasionem</strong></span> <span class='ocrx_word' id='word_1_690' title='bbox 1084 4583 1423 4651; x_wconf 65' lang='lat' dir='ltr'><strong>praebeamus</strong></span> <span class='ocrx_word' id='word_1_691' title='bbox 1459 4604 1472 4639; x_wconf 90' lang='lat'><strong>:</strong></span> <span class='ocrx_word' id='word_1_692' title='bbox 1505 4585 1694 4641; x_wconf 84' lang='lat' dir='ltr'><strong>Omnes</strong></span> <span class='ocrx_word' id='word_1_693' title='bbox 1717 4588 1855 4642; x_wconf 85' lang='lat' dir='ltr'><strong>enim</strong></span> <span class='ocrx_word' id='word_1_694' title='bbox 1901 4590 2079 4645; x_wconf 82' lang='lat' dir='ltr'><strong>Israe-</strong></span> 
     </span>
    </p>
   </div>
   <div class='ocr_carea' id='block_1_93' title="bbox 505 4669 2082 4740">
    <p class='ocr_par' dir='ltr' id='par_1_93' title="bbox 505 4669 2082 4740">
     <span class='ocr_line' id='line_1_93' title="bbox 505 4669 2082 4740; baseline 0.008 -18"><span class='ocrx_word' id='word_1_695' title='bbox 505 4669 635 4734; x_wconf 77' lang='lat' dir='ltr'><strong>litw,</strong></span> <span class='ocrx_word' id='word_1_696' title='bbox 674 4680 732 4724; x_wconf 92' lang='lat' dir='ltr'><strong>ut</strong></span> <span class='ocrx_word' id='word_1_697' title='bbox 771 4670 944 4740; x_wconf 87' lang='lat' dir='ltr'><strong>inquit</strong></span> <span class='ocrx_word' id='word_1_698' title='bbox 987 4673 1239 4729; x_wconf 87' lang='lat' dir='ltr'><strong>Ezechiel</strong></span> <span class='ocrx_word' id='word_1_699' title='bbox 1270 4677 1312 4738; x_wconf 72' lang='grc' dir='ltr'>δ,</span> <span class='ocrx_word' id='word_1_700' title='bbox 1340 4688 1460 4731; x_wconf 85' lang='lat' dir='ltr'><strong>sunt</strong></span> <span class='ocrx_word' id='word_1_701' title='bbox 1515 4682 1818 4735; x_wconf 75' lang='lat' dir='ltr'><strong>contentiosi</strong></span> <span class='ocrx_word' id='word_1_702' title='bbox 1875 4691 1923 4736; x_wconf 91' lang='lat' dir='ltr'><strong>et</strong></span> <span class='ocrx_word' id='word_1_703' title='bbox 1961 4684 2082 4736; x_wconf 87' lang='lat' dir='ltr'><strong>duri</strong></span> 
     </span>
    </p>
   </div>
   <div class='ocr_carea' id='block_1_94' title="bbox 502 4761 2079 4843">
    <p class='ocr_par' dir='ltr' id='par_1_94' title="bbox 502 4761 2079 4843">
     <span class='ocr_line' id='line_1_94' title="bbox 502 4761 2079 4843; baseline 0.009 -31"><span class='ocrx_word' id='word_1_704' title='bbox 502 4761 680 4827; x_wconf 85' lang='lat' dir='ltr'><strong>corde,</strong></span> <span class='ocrx_word' id='word_1_705' title='bbox 749 4778 919 4833; x_wconf 82' lang='lat' dir='ltr'><strong>pauca</strong></span> <span class='ocrx_word' id='word_1_706' title='bbox 976 4774 1187 4818; x_wconf 89' lang='lat' dir='ltr'><strong>tantum</strong></span> <span class='ocrx_word' id='word_1_707' title='bbox 1247 4783 1417 4837; x_wconf 89' lang='lat' dir='ltr'><strong>caque</strong></span> <span class='ocrx_word' id='word_1_708' title='bbox 1459 4772 1595 4826; x_wconf 86' lang='lat' dir='ltr'><strong>adeo</strong></span> <span class='ocrx_word' id='word_1_709' title='bbox 1658 4775 1966 4843; x_wconf 87' lang='lat' dir='ltr'><strong>perspicua,</strong></span> <span class='ocrx_word' id='word_1_710' title='bbox 2019 4782 2079 4827; x_wconf 91' lang='lat' dir='ltr'><strong>ut</strong></span> 
     </span>
    </p>
   </div>
   <div class='ocr_carea' id='block_1_95' title="bbox 502 4852 2073 4934">
    <p class='ocr_par' dir='ltr' id='par_1_95' title="bbox 502 4852 2073 4934">
     <span class='ocr_line' id='line_1_95' title="bbox 502 4852 2073 4934; baseline 0.008 -29"><span class='ocrx_word' id='word_1_711' title='bbox 502 4852 738 4907; x_wconf 81' lang='lat' dir='ltr'><strong>refutari</strong></span> <span class='ocrx_word' id='word_1_712' title='bbox 774 4864 1072 4923; x_wconf 88' lang='lat' dir='ltr'><strong>nequeant,</strong></span> <span class='ocrx_word' id='word_1_713' title='bbox 1127 4872 1519 4927; x_wconf 88' lang='lat' dir='ltr'><strong>proponemus,</strong></span> <span class='ocrx_word' id='word_1_714' title='bbox 1553 4878 1673 4931; x_wconf 62' lang='lat' dir='ltr'><strong>qua:</strong></span> <span class='ocrx_word' id='word_1_715' title='bbox 1709 4865 1794 4918; x_wconf 88' lang='lat' dir='ltr'><strong>vel</strong></span> <span class='ocrx_word' id='word_1_716' title='bbox 1848 4880 2073 4934; x_wconf 89' lang='lat' dir='ltr'><strong>persna-</strong></span> 
     </span>
    </p>
   </div>
   <div class='ocr_carea' id='block_1_96' title="bbox 504 4944 2072 5025">
    <p class='ocr_par' dir='ltr' id='par_1_96' title="bbox 504 4944 2072 5025">
     <span class='ocr_line' id='line_1_96' title="bbox 504 4944 2072 5025; baseline 0.008 -28"><span class='ocrx_word' id='word_1_717' title='bbox 504 4944 692 5007; x_wconf 85' lang='lat' dir='ltr'><strong>deant,</strong></span> <span class='ocrx_word' id='word_1_718' title='bbox 751 4947 833 4999; x_wconf 89' lang='lat' dir='ltr'><strong>vel</strong></span> <span class='ocrx_word' id='word_1_719' title='bbox 885 4962 980 5001; x_wconf 91' lang='lat' dir='ltr'><strong>eos</strong></span> <span class='ocrx_word' id='word_1_720' title='bbox 1035 4951 1368 5018; x_wconf 87' lang='lat' dir='ltr'><strong>pertinaces,</strong></span> <span class='ocrx_word' id='word_1_721' title='bbox 1417 4960 1472 5005; x_wconf 88' lang='lat' dir='ltr'><strong>et</strong></span> <span class='ocrx_word' id='word_1_722' title='bbox 1526 4953 1850 5020; x_wconf 85' lang='lat' dir='ltr'><strong>obstinatos,</strong></span> <span class='ocrx_word' id='word_1_723' title='bbox 1906 4966 2072 5025; x_wconf 88' lang='lat' dir='ltr'><strong>atque</strong></span> 
     </span>
    </p>
   </div>
   <div class='ocr_carea' id='block_1_97' title="bbox 502 5035 1319 5095">
    <p class='ocr_par' dir='ltr' id='par_1_97' title="bbox 502 5035 1319 5095">
     <span class='ocr_line' id='line_1_97' title="bbox 502 5035 1319 5095; baseline 0.005 -4"><span class='ocrx_word' id='word_1_724' title='bbox 502 5035 785 5091; x_wconf 86' lang='lat' dir='ltr'><strong>dementes</strong></span> <span class='ocrx_word' id='word_1_725' title='bbox 823 5052 943 5092; x_wconf 81' lang='lat' dir='ltr'><strong>esse</strong></span> <span class='ocrx_word' id='word_1_726' title='bbox 970 5039 1319 5095; x_wconf 80' lang='lat' dir='ltr'><strong>convincam.</strong></span> 
     </span>
    </p>
   </div>
   <div class='ocr_carea' id='block_1_98' title="bbox 1079 5153 1525 5213">
    <p class='ocr_par' dir='ltr' id='par_1_98' title="bbox 1079 5153 1525 5213">
     <span class='ocr_line' id='line_1_98' title="bbox 1079 5153 1525 5213; baseline 0.011 -5"><span class='ocrx_word' id='word_1_727' title='bbox 1079 5153 1227 5209; x_wconf 66' lang='lat' dir='ltr'><strong>Libri</strong></span> <span class='ocrx_word' id='word_1_728' title='bbox 1254 5156 1525 5213; x_wconf 81' lang='lat' dir='ltr'><strong>Geneseos.</strong></span> 
     </span>
    </p>
   </div>
   <div class='ocr_carea' id='block_1_99' title="bbox 575 5266 2075 5345">
    <p class='ocr_par' dir='ltr' id='par_1_99' title="bbox 575 5266 2075 5345">
     <span class='ocr_line' id='line_1_99' title="bbox 575 5266 2075 5345; baseline 0.004 -23"><span class='ocrx_word' id='word_1_729' title='bbox 575 5266 643 5322; x_wconf 84' lang='lat' dir='ltr'><strong>Et</strong></span> <span class='ocrx_word' id='word_1_730' title='bbox 671 5269 801 5323; x_wconf 76' lang='lat' dir='ltr'><strong>dixit</strong></span> <span class='ocrx_word' id='word_1_731' title='bbox 837 5268 977 5323; x_wconf 87' lang='lat' dir='ltr'><strong>Deus</strong></span> <span class='ocrx_word' id='word_1_732' title='bbox 1007 5286 1025 5324; x_wconf 93' lang='lat'><strong><em>:</em></strong></span> <span class='ocrx_word' id='word_1_733' title='bbox 1061 5269 1351 5326; x_wconf 82' lang='lat' dir='ltr'><strong>Faciamus</strong></span> <span class='ocrx_word' id='word_1_734' title='bbox 1378 5272 1637 5326; x_wconf 84' lang='lat' dir='ltr'><strong>hominem</strong></span> <span class='ocrx_word' id='word_1_735' title='bbox 1678 5272 1749 5326; x_wconf 84' lang='lat' dir='ltr'><strong>ad</strong></span> <span class='ocrx_word' id='word_1_736' title='bbox 1794 5274 2075 5345; x_wconf 84' lang='lat' dir='ltr'><strong>imaginem</strong></span> 
     </span>
    </p>
   </div>
   <div class='ocr_carea' id='block_1_100' title="bbox 502 5360 2074 5418">
    <p class='ocr_par' dir='ltr' id='par_1_100' title="bbox 502 5360 2074 5418">
     <span class='ocr_line' id='line_1_100' title="bbox 502 5360 2074 5418; baseline 0.004 -7"><span class='ocrx_word' id='word_1_737' title='bbox 502 5367 554 5413; x_wconf 87' lang='lat' dir='ltr'><strong>et</strong></span> <span class='ocrx_word' id='word_1_738' title='bbox 615 5360 1011 5414; x_wconf 84' lang='lat' dir='ltr'><strong>similitudinem</strong></span> <span class='ocrx_word' id='word_1_739' title='bbox 1073 5371 1307 5416; x_wconf 85' lang='lat' dir='ltr'><strong>nostram</strong></span> <span class='ocrx_word' id='word_1_740' title='bbox 1336 5364 1379 5416; x_wconf 82' lang='grc'>⁸.</span> <span class='ocrx_word' id='word_1_741' title='bbox 1435 5364 1595 5416; x_wconf 86' lang='lat' dir='ltr'><strong>Pater</strong></span> <span class='ocrx_word' id='word_1_742' title='bbox 1656 5362 1914 5417; x_wconf 88' lang='lat' dir='ltr'><strong>nimirum</strong></span> <span class='ocrx_word' id='word_1_743' title='bbox 1978 5379 2074 5418; x_wconf 85' lang='lat' dir='ltr'><strong>eos</strong></span> 
     </span>
    </p>
   </div>
   <div class='ocr_carea' id='block_1_101' title="bbox 501 5448 2068 5523">
    <p class='ocr_par' dir='ltr' id='par_1_101' title="bbox 501 5448 2068 5523">
     <span class='ocr_line' id='line_1_101' title="bbox 501 5448 2068 5523; baseline 0.003 -19"><span class='ocrx_word' id='word_1_744' title='bbox 501 5448 819 5519; x_wconf 84' lang='lat' dir='ltr'><strong>alloquitur,</strong></span> <span class='ocrx_word' id='word_1_745' title='bbox 864 5451 955 5521; x_wconf 90' lang='lat' dir='ltr'><strong>qui</strong></span> <span class='ocrx_word' id='word_1_746' title='bbox 1012 5467 1076 5505; x_wconf 79' lang='lat' dir='ltr'><strong>ex</strong></span> <span class='ocrx_word' id='word_1_747' title='bbox 1126 5452 1300 5522; x_wconf 82' lang='lat' dir='ltr'><strong>ipsius</strong></span> <span class='ocrx_word' id='word_1_748' title='bbox 1341 5461 1469 5507; x_wconf 88' lang='lat' dir='ltr'><strong>sunt</strong></span> <span class='ocrx_word' id='word_1_749' title='bbox 1518 5453 1772 5517; x_wconf 85' lang='lat' dir='ltr'><strong>essentia,</strong></span> <span class='ocrx_word' id='word_1_750' title='bbox 1828 5468 1963 5523; x_wconf 90' lang='lat' dir='ltr'><strong>quos</strong></span> <span class='ocrx_word' id='word_1_751' title='bbox 2018 5456 2068 5508; x_wconf 90' lang='lat' dir='ltr'><strong>in</strong></span> 
     </span>
    </p>
   </div>
   <div class='ocr_carea' id='block_1_102' title="bbox 500 5542 2067 5613">
    <p class='ocr_par' dir='ltr' id='par_1_102' title="bbox 500 5542 2067 5613">
     <span class='ocr_line' id='line_1_102' title="bbox 500 5542 2067 5613; baseline 0.004 -19"><span class='ocrx_word' id='word_1_752' title='bbox 500 5556 710 5595; x_wconf 90' lang='lat' dir='ltr'><strong>summa</strong></span> <span class='ocrx_word' id='word_1_753' title='bbox 738 5543 1131 5609; x_wconf 86' lang='lat' dir='ltr'><strong>procreationis</strong></span> <span class='ocrx_word' id='word_1_754' title='bbox 1163 5542 1349 5596; x_wconf 85' lang='lat' dir='ltr'><strong>mundi</strong></span> <span class='ocrx_word' id='word_1_755' title='bbox 1385 5542 1646 5613; x_wconf 76' lang='lat' dir='ltr'><strong>dignitate</strong></span> <span class='ocrx_word' id='word_1_756' title='bbox 1673 5546 1850 5600; x_wconf 85' lang='lat' dir='ltr'><strong>socios</strong></span> <span class='ocrx_word' id='word_1_757' title='bbox 1885 5546 2067 5601; x_wconf 88' lang='lat' dir='ltr'><strong>habet.</strong></span> 
     </span>
    </p>
   </div>
   <div class='ocr_carea' id='block_1_103' title="bbox 502 5633 2072 5701">
    <p class='ocr_par' dir='ltr' id='par_1_103' title="bbox 502 5633 2072 5701">
     <span class='ocr_line' id='line_1_103' title="bbox 502 5633 2072 5701; baseline 0.004 -16"><span class='ocrx_word' id='word_1_758' title='bbox 502 5633 683 5701; x_wconf 80' lang='lat' dir='ltr'><strong>Neque</strong></span> <span class='ocrx_word' id='word_1_759' title='bbox 717 5649 847 5688; x_wconf 89' lang='lat' dir='ltr'><strong>vero</strong></span> <span class='ocrx_word' id='word_1_760' title='bbox 880 5634 1161 5689; x_wconf 77' lang='lat' dir='ltr'><strong>referenda</strong></span> <span class='ocrx_word' id='word_1_761' title='bbox 1198 5643 1327 5688; x_wconf 89' lang='lat' dir='ltr'><strong>sunt</strong></span> <span class='ocrx_word' id='word_1_762' title='bbox 1365 5636 1479 5690; x_wconf 78' lang='lat' dir='ltr'><strong>hzcc</strong></span> <span class='ocrx_word' id='word_1_763' title='bbox 1526 5637 1591 5691; x_wconf 89' lang='lat' dir='ltr'><strong>ad</strong></span> <span class='ocrx_word' id='word_1_764' title='bbox 1621 5634 1831 5691; x_wconf 71' lang='lat' dir='ltr'><strong>ilcbrmi</strong></span> <span class='ocrx_word' id='word_1_765' title='bbox 1860 5652 2072 5692; x_wconf 87' lang='lat' dir='ltr'><strong>sermo-</strong></span> 
     </span>
    </p>
   </div>
   <div class='ocr_carea' id='block_1_104' title="bbox 566 5792 1589 5860">
    <p class='ocr_par' dir='ltr' id='par_1_104' title="bbox 566 5792 1589 5860">
     <span class='ocr_line' id='line_1_104' title="bbox 566 5792 1589 5860; baseline 0.001 -13"><span class='ocrx_word' id='word_1_766' title='bbox 566 5794 580 5823; x_wconf 86' lang='grc'>¹</span> <span class='ocrx_word' id='word_1_767' title='bbox 618 5792 783 5848; x_wconf 78' lang='lat' dir='ltr'><strong>Exod.</strong></span> <span class='ocrx_word' id='word_1_768' title='bbox 837 5808 990 5846; x_wconf 69' lang='lat' dir='ltr'><strong>xviii.</strong></span> <span class='ocrx_word' id='word_1_769' title='bbox 1069 5795 1087 5823; x_wconf 82' lang='lat'>&#39;</span> <span class='ocrx_word' id='word_1_770' title='bbox 1122 5794 1249 5847; x_wconf 75' lang='lat' dir='ltr'><strong>Deu&#39;</strong></span> <span class='ocrx_word' id='word_1_771' title='bbox 1327 5809 1464 5860; x_wconf 64' lang='lat' dir='ltr'><strong>xvii,</strong></span> <span class='ocrx_word' id='word_1_772' title='bbox 1505 5794 1589 5848; x_wconf 74' lang='lat'><strong>18.</strong></span> 
     </span>
    </p>
   </div>
   <div class='ocr_carea' id='block_1_105' title="bbox 1687 5794 2882 5860">
    <p class='ocr_par' dir='ltr' id='par_1_105' title="bbox 1687 5794 2882 5860">
     <span class='ocr_line' id='line_1_105' title="bbox 1687 5794 2882 5860; baseline 0.003 -15"><span class='ocrx_word' id='word_1_773' title='bbox 1687 5794 1706 5825; x_wconf 86' lang='grc'><strong><em>³</em></strong></span> <span class='ocrx_word' id='word_1_774' title='bbox 1738 5795 1891 5846; x_wconf 76' lang='lat' dir='ltr'><strong>Deut.</strong></span> <span class='ocrx_word' id='word_1_775' title='bbox 1945 5812 2124 5859; x_wconf 68' lang='lat' dir='ltr'><strong>xxxxv,</strong></span> <span class='ocrx_word' id='word_1_776' title='bbox 2161 5797 2244 5849; x_wconf 85' lang='lat' dir='ltr'><strong>l0.</strong></span> <span class='ocrx_word' id='word_1_777' title='bbox 2323 5798 2341 5827; x_wconf 65' lang='grc'>⁸</span> <span class='ocrx_word' id='word_1_778' title='bbox 2393 5795 2587 5851; x_wconf 71' lang='grc' dir='ltr'>Ειουίι.</span> <span class='ocrx_word' id='word_1_779' title='bbox 2640 5812 2801 5860; x_wconf 75' lang='lat' dir='ltr'><strong>xxxv,</strong></span> <span class='ocrx_word' id='word_1_780' title='bbox 2834 5797 2882 5849; x_wconf 82' lang='lat'><strong>7.</strong></span> 
     </span>
    </p>
   </div>
   <div class='ocr_carea' id='block_1_106' title="bbox 2187 4586 3742 4660">
    <p class='ocr_par' dir='ltr' id='par_1_106' title="bbox 2187 4586 3742 4660">
     <span class='ocr_line' id='line_1_106' title="bbox 2187 4586 3742 4660; baseline -0.005 -18"><span class='ocrx_word' id='word_1_781' title='bbox 2187 4592 2263 4660; x_wconf 85' lang='grc' dir='ltr'>μὴ</span> <span class='ocrx_word' id='word_1_782' title='bbox 2292 4588 2472 4659; x_wconf 85' lang='grc' dir='ltr'>δῶμεν</span> <span class='ocrx_word' id='word_1_783' title='bbox 2496 4587 2669 4656; x_wconf 79' lang='grc' dir='ltr'>θύραν</span> <span class='ocrx_word' id='word_1_784' title='bbox 2698 4586 2793 4638; x_wconf 75' lang='grc' dir='ltr'>καὶ</span> <span class='ocrx_word' id='word_1_785' title='bbox 2816 4586 3099 4656; x_wconf 77' lang='grc' dir='ltr'>διατριὸὴν</span> <span class='ocrx_word' id='word_1_786' title='bbox 3127 4588 3245 4647; x_wconf 80' lang='grc' dir='ltr'>ταῖς</span> <span class='ocrx_word' id='word_1_787' title='bbox 3276 4589 3537 4655; x_wconf 83' lang='grc' dir='ltr'>πονηραῖς</span> <span class='ocrx_word' id='word_1_788' title='bbox 3564 4586 3742 4653; x_wconf 73' lang='grc' dir='ltr'>ἀντιρ-</span> 
     </span>
    </p>
   </div>
   <div class='ocr_carea' id='block_1_107' title="bbox 2183 4671 3742 4750">
    <p class='ocr_par' dir='ltr' id='par_1_107' title="bbox 2183 4671 3742 4750">
     <span class='ocr_line' id='line_1_107' title="bbox 2183 4671 3742 4750; baseline -0.004 -20"><span class='ocrx_word' id='word_1_789' title='bbox 2183 4683 2425 4750; x_wconf 74' lang='grc' dir='ltr'>ρήσεσιν·</span> <span class='ocrx_word' id='word_1_790' title='bbox 2456 4676 2582 4743; x_wconf 82' lang='grc' dir='ltr'><em>Πᾶς</em></span> <span class='ocrx_word' id='word_1_791' title='bbox 2617 4677 2729 4744; x_wconf 74' lang='grc' dir='ltr'><strong>γὰρ</strong></span> <span class='ocrx_word' id='word_1_792' title='bbox 2756 4671 2921 4740; x_wconf 79' lang='grc' dir='ltr'>οἶκος</span> <span class='ocrx_word' id='word_1_793' title='bbox 2958 4674 3207 4742; x_wconf 74' lang='grc' dir='ltr'>Ἰσραὴλ</span> <span class='ocrx_word' id='word_1_794' title='bbox 3238 4674 3573 4742; x_wconf 70' lang='grc' dir='ltr'>φιλόνεικοι</span> <span class='ocrx_word' id='word_1_795' title='bbox 3605 4675 3742 4733; x_wconf 79' lang='grc' dir='ltr'>εισι,</span> 
     </span>
    </p>
   </div>
   <div class='ocr_carea' id='block_1_108' title="bbox 2181 4764 3743 4838">
    <p class='ocr_par' dir='ltr' id='par_1_108' title="bbox 2181 4764 3743 4838">
     <span class='ocr_line' id='line_1_108' title="bbox 2181 4764 3743 4838; baseline -0.007 -14"><span class='ocrx_word' id='word_1_796' title='bbox 2181 4773 2279 4825; x_wconf 77' lang='grc' dir='ltr'>καὶ</span> <span class='ocrx_word' id='word_1_797' title='bbox 2307 4769 2792 4838; x_wconf 72' lang='grc' dir='ltr'>σκληροκὰρδιοι,</span> <span class='ocrx_word' id='word_1_798' title='bbox 2814 4769 2978 4837; x_wconf 71' lang='grc' dir='ltr'>φησὶν</span> <span class='ocrx_word' id='word_1_799' title='bbox 3006 4765 3283 4833; x_wconf 73' lang='grc' dir='ltr'>Ἱεζεκιήλ·</span> <span class='ocrx_word' id='word_1_800' title='bbox 3321 4766 3504 4832; x_wconf 85' lang='grc' dir='ltr'>Ὀλίγα</span> <span class='ocrx_word' id='word_1_801' title='bbox 3531 4764 3585 4815; x_wconf 79' lang='grc' dir='ltr'><strong>δὲ</strong></span> <span class='ocrx_word' id='word_1_802' title='bbox 3616 4780 3743 4831; x_wconf 81' lang='grc' dir='ltr'>προ-</span> 
     </span>
    </p>
   </div>
   <div class='ocr_carea' id='block_1_109' title="bbox 2179 4855 3742 4932">
    <p class='ocr_par' dir='ltr' id='par_1_109' title="bbox 2179 4855 3742 4932">
     <span class='ocr_line' id='line_1_109' title="bbox 2179 4855 3742 4932; baseline -0.006 -18"><span class='ocrx_word' id='word_1_803' title='bbox 2179 4860 2532 4932; x_wconf 77' lang='grc' dir='ltr'>χειρισόμεθα</span> <span class='ocrx_word' id='word_1_804' title='bbox 2577 4859 2725 4927; x_wconf 79' lang='grc' dir='ltr'>σαφῆ</span> <span class='ocrx_word' id='word_1_805' title='bbox 2778 4876 2839 4911; x_wconf 86' lang='grc' dir='ltr'><strong>τε</strong></span> <span class='ocrx_word' id='word_1_806' title='bbox 2886 4855 2981 4911; x_wconf 73' lang='grc' dir='ltr'>καὶ</span> <span class='ocrx_word' id='word_1_807' title='bbox 3040 4857 3434 4928; x_wconf 77' lang='grc' dir='ltr'>ἁναντὶῤῥητα,</span> <span class='ocrx_word' id='word_1_808' title='bbox 3493 4857 3587 4907; x_wconf 69' lang='grc' dir='ltr'>καὶ</span> <span class='ocrx_word' id='word_1_809' title='bbox 3642 4856 3742 4906; x_wconf 79' lang='grc' dir='ltr'>ὅσα</span> 
     </span>
    </p>
   </div>
   <div class='ocr_carea' id='block_1_110' title="bbox 2180 4950 3740 5022">
    <p class='ocr_par' dir='ltr' id='par_1_110' title="bbox 2180 4950 3740 5022">
     <span class='ocr_line' id='line_1_110' title="bbox 2180 4950 3740 5022; baseline -0.006 -15"><span class='ocrx_word' id='word_1_810' title='bbox 2180 4957 2400 5015; x_wconf 77' lang='grc' dir='ltr'>τούτους</span> <span class='ocrx_word' id='word_1_811' title='bbox 2422 4954 2456 5022; x_wconf 82' lang='grc' dir='ltr'>ἢ</span> <span class='ocrx_word' id='word_1_812' title='bbox 2494 4954 2708 5013; x_wconf 82' lang='grc' dir='ltr'>πάντως</span> <span class='ocrx_word' id='word_1_813' title='bbox 2741 4950 3236 5019; x_wconf 72' lang='grc' dir='ltr'>ἑθελοκωεροῦντας,</span> <span class='ocrx_word' id='word_1_814' title='bbox 3272 4950 3740 5020; x_wconf 74' lang='grc' dir='ltr'>ἦὰνοηταίνοντας</span> 
     </span>
    </p>
   </div>
   <div class='ocr_carea' id='block_1_111' title="bbox 2178 5045 2565 5112">
    <p class='ocr_par' dir='ltr' id='par_1_111' title="bbox 2178 5045 2565 5112">
     <span class='ocr_line' id='line_1_111' title="bbox 2178 5045 2565 5112; baseline -0.008 -13"><span class='ocrx_word' id='word_1_815' title='bbox 2178 5045 2565 5112; x_wconf 80' lang='grc' dir='ltr'>ἀπελέγξουσι.</span> 
     </span>
    </p>
   </div>
   <div class='ocr_carea' id='block_1_112' title="bbox 2635 5154 3257 5219">
    <p class='ocr_par' dir='ltr' id='par_1_112' title="bbox 2635 5154 3257 5219">
     <span class='ocr_line' id='line_1_112' title="bbox 2635 5154 3257 5219; baseline 0 -10"><span class='ocrx_word' id='word_1_816' title='bbox 2635 5154 2639 5159; x_wconf 75' lang='grc'><em>’</em></span> <span class='ocrx_word' id='word_1_817' title='bbox 2672 5157 2888 5211; x_wconf 50' lang='lat' dir='ltr'><strong>Bia/tau</strong></span> <span class='ocrx_word' id='word_1_818' title='bbox 2929 5157 3257 5219; x_wconf 76' lang='grc' dir='ltr'>Γενέσεως.</span> 
     </span>
    </p>
   </div>
   <div class='ocr_carea' id='block_1_113' title="bbox 2253 5266 3746 5337">
    <p class='ocr_par' dir='ltr' id='par_1_113' title="bbox 2253 5266 3746 5337">
     <span class='ocr_line' id='line_1_113' title="bbox 2253 5266 3746 5337; baseline -0.003 -14"><span class='ocrx_word' id='word_1_819' title='bbox 2253 5271 2360 5324; x_wconf 68' lang='grc' dir='ltr'><strong>Καὶ</strong></span> <span class='ocrx_word' id='word_1_820' title='bbox 2383 5270 2550 5324; x_wconf 73' lang='grc' dir='ltr'>εἶπεν</span> <span class='ocrx_word' id='word_1_821' title='bbox 2572 5272 2603 5322; x_wconf 87' lang='grc' dir='ltr'><strong><em>ό</em></strong></span> <span class='ocrx_word' id='word_1_822' title='bbox 2626 5271 2790 5336; x_wconf 75' lang='grc' dir='ltr'>Θεὸς,</span> <span class='ocrx_word' id='word_1_823' title='bbox 2810 5270 3159 5337; x_wconf 80' lang='grc' dir='ltr'>Ποιήσωμεν</span> <span class='ocrx_word' id='word_1_824' title='bbox 3178 5267 3492 5334; x_wconf 76' lang='grc' dir='ltr'>ἄνθρωπον</span> <span class='ocrx_word' id='word_1_825' title='bbox 3514 5266 3641 5319; x_wconf 74' lang='grc' dir='ltr'><strong>κατ’</strong></span> <span class='ocrx_word' id='word_1_826' title='bbox 3668 5268 3746 5319; x_wconf 77' lang='grc' dir='ltr'>ει-</span> 
     </span>
    </p>
   </div>
   <div class='ocr_carea' id='block_1_114' title="bbox 2180 5360 3745 5433">
    <p class='ocr_par' dir='ltr' id='par_1_114' title="bbox 2180 5360 3745 5433">
     <span class='ocr_line' id='line_1_114' title="bbox 2180 5360 3745 5433; baseline -0.006 -16"><span class='ocrx_word' id='word_1_827' title='bbox 2180 5369 2329 5417; x_wconf 79' lang='grc' dir='ltr'>κόνα</span> <span class='ocrx_word' id='word_1_828' title='bbox 2350 5363 2667 5433; x_wconf 79' lang='grc' dir='ltr'>ἡμετέραν,</span> <span class='ocrx_word' id='word_1_829' title='bbox 2690 5363 2789 5415; x_wconf 74' lang='grc' dir='ltr'>καὶ</span> <span class='ocrx_word' id='word_1_830' title='bbox 2816 5363 2944 5416; x_wconf 81' lang='grc' dir='ltr'>καθ’</span> <span class='ocrx_word' id='word_1_831' title='bbox 2964 5362 3268 5428; x_wconf 81' lang='grc' dir='ltr'>ὁμοίωσιν.</span> <span class='ocrx_word' id='word_1_832' title='bbox 3306 5361 3365 5415; x_wconf 88' lang='lat'><strong>&#39;0</strong></span> <span class='ocrx_word' id='word_1_833' title='bbox 3394 5361 3579 5428; x_wconf 83' lang='grc' dir='ltr'>Πατὴρ</span> <span class='ocrx_word' id='word_1_834' title='bbox 3592 5360 3745 5428; x_wconf 65' lang='grc' dir='ltr'>δηλο-</span> 
     </span>
    </p>
   </div>
   <div class='ocr_carea' id='block_1_115' title="bbox 2179 5452 3744 5524">
    <p class='ocr_par' dir='ltr' id='par_1_115' title="bbox 2179 5452 3744 5524">
     <span class='ocr_line' id='line_1_115' title="bbox 2179 5452 3744 5524; baseline -0.004 -16"><span class='ocrx_word' id='word_1_835' title='bbox 2179 5455 2292 5508; x_wconf 86' lang='grc' dir='ltr'>νότι</span> <span class='ocrx_word' id='word_1_836' title='bbox 2315 5456 2453 5524; x_wconf 82' lang='grc' dir='ltr'>πρὸς</span> <span class='ocrx_word' id='word_1_837' title='bbox 2468 5456 2592 5516; x_wconf 82' lang='grc' dir='ltr'><strong>τοὺς</strong></span> <span class='ocrx_word' id='word_1_838' title='bbox 2616 5457 2680 5506; x_wconf 71' lang='grc' dir='ltr'>ἐκ</span> <span class='ocrx_word' id='word_1_839' title='bbox 2700 5455 2795 5524; x_wconf 75' lang='grc' dir='ltr'>τῆς</span> <span class='ocrx_word' id='word_1_840' title='bbox 2812 5455 2998 5516; x_wconf 76' lang='grc' dir='ltr'>οὐσίας</span> <span class='ocrx_word' id='word_1_841' title='bbox 3020 5453 3187 5506; x_wconf 83' lang='grc' dir='ltr'>αὑτοῦ</span> <span class='ocrx_word' id='word_1_842' title='bbox 3206 5454 3329 5516; x_wconf 74' lang='grc' dir='ltr'>τοὺς</span> <span class='ocrx_word' id='word_1_843' title='bbox 3352 5452 3744 5512; x_wconf 77' lang='grc' dir='ltr'>κοινωνοῦντας</span> 
     </span>
    </p>
   </div>
   <div class='ocr_carea' id='block_1_116' title="bbox 2183 5544 3741 5617">
    <p class='ocr_par' dir='ltr' id='par_1_116' title="bbox 2183 5544 3741 5617">
     <span class='ocr_line' id='line_1_116' title="bbox 2183 5544 3741 5617; baseline -0.001 -18"><span class='ocrx_word' id='word_1_844' title='bbox 2183 5547 2330 5617; x_wconf 72' lang='grc' dir='ltr'>αὐτῷ</span> <span class='ocrx_word' id='word_1_845' title='bbox 2398 5545 2493 5599; x_wconf 86' lang='grc' dir='ltr'><strong>τοῦ</strong></span> <span class='ocrx_word' id='word_1_846' title='bbox 2527 5545 2919 5615; x_wconf 78' lang='grc' dir='ltr'>δημιουργικοῦ</span> <span class='ocrx_word' id='word_1_847' title='bbox 2953 5549 3046 5597; x_wconf 70' lang='grc' dir='ltr'>καὶ</span> <span class='ocrx_word' id='word_1_848' title='bbox 3062 5544 3385 5597; x_wconf 76' lang='grc' dir='ltr'>δεσποτικοῦ</span> <span class='ocrx_word' id='word_1_849' title='bbox 3411 5545 3741 5612; x_wconf 73' lang='grc' dir='ltr'>ἀξιώματος.</span> 
     </span>
    </p>
   </div>
   <div class='ocr_carea' id='block_1_117' title="bbox 2184 5634 3743 5708">
    <p class='ocr_par' dir='ltr' id='par_1_117' title="bbox 2184 5634 3743 5708">
     <span class='ocr_line' id='line_1_117' title="bbox 2184 5634 3743 5708; baseline -0.003 -18"><span class='ocrx_word' id='word_1_850' title='bbox 2184 5639 2297 5690; x_wconf 67' lang='grc' dir='ltr'><strong>Οὒκ</strong></span> <span class='ocrx_word' id='word_1_851' title='bbox 2337 5638 2448 5708; x_wconf 78' lang='grc' dir='ltr'>ἔχει</span> <span class='ocrx_word' id='word_1_852' title='bbox 2474 5637 2584 5706; x_wconf 67' lang='grc' dir='ltr'><strong>γὰρ</strong></span> <span class='ocrx_word' id='word_1_853' title='bbox 2609 5636 2845 5689; x_wconf 72' lang='grc' dir='ltr'>ἐνταῦθα</span> <span class='ocrx_word' id='word_1_854' title='bbox 2875 5636 3059 5704; x_wconf 79' lang='grc' dir='ltr'>χώραν</span> <span class='ocrx_word' id='word_1_855' title='bbox 3090 5634 3150 5687; x_wconf 81' lang='grc' dir='ltr'>τὸ</span> <span class='ocrx_word' id='word_1_856' title='bbox 3177 5637 3274 5703; x_wconf 83' lang='grc' dir='ltr'><strong>τῆς</strong></span> <span class='ocrx_word' id='word_1_857' title='bbox 3319 5634 3597 5703; x_wconf 71' lang='grc' dir='ltr'>Ἐὕραῖδος</span> <span class='ocrx_word' id='word_1_858' title='bbox 3624 5635 3743 5687; x_wconf 82' lang='grc' dir='ltr'>δια-</span> 
     </span>
    </p>
   </div>
   <div class='ocr_carea' id='block_1_118' title="bbox 2962 5791 3361 5858">
    <p class='ocr_par' dir='ltr' id='par_1_118' title="bbox 2962 5791 3361 5858">
     <span class='ocr_line' id='line_1_118' title="bbox 2962 5791 3361 5858; baseline -0.01 -10"><span class='ocrx_word' id='word_1_859' title='bbox 2962 5795 2981 5825; x_wconf 88' lang='grc'><strong>¹</strong></span> <span class='ocrx_word' id='word_1_860' title='bbox 3014 5794 3146 5847; x_wconf 84' lang='lat' dir='ltr'><strong>Gcn.</strong></span> <span class='ocrx_word' id='word_1_861' title='bbox 3209 5808 3245 5858; x_wconf 88' lang='grc' dir='ltr'><strong>ι,</strong></span> <span class='ocrx_word' id='word_1_862' title='bbox 3276 5791 3361 5845; x_wconf 70' lang='grc'>26.</span> 
     </span>
    </p>
   </div>
  </div>
