4066 6288
416 381 527 444 ρει

1351 385 1736 447 PANOPLIA
1777 386 2248 451 DOGMATICA.
2285 416 2355 426 —
2397 394 2548 456 TlT.
2590 395 2762 457 VIII.

3578 393 3682 457 Ξίῑὲ

409 495 609 548 λέκτου
642 492 860 565 ἰδίωμα,
883 495 945 548 τὸ
982 495 1267 568 χρώμενον
1307 497 1455 551 ἐστιν
1501 499 1588 552 ὅτε
1631 501 1744 564 τοῖς
1793 501 1984 563 ἑνικοῖς

2098 503 2187 556 nis'
2221 505 2626 574 pr0prietatem,
2658 521 2761 574 qua
2795 522 3054 563 numerus
3086 506 3238 577 plura
3290 508 3539 565 indicans
3586 521 3684 584 pro

409 585 820 656 ⁴ιλιιθυντικιὶὂς.
853 588 922 639 Ἦ
951 588 1062 658 γὰρ
1095 588 1180 653 ἂν,
1217 589 1312 642 καὶ
1371 589 1456 658 ἐφ’
1521 589 1558 644 ἃ
1611 593 1686 661 μὴ
1749 593 1857 663 χρὴ
1915 593 1992 664 τῷ

407 677 639 748 τοιούτῳ
665 679 920 748 ἰδιώματι
945 680 1390 751 καταχρώμενοι,
1416 682 1619 754 πολλῆς
1637 684 1992 756 ὲμπλήσομεν

410 771 539 833 τοὺς
571 769 957 840 ἀντιλέγοντας
978 775 1252 842 ταραχῆς.

959 865 1062 918 Ἐκ
1099 864 1211 932 τῆς
1243 865 1458 932 αὐτῆς.

482 953 590 1006 Kal
615 949 789 1006 εἶπεν
812 957 846 1010 ὁ
871 952 1041 1020 Θεὸς,
1067 954 1223 1010 Ἰδοὺ
1245 955 1418 1025 Ἀδὰμ
1440 955 1690 1025 γέγονεν
1705 959 1785 1021 ὠς
1809 950 1898 1020 εἷς
1921 956 1992 1018 ἐξ

411 1042 604 1111 ἡμῶν,
630 1045 803 1115 ήγουν
823 1044 898 1108 ὡς
920 1045 1149 1107 ἕκαστος
1167 1045 1326 1114 ἡμῶν
1354 1046 1464 1112 τῶν
1495 1047 1552 1099 ἐν
1564 1049 1630 1116 τῇ
1656 1048 1752 1117 μιᾷ
1776 1047 1989 1115 θεότητι

407 1135 746 1208 προσώπων.
782 1139 843 1190 Εἰ
879 1136 987 1206 γὰρ
1021 1137 1116 1190 καὶ
1144 1137 1442 1208 εἰρωνικῶς
1477 1139 1718 1212 εἰρηται,
1749 1137 1863 1190 ἀλλ’
1897 1137 1988 1189 οὖν

411 1230 530 1290 ὲνδς
562 1229 864 1299 προσώπου
899 1229 1239 1300 σημαντικὸν
1275 1229 1411 1293 ὅλως
1447 1226 1584 1284 εἶναι
1611 1231 1671 1284 οὐ
1701 1231 1948 1285 δύναται.

959 1411 1061 1463 Ἐκ
1089 1408 1199 1477 τῆς
1245 1407 1459 1476 αὐτῆς.

485 1501 595 1554 Kal
611 1499 784 1556 εζτεν
802 1504 834 1554 ὀ
853 1503 1018 1568 Θεὸς,
1033 1503 1211 1555 Δεῦτε
1228 1502 1326 1555 καί
1344 1501 1712 1566 καταϐάντες
1728 1501 1990 1568 συγχέω-

405 1612 522 1664 μεν
541 1595 746 1649 αὐτῶν
759 1597 865 1660 τὰς
880 1595 1186 1664 γλώσσας.
1205 1595 1276 1646 Τὸ
1285 1596 1392 1663 γὰρ
1409 1594 1577 1648 δεῦτε
1599 1611 1638 1646 π
1646 1594 1733 1663 ρος
1760 1593 1852 1645 δύο
1869 1593 1988 1645 τοὺ-

407 1686 663 1756 λάχιστον
686 1689 716 1739 ό
740 1687 914 1753 λέγων
935 1687 1106 1754 λέγει,
1130 1689 1224 1738 καὶ
1247 1685 1416 1755 Τριὰς
1438 1683 1689 1736 ἐντεῦθεν
1711 1699 1988 1753 συναπαρ-

405 1777 1208 1847 τίζεται.1]ρδςίσοδυνάμους
1261 1776 1340 1841 δὲ,
1400 1778 1492 1828 καὶ
1547 1774 1872 1843 ὀμοουσίους
1924 1775 1984 1826 τὸ

2099 596 2212 659 illo,
2245 599 2336 665 qui
2369 614 2535 651 unum
2563 597 2852 668 signiﬁcat,
2886 611 3199 670 usurpatur,
3245 604 3335 658 ubi
3365 620 3477 659 non
3512 620 3680 676 opor-

2097 695 2194 752 tet,
2229 687 2548 742 confusione
2581 689 2906 757 replebimus
2937 693 3396 748 contradicentes.

2657 863 2738 918 Ex
2765 865 2944 919 eodem
2973 867 3128 920 libro.

2171 954 2236 1006 Et
2293 956 2425 1008 dixit
2490 954 2626 1010 Deus
2667 931 2883 1010 :‘Ecce
2947 959 3118 1012 Adam
3170 962 3346 1029 factus
3376 971 3492 1027 est;
3543 963 3672 1016 sicut

2095 1060 2230 1097 unus
2271 1060 2334 1096 ea:
2367 1045 2511 1097 nobis
2539 1045 2553 1074 ¹
2583 1089 2596 1108 ,
2626 1046 2718 1115 qui
2753 1061 2943 1100 sumus
2972 1047 3228 1102 nimirum
3272 1051 3324 1102 in
3385 1066 3489 1104 una
3539 1052 3669 1106 divi-

2093 1129 2263 1184 nitate
2309 1146 2682 1200 personarum.
2742 1132 2855 1186 Hoc
2916 1135 3074 1186 enim
3135 1136 3236 1189 etsi
3315 1153 3439 1192 cum
3500 1138 3671 1192 ironia

2091 1222 2292 1276 dictum
2329 1233 2428 1286 est,
2465 1241 2624 1278 unam
2661 1235 2837 1279 tamen
2874 1227 3136 1282 duntaxat
3161 1244 3449 1299 personam
3507 1231 3668 1303 signi-

2091 1315 2254 1369 ficare
2286 1331 2391 1369 non
2436 1326 2634 1385 potest.

2616 1410 2697 1463 Ex
2733 1414 2909 1464 eodem
2940 1411 3092 1465 libro.

2088 1500 2135 1556 ξ’·
2161 1498 2227 1551 Et
2278 1501 2411 1552 dixit
2448 1499 2581 1552 Deus
2613 1517 2632 1553 :
2690 1500 2890 1568 Venite,
2950 1503 3343 1568 descendamus,
3379 1516 3428 1558 et
3455 1511 3674 1578 confun-

2087 1591 2272 1643 damns
2303 1590 2538 1660 linguam
2568 1607 2746 1644 eorum
2777 1595 2820 1646 ’.
2884 1592 3021 1646 Illud
3074 1595 3218 1647 enim
3249 1613 3262 1649 :
3297 1598 3485 1654 Venite.
3540 1598 3678 1654 duos

2087 1681 2373 1750 signiﬁcat.
2420 1682 2483 1734 Et
2517 1698 2656 1736 lllltIS
2685 1692 2788 1748 est,
2820 1684 2911 1748 qui
2949 1685 3209 1752 loquitur.
3263 1685 3338 1739 Ex
3389 1703 3498 1756 quo
3535 1686 3662 1741 Tri-

2087 1775 2230 1826 nitas
2288 1773 2524 1843 perfecta
2574 1776 2902 1830 declaratur.
2962 1778 3115 1846 Quod
3170 1788 3355 1832 autem
3410 1795 3530 1844 eos,
3579 1781 3673 1852 qui

404 1865 963 1937 ὄεῦτε,κοιήσωμεν
989 1866 1144 1929 τόδε,
1166 1867 1262 1919 καὶ
1284 1867 1343 1918 οὐ
1369 1865 1504 1936 πρὸς
1527 1856 1792 1932 ἀγγέλους
1821 1866 1984 1934 ἐρεῖς,

2089 1864 2332 1934 ejusdem
2381 1868 2662 1936 potestatis
2698 1877 2750 1922 et
2781 1870 3032 1922 essentia:
3071 1879 3218 1927 sunt.
3281 1872 3585 1942 allthuatur
3635 1889 3648 1926 :

403 1955 546 2023 ὅπερ
579 1958 730 2008 ἐστὶν
763 1955 987 2010 ἄτοπον.
1033 1956 1103 2008 Ἣ
1136 1955 1282 2018 οῑους
1312 1955 1399 2022 ἂν,
1449 1955 1545 2008 καὶ
1598 1955 1755 2016 ὅσους
1814 1957 1980 2021 ἐρεῖς,

405 2061 564 2114 παρα
577 2045 900 2116 γραφόμεθα
915 2046 1004 2100 διὰ
1024 2048 1088 2100 τὸ
1115 2048 1456 2118 ἀμάρτυρον.

2097 1957 2316 2024 Venite,
2357 1959 2634 2028 inquiens,
2695 1961 2798 2015 hoc
2857 1961 3137 2028 faciamus,
3198 1963 3352 2019 facile
3407 1976 3654 2035 apparet.

2092 2049 2242 2114 Quoi
2278 2049 2324 2104 si
2364 2049 2584 2118 angelos
2616 2047 2892 2101 ministros
2934 2049 3228 2104 allocutum
3299 2051 3669 2121 respondetis,

405 2142 524 2195 sive
579 2157 795 2204 omnes,
847 2142 995 2212 quod
1047 2143 1344 2198 absurdum
1399 2149 1506 2213 est,
1567 2141 1663 2198 scd
1715 2155 1918 2212 paucos
1969 2144 2200 2208 dixeris,
2255 2159 2378 2198 cum
2436 2142 2492 2196 id
2555 2142 2705 2196 nullo
2764 2141 3057 2213 Scriptura)
3109 2142 3424 2198 testimonio
3473 2143 3670 2196 fultum

407 2234 502 2294 sit,
539 2243 602 2287 ut
651 2233 847 2288 falsum
881 2235 1330 2306 improbabimus.

491 2327 616 2390 Πῶς
641 2327 776 2391 Θεὸς
803 2327 1138 2397 διαλέγεται;
1165 2325 1316 2402 ’Λρα
1347 2332 1439 2385 τὸν
1463 2335 1497 2403 ή
1507 2336 1631 2403 μέτε
1640 2353 1734 2406 ρον
1755 2335 1952 2407 τρόπον
1973 2349 1988 2397 ;

405 2417 802 2484 εὐσεϐέστερον
829 2417 1028 2486 λέγειν,
1076 2420 1156 2474 ὅτι
1223 2422 1284 2473 τὸ
1319 2421 1462 2475 θεῖον
1527 2423 1796 2494 βούλημα,
1833 2426 1986 2495 καὶὴ

405 2509 604 2580 πρώτη
627 2511 773 2580 ὁρμή
816 2510 914 2565 τοῦ
972 2514 1160 2583 νοεροῦ
1217 2517 1547 2586 κινήματος,
1596 2519 1780 2570 τοῦτο·
1815 2519 1988 2585 Λόγος

406 2601 528 2653 ἐστὶ
557 2601 653 2654 τοῦ
684 2603 841 2655 Θεοῦ.
895 2602 1231 2671 Σχήματίζει
1279 2605 1337 2658 δὲ
1390 2607 1556 2660 αὑτὸν
1608 2607 1918 2672 διεξοδικῶς
1953 2609 1988 2677 ἡ

409 2695 628 2764 Γραφὴ,
673 2695 762 2747 ἵνα
783 2695 956 2768 δείξῃ,
983 2697 1066 2754 ὅτι
1095 2696 1214 2765 οὐχὶ
1234 2696 1496 2764 γενέσθαι
1526 2699 1686 2768 μόνον
1715 2701 1987 2771 ἐϐουλήθη

402 2791 509 2853 τὴν
545 2785 749 2850 κτίσιν,
783 2786 921 2840 ἀλλὰ
963 2787 1052 2840 διά
1101 2803 1248 2850 τινος
1307 2789 1576 2858 συνεργοῦ
1637 2793 1986 2861 παραχθῆναι

401 2877 622 2947 ταύτην
648 2879 728 2939 εἰς
785 2877 1019 2945 γένεσιν.
1095 2879 1357 2934 Ἥδύνατο
1405 2883 1534 2951 γὰρ,
1570 2882 1646 2944 ὼς
1707 2881 1766 2946 ὲξ
1809 2884 1984 2953 ἀρχῆς

2163 2325 2450 2392 Quomodo
2495 2323 2734 2391 loquitur
2771 2322 2910 2376 Deus
2939 2323 2962 2376 ἰ
2994 2323 3140 2376 Eone
3171 2324 3330 2378 modo
3361 2340 3470 2394 quo
3498 2325 3670 2394 loqui-

2092 2434 2212 2473 mur
2240 2415 2637 2484 nosilmpium
2672 2415 2764 2477 sit,
2814 2414 2886 2467 ita
2938 2415 3162 2468 sentire.
3192 2416 3327 2468 Nam
3377 2417 3663 2470 consilium

2089 2506 2354 2570 divinum,
2387 2514 2442 2559 et
2472 2506 2682 2574 primus
2719 2505 2808 2559 ille
2837 2504 3034 2558 mentis
3085 2505 3438 2576 intelligentis
3484 2516 3667 2561 motus

2088 2603 2173 2646 est
2237 2593 2430 2648 Sermo
2479 2592 2597 2653 Dei.
2654 2609 2816 2660 quem
2878 2593 2958 2648 sic
3011 2597 3236 2664 exponit
3287 2605 3342 2650 et
3404 2597 3662 2666 exprimit

2090 2681 2393 2754 Scriptura,
2428 2693 2489 2738 ut
2515 2684 2800 2756 signiﬁcet,
2840 2684 3008 2739 Deum
3053 2701 3162 2739 non
3193 2688 3352 2742 modo
3380 2704 3669 2757 procreare

2090 2773 2367 2830 hominem
2401 2777 2658 2840 voluisse,
2705 2778 2800 2832 sed
2831 2777 3063 2848 alicujus
3096 2794 3256 2848 opera
3311 2781 3360 2832 id
3416 2781 3656 2836 voluisse

2086 2879 2364 2939 prmstare.
2399 2869 2618 2924 Poterat
2643 2871 2787 2924 enim
2817 2881 2875 2923 ut
2901 2871 2970 2923 ab
3002 2871 3160 2924 initio
3188 2869 3338 2935 fecit,
3367 2871 3449 2926 sic
3477 2873 3664 2927 omnia

405 2961 558 3030 εἷπε,
589 2968 724 3036 περὶ
753 2967 971 3020 πάντων
994 2967 1328 3032 ἐπεξελθεῖν.
1369 2969 1460 3023 Ἐν
1489 2970 1632 3040 ἀρχῇ
1673 2971 1930 3040 ἐποίησεν
1954 2972 1981 3023 δ

2087 2964 2356 3033 persequi.
2388 2963 2446 3017 In
2483 2964 2754 3034 principio
2784 2964 2914 3018 fecit
2951 2967 3091 3020 Deus
3121 2965 3317 3019 caelum
3351 2974 3407 3020 et
3433 2975 3664 3020 terram.

402 3057 543 3120 Θεὸς
570 3057 665 3109 τὸν
708 3057 959 3127 οὐρανὸν,
991 3058 1084 3112 καὶ
1134 3059 1232 3128 τὴν
1279 3061 1403 3127 γῆν.
1476 3057 1612 3116 Εἶτα
1664 3061 1889 3129 ἐποίησε
1921 3061 1980 3114 τδ

2089 3053 2296 3109 Deinde
2333 3055 2461 3108 fecit
2514 3059 2719 3118 lucem,
2778 3065 2965 3126 postea
3026 3057 3446 3110 ﬁrmamentum.
3512 3055 3668 3113 Nunc

406 3149 526 3217 φῶς
547 3188 562 3214 ,
609 3142 728 3200 εἶτα
756 3149 982 3218 ἐποίησε
1020 3148 1082 3202 τὸ
1108 3149 1416 3221 στερέωμα.
1443 3149 1562 3204 Νῦν
1595 3149 1651 3203 δὲ
1696 3151 1790 3205 τὸν
1851 3151 1984 3205 Θεὸν

2087 3155 2267 3200 autem
2304 3144 2474 3200 Deum
2506 3146 2660 3215 quasi
2699 3147 3104 3215 praecipientem
3145 3157 3201 3201 et
3257 3149 3658 3218 colloquentem

402 3240 576 3293 οἱονεὶ
635 3241 1044 3308 προστάσσοντα
1084 3241 1179 3293 καὶ
1217 3241 1600 3312 διαλεγόμενον
1659 3244 1981 3312 εἰσάγουσα,

406 3335 500 3385 τὶν
519 3325 565 3398 ᾧ
596 3331 909 3400 διαλέγεται
936 3331 1080 3384 κατὰ
1104 3333 1164 3385 τὸ
1195 3333 1547 3404 σιωπώμενον
1576 3335 1890 3404 ὑποφαίνει,
1919 3341 1981 3390 ob

407 3423 783 3492 βασκαίνουσα
827 3424 962 3494 ἡμῖν
1020 3422 1121 3494 τῆς
1182 3424 1458 3493 γνώσεως,
1520 3425 1638 3480 ἀλλ’
1687 3429 1984 3482 ἐκκαίουσα

405 3517 558 3585 ήμᾶς
585 3515 722 3584 πρὸς
749 3515 841 3568 τὸν
869 3514 1056 3578 πόθον,
1079 3515 1147 3568 δι’
1169 3509 1246 3570 ὧν
1282 3517 1400 3588 τχνη
1429 3516 1550 3571 τινὰ
1595 3521 1688 3572 καὶ
1717 3520 1985 3590 ἐμφάσεις

406 3607 708 3663 ὑποϐάλλει
749 3606 846 3660 τοῦ
903 3608 1247 3678 ἀπορρήτου.
1304 3609 1376 3663 Τὸ
1419 3609 1526 3680 γὰρ
1583 3611 1732 3682 πόνῳ
1783 3611 1984 3681 κτηθὶν

407 3697 734 3770 περιχαριῖθς
790 3699 1087 3768 ὑπεδέχθη,
1140 3701 1238 3752 καὶ
1277 3698 1584 3768 φιλοπόνως
1629 3701 1982 3772 διεφυλάχθη.

403 3785 508 3842 Ὧν
539 3790 730 3858 μέντοι
758 3790 1049 3860 πρόχειρος
1075 3793 1102 3845 ό
1139 3791 1436 3863 πορισμὸς,
1490 3791 1699 3846 τούτων
1731 3796 1766 3864 ή
1800 3794 1982 3860 κτίσις

410 3885 918 3956 εὐκαταφρόνητος.
976 3884 1076 3938 Διὰ
1126 3884 1286 3938 τοῦτο
1341 3883 1445 3954 όδῷ
1527 3902 1635 3938 τινι
1690 3889 1786 3939 καὶ
1831 3888 1982 3954 τάξει

403 3977 560 4045 ἡμᾶς
582 3977 662 4038 είς
687 3976 786 4048 τήν
819 3979 948 4047 περὶ
978 3975 1072 4029 τοῦ
1089 3976 1426 4045 Μονογενοῦς
1443 3977 1650 4030 ἔννοιαν
1669 3977 1982 4047 ἑμόιδάζει,

402 4069 594 4123 καίτοι
619 4086 682 4136 γε
711 4069 805 4122 τοῦ
831 4071 888 4121 ἐν
912 4072 1063 4140 φωνῇ
1097 4069 1258 4138 λόγου
1310 4069 1436 4124 οὐδὲ
1472 4069 1648 4134 οὕτως
1707 4067 1775 4140 ἦν
1823 4071 1981 4142 χρεία

397 4165 472 4229 τῇ
497 4160 779 4230 ἀσωμάτῳ
800 4159 984 4228 φύσει,
1025 4161 1204 4214 αὐτῶν
1237 4162 1347 4214 τῶν
1401 4161 1709 4232 νοηθέντων
1767 4164 1983 4232 μεταδί-

397 4252 596 4305 δοσθαι
629 4251 945 4321 δυναμένων
968 4251 1044 4321 τῷ
1071 4253 1446 4324 συνεργοῦντι.
1499 4254 1662 4307 ’Ὥστε
1703 4255 1786 4318 τίς
1819 4256 1981 4324 χρεία

395 4345 568 4410 λόγου
597 4344 708 4405 τοῖς
729 4341 1046 4411 δυναμένοις
1079 4341 1141 4408 ἐξ
1181 4343 1346 4396 αὑτοῦ
1391 4345 1482 4397 τοῦ
1535 4347 1807 4416 νοήματος
1862 4362 1980 4399 κοι-

399 4438 604 4488 νωνεῖν
625 4435 876 4505 ἀλλήλοις
904 4435 1012 4488 τῶν
1062 4434 1489 4504 βουλευμάτωνς
1527 4438 1678 4506 φωνὴ
1717 4438 1816 4506 μὲν
1869 4438 1980 4507 γὰρ
2012 4461 2058 4520 ι)

399 4530 608 4597 ἀκοὴν,
639 4529 733 4580 καί
773 4528 914 4594 ἀκοή
935 4527 1121 4596 φωνῆς
1147 4527 1357 4582 ἕνεκεν.
1396 4527 1567 4580 Ὅπου
1613 4527 1670 4580 δὲ
1696 4528 1796 4580 oin:
1844 4529 1978 4597 ἀὴρ,

401 4622 536 4689 οὐχὶ
560 4621 800 4686 γλῶσσα,
826 4619 947 4673 οὐδὲ
979 4617 1097 4682 οὓς,
1137 4619 1199 4671 οὑ
1229 4620 1397 4689 πόρος
1433 4618 1640 4679 σκολιὸ,
1666 4619 1759 4671 ἐπὶ
1787 4620 1886 4689 τὴν
1917 4622 1976 4672 ὲν

399 4713 475 4778 τῇ
502 4707 712 4776 κεφαλῇ
738 4708 1090 4777 συναίσθησιν
1114 4710 1402 4778 ἀναφέρων
1438 4711 1565 4766 τοὺς
1599 4708 1830 4776 ψόφους,
1865 4711 1981 4762 ἐκεῖ

397 4799 531 4852 οὐδὲ
566 4799 827 4868 ῥημάτων
863 4799 1042 4867 χρεία,
1074 4798 1190 4851 ἀλλ’
1239 4799 1299 4862 ἐξ
1354 4816 1391 4851 α
1429 4801 1559 4866 τῶν,
1597 4800 1673 4862 ὡς
1728 4801 1794 4854 ἂν
1834 4800 1977 4852 είποι

394 4909 511 4952 τις,
531 4889 643 4942 τῶν
671 4893 727 4941 ὲν
753 4890 950 4960 καρδίᾳ
975 4891 1262 4960 νοημάτων
1291 4890 1384 4944 τοῦ
1407 4891 1714 4962 θελήματος
1741 4894 1775 4962 ή
1803 4894 1974 4962 μετὰ·

397 4988 580 5046 δοσις.
613 4986 788 5054 Ὅπερ
825 4978 921 5038 οὖν
960 4986 1120 5052 ἔφην,
1155 4982 1300 5036 ὥστε
1333 4985 1680 5052 διαναστῆναι
1714 4989 1805 5040 τὸν
1856 4986 1982 5040 νοῦν

399 5077 573 5147 ἡμῶν
603 5078 734 5146 πρὸς
761 5078 859 5146 τὴν
881 5077 1109 5145 ἔρευναν
1147 5077 1244 5134 τοῦ,
1282 5077 1600 5147 προσώπου,
1643 5080 1780 5148 πρὸς
1813 5081 1873 5132 δν
1929 5082 1979 5135 οἰ

401 5172 564 5236 λόγοι
617 5170 796 5237 σοφῶς
846 5170 943 5224 καὶ
995 5171 1284 5240 ἐντέχνως,
1330 5169 1490 5223 τοῦτο
1543 5171 1642 5239 τῆς
1690 5173 1979 5227 διαλέκτου

399 5262 808 5332 παρείληπται.

977 5355 1079 5408 Ἕκ
1105 5353 1209 5423 τῆς
1233 5353 1444 5423 αὐτῆς.

481 5450 676 5516 Ὠφθη
709 5447 776 5500 δὲ
810 5464 893 5512 τῳ
933 5446 1191 5517 Ἀϐραὰμ
1223 5451 1256 5502 ό
1288 5448 1436 5515 Θεὸς
1459 5451 1609 5517 πρὸς
1635 5448 1707 5516 τῇ
1735 5448 1872 5516 δρυῒ
1906 5448 1978 5517 τῇ

393 5539 685 5610 Μαμϐρῆ,
699 5539 1038 5608 καθημένου
1053 5539 1240 5594 αὐτοῦ
1256 5539 1354 5593 ἐπί
1373 5539 1484 5608 τῆς
1499 5541 1677 5607 θύρας
1699 5539 1808 5608 τῆς
1829 5558 1978 5607 σκη-

397 5633 522 5700 νῆς
540 5631 731 5686 αὐτοῦ
743 5632 1137 5700 μεσημϐρίας.
1155 5630 1522 5698 Ἀναϐλέψας
1541 5629 1606 5682 δὲ
1620 5631 1742 5696 τοῖς
1759 5633 1979 5700 ἐφθαλο

477 5796 492 5823 ⁸
529 5791 664 5843 (ἶρις.
691 5806 754 5849 ιι,
803 5790 888 5842 “2'2.
970 5790 989 5818 ’
1021 5787 1152 5842 Gen.
1193 5804 1265 5851 si,
1309 5788 1356 5846 7.

2089 3235 2373 3299 inducens,
2418 3249 2542 3288 eum
2611 3251 2845 3304 quocum
2903 3236 3162 3304 loquitur,
3223 3245 3384 3290 taeite
3441 3236 3666 3292 demon-

2089 3336 2246 3390 strat,
2285 3342 2390 3380 non
2442 3325 2585 3395 quod
2632 3327 2793 3382 nobis
2832 3329 3194 3397 cognitionem
3245 3328 3504 3396 invideat,
3571 3331 3665 3384 sed

2089 3428 2145 3472 ut
2207 3433 2306 3472 nos
2367 3417 2517 3473 illius
2557 3418 2740 3474 arcani
2805 3419 3060 3473 incendat
3134 3421 3455 3489 cupiditate.
3509 3421 3665 3491 cuius

2086 3508 2309 3576 vestigia
2363 3509 2564 3564 indicat
2614 3520 2669 3564 et
2713 3511 2922 3564 semina
2975 3511 3223 3579 quaedam
3281 3511 3520 3580 subjicit.
3569 3513 3664 3566 Et-

2087 3601 2235 3654 enim
2274 3615 2394 3669 quaa
2430 3601 2616 3676 lalpre
2645 3610 2799 3672 parta
2831 3611 2984 3666 sunt,
3015 3617 3136 3656 cum
3197 3605 3380 3657 lzetitia
3431 3605 3664 3673 percipi-

2086 3707 2228 3759 mus,
2270 3693 2662 3764 diligenterque
2707 3708 3134 3757 conservamus;
3171 3711 3290 3764 quae
3318 3712 3443 3748 vero
3501 3695 3660 3750 facile

2084 3799 2484 3854 comparamus,
2527 3785 2812 3854 despicere
2871 3797 2922 3839 et
2955 3787 3225 3857 negligere
3256 3788 3660 3842 consuevimus.

2085 3875 2270 3944 Itaque
2294 3875 2380 3931 via
2413 3875 2644 3944 quadam
2681 3885 2736 3931 et
2788 3878 2978 3931 ordine
3012 3894 3111 3931 nos
3142 3879 3208 3930 ad
3245 3878 3521 3947 Unigeniti
3574 3880 3662 3931 in-

2089 3967 2437 4037 telligentiam
2463 3967 2612 4022 ducit
2639 3973 2694 4021 et
2743 3968 2937 4022 allicit.
2993 3970 3159 4037 Atqui
3225 3973 3513 4035 sermonis,
3566 3972 3660 4040 qui

2084 4072 2180 4126 per
2246 4071 2437 4110 vocem
2493 4056 2744 4121 effertur,
2781 4073 2910 4111 usus
2965 4075 3076 4111 non
3121 4068 3242 4112 erat
3296 4061 3642 4115 necessarius

2086 4157 2292 4203 natura:
2343 4148 2416 4202 illi
2462 4149 2708 4218 corporis
2761 4151 2989 4218 experti,
3034 4167 3156 4206 cum
3203 4162 3390 4222 posset
3426 4155 3657 4224 cogitata

2085 4240 2171 4296 bis
2215 4241 2398 4296 verbis
2428 4241 2592 4296 simul
2635 4247 2814 4312 agenti
2859 4245 3287 4299 communicare.
3350 4244 3456 4299 Vox
3511 4247 3656 4300 enim

2083 4341 2301 4403 propter
2329 4333 2597 4398 auditum,
2635 4343 2692 4387 et
2750 4335 2973 4390 auditus
3005 4313 3152 4390 vocis
3201 4346 3284 4391 est
3314 4339 3507 4408 gratia.
3554 4338 3654 4394 Ubi

2084 4436 2266 4482 autem
2324 4441 2426 4482 nec
2465 4442 2559 4481 aer
2604 4435 2720 4492 est,
2779 4443 2881 4482 nec
2925 4429 3126 4500 lingua.
3172 4445 3272 4486 nec
3330 4447 3510 4495 aures,
3556 4449 3658 4490 nec

2085 4519 2324 4588 obliqua:
2389 4518 2492 4572 illa:
2539 4519 2752 4572 aurium
2806 4521 3014 4574 semitae
3049 4536 3214 4575 sonos
3275 4524 3341 4576 ad
3408 4541 3653 4588 sensum,

2087 4607 2182 4678 qui
2215 4608 2266 4659 in
2299 4607 2479 4675 capite
2515 4616 2619 4670 cst,
2655 4607 3038 4674 perducentcs.
3095 4609 3163 4661 ibi
3196 4610 3354 4662 verba
3385 4627 3494 4663 non
3530 4621 3655 4665 sunt

2087 4696 2416 4756 necessaria,
2461 4694 2553 4748 scd
2584 4709 2647 4748 ex
2677 4695 2809 4763 ipsis
2857 4696 3060 4757 cordis,
3098 4707 3154 4750 ut
3187 4698 3259 4751 ita
3305 4700 3502 4764 dicam,
3562 4714 3654 4755 aut

2086 4782 2252 4835 animi
2304 4781 2621 4834 notionibus
2684 4781 3042 4852 cogitationes
3097 4785 3408 4852 paleﬁunt..
3452 4785 3653 4852 Quant-

2085 4875 2272 4928 obrem
2327 4873 2609 4941 Scriptura
2659 4875 2936 4942 sapienter
2979 4882 3034 4926 et
3079 4875 3235 4939 scite,
3280 4887 3340 4931 ut
3397 4877 3653 4945 diximus,

2084 4966 2225 5020 hanc
2279 4966 2504 5034 ﬁguram
2565 4976 2812 5034 usurpat,
2868 4976 2929 5020 ut
2973 4975 3212 5019 mentem
3288 4978 3536 5023 nostram
3584 4970 3651 5024 ad

2082 5072 2393 5127 personam,
2447 5073 2572 5112 cum
2625 5075 2729 5129 qua
2783 5075 2966 5115 sermo
3020 5061 3351 5131 instituitur,
3423 5065 3652 5120 investi-

2080 5150 2314 5212 gandam
2345 5149 2612 5207 inmellat.

2634 5351 2716 5407 Ex
2747 5355 2922 5408 eodem
2960 5355 3113 5409 libro.

2154 5447 2413 5515 Apparuit
2449 5454 2626 5499 autent
2663 5447 2740 5500 illi
2772 5447 2908 5499 Deus
2959 5449 3026 5499 ad
3071 5461 3318 5514 quercum
3375 5443 3649 5508 Ilambrn',

2084 5541 2288 5593 sedente
2313 5542 2424 5608 ipso
2455 5541 2506 5592 in
2536 5541 2666 5592 ostio
2696 5539 3019 5591 tabernaculi
3046 5540 3147 5594 sui.
3178 5537 3230 5588 in
3258 5535 3492 5588 meridie.
3519 5534 3621 5590 Sus

2086 5633 2278 5684 viciens
2327 5640 2500 5684 autent
2557 5631 2719 5683 oculis
2779 5632 2886 5681 suis
2936 5629 3082 5685 cidit.
3135 5638 3183 5680 et
3233 5643 3348 5680 ecce
3405 5636 3507 5682 tres
3555 5628 3652 5682 tiri
