4066 6288
423 384 527 445 263

1644 366 2025 428 EUTHYMU
2074 365 2440 424 ZlGABENl

3560 366 3660 427 264

426 502 676 549 steterunt
708 506 859 559 super
898 506 1036 544 eum.
1065 488 1131 541 Ει
1150 486 1323 541 videns
1354 484 1583 538 cucurrit
1628 486 1678 537 in
1721 497 1987 537 occursum

2112 481 2424 545 ιοῖςιιύτοῦ
2445 476 2587 544 εἶδε,
2614 478 2710 532 καὶ
2740 479 2870 533 ὶδοὺ
2894 480 3046 549 τρεῖς
3064 479 3451 547 είστήκεισαν
3469 479 3664 533 ἐπάνω

425 589 517 652 eis,
550 601 595 641 et
637 583 876 638 adoravit
907 598 1060 647 super
1110 592 1326 643 terram,
1373 586 1421 630 et
1457 576 1589 629 dixit
1621 594 1633 628 :
1666 576 1908 641 Domine,
1949 578 1995 629 si

2112 574 2301 627 ιὺτοῦ.
2322 573 2431 626 Kal
2453 571 2615 638 ἰδὼν,
2635 571 3053 641 προσέδραμεν
3067 575 3153 637 είς
3172 573 3553 638 συνάντησιν
3568 573 3666 624 αὐ-

424 681 603 747 utique
646 675 816 729 inveni
862 673 1094 742 gratiam
1134 686 1310 722 coram
1354 678 1422 729 te,
1474 682 1537 718 ne
1586 674 1824 719 transeas
1882 681 1995 718 ser-

425 786 544 821 vum
585 778 730 820 tuum
764 766 803 817 ¹.
831 765 899 817 Ει
926 762 1084 833 paulo
1114 768 1238 830 post
1267 773 1281 812 :
1324 758 1468 813 Dixit
1497 769 1672 812 autem
1709 759 1778 811 ad
1830 774 1945 811 eum
1974 771 1993 808 :

432 859 530 913 Ubi
579 858 717 911 Sara
760 872 891 909 uxor
955 864 1045 906 tua
1090 852 1240 909 ?llle
1281 859 1460 904 autem
1523 850 1862 919 respondens
1909 849 1994 902 di-

426 950 502 1003 xit
537 968 547 1002 :
594 949 727 1001 Ecce
758 948 812 1000 in
849 944 1208 999 tabernaculo.
1241 942 1303 996 Et
1333 943 1446 996 ait:
1487 940 1761 995 Revertens
1789 941 1995 993 veniam

430 1044 499 1095 ad
554 1052 641 1105 te,
694 1049 749 1093 et
800 1052 944 1108 quae'
979 1046 1297 1106 sequuntur.
1355 1036 1492 1090 Ecce
1562 1033 1824 1102 scriptum
1892 1041 1994 1099 est,

431 1134 592 1184 Deum
651 1130 965 1199 apparuisse
1018 1129 1312 1190 Abraham,
1392 1137 1502 1181 tres
1571 1136 1751 1189 autem
1805 1124 1993 1189 fuisse,

428 1221 520 1291 qui
552 1229 938 1288 apparuerunt.
973 1219 1035 1271 Et
1069 1233 1191 1271 cum
1220 1218 1328 1271 sint
1362 1226 1489 1281 tres,
1523 1230 1705 1269 sermo
1730 1229 1853 1270 cum
1883 1229 1994 1267 uno

431 1320 642 1365 tantum
679 1310 1003 1375 instituitur,
1040 1319 1097 1362 ut
1125 1318 1338 1363 constet
1364 1309 1606 1369 omnino,
1658 1321 1818 1358 unam
1875 1319 1998 1358 esse

430 1405 595 1457 trium
660 1406 1021 1470 personarum
1095 1398 1451 1451 divinitatem.
1513 1394 1668 1460 Quod
1727 1395 1770 1447 si
1829 1407 1999 1445 unum

429 1497 651 1566 quidem
682 1508 804 1548 esse
846 1490 1047 1545 dixeris
1106 1489 1297 1552 Deum,
1346 1488 1566 1557 angelos
1596 1495 1778 1540 autem
1837 1484 1998 1549 duos,

431 1585 705 1655 quomodo
727 1590 1023 1653 potuerunt
1071 1594 1193 1632 cum
1233 1578 1464 1631 Domino
1496 1576 1785 1632 considere
1811 1575 1835 1629 ?

979 1669 1064 1723 Ex
1096 1670 1270 1723 eodem
1317 1669 1473 1722 libro.
1747 1726 1755 1733 _

505 1766 756 1819 Dominus
806 1762 937 1832 pluit
995 1777 1150 1828 super
1196 1759 1500 1822 Sodomam,
1539 1768 1589 1811 et
1654 1757 2000 1813 Gomorrham

2095 665 2240 730 τοῖς,
2276 665 2373 717 καὶ
2423 666 2891 733 προσεκύνησεν
2924 664 3019 717 ἐπὶ
3053 665 3168 733 τὴν
3206 663 3340 734 γῆν,
3385 663 3482 717 καὶ
3517 660 3664 727 εἷπε,

2096 758 2294 822 Κύριε,
2329 758 2381 808 εἰ
2412 756 2523 824 ἄρα
2547 751 2730 823 εὗρον
2751 756 2931 825 χάριν
2950 755 3231 809 ἐναντίον
3281 772 3419 822 σου,
3446 755 3533 824 μὴ
3559 771 3666 806 πα-

2090 849 2318 916 ρέλθῃς
2342 848 2447 900 τὸν
2470 846 2653 899 παῖδά
2682 862 2819 902 σου.
2857 843 3009 901 εἷπε
3036 845 3104 898 δὲ
3132 847 3282 914 πρὸς
3304 847 3515 908 αὐτὸν,
3548 844 3666 901 Ποῦ

2097 936 2295 1005 Σάρρα
2317 937 2355 1004 ἡ
2373 935 2525 1004 γυνή
2546 952 2661 988 σου
2674 952 2695 1001 ;
2719 933 2780 989 '0
2800 936 2855 989 δὲ
2875 934 3191 1005 ἀποκριθεὶς
3212 928 3382 998 εἶπεν,
3414 930 3583 991 Ἰδοὺ,
3602 939 3668 984 ἐν

2098 1025 2174 1094 τῇ
2215 1025 2440 1093 σκηνῇ.
2475 1026 2584 1077 Καὶ
2627 1021 3323 1091 εἷπεν,Ἐ;ταναστρέφων
3351 1022 3477 1089 ἥξω
3520 1021 3671 1088 πρὸς

2099 1120 2194 1183 σὲ,
2243 1120 2431 1172 καὶτὰ
2466 1117 2611 1185 ἑξῆς.
2649 1117 2776 1169 Ἰδοὺ
2824 1117 3154 1187 γέγραπται,
3198 1113 3428 1183 ὀφθῆναι
3467 1114 3564 1181 μὲν
3592 1110 3670 1180 τῷ

2115 1210 2370 1278 Ἀϐραὰμ
2401 1210 2495 1263 τὸν
2518 1210 2671 1275 Θε“ν,
2706 1204 2845 1261 εἶναι
2876 1207 2933 1260 δὲ
2962 1208 3112 1276 τρεῖς
3139 1204 3552 1273 ωὺςόφθέντας,
3578 1203 3672 1254 καὶ

2099 1304 2267 1373 τριῶν
2300 1304 2467 1356 ὄντων
2500 1302 2636 1373 πρὸς
2667 1303 2763 1355 Eva
2785 1301 2883 1371 τὴν
2908 1299 3141 1362 διάλεξιν
3162 1299 3430 1366 γίνεσθαι,
3464 1297 3542 1359 είς
3573 1297 3671 1364 ἔμ-

2100 1411 2267 1463 φασιν
2297 1394 2510 1455 πάντως
2534 1394 2630 1446 τοῦ
2652 1395 3093 1460 τρισυποστάτου
3115 1391 3216 1460 τῆς
3247 1393 3376 1460 μιᾶς
3396 1390 3671 1459 θεότητος.

2101 1484 2162 1538 Ei
2191 1486 2247 1537 δὲ
2274 1486 2362 1538 τὸν
2399 1485 2495 1537 ἕνα
2544 1486 2641 1549 μὲν
2672 1487 2815 1555 ἐρεῖς
2859 1479 2999 1537 εἶναι
3043 1484 3196 1549 Θεὸν,
3234 1482 3359 1544 τοὺς
3398 1481 3587 1543 ἄλλους
3617 1481 3674 1535 δὲ

2101 1578 2390 1647 ἀγγέλους,
2430 1578 2547 1641 πῶς
2591 1577 2880 1647 ἠνέσχοντο
2914 1574 3348 1646 συγκαθίσαιτῷ
3396 1574 3673 1645 Δεσπότης

2656 1669 2759 1722 Ἐκ
2788 1668 2898 1737 τῆς
2938 1669 3154 1733 αὐτῆς.

2176 1763 2390 1831 Κύριος
2421 1761 2666 1830 ἔϐρεξεν
2692 1760 2793 1814 ἐπὶ
2822 1760 3057 1828 Σόδομα
3089 1760 3184 1813 καὶ
3216 1759 3490 1827 Γόμορρα
3517 1757 3681 1811 θεῖον

433 1854 650 1922 sulphur
705 1862 751 1904 et
781 1826 949 1920 ignem
985 1866 1017 1902 a
1058 1826 1282 1901 Domino
1342 1848 1406 1901 de
1442 1846 1567 1900 cazlo
1608 1846 1651 1905 ’.
1709 1844 1842 1911 Quae
1880 1847 1999 1916 qui-

2112 1853 2209 1905 καὶ
2239 1826 2539 1921 πῦργπαρὰ
2557 1852 2777 1920 Κυρίου
2802 1852 2868 1904 ἐκ
2889 1826 2995 1906 τοῦ
3025 1826 3310 1920 cupas-01').
3329 1826 3449 1903 Τῶν
3462 1849 3556 1904 δύο
3581 1850 3681 1919 μὲν

434 1941 558 1993 dem
624 1938 788 1991 verba
830 1946 885 1990 et
939 1937 1075 1990 duas
1130 1935 1374 1989 indicant
1417 1950 1698 2004 personas,
1756 1943 1812 1990 et
1861 1935 2003 1990 idem

434 2024 727 2081 coasilium
820 2023 1190 2093 aequalemque
1282 2023 1559 2077 declarant
1641 2032 2002 2092 potestatem.

440 2116 582 2171 Duas
641 2125 820 2170 autem
868 2117 1223 2185 consequitur
1274 2118 1454 2180 tertia,
1509 2116 1763 2185 quoniam
1811 2126 2005 2171 mutuo

438 2211 578 2265 inter
628 2223 689 2262 se
739 2208 953 2261 vinculo
981 2209 1054 2262 ita
1101 2208 1406 2280 conjunctae
1444 2215 1593 2274 sunt,
1646 2216 1706 2262 ut
1760 2209 2004 2279 separari

440 2315 551 2356 non
614 2299 851 2370 possint.

652 2445 666 2456 ἢ
1103 2386 1279 2443 Exodi
1311 2389 1351 2443 ³.

511 2485 673 2550 Audi,
706 2484 900 2547 Israel,
936 2481 1191 2537 Dominus
1221 2482 1360 2536 Deus
1392 2492 1535 2547 tuus,
1579 2481 1831 2537 Dominus
1870 2498 2006 2537 unus

440 2585 540 2649 est.
593 2574 731 2629 Illud
772 2591 786 2628 :
826 2575 1120 2638 Dominus,
1167 2582 1223 2628 et
1282 2574 1443 2636 Deus,
1478 2584 1533 2627 et
1580 2572 1840 2627 Dominus
1897 2581 2007 2629 tres

448 2682 706 2737 personas
750 2666 1008 2730 ostendit,
1038 2664 1169 2719 illud
1199 2674 1378 2718 autem
1411 2680 1425 2717 :
1466 2662 1609 2718 Unus
1660 2673 1759 2730 est,
1808 2664 2009 2720 divini-

444 2767 608 2813 tatem
653 2770 707 2813 Cl
741 2769 988 2811 naturam
1036 2772 1222 2811 unam.

725 2848 937 2902 Davidis
973 2847 1044 2919 [et
1068 2847 1365 2912 Zachariae,
1391 2857 1437 2899 et
1472 2844 1633 2901 Isaia:
1672 2845 1716 2919 ].

512 2936 580 2991 In
618 2936 725 2991 Deo
755 2936 983 2990 laudabo
1023 2936 1179 2990 verba
1201 2953 1271 3001 n;
1298 2936 1352 2987 in
1378 2934 1600 2988 Domino
1625 2931 1856 2988 laudabo
1895 2948 2008 2988 ser-

443 3045 668 3086 monem.
716 3030 780 3085 In
838 3031 942 3083 Deo
974 3029 1200 3097 speravi,
1254 3044 1356 3081 non
1412 3029 1623 3093 timebo,
1671 3028 1795 3100 quid
1844 3027 2007 3096 [acut

446 3124 572 3179 mihi
623 3124 775 3178 homo
804 3122 849 3174 ⁸.
892 3124 957 3176 Et
982 3136 1197 3176 rursum
1242 3138 1256 3174 :
1288 3120 1515 3174 Immola
1548 3118 1655 3174 Deo
1689 3118 2005 3188 sacriﬁcium

445 3216 642 3281 laudis,
672 3224 721 3270 et
774 3215 929 3269 redde
980 3212 1246 3267 Attissimo
1290 3222 1410 3266 vota
1446 3223 1562 3278 tua,
1618 3221 1667 3265 et
1704 3212 1887 3265 invoca
1929 3227 2010 3264 me

450 3306 507 3358 in
557 3305 640 3357 die
687 3303 1042 3356 tribulationis
1073 3311 1179 3355 tua:
1214 3303 1253 3354 ⁸.
1292 3301 1358 3355 Ει
1406 3316 1622 3355 rursum
1656 3319 1673 3354 :
1721 3299 1856 3353 Vivit
1903 3298 2009 3352 Do-

446 3396 638 3459 minus,
669 3402 718 3447 et
754 3394 1055 3447 benedictus
1086 3391 1246 3455 Deus,
1277 3401 1325 3445 et
1355 3391 1619 3445 exaltetur
1650 3390 1786 3445 Deus
1813 3386 2009 3448 salutis

445 3503 576 3540 mea:
606 3486 648 3539 ⁸.
678 3486 808 3540 Item
839 3501 853 3539 :
886 3484 951 3539 In
982 3483 1180 3538 lumine
1204 3492 1292 3537 tuo
1324 3484 1603 3537 videbimus
1634 3483 1809 3539 lumen
1830 3488 1872 3552 ’,
1909 3489 2013 3541 hoc

444 3586 552 3641 est,
579 3578 635 3633 in
680 3576 817 3632 Filio
852 3586 944 3632 tuo
979 3576 1279 3631 videbimus
1317 3576 1580 3644 Spiritum
1613 3590 1880 3632 sanctum.
1913 3578 2012 3632 Per

376 3718 387 3729 ,
444 3670 623 3738 ipsum
695 3669 842 3723 enim
893 3669 1066 3724 multo
1128 3667 1331 3723 clarius
1387 3665 1599 3721 Patrem
1645 3677 1698 3721 et
1747 3668 2009 3739 Spiritum

444 3768 692 3817 sanctum
724 3762 1100 3832 cognovimus.
1131 3759 1294 3815 Multa
1328 3771 1589 3831 praetcrea
1639 3766 1999 3831 reperiemus,

443 3854 645 3922 quibus
692 3864 879 3907 sancta
942 3852 1180 3906 Trinitas
1207 3852 1499 3907 indicatur.
1547 3853 1791 3924 Hymnus
1850 3856 2011 3908 ctiam

448 3945 725 4015 angelicus
786 3944 873 3998 ille
906 3943 1200 4009 :Sanctus,
1263 3957 1500 4010 sanctus,
1550 3955 1763 3997 sanctus
1832 3944 2015 3999 Domi-

448 4053 544 4090 nus
575 4037 619 4098 ⁸,
669 4046 835 4090 terna:
882 4035 1186 4090 sanctitatis
1210 4034 1577 4090 celebratione
1606 4045 1716 4090 tres
1753 4052 2013 4105 personas

443 4130 803 4191 demonstrat,
859 4128 1026 4181 semel
1097 4138 1277 4181 autem
1340 4125 1633 4180 Dominum
1698 4128 2009 4192 nominans,

446 4202 932 4274 unicam'declarat
967 4212 1327 4266 divinitatem.
1362 4211 1560 4266 Verum
1593 4213 1765 4267 multo
1809 4213 2015 4285 signiﬁ-

444 4310 659 4363 cantius
690 4304 859 4358 David
886 4305 953 4358 de
999 4302 1157 4357 Patre
1192 4311 1246 4356 et
1276 4301 1411 4356 Filio
1454 4303 1716 4372 loquitur,
1768 4319 1834 4359 ex
1882 4320 2011 4373 per-

414 4415 575 4455 .sona
606 4398 779 4451 Patris
805 4396 870 4450 ad
902 4395 1097 4448 Filium
1141 4410 1155 4446 :
1200 4393 1284 4447 Ex
1312 4403 1480 4457 utero,
1513 4395 1787 4464 inquiens,
1836 4397 2004 4465 genui

2110 1945 2268 1999 τοῦτο
2303 1944 2609 2016 προσώπων
2648 1945 3004 2014 ἐμφαντικὸν,
3034 1946 3127 1997 καὶ
3172 1944 3272 2013 τῆς
3302 1941 3679 2008 αὑτοσουλίας,

2117 2039 2472 2109 ίσοδυναμίας
2500 2036 2822 2107 δηλωτικὸν,
2870 2038 2980 2100 τοῖς
3015 2035 3137 2089 δυσὶ
3171 2036 3226 2088 δὲ
3261 2035 3354 2089 καὶ
3384 2034 3445 2087 τὸ
3494 2033 3684 2105 τρίτον

2114 2129 2520 2199 συνεισάγεται,
2550 2129 2637 2182 διὰ
2669 2128 2729 2181 τὸ
2755 2127 3059 2199 ἀχώριστον
3094 2127 3189 2181 καὶ
3218 2127 3568 2198 φεραλληλον.

2699 2388 2816 2458 Τῆς
2851 2389 3123 2453 Ἐξόδου.

2186 2482 2417 2549 Ἄκουε,
2452 2479 2721 2550 Ἰσραὴλ,
2747 2481 2962 2548 Κύριος
2984 2484 3018 2535 ό
3037 2480 3183 2547 Θεὸς
3202 2495 3340 2545 σου,
3361 2482 3575 2549 Κύριος
3595 2478 3689 2549 εἷς

2111 2573 2264 2628 ἐστι.
2293 2573 2368 2626 Τὸ
2404 2574 2504 2642 μὲν
2534 2573 2645 2642 γὰρ
2677 2570 2901 2638 Κύριος,
2938 2572 3031 2624 καὶ
3056 2571 3212 2636 Θεὸς,
3242 2572 3339 2625 καὶ
3363 2574 3564 2643 Κύριος
3582 2577 3689 2637 τὶς

2110 2667 2262 2737 τρεῖς
2294 2666 2627 2730 ὑποστάσεις
2652 2666 3009 2735 ὑπεμφαίνει,
3032 2665 3093 2717 τὸ
3115 2663 3174 2718 δὲ
3204 2664 3296 2732 εἷς
3320 2666 3456 2720 ἐστι
3493 2667 3595 2737 τὴν
3627 2668 3689 2719 ὲν

2112 2758 2263 2828 τρισὶ
2295 2758 2429 2829 μίαν
2458 2756 2691 2828 θεότητα
2726 2758 2821 2810 καὶ
2844 2758 3031 2827 φύσιν.

2722 2847 2836 2905 Τοῦ
2873 2849 3071 2903 Δαϐίδ.

2193 2940 2325 2997 Ἐπὶ
2347 2940 2427 3008 τῷ
2448 2940 2569 3008 Θεῷ
2590 2940 2812 2997 αινέσω
2825 2942 3014 3013 ῥῆμα,
3040 2941 3136 2997 ἐπὶ
3159 2941 3241 3008 τῷ
3258 2942 3453 3011 Κυρίῳ
3467 2942 3692 2999 αἰνέσω

2111 3036 2317 3105 λόγον.
2352 3033 2485 3088 Ἐπί
2508 3033 2587 3099 τῷ
2615 3032 2738 3099 Θεῷ
2763 3032 3020 3102 ἤλπισα,
3058 3035 3131 3088 οὐ
3162 3034 3589 3104 φοϐηθήσομαι
3634 3034 3694 3087 τι

2113 3125 2354 3192 ποιήσει
2374 3142 2478 3193 μοι
2506 3125 2838 3191 ἅνθρωπος.
2871 3125 2981 3176 Καὶ
3014 3124 3205 3179 πάλιν⁸
3235 3124 3436 3179 θῦσον
3455 3123 3535 3189 τῷ
3565 3123 3696 3190 Θεῷ

2112 3218 2336 3271 θυσίαν
2356 3202 2664 3281 αἰνέσεως,
2695 3216 2793 3268 καὶ
2816 3215 3047 3282 ἀπόδος
3075 3215 3155 3280 τῷ
3185 3216 3445 3286 ’Υψίστφ
3469 3217 3574 3281 τὰς
3591 3220 3697 3271 εὑ-

2110 3307 2224 3378 χάς
2251 3324 2389 3373 σου,
2418 3307 2516 3361 καὶ
2553 3307 2916 3361 ἐπικάλεσαί
2942 3324 3021 3376 με
3043 3307 3233 3377 ’ἡμέρᾳ
3260 3309 3520 3376 θλίψεως
3547 3325 3694 3362 σου.

2112 3400 2222 3453 Καὶ
2251 3395 2429 3463 αὖθις,
2453 3398 2540 3468 Ζῇ
2581 3400 2817 3467 Κύριος,
2844 3400 2946 3452 καὶ
2979 3399 3310 3469 εὐλογητὸς
3338 3402 3372 3453 ό
3398 3399 3559 3464 Θεὸς,
3593 3399 3701 3452 καὶ

2114 3490 2406 3559 caueam
2445 3493 2477 3543 ὁ
2508 3489 2651 3555 Θεὸς
2680 3489 2790 3558 τῆς
2815 3493 3116 3557 σωτηρίας
3129 3508 3269 3559 μου.
3301 3491 3411 3545 Καὶ
3440 3493 3697 3559 προσέτι,

2124 3585 2225 3636 Ἐν
2245 3580 2325 3646 τῷ
2344 3582 2492 3650 φωτί
2508 3597 2624 3634 σου
2639 3582 2905 3651 ὀψόμεθα
2917 3580 3066 3651 φῶς,
3082 3583 3379 3645 τουτέστιν,
3405 3584 3462 3635 ὲν
3484 3584 3558 3652 τῷ
3577 3584 3702 3653 Υἱῷ

2115 3689 2205 3724 σου
2243 3673 2567 3743 γνωσόμεθα
2608 3673 2669 3726 τὸ
2696 3672 2919 3743 Πνεῦμα
2959 3675 3019 3727 τὸ
3064 3675 3239 3742 ἅγιον.
3268 3674 3346 3726 Δι’
3371 3674 3535 3727 αὑτοῦ
3582 3675 3699 3744 γὰρ

2113 3762 2262 3816 ὥσπε
2270 3780 2301 3834 ρ
2317 3764 2385 3817 τὰ
2406 3764 2536 3834 περὶ
2550 3764 2642 3818 τοῦ
2659 3764 2891 3835 Πατρὸς,
2909 3763 3051 3817 οὓτω
3068 3768 3161 3818 καὶ
3181 3766 3250 3818 τὰ
3267 3781 3333 3817 πε
3340 3766 3394 3835 pl.
3413 3764 3507 3818 τοῦ
3531 3765 3700 3834 ἁγίου

2116 3854 2432 3925 Πνεύματος
2495 3854 2883 3925 ἀριδηλότερον
2951 3856 3518 3927 ὲμυσταγωγήθημεν.
3580 3858 3702 3911 Καὶ

2115 3946 2285 3999 πολλὰ
2318 3944 2545 3999 τοιαῦτα
2563 3949 2662 4016 τῆς
2685 3945 2845 4015 ἁγίας
2869 3947 3096 4015 Τριάδος
3121 3948 3448 4016 εὑρίσκομεν
3478 3964 3696 4015 καταγ-

2115 4040 2361 4107 γελτικά.
2397 4041 2506 4094 Καὶ
2538 4043 2568 4094 ὁ
2613 4041 2902 4110 ἀγγελικὸς
2940 4041 2995 4094 δὲ
3037 4040 3226 4111 ὕμνος,
3256 4041 3701 4111 Ἀγιος,ἆγιος,

2114 4131 2284 4200 ἅγιος
2305 4135 2540 4199 Κύριος,
2560 4133 2648 4186 διὰ
2675 4135 2774 4202 μὲν
2798 4131 2893 4185 τοῦ
2923 4135 3234 4202 τρισαγίου
3257 4132 3319 4186 τὸ
3335 4135 3705 4203 τρισυπόστα-

2115 4239 2229 4287 τον,
2252 4223 2339 4276 διὰ
2362 4222 2420 4276 δὲ
2446 4223 2539 4276 τοῦ
2564 4224 2775 4291 Κύριος
2800 4225 2998 4277 ἐνιαῖον
3035 4223 3271 4294 ἐδήλωσε
3292 4223 3389 4292 τῆς
3416 4224 3700 4294 θεότητος.

2130 4313 2632 4383 Ἐκφαντικώτερον
2659 4314 2717 4366 δὲ
2747 4314 2875 4385 περὶ
2929 4314 3143 4383 Πατρὸς
3176 4316 3270 4367 καὶ
3297 4315 3425 4367 Υἱοῦ
3461 4332 3633 4382 φησιν
3666 4317 3697 4367 ὀ

2117 4403 2279 4454 Δαὸὶδ
2302 4403 2366 4455 ἐκ
2399 4403 2690 4471 προσώπου
2739 4406 2834 4457 τοῦ
2867 4405 3083 4473 Πατρὸς
3116 4405 3253 4475 πρὸς
3287 4407 3376 4457 τὸν
3401 4405 3546 4470 Υίὸν,
3597 4408 3703 4459 Ἐκ

444 4502 492 4543 ιε
521 4491 562 4543 ⁸.
597 4489 701 4542 Per
753 4497 974 4542 uterum
1028 4493 1308 4553 paternam
1370 4485 1528 4540 docet
1580 4486 1873 4540 essentiam
1958 4494 2006 4541 et

2119 4495 2383 4561 γαστρὸς
2410 4494 2522 4559 πρὸ
2544 4494 2856 4564 ἑωσφόρον
2876 4494 3179 4564 ὲγέννησά
3198 4512 3293 4561 σε,
3316 4498 3550 4566 γαστρὸς
3577 4497 3707 4550 θεο-

446 4590 695 4637 naturam
726 4580 971 4650 intelligi.
1015 4577 1188 4643 Quem
1221 4586 1403 4631 autem
1433 4578 1637 4647 poteris
1692 4578 1857 4631 alium
1890 4577 2010 4633 sine

446 4684 690 4742 tempore
715 4674 956 4743 genitum
984 4670 1270 4725 invenire?
1294 4669 1367 4722 Ex
1390 4684 1618 4737 persona
1644 4679 1825 4724 autem
1851 4669 1970 4725 Filii
1994 4682 2012 4730 :

448 4766 723 4827 Dominus,
756 4764 1031 4833 inquiens,
1086 4762 1225 4816 dixit
1268 4763 1338 4814 ad
1370 4778 1451 4815 me
1494 4773 1512 4815 :
1550 4760 1720 4815 Filius
1768 4779 1914 4816 meus
1960 4779 2013 4817 es

447 4865 526 4919 tu,
556 4871 648 4925 ego
679 4856 831 4909 hodie
874 4856 1028 4926 genui
1053 4862 1101 4908 te
1132 4854 1195 4909 ⁸⁸.
1239 4853 1373 4908 Illud
1411 4853 1555 4908 enim
1599 4873 1612 4909 :
1648 4853 1820 4908 Hodie
1857 4857 2013 4927 genui

448 4963 513 5017 te,
573 4960 755 5005 ortum
786 4952 905 5021 ejus
954 4952 1010 5005 in
1065 4960 1308 5020 tempore
1342 4966 1411 5004 ex
1452 4949 1671 5021 Virgine
1728 4951 2015 5022 signiﬁcat.

447 5042 645 5108 Genui,
692 5058 789 5110 pro
834 5060 920 5107 eo,
957 5044 1103 5112 quod
1164 5052 1266 5110 est,
1319 5052 1372 5097 te
1421 5042 1563 5113 gigni
1620 5043 1752 5096 mihi
1790 5044 2015 5113 placuit,

450 5136 532 5191 vel
560 5135 858 5206 procreavi.
898 5133 1035 5190 Huic
1079 5146 1259 5189 autem
1308 5150 1555 5204 personae
1586 5133 1709 5189 Filii
1758 5138 2018 5207 congruit

448 5228 612 5282 etiam
646 5224 779 5279 illud
806 5225 1115 5281 Solomonis
1150 5243 1165 5279 :
1195 5224 1451 5279 Dominus
1474 5228 1666 5279 creavit
1694 5242 1795 5289 me,
1821 5236 1877 5281 et
1896 5242 2017 5296 qua:

450 5328 774 5390 sequuntur.
808 5319 1015 5373 Deinde
1038 5319 1259 5388 subjicit
1282 5335 1297 5383 ;
1321 5321 1454 5372 Ante
1481 5335 1655 5371 omnes
1676 5320 1830 5372 colles
1862 5336 2018 5390 gene-

451 5420 535 5462 rat
567 5428 647 5466 me
686 5410 751 5464 “.
783 5410 914 5465 lllud
954 5410 1121 5475 enim,
1167 5409 1384 5465 Creavit
1412 5426 1519 5472 me,
1554 5419 1731 5463 ortum
1782 5410 1926 5463 illius
1960 5411 2018 5464 in

2121 4582 2347 4653 πρεπῶς
2376 4585 2669 4652 νοουμένης
2698 4585 2795 4654 τῆς
2816 4586 3091 4655 πατρικῆς
3107 4585 3297 4648 οὐσίας
3328 4589 3421 4638 καὶ
3442 4584 3697 4653 φύσεως.

2120 4675 2257 4728 Τίνα
2288 4676 2397 4743 γὰρ
2427 4675 2587 4729 ἄλλον
2619 4678 2766 4746 ἐρεῖν
2809 4678 3051 4747 ἰσχύσεις
3087 4678 3331 4747 ἁχρόνως
3362 4680 3707 4746 γεγεννημέ-

2121 4782 2245 4831 νον;
2288 4768 2352 4819 ὲκ
2374 4766 2431 4818 δὲ
2470 4766 2768 4836 προσώπου
2793 4768 2887 4821 τοῦ
2918 4767 3049 4820 Υἱοῦ
3074 4781 3092 4800 ⁸
3124 4770 3341 4836 Κύριος
3364 4765 3496 4822 εἷπε
3541 4771 3708 4836 πρός

2117 4874 2216 4926 με,
2243 4858 2377 4923 Υἱός
2391 4875 2511 4926 μου
2528 4854 2584 4912 εἷ
2603 4858 2706 4924 σὺ,
2724 4859 2838 4929 ἐγὼ
2851 4860 3120 4929 σήμερον
3135 4860 3464 4930 γεγέννηκά
3480 4876 3574 4924 σε,
3594 4863 3705 4931 τὴν

2125 4950 2383 5020 χρονικὴν
2412 4950 2579 5003 αὐτοῦ
2601 4950 2752 5020 δηλοῖ
2768 4953 3043 5021 γέννησιθ,
3063 4953 3162 5022 τὴν
3181 4954 3244 5005 ὲκ
3265 4952 3361 5021 τῆς
3392 4952 3704 5021 Παρθένου.

2124 5041 2163 5091 Γ
2166 5040 2435 5111 εγέννηκα
2464 5041 2593 5112 γὰρ,
2657 5043 2779 5094 ἀντὶ
2827 5043 2923 5095 τοῦ
2955 5045 3285 5115 γεννηθῆναι
3332 5044 3629 5112 εὐδόκησα,
3667 5044 3704 5113 ἢ

2123 5132 2337 5186 ἕκτισα.
2365 5134 2572 5203 Εἴρηκε
2617 5133 2674 5187 δὲ
2707 5134 3012 5204 συμφώνως
3048 5135 3223 5205 τούτῳ
3284 5136 3379 5188 καὶ
3436 5136 3706 5204 Σολομὼν

2120 5225 2403 5295 προσώπῳ
2429 5224 2523 5278 τοῦ
2555 5226 2697 5292 υἱοῦ,
2729 5229 2946 5296 Κύριος
2967 5228 3173 5282 ἕκτισέ
3196 5245 3295 5296 με,
3324 5228 3418 5281 καὶ
3443 5230 3512 5281 τὰ
3539 5228 3709 5297 ἑξῆς.

2123 5314 2256 5368 Εἶτα
2285 5319 2565 5386 ἐπήγαγεο
2591 5318 2713 5385 Πρὸ
2739 5317 2807 5370 δὲ
2832 5318 3073 5373 πάντων
3107 5319 3355 5384 βουνὼν
3387 5318 3568 5389 γεννᾷ
3598 5336 3706 5387 με.

2125 5406 2196 5458 Τὸ
2216 5407 2315 5474 μὲν
2334 5409 2441 5476 γὰρ
2462 5406 2669 5459 ἔκτισε
2694 5406 2792 5475 τῆς
2823 5409 2975 5460 κάτω
2999 5408 3092 5460 καὶ
3109 5408 3366 5477 χρονικῆς
3388 5408 3551 5460 αὐτοῦ
3577 5423 3712 5474 γενο

459 5512 702 5571 tcmpore
728 5504 1025 5557 humanum
1056 5502 1342 5571 signiﬁcat.
1381 5503 1450 5554 At
1499 5501 1627 5555 illud
1653 5510 1780 5553 ante
1832 5515 2006 5555 omne:

2127 5504 2359 5569 νήσεως,
2397 5500 2460 5551 τὸ
2499 5498 2556 5551 δὲ
2585 5498 2701 5567 πρὸ
2728 5497 2973 5553 πάντων
2993 5500 3245 5563 βουνὼν
3278 5496 3461 5567 γεννᾷ
3487 5516 3563 5567 με
3594 5499 3709 5569 τῆς

528 5685 543 5713 ί
567 5684 701 5738 Gen.
725 5701 880 5747 xviii,
917 5686 941 5737 1
978 5698 1099 5752 sqq.
1177 5687 1198 5717 ³
1234 5683 1370 5737 Gen.
1407 5699 1516 5749 xu,
1546 5682 1635 5735 24.

1743 5680 1764 5713 ³
1794 5678 1909 5735 lmo
1940 5681 2093 5735 Deut.
2131 5697 2206 5747 vr,
2231 5680 2284 5734 4.

452 5771 579 5811 ινιι.
612 5755 699 5807 47.
784 5757 801 5786 ⁷
828 5755 973 5809 Psal.
1019 5750 1180 5818 Si“,
1219 5755 1303 5806 lU.
1384 5754 1405 5783 ⁸
1436 5754 1537 5807 Isa.
1590 5770 1662 5819 vi,
1690 5753 1745 5808 ’5.
1824 5752 2006 5808 ’Psal.

2113 5766 2166 5817 Χ,
2213 5750 2267 5807 5.
2346 5751 2390 5783 ⁸⁸
2422 5751 2566 5809 Psal.
2597 5767 2663 5819 Il,
2722 5754 2791 5825 7.⁶

2391 5681 2413 5712 ⁵
2441 5680 2580 5736 Psal.
2606 5697 2692 5748 ιν,
2717 5681 2780 5737 11

2919 5685 2939 5715 ⁵
2960 5682 3104 5739 Psal.
3132 5701 3280 5754 χιιι,
3307 5685 3391 5739 14.
3504 5686 3525 5717 ⁸
3547 5682 3727 5745 Psal.'_

2854 5755 2896 5788 “
2928 5755 3088 5813 Prov.
3145 5772 3265 5815 νιιι.
3305 5757 3395 5810 Ξό.
