4120 6292
372 376 484 440 265

1300 377 1679 438 PANOI’LIA
1724 375 2187 438 DJGMATICA.
2238 406 2304 418 --
2354 380 2503 440 TIT.
2546 380 2689 440 Vill

3529 377 3635 442 $66

371 493 513 558 ἄνω,
542 493 907 566 καὶὰχρόνου,
923 498 1019 550 καὶ
1046 474 1394 567 προαιωνίου.
1420 498 1527 549 Καὶ
1549 498 1710 551 πάλιν
1726 498 1752 548 ὁ
1772 493 1957 556 Δασὶδ,

2075 496 2250 562 colles,
2291 498 2524 552 alterum
2552 497 2701 551 illum
2730 497 3006 551 cmlestem
3041 504 3095 548 et
3126 495 3243 549 s'ne
3280 505 3545 565 tempore,
3580 505 3638 551 et

380 582 468 648 Τῷ
485 585 655 654 Λόγῳ
671 588 893 654 Κυρίου
909 591 961 641 οἱ
982 589 1226 657 οὐρανοὶ
1249 587 1730 656 ἐστερεώθησαν,
1751 585 1849 640 καὶ
1872 586 1953 650 τῷ

373 679 682 747 Πνεύματι
714 679 820 733 τοῦ
859 682 1161 749 στόματος
1191 683 1381 736 αὑτοῦ
1419 682 1587 737 πᾶσα
1615 682 1654 747 ἡ
1698 680 1953 748 δύναμις

373 772 600 823 αὐτῶν
629 772 836 842 Κύριον
865 774 962 842 μὲν
986 774 1079 830 τὸν
1103 776 1322 846 Πατέρα
1353 775 1548 843 λέγων,
1581 774 1755 841 Λόγον
1778 772 1833 825 δὲ
1863 772 1954 824 τὶν

377 861 515 915 Υίδν
547 863 733 930 αὑτοῦ,
756 864 838 916 ὅτι
865 866 1012 929 ὅπως
1042 867 1155 937 ἔχει
1175 868 1310 939 πρὸς
1326 868 1416 921 τὸν
1450 869 1687 938 Πατέρα,
1722 866 1797 929 ὡς
1820 865 1955 935 πρὸς

378 956 512 1008 νοῦν
541 955 717 1024 λόγος.
743 957 805 1008 ού
842 961 1003 1027 μόνον
1031 959 1121 1013 διὰ
1147 960 1210 1014 τὸ
1232 959 1442 1021 ἀπαθὲς
1469 961 1567 1027 τῆς
1622 958 1953 1027 γεννήσεως,

378 1048 527 1101 ἀλλὰ
547 1048 723 1103 καὶτὸ
752 1052 1011 1120 συναφὲς,
1046 1052 1144 1105 καὶ
1177 1052 1237 1105 τὸ
1270 1052 1660 1121 ἐξαγγελτικόν
1684 1068 1701 1085 ’
1730 1052 1955 1119 Πνεῦμα
1980 1064 2005 1089 ι

378 1141 463 1204 δὲ,
501 1143 563 1194 τὸ
589 1141 811 1211 Πνεῦμα
846 1145 908 1196 τδ
942 1143 1118 1211 ἅγιον.
1146 1145 1256 1197 Καὶ
1300 1145 1466 1197 πάλιν
1534 1147 1666 1214 περὶ
1714 1144 1813 1212 μὲν
1866 1142 1956 1193 τοῦ

379 1235 563 1300 Λόγου
588 1235 682 1287 καὶ
703 1233 852 1298 Υίοῦ,
893 1235 1244 1314 Ἀπέστειλε
1268 1238 1375 1290 τὸν
1405 1238 1600 1306 Λόγον
1624 1235 1835 1298 αὑτοῦ,
1861 1234 1959 1286 καὶ

379 1324 599 1378 ίάσατο
615 1324 857 1390 αὐτοὺς,
877 1327 903 1376 ὀ
924 1326 1113 1396 Πατὴρ
1134 1327 1377 1397 δηλονότι
1397 1329 1487 1381 τὸν
1505 1327 1656 1392 Υίὸν,
1671 1324 1959 1386 νοσοῦντας

379 1417 443 1468 ἐν
464 1415 663 1485 eius“.
688 1416 823 1484 Περὶ
851 1416 908 1468 δὲ
934 1416 1030 1469 τοῦ
1055 1418 1213 1484 ἁγίου
1240 1418 1381 1471 Πνεύ
1391 1435 1579 1486 ματος,
1599 1416 1963 1479 Ἔξαποστε-

378 1507 516 1572 υἱεῖς
531 1508 594 1560 τὸ
611 1507 854 1575 Πνεῦμα
871 1522 990 1561 σου
1007 1510 1102 1562 καὶ
1122 1510 1575 1580 κτισθήσονται,
1590 1511 1639 1560 οἱ
1654 1508 1750 1576 τῆς
1769 1506 1962 1574 καινῆς

377 1594 586 1662 δηλαδὴ
619 1594 876 1660 κτίσεως,
899 1597 999 1650 καί
1023 1598 1393 1664 ἀνακοινιεῑς
1418 1599 1484 1652 τὸ
1502 1599 1828 1666 πρόσωπον
1853 1595 1962 1664 τῆς

380 1684 525 1753 τῆς,
550 1686 649 1754 τῆς
681 1687 1092 1758 παλαιωθείσης
1118 1692 1177 1743 ὲν
1204 1691 1521 1760 ἁμαρτίαις.
1551 1689 1688 1744 Οὔτε
1711 1691 1767 1743 δὲ
1792 1695 1960 1762 Λόγος

381 1777 729 1847 προφητικδς
763 1780 1155 1834 απυδ-τέλλεται
1182 1782 1271 1834 διὰ
1295 1782 1403 1836 τῶν
1444 1785 1769 1852 φροντιστικῶν
1791 1787 1955 1857 ὀργά-

384 1887 498 1923 νων
525 1871 606 1933 είς
632 1871 724 1923 τὸν
775 1872 915 1944 ἀέρα
966 1874 1250 1943 χεόμενος,
1307 1876 1402 1928 καὶ
1459 1877 1744 1946 λούμενος.
1793 1879 1955 1946 Λέγει

384 1963 500 2033 γὰρ
523 1963 590 2017 ἐν
622 1962 824 2027 ἄλλοιςο
859 1966 964 2030 Εἰς
985 1965 1093 2018 τὸν
1111 1964 1320 2029 ultima,
1346 1967 1545 2034 Κύριε,
1571 1971 1603 2022 ό
1634 1969 1826 2039 Λόγος
1844 1985 1961 2024 σου

381 2053 653 2121 διαμένει
678 2044 848 2125 ἐνῖῷ
870 2055 1128 2124 οὐρανῷ.
1162 2056 1301 2111 Οὔτε
1334 2057 1557 2129 Πνεῦμα
1598 2059 1668 2112 δι’
1698 2060 1963 2113 ἀναπνεῦ-

386 2149 595 2204 attatth
622 2151 824 2220 ὁμοίως
847 2152 1096 2221 ὀργάνων
1122 2152 1521 2222 ἐξωθούμενον,
1569 2154 1961 2224 καὶλυόμενον,

388 2243 488 2294 καὶ
515 2244 798 2312 χεόμενον.
838 2243 1026 2297 Ταῦτα
1059 2245 1168 2315 γὰρ
1222 2246 1514 2315 σωμάτων.
1568 2248 1807 2315 Φανερδν
1849 2246 1963 2309 οὖν,

390 2333 479 2384 ὅτι
502 2333 696 2399 Λόγος,
726 2333 824 2385 καὶ
851 2332 1100 2403 Πνεῦμα,
1135 2334 1507 2400 ἑνυπόστατα,
1550 2337 1646 2388 καὶ
1665 2336 1834 2400 ἀΐδια,
1872 2337 1967 2388 κςλύ⁸

388 2424 725 2495 ’δημιουργά.
761 2426 871 2479 Καὶ
896 2426 924 2477 ὁ
967 2422 1087 2478 Ἰὼϐ
1111 2427 1168 2480 δέ
1202 2442 1358 2496 φησι,
1390 2426 1477 2495 Ζῇ
1507 2428 1742 2496 Κύριος,
1765 2428 1969 2481 όοῦτω

388 2532 471 2583 με
500 2516 731 2583 κρίνας,
757 2517 854 2570 καί
887 2520 920 2571 ό
953 2517 1408 2587 παντοκράτωρ,
1445 2522 1477 2572 ὀ
1509 2520 1969 2587 παραπικράνας

388 2622 514 2673 μου
538 2606 656 2674 τὴν
682 2607 919 2676 ψυχὴν,
953 2609 1053 2661 καί
1088 2608 1329 2677 ﬁrmata
1366 2608 1531 2664 θεῖον
1558 2610 1625 2661 τὸ
1665 2609 1875 2677 περιὸν
1900 2609 1970 2662 ἐν

385 2698 525 2764 ρισί
546 2716 688 2768 μου.
710 2701 869 2753 Καὶὸ
888 2701 1161 2772 Ζαχαρίας
1183 2703 1245 2754 ἐκ
1262 2702 1561 2772 προσώπου
1592 2703 1689 2755 τοῦ
1715 2703 1849 2756 Θεοῦ
1878 2708 1971 2757 καὶ

391 2792 636 2860 Πατρδς,
656 2791 805 2861 Ἐγὼ
823 2794 952 2861 μεθ’
969 2792 1138 2861 ὑμῶν
1162 2797 1303 2859 ειμι,
1332 2795 1427 2848 καὶ
1454 2797 1487 2848 ό
1504 2798 1695 2864 Λόγος
1709 2814 1849 2863 μου,
1873 2796 1970 2849 καὶ

386 2882 460 2935 τὸ
485 2881 732 2950 Πνεῦμά
751 2899 890 2951 μου.
914 2883 1028 2936 Καὶ
1051 2884 1079 2936 ό
1106 2883 1354 2947 Ἠσαῒας.
1376 2885 1506 2938 Νῦν
1527 2886 1744 2953 Κύριος
1760 2885 1971 2950 ἐξαπέ-

386 2973 628 3026 σταλκέ
649 2988 750 3041 με,
784 2972 883 3028 καὶ
916 2973 985 3028 τὸ
1015 2976 1258 3044 Πνεῦμα
1282 2977 1491 3031 αὑτοῦ.

876 3228 1102 3282 Βίϐλον
1147 3230 1196 3281 Γ
1198 3226 1477 3293 ενέσεως.

466 3319 668 3389 Φησίν
682 3319 894 3375 Ἰακὼό
906 3320 1057 3388 πρὸς
1073 3322 1180 3386 τὰς
1200 3319 1310 3373 δύο
1325 3319 1620 3395 γυναῖκας
1632 3323 1842 3377 αὐτοῦ’
1862 3323 1971 3375 Καὶ

386 3410 531 3469 εἶπέ
539 3430 645 3482 μοι
663 3414 695 3467 d
715 3413 972 3482 ἄγγελος
995 3410 1106 3466 τοῦ
1128 3410 1278 3466 Θεοῦ
1297 3413 1428 3466 καθ’
1440 3412 1695 3479 ὕπνους,
1717 3411 1977 3482 Ἑώρακα

390 3508 521 3560 ὅσα
545 3521 648 3559 σοι
666 3505 874 3573 Λάϐᾳν
892 3503 1074 3571 ποιεῖ,
1106 3506 1202 3559 καὶ
1220 3504 1291 3557 τὰ
1314 3505 1463 3575 ἑξῆς.
1495 3501 1653 3571 Elea,
1702 3508 1845 3577 Ἐγώ
1858 3513 1976 3579 ειμι

390 3600 431 3655 ὁ
450 3598 619 3663 Θεὸς.
642 3599 675 3650 ό
705 3596 911 3665 ὀφθείς
931 3608 1033 3650 σοι
1063 3596 1133 3650 ἐν
1160 3599 1324 3661 τόπῳ
1349 3597 1522 3652 Θεοῦ.
1580 3598 1643 3651 Et
1685 3597 1779 3654 οὖν
1809 3604 1975 3670 ἄγγε-

389 3691 488 3752 ὶος
548 3688 736 3753 ἁπλῶς
796 3684 866 3758 ἦν
920 3683 1005 3752 εἷς
1055 3687 1166 3744 τῶν
1223 3689 1615 3762 λειτουργικῶν
1668 3692 1974 3764 δυνάμεων,

389 3782 521 3845 πῶς
546 3782 743 3836 ἑαυτὸν
766 3781 953 3835 ἐκάλει
1019 3781 1192 3849 Θεόν;
1227 3783 1260 3853 ἢ
1292 3784 1511 3848 πάντως
1539 3787 1568 3838 ὁ
1622 3786 1752 3849 Υἱὸς
1799 3783 1888 3859 ἦν,
1921 3790 1978 3852 ὃς

389 3876 551 3929 ἐστιν
597 3873 831 3942 ἄγγελος
854 3874 949 3928 τοῦ
974 3873 1111 3928 Θεοῦ
1151 3875 1246 3928 καὶ
1275 3876 1510 3945 Πατρὸς,
1541 3876 1617 3941 ὡς
1654 3877 1811 3946 λόγος
1841 3879 1932 3932 νοῦ
1962 3899 1976 3913 ·

391 3966 790 4036 ἐξαγγελτικδς
810 3969 920 4039 γὰρ
945 3966 974 4018 ὁ
993 3967 1147 4036 λόγος
1164 3968 1260 4020 τοῦ
1285 3967 1399 4031 νοῦ,
1420 3968 1499 4021 ἔτι
1515 3969 1594 4034 δὲ,
1625 3969 1721 4023 ml.
1741 3969 1818 4033 ὡς
1841 3970 1979 4040 μετὰ

390 4064 502 4132 τὴν
525 4060 683 4115 ὲνανθ
694 4061 940 4130 ρώπησιν
966 4059 1298 4128 ἀναγγείλας
1318 4060 1452 4129 ἡμῖν
1478 4060 1540 4112 τὸ
1571 4060 1670 4130 τῆς
1699 4061 1975 4131 πατρότη-

391 4170 491 4215 τος
506 4152 700 4221 ὄνομα.
716 4149 1100 4219 Ἐφανέρωσα
1117 4149 1250 4219 γὰρ,
1267 4151 1420 4218 φησὶ,
1436 4149 1503 4203 τὸ
1523 4150 1711 4219 ὄνομά
1729 4165 1845 4206 σου
1857 4152 1982 4219 τοῖς

391 4228 767 4309 ἀνθρώποις,
797 4241 893 4294 καὶ
913 4241 988 4303 ὡς
1006 4241 1106 4310 τῆς
1143 4240 1417 4310 μεγάλης
1431 4240 1677 4309 ,ϐουλῆς
1697 4240 1978 4312 ἄγγελος.

397 4333 568 4390 Οὕτω
598 4333 711 4405 γὰρ
736 4333 901 4395 αὐτὸν
922 4320 1368 4404 προσηγόρευσεν
1421 4334 1650 4397 Ἦσαῒας
1676 4351 1709 4373 '-
1730 4338 1979 4405 προσέτι,

399 4430 506 4483 καὶ
535 4425 890 4497 θαυμαστὸν
928 4426 1308 4494 σύμϐουλον,
1367 4428 1467 4481 καὶ
1519 4428 1671 4482 Θεὸν
1723 4429 1982 4498 ὶσχυρὸν

401 4518 831 4587 ἐξουσιαστὴν
860 4519 1245 4588 κατονομάσας
1292 4521 1476 4573 αὐτόν.
1525 4521 1621 4584 Τίς
1676 4497 1981 4590 γὰρΠΘεοῦ
2015 4497 2059 4551 D

406 4612 480 4666 σύ
489 4612 746 4682 μόουλος,
772 4613 822 4667 εί
855 4610 933 4683 μὴ
952 4613 982 4665 ὁ
1013 4612 1325 4683 ὀμοούσιος,
1352 4615 1448 4667 καὶ⁹
1468 4613 1865 4683 αὐτοδύναμος,
1888 4617 1983 4667 καὶ

403 4708 663 4776 ἰσότιμος
692 4707 823 4769 Υίὸς
848 4723 865 4772 ;
902 4706 1066 4777 βουλὴ
1089 4706 1146 4759 δὲ
1176 4706 1271 4759 τοῦ
1306 4707 1541 4778 Πατρὺς,
1575 4709 1608 4777 ἡ
1636 4707 1725 4760 διὰ
1751 4708 1859 4761 τῶν
1889 4710 1987 4762 ἀν-

403 4797 671 4868 θρώπων.
709 4798 776 4849 Ἦ
805 4797 970 4867 βουλὴ
1003 4799 1060 4850 δὲ
1094 4798 1188 4849 τοῦ
1215 4798 1454 4868 Πατρὸς,
1488 4800 1612 4851 ’καὶ
1669 4796 1766 4852 τοῦ
1828 4800 1979 4864 Υίοῦ,

403 4889 702 4952 αὐτοθελὲς
734 4892 1054 4943 αἰνίττεται.
1145 4890 1271 4942 Ὅτι
1316 4891 1374 4943 δὲ
1431 4892 1459 4943 ὁ
1506 4890 1632 4953 Υἱὸς
1667 4885 1824 4953 οὗτος
1887 4891 1982 4944 καὶ

400 4982 544 5044 Θεὸς
568 4981 980 5053 ὲνηνθρώπησε,
1013 4984 1178 5053 φησὶν
1238 4986 1266 5036 ὁ
1338 4982 1500 5044 αὐτός
1531 5000 1547 5014 ο
1573 4984 1703 5036 Ὀτι
1738 4983 1981 5037 παιδίον

404 5074 710 5145 ἐγεννήθη
737 5076 905 5153 ἡμῖν,
926 5078 1052 5143 Υἱὸς
1071 5080 1168 5130 καὶ
1200 5076 1379 5143 ἐδόθη
1405 5076 1569 5145 ἡμῖν.
1594 5077 1674 5131 Δι’
1697 5079 1841 5148 ἡμᾶς
1873 5080 1982 5148 γὰρ

409 5166 690 5237 ἐγεννήθη
724 5168 939 5221 παιδίον
978 5171 1005 5221 ὁ
1033 5168 1186 5234 Υἱὸς,
1217 5170 1313 5222 καὶ
1346 5168 1763 5239 συνανεστράφη
1827 5172 1980 5240 ἡμῖν.

408 5259 554 5327 Περὶ⁸
591 5260 699 5330 γὰρ
731 5262 824 5313 τοῦ
846 5261 1050 5330 κυρίως
1079 5260 1208 5313 Υἱοῦ
1242 5261 1415 5314 ταῦτα
1455 5265 1855 5332 προεφήτευσε,
1889 5265 1985 5317 κα)⁸

406 5352 475 5404 οὐ
500 5351 631 5421 περὶ
662 5351 849 5414 ἁπλῶς
879 5352 1016 5417 uici,
1047 5353 1141 5406 καὶ
1165 5352 1241 5415 ὡς
1293 5354 1599 5424 παράδ.ξον
1654 5355 1838 5424 ἔργον.
1920 5357 1985 5408 Τί

405 5443 468 5496 δὲ
486 5443 792 5511 παράδοξον
814 5444 1004 5507 ἁπλῶς
1027 5446 1143 5499 υἱὸν
1157 5446 1486 5515 γεννηθῆναι
1510 5447 1723 5500 παιδίον
1743 5467 1757 5515 ;
1787 5448 1868 5501 διὸ
1893 5452 1987 5502 καὶ

408 5535 483 5588 τὰ
507 5533 635 5603 ἑξῆς
664 5535 1029 5605 ἀριδηλότατα
1064 5537 1407 5608 προσέθηκεν
1456 5540 1536 5602 εἰς
1590 5538 1833 5610 ἔμφασιν
1885 5541 1987 5610 τῆς

2055 599 2183 644 ante
2218 590 2413 643 saacula
2449 590 2709 643 declarat.
2765 586 2895 641 Item
2938 586 3102 640 David
3142 605 3152 637 :
3200 585 3379 647 Verbo,
3432 587 3632 656 inquit,

2056 681 2269 735 Domini
2306 682 2423 735 crati
2451 681 2650 749 ﬁrmati
2678 664 2903 741 suntfet
2934 678 3141 749 Spiritu
3166 681 3274 734 oris
3307 681 3418 746 ejus
3463 682 3634 736 omnis

2056 774 2219 825 virtus
2264 787 2443 825 eorum
2471 772 2489 801 ¹
2520 787 2536 836 ;
2592 769 2878 825 Dominum
2913 770 3149 840 appellat
3187 770 3435 837 Patrem;
3501 772 3639 827 Ver-

2059 864 2187 917 bum
2218 873 2398 918 autem
2426 860 2623 918 Filium
2644 863 2837 932 ipsius,
2857 863 3117 932 quoniam
3140 862 3213 916 ita
3233 878 3290 917 se
3314 863 3481 917 habet
3509 880 3634 918 rum

2059 954 2238 1017 Patre,
2269 962 2330 1008 ut
2370 969 2492 1007 cum
2524 962 2709 1007 mente
2738 953 2965 1008 verbum
2997 962 3050 1007 et
3088 954 3286 1016 oratio,
3324 970 3431 1007 non
3455 957 3636 1009 solum

2058 1056 2278 1114 propter
2305 1054 2485 1099 ortum
2518 1042 2609 1115 qui
2654 1044 2774 1098 sine
2805 1044 2911 1098 ulla
2945 1044 3048 1099 fuit
3078 1044 3393 1112 aﬂ‘ectionc,
3441 1062 3633 1102 verum

2060 1142 2223 1195 etiam
2267 1150 2486 1210 propter
2536 1142 2978 1209 conjunctionem
3038 1156 3163 1196 cum
3201 1140 3383 1202 Patre,
3418 1153 3472 1196 et
3508 1149 3636 1212 quia

2061 1232 2392 1285 voluntatem
2421 1231 2542 1301 ejus
2570 1230 2837 1285 enuntiat.
2871 1229 3133 1299 Spiritum
3170 1245 3302 1285 vero
3338 1231 3636 1299 vocatSpi-

2063 1325 2224 1376 ritum
2250 1332 2519 1378 sanctum.
2556 1325 2686 1377 Item
2714 1324 2782 1378 de
2806 1320 2984 1378 Verbo
3034 1331 3087 1378 et
3118 1321 3255 1378 Filio
3291 1342 3305 1376 :
3334 1322 3475 1377 Misit
3510 1323 3641 1377 Ver-

2063 1415 2182 1467 bum
2221 1431 2398 1477 suum,
2432 1415 2625 1485 inquit,
2659 1425 2706 1469 et
2734 1415 2944 1469 sanavit
2979 1431 3068 1469 eos
3102 1417 3141 1469 ².
3189 1413 3346 1469 Pater
3373 1415 3640 1468 nimirum

2063 1506 2213 1560 misit
2238 1504 2455 1572 Filium,
2489 1516 2543 1561 et
2565 1507 2777 1562 sanavit
2803 1506 3120 1576 ignorantiae
3160 1507 3351 1560 morbo
3384 1505 3641 1560 laboran-

2065 1605 2167 1649 tes.
2198 1597 2266 1650 At
2308 1598 2375 1651 de
2401 1596 2608 1666 Spiritu
2631 1606 2819 1652 sancto
2851 1615 2864 1651 :
2901 1598 3096 1664 Mittes,
3148 1597 3346 1667 inquit,
3382 1598 3643 1666 Spiritum

2065 1700 2232 1752 tuum,
2271 1698 2320 1742 et
2365 1690 2679 1741 creabantur
2716 1730 2729 1753 ,
2814 1704 2952 1742 nova
3007 1689 3195 1758 utique
3241 1689 3560 1755 creatione;
3593 1700 3643 1743 et

2067 1780 2336 1833 renovabis
2361 1782 2547 1851 faciem
2570 1790 2721 1833 terra:
2752 1781 2794 1843 ³,
2825 1795 2944 1850 qua:
2972 1780 3260 1835 consenuit
3290 1781 3346 1834 in
3374 1781 3640 1851 peccatis.

2069 1870 2251 1939 Neque
2305 1884 2438 1924 vero
2504 1870 2785 1924 vocalibus
2862 1868 3241 1924 instrumentis
3297 1869 3643 1924 enuntiatum

2066 1961 2168 2013 hoc
2203 1959 2427 2013 verbum
2462 1960 2515 2013 in
2548 1974 2674 2013 aera
2708 1957 3030 2013 ditl‘unditur
3087 1968 3251 2029 atque
3305 1959 3643 2014 dissolvitur.

2068 2053 2159 2108 Sic
2184 2054 2330 2107 enim
2359 2053 2494 2108 dicit
2523 2070 2537 2106 :
2570 2051 2638 2107 In
2667 2054 2939 2118 sarculum,
2972 2053 3210 2117 Domine,
3246 2051 3466 2107 Verbum
3495 2062 3645 2107 tuum

2066 2154 2338 2212 permanet
2367 2145 2422 2198 in
2450 2144 2578 2199 caelo
2618 2145 2658 2198 ⁵.
2695 2145 2806 2200 Nec
2860 2145 3097 2214 Spiritus
3128 2145 3219 2198 ille
3268 2145 3514 2214 spirandi
3558 2146 3647 2200 in-
3718 2180 3721 2183 ν

2068 2234 2382 2289 strumentis
2420 2234 2728 2304 expellitur,
2760 2242 2855 2289 aut
2881 2236 3152 2305 spargitur
3187 2244 3244 2290 et
3289 2236 3588 2306 dissipatur
3620 2256 3636 2292 :

2071 2328 2187 2383 haec
2227 2328 2371 2382 enim
2401 2328 2724 2397 corporibus
2756 2328 3101 2398 contingunt.
3156 2329 3514 2399 Perspicuum
3542 2331 3644 2401 igi-

2070 2430 2147 2474 tur
2183 2429 2288 2486 est,
2315 2420 2549 2475 Verbum
2598 2428 2654 2474 et
2678 2419 2940 2489 Spiritum
2976 2421 3030 2473 in
3064 2435 3161 2474 sua
3212 2429 3502 2492 utrumque
3553 2440 3648 2475 ex-

2070 2512 2264 2567 sistere
2299 2526 2553 2582 persona,
2628 2521 2682 2567 et
2711 2526 2832 2567 esse
2888 2523 3179 2578 aeternum,
3211 2521 3266 2567 ct
3323 2525 3648 2569 creatorem.

2070 2600 2333 2655 Praeterea
2373 2598 2475 2655 Job
2499 2600 2632 2656 dicit
2664 2619 2677 2654 :
2727 2601 2858 2655 Vivit
2892 2601 3054 2665 Deus,
3082 2603 3172 2671 qui
3203 2603 3280 2656 ita
3322 2620 3404 2657 me
3434 2603 3648 2673 judica-

2071 2694 2166 2757 t'it,
2219 2694 2622 2760 etomnipotens
2672 2695 2761 2763 qui
2832 2710 3080 2747 amaram
3126 2693 3355 2747 reddidit
3415 2696 3651 2749 animum

2072 2804 2265 2851 meam,
2297 2795 2345 2838 et
2372 2785 2601 2855 Spiritus
2623 2785 2717 2839 Dei
2743 2787 2868 2839 mihi
2906 2786 2960 2839 in
2998 2788 3218 2839 naribus
3253 2787 3494 2840 circumit
3516 2787 3561 2839 ⁸.
3588 2787 3648 2842 Et

2073 2879 2364 2934 Zacharias
2413 2893 2481 2933 ex
2523 2893 2757 2948 persona
2806 2877 2897 2933 Dei
2930 2887 2987 2932 et
3048 2877 3225 2934 Patris
3274 2880 3427 2950 :Ego
3485 2880 3649 2934 vobis-

2075 2988 2214 3036 cum,
2244 2969 2443 3039 inquit,
2495 2987 2634 3035 sum,
2696 2980 2744 3023 et
2780 2969 3004 3025 Verbum
3058 2988 3256 3037 meum,
3316 2982 3363 3025 et
3421 2970 3651 3040 Spiritus

2077 3078 2238 3115 meus.
2284 3060 2352 3114 Et
2380 3060 2548 3113 Isaias
2582 3057 2798 3123 :Nunc,
2853 3059 3047 3128 inquit,
3094 3059 3346 3113 Dominus
3381 3062 3520 3113 misit
3550 3078 3651 3123 me,

2000 3164 2043 3220 υ
2077 3164 2123 3205 et
2149 3153 2379 3223 Spiritus
2409 3152 2525 3220 ejus
2546 3153 2585 3204 ⁸.

2538 3245 2621 3299 Ex
2657 3245 2842 3301 Genesi
2895 3245 2966 3316 [et
2998 3245 3185 3317 Isaia].

2152 3338 2297 3391 Dixit
2330 3335 2492 3390 Jacob
2536 3338 2607 3390 ad
2634 3337 2767 3390 duas
2800 3353 2989 3390 uxores
3029 3353 3154 3391 suas
3203 3354 3221 3392 :
3256 3337 3322 3392 Et
3358 3341 3492 3392 dixit
3529 3341 3653 3393 mihi

2079 3429 2296 3500 angelus
2327 3429 2420 3483 Dei
2448 3430 2502 3481 in
2545 3429 2742 3482 somnis
2776 3428 2796 3459 "
2831 3446 2844 3483 :
2887 3428 3007 3483 Vidi
3047 3446 3370 3501 quacunque
3410 3433 3533 3502 fecit
3567 3434 3653 3487 tibi

2080 3522 2288 3586 Laban,
2316 3529 2372 3576 et
2388 3536 2507 3590 qua:
2525 3529 2848 3589 sequuntur.
2876 3519 3082 3575 Deinde
3115 3536 3129 3572 :
3160 3519 3291 3591 Ego,
3318 3521 3511 3592 inquit,
3540 3538 3654 3576 sum

2082 3614 2243 3677 Deus,
2291 3614 2381 3683 qui
2427 3613 2660 3683 apparui
2715 3611 2809 3665 tibi
2859 3612 2915 3665 in
2970 3612 3082 3666 loco
3137 3611 3255 3667 Dei.
3315 3614 3372 3668 Si
3430 3616 3691 3686 angelus,

2080 3715 2197 3761 erat
2225 3720 2368 3760 unus
2421 3723 2452 3761 ε
2498 3720 2728 3760 nurnero
2786 3705 3217 3761 ministrantium
3296 3715 3654 3775 potestatum.

2081 3799 2352 3871 quomodo
2378 3814 2436 3853 se
2467 3799 2644 3870 ipsum
2676 3799 3135 3869 appellatDeum?
3159 3802 3240 3854 An
3272 3802 3460 3872 utique
3486 3801 3660 3857 Filius

2068 3898 2222 3955 ‘crat,
2279 3891 2373 3959 qui
2409 3888 2504 3943 Dei
2533 3898 2588 3943 et
2635 3889 2815 3942 Patris
2852 3900 2936 3944 est
2962 3891 3207 3962 angelus,
3245 3892 3350 3946 hoc
3390 3903 3474 3947 est
3517 3909 3659 3947 nun-

2084 3985 2213 4049 tius,
2281 3992 2342 4036 ut
2400 3981 2595 4035 mentis
2665 3981 2826 4035 index
2882 3990 2967 4036 est
3032 3985 3259 4037 verbum
3294 4024 3310 4048 ,
3355 3994 3412 4038 et
3480 4000 3662 4040 serum

2085 4074 2285 4127 mentis
2338 4082 2393 4127 et
2453 4072 2621 4126 animi
2672 4087 2893 4127 sensum
2920 4073 3124 4128 indicat
3152 4073 3175 4129 2
3202 4074 3333 4130 Post
3368 4076 3663 4131 humanam

2083 4166 2228 4218 enim
2280 4180 2499 4219 carnem
2559 4174 2897 4233 assumptam
2945 4165 3205 4221 nuntians
3264 4167 3424 4224 nobis
3487 4166 3665 4223 Patris
3728 4220 3737 4229 ,

2087 4274 2305 4322 nomen,
2346 4255 2629 4323 Nuntiavi,
2661 4258 3083 4328 inquit,’namen
3112 4270 3258 4314 tuum
3289 4261 3582 4315 hominibus
3619 4263 3661 4315 ⁸.

2088 4351 2154 4404 Et.
2185 4350 2363 4418 magni
2416 4349 2621 4403 consilii
2648 4349 2875 4420 Angelus
2909 4359 3132 4406 vocatur
3164 4352 3232 4407 ab
3258 4351 3414 4418 Isaia,
3462 4363 3517 4409 et
3548 4371 3664 4408 ma-

2087 4458 2217 4511 gnus
2250 4440 2614 4506 Consiliarius,
2673 4452 2721 4495 et
2765 4441 2902 4495 Deus
2941 4443 3116 4512 fortis,
3147 4453 3196 4499 et
3234 4454 3415 4514 potens
3441 4446 3484 4498 ’.
3530 4444 3667 4511 Quis

2092 4547 2254 4602 porro
2284 4532 2633 4587 consiliarius
2658 4532 2774 4596 Dei,
2808 4533 2912 4587 nisi
2942 4533 3032 4603 qui
3066 4535 3308 4604 ejusdem
3343 4523 3426 4590 est
3471 4550 3663 4589 essen-

2093 4624 2198 4687 tiae,
2231 4622 2583 4692 ejusdemque
2619 4621 2901 4692 potestatis
2932 4630 2988 4675 et
3019 4622 3294 4691 dignitatis
3339 4620 3561 4690 aequalis
3579 4620 3665 4674 Fl-

2090 4712 2248 4769 lius?
2296 4712 2598 4768 Consilium
2654 4714 3017 4783 voluntasque
3052 4713 3227 4770 Patris
3272 4722 3356 4769 est
3383 4715 3661 4771 hominum

2090 4801 2237 4855 salus
2268 4817 2362 4871 per
2388 4801 2697 4872 evangelica
2756 4803 3028 4858 mandata.
3066 4803 3239 4859 Patris
3287 4820 3415 4859 vero
3449 4814 3503 4860 et
3545 4806 3666 4861 Filii

2091 4895 2315 4950 consilio
2347 4896 2537 4950 eadem
2569 4897 2818 4951 voluntas
2876 4898 3228 4969 signiﬁcatur.
3273 4899 3428 4965 Quod
3482 4908 3663 4956 autem

2092 4987 2265 5041 Filius
2315 4988 2404 5041 hic
2452 4996 2507 5042 et
2561 4987 2702 5042 Deus
2765 5004 2985 5043 carnem
3040 4990 3334 5044 humanam
3392 4991 3657 5057 induerit,

2095 5080 2335 5134 ostendit
2366 5080 2507 5133 idem
2539 5080 2703 5134 Isaias
2737 5080 2947 5145 :J’uer,
2978 5080 3253 5150 inquiens,
3289 5093 3443 5137 natus
3461 5094 3534 5138 est
3569 5101 3666 5137 no-

2096 5173 2171 5225 bis
2223 5182 2270 5226 et
2316 5172 2455 5240 ﬁlius
2494 5173 2651 5226 datus
2700 5183 2775 5227 est
2811 5175 2957 5226 nobis
3000 5174 3060 5227 ιο.
3098 5176 3325 5246 Propter
3368 5190 3469 5230 nos
3518 5175 3662 5230 enim

2093 5274 2251 5319 natus
2282 5275 2365 5319 est
2391 5280 2526 5334 puer
2555 5266 2645 5320 ille
2669 5265 2859 5331 Filius,
2893 5277 2947 5322 et
2978 5268 3262 5324 nobiscum
3298 5278 3665 5325 versatusest.

2096 5358 2226 5412 Nam
2281 5359 2484 5424 deillu,
2550 5361 2640 5429 qui
2675 5376 2802 5415 vere
2836 5359 3005 5415 FiIIUS
3050 5370 3157 5429 est,
3198 5377 3307 5416 non
3367 5370 3549 5415 autem
3601 5362 3670 5417 de

2095 5452 2338 5523 quolibet
2366 5452 2476 5506 tilio
2507 5453 2623 5508 haec
2656 5455 2906 5524 pra-dixit
2951 5455 3237 5525 prepheta.
3288 5453 3354 5509 Et
3384 5469 3523 5524 opus
3570 5455 3671 5511 hoc

2100 5557 2158 5601 ut
2206 5546 2581 5601 admirandum
2628 5548 2908 5619 praedicat.
2955 5547 3095 5613 Quid
3161 5534 3344 5602 autem
3394 5548 3669 5603 admiran-

491 5727 509 5759 ⁸
543 5726 879 5800 Psahxxxn,
909 5726 961 5780 6.
1030 5727 1228 5800 _'_Psal.-
1257 5744 1366 5792 ενι,
1397 5732 1486 5786 ‘20.
1566 5733 1585 5763 ³
1618 5733 1742 5787 Psal
1772 5748 1887 5795 (:m,
1921 5734 2012 5790 50.
2090 5733 2111 5763 ‘
2146 5732 2285 5785 Psat.
2309 5747 2492 5794 cum,
2517 5732 2605 5786 89.
2685 5732 2849 5788 'Jub.
2886 5747 3056 5797 xxv”,
3084 5732 3139 5800 2,
3174 5734 3228 5788 5.
3309 5734 3456 5792 ‘Isa.
3483 5752 3669 5800 xum.

422 5799 512 5851 I6.
591 5797 609 5828 "
643 5796 783 5852 Gen.
842 5812 990 5861 xm,
1023 5798 1111 5851 Il.
1186 5804 1206 5834 ⁸
1233 5800 1396 5856 Joan.
1454 5819 1583 5869 ιιι-ιι,
1622 5804 1673 5857 6.
1752 5807 1772 5835 ⁹
1806 5803 1908 5858 Isa.
1938 5821 2010 5871 ix,
2047 5804 2099 5858 6.
2182 5806 2222 5835 ¹⁰
2262 5803 2363 5856 Isa.
2402 5818 2474 5867 ιχ,
2513 5804 2563 5856 6.
3047 5796 3051 5797 ί
3094 5796 3135 5818 ’⁷
3459 5812 3467 5820 ’

742 5891 987 5950 ΡΑΤιιοῐ.
1060 5895 1176 5953 Gn.
1217 5894 1466 5955 CXXX.

3320 5896 3353 5955 9
