4120 6292
505 368 610 429 £57

1735 366 2121 427 EUTIlYMlI
2162 369 2526 429 ZIGABENI

3648 366 3759 431 268

499 484 653 546 dum,
682 496 806 536 eum
845 480 937 549 qui
968 478 1291 548 simpliciter
1324 478 1464 534 (ilius
1497 479 1588 544 sil,
1627 494 1853 549 puerum
1884 481 2079 535 nasci?

2190 482 2348 534 αὐτοῦ
2416 483 2691 554 Θεότητος,
2755 482 2850 536 καὶ
2904 480 3194 552 διαστολὴν
3256 480 3358 550 τῆς
3405 480 3595 547 ἁπλῶς
3642 482 3758 535 υἱόν

497 576 861 646 Quamobrem
895 583 950 629 et
986 574 1214 628 clariora
1246 574 1501 643 deinceps
1535 573 1786 643 subjecit,
1828 582 1888 627 ut
1931 572 2074 625 divi-

499 672 726 723 nitatem
779 667 924 721 illius
989 681 1044 720 et
1076 665 1438 720 diﬂerentiam
1497 666 1639 719 inter
1697 674 1898 721 cumet
1946 663 2073 719 reli-

498 776 658 831 quos.
683 758 774 829 qui
811 756 1127 826 simpliciter
1169 755 1263 809 lilii
1298 764 1449 819 sunt,
1496 755 1783 811 indicaret.

800 849 1041 903 Ieremia:
1072 849 1198 918 [imo
1233 847 1443 901 Baruch
1474 861 1521 900 et
1555 846 1763 919 Isaia'].

577 946 674 997 llic
704 953 777 997 est
811 942 948 995 Deus
998 948 1170 993 noster
1199 956 1218 992 :
1248 951 1296 993 et
1362 955 1464 992 non
1530 940 1878 994 wstimabitur
1936 938 2077 992 alius

502 1039 747 1091 adversus
797 1050 915 1087 eum

502 1130 636 1180 visus
680 1134 777 1187 est,
834 1134 882 1175 et
931 1140 1048 1176 cum
1095 1122 1388 1176 hominibus
1448 1131 1781 1177 conversatus
1819 1133 1892 1173 est
1934 1123 1975 1173 ¹.
2014 1120 2079 1175 Et

500 1220 663 1271 Isaias
698 1234 712 1270 :
745 1216 898 1281 Ecce,
936 1215 1131 1284 inquit,
1164 1215 1299 1267 Deus
1327 1224 1519 1267 noster.
1547 1212 1670 1282 Ipse
1699 1214 1938 1279 veniet,et
1967 1212 2078 1266 sal-

500 1310 640 1363 vabit
677 1324 769 1360 nos
810 1308 853 1359 ’.
885 1305 1133 1360 Allerens
1164 1314 1344 1359 autem
1392 1307 1605 1374 signum
1658 1304 1923 1358 adventus
1957 1304 2076 1373 ejus

500 1404 554 1454 in
590 1417 752 1456 carne
784 1398 1064 1469 subiungit
1108 1415 1121 1450 :
1177 1397 1315 1451 Tunc
1368 1398 1672 1466 aperientur
1721 1396 1861 1449 oculi
1906 1411 2074 1448 εαυτο-

500 1508 640 1553 rum,
680 1500 726 1543 et
785 1506 938 1542 aures
972 1494 1250 1542 surdorum
1302 1489 1538 1541 audient.
1578 1488 1717 1540 Tunc
1773 1486 1947 1547 saliet,
2016 1494 2075 1539 ut

500 1599 703 1646 cervus,
740 1582 981 1645 claudus,
1012 1591 1059 1634 et
1092 1581 1288 1633 diserta
1319 1580 1415 1633 erit
1476 1579 1658 1650 lingua
1709 1578 1980 1632 bulborum
2002 1634 2005 1635 ν
2028 1578 2069 1631 ³.

502 1679 635 1737 Qua:
689 1672 907 1740 quidem
960 1670 1138 1723 omnia
1187 1686 1245 1723 re
1301 1671 1417 1739 ipsa
1478 1670 1713 1739 perfecta
1779 1673 2072 1725 humanam

504 1772 723 1811 carnem
754 1757 822 1810 ab
860 1757 949 1811 illo
990 1744 1328 1825 assumptam
1379 1757 1580 1811 indicio
1614 1760 1920 1813 certissimo
1991 1769 2075 1813 te-

975 1071 989 1083 .
1029 1032 1234 1086 Deinde
1264 1031 1454 1086 addit:
1500 1028 1626 1084 Post
1676 1031 1786 1085 haec
1824 1032 1876 1083 in
1924 1030 2078 1083 terris
2130 1080 2133 1083 .

2184 591 2367 642 τητος.

2823 835 3127 905 Ἰερεμίου.

2259 925 2445 994 Οὗτος
2471 932 2502 981 ό
2530 928 2676 992 Θεὸς
2720 927 2912 996 ἡμῶν,
2960 931 3032 981 οὐ
3070 925 3511 996 λογισθήσεται
3554 926 3759 993 ἓτερσς

2189 1024 2336 1089 πρὸς
2355 1022 2559 1074 αὐτόν.
2580 1015 2711 1071 Εἶτα
2726 1020 2996 1088 ἐπήγαγε,
3014 1018 3176 1071 Μετὰ
3200 1018 3384 1070 ταῦτα
3406 1018 3502 1069 ἐπὶ
3524 1015 3635 1083 τῆς
3653 1018 3762 1085 γῇς

2186 1112 2374 1181 ὤφθη,
2401 1112 2497 1165 καὶ
2527 1111 2650 1174 τοῖς
2668 1110 3000 1178 ἀνθρώποις
3015 1110 3508 1178 συνανεστράςοη.
3533 1111 3639 1160 Καὶ
3659 1111 3765 1160 πά-

2188 1212 2270 1256 λιν
2303 1208 2360 1257 ἐν
2386 1205 2559 1273 ἑτέρῳ
2589 1204 2753 1273 λόγῳ·
2802 1202 2959 1257 ἰδοὺ
2986 1205 3019 1255 ὀ
3047 1202 3193 1266 Θεὸς
3221 1202 3391 1270 ἡμῶν
3412 1203 3595 1265 αὐτὸς
3628 1200 3763 1266 ἡξει

2185 1296 2285 1350 καὶ
2317 1295 2503 1349 σώσει
2530 1293 2711 1363 ἡμᾶς.
2734 1295 2931 1357 Διδοῦς
2969 1294 3026 1347 δὲ
3050 1296 3144 1347 καὶ
3168 1297 3395 1363 σημεῖον
3434 1297 3533 1363 τῆς
3563 1289 3763 1358 ὲνᾶἀρ-

2195 1406 2293 1442 κου
2314 1387 2619 1459 παρουσίας
2641 1387 2805 1439 αὐτοῦ
2825 1386 3155 1456 προσέθηκε,
3193 1389 3331 1441 Τότε
3352 1384 3762 1454 ἀνοιχθήσιν-

2185 1499 2277 1535 ται
2299 1480 2592 1549 ὀφθαλμοὶ
2626 1478 2895 1547 τυφλῶν,
2915 1477 3014 1530 καὶ
3042 1473 3163 1532 ὦτα
3193 1475 3408 1546 κωφῶν
3446 1477 3759 1529 ἀκούσονο

2189 1592 2299 1629 ται.
2334 1577 2472 1628 Τότε
2489 1571 2720 1626 ἀλεῖται
2745 1571 2826 1636 ὠς
2862 1570 3091 1638 ἔλαφος
3118 1572 3150 1622 ό
3174 1570 3399 1638 χωλὸς,
3429 1568 3529 1621 καὶ
3568 1567 3760 1634 τρανῆ

2185 1667 2356 1720 ἕσται
2389 1663 2641 1733 γλῶσσα
2669 1662 3025 1731 μογιλάλουο
3068 1662 3213 1730 ἅπερ
3246 1662 3462 1714 ἅπαντα
3493 1660 3762 1726 γεγονότα

2188 1756 2491 1827 μαρτύριον
2512 1754 2741 1823 ἀψευδὲς
2765 1754 2865 1823 τῆς
2883 1755 3043 1806 ὲνανθ
3056 1754 3210 1823 ρωπή
3222 1769 3357 1814 σεως
3375 1751 3561 1804 αὑτοῦ.
3578 1752 3640 1803 '0
3665 1752 3765 1803 αὑ·-

504 1858 735 1902 stantur.
782 1846 1039 1917 Idemque
1084 1863 1275 1902 rursus
1326 1848 1402 1901 ait
1455 1866 1467 1900 :
1514 1847 1633 1901 Non
1687 1848 1915 1917 legatus,
1975 1867 2075 1903 non

2190 1855 2271 1915 τὸς
2306 1853 2361 1906 δὲ
2391 1854 2484 1905 καὶ
2506 1848 2663 1912 αὖθις
2688 1852 2928 1920 εῐρηκεν·
2960 1850 3041 1902 Οὐ
3062 1847 3332 1916 πρέσὸις,
3350 1849 3463 1900 οὐκ
3483 1846 3760 1916 ἅγγελος,

504 1941 741 2011 angelus,
790 1944 880 1993 sed
932 1940 1041 2009 ipse
1084 1939 1340 1993 Dominus
1396 1942 1623 1993 servavit
1672 1958 1780 1994 eos.
1851 1941 2079 2012 Legatus

2190 1945 2323 1999 ἀλλ’
2353 1946 2534 2009 αὐτὸς
2562 1946 2593 1996 d
2613 1944 2827 2011 Κύριος
2858 1943 3095 1995 ἕσωσεν
3112 1940 3357 2004 αὐτούς.
3394 1939 3628 2007 Πρέσῦιέ
3654 1937 3765 2004 γὰρ

506 2035 648 2088 enim
681 2032 1150 2097 est.iutcrcessor,
1194 2031 1365 2100 qualis
1400 2031 1500 2083 fuit
1534 2031 1759 2101 Moyses,
1795 2042 1850 2086 et
1879 2033 1921 2088 si
1962 2034 2079 2103 quis

2190 2040 2212 2090 ὁ
2238 2037 2488 2107 μεσίτης,
2518 2029 2628 2096 οἷος
2660 2030 2727 2105 ἦν
2751 2036 2778 2086 ὁ
2800 2035 3063 2102 Μωῦσῆς,
3094 2033 3188 2084 καὶ
3210 2032 3261 2081 εἴ
3278 2048 3361 2092 τις
3386 2027 3507 2082 κατ’
3529 2030 3763 2080 ἐκεῖνον·

503 2126 641 2179 alius
677 2136 799 2194 post
822 2123 1082 2195 Moysem.
1114 2124 1192 2177 Ac
1245 2138 1342 2191 per
1399 2121 1601 2191 legatos
1651 2123 1869 2191 quidem
1923 2136 2084 2194 atque

504 2218 725 2286 angelos
770 2217 925 2271 multi
965 2230 1346 2286 smpenumero
1397 2214 1604 2271 servati
1672 2227 1823 2283 sunt,
1865 2228 1925 2271 ut
1984 2217 2081 2281 illi,

502 2326 641 2378 quos
678 2311 759 2364 vel
792 2309 998 2380 Moyses
1031 2310 1114 2363 vel
1144 2309 1302 2365 Jcsus
1344 2311 1491 2366 Nave
1524 2312 1685 2376 illius,
1719 2320 1774 2365 et
1814 2311 1901 2363 alii
1946 2310 2086 2378 ejus~

507 2400 653 2455 modi
717 2410 972 2454 rexerunt
1023 2410 1078 2454 et
1128 2401 1522 2472 gubernarunt.
1593 2403 1658 2456 Et
1709 2401 1803 2471 qui
1864 2400 2086 2455 fuerunt

510 2494 613 2548 sub
648 2494 898 2556 Ezechia,
971 2509 1079 2563 quo
1134 2494 1351 2562 quidem
1409 2504 1649 2565 tempore
1680 2495 1906 2564 angelus
1966 2509 2076 2548 una

504 2595 664 2641 nocte
691 2596 908 2639 centum
939 2586 1212 2655 octoginta
1250 2586 1490 2656 quinque
1524 2586 1690 2638 millia
1727 2585 2082 2655 Assyriorum

504 2678 723 2731 delevit.
779 2675 901 2729 llaec
951 2674 1195 2744 proiecto
1259 2674 1352 2729 Dei
1410 2674 1901 2746 peregrinationem
1961 2674 2083 2728 cla-

507 2767 725 2821 rissime
757 2766 1117 2835 patefaciunt.

1203 2854 1384 2911 Isaiw.

580 2951 734 3003 Dabit
786 2948 1033 3002 Dominus
1086 2950 1196 3017 ipse
1254 2950 1393 3002 vobis
1439 2949 1695 3019 signum:
1738 2946 1872 3002 Ecce
1938 2952 2085 3019 virgo

509 3042 779 3108 concipiet,
811 3051 857 3093 et
884 3042 1053 3107 pariet
1084 3041 1251 3109 ﬁlium
1286 3041 1323 3094 ⁸.
1364 3040 1555 3096 Omnis
1606 3042 1773 3105 enim,
1822 3059 1942 3112 quae
2004 3042 2086 3098 fe-

2187 2130 2283 2183 καί
2320 2146 2401 2181 τοι
2429 2128 2525 2181 καὶ
2557 2128 2645 2180 διὰ
2704 2127 2954 2195 μεσίτου,
3017 2127 3112 2177 καὶ
3180 2122 3248 2176 δι’
3300 2121 3535 2189 ἀγγέλου
3569 2120 3764 2172 πολλοὶ

2188 2221 2447 2283 πολλάκις
2476 2221 2783 2289 ἐσώθησαν,
2808 2218 2885 2281 ὠς
2923 2219 2971 2270 οἱ
2997 2218 3084 2270 διὰ
3107 2217 3353 2279 Μωσέως
3396 2211 3760 2283 δημαγωγού-

2191 2333 2362 2386 μενοι,
2395 2319 2487 2367 και
2543 2314 2631 2366 διὰ
2669 2311 2843 2382 Ἰησοῦ
2873 2311 2965 2364 τοῦ
2991 2311 3169 2379 Ναυῆ,
3206 2312 3303 2361 καὶ
3338 2308 3447 2360 τῶν
3476 2305 3761 2360 τοιούτων.

2186 2408 2295 2459 Καὶ
2328 2404 2505 2468 αὖθις,
2536 2403 2587 2455 οἱ
2618 2404 2749 2473 περὶ
2776 2402 2868 2455 τὸν
2910 2400 3180 2464 Ἐζεκίαν,
3238 2399 3325 2467 ἐφ’
3361 2395 3422 2453 οὗ
3478 2400 3577 2463 τὰς
3640 2415 3762 2469 ρπεο

2187 2497 2433 2567 χιλιάδας
2468 2496 2577 2547 τῶν
2624 2494 2922 2565 Ἀσσυρίων
2954 2495 2982 2546 ὁ
3014 2492 3240 2560 ἄγγελος
3263 2490 3436 2544 ἀνεῖλε
3461 2493 3561 2561 μ;ᾷ
3582 2490 3760 2543 νυκτί.

2188 2589 2462 2659 Πρόδηλον
2495 2583 2610 2650 οὖν,
2642 2587 2726 2640 ὅτι
2759 2586 3002 2654 φανερὰν
3042 2583 3340 2654 ἐπιδημίαν
3376 2582 3514 2635 Θεοῦ
3546 2582 3617 2634 τὰ
3654 2582 3760 2651 ῥή-

2189 2696 2335 2748 ματα
2373 2676 2663 2748 μηνύουσι.

2817 2856 3087 2912 Ἡσαΐου.

2266 2948 2453 3003 Δώσει
2476 2951 2694 3017 Κύριος
2709 2948 2890 3014 αὐτὸς
2908 2948 3050 3017 ἡμῖν
3070 2947 3346 3016 σημεῖον.
3377 2946 3535 3003 Ἰδοὺ
3554 2947 3595 3015 ἠ
3612 2950 3764 3016 Παρ-

2191 3042 2363 3109 θένος
2382 3043 2451 3096 ἐν
2472 3043 2683 3111 γαστρὶ
2705 3042 2850 3107 ἕξει,
2884 3042 2982 3095 καὶ
3019 3040 3249 3105 τέξεται
3271 3042 3430 3095 υἱόν.
3466 3042 3631 3092 Πᾶσα
3661 3041 3758 3110 μὲν

510 3149 621 3186 tum
687 3133 741 3185 in
800 3143 955 3187 utero
990 3135 1145 3201 gerit,
1193 3149 1301 3186 non
1358 3144 1440 3189 est
1490 3134 1662 3204 virgo.
1715 3134 1842 3191 llmc
1902 3147 2079 3209 autem

2197 3135 2254 3186 ὲν
2280 3134 2477 3202 γαστρὶ
2498 3131 2716 3202 ἔχουσα,
2743 3132 2841 3183 οὐκ
2873 3131 2989 3184 ἔστι
3040 3129 3329 3201 παρθένος.
3369 3128 3519 3199 Αὕτη
3574 3129 3633 3181 δὲ
3700 3133 3759 3181 ἐν

505 3224 672 3278 fatum
706 3224 757 3277 in
798 3234 950 3278 utero
982 3239 1174 3294 gerens
1214 3225 1316 3277 erit
1375 3224 1543 3293 virgo.
1576 3225 1727 3290 Quod
1762 3226 1980 3295 quidem
2016 3236 2076 3281 ut

506 3315 826 3369 admirabile
852 3317 1228 3369 testimonium
1252 3326 1414 3385 atque
1436 3317 1696 3371 indicium
1730 3320 2073 3389 proponitur.

1116 3407 1386 3473 Ejusdem.

578 3504 868 3568 Antequam
897 3498 1027 3551 sciat
1075 3515 1203 3567 puer
1255 3498 1467 3562 bonum,
1499 3509 1591 3553 aut
1628 3516 1851 3565 mantnt,
1901 3517 2069 3569 repro«

513 3591 600 3644 but
627 3590 886 3642 malitiam
937 3601 991 3641 ut
1024 3590 1181 3657 eligat
1216 3591 1403 3644 bonum
1425 3592 1465 3642 ⁸.
1503 3591 1729 3645 Cuinam
1769 3608 1938 3661 puero
1970 3594 2083 3647 haec

511 3686 657 3737 dit-cs
686 3681 1017 3735 convenire?
1053 3682 1209 3736 Solus
1239 3683 1489 3737 Christus
1530 3693 1812 3753 peccatum
1861 3686 2080 3754 (inquit)

514 3792 618 3829 non
652 3774 803 3842 fecit,
828 3792 928 3829 nec
960 3776 1213 3829 inventus
1247 3784 1331 3829 est
1352 3775 1510 3830 dolus
1542 3776 1714 3830 inore
1736 3777 1876 3846 ejus,
1902 3777 1954 3831 id
1977 3787 2081 3839 est,

513 3883 790 3937 nequere,
836 3882 1011 3937 neque
1056 3867 1240 3920 verbis
1286 3869 1557 3937 peccavit.
1605 3869 1849 3924 Aliorum
1903 3879 2081 3924 autem

509 3962 751 4016 omnium
779 3960 959 4014 nullus
987 3959 1207 4030 (inquit)
1238 3976 1406 4031 purus
1433 3977 1462 4014 a
1495 3961 1729 4016 macula.

1188 4139 1235 4192 Μ
1247 4142 1418 4193 ichew.

585 4235 650 4286 Et
694 4243 770 4297 tu,
805 4233 1067 4285 Bethleem
1096 4243 1234 4285 terra
1271 4233 1431 4296 Iuda,
1482 4250 1809 4301 nequaquam
1866 4234 2083 4285 minima

512 4342 563 4378 es
605 4325 657 4376 in
690 4324 1008 4390 principibus
1040 4323 1199 4375 Juda.
1228 4322 1307 4374 Ex
1338 4332 1386 4374 te
1415 4323 1552 4374 enim
1588 4324 1711 4375 milii
1762 4324 1920 4375 exibit
1954 4324 2081 4387 dux,

515 4414 601 4481 qui
632 4422 774 4480 regat
801 4411 1048 4480 populum
1078 4427 1243 4465 meum
1274 4409 1525 4465 Israelem
1592 4451 1605 4464 .
1641 4411 1838 4465 Verum
1879 4420 1935 4465 ut
1982 4430 2070 4467 os-

2188 3224 2387 3292 γαστρὶ
2423 3224 2644 3293 ἔχουσα,
2683 3222 2953 3291 παρθένος
2986 3218 3075 3293 ἦν.
3101 3225 3191 3276 Διὸ
3218 3223 3313 3276 καὶ
3374 3222 3447 3286 ὡς
3506 3221 3748 3289 παράδο-

2190 3316 2279 3379 ξον
2320 3318 2401 3379 εἰς
2432 3320 2660 3386 σημεῖον
2684 3315 2917 3369 δέδοται.

2824 3407 2933 3460 Τοῦ
2970 3405 3185 3463 αὑτοῦ.

2262 3497 2407 3566 Πρὶν
2424 3496 2462 3566 ἣ
2487 3494 2706 3566 γνῶναι
2724 3497 2789 3551 τὸ
2805 3496 3047 3551 παιδίον
3061 3498 3289 3568 ἀγαθὸν
3306 3498 3345 3567 ἢ
3364 3500 3577 3564 κακὸν,
3594 3501 3760 3554 ἀπει-

2198 3590 2291 3645 θεῖ
2310 3594 2567 3658 πονηρίᾳ
2597 3586 2703 3643 τοῦ
2730 3589 3096 3653 ἐκλέξασθαι
3124 3590 3190 3643 τὸ
3216 3590 3464 3658 ἀγαθόν.
3519 3592 3668 3661 Ποίῳ
3702 3592 3760 3645 δὲ

2196 3681 2349 3734 παιδὶ
2388 3681 2562 3734 ταῦτα
2588 3682 2998 3749 προσαρμόσεις
3032 3682 3252 3748 ;Μόνο;
3276 3685 3383 3752 γὰρ
3443 3686 3471 3736 δ
3520 3683 3760 3752 Χριστὸς

2192 3772 2492 3840 ἁμαρτίαν,
2526 3774 2716 3839 φησιν,
2744 3773 2843 3824 οὐκ
2871 3773 3149 3841 ἐποίησεν,
3215 3773 3339 3825 οὐδὲ
3385 3774 3585 3843 εὑρέθη
3607 3774 3759 3834 δόλος

2192 3862 2249 3910 ὲν
2286 3860 2364 3928 τῷ
2405 3862 2638 3928 στόματι
2680 3860 2865 3925 αὑτοῦ,
2913 3861 3191 3914 τουτέστιν
3224 3860 3350 3915 οὔτε
3414 3863 3579 3933 λόγῳ,
3633 3864 3758 3917 οὔτε

2192 3950 2339 4020 ἔργῳ
2370 3950 2681 4020 ἡμάρτηκε.
2714 3948 2835 4004 Τῶν
2857 3950 3034 4005 ἄλλων
3055 3952 3111 4005 δὲ
3137 3952 3351 4006 πάντων
3374 3952 3570 4019 οὐδεὶς,
3601 3956 3759 4023 φησι,

2195 4041 2430 4110 καθαρὸς
2460 4043 2489 4095 ἀ
2502 4041 2569 4094 πὸ
2600 4040 2796 4111 ῥύπου.

2863 4136 3141 4203 Μιχαίου.

2263 4224 2373 4275 Καὶ
2401 4224 2793 4294 σὺ,Βηθλεὲμ
2815 4225 2889 4294 γῆ
2923 4226 3142 4293 Ἰούδα,
3169 4227 3445 4296 οὐδαμῶς
3462 4228 3760 4298 ἐλαχίστη

2192 4312 2328 4369 εἶὲν
2351 4317 2475 4383 τοῖς
2518 4318 2815 4387 ἡγεμόσιν
2851 4319 3057 4374 Ἰούδα.
3091 4320 3190 4374 Ἐκ
3215 4321 3332 4374 σοῦ
3377 4322 3489 4391 γάρ
3512 4339 3615 4391 μοι
3630 4324 3763 4387 ἐξε-

2191 4408 2473 4461 λεύσεται
2495 4410 2846 4478 ἡγούμενος,
2865 4410 3034 4477 ὅστις
3057 4412 3336 4475 ποιμανεῖ
3352 4415 3456 4466 τὸν
3475 4415 3628 4467 λαόν
3643 4431 3761 4482 μου

516 4504 763 4558 tenderet
788 4504 930 4556 hunc
964 4519 1069 4556 non
1098 4518 1219 4557 esse
1253 4503 1526 4556 hominem
1562 4505 1765 4557 nudum
1803 4515 1856 4557 et
1884 4507 2079 4570 solum,

2190 4500 2293 4548 τζν
2324 4497 2588 4564 Ἰσραήλ.
2629 4499 2745 4552 Ἴνα
2777 4501 2833 4552 δὲ
2858 4500 3066 4570 διδάξῃ,
3092 4502 3285 4555 ὅτιούκ
3308 4502 3453 4554 ἐστιν
3475 4503 3762 4573 ἄνθρωπος

513 4596 607 4649 sed
642 4610 763 4648 cum
798 4594 906 4647 Deo
942 4596 1315 4663 conjunctum,
1340 4594 1537 4664 adjecit
1569 4612 1581 4648 :
1620 4596 1808 4649 Exitus
1863 4597 1977 4665 ejus
2021 4597 2088 4650 ab

512 4688 685 4751 initio,
722 4704 753 4739 a
806 4687 986 4740 diebus
1016 4686 1198 4740 sa'culi
1230 4689 1269 4739 “.
1301 4687 1575 4751 Actiones,
1629 4686 1824 4751 inquit,
1854 4688 1972 4754 ejus
2020 4688 2083 4740 ad

514 4778 850 4833 divinitatem
902 4766 1258 4848 pertinentes,
1312 4777 1391 4831 vel
1426 4787 1578 4830 ortus
1616 4777 1753 4845 ejus,
1805 4777 1870 4830 ab
1911 4778 2085 4841 initio,

514 4886 576 4925 ex
611 4872 792 4925 saeculi
839 4873 1145 4933 intervallo,
1186 4872 1285 4923 hoc
1315 4878 1417 4925 est.
1462 4870 1529 4921 ab
1580 4872 1727 4921 omni
1758 4870 2081 4923 :ctcrnitate.

517 4963 817 5017 Zorobabel
854 4972 1033 5017 autem
1070 4962 1336 5031 Babylone
1387 4971 1547 5014 natus
1590 4972 1693 5016 est.
1722 4960 1881 5014 Vides
1907 4961 2091 5030 exqui-

516 5057 772 5109 sitissime
794 5056 1115 5109 subductam
1153 5059 1415 5108 rationein
1449 5055 1516 5109 ad
1553 5055 1728 5109 locum
1767 5056 1967 5123 usque,
2036 5055 2089 5107 in

521 5160 628 5214 quo
661 5155 816 5197 nutus
848 5153 929 5196 est
959 5142 1229 5197 Christus.

1220 5319 1427 5376 Daniel.

591 5413 828 5464 Videbam
873 5411 926 5462 in
957 5411 1154 5463 visione
1208 5414 1392 5473 noctis,
1447 5424 1492 5466 et
1527 5431 1640 5467 ecce
1699 5432 1813 5467 cum
1867 5414 2085 5467 trabibus

514 5504 626 5555 εωιὶ
661 5503 811 5570 quasi
840 5502 983 5570 ﬁlius
1014 5503 1241 5555 hominis
1274 5504 1526 5567 veniebat,
1579 5515 1625 5558 et
1690 5508 1757 5557 ad
1796 5506 2081 5574 Antiquam

517 5594 716 5645 aierum
760 5594 1000 5658 accessit,
1058 5604 1105 5646 et
1162 5594 1231 5645 ad
1296 5593 1407 5661 ejus
1461 5608 1782 5664 conspectum
1832 5601 2085 5649 adductus

590 5777 605 5807 ¹
640 5778 756 5829 Bar.
802 5790 882 5836 Ill,
918 5776 971 5837 6,
1019 5778 1105 5832 58.
1185 5782 1203 5810 ¹
1236 5780 1337 5833 lsa.
1375 5796 1534 5842 xxxv,
1568 5782 1615 5833 l.
1701 5783 1716 5808 ³
1749 5782 1876 5834 illd.
1912 5782 1963 5845 5,
2005 5783 2033 5833 (ἱ

2191 4589 2347 4655 ψιλὸς
2373 4607 2549 4653 οοτος,
2620 4590 2736 4643 ἀλλ’
2777 4593 3052 4661 ἡνωμένος
3101 4593 3241 4661 Θεῷ,
3300 4593 3666 4664 προσέθηκεν,
3698 4597 3763 4648 Al

2196 4680 2397 4743 ἔξοδοι
2424 4681 2614 4735 αὑτοῦ
2645 4682 2746 4736 ἀπ’
2767 4683 2953 4751 ἀρχῆς
2989 4684 3089 4753 ἀφ’
3116 4683 3353 4752 ἡμερῶν
3398 4683 3615 4750 αἰῶνος
3646 4703 3658 4717 ·
3706 4688 3762 4738 al

2195 4773 2336 4824 κατὰ
2366 4773 2464 4844 τὴν
2485 4774 2738 4842 Οεότητα,
2778 4779 2963 4845 φησιν,
2991 4776 3266 4844 ἐνέργειαι
3300 4776 3491 4840 αὑτοῦ,
3520 4776 3552 4845 ἢ
3577 4778 3609 4845 ἡ
3635 4777 3762 4844 γέν-

2195 4882 2347 4932 νησις
2378 4866 2542 4919 αὑτοῦ
2574 4868 2671 4920 ἀπ’
2711 4868 2883 4938 ἀρχῆς
2942 4870 3004 4920 ὲκ
3063 4869 3452 4939 διαστημάτων
3540 4870 3760 4932 αἰῶνος,

2198 4959 2363 5024 ἤγουν
2398 4958 2631 5017 αἰώνιοι.
2670 4961 2727 5012 Ὀ
2745 4961 2802 5011 δὲ
2829 4960 3138 5029 Ζοροϐάϐελ
3165 4964 3222 5012 ὲν
3250 4961 3532 5014 Βαόυὶῶνι
3572 4962 3761 5028 γεγέν-

2197 5066 2378 5115 νηται.
2426 5049 2588 5119 Ὁρᾷς
2621 5048 3007 5118 ἀκριϐολογίαν
3031 5051 3194 5119 μέχρι
3222 5051 3315 5102 καὶ
3369 5049 3462 5102 τοῦ
3488 5050 3680 5115 τόπου,
3700 5041 3761 5101 οὗ

2195 5143 2223 5191 ὁ
2248 5137 2479 5208 Χριστὸς
2538 5140 2860 5209 γεγέννηται
2888 5156 2902 5205 ;

2849 5323 3090 5389 Δανιήλ.

2279 5413 2601 5480 Ἐθεώίουν
2617 5415 2685 5467 ἐν
2704 5414 2947 5483 ὁράματι
2970 5415 3068 5483 τῆς
3094 5418 3339 5483 νυκτὸς,
3355 5418 3454 5471 καὶ
3476 5417 3605 5471 ἰδοὺ
3613 5418 3765 5486 μετὰ

2194 5505 2311 5557 τῶν
2342 5505 2613 5573 νεφελῶν
2655 5507 2760 5560 τοῦ
2797 5509 3078 5576 πιθανοῦ,
3107 5510 3249 5563 ὡσεὶ
3285 5512 3415 5576 υἱὸς·
3447 5513 3764 5578 ἀνθρώπου

2196 5603 2519 5669 ἑίχίτμενος
2545 5598 2641 5670 ἦν.
2673 5604 2779 5659 Καὶ
2810 5604 2918 5669 ἓως
2952 5605 3054 5658 τοῦ
3087 5607 3356 5661 "calator?
3386 5608 3503 5661 τῶν
3527 5608 3663 5677 iure;
3681 5609 3765 5662 ὠν

2171 5790 2187 5812 ⁸
2222 5782 2319 5835 Ιδτι.
2364 5801 2458 5848 \‘l',
2496 5786 2574 5840 li.
2655 5789 2671 5819 '
2728 5788 2859 5843 ibid.
2903 5790 2981 5845 Ιῖὶ,
3066 5792 3084 5822 ⁸
3114 5793 3274 5855 Miclt.
3320 5813 3366 5854 v.
3425 5796 3478 5850 2.
