4120 6292
305 430 416 494 26‘.)

1239 438 1611 497 PANOPLIA
1659 441 2119 503 DOGMA'J‘ICA.
2158 468 2223 477 -
2264 443 2414 503 Tl'l‘.
2460 444 2629 504 VIII.

3479 446 3586 510 270

294 545 551 610 ἔφθασε,
574 541 671 594 καί
696 543 956 596 ἐνώπιον
971 545 1160 600 αὐτοῦ
1182 548 1597 615 προσηνέχθη.
1622 549 1718 602 καὶ
1736 551 1871 614 αὐτό

2001 565 2099 617 est,
2132 562 2178 605 et
2204 554 2358 607 (latus
2389 562 2463 606 est
2498 553 2578 605 illi
2606 554 2791 614 honor,
2828 562 2873 606 et
2916 553 3217 620 imperium,
3249 564 3297 608 et
3344 572 3585 626 regnum,

292 634 478 699 ἐδόθη
525 633 562 699 ἡ
592 632 775 700 ἀρχὴ,
808 635 907 689 καὶ
942 637 977 703 ἡ
1020 638 1191 705 τιμὴ,
1241 640 1337 691 καὶ
1371 641 1405 703 ἡ
1435 640 1750 704 βασιλεία,
1792 643 1890 693 καὶ

291 726 527 789 πάντες
560 726 616 777 ol
639 727 800 789 λαοὶ,
828 729 1037 793 φυλαὶ,
1066 728 1346 798 γλῶσσαι
1376 729 1539 794 αὐτῷ
1559 732 1887 785 δουλεύου-

287 834 427 875 σιν.
468 821 539 873 Ἠ
555 819 812 881 ἐξουσία
842 822 1038 877 αὑτοῦ
1074 823 1330 886 ἐξουσία
1360 824 1616 889 αἰώνιος,
1654 826 1787 893 ἣτις
1815 829 1886 880 οὺ

287 910 759 979 παρελεύσεται.
780 912 888 964 Καὶ
908 913 945 977 ἠ
960 915 1252 977 βασιλειά
1267 912 1456 970 αὑτοῦ
1474 919 1545 969 οὐ
1558 917 1886 986 διαφθαρή-

288 1020 492 1057 σεται.
524 1002 621 1064 Τίς
652 1002 745 1056 οὖν
776 1006 949 1067 ἐστιν,
975 1008 1003 1059 6
1030 1006 1104 1069 ὡς
1126 1008 1239 1071 υίὸς
1258 1007 1551 1078 ἀνθρώπου
1578 1009 1760 1061 λαϐὼν
1785 1013 1884 1079 τὴν

286 1097 552 1161 ἐξουσίαν
628 1098 1005 1168 ἀναφαίρετον
1058 1099 1200 1152 κατὰ
1255 1100 1516 1161 πάντωνς
1552 1101 1874 1170 ’Λνθρωποί

290 1193 401 1258 μὲν
456 1193 676 1252 πάντως
733 1192 930 1254 οὐδεὶς,
982 1193 1011 1243 6
1060 1192 1412 1262 θεάνθρωπος
1489 1193 1548 1245 δὲ
1619 1194 1878 1262 Χριστὸς,

284 1282 428 1352 περὶ
450 1300 513 1335 on
547 1285 643 1336 καὶ
670 1286 697 1335 6
736 1284 905 1337 Δαϐὶδ
936 1282 1126 1353 εἴρηκε
1165 1286 1298 1353 πρός
1327 1285 1420 1337 τὸν
1453 1285 1589 1338 Θεὸν
1623 1288 1714 1337 καὶ
1764 1286 1868 1338 lla.-

284 1376 452 1446 τέρα⁶
486 1375 551 1428 '0
582 1379 746 1442 Θες·¹ς,
782 1377 848 1429 τὸ
872 1378 1052 1445 κρίμα
1081 1393 1197 1431 σου
1232 1377 1311 1442 τῷ
1338 1379 1594 1442 ,βασιλεῖ
1622 1378 1749 1444 δὸς,
1781 1380 1878 1432 καὶ

284 1469 411 1528 τὴν
449 1468 851 1535 δικαιοσύνην
873 1484 1005 1533 σου,
1032 1470 1112 1533 τῷ
1141 1468 1249 1533 υίῴ
1294 1470 1400 1524 τοῦ
1440 1470 1770 1536 βασιλέως.
1817 1474 1878 1525 Ὀ

285 1561 538 1631 Χριστὸς
569 1563 679 1630 γὰρ
721 1562 814 1615 καὶ
853 1562 930 1621 ὡς
988 1562 1121 1625 Θεὸς
1152 1561 1411 1632 βασιλεύς
1446 1562 1587 1627 ἔστι,
1621 1565 1711 1616 καὶ
1763 1565 1878 1628 υἱὸς

286 1658 588 1729 βασιλέως.
628 1658 741 1711 Καὶ
757 1659 833 1721 ὡς
892 1659 1182 1729 ἄνθρωπος
1220 1658 1474 1728 βασιλεὺς
1533 1660 1748 1726 γέγονε,
1782 1665 1876 1711 καὶ

284 1754 407 1817 υἱὸς
437 1753 706 1823 βασιλέως
744 1752 840 1805 τοῦ
865 1753 1046 1815 ἁαὸὶδ,
1081 1753 1164 1806 διὸ
1215 1753 1313 1805 καὶ
1370 1751 1600 1819 ὕστερον
1650 1734 1873 1819 ἔλεγεν,

297 1846 511 1913 Ἐδόθη
541 1862 645 1914 μοι
674 1845 929 1909 ἐξουσία
960 1845 1029 1896 ὲν
1058 1844 1295 1912 οὐρανῷ
1313 1845 1410 1898 καὶ
1442 1844 1539 1897 ἐπὶ
1572 1843 1704 1912 γῆς.
1731 1845 1873 1914 Πρὸς

1998 656 2046 697 rt
2073 661 2251 699 omnes
2283 648 2484 715 populi,
2518 646 2709 712 tribus,
2754 647 2949 717 lingua:
2981 649 3215 701 serviunt
3262 649 3366 703 illi.
3431 649 3504 703 Po
3529 668 3588 703 e-

1994 748 2108 791 stas
2141 738 2256 807 ejus
2281 747 2510 808 potestas
2554 739 2892 801 sempiterna,
2929 755 3045 807 quas
3085 756 3186 792 non
3217 743 3583 808 pertransibit,

1996 843 2042 885 et
2102 849 2319 903 regnum
2373 832 2516 885 illius
2593 849 2697 885 non
2738 834 3058 886 evertetur‘.
3101 834 3298 903 Ecquis
3363 844 3446 889 est
3502 836 3588 889 hic

1993 924 2132 980 ﬁlius
2178 925 2434 981 hominis.
2473 925 2563 995 qui
2618 934 2944 994 potestatem
3014 926 3213 995 accipit
3279 926 3587 980 absolutam

1992 1015 2048 1069 in
2147 1030 2340 1070 omnes
2421 1031 2483 1069 ac
2580 1016 3021 1085 sempiternam?
3108 1016 3308 1070 Homo
3365 1017 3584 1082 quidem

2011 1111 2238 1165 omnino
2299 1110 2500 1173 nullus,
2552 1111 2647 1165 sed
2693 1110 2808 1180 ipse
2882 1110 3026 1165 Deus
3081 1123 3133 1165 et
3190 1112 3352 1165 homo
3420 1111 3587 1166 Chri—

1986 1210 2144 1257 stus.
2198 1200 2275 1255 De
2352 1217 2461 1271 quo
2529 1213 2584 1256 et
2636 1203 2801 1257 David
2876 1204 3041 1257 Deum
3110 1213 3162 1258 et
3217 1205 3430 1259 Patrem
3503 1204 3585 1257 sic

1984 1293 2276 1361 alloquitur
2308 1309 2320 1344 :
2370 1292 2533 1358 Deus,
2559 1292 2824 1360 judicium
2861 1305 3005 1348 tuum
3042 1296 3149 1364 regi
3187 1300 3277 1357 da,
3322 1306 3370 1349 et
3421 1295 3595 1363 justi-

1984 1386 2159 1438 tttiam
2199 1395 2344 1439 tuam
2378 1385 2489 1454 ﬁlio
2516 1388 2650 1455 regis
2673 1390 2713 1441 ’.
2746 1386 2998 1443 Christus
3022 1390 3169 1443 enim
3209 1399 3265 1444 et
3322 1392 3399 1445 uti
3439 1394 3581 1447 Deus

1982 1494 2073 1532 rex
2112 1490 2217 1543 est,
2246 1491 2299 1532 et
2332 1479 2472 1532 ﬁlius
2497 1479 2677 1549 regis;
2721 1492 2776 1534 et
2809 1482 2887 1535 uti
2924 1483 3088 1536 homo
3126 1483 3301 1537 factus
3330 1494 3413 1537 est
3455 1502 3581 1546 rex,

1980 1580 2033 1623 et
2061 1568 2203 1623 illius
2232 1570 2392 1640 regis,
2429 1584 2626 1639 nempe
2655 1570 2889 1625 Davidis.
2919 1570 2994 1624 Ex
3025 1588 3133 1641 quo
3159 1576 3345 1642 postea
3382 1594 3395 1629 :
3436 1573 3579 1627 Data

1953 1671 2076 1733 lest,
2113 1660 2308 1731 inquit,
2361 1662 2492 1714 milii
2558 1663 2728 1717 omnis
2794 1674 3028 1733 potestas
3093 1667 3146 1717 in
3224 1670 3352 1719 calo
3420 1677 3468 1720 ct
3526 1670 3581 1719 iu

1980 1765 2123 1805 terra
2159 1753 2199 1805 ³.
2233 1751 2314 1806 Ad
2342 1766 2504 1820 quem
2558 1753 2739 1817 Pater,
2801 1764 3110 1823 postquam,
3156 1766 3213 1809 nt
3254 1756 3437 1821 homo,
3485 1772 3584 1825 po-

1981 1854 2231 1903 testatem
2289 1845 2499 1914 accepit
2540 1863 2553 1899 :
2594 1844 2745 1907 Sede,
2809 1848 3009 1916 inquit,
3061 1864 3095 1901 a
3158 1850 3358 1903 dextris
3431 1852 3579 1905 meis.

284 1937 350 1989 ὃν
378 1939 406 1989 6
456 1913 646 2008 Πατὴρ
683 1939 825 2008 μετὰ
862 1937 923 1989 τὸ
953 1937 1143 1989 λαϐεῖν
1177 1936 1274 2006 thy
1304 1936 1609 2005 βασιλείαν,
1652 1936 1729 1997 ὡς
1785 1936 1871 1988 ἄν·

1986 1939 2127 1993 Dixit
2163 1942 2309 1994 enim
2349 1941 2432 2009 (ut
2484 1938 2557 1992 ait
2616 1939 2808 2008 David)
2862 1939 3115 2017 Dominus
3164 1941 3386 1996 Domino
3443 1961 3583 2008 meo,

285 2032 511 2101 Ορωπον
537 2032 714 2097 ἔλεγε,
732 2028 930 2083 Κάθου
952 2029 1018 2083 ἐκ
1038 2026 1252 2089 δεξιῶν
1273 2044 1416 2096 μου.
1444 2023 1595 2080 Eine
1616 2026 1745 2097 γὰρ,
1773 2042 1875 2095 φη·-

287 2124 447 2189 σὶι,ὀ
478 2124 695 2191 Κύριος
719 2121 797 2186 τῷ
828 2123 1174 2189 Κινρίῳμουο
1196 2121 1393 2174 Κάθου
1424 2121 1493 2173 ἐκ
1524 2118 1742 2183 δεξιῶν
1756 2136 1875 2187 μου

282 2215 401 2282 ἕως
428 2218 505 2270 ἂν
534 2215 617 2271 θῶ
642 2214 786 2279 τοὺς
814 2213 1070 2281 ἐχθρούς
1096 2226 1213 2265 σου
1243 2210 1581 2266 ὑποπόδιον
1604 2209 1722 2262 τῶν
1771 2226 1877 2261 πο-

283 2308 414 2362 δῶν
437 2325 576 2363 σου.
609 2310 678 2361 Ἦ
708 2308 853 2368 τίνες
888 2305 1026 2358 εἰσὶν
1064 2306 1159 2358 δύο
1187 2304 1369 2372 κύριοι
1391 2301 1486 2355 τοῦ
1524 2302 1709 2367 Δαὸὶδ,
1746 2302 1876 2371 ειπερ)⁴

284 2396 372 2456 ὧν
395 2403 423 2452 6
463 2402 647 2468 λόγος,
668 2402 715 2452 εἱ
744 2399 818 2469 μὴ
845 2402 1072 2462 τούτους
1108 2398 1255 2467 ἐρεῖς
1288 2412 1302 2458 ;
1338 2394 1522 2448 Εἰπὼν
1548 2395 1605 2448 δὲ
1629 2396 1657 2447 6
1686 2394 1874 2457 Aa6‘t6,

303 2494 372 2547 '0
405 2493 571 2555 Θεὸς,
592 2492 655 2543 τὸ
675 2492 849 2559 κρίμα
861 2505 979 2543 σου
998 2487 1078 2554 τῷ
1093 2486 1349 2553 βασιλεῖ
1366 2485 1494 2551 δὸς,
1521 2487 1702 2539 καὶτὰ
1723 2484 1874 2554 ἑξῆς,

287 2586 725 2655 προσεπήγαγεν
742 2584 825 2636 ὃτι
842 2581 963 2649 Πρὸ
988 2581 1095 2634 τοῦ
1113 2581 1293 2648 ἡλίου
1312 2577 1579 2647 διαμένει
1602 2578 1667 2630 τὸ
1687 2576 1876 2640 ὄνομα

280 2678 501 2741 αὐτοῦ,
539 2677 601 2729 τὸ
624 2677 724 2745 τῆς
754 2673 1089 2744 θεότητο;,ἢ
1128 2672 1231 2740 τῆς
1289 2672 1542 2741 υἱότητος
1603 2669 1870 2738 δηλονότι.

290 2771 414 2823 Ἀεὶ
446 2771 558 2839 γὰρ
588 2766 658 2840 ἦν
685 2769 993 2839 ἀμφότερα.
1015 2766 1109 2826 Τίς
1134 2764 1228 2818 οὖν
1267 2766 1294 2817 6
1315 2762 1558 2825 τοιοῦτος
1590 2762 1869 2832 βασιλεὺς,

278 2866 328 2917 εί
377 2865 452 2935 μὴ
472 2881 629 2927 omo;
663 2882 677 2930 ;
710 2863 812 2916 τίνι
837 2862 895 2915 δὲ
926 2863 1021 2915 καὶ
1052 2862 1235 2914 πάντα
1264 2858 1333 2911 τὰ
1362 2856 1491 2926 ἔθνη
1523 2856 1868 2919 ἐδούλευσα-ι,

280 2958 387 3009 καὶ
415 2956 883 3026 ὲνευ).ογὴθησαν,
923 2953 1015 3007 καὶ
1073 2951 1449 3023 ὲμακάρισαν,
1480 2950 1529 3000 εἰ
1592 2947 1667 3018 μὴ
1710 2948 1872 3016 μόνον

275 3052 376 3103 τὸν
407 3049 644 3118 Χριστεν
668 3066 683 3116 ;
708 3050 757 3102 εί
782 3047 923 3101 δ’ἕτι
954 3045 1274 3117 περιμένεις
1301 3043 1488 3107 αὑτὸν,
1515 3043 1604 3094 ὅτε
1629 3044 1656 3093 6
1682 3040 1872 3103 Ἠλίας

272 3142 692 3214 προδραμεῖται
720 3140 932 3205 τούτου,
961 3138 1060 3208 τὴν
1086 3137 1346 3206 δευτέραν
1376 3134 1608 3188 κάθοδον
1628 3133 1721 3186 τοῦ
1749 3133 1864 3185 Σω-

1983 2033 2120 2086 Sede
2160 2051 2192 2086 a
2222 2034 2423 2086 dextris
2477 2034 2633 2097 meis,
2714 2033 2878 2086 donec
2924 2049 3117 2101 ponam
3167 2035 3407 2090 inimicos
3464 2046 3580 2091 tuos

1980 2125 2268 2178 scabellum
2290 2125 2479 2193 pedum
2505 2135 2715 2179 tuorum
2753 2127 2794 2178 ⁵.
2818 2124 3052 2191 Quinam
3091 2137 3220 2180 sunt
3249 2127 3302 2180 hi
3335 2129 3444 2183 duo
3478 2127 3583 2183 Do-

1981 2217 2113 2270 mini
2146 2217 2319 2287 ipsius
2355 2216 2596 2276 Davidis,
2634 2217 2741 2270 nisi
2794 2217 2895 2271 hos
2922 2219 3307 2272 concesseris?
3340 2221 3410 2274 At
3449 2235 3578 2274 cum

1979 2309 2207 2378 dixisset
2262 2309 2429 2363 David
2470 2324 2485 2360 :
2522 2307 2682 2371 Deus.
2741 2308 3004 2376 judicium
3031 2319 3181 2361 tuum
3219 2312 3327 2381 regi
3357 2313 3448 2373 da,
3518 2322 3578 2366 et

1978 2418 2101 2471 qua:
2162 2411 2484 2470 sequuntur,
2564 2400 2848 2469 subjecit:
2896 2398 3161 2465 Quoniam
3243 2411 3365 2456 ante
3413 2407 3580 2457 solem

1976 2501 2251 2562 permanet
2273 2500 2457 2544 nomen
2493 2489 2607 2557 ejus
2643 2487 2683 2551 ',
2714 2503 2913 2542 nomen
2976 2488 3113 2543 illud
3183 2490 3369 2560 utique
3433 2494 3579 2560 quod

1981 2583 2132 2637 illum
2172 2584 2367 2645 Deum,
2397 2591 2493 2636 aut
2524 2581 2720 2635 Filium
2761 2595 2880 2635 esse
2930 2580 3292 2637 demonstrat.
3348 2582 3579 2653 Semper

1977 2675 2120 2730 enim
2152 2686 2445 2745 utrumque
2485 2674 2609 2728 fuit.
2652 2673 2851 2742 Ecquis
2884 2673 3044 2742 igitur
3099 2675 3368 2744 ejusmodi
3454 2692 3578 2742 rex,

1977 2767 2083 2822 nisi
2114 2767 2201 2820 hic
2231 2766 2254 2818 ?
2286 2766 2398 2821 Cui
2450 2766 2760 2820 servierunt
2801 2779 2993 2818 omnes
3027 2774 3235 2833 gentes,
3270 2767 3372 2820 nisi
3414 2768 3578 2822 Chri~

1977 2855 2319 2921 sto?Quem
2371 2854 2477 2908 nisi
2525 2854 2802 2908 Christum
2861 2853 3259 2918 collaudarunt,
3326 2855 3577 2909 beatum~

1975 2965 2081 3018 que
2104 2948 2587 3019 praedicaverunt?
2636 2946 2732 2999 Sin
2792 2946 2972 3000 adhuc
3024 2947 3204 3016 ipsum
3263 2959 3572 3017 exspectas,

1975 3043 2153 3111 quoad
2202 3034 2500 3111 praecurrat
2552 3038 2723 3103 Elias,
2780 3038 3079 3093 secundum
3134 3038 3441 3095 Servatoris
3480 3043 3576 3094 deo

1975 3149 2230 3192 scensum
2250 3141 2557 3202 exspectas,
2578 3147 2701 3185 cum
2724 3130 2898 3185 aderit
2916 3131 3104 3184 mundi
3126 3131 3267 3184 linis.
3291 3129 3422 3184 Nam
3443 3148 3569 3186 cum

270 3240 457 3308 τήρος
474 3236 675 3305 λέγεις,
697 3236 786 3289 ὅτε
806 3235 901 3287 καὶ
924 3236 957 3304 ἡ
976 3232 1069 3286 τοῦ
1088 3233 1297 3302 κόσμου
1314 3230 1615 3283 συντέλεια.
1636 3228 1739 3280 Δύο
1759 3226 1866 3296 γὰρ

1980 3230 2082 3283 duo
2115 3224 2443 3282 sintChristi
2486 3225 2808 3284 descensus.
2859 3238 2998 3276 unus
3028 3237 3151 3277 cum
3200 3224 3266 3277 ad
3312 3232 3566 3277 naturam

268 3330 463 3384 οὐσῶν
482 3330 746 3392 καθὸδων,
771 3328 870 3396 τῆς
901 3327 999 3397 μὲν
1028 3326 1167 3378 κατὰ
1196 3324 1296 3394 τὴν
1318 3319 1745 3391 ὲνανθρώπησιν
1769 3320 1866 3371 αὑ-

269 3424 506 3492 τοῦ,τῆς
532 3423 589 3477 δὲ
619 3421 765 3476 κατὰ
786 3421 889 3492 τὴν
910 3419 1213 3488 μέλλουσαν
1239 3416 1583 3486 παγκόσμιον
1604 3413 1808 3483 κρίσιν,
1829 3414 1864 3482 ἡ

273 3523 387 3591 μὲν
421 3519 524 3587 ἥδη
554 3517 806 3585 γέγονεν,
838 3510 907 3584 ἦς
942 3513 1254 3583 πρόδρομος
1287 3511 1573 3579 Ἰωάννης,
1615 3509 1641 3560 6
1676 3505 1867 3558 δεύτε-

274 3628 379 3682 ρος
434 3610 624 3672 Ἠλίας
657 3620 675 3637 ⁸
718 3609 752 3677 ἡ
814 3607 873 3659 δὲ
937 3606 1233 3674 γενήσεται
1302 3601 1619 3673 πρόδρομον
1666 3598 1867 3667 ἔχουσα

270 3703 484 3757 Ἠλίαν
507 3701 598 3753 τὸν
622 3701 877 3769 δεύτερον
909 3697 1190 3766 Ἰωάννην.
1232 3694 1565 3764 ’Λμφότεροι
1612 3691 1721 3760 γὰρ
1764 3687 1860 3742 τοῦ

272 3795 461 3851 αὑτοῦ
516 3792 861 3862 Πνεὺματος,
912 3790 1009 3842 aut
1053 3788 1157 3857 τῆς
1212 3786 1384 3856 αὐτῆς
1430 3786 1680 3856 χάριτος,
1774 3782 1871 3835 καὶ

272 3889 599 3955 δυνάμεως,
638 3885 761 3939 ὅσον
793 3884 874 3947 εἰς
900 3882 963 3934 τὸ
989 3879 1317 3952 προτρέχειν
1354 3876 1619 3947 Χριστοῦ.

350 3980 468 4033 Τὸν
490 3978 829 4047 ἡλειμμὲνον
851 3976 946 4026 καὶ
981 3973 1235 4042 μεσσίαν,
1268 3971 1328 4022 ὃν
1355 3966 1749 4036 ἀπεκδέχεσθε,
1782 3966 1870 4034 ψι-

272 4076 373 4137 )ός
401 4073 555 4125 ἔστιν
594 4067 963 4137 ἄνθρωπος,ἢ
994 4062 1349 4132 Θεάνορωπος
1376 4077 1390 4124 ;
1422 4060 1484 4111 El
1517 4058 1619 4129 μὲν
1646 4058 1753 4127 γὰρ
1778 4057 1869 4125 ψι-

271 4165 366 4226 λὸς
425 4160 731 4230 ἅνθρωπος,
760 4158 858 4211 οὐκ
886 4157 1031 4208 ἐστιν
1058 4155 1115 4206 ὃν
1154 4154 1204 4205 ol
1245 4150 1527 4221 προφῆται
1567 4149 1863 4217 κατήγγει-

273 4256 408 4308 λαν.
441 4244 602 4305 Οὗτοι
635 4251 745 4320 γὰρ
778 4249 978 4318 σημεῖα
1006 4246 1263 4315 θεότητος
1317 4241 1466 4311 αὐτῷ
1490 4240 1867 4313 προστιθέασι,

273 4344 689 4405 διαστέλλοντες
726 4341 835 4395 ἀπὸ
871 4340 980 4392 τῶν
1019 4335 1193 4406 ψιλῶν
1240 4333 1565 4406 ἀνθρώπων.
1625 4333 1731 4386 Καὶ
1771 4332 1867 4383 πό·

277 4442 377 4491 θεν
406 4434 629 4490 ἄλλοθεν
673 4430 934 4503 μαθόντες
992 4427 1330 4498 προσδοκᾶτε
1397 4424 1633 4487 τοῦτον;
1681 4424 1740 4475 Ei
1806 4422 1862 4473 δὲ

277 4524 642 4594 οεάνθρωπός
672 4525 842 4585 ἐστιν,
875 4521 984 4573 ἰδοὺ
1013 4521 1107 4571 καὶ
1161 4518 1288 4571 ἄλλο
1343 4516 1632 4586 πρόσωπον
1676 4514 1861 4582 θεότηε

1979 3321 2269 3373 humanam
2293 3316 2677 3371 assumendam
2703 3314 2874 3379 venit,
2898 3314 3037 3368 alter
3056 3329 3177 3367 cum
3196 3314 3381 3369 veniet
3402 3315 3469 3369 ad
3482 3319 3569 3382 ju—

1978 3408 2272 3464 dicandum
2312 3408 2510 3462 orbem
2552 3406 2899 3469 universum,
2928 3404 3208 3473 priorjam
3239 3402 3364 3466 fuit,
3407 3404 3568 3472 cuju:

1977 3517 2281 3572 praecursor
2300 3508 2554 3568 tanquam
2574 3498 2713 3553 alter
2735 3497 2879 3551 Elias
2898 3496 3136 3551 Joannes
3150 3496 3570 3565 exstitit,poste-

1978 3595 2090 3649 rior
2120 3596 2241 3659 erit,
2265 3602 2317 3647 et
2342 3593 2514 3647 Etiam
2540 3601 2797 3660 tanquam
2825 3589 3059 3643 alterum
3085 3585 3355 3642 Joannem
3385 3589 3562 3644 habe-

1975 3687 2055 3742 bit
2072 3699 2483 3756 prtecursorem.
2505 3683 2681 3737 Ambo
2701 3683 2844 3736 enim
2877 3690 3004 3734 sunt
3031 3681 3275 3749 ejusdem
3305 3679 3564 3750 Spiritus,

1973 3788 2030 3834 et
2048 3778 2292 3849 ejusdem
2325 3776 2506 3849 gratiae
2543 3786 2705 3844 atque
2729 3774 2964 3839 virtutis,
2990 3780 3262 3841 quatenus
3286 3772 3564 3828 Christum

1978 3879 2341 3940 prtecurrunt.

2055 3965 2264 4019 [luctus
2300 3962 2386 4015 ille
2414 3971 2467 4015 et
2495 3961 2735 4023 Messias,
2768 3974 2927 4028 quem
2956 3958 3305 4025 exspectatis,
3341 3966 3424 4011 est
3460 3972 3564 4026 pu-

1980 4072 2074 4111 rus
2104 4058 2290 4118 homo,
2326 4069 2393 4106 an
2429 4054 2572 4106 Deus
2601 4062 2655 4105 et
2702 4052 2913 4104 homo?
2944 4048 3077 4102 Nam
3109 4050 3153 4103 si
3194 4063 3362 4118 purus
3399 4050 3561 4103 homo

1981 4156 2087 4213 est,
2128 4163 2234 4202 non
2264 4154 2347 4201 est
2380 4145 2490 4209 ille,
2523 4158 2683 4212 quem
2728 4141 3101 4212 praedixerunt
3134 4140 3429 4209 prophetw,
3466 4140 3558 4208 qui

1981 4243 2133 4312 signa
2159 4240 2208 4294 ei
2256 4236 2559 4293 divinitatis
2618 4234 3003 4302 adjunxerunt,
3037 4241 3095 4285 ut
3145 4231 3325 4301 ipsum
3352 4246 3380 4284 a
3411 4232 3560 4299 puris

1980 4342 2034 4385 et
2064 4331 2229 4385 meris
2262 4327 2577 4382 hominibus
2612 4333 2946 4395 separarent,
2971 4337 3066 4376 vos
3100 4332 3278 4376 autem
3301 4337 3330 4374 a
3362 4321 3560 4390 quibus

1978 4422 2098 4476 aliis
2142 4418 2407 4475 didicistis
2437 4425 2592 4471 notas
2622 4426 2675 4470 et
2703 4416 2854 4486 signa
2887 4414 3050 4478 illius,
3083 4429 3245 4482 quem
3276 4423 3559 4483 exsprcta~

1980 4512 2083 4566 tis?
2120 4509 2215 4565 Sin
2251 4510 2394 4563 Deus
2424 4517 2509 4561 est
2538 4508 2721 4568 homo,
2758 4518 2940 4559 nonne
2970 4503 3423 4566 animadvertitis,
3461 4518 3558 4556 vos

275 4638 379 4683 τος
424 4588 815 4687 ὁμολογοῦντες
856 4611 1173 4665 λανθάνετε.
1216 4609 1289 4663 Οὐ
1344 4609 1451 4679 γὰρ
1504 4607 1595 4660 τὸν
1656 4605 1871 4673 Πατέρα

1980 4604 2136 4658 aliam
2178 4600 2477 4657 divinitatis
2525 4612 2814 4668 personam
2855 4595 3137 4650 conﬁteri?
3181 4594 3367 4663 Neque
3409 4595 3553 4648 enim

279 4713 515 4772 πάντως
534 4710 727 4778 ἐρεῖτε.
748 4705 999 4759 Παιδίον
1018 4704 1147 4773 γὰρ,
1173 4701 1360 4771 φησιν,
1378 4698 1675 4769 ἐγεννήθη
1700 4697 1871 4766 ἡμῖν,

281 4803 451 4865 Υἱὸς,
482 4799 598 4853 ἀλλ’
633 4798 732 4866 οὐχ
763 4800 791 4850 6
830 4797 1042 4865 Πατήρ.
1089 4792 1198 4846 Τοῦ
1256 4790 1500 4860 ἀλείφειν
1525 4791 1580 4844 δὲ
1616 4791 1711 4843 καὶ
1775 4787 1870 4841 τοῦ

278 4894 469 4966 χρίειν
501 4889 669 4944 eam
697 4889 1092 4960 σημαινόντων,
1124 4887 1150 4938 6
1187 4886 1350 4947 αὐτός
1401 4885 1548 4935 ἐστιν
1607 4881 1874 4951 ὴλειμμέ-

281 5002 404 5049 νος,
434 4982 530 5037 καὶ
552 4983 807 5051 Χριστός.
840 4980 1060 5032 Σύνετε
1091 4976 1190 5043 δὴ,
1223 4976 1484 5043 ἄφρονες
1513 4974 1583 5026 ἐν
1618 4971 1698 5037 τῷ
1719 4970 1869 5035 λαῷ,

280 5080 395 5136 καὶ
427 5078 613 5149 μωροί
645 5091 789 5128 ,ποτε
812 5072 1180 5143 φρονήσατε.
1205 5069 1315 5124 Καὶ
1337 5070 1364 5121 6
1394 5067 1623 5127 Ἡσαΐας
1656 5065 1712 5118 δέ
1736 5082 1870 5135 φησι

210 5166 217 5167 ί
283 5177 434 5245 πρὸς
465 5173 632 5242 ὑμᾶς,
655 5173 719 5223 Ol
753 5166 993 5237 τυφλοὶ,
1031 5164 1406 5233 ἐμϐλέψατε,
1440 5160 1540 5215 καὶ
1573 5162 1628 5213 ol
1656 5158 1864 5227 κωφοὶ,

281 5267 624 5324 ἀκούσατε.
659 5263 727 5317 Ἦ
764 5260 897 5331 γοῦν
952 5258 1239 5328 προδήλως
1292 5251 1868 5322 ὲοελοτυφ).ώττετε,ἢ

288 5358 574 5420 παντελῶς
606 5351 1007 5422 ἀναισθητεῖτεί
1063 5351 1199 5403 Πότε
1256 5344 1352 5401 οὖν
1407 5345 1685 5415 ὀνομάτων
1729 5347 1875 5411 ὀμω-

288 5454 517 5520 νυμίας,
573 5448 606 5518 ἢ
650 5446 909 5517 ῥημάτων
934 5440 1295 5512 σημασία;,ἢ
1348 5438 1546 5502 λέξεων
1599 5438 1867 5504 ἰδιότητας

286 5541 645 5600 διαστελεῐτε,
709 5537 775 5589 δι’
831 5531 909 5589 ὧν
964 5530 1443 5595 καταλαμϐάνεται
1504 5530 1538 5599 ἡ
1597 5527 1863 5596 ἀλήθειας

579 5631 717 5700 Περὶ
754 5628 872 5683 τῶν
904 5625 1109 5681 παθῶν
1134 5624 1242 5679 τοῦ
1270 5621 1549 5692 Χριστοῦ.

371 5726 535 5794 Φησὶ-ι
565 5727 593 5778 6
616 5722 782 5776 Δαϐὶδ
812 5722 873 5773 ἐκ
913 5721 1208 5788 προσώπου
1232 5713 1325 5768 τοῦ
1370 5713 1607 5785 Χριστοῦ
1636 5728 1651 5743 ·
1680 5713 1725 5763 Σ
1734 5724 1871 5762 υνα·

377 5841 389 5871 ¹
432 5839 565 5894 Dan.
603 5855 696 5900 vn,
734 5838 813 5901 l5,
850 5838 933 5889 14.
1012 5832 1031 5860 ²
1062 5831 1201 5885 l’sal.
1227 5847 1372 5893 LXXI,
1396 5829 1450 5882 ‘2.
1530 5827 1549 5857 ³
1576 5826 1763 5881 llath.
1800 5839 1989 5887 xxviii,
2026 5822 2110 5875 18.

296 5911 319 5939 ’³
354 5908 492 5967 l’sal.
527 5925 675 5975 XClll,
704 5910 757 5961 8.
835 5908 854 5937 ⁸
881 5906 981 5961 lsa.
1022 5918 1145 5963 xm,
1209 5903 1295 5957 ιε.

1979 4696 2171 4751 dicetis
2205 4688 2351 4748 hunc
2376 4707 2496 4748 esse
2524 4689 2758 4744 Patrem.
2802 4686 2958 4752 Nam,
2993 4686 3156 4752 Puer,
3178 4685 3369 4754 inquit,
3396 4700 3552 4738 natus

1976 4799 2050 4843 est
2074 4789 2221 4842 nobis
2239 4788 2278 4842 ⁸.
2308 4783 2500 4849 Filius,
2526 4798 2633 4836 non
2661 4790 2843 4836 autem
2868 4780 3045 4835 Pater.
3072 4778 3190 4833 Jom
3225 4776 3465 4839 MeSsias,
3497 4787 3553 4831 et

1976 4875 2245 4938 Christus,
2268 4884 2321 4926 et
2365 4881 2559 4926 unctus
2593 4870 2733 4923 idem
2767 4876 2864 4922 est.
2908 4866 3215 4935 Intelligite,
3249 4866 3552 4934 insipientes

1976 4970 2030 5021 iu
2064 4966 2273 5035 populo,
2304 4974 2351 5017 et
2382 4963 2548 5027 stulti,
2576 4961 2863 5030 aliquando
2888 4959 3055 5029 sapite
3084 4957 3127 5011 '.
3165 4956 3231 5011 Et
3258 4958 3423 5012 Isaias
3458 4974 3552 5010 vos

1972 5060 2280 5127 alloquitur,
2315 5055 2474 5121 ϐαιοὶ,
2506 5053 2781 5122 inquiens,
2823 5052 3078 5118 inspicite,
3107 5058 3153 5102 et
3191 5050 3360 5113 surdi,
3395 5050 3553 5101 audi-

1973 5165 2021 5207 te
2054 5153 2093 5205 ⁸.
2133 5151 2357 5206 Ultrone
2386 5148 2514 5203 caeci
2542 5148 2712 5201 estis?
2739 5162 2805 5200 an
2849 5144 3072 5200 omnino
3115 5144 3370 5198 sensibus
3400 5158 3552 5197 care-

1975 5247 2080 5301 tis?
2128 5243 2421 5314 Ecquando
2455 5242 2621 5313 igitur
2667 5244 2951 5295 nominum
3013 5239 3415 5310 ambiguitates,
3459 5249 3549 5291 aut

1974 5340 2265 5393 verborum
2314 5335 2758 5405 signiﬁcationes,
2791 5342 2885 5387 aut
2914 5334 3212 5388 dictionum
3247 5330 3547 5399 proprietas.

1979 5444 2058 5486 tos
2090 5430 2453 5499 distiuguetis,
2484 5427 2682 5498 quibus
2716 5427 2916 5481 veritas
2959 5419 3482 5491 comprehenditur?

2289 5609 2363 5662 De
2393 5608 2586 5661 Christi
2619 5606 2937 5659 cruciatibus
2980 5613 3029 5655 et
3061 5610 3247 5655 morte.

2051 5704 2217 5759 David
2254 5720 2318 5757 ex
2353 5714 2580 5771 persona
2611 5697 2836 5758 Christi,
2870 5692 3177 5757 Consilium,
3210 5686 3401 5760 inquit,
3436 5706 3537 5743 ma-

2190 5822 2209 5848 ’⁵
2231 5817 2372 5873 Psal.
2401 5831 2511 5881 Clx,
2536 5814 2584 5867 t.
2662 5811 2682 5842 ⁸
2706 5808 2849 5864 Psal.
2882 5821 3029 5872 Lxxi,
3056 5807 3136 5863 Π.
3216 5806 3358 5861 ‘lsa.
3389 5820 3461 5871 II,
3487 5805 3543 5866 ti,
