4120 6292
395 373 515 438 ΞΠ

1351 379 1724 441 PANOPLIA
1769 375 2227 437 DOGMATICA.
2265 401 2332 410 -·
2369 379 2524 439 Tl'l‘.
2567 379 2734 441 VIll.

3556 373 3662 436 278

395 481 566 556 ἦττον
605 483 783 536 ἐκεῖνο
827 485 1020 554 μιαρὸν
1071 481 1158 557 ἦν.
1192 487 1352 540 ’Ὥστε
1401 489 1488 541 διὰ
1538 487 1698 540 τοῦτο
1744 486 1975 556 μάλιστα

2079 501 2220 548 rum,
2251 486 2340 554 qui
2375 487 2501 541 illuc
2529 485 2996 558 ingrediebantur.
3021 483 3163 550 Quid
3221 484 3393 539 Azotii
3424 485 3446 537 2
3478 501 3661 538 nonne

399 574 585 640 μισεῖν
618 572 927 638 Ἰουδαίους,
957 576 1047 626 καὶ
1069 577 1165 644 τὴν
1190 577 1512 645 συναγωγὴν
1540 577 1719 630 αὐτῶν
1741 576 1969 635 δίκαιον,

394 664 484 716 δτι
521 663 696 726 οὕτως
740 665 1162 736 ἔμπειροι-δοῦσιν
1203 671 1278 730 εἰς
1327 669 1420 721 τὸν
1453 668 1655 720 Μωσέα
1712 668 1803 719 καὶ
1844 667 1972 728 τοὺς

397 758 712 826 προφήτας.
754 757 936 811 Βίϐλοι
967 759 1076 831 γὰρ
1113 761 1622 832 ἀναγινωσκόμεναι
1667 761 1804 832 μετά
1840 761 1972 812 dim-

397 847 577 909 στίας,
601 846 725 899 οὔτε
748 847 931 909 τόπον,
957 849 1080 903 οὔτε
1105 852 1228 914 τοὺς
1251 853 1724 921 ἀναγινώσκοντας
1746 853 1975 919 ἁγιάσαι

393 938 922 1003 δύνανται.Δικαίως
946 941 1143 1012 ἐρρέθη
1167 945 1304 1012 πρὸς
1322 948 1539 1010 αὐτοὺς,
1564 948 1646 1000 ὅτι
1665 946 1975 1010 Σπήλαιον

393 1030 622 1098 ὑαίνης
645 1030 886 1097 ἐγένετο
907 1050 1007 1101 μοι
1029 1037 1062 1088 ό
1091 1030 1257 1100 οἶκος
1283 1035 1472 1105 ὑμῶν’
1504 1037 1696 1105 ὑαίνης
1723 1035 1858 1105 ὁμοῦ
1881 1035 1974 1087 καὶ

395 1121 716 1192 ἀκαθάρτου
747 1122 961 1193 θηρίου.

1016 1392 1127 1446 Τοῦ
1162 1395 1371 1456 αὑτοῦ.

470 1481 535 1532 Ei
578 1480 650 1549 μὴ
679 1481 804 1542 τοὺς
834 1483 1124 1549 προφήτας
1164 1480 1342 1554 εἷχον,
1377 1488 1425 1538 εξ
1468 1487 1540 1557 μὴ
1579 1488 1673 1549 τὰς
1715 1487 1863 1555 ἱερὰς
1897 1487 1974 1556 βί-

400 1572 571 1662 ϐλους
635 1573 1019 1639 ἀνεγίνωσκον,
1053 1577 1152 1630 οὐκ
1184 1577 1250 1630 ἂν
1295 1578 1466 1642 οὕτως
1493 1596 1633 1650 ησαν
1675 1580 1973 1652 ἀκάθαρτοι

395 1659 492 1714 καὶ
519 1661 760 1733 βέϐηλοι.
784 1665 898 1717 Νῦν
917 1659 973 1718 δὲ
997 1669 1176 1738 πάσης
1195 1669 1595 1739 ἀπεστέρηνται
1620 1671 1970 1740 συγγνώμης,

2076 594 2260 631 arcam
2328 589 2542 648 captam
2602 580 2655 634 in
2690 580 2950 649 templum
3006 594 3164 632 suum
3217 577 3657 640 introduxerunt,

2089 670 2235 736 quod
2264 678 2446 725 tamen
2479 672 2780 741 permansit
2822 662 3138 739 impurum?
3192 669 3426 738 Equum
3499 668 3661 738 igitur

2075 773 2182 825 est,
2214 762 2452 824 Judazos,
2479 775 2534 817 et
2563 779 2749 818 eorum
2788 764 3124 835 Synagogam
3158 762 3278 815 ideo
3304 761 3650 830 potissimum

2075 856 2369 912 exsecrari,
2401 853 2543 922 quod
2588 853 2641 907 in
2681 853 2914 924 Moysem
2948 861 3002 906 et
3029 854 3320 922 prophetas
3380 849 3662 903 insaniunt

2075 953 2130 996 et
2161 945 2586 998 debaccltantur.
2649 945 2934 999 Librorum
3003 945 3147 998 enim
3189 943 3372 1004 lectio,
3421 942 3465 995 si
3523 941 3656 994 ﬁdes

2074 1036 2234 1098 absit,
2271 1050 2372 1091 nec
2401 1037 2602 1102 locum,
2628 1051 2731 1092 nec
2759 1038 3002 1106 legentes
3035 1044 3253 1089 sanctos
3281 1045 3507 1104 possunt
3553 1033 3662 1087 elli-

2073 1142 2216 1182 eere.
2243 1128 2425 1197 Itaque
2445 1131 2638 1182 merito
2668 1131 2721 1182 in
2752 1143 2845 1182 eos
2871 1128 3076 1184 dictum
3103 1136 3221 1182 est:
3254 1129 3444 1182 [sontica
3463 1128 3660 1197 hya‘na:

2077 1219 2249 1286 factus
2289 1229 2363 1272 est
2402 1222 2527 1274 ηιὶΙεε
2548 1220 2689 1276 locus
2705 1221 3123 1290 vester;hyaante
3145 1219 3390 1288 inquam,
3417 1217 3653 1273 crudelis

2075 1319 2131 1364 et
2161 1313 2508 1368 exsecranda:
2539 1313 2692 1368 ferat.

2745 1408 3016 1476 Ejusdem.

2146 1495 2256 1550 Nisi
2309 1497 2602 1568 prophetas
2642 1501 2926 1564 haberent,
2966 1511 3019 1553 et
3065 1514 3251 1555 sacros
3301 1499 3469 1551 libros
3512 1496 3660 1566 lege-

2077 1598 2217 1652 rent,
2246 1606 2353 1643 non
2388 1602 2568 1646 essent
2609 1603 2715 1646 tam
2749 1590 3095 1646 detestabiles
3145 1601 3199 1644 et
3229 1589 3466 1658 profani.
3505 1588 3658 1640 Nunc

2077 1693 2257 1737 autem
2308 1683 2507 1737 nullam
2546 1694 2826 1739 merentur
2873 1686 3112 1746 veniam,
3159 1681 3248 1750 qui
3292 1697 3416 1736 cum
3454 1695 3658 1750 praeco-

394 1754 479 1824 ὅτι
507 1753 632 1816 τοὺς
667 1756 912 1824 κήρυκας
940 1757 1040 1826 τῆς
1064 1760 1324 1829 ἀληθείας
1351 1761 1586 1829 ἔχοντες,
1613 1762 1751 1832 πρὸς
1777 1763 1972 1827 αὐτοὺς

394 1845 635 1868 l---!-.--.-
696 1848 784 1868 ---Α
832 1867 862 1868 κ
882 1849 921 1868 αἱ
1026 1849 1045 1868 I,
1123 1851 1167 1868 ,ἱ
1195 1851 1247 1868 vn
1410 1855 1422 1868 ι
1569 1855 1580 1868 ι

2080 1785 2179 1822 nes
2207 1770 2443 1824 habeant
2473 1771 2735 1837 veritatis,
2781 1771 3045 1826 adversus
3092 1769 3213 1824 illos
3269 1769 3661 1837 veritatemque

392 1845 661 1910 ἐκείνους,
695 1848 791 1900 καὶ
825 1849 930 1919 πρὸ
941 1868 958 1911 ;
987 1849 1084 1920 τὴν
1113 1851 1372 1921 ἀλήθειαν
1399 1855 1800 1923 ἀπομάχονται.

1011 1941 1121 1995 Τοῦ
1160 1944 1368 1998 αὐτοῦ.

487 2029 612 2080 Ἐπὶ
659 2029 768 2082 τῶν
829 2031 1134 2085 Ἰουδαϊκῶν
1175 2036 1379 2105 ἑορτῶν
1427 2038 1486 2090 ού
1537 2041 1697 2107 μόνον
1749 2043 1977 2111 καιρὸν,

392 2119 535 2172 ἀλλά
575 2123 669 2173 καί⁵
720 2121 884 2176 τόπον
919 2131 1260 2195 παρατηρεῖν
1298 2129 1588 2183 ἐκέλευσεν
1617 2135 1643 2184 6
1676 2133 1828 2196 Θεός.
1871 2136 1982 2186 Κα-

391 2211 577 2282 θάπερ
617 2213 725 2284 γὰρ
749 2213 843 2268 τοῦ
891 2217 1075 2285 πάσχα
1111 2221 1301 2287 καιρὲς
1336 2222 1436 2290 μὲν
1473 2224 1504 2292 ἡ
1549 2223 1612 2274 ιδ’
1655 2224 1749 2277 τοῦ
1814 2227 1980 2294 μηνδς

395 2303 496 2354 τοῦ
538 2304 775 2373 πρώτου,
810 2307 976 2370 τόπος
1007 2309 1064 2361 δὲ
1095 2310 1164 2362 τὰ
1208 2312 1579 2384 Ἱεροσόλυμα,
1615 2315 1758 2368 οὕτω
1787 2317 1850 2386 δὴ
1887 2319 1980 2369 καὶ

404 2393 519 2444 τῶν
543 2394 735 2447 ἄλλων.
769 2397 908 2448 Ἀλλ’
939 2399 966 2448 ό
997 2399 1091 2468 μὲν
1117 2402 1308 2469 καιρὸς
1332 2403 1439 2454 τῶν
1471 2405 1676 2472 ἑορτῶν
1701 2405 1978 2474 διάφορος,

398 2486 430 2536 ὁ
479 2485 536 2536 δὲ
582 2486 741 2549 τόπος
774 2484 875 2549 εἷς.
912 2491 1022 2543 Καὶ
1060 2493 1160 2544 οὐκ
1209 2493 1398 2563 ὲξῆνῆ
1443 2498 1536 2548 τὸν
1578 2499 1785 2566 καιρὸν,
1829 2497 1980 2566 ἢτδν

395 2577 567 2629 τόπον
608 2578 984 2648 παραϐαίνειν.
1031 2584 1246 2637 Μᾶλλον
1287 2586 1344 2640 δὲ
1385 2587 1476 2639 τὸν
1503 2589 1602 2654 μὲν
1643 2591 1835 2659 καιρὸν
1885 2590 1982 2642 ἐπὶ

395 2668 497 2720 τοῦ
553 2670 745 2740 Πάσχα
779 2671 849 2724 δι’
904 2674 1150 2745 ἀνάγκην
1207 2683 1567 2748 συνεχωρεῖτο
1595 2682 1977 2750 παραϐαίνειν,

390 2759 488 2811 τὸν
516 2760 574 2813 δὲ
602 2763 767 2816 τόπον
812 2765 1085 2833 οὐδαμῶς.
1141 2771 1222 2822 Οὐ
1257 2769 1520 2824 δύνασαι
1553 2773 1662 2842 γὰρ
1692 2774 1887 2828 ποιεῖν
1914 2778 1980 2832 τὸ

393 2850 635 2922 Πάσχα,
664 2871 737 2925 φη
747 2856 852 2920 civ,
879 2858 948 2911 ἐν
975 2859 1226 2928 οὐδεμιᾷ
1249 2861 1368 2914 τῶν
1389 2864 1646 2929 πόλεων,
1665 2860 1752 2919 ὧν
1769 2870 1982 2935 Κύριος

395 2949 429 2998 ὁ
458 2947 607 3012 Θεός
626 2961 745 3001 σου
766 2947 980 3002 δίδωσι
1007 2967 1128 3015 σοι,
1143 2953 1282 3006 ἀλλ’
1302 2953 1339 3022 ἦ
1372 2954 1440 3007 ἐν
1458 2958 1624 3024 μόνῳ
1640 2957 1718 3023 τῷ
1737 2960 1918 3028 τόπῳ.
1935 2957 1982 3030 ᾧ

393 3037 477 3089 ἂν
495 3038 814 3104 ἐκλέξηται
833 3039 1050 3107 Κύριος
1077 3046 1109 3096 ό
1129 3046 1362 3110 Getica“
1377 3042 1498 3111 οὖνς
1525 3049 1699 3120 ἑαυτῷ
1719 3053 1984 3106 ὲναντιοῦο

2081 1863 2414 1932 depugnant.

2733 1955 3001 2024 Ejusdem.

2150 2050 2390 2106 Judaicis
2440 2050 2850 2105 celebritatibus
2898 2064 3006 2102 non
3039 2049 3218 2102 solum
3279 2055 3515 2117 tempus,
3564 2045 3658 2100 sed

2079 2144 2242 2198 etiam
2273 2143 2449 2196 locum
2476 2142 2874 2195 observandum
2908 2139 3237 2209 przescripsit
3269 2140 3432 2192 Deus.
3463 2137 3660 2191 Exem-

2084 2235 2155 2303 pli
2196 2233 2387 2304 gratia,
2439 2243 2650 2303 tempus
2692 2233 2758 2284 ad
2803 2232 3005 2284 Pascha
3064 2229 3447 2284 celebrandum
3487 2231 3663 2297 praeti-

2081 2323 2253 2377 nitum
2285 2332 2404 2377 erat
2440 2321 2561 2375 dies
2617 2329 2845 2390 quartus
2899 2319 3144 2374 decimus
3198 2319 3401 2373 mensis
3455 2319 3658 2387 primi;

2081 2415 2232 2467 locus
2274 2423 2461 2467 autem
2523 2411 2908 2480 Hierosolyma.
2971 2412 3040 2464 At
3101 2427 3225 2465 cum
3280 2410 3656 2464 eelehritatum

2094 2516 2340 2576 tempora
2367 2516 2553 2560 essent
2600 2504 2838 2568 diversa,
2875 2504 3027 2557 locus
3055 2511 3170 2555 erat
3220 2517 3382 2556 unus.
3415 2503 3661 2569 Cumque

2080 2615 2111 2652 a
2184 2598 2498 2666 prtescripto
2562 2604 2806 2664 tempore
2864 2603 2916 2649 et
2979 2594 3098 2648 loco
3164 2593 3423 2648 recedere
3505 2594 3661 2648 nefas

2080 2699 2245 2753 esset,
2287 2687 2600 2742 necessitati
2658 2696 2836 2740 tamen
2876 2686 3296 2748 concedebatur,
3337 2692 3392 2737 ut
3448 2695 3660 2753 tempus

2083 2782 2136 2836 in
2164 2779 2503 2836 observando
2549 2778 2815 2833 Pascbate
2860 2777 3042 2831 minus
3088 2776 3492 2830 observaretur.
3550 2776 3657 2829 Lo-

2091 2891 2215 2927 cum
2275 2884 2456 2925 autem
2493 2869 2646 2923 nullo
2697 2878 2854 2940 pacto
2912 2867 3111 2925 licebat
3165 2882 3274 2920 non
3315 2866 3654 2920 observare:

2085 2965 2206 3018 Non
2237 2964 2451 3027 poteris,
2485 2961 2681 3029 inquit,
2713 2961 2975 3014 celebrare
3007 2959 3215 3014 Pascha
3244 2961 3299 3012 in
3331 2957 3442 3012 ulla
3472 2975 3655 3011 earum

2083 3059 2378 3119 civitatum,
2409 3071 2542 3125 quas
2569 3055 2660 3108 tibi
2684 3053 2821 3107 Deus
2855 3055 3048 3114 tradet,
3073 3063 3264 3118 prwter
3293 3052 3464 3113 illam,
3495 3067 3655 3118 quam

391 3145 514 3193 ται,
555 3128 704 3182 θύειν
735 3130 836 3200 μὲν
874 3133 933 3182 ὲν
965 3133 1045 3185 ἑνὶ
1073 3136 1224 3205 τόπῳ
1269 3139 1682 3210 νομοθετήσας,
1704 3146 1869 3197 αὐτὸν
1917 3149 1972 3202 δὲ

2083 3149 2333 3202 Dominus
2367 3147 2502 3200 Deus
2543 3146 2755 3215 elegerit
2788 3147 2826 3197 ί.
2854 3144 3037 3208 Quid?
3068 3144 3250 3198 sibine
3309 3143 3425 3213 ipse
3466 3144 3633 3196 adver

395 3221 565 3275 πάλιν
595 3221 688 3274 τὸν
717 3224 883 3276 τόπον
907 3228 1310 3295 καταστρέψας,
1343 3232 1435 3283 καὶ
1468 3233 1668 3286 ἄϐατον
1704 3236 1975 3302 Ἰουδαίοις

393 3313 778 3381 ἐργασάμενος
801 3330 816 3379 ;
849 3315 1135 3384 Οὐδαμῶς.
1157 3317 1301 3372 Ἀλλ’
1319 3323 1550 3394 ἐπείπερ
1569 3326 1684 3378 οὐδὲ
1710 3331 1858 3398 παρὰ
1878 3332 1978 3400 τὴν

395 3403 579 3474 ἀρχὴν
609 3405 793 3468 αὐτοῖς
831 3406 1014 3459 δοῦναι
1049 3409 1146 3471 τὰς
1185 3409 1374 3476 θυσίας
1409 3415 1662 3470 ἐϐούλετο
1685 3459 1698 3482 ,
1737 3422 1979 3476 κατενόει

390 3496 455 3548 δὲ
484 3496 879 3565 μαινομένους,
913 3501 1276 3568 ἀγχομένους,
1310 3506 1715 3576 ἐπιθυμοῦντας
1747 3511 1976 3575 θυσιῶν.

394 3588 499 3641 καὶ
531 3593 1109 3659 παρεσκευασμένους,
1143 3597 1191 3647 εἰ
1227 3598 1302 3666 μὴ
1331 3597 1570 3667 λάϐοιεν,
1601 3603 1981 3676 αὐτομολῆσαι

394 3679 541 3748 πρὸς
571 3680 1040 3748 εἰδωλολατρείαν,
1067 3689 1428 3758 οἰκονομικῶς
1449 3694 1755 3766 ἐπέτρεψεν
1782 3700 1977 3764 αὐτάς,

393 3770 513 3822 τῶν
563 3771 796 3824 εἰδώλων
837 3775 916 3836 εἰς
962 3776 1160 3828 ἑαυτὸν
1203 3779 1408 3844 ταύτας
1460 3788 1829 3858 μεταστήσας.
1869 3792 1979 3846 Καὶ

394 3864 752 3934 συνεχώρησε
785 3865 846 3918 τὸ
886 3869 1036 3934 μεῖον
1069 3869 1238 3922 κακὸν
1259 3909 1275 3935 ,
1307 3873 1394 3926 ἵνα
1431 3877 1504 3946 μὴ
1550 3878 1629 3948 τῷ
1659 3881 1866 3949 μείζονι
1894 3903 1986 3938 πε-

395 3956 703 4028 ριπέσοιεν.
746 3955 882 4011 Elea
909 3960 996 4013 διά
1027 3965 1348 4034 σοφωτάτης
1381 3967 1606 4036 μεθόδου
1639 3974 1733 4026 καὶ
1763 3977 1966 4040 ταύτας

397 4049 677 4116 περιεῖλε,
709 4050 806 4112 τὰς
839 4052 938 4120 μὲν
965 4053 1157 4117 θυσίας
1191 4059 1248 4110 ὲν
1297 4060 1396 4127 μιᾷ
1437 4060 1590 4114 πόλει
1622 4068 1942 4138 περιορίσας
1964 4112 1978 4135 ,

393 4141 504 4210 τὴν
537 4139 594 4194 δὲ
619 4141 775 4194 πόλιν
801 4144 1008 4215 ταύτην
1035 4148 1283 4202 καθελὼν
1311 4150 1557 4222 ὕστερον,
1591 4155 1684 4210 ῖνα
1716 4161 1792 4229 μὴ
1827 4160 1982 4216 δυνά·

397 4249 558 4302 μενοι
601 4233 752 4288 θύειν
789 4236 896 4301 ἔξω
941 4240 1148 4312 ταύτης
1178 4243 1266 4296 διὰ
1298 4244 1388 4297 τὸν
1420 4247 1608 4316 νόμον,
1649 4251 1978 4323 εὐμηχάνως

394 4326 606 4390 ταύτας
661 4327 1031 4400 ἀφαιρεθεῖεν.
1080 4335 1190 4387 Καὶ
1237 4337 1297 4389 τὸ
1339 4337 1403 4409 δὴ
1452 4338 1792 4411 θαυμαστὸν,
1825 4349 1977 4400 πᾶσα

398 4417 506 4486 μὲν
546 4420 759 4472 ἀνεῖται
797 4423 912 4485 τοῖς
952 4423 1225 4490 Ἰουδαίοις
1257 4429 1289 4498 ὴ
1318 4430 1610 4502 οἰκουμένη
1657 4435 1785 4490 ἔνθα
1828 4438 1977 4492 θύειν

392 4509 517 4600 ούκ-
554 4509 752 4576 ἔξεστι,
813 4515 950 4584 μόνη
988 4516 1044 4570 δὲ
1085 4518 1295 4583 τούτοις
1345 4523 1378 4591 ή
1441 4524 1793 4600 Ἰερουσαλήμ
1841 4535 1976 4586 ἀποτ-

396 4598 746 4668 κέκλεισται,
780 4602 910 4659 ἔνθα
949 4606 1097 4659 θύειν
1133 4611 1292 4677 μόνον
1329 4614 1475 4682 ἐξῆν.
1510 4617 1723 4686 ’Ὠσπερ
1755 4598 1865 4690 γὰρ
1895 4630 1974 4678 οξ-

394 4689 630 4760 κοδόμος
663 4695 943 4762 θεμελίους
974 4699 1087 4762 θεὶς
1106 4741 1124 4768 ,
1151 4703 1362 4774 τοίχους
1394 4708 1708 4779 ἀναστήσας
1733 4754 1746 4776 ,
1777 4713 1975 4785 ὄροφον

395 4785 762 4854 καμαρώσας,
792 4788 892 4861 τὴν
919 4795 1179 4862 καμάραν
1209 4796 1428 4868 ἐκείνην
1452 4803 1532 4864 εἰς
1554 4802 1648 4856 ἕνα
1679 4806 1800 4858 τινά
1824 4806 1971 4860 λίθον

397 4881 570 4946 μέσον
603 4880 913 4952 συνέδησεν,
951 4879 1071 4937 εἶτα
1093 4886 1184 4939 τὸν
1214 4888 1360 4943 λίθον
1382 4891 1594 4947 ἐκεῖνον
1614 4897 1848 4963 ἀφελὼν,
1878 4902 1967 4955 τὸν

392 4967 579 5021 πάντα
613 4975 712 5040 τῆς
741 4973 1037 5046 οἰκοδομῆς
1065 4977 1281 5032 διέλυσε
1306 4981 1630 5054 σύνδεσμον,
1663 4990 1805 5044 οὕτω
1829 4996 1968 5048 καἰὺ

392 5061 568 5127 Θεὸς,
603 5064 856 5136 καθάπερ
893 5071 1016 5120 τινὰ
1049 5070 1340 5143 σύνδεσμον
1380 5075 1476 5143 τῆς
1505 5079 1593 5131 διὰ
1633 5083 1832 5138 θυσιῶν
1876 5086 1969 5139 λα-

390 5153 585 5224 τρείας
602 5157 700 5225 τὴν
715 5156 1068 5231 Ἰερουσαλὴμ
1098 5166 1442 5237 ὁρισάμενος,
1467 5168 1585 5226 εἶτα
1607 5175 1816 5245 ταύτην
1836 5179 1967 5232 ἀνα-

389 5247 602 5315 τρέψας
621 5250 758 5318 ὁμοῦ
778 5252 1045 5307 κατέλυσε
1066 5260 1160 5310 καὶ
1178 5260 1273 5332 τὴν
1301 5261 1557 5331 λατρείαν
1589 5267 1698 5320 τῶν
1737 5267 1960 5327 θυσιῶν.

2081 3254 2232 3298 satur
2259 3243 2282 3293 ?
2311 3240 2402 3310 qui
2433 3254 2558 3295 cum
2587 3253 2698 3292 uno
2721 3239 2774 3292 in
2809 3237 2929 3292 loco
2949 3237 3136 3306 jubeat
3166 3235 3502 3299 sacriﬁcare;
3527 3251 3652 3291 eum

2080 3336 2286 3404 ipsum.
2317 3333 2504 3387 locum
2553 3332 2635 3386 sic
2674 3331 2891 3395 evertit,
2930 3339 2993 3384 ut
3049 3330 3114 3383 ad
3150 3344 3276 3383 eum
3330 3328 3501 3382 Judaei
3553 3345 3653 3383 πο·

2079 3435 2282 3496 queant
2311 3424 2614 3480 accedere?
2644 3422 2864 3478 Minime
2887 3437 3039 3489 vero,
3070 3421 3164 3477 sed
3191 3421 3654 3491 quemadmodum

2082 3520 2188 3574 illis
2223 3533 2293 3572 ne
2322 3518 2576 3572 victimas
2604 3515 2823 3586 quidem
2875 3514 3032 3570 initio
3065 3513 3284 3568 volebat
3327 3514 3652 3578 concedere,

2085 3629 2222 3682 quas
2267 3621 2470 3675 tamen,
2507 3624 2634 3664 cum
2669 3609 2790 3663 illos
2817 3608 3060 3671 insanos,
3103 3607 3318 3671 anxios,
3343 3617 3398 3660 et
3460 3621 3648 3659 earum

2083 3707 2156 3759 ita
2196 3703 2424 3773 cupidos
2454 3701 2800 3771 intelligeret,
2852 3709 2912 3754 ut
2957 3700 3062 3754 nisi
3127 3699 3442 3753 immolandi
3497 3707 3652 3766 pote-

2083 3807 2280 3849 statem
2368 3793 2732 3861 accepissent,
2819 3792 2886 3846 ad
2955 3790 3373 3845 simulacrorum
3445 3789 3650 3842 cultum

2085 3887 2229 3940 ultro
2264 3892 2451 3938 essent
2497 3882 2808 3952 praecipites
2854 3881 3076 3944 ruituri,
3131 3895 3198 3936 eo
3231 3881 3458 3936 consilio
3504 3895 3646 3934 cono

2081 3977 2268 4045 cessit,
2310 3987 2366 4029 ut
2393 3990 2488 4030 eos
2515 3992 2542 4028 a
2576 3973 2881 4029 simulacris
2910 3975 2973 4027 ad
3016 3987 3076 4026 se
3102 3971 3390 4026 colendum
3424 3987 3657 4025 conver-

2086 4079 2246 4130 teret,
2288 4069 2496 4121 minore
2551 4066 2692 4119 malo
2742 4065 3033 4134 permisso,
3095 4081 3163 4118 ne
3203 4065 3257 4118 in
3295 4066 3514 4134 gravius
3579 4066 3652 4118 in-

2082 4143 2391 4224 currerent,
2419 4159 2495 4214 sic
2527 4157 2924 4228 sapientissime
2960 4158 3390 4226 brevissitnaque
3441 4158 3651 4213 ratione

2082 4255 2202 4309 illas
2235 4252 2475 4315 sustulit,
2512 4267 2634 4306 cum
2695 4255 2747 4304 in
2802 4267 2909 4305 una
2949 4261 3158 4305 tantum
3204 4251 3423 4305 civitate
3457 4251 3652 4304 immo-

2081 4347 2195 4400 lare
2229 4346 2584 4416 permitteret,
2633 4343 2774 4398 banc
2825 4353 3004 4397 autem
3057 4343 3409 4396 evertendam
3443 4358 3506 4395 ac
3557 4344 3650 4396 de-

2005 4441 2300 4539 1)lendam
2355 4447 2594 4504 curaret,
2648 4447 2729 4502 ut,
2810 4453 2935 4492 cum
2995 4446 3145 4490 extra
3209 4437 3352 4491 illam
3410 4447 3648 4492 mactare

2080 4535 2328 4590 victimas
2359 4548 2454 4602 per
2488 4533 2662 4602 legem
2695 4545 2804 4586 non
2841 4531 3049 4594 liceret,
3078 4545 3144 4584 ea
3171 4531 3382 4584 sublata
3409 4531 3640 4584 victimae

2078 4627 2414 4680 tollerentur.
2463 4622 2633 4678 Totus
2674 4623 2819 4676 enim
2854 4631 3120 4677 terrarum
3157 4621 3327 4682 orbis,
3352 4621 3496 4688 quod
3524 4623 3644 4688 qui-

2071 4721 2192 4775 dem
2225 4717 2474 4772 mirabile
2507 4724 2611 4780 est,
2640 4715 2849 4770 ludatis
2889 4713 3230 4776 conceditur,
3287 4713 3378 4767 ubi
3437 4713 3648 4766 sacriﬁ'

2071 4823 2200 4864 care
2259 4822 2368 4861 non
2417 4807 2565 4871 licet,
2614 4821 2645 4859 a
2702 4807 2815 4861 sola
2877 4813 3063 4860 autem
3115 4801 3417 4859 Jerusalem
3451 4805 3638 4858 exclu-

2069 4905 2293 4965 duntur,
2326 4899 2381 4953 in
2416 4913 2522 4975 qua
2554 4913 2659 4952 una
2689 4897 2818 4964 illis,
2857 4907 2918 4952 ut
2947 4895 3282 4960 sacriﬁcent,
3316 4897 3645 4966 permissum

2067 5003 2173 5050 est.
2217 4993 2346 5048 Nam
2411 5002 2469 5047 ut
2511 4991 2869 5056 architectus,
2915 4991 2960 5044 si
3033 4989 3197 5059 jactis
3253 4990 3647 5054 fundamentis,

2065 5087 2373 5154 erectisque
2403 5083 2722 5154 parietibus,
2769 5082 2966 5156 fastigii
3008 5082 3341 5138 testudinem
3375 5082 3439 5135 ad
3513 5082 3648 5150 lapi-

2066 5181 2188 5235 dem
2221 5193 2390 5233 unum
2421 5177 2475 5231 in
2503 5177 2684 5231 medio
2715 5175 2950 5245 pOsitum
2997 5173 3290 5237 devinciat,
3352 5186 3416 5226 eo
3470 5171 3645 5240 lapide

2067 5273 2278 5328 sublato
2309 5279 2480 5325 totum
2507 5268 3006 5324 evertitretliﬁciutn
3032 5285 3045 5318 :
3072 5269 3142 5322 ita
3163 5268 3304 5322 Deus
3325 5280 3448 5318 cum
3470 5265 3643 5332 quad-

389 5337 523 5392 dam
590 5343 757 5398 veluti
820 5347 1213 5406 sacriﬁciorum
1292 5353 1566 5412 vinculum
1635 5359 1935 5420 Jerusalem
2011 5366 2411 5432 constituisset,
2465 5365 2568 5419 hac
2617 5378 2808 5419 eversa
2867 5363 3114 5419 victimas
3168 5359 3482 5415 immolandi
3551 5361 3644 5425 jus

388 5435 694 5506 abrogavit.

1007 5538 1117 5594 Τοῦ
1169 5543 1377 5598 αὐτοῦ.

469 5623 594 5678 ’Ότι
644 5625 765 5679 οὑδὲ
785 5631 904 5691 ταῖς
935 5629 1148 5696 θυσίαις
1180 5637 1544 5708 ἀρεσκόμενος
1572 5642 1598 5693 ὁ
1627 5641 1759 5706 θεὸς
1781 5643 1969 5716 ἐνομο-

473 5803 494 5833 ¹’
523 5801 677 5860 Deut.
716 5824 822 5873 ενι,
863 5810 916 5866 5.
950 5810 1002 5866 ὓ.

2733 5550 3004 5617 Ejusdem.
3179 5617 3195 5634 .

2149 5645 2302 5712 Quod
2335 5652 2516 5699 autem
2560 5647 2702 5700 Deus
2755 5642 3100 5698 sacriﬁcandi
3147 5655 3294 5710 teges
3327 5641 3469 5701 tulit.
3530 5657 3638 5696 non
