4120 6292
317 332 432 396 2231

1275 334 1658 395 ΡΛΝΟΡΗΛ
1709 337 2173 400 ΠΟΟΜΛἨΕΑ.
2222 368 2286 378 -
2327 344 2472 404 ἸΊΤ.
2520 346 2686 408 Vill.

3511 347 3618 407 εδει

313 446 418 500 τοῦ
461 447 655 518 Πάσχα
695 445 787 521 ἦν,
824 453 918 505 καὶ
972 453 1004 518 ἠ
1052 453 1160 506 τῶν
1216 454 1492 526 Ἀζιὶμων,
1536 461 1566 525 ἡ
1616 461 1715 528 μὲν
1769 462 1910 514 κατὰ

2026 465 2104 531 ligi
2142 476 2352 533 potest.
2400 467 2490 536 qui
2531 484 2655 521 cum
2706 469 2865 522 tertio
2895 467 3052 536 primi
3095 466 3300 520 mcusis
3340 466 3428 519 die
3469 466 3614 533 jcju-_

314 541 420 610 τὴν
448 538 580 612 ιδ’,ή
610 542 664 594 δὲ
691 544 795 596 ἀπὸ
813 545 911 614 τῆς
936 551 996 597 ιε’
1021 546 1152 616 ἄχρι
1182 547 1281 617 τῆς
1309 547 1416 615 καί,
1440 554 1494 602 ὲν
1523 550 1608 614 αἷς
1633 554 1913 623 νηστεύειν

316 631 487 701 θέμις
519 634 619 686 οὐκ
651 630 739 705 ἦν.

2024 568 2157 606 utre
2193 555 2471 622 ccepissct.
2522 568 2631 609 tros
2680 558 3048 611 hebdomadas
3092 555 3383 623 jciunavit,
3439 571 3613 620 usque

2027 649 2090 700 nd
2127 651 2444 704 vicesimum
2481 665 2732 720 qimrtnm
2775 654 3024 722 ejusdem
3070 653 3274 706 mensis
3295 652 3465 705 diem.
3492 651 3616 714 Quo

315 727 548 794 quidem
601 743 788 783 mense
821 730 1112 787 celebritas
1176 744 1292 788 erat.
1331 745 1444 787 tum
1482 734 1780 796 Paschatis,
1836 746 1947 789 tum
1991 742 2340 811 Azymormn,
2396 746 2676 799 Paschalis
2739 748 2958 814 quidem
3012 748 3096 798 de
3155 747 3358 799 incnsis
3413 752 3609 812 quarto

319 817 942 892 deCim0;A1Ym0rum
993 835 1173 878 autem
1206 841 1234 878 a
1294 828 1707 896 quartodecimo
1753 833 2023 895 usquead
2079 838 2400 891 vicesimum
2451 841 2709 903 primum.
2743 842 2942 909 quibus
2999 839 3190 893 diebus
3219 839 3467 907 jcjunare
3521 853 3618 889 ne-

321 912 416 966 fas
456 923 598 968 erat.

935 1013 1044 1068 Τοῦ
1077 1016 1286 1080 αὐτοῦ.

418 1102 548 1155 Ἐὰν
603 1103 659 1158 δὲ
720 1105 952 1174 λέγωσιν
1010 1109 1092 1161 ὅτι
1148 1109 1547 1178 Προσδοκῶμεν
1612 1108 1708 1179 τὴν
1758 1109 1912 1162 πόλιν

323 1196 648 1260 ἀπολαϐεῖν,
707 1199 829 1251 εἰπὲ
881 1217 1015 1272 np";
1066 1201 1286 1264 αὐτοὺς,
1337 1199 1549 1255 Οὐκοῦν
1582 1201 1912 1272 .ἡσυχάσατε

322 1289 437 1351 ἓως
489 1289 807 1360 ἀπολάϐητε
863 1293 1058 1362 αὑτήν.
1086 1295 1198 1346 Καὶ
1233 1295 1342 1364 γὰρ
1391 1296 1486 1348 καὶ
1531 1295 1580 1347 οἱ
1615 1294 1722 1364 πρὸ
1760 1294 1915 1362 ὑμῶν

319 1382 862 1451 αἰχμαλωτισθέντες
896 1384 1044 1452 ἅγιοι
1078 1387 1271 1458 μέχρις
1302 1387 1368 1441 ἂν
1401 1387 1676 1441 ἀπέλαϐον
1715 1387 1910 1457 αὐτὴν,

319 1473 448 1525 οὐδὲ
477 1475 604 1542 μίαν
635 1475 863 1546 νομικὴν
893 1477 1184 1532 ἐπετέλουν
1209 1480 1488 1550 λατρείαν⁹
1515 1481 1579 1532 σὺ
1609 1479 1667 1532 δὲ
1696 1480 1918 1539 τούτους

319 1566 542 1619 ἀθετῶν
571 1567 853 1636 προδήλως
881 1574 1240 1640 παρανομεῖς.

612 1663 616 1665 “
941 1662 1050 1715 Τοῦ
1081 1663 1288 1718 αὐτοῦ.

395 1751 720 1821 Χρίσματος
749 1754 849 1806 οὐκ
881 1754 1054 1817 ὄντος,
1083 1757 1184 1807 οὐκ
1223 1755 1367 1825 ἔχεις
1414 1757 1567 1825 ἱερέα
1593 1773 1604 1786 ·
1641 1757 1718 1827 μὴ
1758 1757 1910 1820 ὄντος
1947 1760 1986 1814 Β

323 1843 544 1912 ἱρὲως,
579 1845 681 1896 οὐκ
711 1844 855 1914 ἔχεις
889 1846 1100 1903 θυσίαν,
1134 1847 1254 1900 οὐδὲ
1284 1849 1544 1919 λατρείαν
1575 1852 1720 1904 τινά.

940 2029 1050 2084 Τοῦ
1089 2033 1302 2088 αὐτοῦ.

396 2121 742 2192 Προμηνὺων
798 2123 825 2174 ὸ
870 2121 1001 2186 Θεὸς
1051 2124 1148 2193 τὴν
1198 2127 1496 2181 κατάλυσιν
1534 2129 1634 2197 τῆς
1681 2131 1914 2199 νομικῆς

321 2218 654 2286 ἱερωσύνης,
687 2219 877 2286 εἴρηκε
931 2218 1024 2271 διὰ
1063 2220 1156 2273 τοῦ
1202 2221 1402 2274 Δαϐίδ⁶
1440 2221 1524 2275 Σὺ
1577 2223 1771 2289 ἱερεὺς
1822 2226 1910 2286 εἰς

323 2313 437 2363 τὸν
481 2308 666 2362 αιῶνα
700 2311 853 2363 κατὰ
913 2311 1028 2378 τὴν
1083 2312 1256 2375 τάξιν
1307 2314 1706 2380 Μελχισεδὲκ,
1753 2312 1810 2374 ὃς
1853 2315 1915 2365 οὐ

327 2404 529 2466 θυσίας
571 2405 796 2473 νομικὰς
853 2405 1084 2473 ίὲρευεν,
1144 2405 1260 2457 ἀλλ’
1317 2408 1509 2477 εὐχὰς,
1577 2408 1670 2460 καὶ
1725 2409 1913 2476 ἄρτον,

326 2494 428 2546 καὶ
472 2491 633 2559 οἶνον,
671 2495 746 2557 ὡς
803 2497 836 2563 ἡ
873 2495 1084 2565 ἱστορία
1135 2496 1710 2574 διδάσκειηΠρὸδηλον
1737 2500 1916 2551 τοίνυν

321 2587 404 2650 ὡς
433 2589 498 2656 τῇ
531 2588 636 2657 μὲν
667 2588 940 2659 ἱερωσύνῃ
989 2587 1085 2641 τοῦ
1125 2590 1335 2658 Ἀαρὼν
1379 2591 1722 2660 συνανῃρέθη
1755 2593 1850 2644 καὶ
1881 2594 1916 2660 ἡ

318 2679 530 2749 νομικὴ
577 2679 850 2746 πολιτεία,
882 2683 948 2750 τῇ
1000 2681 1057 2734 δὲ
1088 2681 1183 2734 τοῦ
1218 2682 1556 2751 Μελχισεδὲκ
1604 2699 1918 2735 συναντεισ-

319 2773 468 2842 ήχθη
495 2771 744 2826 πολιτεία
779 2777 1159 2843 προσήκουσα,

935 2864 1050 2918 Τοῦ
1095 2865 1303 2918 αὑτοῦ.

395 2958 566 3012 Οὐδὲν
614 2958 948 3029 ἀθλιώτερον
984 2960 1095 3012 τῶν
1155 2960 1450 3015 Ἰουδαίων.
1480 2962 1611 3014 Ὅτε
1655 2962 1756 3032 μὲν
1806 2961 1915 3030 γὰρ

319 3052 434 3105 ἔδει
466 3054 657 3122 τηρεῖν
711 3051 802 3104 τὸν
849 3053 1036 3121 νόμον,
1097 3053 1428 3122 παρέϐαινον
1491 3055 1678 3120 αὐτὸν,
1721 3056 1810 3107 ὅτε
1858 3056 1914 3107 δὲ

319 3147 634 3210 πέπαυται,
705 3146 895 3212 τηρεῖν
941 3142 1314 3214 ἐπιχειροῦσι,
1357 3146 1454 3197 καὶ
1518 3145 1917 3215 παροργίζουσι

319 3237 417 3287 τὸν
449 3233 604 3299 Θεὸν,
630 3235 689 3287 οὐ
726 3235 888 3303 μά.ον
913 3235 1370 3304 παραϐαίνοντες,
1418 3234 1555 3288 ἀλλὰ
1591 3237 1684 3288 καὶ
1716 3236 1918 3302 φυλάτ-

323 3340 545 3388 τοντες.

936 3417 1048 3472 Τοῦ
1089 3418 1299 3473 αὑτοῦ.

399 3511 564 3581 Τρεῖς
593 3509 838 3570 δουλείας
879 3509 1125 3562 Ἰουδαῖοι
1157 3509 1402 3578 χαλεπὰς
1450 3511 1779 3580 ὑπέμειναν,
1815 3510 1918 3578 τὴν

323 3606 386 3658 ὲν
416 3604 704 3676 Αἰγύπτῳ,
736 3605 833 3677 τὴν
873 3608 930 3659 ὲν
983 3605 1287 3667 Βαϐυλῶνι,
1331 3593 1430 3676 τὴν
1488 3606 1580 3658 ὲπὶ
1642 3605 1916 3674 Ἀντιόχου

322 3699 424 3752 τοῦ
470 3699 822 3767 Ἐπιφανοῦς.
891 3699 1167 3767 Οὐδεμίαν
1221 3697 1276 3750 δὲ
1316 3699 1486 3767 χωρὶς
1553 3698 1920 3768 προρρήσεως

325 3795 614 3862 ἐπήγαγεν
659 3793 843 3854 αὐτοῖς
892 3793 920 3845 ὁ
961 3791 1116 3856 Θεὸς,
1145 3791 1263 3844 ἀλλ’
1295 3793 1381 3859 ἐφ’
1435 3791 1674 3861 ἑκάστης
1705 3792 1799 3845 καὶ
1828 3791 1919 3842 τὸν

325 3884 565 3957 ἀριθμὸν
600 3885 708 3938 τῶν
745 3885 879 3936 ἐτῶν
914 3885 1176 3952 ἐμήνυσε,
1209 3884 1310 3954 τῆς
1363 3884 1463 3954 μὲν
1501 3883 1596 3951 ἐτη
1651 3881 1918 3952 τετρακό-

330 3995 447 4042 σια,
485 3978 584 4047 τῆς
632 3978 690 4030 δὲ
741 3977 1136 4047 ἑϐδομήκοντα,
1169 3976 1270 4044 τῆς
1304 3976 1362 4028 δὲ
1412 3977 1510 4047 ἐτη
1558 3977 1683 4047 τρία
1715 3975 1915 4044 ἣμισυ,

331 4073 434 4126 καὶ
469 4072 666 4141 μικρόν
709 4087 760 4122 τι
812 4071 973 4141 πρὸς,
1021 4070 1114 4122 καὶ
1155 4068 1252 4134 τὴν
1286 4069 1602 4138 ἐλευθερίαν
1633 4067 1923 4136 εὐηγγελί-

331 4182 488 4219 σατο.
525 4165 634 4216 Καὶ
673 4163 802 4234 περὶ
839 4163 938 4231 μὲν
977 4161 1075 4229 τῆς
1114 4163 1171 4213 ὲν
1221 4160 1484 4230 Αἰγύπτῳ
1528 4159 1862 4229 προείρηκεν
1896 4161 1922 4211 ὁ

327 4259 468 4321 Θεὸς
491 4255 570 4328 τῷ
608 4256 883 4325 Ἀϐραὰμ,
915 4254 1247 4307 Γινώσκων
1277 4255 1486 4322 γνώσῃ
1514 4253 1604 4304 ὅτι
1627 4251 1924 4318 πάροικον

327 4353 504 4406 ἔσται
531 4351 598 4404 τὸ
621 4345 861 4417 σπέρμα
887 4360 1007 4400 σου
1039 4347 1111 4399 ἐν
1150 4345 1227 4415 γῇ
1283 4348 1396 4399 οὐκ
1429 4345 1568 4411 ἰδίᾳ.
1625 4344 1734 4397 Καὶ
1784 4343 1923 4397 δου-

2627 1017 2884 1082 Eiusdem

2094 1109 2248 1173 Quod
2319 1111 2362 1164 si
2410 1111 2811 1180 responderint.
2851 1127 3069 1178 sperare
3121 1127 3177 1164 se
3227 1113 3504 1166 civitati-ni
3537 1131 3618 1167 rc-

2027 1215 2408 1271 cuperaturos,
2437 1205 2525 1257 dic
2561 1205 2665 1257 illis
2698 1223 2710 1258 :
2746 1203 2885 1274 Ergo
2916 1205 3200 1273 quiescite,
3249 1206 3427 1274 quoad
3473 1207 3615 1259 illam

2025 1297 2383 1362 recuperetis.
2411 1294 2546 1350 Nam
2577 1307 2632 1350 et
2670 1297 2844 1350 sancti
2911 1298 3035 1356 viri.
3068 1298 3161 1365 qui
3219 1308 3347 1352 ante
3402 1315 3499 1351 vos
3563 1298 3616 1350 in

2027 1387 2395 1454 captivitatem
2453 1389 2601 1442 ducti
2633 1398 2789 1449 sunt,
2826 1389 3036 1442 nullum
3103 1399 3336 1456 egerunt
3405 1390 3617 1443 Sacriﬁ-

2027 1481 2195 1541 cium,
2229 1490 2520 1544 antequam
2546 1481 2692 1534 illam
2720 1490 3140 1551 recuperarunt.
3187 1480 3292 1534 Vos
3339 1491 3519 1535 autem
3552 1482 3615 1533 il-

2029 1573 2112 1627 los
2169 1582 2528 1642 aspernantes
2579 1583 2768 1643 aperte
2826 1573 3111 1628 disceditis
3166 1574 3234 1628 ab
3294 1577 3410 1644 ipsa
3476 1576 3612 1645 lego.

2683 1665 2958 1733 Ejusdem.

2088 1757 2226 1811 Cum
2266 1757 2411 1812 absit
2454 1757 2664 1818 unctio.
2707 1773 2815 1811 non
2857 1757 3028 1812 habes
3083 1759 3448 1813 sacerdotem.
3518 1759 3616 1810 ah-

2019 1860 2175 1904 sente
2207 1851 2508 1914 sacerdote,
2546 1867 2645 1905 nec
2667 1850 2996 1904 sacriﬁcium
3033 1851 3225 1914 habes,
3287 1867 3389 1906 nec
3445 1853 3613 1906 ullum

2020 1945 2251 1998 Cultum.

2657 2036 2936 2106 Ejusdem.

2093 2128 2236 2183 Deus
2261 2128 2577 2198 signiﬁcans
2630 2130 2899 2184 sacnlicia
2951 2131 3066 2199 lege
3117 2131 3416 2185 constituta
3459 2129 3616 2182 abro-

2019 2231 2202 2290 gatum
2239 2223 2323 2284 iri,
2358 2238 2454 2292 per
2499 2221 2778 2284 Davidem,
2840 2223 2914 2275 Tu
2986 2240 3060 2279 es.
3109 2225 3307 2291 inquit.
3365 2225 3614 2276 sacerdos

2020 2316 2074 2365 in
2114 2324 2367 2366 reternum
2415 2319 2704 2367 secundum
2738 2315 2977 2367 ordinem
3018 2315 3396 2368 Melchisedech
3441 2316 3482 2376 ¹,
3528 2317 3623 2381 (μισ

2019 2421 2130 2460 non
2159 2405 2289 2476 legis
2322 2406 2714 2468 sacriﬁcia,sed
2744 2421 2952 2476 preces,
2985 2419 3034 2461 et
3061 2423 3256 2477 panem
3307 2423 3371 2462 ac
3429 2407 3616 2460 vinum

2021 2497 2240 2552 obtulit.
2275 2497 2504 2551 Constat
2536 2498 2699 2566 igitur
2752 2513 2858 2551 una
2899 2515 3024 2552 cum
3058 2499 3292 2552 Aarouis
3359 2499 3620 2553 sacerdo-

2021 2591 2098 2643 tio
2133 2589 2403 2643 sublatam
2439 2604 2561 2644 esse
2598 2590 2731 2659 legis
2765 2590 3324 2654 administrationem,
3354 2591 3407 2643 in
3460 2591 3618 2658 cuius

2020 2682 2199 2736 locum
2225 2681 2648 2735 administrandi
2681 2683 2822 2736 ratio
2853 2695 3168 2751 congruens
3191 2679 3611 2736 'Melchiscdcch

2019 2769 2484 2825 administrationi
2555 2771 2850 2826 successit.

2660 2860 2939 2930 Ejusdem.

2090 2955 2235 3009 Nihil
2253 2963 2338 3009 est
2359 2953 2564 3008 Judzeis
2592 2954 2885 3020 infelicius,
2905 2957 2996 3024 qui
3029 2973 3152 3012 cum
3183 2959 3286 3029 legi
3311 2959 3617 3028 parendum

2021 3058 2186 3111 esset,
2222 3063 2344 3102 eam
2375 3047 2867 3117 aspernabantur;
2911 3065 3056 3104 nunc
3114 3061 3299 3105 autem
3355 3066 3479 3105 cum
3533 3050 3612 3102 illi

2028 3141 2329 3209 parendum
2359 3155 2469 3194 non
2499 3141 2729 3204 sit,eam
2755 3152 3030 3194 conantur
3053 3143 3372 3216 observare,
3409 3141 3615 3195 Deum-’

2021 3251 2149 3304 que,
2183 3251 2290 3288 non
2323 3235 2502 3290 solum
2531 3235 2803 3290 violantes
2852 3235 3048 3305 legem,
3105 3250 3296 3288 verum
3334 3235 3501 3289 etiam
3557 3236 3619 3288 il-

2021 3328 2129 3381 lam
2157 3329 2543 3393 observantes,
2611 3330 2853 3383 irritant.

2709 3423 2984 3489 Ejusdem.

2105 3517 2244 3571 Tres
2300 3518 2604 3570 servitutes
2636 3515 2810 3570 iudici
2847 3517 3197 3587 gravissimas
3249 3517 3621 3587 pertulerunt,

2023 3627 2186 3667 unam
2220 3611 2277 3664 in
2307 3609 2546 3680 Egypto
2576 3647 2592 3673 ,
2625 3611 2854 3662 alteram
2911 3610 2965 3662 in
3027 3609 3323 3678 Babylone,
3389 3606 3609 3660 tertiam

2024 3706 2126 3758 sub
2154 3703 2427 3757 Antiocho
2462 3713 2830 3773 cognomento
2871 3701 3092 3756 lllustri.
3138 3701 3339 3755 llarum
3403 3701 3614 3754 nuflam

2032 3796 2220 3849 intulit
2244 3794 2408 3857 Deus,
2445 3811 2608 3863 quam
2649 3811 2757 3848 non
2791 3804 2922 3848 ante
2982 3794 3318 3863 przudixerit.
3381 3791 3623 3862 Singulis

2028 3888 2178 3942 enim
2235 3887 2570 3956 praeﬁnitum
2643 3903 2912 3940 annorum
2971 3900 3268 3939 numerum
3327 3884 3620 3948 indicavit,

2031 3978 2221 4047 primae
2289 3977 2846 4045 quadringentorum,
2909 3975 3169 4029 secundae
3239 3973 3612 4043 septuaginta,

2028 4069 2201 4123 tertia:
2235 4067 2400 4120 trium
2429 4083 2552 4120 cum
2574 4068 2800 4120 dimidio
2826 4106 2840 4129 ,
2865 4075 2922 4120 et
2977 4066 3138 4134 paulo
3193 4066 3450 4134 amplius.
3501 4063 3623 4129 Quo

2025 4163 2247 4231 quidem
2279 4159 2536 4215 absoluto
2564 4160 2827 4229 temporis
2875 4159 3054 4230 spatio
3109 4159 3419 4213 libertatem
3477 4172 3623 4211 rcce-

2027 4265 2225 4324 pturos
2250 4253 2669 4323 praenuntiavit.
2690 4252 2768 4306 Ac
2798 4254 2868 4307 de
2915 4252 3008 4306 illa
3037 4253 3286 4321 quidem,
3349 4265 3468 4319 qum
3521 4249 3625 4304 fuit

2029 4347 2083 4399 in
2107 4347 2359 4417 Egypto,
2383 4346 2462 4400 sic
2478 4361 2602 4400 cum
2634 4346 2904 4400 Abraham
2932 4347 3144 4400 locutus
3199 4354 3286 4398 est
3338 4362 3352 4398 :
3424 4341 3610 4398 Sciens

327 4441 648 4499 λώσουσιν
677 4441 844 4503 αὐτὸ,
871 4438 970 4492 καὶ
1003 4437 1392 4492 κακώσουσιν
1410 4437 1513 4505 ἐτη
1545 4437 1919 4502 τετρακόσια.

2028 4439 2343 4508 scito.quod
2366 4453 2538 4490 semen
2572 4447 2720 4489 tuum
2789 4438 3131 4506 peregrinum
3203 4437 3299 4490 erit
3366 4437 3422 4489 in
3483 4448 3625 4489 terra

334 4536 416 4590 Τὸ
453 4535 523 4588 δὲ
575 4533 752 4599 ἔθνος
796 4524 844 4598 ᾦ
894 4531 971 4585 ἂν
1030 4529 1412 4584 δουλεύσωσι
1448 4527 1630 4596 κρινῶ
1658 4527 1804 4597 ἐγώ·
1832 4543 1925 4579 τε·

329 4625 520 4696 τάρέῃ
545 4626 614 4679 δὲ
641 4621 815 4695 γενεᾷ
854 4623 1369 4677 ἐπανελεύσονται
1421 4616 1539 4676 ὦδε
1569 4625 1723 4691 μετὰ
1773 4622 1924 4675 ἀπο-

333 4720 574 4790 σκευῆς
612 4719 875 4788 πολλῆς.
937 4716 1181 4788 Ἐμαθες
1226 4715 1328 4786 ήδη
1385 4715 1480 4767 τὸν
1529 4713 1764 4784 ἀριθμὸν
1814 4713 1925 4766 τῶν

332 4815 502 4877 ὲτῶν,
533 4814 614 4866 ὃτι
655 4810 1004 4882 τετρακόσια’
1035 4809 1126 4861 καὶ
1154 4808 1255 4877 τὴν
1286 4807 1629 4878 πικροτάτην
1650 4806 1922 4871 δουλείαν,

337 4911 426 4964 ὅτι
459 4905 822 4961 Κακώσουσιν
853 4903 987 4956 αὑτό
1009 4917 1023 4932 ο
1061 4901 1157 4953 καὶ
1188 4901 1288 4971 τὴν
1315 4901 1471 4970 δίκην
1498 4902 1606 4952 τῶν
1652 4898 1923 4953 δουλωσα-

339 5000 545 5073 μένων,
584 4994 1030 5066 κατακριθέντων
1069 4991 1506 5060 ἐναποπνιγῆναι
1547 4993 1657 5053 τοῖς
1711 4989 1872 5043 ὕδασι
1901 5005 1917 5020 ο

335 5093 436 5147 καὶ
462 5090 553 5144 τὸν
578 5088 781 5159 τρόπον
812 5087 911 5157 τῆς
944 5084 1292 5155 ἀπαλλαγῆς,
1312 5084 1395 5137 ὅτι
1413 5084 1569 5138 Μετὰ
1603 5085 1920 5152 ἀποσκευῆς

335 5182 567 5253 πολλῆς,
585 5180 785 5252 δηλαδὴ
816 5179 1140 5250 χρημάτων.
1173 5177 1309 5246 Περὶ
1331 5175 1387 5229 δὲ
1421 5177 1519 5245 τῆς
1549 5177 1609 5246 ἐν
1634 5175 1918 5230 Βαῦυλῶνι

337 5277 758 5346 προεφήτευσεν
824 5270 1098 5341 Ἱερεμίας
1143 5267 1407 5339 εἰρηκὼς,
1465 5264 1615 5322 Εἷπε
1666 5268 1918 5335 Κύριοςο

341 5369 526 5420 Ὅταν
549 5363 746 5434 μέλλῃ
798 5362 1180 5431 πληροῦσθαι
1223 5360 1300 5429 τῇ
1332 5361 1644 5415 Βαϐυλῶνι
1699 5367 1746 5414 o’
1795 5361 1922 5427 ἔτη,

334 5453 748 5526 ἐπισκέψομαι
779 5454 960 5525 ὑμᾶς,
988 5457 1086 5508 καὶ
1141 5452 1458 5521 ἐπιστήσω
1484 5454 1577 5521 ἐφ’
1604 5450 1761 5522 ὑμᾶς
1781 5451 1925 5518 τοὺς

334 5553 568 5620 λόγους·
606 5566 725 5618 μου
773 5547 917 5614 τοὺς
965 5547 1252 5617 ἀγαθοὺς,
1285 5546 1393 5602 τοῦ
1420 5543 1802 5614 ἀποστρέψαι
1834 5547 1923 5608 εἰς

336 5643 450 5698 τὸν
473 5643 664 5695 τόπον
686 5639 927 5695 τοῦτον.
969 5640 1080 5693 Καὶ
1101 5639 1446 5707 ἐπιστρέψω
1481 5638 1597 5707 τὴν
1622 5639 1923 5707 αἰχμαλω-

425 5815 616 5873 ‘Psal.
651 5834 758 5883 etx,
820 5819 870 5871 4.
956 5815 1135 5871 ³6οιι.
1213 5831 1300 5881 xv,
1348 5813 1435 5878 15,
1488 5809 1567 5865 Η.

2032 4549 2136 4585 non
2189 4549 2311 4595 sua,
2349 4540 2394 4582 et
2424 4547 2509 4584 eos
2547 4530 2789 4584 servituti
2841 4530 3144 4593 subjiciam,
3179 4537 3227 4582 et
3264 4529 3495 4598 afﬂigent
3523 4546 3625 4580 an-

2028 4628 2107 4679 nis
2175 4625 2600 4694 quadringentis.
2661 4623 2877 4678 Gentem
2928 4632 3134 4684 autent,
3189 4623 3272 4674 cui
3316 4619 3618 4684 servierint,

2026 4736 2120 4790 ego
2143 4717 2420 4787 jurlicabo.
2448 4716 2656 4780 Quarta
2688 4726 2871 4769 autem
2907 4715 3245 4782 generatione
3305 4715 3405 4764 huc
3443 4709 3615 4764 rever-

2041 4818 2362 4866 tentitrcum
2403 4827 2598 4880 magna
2656 4811 2806 4876 copia
2843 4811 2890 4859 ’.
2924 4807 3243 4861 Intellexisti
3268 4807 3379 4874 jam
3413 4816 3465 4859 et
3525 4822 3626 4858 an-

2032 4919 2224 4958 norum
2289 4916 2605 4964 numerum,
2657 4915 2854 4967 nempc
2912 4898 3442 4967 quadt'ittgetttnrum
3503 4913 3517 4959 ;
3571 4907 3627 4950 et

2029 4995 2308 5050 servitutis
2356 4993 2731 5054 acerbitatem,
2813 4989 2946 5043 Nam
2980 4988 3263 5058 Affligcut,
3311 4988 3510 5058 inquit;
3568 4997 3624 5040 ct

2030 5088 2359 5156 supplicium
2388 5099 2577 5138 eorum
2609 5099 2636 5136 a
2696 5083 2895 5151 quibus
2936 5091 3256 5152 prementuzr
3301 5081 3567 5135 servitute
3607 5096 3622 5144 ;

2051 5191 2178 5230 nam
2216 5176 2354 5246 Ego,
2386 5174 2584 5244 inquit,
2613 5174 3023 5243 eosjudicabo,
3089 5173 3161 5242 ita
3219 5174 3508 5234 nimirum,
3571 5183 3630 5224 ut

2037 5269 2196 5339 aquis
2222 5267 2619 5322 absorbeantur
2651 5284 2664 5333 ;
2693 5281 2746 5321 et
2787 5265 3132 5321 liberationis
3184 5265 3406 5318 modum
3439 5279 3452 5314 :
3481 5262 3618 5314 Cum

2032 5375 2248 5429 magna,
2281 5357 2481 5426 inquit,
2511 5358 2698 5427 copia,
2726 5356 3083 5425 pecuniarum
3147 5353 3357 5420 utique.
3414 5348 3488 5402 De
3537 5349 3624 5426 illa

2038 5461 2248 5516 autem,
2280 5465 2403 5520 quae
2431 5449 2535 5504 fuit
2570 5442 2624 5503 in
2689 5447 2966 5519 Babylone
3024 5443 3294 5499 Jeremias
3349 5441 3621 5509 propheta

1984 5574 1993 5583 ε
2029 5543 2278 5613 praedixit
2324 5541 2389 5596 ad
2421 5541 2563 5596 hunc
2617 5539 2837 5594 modum
2877 5559 2890 5592 :
2932 5535 3076 5592 Dixit
3140 5533 3433 5586 Dominus:
3489 5530 3624 5586 Cum

2032 5638 2279 5705 coeperint
2329 5634 2540 5704 impleri
2564 5632 2824 5702 Babyloni
2854 5630 3190 5700 septuaginta
3219 5628 3369 5694 anni,
3401 5626 3624 5682 visitabo
