4120 6292
536 354 644 422 283

1757 346 2145 411 EUTHYMII
2184 348 2553 410 ZIGABENI

3673 335 3783 402 284

534 485 641 530 vos,
680 474 727 520 et
745 472 978 521 statuam
1011 480 1161 534 super
1182 479 1269 517 vos
1296 463 1449 518 verba
1472 478 1587 517 mea
1616 462 1771 529 bona,
1799 472 1854 516 ut
1877 472 2078 516 reperta
2096 491 2113 500 -

2222 465 2361 517 σίαν
2388 462 2579 532 ὑμῶν,
2623 458 2721 514 καί
2780 457 3039 526 ἀθροίσω
3083 453 3240 523 ὑμᾶς
3284 453 3355 507 ἐκ
3400 452 3642 506 πάντων
3666 454 3789 505 τῶν

537 558 667 611 mini
712 556 770 611 in
839 558 1008 609 locum
1081 556 1240 618 hunc,
1291 565 1341 609 et
1383 562 1681 609 convertam
1742 555 2105 615 captivitatem

533 656 785 709 vestram,
816 653 862 697 et
890 645 1211 714 congregabo
1233 660 1320 699 vos
1367 661 1431 698 ex
1461 645 1702 699 omnibus
1752 642 2011 712 gentibus,
2048 645 2106 695 in

536 754 666 806 quas
690 738 907 804 dispersi
956 752 1060 800 vos,
1091 738 1258 803 inquit
1293 737 1568 800 Dominus,
1597 745 1645 790 et
1673 746 1971 790 convertam
2019 750 2107 787 vos

539 831 590 881 tn
628 830 795 881 locum
824 834 959 881 unde
1004 829 1298 898 demigrare
1339 846 1427 883 vos
1468 830 1564 899 feci
1629 830 1669 883 '.
1706 827 1870 883 Vides
1925 827 2108 882 omnia

536 935 665 973 vere
694 929 1014 973 enumerata
1053 919 1291 988 illaque
1330 920 1518 974 Daniel
1570 936 1679 974 non
1698 929 1823 973 ante
1864 934 1962 988 pro
2002 919 2110 972 illis

536 1007 881 1075 supplicavit,
908 1022 1068 1075 quam
1096 1009 1438 1077 septuaginta
1499 1008 1653 1071 anni,
1720 1017 1777 1061 ut
1841 1008 1915 1061 ait
1966 1007 2108 1075 ipsc,

536 1097 788 1164 completi
814 1106 962 1160 sunt,
988 1114 1057 1151 ne
1090 1098 1205 1166 ipse
1229 1113 1445 1168 quoque
1467 1100 1702 1162 audiret,
1727 1099 1871 1167 quod
1918 1097 2109 1151 audie-

535 1194 619 1237 rat
640 1183 904 1241 Jeremias
930 1201 943 1238 :
995 1184 1077 1239 Ne
1106 1188 1335 1240 oraveris
1357 1202 1450 1254 pro
1476 1188 1665 1253 populo
1692 1190 1785 1239 hoc
1810 1202 1972 1257 neque
2021 1202 2117 1255 po-

534 1279 813 1332 stulaveris
861 1296 957 1347 pro
996 1281 1124 1344 illis,
1167 1283 1415 1350 quoniam
1467 1298 1573 1335 non
1625 1283 1842 1334 audiam
1876 1291 1923 1333 te
1952 1281 1995 1332 ’.
2038 1279 2115 1331 Ac

539 1368 718 1435 justus
769 1368 987 1435 quidem
1040 1385 1202 1423 orans
1226 1372 1619 1426 condemnabat
1652 1386 1734 1431 se,
1771 1370 2114 1424 Peccavimus

549 1457 824 1523 inquiens,
869 1459 1063 1527 injuste
1123 1463 1344 1529 egimus,
1394 1463 1726 1531 iniquitatem
1770 1463 2007 1531 fecimus.
2046 1464 2115 1514 At

542 1550 621 1602 illi
647 1552 739 1619 qui
775 1552 1040 1605 malorum
1070 1564 1228 1607 erant
1278 1555 1444 1623 pleni,
1486 1564 1677 1609 contra
1735 1570 1793 1609 se
1820 1556 2111 1623 gerebant.

540 1641 911 1707 Servavimus,
946 1646 1184 1711 aiebant,
1220 1648 1475 1700 mandata
1528 1656 1640 1700 tua.
1686 1645 1751 1700 Et
1776 1662 1922 1699 nunc
1985 1648 2114 1700 hea-

542 1744 627 1786 tos
659 1734 891 1788 dicimus
909 1735 1136 1798 alienos,
1169 1748 1389 1793 etnunc
1429 1738 1778 1804 retediﬁcant,
1817 1740 1908 1807 qui
1964 1738 2114 1793 fece-

2210 554 2419 618 ἐθνῶν,
2452 548 2523 609 οὗ
2565 551 2875 619 διέσπειρα
2917 547 3139 612 αὐτοὺς
3168 545 3312 609 ἐκεῖ,
3356 543 3511 613 φησι
3549 544 3786 610 Κύριος,

2212 650 2309 702 καὶ
2341 645 2683 713 ἐπιστρέψω
2702 642 2859 711 ὑμᾶς
2882 643 2970 705 είς
2996 642 3104 693 τὸν
3130 640 3315 690 τόπον
3345 636 3488 689 ὅθεν
3506 633 3787 698 datiuum

2210 741 2367 809 ὑμᾶς
2404 738 2654 793 ἐκεῖθεν.
2700 731 2852 797 Εῖδες
2883 734 3061 788 πάντα
3114 729 3255 799 μετὰ
3286 727 3544 796 ἀληθείας
3585 725 3790 795 προδη-

2211 831 2450 885 λωθέντα
2476 847 2489 895 ;
2523 829 2621 881 Διά
2650 827 2810 880 τοῦτο
2841 825 2933 877 καὶ
2972 824 3001 875 ὁ
3034 821 3231 891 Δανιὴλ
3262 820 3324 871 οὑ
3355 820 3621 888 πρότερον
3656 817 3789 885 περὶ

2186 922 2390 985 ,αὐτῶν
2430 923 2727 983 ἱκέτευσεν,
2758 918 2861 980 ἕως
2901 910 2963 969 οὗ
3009 916 3079 968 τά
3125 914 3498 982 ἐϐδομήκοντα
3522 910 3620 979 ἐτη
3655 926 3786 960 συν-

2214 1016 2601 1085 ετελέσθησαν,
2633 1014 2707 1075 ὡς
2757 1012 2917 1074 αὐτός
2983 1025 3170 1078 φησιν,
3207 1007 3295 1058 ἵνα
3345 1005 3417 1073 μὴ
3450 1002 3659 1071 ἀκούσῃ
3695 1000 3796 1054 καὶ

2215 1108 2397 1170 αὐτὸς,
2458 1108 2593 1176 ὅπερ
2646 1106 2881 1175 ἤκουσεν
2947 1099 3241 1169 Ἱερεμίας,
3296 1097 3391 1163 Μὴ
3441 1093 3798 1163 προσεύχου

2216 1197 2347 1265 περὶ
2379 1197 2485 1250 τοῦ
2505 1196 2659 1250 λαοῦ
2694 1194 2934 1255 τούτου,
2961 1192 3058 1244 καὶ
3092 1190 3174 1259 μὴ
3207 1189 3382 1251 ἀξίου
3407 1185 3538 1253 περὶ
3566 1183 3796 1238 αὐτῶν-

2217 1291 2305 1343 ὅτι
2365 1292 2477 1343 οὐκ
2526 1287 2966 1354 είσακούσομαί
3014 1300 3150 1338 σου.
3186 1282 3293 1333 Καὶ
3340 1283 3366 1332 ὁ
3416 1281 3514 1349 μὲν
3583 1276 3802 1336 δίκαιος

2220 1384 2663 1452 προσευχόμενος
2695 1378 2883 1430 ἐαυτὸν
2912 1374 3236 1436 κατεδίκαζε
3266 1372 3463 1437 λέγων,
3506 1369 3805 1435 Ἥμαρτον

2213 1492 2349 1545 μεν,
2409 1471 2821 1542 ὴνομήσαμεν,
2882 1466 3274 1535 ἠδικήσαμεν.
3335 1464 3397 1515 0i
3459 1461 3516 1512 δὲ
3576 1460 3797 1528 μυρίων

2217 1567 2484 1634 γέμοντες
2540 1562 2728 1616 κακῶν
2790 1557 3105 1613 τούναντίον
3164 1555 3383 1607 ἐποίουν
3439 1553 3789 1620 φάσκοντες·

2231 1656 2609 1724 Ἐφυλάξαμεν
2677 1653 2745 1705 τὰ
2829 1648 3231 1718 προστάγματα
3305 1662 3397 1697 σου
3428 1683 3442 1706 ,
3522 1642 3618 1695 καὶ
3702 1639 3804 1694 νῦν

2224 1747 2602 1817 μακαρίζομεν
2692 1743 3009 1813 ἀλλοτρίους
3036 1746 3064 1807 ,⁴
3145 1742 3238 1793 καὶ
3317 1733 3801 1804 ἁνοικοδομοῦνται

541 1836 671 1880 runt
711 1827 916 1895 iniqua.
951 1826 1084 1881 Nam
1115 1838 1173 1883 ut
1201 1830 1323 1883 b0ni
1389 1831 1565 1884 solent
1620 1841 1740 1898 post
1777 1840 1925 1886 recte
1976 1832 2115 1885 facta

2222 1840 2267 1891 ol
2330 1837 2608 1899 ποιοῦντες
2658 1837 3008 1906 ἀνομήματα.
3076 1835 3289 1901 Ὠσπερ
3335 1830 3445 1900 γὰρ
3493 1831 3607 1889 τοῖς
3655 1828 3799 1893 ἀγα-

546 1920 796 1975 modeste
825 1921 894 1974 de
918 1936 977 1974 se
1005 1921 1236 1981 sentire,
1273 1922 1353 1975 sic
1413 1923 1783 1990 improborum
1838 1937 1955 1976 mos
2008 1934 2113 1986 est,

542 2020 602 2065 nt
636 2022 755 2080 post
781 2012 1012 2065 admissa
1056 2024 1274 2081 peccata
1329 2029 1388 2068 se
1427 2014 1701 2082 jactitent.
1728 2014 1803 2068 De
1845 2015 1931 2068 illa
1989 2032 2117 2068 vero

541 2117 663 2171 qua:
698 2102 797 2155 fuit
825 2103 928 2156 sub
953 2104 1224 2157 Antiocho
1255 2104 1453 2157 lllustri
1476 2104 1709 2159 dilucide
1762 2105 1974 2159 locutus
2032 2116 2117 2159 est

547 2192 753 2252 Daniel.
781 2194 873 2261 qui
904 2195 1135 2247 arietem
1171 2196 1387 2263 quidem
1421 2196 1658 2265 appellat
1722 2196 1942 2251 Darium
1985 2198 2119 2253 Per-

542 2299 732 2337 sarum
764 2299 968 2355 regcm,
1005 2286 1217 2339 hircum
1274 2296 1456 2341 autem
1518 2304 1696 2356 regem
1754 2289 2114 2344 Macedonum

540 2375 939 2440 Alexandrum;
976 2389 1207 2447 quatuor
1238 2396 1363 2434 vero
1403 2381 1546 2434 illius
1586 2396 1989 2451 cornua,reges
2026 2382 2129 2452 qui

541 2467 852 2521 Alexandro
904 2470 1165 2525 defuncto
1220 2472 1507 2542 imperium
1567 2474 1741 2542 ipsius
1795 2474 2116 2538 diviserunt,

543 2559 824 2627 posterius
863 2572 1046 2615 autem
1072 2577 1244 2616 cornu
1280 2564 1452 2628 illum,
1482 2580 1645 2633 quem
1677 2567 1936 2629 diximus,
2001 2574 2110 2621 An—

547 2651 814 2707 tiochum.
845 2652 985 2707 Tum
1021 2655 1307 2710 declarans
1339 2657 1831 2713 administrationis
1878 2661 2118 2716 .ludaica:

542 2743 904 2809 eversionem,
937 2760 1093 2813 quam
1132 2748 1221 2801 hic
1270 2746 1448 2802 intulit
1480 2764 1494 2802 :
1532 2748 1633 2802 Per
1662 2750 1851 2817 ipsum,
1921 2753 2118 2821 inquit.

544 2833 906 2888 conturbatum
940 2844 1017 2889 est
1048 2839 1391 2907 sacrificium,
1427 2848 1476 2894 et
1531 2850 1774 2895 sanctum
1807 2844 2119 2896 vastabitur.

545 2923 617 2977 Et
640 2926 823 2989 datum
865 2937 937 2982 est
977 2939 1248 2997 peccatum
1308 2935 1362 2986 in
1415 2935 1736 3003 sacriﬁcium
1772 2936 1815 2988 ³.
1887 2937 2121 2991 Simula-

544 3033 698 3073 crum
731 3019 877 3072 enirn
926 3022 979 3073 in
1007 3023 1206 3090 templo
1252 3026 1554 3089 constituit,
1586 3028 1673 3082 cui
1718 3027 1973 3082 scelestas
2024 3031 2122 3083 ho-

544 3109 682 3162 stias
711 3109 1033 3165 immolavit.
1072 3110 1138 3164 Et
1165 3113 1311 3166 humi
1346 3113 1547 3181 dcjecta
1603 3118 1932 3185 estjustitv'a.
2015 3118 2119 3172 Le.
2151 3145 2189 3197 ο

544 3199 861 3269 gisjudicia
895 3203 1167 3273 intelligit.
1215 3206 1279 3259 Et
1328 3207 1435 3261 alio
1473 3211 1772 3277 prophetiae
1835 3226 1948 3265 suae
2007 3215 2125 3266 loco

545 3290 754 3360 longius
810 3294 924 3347 haec
955 3306 1206 3363 repetens
1232 3298 1503 3365 latiusque
1545 3300 1824 3356 declarans
1885 3319 2006 3357 cum
2060 3306 2127 3360 ad

544 3383 871 3438 Antiochum
899 3388 1255 3453 pervenisset.
1281 3389 1521 3444 addidit:
1558 3390 1779 3447 Brachia
1807 3397 2125 3464 exorientur,

548 3489 596 3525 et
657 3475 1016 3543 profanabant
1059 3490 1319 3542 sanctum,
1375 3490 1422 3533 et
1457 3485 1772 3552 transferant
1816 3487 2130 3540 continuati-

546 3581 719 3627 onem,
768 3568 871 3621 hoc
910 3572 1001 3622 'est
1046 3569 1318 3627 solemnes
1364 3582 1419 3627 et
1462 3575 1805 3640 quotidianus
1856 3579 2126 3635 victimas.

549 3657 616 3709 Et
646 3657 867 3727 inferent
895 3660 948 3735 in
976 3661 1147 3728 ipsum
1192 3663 1653 3729 abominationem,
1709 3684 1901 3737 nempe
1954 3675 2126 3724 sintu-

548 3750 773 3811 lacrum,
810 3758 859 3803 et
910 3750 1088 3819 gladio
1134 3763 1289 3823 atque
1332 3755 1439 3824 igni
1477 3756 1889 3812 debilitabuntur
1921 3762 2127 3831 (civita-

548 3841 618 3894 tis
641 3840 948 3896 incendium
981 3842 1250 3914 intelligit)
1284 3855 1333 3899 et
1364 3848 1691 3913 captivitate,
1728 3860 1775 3902 et
1813 3853 2123 3923 direptione.

548 3927 616 3979 Et
649 3931 879 3996 interim,
905 3931 1030 3984 dum
1058 3932 1494 4000 inﬁrmubuntur,
1530 3938 1731 3993 auxilio
1774 3958 1935 4008 parvo
1972 3946 2127 4013 adju-

545 4020 804 4072 vabtmtur
871 4021 1143 4089 {inducias
1206 4025 1527 4095 signiﬁcat),
1610 4029 1807 4084 deinde
1880 4050 2125 4104 causam,

545 4108 912 4163 calamitatum
936 4112 1159 4180 subjicit
1199 4114 1291 4169 :Ut
1315 4116 1433 4184 igne
1454 4118 1508 4169 in
1543 4118 1670 4186 ipsis
1708 4122 1994 4188 probentur
2028 4168 2041 4187 ,
2078 4138 2125 4180 rt

543 4199 811 4267 eligantur
854 4201 1063 4267 albique
1100 4203 1260 4268 ﬁant,
1299 4221 1456 4275 usque
1488 4212 1558 4261 ad
1610 4215 1854 4280 temporis
1895 4216 2051 4283 ﬁnem
2081 4218 2123 4281 ‘,

547 4290 652 4342 hoc
687 4299 788 4353 est,
816 4299 876 4342 ut
902 4294 1199 4360 probentur
1225 4294 1403 4359 electi,
1430 4307 1485 4349 et
1539 4311 1835 4367 purgentur
1893 4305 1967 4358 illi
2030 4310 2123 4373 qui

542 4389 926 4447 peccaverunt.
966 4380 1102 4434 Tum
1140 4382 1206 4436 dc
1237 4384 1523 4441 maledicto
1556 4390 1809 4445 Antiochi
1856 4397 1907 4447 in
1944 4395 2115 4451 Deum

2220 1929 2332 1991 θοῖς
2390 1927 2514 1991 ἐθος
2568 1928 2706 1997 μετά
2767 1927 2836 1979 τά
2891 1923 3299 1995 κατορθώματα
3353 1918 3797 1990 μετριοφρονεῖν,

2219 2020 2363 2072 οὕτω
2439 2020 2536 2074 καὶ
2610 2021 2722 2079 τοῖς
2779 2018 3041 2087 πονηροῖς
3103 2015 3241 2084 μετὰ
3297 2014 3366 2065 τά
3418 2011 3803 2079 ἁμαρτήματα

2220 2111 2563 2180 ἐπαίρεσθαι.
2599 2110 2734 2179 Περὶ
2761 2109 2816 2161 δὲ
2850 2110 2948 2177 τῆς
2985 2106 3262 2175 Ἀντιόχου
3311 2102 3405 2155 τοῦ
3462 2098 3805 2168 Ἐπιφανοῦς

2221 2197 2595 2266 προηγόρευσε
2630 2195 2816 2263 σαφῶς
2851 2199 2877 2249 ὁ
2901 2194 3122 2263 Δανιήλ.
3162 2192 3331 2261 Κριὸν
3386 2192 3489 2260 μὲν
3523 2188 3633 2258 γὰρ
3664 2189 3805 2241 ἐκά-

2220 2286 2343 2339 λεσε
2376 2287 2466 2338 τὴν
2520 2285 2739 2355 βασιλέα
2792 2285 2901 2337 τῶν
2942 2284 3171 2353 Περσῶν
3225 2283 3469 2349 Δαρεῖον,
3502 2278 3710 2348 τράγον
3744 2279 3807 2330 δὲ

2221 2381 2311 2432 τὸν
2345 2379 2570 2446 βασιλέα
2615 2378 2726 2430 τῶν
2769 2377 3096 2431 Μακεδόνων
3154 2373 3523 2441 Ἀλέξανδρον,
3555 2373 3806 2439 τέσσαρα

2221 2471 2276 2523 δὲ
2307 2469 2498 2522 τούτου
2557 2468 2787 2538 κέρατα,
2828 2467 2956 2528 τοὺς
3009 2466 3130 2535 μετ’
3186 2466 3396 2517 ἐκεῖνον
3451 2463 3807 2530 διελομένους

2220 2564 2320 2632 τὴν
2364 2563 2539 2631 ἀρχὴν
2582 2559 2749 2614 αὐτοῦ
2811 2558 3072 2628 βασιλεῖς,
3111 2557 3339 2623 ὓστερον
3388 2555 3451 2607 δὲ
3494 2553 3662 2618 κέρας
3705 2554 3809 2605 τὸν

2228 2651 2516 2722 εἰρημένον
2557 2648 2851 2719 Ἀντίοχον.
2885 2649 3011 2700 Εἶτα
3051 2648 3230 2717 δηλῶν
3260 2646 3358 2716 τὴν
3389 2645 3456 2697 δι’
3496 2644 3666 2698 αὑτοῦ
3700 2663 3803 2697 κα-

2222 2742 2465 2811 θαίρεσιν
2493 2744 2594 2809 τῆς
2638 2741 2935 2808 Ἰουδαϊκῆς
2967 2738 3244 2799 πολιτείας
3278 2736 3452 2805 φησιν·
3494 2735 3574 2788 Δι’
3609 2736 3809 2789 αὑτὸν

2223 2835 2406 2889 θυσία
2452 2832 2786 2901 ἐταράχθη,
2849 2831 2947 2885 καὶ
2994 2833 3059 2882 τὸ
3106 2829 3277 2898 ἅγιον
3328 2827 3806 2896 ἐρημωθήσεται,

2223 2926 2321 2978 καί
2354 2924 2531 2991 ἐδόθη
2562 2923 2660 2976 ἐπὶ
2694 2925 2809 2989 τὴν
2833 2924 3057 2976 θυσίαν
3102 2920 3375 2988 ἁμαρτία,
3429 2916 3661 2970 Εῐδωλον
3694 2919 3809 2984 γάρ

2222 3018 2280 3068 ἐν
2314 3017 2390 3086 τῷ
2419 3017 2533 3084 ναῷ
2566 3017 2795 3083 στήσας,
2830 3012 3021 3075 Θυσίας
3067 3013 3272 3081 μιαρὰς
3302 3008 3553 3061 ἐπετέλει
3583 3008 3763 3076 τούτῳ
3788 3024 3802 3036 σ

2224 3111 2333 3165 Καὶ
2359 3110 2568 3177 ἐρῤίφη
2600 3107 2779 3175 χαμαὶ
2810 3106 3185 3170 δικαιοσύνη,
3214 3103 3281 3155 τὰ
3330 3099 3673 3169 δικαιώματα
3705 3101 3808 3152 τοῦ

2230 3204 2395 3269 νόμον
2448 3202 2645 3267 λέγων.
2683 3199 2794 3252 Καὶ
2844 3194 3000 3259 αὖθις
3061 3197 3189 3262 περὶ
3248 3195 3455 3247 τούτων
3508 3197 3568 3247 ἐν
3625 3196 3809 3264 ἑτέρῳ

2230 3296 2380 3360 τὸπῳ
2413 3297 2510 3362 τῆς
2551 3290 2887 3360 προφητείας
2930 3286 3094 3341 αὐτοῦ
3137 3288 3542 3356 διηγησάμενος
3591 3288 3812 3341 ἄνωθεν

2232 3386 2588 3453 πλατύτερον,
2621 3384 2715 3435 καὶ
2748 3385 2827 3444 εἰς
2859 3381 2953 3433 τὸν
3000 3379 3270 3447 Ἀντίοχον
3305 3378 3586 3431 κατελθὼν
3626 3395 3809 3449 προσ-

2231 3477 2444 3545 τίθησι’
2496 3476 2824 3543 Βραχίονες
2870 3471 3353 3540 ἀναστήσονται,
3384 3472 3483 3523 καὶ
3520 3471 3811 3539 βεϐηλώ,

2231 3587 2415 3623 σουσι
2438 3570 2503 3622 τὸ
2528 3569 2815 3637 ἀγίασμα,
2856 3566 2952 3619 καὶ
2974 3565 3434 3633 μεταστήσουσι
3478 3566 3587 3615 τὸν
3634 3564 3807 3617 erlis-

2230 3662 2562 3729 λεχισμὸν,
2617 3659 2736 3729 ἦτοι
2781 3658 2881 3720 τὰς
2928 3659 3222 3727 ἐνδελεχείς
3277 3666 3367 3715 καὶ
3420 3660 3809 3730 καθημερινὰς

2229 3755 2418 3817 Θυσίας
2439 3770 2451 3782 ·
2486 3753 2585 3807 καὶ
2632 3752 2941 3806 δώσουσιν
2983 3755 3070 3817 εἰς
3100 3752 3291 3805 αὐτὸν
3337 3752 3675 3822 βδέλυγμα,
3704 3753 3807 3822 δη-

2228 3848 2361 3916 λαδὴ
2395 3847 2633 3909 εἴδωλον,
2662 3844 2762 3898 καὶ
2797 3844 3256 3910 ἀσθενήσουσιν
3285 3846 3354 3898 ὲν
3380 3846 3667 3913 ῥομφαίᾳ,
3701 3848 3802 3899 καὶ

2227 3937 2296 3989 ἐν
2319 3934 2518 4003 φλογὶ,
2553 3934 2640 3986 τὸν
2675 3935 3001 4004 ἐμπρησμὸν
3027 3934 3126 4002 τῆς
3157 3933 3365 3994 πόλεως
3400 3935 3796 4003 αἰνιττόμενος

2229 4024 2325 4077 καὶ
2354 4025 2422 4075 ἐν
2453 4024 2850 4091 αἰχμαλωσίᾳ,
2884 4024 2981 4076 καὶ
3018 4024 3087 4078 ἐν
3116 4023 3440 4093 διαρπαγῇ,
3477 4026 3573 4081 καὶ
3609 4024 3680 4077 ἐν
3719 4025 3798 4090 τῷ

2227 4113 2564 4182 ἀσθενῆσαι
2609 4115 2849 4181 αὐτοὺς,
2880 4114 3297 4182 βοηθήσονται
3358 4116 3655 4182 ,ϐοήθειαν
3698 4136 3803 4186 μι-

2226 4209 2397 4274 κρὰν,
2442 4209 2539 4277 τὴν
2581 4207 2783 4275 μεταξὺ
2825 4208 2934 4260 τῶν
2988 4206 3178 4259 κακῶν
3232 4208 3456 4259 ἐκείνων
3509 4208 3802 4277 ἁνακωχὴν

2227 4300 2528 4369 ἐμφαίνων.
2566 4299 2680 4351 Εἶθ’
2736 4297 2880 4351 οὕτω
2938 4300 3033 4350 καὶ
3089 4297 3187 4368 τὴν
3243 4299 3423 4354 αἰτίαν
3473 4298 3801 4368 προστίθησι

2227 4394 2335 4445 τῶν
2364 4391 2663 4460 συμφορῶν
2691 4408 2704 4419 ’
2751 4390 2865 4444 Τοῦ
2891 4390 3162 4458 πυρῶσαι
3199 4392 3330 4460 γὰρ,
3365 4393 3554 4459 φησὶν,
3592 4392 3663 4445 ὲν
3698 4395 3801 4447 αὺν

543 4468 776 4533 locutus,
799 4470 869 4523 ita
889 4471 1264 4541 prosequitur;
1288 4474 1355 4527 Et
1373 4492 1618 4544 prospere
1640 4492 1758 4549 aget
1781 4492 1941 4537 donec
1960 4487 2119 4554 ﬁnia-

2225 4484 2372 4551 τοῖς,
2397 4485 2495 4537 καὶ
2523 4484 2627 4537 τοῦ
2665 4483 3050 4548 ἐκλέξασθαι,
3093 4483 3191 4536 καὶ
3222 4482 3327 4535 τοῦ
3362 4483 3655 4539 ,λευκᾶναι
3689 4485 3801 4550 ἓως

550 4571 640 4613 tur
684 4561 795 4625 ira,
832 4562 1008 4626 idest,
1045 4564 1223 4618 donec
1251 4565 1540 4635 impleatur
1592 4571 1669 4625 ira
1709 4572 1801 4627 Dei
1855 4576 2119 4634 adversus

541 4650 780 4707 Judacos.
804 4651 1050 4721 Cumque
1079 4653 1459 4710 denuntiasset
1487 4665 1543 4712 et
1573 4661 1679 4715 alia
1730 4664 1919 4732 multa,
1965 4677 2019 4720 et
2053 4668 2118 4722 ad

546 4743 739 4796 horum
773 4743 1254 4799 commutationem
1297 4749 1640 4815 pervenisset
1674 4768 1687 4805 :
1730 4752 1796 4806 Et
1820 4769 2116 4827 consurget,

546 4834 744 4901 inquit,
781 4834 1007 4887 .llicliael
1038 4837 1276 4904 princeps
1303 4855 1546 4906 maqnus,
1586 4844 1676 4911 qui
1707 4854 1812 4896 stat
1858 4863 1954 4915 pro
1992 4849 2120 4917 ﬁliis

544 4930 723 4993 pOpuli
746 4932 841 4983 tui.
876 4930 942 4983 Et
974 4934 1070 4984 erit
1097 4942 1297 5000 tempus
1329 4935 1650 5005 aﬂlictionis,
1674 4941 1834 5010 quale
1868 4960 1968 4996 non
1996 4948 2119 5015 fuit,

547 5035 610 5071 ex
634 5035 734 5086 quo
762 5038 884 5089 gens
930 5024 1126 5077 exstitit
1157 5042 1313 5093 super
1358 5039 1557 5084 terram
1591 5048 1751 5102 usque
1796 5035 1865 5087 ad
1917 5046 2119 5105 tempus

546 5110 700 5165 illud.
740 5112 879 5165 Tunc
909 5115 1078 5167 omnis
1106 5118 1327 5185 populus
1379 5123 1691 5185 servabitur,
1746 5126 1835 5194 qui
1886 5128 2120 5181 intentus

545 5204 703 5273 fuerit
733 5208 1020 5274 descriptus
1047 5210 1088 5271 ',
1115 5210 1372 5264 nimirum
1407 5214 1460 5266 in
1486 5213 1625 5269 libro
1660 5216 1977 5284 viventium,
2016 5220 2119 5275 hoc

544 5305 650 5361 est,
690 5296 745 5360 ii,
778 5298 868 5367 qui
916 5313 1077 5353 erunt
1120 5302 1297 5356 salute
1338 5305 1504 5375 digni.
1545 5307 1587 5360 Α
1634 5318 1863 5377 tempore
1917 5323 2117 5377 autent,

546 5387 743 5458 inquit,
770 5394 1074 5446 mutationis
1103 5390 1506 5461 I‘Indelecliismi,
1543 5399 1645 5454 hoc
1689 5412 1792 5465 est,
1834 5404 2121 5459 solutionis

545 5482 821 5548 sacriﬁcii,
852 5485 959 5537 dies
990 5495 1140 5538 erunt
1170 5488 1313 5541 mille
1358 5489 1568 5544 ducenti
1603 5495 1915 5564 nonaginta.
1965 5494 2120 5562 Quod

549 5572 766 5640 quidem
797 5576 1031 5642 spatium
1063 5586 1170 5633 tres
1204 5594 1394 5648 annos,
1420 5593 1473 5637 et
1528 5585 1831 5648 dimidium,
1863 5596 1916 5641 et
1964 5587 2122 5657 paulo

655 5691 671 5718 ¹
730 5690 841 5743 Jer.
874 5708 1017 5755 xxix,
1068 5693 1131 5747 10
1164 5710 1281 5764 sqq.

546 5755 565 5786 '
592 5755 725 5811 Dan.
760 5775 858 5824 xu,
898 5765 943 5814 l.

2228 4577 2435 4644 καιροῦ
2458 4575 2734 4643 πέρατος,
2757 4576 3057 4639 τουτέστιν,
3075 4575 3217 4627 ὥστε
3245 4574 3642 4644 δοκιμασθῆναι
3675 4580 3801 4641 τοὺς

2229 4669 2543 4733 ἐκλεκτοὺς,
2604 4670 2697 4720 καὶ
2757 4666 3156 4738 καθαρισθῆναι
3185 4668 3312 4731 τοὺς
3343 4670 3800 4741 ἁμαρτήσαντας.

2228 4760 2384 4815 Μετά
2419 4758 2590 4813 ταῦτα
2614 4758 2670 4811 δὲ
2702 4758 2830 4829 περὶ
2857 4758 2957 4827 τῆς
2982 4758 3125 4812 κατὰ
3155 4759 3248 4812 τοῦ
3274 4760 3408 4812 Θεοῦ
3442 4760 3797 4829 βλασφημίας

2227 4852 2322 4905 τοῦ
2366 4852 2638 4921 Ἀντιόχου
2671 4850 2887 4916 διδάξας
2915 4851 3134 4918 ἐπάγει,
3177 4853 3257 4905 ὅτι
3294 4853 3401 4907 Καὶ
3444 4850 3800 4906 κατευθυνεῖ

2223 4943 2399 5014 μέχρι
2428 4943 2531 4997 τοῦ
2577 4940 3065 5008 συντελεσθῆναι
3103 4941 3218 5010 τὴν
3250 4941 3470 5011 ἀρχὴν,
3507 4943 3670 5012 μέχρι
3707 4943 3799 5012 δην

2230 5037 2405 5089 λονὸτι
2443 5034 2538 5087 τοῦ
2588 5033 2945 5105 πληρωθῆναι
3004 5032 3103 5103 τὴν
3164 5035 3304 5087 κατὰ
3355 5035 3464 5084 τῶν
3528 5033 3798 5085 Ἰουδαίων

2228 5126 2395 5196 ὀργὴν
2430 5124 2522 5177 τοῦ
2564 5126 2722 5177 Θεοῦ.
2767 5122 3131 5192 Ἀπαγγείλας
3169 5123 3227 5175 δέ
3272 5124 3367 5176 καὶ
3404 5122 3572 5177 τᾶλλα
3601 5124 3796 5183 πάντα.

2230 5221 2323 5271 καὶ
2364 5218 2457 5270 ἐπὶ
2481 5208 2619 5286 τὴν.
2638 5216 2962 5285 ἀπαλλαγὴν
3009 5217 3216 5267 τούτων
3242 5214 3433 5282 ἐλθὼν,
3490 5216 3657 5285 φησί·
3692 5215 3800 5269 Καὶ

2226 5308 2635 5374 ἀναστήσεται
2686 5306 2930 5375 Μιχαὴλ
2971 5308 3005 5359 ό
3055 5306 3259 5374 ἅρχων
3286 5309 3318 5359 ὀ
3356 5306 3566 5375 μέγας,
3601 5309 3634 5360 ό
3669 5306 3802 5375 ἐφε-

2227 5399 2469 5466 στηκὼς
2517 5400 2614 5453 ἐπὶ
2680 5398 2822 5463 τοὺς
2878 5398 3051 5464 υἱοὺς
3106 5398 3214 5452 τοῦ
3273 5398 3431 5452 λαοῦ
3489 5414 3641 5452 σου·
3699 5399 3799 5452 καὶ

2227 5492 2396 5546 ἔσται
2425 5492 2627 5559 καιρὸς
2660 5492 2939 5558 θλίψεως,
2981 5484 3105 5555 οἷος
3146 5491 3219 5543 οὐ
3271 5490 3521 5559 γέγονεν
3570 5489 3675 5558 ἀφ’
3727 5485 3798 5544 οὗ

2231 5585 2538 5654 γεγένηται
2568 5584 2737 5644 ἔθνος
2781 5580 2877 5633 ἐπὶ
2928 5578 3064 5649 γῆς,
3093 5580 3201 5647 ἕως
3238 5580 3346 5635 τοῦ
3402 5580 3610 5649 καιροῦ
3645 5580 3802 5634 ἐκεί-

1432 5696 1590 5753 ’Jcr.
1635 5715 1729 5762 vn,
1774 5698 1883 5760 l6;
1942 5714 2014 5764 χι,
2070 5699 2119 5753 Η

2222 5714 2326 5765 xxv,
2375 5697 2460 5751 ll.
2568 5692 2747 5750 ’Dan.
2795 5709 2911 5757 vnn,
2947 5694 3035 5759 ll,
3076 5694 3159 5748 1‘2.
3237 5692 3416 5749 ‘Dan.
3452 5700 3525 5757 xl‘.
3553 5696 3613 5750 5|
3674 5715 3798 5769 sqq.
