4120 6292
355 341 467 402 285

1303 309 1680 404 PANOPLIA
1731 343 2190 406 DOGMATICA.
2235 373 2302 383 —
2343 350 2488 410 'm.
2535 353 2705 413 τίει.

3524 358 3631 422 286

353 470 494 508 νου.
530 452 672 508 Τότε
703 449 772 506 δὲ
801 452 1140 519 σωθήσεται
1182 457 1215 508 ό
1235 454 1386 520 λαός
1412 454 1550 521 πᾶς,
1591 459 1624 509 ό
1660 459 1926 527 εὑρεθεὶς

2046 463 2262 532 unplius
2277 465 2520 522 coniicit.
2552 467 2690 522 Ecce
2710 467 2802 522 tibi
2822 477 2873 523 et
2897 469 3159 538 temporis
3178 469 3478 540 longitudo.
3499 473 3634 527 itur-

353 543 764 614 τεχραμμένος
824 544 894 598 ἐν
938 543 1012 614 τῇ
1056 546 1274 611 stam,
1309 545 1508 615 δηλαδὴ
1558 549 1666 603 τῶν
1697 551 1937 618 ζώντων,

352 637 528 707 ἧγουν
563 636 612 689 οἱ
642 637 920 708 σωτηρίας
949 638 1112 704 ἄξιοι.
1158 639 1289 692 Ἀπὸ
1320 640 1378 693 δὲ
1414 639 1508 693 τοῦ
1542 644 1758 712 καιροῦ,
1782 647 1937 714 φησι,

350 729 454 798 τῆς
512 728 848 793 ἑναλλάξεως
902 730 997 784 τοῦ
1051 733 1458 804 ὲνδελεχισμοῦ,
1493 737 1778 790 τουτέστιν
1832 739 1940 792 ἀπὸ

350 823 457 890 τῆς
490 821 841 884 καταλύσεως
876 821 976 892 τῆς
999 825 1210 888 οὐσίας,
1267 828 1475 897 ἡμέραι
1534 829 1707 898 χίλιαι
1752 831 1939 885 διακό·

353 929 474 968 σιαι
524 915 905 986 ἐννενήκοντα,
935 917 1075 986 ὅπερ
1130 918 1280 971 ἐστὶν
1323 919 1416 988 ἔτη
1472 922 1600 990 τρία
1634 923 1804 992 ἥμισυ
1841 925 1938 977 καὶ

352 1006 557 1077 μικρόν
613 1023 666 1059 τι
724 1011 889 1078 πρός.
944 1009 1077 1064 Ἰδοὺ
1115 1011 1209 1064 καὶ
1258 1013 1318 1065 τὸ
1362 1013 1542 1082 μῆκος
1587 1014 1682 1069 τοῦ
1716 1016 1936 1086 καιροῦ.

348 1094 490 1152 Εἶτα
538 1099 700 1168 λέγει
730 1101 927 1154 πάλιν·
981 1101 1290 1172 Μακάριος
1339 1107 1372 1158 ό
1430 1107 1786 1175 ὑπομείνας,
1838 1107 1940 1162 καὶ

349 1194 596 1262 φθάσας
623 1195 710 1259 εὶς
739 1195 966 1261 ἡμέρας
1008 1199 1209 1265 χιλίας
1237 1202 1587 1266 τριακοσίας
1618 1202 1941 1267 τριάκοντα

261 1337 270 1342 ς
351 1287 580 1339 πέντε·
609 1285 771 1340 τοῦτο
823 1289 1143 1355 εὐαγγέλιον
1192 1291 1292 1358 τῆς
1344 1292 1694 1362 ἀπαλλαγῆς.
1734 1294 1939 1364 Προσέ-

350 1380 493 1450 θηκε
517 1380 575 1432 δὲ
602 1381 814 1451 ἡμέρας
853 1381 1269 1452 τεσσαράκοντα
1324 1386 1508 1451 πέντε,
1541 1386 1679 1438 διότι
1737 1389 1795 1439 ὲν
1846 1404 1936 1439 το-

349 1473 586 1534 σαύταις
645 1472 884 1542 ἡμέραις
940 1476 972 1543 ἠ
1027 1476 1300 1545 συμϐολὴ,
1337 1478 1432 1531 καὶ
1493 1479 1526 1546 ὴ
1586 1480 1734 1548 νίκη,
1778 1478 1936 1548 καὶὴ

351 1565 631 1636 παντελὴς
664 1565 956 1636 ἀπαλλαγὴ
999 1567 1108 1619 τῶν
1152 1567 1345 1622 δεινῶν
1378 1570 1618 1637 ἐγένετο.
1653 1571 1767 1623 Οὐκ
1799 1571 1938 1636 ὲμα-

348 1657 552 1725 κάρισε
584 1657 641 1710 δὲ
672 1659 764 1708 τὸν
794 1657 982 1721 ἁπλῶς
1010 1658 1318 1726 φθάσαντα,
1347 1660 1485 1712 ἀλλὰ
1519 1663 1612 1714 τὸν
1643 1662 1766 1730 μεθ’
1797 1662 1932 1713 ὑπο-

349 1753 551 1822 μονῆς,
578 1751 670 1803 καὶ
725 1750 800 1820 μὴ
830 1752 1212 1820 προδεδωκότα
1239 1753 1341 1822 τὴν
1375 1753 1685 1807 εὐσέϐειαν.
1725 1754 1891 1825 Ὀρᾳς
1919 1795 1933 1821 ,

2043 570 2296 625 sumque:
2316 555 2528 615 Beatus.
2551 558 2745 627 inquit.
2763 561 3164 628 quisuslinet,et
3178 565 3407 630 pervenit
3424 564 3494 615 ad
3515 565 3629 618 dies

2043 647 2185 706 "ille
2259 660 2529 724 trecentos
2561 652 2782 721 triginta
2839 655 3070 722 quinque
3104 654 3144 707 ¹.
3213 653 3337 708 "me
3381 665 3468 710 est
3536 657 3635 710 bo-

2044 759 2109 795 na
2153 743 2491 797 liberationis
2533 745 2897 800 denuntiatio.
2957 747 3220 807 Adiunxit
3296 756 3478 802 autem
3520 749 3634 802 dies

2045 835 2394 904 quadraginta
2419 836 2680 906 quinque,
2709 837 2834 906 quia
2868 847 2947 892 tot
2985 840 3199 893 dierum
3243 840 3419 901 spatio
3478 840 3633 894 iutu-

2044 943 2162 980 rum
2197 937 2332 991 erat,
2366 939 2423 984 ut
2445 930 2754 994 consilium,
2810 940 2864 985 et
2903 931 3156 996 victoria,
3189 941 3243 986 et
3265 947 3633 985 mrumnarum

2044 1020 2329 1075 dissolutio
2359 1023 2808 1078 constitueretur.
2842 1023 3029 1093 Neque
3054 1039 3187 1079 vero
3228 1025 3447 1079 beatum
3470 1025 3630 1078 .sim-

2042 1113 2258 1181 plieiter
2333 1115 2490 1177 dixit,
2545 1116 2636 1184 qui
2695 1119 3009 1186 perveniret
3064 1119 3130 1172 ad
3182 1117 3315 1172 illud
3395 1127 3632 1186 tempus.

2042 1207 2137 1262 sed
2209 1207 2300 1275 qui
2371 1223 2496 1262 cum
2569 1208 2835 1278 patientia
2919 1209 3251 1280 perveniret,
3329 1209 3532 1279 quique
3599 1223 3630 1261 a

2043 1300 2245 1368 pietate
2339 1317 2449 1354 non
2536 1300 2873 1356 deﬂexisset.
2945 1301 3143 1356 Cernis
3211 1310 3267 1354 et
3350 1300 3632 1370 captivitao

2046 1403 2178 1457 tem,
2277 1403 2333 1448 et
2417 1394 2822 1454 liberationem.
2901 1410 3012 1448 non
3092 1408 3269 1460 usque
3347 1393 3412 1447 ad
3514 1407 3629 1445 an-

2043 1501 2168 1550 nos,
2204 1495 2257 1539 et
2284 1501 2520 1549 menses,
2564 1488 2658 1541 sed
2681 1503 2853 1556 usque
2885 1487 2951 1541 ad
2981 1487 3123 1541 diem
3182 1501 3350 1540 unum
3410 1484 3632 1539 subtili-

2043 1587 2127 1630 ter
2164 1577 2462 1644 explicatas
2503 1587 2557 1630 et
2589 1577 3005 1643 przenuntiatas.
3055 1577 3182 1631 Ilaec
3238 1585 3296 1630 et
3350 1573 3629 1642 Iosephus

2043 1665 2304 1722 llebrmus
2327 1667 2624 1722 clarissime
2646 1668 2989 1737 conscripsit.
3016 1667 3260 1737 lnsignes
3319 1667 3484 1736 igitur
3523 1663 3628 1718 illa:

2043 1758 2384 1828 eaptivitates
2445 1759 2516 1813 ita
2564 1760 2946 1830 praenuntiata:
2977 1767 3123 1822 sunt,
3159 1769 3218 1814 ut
3298 1767 3356 1812 et
3384 1756 3631 1826 quandiu

341 1846 410 1898 οὐ
479 1845 675 1915 μέχρις
738 1844 1004 1898 ἐνιαυτῶν
1058 1845 1154 1898 καὶ
1222 1847 1433 1916 μηνῶν,
1491 1847 1628 1900 ἀλλὰ
1683 1848 1780 1902 καὶ
1829 1849 1933 1911 ἕως

2046 1850 2337 1916 duratum,
2368 1852 2674 1921 et'quando
2707 1860 2895 1907 essent
2948 1847 3340 1914 dissolvendae,
3401 1848 3635 1920 praedic-

340 1939 569 2010 ἡμέρας
597 1939 730 2007 μιᾶς
769 1938 863 1990 καὶ
888 1938 987 2008 τὴν
1037 1937 1442 2008 αἰχμαλωσίαν,
1475 1940 1570 1991 καὶ⁹
1601 1938 1702 2009 τὴν
1752 1940 1933 1992 ἀπα).-

341 2029 526 2100 λαγὴν
577 2027 1127 2100 ἀκριϐολογηθείσας,
1183 2031 1278 2082 καὶ
1329 2029 1934 2100 προαναφωνηθείσας;

344 2122 541 2176 Ταῦτα
579 2121 674 2175 καὶ
712 2120 1028 2190 Ἰώσηπος-ὁ
1067 2120 1321 2192 Ἐϐραῖος
1375 2121 1748 2192 ἁριδηλὸτατα
1779 2139 1934 2174 συνε-

345 2215 624 2285 γράψατο.
699 2213 842 2268 Ἀλλ’
899 2216 991 2267 ἐπὶ
1064 2215 1164 2284 μὲν
1217 2215 1328 2268 τῶν
1381 2216 1672 2284 ἐπισήμων
1727 2216 1934 2268 τούτων

350 2307 745 2378 αἰχμαλωσιιῗω
799 2307 894 2360 καὶ
936 2308 1116 2368 αὑταὶ,
1154 2306 1250 2361 καὶ
1295 2307 1361 2361 τὰ
1413 2309 1565 2378 μήκη
1592 2309 1699 2362 τῶν
1732 2309 1943 2380 καιρῶν

2041 1952 2154 1996 tum
2191 1941 2284 2006 sit;
2326 1941 2380 1995 in
2417 1942 2519 1997 hac
2550 1951 2734 1996 autem
2783 1952 3053 2008 extrema,
3090 1951 3144 1998 et
3203 1942 3417 1996 nullum
3467 1940 3632 1994 tinem

2040 2036 2313 2098 habitura,
2345 2051 2465 2106 quae
2517 2036 2689 2092 multo
2744 2037 3006 2108 insignior
3089 2045 3195 2101 est,
3261 2034 3635 2104 Hierosolyma

2038 2129 2262 2198 quidem
2316 2145 2347 2183 a
2372 2129 2630 2184 Romanis
2671 2131 2967 2185 evertenda
3003 2129 3408 2202 redigendaque
3443 2127 3498 2181 in
3547 2139 3638 2179 so-

2039 2221 2326 2275 litudinem
2355 2221 2680 2291 praedictum
2703 2231 2808 2278 est.
2849 2221 3004 2288 Quod
3039 2233 3236 2276 autem
3258 2221 3374 2275 sint
3395 2233 3634 2288 unquam

2053 2312 2433 2374 instauranda,
2465 2312 2604 2366 nihil
2632 2314 2860 2367 omnino
2898 2313 3345 2383 pronuntiatum,

355 2407 566 2470 αὐτῶν,
598 2407 689 2458 καὶ
719 2406 775 2458 αί
819 2403 1138 2473 ἀπαλλαγαὶ
1189 2404 1722 2475 προεφητεύθησαν·
1758 2406 1852 2459 ἐπὶ
1913 2405 1968 2458 δὲ
2008 2407 2106 2476 τῆς
2132 2406 2456 2466 τελευταίας
2486 2406 2713 2477 ταύτης,
2745 2409 2842 2461 καὶ
2872 2407 3235 2478 ἀτελευτήτου
3277 2406 3382 2476 τῆς
3451 2403 3633 2471 πολλῷ

355 2501 570 2554 τούτων
627 2500 1056 2570 ἐπισημοτέρας,
1123 2499 1206 2551 ὅτι
1269 2497 1369 2567 μὲν
1428 2497 1862 2568 ἐρημωθήσεται
1914 2498 1982 2550 τὰ
2054 2497 2410 2568 Ἱεροσόλυμα
2468 2497 2557 2551 διὰ
2624 2497 2914 2567 Ῥωμαίων
2973 2495 3380 2569 προεφητεύθη,
3434 2496 3517 2549 ὅτι
3575 2493 3635 2547 δὲ

355 2596 620 2668 στήσεταί
649 2612 778 2649 ποτε
813 2595 882 2648 τὰ
920 2595 1021 2664 τῆς
1055 2593 1389 2664 ἐρημώσεως
1423 2591 1816 2664 ἁπεσιωπήθη.

961 2688 1077 2745 Τοῦ
1107 2688 1318 2743 αὑτοῦ.

425 2785 680 2857 Ἔγραψε
717 2786 917 2856 Δανιὴλ
963 2786 1045 2838 ὅτι
1080 2779 1212 2854 ἦ),οε
1264 2783 1402 2852 πρὸς
1449 2781 1615 2836 αὐτὸν
1667 2779 1936 2850 Γαϐριὴλ,

344 2884 446 2938 καί
521 2897 721 2953 φησιν’
782 2879 1232 2949 Ἐϐδομήκοντα
1301 2875 1628 2944 ἑϐδομάδος
1687 2889 1937 2928 συνετε-

303 3028 313 3036 .
345 2977 673 3042 λέσθησαν
707 2973 808 3029 ἐπὶ
839 2973 950 3026 τὸν
993 2973 1151 3026 λαόν
1198 2986 1335 3026 σου,
1371 2969 1653 3023 τουτέστιν
1699 2967 1940 3037 ὡρίσθη-

351 3090 479 3126 σαν.
518 3071 667 3124 Ἀντὶ
698 3069 810 3139 γὰρ
839 3069 946 3122 τῶν
994 3068 1366 3138 ἐϐδομήκοντα
1402 3064 1540 3117 ἐτῶν
1580 3063 1681 3130 τῆς
1730 3063 1787 3114 ὲν
1827 3062 1936 3114 Βα-

348 3163 557 3218 ϐυλῶνι
591 3161 976 3231 ταλαιπωρίας
1026 3158 1228 3228 ὥρισεν
1259 3158 1443 3220 αὐτοῖς
1473 3159 1500 3209 ὁ
1530 3154 1665 3216 Θεὸς
1697 3153 1936 3221 ἑϐδομή·

345 3273 523 3312 κοντα
551 3255 857 3326 ἑϐδομάδας
913 3253 1052 3308 ἑτῶν
1101 3255 1160 3304 ὲν
1213 3253 1279 3322 τῇ
1333 3251 1561 3320 λατρεία
1616 3248 1809 3313 στῆναι
1869 3245 1937 3315 τῇ

346 3353 580 3420 νομικῇ,
612 3347 731 3404 εἶτα
767 3348 1026 3402 ἐκπεσεῖν
1043 3347 1219 3414 αὐτῆς
1259 3343 1350 3398 διὰ
1397 3344 1460 3396 τὸ
1511 3339 1656 3395 κατὰ
1695 3336 1939 3409 Χριστοῦ

347 3443 633 3512 τόλμημα.
663 3441 868 3494 Τούτου
899 3439 1009 3508 γὰρ
1061 3437 1249 3490 ἕνεκεν
1305 3432 1457 3488 εἶπεν
1488 3431 1588 3485 ἐπὶ
1629 3429 1739 3484 τὸν
1785 3427 1943 3481 λαόν

349 3551 504 3601 σου,
537 3534 629 3588 τὸν
666 3533 766 3586 οὐκ
792 3530 874 3586 In
908 3530 1003 3584 τοῦ
1034 3529 1194 3584 Θεοῦ.
1236 3529 1302 3582 Ai
1327 3525 1508 3582 τοίνυν
1561 3521 1940 3597 ἑϐδομήκοντα

353 3627 657 3697 ἑϐδομάδες
701 3625 1034 3695 τετρακόσια
1070 3621 1430 3692 ἐννενήκοντα
1471 3619 1567 3686 ἔτη
1599 3613 1940 3683 συναπαρτί-

355 3720 568 3785 ζουσιν,
605 3719 749 3788 ἅπερ
804 3717 1086 3788 ἀρχόμενα
1119 3715 1226 3769 ἀπὸ
1259 3713 1361 3783 τῆς
1402 3712 1490 3766 διὰ
1529 3708 1767 3776 Νεεμίου
1797 3707 1944 3760 οἰκο-

352 3815 534 3884 δομῆς
563 3812 656 3867 τοῦ
697 3811 828 3865 ναοῦ
863 3810 973 3862 τῶν
1015 3805 1412 3876 Ἰεροσολύμων
1459 3801 1796 3856 τελειοῦνται
1837 3799 1944 3861 ἕως

350 3908 455 3962 τοῦ
485 3903 854 3977 βαπτισθῆναι
881 3901 974 3956 τὸν
1014 3898 1271 3970 Χριστόν.
1303 3894 1520 3966 Προϊὼν
1557 3895 1668 3961 γὰρ
1706 3891 1943 3959 ἐδήλωσε

351 4000 458 4071 τὴν
506 3999 683 4071 ἀρχὴν
739 3995 942 4060 αὐτῶν,
977 3993 1086 4046 καὶ·
1118 3991 1180 4043 τὸ
1228 3990 1382 4052 τέλος
1435 3985 1631 4050 εἰπὼν,
1667 3984 1802 4039 Ἀπὸ
1839 3981 1944 4036 τοῦ

355 4089 760 4161 οἰκοδομῆσαι
773 4091 784 4106 ⁸
795 4085 1182 4158 Ιερουσαλὴμ
1193 4083 1304 4148 ἓως
1320 4080 1580 4149 Χριστοῦ
1600 4076 1946 4147 ἡγουμένου

355 4181 695 4252 ἐὸδομάδες
740 4181 914 4240 ἑπτὰ,
948 4177 1047 4231 καί
1101 4173 1428 4242 ἐϐδομάδες
1470 4170 1773 4239 ἐξήκοντα
1813 4167 1946 4230 δύο,

358 4281 536 4348 ἧγουν
571 4273 863 4344 ἑϐδομάδες
890 4270 1156 4340 ἐξήκοντα
1179 4265 1361 4352 ἐννέα,
1398 4267 1530 4334 μιᾶς
1563 4264 1642 4326 εἰς
1664 4262 1779 4352 τὰς,
1797 4259 1950 4314 ἐϐδο-

360 4373 616 4442 μήκοντα
641 4363 961 4432 λειπούσης.
991 4361 1057 4413 At
1086 4361 1187 4429 μὲν
1212 4357 1321 4428 γὰρ
1348 4351 1728 4425 ἑϐδομήκοντα
1752 4351 1952 4421 ἄρχον-

2691 2673 2968 2748 Ejusdem.

2113 2795 2298 2850 Daniel
2313 2793 2529 2850 venisse
2543 2791 3047 2862 Gabrielem,seque
3061 2793 3141 2847 sic
3155 2793 3450 2849 allocutum
3469 2795 3598 2850 dicit
3617 2812 3632 2850 :

2040 2887 2387 2958 Septuaginta
2408 2887 2746 2942 hebdomadw
2770 2889 3012 2958 perfecta:
3044 2898 3167 2940 sunt
3208 2904 3365 2956 super
3389 2887 3640 2959 populum

2043 2991 2192 3034 tuam
2213 2982 2258 3043 ',
2295 2979 2402 3034 hoc
2438 2988 2543 3040 est,
2597 2977 2882 3048 praeﬁnitas
2913 2986 3064 3031 sunt.
3096 2975 3231 3030 Nam
3272 2993 3375 3047 pro
3418 2986 3641 3047 septuu-

1969 3096 2012 3153 ο
2045 3072 2190 3142 ginta
2221 3071 2402 3133 annis,
2422 3069 2620 3140 quibus
2643 3069 2840 3123 misere
2865 3067 3096 3122 amictus
3131 3069 3298 3122 estin
3343 3068 3640 3140 Babylone,

2045 3165 2392 3235 septuaginta
2415 3177 2682 3216 annorum
2705 3160 3075 3215 hebdomadas
3102 3161 3174 3212 illi
3204 3161 3443 3229 praeﬂuit
3467 3161 3636 3227 Deus,

2044 3267 2107 3311 ut
2136 3257 2192 3310 in
2226 3255 2375 3310 cultu
2402 3252 2538 3324 legis
2573 3262 2843 3316 maneret,
2889 3252 3089 3306 deinde
3138 3263 3363 3322 propter
3405 3253 3641 3321 facinus,

2045 3347 2193 3417 quod
2221 3361 2390 3401 ausus
2421 3355 2506 3400 est
2542 3343 2839 3399 admittere
2891 3345 2944 3398 in
2979 3336 3288 3408 Christum,
3340 3346 3408 3401 ab
3457 3361 3521 3402 ea
3552 3362 3644 3401 ex-

2046 3440 2378 3496 cluderetur.
2411 3439 2621 3495 Idcirco
2644 3439 2791 3492 enim
2815 3439 2952 3493 dixit
2999 3455 3157 3508 super
3180 3439 3436 3510 papulum
3467 3449 3643 3506 tuum,

2050 3540 2228 3596 tuum,
2265 3531 2518 3600 inquam,
2551 3545 2662 3585 non
2692 3529 2932 3599 amplius
2968 3528 3084 3585 Dei.
3117 3528 3476 3601 Septuaginta
3505 3530 3643 3584 heb-

2049 3625 2301 3680 domadae
2350 3623 2781 3693 quadringentos
2833 3631 2892 3677 et
2947 3623 3244 3690 nonaginta
3291 3637 3467 3678 annos
3517 3637 3646 3678 con~

2047 3714 2261 3770 ﬁcium.
2325 3713 2428 3780 Qui
2503 3714 2829 3784 incipientes
2892 3713 2964 3768 ab
3023 3714 3382 3768 aediﬁcatione
3453 3713 3643 3783 templi

2049 3811 2551 3880 Hierosolymorum
2589 3808 2734 3863 facta
2765 3824 2862 3878 per
2893 3807 3214 3864 Nchemiam
3267 3808 3395 3862 illuc
3461 3823 3638 3875 usque

2049 3901 2402 3973 perveniunt,
2437 3916 2562 3955 cum
2618 3900 2928 3970 baptizatus
2983 3910 3066 3954 est
3125 3899 3401 3955 Christus.
3464 3898 3648 3968 Pergit

2049 3997 2195 4052 enim
2269 3993 2562 4048 ostendere
2636 4002 2694 4046 et
2764 3992 3099 4060 principium
3186 4005 3398 4055 eorum,
3468 3998 3526 4044 et
3587 3991 3648 4044 ii-

2051 4103 2230 4144 nem:
2275 4085 2362 4141 Ea:
2411 4102 2536 4150 quo,
2587 4084 2866 4154 inquiens,
2932 4082 3285 4151 mdiﬁcabitur
3352 4081 3648 4136 Jerusalem

2051 4196 2214 4250 usque
2243 4182 2316 4232 ad
2336 4175 2609 4233 Christum
2639 4177 2824 4228 ducem
2881 4173 3233 4227 hebdomades
3292 4181 3513 4240 septem,
3599 4182 3648 4224 et

2051 4270 2400 4326 hebdomadas
2454 4266 2736 4336 sexaginta
2780 4266 2900 4320 dua:
2931 4263 2975 4330 ³,
3015 4279 3139 4334 quae
3195 4271 3327 4318 sunt
3364 4263 3646 4333 sexaginta

2055 4378 2278 4428 novem,
2313 4359 2602 4418 deﬁciente
2623 4372 2731 4413 una
2786 4357 2855 4412 ad
2904 4354 3297 4428 perﬁciendum
3356 4369 3646 4410 numerum

359 4479 459 4518 ται
490 4460 602 4515 ἀπὺ
619 4457 715 4512 τοῦ
743 4451 1244 4523 ἀνοικώομηθῆναι
1265 4451 1358 4504 τὸν
1389 4448 1535 4513 ναὸν,
1570 4447 1625 4498 αἱ
1648 4445 1706 4498 δὲ
1726 4443 1942 4514 ὲξηκον·

2060 4459 2427 4530 septuaginta.
2454 4455 2589 4509 Nam
2645 4451 2994 4522 septuaginta
3043 4449 3317 4520 incipiunt
3371 4465 3400 4504 a
3453 4449 3644 4518 templi

358 4558 598 4612 ταεννέα
629 4551 736 4606 ἀπὸ
767 4549 861 4603 τοῦ
901 4548 997 4601 καὶ
1026 4547 1126 4617 τὴν
1157 4544 1315 4597 πόλιν
1359 4539 1778 4611 Ἱεροσολύμων.
1817 4539 1953 4608 Φησὶ

358 4652 497 4722 γὰρ,
545 4645 1093 4714 Οίκοδομηθήσεται
1150 4637 1405 4692 πλατεῖα
1451 4635 1549 4689 καὶ
1595 4636 1950 4704 περιτειχος.

372 4744 570 4796 Ὁπότε
617 4741 727 4810 γὰρ
769 4742 796 4792 ὁ
838 4735 1076 4808 Χριστὸς
1133 4729 1482 4800 ἐϐαπτίσθη,
1531 4727 1629 4781 καὶ
1694 4727 1942 4799 ἡγήσατο

365 4835 653 4908 μαθητῶν,
684 4831 808 4885 τότε
859 4829 954 4883 καὶ
1011 4828 1062 4880 οἱ
1120 4825 1366 4880 Ἰουδαῖοι
1403 4821 1702 4894 ἀρξάμενοι
1739 4818 1941 4888 λυττᾷν

365 4927 493 4984 κατ’
540 4925 728 4988 αὑτοῦ,
788 4923 888 4996 τῆς
943 4919 1095 4984 θείας
1146 4917 1457 4984 ἐπισκοπῆς
1518 4912 1945 4985 ὲγυμνώθησαν.

365 5023 482 5078 Καὶ
509 5022 614 5092 ὅρα
665 5019 846 5074 πάντα
869 5013 1276 5085 ὀιασαφηθὲντα
1308 5011 1389 5082 τῷ
1420 5008 1621 5080 Δανιὴλ
1656 5007 1809 5078 παρὰ
1850 5005 1948 5059 τοῦ

363 5114 630 5184 ἀγγέλου.
657 5111 789 5166 Eius
813 5110 944 5179 γὰρ,
974 5108 1084 5163 Τοῦ
1108 5107 1380 5163 stalath
1393 5102 1530 5172 ἦναι
1552 5101 1948 5169 παράπτωμα,

364 5213 394 5266 ὃ
449 5211 622 5268 ἐστιν,
667 5207 757 5259 ὅτε
809 5203 1095 5274 ὑπεραρθῇ
1151 5198 1399 5271 ἁμαρτία
1430 5214 1446 5229 ·
1495 5196 1626 5252 ποία
1675 5196 1730 5250 δὲ
1787 5211 1952 5264 κορυο

367 5301 640 5372 φαιοτέρα
705 5301 805 5371 τῆς
839 5295 1276 5369 Κυριοκτονίας;
1343 5293 1444 5347 καὶ
1473 5291 1578 5346 τοῦ
1610 5289 1951 5358 σφραγίσαι

366 5393 688 5464 ἁμαρτιας,
714 5392 855 5445 ὥστε
889 5389 1056 5460 μηδὲν
1084 5387 1270 5459 μεῖζον
1293 5385 1704 5454 ὑπολελεῖφθαι.
1733 5384 1827 5437 Διὺ
1860 5381 1956 5436 καὶ

364 5493 396 5544 ὁ
432 5484 672 5556 Χριστὸς
701 5483 840 5554 πρὸς
881 5483 1079 5544 αὐτοὺς
1128 5480 1286 5548 ἔλεγε
1307 5496 1323 5512 ο
1357 5477 1727 5547 Πληρὼσατε
1761 5477 1826 5530 τὸ
1846 5474 1954 5546 μέ-

367 5598 515 5650 τρον
540 5579 662 5642 τῶν
681 5577 958 5645 πατέρων
993 5573 1180 5645 ὑμῶν.
1231 5573 1462 5626 Ἐκεῖνοι
1510 5571 1610 5642 μὲν
1664 5571 1774 5641 γὰρ
1827 5587 1956 5641 προσ

367 5675 553 5746 φήτας
583 5671 816 5739 ἀνεῖλον,
843 5670 1005 5734 ὑμεῖς
1045 5667 1103 5720 δὲ
1145 5665 1240 5720 τὸν
1285 5665 1565 5733 Δισπότην
1597 5663 1706 5716 τῶν
1736 5679 1955 5732 προφη-

2059 4549 2504 4606 rcaediiicatione.
2537 4546 2831 4617 Sexaginta
2871 4557 3069 4599 novem
3121 4551 3305 4597 autem
3355 4541 3645 4610 incipiunt,

2063 4654 2130 4693 ex
2163 4651 2272 4706 quo
2305 4635 2496 4690 civitas
2529 4634 2694 4690 etiam
2727 4632 3234 4702 Hierosolymorum
3269 4645 3486 4684 rursum
3514 4631 3650 4687 aedi-

2059 4732 2272 4786 ﬁcatur.
2320 4729 2528 4798 itaque.
2568 4727 2783 4791 Platea,
2822 4728 3021 4794 inquit,
3055 4733 3106 4778 et
3146 4725 3341 4777 mwnia
3411 4722 3650 4791 aediﬁca-

2057 4825 2254 4878 buntur
2283 4823 2322 4876 ⁸.
2353 4821 2490 4878 Cum
2509 4821 2656 4875 enim
2691 4820 3003 4890 baptizatus
3031 4826 3117 4872 est
3136 4815 3410 4882 Christus,
3446 4824 3503 4870 et
3531 4815 3650 4870 dis-

2053 4915 2264 4985 cipulos
2292 4913 2551 4975 instituit,
2588 4920 2719 4966 tunc
2741 4909 2912 4966 Judaei
2945 4908 3274 4978 incipientes
3360 4910 3418 4963 in
3470 4908 3652 4977 ipsum

2053 5011 2244 5064 saevire
2271 5023 2300 5060 a
2335 5007 2517 5062 divina
2544 5019 2678 5060 cura
2716 5002 3059 5060 exciderunt.
3113 5000 3248 5056 Vide
3292 5010 3478 5056 autem
3532 5016 3654 5055 om-

2054 5101 2144 5154 nia
2175 5107 2366 5169 aperte
2396 5097 2465 5151 ab
2489 5095 2679 5166 angelo
2703 5095 2976 5149 declarata
3007 5092 3217 5147 Danieli
3246 5109 3260 5147 :
3295 5093 3434 5148 dixit
3472 5093 3648 5147 enim:

2060 5194 2123 5249 Ut
2167 5191 2509 5246 inveterascet
2570 5197 2860 5256 peccatum,
2915 5185 3018 5241 hoc
3063 5193 3165 5249 est,
3223 5193 3286 5240 ut
3361 5182 3655 5239 extollatur

2055 5285 2367 5357 peccatum.
2396 5282 2568 5348 Quale
2615 5289 2796 5335 autem
2837 5278 3166 5348 peccatum?
3200 5277 3333 5333 Illud
3377 5277 3651 5345 {nimirum

2056 5378 2300 5434 omnium
2327 5373 2710 5448 gravissimum
2741 5374 2797 5426 in
2832 5371 2980 5427 caede
3005 5369 3221 5426 Domini
3255 5376 3650 5440 perpetratum.

2063 5470 2130 5526 Ut
2164 5471 2504 5540 obsignentur
2523 5476 2764 5540 peccata,
2787 5463 2841 5518 id
2870 5471 2974 5528 est,
3002 5471 3062 5516 ut
3097 5460 3496 5530 compleantur,
3520 5459 3656 5514 adeo

2060 5578 2119 5620 ut
2145 5565 2282 5619 nihil
2310 5563 2488 5633 majus
2517 5563 2644 5620 addi
2676 5562 2869 5631 possit.
2903 5556 3270 5623 Quamobrem
3317 5563 3374 5608 et
3399 5550 3658 5607 Christus

2061 5661 2128 5716 ad
2160 5677 2276 5726 eos,
2301 5659 2540 5728 Implete,
2573 5658 2771 5730 inquit,
2804 5662 3017 5724 peccata
3047 5662 3260 5722 patrum
3292 5657 3584 5704 vestrorum
3611 5647 3655 5694 ³ο

444 5815 745 5874 manus.
821 5794 1230 5882 ’Dan.tx,‘24l.
1313 5809 1632 5868 ‘lbid.25.
1708 5810 1728 5841 ι
1775 5805 1907 5864 una.
1985 5804 2422 5874 'Mattlt.xxul,
2477 5802 2566 5858 δι.
