4120 6292
547 361 653 425 287
1787 349 2173 412 ΕΠΤΗΥΜΙΙ

2168 349 2173 407 ί
2215 345 2580 408 leJADENI
3006 380 3010 385 -
3707 339 3795 400 983

543 476 681 532 Nam
728 475 803 530 illi
845 475 1066 545 quidem
1109 473 1401 545 prophetas
1437 471 1777 536 occiderunt,
1811 485 1907 526 vos
1947 477 2127 523 autin
2160 493 2170 523 l

2166 471 2202 524 Λ
2231 466 2336 517 τῶν
2367 463 2576 516 ἀνελεῖν
2601 458 2906 526 ἐπείγεσθε.
2960 457 3068 511 Καὶ
3116 453 3208 509 τοῦ
3256 455 3563 524 σφραγίσαι
3599 455 3793 525 ὅρασιν,

547 571 940 640 prophetarum
1005 567 1293 621 Dominum
1372 566 1621 620 occidere
1694 563 1985 619 festinatis.
2063 561 2125 614 Et

2233 563 2325 610 καὶ
2359 558 2666 626 προφήτην,
2705 553 2887 604 εἴτουν
2918 551 3047 604 ὅταν
3085 548 3264 618 παυθῇ
3295 548 3393 600 τοῦ
3428 548 3792 616 προφητεύειν.

545 664 846 731 obsignetur
876 660 1037 725 visio,
1062 670 1110 712 et
1151 660 1443 728 prophetia,
1484 659 1586 712 hoc
1624 667 1726 720 est,
1761 672 1882 708 cum
1913 657 2129 710 desinet

2234 650 2398 701 Ὅθεν
2447 648 2649 715 ὁμοίως
2700 646 2792 699 καὶ
2856 644 2883 693 ὁ
2932 643 3168 710 Χριστος
3225 641 3459 705 ἔλεγεν·
3522 640 3577 692 Ὀ
3634 644 3793 708 νόμος

545 754 856 825 prophetia.
891 752 1158 806 Similiter
1193 751 1339 805 enim
1370 759 1424 804 et
1471 751 1744 812 Christus,
1771 749 1899 814 Lex,
1929 749 2125 816 inquit,

2233 741 2328 793 καὶ
2384 743 2437 794 οἱ
2486 737 2785 808 προφῆται
2823 737 2933 801 ἕως
2993 736 3292 790 Ἰωάννου.
3331 734 3442 787 Kal
3471 735 3796 800 ἐξολοθρεινο

549 856 596 898 et
648 847 912 913 prop/reue
939 859 1101 914 usque
1126 843 1194 895 ad
1218 841 1478 895 Joannem
1513 843 1553 894 ί.
1589 841 1652 893 Et
1682 841 1896 894 tolletur
1927 841 2125 898 unctio.

2234 834 2502 899 θήσεται,
2545 831 2701 901 φησὶ,
2744 831 2993 898 χρίσμα,
3028 829 3270 897 δηλονότι
3305 833 3365 879 τὸ
3416 826 3692 896 βασιλικὸν
3718 829 3797 880 καὶ

547 939 692 1007 regia
742 937 1022 999 nimirum,
1058 945 1112 988 et
1169 934 1541 988 sacerdotalis.
1595 933 1662 987 Et
1715 934 1974 1002 judicium
2030 949 2132 985 non

2233 927 2293 977 τὸ
2337 926 2642 990 ἱερατικὸν·
2675 925 2772 977 καὶ
2807 925 2986 991 κρῖμα
3017 923 3128 975 οὐκ
3180 920 3374 983 ἔσται,
3426 921 3546 990 ἤτοι
3593 923 3795 988 κριτής·

548 1033 671 1093 erit,
725 1045 820 1083 seu
853 1029 1040 1097 judex.
1110 1027 1174 1080 Et
1223 1029 1512 1090 civitatem,
1544 1037 1590 1079 et
1649 1037 1886 1079 sanctum
1920 1036 2131 1090 evertet,

2237 1019 2332 1072 ora!
2365 1018 2479 1086 τὴν·
2519 1018 2721 1082 πόλιν,
2748 1020 2842 1072 καὶ
2877 1018 2940 1068 τὸ
2969 1015 3141 1082 ἅγιον
3169 1011 3479 1081 διαφθερεῖ
3501 1030 3513 1042 ’
3547 1015 3644 1084 τὴν
3669 1013 3800 1066 πόλιν

548 1122 822 1175 exercitus
869 1123 1056 1190 utique
1092 1121 1463 1174 Romanorum
1511 1122 1702 1174 urbem
1759 1129 1813 1174 et
1870 1121 2130 1189 templum

2238 1109 2453 1162 καὶ-τὸν
2488 1109 2659 1161 ναδνὸ
2685 1108 2978 1176 Ῥωμαίων
3010 1106 3238 1172 στρατος
3263 1122 3273 1133 ·
3296 1105 3397 1157 σὺν
3431 1105 3508 1174 τῷ
3535 1105 3801 1174 ἡγουμένῳ

547 1223 792 1279 evertet;
852 1230 978 1268 cum
1030 1214 1178 1267 Duce
1230 1215 1512 1276 veniente,
1607 1214 1712 1267 hoc
1766 1221 1869 1277 est,
1919 1212 2136 1266 Christo

2238 1199 2315 1268 τῷ
2369 1200 2676 1268 ἐρχομένῳ,
2712 1199 2962 1252 τουτέστι
3030 1197 3356 1267 βοηθοῦντος
3389 1197 3542 1266 αὐτῷ
3587 1197 3799 1268 Χριστοῦ

550 1307 655 1376 ipsi
711 1307 1037 1376 opitulante,
1091 1307 1183 1377 qui
1243 1307 1356 1360 Dux
1418 1314 1499 1360 est
1557 1321 1769 1365 eorum,
1837 1307 1926 1375 qui
1989 1307 2040 1359 in
2079 1324 2137 1360 se

2239 1293 2332 1345 τοῦ
2389 1293 2700 1362 ἡγουμένου
2753 1292 2861 1342 τῶν
2915 1291 3287 1343 πιστευόντων
3349 1291 3432 1352 είς
3493 1291 3670 1351 αὐτὸν,
3720 1292 3797 1343 τοῦ

551 1401 822 1463 credunt,
867 1411 1103 1455 venturo
1170 1401 1365 1454 iterum
1429 1400 1671 1454 secundo
1740 1402 2001 1453 adventu.
2077 1400 2139 1453 Et

2246 1385 2542 1455 ἐρχομένου
2589 1384 2754 1439 πάλιν
2793 1387 2934 1436 κατὰ
2965 1385 3063 1451 τὴν
3098 1384 3363 1448 δευτέραν
3399 1385 3572 1436 αὐτοῦ
3621 1402 3803 1454 παρου-

551 1488 912 1549 succidentur,
975 1489 1172 1557 inquit,
1239 1489 1461 1542 diluvio.
1525 1490 1591 1542 Et
1643 1504 1857 1542 rursum
1891 1489 1957 1542 de
2009 1505 2139 1558 cap-

2247 1478 2400 1530 σίαν·
2438 1477 2535 1530 καὶ
2592 1476 3118 1541 συγκοπήσονται,
3174 1477 3362 1544 φησὶν,
3403 1471 3484 1541 ὡς
3545 1477 3613 1529 ἐν
3652 1494 3807 1530 κατο-

554 1578 770 1634 tivitate
831 1578 1104 1646 loquens:
1146 1580 1398 1646 Tolletur,
1458 1581 1654 1649 inquit,
1720 1582 2038 1650 sacri/icium
2094 1590 2144 1634 et

2246 1572 2520 1642 κνῑυσμῷ.
2553 1572 2664 1625 Καὶ
2695 1572 2858 1625 πάλιν
2903 1571 3032 1640 περὶ
3082 1570 3182 1638 τῆς
3221 1569 3606 1639 αἰχμαλωσίας
3652 1571 3805 1638 λέγων

556 1669 765 1722 libatio.
806 1668 868 1721 Et
913 1672 1226 1724 vastationis
1281 1672 1611 1725 abominatio
1669 1674 1766 1726 erit
1816 1675 1866 1725 in
1924 1675 2140 1742 templo.

2248 1666 2502 1735 εἴρηκεν·
2551 1664 2903 1731 Ἀρθιξσεται
2931 1663 3116 1716 θυσία
3163 1661 3259 1714 καὶ
3299 1661 3570 1729 σπονδὴ,
3607 1662 3696 1716 καὶ
3723 1663 3801 1714 ἐπὶ

560 1762 809 1814 Statuam
841 1761 946 1816 Titi
985 1763 1452 1819 abominationem
1501 1766 1740 1833 appellat
1794 1767 2139 1819 vastationis.
2176 1803 2187 1861 1

2179 1803 2219 1861 Β
2251 1758 2312 1809 τό
2346 1758 2508 1823 ἱερὸν
2530 1756 2846 1824 βδέλυγμα
2877 1753 2989 1820 τῆς
3019 1751 3396 1822 ἐρημώσεως,
3421 1753 3515 1805 τὸν
3545 1753 3806 1821 ἀνδριάντα

559 1854 905 1927 Quapropter
932 1867 986 1911 et
1006 1857 1258 1912 Christus
1290 1859 1365 1911 ait
1395 1874 1411 1909 :
1447 1858 1579 1912 Cum
1607 1861 1839 1912 videritis
1869 1861 2147 1913 abominn-
2176 1847 2186 1861 ³

2181 1847 2219 1861 “’
2250 1850 2412 1903 Τίτου
2462 1849 2740 1918 βδέλυγμα
2797 1847 3034 1909 καλέσας
3095 1847 3472 1917 ἐρημωτικόν.
3528 1847 3618 1899 Διὸ
3663 1847 3808 1898 καὶὸ

561 1948 754 2000 tionem
783 1948 1141 2013 desolationis,
1169 1959 1397 2004 stantem
1426 1952 1480 2003 in
1511 1951 1620 2003 loco
1651 1962 1851 2016 saneto,
1885 1953 1974 2022 qui
2002 1953 2144 2022 legit,

2251 1942 2484 2010 Χριστος
2543 1941 2700 2003 αὖθις
2745 1940 2952 2007 ἔλεγεν,
2989 1940 3178 1992 Ὅταν
3225 1939 3396 2003 ἴδητε
3426 1938 3494 1992 τὸ
3521 1938 3810 2006 βδέλυγμα

559 2042 880 2108 intelligat”.
916 2043 980 2097 Et
1006 2062 1167 2114 usque
1195 2049 1263 2099 ad
1290 2057 1785 2100 consummationem
1815 2051 1998 2103 sazculi
2027 2066 2149 2102 con-

2252 2034 2360 2102 τῆς
2407 2033 2765 2102 ἐρημώσεως
2802 2033 2993 2098 ἑστὼς
3024 2033 3094 2085 ἐν
3136 2033 3300 2096 τόπῳ
3350 2033 3521 2102 ἁγίῳ,
3555 2035 3588 2086 ὁ
3633 2033 3809 2100 ἀναγι-

561 2135 848 2186 summatio
922 2140 1161 2190 tradetur
1226 2138 1526 2190 ιάδιίιιὶοηὶ.
1609 2137 2144 2193 Consninmatiouem

2251 2129 2506 2180 νώσκων
2539 2127 2768 2180 νοείτω.
2802 2127 3035 2180 Ἔπειτα
3065 2125 3156 2178 καὶ
3175 2117 3286 2190 ἕως
3316 2126 3680 2192 συντελείας
3703 2142 3806 2178 κοι-

560 2226 826 2293 temporis
861 2239 1015 2282 vocat
1061 2229 1246 2283 mundi
1301 2230 1486 2284 linem.
1543 2231 1650 2284 Aut
1702 2233 1990 2286 ostendant
2047 2233 2146 2303 ipsi

2244 2221 2358 2288 ροῦ
2381 2219 2702 2273 συντέλεια
2721 2217 3047 2283 δοθήσεται
3079 2216 3176 2269 ἐπὶ
3209 2216 3328 2282 τὴν
3362 2218 3681 2288 ἐρήμωσιν,
3705 2236 3809 2271 συν-

562 2317 709 2372 aliud
750 2328 985 2387 tempus.
1017 2320 1156 2374 Ecce
1187 2322 1332 2375 enim
1370 2323 1646 2391 millejam
1694 2339 1866 2378 annos
1927 2340 2148 2394 perma-

2251 2315 2466 2367 τέλειαν
2492 2312 2686 2383 καιροῦ
2721 2313 2894 2380 λέγων
2929 2311 3024 2364 τοῦ
3047 2311 3364 2382 ὁρισθέντος
3420 2313 3498 2380 τῷ
3545 2313 3743 2382 κόσμῳ,
3782 2310 3807 2380 ἢ

563 2418 698 2464 nent
769 2411 822 2464 in
881 2412 1168 2467 servitute.
1228 2414 1647 2483 Appropinquat
1711 2425 1891 2469 autem
1957 2419 2148 2472 mundi

2253 2406 2585 2472 δειξάτωσαν
2614 2406 2802 2476 ἕτερον
2831 2406 3043 2476 καιρόν.
3099 2405 3230 2460 Ἰδοὺ
3259 2405 3375 2476 ¹γςὶιρ
3413 2405 3554 2476 ὑπὲρ
3594 2407 3656 2458 τὰ
3686 2404 3812 2474 χίλια

564 2505 986 2559 consummatio.
1045 2506 1314 2571 Quocirca
1347 2515 1402 2561 et
1430 2507 1722 2575 Josephus,
1758 2510 1824 2564 dc
1867 2524 1976 2578 quo
2023 2521 2152 2564 ante

2255 2501 2350 2570 ἔτη
2411 2500 2744 2566 δουλεύουσι,
2781 2499 2878 2553 καὶ
2941 2499 3128 2552 λοιπὸν
3180 2499 3351 2568 ἐγγὺς
3401 2501 3434 2570 ἡ
3486 2500 3576 2552 τοῦ
3631 2499 3811 2568 κόσμου

566 2599 828 2666 diximus,
858 2602 923 2654 de
951 2602 1266 2672 captivitate
1294 2601 1609 2656 Judteorum
1641 2602 1887 2656 scribens
1940 2602 2012 2656 ita
2071 2603 2156 2654 lo—~

2259 2594 2565 2647 συντέλεια.
2591 2593 2761 2645 Ὅθεν
2806 2591 2898 2644 καὶ
2930 2594 2956 2644 ό
2991 2591 3366 2660 προδηλωθεὶς
3415 2592 3671 2661 Ἰώσηπος
3700 2591 3813 2660 περὶ

567 2693 774 2762 quitur.
2255 2687 2356 2753 τῆς
2398 2685 2654 2747 ἁλώσεως
2704 2684 2812 2737 τῶν
2860 2685 3258 2754 Ἱεροσολύμων
3306 2683 3648 2753 συγγράφων
3700 2683 3812 2735 τάδε

2339 2777 2441 2831 σίν.

627 2867 901 2924 Praeterea
914 2868 980 2924 de
996 2869 1368 2925 Romanorum
1382 2870 1690 2940 principatu
1708 2871 1894 2926 Daniel
1910 2873 2151 2941 scripsit,

2339 2795 2441 2831 σιν.

2257 2795 2452 2923 φηἜτι
2484 2871 2579 2922 καὶ
2608 2869 2738 2939 περὶ
2803 2869 2902 2937 τῆς
2947 2869 3231 2936 Ῥωμαίων
3265 2871 3613 2940 ἠγεμονὶαςό
3645 2867 3813 2936 Δανιὴλ

570 2959 759 3016 dicens
789 2999 803 3021 ,
841 2960 1214 3032 Hierosolyma
1241 2963 1307 3016 ab
1327 2962 1435 3017 illis
1462 2978 1712 3018 eversum
1736 2963 1822 3018 iri.
1846 2963 1956 3019 Nec
1983 2981 2154 3020 ausus

2257 2963 2590 3034 ἀνέγραψεν.
2623 2964 2703 3016 ὅτι
2734 2963 2824 3016 ὑπ’
2854 2964 3034 3016 αὐτῶν
3088 2963 3446 3034 αἱρεθήσεται
3497 2965 3563 3017 τά
3612 2962 3812 3031 Ἰεροσό-
3848 2993 3856 3002 -

570 3061 656 3108 est
688 3051 980 3122 quidquam
1006 3052 1148 3107 aliud
1180 3053 1404 3116 addere,
1439 3070 1563 3110 cum
1592 3057 1761 3125 probe
1792 3057 1983 3121 sciret,
2017 3059 2160 3118 nihil

2258 3056 2426 3124 λυμα,
2467 3054 2617 3108 καὶὸ
2652 3054 2781 3117 ναὸς
2814 3054 3262 3126 ἐρημωθήσεται.
3299 3058 3417 3111 Καὶ
3448 3059 3547 3110 οὐκ
3575 3057 3814 3125 ἐτόλμησε

569 3159 599 3198 a
633 3144 855 3199 Daniele
883 3146 950 3201 de
991 3147 1316 3202 liberatione
1371 3149 1440 3202 ab
1489 3150 1607 3204 istis
1660 3151 1898 3205 miseriis
1948 3151 2196 3206 dictuml

2188 3147 2226 3203 C
2264 3148 2581 3216 προσθεῖναί
2609 3165 2664 3201 τι
2717 3147 2897 3209 πλέον,
2953 3148 3191 3218 οὐδαμοῦ
3256 3166 3309 3201 τι
3370 3151 3675 3222 γεγράφθαι
3708 3149 3815 3216 περὶ

569 3236 768 3294 fuisse.
797 3239 1107 3303 Quinetiam
1141 3241 1369 3296 diversis
1393 3251 1584 3310 postea
1618 3244 1958 3312 temporibus
1987 3259 2154 3298 cona-

2263 3241 2363 3309 τῆς
2392 3239 2720 3307 ἀπαλλαγῆς
2753 3240 2862 3292 τῶν
2892 3241 3083 3292 δεινῶν
3102 3241 3309 3293 τούτων
3348 3243 3531 3298 εἰδώς.
3573 3240 3722 3293 Ἀλλὰ
3738 3238 3819 3291 καὶ

573 3332 639 3395 ti,
672 3331 759 3398 qui
788 3331 1020 3410 dispersi
1051 3341 1228 3398 erant,
1259 3333 1430 3387 Judaei
1455 3343 1510 3387 et
1546 3336 1806 3402 templum
1857 3345 1912 3390 et
1964 3336 2154 3390 civita-

2211 3396 2217 3403 η
2261 3333 2476 3401 χρόνοις
2510 3331 2738 3400 ὕστερον
2801 3332 3085 3401 διαφόροις
3141 3335 3606 3406 ἐπιχειρήσαντες
3634 3335 3679 3386 οἱ
3725 3331 3816 3384 διε-

575 3431 684 3475 tum
702 3422 1007 3477 instaurare
1030 3424 1130 3477 sub
1153 3423 1391 3478 Adriano
1416 3424 1764 3491 imperatore,
1793 3428 2157 3481 innumerabi.

2267 3427 2572 3495 σπαρμένοι
2631 3424 2739 3476 τῶν
2794 3423 3068 3478 Ἰουδαίων
3099 3427 3408 3496 ἀναστῆσαι
3443 3427 3536 3481 καὶ
3565 3427 3650 3480 τὸν
3691 3423 3815 3487 ναὸν,

577 3514 655 3568 les
685 3513 1019 3570 calamitates
1055 3516 1421 3584 pertulerunt,
1449 3517 1647 3571 dirutis
1680 3518 2074 3585 fundamentis,
2106 3531 2162 3574 et

2270 3520 2364 3572 καὶ
2400 3519 2498 3588 τὴν
2530 3519 2704 3576 πόλιν,
2758 3517 2851 3569 ἐπὶ
2880 3517 2978 3587 μὲν
3025 3517 3308 3588 Ἀδριανοῦ
3336 3519 3606 3588 βασιλέως
3638 3515 3815 3588 μυρίας

577 3607 799 3662 civitate
830 3607 967 3661 Ailia
997 3623 1059 3662 ex
1095 3609 1449 3678 imperatoris
1499 3613 1824 3679 cognomine
1870 3613 2157 3681 appellata.

2272 3613 2587 3680 ὑπέστησαν
2616 3609 2913 3675 κακώσεις,
2956 3610 3073 3679 ἅμα
3106 3612 3201 3664 καὶ
3248 3612 3358 3664 τῶν
3386 3611 3819 3681 οἰκοδομηθέντων

575 3697 886 3768 lmperante
901 3709 1079 3755 autem
1095 3701 1452 3756 Constantino
1469 3717 1589 3756 cum
1612 3703 1799 3759 eadem
1818 3704 2158 3770 molirentur,

2279 3703 2717 3774 καθαιρεθέντων
2751 3705 2813 3755 ὲκ
2849 3703 3139 3771 θεμελίων,
3177 3706 3272 3757 καὶ
3299 3705 3404 3774 τῆς
3433 3706 3635 3768 πόλεως
3656 3703 3820 3762 Allia;

579 3789 720 3843 idem
747 3791 990 3860 perpessi
1023 3804 1170 3858 sunt,
1201 3795 1495 3860 amputatis
1521 3796 1682 3850 etiam
1716 3797 1996 3860 auriculis,
2025 3806 2162 3852 utea

2274 3797 2382 3851 ἀπὸ
2427 3798 2529 3865 τῆς
2563 3797 2878 3864 ἐπωνυμίας
2899 3793 2993 3848 τοῦ
3028 3794 3295 3864 βασιλέως
3328 3796 3817 3868 μετονομασθείσης·

577 3890 707 3936 nota
734 3897 1194 3954 cognoscerentur
1223 3901 1254 3940 a
1287 3886 1489 3942 Christi
1523 3888 1813 3944 interdicto
1847 3891 2165 3958 recessisse.

2277 3892 2369 3943 ἐπὶ
2397 3889 2453 3942 δὲ
2492 3887 2906 3942 Κωνσταντίνου
2934 3886 3030 3940 τοῦ
3057 3889 3297 3955 μεγάλου
3361 3891 3434 3944 τὰ
3465 3891 3598 3944 αὐτὰ
3647 3888 3821 3956 τολμή-

577 3976 650 4030 At
677 3976 892 4033 Juliano
939 3980 1266 4060 imperatore
1317 3996 1441 4035 cum
1464 3981 1531 4036 ad
1552 3997 1690 4052 opus
1763 3983 2164 4038 conficiendum

2279 4000 2494 4046 σαντες,
2536 3981 2606 4034 τὰ
2634 3981 2725 4032 ἴσα
2758 3981 3084 4044 πεπόνθασι,
3113 3981 3207 4034 καὶ
3249 3980 3317 4034 τὰ
3352 3976 3472 4036 ὦτα
3526 3979 3821 4052 περιῃρέθηο

579 4069 688 4124 illis
753 4072 1132 4141 opitularetur,
1202 4082 1264 4129 ut
1337 4074 1617 4130 Christum
1682 4077 1997 4132 ostenderet
2039 4077 2169 4132 falsa

2279 4092 2400 4133 σαν.
2429 4073 2506 4136 ὡς
2537 4073 2808 4141 παρήκοοι
2847 4073 2946 4142 τῆς
2977 4074 3310 4141 ἀποφάσεως
3334 4077 3432 4130 τοῦ
3466 4074 3716 4144 Χριστοῦ,
3745 4071 3820 4122 ἐπὶ

583 4165 986 4230 pronuntiasse.
1025 4164 1163 4235 ignis
1187 4181 1218 4220 e
1251 4165 1621 4222 fundamentis
1648 4168 1866 4222 effossis
1906 4169 2169 4224 exsiliens

2277 4168 2335 4221 δὲ
2377 4164 2673 4220 Ἰουλιανοῦ
2709 4165 3098 4234 συνεργοῦντος
3135 4167 3338 4232 μᾶλλον
3371 4169 3573 4232 αὐτοῖς,
3604 4167 3681 4218 ἵνα
3696 4161 3822 4230 δείξῃ

585 4256 780 4325 partim
813 4257 1133 4320 combussit,
1163 4259 1358 4327 partim
1391 4259 1694 4329 dissipavit.
1727 4260 1908 4325 Quid?
1940 4263 2085 4325 quod
2120 4265 2173 4315 in

2281 4260 2452 4328 ψευδῆ
2494 4259 2594 4328 τὴν
2621 4257 2882 4324 τοιαύτην
2931 4257 3231 4326 ἀπόφασιν,
3260 4260 3373 4331 πῦρ
3407 4260 3822 4329 ἀνορυττομὲνων

585 4347 706 4401 aliis
738 4347 1145 4416 captivitatibus
1197 4349 1476 4420 propheta:
1512 4367 1636 4406 cum
1681 4352 1785 4408 illis
1821 4353 2067 4418 fuerunt,
2121 4354 2173 4407 in

2283 4353 2390 4406 τῶν
2421 4351 2691 4420 θεμελίων
2730 4350 3050 4420 ἐκπηδῆσαν
3074 4352 3200 4413 τοὺς
3255 4352 3354 4422 μὲν
3384 4351 3692 4422 κατέφλεξε,
3720 4347 3824 4407 τοὺς

583 4439 689 4496 hac
709 4450 886 4496 autem
915 4442 1131 4501 nullus?

2213 4500 2249 4515 λ
2283 4447 2340 4500 δὲ
2397 4446 2768 4515 διεσκόρπισε.
2835 4446 2946 4496 Kal.
2979 4443 3071 4494 ἐπὶ
3111 4442 3210 4512 μὲν
3274 4443 3385 4499 τῶν
3425 4447 3600 4501 ἄλλων
3649 4444 3823 4508 αἰχμα-

2207 4500 2492 4595 θλωσιῶν
2553 4539 2832 4609 προφῆται
2884 4537 3121 4607 συνῆσαν
3156 4538 3365 4602 αὐτοῖς,
3422 4540 3515 4592 ἐπὶ
3556 4538 3610 4592 δὲ
3648 4533 3824 4598 ταύτης

2275 4637 2476 4700 οὐδεὶς.

1151 4731 1428 4803 Ejusdem.

2921 4726 3032 4779 Τοῦ
3072 4726 3279 4780 αὑτοῦ.

661 4822 772 4877 Cur
796 4822 1074 4878 Christum
1101 4823 1373 4887 occidisti,
1403 4823 1627 4878 Iudaee?
1653 4825 1950 4892 Quoniam,
1974 4827 2174 4898 inquit,

2356 4821 2508 4873 Διατί
2561 4821 2652 4873 τὸν
2694 4819 2934 4890 Χριστὸν
2989 4820 3224 4884 ἀνεῖλες,
3282 4817 3326 4873 ὦ
3376 4821 3636 4882 Ἰουδαῖε;
3681 4810 3820 4868 Attici:

589 4915 861 4982 impostor
900 4929 1038 4981 erat,
1091 4928 1143 4973 et
1195 4918 1449 4972 inimicus
1507 4916 1621 4972 Dei.
1673 4919 1835 4988 Atqui
1887 4931 2178 4976 consenta-

2285 4916 2440 4982 φησὶ,
2476 4913 2679 4976 πλάνος
2709 4908 2778 4983 ἦν
2828 4915 2921 4967 καὶ
2961 4913 3228 4977 ἀντίθεος.
3265 4914 3374 4967 Καὶ
3415 4915 3513 4983 μὲν
3539 4910 3638 4962 ἔδει
3663 4903 3823 4957 σελοι-

591 5023 758 5064 neum
804 5019 920 5064 erat
946 5021 1018 5070 te,
1039 5022 1096 5066 ut
1123 5013 1212 5080 qui
1232 5011 1320 5064 Dei
1355 5011 1724 5067 adversarium
1757 5014 2090 5079 sustulisses,
2113 5015 2181 5070 ab

2290 5005 2389 5057 κτὸν
2420 5005 2606 5074 τυχεῖν
2642 5004 2798 5074 παρά
2829 5003 2967 5056 Θεοῦ
3003 5003 3330 5073 εὐεργεσίας
3364 5003 3620 5056 ἀνελόντα
3652 4995 3732 5048 τὸν
3749 4993 3823 5042 ἀν-

593 5103 714 5172 ipso
741 5103 852 5157 Deo
883 5104 1107 5174 gratiam
1143 5105 1300 5166 inire,
1343 5117 1396 5158 et
1420 5122 1648 5161 munera
1678 5107 1950 5177 accipere,
1977 5109 2110 5163 Nam
2137 5111 2180 5163 si

2289 5096 2489 5150 τίθεον.
2522 5095 2584 5148 El
2633 5094 2742 5164 γὰρ
2799 5094 3064 5164 παρεώρα
3115 5094 3381 5158 πολλάκις
3439 5093 3536 5154 τὰς
3588 5082 3823 5177 ἁμαρτίας

593 5206 772 5251 vestra
803 5211 945 5266 szepe
965 5197 1312 5252 dissimulans
1338 5207 1560 5268 peccata
1587 5214 1683 5253 vos
1716 5213 1746 5253 e
1773 5201 2182 5269 captivitatibus

2288 5190 2470 5260 ὑμῶν,
2501 5191 2594 5242 καὶ
2625 5188 2946 5242 ἀνεκαλεῖτο
2992 5187 3091 5250 τὰς
3144 5187 3422 5258 ὑμετέρας
3489 5173 3823 5269 αἰχμαλωσίτξξ

595 5288 870 5343 revocavit
898 5306 911 5342 :
946 5287 1068 5342 Non
1099 5297 1311 5357 propter
1355 5307 1460 5351 vos,
1495 5291 1774 5360 inquiens,
1804 5292 1970 5358 facio,
1999 5295 2183 5347 domus

2287 5258 2484 5351 λέγων,
2513 5284 2595 5338 Οὐ
2624 5282 2701 5334 δι’
2720 5281 2876 5351 ὑμᾶς
2897 5283 3012 5351 ἐγὼ
3033 5280 3203 5346 ποιῶ,
3225 5280 3390 5346 οἶκος
3431 5274 3676 5345 Ἰσραὴλν

588 5383 780 5448 Israel,
842 5385 932 5437 sed
992 5391 1204 5452 propter
1263 5400 1452 5437 nomen
1511 5384 1891 5447 nteum',boc
1952 5393 2054 5445 est,
2117 5399 2185 5436 ne

2288 5378 2385 5430 διὰ
2419 5376 2486 5430 τὸ
2515 5376 2703 5445 ὄνομά
2717 5393 2859 5444 μου,
2895 5375 3204 5438 τουτέστιν,
3229 5374 3318 5425 ἵνα
3354 5370 3578 5442 pii-565w
3604 5365 3665 5418 δι’
3688 5352 3823 5453 “of:

599 5477 784 5532 videar
835 5477 1019 5532 atuilii
1054 5477 1234 5547 inopia
1269 5493 1364 5532 vos
1393 5478 1782 5547 derelinquere
1819 5495 1830 5529 :
1873 5477 2043 5532 multo
2069 5488 2189 5532 erat

2287 5488 2436 5524 νειαν
2467 5469 2722 5539 βοηθείας
2751 5470 2995 5538 ἐρήμους
3028 5467 3458 5536 καταλιμπάνων
3492 5461 3654 5532 ὑμᾶς·
3674 5447 3823 5511 πολλῷ

600 5572 826 5639 aequius,
859 5587 956 5626 vos
987 5580 1047 5625 ut
1073 5581 1442 5634 conservaret,
1491 5585 1616 5624 cum
1647 5570 1904 5638 praeclare
1938 5584 2036 5623 vos
2091 5584 2189 5636 ge-

2295 5563 2498 5634 μᾶλλον
2520 5561 2691 5632 ἐχρῆν
2723 5559 2922 5624 σώζειν
2970 5558 3409 5629 κατωρθωκότας
3439 5557 3537 5626 τὴν
3580 5547 3823 5639 ἀναίρεσιιν

584 5673 787 5718 rentes
805 5664 1172 5718 adversarium
1195 5665 1313 5734 ejus
1333 5664 1403 5718 de
1430 5663 1606 5717 medio
1630 5663 2013 5717 sustulissetis.
2035 5661 2192 5716 Nunc

2289 5631 2386 5708 τοῦ
2424 5631 2623 5725 ἐχθροῦ
2658 5652 2844 5709 αὐτοῦ.
2884 5652 3003 5710 Νῦν
3029 5652 3176 5707 atra
3204 5653 3356 5716 ἔθνος
3387 5649 3538 5722 ὑμῶν
3599 5637 3721 5714 μετὰ
3744 5631 3822 5696 τὴν

681 5828 696 5858 ⁸
727 5826 916 5884 Matth.
948 5845 1021 5894 χι,
1087 5830 1172 5883 15.
1250 5831 1268 5860 ²
1297 5829 1487 5883 Matth.
1533 5844 1678 5893 xxiv,
1718 5828 1794 5880 l5.
1879 5825 1897 5856 ³
1925 5823 2122 5881 Ezech.
2156 5838 2341 5888 XXXVI,
2370 5821 2459 5875 ‘39..
