4120 6292
323 345 430 408 293

1278 356 1658 418 PANUPLIA
1701 359 2165 426 DOGMATICA.
2203 390 2270 400 ·-
2312 369 2456 431 ΤΙΤ.
2503 371 2669 432 VIII.

3486 383 3594 448 294

324 473 488 525 μοσιν
520 457 949 530 ἀπεδείχθησαν.
981 465 1052 519 Τὸ
1081 467 1212 538 γὰρ,
1247 471 1359 521 Οὐκ
1391 466 1556 540 ἦλθον
1589 470 1776 540 βαλεῖν
1837 490 1859 523 ε

1972 519 1976 532 ,
2013 474 2102 528 tibi
2134 477 2472 550 divulgatum
2499 493 2592 546 est,
2617 484 2995 556 Evangelium,
3029 505 3222 546 omnes
3267 508 3434 547 unum
3467 513 3592 552 cor-

316 548 495 620 ρήνην
524 551 618 602 ἐπὶ
664 553 766 622 τὴν
800 554 925 624 γῆν,
955 557 1091 612 ἀλλὰ
1116 562 1418 631 μάχαιραν,
1451 563 1514 615 οὐ
1576 565 1706 632 περὶ
1742 565 1904 617 πολε-

317 637 491 707 μικῆς
533 639 749 709 εἴρηται
787 646 1090 714 μαχαίρας.
1151 649 1418 720 Μάχαιρα
1453 653 1563 722 γὰρ
1592 654 1661 723 ἢν
1708 654 1905 707 ἔϐαλεν

310 727 344 777 ὁ
372 726 632 796 Χριστὸς,
663 731 724 782 τὸ
755 734 1041 802 κήρυγμα,
1086 740 1180 791 καὶ
1209 741 1240 809 ή
1283 742 1476 795 τούτου
1520 743 1728 807 πίστις,
1762 745 1903 797 διαι-

312 814 492 883 ροῦσα
523 819 616 868 τὸν
637 820 827 872 πιστὸν
877 823 984 875 ἀπὸ
1031 826 1126 878 τοῦ
1167 829 1422 894 ἀπίστου,
1482 832 1576 884 καὶ
1625 835 1903 905 τέμνουσα

309 906 417 976 τὴν
443 908 538 960 ἐπὶ
568 911 724 980 κακῴ
761 912 952 981 σχέσιν
1004 919 1097 971 καὶ
1126 921 1449 988 συμφωνίαν
1506 925 1713 979 αὐτῶν.
1756 927 1900 980 Ἀλλ’

308 1000 460 1053 οὕτω
495 1002 597 1070 μὲν
626 1002 688 1054 τὸ
707 1007 849 1058 κατὰ
875 1009 1120 1078 Μιχαίαν
1147 1025 1163 1041 ⁶
1200 1012 1402 1082 ἴδωμεν
1425 1015 1481 1069 δὲ
1513 1019 1610 1070 καὶ
1657 1019 1716 1072 τὸ
1757 1021 1901 1073 κατὰ

319 1093 624 1162 Ἰερεμίαν.
658 1097 867 1166 Σημεῖα
915 1102 1026 1166 γὰρ
1057 1103 1230 1158 πολλὰ
1262 1108 1356 1159 καὶ
1394 1111 1608 1179 μεγάλα
1639 1113 1736 1165 τοῦ
1762 1117 1900 1184 Χρι-

309 1185 442 1239 στοῦ
515 1189 823 1254 ποιοῦντος,
890 1195 941 1248 οί
1004 1199 1396 1270 συντρέχοντες
1459 1207 1554 1260 xal
1601 1207 1898 1276 βλέποντες

303 1278 510 1345 ταῦτα,
547 1281 750 1346 πάντες
785 1285 894 1338 ἀπὸ
920 1290 1122 1361 μικροῦ
1157 1292 1262 1357 ἓως
1317 1298 1562 1366 μεγάλου
1595 1303 1727 1366 τοὺς
1764 1306 1893 1358 ἐαυ-

301 1371 416 1424 τῶν
447 1372 768 1445 ὀφθαλμοὺς
814 1375 964 1452 εἶχον
986 1383 1350 1453 διδασκάλους
1396 1393 1756 1464 οεογνωσίας,
1801 1401 1894 1454 καὶ

302 1469 712 1534 κατανοοῦντες
742 1471 842 1536 τὰς
880 1479 1210 1548 θεοπρεπεῖς
1239 1484 1508 1556 δυνάμεις
1545 1491 1734 1556 αὑτοῦ,
1800 1511 1894 1546 τα-

296 1557 444 1628 χέως
473 1559 546 1612 δι’
578 1562 790 1618 ἑαυτῶν
817 1566 1148 1639 ἐμάνθανον,
1183 1575 1266 1628 ὅτι
1306 1578 1442 1642 Θεός
1468 1583 1638 1648 ἐστιν,
1661 1585 1737 1650 ὡς
1773 1586 1890 1640 ἔστι

293 1651 637 1706 καταλαϐεῖν
667 1656 730 1708 οὐ
772 1659 938 1727 μόνον
959 1665 1068 1718 άπὸ
1103 1667 1203 1736 τῆς
1234 1670 1342 1723 τῶν
1372 1673 1728 1744 Εὐαγγελίων
1750 1697 1890 1751 γρα-

293 1740 430 1810 φῆς,
480 1744 620 1798 ἀλλὰ
663 1748 758 1801 καὶ
790 1751 899 1805 ἀπὸ
942 1755 1053 1806 τῶν
1111 1758 1233 1810 καθ’
1279 1740 1572 1834 Ἐϐραίους
1616 1740 1887 1839 χρφνίκῶν

2016 581 2120 634 pus
2154 569 2334 624 οπεοιί
2367 583 2517 636 sunt,
2547 584 2601 628 et
2631 592 2803 629 unum
2861 578 3059 633 habent
3081 595 3245 651 caput.
3286 584 3587 652 Christum,

2009 668 2063 710 et
2088 656 2418 717 formidandi
2477 665 2816 722 daemonibus
2845 683 3158 726 evaserunt.
3209 674 3366 739 Quod
3403 689 3588 732 autem

2007 749 2125 819 ipse
2156 753 2315 818 dixit,
2351 771 2410 810 se
2451 759 2683 824 venisse,
2717 777 2826 813 non
2890 771 2954 816 ut
3009 780 3200 831 pacem
3271 768 3326 820 in
3381 777 3586 824 terram

2005 841 2230 899 afferret.
2279 847 2371 900 sed
2413 849 2674 918 gladium,
2701 853 2750 906 id
2785 869 2891 906 non
2929 856 3252 926 intelligitur
3278 859 3345 914 de
3401 862 3587 931 gladio

2006 934 2220 989 bellico.
2255 935 2481 993 Gladius
2514 943 2684 1007 enim,
2713 961 2874 1012 quem
2909 947 3024 1014 ipse
3063 949 3186 1002 tulit
3241 953 3376 1006 nihil
3433 956 3583 1010 aliud

2003 1035 2105 1090 est,
2152 1027 2257 1081 nisi
2283 1030 2560 1100 religionis
2592 1035 2711 1102 ejus
2737 1035 3050 1105 divulgaiio,
3090 1052 3146 1093 et
3177 1043 3228 1094 in
3265 1058 3391 1097 eum
3446 1048 3580 1102 fides

2001 1132 2122 1185 ("ire
2149 1131 2371 1187 separat
2405 1123 2618 1177 tidelem
2648 1126 2718 1178 ab
2751 1127 2976 1192 infideli,
3027 1133 3478 1199 conjnnCtionem
3525 1151 3584 1193 et

2001 1225 2334 1265 consensum
2396 1229 2585 1268 eorum
2645 1219 2698 1270 in
2736 1222 3016 1286 peccando
3067 1224 3295 1279 dirimit.
3349 1229 3411 1282 Et
3467 1230 3583 1285 [nec

2000 1301 2219 1368 quidem
2247 1302 2391 1358 dicta
2417 1305 2526 1361 sint
2549 1309 2616 1362 de
2651 1311 2938 1379 prophetia
2963 1313 3224 1370 Michwae.
3264 1319 3582 1387 Videamus,

1997 1411 2116 1462 qua!
2144 1411 2172 1447 a
2194 1394 2436 1451 Jcrentia
2511 1400 2656 1454 dicta
2691 1411 2842 1456 sunt.
2876 1406 3012 1458 Cum
3061 1408 3232 1461 multa
3280 1425 3584 1482 [uagituque

1998 1486 2151 1556 signa
2212 1489 2414 1544 faceret
2462 1491 2744 1560 Christus,
2796 1494 2897 1557 illi,
2944 1499 3036 1566 qui
3093 1503 3492 1557 concurrebant
3531 1514 3584 1558 ct

1997 1581 2412 1647 exspectabant,
2441 1598 2687 1639 omnesa
2723 1603 2892 1655 parvo
2947 1606 3119 1659 usque
3182 1594 3246 1646 ad
3324 1609 3580 1664 magnum

1995 1672 2184 1725 oculos
2217 1675 2476 1743 proprios
2523 1678 2802 1733 habebant
2833 1683 3038 1737 divina:
3082 1685 3413 1756 cognitionis
3467 1704 3583 1742 ma-

1995 1762 2196 1832 gistros
2230 1776 2283 1819 ct
2312 1767 2544 1835 judices.
2587 1778 2642 1824 et
2694 1772 3203 1830 animadvertentes
3257 1778 3473 1834 divinas
3507 1780 3575 1832 il-

289 1835 562 1904 Γραφῶν,
619 1842 710 1893 καὶ
763 1843 872 1896 τῶν
919 1847 1042 1901 καθ’
1093 1850 1366 1922 Ἕλληνας
1425 1835 1864 1932 ἱστοριογράφων

1991 1857 2096 1912 lius
2130 1859 2381 1924 virtutes,
2433 1863 2721 1917 confestim
2779 1865 3157 1936 intelligebant
3215 1871 3394 1939 ipsum
3450 1887 3576 1927 esse

289 1928 567 1985 Λείπεται
588 1929 684 1987 οῦν
717 1937 896 1990 εἰπεῖν
924 1943 1175 2012 περὶτοῦ
1208 1950 1350 2001 κατὰ
1382 1950 1476 2003 τὸν
1528 1953 1760 2008 Ἡσαΐαν
1790 1976 1888 2028 ση-

295 2021 458 2110 μείου
511 2028 615 2096 τῆς
647 2030 962 2098 παρουσίας
989 2033 1252 2106 Χριστοῦ.
1313 2033 1484 2105 Οὗτος
1522 2047 1642 2109 ταῖς
1696 2021 1885 2117 διαφο-

293 2105 422 2186 ραίς
451 2119 563 2172 τῶν
584 2123 812 2192 ἡμέρων
842 2143 903 2178 τε
958 2105 1054 2182 καὶ
1098 2131 1308 2201 ἀγρίων
1342 2135 1498 2198 ζώων
1530 2141 1598 2192 τὰ
1624 2105 1882 2214 *διάφορα

287 2209 403 2263 τῶν
431 2211 744 2282 ἀνθρώπων
792 2216 900 2288 ἢθη
949 2221 1338 2294 παρεδήλωσε,
1374 2229 1471 2282 καὶ
1499 2229 1590 2284 διὰ
1607 2233 1705 2300 τῆς
1736 2209 1882 2288 ἐκεί.

292 2319 406 2355 νων
437 2304 865 2378 συνδιαιτήσεως
895 2311 995 2380 τὴν
1039 2313 1171 2383 μίαν
1228 2317 1436 2373 τούτων
1469 2324 1710 2395 ποίμνην
1760 2328 1881 2398 ᾐνί-

297 2395 451 2463 ξατο,
488 2399 582 2452 καὶ
616 2400 716 2464 τὰς
747 2404 810 2455 ὲκ
829 2405 1042 2459 τούτων
1071 2414 1494 2481 συστησομένας
1524 2395 1878 2490 Ἐκκλησίας,

293 2487 468 2541 λύκον
493 2490 592 2560 μὲν
613 2493 853 2559 καλέσας
880 2497 973 2550 τὸν
997 2498 1126 2565 ὀξὺν
1163 2504 1244 2566 είς
1270 2505 1551 2576 ἁρπαγὴν,
1617 2487 1756 2580 ἄρνα
1811 2514 1870 2566 δὲ

286 2581 388 2634 τὸν
419 2582 854 2656 εὐεπηρέαστον,
889 2593 983 2645 καὶ
1037 2593 1305 2663 πάρδαλιν
1340 2600 1441 2668 μὲν
1492 2604 1587 2655 τὸν
1630 2606 1874 2660 ποικιλό-

282 2689 532 2744 γνωμον,
562 2678 755 2749 ἔριφον
804 2682 862 2736 δὲ
890 2685 982 2738 τὸν
1010 2687 1236 2742 ἁπλοῦν.
1272 2693 1383 2744 Καὶ
1433 2698 1732 2768 μοσχάριον
1774 2701 1874 2769 μὲν

275 2768 372 2821 τὸν
405 2773 607 2839 πρᾶον,
637 2773 840 2844 ταῦρον
897 2777 955 2831 δὲ
1025 2781 1119 2832 τὸν
1173 2781 1403 2853 θρασὺν,
1464 2788 1652 2842 λέοντα
1690 2791 1745 2844 δὲ
1776 2768 1868 2846 τὸν

275 2860 670 2932 ὑπερήφανον,
694 2867 788 2932 οὓς
825 2871 968 2936 ἄξει,
1005 2873 1104 2925 καὶ
1129 2879 1392 2945 ποιμανεῖ
1451 2881 1743 2950 ἄνθρωπος
1799 2889 1866 2958 τῇ

273 2951 386 3020 μὲν
420 2955 692 3025 φρονήσει
723 2960 935 3023 πολιὸς,
971 2960 1050 3032 τῷ
1078 2963 1137 3016 δὲ
1165 2967 1432 3039 ἁπονήρῳ
1461 2971 1558 3024 καὶ
1582 2976 1650 3042 τῇ
1680 2951 1876 3028 ταπείζ

271 3047 600 3118 νοφροσύνῃ
637 3045 875 3108 παιδίον.
923 3055 1032 3107 Καὶ
1083 3057 1258 3125 μέγας
1293 3060 1392 3129 μὲν
1441 3065 1506 3133 τῇ
1543 3065 1736 3136 ἀρετῇ,
1780 3086 1873 3137 μι-

270 3137 419 3208 κρὸς
465 3139 522 3193 δὲ
555 3145 621 3214 τῇ
647 3146 950 3219 φαινομένῃ
977 3149 1227 3222 εὐτελείᾳ
1256 3153 1346 3204 καὶ
1384 3153 1652 3225 λιτότητι.
1677 3160 1867 3214 Τοιοῦ-

265 3245 351 3282 τοι
390 3230 452 3282 δὲ
509 3231 558 3283 οἱ
606 3234 717 3286 τῶν
780 3237 1094 3307 ἐκκλησιῶν
1145 3243 1513 3312 προεστῶτες,
1557 3249 1650 3317 ὑφ’
1689 3244 1765 3302 ὧν
1815 3255 1864 3306 οί

267 3321 538 3391 διάφοροι
578 3328 690 3388 τοῖς
721 3327 914 3394 ἤθεσιν
965 3332 1225 3401 ἀγόμενοι
1259 3335 1622 3406 ρυθμίζονταί
1675 3359 1732 3394 τε
1774 3345 1867 3396 καὶ

270 3416 750 3485 συνοιρ;;.όζονται.
800 3423 911 3474 Kal
952 3423 1107 3487 αὖθις
1143 3426 1273 3496 βοῦν
1307 3433 1408 3496 μὲν
1435 3435 1522 3486 τον
1545 3437 1863 3506 ἐργατικὸν,

261 3511 482 3580 ἄρκτον
518 3513 574 3566 δὲ
608 3514 700 3566 τὸν
727 3517 1170 3589 γαστρίμαργον.
1209 3523 1317 3576 Καὶ
1342 3526 1506 3581 πάλιν
1534 3530 1725 3586 λέοντα
1762 3535 1862 3604 μὲν

263 3605 356 3656 τὸν
404 3605 742 3674 ἠγεμοτικόν
791 3626 849 3662 τε
878 3610 975 3664 καὶ
1001 3613 1255 3682 ἀρχικὸν,
1318 3616 1448 3685 βοῦν
1482 3620 1538 3672 δὲ
1597 3623 1692 3676 τὸν
1757 3626 1862 3680 ὑπὸ

262 3697 442 3764 ζυγὸν
468 3698 738 3766 δουλείας,
781 3702 878 3754 καὶ
915 3703 1383 3773 ὑποτεταγμένον.
1445 3711 1662 3783 Ἀχυρα
1717 3715 1776 3770 δὲ
1825 3719 1858 3786 ή

261 3792 496 3860 εὐτελὴς
527 3791 622 3844 τοῦ
658 3794 762 3844 ξιπῦ
801 3795 967 3860 ζυγὸν
996 3799 1197 3867 τροφή.
1233 3800 1709 3874 Συσσιτηθήσεται
1747 3811 1857 3880 γὰρ

260 3885 287 3936 ὁ
327 3884 674 3938 ὑποτάσσων
722 3887 801 3954 τῷ
867 3887 1302 3960 ὑποτασσομένῳ
1350 3894 1440 3948 διά
1487 3897 1589 3968 τὴν
1625 3901 1856 3971 ἑνότητα

259 3976 363 4045 τῆς
444 3977 709 4041 πίστεως.
767 3981 991 4034 Παιδίον
1061 3983 1121 4036 δὲ
1187 3986 1382 4053 νήπιον
1457 3987 1691 4054 ἕκαστος
1749 3994 1857 4048 τῶν

262 4076 661 4141 προεστώτων.
710 4072 785 4136 ὡς
855 4075 1098 4146 εἴρηται,
1156 4081 1442 4146 νηπιάζων
1524 4085 1582 4136 ἐν
1661 4089 1852 4160 κακία,

259 4158 322 4218 οὗ
354 4164 488 4232 χεὶρ
524 4163 558 4232 ἡ
608 4163 938 4219 διδασκαλία
973 4167 1064 4221 διὰ
1127 4170 1190 4221 τὸ
1234 4173 1677 4242 ἀνυσιμώτατον,
1728 4158 1854 4251 ἥτις

259 4254 626 4308 ὲπιόάλλεται
655 4259 772 4320 τοῖς
813 4259 1084 4324 ἀπίστοις,
1111 4261 1308 4326 οἵτινές
1342 4267 1452 4317 εἰσι
1478 4268 1723 4337 τρῶγλαι
1755 4273 1852 4326 καὶ

254 4347 595 4412 καταδύσεις
633 4351 729 4404 καὶ
787 4353 1084 4424 οἰκητήρια
1146 4356 1239 4408 καὶ
1291 4358 1676 4432 ἀναπαυτήρια
1742 4365 1849 4418 τῶν

256 4440 475 4510 νοητῶν
532 4442 803 4508 ἀσπίδων,
838 4445 960 4514 ἤτοι
998 4446 1113 4498 τῶν
1180 4449 1410 4504 ίοσόλων
1460 4455 1557 4506 καὶ
1605 4457 1846 4530 θανατη-

1991 1948 2188 2013 Deuni,
2234 1961 2293 2006 ut
2321 1952 2510 2024 colligi
2543 1963 2727 2024 potest
2756 1972 2866 2010 non
2889 1961 3067 2012 solum
3128 1976 3194 2015 ex
3248 1978 3576 2017 monumen-

1988 2042 2061 2093 tis
2087 2043 2532 2110 livangeliorum,
2558 2062 2749 2100 verum
2783 2050 2949 2102 etiam
2977 2065 3042 2103 ex
3095 2052 3390 2106 annalibus
3447 2052 3558 2107 lle-

1989 2132 2259 2188 braeoiuni
2293 2145 2350 2190 et.
2406 2140 2650 2207 gentium
2691 2139 2986 2195 historicis.
3023 2140 3318 2212 Reliquum
3367 2157 3471 2206 est.
3514 2159 3574 2200 ut
3653 2199 3666 2210 ,

1985 2225 2201 2296 signant
2230 2228 2498 2284 adventus
2544 2230 2746 2285 Christi
2797 2233 3115 2300 praedictum
3140 2237 3209 2288 ab
3267 2237 3404 2290 lsaia
3442 2254 3575 2291 con-

1987 2318 2312 2372 sideremus.
2375 2322 2476 2375 Hic
2529 2324 2852 2378 animalium
2926 2327 3172 2382 cicurum
3221 2337 3274 2382 ct
3330 2329 3569 2382 ferarum

1982 2409 2302 2466 discrimine
2333 2412 2607 2484 signiﬁcat
2637 2417 2884 2472 diversos
2932 2419 3216 2485 hominum
3260 2437 3463 2486 mores,
3513 2431 3568 2475 cl.

1986 2516 2084 2570 per
2111 2517 2460 2558 communem
2528 2507 2752 2562 illorum
2795 2511 3020 2575 victum,
3085 2521 3140 2566 et
3191 2523 3437 2567 mutuam
3486 2515 3566 2568 \i-

1985 2595 2144 2649 vendi
2199 2599 2685 2660 consuetudinem,
2725 2617 2894 2655 unum
2946 2602 3233 2658 hominum
3286 2606 3450 2671 ovile,
3509 2617 3565 2663 et

1983 2687 2257 2742 Ecclesias
2327 2704 2393 2743 ex
2453 2690 2537 2744 his
2583 2693 2994 2748 constituendas
3046 2698 3305 2759 ostendit,
3373 2700 3563 2769 lupum

1983 2779 2203 2848 quidem
2247 2783 2531 2852 appellans
2579 2799 2702 2838 eum
2740 2787 2832 2853 qui
2858 2787 2927 2840 ad
2971 2788 3194 2857 rapinas
3224 2791 3379 2844 velox
3425 2799 3559 2847 est:

1985 2887 2189 2942 agnum
2237 2884 2420 2928 autem
2446 2892 2596 2941 eum,
2645 2879 2737 2946 qui
2795 2880 2989 2948 prmdaa
3035 2890 3089 2935 ct
3118 2881 3412 2951 direptioni
3469 2893 3556 2938 est

1979 2964 2299 3034 expositus:
2357 2969 2584 3036 pardqu
2637 2970 2808 3035 illum,
2855 2972 2948 3042 qui
2995 2983 3208 3028 astutus
3259 2985 3316 3028 et
3372 2988 3560 3032 mente

1978 3059 2162 3112 varius
2195 3074 2222 3116 ε.
2239 3059 2454 3114 haedum
2493 3062 2670 3127 illum,
2717 3064 2806 3132 qui
2837 3066 3106 3120 candidus
3149 3074 3203 3121 et
3243 3067 3475 3138 simplex
3539 3087 3555 3125 :

1977 3150 2207 3205 vitulum
2244 3151 2418 3213 illum,
2451 3155 2542 3223 qui
2577 3170 2664 3210 eat
2692 3168 3012 3212 mansuetus
3073 3178 3085 3213 :
3135 3173 3349 3216 taurum
3399 3178 3553 3230 eum,

1970 3242 2174 3310 quiest
2213 3245 2438 3300 audax:
2486 3247 2700 3301 leonem
2745 3250 2923 3313 illum,
2965 3251 3056 3320 qui
3118 3261 3201 3306 est
3241 3257 3550 3324 superbus;

1967 3349 2105 3403 quos
2134 3335 2299 3389 ducet
2342 3344 2395 3390 ct
2435 3347 2621 3406 pascet
2649 3341 2810 3394 homo
2845 3343 3134 3410 prudentia
3185 3346 3405 3415 quidem
3458 3364 3549 3404 se-

1974 3441 2102 3483 nex.
2131 3427 2452 3484 innocentia
2510 3439 2693 3484 autem
2727 3440 2783 3484 et
2819 3434 3083 3490 modestia
3114 3441 3396 3506 puerulus;
3438 3456 3553 3496 ma-

1965 3533 2106 3589 gnus
2140 3522 2362 3586 virtute,
2391 3521 2490 3576 sed
2522 3523 2830 3592 frugalitate
2869 3534 2924 3581 et
2955 3528 3303 3597 simplicitate
3326 3549 3547 3600 parvus.

1964 3611 2123 3690 Tales
2150 3624 2276 3668 sunt
2308 3614 2673 3672 Ecclesiarum
2729 3618 2989 3687 praefecti,
3044 3623 3240 3690 quibus
3301 3627 3548 3696 regenti-

1964 3681 2066 3756 bus
2111 3713 2164 3756 et
2189 3704 2643 3773 gubernantibus,
2674 3710 2765 3776 qui
2805 3709 3038 3766 diversis
3088 3713 3330 3767 moribus
3391 3727 3539 3782 sunt,

1964 3793 2109 3848 inter
2129 3811 2188 3849 se
2226 3799 2589 3862 conveniunt,
2614 3809 2665 3853 et
2689 3809 2873 3854 mutua
2895 3802 3276 3860 benevolentia
3307 3812 3540 3876 conjun-

1961 3897 2181 3955 guntur.
2208 3888 2340 3942 Item
2369 3905 2467 3960 per
2492 3891 2686 3944 bovem
2720 3893 2972 3948 homines
3017 3896 3268 3968 intelligit
3305 3901 3544 3956 laborio-

1956 3993 2069 4034 sos.
2103 3979 2206 4032 Per
2229 3995 2416 4035 ursum
2450 3985 2626 4036 ventri
2677 3985 2914 4040 deditos.
2950 3986 3054 4040 Per
3110 3990 3350 4055 leonem,
3421 4010 3540 4056 eos.

1957 4071 2048 4140 qui
2084 4081 2329 4142 pra-sunt
2363 4085 2415 4127 et
2453 4075 2744 4143 imperant.
2780 4075 2884 4130 Per
2915 4078 3131 4146 bovem,
3157 4097 3272 4146 eos,
3303 4085 3392 4151 qui
3421 4102 3541 4140 ser-

1958 4159 2149 4214 vitutis
2209 4173 2536 4231 premuntur
2579 4165 2732 4234 jugo,
2770 4177 2824 4220 et
2878 4167 3103 4222 alterius
3153 4171 3386 4243 imperio
3438 4192 3539 4245 pa-

1955 4266 2097 4310 rent.
2127 4255 2233 4311 Per
2262 4257 2444 4326 paleas
2473 4257 2738 4328 frugalem
2796 4276 2863 4315 ac
2917 4269 3136 4319 tenuem
3192 4265 3396 4321 victum
3443 4286 3539 4324 cn-

1955 4367 2098 4415 rum,
2145 4353 2236 4422 qui
2270 4353 2472 4407 subditi
2495 4363 2645 4408 sunt.
2681 4354 2854 4410 Simul
2884 4366 3063 4411 autem
3098 4373 3390 4428 pascentur
3431 4364 3530 4430 ili,

1952 4446 2042 4513 qui
2068 4454 2336 4514 reguntur
2371 4457 2427 4500 et
2455 4457 2670 4516 parent,
2725 4457 2780 4501 ct
2844 4448 2919 4502 illi
2953 4450 3044 4518 qui
3082 4453 3392 4521 gubernant
3452 4467 3535 4509 at-

256 4536 448 4605 φόρων
488 4535 785 4604 δαιμόνων,
815 4529 891 4590 ὧν
919 4537 1121 4606 ἔκγονα
1183 4540 1251 4592 τὰ
1288 4542 1461 4614 πάθη.
1501 4546 1610 4599 Καὶ
1666 4529 1845 4614 ἄλλως

1972 4553 2062 4608 lue
2139 4539 2434 4608 imperant,
2501 4550 2722 4610 propter
2784 4542 2908 4596 fidei
2961 4539 3428 4601 necessitudinem
3476 4558 3532 4604 et

253 4628 313 4680 δὲ
345 4629 568 4682 οἱκατὰ
603 4628 845 4700 Χριστὸν
899 4629 1102 4694 ζῶντες
1138 4633 1237 4702 τὴν
1268 4637 1428 4704 χεῖρα
1476 4641 1590 4700 τοῖς
1655 4640 1844 4710 δαίμο-

257 4736 346 4772 σιν
380 4717 795 4784 ἐπισάλλοντες,
831 4721 926 4774 καὶ
955 4721 1016 4774 τὸ
1043 4720 1136 4773 τοῦ
1169 4724 1409 4793 σταυροῦ
1447 4733 1674 4795 σημεῖον
1703 4731 1839 4785 ἐπά-

253 4828 483 4880 γοντες,
543 4811 645 4863 οῦκ
671 4811 804 4863 ἐῶσι
839 4812 971 4874 τοὺς
1009 4813 1363 4878 ἐνοικοῦντας
1417 4817 1684 4888 δαίμονας
1742 4842 1846 4876 κα-

251 4907 504 4958 κοποιεῖν
568 4905 649 4957 ἔτι
700 4906 828 4968 τοὺς
870 4906 1205 4976 πάσχοντας.
1275 4909 1394 4962 Ὀτι
1447 4910 1504 4963 δὲ
1567 4913 1731 4985 Θηρία
1776 4919 1840 4970 τὰ

249 4999 409 5069 ἔθνη,
435 4998 587 5066 λέγει
613 4997 878 5062 πολλάκις
915 5001 946 5069 ὴ
995 5000 1213 5072 Γραφή.
1271 5004 1445 5074 Φησὶν
1474 5007 1502 5058 ὁ
1536 5006 1672 5071 Θεξς
1749 5011 1840 5064 διὰ

260 5098 448 5166 Ὠσηέο
479 5095 739 5165 Διαθήσω
771 5095 1043 5167 διαθήκην
1073 5099 1130 5148 ὲν
1162 5100 1227 5168 τῇ
1257 5098 1444 5169 ἡμέρᾳ
1474 5101 1661 5172 ἐκείνῃ
1694 5105 1839 5171 μετὰ

1951 4629 2422 4699 conjunctionem,
2459 4631 2683 4686 Pueruli
2720 4649 2870 4698 vero,
2916 4635 3168 4690 infantnli
3199 4638 3266 4691 ad
3303 4639 3528 4704 malum,

1953 4735 2013 4777 ut
2040 4723 2248 4777 dictum
2269 4734 2372 4786 est,
2402 4733 2533 4778 sunt
2572 4724 2938 4778 Ecclesiarnm
2971 4727 3235 4796 praefecti,
3292 4746 3529 4799 quorum

1950 4829 2144 4868 manus
2170 4815 2413 4867 doctrina
2450 4824 2555 4878 est,
2591 4825 2814 4884 propter
2841 4831 3110 4870 summam
3153 4833 3315 4888 quam
3371 4821 3533 4875 adhi-

1951 4909 2081 4962 bent
2115 4908 2454 4979 diligentiam
2484 4925 2498 4974 ;
2539 4925 2659 4978 qua:
2687 4911 2906 4975 quidtm
2943 4926 3135 4965 manus
3167 4912 3410 4982 injicitur
3445 4915 3529 4969 in-

1951 4999 2224 5065 fidelibus,
2257 5001 2347 5069 qui
2371 5010 2501 5054 sunt
2532 5001 2696 5055 veluti
2735 5017 2986 5057 cavernae
3013 5011 3069 5057 ct
3131 5003 3422 5073 foramina,
3474 5017 3530 5062 ct

1948 5093 2188 5146 ferarum
2234 5092 2456 5155 cubilia,
2497 5104 2552 5146 et
2583 5093 2857 5162 aspidum,
2896 5109 2991 5148 seu
3044 5108 3435 5153 venenatouim
3473 5107 3530 5154 ct

1944 5184 2379 5254 perniciosoruni
2437 5183 2748 5239 datmonum
2781 5187 3082 5248 domicilia,
3136 5205 3370 5258 quorum
3428 5193 3526 5247 filii

1941 5272 2261 5327 suntanimi
2298 5273 2743 5342 perturbationes
2767 5285 2822 5330 et
2851 5279 3006 5333 vitia.
3036 5281 3207 5336 Aliter
3233 5282 3398 5336 etiam
3431 5283 3524 5352 qui

1936 5381 2004 5421 ex
2068 5364 2268 5419 Christi
2336 5367 2611 5422 sententia
2673 5369 2904 5435 vivunt,
2971 5389 3192 5426 manum
3258 5374 3526 5428 daemoni-

1933 5456 2036 5510 bus
2096 5456 2369 5526 injiciunt,
2423 5468 2478 5512 et
2519 5459 2696 5516 crucis
2732 5460 2946 5531 signum
3007 5473 3347 5532 Opponentes
3411 5481 3521 5520 non

1930 5550 2122 5603 sinunt
2196 5550 2513 5606 obsidentes
2589 5552 2867 5607 dzemOncs
2936 5555 3190 5608 obsessos
3267 5556 3520 5614 homines

1927 5641 2144 5697 laedere.
2208 5643 2364 5708 Quod
2423 5655 2605 5698 autem
2663 5646 2949 5713 Scriptura
3020 5657 3211 5714 gentes
3264 5664 3520 5718 sa-pcnw-

1928 5751 2081 5792 mero
2130 5737 2273 5793 feras
2329 5750 2520 5800 vocet,
2583 5743 2938 5809 perspicuum
3016 5753 3118 5798 cst.
3184 5743 3324 5798 Dicit
3367 5747 3516 5803 enim

1928 5830 2070 5898 Deus
2141 5839 2238 5898 per
2309 5830 2504 5890 Oscam
2561 5850 2575 5891 :
2639 5833 2859 5889 Faciam
2929 5833 3094 5895 [trdus
3150 5835 3204 5889 in
3269 5834 3364 5889 ἰίία
3426 5838 3513 5893 die

244 5189 362 5240 τῶν
420 5187 629 5258 θηρίων
696 5187 792 5241 τοῦ
853 5189 1052 5259 ἀγροῦ,
1101 5194 1193 5243 καὶ
1257 5191 1368 5244 τῶν
1419 5195 1685 5248 πετεινῶν
1742 5198 1832 5249 τοῦ

253 5279 519 5349 οὐρανοῦ,
553 5279 648 5331 καὶ
681 5279 792 5332 τῶν
821 5261 1078 5349 ἑρπετῶν
1103 5280 1201 5350 τῆς
1241 5280 1372 5348 γῆς,
1412 5282 1832 5354 καθολικωτέρῳ

241 5369 391 5440 λόγῳ
409 5370 578 5440 θηρία
599 5370 699 5441 μὲν
717 5371 813 5425 τοῦ
826 5372 1000 5441 ἀγροῦ
1016 5373 1146 5436 τοίις
1161 5374 1356 5444 ἀγρίου
1365 5375 1499 5436 ς-καὶ
1517 5376 1704 5444 ὠμοὺς
1715 5378 1830 5430 ὀνο-

248 5463 462 5529 μάξων,
482 5462 708 5514 πετεινὰ
729 5461 784 5514 δὲ
803 5464 928 5524 τοὺς
949 5461 1342 5533 ὑψηλοτέρους,
1371 5465 1580 5532 ἑρπετᾶ
1618 5466 1674 5519 δὲ
1701 5467 1826 5530 τοὺς

242 5554 666 5620 ταπε.νοτέρους
693 5567 706 5581 ⁸
747 5552 780 5622 ἢ
821 5555 1046 5606 πετεινᾶ
1086 5553 1186 5622 μὲν
1223 5557 1348 5618 τοὺς
1385 5557 1452 5624 τῇ
1494 5556 1828 5630 ἀστρολογίᾳ

241 5645 696 5712 προσκειμένους,
718 5644 924 5713 ἑρπετά
943 5643 1001 5697 δὲ
1021 5647 1144 5707 τοὺς
1174 5647 1609 5715 ρυπαινομένους
1633 5650 1691 5701 ἐν
1714 5651 1824 5712 τοῖς

239 5732 474 5785 πάθεσι·
511 5735 606 5788 καὶ
645 5730 800 5796 αὖθις
851 5735 938 5788 διὰ
993 5735 1241 5788 Ἡσαΐου·
1289 5737 1689 5807 Εὐλογήσατέ
1745 5757 1822 5808 με

185 5863 193 5870 .
239 5824 314 5877 τὰ
353 5829 525 5894 θηρία
551 5827 658 5884 τοῦ
686 5829 896 5895 ἀγροῦο
934 5830 1029 5883 καὶ
1057 5828 1150 5884 διὰ
1183 5827 1455 5895 Ἰερεμίου
1502 5830 1686 5888 πάλιν·
1723 5831 1819 5886 Δέ-
