4120 6292
608 340 718 403 Ξ95

1859 335 2118 395 EUTHY
2127 335 2207 394 ill

2287 335 2647 398 ZlGABENl
3750 340 3834 401 Ξέϐ

613 469 732 507 cum
778 452 904 521 feris
964 449 1105 520 agri,
1160 460 1207 503 et
1259 446 1562 501 volucribus
1585 445 1721 511 caeli,
1774 458 1820 500 et
1889 447 2207 516 serpentibus

2279 487 2289 511 ,
2317 444 2481 504 eum
2515 450 2724 505 πᾶσαν
2766 450 2878 516 τὴν
2905 448 3024 518 γῆν
3050 446 3129 514 τῷ
3161 447 3696 518 Νιιϐουχοδονόσορ
3752 454 3833 513 βα-

612 558 769 602 terra:
803 547 843 599 ⁸.
898 544 1179 598 Libet-iere
1215 551 1270 597 et
1332 541 1523 595 latiore
1580 539 1814 609 quadam
1868 540 2078 594 ratione
2135 539 2211 593 fe-

617 637 711 694 ras
736 640 847 710 agri
885 652 1059 692 saevos
1095 644 1150 690 et
1186 634 1443 689 crudeles
1498 632 1756 702 appellat.
1799 630 2064 687 Volucres
2106 647 2209 685 au-

622 742 732 785 tem
780 731 902 783 illos
938 730 1028 796 qui
1060 726 1364 781 sublimiori
1404 734 1590 778 mente
1624 734 1753 778 sunt
1783 723 2016 793 praediti.
2075 722 2208 776 Ser-

611 831 809 893 pentes
841 836 991 883 vero,
1015 835 1110 874 eos
1136 819 1228 889 qui
1262 826 1393 872 sunt
1417 817 1766 887 abiectiores.
1792 820 1897 870 Aut
1925 831 2023 886 per
2046 816 2208 870 volu-

615 927 738 966 cres
792 911 1044 981 intelligit
1093 924 1187 963 eos
1242 910 1333 977 qui
1383 907 1690 977 astrologia:
1742 906 1939 962 studiis
1994 906 2205 960 incum-

613 1002 767 1056 bunt.
805 1000 870 1054 Et
899 1018 996 1071 per
1059 1001 1253 1054 Isaiam
1288 1015 1303 1054 :
1339 998 1669 1062 Benedicite,
1693 998 1890 1067 inquit.
1950 997 2077 1050 mihi
2126 1000 2205 1067 {eo

611 1107 687 1146 ra:
713 1096 831 1162 agri
857 1093 899 1145 ’.
933 1091 1000 1144 Et
1045 1089 1457 1160 perJeremiam
1498 1105 1512 1142 :
1548 1088 1701 1153 Dedi,
1762 1086 1961 1157 inquit,
2003 1104 2208 1141 omnem

2313 538 2479 591 σι.ὶεί
2515 539 2879 604 Βαϐυλῶνος
2916 539 3022 592 τοῦ
3056 538 3377 593 δουλεύειν
3440 539 3615 604 αὐτῷ,
3643 542 3726 594 καὶ
3779 546 3835 598 τὰ

2315 632 2495 699 θηρία
2530 630 2637 685 τοῦ
2664 632 2856 700 ἀγροῦ
2902 629 3252 699 ἐργάζεσθαι
3283 628 3465 695 αὐτῷ.
3512 632 3616 685 Καὶ
3656 632 3730 685 διὰ
3764 634 3835 687 Ἰε-

2313 721 2528 792 ζεκιήλο
2569 720 2818 791 Ἀεοιινιῶ
2843 723 3017 789 θηρία
3058 721 3295 789 πονηρὰ
3329 723 3449 777 ἀπὸ
3484 722 3590 790 τῆς
3627 723 3743 791 γῆς,
3766 728 3836 777 ἵνα

2313 813 2411 865 νῦν
2436 814 2694 883 ἐάσωμεν
2724 822 2790 866 τὰ
2821 814 2976 882 παρὰ
3000 814 3078 883 τῷ
3113 815 3336 885 Δανιὴλ,
3364 817 3459 868 καὶ
3489 818 3716 879 εἰκότως.
3748 822 3836 872 lla-

2307 905 2746 974 ρασυνεϐλήθη
2834 907 2966 974 γὰρ,
3028 909 3180 977 φησί,
3244 907 3367 973 τοῖς
3432 909 3670 972 κτήνεσι
3743 913 3839 977 τοῖς

2313 996 2599 1064 ἀνοήτοις
2651 1003 2683 1052 ό
2707 1000 2861 1053 γοῦν
2898 1000 3058 1067 ἔχων
3099 1000 3438 1070 ἄνθρωπος,
3490 1005 3583 1057 καὶ
3626 1007 3839 1074 ὀμοιεὶϐη

2316 1088 2545 1154 αὐτοῖς.
2740 1114 2754 1126 ι
3504 1128 3509 1133 .
3758 1114 3763 1117 -

622 1197 821 1240 terram
860 1184 1348 1238 Nabuchodonosor
1382 1184 1493 1252 regi
1548 1181 1858 1252 Babylonis,
1892 1190 1950 1235 ut
2016 1184 2209 1235 seruiat
2263 1182 2329 1244 ei,
2359 1191 2406 1236 et
2431 1186 2557 1253 ferre
2593 1186 2710 1256 agri
2756 1186 2992 1240 laborent
3031 1186 3135 1240 illi.
3191 1187 3258 1240 Et
3318 1202 3415 1257 per
3474 1188 3778 1242 Ezechielem
3830 1207 3841 1242 :

612 1281 828 1346 Delebo,
888 1281 1088 1349 inquit,
1148 1278 1321 1332 malas
1356 1280 1497 1349 feras
1552 1295 1579 1331 ε
1622 1286 1763 1330 terra
1791 1277 1834 1327 ³.
1875 1275 1945 1330 Ut
1994 1276 2210 1331 interim
2262 1278 2509 1332 omittam
2540 1294 2661 1349 quae
2691 1296 2719 1332 a
2760 1280 3002 1347 Danicle,
3057 1290 3114 1335 et
3137 1282 3355 1335 merito.
3435 1280 3758 1349 Comparatus
3786 1289 3844 1334 est

612 1376 779 1436 enim.
824 1376 1022 1443 inquit,
1066 1373 1243 1427 bestiis
1272 1371 1664 1433 insipientibus,
1727 1370 1815 1439 qui
1848 1377 2071 1423 mentem
2118 1370 2296 1432 habet,
2355 1373 2531 1436 homo,
2563 1382 2611 1425 et
2659 1373 2845 1428 similis
2878 1374 3051 1442 [nctus
3081 1383 3153 1428 est
3181 1376 3274 1428 eis.

788 1529 928 1583 Item
965 1532 1215 1597 adversus
1244 1529 1470 1582 eosdem.
1530 1529 1770 1583 Aliorum
1804 1529 2049 1584 Patrum.

687 1644 744 1697 Si
776 1642 871 1697 Dei
907 1641 1224 1712 figmentum
1257 1643 1689 1711 pulcherrimum
1753 1645 1915 1698 homo
1940 1644 2009 1698 ad
2064 1642 2200 1696 ima-

612 1737 797 1806 ginem
821 1745 879 1789 et
915 1734 1330 1789 similitudinem
1377 1734 1497 1804 ejus
1549 1734 1728 1789 factus
1751 1744 1858 1799 est,
1927 1734 2204 1805 quomodo

612 1842 701 1882 res
732 1827 841 1881 Deo
863 1826 1082 1892 indigna
1110 1833 1213 1887 est,
1239 1833 1297 1877 ut
1351 1841 1417 1878 ex
1469 1840 1635 1894 opere
1674 1826 1741 1880 ad
1809 1826 2099 1896 imaginem
2152 1834 2208 1879 et

612 1917 1032 1972 similitudinem
1087 1931 1245 1971 suam
1279 1933 1307 1970 a
1343 1932 1403 1971 se
1442 1916 1692 1972 confecto
1721 1932 1938 1973 carnem
1985 1916 2209 1972 sumat?

610 2011 884 2067 Przeterea
916 2010 960 2065 si
990 2010 1289 2079 Deo.turpe
1354 2025 1465 2063 non
1492 2009 1613 2074 fuit,
1676 2012 1957 2065 hominem
1996 2010 2205 2078 tingere

513 2147 523 2154 .
613 2114 777 2175 atque
797 2104 1053 2165 formare,
1074 2104 1350 2172 quomodo
1368 2103 1439 2156 illi
1461 2111 1618 2172 turpe
1637 2106 1761 2165 erit,
1783 2118 1906 2157 eum
1942 2103 2212 2171 reﬁngete

612 2210 677 2251 ac
743 2194 1048 2249 reformare
1069 2194 1095 2247 ?

682 2268 862 2350 Sisol,
897 2287 987 2356 qui
1025 2300 1224 2355 corpus
1252 2296 1337 2338 est
1375 2284 1755 2352 corruptibile,
1795 2284 1954 2355 longe
1985 2285 2207 2367 lateque

607 2380 795 2434 radios
821 2392 952 2433 suos
983 2377 1038 2431 in
1072 2390 1265 2429 onmes
1293 2388 1479 2444 partes
1506 2375 1835 2444 conﬁciens,
1866 2376 1918 2428 in
1962 2376 2094 2433 locis
2129 2377 2213 2431 lu-

611 2469 835 2527 tulentis
886 2466 1230 2536 sordidisque
1262 2476 1531 2528 versatur,
1584 2480 1686 2521 nec
1716 2476 1898 2519 tamen
1961 2466 2212 2535 inquinat

609 2563 902 2633 puritatem
934 2574 1110 2623 suam,
1141 2559 1237 2612 sed
1272 2558 1346 2611 ita
1398 2557 1601 2611 nitidos
1658 2556 1938 2610 contrahit
1967 2573 2031 2611 ac
2087 2573 2211 2611 rur-

611 2671 734 2712 sum
759 2653 982 2708 dimittit
1018 2651 1220 2714 radios,
1251 2658 1309 2703 ut
1336 2650 1452 2719 ipse
1492 2649 1713 2717 quidem
1760 2648 1898 2703 nihil
1938 2650 2205 2704 contami‘

613 2757 798 2809 netur,
832 2742 1159 2813 corporibus
1188 2751 1371 2796 autem
1403 2740 1523 2795 illos
1549 2739 1949 2810 excipientibus
1978 2741 2212 2795 multum

613 2837 809 2894 aﬂ‘erat
845 2836 1099 2891 utilitatis
1129 2856 1143 2892 :
1178 2841 1385 2904 quanto
1411 2832 1582 2903 magis
1604 2832 1695 2885 ille
1729 2831 1955 2901 iustitia:
1983 2832 2097 2898 Sol,
2119 2833 2211 2901 qui

611 2946 796 2985 rerum
842 2928 1111 2992 omnium,
1151 2941 1273 2997 qua:
1297 2926 1383 2980 vel
1412 2939 1692 2994 corporea:
1744 2933 1893 2989 sunt,
1958 2926 2046 2980 vel
2098 2940 2214 2980 cor-

612 3024 763 3094 poris
794 3030 1071 3093 expertes,
1107 3020 1337 3076 etlector
1370 3028 1474 3080 est,
1510 3021 1563 3071 in
1632 3032 1854 3073 carnem
1911 3033 2104 3087 puram
2157 3027 2211 3072 et

614 3134 647 3173 a
694 3132 755 3171 se
814 3116 1103 3171 formatam
1134 3115 1434 3184 ingressus,
1469 3126 1570 3165 nec
1598 3110 1864 3166 maculam
1925 3110 2039 3179 ipse
2074 3124 2209 3164 con-

614 3208 783 3262 traxit
820 3207 1006 3270 ullam,
1054 3217 1109 3259 et
1149 3219 1270 3259 eam
1318 3205 1491 3273 ipsam
1523 3217 1744 3257 carnem
1774 3201 2052 3273 puriorem
2081 3216 2209 3257 san-

613 3301 952 3369 ctioremque
982 3298 1218 3353 reddidit
1254 3298 1277 3350 ?

917 3479 1233 3534 Damasceni
1262 3477 1325 3531 de
1356 3476 1613 3533 Sabbato.
1650 3442 1779 3539 Cap.
1822 3475 1911 3529 5‘2.

687 3613 990 3669 Sabbatum
1025 3610 1145 3664 dies
1181 3609 1449 3678 septimus
1484 3618 1710 3661 vocatus
1742 3617 1846 3670 est,
1883 3609 2201 3677 etrequicm

617 3704 912 3777 signiﬁcat.
966 3704 1109 3758 Deus
1137 3704 1283 3756 enim
1338 3718 1403 3756 eo
1442 3701 1552 3765 die,
1591 3700 1735 3753 sicut
1778 3699 1854 3752 ait
1897 3699 2200 3768 Scriptura.

617 3798 871 3865 requievit
907 3794 971 3848 ab
1000 3794 1245 3864 operibus
1280 3794 1388 3847 suis
1418 3794 1461 3859 ⁵,
1496 3802 1557 3846 ιιι
1589 3806 1854 3846 numerus
1893 3789 2103 3845 dierum
2135 3790 2203 3843 ad

621 3890 921 3961 septimum
976 3903 1151 3957 usque
1188 3899 1538 3957 pragressus,
1584 3898 1777 3938 rursus
1811 3883 1864 3937 in
1899 3884 2088 3938 orbem
2125 3896 2210 3935 re-

614 3984 765 4049 deat,
796 3993 961 4051 atque
985 3996 1013 4033 a
1044 3979 1224 4050 primo
1251 3977 1470 4033 initium
1507 3984 1708 4031 sumat.
1747 3973 1845 4030 Hic
1914 3990 2076 4044 porro
2108 3988 2213 4027 nu-

617 4090 805 4130 merus
838 4074 981 4144 apud
1009 4072 1231 4128 Judzeos
1261 4073 1318 4126 in
1361 4073 1576 4127 honore
1607 4082 1690 4127 est
1736 4089 1748 4124 :
1792 4071 1995 4141 quippe
2041 4084 2209 4140 quem

547 4196 553 4204 -
618 4166 768 4219 Deus
821 4165 926 4218 culi
960 4162 1305 4233 praeceperit,
1356 4163 1522 4232 idque
1553 4177 1663 4214 non
1701 4161 2073 4227 defunctorie,
2106 4161 2206 4216 sed

619 4255 958 4327 gravissimis
1004 4254 1169 4307 etiam
1222 4254 1403 4324 poenis
1432 4256 1655 4308 statutis
1688 4257 1740 4307 in
1776 4269 1892 4317 eos,
1946 4253 2040 4321 qui
2074 4252 2209 4307 illud

622 4346 952 4417 transgressi
980 4346 1230 4417 essent“.
1285 4342 1396 4401 Nec
1426 4361 1556 4400 vero
1584 4355 1793 4399 tenere
1833 4345 1885 4398 id
1920 4344 2010 4399 ille
2035 4344 2210 4413 impe-

621 4416 799 4501 ravit,
824 4435 919 4489 sed
976 4416 1157 4489 certis,
1192 4433 1514 4502 quibusdam
1575 4434 1881 4489 rationibus
1914 4433 2206 4497 adductus,

619 4542 756 4598 quas
786 4527 902 4583 veri
939 4524 1251 4595 spirituales
1279 4525 1588 4596 mentisque
1616 4524 2029 4596 perspicacitate
2060 4540 2204 4596 prae-

619 4622 721 4679 diti
755 4621 1086 4691 intelligunt.

694 4737 972 4804 Quantum
1030 4742 1217 4789 autem
1279 4749 1402 4803 ego,
1467 4732 1717 4802 alioquin
1776 4734 2089 4803 imperitus,
2119 4749 2208 4789 as-

622 4825 777 4892 sequi
848 4818 1237 4892 possum‘(ut
1305 4822 1373 4876 ab
1435 4820 1795 4876 inferioribus
1850 4837 1914 4876 ac
1968 4825 2205 4878 crassio-

620 4917 778 4973 ribus
810 4915 1070 4986 incipiam
1107 4914 1148 4984 ),
1178 4929 1303 4968 cum
1354 4912 1522 4968 sciret
1551 4912 1694 4968 Deus
1720 4912 2080 4971 Israeliticnm
2112 4932 2208 4987 po-

622 5009 808 5081 pulum
838 5007 1097 5076 pinguem
1133 5020 1280 5070 esse,
1316 5015 1371 5059 et
1401 5005 1550 5058 carni
1583 5004 1884 5071 addictum,
1917 5006 2083 5076 inque
2121 5023 2210 5062 res

622 5115 872 5166 terrenas
905 5099 1154 5170 impense
1188 5114 1444 5169 pronum,
1475 5114 1582 5153 nec
1636 5097 1988 5153 discretionis
2018 5099 2203 5164 ullius,

624 5196 763 5254 hanc
793 5193 965 5266 legem
1015 5193 1192 5248 sanxit
1245 5211 1257 5247 :
1324 5194 1587 5261 primum,
1616 5199 1673 5245 ut
1702 5208 1880 5247 servus
1909 5203 1957 5246 et
1989 5191 2204 5260 jumen-

622 5299 733 5341 tum
787 5286 1189 5357 requiescerent,
1241 5283 1386 5340 sicut
1432 5284 1696 5353 scriptum
1751 5292 1834 5338 est
1887 5281 1932 5339 ⁸.
1986 5281 2201 5336 Etenim

623 5391 792 5434 mstus
852 5379 1134 5432 miseratur
1188 5379 1398 5430 animas
1457 5376 1820 5445 jumentorum
1871 5389 2086 5427 suorum
2131 5372 2150 5404 "
2192 5390 2206 5426 :

624 5476 819 5530 deinde
852 5488 1003 5538 vero,
1036 5480 1095 5525 ut
1126 5470 1231 5541 ipsi
1263 5469 1497 5525 terrenis
1544 5465 1999 5538 occupationibus
2027 5465 2201 5519 feriati

697 5706 711 5734 ‘
745 5702 883 5755 Osee
920 5718 974 5765 ιι,
1016 5702 1098 5756 l8.
1213 5700 1232 5730 ⁸
1269 5699 1371 5753 lsa.
1424 5713 1574 5761 xuii,
1616 5696 1703 5750 ‘20.

578 5775 597 5803 ⁶
624 5773 780 5832 Dem.
811 5788 859 5827 ι’.
888 5772 967 5827 14.
1048 5774 1063 5802 ⁷
1087 5771 1250 5825 Prov.
1279 5785 1351 5832 xu,
1386 5768 1468 5823 l0.

1813 5698 1831 5727 ³
1865 5693 2045 5748 Jcrem
2101 5704 2268 5751 um,
2307 5688 2355 5740 Ο.

2436 1534 2566 1587 Ἔτι
2597 1540 2748 1588 κατὰ
2777 1534 2897 1589 τῶν
2922 1536 3144 1592 αὐτῶν.
3194 1539 3440 1606 Ἐτέρων
3462 1540 3735 1607 Πατέρων.

2300 1690 2305 1693 .
2385 1647 2447 1698 Εἰ
2473 1647 2850 1717 πλάσμαΘεοῦ
2888 1650 2948 1702 τὸ
2993 1651 3278 1704 κάλλιστον
3332 1655 3363 1706 ὁ
3429 1654 3718 1723 ἄνθρωπος,
3765 1654 3840 1708 καὶ

2314 1742 2437 1793 κατ’
2467 1740 2654 1793 εἰκόνα
2686 1743 2783 1794 καὶ
2811 1743 3074 1811 ὁμοίωσιν
3106 1744 3273 1797 αὑτοῦ
3307 1744 3631 1806 πέπλασται,
3655 1746 3754 1809 πῶς
3774 1747 3842 1799 ἀν·

2312 1832 2461 1897 ἀξιον
2488 1832 2623 1885 Θεοῦ
2661 1835 2842 1904 σάρκα
2866 1835 3052 1890 λαϐεῖν
3075 1838 3137 1889 ἐκ
3164 1838 3256 1890 τοῦ
3305 1840 3512 1892 οἰκείου
3568 1838 3840 1908 πεπλασμέ-

2310 1942 2400 1978 νου
2427 1944 2441 1992 ;
2479 1927 2587 1981 Καὶ
2618 1929 2666 1980 εἰ
2696 1927 2757 1981 τὸ
2788 1928 3050 1982 πλάττειν
3070 1932 3161 1986 τὸν
3200 1933 3494 2003 ἄνθρωπον
3547 1934 3641 1986 οὐκ
3690 1931 3844 2003 αισχὸ-

2311 2028 2406 2080 νην
2438 2013 2514 2083 τῷ
2542 2013 2663 2082 Θεῷ
2697 2017 2874 2085 φέρει,
2908 2017 3028 2082 πῶς
3050 2019 3112 2072 τὸ
3165 2022 3532 2077 ἀναπλάττειν
3576 2022 3723 2077 αὐτὸν
3776 2022 3844 2076 αἱ·

2313 2101 2515 2174 σχύνην
2546 2106 2763 2174 ὲνέγκει
2787 2126 2802 2174 ;
3322 2134 3323 2137 η

2388 2282 2563 2353 Εἴπερ
2629 2288 2658 2338 ὁ
2686 2285 2839 2355 ἥλιος
2869 2289 3032 2359 σῶμα
3062 2290 3306 2361 φθαρτὸν
3338 2293 3416 2347 ὢν
3469 2293 3727 2364 πανταχοῦ
3769 2294 3845 2357 τὰς

2276 2374 2540 2437 ,ἀκτῖνας
2610 2378 2815 2446 ἀφιεὶς,
2880 2381 2975 2434 καὶ
3035 2382 3322 2456 βορϐόροις
3381 2388 3476 2441 καὶ
3529 2387 3707 2456 pii-ttat;
3754 2390 3848 2456 ὁμι-

2312 2465 2441 2533 λῶν,
2483 2468 2635 2522 οὐδὲν
2663 2470 2773 2524 ἀπὸ
2802 2474 2911 2527 tth
2965 2480 3302 2546 σωματικῶν
3359 2481 3563 2535 τούτων
3616 2478 3848 2550 μολυσμά·

2313 2576 2422 2611 των
2450 2561 2529 2625 εἰς
2593 2562 2695 2634 τὴν
2749 2566 2946 2621 ἑαυτοῦ
2998 2570 3355 2643 καθαρότητα
3421 2573 3846 2644 παραϐλάπτιται,

2316 2650 2567 2724 καθαρὰς
2624 2655 2682 2709 δὲ
2741 2658 2839 2722 τὰς
2902 2662 3128 2725 ἀκτῖνας
3179 2664 3511 2733 συστέλλων,
3568 2666 3658 2718 καὶ
3721 2661 3848 2717 πάλιν

2280 2768 2285 2772 ~
2315 2746 2519 2813 ἀφιεὶς,
2545 2749 2709 2812 αὐτὸς
2740 2751 2842 2818 μὲν
2865 2752 2974 2806 οὐδ’
3006 2755 3144 2818 ὅλως
3186 2757 3503 2826 μολύνεται,
3543 2761 3651 2821 τοῖς
3698 2755 3844 2810 ὑποδι-

2315 2838 2569 2907 χομένοις
2597 2839 2657 2893 δὲ
2702 2841 2897 2897 τοῦτον
2971 2847 3192 2916 σώμασι
3283 2851 3491 2922 πολλῆς
3547 2849 3850 2922 μεταδίδωσιν

2316 2927 2608 2996 ὠφελείας,
2640 2934 2822 3005 πολλῷ
2855 2939 3058 3007 μᾶλλον
3088 2944 3115 2994 ὁ
3170 2942 3272 3013 τῆς
3312 2945 3658 3015 δικαιοσύνης
3707 2943 3847 3013 ἥλιος,

2315 3021 2459 3074 ὁκαὶ
2478 3022 2574 3076 τοῦ
2606 3023 2782 3094 ἡλίου,
2820 3029 2912 3081 καὶ
2936 3030 3043 3083 τῶν
3084 3035 3383 3103 σωμάτων,
3438 3039 3533 3091 καὶ
3579 3036 3679 3090 τῶν
3730 3037 3849 3087 ἀσω-

2238 3149 2280 3204 C
2317 3115 2508 3182 μάτων
2541 3117 2878 3189 δημιουργὸς
2914 3123 2994 3186 ei;
3025 3125 3272 3197 καθαρὰν
3291 3128 3467 3181 ἐλθὼν
3492 3129 3678 3200 σάρκα,
3702 3128 3779 3179 καὶ
3798 3124 3848 3195 ἢν

2316 3206 2478 3268 αὐτὸς
2523 3207 2783 3276 ἔπλασεν,
2817 3213 2878 3264 οὐ
2914 3215 3075 3284 μόνον
3122 3219 3224 3272 οὐκ
3278 3219 3572 3291 ὲμολύνθη,
3621 3219 3743 3273 ἀλλά
3776 3215 3849 3270 καὶ

2322 3296 2492 3367 αὐτὴν
2521 3298 2922 3373 καθαρωτέραν
2952 3308 3047 3358 καὶ
3093 3308 3411 3380 ἁγιωτέραν
3480 3313 3774 3382 εἰργάσατο.

2317 3476 2428 3532 Τοῦ
2451 3483 2852 3550 Δαμασκηνοῦ
2887 3486 3021 3553 περὶ
3051 3489 3159 3540 τοῦ
3180 3488 3513 3546 Σαϐσὰτου.
3535 3487 3846 3561 Κεφάλαιβῆ

2403 3599 2679 3655 Σάϐϐατον
2709 3605 2740 3673 ἡ
2768 3604 2968 3678 ἑϐδόμη
3001 3610 3183 3679 ἡμέρα
3214 3613 3512 3685 κέκληται*
3541 3617 3684 3687 δηλοῖ
3702 3616 3750 3669 δὲ
3775 3614 3850 3683 τὴν

2332 3688 2694 3745 κατάπαυσιν.
2771 3694 2859 3747 Ἑν
2907 3698 3045 3768 αὐτῇ
3093 3701 3202 3772 γὰρ
3260 3706 3639 3762 κατέπαυσεν
3682 3709 3712 3760 ὁ
3738 3704 3852 3767 Θεὸς

2331 3776 2451 3830 ἀπὸ
2501 3780 2743 3836 πάντων
2794 3783 2913 3838 τῶν
2950 3787 3138 3857 ἔργων
3186 3795 3398 3859 αὐτοῦ,
3445 3795 3519 3859 ὥς
3549 3814 3670 3866 φησι
3700 3798 3728 3865 ἡ
3756 3794 3851 3846 θεία

2332 3866 2519 3959 Γραιρή
2542 3887 2556 3900 ·
2588 3870 2668 3924 διὸ
2699 3873 2793 3927 καὶ
2824 3878 3013 3947 μέχρις
3043 3881 3182 3935 ἑπτὰ
3221 3884 3249 3934 ὁ
3291 3886 3404 3937 τῶν
3420 3888 3636 3959 ἡμερῶν
3665 3884 3850 3957 ἀριθμὸς

2332 3958 2643 4026 προϐαίνων
2664 4003 2681 4028 ,
2715 3966 2875 4019 πάλιν
2912 3970 3330 4038 ἀνακυκλοῦται,
3373 3980 3466 4031 καὶ
3493 3958 3597 4032 ἀπὸ
3621 3980 3707 4045 τῆς
3729 3975 3849 4047 πρώ-

2330 4061 2431 4115 της
2447 4049 2696 4120 ἄρχεται.
2727 4048 2894 4119 Οὗτος
2916 4059 2945 4110 ὁ
2969 4061 3202 4130 ἀριθμὸς
3226 4064 3409 4134 τίμιος
3429 4069 3578 4137 παρὰ
3605 4065 3849 4126 Ἰουδαίοις.

2331 4138 2425 4190 τοῦ
2458 4138 2592 4193 Θεοῦ
2627 4146 3030 4213 προστάξαντος
3052 4153 3318 4222 τιμᾶσθαι
3342 4157 3526 4222 αὑτὸν,
3560 4160 3649 4227 οὐχ
3668 4157 3733 4218 ὡς
3754 4155 3850 4207 ἔτυ·

2333 4244 2447 4320 χεν,
2481 4230 2616 4320 ἀλλὰ
2669 4236 2764 4287 καὶ
2799 4239 2936 4306 μετὰ
2989 4240 3304 4313 βαρυτάτων
3340 4248 3434 4301 ἐπὶ
3479 4253 3541 4320 τῇ
3588 4247 3849 4317 παραϐάσει

2334 4315 2642 4388 ἐπιτιμίων.
2676 4324 2786 4392 Οὐχ
2828 4325 3014 4390 ἁπλῶς
3060 4330 3117 4383 δὲ
3170 4332 3327 4386 τοῦτο
3357 4315 3698 4405 προσέταξεν,
3744 4333 3849 4388 ἀλλᾶ

2329 4405 2417 4459 διά
2446 4424 2602 4470 τινας
2638 4416 2917 4481 μυστικῶς
2944 4421 3054 4483 τοῖς
3088 4432 3481 4493 πνευματικοῖς
3509 4445 3567 4481 τε
3600 4428 3684 4483 καὶ
3709 4426 3851 4494 διορα-

2332 4503 2501 4562 τικοῖς
2538 4508 2978 4574 κατανοουμένας
3008 4514 3209 4576 αἰτίας.

2404 4740 2493 4803 Ὠς
2527 4741 2627 4811 ἐμὲ
2658 4741 2790 4809 γοῦν
2828 4740 3030 4809 γνῶναι
3069 4757 3159 4794 τον
3195 4740 3413 4810 ἀμαθῆ-
3458 4741 3523 4793 ἵν⁹
3558 4741 3617 4791 ἐκ
3643 4735 3738 4788 τῶν
3772 4746 3847 4780 κπ-

2323 4830 2572 4899 τωτέρων
2603 4832 2697 4882 καὶ
2744 4830 3065 4900 παχυτέρων
3095 4830 3384 4899 ἄρξωμαι·
3429 4828 3584 4890 εἰδὼς
3610 4830 3636 4880 ὁ
3664 4823 3774 4881 Θεὸς
3808 4836 3824 4865 '-
3866 4887 3874 4897 ,

2326 4919 2471 4986 παχύ
2502 4936 2558 4972 τε
2606 4920 2701 4971 καὶ
2756 4919 3107 4988 φιλόσαρκον,
3167 4917 3262 4969 καὶ
3292 4917 3432 4987 πρὸς
3466 4918 3564 4987 τὴν
3598 4914 3716 4980 ὓλην
3744 4907 3845 4959 ὀλιυτ

2328 4998 2638 5080 ἀπορεπὲς
2688 5009 2782 5062 τοῦ
2839 5006 3174 5078 Ἰσραηλίτου
3231 5005 3385 5069 λαοῦ,
3447 5005 3564 5074 ἅμα
3597 5001 3649 5056 δὲ
3702 4989 3850 5050 καὶτό

2331 5101 2639 5171 ἀδιάκριτον
2661 5118 2673 5130 ·
2710 5098 2926 5171 πρῶτον
2947 5098 3067 5168 μὲν,
3096 5098 3198 5149 ἵνα
3234 5099 3266 5149 d
3288 5097 3510 5161 δοῦλος
3542 5093 3635 5146 καὶ
3665 5088 3720 5142 τὸ
3739 5089 3851 5138 ὐπο-

2332 5190 2526 5259 ζῦγιον
2557 5190 2996 5259 circumdantur,
3029 5188 3104 5250 ὡς
3129 5186 3477 5255 γέγραπταιο
3524 5182 3701 5249 ἐπειδὴ
3729 5171 3851 5235 ἀνὴρ

2334 5280 2558 5344 δίκαιος
2590 5280 2858 5346 alacre/pst
2891 5279 2996 5343 τὰς
3027 5278 3233 5346 ⁸ψυχὰς
3277 5275 3514 5343 κτηνῶν
3556 5268 3742 5329 αὑτοῦ,
3762 5264 3852 5329 ἅμα

2335 5373 2420 5424 ἵνα
2449 5371 2505 5425 δὲ
2529 5373 2623 5424 καὶ
2650 5371 2843 5441 σχολὴν
2866 5371 3091 5438 ἄγοντες
3112 5372 3174 5422 ὲκ
3195 5370 3291 5422 τοῦ
3316 5369 3445 5438 περὶ
3476 5367 3577 5436 τὴν
3603 5364 3720 5431 ὓλην
3739 5368 3853 5422 ‘55?“

2328 5463 2604 5533 οπασμοῦ,
2655 5464 2795 5533 πρὸς
2827 5465 2920 5517 τὴν
2949 5463 3082 5516 Θεὸν
3114 5463 3458 5532 συνάγωνται
3486 5500 3499 5521 ,
3550 5462 3607 5511 ὲν
3636 5449 3854 5524 ψαλμοῖς,

2484 5680 2505 5712 ⁸
2530 5678 2668 5735 Gen.
2703 5693 2761 5738 ιι,
2794 5677 2849 5731 9..
2959 5675 2978 5706 '
3009 5672 3182 5728 Exod.
3226 5690 3339 5735 xm,
3378 5670 3445 5735 (3;
3660 5673 3745 5727 XV;
3769 5651 3847 5713 35.
