4120 6292
358 328 464 393 291

1330 338 1694 398 ΓΑΝΟΓΙᾸΑ
1748 340 2193 422 υΟΘΜΑΤΙΕΑ.
2229 364 2296 376 -
2329 339 2472 398 Tl'I‘.
2523 337 2679 397 VIII.

3466 340 3571 404 $98

358 448 451 500 καὶ
487 446 696 517 ὕμνοις,
756 451 846 502 καί⁹
899 449 1061 520 ᾠδαῖς
1115 453 1534 518 πνευματικαῖς,
1587 453 1677 505 καὶ
1715 453 1911 522 μελέτῃ

2038 455 2086 507 id
2114 451 2281 510 Deum
2313 467 2373 507 se
2401 451 2758 522 colligerent;
2793 455 3082 524 septimum
3119 472 3312 526 nempe
3343 459 3483 513 diem
3513 461 3567 514 in

358 537 461 589 τῶν
485 537 644 589 θείων
667 539 898 608 Γραφῶν
916 540 1128 592 ἃπασαν
1144 539 1240 609 τὴν
1259 541 1492 610 ἑϐδόμην
1513 542 1914 608 ἀναλίσκοντες,

353 628 452 680 καὶ
479 631 535 680 ὲν
562 627 678 697 Θεῷ
727 629 1152 693 καταπαύοντες.
1184 631 1312 684 Ὅτε
1353 631 1449 701 μὲν
1479 633 1588 701 γὰρ
1726 633 1825 684 οὐκ
1850 629 1916 702 ἣν

353 717 542 786 νόμος,
571 718 631 770 o6
655 719 840 789 Γραφὴ
875 719 1252 785 Οεόπνευστος,
1283 720 1408 773 οὔτε
1439 723 1498 774 τὺ
1535 722 1808 783 Σάᾰὸατον
1840 724 1918 794 τῷ

353 807 478 876 Θεῷ
517 809 808 878 ἀφιέρωτο.
865 811 993 863 Ὅτε
1040 811 1094 863 δὲ
1139 813 1550 882 ήϐεόπνευστος
1597 814 1786 884 Γραφὴ
1830 815 1916 868 διὰ

356 899 638 962 Μωῦσέως
671 900 849 968 ἐδόθη,
873 902 1153 972 ἀφιερώθη
1181 903 1256 973 τῷ
1288 903 1408 973 Θεῷ
1439 905 1498 957 1:6
1529 904 1826 970 Σάϐϐατον,
1847 906 1920 968 ὡς

357 988 428 1042 ἂν
463 983 589 1058 περὶ
635 990 734 1058 τὴν
766 991 967 1062 ταύτης
1008 992 1236 1063 μελέτην
1283 995 1341 1046 ὲν
1373 994 1524 1060 αὐτῷ
1553 995 1923 1066 ἀδολεσχήσω-

362 1093 480 1140 σιν,
529 1079 578 1130 οἱ
614 1079 690 1149 μὴ
721 1080 898 1133 πάντα
936 1085 1024 1136 τὸν
1061 1083 1173 1151 βίον
1206 1083 1283 1150 τῷ
1324 1085 1441 1154 Θεῷ
1472 1085 1843 1156 ἀφιεροῦντες,
1874 1089 1923 1140 οἱ

363 1164 446 1234 μὴ
473 1165 621 1234 πόθῳ
658 1165 732 1236 τῷ
759 1168 1002 1240 Δεσπότῃ
1031 1170 1104 1232 ὡς
1129 1172 1304 1240 Πατρὶ
1327 1171 1684 1239 δουλεύοντες,
1711 1174 1824 1234 ἀλλ’
1847 1174 1924 1238 ὡς

362 1255 543 1308 δοῦλοι
572 1255 903 1326 ἀγνώμονες,
940 1260 1041 1312 κᾶν
1067 1261 1256 1330 μικρὸν
1301 1263 1394 1314 καὶ
1437 1261 1723 1331 ἐλάχιστον
1756 1264 1931 1333 μέρος

363 1348 466 1415 τῆς
493 1348 698 1400 ἑαυτῶν
738 1345 880 1418 ζωῆς
917 1350 993 1418 τῷ
1030 1349 1148 1420 Θεῷ
1189 1351 1590 1421 ἀποτέμωντσι,
1635 1355 1728 1405 καὶ
1768 1353 1926 1407 τοῦτο

364 1437 523 1506 φόϐῳ
559 1437 664 1490 τῶν
697 1438 788 1490 ἐπὶ
817 1441 882 1508 τῇ
926 1440 1231 1510 παραϐάσει
1281 1441 1516 1494 εὐθυνῶν
1551 1442 1645 1496 καὶ
1675 1445 1926 1512 ἐπιτιμή-

369 1545 510 1580 σεων
531 1545 544 1560 ο
581 1531 791 1596 Δικαίῳ
821 1530 928 1598 γὰρ
953 1531 1134 1598 νόμος
1154 1534 1225 1584 οὐ
1253 1529 1456 1595 κεῖται,
1479 1532 1636 1585 ἀλλὰ
1673 1533 1876 1599 ἀδίκῳ.

383 1617 539 1692 Ἐπεὶ
569 1619 782 1686 πρῶτος
829 1619 1067 1688 Μωῦσῆς
1115 1622 1514 1691 τεσσαράκοντα
1538 1621 1778 1692 ἡμερῶν,
1833 1621 1928 1674 καὶ

2019 542 2244 612 psalmis
2267 550 2322 596 et
2352 542 2568 611 hymnis
2606 550 2660 596 et
2703 544 2936 597 canticis
2988 546 3381 613 spiritualibus,
3432 547 3571 602 divi-

2020 647 2324 700 narumque
2347 631 2757 699 Scripturarum
2789 633 3023 688 lectione
3063 643 3235 689 totum
3267 639 3572 705 expenden-
3645 654 3647 657 ·

2022 729 2123 786 tes,
2163 729 2326 790 atque
2355 723 2408 776 in
2463 721 2573 776 Deo
2620 722 3090 791 conquiescentes.
3141 723 3301 788 Nam,
3350 726 3570 793 quando

2018 812 2100 864 lex
2135 825 2241 864 non
2270 819 2412 873 erat,
2451 827 2551 864 nec
2577 811 2861 879 Scriptura
2900 813 3164 868 divinitus
3197 815 3478 883 inspirata,
3505 831 3571 868 ne

2021 899 2317 955 Sabbatum
2365 902 2586 972 quidem
2619 901 2726 956 Deo
2758 913 3138 958 consecratum
3170 913 3302 958 erat.
3335 905 3397 957 At
3427 916 3572 973 post-

2019 1007 2181 1060 quam
2215 990 2498 1061 Scriptura
2527 993 2710 1047 divina
2740 1009 2833 1062 per
2866 994 3081 1065 Moysen
3126 995 3249 1048 data
3279 1003 3382 1056 est,
3435 993 3571 1046 Sab-

2020 1080 2206 1135 batum
2233 1097 2455 1150 quoque
2482 1081 2591 1136 Deo
2629 1081 2868 1135 dicatum
2905 1082 3030 1146 fuit,
3075 1095 3132 1136 ut
3179 1083 3298 1151 ejus
3346 1081 3571 1135 medita-

2025 1171 2159 1225 tioni
2212 1180 2491 1230 vacarent.
2533 1173 2625 1241 qui
2689 1181 2860 1226 totum
2911 1174 3034 1227 vita:
3085 1183 3294 1241 tempus
3327 1172 3435 1226 Deo
3465 1187 3570 1224 non

2027 1263 2367 1330 impendunt,
2411 1279 2509 1316 nec
2539 1262 2766 1317 Domino
2799 1273 3054 1331 tanquam
3096 1265 3234 1332 patri
3278 1272 3392 1316 toto
3429 1263 3562 1316 desi-

2027 1349 2178 1405 derio
2211 1352 2491 1405 serviunt:
2527 1351 2623 1406 sed
2664 1352 2810 1406 velut
2861 1353 3056 1421 ingrati
3113 1355 3297 1417 servi,
3352 1367 3570 1420 parvam

2028 1443 2224 1496 saltem
2252 1457 2314 1495 ac
2348 1443 2696 1511 perexiguam
2751 1445 2872 1498 vitae
2901 1446 3222 1513 particulam
3261 1445 3335 1496 illi
3375 1444 3573 1512 imper-

2025 1533 2209 1594 tirent,
2359 1531 2523 1600 idque
2678 1549 2958 1602 prunarum
3007 1545 3058 1587 et
3107 1534 3570 1603 objurgationum,

2027 1637 2148 1690 qua!
2174 1621 2613 1686 pt'azvarieatores
2637 1635 2877 1688 manent,
2911 1625 3139 1678 tiumre:
3177 1624 3297 1677 Non
3323 1625 3458 1676 enim
3493 1626 3575 1676 (ea:

369 1704 532 1771 αὖθις
561 1709 762 1778 ἑτέρων
783 1710 1188 1779 τεσσαράκοντα
1218 1709 1438 1779 νηστείᾳ
1525 1709 1926 1780 προσεδρεύσας

2046 1730 2160 1770 usto
2187 1717 2364 1782 posita
2389 1727 2489 1780 est,
2522 1716 2613 1770 sed
2635 1715 2830 1785 injuste
2878 1717 2918 1769 ί.
2943 1716 3282 1783 Argumenta
3304 1720 3408 1777 est,
3439 1713 3588 1781 quod

355 1797 442 1865 τῷ
470 1799 608 1869 Θεῷ,
639 1801 853 1863 πάντως
879 1803 971 1855 καὶ
1000 1805 1111 1866 τοῖς
1138 1802 1377 1855 Σάϐϐασι
1406 1801 1492 1856 διὰ
1525 1802 1774 1871 νηστείας
1803 1801 1930 1856 ἑκά-

357 1905 461 1940 κου
496 1890 709 1954 ἑαυτὸν,
746 1891 838 1943 τοῦ
870 1892 1034 1962 νόμου
1065 1892 1139 1963 μὴ
1179 1893 1380 1946 κακοῦν
1412 1895 1635 1955 ἑαυτοὺς
1665 1895 1722 1946 ἐν
1753 1896 1818 1964 τῇ
1841 1892 1933 1946 τοῦ

357 1980 649 2033 Σαϐϐάτου
684 1982 866 2052 ἡμέρᾳ.
921 1986 1378 2056 προστάσσοντος.
1433 1986 1494 2036 Et
1539 1985 1595 2037 δὲ
1627 1988 1803 2053 φαῖεν,
1851 1985 1958 2038 ὅτι.

356 2067 472 2136 πρὸ
505 2068 596 2120 τοῦ
621 2069 784 2140 νόμου
819 2073 1088 2135 τούτου,τί
1125 2075 1355 2144 φήσουσι
1388 2074 1516 2144 περὶ
1548 2075 1642 2126 τοῦ
1672 2075 1933 2142 Θεσϐίτου

373 2157 581 2225 Ἠλιοῦ,
642 2163 1052 2232 τεσσαράκοντα
1099 2163 1323 2235 ἡμερῶν
1378 2164 1494 2219 ὁδὸν
1546 2163 1938 2227 ἀνύσαντοςὲν

362 2249 569 2321 βρώσει
607 2254 737 2321 μιᾷ;
770 2248 938 2316 υῦτος
974 2255 1082 2325 γὰρ
1111 2255 1172 2307 o6
1227 2257 1385 2326 μόνον
1413 2257 1501 2310 διὰ
1525 2259 1622 2327 τῆς
1665 2258 1937 2327 νηστείας,

361 2339 505 2394 ἀλλὰ
537 2342 630 2395 καὶ
662 2342 750 2396 διὰ
807 2345 906 2413 τῆς
955 2345 1261 2416 ὁδοιπορίας
1311 2349 1368 2399 ἐν
1414 2350 1526 2410 τοῖς
1565 2348 1806 2402 Σάϐὀασι
1833 2347 1940 2402 τῶν

367 2433 776 2505 τεσσαράκοντα
833 2437 1060 2508 ἡμερῶν
1113 2438 1307 2492 ἑαυτὸν
1355 2436 1634 2501 κακώσας,
1684 2438 1840 2491 ἔλυσε
1877 2437 1954 2504 τὸ,

369 2521 650 2577 Σάϐϐατον
677 2540 690 2554 ο
726 2526 822 2578 καὶ
851 2526 951 2578 οὐκ
1005 2526 1254 2598 ὠργίσθη
1305 2528 1482 2600 τούτῳ
1514 2531 1540 2582 6
1591 2528 1743 2594 Θεὸς,
1773 2530 1802 2582 6
1847 2527 1941 2581 τὸν

358 2621 532 2690 νόμον
585 2622 854 2689 δεδωκὼς,
918 2624 1053 2678 ἀλλὰ
1100 2626 1193 2679 καὶ
1244 2625 1320 2688 ὡς
1370 2625 1568 2697 ἀρετῆς
1603 2623 1856 2686 ἔπαθλον,
1883 2626 1946 2676 ὲν⁴

363 2711 572 2782 Χωρὴϐ
607 2715 794 2766 ἑαυτὸν
824 2716 1126 2784 ἐνεφάνισε.
1161 2717 1224 2770 Τί
1254 2715 1310 2783 δὲ
1350 2716 1479 2785 περὶ
1510 2715 1706 2786 Δανιὴλ
1737 2715 1943 2784 φήσου-

363 2819 491 2869 σιν;
529 2803 662 2873 Οὐχὶ
697 2797 845 2874 τρεῖς
879 2805 1177 2874 ἑϐδομάδας
1203 2807 1501 2859 διετέλεσεν
1531 2805 1751 2868 ἄσιτοςς
1794 2806 1858 2857 Τί
1885 2804 1942 2858 δὲ

2024 1807 2232 1876 primus
2285 1808 2402 1876 ipse
2441 1806 2654 1878 Moyses
2701 1815 2844 1862 totos
2878 1805 3245 1875 quadraginta
3294 1803 3430 1867 dies,
3464 1819 3587 1856 rur-

2025 1913 2256 1967 sumque
2316 1898 2544 1952 totidem
2609 1898 2751 1952 alios
2797 1897 3020 1966 jejunus
3071 1895 3339 1950 assistens
3381 1893 3494 1946 Deo
3545 1894 3586 1956 ⁸,

2027 1990 2222 2060 procul
2259 1990 2428 2044 dubio
2457 1990 2591 2058 ipsis
2621 2003 2839 2059 quoque
2872 1989 3130 2043 Sabbatis
3168 2002 3290 2042 sese
3343 1999 3592 2039 macera-

2027 2081 2139 2142 bat,
2163 2094 2290 2134 cum
2324 2091 2503 2134 tamen
2539 2080 2625 2133 ie:
2656 2081 2894 2149 j-ubcret,
2926 2095 2996 2134 ne
3035 2079 3162 2147 quis
3214 2093 3274 2132 se
3324 2076 3414 2130 die
3457 2075 3595 2130 Sab-

2029 2171 2138 2225 bati
2165 2170 2448 2242 atiligeret.
2483 2170 2638 2236 Quod
2661 2171 2708 2226 si
2739 2173 2844 2227 hoc
2895 2181 3024 2224 ante
3057 2171 3238 2224 datam
3294 2167 3470 2237 legem
3505 2181 3596 2234 ge-

2030 2271 2176 2318 stum
2210 2262 2385 2320 fuisse
2408 2264 2586 2325 aiunt,
2615 2264 2748 2332 quid
2781 2265 2847 2318 de
2882 2263 2998 2316 Elia
3045 2261 3304 2315 Thesbitc
3349 2265 3480 2314 sunt
3513 2258 3598 2310 di-

2031 2355 2197 2418 cturi,
2227 2354 2318 2425 qui
2345 2355 2712 2424 quadraginta
2734 2355 2947 2409 dierum
2981 2354 3106 2417 iter,
3131 2351 3302 2406 semel
3329 2349 3601 2404 duntaxat

2033 2453 2251 2514 sumpto
2283 2445 2406 2500 cibo
2439 2445 2678 2500 conietzit
2723 2443 2789 2497 '1'
2821 2443 3034 2499 Etenim
3074 2443 3191 2511 ipse
3243 2455 3352 2494 non
3385 2440 3600 2509 jejunio

2035 2534 2238 2598 solum,
2271 2535 2366 2590 sed
2401 2537 2567 2590 etiam
2620 2537 2840 2599 itinere,
2887 2536 2942 2588 iu
2994 2535 3187 2588 horum
3243 2529 3602 2601 quadraginta

2035 2624 2247 2679 dierum
2286 2625 2533 2680 sabbatis
2577 2641 2698 2680 sese
2731 2626 3000 2694 atlligens;
3051 2623 3348 2678 Sabbatum
3385 2621 3545 2677 solvit
3584 2636 3600 2673 :

2036 2729 2216 2784 neque
2260 2723 2546 2784 propterea
2581 2715 2728 2770 Deus
2770 2716 2862 2784 qui
2896 2715 3068 2784 legem
3115 2714 3341 2775 tulerat,
3375 2713 3424 2766 ei
3475 2727 3607 2765 suc-

2037 2805 2294 2870 censuit;
2326 2807 2458 2876 quin
2498 2807 2681 2876 potius
2711 2807 2764 2860 iu
2799 2806 3024 2860 virtutis
3072 2804 3378 2873 praemium,
3433 2803 3510 2857 illi
3549 2818 3610 2859 se

360 2897 481 2958 πᾶς
517 2895 752 2966 Ἰσραὴλ,
784 2897 845 2950 o6
876 2896 1195 2968 περιτέμνει
1226 2900 1286 2950 τὸ
1320 2897 1532 2950 παιδίον
1556 2898 1610 2949 ἐν
1641 2896 1904 2966 Σαϐϐάτῳ
1923 2936 1939 2960 ,

2040 2893 2095 2948 in
2127 2893 2309 2949 lioreb
2361 2894 2812 2964 conspiciendum
2866 2894 3118 2963 praebuit.
3155 2891 3298 2958 Quid
3352 2893 3479 2947 item
3541 2891 3611 2947 de

364 2987 420 3040 εξ
441 2984 594 3056 τύχοι
620 2987 1004 3057 ἀκταήμερον;
1049 2989 1183 3057 Οὐχὶ
1219 2987 1276 3040 δὲ
1322 2989 1417 3041 καὶ
1445 2987 1543 3057 τὴν
1572 2986 1811 3057 μεγάλην
1843 3003 1939 3057 νη-

365 3073 582 3137 στείαν,
609 3074 676 3144 ἦν
699 3076 1170 3144 νενομοθέτηνται,
1199 3075 1246 3127 εί
1282 3076 1339 3126 ὲν
1368 3074 1630 3144 Σαϐϐάτῳ
1670 3075 1941 3142 καταντή-

367 3178 488 3224 σοι,
583 3164 900 3233 νηστεύουσι
922 3181 937 3228 ;
960 3166 1096 3236 Οὐχὶ
1123 3164 1176 3217 δὲ
1208 3165 1300 3218 καὶ
1319 3166 1368 3217 oi
1401 3166 1564 3233 ἱερεῖς
1596 3165 1688 3217 καὶ
1716 3165 1764 3216 οἱ
1785 3161 1944 3217 Λευῖ-

365 3270 464 3307 ται
499 3255 557 3307 ἐν
585 3256 697 3317 τοῖς
737 3254 836 3324 τῆς
868 3256 1070 3325 σκηνῆς
1102 3255 1283 3326 ἔργοις
1334 3255 1620 3326 βεϐηλοῦσι
1641 3256 1700 3308 τὸ
1728 3254 1944 3308 Σάϐϐα-

364 3357 480 3407 τον,
507 3343 600 3396 καὶ
637 3343 866 3396 ἀναίτιοί
897 3346 1038 3396 εἰσιν
1065 3361 1081 3407 ;
1120 3344 1280 3398 Ἀλλὰ
1301 3345 1392 3398 καὶ
1422 3346 1615 3414 κτῆνος
1651 3343 1716 3398 ἂν
1741 3345 1820 3407 εἰς
1849 3343 1941 3412 βόε

366 3429 500 3500 θρον
529 3431 842 3500 ἐμπέσοιεν
883 3431 1166 3502 Σαϐϐάτῳ,
1214 3435 1241 3485 6
1271 3432 1370 3502 μὲν
1418 3432 1756 3494 ἀνασπάσας,
1789 3429 1942 3484 ἀναί-

364 3538 508 3583 τιος,
559 3523 586 3574 6
633 3521 690 3573 δὲ
729 3521 1012 3592 παριδὼν,
1116 3522 1466 3594 κατάκριτος.
1496 3522 1561 3574 Τί
1604 3521 1660 3575 δὲ
1690 3522 1794 3584 πᾶς
1839 3522 1941 3574 Ἰσ-

369 3608 534 3680 ραὴλ,
558 3610 678 3681 οὐχὶ
723 3612 864 3664 ἑπτὰ
894 3611 1102 3681 ἡμέρας
1127 3613 1224 3681 τὴν
1249 3611 1343 3664 τοῦ
1373 3608 1506 3665 Θεοῦ
1530 3609 1760 3664 κιϐωτὸν
1787 3627 1944 3679 περι-

365 3699 652 3768 φέροντες,
682 3700 750 3754 τὰ
783 3699 1166 3769 Ἰεριχούντινα
1237 3699 1392 3769 τείχη
1423 3697 1740 3770 περιῄεσαν,
1775 3700 1832 3751 ὲν
1855 3690 1941 3762 αἷς

364 3789 588 3851 πάντως
615 3785 682 3860 ἦν
703 3792 876 3845 καὶτὸ
895 3791 1170 3844 Σάϐϐατον
1191 3807 1208 3856 ;

2041 2983 2266 3038 Deuiele
2300 2984 2530 3038 dicent?
2564 2986 2758 3038 Annon
2791 2991 2904 3038 tres
2945 2981 3315 3037 hebdomadas
3364 2981 3610 3050 integras

2037 3072 2262 3143 jejunus
2288 3076 2399 3142 egit
2443 3073 2464 3106 ⁴
2489 3074 2511 3125 i
2539 3072 2682 3138 Quid
2714 3089 2844 3128 vero
2864 3075 2888 3126 ?
2910 3072 3168 3142 Nunquid
3201 3087 3309 3125 non
3352 3070 3609 3128 Israelita:

2041 3178 2234 3218 omnes
2267 3163 2532 3217 infantem
2562 3162 2804 3217 Sabbato
2832 3160 3257 3224 circumcidunt,
3293 3161 3338 3215 si
3384 3160 3606 3229 quidem

2043 3260 2178 3308 tunc
2203 3260 2457 3306 octavum
2492 3253 2618 3307 vita:
2663 3253 2806 3307 diem
2853 3251 3100 3320 attigerit
3142 3250 3206 3303 ’τ
3253 3249 3448 3305 Nonne
3487 3265 3608 3303 ma-

2041 3357 2210 3414 gnum
2235 3343 2368 3398 illud
2397 3344 2690 3414 jejunium,
2724 3343 2872 3413 quod
2905 3345 3020 3413 lege
3057 3343 3436 3412 prtescriptum
3488 3351 3607 3405 est,

2045 3435 2093 3491 si
2128 3435 2180 3489 in
2213 3434 2451 3491 Sabbato
2475 3437 2805 3501 occurrerit,
2833 3437 3040 3491 obeunt
3089 3435 3150 3486 οἳ
3188 3433 3384 3488 Annon
3422 3431 3609 3485 itidem

2045 3527 2369 3583 sacerdotes
2399 3537 2452 3583 et
2484 3527 2688 3583 Levita:
2714 3529 2765 3581 in
2799 3526 3136 3581 tabernaculi
3182 3525 3366 3593 Operis
3403 3521 3614 3576 Sabba-

2046 3624 2164 3671 tum
2194 3619 2419 3683 violant,
2451 3633 2552 3674 nec
2575 3620 2644 3674 ob
2671 3618 2726 3673 id
2780 3618 2836 3672 in
2879 3617 3041 3685 culpa
3090 3623 3220 3670 sunt
3271 3613 3328 3657 "l
3357 3611 3524 3677 Quin,
3566 3610 3614 3664 si

2045 3704 2354 3776 iumentum
2386 3710 2477 3764 die
2515 3709 2739 3764 Sabhati
2774 3709 2828 3762 in
2877 3707 3088 3762 foveam
3135 3705 3462 3774 prolabitur,
3520 3699 3614 3768 qui

2053 3796 2188 3851 illud
2206 3795 2523 3854 extraxerit,
2541 3793 2792 3848 criminis
2804 3803 2890 3848 est
2915 3793 3105 3846 insons
3129 3835 3156 3856 ,.
3185 3809 3314 3848 reus
3342 3809 3492 3857 vero,
3513 3794 3605 3863 qui

390 3887 504 3946 hoc
555 3889 736 3946 facere
791 3895 1112 3964 neglexerit.
1141 3890 1280 3947 Num
1322 3892 1506 3947 cuncti
1558 3890 1816 3948 Israelita:
1861 3903 1956 3957 per
1986 3886 2296 3955 septiduum
2315 3901 2503 3939 arcam
2545 3884 2635 3939 Dei
2685 3883 3354 3948 ferentesJerichumina
3403 3886 3609 3940 mmnia

383 4000 499 4040 non
515 3986 800 4050 circuiere,
813 3985 1108 4055 interquos
1123 3985 1240 4041 dies
1275 3985 1430 4053 plane
1445 3985 1638 4039 Sabbat
1651 4000 1737 4038 um
1752 3991 1870 4036 erat
1885 3981 1941 4032 '?

455 4084 543 4145 Ὠς
576 4078 667 4134 οὖν
687 4082 842 4151 ἔφην,
869 4081 1061 4151 σχολῆς
1084 4081 1245 4133 ἕνεκα
1275 4079 1370 4147 τῆς
1396 4076 1530 4146 πρὸς
1554 4075 1704 4140 Θεὸν,
1731 4075 1816 4125 ἵνα
1841 4072 1939 4126 κᾶν

2129 4073 2340 4142 Itaque.
2405 4069 2858 4142 quemadmodum
2886 4070 3015 4135 dixi,
3054 4079 3109 4124 ut
3142 4072 3254 4126 Deo
3286 4082 3573 4127 vacaretur
3593 4116 3606 4139 ,

372 4172 751 4242 σμικροτάτην
779 4171 1088 4240 ἀπόμοιραν
1113 4166 1260 4236 αὑτῷ
1301 4165 1614 4233 ἀπονέμωσι
1636 4201 1652 4226 ,
1688 4161 1783 4214 καὶ
1811 4161 1946 4213 ἀνα-

373 4261 720 4325 παύσωνται,
744 4260 771 4313 ὅ
792 4277 850 4311 τε
875 4259 1059 4322 δοῦλος
1091 4258 1184 4314 καὶ
1213 4257 1274 4310 τὸ
1297 4253 1610 4322 ὑποζύγιον,
1638 4253 1672 4321 ἡ
1699 4250 1788 4303 τοῦ
1816 4249 1947 4302 Σαϐ-

376 4352 547 4406 ϐάτου
568 4351 801 4420 τήρησις
833 4336 1167 4418 ἐπινενόητο,
1198 4349 1311 4409 τοῖς
1339 4344 1552 4413 νηπίοις
1583 4342 1684 4407 ἔτι,
1716 4341 1810 4394 καὶ
1843 4337 1948 4392 61:6

373 4442 447 4496 τὰ
481 4443 720 4510 στοιχεῖα
753 4439 848 4494 τοῦ
881 4440 1087 4509 κόσμου
1115 4437 1553 4506 δεδουλωμένοις,
1610 4435 1719 4496 τοῖς
1755 4447 1965 4500 σοιρκι-⁴

375 4533 516 4592 κοῖς,
551 4531 646 4582 καὶ
690 4527 856 4599 μηδὲν
903 4517 1042 4595 ὑπὲρ
1070 4527 1128 4582 τὸ
1165 4525 1342 4594 σῶμα,
1373 4524 1466 4576 καὶ
1497 4524 1555 4576 τὸ
1595 4523 1828 4592 γράμμα
1859 4521 1948 4572 ὲν-

374 4621 571 4689 νοῆσαι
596 4617 936 4688 δυναμένοις.
970 4617 1107 4670 ’Ὀτε
1145 4615 1213 4670 δὲ
1235 4611 1380 4685 ἦλθε
1420 4613 1486 4666 τὸ
1527 4612 1815 4680 πλήρωμα
1842 4609 1948 4664 τοῦ

375 4714 625 4783 χρόνου,
649 4709 1076 4774 ἐξαπέστειλεν
1102 4711 1134 4761 ὀ
1165 4708 1309 4772 Θεὸς
1336 4705 1444 4760 τὸν
1471 4705 1606 4758 Υἰὸν
1635 4703 1818 4756 αὑτοῦ
1849 4703 1951 4755 τόν

373 4800 698 4874 μονογενῆ,
735 4803 1058 4872 γενόμενον
1084 4801 1151 4853 ἐκ
1184 4799 1471 4870 γυναικὸς
1497 4795 1827 4862 ἄνθρωπον,
1854 4808 1949 4859 γε-

375 4896 638 4963 νόμενον
661 4892 779 4948 ὑπὸ
822 4892 1029 4960 νόμον,
1074 4891 1173 4943 ἵνα
1203 4888 1344 4954 τοὺς
1383 4885 1499 4941 ὑπὸ
1537 4886 1724 4954 νόμον
1745 4883 1952 4950 ἐξαγο-

369 4985 566 5052 ράσῃ,
605 4983 707 5036 ἵνα
741 4981 853 5049 τὴν
880 4981 1188 5034 υἱοθεσίαν
1208 4977 1618 5044 ἀπολάϐωμεν.
1659 4977 1814 5028 Ὅσοι
1844 4971 1954 5042 γὰρ

307 5110 317 5117 -
380 5073 652 5140 ἐλάϐομεν
696 5071 894 5138 αὑτὸν,
941 5069 1139 5123 ἔδωκεν
1169 5071 1300 5138 ἡμῖν
1348 5065 1593 5138 ἐξουσίαν
1622 5063 1787 5116 τέκνα
1819 5059 1952 5113 Θεοῦ

379 5163 658 5235 γενέσθαι,
696 5165 810 5224 τοῖς
856 5159 1199 5213 πιστεύουσιν
1253 5158 1332 5220 είς
1374 5155 1566 5208 αὐτόν’
1606 5153 1745 5207 ὥστε
1770 5151 1952 5204 οὐκέτι

379 5257 555 5321 ἐσμὲν
585 5255 778 5320 δοῦλοι,
810 5254 924 5308 ἀλλ’
949 5253 1054 5305 υίοί
1076 5267 1088 5280 '
1119 5252 1305 5304 οὐκέτι
1336 5248 1440 5302 ὑπὸ
1484 5247 1670 5318 νόμον,
1706 5243 1821 5298 ἀλλ’
1851 5244 1954 5296 ὑπὸ

464 5497 483 5530 ⁸
512 5496 790 5552 lTimath.
817 5516 853 5562 ι,
877 5499 929 5554 9.
1005 5504 1024 5534 '
1056 5502 1227 5556 Exod.
1264 5519 1407 5565 xxiv,
1445 5505 1551 5567 l8;
1602 5521 1782 5560 xxxiv.
1837 5507 1927 5562 28.
2017 5508 2036 5538 '
2065 5509 2130 5562 lll
2190 5509 2262 5562 Re

391 5566 808 5649 f_l’.‘evitj.xxttt_.
840 5571 930 5627 27.
1005 5572 1024 5603 ⁷
1061 5573 1250 5626 Matth.
1313 5589 1441 5640 χχιι,
1501 5566 1554 5630 5.
1629 5575 1836 5632 ‘Jusue
1860 5594 1936 5643 ιιι,

2038 5594 2126 5649 qq.
2204 5583 2224 5609 ν
2248 5566 2420 5634 (inut.
2445 5566 2518 5649 ι’ν,
2552 5583 2603 5635 5.
2681 5583 2722 5613 ιο
2754 5583 2891 5636 tua.
2913 5566 2989 5646 ⁷4,
3018 5582 3068 5636 5.

393 5638 438 5668 ¹³
459 5637 636 5692 Galat.
667 5652 746 5702 tv,
771 5639 825 5693 7.

589 5730 859 5794 Parnm.
897 5735 1012 5798 Gtt.
1048 5734 1301 5797 CXXX.

2065 4175 2119 4219 et
2138 4165 2220 4218 vel
2256 4162 2474 4216 minima
2510 4163 2700 4215 saltem
2728 4163 2848 4213 vitm
2877 4163 3138 4228 particula
3175 4163 3224 4216 ei
3262 4165 3609 4226 tribueretur.

2059 4269 2162 4310 nec
2206 4270 2314 4309 non
2361 4263 2418 4306 ut
2461 4268 2651 4307 servus
2703 4253 3118 4321 jumentnmque
3181 4255 3608 4323 requiescerent.

2056 4345 2278 4400 Sabbati
2325 4343 2628 4396 observatio
2675 4343 2924 4398 consulto
2957 4345 3166 4397 invecta
3218 4345 3328 4399 illis
3361 4345 3483 4406 fuit.
3515 4347 3608 4414 qui

2055 4451 2180 4491 eum
2239 4436 2448 4503 parvuli
2513 4434 2694 4488 adhuc
2772 4441 2830 4487 et
2894 4435 3142 4488 carnales
3223 4445 3427 4502 essent,
3506 4439 3610 4491 sub

2056 4527 2341 4580 element's
2373 4525 2557 4578 mundi
2585 4528 2879 4578 servientes
2899 4526 2920 4555 '
2947 4525 3104 4588 ,nihi‘l
3151 4541 3313 4594 supra
3334 4543 3532 4596 corpus
3551 4547 3565 4577 ι
3585 4537 3606 4580 t

2057 4614 2292 4670 litteram
2375 4614 2620 4668 valerent
2695 4615 2954 4682 cogitare.
3031 4614 3161 4667 Cum
3239 4625 3416 4668 autem
3475 4620 3612 4669 venit

2063 4703 2334 4773 plenitudo
2368 4706 2636 4773 temporis,
2667 4707 2805 4756 misit
2840 4703 2976 4756 Deus
3009 4702 3207 4756 Filium
3237 4720 3390 4757 suum
3427 4708 3614 4774 unige-

2058 4796 2261 4858 nitum,
2357 4796 2626 4848 hominem
2699 4795 2897 4863 factum
2969 4813 3032 4849 ex
3097 4795 3335 4860 muliere,
3412 4797 3611 4866 {uetant

2057 4883 2150 4936 sub
2225 4884 2355 4953 lege,
2407 4893 2464 4936 ut
2499 4900 2584 4937 eos
2641 4886 2732 4948 qui
2781 4886 2873 4936 sub
2925 4884 3034 4951 tege
3065 4891 3217 4936 erant
3281 4883 3612 4947 redimeret;

2058 4983 2115 5026 ut
2176 4978 2507 5044 adoptionem
2557 4975 2785 5040 ﬁliarum
2841 4975 3278 5044 recipiet-emus“.
3333 4977 3612 5046 Quotquot

2059 5067 2204 5118 enim
2275 5068 2583 5133 recepEmus
2649 5081 2798 5130 eum,
2879 5066 3032 5121 dedit
3081 5067 3242 5122 nobis
3291 5077 3612 5138 potestatem

2059 5157 2198 5209 ﬁlios
2289 5157 2379 5210 Dei
2471 5157 2684 5221 ﬁeri“,
2745 5159 2839 5227 qui
2925 5159 2982 5213 in
3053 5159 3230 5228 ipsum
3313 5161 3608 5215 credimus.

2056 5246 2233 5313 Quare
2264 5263 2371 5302 non
2427 5250 2534 5318 jam
2576 5265 2765 5304 sumus
2803 5254 2968 5317 servi,
3021 5253 3118 5313 sed
3177 5254 3338 5308 liberi
3365 5255 3441 5304 “:
3500 5267 3609 5306 non

2309 5553 2317 5558 .
2363 5526 2471 5571 MS,
2505 5511 2557 5563 8.
2659 5511 2680 5543 ⁸
2707 5513 2840 5565 Dan.
2873 5530 2920 5570 χ,
2947 5514 2999 5566 2.
3092 5515 3111 5546 ⁸
3140 5511 3314 5567 chit.
3371 5530 3480 5570 xm
3506 5558 3518 5576 .
3547 5519 3601 5573 5.

3177 5584 3214 5614 ¹¹
3241 5583 3394 5638 Joan.
3442 5600 3479 5655 ι,
3518 5589 3605 5643 12.

3111 5745 3181 5806 10
