4120 6292
484 367 591 429 999

1697 356 2077 417 ΕυΤΗΥΜΙΙ
2139 357 2497 417 ZiGABENI

3614 345 3718 409 300

470 476 574 541 iam
612 470 714 525 sub
751 469 889 538 lege,
935 467 1028 521 sed
1062 466 1165 521 sub
1195 463 1369 534 gratia
1407 479 1420 514 :
1471 474 1576 513 non
1612 459 1723 527 jam
1750 473 1814 511 ex
1872 464 2032 524 parte
2076 508 2077 511 η

2170 453 2350 523 (ἀριν⁹
2403 454 2584 505 οὑκέτι
2643 452 2885 522 μερικῶς
2918 451 2995 523 τῷ
3039 453 3228 525 Κυρίῳ
3279 453 3623 518 δουλεύοντες
3669 460 3734 511 ἐκ

476 563 648 615 solum
683 573 793 628 pra:
818 565 961 610 metu
1000 555 1229 607 Domino
1257 550 1531 606 servimus
1559 565 1573 611 ;
1622 545 1716 599 sed
1749 543 1815 597 ad
1862 553 2032 597 totum

471 662 688 720 tempus
722 649 770 703 ei
807 643 1239 702 consecrandum
1286 655 1476 695 sumus
1523 635 1768 706 obligati,
1806 636 1941 688 adeo
1979 640 2037 686 ut

474 756 635 797 servo
672 740 774 804 illi,
800 739 913 799 iraa,
956 738 1200 804 inquam,
1242 740 1296 785 et
1331 730 1643 799 cupiditati,
1676 726 1961 797 quiescere
2006 737 2037 776 a

479 840 726 900 peccato,
760 828 978 895 Deoque
1011 823 1266 878 feriatum
1298 835 1420 876 esse
1465 818 1804 888 jubeamus;
1858 822 2041 867 erecta

479 922 698 990 quidem
742 926 1007 988 perpetuo
1039 928 1237 966 versus
1267 911 1437 965 Deum
1469 908 1796 978 cupiditate,
1833 914 2041 957 armata

2157 545 2344 614 φόϐου,
2375 544 2507 597 ἀλλά
2538 546 2713 598 πάντα
2737 546 2828 598 τὸν
2857 546 3048 617 χρόνον
3075 549 3174 616 τῆς
3224 547 3368 614 ζωῆς
3412 548 3557 616 αὑτῷ
3603 550 3731 601 ἀνα-

2154 638 2359 690 τιθέναι
2376 637 2699 704 ὀφείλοντες,
2723 638 2814 691 xui.
2836 638 2923 689 ἀεὶ
2950 638 3040 690 τὸν
3069 637 3272 701 δοῦλον,
3294 639 3385 691 τὸν
3402 638 3573 709 θυμὸν
3589 639 3733 707 λέγω

2155 729 2250 781 καὶ
2281 728 2381 798 τὴν
2422 727 2739 797 ἐπιθυμίαν,
2776 729 2885 780 ἀπὸ
2932 731 3032 798 τῆς
3071 730 3345 799 ἁμαρτίας
3394 729 3735 782 καταπαύονο

2154 835 2262 880 τες,
2293 818 2385 871 καὶ
2422 818 2497 888 τῷ
2533 818 2649 885 Θεῷ
2689 819 2972 889 σχολάζειν
3027 820 3444 890 ἐπιτρέποντες⁸
3476 820 3576 892 τὴν
3632 823 3733 891 μὲν

2152 905 2447 975 ἐπιθυμίαν
2477 905 2694 958 ἅπασαν
2721 907 2807 959 ἀεὶ
2835 907 2970 976 πρὸς
2993 906 3123 959 Θεὸν
3147 908 3536 973 ἀνατείνοντες,
3560 909 3651 961 τὸν
3675 908 3733 963 δέ

479 1027 610 1065 vero
656 1016 846 1064 contra
890 1007 982 1059 Dei
1032 1006 1219 1058 hostes
1266 1001 1546 1055 iracundia
1579 1018 1592 1053 ε
1627 1013 1691 1050 ac
1738 997 2045 1067 iumentum

2170 997 2322 1065 luubv
2355 995 2498 1047 κατά
2520 996 2629 1048 τῶν
2660 996 2753 1049 τοῦ
2802 996 2932 1049 Θεοῦ
2960 996 3241 1066 δυσμενῶν
3270 996 3693 1060 καθοπλίζοντες
3711 1014 3728 1028 ⁸

484 1103 633 1161 item,
659 1113 861 1167 corpus
882 1097 1162 1163 nimirum,
1184 1107 1211 1143 a
1240 1091 1451 1161 peccati
1483 1089 1748 1144 servitute
1780 1086 1908 1140 dato
1933 1084 2047 1136 otio

2170 1088 2241 1140 ιαὶ
2291 1087 2352 1140 τὸ
2378 1087 2693 1157 ὑποζύγιον,
2751 1089 2868 1159 ἡτοι
2918 1089 2977 1140 τὸ
3009 1089 3188 1158 σῶμα,
3225 1089 3449 1158 ὁμοίως,
3482 1088 3580 1158 τὴν
3623 1089 3729 1158 μὲν

484 1206 817 1254 rect-ocmus,
851 1200 905 1242 et
941 1187 1008 1241 ad
1056 1182 1467 1240 inserviendum
1513 1180 1719 1233 divinis
1760 1174 2054 1247 praeceptis

2170 1179 2392 1232 ἰουλείαν
2415 1179 2515 1249 τῆς
2545 1181 2822 1250 ἁμαρτίας
2855 1180 3257 1246 ἀναπαύοντες,
3292 1184 3413 1244 ταῖς
3459 1180 3516 1234 δὲ
3554 1180 3731 1244 θείαις

485 1283 901 1350 compellamus.

560 1373 685 1427 llaec
710 1380 839 1426 sunt
874 1385 995 1439 qua:
1027 1366 1334 1438 Spiritualis
1362 1362 1567 1419 Christi
1592 1362 1679 1415 lex
1722 1358 1883 1414 nobis
1916 1355 2053 1410 indi-

2158 1270 2397 1333 ἐντολαῖς
2432 1270 2884 1341 ἐξυπηρετεωθαι
2920 1271 3336 1341 προτρέποντες.

2228 1367 2415 1421 Ταῦτα
2453 1369 2480 1420 ὁ
2504 1365 2871 1437 πνευματικὸς
2897 1366 3026 1435 ἡμῖν
3052 1364 3355 1417 ἐντέλλεται
3377 1363 3471 1416 τοῦ
3492 1362 3733 1431 Χριστοῦ

493 1466 588 1529 cit,
631 1480 817 1535 quam,
844 1462 935 1531 qui
970 1457 1310 1515 custodiunt,
1338 1453 1571 1506 Mosaica
1603 1452 1720 1519 lege
1746 1447 2055 1517 superiores

2170 1458 2338 1527 νόμος,
2369 1455 2462 1508 καὶ
2484 1455 2533 1506 οἱ
2556 1454 2742 1506 τοῦτον
2765 1453 3152 1521 φυλάσσοντες,
3174 1450 3463 1519 ὑπέρτεροι
3484 1448 3578 1499 τοῦ
3601 1448 3734 1499 Μω-

489 1558 792 1611 exsistunt.
818 1553 975 1615 Nam,
1018 1566 1080 1603 ex
1114 1562 1225 1618 quo
1260 1546 1409 1600 venit
1444 1542 1589 1613 quod
1623 1539 1921 1610 perfectum
1949 1546 2053 1603 est,

2156 1545 2349 1601 σαῖκοῦ
2377 1546 2544 1614 νόμου
2569 1545 2878 1611 γεγόνασιν.
2920 1541 3195 1603 Ἐλθόντος
3231 1540 3340 1609 γὰρ
3370 1539 3464 1591 τοῦ
3494 1538 3725 1598 τελείου,

490 1654 818 1700 ιινιιριιιιιιιιη
852 1648 935 1697 est
967 1640 1110 1709 quod
1146 1654 1209 1691 ex
1244 1643 1398 1705 parte
1421 1640 1543 1687 erat
1592 1635 1607 1665 ⁸
1632 1647 1646 1697 ;
1676 1644 1739 1683 ac
1765 1629 1940 1683 scisso
1962 1641 2057 1697 per

2170 1636 2215 1688 ιδ
2246 1638 2308 1688 ἐκ
2339 1635 2537 1706 μέρους
2577 1635 2951 1703 κατήργηται,
2988 1630 3081 1683 καὶ
3124 1628 3216 1681 τοῦ
3251 1627 3608 1696 καλύμματος
3634 1624 3729 1677 τοῦ

494 1736 805 1791 Salvatoris
839 1745 1062 1787 erucem
1105 1732 1423 1796 legumento

492 1831 599 1895 eis,
636 1834 941 1892 sanctoque
976 1820 1181 1886 Spiritu
1217 1816 1393 1885 igneis
1434 1811 1633 1881 linguis
1674 1810 2055 1871 illucescente,

1647 1720 1763 1774 Slve
1812 1718 1933 1772 V810
1978 1717 2055 1770 ίθ-
2089 1723 2132 1777 Β
2157 1726 2343 1796 νόμου,
2371 1725 2489 1796 ἡτοι
2514 1723 2607 1776 τοῦ
2639 1723 3132 1791 καταπετάσματος
3161 1719 3249 1772 διὰ
3292 1719 3390 1786 τῆς
3417 1717 3509 1770 τοῦ
3544 1717 3731 1785 Σωτῆ-

2162 1832 2252 1886 ρος
2299 1813 2685 1885 διαρῤαγέντος
2736 1810 3112 1880 σταυρώσεως,
3147 1808 3241 1861 καὶ
3287 1807 3380 1860 τοῦ
3412 1805 3732 1874 Πνεύματος

495 1920 679 1973 littera
712 1912 1009 1977 obsolevit,
1046 1905 1359 1977 corporalia
1406 1906 1717 1963 cessarunt,
1744 1905 1796 1951 et
1839 1896 2056 1964 impleta

2170 1905 2409 1978 πυρίναις
2424 1903 2695 1972 γλώσσαις
2714 1900 3108 1971 ἐκλάμψαντος,
3128 1898 3186 1951 τδ
3202 1899 3432 1967 γράμμα
3452 1898 3733 1966 κατήργηο

494 2013 611 2078 lege
640 2005 946 2065 servitutis,
981 2002 1070 2054 lex
1103 1994 1381 2052 libertatis
1417 1992 1581 2045 nobis
1600 1990 1800 2043 donata
1826 1994 1929 2039 est.
1965 1984 2061 2038 At-

497 2075 605 2170 que
707 2095 1008 2165 perfectam
1038 2091 1290 2144 humanae
1316 2093 1532 2140 natura:
1557 2079 1803 2150 requiem
1830 2075 2066 2130 celebra-

500 2165 646 2255 mus,
679 2190 786 2243 hoc
818 2192 906 2241 est
933 2178 1361 2239 resurrectionis
1394 2176 1562 2239 diem,
1585 2172 1641 2224 in
1671 2183 1779 2239 qua
1805 2165 2068 2221 Dominus

498 2282 680 2341 Jesus.
717 2280 842 2334 vitae
871 2283 1064 2331 auctor
1093 2282 1147 2327 et
1182 2271 1455 2330 Salvator,
1500 2279 1602 2319 nos
1630 2262 1696 2316 ad
1738 2258 2067 2329 promissam

503 2374 612 2427 illis
638 2371 730 2440 qui
774 2366 1046 2438 spirituali
1083 2364 1233 2418 cultu
1265 2360 1376 2414 Deo
1398 2357 1670 2418 serviunt,
1695 2349 2069 2405 hereditatem

505 2462 841 2527 introduxit;
866 2461 919 2512 in
945 2472 1106 2528 quam
1132 2455 1390 2509 nimirum
1414 2451 1530 2519 ipse
1555 2457 1863 2517 praecursor
1886 2445 2074 2493 noster

506 2556 793 2625 ingressus
827 2558 934 2612 est,
972 2554 1266 2617 postquam
1294 2558 1324 2596 a
1364 2547 1543 2594 morte
1572 2535 1639 2591 ad
1671 2536 1838 2587 vitam
1886 2528 2074 2625 rediit,

509 2615 864 2700 etvreseratis
894 2615 1302 2709 patefactisque
1332 2629 1437 2684 sibi
1481 2627 1606 2681 cceli
1642 2622 1849 2693 jnnuis,
1892 2619 1945 2672 in
1976 2615 2077 2709 Pa:

513 2738 614 2790 tris
647 2703 1225 2787 dextera-secundum
1276 2733 1481 2788 corpus
1533 2714 1806 2776 consedit,
1855 2721 1965 2777 quo
1998 2703 2078 2760 illi

511 2827 679 2880 etiam
732 2821 824 2890 qui
878 2818 982 2887 legi
1026 2815 1268 2885 Spiritus
1314 2822 1523 2864 morem
1568 2809 1786 2875 gerunt,
1820 2798 2080 2864 deinceps

515 2924 644 2970 sunt
672 2909 974 2967 introituri.

784 2994 1052 3059 Quocirca
1093 2990 1160 3045 ad
1211 3003 1355 3053 nos,
1436 2986 1527 3057 qui
1584 2984 1808 3054 spiritu,
1848 2996 1913 3036 ac
1965 2992 2085 3033 non

510 3087 688 3138 littera
718 3083 1050 3146 incedimus,
1078 3081 1260 3134 omnis
1293 3076 1598 3133 carnalium
1628 3088 1809 3128 rerum
1840 3070 2079 3140 abjectio

510 3182 746 3244 spectat,
790 3174 1078 3242 cultusque
1114 3169 1444 3240 spiritualis,
1471 3174 1674 3222 etcum
1698 3164 1809 3219 Deo
1843 3161 2080 3230 conjun-

510 3266 642 3318 otio.
695 3263 1060 3316 Circumcisio
1121 3260 1362 3329 quippe,
1435 3270 1716 3325 corporea:
1778 3250 2079 3321 voluptatis

512 3370 809 3421 rerumque
840 3350 1239 3419 superﬂuarum
1274 3363 1337 3402 ac
1369 3347 1598 3401 minime
1644 3344 2093 3399 necessariarum

513 3452 598 3497 est
622 3442 876 3509 abjectio.
915 3439 1253 3508 Prmputium
1292 3451 1423 3490 vero
1451 3435 1587 3490 nihil
1625 3433 1776 3487 aliud
1822 3440 1928 3493 est,
1967 3429 2078 3484 nisi

515 3531 788 3602 superﬂua
831 3532 975 3585 cutis
1010 3530 1243 3584 membri
1275 3529 1424 3583 illius
1456 3529 1510 3582 in
1545 3540 1656 3596 quo
1691 3523 1861 3579 libido
1880 3522 2081 3601 cietur.

515 3625 706 3678 Omnis
733 3638 903 3693 porro
931 3621 1207 3690 voluptas,
1232 3634 1353 3689 quae
1382 3634 1482 3673 nec
1505 3634 1569 3672 ex
1603 3617 1731 3677 Deo,
1757 3629 1857 3669 nec
1885 3614 1939 3667 in
1974 3611 2086 3666 Deo

515 3714 751 3782 mpitur,
776 3715 1072 3782 voluptatis
1096 3721 1181 3766 est
1204 3711 1478 3779 superﬂua
1501 3709 1701 3778 portio,
1720 3706 1882 3776 cujus
1907 3707 2082 3774 ﬁgura

518 3806 840 3876 prmputium
869 3811 1000 3858 est:
1060 3803 1361 3857 Sabbatum
1421 3812 1599 3854 autem
1662 3807 1747 3853 est
1792 3797 2013 3866 requies
2053 3809 2085 3849 ι

517 3904 769 3967 peccato.
800 3894 1171 3960 Quamobrem
1199 3894 1310 3948 duo
1333 3894 1446 3946 haec
1474 3907 1643 3945 unum
1678 3904 1908 3960 prorsus
1935 3895 2087 3947 sunt.

354 4065 370 4075 ἱ
418 3994 423 3999 ⁷
518 3996 685 4053 atque
719 3987 791 4037 ita
822 3986 983 4038 ambo
1016 3984 1200 4045 simul,
1232 3983 1278 4037 si
1312 3982 1381 4037 ab
1413 3982 1477 4035 iis
1531 3980 1623 4050 qui
1668 3980 1865 4048 spiritu
1896 3983 2085 4048 agunt,

2156 2014 2265 2057 ται,
2290 1996 2357 2048 τὰ
2376 1994 2661 2065 σωματικᾶ
2688 1994 2985 2056 πέπαυται,
3012 1992 3106 2044 καὶ
3131 1992 3270 2069 ὁτῆς
3296 1989 3539 2050 δουλείας
3569 1990 3732 2057 νόμος

2159 2087 2540 2156 πεπλήρωται,
2573 2085 2666 2137 καὶ
2695 2084 2858 2152 νόμος
2904 2081 3218 2151 ἐλευθερίας
3246 2081 3377 2149 ἡμῖν
3408 2078 3727 2146 δεδώρηται.

2159 2177 2269 2230 Καὶ
2301 2176 2630 2246 ἑορτάζομεν
2660 2174 2759 2243 τὴν
2787 2172 2996 2226 τελείαν
3027 2173 3123 2243 τῆς
3145 2171 3492 2241 ἀνθρωπίνης
3521 2169 3734 2235 φύσεως

2164 2269 2508 2321 κατάπαυσιν
2530 2283 2545 2299 ο
2580 2267 2723 2336 φημὶ
2753 2265 2809 2318 δὲ
2844 2264 2943 2328 τὴν
2968 2263 3068 2333 τῆς
3097 2263 3448 2319 ἀναστάσεως
3500 2260 3733 2331 ἡμέραν,

2164 2362 2223 2412 ἐν
2314 2360 2460 2429 ἡμᾶς
2489 2359 2517 2410 6
2542 2357 2745 2427 Κύριος
2787 2355 3014 2425 Ἰησοῦς,
3036 2355 3063 2406 6
3086 2354 3182 2423 τῆς
3204 2351 3349 2420 ζωῆς
3373 2349 3617 2421 ἀρχηγὸς
3643 2349 3739 2399 καὶ

2166 2450 2379 2520 Σωτὴρ,
2417 2452 2496 2512 είς
2524 2448 2620 2519 τὴν
2650 2445 3068 2517 ἐπηγγελμένην
3100 2446 3207 2505 τοῖς
3243 2438 3626 2508 πνευματικῶς
3659 2435 3739 2506 τῷ

2167 2540 2287 2610 Θεῷ
2312 2541 2637 2610 λατρεύουσι
2664 2537 2995 2609 κληρουχίαν
3040 2533 3446 2604 είσὴγαγεν,είς
3479 2530 3545 2601 ἡν
3575 2529 3739 2592 αὑτίς

2168 2633 2472 2702 πρόδρομος
2505 2632 2661 2701 ἡμῶν
2696 2628 2963 2699 εἰσῆλθεν,
3000 2626 3237 2688 ἀναστὰς
3272 2626 3337 2677 ἐκ
3373 2622 3606 2692 νεκρῶν,
3642 2622 3739 2674 καὶ

2167 2721 2493 2789 ἀνοιγέντων
2540 2720 2686 2791 αὑτῷ
2709 2721 2821 2773 τῶν
2856 2718 3121 2785 οὐρανίων
3160 2715 3361 2779 πυλῶν,
3386 2716 3442 2766 ἐν
3470 2713 3622 2783 δεξιᾷ
3645 2711 3738 2763 τοῦ

2168 2814 2384 2884 Πατρὸς
2410 2812 2667 2867 κεκάθικε
2710 2810 3056 2881 σωματικῶς,
3085 2808 3212 2861 ἔνθα
3245 2809 3339 2860 καὶ
3367 2808 3415 2859 οἱ
3445 2806 3537 2859 τὸν
3572 2821 3737 2857 πνευ-

2112 2910 2153 2967 C
2173 2902 2401 2976 ματικὸν
2429 2902 2721 2973 τηροῦντες
2746 2900 2910 2968 νόμον
2940 2897 3356 2951 εἰσελεύσονται.

2248 2994 2414 3064 Ἧμϊν
2442 2993 2624 3046 τοίνυν
2654 2995 2766 3055 τοῖς
2796 2990 2873 3060 τῷ
2908 2989 3180 3060 πνεύματι
3223 2983 3519 3055 στοιχοῦσι,
3554 2983 3649 3037 καὶ
3678 2984 3740 3036 οὑ

2168 3085 2248 3155 τῷ
2280 3084 2591 3154 γράμματι,
2623 3084 2772 3136 πᾶσα
2805 3084 2837 3151 ἡ
2875 3080 2984 3133 τῶν
3032 3078 3311 3147 σαρκικῶν
3355 3079 3501 3130 ἐστιν
3539 3076 3743 3129 ἀπόθε-

2174 3193 2278 3239 σις,
2304 3175 2395 3228 καὶ
2428 3176 2459 3245 ἡ
2487 3172 2830 3242 πνευματικὴ
2866 3172 3111 3243 λατρεία,
3141 3172 3234 3224 καὶ
3254 3173 3285 3240 ἡ
3308 3170 3441 3241 πρὸς
3466 3169 3598 3222 Θεδν
3619 3186 3743 3221 συν-

2173 3262 2659 3334 ἀφεια.ῐῐεριτομὴ
2710 3261 2808 3331 μὲν
2839 3262 2948 3330 γάρ
3000 3264 3147 3314 ἐστιν
3204 3262 3236 3331 ἡ
3285 3260 3381 3328 τῆς
3426 3260 3744 3328 σωματικῆς

2173 3356 2386 3427 ἡδονῆς,
2417 3356 2510 3407 καὶ
2535 3354 2644 3405 τῶν
2674 3354 2965 3422 περιττῶν,
2996 3352 3091 3404 καὶ
3134 3352 3233 3403 οὑκ
3262 3349 3572 3417 ἀναγκαίων
3606 3350 3744 3401 ἀπό-

2174 3447 2342 3509 θεσις.
2386 3443 2744 3515 Ἀκροϐυστία
2774 3443 2883 3513 γὰρ
2971 3443 3125 3495 οὐδὲν
3156 3441 3343 3512 ἕτερόν
3386 3443 3558 3499 ἐστιν,
3593 3440 3643 3491 εἰ
3670 3437 3749 3508 μὴ

2174 3536 2368 3607 δέρμα,
2397 3534 2644 3605 ἡδονικοῦ
2674 3534 2864 3605 μορίου
2912 3533 3252 3604 περίττωμα.
3294 3531 3447 3583 Πᾶσα
3488 3530 3546 3581 δέ
3582 3528 3748 3598 ἡδονὴ

2180 3629 2255 3696 μὴ
2286 3628 2349 3678 ἐκ
2373 3624 2505 3678 Θεοῦ
2534 3624 2627 3677 καὶ
2650 3627 2706 3677 ἐν
2736 3624 2853 3693 Θεῷ
2886 3622 3145 3692 γινομένη
3190 3620 3514 3691 περίττωμα
3552 3619 3747 3689 ἡδονῆς

2175 3718 2323 3768 ἐστιν
2340 3732 2353 3747 ο
2386 3711 2453 3787 ἦς
2481 3716 2649 3778 τύπος
2672 3717 2704 3785 ἡ
2729 3715 3080 3785 ἀκροϐυστία.
3104 3712 3377 3766 Σάϐϐατον
3400 3710 3477 3771 δέ,
3503 3712 3537 3779 ἡ
3561 3711 3623 3762 ἐκ
3647 3707 3748 3775 τῆς

2179 3807 2454 3879 ἁμαρτίας
2518 3808 2883 3871 κατάπαυσις.
2925 3808 3084 3858 Ὥστε
3129 3804 3412 3873 ἀμφότερα
3448 3801 3505 3853 ἓν
3541 3800 3749 3869 τυγχά-

2179 3917 2332 3954 νουσι
2349 3935 2364 3962 ,
2443 3900 2535 3953 καὶ
2557 3899 2729 3963 οὕτως
2756 3900 3044 3969 ἀμφότερα
3079 3896 3195 3967 ἃμα
3245 3895 3349 3947 ὑπὸ
3375 3892 3486 3944 τῶν
3507 3909 3750 3962 πνευμα-

2177 3990 2345 4043 τικῶν
2372 3991 2693 4062 τελούμενα,
2746 3990 2868 4043 οὑδέ
2922 3990 3020 4059 τὴν
3081 3985 3354 4057 τυχοῦσαν
3398 3982 3749 4053 παρανομίαν

520 4078 909 4139 observentur,
959 4090 1027 4130 ne
1063 4075 1347 4129 minimam
1388 4073 1610 4143 quidem
1660 4070 1850 4140 ﬂagitii
1904 4077 2077 4123 notam

2182 4081 2528 4150 ἐργάζονται.

520 4176 729 4223 creant.

598 4258 738 4323 Quin
789 4256 923 4311 illud
985 4271 1202 4324 quoque
1262 4254 1560 4309 notandum
1618 4264 1736 4320 est,
1780 4257 2091 4325 septenario

530 4364 762 4402 numero
822 4362 1060 4416 praesens
1104 4360 1269 4400 omne
1304 4355 1520 4414 tempus
1583 4345 1881 4416 designari,
1937 4349 2095 4417 juxta

531 4452 698 4508 atque
751 4437 1194 4507 sapientissimus
1214 4435 1469 4491 Salomon
1517 4436 1673 4501 dixit,
1706 4442 1834 4491 dare
1888 4449 2095 4505 partem

528 4539 929 4599 «plenumque
960 4530 1117 4582 etiam
1156 4527 1328 4582 oclo’.
1354 4526 1422 4580 Et
1465 4526 1836 4596 diviuiloquus
1870 4528 2034 4581 David
2059 4530 2102 4593 ³,

532 4635 657 4674 cum
719 4621 785 4674 de
835 4630 1022 4673 octava
1057 4618 1325 4687 psalmum
1362 4616 1569 4679 ederet,
1616 4615 1683 4670 de
1738 4615 1922 4671 futura
1978 4627 2100 4685 post

540 4713 1000 4767 resurrectionem
1025 4708 1423 4764 instauratione
1453 4723 1635 4762 rerum
1660 4708 1910 4761 canebat.
1946 4709 2094 4774 Quo-

541 4805 709 4869 circa,
740 4802 1181 4872 quandoquidem
1210 4800 1294 4852 lex
1341 4798 1431 4852 die
1487 4798 1721 4866 septimo
1751 4813 1781 4850 ιι
1811 4797 2095 4866 corporeis

541 4896 709 4949 rebus
731 4909 951 4950 cessare
980 4892 1352 4963 praecipiebat,
1384 4898 1440 4944 et
1471 4888 1849 4957 spiritualibus
1878 4904 2093 4953 vacare,

545 5002 675 5040 vero
703 4987 991 5047 Israelita»,
1044 4998 1216 5052 eaque
1246 4990 1428 5035 mente
1478 4981 1711 5050 pradito
1739 4995 1861 5049 qua:
1920 4981 2091 5033 Deum

550 5076 756 5140 videat,
786 5089 983 5130 arcana
1004 5073 1217 5127 ratione
1243 5072 1346 5126 hoc
1375 5071 1780 5134 subindicabat,
1814 5086 2093 5141 nunquam

539 5171 593 5224 id
618 5184 727 5222 non
767 5167 1037 5238 agendum
1060 5180 1198 5227 esse,
1227 5172 1286 5218 ut
1319 5178 1438 5220 sese
1461 5163 1573 5218 Deo
1604 5162 1824 5229 oﬂ‘erat,
1847 5172 1902 5218 et
1930 5178 2094 5233 supra

536 5277 623 5316 res
654 5273 946 5329 corporeas
977 5264 1246 5325 assurgat.

561 5424 564 5425 ⁷
609 5424 828 5481 'lCor.
883 5438 997 5489 xm,
1024 5421 1107 5476 lO.
1186 5422 1204 5452 ¹
1240 5420 1422 5475 Eecle.
1479 5435 1552 5485 XI,
1588 5418 1645 5471 2.
1723 5415 1743 5447 ³
1778 5414 1915 5471 Psal.
1951 5428 2025 5475 ινι,
2067 5412 2151 5464 ll.

2255 4265 2375 4317 Ἔτι
2429 4264 2486 4316 δέ
2544 4266 2717 4318 ἰστέον
2770 4266 2849 4319 ὅτι
2894 4268 2922 4318 ὁ
2980 4265 3118 4319 ἐπτά
3171 4265 3403 4336 ἀριθμὸς
3429 4263 3609 4318 πάντα
3662 4262 3754 4317 τὸν

2183 4355 2426 4424 παρόντα
2453 4356 2645 4425 χρόνον
2666 4355 2835 4425 δηλοῖ,
2870 4359 2946 4418 ὥς
2984 4372 3147 4426 φησιν
3179 4357 3207 4408 ὁ
3248 4356 3560 4422 σοφώτατος
3595 4353 3755 4405 Σολο-

2188 4447 2324 4517 μῶν,
2354 4445 2566 4500 δοῦναι
2589 4447 2797 4516 μερίδα
2840 4447 2963 4513 τοῖς
3006 4448 3173 4511 ἑπτὰ,
3214 4447 3314 4500 καί
3344 4463 3410 4513 γε
3433 4444 3557 4510 τοῖς
3581 4442 3751 4497 ὀκτώ.

2182 4538 2291 4591 Καὶ
2316 4540 2344 4591 6
2379 4537 2644 4608 θεηγόρος
2676 4539 2840 4590 Δαὸὶδ
2869 4538 3000 4608 περὶ
3029 4538 3125 4607 τῆς
3159 4536 3353 4606 ὀγδόης·
3365 4535 3602 4604 ψάλλων,
3626 4533 3755 4601 περὶ

2184 4625 2281 4695 τῆς
2318 4626 2618 4697 μελλούσης
2656 4627 2793 4695 μετά
2816 4626 2915 4696 τὴν
2946 4628 3009 4679 ἐκ
3036 4625 3245 4696 νεκρῶν
3267 4626 3559 4678 ἀνάστασιν
3584 4639 3753 4675 κατα-

2186 4717 2431 4779 στάσεως
2486 4716 2707 4785 ἐψαλλε.
2762 4716 2870 4787 Τὴν
2908 4716 3144 4787 ἑϐδόμην
3168 4712 3261 4769 οὖν
3288 4715 3522 4785 ἡμέραν,
3555 4713 3757 4784 ἀργίαν

2188 4806 2286 4874 μὲν
2318 4804 2472 4872 ἄγειν
2495 4805 2559 4858 ἐκ
2587 4806 2698 4859 τῶν
2728 4806 3074 4876 σωματικῶν,
3101 4808 3214 4869 τοῖς
3266 4806 3325 4859 δέ
3362 4807 3757 4875 πνευματικοῖς

2185 4898 2593 4966 ἐνασχολεῖσθαι
2630 4897 2988 4967 προστάσσων
3010 4898 3037 4948 6
3060 4898 3244 4966 νόμος,
3277 4895 3552 4966 μυστικῶς
3576 4897 3756 4947 πάντα

2185 4986 2277 5040 τὸν
2322 4988 2513 5057 χρόνον
2570 4988 2648 5055 τῷ
2703 4987 2942 5058 ἀληθινῷ
2985 4986 3219 5057 Ἰσραὴλ,
3250 4987 3345 5040 καὶ
3389 4986 3514 5040 νοῦν
3544 4985 3757 5057 ὁρῶντα

2185 5076 2317 5129 Θεὸν
2343 5078 2539 5147 ἔχοντι,
2590 5078 2856 5147 ὑπέφηνε,
2913 5076 2990 5146 τῷ
3040 5077 3160 5147 Θεῷ
3197 5076 3389 5130 ἑαυτὸν
3433 5076 3754 5146 προσάγειν,

2186 5171 2279 5222 καὶ
2314 5170 2566 5239 ὑπεράνω
2591 5168 2700 5221 τῶν
2741 5169 3071 5239 σωματικῶν
3100 5168 3369 5233 γίνεσθαι.

2052 5649 2211 5665 —
