4120 6292
296 353 404 415 301

1260 355 1633 417 PANOPLIA
1672 355 2130 420 DOGMATICA.
2163 383 2230 393 -
2276 361 2428 422 ΤΙΤ.
2461 362 2630 423 VIII.

3451 362 3561 426 302

293 469 442 548 Hegi
479 468 590 548 τῆς
643 468 982 548 Ἰουδαέκῆς
1052 469 1375 548 περιτομῆς
1400 541 1410 548 _
1439 469 1546 548 τοᾷ
1603 467 1874 548 percitos

1981 471 2056 525 De
2079 469 2308 528 Iudaica
2368 476 2782 548 circumcisione.
2838 478 3017 548 Magni
3061 475 3288 548 Joannis
3337 473 3566 546 Chryso-

385 537 670 591 Ἰωὰι-νου
703 538 808 590 τοῦ
827 537 1258 606 Χρυσοστόμου
1301 541 1418 606 ἀπὸ
1467 537 1577 605 τῆς
1649 537 1874 606 ἐξηγή-

369 623 529 672 σεως
561 606 668 674 τῆς
704 609 790 673 είς
814 604 924 674 τὴν
943 609 990 672 ,ϐ
1017 610 1163 661 ὅλον
1194 607 1302 675 τῆς
1333 604 1658 672 Γενέσεως.

367 720 531 784 Τίνος
563 719 772 784 ἕνεκεν,
805 721 929 774 είπέ
965 739 1080 792 μοι,
1121 721 1215 778 νῦν
1247 721 1640 793 περιτέμνεσθε
1671 739 1686 786 ;
1741 723 1876 774 Τότε

291 814 434 886 γὰρ,
471 813 556 867 ἵνα
583 816 658 884 μὴ
685 816 798 876 τοῖς
857 815 1201 884 παρανόμοις
1256 816 1470 868 ἔθνεσιν
1509 816 1558 868 οἱ
1622 815 1876 884 πρόγονοι

293 904 460 974 ὑμῶν
520 904 968 973 συναναφυρῶσι,
1005 904 1165 958 τοῦτο
1223 907 1598 977 ὲπετάγησαν.
1651 904 1764 959 Νῦν
1818 905 1874 959 δὲ

294 997 389 1052 διὰ
431 997 532 1066 τὴν
563 995 655 1049 τοῦ
689 994 827 1049 θεοῦ
863 996 1024 1067 χάριν
1056 998 1279 1052 πάντων
1309 998 1446 1068 πρὸς
1469 993 1568 1068 τὴν
1613 997 1876 1068 ἀληθειαν

290 1086 394 1140 τοῦ
424 1087 604 1156 φωτὸς
625 1089 1176 1160 χειραγωγηθέντων,
1203 1090 1355 1142 ποῖον
1416 1090 1514 1158 τῆς
1570 1092 1875 1160 περιτομῆς

295 1179 499 1246 ὄφελος
529 1195 544 1242 ;
575 1178 667 1249 Μὴ
711 1179 819 1248 γὰρ
843 1179 978 1250 πρὸς
1007 1180 1106 1250 τὴν
1145 1181 1247 1250 τῆς
1291 1180 1472 1251 ψυχῆς
1549 1180 1873 1252 ἐλευθερίαν

296 1270 674 1338 συμϐάλλεταί
734 1288 788 1323 τι
857 1274 890 1340 ὴ
947 1271 1048 1340 τῆς
1118 1273 1323 1341 σαρκὸς
1391 1272 1692 1338 ἀπόθεσις;
1759 1273 1874 1344 Οὐκ

292 1362 574 1433 ἠκούσατε
602 1363 789 1432 σαφῶς
819 1361 912 1417 τοῦ
944 1363 1079 1416 Θεοῦ
1112 1363 1361 1430 λέγοντος
1383 1379 1398 1397 ο
1436 1363 1541 1418 Καὶ
1590 1363 1764 1418 ἔσται
1789 1364 1872 1417 ἐν

298 1448 537 1517 σημείῳ
561 1449 885 1518 ὃιαθήκης;
922 1451 1204 1520 μονονουχὶ
1243 1451 1573 1515 δεικνύντος,
1637 1452 1722 1506 ὅτι
1781 1453 1874 1508 διά

291 1540 395 1610 τὴν
430 1540 631 1607 πολλὴν
659 1540 844 1594 αὐτῶν
881 1541 1285 1612 ἀγνωμοσύνην
1316 1540 1410 1595 τοῦ
1465 1542 1710 1598 τοιούτου
1775 1562 1877 1615 σηο

296 1632 458 1701 μείου
494 1632 813 1702 ἐδεήθησαν.
843 1631 1000 1686 Οὕτω
1031 1633 1138 1703 γὰρ
1166 1633 1267 1686 καὶ
1294 1633 1390 1686 ἐπὶ
1420 1633 1529 1686 τῶν
1587 1635 1872 1706 ἀνθρωπί-

291 1739 404 1774 νων
439 1722 706 1785 πολλάκις
739 1723 951 1790 γίνεται
998 1721 1607 1793 πραγμάτων,ὲπειδάν
1637 1724 1712 1796 μὴ
1743 1724 1874 1796 θαρο

295 1813 483 1883 ρὦἐν
511 1830 644 1877 τισι,
675 1815 900 1882 σημεῖον
937 1813 1194 1884 ὲνεχύρου
1223 1814 1383 1885 χάριν
1408 1815 1712 1884 λαμὸάνειν
1745 1817 1876 1887 παρ’
1907 1800 1953 1860 Β

293 1903 482 1956 αὐτῶν
515 1902 913 1973 σπουδάζομεν.
938 1904 1093 1958 Οὕτω
1119 1905 1213 1957 καὶ
1239 1905 1266 1958 ὁ
1315 1903 1423 1958 τῶν
1457 1905 1596 1960 ὅλων
1620 1905 1752 1970 Θεὸς
1804 1908 1882 1960 εί-

292 1992 400 2058 δὼς
431 1993 614 2046 αὐτῶν
645 1995 744 2064 τὴν
779 1994 1033 2048 εὐκολίαν
1101 1996 1202 2066 τῆς
1258 1997 1509 2069 γνώμης,
1551 1998 1612 2051 τὸ
1649 2000 1876 2069 σημεῖον

293 2086 460 2140 τοῦτο
489 2088 624 2156 παρ’
656 2087 836 2140 αὐτῶν
882 2089 1186 2158 ἀπαιτῆσαι
1244 2091 1592 2158 κατεδέξατο,
1642 2092 1742 2161 οὐχ
1792 2090 1881 2143 ἵνα

291 2177 562 2243 διηνεκῶς
598 2178 738 2250 μένῃ
767 2177 828 2232 τὸ
851 2181 1078 2248 σημεῖον
1101 2179 1282 2247 τοῦτο,
1308 2181 1423 2235 ἀλλ’
1479 2181 1587 2249 ἵνα,
1622 2182 1731 2237 τῶν
1759 2183 1882 2237 τότε

306 2267 470 2334 τέλος
501 2268 909 2338 λαμϐανόντων,
937 2269 1031 2322 καὶ
1077 2271 1110 2341 ἡ
1150 2271 1246 2325 τοῦ
1292 2273 1524 2342 σημείου
1583 2272 1742 2343 χρεία
1788 2291 1885 2327 πε-

300 2361 584 2434 ριαιρεθῇ.
615 2362 830 2433 Ὥσπερ
858 2364 966 2434 γὰρ
994 2364 1122 2418 ὅταν
1151 2365 1380 2434 σημεῖόν
1403 2381 1547 2428 τινες
1583 2366 1880 2431 ἀπαιτῶσι,

307 2451 409 2508 καὶ
447 2454 694 2524 ἐνέχυρον
736 2453 1018 2524 βούλονται
1059 2452 1383 2525 λαμϐάνειν,
1440 2457 1662 2510 ἐπειδὰν
1703 2457 1760 2511 δὲ
1788 2457 1880 2511 τοῦ

301 2542 627 2613 πράγματος
675 2544 708 2615 ἡ
775 2543 1029 2610 ὑπόθεσις
1085 2546 1259 2617 πέρας
1316 2546 1477 2619 λάϐῃ,
1525 2549 1621 2601 καὶ
1667 2547 1728 2601 τὸ
1781 2564 1881 2617 ση-

299 2637 459 2702 μεῖον
508 2634 692 2688 λοιπὸν
748 2635 963 2706 αἴρεται
995 2653 1008 2668 ’
1039 2636 1202 2704 ,οὕτω
1226 2637 1290 2706 δὴ
1317 2637 1413 2691 καὶ
1467 2637 1724 2702 ἐνταῦθα,
1781 2640 1883 2694 ἑπ-

296 2724 421 2795 ειδὴ
467 2725 555 2778 διὰ
579 2725 640 2779 τὸ
679 2727 912 2797 φανερὸν
943 2723 1082 2782 εἶναι
1129 2729 1218 2781 τὸν
1247 2729 1374 2783 λαὸν
1404 2730 1498 2783 τοῦ
1540 2731 1881 2802 πατριάρχου

294 2817 360 2869 τδ
428 2819 652 2886 σημεῖον
688 2817 846 2872 τοῦτο
900 2819 1030 2890 παρ’
1105 2821 1260 2891 ὑμῶν
1327 2821 1650 2895 εἰσηνέχθη,
1715 2825 1883 2894 ἐχρῆν

298 2907 412 2963 τῶν
450 2909 619 2962 ἐθνῶν
657 2908 903 2976 ἐκείνων,
962 2909 1030 2965 δι’
1083 2910 1177 2976 οὒς
1211 2913 1271 2965 τὸ
1320 2915 1547 2984 σημεῖον
1607 2913 1880 2982 ἐδέξασθε,

299 3001 413 3055 τῶν
470 3003 568 3074 μὲν
629 3003 799 3076 ἄρδην
847 3004 1272 3073 ἀφανισθέντων,
1313 3010 1422 3059 τῶν
1471 3009 1530 3060 δὲ
1587 3009 1701 3078 μετ’
1737 3008 1884 3062 ὲκεί-

2265 546 2418 598 stumi
2434 563 2496 600 ea:
2520 546 2946 614 interpretatione
2968 549 3020 601 in
3044 547 3301 604 Genesim.

2049 715 2179 786 Cur,
2235 733 2442 792 quaeso,
2502 740 2647 780 nunc
2705 724 3187 781 circumcidimini?
3260 729 3394 784 Nam
3438 731 3567 787 olim

1979 823 2234 882 parentes
2263 816 2427 868 vestri
2483 815 2622 884 jussi
2671 824 2799 869 sunt
2830 815 3168 881 circumcidi,
3225 823 3568 892 negentibus

1979 902 2081 956 illis
2109 916 2138 956 a
2179 903 2292 974 lege
2339 904 2535 959 alienis
2588 906 3099 962 commiscerentur.
3161 904 3318 965 Nunc
3359 919 3567 978 autem,

1976 1008 2100 1047 cum
2128 1009 2319 1048 omnes
2380 1005 2572 1066 gentes
2626 1010 2722 1066 per
2775 999 3002 1066 gratiam
3061 999 3152 1053 Dei
3207 1001 3270 1054 ad
3325 1002 3569 1057 Veritatis

1976 1083 2152 1139 lucem
2215 1083 2489 1155 perductae
2537 1087 2668 1150 sint,
2732 1104 2981 1158 quaenam
3026 1097 3108 1144 est
3129 1091 3566 1147 circumcisionis

1977 1170 2392 1232 utilitas?Num
2450 1179 2518 1234 ad
2565 1181 2730 1235 animi
2784 1179 3088 1236 libertatem
3117 1183 3336 1252 expedit
3388 1185 3569 1239 carnis

1976 1269 2199 1337 rejectio
2227 1269 2251 1323 '3
2284 1268 2472 1324 Nonne
2505 1271 2793 1327 audivistis
2824 1273 2991 1327 Deum
3023 1283 3209 1343 aperte
3249 1273 3520 1330 dicentem
3547 1293 3564 1332 :

1975 1356 2042 1410 Et
2073 1360 2171 1412 erit
2207 1360 2344 1414 inter
2371 1377 2450 1416 me
2481 1370 2529 1415 et
2569 1378 2660 1415 vos
2698 1363 2750 1415 in
2785 1363 2989 1432 signum
3018 1364 3227 1434 {aderis
3263 1364 3278 1396 '
3305 1365 3328 1418 ?
3356 1366 3570 1431 Quibus

1976 1447 2155 1503 verbis
2186 1457 2394 1503 tantum
2441 1465 2547 1505 non
2594 1451 2817 1518 indicat,
2847 1466 2944 1506 vos
2968 1463 3191 1523 propter
3216 1467 3465 1524 magnam
3497 1464 3571 1510 te-

1977 1537 2278 1592 meritatem
2302 1539 2558 1610 etingrati
2579 1541 2746 1594 animi
2771 1539 2959 1595 vitium
2982 1541 3275 1614 indiguisse
3298 1545 3568 1612 ejusmodi

1975 1627 2129 1698 signo
2157 1639 2212 1684 et
2259 1639 2408 1684 nota.
2462 1631 2550 1686 Sic
2583 1634 2728 1687 enim
2776 1631 2834 1686 fit
2863 1647 3004 1701 saepe
3035 1635 3199 1688 etiam
3240 1635 3293 1687 in
3332 1634 3568 1705 negotiis

1981 1709 2252 1780 humanis.
2289 1721 2513 1788 Quoties
2544 1723 2688 1777 enim
2725 1723 2886 1776 alicui
2920 1739 3027 1777 non
3067 1723 3330 1779 habemus
3383 1725 3567 1792 ﬁdem,

1983 1812 2224 1884 pignoris
2258 1811 2430 1882 gratia
2489 1811 2704 1882 signum
2750 1812 2967 1881 aliquod
3009 1814 3078 1867 ab
3117 1829 3182 1869 eo
3217 1813 3566 1884 flagitandum

1993 1905 2390 1959 existimamus.
2458 1903 2531 1957 Ita
2607 1919 2788 1958 rerum
2847 1905 3092 1960 omnium
3146 1906 3410 1962 Dominus
3475 1923 3568 1962 co-

1981 2014 2253 2070 gnoscens
2308 1998 2522 2054 Iudaeos
2557 2013 2678 2053 esse
2735 1999 2920 2053 animo
2982 1999 3245 2065 instabili,
3299 2009 3354 2054 et
3410 1999 3569 2058 facile

1983 2095 2308 2148 sententiam
2358 2102 2588 2157 mutare,
2647 2093 2865 2159 signum
2909 2092 3012 2146 hoc
3067 2092 3138 2147 ab
3187 2093 3268 2148 eis
3319 2096 3569 2163 accipere

1982 2183 2175 2244 voluit,
2234 2197 2341 2234 non
2403 2190 2463 2235 ut
2514 2191 2780 2250 perpetuo
2834 2191 3100 2246 maneret,
3151 2181 3247 2238 sed
3283 2191 3345 2236 ut
3401 2184 3568 2238 rebus

1983 2273 2110 2338 illis,
2147 2288 2270 2342 quae
2324 2281 2454 2326 tunc
2523 2272 2926 2335 tractabantur,
2985 2271 3147 2328 (luem
3212 2273 3564 2344 habentibus,

1983 2362 2122 2433 signi
2156 2362 2318 2416 etiam
2356 2374 2487 2415 usus
2545 2361 2849 2415 tolleretur.
2901 2361 3376 2426 Quemadmodum
3415 2367 3566 2421 enim

1981 2454 2075 2524 qui
2123 2455 2362 2517 arrbam,
2409 2439 2688 2524 et'pignus
2742 2453 2961 2523 aliquod
3021 2463 3235 2524 petunt,
3265 2464 3320 2511 et
3375 2457 3569 2513 volunt

1983 2550 2248 2617 arc'pcre,
2305 2559 2428 2600 cum
2475 2546 2690 2615 negotia
2731 2555 3003 2601 transacta
3061 2546 3284 2614 fuerint,
3345 2549 3402 2604 id
3456 2565 3567 2606 non

1982 2639 2216 2708 amplius
2245 2644 2459 2699 curant,
2491 2636 2681 2690 eodem
2713 2637 2875 2691 modo
2914 2638 3178 2708 contingit
3223 2639 3280 2695 in
3334 2640 3434 2695 hac
3482 2657 3566 2697 re.

1983 2731 2118 2786 Nam
2151 2729 2279 2799 quia
2317 2726 2753 2782 circumcisionis
2774 2728 2970 2797 pignus
2999 2744 3028 2782 a
3055 2729 3212 2784 vobis
3235 2732 3566 2802 poetulatum

1984 2831 2086 2887 est,
2125 2829 2186 2876 ut
2213 2835 2276 2874 eo
2305 2819 2459 2890 signo
2490 2819 2818 2888 patriarcha:
2869 2821 3100 2890 populus
3152 2822 3569 2895 dignosceretur

1984 2911 2053 2966 ab
2077 2911 2199 2965 aliis
2233 2909 2508 2980 gentibus,
2543 2918 2976 2964 consentaneum
3021 2919 3158 2977 erat,
3207 2921 3286 2979 ut,
3355 2925 3568 2984 postea-

1983 3018 2146 3074 quam
2180 3002 2282 3057 illa:
2330 3002 2532 3072 partim
2583 3001 2774 3056 deletae
2815 3012 3019 3066 essent,
3061 3005 3258 3073 partim
3315 3007 3381 3062 ad
3421 3007 3568 3062 veri-

293 3110 426 3157 νους
451 3097 551 3165 τῆς
586 3093 848 3166 ἀληθείας
902 3096 980 3168 τῷ
1017 3098 1156 3167 φωτὶ
1203 3098 1695 3170 προσδραμόντων,
1742 3117 1879 3171 μηκ-

1989 3095 2115 3148 tatis
2163 3097 2343 3147 lumen
2377 3093 2643 3158 adductae,
2684 3107 2781 3148 vos
2823 3095 3150 3150 temeritatis
3210 3105 3263 3151 et
3322 3098 3568 3154 stultitim

297 3187 384 3241 ἐτι
428 3187 521 3241 τὸν
558 3187 780 3260 ἔλεγχον
824 3191 921 3260 τῆς
959 3189 1164 3256 οἰκείας
1217 3190 1614 3260 ἀγνωμοσύνης
1648 3195 1877 3263 περιφέ·

297 3296 444 3350 ρειν,
477 3279 594 3334 ἀλλ’
659 3278 1126 3344 ἀπαλλάττεσθαι,
1189 3281 1284 3335 καὶ
1332 3284 1412 3346 είς
1467 3283 1567 3351 τὴν
1608 3282 1880 3352 προτέραν

294 3369 584 3438 εὐγένειαν
612 3369 1034 3441 ἐπανατρέχειν.
1081 3371 1370 3442 Ἐννόησον
1422 3374 1530 3444 γάρ
1589 3389 1680 3443 μοι
1734 3373 1818 3425 ὅτι
1852 3373 1882 3426 δ

295 3463 606 3534 θαυμάσιος
627 3465 841 3527 ἐκεῖνος
865 3464 1220 3536 πατριάρχης
1268 3467 1398 3536 πρὶν
1441 3466 1474 3536 ἢ
1501 3467 1601 3538 τῆς
1637 3481 1879 3538 ’περιτο-

298 3556 410 3627 μῆς
441 3555 810 3627 δέξισθαιτῆν
859 3555 1103 3626 ἐντολὴν,
1165 3557 1494 3628 ἐνενήκοντα
1553 3558 1710 3611 ἐννέα
1763 3558 1872 3628 γὰρ
1923 3565 1931 3569 ”

296 3645 440 3698 ἑτῶν
468 3641 558 3716 ἧν,
601 3645 762 3715 ἡνίκα
819 3643 976 3697 τοῦτο
1034 3645 1384 3711 ὲπετάττετο,
1440 3649 1534 3702 καὶ
1585 3648 1879 3717 εὐάρεστος

293 3737 497 3805 γέγονε
516 3735 592 3806 τῷ
630 3735 774 3806 Θεῷ,
803 3736 900 3791 καὶ
933 3737 1195 3807 μυριάκις
1219 3737 1572 3811 ἀνεκηρύχθη
1599 3743 1750 3814 παρά
1783 3740 1877 3796 τοῦ

299 3827 603 3881 Δεσπότου.
627 3829 739 3882 Καὶ
781 3827 973 3897 ἐπειδὴ
993 3828 1180 3882 λοιπὸν
1220 3831 1301 3893 είς
1342 3832 1506 3902 ἔργον
1529 3833 1756 3902 ἔμελλεν
1781 3836 1877 3888 ἐκ·

296 3919 513 3973 σαίνειν
537 3921 604 3973 τὰ
627 3923 725 3990 τῆς
762 3921 1122 3993 ἑπαγγελίας,
1149 3922 1246 3976 καὶ
1269 3923 1548 3976 τίκτεσθαι
1577 3925 1606 3977 ὁ
1667 3925 1877 3993 Ἰσαὰκ,

295 4012 402 4065 καὶ
451 4009 784 4075 αὐξάνεσθαι
810 4013 870 4067 τὸ
923 4014 1103 4083 γένος,
1157 4015 1301 4067 καὶὸ
1347 4016 1692 4087 πατριάρχης
1751 4019 1882 4088 μεθ-

300 4101 559 4156 ίστασοαι
587 4103 687 4172 τῆς
743 4104 908 4175 ζωῆς,
941 4105 1060 4158 τότε
1103 4103 1322 4174 δέχεται
1352 4105 1453 4176 τὴν
1506 4106 1728 4180 ἐντολὴν
1780 4110 1879 4182 τῆς

298 4196 634 4266 περιτομῆς,
672 4198 768 4250 καὶ
821 4199 878 4250 ὲν
935 4197 1124 4267 ἡλικία
1179 4195 1404 4268 τοιαύτῃ
1459 4200 1874 4270 περιτέμνεται,

299 4286 395 4340 ινα
455 4289 566 4350 τοῖς
624 4287 752 4358 ἑξῆς
799 4288 977 4342 ἅπασι
1035 4289 1198 4360 νόμος
1239 4305 1322 4353 τις
1346 4329 1362 4356 ,
1406 4292 1500 4343 καὶ
1551 4289 1732 4344 κανὼν
1788 4293 1883 4360 γέ-

295 4393 462 4447 νηται
521 4379 589 4432 τὰ
640 4379 800 4450 παρὰ,
839 4380 934 4432 τοῦ
964 4381 1304 4450 πατριάρχου
1343 4381 1720 4450 γεγενημένα.
1765 4385 1878 4439 Καὶ

1983 3188 2195 3255 signqu
2237 3183 2472 3253 amplius
2502 3199 2611 3238 non
2657 3184 3103 3249 circumferretls,
3135 3187 3230 3241 sed
3260 3187 3329 3243 ad
3377 3191 3564 3261 pristi-

1983 3293 2107 3331 nam
2197 3275 2498 3330 nobilitatis
2573 3274 2894 3346 dignitatem
2950 3279 3386 3335 reverteremini.
3445 3281 3564 3336 Jam

1990 3369 2121 3424 illud
2140 3369 2271 3424 mihi
2289 3368 2592 3433 considera,
2613 3368 2988 3424 admirabilem
3006 3369 3154 3424 illum
3175 3372 3560 3441 patriarcham,

1981 3461 2302 3533 priusquam
2369 3459 2805 3516 circumcisionis
2872 3462 3186 3516 mandatum
3267 3465 3560 3534 acciperet,

1983 3553 2152 3609 fuisse
2213 3555 2506 3625 nonaginta
2565 3567 2759 3607 novem
2829 3569 3129 3618 annorum,
3215 3564 3342 3609 ante
3414 3559 3562 3626 quod

1982 3656 2197 3717 tempus
2219 3655 2268 3700 et
2297 3645 2574 3715 placuerat
2602 3645 2732 3711 Deo,
2776 3654 2832 3699 et
2871 3646 3171 3714 swpissime
3246 3664 3278 3702 a
3330 3649 3562 3705 Domino

1981 3737 2159 3792 fuerat
2225 3735 2581 3804 approbatus,
2626 3749 2862 3804 cumque
2914 3737 3024 3806 jam
3091 3737 3164 3790 illi
3221 3741 3488 3808 promissa
3530 3757 3562 3794 a

1955 3829 2092 3883 ’Βεο
2130 3837 2312 3882 essent
2339 3826 2690 3892 exsolvenda,
2728 3835 2788 3880 ut
2841 3836 2897 3881 et
2955 3827 3066 3882 ﬁlio
3126 3827 3272 3884 Isaac
3335 3846 3562 3901 augere-

1981 3929 2089 3984 tur,
2118 3928 2174 3973 et
2229 3917 2544 3988 progeniem
2603 3916 3012 3986 multiplicaret,
3078 3929 3128 3972 et
3200 3922 3388 3989 paucis
3435 3932 3561 3991 post

1981 4009 2139 4064 annis
2173 4017 2316 4063 esset
2363 4023 2394 4062 e
2421 4007 2532 4062 vita
2577 4007 2944 4072 discessurus,
2983 4017 3098 4063 tum
3125 4008 3346 4064 demum
3392 4011 3563 4068 fuisse

1977 4102 2189 4173 iussum
2249 4107 2309 4152 ut
2339 4111 2398 4152 se
2430 4095 2866 4157 circumcideret.
2892 4111 2954 4151 ea
2986 4097 3342 4154 nimirum'de
3371 4115 3558 4167 causa,

1982 4201 2042 4247 ut
2083 4204 2206 4261 qua:
2249 4189 2365 4260 ipse
2392 4195 2633 4259 gesserat
2663 4196 2920 4258 tanquam
2973 4189 3057 4245 lex
3105 4199 3160 4245 et
3186 4193 3370 4262 regula
3415 4210 3562 4264 qua:-

1982 4283 2106 4340 dam
2139 4281 2378 4352 posteris
2415 4292 2599 4337 essent
2629 4282 2926 4352 proposita.
2961 4281 3095 4338 Nam
3141 4285 3285 4353 quod
3325 4286 3459 4340 nihil
3491 4288 3561 4342 ad

1982 4373 2147 4430 animi
2177 4375 2435 4428 virtutem
2473 4372 2726 4442 expediat
2790 4373 3154 4441 circumcisio,
3183 4391 3248 4431 ex
3304 4378 3390 4444 iis,
3443 4393 3561 4448 quae

297 4470 391 4523 ἵνα
422 4469 633 4540 μάθητε
666 4471 933 4538 ἀκριϐῶς,
967 4471 1042 4534 ώς
1069 4471 1224 4526 οὐδὲν
1252 4471 1412 4527 τοῦτο
1447 4473 1584 4545 πρὸς
1639 4476 1741 4544 τὴν
1770 4477 1874 4546 ψυ-

1983 4466 2122 4522 facta
2155 4474 2302 4528 sunt,
2339 4479 2484 4518 nunc
2541 4479 2830 4534 possumus
2869 4465 3202 4537 intelligere.
3258 4468 3373 4521 Cur.
3410 4469 3554 4521 enim

295 4560 404 4632 χῆς
435 4562 640 4632 ἀρετὴν
699 4563 942 4615 συντελεῖ
992 4563 1051 4629 ἐξ
1110 4563 1291 4616 αὐτῶν
1373 4563 1484 4617 τῶν
1547 4566 1872 4635 γινομένων,

295 4653 415 4707 νυνὶ
453 4654 684 4706 συνιδεῖν
707 4654 953 4708 δυνατόν.
977 4654 1043 4706 Τί
1070 4654 1180 4721 γάρ
1205 4653 1390 4724 φησιν,
1413 4654 1603 4709 Ὀκτὼ
1635 4656 1876 4726 ἡμερῶν

295 4742 544 4796 παιδίον
572 4743 1074 4813 περιτμηθήσεται
1103 4762 1123 4811 ;
1151 4743 1255 4797 Τδν
1305 4745 1362 4796 δὲ
1435 4744 1626 4815 χρόνον
1685 4746 1876 4800 τοῦτον

294 4829 458 4904 οἶμαι
507 4834 738 4904 ὡρίσθαι
792 4836 944 4905 παρά
990 4836 1085 4890 τοῦ
1144 4835 1528 4908 φιλανθρώπου
1587 4836 1722 4890 Θεοῦ
1780 4837 1874 4892 δύο

292 4924 511 4979 τούτων
563 4925 746 4990 ἕνεκα,
808 4927 926 4991 ἑνὸς
967 4927 1088 4998 μὲν,
1124 4927 1212 4980 ἵνα
1241 4929 1310 4998 τῇ
1334 4927 1500 4998 ἀώρῳ
1544 4928 1730 4999 ἡλικίᾳ
1751 4946 1876 4983 κου-

295 5017 529 5086 φότερον
561 5019 806 5085 ἐνεγκεῖν
840 5019 938 5088 τῆς
971 5019 1275 5089 περιτομῆς
1303 5021 1392 5072 τὸν
1429 5020 1591 5072 πόνον
1627 5021 1829 5091 δυνηθῇ
1857 5041 1871 5054 ο

291 5109 552 5180 δεύτερον
576 5111 652 5176 δὲ,
687 5112 772 5163 {vat
806 5111 875 5164 δι’
903 5112 1083 5164 αὐτῶν
1113 5113 1222 5165 τῶν
1256 5111 1434 5183 ἔργων
1467 5113 1870 5183 παιδευθῶμεν,

294 5201 376 5263 ὡς
399 5202 498 5253 οὐκ
523 5203 602 5264 εις
628 5200 810 5272 ψυχήν
835 5220 886 5255 τι
916 5204 1160 5256 συντελεῖ
1185 5203 1246 5254 τὸ
1270 5204 1573 5271 γινόμενον,
1609 5203 1746 5258 ἀλλά
1767 5221 1870 5273 ση-

297 5290 462 5360 μείου
494 5291 653 5361 χάριν
683 5291 838 5345 τοῦτο
869 5292 1101 5360 γίνεται.
1130 5292 1201 5346 Τὸ
1229 5293 1338 5362 γὰρ
1369 5293 1544 5364 ἄωρον
1574 5294 1786 5348 παιδίον
1813 5293 1872 5348 τὸ

299 5381 383 5452 μὴ
409 5381 680 5447 γινῶσκον
710 5381 778 5434 τά
803 5383 1082 5454 γινόμενα,
1117 5384 1252 5455 μηδὲ
1286 5382 1536 5453 αἴσθησίν
1571 5401 1692 5437 τινα
1725 5383 1870 5454 ἔχον,

295 5475 465 5528 ποίαν
489 5475 751 5544 ὠφέλειαν
786 5477 864 5540 είς
887 5476 985 5545 τὴν
1011 5475 1187 5546 ψυχὴν
1203 5477 1268 5528 ἐκ
1289 5475 1480 5529 τούτου
1501 5474 1756 5539 δέξασθαι
1784 5475 1876 5528 δυ-

295 5567 527 5636 νήσεται
551 5583 568 5634 ;
603 5569 774 5620 Ἐκείι.
793 5583 812 5618 ι
846 5569 957 5638 γάρ
983 5572 1096 5622 ἐστι
1136 5568 1233 5636 τῆς
1257 5567 1434 5638 ψυχῆς
1469 5567 1653 5628 ἱδικῶς
1675 5581 1874 5636 κατορ-

297 5662 557 5731 θώματα,
575 5662 642 5716 τά
666 5663 730 5714 ὲκ
751 5680 818 5732 πι·
832 5662 1124 5733 ναιρὲσεως
1139 5659 1616 5730 γινόμενα.Ψυχῆς
1633 5659 1740 5730 γάρ
1757 5661 1872 5713 ἐστι

378 5776 394 5802 ³
428 5771 567 5826 Gen.
604 5787 736 5839 xvu,
772 5773 858 5827 ll.

1978 4565 2305 4628 perceptum
2336 4564 2441 4619 est,
2469 4565 2528 4608 ut
2557 4570 2691 4624 puer
2708 4563 2832 4612 octo
2853 4557 3064 4612 dierum
3097 4558 3554 4613 circumcidatur?

1978 4651 2090 4708 Cur
2117 4661 2334 4721 tempus
2372 4649 2478 4705 hoc
2514 4663 2544 4702 ο
2593 4649 2925 4720 benignitate
2952 4651 3135 4706 divina
3175 4651 3275 4706 fuit
3315 4652 3553 4720 praelini-

1977 4753 2112 4812 tum,
2137 4744 2264 4808 nisi,
2301 4753 2360 4798 ut
2390 4760 2488 4814 ego
2520 4747 2717 4808 sentio,
2753 4744 2838 4798 his
2891 4745 3103 4798 duabus
3146 4745 3214 4800 de
3235 4745 3454 4800 causis:
3494 4755 3553 4800 ut

1978 4833 2408 4888 circumcisionis
2503 4831 2660 4885 dolor
2728 4835 2778 4885 in
2828 4833 2916 4887 illa
2964 4843 3150 4888 tenera
3196 4843 3360 4888 aelate
3420 4833 3553 4890 faci-

1976 4921 2084 4976 lius
2121 4920 2469 4989 perfcrrctur,
2501 4931 2557 4974 et
2580 4937 2637 4975 rc
2668 4920 2778 4990 ipsa
2818 4930 3113 4987 constaret,
3169 4921 3369 4976 factum
3423 4922 3553 4978 illud

1975 5015 2159 5068 animo
2182 5014 2316 5068 nihil
2337 5021 2616 5084 prodesse,
2632 5015 2725 5068 sed
2741 5014 2880 5084 signi
2907 5023 3116 5068 tantum
3141 5015 3246 5068 vim
3266 5017 3512 5072 obtinere
3529 5018 3552 5055 9

1976 5108 2149 5173 Quam
2196 5106 2340 5159 enim
2398 5105 2683 5160 utilitatem
2723 5107 2846 5160 inde
2878 5089 3141 5177 percipiat
3172 5109 3404 5163 tenellus
3462 5109 3552 5163 ille

1976 5186 2257 5268 puerulus,
2293 5197 2383 5265 qui
2441 5213 2604 5251 sensu
2644 5213 2781 5268 pene
2827 5213 3040 5262 carens,
3097 5216 3157 5254 ea
3203 5217 3326 5270 qua:
3392 5201 3547 5267 fiunt,

1976 5293 2196 5361 penitus
2231 5291 2439 5358 ignorat
2464 5289 2487 5341 ’ί
2517 5287 2648 5342 Nam
2680 5289 2765 5343 illa
2796 5299 2922 5344 sunt
2949 5291 3167 5361 proprie
3205 5301 3349 5345 recta
3380 5291 3547 5344 animi

1978 5381 2172 5446 ofﬁcia,
2196 5397 2314 5450 quae
2336 5397 2400 5436 ex
2428 5381 2708 5436 voluntate
2748 5383 3188 5452 proficiscuntur.
3241 5383 3548 5436 Perfectum

1976 5473 2143 5528 animi
2167 5488 2324 5544 opus,
2343 5483 2398 5528 et
2424 5473 2658 5528 ofﬁcium
2675 5485 2778 5538 est,
2801 5485 2860 5528 ut
2889 5476 3142 5528 virtutem
3171 5474 3546 5542 amplectatur,

1977 5577 2031 5622 et
2060 5569 2246 5622 vitium
2303 5567 2513 5636 fugiat;
2575 5575 2632 5619 ut
2669 5568 2820 5636 plura
2878 5583 2947 5621 ne
3011 5566 3386 5633 concupiscat,
3450 5570 3546 5622 sul

1977 5675 2063 5726 ea,
2091 5676 2204 5729 tlU‘l‘.
2227 5660 2412 5726 hchl,
2466 5658 2754 5728 egentibus
2796 5659 3028 5728 benigne
3102 5657 3394 5713 distribuat
3428 5676 3444 5725 ;
3477 5676 3547 5716 ne
