4066 6288
492 323 596 384 3θ3

1733 314 2082 378 ΕΗΤΗΥΜΙ

2193 313 2519 373 LIGABENI
3634 323 3725 386 30L

503 451 685 494 rerum
731 436 1086 505 praesentium
1141 432 1411 489 desiderio
1457 431 1831 496 contabescat,
1873 429 1968 484 sed
2000 429 2084 482 his

2193 423 2587 496 κατορθώματα
2609 423 2669 477 τὸ
2701 423 2903 494 ἀρετὴν
2933 423 3174 487 ἑλέσθαι,
3205 424 3296 477 καὶ
3324 425 3512 480 κακίαν
3531 435 3723 499 φυγεῖν.

497 531 697 602 spretis
743 538 907 597 atque
956 525 1305 595 contemptis,
1341 523 1552 578 futuras
1577 529 1816 591 expetat,
1851 529 1905 575 et
1945 517 2082 575 assi-

503 624 609 676 due
655 620 879 690 cogitet.
902 622 961 673 ln
993 615 1414 672 circumcisione
1460 629 1589 667 vero
1631 613 1783 684 quid,
1827 622 1887 667 ut
1910 621 2077 677 recte,

495 726 551 771 et
616 714 901 769 voluntate
991 709 1193 765 factum
1276 706 1610 762 laudabitur?
1671 706 1778 761 Sed
1835 717 2080 762 amentes

493 824 558 862 ac
611 822 772 861 sensu
839 809 1094 872 expertes
1129 800 1298 855 Judaei
1351 801 1578 855 veritate
1652 800 1761 869 jam
1812 801 2079 869 patefacta

495 903 551 953 in
585 898 773 952 umbra
802 895 981 949 adhuc
1011 893 1222 954 sedent,
1270 907 1506 958 cumque
1577 892 1656 946 sol
1705 891 1888 945 radios
1953 906 2082 944 suos

493 991 548 1044 in
587 1003 779 1044 omnes
811 996 998 1057 partes
1049 983 1323 1047 riluderit,
1390 983 1569 1037 adhuc
1614 983 2082 1052 exiguazlucernte

494 1080 684 1133 lumini
724 1078 1020 1132 inhaerent.
1050 1075 1115 1128 Et
1149 1073 1464 1144 postulante
1518 1074 1630 1144 jam
1707 1082 1954 1144 tempore
2025 1082 2084 1128 ut

493 1173 669 1226 solido
698 1171 820 1225 cibo
845 1168 1188 1231 nutriantur,
1225 1183 1334 1222 non
1399 1177 1628 1236 possunt
1658 1181 1686 1220 a
1712 1165 1848 1221 lacte
1911 1165 2085 1221 dimo-

495 1265 627 1329 veri,
660 1279 762 1318 nec
815 1263 1033 1318 heattttn
1099 1259 1326 1314 Paulum
1389 1259 1583 1314 audire
1613 1259 1802 1313 volunt
1857 1261 1930 1314 ita
1977 1261 2085 1314 cla-

492 1369 753 1422 mantem,
804 1365 858 1409 et
894 1355 1164 1410 dicentem
1207 1354 1274 1409 de
1332 1353 1644 1423 patriarcha
1684 1370 1696 1406 :
1759 1351 1826 1406 Et
1875 1353 2084 1422 signum

501 1451 702 1518 acrepit
753 1448 1167 1502 circnmcisianis
1221 1446 1555 1516 signaculum
1601 1445 1828 1515 justitia:
1876 1445 1998 1513 ﬁdei
2028 1445 2084 1497 in

494 1543 754 1612 pra’pullo
814 1543 852 1596 ⁸.
933 1540 1098 1595 Vides
1165 1539 1437 1609 quomodo
1490 1537 1578 1594 hic
1639 1553 1739 1592 nos
1795 1548 2086 1609 utrumque

494 1635 761 1698 docuerit,
820 1649 1018 1704 nempe
1052 1634 1416 1703 patriarcham
1457 1642 1508 1687 et
1541 1632 1683 1704 signi
1741 1634 1915 1702 gratia
1980 1631 2085 1685 cir-

492 1727 888 1781 cumcisionem
931 1726 1314 1796 accepisse,_et
1357 1740 1481 1780 cum
1513 1736 1658 1780 esset
1716 1725 1770 1778 in
1821 1720 2121 1796 praeputio:

2183 518 2378 588 Ψυχῆς
2399 517 2730 588 κατόρθωμα
2757 517 2816 570 τὸ
2835 517 2910 586 μὴ
2927 517 3036 570 τῶν
3055 517 3316 570 πλειόνων
3343 519 3595 588 ἐφίεσθαι,
3611 525 3729 582 ἀλλὰ

2186 611 2280 662 καὶ
2341 609 2408 661 τὰ
2459 607 2589 662 ὅντα
2621 609 2884 680 προέσθαι
2914 611 3027 672 τοῖς
3089 608 3382 678 δεομένοις.
3415 610 3593 681 Ψυχῆς
3625 615 3725 670 ἐστι

2185 701 2522 772 κατόρθωμα
2571 701 2633 753 τὸ
2649 703 2724 771 μὴ
2751 705 2866 765 τοῖς
2891 704 3125 773 παροῦσι
3150 705 3591 773 προστετηκέναι,
3614 709 3730 763 ἀλλᾶ

2184 792 2394 845 τούτων
2427 793 2526 863 μὲν
2551 793 2851 864 ὑπερορᾷν,
2875 796 2943 847 τά
2985 795 3253 865 μέλλοντα
3277 795 3335 848 δὲ
3386 795 3504 849 καθ’
3520 799 3732 872 ἐκάστην

2183 885 2400 955 ἡμέραν
2429 883 2822 952 φαντάζεσθαι.
2859 883 2924 938 Ἦ
2956 887 3230 958 περιτομὴ
3286 887 3342 939 δὲ
3373 889 3522 941 ποῖον
3571 891 3632 944 ἀν
3660 892 3732 964 εἴη
3780 906 3788 925 ί

2186 976 2558 1046 κατόρθωμα;
2642 976 2782 1031 Ἀλλ’
2840 979 2888 1031 oi
2971 978 3290 1048 ἀγνώμονες
3340 979 3437 1032 καὶ
3474 981 3734 1051 ἀχάριστοι
3777 1041 3779 1043 _

2199 1067 2447 1121 Ἰουδαῖοι
2476 1069 2573 1134 τῆς
2603 1070 2862 1140 ἀληθείας
2886 1073 3172 1142 φανείσης,
3208 1071 3287 1125 ἔτι
3310 1075 3378 1144 τῇ
3411 1076 3534 1146 σκιᾷ
3571 1092 3737 1144 παρα-
3779 1104 3787 1109 -

2188 1159 2513 1229 καθήμενοι,
2547 1161 2641 1213 καὶ
2669 1161 2763 1214 τοῦ
2787 1162 2941 1231 ἡλίου
2975 1163 3076 1231 τῆς
3105 1163 3454 1234 δικαιοσύνης
3509 1164 3738 1235 λάμψαν-

2186 1253 2416 1317 τος,καὶ
2443 1254 2542 1316 τὰς
2581 1255 2804 1316 ἀκτῖνας
2832 1255 2927 1306 τοῦ
2977 1256 3152 1324 φωτὸς
3183 1255 3461 1326 πανταχοῦ
3490 1257 3737 1326 ἀφιέντος,

2193 1343 2275 1396 ἔτι
2315 1344 2394 1414 τῷ
2419 1343 2684 1415 λυχνιαίῳ
2716 1346 2856 1414 φωτὶ
2884 1345 3323 1416 προσηλωμένοι,
3353 1349 3447 1399 καὶ
3496 1350 3626 1419 μετά
3657 1351 3738 1402 τὸν

2189 1435 2383 1504 καιρὸν
2409 1435 2508 1502 τῆς
2544 1439 2776 1503 στερεᾶς
2807 1435 3018 1506 τροφῆς
3054 1436 3133 1489 ἔτι
3160 1437 3237 1508 τῷ
3286 1438 3517 1506 γάλακτι
3564 1441 3739 1511 τρεφό-

2191 1541 2370 1595 μενοι,
2405 1524 2524 1577 οὐδὲ
2555 1523 2650 1577 τοῦ
2677 1527 2956 1595 μακαρίου
3011 1525 3226 1578 Παύλου
3293 1525 3513 1579 ἀκούειν
3539 1529 3740 1596 ἀνέχονσ

2189 1635 2279 1670 ται
2309 1618 2564 1688 βοῶντος,
2586 1620 2680 1671 καὶ
2699 1619 2948 1687 λέγοντος
2981 1636 3049 1670 πε
3061 1619 3112 1690 pl.
3135 1619 3229 1672 τοῦ
3257 1619 3616 1690 πατριάρχου·
3647 1620 3744 1675 Καὶ

2190 1710 2444 1780 σημεῖον
2465 1711 2645 1766 ἔλαϐε
2681 1710 3029 1780 περιτομῆς,
3061 1711 3330 1782 σφαγῖδα
3387 1711 3499 1781 τῆς
3552 1711 3747 1766 δικαιο-

503 1818 774 1886 justitiam
807 1833 870 1872 ex
913 1818 1016 1871 lide
1050 1833 1160 1886 pra:
1202 1831 1261 1870 se
1302 1815 1494 1870 tulisse
1523 1815 1546 1868 ?
1602 1814 1738 1869 Nam
1765 1830 1831 1869 ne
1863 1813 2083 1869 Iudaeus

2193 1805 2387 1871 σύνης
2423 1803 2533 1874 τῆς
2557 1807 2820 1870 πίστεως
2849 1804 2962 1874 τῆς
3029 1806 3101 1859 ἐν
3170 1806 3559 1873 ἀκροϐυστίᾳ.
3621 1805 3751 1876 Ὅρα

504 1911 852 1979 impudenter
879 1917 1170 1972 assereret,
1201 1916 1256 1962 et
1296 1906 1772 1962 circumcisionem
1830 1905 1933 1975 ipsi
1992 1906 2083 1977 ju-

499 2002 703 2056 stitiam
731 2000 997 2066 attulisse,
1031 2001 1232 2055 ideirco
1260 2000 1452 2055 beatus
1480 1996 1570 2052 hic
1599 1997 1665 2052 ad
1693 1998 1860 2068 pedes
1883 1996 2084 2053 Gama-

496 2096 635 2151 lielis
669 2096 900 2151 edoctus
932 2109 992 2149 ea
1041 2109 1160 2164 quae
1201 2093 1266 2148 ad
1301 2093 1624 2163 exquisitam
1667 2093 1798 2163 legis
1830 2093 2083 2164 peritiam

494 2189 788 2258 pertinent,
807 2187 886 2241 Ne
916 2188 1140 2257 putetis,
1179 2186 1373 2255 inquit.
1399 2184 1863 2254 impudentissimi
1882 2185 2081 2250 Judaei,

494 2279 965 2348 circumcisionem
982 2278 1277 2348 quidquam
1301 2281 1350 2332 ei
1377 2277 1440 2331 ad
1463 2275 1730 2346 justitiam
1753 2277 2080 2344 contulisse;

496 2373 697 2428 etenim
746 2387 854 2440 quo
913 2382 1161 2440 tempore
1227 2369 1554 2440 pratputium
1623 2369 1880 2431 habebat,
1964 2385 2083 2423 eam

496 2465 658 2524 tidem
712 2479 822 2534 pra:
886 2478 946 2518 se
999 2463 1140 2528 tulit,
1173 2472 1233 2516 ιιι
1283 2460 1546 2516 meruerit
1614 2459 1745 2515 illud
1838 2461 2081 2516 audire:

503 2553 742 2612 Credidit
811 2553 1080 2608 Abraham
1155 2551 1288 2614 Deo,
1323 2561 1374 2604 et
1420 2560 1724 2622 reputatum
1773 2551 1852 2606 illi
1881 2563 1957 2606 est
2017 2555 2086 2606 ad

490 2647 768 2716 justitiam
795 2647 837 2701 ².
878 2645 1014 2699 Cum
1051 2644 1213 2714 igitur
1236 2645 1347 2714 jam
1375 2652 1519 2698 esset
1549 2645 1602 2698 in
1628 2643 1838 2714 justitia
1865 2653 2086 2715 propter

495 2740 680 2801 tidem,
734 2747 863 2792 tunc
900 2737 1037 2807 signi
1094 2751 1261 2790 causa
1337 2735 1823 2791 circumcisionem
1849 2739 2082 2808 accepit.

497 2834 629 2886 ltem
665 2835 787 2901 ejus
831 2829 1040 2885 nomini
1073 2829 1214 2882 Deus
1281 2827 1614 2883 elementum
1677 2827 1949 2900 adjungit,
2031 2838 2087 2884 et

497 2934 688 2995 postea
723 2921 991 2993 praecipit,
1051 2929 1111 2975 ut
1155 2919 1602 2986 circumcidatur,
1639 2929 1695 2976 et
1741 2919 1997 2978 ostendat
2025 2936 2086 2978 se

497 3023 717 3084 propter
747 3026 996 3081 magnam
1045 3010 1178 3080 justi
1215 3009 1474 3064 virtutem
1507 3009 1610 3065 sibi
1659 3008 1812 3064 illum
1845 3010 2082 3067 amicum

499 3107 840 3176 adjunxisse,
871 3113 928 3160 et
956 3113 1178 3174 propter
1204 3103 1360 3158 illum
1407 3115 1660 3173 posteros
1691 3103 1856 3159 etiam
1891 3104 2084 3174 ipsius.
2113 3128 2159 3190 ο

498 3203 600 3264 Ac,
677 3197 1138 3268 quemadmodum
1189 3195 1280 3266 qui
1344 3211 1564 3250 servum
1617 3197 1970 3266 comparavit,
2033 3207 2088 3252 et

502 3308 701 3346 nomen
733 3291 905 3361 ipsius
938 3299 994 3345 et
1027 3290 1272 3344 habitum
1329 3289 1654 3359 plerumque
1680 3299 2004 3354 commutat,
2034 3297 2089 3344 et

501 3385 685 3436 nuntia
754 3381 904 3440 facit,
939 3389 1000 3433 ut
1050 3379 1142 3433 ille
1179 3363 1539 3449 cognoscatur
1571 3393 1741 3448 seque
1803 3380 2087 3434 dominum

499 3475 619 3541 ejus
653 3487 772 3527 esse
796 3469 1036 3525 declaret
1067 3485 1078 3522 :
1121 3467 1200 3522 sic
1230 3469 1360 3522 item
1411 3484 1593 3522 rerum
1646 3469 1894 3524 omnium
1919 3470 2084 3534 Deus,

501 3581 625 3622 cum
700 3564 860 3618 vellet
953 3562 1319 3631 patriarcham
1390 3576 1420 3615 a
1482 3561 1710 3632 reliquis
1773 3562 2090 3638 hominibus

503 3657 865 3728 distinguere,
898 3663 954 3709 et
987 3654 1228 3708 litteram
1282 3669 1448 3708 unam
1489 3658 1608 3725 ejus
1639 3655 1845 3710 nomini
1893 3656 2090 3726 adjuno

503 3767 636 3824 gens
720 3767 844 3805 eum
898 3749 1016 3802 fore
1081 3748 1374 3802 multarum
1451 3747 1692 3818 gentium
1743 3761 1950 3818 patrem
2005 3750 2091 3802 in-

503 3843 723 3905 dicavit,
781 3849 836 3895 et
870 3855 967 3910 per
997 3837 1472 3894 circumcisionem
1543 3838 1788 3892 ostendit
1823 3837 1926 3894 sibi
1996 3853 2091 3908 po-

502 3936 693 4008 pulum
717 3935 1000 3996 eximium,
1033 3941 1150 3985 eta
1215 3931 1442 4000 reliquis
1499 3931 1812 4001 sejunctum
1874 3932 2092 4002 populis

505 4046 572 4084 ex
606 4029 818 4084 semine
847 4027 970 4095 ejus
988 4025 1258 4080 futurum.
1289 4025 1356 4078 At
1382 4024 1457 4077 illi
1490 4025 1800 4095 ignorantia
1832 4025 2092 4080 obcazcati

505 4119 690 4174 carnis
745 4117 1224 4172 circutncisionem
1279 4116 1461 4169 adhuc
1536 4116 1897 4170 observantes
1974 4131 2087 4168 non

508 4210 740 4264 audiunt
826 4207 1056 4261 Paulum
1117 4206 1197 4259 sic
1255 4221 1354 4260 eos
1406 4205 1603 4260 iterum
1667 4207 2092 4275 alloquentem:

509 4305 567 4358 Si
592 4299 1068 4361 circumcidamini,
1102 4296 1335 4352 Christus
1360 4298 1500 4350 vobis
1528 4298 1658 4350 nihil
1682 4299 1910 4367 proderit
1933 4301 1951 4331 ³
1979 4315 1993 4364 ;
2027 4299 2096 4353 oh

509 4396 562 4448 id
588 4393 733 4448 enim
770 4398 1030 4456 natusest
1065 4388 1345 4455 Dominus,
1364 4399 1422 4443 ut
1455 4389 1570 4445 haec
1599 4392 1781 4445 omnia
1833 4391 2094 4449 auferret.

2185 1900 2303 1960 πῶς
2336 1897 2626 1966 ἀμφότερα
2675 1897 2826 1967 ἡμᾶς
2870 1895 3105 1951 ἐνταῦθα
3147 1897 3351 1964 ἐδίδαξε
3383 1937 3400 1964 ,
3451 1900 3544 1952 καὶ
3563 1898 3750 1968 ὅτιση-

2189 1986 2343 2058 μείου
2391 1986 2552 2056 χάριν
2606 1985 2706 2056 τὴν
2757 1985 3064 2057 περιτομὴν
3110 1986 3466 2052 κατεδέξατο,
3524 1987 3615 2040 καὶ
3679 1987 3752 2040 ὃτι

2187 2079 2351 2150 ἡνίκα
2405 2081 2744 2149 ἀκρτῐὸυστον
2782 2076 2872 2152 ἦν,
2915 2081 3012 2152 τὴν
3073 2080 3426 2153 δικαιοσύνην
3474 2081 3573 2154 τὴν
3593 2083 3653 2134 ἐκ
3677 2081 3755 2134 πί-

2197 2189 2370 2235 στεως
2409 2172 2744 2240 ἐπεδείξατο.
2795 2173 2915 2228 Ἵνα
2963 2173 3072 2245 γὰρ
3108 2175 3184 2247 μὴ
3219 2175 3555 2246 ἀναισχυντῇ
3578 2173 3748 2241 ὀίου-

2186 2264 2354 2331 δαῖος,
2421 2266 2515 2318 καὶ
2542 2265 2712 2336 λέγῃ,
2764 2265 2909 2337 ὅτιή
2952 2266 3225 2337 περιτομὴ
3282 2265 3388 2337 τὴν
3434 2264 3759 2335 δικαιοσύνην

2190 2357 2338 2428 αὐτῷ
2371 2356 2731 2429 προεξένησε,
2762 2358 2853 2411 διὰ
2912 2357 3074 2412 τοῦτο
3127 2362 3155 2412 ὁ
3217 2359 3497 2429 μακάριος
3553 2351 3760 2424 abroad

2192 2449 2344 2519 παρὰ
2374 2450 2501 2512 τοὺς
2550 2450 2716 2512 πόδας
2758 2449 3042 2521 Γαμαλιὴλ
3098 2449 3494 2521 μαθητευθεὶς,
3559 2451 3586 2503 ὁ
3633 2448 3762 2505 κατά

2188 2540 2474 2612 ἀκρίϐειαν
2542 2543 2634 2594 τοῦ
2690 2542 2855 2612 νόμου
2897 2542 3203 2607 παιδευθεὶς
3239 2545 3435 2614 φησί’
3466 2542 3560 2610 Μὴ
3613 2543 3761 2611 νομί-

2187 2646 2358 2698 σητε,
2409 2627 2456 2686 ὦ
2501 2633 2900 2703 ἀναίσχυντοι
2958 2633 3260 2701 Ἰουδαῖοι,
3287 2634 3387 2688 ὅτι
3425 2635 3463 2703 ἠ
3493 2631 3762 2704 περιτομή

2189 2741 2241 2778 τι
2281 2726 2370 2791 είς
2419 2726 2821 2795 δικαιοσύνην
2873 2725 3034 2790 αὺτῷ
3062 2727 3468 2782 συνετέλεσε.
3509 2729 3615 2780 Καὶ
3667 2725 3766 2793 γὰρ

2189 2817 2246 2870 ἐν
2296 2816 2374 2888 τῷ
2433 2817 2608 2888 καιρῷ
2660 2819 2762 2886 τῆς
2807 2817 3174 2890 ἀκροϐυστίας
3229 2819 3329 2889 τὴν
3397 2819 3581 2873 πίστιν
3649 2819 3764 2872 ἐπι-

2189 2907 2500 2979 δειξάμενος
2565 2910 2799 2980 ἤκουσεν
2823 2925 2838 2941 ο
2911 2909 3263 2964 Ἐπίστευσε
3289 2908 3366 2962 δὲ
3406 2907 3656 2979 Ἀϐραὰμ
3690 2905 3763 2974 τῷ

2195 3001 2355 3067 Θεῷ,
2432 3001 2530 3054 καὶ
2601 3001 2889 3072 ἐλογίσθη
2959 3000 3121 3068 αὺτῷ
3192 3004 3282 3070 εις
3353 3001 3764 3070 δικαιοσύνην.

2191 3093 2484 3165 Γενόμενος
2513 3092 2605 3147 οὖν
2631 3095 2688 3147 ἐν
2715 3098 2783 3167 τῇ
2808 3095 3126 3170 δικαιοσύνῃ
3143 3095 3233 3150 διὰ
3262 3101 3367 3167 τὴν
3399 3095 3606 3164 πίστιν,
3651 3095 3766 3148 τότε

2195 3185 2414 3256 δέχεται
2471 3187 2701 3256 σημείου
2741 3187 2904 3259 χάριν
2964 3187 3065 3259 τὴν
3128 3190 3458 3261 περιτομὴν,
3497 3189 3594 3244 καὶ
3641 3186 3768 3259 ὁμοῦ

2195 3283 2392 3353 καὶτῷ
2428 3284 2654 3354 ὀνόματι
2678 3285 2846 3337 αὑτοῦ
2907 3283 2970 3337 τὺ
2996 3285 3263 3354 στοιχεῖον
3294 3284 3609 3355 ἐπιτίθησι,
3679 3281 3769 3337 καὶ

2195 3378 2332 3450 μετά
2361 3378 2538 3432 ταῦτα
2562 3379 2663 3449 τὴν
2691 3377 2995 3450 περιτομὴν
3029 3378 3336 3444 ἐπιτάττει,
3365 3379 3455 3433 ἵνα
3484 3377 3656 3449 δείξῃ,
3695 3377 3770 3430 ’ὁτι

2190 3471 2276 3524 διὰ
2299 3471 2396 3540 τὴν
2429 3470 2637 3540 πολλὴν
2657 3471 2855 3541 ἀρετὴν
2875 3469 3062 3524 λοιπὸν
3094 3469 3185 3524 τὸν
3203 3470 3418 3525 δίκαιον
3443 3471 3769 3542 ᾠκειώσατο,

2193 3564 2286 3618 καὶ
2317 3563 2385 3616 δι’
2415 3565 2620 3616 ἐκεῖνον
2656 3564 2748 3617 καὶ
2781 3564 2910 3626 τοὺς
2937 3563 2996 3628 ἐξ
3053 3561 3222 3631 αὐτοῦ
3279 3565 3608 3634 ἐσομένους.
3673 3561 3776 3615 Καὶ

2194 3656 2449 3726 καθάπερ
2482 3674 2568 3719 τις
2615 3659 2836 3727 οἰκέτην
2861 3655 3225 3726 κτησάμενος,
3258 3656 3532 3720 πολλάκις
3598 3655 3688 3709 καὶ
3716 3653 3773 3706 τὸ

2193 3747 2367 3818 ὄνομα
2415 3749 2586 3803 αὐτοῦ
2622 3748 2969 3820 μετατίθησι,
2998 3748 3176 3802 καὶτὸ
3206 3747 3425 3819 σχῆμα,
3462 3750 3562 3803 καὶ
3605 3747 3778 3802 πάντα

2202 3846 2371 3908 ποιεῖ,
2397 3841 2538 3896 ὥστε
2571 3843 2882 3914 κατάδηλον
2905 3844 3066 3897 at):th
3095 3845 3352 3912 ποιῆσαι,
3380 3843 3470 3897 ἵνα
3530 3842 3619 3896 διὰ
3652 3841 3779 3896 πάν-

2200 3952 2309 3987 των
2341 3936 2590 4006 κηρύττῃ
2647 3937 2747 4006 τὴν
2782 3936 3103 3991 δεσποτείαν
3131 3936 3311 3990 ὀὕτω
3362 3937 3432 4009 δὴ
3487 3938 3587 3992 καὶ
3622 3937 3650 3990 ὁ
3679 3933 3780 3988 τῶν

2199 4030 2342 4082 ὅλων
2378 4030 2533 4095 Θεὸς,
2586 4030 2778 4102 ῶσπερ
2801 4035 3040 4104 χωρέσλι
3072 4033 3180 4086 τῶν
3224 4033 3406 4088 ἄλλων
3479 4031 3781 4102 ἀνθρώπων

2200 4121 2368 4173 αὑτὸν
2392 4121 2735 4191 βουλόμενος,
2771 4122 2858 4176 διὰ
2891 4122 2990 4192 μὲν
3021 4123 3120 4193 τῆς
3149 4123 3480 4195 προσθήκης
3512 4121 3610 4176 τοῦ
3646 4136 3782 4173 στοι-

2199 4213 2372 4282 χείου,
2407 4215 2489 4267 ὅτι
2515 4214 2728 4267 πολλῶν
2765 4215 2936 4267 ἐθνῶν
2961 4217 3146 4286 πατὴρ
3178 4215 3334 4268 ἔσται
3387 4215 3663 4283 ἐμήνυσε,
3701 4207 3784 4262 διὰ

2198 4305 2254 4357 δὲ
2286 4307 2382 4374 τῆς
2418 4306 2744 4376 περιτομῆς,
2781 4307 2861 4359 ὅτι
2890 4304 3168 4376 ἐξαίρετος
3215 4304 3389 4359 αὑτοῦ
3453 4305 3614 4358 ἔσται
3639 4300 3783 4365 λαὸς,

2201 4399 2294 4451 καὶ
2325 4399 2433 4451 τῶν
2461 4398 2665 4451 λοιπῶν
2725 4399 2896 4452 ἐθνῶν
2931 4390 3351 4471 κεχωρισμένον
3413 4399 3477 4451 τὸ
3539 4397 3600 4462 ἐξ
3626 4393 3784 4450 αὑτοῦ

511 4486 578 4541 Ει
612 4483 819 4540 idcirco
847 4483 964 4552 ipse
999 4491 1174 4536 totam
1209 4480 1381 4550 legem
1429 4481 1692 4551 implevit,
1727 4490 1784 4536 ut
1808 4482 1946 4556 legis
2001 4484 2088 4540 ob-

2208 4488 2399 4557 μέλλον
2430 4488 2717 4542 τίκτεσθαι
2752 4490 2976 4561 σπέρμα
3005 4505 3020 4520 ⁸
3054 4493 3102 4543 εί
3133 4490 3230 4542 καὶ
3277 4491 3490 4542 ἐκεῖνοι
3537 4489 3628 4541 διὰ
3695 4485 3788 4554 τὴν

513 4577 874 4632 servationem
904 4588 1013 4626 non
1045 4574 1254 4627 sineret
1299 4572 1525 4626 ulterius
1582 4573 1861 4642 progredi.
1948 4573 2096 4640 Qua-

509 4678 732 4738 propter
797 4675 852 4722 et
896 4666 1090 4720 beatus
1120 4663 1328 4718 Paulus
1364 4663 1636 4718 clamabat
1671 4663 1814 4728 :Qui
1846 4665 1900 4718 in
1957 4671 2092 4736 lege,

509 4757 1190 4830 inquiens.justiﬁcamini,
1225 4755 1466 4824 a-gratia
1498 4755 1764 4809 excidistis
1797 4756 1840 4809 ⁸.

2202 4567 2408 4630 οἰκείαν
2439 4576 2699 4649 πώρωσιν
2732 4579 2812 4632 ἔτι
2837 4583 2938 4644 τὴν
2963 4578 3269 4648 περιτομὴν
3309 4582 3417 4649 τῆς
3450 4578 3664 4647 σαρκὸς
3695 4593 3793 4644 φυ·

2203 4668 2419 4724 λάττειν
2462 4670 2766 4740 βούλονται,
2811 4673 2912 4725 οὐκ
2961 4671 3251 4735 ἀκούοντες
3333 4672 3507 4726 πάλιν
3581 4669 3788 4724 Παύλου

2203 4761 2453 4831 λέγοντος
2475 4783 2490 4799 ο
2508 4764 2650 4819 Ἐὰν
2675 4765 3129 4835 περιτέμνησθε,
3151 4766 3412 4833 Χριστὸς
3433 4765 3600 4837 ὑμᾶς
3620 4763 3796 4819 οὐδὲν

510 4852 830 4920 ὠφελήσει.
861 4851 958 4903 Διά
1001 4848 1110 4919 γὰρ
1142 4847 1302 4900 τοῦτο
1333 4848 1668 4918 παρεγένετο
1717 4849 1745 4900 ὁ
1787 4848 2084 4921 Δεσπότης,
2123 4853 2207 4906 ἵνα
2225 4857 2398 4910 ταῦτα
2423 4858 2587 4929 ἀνέλῃ
2615 4873 2630 4887 ⁸
2668 4860 2764 4911 καὶ
2788 4859 2878 4912 διά
2909 4859 3066 4912 τοῦτο
3087 4860 3263 4913 πάντα
3299 4863 3400 4912 τὶν
3441 4861 3615 4929 νόμον
3631 4858 3795 4928 ὲπλὴ⁶

517 4960 710 5014 ρωσεν,
737 4944 823 4996 ἵνα
854 4944 1028 5013 στήσῃ
1057 4940 1243 4993 λοιπὸν
1269 4939 1364 4992 τοῦ
1378 4941 1545 5010 νόμου
1576 4939 1675 5008 τὴν
1702 4942 2110 5010 παρατήρησιν.
2147 4948 2244 5000 Διά
2279 4950 2437 5003 τοῦτο
2465 4950 2617 5017 ἐϐόα,
2651 4953 2744 5004 καὶ
2781 4949 2967 5020 ἔλεγεν
2991 4953 3018 5005 ὁ
3046 4950 3325 5021 μακάριος
3361 4951 3612 5015 ﬂatile;
3647 4952 3796 5004 Οῐτι-

513 5053 616 5100 γες
639 5036 707 5087 ἐν
735 5036 897 5103 νόμῳ
924 5032 1274 5087 δικαιοῦσθε
1299 5031 1410 5101 τῆς
1445 5032 1686 5102 χάριτος
1714 5032 2059 5097 ἐξεπέσετε.

582 5149 715 5202 llem
742 5153 804 5201 de
835 5145 1246 5200 circumcisione.
1271 5147 1353 5201 Ex
1393 5146 1744 5212 Damasceno,
1775 5166 1892 5218 cap.
1930 5151 2022 5205 54.

585 5306 713 5361 l‘ost
746 5304 938 5374 legem,
978 5311 1100 5372 post
1129 5302 1588 5369 benedictionem,
1623 5315 1746 5374 post
1775 5307 2092 5375 promissio-

517 5415 640 5453 nem
687 5396 1030 5452 circumcisio
1083 5395 1208 5449 data
1259 5406 1340 5449 est
1389 5396 1685 5461 Abraham,
1732 5401 1808 5451 ιιιὶ
1855 5399 2090 5468 signum,

517 5492 658 5558 quod
689 5507 834 5554 emn,
869 5501 926 5544 et
959 5489 1096 5543 ﬁlios
1123 5496 1286 5557 atque
1315 5488 1648 5544 domesticos
1678 5491 1820 5559 ejus,
1863 5506 1891 5544 a
1922 5495 2098 5559 genti-

516 5581 641 5650 bus,
672 5582 990 5650 quibuscum
1011 5581 1348 5646 versabatur,
1368 5579 1745 5652 distingueret.
1781 5584 1894 5636 lloc
1917 5592 2099 5637 autem

2206 5152 2552 5217 Κεφάλαιον
2575 5150 2688 5206 λδ’.
2725 5152 2866 5233 Περὶ
2899 5151 3010 5220 τῆς
3048 5151 3239 5233 αὐτῇς
3285 5155 3659 5226 περιτομῆς,
3689 5152 3793 5218 τοῦ

2787 5229 3212 5290 Δαμασκηνοῦ.
3847 5245 3853 5251 ·

2272 5296 2350 5368 ’Ἠ
2373 5317 2650 5386 περιτομὴ
2688 5315 2793 5386 πρὸ
2826 5315 2918 5369 τοῦ
2942 5318 3107 5385 νόμου
3141 5315 3298 5386 ἐδόθη
3365 5318 3453 5381 τῷ
3521 5316 3796 5388 Ἀϐραὰμ.

2205 5408 2345 5477 μετά
2405 5409 2503 5470 τὰς
2556 5408 2830 5475 εὐλογίας,
2902 5409 3042 5476 μετά
3093 5410 3191 5476 τὴν
3252 5410 3657 5478 ἐπαγγελίαν,
3705 5422 3798 5476 ση-

2213 5501 2369 5567 μεῖον
2423 5500 2846 5552 ἀποδιαστέλλον
2897 5500 3083 5566 αὑτὸν,
3157 5499 3252 5553 καὶ
3302 5502 3442 5562 τοὺς
3515 5503 3577 5567 ἐξ
3610 5497 3800 5563 αὐτοῦ,

2212 5592 2304 5643 καὶ
2362 5590 2489 5653 τοὺς
2549 5592 2714 5643 αἱ.τοῦ
2773 5594 3070 5659 οἰκογενεῖς
3125 5593 3187 5645 ἐκ
3244 5591 3359 5646 τῶν
3411 5592 3618 5661 ἐθνῶν,
3681 5588 3798 5666 μεθ’

594 5742 611 5774 ³
649 5741 806 5798 Rom.
864 5760 936 5812 tv,
1151 5749 1170 5780 ³
1202 5745 1338 5802 Gen.
1373 5763 1463 5816 xv,
1493 5748 1558 5814 6;
1591 5749 1748 5804 Rom.
1777 5764 1851 5816 tv,
1877 5747 1930 5804 '5.
2011 5748 2029 5780 ³
2066 5747 2179 5804 Gal.
2218 5767 2266 5817 v,
2303 5751 2360 5808 2.
2457 5751 2631 5806 ‘ibid.
2671 5751 2727 5806 ι.
