4120 6292
359 447 474 512 3θῦ

1319 449 1729 512 ῬΑΝΟΡΙᾹΔ
1768 451 2233 518 DOGMATICA.
2271 479 2336 493 -
2375 455 2522 519 ΤΙΤ.
2568 457 2674 518 ΙΧ.

3531 457 3640 523 306

355 556 438 618 ὧν
508 557 901 635 ἁνεστρεφὲτθ.
963 565 1072 618 Καὶ
1139 564 1348 636 δῆλον·
1415 567 1506 620 ὅτε
1574 567 1683 638 γὰρ
1760 571 1816 621 ὲν
1877 569 1945 639 τῇ

2056 584 2115 623 ex
2149 585 2215 624 eo
2248 573 2598 643 perstiicuum
2643 582 2749 638 est,
2783 573 2926 644 quod
2969 573 3326 644 quadraginta
3373 589 3638 629 annorum

359 656 560 726 ἐρήμῳ
606 656 1021 726 τεσσαράκοντα.
1087 655 1183 727 ἐτη
1247 657 1409 728 μόνος
1465 659 1494 710 ὁ
1557 659 1775 730 Ἰσραὴλ
1833 661 1952 713 καθ’

366 747 568 800 ἑαυτὸν
595 747 895 817 διέτριψεν,
927 748 990 801 οὐ
1016 765 1566 820 συναναμεμιγμενος
1591 751 1764 822 ἑτέρῳ
1789 752 1952 818 ἔθνει,

309 837 326 908 ³,
356 838 480 890 ὅσοι
517 839 574 890 ὲν
605 840 670 907 τῇ
714 838 905 908 ἐρήμῳ
947 839 1319 909 ἐγεννήθησαν
1355 842 1416 892 οὐ
1454 841 1910 911 περιετμήθησαν
1939 880 1954 905 ,

360 931 462 982 καὶ
483 930 676 997 γέγονε
703 929 955 1001 δεύτερος
979 931 1140 999 νόμος
1173 931 1500 1000 περιτομῆς.
1539 931 1662 984 Ἐπὶ
1699 932 1957 1002 Ἀὖραὰμ

360 1021 478 1089 γὰρ
539 1020 694 1090 ἐδόθη
759 1022 922 1092 νόμος
981 1022 1307 1093 περιτομῆς.
1370 1019 1502 1076 Εἶτα
1560 1024 1837 1077 ἐπαύσατο
1897 1026 1957 1078 ὲν

357 1117 431 1184 τῇ
463 1113 656 1183 ἐρήμῳ
686 1115 1100 1182 τεσσαρακόντα
1134 1113 1252 1183 ἐτη,
1283 1114 1380 1168 καὶ
1418 1115 1580 1168 πάλιν
1611 1117 1673 1170 ὲκ
1699 1117 1955 1188 δευτέρου

364 1205 640 1262 ἔδωκεν.ὁ
673 1205 804 1266 Θεὸς
842 1206 920 1273 τῷ
969 1205 1148 1277 Ἰησοῦ
1177 1206 1343 1275 νόμον
1375 1207 1684 1278 περιτομῆς
1730 1208 1871 1277 μετὰ
1897 1207 1958 1260 τὸ

360 1296 620 1364 διαϐῆναι
642 1297 731 1349 τὸν
778 1297 1074 1367 Ἰορδάνην,
1110 1296 1293 1362 καθὼς
1324 1300 1382 1352 ὲν
1415 1302 1480 1368 τῇ
1517 1300 1688 1372 βίϐλῳ
1716 1301 1810 1354 τοῦ
1850 1301 1956 1371 Ἰη-

365 1388 469 1444 σοῦ
527 1389 867 1460 γέγραπται.
932 1391 1170 1462 Σημεῗον
1233 1390 1327 1444 οὖν
1385 1392 1520 1446 οὖσα
1577 1393 1609 1463 ἠ
1666 1395 1957 1466 περιτομὴ,

364 1481 431 1534 οὗ
463 1482 724 1552 χρειῶδες
759 1482 918 1551 μέλος
941 1484 1237 1552 ἀποτέμνει
1262 1483 1354 1536 τοῦ
1388 1483 1663 1553 σώματος,
1697 1484 1832 1538 ἀλλὰ
1864 1505 1960 1539 πε-

368 1576 622 1646 ρίττωμα
663 1576 935 1646 ἄχρηστον
959 1593 972 1608 “
1025 1578 1169 1654 οὕτω
1201 1579 1288 1632 διὰ
1319 1579 1412 1632 τοῦ
1453 1579 1831 1650 βαπτίσματος
1860 1581 1958 1650 τὴν

363 1667 648 1737 ἁμαρτίαν
700 1670 1166 1740 περιτεμνόμεθα.
1218 1672 1280 1724 Ἡ
1320 1671 1375 1724 δὲ
1404 1673 1650 1743 ἁμαρτία
1682 1673 1852 1743 δῆλον,
1881 1675 1957 1738 ὡς

362 1761 696 1828 περίττωμα
715 1759 1010 1830 ἐπιθυμίας
1029 1761 1167 1825 ἐστὶ,
1186 1763 1280 1815 καὶ
1302 1763 1361 1815 οὗ
1381 1763 1648 1835 χρειώδης
1670 1765 1952 1835 ἐπιθυμία.

375 1850 673 1904 Ἀδύνατον
709 1851 817 1921 γάρ
851 1869 974 1904 τινα
1006 1853 1129 1922 μηδ’
1163 1853 1296 1912 ὅλως
1331 1855 1641 1924 ἐπιθυμεῖν,
1679 1855 1710 1927 ἦ
1746 1859 1956 1910 τέλειον

2061 663 2260 727 spatio,
2300 680 2408 732 quo
2434 663 2594 718 lsraél
2627 680 2810 720 secum
2853 665 2967 735 ipse
3010 665 3157 719 solus
3186 665 3318 718 vixit
3359 665 3412 718 in
3446 665 3641 721 solitu-

2066 753 2217 820 dine,
2241 769 2344 813 nec
2373 772 2494 810 cum
2527 757 2628 810 alia
2662 768 2818 827 gente
2846 757 3167 812 commistus
3195 767 3300 822 est,
3327 759 3642 828 quicunque

2060 845 2173 899 nati
2240 854 2386 912 sunt,
2453 864 2562 901 non
2610 849 2832 903 fuerunt
2874 849 3199 904 circumcisi.
3273 848 3640 912 Quamobrem

2060 935 2226 993 altera
2255 940 2337 994 lex
2361 939 2794 996 circumcisionis
2826 942 2926 996 lata
2959 952 3063 996 est.
3094 939 3226 994 Nam
3255 957 3375 996 eum
3403 940 3642 995 circum-

2061 1029 2275 1085 cidendi
2312 1032 2420 1095 lex,
2452 1047 2573 1102 qua:
2605 1032 2823 1088 vivente
2851 1035 3122 1087 Abraham
3157 1032 3336 1086 fuerat
3374 1033 3640 1094 instituta,

2059 1120 2412 1190 quadraginta
2455 1123 2610 1177 annis
2660 1123 2712 1175 in
2761 1123 3053 1176 solitudine
3101 1129 3390 1184 cessasset,
3443 1120 3640 1173 iterum

2060 1211 2161 1265 sub
2194 1211 2358 1266 Josue
2385 1214 2703 1271 conﬁrmata
2734 1224 2816 1269 est
2844 1231 2870 1268 a
2908 1214 3037 1278 Deo,
3073 1221 3424 1282 posteaquam
3451 1211 3643 1266 Jorda—

2060 1324 2183 1362 nem
2244 1308 2595 1377 trajet-erunt,
2653 1305 3113 1376 quemadmodum
3173 1302 3227 1356 in
3281 1302 3416 1357 libro
3476 1303 3640 1360 Josue

2061 1399 2328 1470 scriptum
2383 1406 2487 1451 est.
2536 1395 2983 1449 Circumcisionis
3027 1393 3191 1465 igitur
3243 1397 3479 1465 signum,
3533 1410 3642 1464 quo

2060 1491 2228 1546 lsrael
2259 1507 2288 1544 a
2322 1488 2546 1559 reliquis
2579 1489 2835 1558 gentibus
2866 1488 3327 1560 distinguebatur,
3353 1497 3470 1543 erat
3506 1487 3641 1557 bap-

2062 1582 2206 1638 tiSmi
2237 1590 2382 1635 nota.
2413 1578 2547 1633 Nam
2577 1589 2635 1632 ut
2663 1578 3019 1633 circumcisio
3055 1596 3161 1632 non
3190 1579 3494 1634 membrum
3521 1593 3641 1631 cor-

2060 1675 2210 1745 poris
2241 1673 2392 1739 utile,
2421 1671 2514 1727 sed
2556 1671 2768 1735 inutile,
2796 1680 2849 1724 et
2879 1686 3350 1740 supervacaneum
3381 1669 3640 1740 quiddam

2061 1773 2322 1833 amputat,
2359 1761 2436 1819 sic
2460 1779 2554 1835 per
2584 1762 2848 1832 baptisma
2883 1771 3161 1832 peceatum
3209 1762 3369 1815 nobis
3401 1760 3640 1815 cireum-

2060 1857 2280 1921 ciditur,
2309 1862 2364 1909 et
2391 1865 2721 1924 amputatur.
2753 1851 3041 1908 Peccatum
3074 1863 3252 1907 autem
3284 1868 3403 1907 esse
3427 1854 3644 1923 cupidi-

357 1943 632 2010 ἄγευστον
653 1943 846 2012 ἡδονῆς
871 1941 1032 1998 εἶναι.
1066 1944 1225 1998 Ἀλλὰ
1245 1946 1302 1998 τδ
1322 1946 1593 2017 ἄχρηστον
1615 1924 1714 2018 τῆς
1736 1949 1949 2021 ἡδονῆς,

2062 1955 2224 2003 tatem
2258 1947 2611 2019 superﬂuam,
2660 1957 2714 2002 et
2748 1961 2857 2000 non
2892 1945 3103 2012 utilem,
3138 1957 3232 2000 aut
3272 1945 3641 2000 necessariam

359 2036 486 2104 ἦτοι
527 2036 560 2106 ή
609 2036 884 2106 ἄχρηστος
927 2038 1191 2108 ἐπιθυμία
1235 2041 1329 2092 καὶ
1379 2042 1560 2111 ἡδονὴ,
1602 2042 1761 2095 τοῦτό
1807 2046 1954 2096 ἐστιν

361 2131 636 2200 ἁμαρτία,
659 2132 726 2201 ἣν
751 2135 1066 2201 περιτέμνει
1091 2134 1150 2184 τὸ
1181 2133 1338 2201 ἅγιον
1369 2133 1688 2205 βάπτισμα,
1717 2137 1954 2208 παρέχον

362 2223 502 2290 ἡμῖν
534 2224 763 2292 σημεῖον
797 2223 888 2275 τὸν
922 2225 1106 2294 τίμιον
1145 2225 1510 2294 σταυρὸν-επὶ
1544 2226 1634 2278 τοῦ
1671 2229 1948 2297 μετώπου,

362 2315 470 2367 οὐκ
499 2315 555 2380 ἐξ
581 2315 748 2368 ἐθνῶν
773 2316 1034 2386 ἀφορίζον
1063 2318 1234 2387 ἡμᾶς,
1268 2319 1444 2372 πάντα
1475 2320 1585 2390 γὰρ
1607 2322 1678 2373 τὰ
1703 2320 1830 2389 ἔθνη
1856 2321 1950 2375 τοῦ

368 2407 746 2478 βαπτίσματος
791 2410 980 2481 ἔτυχον
1004 2451 1017 2473 ,
1067 2413 1161 2465 καὶ
1219 2411 1296 2482 τῷ
1334 2414 1545 2482 σημείίρ
1584 2413 1678 2466 τοῦ
1719 2412 1951 2484 σταυροῦ

365 2502 836 2573 ἑσφραγίσθησαν,
880 2504 994 2558 ἀλλ’
1033 2505 1091 2556 ὲν
1134 2505 1352 2572 ἑκάστῳ
1429 2504 1573 2558 ἔθνει
1619 2505 1712 2558 τὸν
1762 2507 1952 2558 πιστὸν

364 2593 678 2647 διαστέλλειν
730 2595 840 2648 ἀπὸ
880 2595 977 2648 τοῦ
1027 2597 1283 2650 ἀπίστου.
1324 2595 1435 2666 Τῆς
1474 2597 1653 2648 τοίνυν
1694 2597 1953 2667 ἀληθείας

359 2685 755 2754 ἐκφανθείσης,
797 2686 1056 2756 ἀνόνητος
1097 2690 1124 2741 ὁ
1164 2689 1335 2752 τύπος
1372 2689 1466 2742 καὶ
1508 2691 1540 2758 ἡ
1589 2691 1738 2744 σκιά.
1789 2690 1953 2744 Ὥστε

356 2779 624 2846 περιττὸν
671 2778 768 2831 νῦν
812 2779 874 2833 τὸ
913 2779 1368 2851 περιτέμνεσθαι,
1422 2783 1517 2835 καὶ
1568 2782 1812 2835 ἐναντίον
1859 2783 1952 2836 τοῦ

358 2869 530 2936 ἁγίου
566 2869 966 2939 βαπτίσματος.
999 2871 1058 2924 Ὃ
1080 2870 1188 2940 γὰρ
1209 2891 1302 2940 περ
1319 2873 1671 2942 ιτεμνᾶμενος
1692 2877 1956 2944 χρεωστεί

355 2958 494 3012 ὅλον
541 2959 636 3012 τδν
672 2961 838 3027 νόμον
871 2961 1182 3031 πληρῶσαι.
1230 2963 1293 3019 Ὀ
1325 2964 1379 3016 δὲ
1419 2964 1646 3036 Κύρνος,
1681 2966 1766 3018 ἵνα
1819 2967 1955 3036 πλη-

365 3051 534 3124 ρώσῃ
567 3054 660 3106 τὸν
689 3051 874 3122 νόμον,
911 3055 1285 3125 περιετμήθη,
1318 3054 1414 3108 καὶ
1453 3057 1632 3110 πάντα
1668 3057 1722 3109 δὲ
1750 3056 1840 3110 τὸν
1862 3058 1950 3110 νό-

357 3161 503 3214 μον,
537 3145 633 3198 καὶ
666 3144 726 3197 τὸ
761 3144 1039 3199 Σάϐϐατον
1066 3147 1336 3217 ἐτήρησεν
1360 3187 1374 3210 ,
1404 3148 1490 3200 ἴνα
1519 3147 1784 3220 πληρώσῃ
1808 3192 1822 3214 ,
1857 3150 1952 3204 καὶ

355 3237 549 3306 στήσῃ
597 3236 688 3289 τὸν
738 3239 924 3309 νόμον.
985 3239 1107 3308 ⁹Λφ’
1158 3232 1218 3292 οὗ
1261 3239 1316 3292 δὲ
1373 3240 1697 3309 ἐϐαπτίσθη,
1749 3244 1842 3295 καὶ
1892 3243 1953 3295 τὸ

355 3325 599 3396 Πνεῦμα
621 3328 682 3380 τὸ
709 3327 864 3396 ἅγιον
891 3331 1002 3392 τοῖς
1027 3329 1337 3395 ἀνθρώποις
1360 3329 1711 3400 ὲνεφανίσθη,
1739 3332 1797 3385 ἑν
1818 3335 1948 3390 είόει

351 3421 700 3489 περιστερᾶς
729 3420 1057 3474 καταὸαῖνον
1094 3419 1181 3472 ἐπ’
1204 3421 1387 3484 αὐτὶν,
1419 3420 1605 3473 ἔκτοτε
1641 3423 1672 3490 ἠ
1705 3439 1954 3492 πνευμαο

352 3513 497 3576 τικὴ
529 3511 777 3583 λατρεία,
809 3515 904 3567 καὶ
935 3514 1200 3580 πολιτεία,
1238 3515 1331 3568 καὶ
1366 3517 1395 3585 ἡ
1431 3515 1539 3567 τῶν
1572 3515 1818 3586 οὐρανῶν
1853 3519 1954 3590 βαε-

355 3605 548 3661 σιλεία
579 3607 942 3678 κεκήρυκται.

931 3806 1008 3876 (7)
1039 3807 1284 3861 ΤΙΤΛΟΣ
1310 3808 1385 3862 ε.

351 3899 533 3956 Κατὰ
557 3900 822 3968 Σίμωνος
853 3900 958 3971 τοῦ
988 3900 1322 3971 Σαμαρέως.
1352 3902 1447 3953 καί
1476 3904 1824 3971 Μαρκίωνος
1844 3903 1951 3956 τοῦ

439 3971 755 4033 Ποντικοῦ,
791 3970 889 4023 καὶ
928 3971 1029 4024 τοῦ
1062 3969 1297 4039 Πέρσου
1340 3969 1668 4037 Μιίνεντήος,
1701 3975 1800 4026 καί
1835 3971 1954 4026 τῶν

437 4043 814 4110 Μανιχαιων,
845 4041 954 4095 τοῦ
974 4042 1242 4110 μεγάλου
1289 4041 1668 4096 Ἀθανασίου.

434 4133 600 4195 Τινὲς
617 4134 938 4198 ἐκπεσόντες
957 4133 1054 4204 τῆς
1103 4134 1560 4205 ὲκκλησιαστικῆ;
1584 4135 1948 4201 διδασκαλίας,

352 4225 466 4279 καὶ
497 4224 629 4294 περὶ
671 4225 769 4295 τὴν
814 4225 1002 4279 πίστιν
1048 4227 1483 4296 ναυαγήσαντες,
1532 4229 1826 4281 ὑπόστασιν
1857 4228 1950 4282 τοῦ

356 4315 548 4371 κακοῦ
578 4315 1027 4387 παραφρονοῦσιν
1053 4312 1214 4372 sim.
1255 4319 1796 4385 ⁹Αντιπλςίιττονταιδὲ
1829 4322 1953 4375 ἑαυ-

354 4410 484 4470 τοῖς
533 4409 685 4479 παρὰ
724 4409 814 4461 τὸν
859 4408 1118 4479 ἀληθινὸν
1146 4410 1240 4464 τοῦ
1271 4413 1511 4480 Χριστοῦ
1560 4413 1780 4482 Πατέρα
1816 4414 1952 4468 Θεὸν

355 4503 457 4554 ἓτε
469 4517 582 4571 ρον,
612 4503 707 4554 καὶ
727 4495 914 4556 τοῦτον
935 4503 1251 4574 ἀγέννητον,
1269 4504 1363 4557 τοῦ
1391 4505 1560 4559 κακοῦ
1583 4508 1830 4578 ποιητὴν,
1855 4509 1949 4562 καὶ

2057 2038 2413 2093 manifestum
2456 2045 2560 2092 est.
2617 2035 2774 2104 Nam,
2811 2047 2870 2094 ut
2903 2038 3042 2092 nihil
3074 2037 3297 2091 omnino
3332 2039 3640 2108 cupiamus.

2053 2141 2149 2185 aut
2193 2130 2341 2186 omni
2389 2129 2682 2199 voluptatis
2729 2138 2889 2201 gustu
2921 2145 3224 2198 careamus,
3263 2131 3317 2186 id
3361 2148 3488 2186 vero
3526 2132 3642 2186 ﬁeri

2055 2240 2164 2278 non
2198 2233 2394 2294 potest.
2432 2221 2611 2287 Quare
2648 2221 2896 2288 voluptas
2928 2222 3155 2286 inutilis,
3184 2237 3277 2275 seu
3321 2222 3556 2287 inutilis,
3582 2231 3641 2276 et.

2054 2331 2165 2368 non
2202 2313 2513 2367 necessaria
2548 2310 2817 2380 cupiditas
2849 2319 2902 2364 ct
2940 2310 3190 2379 voluptas
3223 2321 3505 2377 peccatum
3535 2321 3640 2376 est,

2055 2405 2198 2476 quod
2239 2412 2486 2473 amputat
2517 2410 2763 2456 sanctum
2801 2400 3086 2470 baptisma,
3124 2402 3282 2456 nobis
3315 2402 3640 2470 imprimens

2056 2495 2416 2550 honoriﬁcum
2453 2493 2628 2548 crucis
2655 2493 2870 2564 signum
2908 2493 2960 2545 in
2992 2491 3168 2547 fronte
3196 2509 3211 2549 :
3243 2508 3349 2546 non
3383 2509 3642 2562 scparans

2055 2604 2157 2642 nos
2202 2587 2268 2640 ab
2299 2586 2419 2640 aliis
2461 2585 2734 2656 gentibus,
2771 2599 2893 2638 cum
2927 2599 3119 2638 omnes
3149 2592 3337 2653 gentes
3368 2583 3641 2653 baptisma

2056 2680 2164 2733 sint
2191 2686 2472 2742 assecuta},
2494 2687 2546 2731 et
2565 2677 2719 2746 signo
2751 2675 2927 2729 crucis
2955 2675 3270 2746 obsignatae,
3299 2675 3394 2730 sed
3424 2675 3475 2729 in
3508 2692 3642 2731 una-

2055 2785 2270 2841 quaque
2296 2779 2458 2839 gente
2492 2770 2840 2840 distinguens
2881 2768 3093 2822 ﬁdelem
3121 2768 3188 2822 ab
3223 2767 3450 2823 inﬁdeli.
3488 2768 3642 2824 Veii-

2057 2873 2164 2918 tate
2201 2863 2362 2936 igitur
2390 2863 2658 2934 patefacta
2686 2865 2920 2934 signum,
2954 2869 3010 2915 et
3032 2869 3184 2927 nota,
3214 2870 3266 2916 et
3295 2862 3482 2916 umbra
3510 2873 3642 2918 sunt

2056 2955 2292 3009 inutilia.
2327 2955 2514 3024 Itaque
2555 2952 2872 3008 circumcidi
2915 2965 3382 3021 supervacaneum
3429 2963 3530 3018 est,
3581 2965 3640 3010 et

2055 3057 2245 3102 sancto
2289 3047 2599 3117 baptismati
2644 3047 2987 3100 adversatur.
3034 3043 3172 3097 Nam
3219 3043 3308 3112 qui
3353 3043 3641 3102 circumci-

2055 3139 2222 3204 ditur,
2294 3147 2461 3193 totatu
2512 3138 2683 3207 legem
2735 3147 2952 3191 tenetur
2997 3137 3313 3194 observare.
3375 3133 3640 3193 Dominus

2056 3240 2235 3284 autem
2285 3229 2642 3285 circumcisus
2675 3240 2778 3293 est,
2813 3243 2867 3287 et
2900 3241 3064 3286 totam
3093 3229 3295 3301 legem,
3327 3241 3382 3286 et
3427 3221 3640 3285 Subba-

2058 3333 2169 3378 tum
2212 3325 2545 3388 observavit,
2600 3335 2658 3378 ut
2705 3311 2875 3396 legem
2923 3323 3193 3403 impleret,
3256 3323 3416 3403 eique
3473 3322 3637 3376 ﬁnem

2057 3419 2381 3486 imponeret.
2414 3418 2487 3472 Ex
2520 3434 2627 3488 quo
2655 3418 2804 3472 enim
2849 3401 3158 3487 baptizatus
3185 3401 3286 3480 est,
3316 3424 3371 3469 et
3406 3407 3640 3485 Spiritus

2055 3521 2274 3565 sanctus
2318 3527 2482 3580 super
2518 3527 2640 3564 eum
2673 3511 2726 3564 in
2759 3511 3028 3564 columbae
3071 3509 3252 3578 specie
3298 3506 3640 3565 descendens

2058 3603 2371 3658 lu‘uninibus
2421 3604 2694 3672 apparuit,
2743 3604 3004 3673 spiritalis
3030 3603 3254 3667 'cnltns,
3295 3617 3351 3660 et
3391 3603 3527 3658 ratio
3557 3601 3639 3656 vi-

2059 3695 2243 3761 vendi,
2277 3705 2332 3748 et
2361 3711 2584 3764 regnum
2616 3696 2881 3748 coalorum
2906 3698 3071 3764 coepit
3099 3696 3454 3768 promulgari.

2643 3809 2946 3868 TITULUS
2992 3812 3078 3865 lx.

2055 3902 2313 3953 Adversus
2341 3897 2602 3952 Simonem
2630 3900 3052 3958 Samuriensem.
3079 3913 3124 3953 et
3145 3902 3460 3955 Marcionem
3492 3901 3638 3956 Pon-

2124 3971 2316 4092 Aiclitnt,
2349 3979 2402 4048 ει.
2425 3967 2686 4021 Manetem
2725 3972 2965 4034 Persam,
3003 3979 3051 4022 ct
3078 3970 3414 4036 Mauichwos,
3450 3974 3631 4042 magni

2173 4049 2423 4091 (mnam.

2173 4049 2402 4091 thanasu
2418 4081 2423 4088 .

2120 4129 2352 4195 Quidam
2378 4129 2446 4182 ab
2472 4128 2840 4183 ecclesiastica
2867 4128 3114 4184 doctrina
3139 4130 3451 4186 deﬁeientes
3473 4132 3641 4189 facto-

2054 4238 2160 4294 que
2191 4222 2246 4276 in
2281 4221 2386 4276 ﬁde
2429 4220 2708 4291 naufragio
2742 4219 2868 4274 mali
2903 4230 3153 4275 naturam
3197 4237 3295 4292 per
3337 4238 3396 4278 se
3426 4225 3636 4281 subsis-

2055 4323 2262 4368 tentem
2311 4313 2827 4367 comminiscuntur.
2884 4315 2947 4366 Et
2978 4323 3174 4383 praeter
3214 4327 3402 4370 verum
3434 4316 3636 4374 Christi

2053 4406 2288 4471 Patrem,
2307 4406 2535 4460 alterum
2559 4405 2656 4459 sibi
2685 4405 2874 4470 Deum,
2893 4422 3126 4476 eumque.
3154 4408 3283 4462 item
3311 4409 3634 4480 ingenitum,

2053 4510 2108 4555 et
2137 4499 2265 4554 mali
2307 4498 2644 4562 ell'ectorem,
2691 4513 2754 4552 ac
2790 4499 3015 4553 malitiae
3050 4501 3375 4570 principem,
3416 4513 3471 4558 et
3501 4519 3634 4559 auc-

352 4593 467 4660 τῆς
499 4592 702 4656 κακίας
732 4595 976 4664 ἀρχηγὸν
998 4636 1010 4660 ,
1047 4595 1138 4648 τὸν
1167 4597 1260 4650 καὶ
1295 4597 1392 4665 τῆς
1424 4597 1657 4661 κτίσεως
1684 4599 1948 4672 δημιουρε⁵

2057 4601 2227 4646 torem
2257 4588 2444 4643 mundi
2472 4588 2810 4659 conﬁngunt.
2835 4587 2950 4644 Hos
2978 4600 3088 4643 tum
3121 4606 3184 4646 ex
3213 4593 3412 4648 divinis
3445 4594 3636 4662 Scrip—

355 4684 485 4752 γόν.
515 4681 750 4746 Τούτους
779 4685 832 4738 δὲ
864 4686 1108 4756 εὐχερῶς
1135 4687 1200 4740 ἄν
1229 4704 1315 4748 τις
1349 4687 1622 4756 ἐλέγξειεν
1653 4690 1717 4743 ἐκ
1748 4709 1806 4743 τε
1837 4692 1946 4745 τῶν

359 4775 530 4829 θείων
557 4774 794 4845 Γραφῶν
815 4817 829 4841 ,
859 4777 954 4830 καὶ
995 4778 1054 4844 ἐξ
1080 4779 1251 4848 αὐτῆς
1281 4781 1376 4848 τῆς
1401 4782 1458 4832 έν
1489 4781 1799 4851 ἀνθρώποις
1828 4772 1947 4837 δια-

357 4870 552 4934 νοίας,
586 4869 678 4938 ἀφ’
707 4867 774 4942 ἦς
803 4872 900 4925 καὶ
931 4871 1106 4924 ταῦτα
1141 4873 1593 4942 ἀνα-πλασάμενοι
1636 4876 1942 4944 μαίνονται.

374 4967 440 5020 '0
472 4967 572 5036 μὲν
593 4963 686 5020 οὗν
713 4953 1040 5036 Κύριοςκαὶ
1070 4968 1259 5038 Σωτὴρ
1288 4967 1443 5038 ἡμῶν
1480 4968 1686 5037 Ἰησοῦς
1711 4971 1946 5040 Χριστὲς

357 5061 423 5112 ὲν
457 5061 572 5122 τοῖς
601 5060 955 5128 Εὑαγγελίοις
987 5061 1121 5131 φησι
1147 5098 1162 5122 ,
1197 5060 1432 5131 βεϐαιῶν
1471 5063 1539 5112 τὰ
1567 5061 1812 5125 Μωσέως
1844 5063 1943 5132 ῥή-

362 5169 516 5221 ματα
537 5167 551 5181 ·
585 5153 798 5220 Κύριος
839 5155 870 5206 ό
902 5153 1045 5218 Θεός
1078 5168 1217 5218 σου,
1243 5153 1458 5220 Κύριος
1479 5148 1564 5218 εἷς
1596 5152 1725 5206 ἐστι
1748 5168 1760 5181 ·
1799 5151 1894 5207 καί
1923 5171 1936 5185 ο

441 5295 456 5325 ²
482 5295 642 5348 Deut.
681 5312 753 5360 Vl,
787 5295 820 5349 4
849 5311 864 5360 ;
896 5294 1062 5351 Marc.
1107 5312 1203 5362 xu,
1233 5295 1324 5351 29.

441 5407 519 5478 ('7)
556 5409 693 5463 Ante
718 5409 936 5464 titulum
962 5425 1166 5463 nonum
1197 5410 1249 5462 in
1270 5409 1393 5466 cod.
1415 5409 1722 5477 Mosquensr
1741 5415 1945 5479 \cgttur

365 5481 475 5534 hoc
504 5479 774 5533 scholium
807 5481 995 5541 εΤινὲς
1025 5480 1252 5551 μὲν-τῶν
1272 5481 1652 5534 παλαιοτάτων
1681 5481 1946 5551 αἱρέσεων

361 5553 469 5615 τὴν
505 5552 637 5619 μίαν
655 5552 1049 5620 ,ἀρνησάμενοι
1080 5549 1185 5620 τῶν
1214 5551 1352 5602 ὅλων
1386 5553 1580 5620 ἀρχὴν,
1613 5549 1785 5618 ἀρχᾶς
1829 5552 1944 5603 έτέο

370 5636 471 5691 ρας
504 5619 799 5691 διαφόρους
839 5619 1100 5691 ὑπέθεντο
1123 5660 1136 5681 ,
1167 5619 1395 5691 δοιέήσαι
1427 5619 1488 5671 τε
1519 5619 1943 5691 ἐνανθρωπῆσαι

363 5683 464 5760 τον
511 5683 744 5760 Χριστὸν
776 5689 1142 5757 ὲδογμάτισαν
1163 5729 1177 5751 ,
1223 5683 1300 5741 ὧν
1328 5691 1426 5759 τῆς
1459 5683 1712 5755 ἁσεΰείσξ
1741 5683 1946 5760 ἡρεατο

372 5758 474 5830 μὲν
512 5759 696 5830 Σίμων
747 5761 774 5810 ὁ
809 5762 996 5826 Μάγος
1022 5775 1038 5790 ·
1078 5760 1320 5830 ἔσχατος
1349 5758 1406 5812 δὲ
1453 5762 1691 5830 προέστη
1744 5758 1950 5827 ταύτης

369 5827 561 5900 Xylin};
579 5828 607 5879 ὁ
635 5829 881 5900 Πέρσης,
899 5833 927 5881 ὁ
956 5830 1062 5882 τῶν
1084 5827 1401 5898 Μανιχαίων
1424 5827 1763 5900 καθηγητής.
1794 5831 1950 5894 Τινὲς

370 5897 430 5947 δὲ
469 5897 728 5954 τάναντία
764 5897 965 5971 μᾶλλον
996 5897 1412 5973 ἐπρέσϐευσαν,
1462 5897 1591 5970 μίαν
1628 5897 1726 5972 μὲν
1772 5901 1948 5972 ἀρχὴν

2054 4681 2210 4746 turis,
2236 4687 2350 4734 tum
2375 4695 2439 4734 ex
2468 4694 2553 4745 ea,
2577 4695 2697 4748 qum
2722 4679 2781 4733 in
2803 4679 3252 4745 ltomittibus'est,
3279 4682 3631 4751 cogitatione,

2054 4789 2161 4843 qua
2214 4773 2319 4842 ipsi
2363 4773 2479 4828 tunc
2513 4768 2898 4842 contingentes
2948 4771 3249 4850 insaniunt,
3301 4772 3455 4827 facile
3505 4787 3636 4843 pos-

2051 4880 2244 4923 sumus
2301 4878 2629 4935 coarguere,
2678 4873 2735 4918 et
2783 4864 3091 4922 confutare.
3159 4867 3419 4920 Dominus
3473 4867 3636 4936 igitur

2051 4973 2239 5018 noster
2277 4960 2436 5017 Jesus
2492 4961 2742 5016 Christus
2783 4962 2836 5017 in
2886 4962 3194 5032 Evangeliis
3242 4963 3412 5018 verba
3469 4959 3631 5016 Hosis

2048 5057 2420 5110 conﬁrmans:
2455 5056 2722 5117 Dominus,
2769 5054 2964 5123 inquit,
3018 5055 3152 5108 Deus
3203 5064 3323 5108 tuus
3374 5053 3632 5108 Dominus

2053 5165 2186 5206 unus
2215 5158 2287 5203 est
2313 5150 2353 5201 '.
2384 5150 2466 5210 Et,
2495 5147 2778 5216 Conﬁteor,
2808 5147 3004 5216 inquit,
3037 5148 3152 5213 tibi,
3196 5147 3380 5213 Pater,
3409 5146 3632 5200 Domine

2054 5409 2164 5462 τῶν
2223 5407 2361 5460 ὅλων
2413 5405 2831 5474 ὁμοίογοῦνῖες,
2886 5405 3044 5474 ψιλὸν
3091 5408 3147 5460 δὲ
3201 5406 3490 5474 ἄνθρωπον
3541 5405 3634 5458 τὸν

2054 5479 2291 5549 Χριστὸν
2320 5469 2793 5549 κηριξττοντες,ῶν
2822 5469 2922 5542 τῆς
2947 5477 3154 5549 λύσσης
3175 5469 3370 5549 Ἕξεων
3407 5473 3636 5549 μὲνάρ-

2057 5545 2222 5619 χηγὸς
2253 5545 2591 5619 ἐχρημάτισε
2621 5561 2634 5574 ·
2666 5548 2970 5619 τελευταῖοι
2997 5548 3054 5619 οὲ
3085 5545 3393 5619 διὸᾀσξ-αλοι
3426 5545 3632 5619 ταύτης

2054 5613 2766 5687 γεγόνασιΜὰρκελλος-καὶ
2785 5617 3067 5687 φωτεινός.
3097 5615 3211 5682 Χρὴ
3237 5613 3289 5687 δὲ
3317 5613 3631 5687 γινώσκειν,

2056 5684 2388 5750 ῶςέκαστος
2410 5687 2518 5738 τῶν
2544 5685 2686 5737 κατὰ
2708 5685 2959 5752 διαδοχὰς
2983 5686 3400 5752 προϊσταμένων
3428 5684 3633 5754 ηὔξησε

2058 5759 2156 5826 τὴν
2183 5757 2420 5826 αἵρεσιν,
2455 5757 2835 5826 προσεπινοῶν
2868 5755 3188 5826 καινοτέρας
3223 5755 3498 5826 ἀσεὸείας,
3535 5757 3631 5806 καὶ

2059 5823 2126 5881 τὰ
2157 5823 2260 5894 μὲν
2286 5823 2575 5895 ἐπλάτυνε,
2607 5823 2675 5876 τὰ
2699 5825 2756 5878 δὲ
2793 5823 3088 5896 ὑπήλλαξε,
3130 5827 3247 5890 τινὰ
3275 5825 3328 5878 δὲ
3364 5828 3454 5880 καὶ
3482 5839 3629 5897 παρ-

2059 5915 2122 5971 ῃτ
2133 5915 2321 5968 ησατο.
