4120 6292
529 400 635 462 307

1768 408 2157 471 EUTHYMII
2200 408 2559 477 ZIGABENI

3690 421 3795 484 308

530 514 645 567 mali
695 524 745 569 et
776 524 932 573 term
964 517 1005 570 ¹.
1055 516 1187 583 Οιιτο
1247 532 1370 571 cum
1418 516 1491 572 ita
1528 518 1658 582 sint,
1700 523 1976 590 quomodo
2016 522 2117 575 erit

2236 525 2747 597 Ἐξομολογοῦμαί
2788 542 2910 591 σοι,
2942 530 3130 596 Πάτερ
3171 530 3344 597 Κύριε
3385 528 3493 582 τοῦ
3537 529 3795 596 οὐρανοῦ

530 608 670 660 alter
694 619 893 677 pra-ter
924 608 1070 662 hunc
1097 609 1278 664 Deus?
1307 610 1412 664 Aut
1446 611 1666 664 ubinam
1692 613 1796 667 erit
1828 627 2115 666 commcn-

534 700 688 753 titius
719 700 946 755 istorum
988 702 1151 765 Deus,
1186 716 1308 756 cum
1351 705 1498 759 solus
1543 703 1651 768 hic,
1682 712 1736 756 et
1769 719 1933 757 verus
1972 702 2114 757 Deus

532 802 731 845 cuncta
780 794 901 849 caali
972 804 1239 862 terraeque
1287 796 1572 865 complexu
1623 795 1899 864 compleat
1948 794 2118 847 lAut

532 885 806 950 quomodo
844 885 914 938 sit
947 899 1133 941 earum
1169 901 1349 939 rerum
1384 887 1699 950 fabricator,
1735 902 1964 955 quarum
2002 887 2117 955 ipse

531 975 675 1029 Deus
699 985 753 1028 et
776 975 937 1029 l'ater
958 976 1160 1031 Christi
1186 978 1448 1032 Dominus
1477 989 1581 1042 est,
1608 990 1665 1033 ut
1691 993 1786 1033 ore
1819 993 1918 1033 suo
1955 976 2116 1032 Chri-

530 1076 650 1121 stus
692 1076 924 1123 testatur
952 1071 975 1122 τ
1008 1068 1118 1125 Nisi
1144 1086 1265 1140 qua:
1312 1071 1402 1125 Dei
1448 1071 1574 1126 boni
1622 1080 1769 1135 sunt,
1817 1086 2007 1126 eorum
2051 1085 2115 1124 ex

530 1174 688 1229 aequo
721 1168 775 1214 et
809 1160 1012 1215 malum
1043 1178 1163 1217 esse
1196 1178 1357 1232 posse
1386 1164 1671 1219 dominum
1706 1164 1933 1219 dicant?
1962 1162 2115 1229 Quod

530 1251 573 1305 si
608 1251 865 1316 dixerint,
898 1254 1143 1318 attende,
1171 1254 1226 1307 in
1264 1263 1522 1324 quantam
1561 1255 1903 1325 impietatem
1935 1255 2119 1310 incur-

534 1353 677 1400 rent.
726 1345 783 1401 In
828 1346 895 1403 iis
930 1347 1099 1412 enim,
1135 1363 1367 1417 quorum
1400 1363 1551 1418 aequa
1582 1357 1826 1418 potestas
1855 1355 1959 1413 est,
1997 1358 2120 1402 uter

534 1437 882 1504 praestantior
926 1438 1017 1501 sit,
1063 1439 1292 1508 reperiri
1331 1455 1438 1494 non
1481 1449 1680 1511 potest.
1733 1441 1869 1496 Nam
1909 1441 1953 1497 si
2009 1455 2120 1495 uno

535 1528 707 1582 invito
735 1528 873 1583 alter
932 1538 1035 1593 est,
1065 1528 1290 1600 aequalis
1324 1540 1378 1587 et
1411 1547 1509 1601 par
1538 1543 1624 1587 est
1678 1533 1968 1602 utriusque
2004 1541 2118 1587 tum

535 1619 640 1685 vis,
670 1630 786 1676 tum
817 1621 1185 1679 imbecillitas.
1215 1623 1462 1694 .‘Equalis
1483 1625 1628 1680 enim
1655 1625 1739 1680 vis
1767 1641 1830 1681 ex
1859 1641 1926 1680 eo
1989 1640 2120 1695 per—

530 1709 720 1783 cpit-ua
762 1720 868 1783 est,
895 1712 1040 1781 quod
1072 1728 1131 1768 se
1161 1714 1398 1769 vicissim
1428 1724 1713 1784 superant,
1736 1731 1861 1769 cum
1903 1714 2122 1769 nolente

530 1802 706 1858 altero
735 1813 966 1873 uterque
989 1814 1105 1872 est;
1140 1820 1239 1875 par
1264 1816 1446 1860 autem
1477 1806 1823 1861 imbecillitas
1852 1807 1978 1861 inde
2004 1806 2119 1860 colo

2221 618 2319 671 καὶ
2345 617 2456 685 τῆς
2484 617 2615 687 γῆς.
2645 620 2705 671 Εἰ
2733 620 2787 672 δὲ
2818 614 2897 681 εἷς
2922 622 3067 673 ἐστιν
3098 624 3126 674 ὁ
3148 621 3306 683 Θεὸς,
3331 622 3426 673 καὶ
3455 616 3610 683 οὗτος
3634 622 3800 692 οὐρι-

2223 710 2315 763 νοῦ
2362 713 2458 764 καὶ
2504 711 2607 780 γῆς
2640 711 2864 781 Κύριος,
2909 713 3027 775 πῶς
3063 712 3221 775 ἄλλος
3254 713 3319 766 ἂν
3356 715 3440 781 εῑη
3480 713 3613 775 Θεὸς
3650 715 3798 783 παρά

2221 800 2443 867 τοῦτον;
2492 802 2600 855 Ποῦ
2645 804 2700 855 δὲ
2748 806 2843 856 καὶ
2868 804 3024 857 ἔσται
3062 806 3089 856 ὁ
3134 804 3259 856 κατ’
3297 806 3497 867 αὐτοὺς
3534 804 3688 871 Θεὸς,
3733 807 3802 858 τὰ

2224 889 2405 943 πάντα
2434 890 2528 942 τοῦ
2561 892 2723 960 μόνου
2754 893 2849 945 καὶ
2876 893 3133 962 ἀληθινοῦ
3161 893 3501 962 πληροῦντας
3529 896 3673 948 κατὰ
3701 896 3804 955 τὴν

2223 979 2317 1032 τοῦ
2339 980 2571 1050 ούρανοῦ
2597 982 2690 1034 καὶ
2707 982 2810 1049 γῆς
2837 982 3132 1053 περίληψιν
3164 1000 3177 1047 ;
3206 982 3328 1045 Πῶς
3354 983 3411 1035 δὲ
3439 985 3533 1036 καὶ
3557 984 3717 1046 ἀλλος
3737 984 3806 1037 ἂν

2224 1068 2313 1139 εἴη
2339 1070 2588 1140 ποιητὴς,
2607 1066 2683 1124 ὧν
2716 1072 2877 1134 αὐτὸς
2900 1075 2927 1124 ὁ
2950 1071 3081 1133 Θεὸς
3107 1073 3200 1125 καὶ
3222 1073 3412 1143 Πατὴρ
3439 1072 3533 1125 τοῦ
3561 1074 3808 1142 Χριστοῦ

2226 1163 2343 1214 ἐστι
2383 1160 2603 1230 Κύριος,
2639 1163 2782 1214 κατά
2812 1163 2911 1231 τὴν
2938 1162 3035 1215 τοῦ
3073 1162 3326 1234 Σωτῆρος
3359 1164 3587 1231 φωνήν;
3630 1163 3693 1216 El
3733 1164 3812 1233 μὴ

2224 1254 2333 1319 ἄρα
2363 1247 2497 1307 ὦσιν
2546 1257 2603 1307 έν
2645 1255 2967 1327 ίσοστασίῳ,
3000 1256 3097 1310 καὶ
3134 1255 3243 1309 τῶν
3300 1256 3392 1309 τοῦ
3424 1254 3637 1324 ἀγαθοῦ
3667 1256 3812 1309 Θεοῦ

2225 1345 2318 1397 τὸν
2347 1344 2552 1414 φαῦλον
2574 1346 2835 1400 δύνασθαι
2865 1347 3120 1415 γενέσθαι
3152 1350 3358 1418 Κύριον
3390 1350 3621 1403 εἴποιεν.
3665 1349 3812 1401 Ἀλλ’

2228 1437 2324 1490 ἐὰν
2353 1436 2512 1490 τοῦτο
2543 1438 2798 1504 λέγωσιν,
2823 1440 2925 1509 ὅρα
2948 1442 3028 1503 είς
3056 1440 3189 1511 ὅσην
3219 1440 3477 1494 ἀσέὸειαν
3505 1442 3813 1496 ἐκπίπτον-
3870 1437 3887 1451 ⁸

2233 1547 2338 1584 σιν.
2381 1531 2467 1585 Ἑν
2496 1532 2607 1603 γὰρ
2634 1535 2745 1596 τοῖς
2765 1532 2833 1586 τὰ
2864 1532 2954 1586 ῖσα
2978 1533 3300 1600 δυναμένοις
3326 1532 3390 1585 τὸ
3419 1533 3691 1604 ὑπερέχον
3711 1533 3811 1589 καὶ

2228 1622 2475 1691 κρεῖττον
2523 1623 2623 1676 οὐκ
2656 1622 2722 1677 ἂν
2767 1624 3040 1697 εὑρεθείη.
3074 1624 3182 1679 Καὶ
3212 1624 3320 1696 γὰρ
3352 1626 3402 1679 εί
3441 1625 3517 1696 μὴ
3562 1625 3813 1690 θέλοντος

2228 1713 2321 1767 τοῦ
2357 1714 2546 1784 ἐτέρου
2584 1715 2641 1767 τὸ
2679 1715 2865 1791 ἕτερρν
2902 1717 3073 1777 ἐστιν,
3106 1716 3196 1786 ίση
3227 1717 3553 1787 ἀμφοτέρων
3582 1718 3616 1787 ἡ
3645 1712 3812 1771 δύνα-

2232 1823 2346 1874 μις,
2381 1806 2475 1858 καὶ
2504 1806 2759 1859 ἀσθένειά
2794 1807 2941 1859 ἐστιν
2966 1821 2983 1839 ·
3016 1806 3105 1876 ῐση
3136 1807 3235 1876 μὲν
3272 1808 3306 1878 ή
3331 1806 3585 1876 δύναμις,
3609 1807 3696 1861 ὅτι
3725 1826 3812 1861 νι-

531 1893 740 1963 ligitur.
773 1896 917 1966 quod
950 1912 1036 1951 res
1066 1909 1264 1966 prater
1286 1898 1573 1967 utriusque
1607 1899 1935 1953 sententiam
1964 1899 2111 1952 acci-

2230 1898 2387 1950 ιῶσιν
2439 1897 2685 1967 ἀλλήλων
2734 1900 2833 1968 τὴν
2877 1897 3133 1970 βούλησιν
3185 1901 3242 1954 ὲν
3263 1898 3341 1969 τῷ
3384 1896 3530 1952 εἶναι
3565 1917 3579 1931 ·
3614 1901 3707 1969 ῐση
3758 1901 3818 1953 δὲ

531 1986 707 2050 dunt,
742 1985 1010 2057 siquidem
1039 1996 1094 2041 et
1120 1987 1342 2043 nolente
1364 1988 1507 2041 malo
1533 1989 1708 2043 bonus
1737 1998 1840 2054 est,
1873 1998 1925 2043 et
1948 1989 2119 2043 malus

532 2077 707 2132 invito
738 2077 906 2135 bono.
947 2076 1238 2145 Prreterea,
1277 2081 1321 2135 si
1356 2082 1528 2136 malus
1556 2081 1737 2136 eliecit
1761 2097 1821 2135 ea
1854 2097 1973 2149 quze
2003 2096 2123 2135 cer-

531 2170 738 2237 nimus,
774 2169 983 2244 ecquod
1026 2170 1150 2226 boni
1189 2172 1405 2227 tandem
1432 2173 1534 2226 erit
1561 2173 1746 2243 Opus?
1796 2171 1939 2226 Nihil
1976 2172 2118 2225 enim

531 2260 782 2315 cernitur
806 2272 1005 2334 praeter
1030 2260 1293 2319 mundum
1322 2264 1468 2317 hunc
1488 2263 1554 2316 ab
1576 2262 1767 2332 opilice
1794 2262 2121 2332 perfectum.

535 2354 657 2423 Quo
693 2356 861 2427 igitur
894 2354 1096 2413 indicio
1128 2371 1249 2411 esse
1278 2340 1638 2426 cognoscetur
1668 2356 1776 2420 ille,
1813 2357 1904 2425 qui
1951 2357 2124 2410 bonus

532 2463 639 2513 εει,
667 2463 791 2502 cum
820 2447 970 2505 nulla
1011 2456 1227 2505 exstent
1259 2462 1424 2517 opera
1454 2448 1644 2517 ipsius,
1680 2461 1742 2500 ex
1775 2447 1975 2515 quibus
2009 2446 2124 2514 ipse

530 2538 772 2615 dignosei
808 2539 1023 2609 queat?
1064 2538 1270 2594 Artifex
1307 2539 1453 2595 enim
1505 2555 1571 2595 ex
1604 2541 1865 2610 operibus
1918 2553 2121 2608 cogno-

530 2629 731 2684 scitur.
754 2628 873 2685 Jam
905 2630 1180 2699 quomodo
1205 2629 1364 2683 simul
1396 2644 1517 2684 esse
1548 2638 1807 2698 poterunt
1836 2628 1948 2681 duo
1978 2627 2123 2680 inter

533 2739 595 2778 se
629 2724 905 2781 contraria
930 2725 952 2777 ?
982 2724 1089 2778 Aut
1112 2722 1240 2792 quid
1273 2737 1336 2777 ea
1368 2722 1598 2784 dividet,
1624 2730 1683 2775 ut
1707 2720 2128 2792 disiungantur?

534 2815 671 2870 Nam
708 2824 767 2873 ut
807 2817 968 2872 simul
989 2817 1117 2879 sint,
1152 2815 1266 2871 ﬁeri
1300 2831 1408 2871 non
1443 2822 1645 2886 potest,
1678 2831 1798 2869 cum
1830 2828 2123 2884 utrumque

535 2908 767 2963 alterunt
806 2909 980 2965 tollat.
1017 2909 1210 2979 Neque
1239 2920 1299 2963 ut
1329 2923 1498 2963 unum
1544 2908 1596 2961 in
1644 2900 1818 2961 altero
1852 2908 1943 2971 sit,
1985 2922 2125 2976 quo-

531 3008 681 3063 niam
716 3019 906 3067 eorum
953 3011 1146 3058 natura
1198 3000 1475 3057 dissimilis
1509 3015 1617 3053 non
1664 3000 1867 3069 patitur
1902 2999 2131 3067 conjun-

531 3102 795 3165 stionem.
816 3099 1062 3159 Tertium
1092 3097 1257 3169 igitur
1286 3095 1411 3162 erit,
1439 3094 1582 3166 quod
1606 3110 1667 3149 ea
1698 3094 1934 3153 dirimat,
1954 3097 2125 3163 quod-

2222 1992 2255 2058 ἡ
2280 1988 2557 2054 ἀσθένεια,
2595 1991 2676 2043 ὅτι
2704 1990 2778 2061 μὴ
2811 1989 3159 2061 βουλομένοις
3180 1993 3363 2052 αὐτοῖς
3400 1992 3552 2061 παρά
3579 1990 3820 2061 γνώμην

2223 2082 2511 2137 ἀποϐαίνει
2555 2082 2622 2135 τὰ
2670 2083 2997 2151 πράγματα.
3042 2083 3202 2136 Ἐστι
3253 2086 3362 2152 γὰρ
3410 2086 3503 2137 καὶ
3540 2087 3567 2137 ὁ
3607 2084 3822 2151 ἀγαθὸς

2224 2172 2379 2241 παρὰ
2421 2171 2646 2241 γνώμην
2688 2170 2782 2223 τοῦ
2827 2171 3061 2239 φαύλου.
3114 2173 3270 2226 Ἐστι
3309 2173 3363 2226 δὲ
3410 2174 3501 2227 καὶ
3545 2175 3574 2226 ὁ
3612 2174 3822 2241 φαῦλος

2227 2262 2378 2330 παρὰ
2403 2260 2660 2330 βούλησιν
2680 2262 2771 2314 τοῦ
2796 2261 3025 2330 ἀγαθοῦ.
3051 2263 3263 2324 ’Ἄλλως
3289 2280 3371 2327 τε,
3408 2262 3687 2317 καὶτοῦτο
3709 2265 3825 2333 γὰρ

2228 2355 2295 2408 ἄν
2328 2371 2413 2415 τις
2447 2355 2632 2416 αὐτοῖς
2660 2353 2826 2418 εἴποι,
2862 2356 2910 2407 εί
2944 2354 3013 2407 τὰ
3040 2356 3343 2425 φαινόμενα
3371 2356 3508 2423 ἔργα
3535 2355 3633 2408 τοῦ
3670 2358 3787 2423 φαύ
3808 2384 3824 2396 -

2230 2444 2320 2497 λου
2364 2446 2501 2509 ἐστὶ,
2550 2446 2601 2497 τί
2653 2445 2713 2497 τὸ
2767 2444 2930 2515 ἔργον
2976 2447 3071 2499 τοῦ
3116 2446 3362 2514 ἀγαθοῦ;
3411 2447 3668 2501 Φαίνεται
3710 2449 3828 2515 γὰρ

2229 2539 2385 2590 οὐδὲν
2422 2538 2567 2608 πλὴν
2602 2539 2700 2607 τῆς
2734 2539 2829 2591 τοῦ
2864 2539 3203 2609 δημιουργοῦ
3239 2542 3494 2602 κτίσεως.
3525 2542 3590 2592 Τί
3623 2541 3681 2593 δὲ
3724 2538 3827 2592 καὶ

2229 2631 2324 2684 τοῦ
2371 2626 2513 2684 εἶναι
2552 2633 2643 2683 τὸν
2685 2632 2888 2699 ἀγαθὸν
2933 2631 3250 2701 γνώρισμα,
3294 2634 3396 2686 οὐκ
3431 2634 3600 2687 ὄντων
3648 2632 3826 2685 αὐτοῦ

2231 2726 2439 2793 ἔργων,
2476 2723 2543 2775 δι’
2574 2717 2649 2776 ὧν
2686 2723 2751 2777 ἂν
2798 2725 3062 2795 γνωσθείη
3092 2741 3106 2789 ;
3153 2725 3249 2777 Ἐκ
3285 2725 3392 2794 γὰρ
3430 2723 3539 2777 τῶν
3572 2725 3753 2792 ἔργων
3797 2727 3829 2777 ὀ

2232 2816 2570 2886 δημιουργὸς
2593 2816 2947 2882 γινώσκεται.
2981 2817 3105 2879 Πῶς
3133 2817 3188 2870 δὲ
3212 2818 3351 2880 ὅλως
3386 2818 3480 2871 καὶ
3516 2817 3611 2875 δύο
3636 2817 3704 2872 ἂν
3730 2818 3824 2888 εἴη

2231 2906 2453 2960 ἐναντία
2480 2906 2764 2975 ἀλλήλων;
2801 2905 2867 2959 ’Ὴ
2901 2907 2954 2959 τί
2986 2907 3047 2959 τὸ
3078 2904 3323 2974 διαιροῦν
3354 2908 3472 2958 ἐστι
3513 2907 3691 2959 ταῦτα
3725 2906 3823 2958 ἵνα

2235 2999 2408 3087 χωρὶς
2458 2998 2703 3068 ἀλλήλων
2756 3000 3067 3067 γένωνται;
3122 2993 3265 3053 εῖναι
3315 3001 3425 3070 γὰρ
3476 2998 3653 3087 ταῦτα
3705 2999 3831 3067 ἅμα

2239 3083 2501 3141 ἀδύνατον
2525 3128 2539 3152 ,
2581 3089 2671 3141 διὰ
2705 3088 2765 3140 τὸ
2798 3087 3125 3158 ἀναιρετικὰ
3164 3088 3417 3157 ἀλλήλων
3458 3083 3625 3141 εἶναι.
3678 3087 3829 3139 Ἀλλ’

532 3207 645 3266 quo
671 3194 744 3253 sit
783 3202 839 3248 et
880 3192 1059 3263 ipsum
1092 3188 1257 3245 Deus.
1294 3189 1363 3243 At
1400 3187 1705 3258 qualisnam
1741 3187 1843 3240 erit
1883 3195 1937 3238 et
1981 3183 2122 3238 tertii

2238 3182 2356 3235 οὐδὲ
2388 3181 2576 3249 ἓτερον
2607 3183 2664 3235 ὲν
2688 3181 2860 3251 ἑτέρῳ
2884 3181 3137 3251 δυνηθείη
3172 3181 3239 3233 ἂν
3298 3174 3439 3232 εἶναι
3473 3178 3561 3231 διὰ
3601 3177 3663 3230 τὸ
3696 3178 3830 3247 ἆμι-

532 3285 777 3351 ιιιιῑιιηῖ
819 3284 1026 3339 Bonive
1066 3281 1287 3345 similis,
1319 3294 1387 3334 an
1424 3279 1595 3334 mali?
1634 3278 1930 3343 Utriusque
1971 3278 2119 3330 enim

532 3393 660 3437 esse
716 3390 825 3430 non
873 3381 1075 3445 potest.
1126 3370 1268 3441 Ergo
1313 3386 1436 3426 cum
1482 3372 1709 3425 istorum
1753 3379 2124 3423 commentum

536 3470 787 3541 putidum
820 3482 945 3524 esse
981 3464 1357 3528 convincatur,
1397 3462 1764 3518 necessarium
1810 3470 1894 3516 est
1947 3470 2006 3514 ut
2038 3476 2129 3514 ec-

538 3561 861 3619 clesiastica:
906 3557 1171 3615 doctrinm
1217 3558 1424 3612 veritas
1469 3557 1703 3619 eluceat,
1793 3571 1913 3625 quae
1966 3552 2128 3608 tradit

540 3657 745 3712 malum
777 3670 878 3709 nec
910 3669 939 3708 a
979 3651 1090 3707 Deo
1121 3649 1448 3721 profectum,
1477 3666 1579 3704 nec
1612 3649 1665 3702 in
1709 3648 1817 3702 Deo
1852 3664 1996 3714 esse,
2027 3662 2127 3701 nec

545 3751 616 3805 ab
645 3748 800 3803 initio
832 3747 1005 3801 fuisse
1041 3744 1266 3809 factum,
1299 3758 1475 3812 neque
1510 3752 1783 3807 naturam,
1815 3751 1908 3796 aut
1936 3756 2125 3795 essen-

536 3845 670 3903 tiam
707 3842 828 3913 ejus
856 3841 1018 3895 ullam
1052 3837 1340 3902 exsistere,
1374 3836 1465 3890 scd
1486 3834 1735 3889 homines
1767 3834 2125 3904 privationem

535 3934 667 3995 boni
695 3933 1022 4004 COgitantes,
1052 3929 1284 3999 cmpisse
1308 3944 1394 3991 ea,
1421 3943 1543 3997 quae
1567 3943 1677 3981 non
1711 3937 1858 3988 sunt.
1895 3941 2125 3997 qumque

536 4028 636 4094 ipsi
684 4026 895 4092 volunt,
944 4022 1045 4079 sibi
1092 4023 1223 4091 ipsis
1268 4020 1583 4092 contingere
1611 4062 1625 4083 ,
1673 4029 1729 4075 et
1758 4018 2124 4076 comminisci.

540 4116 1012 4185 Quemadmodum
1044 4114 1191 4169 enim
1227 4113 1269 4167 si
1298 4114 1420 4181 quis
1450 4114 1664 4168 lucente
1695 4114 1830 4178 sole,
1870 4124 1924 4167 et
1958 4111 2126 4165 radiis

540 4212 658 4265 suis
686 4219 886 4263 terram
919 4206 1230 4261 universam
1263 4204 1568 4260 illustrante
1598 4203 1858 4260 clauserit
1903 4202 2118 4267 oculos,

537 4296 642 4352 sibi
676 4297 795 4365 ipse
826 4296 1098 4356 tenebras,
1129 4306 1252 4361 qua
1280 4291 1448 4347 nulla:
1486 4303 1635 4359 sunt,
1667 4294 1879 4364 pariet;
1913 4307 1979 4347 ex
2016 4307 2127 4362 quo

540 4388 655 4454 liet,
684 4396 742 4443 ut
768 4402 959 4447 errans
990 4386 1046 4440 in
1073 4382 1313 4439 tenebris
1348 4385 1608 4450 ambulet,
1649 4396 1704 4441 et
1739 4400 1881 4454 saepe
1907 4384 2125 4448 titubet,

539 4490 596 4534 et
626 4480 809 4545 cadat,
840 4487 897 4534 et
933 4495 964 4533 e
994 4479 1130 4535 locis
1161 4481 1453 4550 praeruptis
1482 4494 1723 4550 praeceps
1760 4486 1905 4545 ruat,
1936 4477 2124 4533 existi-

2234 3290 2364 3326 κτον
2388 3274 2477 3326 aut
2500 3273 2753 3341 ἀνόμοιον
2778 3272 2961 3324 αὐτῶν
2987 3271 3087 3342 τῆς
3116 3270 3348 3338 φύσεως.
3374 3268 3588 3326 Οὐκοῦν
3614 3271 3681 3321 ὲκ
3706 3270 3830 3338 τρι-

2230 3381 2323 3417 του
2373 3364 2434 3417 τὸ
2481 3362 2725 3434 διαιροῦν
2764 3365 3089 3433 φανήσεται,
3125 3365 3219 3420 καὶ
3271 3361 3405 3416 αὐτὸ
3443 3361 3602 3423 Θεὸς.
3661 3361 3830 3415 Ἀλλὰ

2236 3458 2394 3522 ποίας
2420 3458 2485 3512 ἂν
2515 3459 2599 3528 εῖη
2634 3460 2725 3512 καὶ
2749 3458 2810 3511 τὸ
2840 3457 3027 3529 τρίτον
3051 3458 3262 3527 φύσεως
3287 3474 3301 3523 ;
3338 3457 3572 3525 Πότερον
3597 3455 3699 3525 τῆς
3726 3454 3829 3511 τοῦ

2229 3547 2420 3615 καλοῦ,
2448 3548 2481 3618 ἢ
2512 3550 2609 3616 τῆς
2634 3546 2729 3599 τοῦ
2764 3546 2969 3616 φαύλου
2999 3563 3013 3611 ;
3045 3547 3141 3614 τῆς
3174 3546 3284 3617 γὰρ
3314 3546 3645 3618 ἀμφοτέρων
3674 3540 3821 3603 εἶναι

2226 3640 2361 3693 ἀὐτὸ
2391 3639 2678 3693 ἀδύνατον.
2718 3637 2930 3708 Σαθρᾶς
2960 3637 3024 3707 δὴ
3065 3637 3247 3690 τοίνυν
3275 3637 3375 3705 τῆς
3404 3637 3667 3706 τοιαύτης
3701 3635 3826 3695 5t;-

2235 3735 2384 3797 νοίας
2420 3734 2599 3787 αὐτῶν
2635 3734 2989 3803 φαινομένης,
3026 3732 3242 3800 ἀνάγκη
3272 3731 3371 3802 τὴν
3407 3731 3669 3799 ἀλήθειαν
3700 3732 3823 3784 δια-

2233 3830 2474 3897 λάμπειν
2502 3828 2603 3895 τῆς
2632 3824 3109 3894 ἐκκλησιαστικῆς
3133 3826 3411 3891 γνώσεως,
3447 3825 3529 3877 ὅτι
3560 3824 3621 3876 τὸ
3650 3826 3827 3883 κακὸν

2233 3920 2296 3973 οὐ
2329 3918 2482 3989 παρὰ
2511 3916 2667 3978 Θεοῦ,
2700 3916 2824 3969 οὐδὲ
2859 3918 2916 3969 ἐν
2943 3914 3081 3985 Θεῷ,
3112 3913 3238 3966 οὔτε
3272 3914 3329 3977 ἐξ
3365 3913 3541 3983 ἀρχῆς
3570 3914 3825 3981 γέγονεν,

2229 4009 2352 4064 οῦτε
2377 4008 2533 4062 οὐσία
2555 4008 2636 4071 τίς
2659 4009 2806 4061 ἐστιν
2843 4006 3031 4070 αὑτοῦ,
3058 4005 3194 4061 ἀλλά
3215 4004 3492 4072 ἄνθρωποι
3537 4004 3679 4056 κατά
3705 4006 3829 4055 στέ-

2235 4119 2394 4175 ρησιν
2423 4102 2526 4168 τῆς
2558 4100 2651 4153 τοῦ
2684 4098 2853 4154 καλοῦ
2890 4098 3193 4167 φαντασίας
3225 4099 3438 4158 ἑαυτοῖς
3467 4099 3706 4149 ἐπινοεῖν
3728 4097 3829 4166 ἧρ-

2234 4200 2396 4261 ξαντο
2423 4196 2516 4247 καὶ
2543 4193 2909 4246 ἀναπλάττειν
2931 4192 3000 4245 τὰ
3022 4193 3120 4243 ιύκ
3143 4191 3288 4254 ὅντα,
3315 4190 3408 4243 καὶ
3437 4189 3583 4259 ἅπερ
3610 4188 3827 4257 βούλον-

2232 4305 2343 4347 ται.
2393 4288 2481 4351 Ὠς
2516 4286 2624 4355 γὰρ
2654 4285 2718 4338 ἄν
2742 4302 2828 4346 τις
2861 4285 3013 4355 ἡλίου
3049 4284 3359 4353 φαίνοντος,
3388 4282 3483 4335 καὶ
3513 4282 3698 4350 πάσης
3729 4281 3830 4349 τῆς

2233 4380 2337 4447 γῆς
2362 4379 2439 4448 τῷ
2468 4381 2607 4446 φωτὶ
2627 4377 2818 4434 τούτου
2839 4375 3368 4446 καταλαμπομένης,
3396 4372 3675 4442 καμμύων
3702 4373 3830 4434 τοὺς

2233 4470 2553 4541 ὀφθαλμοὺς
2578 4468 2770 4531 σκότος
2798 4465 2976 4535 ἑαυτῴ
3005 4467 3235 4526 ἐπινοεῖ,
3267 4464 3368 4516 οὐκ
3390 4464 3545 4526 ὄντος
3574 4464 3825 4524 σκότους,

538 4590 696 4630 mans
737 4574 916 4629 lucem
958 4588 1069 4629 non
1117 4576 1328 4641 adesse,
1376 4574 1472 4631 sed
1516 4573 1790 4640 tenebras,
1822 4589 1958 4643 quas
1995 4588 2119 4629 cum

2230 4567 2323 4623 καὶ
2361 4562 2550 4617 λοιπὶν
2579 4562 2653 4624 ὼς
2693 4563 2751 4613 ὲν
2784 4562 2968 4613 σκότει
2992 4557 3342 4625 πλανώμενος
3373 4555 3671 4623 περιπατεῖ
3699 4553 3831 4604 πολ-

537 4668 738 4725 inmeri
782 4684 841 4725 se
873 4679 1047 4737 putet,
1084 4669 1222 4723 nihil
1252 4668 1439 4723 videte:
1485 4666 1564 4721 sic
1602 4675 1659 4720 et
1689 4666 1971 4720 hominum
2003 4666 2121 4721 ani-

538 4776 664 4815 mus
708 4760 972 4815 claudens
1015 4762 1216 4817 mentis
1252 4759 1460 4822 oculos,
1497 4758 1698 4827 quibus
1731 4766 1910 4827 potest
1948 4757 2122 4813 Deum

542 4868 793 4917 cernere,
826 4853 928 4911 sibi
950 4854 1079 4922 ipse
1125 4853 1264 4907 mala
1295 4850 1642 4920 excogitavit,
1673 4850 1726 4903 in
1761 4849 1963 4919 quibus
1996 4863 2119 4905 sese

543 4958 793 5008 movens,
821 4955 997 5000 nescnt
1029 4959 1109 5008 se,
1147 4944 1276 5000 dum
1312 4944 1524 4998 videtur
1553 4940 1653 4999 sibi
1684 4941 1863 4997 facere
1899 4942 2123 5011 aliquid,

543 5035 909 5092 nihilfacere.
944 5036 1124 5105 Fingit
1165 5036 1311 5090 enim
1354 5051 1475 5106 qua:
1512 5052 1619 5090 non
1672 5045 1821 5097 sunt,
1868 5050 1970 5090 nec
2008 5034 2130 5089 talis

544 5137 752 5189 manet,
799 5125 977 5195 qualis
1008 5125 1182 5181 factus
1210 5134 1313 5191 est,
1380 5126 1471 5180 sed
1505 5124 1718 5194 qualem
1747 5139 1805 5179 se
1834 5124 1950 5191 ipse
1979 5138 2127 5183 com-

546 5219 788 5280 miscuit,
820 5217 941 5272 talis
963 5218 1124 5271 etiam
1156 5229 1401 5289 apparet.
1432 5218 1566 5271 Nam
1600 5219 1690 5287 qui
1723 5218 1899 5270 factus
1924 5226 2029 5278 est,
2066 5226 2125 5269 ut

545 5309 717 5365 Deum
746 5310 1034 5379 aspiceret,
1059 5319 1114 5364 et
1139 5310 1511 5366 illustraretur
1534 5325 1563 5362 a
1602 5311 1732 5369 Deo,
1757 5308 1861 5361 εὼὶ
1895 5308 2011 5376 ipse
2038 5321 2122 5368 ea,

545 5415 669 5470 qua:
725 5411 1178 5468 corrumpuntur,
1233 5412 1289 5455 et
1341 5402 1594 5455 tenebras
1637 5398 2000 5467 conquisivit.
2054 5398 2127 5453 Ut

545 5493 778 5563 quodam
814 5493 930 5548 loco
975 5492 1253 5562 Scriptura
1300 5490 1567 5560 signiﬁcat
1596 5508 1609 5544 :
1641 5488 1808 5554 Fecit,
1848 5490 2125 5559 inquiens,

546 5587 688 5641 Deus
711 5587 972 5647 hominem
997 5598 1193 5646 rectum
1218 5587 1260 5650 ',
1293 5599 1356 5641 ac
1392 5584 1504 5654 ipse
1528 5583 1626 5637 sibi
1655 5582 1895 5637 ratione:
1927 5581 2131 5636 multas

543 5678 889 5747 excogitavit.

625 5858 642 5895 ⁸
676 5857 862 5919 Matth.
892 5876 968 5925 xu,
1003 5860 1087 5917 35.
1172 5861 1190 5888 ²
1227 5859 1399 5917 Eccle.
1441 5876 1532 5924 vn,
1569 5859 1656 5916 50,

2225 4654 2384 4717 λάκις
2432 4656 2666 4715 πίπτων,
2695 4650 2792 4704 καὶ
2832 4648 2973 4703 κατὰ
2994 4648 3258 4718 κρημνῶν
3296 4644 3543 4711 ὑπάγων,
3588 4642 3829 4710 νομίζων

2228 4745 2329 4797 οὐκ
2358 4741 2497 4795 εἶναι
2528 4741 2662 4810 φῶς,
2692 4739 2826 4796 ἀλλὰ
2856 4738 3069 4800 σκότος,
3117 4740 3289 4791 δοκων
3336 4737 3445 4806 γὰρ
3478 4732 3700 4803 βλέπειν
3720 4731 3827 4783 οὐδ’

2231 4836 2367 4897 ὅλως
2399 4835 2499 4905 ὁρᾷ
2524 4848 2540 4865 ο
2577 4830 2720 4888 οὕτω
2750 4831 2844 4883 καὶ
2876 4830 3075 4899 ἡψυχὴ
3106 4828 3212 4880 τῶν
3249 4825 3555 4897 ἀνθρώπων
3600 4821 3827 4892 καμμύ-

2238 4946 2378 4983 σασα
2422 4929 2513 4979 τὸν
2543 4923 2861 4994 ὀφθαλμὸν,
2899 4923 2967 4976 δι’
3001 4918 3063 4974 οῦ
3098 4921 3187 4974 τὸν
3223 4922 3356 4973 Θεὸν
3390 4920 3522 4989 ὁρᾷν
3562 4916 3824 4978 δύναται,

2237 5021 2409 5090 ἑαυτῇ
2442 5020 2507 5069 τὰ
2535 5019 2680 5069 κακὰ
2711 5013 3058 5082 ἐπενεόησεν,
3092 5013 3147 5063 έν
3178 5004 3260 5073 οἷς
3287 5010 3588 5078 κινουμένη
3618 5006 3722 5058 οὐκ
3750 4999 3809 5056 οἱ·

2233 5113 2325 5167 δεν
2353 5112 2435 5164 ὅτι
2476 5108 2711 5165 δοκοῦσά
2746 5126 2798 5160 τι
2838 5111 3013 5159 ποιεῖν
3052 5106 3205 5160 ούὶὲν
3239 5104 3406 5161 ποιεῖ.
3437 5101 3519 5153 Τὰ
3563 5099 3667 5152 οὐκ
3697 5098 3824 5151 ὄντα

2235 5204 2346 5274 γὰρ
2376 5202 2805 5261 ἀναπλάττεται,
2856 5199 2952 5252 καὶ
2987 5198 3087 5267 οὐχ
3127 5196 3289 5250 ὁποία
3337 5193 3572 5262 λέγομεν
3596 5189 3826 5256 τοιαύτη

2233 5297 2332 5349 καὶ
2401 5294 2639 5364 ἔμεινεν,
2692 5290 2809 5345 ἀλλ’
2859 5293 3050 5343 ὁποίαν
3101 5287 3301 5357 ἑαυτὴν
3348 5287 3549 5353 ἀνέφυε
3600 5280 3824 5350 τοιαύτη

2235 5388 2332 5443 καὶ
2365 5388 2642 5457 φαίνεται.
2680 5386 2878 5453 Γέγονε
2919 5383 3017 5452 μὲν
3048 5380 3157 5450 γὰρ
3197 5383 3278 5439 είς
3312 5379 3371 5431 τὺ
3408 5379 3541 5447 ὁρᾷν
3572 5376 3664 5427 τὸν
3694 5375 3827 5427 Θεὸν

2237 5481 2336 5536 καὶ
2366 5480 2458 5533 ὑπ’
2488 5478 2656 5532 αὑτοῦ
2689 5475 3041 5546 φωτίζεσθαι,
3071 5474 3212 5543 αῦτη
3240 5474 3297 5527 δὲ
3330 5472 3449 5525 ἀντὶ
3476 5469 3571 5523 τοῦ
3603 5468 3740 5521 Θεοῦ
3762 5469 3827 5520 τὰ

2246 5573 2489 5645 φθαρτὰ,
2547 5573 2643 5625 καὶ
2686 5570 2750 5623 τὸ
2802 5569 2989 5630 σκότος
3026 5566 3316 5637 ἐζήτησεν,
3372 5565 3448 5628 ὥς
3491 5580 3595 5615 που
3643 5562 3737 5614 καὶ
3793 5561 3827 5629 ἠ

2243 5669 2434 5738 Γραφή
2460 5683 2625 5735 φησιν
2652 5680 2665 5694 °
2708 5664 2772 5717 Ὀ
2803 5663 2973 5735 [Θεὸς
3010 5662 3119 5715 τὸν
3174 5660 3491 5729 ἄνθρωπον
3539 5659 3831 5723 ἐποίησεν·

2246 5761 2415 5828 εὐθῆ,
2454 5760 2606 5812 αὐτοὶ
2641 5758 2696 5812 δὲ
2725 5757 2997 5827 ἐζήτησαν
3024 5755 3323 5825 λογισμοὺς
3348 5751 3594 5813 πολλούς,
