4120 6292
411 392 525 459 309

1404 392 1774 454 PANOPLIA
1820 365 2371 455 pecuariam;
2408 396 2557 455 TIT.
2604 394 2707 454 Ix.

3550 390 3654 449 3l9

415 504 533 559 Ίυῦ
577 502 770 576 αὐτοῦ,
821 502 970 557 κατὰ
1004 502 1408 576 Οὐαλεντίνου
1466 506 1536 559 τὰ
1575 506 1775 560 πολλὰ
1832 507 1980 563 oriu-

2092 505 2339 576 Ejusdem
2386 516 2568 559 contra
2637 504 2978 576 Valentinum
3014 504 3191 576 quiin
3234 502 3410 576 multis
3438 519 3657 556 consert-

486 589 709 643 φρονος
740 572 912 639 ὄντος
937 575 1059 639 τοῖς
1089 575 1625 645 προδιαληφθεῖονιν
1648 576 1983 645 αΙρετικοῖς.

486 684 613 745 Πῶς
646 683 833 751 λέγετε
863 684 954 737 τὸν
991 686 1225 757 Χριστὸν
1256 686 1521 758 οὐρανίαν
1555 687 1733 759 σάρκα
1770 686 1989 757 περιϐε-

336 770 380 841 Ᾰ,
412 770 670 838 ϐλῆσθαι,
702 773 788 823 καὶ
817 773 914 824 οὑκ
939 773 1308 843 ἀνθρωπίνην,
1334 776 1511 829 καίτοι
1537 777 1631 830 τοῦ
1659 778 1984 831 Ἀποστόλου

411 863 735 931 φάσκοντοςο
783 863 835 916 Ὀ
869 864 1137 932 ἀγιὰζὶυν,
1164 866 1257 920 καί
1285 869 1339 921 οἱ
1366 867 1733 937 ἁγιαζόμενοι
1756 868 1823 932 ἐξ
1848 869 1988 933 ἐνὸς

410 956 662 1022 πάντες-ς
716 955 795 1009 Δι’
841 957 908 1029 ἣν
951 960 1135 1011 αἰτίαν
1179 961 1278 1013 οὐκ
1332 962 1739 1031 ἐπαισχύνεται,
1802 962 1984 1030 φησὶν,

411 1048 676 1117 ἀδελφοὺς
693 1050 887 1111 αὐτοὺς
907 1050 1112 1117 καλεῖν,
1133 1052 1326 1118 λέγων·
1352 1052 1688 1121 Ἀπαγγελῶ
1712 1054 1774 1107 τὸ
1800 1052 1988 1122 ὄνομά

410 1156 535 1196 σου
566 1140 685 1206 τοῖς
709 1141 995 1210 ἀδελφοῖς
1006 1160 1151 1212 μου.
1172 1143 1227 1196 Ἐ
1233 1144 1269 1207 ξ
1286 1144 1426 1207 ἐνὸς
1449 1145 1507 1197 δέ
1530 1161 1673 1207 τινος
1696 1145 1788 1199 τοῦ
1816 1146 1987 1214 Ἀδὰμ

409 1234 683 1304 δηλονότι,
720 1234 862 1288 κατά
911 1234 1011 1305 τὴν
1063 1234 1157 1288 τοῦ
1215 1236 1402 1290 Λουκᾶ
1450 1236 1819 1304 γενεαλογίαν.
1878 1236 1987 1291 Καὶ

411 1326 582 1380 πάλιν
606 1340 621 1355 ο
667 1325 829 1379 Ἐπεί
870 1326 941 1380 τὰ
971 1327 1179 1381 παιδιά
1208 1328 1600 1397 κεκοινώνηκε
1632 1328 1856 1398 σαρκὸς
1887 1328 1987 1381 καὶ

406 1416 663 1486 αἵματος
685 1456 700 1478 .
749 1415 848 1471 καί
897 1416 1080 1483 αὐτὸς
1113 1421 1552 1501 παραπλησίως
1581 1421 1837 1490 μετέσχε
1869 1421 1988 1475 τῶν

406 1506 633 1564 αὐτῶν.
675 1508 941 1577 ’Δναιρῶν
968 1509 1025 1563 δὲ
1056 1511 1151 1563 καὶ
1180 1511 1280 1581 τὴν
1309 1512 1577 1582 ὑπόληψιν
1601 1515 1697 1583 τῆς
1730 1513 1985 1584 οὐρανίου

411 1597 617 1667 σαρκὸς
643 1598 944 1667 ἐπήγαγεν·
979 1601 1061 1651 οὐ
1089 1599 1197 1670 γὰρ
1225 1599 1425 1668 δήπου
1446 1602 1719 1669 ἀγγέλων
1739 1603 1988 1673 ἐπιλαμ-

407 1685 651 1740 ϐάνεται
661 1729 674 1749 ,
687 1687 852 1741 ἀλλὰ
872 1689 1215 1757 σπέρματος
1230 1689 1486 1758 Ἀϐραὰμ
1501 1692 1717 1761 ἐπιλαμ
1725 1693 1982 1749 Ede-stat.

409 1779 582 1833 ὐθεν
604 1778 800 1846 ὤφειλε
835 1781 978 1834 κατά
1006 1781 1183 1834 πάντα
1212 1784 1324 1843 τοῖς
1352 1783 1599 1853 ἀδελφοῖς
1624 1786 1982 1856 ὁμοιωθῆναι.

402 1870 521 1924 Καὶ
535 1871 703 1923 πολλᾶ
718 1874 960 1927 τοιαῦτα.
988 1874 1126 1926 Ἀλλ’
1152 1876 1179 1927 6
1211 1875 1432 1946 Κύριος,
1466 1882 1649 1943 φασιν,
1679 1879 1898 1950 εἴρηκεν
1928 1882 1985 1933 ἐν

402 1964 519 2024 ταῖς
552 1963 904 2031 Εὑαγγελίοις
926 1979 939 1994 ·
974 1964 1178 2029 Οὐδείς
1211 1966 1583 2032 ἀναϐέϐηκεν
1611 1971 1703 2035 εἰς
1738 1969 1848 2023 τόν
1880 1973 1984 2026 οὐ·

392 2053 598 2120 paror
617 2056 667 2108 si
689 2054 779 2122 μὴ
809 2058 841 2109 ό
861 2055 930 2109 ἐκ
958 2056 1063 2111 τοῦ
1081 2059 1342 2126 οὐρανοῦ
1366 2059 1644 2125 καταϐὰς,
1664 2063 1696 2115 ό
1728 2062 1860 2129 Υἱὸς
1883 2064 1985 2120 τοῦ

402 2145 747 2215 ἀνθρώπου,
773 2150 807 2201 ό
840 2146 926 2201 ῶν
954 2150 1024 2202 ἐν
1051 2149 1131 2215 τῷ
1159 2152 1411 2219 οὐρανῷ.
1453 2154 1562 2206 Kal.
1594 2154 1621 2205 6
1665 2153 1986 2221 Ἀπόστολος

404 2240 465 2293 δὲ
494 2239 657 2294 πάλιν
682 2256 699 2272 ⁸
736 2240 791 2293 '0
846 2242 1078 2308 πρῶτος
1119 2244 1431 2315 ἄνθρωπος
1476 2248 1544 2302 ἐκ
1595 2248 1707 2318 γῆς
1756 2252 1983 2319 χοϊκός,

409 2333 444 2383 ό
472 2331 745 2399 δεύτερος
771 2332 1078 2402 ἄνθρωπος
1101 2340 1134 2390 ό
1160 2339 1377 2405 Κύριος
1416 2340 1482 2404 ἐξ
1524 2342 1805 2409 οὐρανοῦ.
1856 2344 1983 2396 Ἰδοὺ

413 2420 528 2493 γὰρ
568 2424 960 2496 ἀμφοτέρωθεν
1000 2427 1251 2497 οὐράνιος
1302 2430 1589 2502 ἄνθρωπος
1634 2434 1981 2503 ὀνομάζεται.

410 2512 557 2581 Πρὸς
589 2514 678 2579 οὓς
711 2516 943 2586 ἐροῦμεν
973 2518 1079 2585 ὅτι,
1112 2521 1232 2572 ἐπεὶ
1265 2520 1483 2585 διπλοῦς
1512 2522 1587 2576 ὢν
1611 2526 1730 2588 ταῖς
1750 2524 1977 2593 φύσεσιν

404 2605 440 2657 ὁ
464 2604 715 2674 Χριστὸς.
743 2608 1026 2675 μοναδικός
1047 2611 1161 2663 ἐστι
1184 2612 1282 2681 τὴν
1307 2613 1621 2679 ὑπόστασιν,
1651 2615 1983 2669 ίδιοποιείται

400 2693 478 2747 τὰ
508 2698 608 2766 τῆς
643 2697 909 2769 ἑκατέρας
942 2699 1177 2768 φύσεως.
1217 2702 1325 2756 Καὶ
1367 2704 1615 2775 καθάπερ
1650 2709 1677 2759 ὀ
1722 2708 1983 2761 ’Δπόστο-

399 2784 496 2846 λος
512 2786 679 2839 εἰπὼν
712 2790 840 2860 περὶ
864 2789 973 2844 τῶν
1006 2796 1422 2861 χριστοκτόνων,
1443 2796 1546 2863 ὅτι,
1586 2796 1651 2851 Ei
1676 2797 1975 2866 ἔγνωσαν,

399 2878 520 2930 οὐκ
540 2875 619 2931 ἂν
636 2877 745 2932 τόν
774 2881 993 2948 Κύριον
1020 2881 1130 2951 τῆς
1152 2881 1338 2949 δόξης
1360 2884 1774 2952 ἐσταύρωσαν,
1799 2890 1859 2942 οὐ
1883 2890 1982 2962 τὴν

403 2965 649 3037 θεότητα
689 2970 1020 3025 πεπονθέναι
1065 2974 1253 3043 φησιν,
1298 2976 1417 3046 ἥτις
1471 2979 1588 3030 ἐστὶ
1631 2978 1834 3050 Κύριος
1882 2981 1981 3051 τῆς

402 3054 601 3126 δόξης,
634 3058 771 3111 ἀλλά
801 3060 861 3113 τὸ
899 3061 1240 3134 πρόσλημμα
1264 3080 1279 3095 ο
1314 3064 1456 3118 οὕτω
1498 3068 1593 3119 καὶ
1623 3068 1713 3121 ἐπὶ
1745 3070 1852 3123 τῶν
1885 3073 1982 3140 ρη-

407 3148 524 3200 τῶν
553 3150 760 3204 τούτων
816 3153 977 3217 αὐτὸς
1020 3154 1119 3224 μὲν
1147 3157 1175 3208 6
1208 3156 1333 3220 Υἱὸς
1368 3160 1465 3211 κει.)⁸
1492 3158 1623 3222 Θεὸς
1653 3164 1979 3218 πεπονθέναι

407 3238 639 3308 λέγεται
676 3242 766 3295 διὰ
798 3243 895 3315 τὴν
928 3246 1057 3315 μίαν
1089 3247 1388 3302 ὑπόστασιν
1421 3252 1516 3321 τῆς
1548 3250 1820 3324 θεότητος,
1857 3256 1981 3326 ἣτις

404 3333 508 3385 καὶ
534 3335 599 3403 τῇ
630 3333 948 3409 ἀνθρωπίνῃ
977 3338 1133 3405 φύσει
1166 3342 1391 3409 γέγονεν
1426 3342 1721 3409 ὑπόστασις
1741 3364 1756 3379 ο
1786 3360 1983 3401 πεπον-

404 3422 567 3477 θέναι
595 3423 651 3477 δὲ
683 3428 822 3481 κατά
851 3426 950 3499 τὴν
984 3428 1334 3502 ἀνθρωπίνην
1367 3433 1528 3503 φύσιν
1559 3436 1721 3491 αὐτοῦ
1748 3453 1764 3470 ⁶
1798 3442 1890 3494 καὶ
1916 3442 1979 3495 ἐκ

400 3514 505 3569 τοῦ
539 3516 767 3589 οὐρανοῦ
802 3518 903 3589 μὲν
938 3523 1397 3593 καταϐεϐηκέναι,
1435 3530 1528 3581 καὶ
1561 3529 1617 3584 δν
1651 3530 1728 3598 τῷ
1761 3532 1978 3603 οὐρανῷ

402 3603 553 3663 εἶναι
579 3610 720 3664 κατὰ
740 3610 840 3681 τὴν
867 3611 1171 3667 ὑπόστασιν
1200 3617 1297 3685 τῆς
1326 3616 1579 3684 θεότητος
1604 3638 1618 3652 ο
1644 3621 1770 3682 Υἱὸς
1803 3622 1859 3675 δὲ
1890 3625 1985 3677 ἀν-

402 3697 631 3768 θρώπου
665 3694 803 3754 εἶναι
835 3701 977 3756 κατά
1008 3703 1109 3772 τὴν
1148 3702 1376 3775 ὕστερον
1408 3709 1853 3781 προσληφθεῖσαν
1885 3713 1984 3781 φύ-

404 3806 495 3841 σιν
525 3790 664 3858 μετά
691 3790 788 3862 τὴν
811 3792 868 3858 ἑξ
889 3793 1121 3863 οὐρανοῦ
1156 3794 1399 3851 κάθοδον.
1436 3800 1546 3853 Καὶ
1576 3802 1737 3855 πάλιν
1765 3806 1791 3857 6
1819 3807 1981 3871 αὐτὸς

402 3880 616 3949 Κύριος
640 3882 726 3935 διά
752 3884 852 3952 τὴν
888 3884 1019 3952 μίαν
1048 3885 1346 3940 ὑπόστασιν
1372 3889 1620 3961 δεύτερος
1650 3894 1749 3963 μὲν
1777 3895 1977 3968 ἄνθρω-

401 3990 510 4036 πος
535 3973 675 4027 κατά
698 3973 795 4045 τὴν
822 3977 1114 4047 ἡνωμένην
1135 3978 1555 4051 ἀνθρωπότητα,
1581 3984 1641 4048 ἐξ
1664 3986 1896 4056 οὐρανοῦ
1922 3989 1979 4043 δὲ

401 4066 550 4119 κατά
577 4066 674 4137 τὴν
695 4065 948 4139 θεότητα.
984 4070 1044 4122 Εί
1075 4073 1184 4141 γὰρ
1225 4072 1300 4141 μὴ
1331 4076 1612 4145 νοήσωμεν
1646 4076 1877 4130 ἕκαστον
1904 4080 1980 4132 oi-

400 4159 594 4224 κείως,
628 4161 685 4215 ιν
718 4161 1051 4230 ἀντιλογίαις
1084 4162 1465 4236 ὑποϐαλοῦμεν
1504 4168 1593 4221 τὸν
1632 4171 1975 4226 Ἀπόστολον.

400 4248 532 4311 Πῶς
556 4250 664 4322 γὰρ
694 4253 834 4306 κατὰ
861 4255 1038 4307 πάντα
1065 4256 1250 4325 ὅμοιος
1281 4259 1410 4326 ἡμῖν
1440 4261 1549 4323 τοῖς
1578 4262 1782 4331 γηῖνοις
1806 4281 1820 4329 ;
1855 4265 1978 4328 Πῶς

400 4341 463 4395 δὲ
488 4341 715 4410 ἀδελφὸς
740 4343 896 4414 ἡμῶν
915 4346 943 4399 ό
972 4346 1154 4416 σάρκα
1179 4347 1434 4415 οὐρανίαν
1458 4353 1929 4426 περιϐεϐλημένος
1957 4374 1972 4423 ;

400 4431 518 4487 Καὶ
551 4433 685 4487 ἄλλα
713 4435 768 4489 δὲ
798 4436 964 4506 μυρία
1002 4439 1179 4493 ἄτοπα
1209 4438 1417 4508 ἕψεται.

2364 578 2519 630 ticbat
2563 592 2676 628 cum
2726 575 3077 645 superioribus
3107 574 3380 626 liwreticis.

2157 692 2440 755 Quomodo
2518 689 2795 744 Christum
2864 688 3106 743 asseritis
3179 688 3477 749 ccelestem,
3550 702 3660 741 non

2086 795 2269 839 autem
2324 784 2615 837 humanam
2668 796 2886 835 carnem
2944 779 3222 841 induisse,
3270 794 3397 834 cum
3464 777 3662 833 Paulus

2086 876 2251 938 dicat,
2283 874 2385 938 Qui
2427 847 2815 940 sancti/iratist
2859 870 2948 939 qui
2985 869 3401 935 sanctiﬁcantur,
3449 886 3513 923 ea:
3557 885 3660 922 uno

2086 982 2262 1020 omnes
2292 967 2304 995 ¹
2330 964 2351 1017 i
2380 964 2743 1029 Quamobrem
2772 977 2882 1016 non
2913 961 3206 1025 erubescit,
3239 961 3435 1031 inquit,
3463 963 3661 1016 fratres

2087 1072 2186 1112 eos
2236 1056 2535 1127 appellare,
2602 1054 2888 1115 Nuntiabo,
2941 1038 3213 1118 inquiens,
3273 1068 3459 1105 nomen
3510 1064 3660 1105 tuum

2086 1149 2339 1221 fratribus
2371 1148 2495 1201 meis
2526 1148 2569 1199 ³.
2607 1144 2689 1198 Ea:
2717 1160 2819 1198 uno
2866 1153 3048 1197 autem
3097 1157 3219 1196 cum
3266 1142 3435 1207 dicit,
3486 1144 3659 1198 Adam

2088 1237 2345 1293 nimirum
2394 1235 2667 1305 intelligit,
2719 1242 2780 1287 ut
2828 1230 2989 1285 Luca:
3036 1231 3347 1302 genealogia
3397 1232 3657 1287 declarat.

2087 1328 2153 1386 Et
2185 1345 2398 1385 rursum
2442 1347 2456 1383 :
2498 1328 2781 1393 Quoniam,
2833 1324 3027 1394 inquit,
3082 1324 3183 1391 ﬁlii
3227 1326 3399 1379 carnis
3444 1334 3490 1380 et
3531 1342 3661 1379 san-

2087 1420 2261 1490 guinis
2289 1418 2570 1487 participes
2602 1427 2745 1480 sunt,
2776 1426 2823 1471 et
2853 1418 2962 1483 ipse
2992 1412 3242 1472 similiter
3274 1432 3453 1470 eorum
3488 1418 3663 1483 parti-

2088 1528 2205 1580 ceps
2231 1510 2332 1579 fuit
2356 1509 2397 1563 ⁸.
2430 1510 2608 1578 Atque
2636 1518 2694 1563 ut
2723 1510 2958 1565 caelestis
2985 1512 3165 1566 carnis
3206 1509 3473 1563 adimeret
3490 1509 3667 1578 suspi-

2088 1601 2324 1664 cionem,
2373 1600 2605 1669 subjecit
2639 1618 2653 1655 :
2686 1599 2869 1672 Neque
2910 1603 3047 1656 enim
3100 1602 3312 1672 angelos
3356 1602 3661 1668 assumpsit,

2085 1691 2178 1744 sed
2235 1706 2411 1744 semen
2475 1691 2701 1745 Abrahae
2728 1691 2768 1747 ⁸.
2825 1692 3004 1757 Quare
3052 1693 3243 1748 debuit
3290 1692 3345 1746 in
3413 1692 3665 1747 omnibus

2088 1797 2207 1837 esse
2238 1783 2464 1839 fratrum
2513 1785 2728 1840 similis.
2782 1784 2845 1838 Et
2891 1785 2994 1839 alia
3050 1786 3239 1842 multa.
3289 1785 3356 1840 At
3402 1785 3663 1840 Dominus

2090 1876 2145 1929 in
2176 1876 2479 1946 Evangeliis
2514 1895 2527 1931 :
2592 1876 2777 1940 Nemo,
2834 1876 3032 1946 inquit,
3070 1878 3307 1932 ascendit
3357 1878 3411 1929 in
3455 1878 3661 1937 caelum,

2089 1969 2192 2022 nisi
2218 1970 2307 2034 qui
2332 1969 2592 2022 descendit
2624 1970 2687 2022 de
2717 1967 2865 2031 oculo,
2896 1967 3071 2023 Filius
3104 1970 3347 2034 hominis,
3382 1971 3471 2038 qui
3511 1979 3583 2022 est
3611 1970 3665 2020 in

2086 2059 2212 2114 calo
2238 2060 2280 2113 ⁸.
2313 2059 2379 2114 Et
2412 2060 2702 2129 Apostolus
2737 2075 2986 2116 rursum:
3018 2059 3251 2125 Primus,
3283 2061 3481 2131 inquit,
3513 2061 3663 2113 homo

2085 2155 2147 2206 de
2188 2160 2328 2206 terra
2375 2161 2632 2214 terrenus,
2679 2153 2941 2207 secundus
2976 2160 3153 2207 autem
3184 2152 3360 2218 homo,
3404 2153 3665 2209 Dominus

2087 2244 2296 2311 utique,
2334 2244 2398 2297 de
2427 2244 2553 2297 caelo
2603 2244 2822 2297 ccelestis
2844 2246 2886 2297 ⁸.
2920 2244 3080 2309 Ecce,
3120 2243 3311 2312 inquit,
3376 2244 3664 2314 utrobique

2084 2335 2321 2391 cmicstis
2350 2334 2513 2389 homo
2540 2335 2871 2390 nominatur.
2901 2334 3334 2404 Respondemus,
3360 2333 3661 2397 Christum,

2083 2442 2209 2483 cum
2248 2442 2315 2481 ex
2366 2427 2578 2482 duabus
2631 2434 2847 2481 constet
2891 2426 3123 2492 naturis,
3174 2434 3231 2481 et
3287 2440 3393 2480 una
3452 2435 3659 2479 tantum

2083 2533 2339 2589 persona,
2367 2532 2452 2581 ea,
2486 2533 2607 2586 qua:
2652 2522 2941 2587 utriusque
2978 2526 3190 2572 natura:
3242 2516 3461 2587 propria
3510 2527 3660 2579 sunt,

2084 2611 2343 2665 retinere.
2379 2612 2457 2665 Ac
2486 2610 2948 2682 quemadmodum
2998 2609 3217 2674 Paulus,
3251 2626 3376 2665 eum
3408 2611 3559 2675 dicit,
3592 2611 3660 2665 de

2083 2702 2191 2757 illis
2220 2741 2235 2766 ,
2288 2702 2379 2771 qui
2427 2703 2706 2757 Christum
2764 2702 3111 2765 occiderunt,
3163 2701 3224 2756 Si
3271 2703 3661 2773 cognovissent,

2084 2808 2353 2862 nunquam
2417 2792 2700 2847 Dominum
2730 2793 2917 2863 gloria?
2964 2792 3408 2858 cruciﬁxissent',
3437 2808 3546 2849 non
3583 2794 3662 2848 si-

2082 2885 2321 2955 gniﬁcat.
2377 2886 2716 2942 divinitatem
2752 2901 2872 2941 esse
2912 2901 3126 2956 passam
3176 2903 3298 2956 quae
3331 2901 3429 2956 per
3479 2886 3663 2939 Domin

2083 2991 2211 3028 num
2245 2975 2427 3045 gloria
2469 2976 2809 3045 intelligitur,
2859 2975 2955 3028 sed
3009 2974 3400 3029 humanitatem
3434 2974 3557 3029 :sic
3606 2974 3658 3028 in

2084 3065 2172 3130 iis,
2203 3082 2322 3138 quae
2365 3067 2507 3124 dicta
2561 3078 2709 3134 sunt,
2755 3070 2870 3138 ipse
2918 3066 3132 3137 quidem
3172 3066 3365 3129 Filius,
3412 3074 3487 3120 et-
3524 3066 3661 3120 Dens

2010 3189 2054 3250 ο
2084 3174 2275 3229 passus
2302 3173 2422 3215 esse
2448 3161 2646 3215 dicitur
2674 3174 2771 3229 per
2806 3174 2965 3213 unam
2997 3158 3299 3214 divinitatis
3348 3174 3661 3233 personam,

2085 3267 2205 3319 qua:
2233 3260 2313 3307 est
2368 3252 2557 3306 eadem
2601 3262 2809 3305 natura:
2858 3253 3108 3306 humanm
3159 3267 3414 3321 persona,
3471 3267 3663 3321 passus

2083 3352 2263 3397 autem
2312 3343 2363 3396 in
2401 3351 2595 3397 natura
2648 3342 2818 3411 ipsius
2869 3341 3143 3408 humana;
3200 3352 3359 3412 atque
3408 3342 3473 3396 de
3523 3343 3661 3396 coelo

2081 3433 2450 3499 descendisse,
2481 3444 2532 3490 et
2561 3435 2615 3487 in
2643 3434 2782 3488 coelo
2816 3449 2955 3498 esse,
2983 3445 3254 3503 quatenus
3284 3434 3350 3488 ad
3375 3450 3661 3502 personam

2084 3525 2321 3596 pertinet
2378 3524 2699 3588 divinitatis,
2761 3523 2931 3578 Filius
2993 3532 3175 3579 autem
3251 3539 3372 3579 esse
3431 3524 3663 3579 hominis

2084 3617 2419 3671 habitatione
2444 3616 2592 3671 illius
2616 3624 2847 3680 naturae,
2873 3630 3033 3685 quam
3079 3630 3110 3668 e
3139 3614 3277 3669 coelo
3328 3615 3664 3669 descendens

2081 3706 2355 3775 posterius
2370 3706 2682 3774 assumpsit.
2701 3704 2766 3759 Et
2782 3721 2967 3758 rursus
2992 3704 3133 3759 idem
3153 3705 3414 3759 Dominus
3438 3715 3660 3775 promer

2083 3813 2266 3860 unam,
2283 3812 2443 3866 quam
2461 3797 2651 3861 habet,
2670 3811 2981 3866 personam,
3005 3798 3278 3851 secundus
3293 3806 3476 3851 autem
3499 3798 3664 3853 home

2080 3896 2301 3957 propter
2346 3886 2653 3953 adiunctam
2688 3885 3103 3948 humanitatem,
3150 3902 3216 3939 ex
3278 3887 3418 3941 cmlo
3472 3896 3654 3941 autem

2078 3987 2299 4049 propter
2313 3977 2669 4032 divinitatem.
2688 3974 2801 4029 Nisi
2820 3977 2965 4030 enim
2992 3978 3413 4047 unumquodque
3441 3981 3663 4049 proprie

2078 4068 2638 4133 consideraverimus,
2682 4067 3054 4139 apostolorum
3093 4071 3447 4141 repugnantia
3476 4072 3661 4126 dicere

2078 4160 2502 4230 suspicabimur.
2540 4160 2825 4228 Quomodo
2868 4161 3012 4216 enim
3047 4171 3142 4215 aut
3171 4177 3264 4231 per
3292 4164 3473 4218 omnia
3500 4166 3663 4221 nobis

2080 4256 2296 4319 similis,
2358 4264 2451 4309 aut
2504 4254 2672 4308 frater
2729 4262 2938 4318 noster,
3015 4255 3060 4308 si
3117 4270 3333 4309 carnem
3383 4258 3659 4313 caelestem

2078 4346 2292 4402 induit?
2322 4345 2445 4400 Haec
2474 4345 2618 4400 enim
2648 4354 2701 4399 et
2726 4344 2830 4399 alia
2855 4345 3271 4402 innumerabilia
3316 4349 3656 4405 incommoda

2078 4447 2509 4509 consequentur.

408 4526 543 4580 Ἔτι
590 4528 739 4604 κατὰ
776 4527 1134 4604 τῷν-,αὑτων
1165 4535 1271 4604 τοᾷ
1328 4535 1599 4604 μεγάλου
1648 4541 1972 4598 Βασιλείου

2081 4527 2216 4583 Item
2269 4538 2452 4583 contra
2506 4527 2707 4604 eosdem
2760 4526 2955 4604 Quo-ili
2999 4528 3185 4599 Magni
3221 4547 3284 4585 ea:
3326 4534 3565 4589 oratione
3620 4550 3657 4590 ιι

655 4598 722 4650 ἐκ
753 4599 860 4652 τοῦ
885 4598 946 4663 ,ϐ’
976 4600 1161 4670 λόγου
1196 4602 1305 4670 τῆς
1328 4598 1729 4675 ’Ὲξαημέροω

482 4705 502 4739 ι
540 4689 653 4742 Καὶ
679 4689 866 4753 σκότος
895 4692 1079 4746 ἐπάνω
1100 4695 1198 4763 τῆς
1225 4695 1518 4752 ἀϐύσσου.»
1545 4700 1617 4752 Τὸ
1648 4702 1837 4765 σκότος
1868 4704 1968 4775 οὐχ

397 4778 480 4841 ὥς
509 4780 756 4847 πέφυκεν
797 4782 1140 4857 ἐξηγοῦνται,
1197 4786 1334 4857 ἀέρα
1390 4787 1511 4841 τινά
1564 4789 1890 4858 ἀφώτιστον.
1938 4795 1972 4866 ἦ

399 4870 570 4923 τόπον
594 4872 652 4939 ἐξ
683 4873 1063 4943 ἀντιφράξεως
1108 4874 1360 4947 σώματος
1407 4882 1781 4953 σκιαζόμενον,
1836 4887 1973 4941 ἀλλά

399 4960 636 5042 δύναμιν
667 4964 863 5036 κακὴν,
911 4967 1110 5036 μᾶλλον
1131 4969 1187 5023 δὲ
1218 4971 1349 5024 αὐτὸ
1377 4972 1438 5025 τδ
1479 4974 1648 5029 κακὸν
1692 4978 1822 5046 παρ’
1846 4978 1975 5032 ἑαυ-

400 5050 502 5104 τοῦ
530 5051 630 5118 μὲν
655 5052 757 5121 τὴν
786 5052 964 5123 ἀρχὴν
1005 5055 1155 5125 ἔχον,
1186 5058 1565 5127 ἀντικείμενον
1591 5061 1648 5115 δὲ
1695 5065 1787 5116 καὶ
1816 5068 1975 5119 ἐναν-

398 5141 522 5195 τίον
547 5142 612 5211 τῇ
647 5142 944 5213 ἀγαθότητι
968 5145 1063 5199 τοῦ
1091 5146 1249 5203 Θεοῦ.
1285 5148 1346 5200 El
1367 5149 1475 5220 γὰρ
1499 5150 1527 5201 6
1549 5152 1680 5215 Θεὸς
1705 5154 1817 5222 φῶς
1837 5156 1973 5222 ἐστι,

394 5231 561 5302 δῆλον
586 5232 669 5285 ὃτι
700 5233 731 5303 ἢ
764 5233 1291 5307 ἀντιστρατευομένη
1323 5240 1469 5309 αὐτῷ
1498 5241 1723 5311 δύναμις
1788 5246 1977 5310 σκότος

392 5322 467 5377 ἂν
494 5323 599 5394 εἴη,
630 5327 784 5395 φησὶ,
815 5325 957 5379 κατά
998 5329 1058 5380 τὸ
1086 5329 1185 5398 τῆς
1210 5329 1448 5395 διανοίας
1494 5333 1788 5387 ἀκόλουθον
1807 5352 1821 5366 ’
1851 5339 1977 5390 σκό-

398 5428 493 5474 τος
516 5413 577 5464 οὑ
611 5412 741 5485 παρ’
765 5414 954 5485 ἑτέρου
994 5417 1054 5469 τὸ
1080 5412 1219 5471 εἶναι
1252 5418 1404 5489 ἔχον,
1461 5421 1597 5475 ἀλλά
1624 5424 1793 5477 κακὸν
1817 5424 1971 5478 αὐτο-

400 5501 670 5573 γέννητον
694 5519 709 5534 ο
741 5505 931 5566 σκότος
973 5506 1229 5577 πολέμιον
1250 5509 1457 5580 ψυχῶν,
1495 5510 1724 5565 θανάτου
1763 5531 1975 5583 ποιητι-

2675 4599 2731 4651 in
2763 4597 3146 4655 Hexaemeron.

2158 4688 2222 4743 Et
2262 4690 2485 4744 tenebra’
2513 4698 2663 4743 erant
2692 4705 2846 4757 super
2887 4690 3127 4762 abyssum
3152 4692 3195 4744 ⁸.
3219 4691 3500 4747 Tenebras
3543 4710 3654 4749 non

2081 4781 2157 4836 uti
2219 4791 2412 4836 natura
2466 4792 2612 4848 sunt,
2684 4783 3132 4852 interpretantur,
3204 4798 3399 4854 nempe
3471 4801 3653 4843 aerem

2079 4875 2365 4944 quemdam
2395 4877 2515 4931 luce
2550 4892 2659 4931 non
2696 4876 3041 4939 illustratum,
3090 4885 3183 4929 aut
3216 4877 3391 4932 locum
3436 4878 3654 4947 objeetu

2079 4967 2323 5034 corporis
2353 4967 2725 5032 obscuratum,
2777 4967 2869 5021 sed
2918 4966 3218 5037 potentiam
3272 4968 3487 5032 malam,
3546 4970 3655 5022 imo

2076 5072 2206 5111 vero
2234 5058 2412 5127 ipsum
2448 5060 2671 5124 malum,
2707 5060 2852 5128 quod
2899 5076 2928 5113 a
2961 5075 3019 5114 se
3052 5060 3270 5130 quidem
3324 5063 3654 5132 principium

2076 5146 2294 5213 habeat,
2329 5149 2647 5204 adversetur
2671 5159 2852 5204 autem
2901 5160 2955 5204 et
2990 5152 3325 5205 contrarium
3371 5153 3439 5207 sit
3492 5153 3657 5206 boni-

2077 5239 2172 5293 tati
2205 5239 2322 5293 Dei.
2358 5240 2491 5295 Nam
2542 5243 2586 5295 si
2643 5240 2807 5309 Deus,
2856 5242 3129 5313 inquiunt,
3176 5254 3257 5298 est
3293 5244 3402 5307 lux,
3456 5245 3655 5298 rationi

2075 5342 2498 5389 consentaneum
2539 5346 2623 5390 est
2678 5345 2737 5390 ut
2763 5353 2884 5407 qua:
2912 5338 2986 5391 illi
3016 5355 3076 5392 ex
3126 5339 3355 5393 adverso
3391 5346 3656 5407 repugnat

2077 5428 2314 5495 potentia
2368 5430 2604 5484 tenebras
2662 5430 2794 5495 sint,
2862 5447 2969 5485 non
3044 5432 3264 5485 aliunde
3321 5430 3655 5500 principium

2078 5517 2359 5584 habentes,
2412 5520 2505 5575 sed
2536 5537 2633 5590 per
2677 5536 2735 5575 se
2792 5522 3004 5592 genitae.
3060 5521 3189 5586 Qua:
3240 5521 3459 5591 quidem
3511 5523 3658 5579 nihil

395 5594 520 5658 κδν,
551 5596 756 5667 ἀρετῆς
812 5600 1156 5663 ἐναντίωσις,
1190 5602 1328 5671 ὅπερ
1389 5603 1481 5656 καὶ
1523 5604 1841 5673 ὑφιστάναι,
1879 5610 1975 5661 καὶ

2081 5608 2221 5663 aliud
2256 5620 2404 5675 sunt,
2440 5611 2541 5665 nisi
2574 5613 2751 5681 ipsum
2789 5612 3009 5672 malum.
3053 5612 3197 5677 quod
3231 5613 3444 5668 animos
3486 5629 3658 5684 Oppu-

400 5685 483 5757 μὴ
502 5688 655 5758 παρά
682 5688 817 5743 Θεοῦ
858 5691 1186 5761 γεγενῆσθαι
1214 5694 1304 5747 ὑπ’
1328 5695 1504 5750 αὐτῶν
1536 5696 1834 5769 μηνύεσθαι
1864 5700 1971 5753 τῶν

2081 5708 2220 5770 gnat,
2255 5711 2483 5757 mortem
2518 5704 2675 5773 parit,
2705 5703 2960 5755 virtutem
2994 5715 3051 5756 ut
3105 5705 3275 5759 hostis
3324 5703 3651 5775 insequitur.

472 5799 486 5829 '
518 5799 713 5876 _Ilebr.
750 5818 807 5876 ιι,
842 5804 925 5859 Η.
1065 5809 1084 5838 ¹
1119 5806 1266 5863 Psal.
1296 5827 1409 5876 xxi,
1448 5812 1535 5869 25.

395 5868 475 5953 '-l
510 5869 636 5927 Cor.
662 5887 725 5941 ιι,
757 5874 811 5930 8.
890 5877 909 5908 ⁸
942 5876 1077 5934 Gen.
1116 5892 1157 5942 ι,
1189 5879 1244 5933 2.

1652 5814 1863 5871 ³11ειιΐ.
1901 5833 1957 5884 ll,
1997 5819 2083 5879 Η.

2181 5821 2200 5848 ⁵
2231 5821 2363 5875 ibid.
2405 5820 2486 5876 16.
2592 5819 2786 5878 'Joan.
2850 5836 2926 5889 In,
2994 5823 3077 5877 i5.
3182 5824 3199 5854 ⁸
3231 5823 3248 5878 1
3277 5823 3403 5877 Cor.
3442 5841 3529 5891 xv,
3560 5824 3654 5879 47.
