4066 6288
520 407 619 471 311

1754 412 2136 474 EUTHYMII
2180 412 2300 471 ZIG
2314 410 2543 471 ABENI
3649 414 3741 477 312

518 520 686 591 idque
718 533 815 590 per
844 535 901 575 se
932 521 1254 588 consistere,
1282 536 1390 576 non
1423 531 1601 576 autem
1650 539 1677 577 a
1734 524 1846 578 Deo
1894 525 2093 579 factum

2202 524 2293 577 τοῦ
2326 524 2606 593 προφήτου
2662 521 2837 589 λόγων
2879 520 3276 589 ἐξαπατῶνται.
3328 520 3421 573 Ἕκ
3461 520 3521 592 δὴ
3570 523 3739 579 τούτου

520 628 662 677 esse,
691 628 757 666 ex
808 612 937 681 ipsis
971 614 1248 683 propheta
1301 613 1493 669 verbis:
1530 614 1825 686 signiﬁcari
1884 617 2095 680 dicunt,

517 703 610 756 sed
661 702 941 756 falluntur.
974 701 1048 756 Ex
1098 702 1203 756 hoc
1257 704 1423 759 verbo
1475 719 1593 774 qua
1636 721 1745 760 non
1797 722 1996 777 prava,
2045 718 2101 763 et

516 794 700 862 impia
752 794 1038 862 opiniones
1100 794 1345 849 conﬁcta
1400 798 1568 852 sunt?
1615 799 1692 852 Ex
1760 799 1862 854 hac
1929 814 2097 870 prava

516 885 711 940 vocula
748 900 905 953 quam
954 899 1147 955 graves
1174 886 1286 955 lupi
1335 888 1673 943 occasionem
1723 892 2097 961 arripuerunt,

517 986 578 1031 ut
612 977 704 1030 Dei
745 990 961 1046 gregem
1000 977 1379 1044 dilacerarent,
1415 989 1467 1034 et
1498 980 1711 1037 animos
1743 983 2100 1038 invaderent?

516 1067 708 1121 Nonne
762 1067 1063 1120 Marciones
1116 1068 1244 1123 hinc
1316 1071 1652 1140 eruperunt?
1706 1066 1892 1129 nonne
1968 1076 2100 1129 hinc

516 1160 789 1213 Valentini
845 1160 1021 1214 exorti
1076 1160 1249 1214 sunt?
1316 1176 1501 1215 nonne
1570 1164 1697 1218 hinc
1766 1166 2099 1221 exsecranda

515 1250 937 1304 Manichaorum
980 1250 1201 1306 baresis
1232 1251 1471 1321 profecta
1509 1253 1627 1308 est?
1671 1270 1833 1324 quam
1886 1256 1930 1310 si
1978 1258 2102 1324 quis

517 1353 731 1411 putrem
763 1341 1128 1397 Ecelesiarum
1158 1344 1368 1397 saniem
1415 1345 1669 1416 appellet,
1717 1362 1827 1400 non
1873 1350 2098 1405 errabit.

517 1436 671 1499 Quod
709 1444 847 1488 terra
880 1443 1021 1488 esset
1052 1434 1359 1496 invisibilis,
1406 1450 1471 1489 ex
1518 1450 1604 1501 eo,
1641 1436 1780 1505 quod
1829 1439 2097 1507 sequitur,

516 1525 890 1581 conﬁrmatur.
923 1526 1190 1589 Quoniam
1230 1527 1474 1599 abyssus,
1514 1545 1634 1600 qna
1674 1529 1747 1584 illi
1778 1530 2099 1597 iubarebat,

516 1630 631 1675 erat
649 1622 762 1690 ipsa
783 1633 997 1690 quoque
1016 1620 1253 1675 tenebris
1272 1622 1530 1678 involuta.
1567 1624 1929 1690 Quamobrem
1953 1625 2103 1695 abys-

516 1726 610 1767 sus
641 1727 750 1766 non
788 1720 870 1766 est
924 1712 1217 1767 multitudo
1244 1714 1648 1769 adversantium
1669 1725 2021 1786 potestatum,
2044 1724 2103 1771 ut

516 1806 735 1868 quidam
774 1804 977 1874 Opinati
1029 1812 1177 1859 sunt.
1237 1803 1346 1859 Nec
1399 1806 1638 1861 tenebra
1686 1817 1813 1862 sunt
1862 1792 2101 1878 poteniia

516 1898 760 1967 quadam
796 1898 1069 1966 princeps,
1103 1906 1157 1952 et
1190 1898 1460 1968 improha,
1505 1915 1625 1970 qua
1680 1900 1883 1955 bonum
1923 1901 2098 1971 ipsum
2134 1879 2174 1934 Β

517 1991 816 2061 impugnet.
850 1990 966 2044 Duo
995 1991 1162 2054 enim,
1193 2006 1313 2061 qua
1344 1992 1447 2047 sibi
1476 1992 1713 2048 vicissim
1758 1993 1927 2063 aquis
1972 1992 2102 2048 viri-

515 2082 619 2136 bus
648 2082 868 2151 pradita
913 2084 1292 2148 adversentur,
1344 2098 1464 2141 sese
1513 2093 1702 2138 mutuo
1751 2094 2103 2155 corrumpent

516 2175 759 2237 omnino.
815 2183 869 2229 et
924 2184 1190 2245 perpetuo
1248 2176 1391 2231 bello
1445 2176 1520 2232 sic
1590 2177 1981 2242 distrahentur,
2042 2186 2101 2234 ut

512 2267 788 2335 negotium
819 2283 1097 2337 nunquam
1143 2282 1253 2322 non
1294 2267 1551 2335 habeant,
1602 2279 1657 2325 et
1704 2271 1810 2345 sibi
1862 2270 2099 2326 vicissim

513 2359 828 2413 exhibeant.
866 2358 1020 2425 Quod
1057 2362 1100 2414 si
1148 2361 1358 2416 viribus
1390 2374 1557 2415 unum
1608 2363 2100 2431 praestiterit.alte-

513 2464 635 2503 rum
669 2465 893 2521 prorsus
945 2451 1212 2507 abolebit.
1259 2451 1447 2523 Itaque
1511 2454 1553 2507 si
1611 2469 1797 2523 parem
1846 2456 1993 2519 ntali,
2045 2462 2101 2510 et

511 2546 636 2600 boni
674 2547 777 2599 vim
815 2559 935 2600 esse
966 2554 1229 2611 statuunt,
1258 2546 1535 2600 assiduum
1588 2546 1812 2610 bellum,
1866 2556 1921 2601 et
1974 2562 2099 2618 per-

510 2646 735 2705 petitum
768 2637 1046 2690 interitum
1089 2635 1464 2700 introducunt,
1492 2652 1615 2691 eum
1644 2640 1847 2708 pariter
1881 2648 1937 2692 et
1982 2639 2101 2711 vin-

511 2739 600 2784 cat
629 2741 942 2797 utrumque.
978 2736 1031 2781 et
1065 2728 1317 2782 vincatur
1346 2728 1413 2782 ab
1444 2728 1641 2783 altero.
1693 2728 1787 2781 Sin
1836 2729 1965 2783 boni
2017 2730 2097 2784 vis

510 2820 809 2880 antecellit.
836 2819 964 2890 quid
988 2819 1186 2885 obstat,
1205 2820 1498 2889 quominus
1514 2829 1707 2874 natura
1732 2821 1854 2875 mali
1874 2823 2096 2892 penitus

511 2911 796 2969 deleatur?
826 2911 923 2966 Sin
958 2919 1169 2978 contra,
1203 2911 1346 2981 quod
1378 2911 1541 2967 nefas
1568 2922 1650 2967 est
1677 2912 1882 2978 dicere,
1906 2915 2094 2982 miror,

511 3019 609 3058 cur
642 3018 749 3057 non
783 3016 813 3057 a
843 3016 902 3057 se
954 3002 1172 3071 ipsimet
1214 3000 1448 3071 fugiant,
1503 3012 1556 3056 et
1604 3004 1953 3069 abhorreant,
2002 3005 2094 3075 qui

508 3107 620 3152 tam
655 3096 818 3166 impia
847 3103 903 3151 et
956 3094 1277 3151 detestanda
1330 3096 1620 3150 maledicta
1675 3098 2100 3153 comminiscun-

509 3201 619 3248 tur.
651 3189 759 3245 Nee
792 3199 973 3245 tamen
1025 3190 1172 3259 pium
1204 3196 1286 3244 est
1335 3189 1515 3244 dicere
1555 3190 1621 3244 ab
1668 3190 1785 3261 ipso
1829 3190 1939 3245 Deo
1986 3206 2099 3245 ma-

508 3283 622 3336 lum
680 3282 831 3337 oriri.
893 3281 1349 3350 Quandoquidem
1400 3282 1610 3335 nullum
1674 3282 2005 3337 contrarium
2067 3300 2096 3337 a

511 3376 786 3429 contrario
841 3374 921 3428 ﬁt.
987 3373 1175 3443 Neque
1215 3375 1361 3427 enim
1399 3374 1508 3427 vita
1567 3383 1796 3427 mortem
1855 3384 2095 3445 generat.

506 3467 621 3522 Nec
677 3466 913 3520 tenebra
968 3465 1144 3519 lucem
1202 3465 1439 3535 pariunt.
1499 3463 1607 3518 Nec
1671 3463 1889 3519 morbus
1944 3464 2094 3519 vale-

511 3556 757 3611 tudinem
815 3556 996 3611 ellicit.
1033 3556 1101 3611 At
1136 3555 1178 3611 si
1231 3554 1455 3617 malum,
1518 3554 1794 3623 inquiunt.
1850 3568 1950 3611 nec
2012 3555 2096 3608 in-

511 3649 755 3718 genitum
802 3657 904 3713 est,
971 3662 1072 3703 nec
1105 3649 1344 3718 genitum
1398 3664 1427 3702 a
1478 3647 1608 3711 Deo,
1663 3648 1805 3701 unde
1848 3658 2096 3701 naturam

510 3740 713 3793 habet?
740 3739 873 3794 Nam
914 3740 1052 3794 mala
1076 3740 1291 3810 quidem
1322 3755 1442 3795 esse
1490 3740 1672 3793 nullus
1714 3740 1950 3810 negabit,
2004 3738 2096 3809 qui

507 3833 632 3886 vita
679 3848 904 3887 munere
940 3832 1217 3903 fungatur.
1272 3832 1410 3897 Quid
1448 3830 1609 3903 igitur
1664 3832 1947 3887 dicemus?
1983 3832 2096 3887 Ma-

509 3924 621 3978 lum
674 3939 784 3977 non
835 3938 955 3978 esse
1016 3932 1267 3977 naturam
1309 3924 1510 3987 vivam.
1568 3932 1731 3994 atque
1775 3925 2094 3989 animatam,

510 4017 603 4071 sed
643 4017 987 4071 aliectionem
1016 4017 1305 4087 quamdam
1332 4017 1383 4071 in
1422 4017 1627 4081 animo,
1680 4034 1799 4087 qua
1840 4016 2095 4086 quoniam

508 4107 579 4161 ab
616 4108 848 4162 honesto
876 4108 1111 4172 decedit,
1160 4118 1243 4163 est
1281 4109 1463 4163 virtuti
1490 4109 1783 4171 contraria,
1808 4120 1862 4161 et
1889 4107 2097 4176 ignavis

510 4200 836 4254 innascitur.
875 4200 1054 4265 Quare
1088 4216 1198 4255 non
1231 4209 1334 4263 est.
1378 4217 1477 4254 cur
1518 4202 1719 4254 malum
1771 4200 2098 4254 intrinsecus

511 4291 863 4361 pervestiges,
893 4303 985 4346 aut
1013 4293 1312 4361 principem
1340 4292 1500 4345 ullam
1529 4292 1893 4360 improbitatis
1926 4302 2094 4345 natu-

509 4398 627 4436 ram
678 4384 943 4453 opineris,
984 4385 1075 4437 sed
1103 4400 1213 4437 sua
1239 4385 1469 4453 quisque
1494 4385 1711 4438 malitia
1739 4400 1795 4439 se
1817 4393 2094 4439 auctorem

509 4488 789 4546 agnoscat.
825 4478 1061 4533 Proinde
1098 4493 1327 4547 quorum
1370 4488 1424 4533 tu
1473 4480 1729 4533 dominus
1778 4494 1857 4540 es.
1908 4494 2095 4533 eorum

511 4569 725 4625 aliunde
759 4585 826 4625 ne
854 4586 1067 4641 quaras
1113 4570 1283 4627 initia.
1322 4569 1431 4626 Sed
1481 4571 1739 4639 intellige,
1777 4571 1919 4640 quod
1971 4585 2098 4640 pro-

510 4661 650 4728 prie.
704 4671 759 4717 et
790 4677 914 4717 vere
961 4662 1159 4719 malum
1213 4671 1317 4725 est,
1372 4662 1424 4718 id
1458 4678 1523 4717 ex
1575 4662 1883 4725 voluntario
1939 4662 2091 4732 lapsu

510 4753 841 4823 pri.-.cipium
899 4754 1123 4809 ducere.
1192 4753 1323 4810 Nam
1379 4756 1423 4810 si
1485 4764 1680 4827 praeter
1762 4759 2093 4809 voluntatem

510 4842 806 4904 accideret.
845 4859 954 4899 non
987 4854 1173 4900 tantus
1204 4861 1271 4900 ex
1314 4844 1522 4913 legibus
1558 4844 1720 4899 timor
1770 4844 2094 4913 delinquen-

2201 616 2255 669 τί
2287 616 2407 685 οὐχὶ
2434 615 2779 683 συνεπλάσθη
2801 614 2908 666 τῶν
2936 613 3190 684 πονηρῶν
3232 614 3327 666 καὶ
3359 614 3529 666 ἀθέων
3559 614 3743 687 δογμά-

2200 724 2337 772 των;
2374 709 2523 760 nolet
2575 706 2731 760 λύκοι
2773 706 2962 777 βαρεῖς
3016 705 3350 768 διασπῶντες
3412 705 3471 759 τὸ
3519 707 3745 777 ποίμνιον

2200 799 2295 852 τοῦ
2323 797 2460 851 Θεοῦ
2494 798 2612 868 οὐχὶ
2640 798 2747 851 ἀπὸ
2786 796 2885 867 τῆς
2918 798 3125 867 μικρᾶς
3174 795 3380 866 ταύτης
3433 798 3607 867 φωνῆς
3657 801 3745 869 τὴν

2201 888 2375 959 ἀρχὴν
2400 888 2657 951 λαϐόντες
2704 887 3053 941 ἐπεπόλασαν
3099 889 3219 963 ταῖς
3245 886 3443 957 ψυχαῖς
3471 904 3487 952 ;
3525 889 3582 941 ού
3609 891 3748 961 Map-

2202 981 2398 1044 κίωνες
2418 996 2433 1046 ;
2457 980 2560 1034 οὐκ
2593 980 2941 1034 Οὐαλεντῖνοι
2966 996 2979 1010 ο
3015 980 3116 1050 οὐχ
3141 982 3171 1049 ἡ
3197 979 3459 1050 βδελυκτὴ
3474 981 3747 1037 τῶνΜανι-

2201 1074 2371 1144 χαίων
2419 1072 2667 1141 αἴρεσιςς
2721 1072 2786 1141 ἠν
2846 1070 3115 1140 σηπεδόνα
3164 1089 3249 1134 τις
3292 1073 3399 1123 τῶν
3436 1072 3749 1141 Ἐκκλησιῶν

2204 1163 2520 1235 προσειπὼν
2559 1163 2655 1231 οὐχ
2710 1163 3020 1233 ἁμαρτήσει
3084 1163 3177 1215 τοῦ
3237 1165 3618 1233 προσήκοντος.
3652 1165 3750 1218 Τοῦ

2202 1258 2433 1325 ἀόρατον
2457 1250 2599 1309 εἶναι
2656 1253 2755 1324 τῆν
2823 1255 2927 1323 γῆν
2988 1253 3492 1307 κατασκευαστικόν
3542 1255 3651 1309 ἐστι
3698 1255 3752 1309 τὸ

2203 1349 2569 1418 ἐπαγόμενον,
2606 1346 2687 1399 δτι
2716 1346 2954 1409 ἄϐυσσος
2998 1341 3067 1416 ἦν
3095 1346 3128 1413 ὴ
3164 1345 3460 1414 ἐπέχουσα,
3496 1346 3586 1398 καὶ
3627 1344 3752 1415 αὐτὴ

2204 1439 2583 1512 ἐσκοτωμένη.
2623 1439 2760 1493 Οὔτε
2811 1439 2902 1493 οὖν
2955 1438 3190 1501 ἄϐυσσος
3232 1437 3512 1507 δυνάμεων
3573 1434 3753 1507 πλῆθος

2198 1534 2619 1605 ἀντικειμένων,
2662 1533 2738 1596 ὥς
2760 1549 2905 1595 τινες
2946 1532 3393 1601 ἐφαντάσθησαν,
3425 1528 3544 1584 οὔτε
3584 1530 3753 1594 σκότος

2206 1626 2409 1696 ἀρχική
2443 1642 2526 1688 τις
2560 1624 2656 1678 καὶ
2684 1628 2901 1695 πονηρὰ
2947 1623 3184 1694 δύναμις
3234 1622 3637 1693 ἀντεξαγομένη
3686 1622 3753 1692 τῷ

2205 1717 2417 1785 ἀγαθῷ.
2462 1716 2565 1769 Δύο
2598 1718 2708 1786 γὰρ
2741 1715 3062 1782 ἐξισάζοντα
3094 1714 3347 1785 ἀλλήλοις
3373 1714 3496 1767 κατ’
3526 1716 3755 1767 ἐναντίω·

2209 1826 2291 1863 σιν
2313 1807 2589 1877 φθαρτικὰ
2620 1808 2771 1860 ἔσται
2802 1808 3017 1871 πάντως
3044 1811 3144 1879 τῆς
3173 1808 3421 1877 ἀλλήλων
3446 1807 3752 1872 συστάσεως,

2204 1908 2301 1955 καὶ
2336 1898 2637 1970 πράγματα
2664 1900 2771 1966 ἕξει
2801 1899 3088 1971 διηνεκῶς,
3128 1900 3223 1951 καὶ
3257 1898 3485 1969 παρέξει
3516 1898 3757 1968 ἀπαύστῳ

2206 1993 2340 2063 πρδς
2361 1992 2566 2062 ἄλληλα
2588 1993 2920 2062 συνεχόμενα
2945 1991 3020 2061 τῷ
3048 1991 3173 2044 πολέ
3184 2010 3290 2060 μῳ.
3326 1991 3443 2043 Κᾶν
3466 1989 3758 2060 ὑπερϐάλλῃ

2205 2084 2563 2154 δυνάμειτῶν
2595 2084 2998 2153 ἀντικειμένων
3024 2084 3085 2137 τὸ
3135 2083 3348 2153 ἕτερον,
3412 2082 3758 2153 δαπανητικόν

2204 2177 2503 2241 ἐξάπαντος
2536 2176 2627 2229 τοῦ
2672 2176 3037 2246 κρατηθέντος
3099 2177 3339 2240 γίνεται.
3373 2176 3533 2229 Ὥστε
3580 2175 3625 2227 εί
3674 2173 3759 2243 μὲν

2207 2267 2497 2339 ἰσόρροπον
2526 2267 2747 2335 λέγουσι
2769 2264 2865 2318 τοῦ
2906 2266 3080 2321 κακοῦ
3112 2265 3213 2336 τὴν
3262 2266 3402 2336 πρὸς
3452 2266 3514 2319 τδ
3575 2267 3760 2335 ἀγαθὸν

2203 2363 2545 2422 ἐναντίωσιν,
2600 2361 2881 2414 ἄπαυστον
2941 2360 3224 2428 εἰσάγουσι
3261 2362 3523 2429 πόλεμον,
3554 2362 3642 2414 καὶ
3662 2360 3763 2430 διη-

2203 2457 2340 2526 νεκῆ
2367 2457 2469 2528 τὴν
2504 2454 2733 2525 φθορὰν,
2757 2452 3108 2524 κρατούντων
3154 2456 3212 2507 ἐν
3254 2455 3439 2525 μέρει,
3484 2434 3591 2508 ’καὶ
3636 2470 3761 2524 κρα-

2201 2548 2480 2618 τουμένων
2502 2564 2515 2577 ·
2552 2548 2599 2598 εί
2640 2546 2695 2598 δὲ
2725 2546 2984 2615 ὑπερέχει
3018 2545 3255 2614 δυνάμει
3291 2547 3356 2598 τὸ
3383 2545 3599 2612 ἀγαθὸν,
3632 2542 3760 2610 τίςή

2202 2642 2350 2694 αίτία
2383 2638 2475 2693 τοῦ
2504 2640 2600 2709 τὴν
2632 2640 2796 2708 φύσιν
2824 2640 2994 2693 κακοῦ
3033 2642 3105 2708 μὴ
3143 2638 3427 2697 παντελῶς
3457 2636 3758 2710 ἀνῃρῆσθαις

2202 2733 2265 2785 Ei
2292 2731 2370 2796 δέ,
2401 2729 2428 2782 δ
2460 2730 2535 2799 μὴ
2585 2730 2741 2797 θέμις
2770 2733 2967 2793 εἰπεῖν,
3003 2729 3290 2799 θαυμάζω,
3326 2729 3443 2791 πῶς
3482 2730 3596 2799 οὐχὶ
3648 2727 3763 2796 φεύ-

2202 2838 2387 2891 γουσιν
2413 2822 2569 2875 αὐτοὶ
2603 2823 2831 2885 ἑαυτοὺς
2863 2821 3002 2891 πρὸς
3063 2820 3206 2873 οὕτω
3260 2819 3614 2890 βλασφημίας
3647 2818 3762 2871 ἀθε-

2204 2915 2394 2985 μίτους
2424 2915 2828 2986 ὑποφερόμενοι
2855 2932 2870 2983 ;
2897 2916 2971 2969 Ού
3008 2914 3112 2986 μὴν
3148 2913 3269 2968 οὐδὲ
3340 2912 3492 2983 παρὰ
3534 2908 3663 2964 Θεοῦ
3706 2909 3763 2962 τὸ

2200 3011 2371 3064 κακὸν
2404 3012 2500 3079 τὴν
2534 3012 2751 3080 γένεσιν
2790 3010 2937 3081 ἔχειν
2970 3007 3191 3072 εύσεϐές
3225 3008 3349 3063 ἐστι
3379 3008 3577 3075 λέγειν,
3603 3003 3684 3057 διὰ
3706 3001 3761 3056 τὸ

2204 3104 2368 3173 μηδὲν
2392 3100 2498 3155 τῶν
2525 3103 2780 3156 ἐναντίων
2835 3101 2989 3169 παρὰ
3050 3098 3145 3153 τοῦ
3198 3101 3460 3153 ἐναντίου
3509 3096 3759 3169 γίνεσθαι.

2202 3192 2339 3247 Οὔτε
2371 3195 2478 3266 γᾶρ
2504 3196 2535 3265 ἠ
2560 3194 2673 3265 ζωὴ
2705 3194 2935 3248 θάνατον
2976 3193 3160 3264 γεννᾷ,
3197 3190 3325 3245 οὔτε
3363 3192 3421 3245 τὺ
3452 3193 3635 3255 σκότος
3664 3206 3763 3259 φω-

2203 3289 2294 3350 τός·
2322 3287 2469 3340 ἐστιν
2498 3286 2663 3359 ἀρχὴ,
2691 3285 2816 3339 οὔτε
2847 3287 2878 3358 ἡ
2909 3282 3062 3348 νόσος
3079 3284 3268 3353 ὑγείας
3285 3284 3408 3337 ἐστὶ
3431 3279 3761 3355 δημιουργός.

2200 3380 2262 3433 Εί
2290 3380 2490 3445 τοίνυν,
2521 3380 2675 3449 φησι,
2734 3378 2869 3448 μήτε
2903 3377 3187 3448 ἀγένητον,
3250 3377 3394 3448 μήτε
3442 3375 3590 3446 παρὰ
3642 3370 3764 3427 θεοῦ

2205 3468 2452 3537 γεγονός,
2485 3472 2649 3522 πόθεν
2702 3467 2811 3537 ἔχει
2843 3466 2940 3537 τὴν
3001 3466 3193 3536 (pinv;
3259 3467 3341 3523 Τὸ
3386 3466 3493 3540 γὰρ
3531 3461 3664 3519 εἷναι
3705 3462 3765 3517 τὰ

2207 3560 2355 3614 κακὰ
2387 3561 2562 3623 οὐδείς
2590 3560 2810 3629 ἀντερεῖ
2834 3558 2939 3611 τῶν
2977 3560 3320 3630 μετεχόντων
3348 3556 3442 3613 τοῦ
3463 3556 3663 3628 Sion.“
3682 3554 3765 3609 οὖν

2201 3668 2418 3722 φαμεν;
2449 3653 2571 3705 Ὅτι
2606 3651 2666 3704 τι
2701 3653 2870 3705 κακὸν
2895 3651 2993 3704 οὐκ
3029 3650 3175 3704 ἐστιν
3204 3652 3368 3705 οὐσία
3399 3652 3545 3717 ζῶσα
3567 3651 3651 3703 καὶ
3679 3649 3767 3717 ἐμ.

2199 3744 2393 3815 ψύχος,
2434 3743 2567 3795 ἀλλὰ
2590 3742 2831 3804 διάθεσις
2851 3743 2908 3794 έν
2929 3741 3075 3813 ψυχῇ
3110 3742 3373 3809 ἐναντίως
3408 3738 3603 3815 ἔχουσα
3637 3740 3765 3811 πρὸς

2199 3837 2403 3906 ἀρετὴν
2427 3838 2511 3889 διὰ
2537 3838 2634 3904 τὴν
2658 3836 2765 3889 ἀπὸ
2796 3835 2888 3887 τοῦ
2920 3835 3087 3888 καλοῦ
3116 3836 3440 3890 ἀπόπτωσιν
3470 3838 3578 3898 τοίς
3612 3831 3763 3905 ῥαθύο

2201 3943 2323 3996 μοις
2354 3927 2700 3995 ἐγγινομένη.
2737 3925 2828 3995 Μὴ
2846 3924 3025 3977 τοίνυν
3058 3925 3164 3992 ἔξω
3214 3926 3317 3995 μὲν
3350 3926 3412 3979 τὸ
3463 3924 3627 3979 κακον
3678 3939 3766 3974 πε-

2203 4017 2477 4088 ρισκόπει,
2514 4016 2650 4087 μηδέ
2679 4015 2973 4087 ἀρχέγδνόν
2996 4035 3115 4071 τινα
3149 4015 3319 4084 φύσιν
3343 4018 3609 4087 πονηρίας
3642 4032 3766 4084 φαν-

2162 4110 2384 4173 ίτάζου,
2416 4109 2554 4162 ἀλλὰ
2593 4110 2690 4178 τῆς
2722 4109 2779 4161 ἐν
2830 4108 2980 4178 αὐτῷ
3034 4109 3233 4174 κακίας
3293 4111 3528 4173 ἕκαστος
3590 4106 3766 4161 ἐαυτὸν

2199 4194 2467 4272 ἀρχηγὸν
2504 4201 2840 4271 γνωριζέτω.
2882 4196 2987 4253 Ὠν
3042 4202 3223 4254 τοίνυν
3266 4200 3437 4264 αὐτὸς
3485 4197 3532 4253 εἷ
3569 4198 3763 4263 κύριος,

2197 4293 2406 4347 τούτων
2437 4295 2534 4357 τὰς
2566 4294 2741 4363 ἀρχὰς
2777 4293 2850 4365 μὴ
2876 4293 3119 4366 ζητήσῃς
3152 4294 3447 4364 ἑτέρωθεν,
3486 4292 3616 4347 ἀλλὰ
3639 4307 3701 4358 γν
3720 4290 3768 4340 b-

2204 4387 2315 4453 ριζε
2344 4387 2403 4439 τὸ
2432 4387 2639 4456 κυρίως
2664 4388 2833 4439 κακον
2858 4388 2921 4439 ἐκ
2947 4386 3055 4440 τῶν
3080 4385 3489 4457 προαιρετικῶν
3518 4385 3765 4438 ἀποπτωο

2206 4477 2393 4549 μάτων
2425 4477 2525 4543 τὴν
2557 4476 2731 4547 ἀρχὴν
2756 4476 2999 4545 εἰληφός.
3030 4475 3105 4529 υύ
3138 4477 3244 4548 γὰρ
3300 4478 3387 4556 ἂν,
3426 4478 3581 4545 εἴπερ
3622 4470 3768 4526 ἀκού-

2206 4588 2321 4623 σιον
2343 4565 2432 4638 ἦν,
2456 4570 2551 4622 καὶ
2581 4570 2655 4639 μὴ
2677 4570 2759 4637 ἐφ’
2786 4570 2939 4640 ἡμῖν,
2959 4569 3214 4634 τοσοῦτος
3248 4570 3350 4640 μὲν
3376 4571 3442 4623 ἐκ
3474 4568 3581 4622 τῶν
3601 4566 3768 4634 νόμων

2202 4664 2228 4715 ὁ
2253 4662 2416 4732 φόϐος
2457 4664 2567 4723 τοῖς
2601 4661 3014 4732 πλημμελοῦσιν
3050 4663 3354 4733 ἐπήρτητο,
3395 4661 3540 4715 οὕτω
3562 4660 3617 4712 δὲ
3645 4659 3770 4710 ἀπα-

2203 4754 2445 4826 ραίτητοι
2479 4754 2588 4807 τῶν
2619 4754 2983 4829 δικαστηρίων
3016 4757 3070 4807 αί
3098 4754 3347 4819 κολάσεις
3378 4754 3443 4808 τὸ
3479 4753 3611 4824 πρὸς
3627 4748 3769 4812 ἀξίαν

2200 4848 2310 4908 τοῖς
2342 4845 2675 4916 κακούργοις
2708 4847 3130 4917 ἐπιμετροῦσαι.

512 4934 657 4987 tibus
685 4932 1043 5002 impenderet.
1087 4934 1241 4989 Nunc
1291 4934 1777 5005 autem,qnoniam
1824 4949 1853 4988 a
1899 4935 2179 4993 voluntate
2230 4936 2610 5008 proﬁciscitur,
2662 4947 2809 4993 certa
2848 4938 3176 5008 iudiciorum
3228 4940 3520 5011 supplicia.
3574 4940 3767 4997 facino-

510 5024 654 5079 rosis
685 5026 994 5080 hominibus
1042 5042 1140 5097 pro
1191 5028 1453 5097 cujusque
1500 5029 1709 5084 meritis
1757 5029 2089 5100 irrogantur.

510 5120 645 5175 Item
675 5119 729 5173 iu
756 5122 983 5192 eosdem.
1020 5120 1099 5192 Ea;
1130 5120 1406 5192 Vlibroaqui
1434 5121 1684 5190 Gregorio
1726 5122 1910 5191 Nysam
1962 5139 2098 5192 pon-

788 5189 913 5258 tiﬁci
943 5190 1250 5254 ascribitur,
1290 5191 1364 5244 De
1392 5189 1682 5263 cognitione
1712 5189 1829 5247 De}.

584 5348 653 5403 Et
688 5348 929 5408 tenebm.
975 5347 1149 5416 inquit
1188 5346 1383 5408 Moses.
1436 5358 1585 5403 erant
1628 5361 1783 5419 super
1826 5351 2090 5420 abyssum.

515 5440 593 5494 Ex
635 5448 745 5511 quo
803 5440 1074 5494 malitiose
1124 5441 1213 5494 isti
1270 5444 1656 5497 ratiocinantes
1702 5443 1889 5497 dicunt
1943 5454 2092 5497 tene-

514 5531 643 5586 hras
697 5532 886 5596 fuisse,
943 5548 1174 5601 quarum
1231 5533 1472 5587 ell'ectrix
1536 5550 1697 5588 causa
1761 5536 1831 5588 sit
1887 5534 2088 5588 malum

515 5622 862 5691 principium.
896 5623 1100 5679 Deinde
1130 5634 1184 5679 et
1211 5625 1393 5679 divisit
1425 5626 1569 5681 Deus
1614 5626 1755 5679 inter
1806 5625 1979 5679 lucrm
2035 5635 2090 5680 et

517 5714 788 5769 tenebras.
820 5716 875 5769 Si
906 5717 992 5769 luv
1030 5728 1133 5781 est,
1163 5728 1218 5771 et
1264 5720 1501 5773 tenebra
1545 5728 1693 5780 sunt.
1724 5734 1860 5786 quas
1906 5733 1936 5772 a
1968 5718 2090 5772 luce

522 5808 802 5872 sejunctas
852 5807 1127 5876 intelligis.
1188 5810 1313 5864 Hac
1360 5810 1684 5864 tenebricusi
1745 5810 1853 5873 isti,
1898 5811 1988 5878 qui
2036 5810 2087 5864 in

519 5898 641 5955 luce
672 5898 980 5954 (incutiunt.
1016 5900 1121 5954 Nos
1151 5913 1328 5957 autem
1380 5904 1632 5973 dicimus,
1690 5904 1939 5959 tenebras
1983 5920 2089 5961 non

2210 5121 2332 5172 Ἔτι
2362 5120 2510 5191 κατὰ
2540 5122 2660 5174 τῶν
2723 5120 2922 5175 αὐτῶν
2966 5123 3035 5176 ἐκ
3079 5122 3192 5190 τῆς
3232 5125 3569 5191 ,λεγομένης
3626 5121 3768 5179 εἶναι

2276 5190 2383 5277 τοῦ
2411 5192 2666 5256 Νύσσης
2696 5193 2941 5259 βίϐλου,
2979 5191 3075 5246 καί
3104 5190 3490 5263 καλουμένης
3520 5199 3769 5265 680311»-

2276 5276 2437 5326 στας.

2275 5352 2380 5405 Καὶ
2431 5355 2654 5418 σκότος
2685 5353 2886 5407 ἐπάνω
2921 5353 3032 5421 τῆς
3065 5355 3365 5420 ἀϐύσσου,
3436 5359 3569 5427 φησι
3615 5358 3770 5413 Maii}-

2204 5447 2325 5514 σῆς.
2362 5445 2527 5499 Ὅθεν
2568 5439 2715 5498 οὗτοι
2748 5446 3079 5515 κακούργως
3131 5448 3451 5517 ὁρμώμενοί
3483 5467 3644 5517 φασιν
3692 5449 3765 5501 ὄτι

2200 5531 2267 5604 ἦν
2297 5535 2357 5587 τὸ
2397 5537 2610 5597 σκότος,
2649 5532 2708 5588 οὗ
2743 5540 3028 5607 ποιητικὸν
3084 5538 3316 5607 αῐτιονή
3362 5539 3580 5609 πονηρὰ
3610 5536 3763 5609 ἀρχῆ.

2200 5624 2330 5680 Εἶτα
2356 5629 2452 5681 κτλ.
2479 5629 2798 5699 διεχώρισεν
2832 5635 2857 5682 ὁ
2880 5632 3016 5693 Θεὸς
3046 5631 3149 5683 ἀνὰ
3203 5632 3369 5700 μέσον
3423 5632 3517 5682 τοῦ
3576 5630 3745 5696 φωτὸς

2200 5722 2295 5773 καὶ
2324 5722 2427 5775 ἀνα
2463 5723 2630 5791 μέσον
2658 5723 2751 5775 τοῦ
2782 5724 3033 5786 σκότους.
3064 5723 3124 5776 El
3154 5722 3249 5777 ιῦν
3276 5721 3329 5775 τὸ
3365 5721 3483 5789 φῶς
3543 5720 3622 5784 ὃν,
3679 5734 3742 5770 κα

2199 5815 2260 5865 τὸ
2290 5816 2478 5877 σκότος
2530 5814 2612 5876 ὃν,
2646 5816 2751 5885 ἄρα
2799 5816 2860 5867 τὸ
2915 5815 3201 5869 διασταλέν
3255 5814 3386 5875 ἀπὸ,
3425 5813 3520 5866 τού
3574 5811 3742 5880 ςωτός

2201 5905 2383 5962 Ταῦτα
2419 5906 2588 5976 μὲνοὶ
2619 5908 2884 5962 σκοτεινο)⁵
2930 5911 3055 5979 περὲ
3110 5909 3169 5961 τὸ
3229 5909 3341 5978 φῶς
3390 5922 3556 5960 omet.
3615 5903 3677 5956 Τί
3711 5901 3764 5953 δὲ
