4066 6288
283 427 387 493 313

1267 429 1640 490 ΡΑΝΟΡΜΑ
1684 427 2146 490 DOGMA’I‘ICA.
2187 455 2258 466 -
2293 429 2440 490 TIT.
2487 431 2593 492 IX.

3445 425 3551 492 ιιι

278 554 448 622 ἡμεῖς
470 567 486 616 ;
511 550 586 604 0'3
610 549 670 603 τὸ
693 549 889 614 σκότος
908 549 1064 604 οὐσία
1081 567 1182 612 τις,
1211 549 1346 603 ἀλλὰ
1373 547 1742 618 συμϐεϐηκδς,
1765 545 1860 599 καὶ

1963 558 2083 598 esse
2115 553 2364 598 naturam
2402 546 2587 610 ullam,
2635 544 2732 601 sed
2783 546 3057 613 accidens,
3111 554 3167 603 et
3216 546 3355 602 nihil
3397 531 3546 602 aliud

279 643 439 695 οὐδὲν
470 644 662 712 ἕτερον
703 641 738 710 ἢ
788 643 966 711 φωτὸς
991 642 1252 696 ἀπουσία.
1290 641 1638 709 Γυρωθέντος
1663 639 1774 706 γὰρ
1805 639 1861 690 ἐν

276 732 424 802 ἀριῇ
450 732 549 784 τοῦ
576 731 1173 802 οὐρανοῦ,παρυπέστη
1209 733 1400 794 σκότος
1432 729 1492 795 ἐξ
1532 728 1862 799 ἑμφράξεως

275 825 386 877 τῶν
429 827 596 894 πέριξ
618 824 857 894 συμϐὰν,
882 825 910 877 ὅ
943 827 1035 878 καὶ
1075 824 1170 877 νῦν
1195 825 1386 878 είωοεν
1413 825 1504 876 ἐπὶ
1534 821 1644 876 τῶν
1686 823 1862 891 ἐμπε-

277 918 625 986 φραγμένων
661 917 932 985 γίνεσθαι.
987 917 1208 970 Τούτων
1271 917 1325 970 δὲ
1377 917 1749 987 διαχωρισμδς
1798 916 1860 968 τὸ

278 1010 562 1080 μετρητὸν
583 1009 864 1080 διάστημα
891 1011 988 1080 τῆς
1040 1009 1136 1064 τοῦ
1189 1010 1365 1080 φωτὸς
1421 1011 1710 1074 ἀπουσίας.
1751 1011 1860 1061 Καὶ

275 1101 491 1169 γίνεται
532 1102 739 1168 τρόπον
782 1105 906 1156 τινὰ
930 1103 1024 1156 τοῦ
1060 1103 1239 1172 φωτὸς
1269 1106 1301 1175 ή
1339 1103 1578 1156 ἀπουσία
1604 1107 1698 1156 καὶ
1730 1103 1858 1156 στέ-

277 1210 442 1265 ρησις
465 1191 585 1257 ἕξις
615 1194 709 1247 καὶ
735 1195 1093 1266 παρύπαρξις
1125 1196 1202 1270 τῷ
1261 1195 1467 1250 σκότει.
1522 1196 1752 1266 Πονηρά
1803 1195 1860 1249 δὲ

276 1285 722 1353 ἀρχὴ,τουτέστι
756 1286 991 1356 πονηρὸς
1006 1287 1158 1352 Θεὸς,
1185 1287 1287 1341 οὐκ
1325 1287 1494 1342 ἔστιν.
1528 1289 1588 1341 El
1621 1275 1727 1356 μὲν
1751 1286 1860 1356 γὰρ

276 1377 437 1439 Θεὸς,
471 1378 534 1430 οὐ
587 1380 844 1447 πονηρὸς,
898 1379 1034 1431 ἀλλὰ
1092 1379 1245 1446 πηγὴ
1299 1378 1670 1448 ἁγαθότητος’
1710 1380 1759 1432 εί
1804 1377 1860 1432 δὲ

275 1471 622 1541 πονηρδςψὺ
651 1471 809 1534 Θεός.
845 1472 966 1536 Πῶς
995 1472 1103 1542 γὰρ
1132 1472 1268 1533 Θεὸς
1299 1473 1330 1541 ὴ
1363 1471 1534 1526 κακία
1567 1471 1661 1525 καὶ
1679 1473 1858 1541 ἁμαρ-

279 1563 404 1626 τίας
449 1561 511 1613 Εἰ
545 1561 601 1614 δέ
627 1560 804 1616 ταῦτα
837 1561 996 1627 Θεὸς,
1031 1564 1235 1634 οίχεται
1267 1563 1470 1626 πάντα,
1514 1562 1608 1615 καὶ
1666 1562 1859 1615 ἀνατέ-

278 1667 549 1719 spx-mat.

836 1746 936 1802 Ἐκ
973 1746 1081 1818 τῆς
1111 1749 1324 1818 αὐτῆς.

348 1835 476 1897 Πῶς
511 1833 728 1890 ἔσονται
760 1837 852 1891 δύο
880 1842 1069 1909 ἀρχαὶ,
1103 1844 1280 1914 ἀγαθὴ
1311 1845 1404 1899 καὶ
1438 1844 1686 1915 πονηρά;
1738 1843 1857 1896 Ἑν-

281 1920 436 1972 αντία
459 1921 571 1990 γὰρ
606 1922 857 1994 ἀλλήλοις
1007 1905 1229 1996 ἀναθον,
1270 1905 1386 1984 ’καὶ
1447 1905 1682 2002 πονῆρδν
1745 1931 1860 2000 ἢτοι
1892 1905 1932 1961 Β

283 2015 477 2078 κακὸν,
521 2016 618 2068 καὶ
649 2002 897 2085 Ruﬁoni
929 2019 1229 2088 φθαρτικὰ,
1262 2026 1355 2078 καὶ
1395 2026 1709 2095 ἀσύμὸατα.
1749 2023 1862 2079 Καὶ

283 2108 469 2160 λοιπὸν
503 2111 563 2161 ὲν
596 2109 757 2180 μέρει
816 2109 912 2164 τοῦ
971 2115 1174 2178 παντὸς
1212 2116 1474 2188 ἑκάτερον
1535 2117 1710 2182 ἔσται,
1765 2118 1861 2173 καὶ

285 2199 386 2251 ὑπὸ
431 2200 527 2252 τοῦ
562 2202 766 2270 μέρους
810 2203 1007 2256 τούτου
1031 2210 1510 2277 περιγραφήσεται
1532 2225 1546 2240 ·
1577 2209 1672 2262 καὶ
1703 2211 1734 2282 ἢ
1763 2210 1858 2264 άλ-

289 2293 458 2362 λήὶων
491 2293 744 2362 ἅψονται,
777 2297 874 2348 καὶ
909 2298 1002 2351 ὑπ’
1059 2299 1311 2370 ἀλλήλων
1365 2300 1858 2372 διαφθαρήσονται,

299 2387 510 2455 ἧμέσον
533 2388 694 2453 ,ἔσται
728 2408 780 2442 τι
813 2390 1166 2462 διατειχίζον,
1203 2394 1294 2446 καὶ
1329 2395 1438 2448 ἰδοὺ
1476 2398 1628 2464 τρεῖς
1667 2395 1857 2466 ἀρχαί.

301 2481 405 2533 Καὶ
467 2478 618 2546 αὖθις
663 2481 696 2553 ἦ
747 2484 1140 2554 είρηνεὺουσιν,
1209 2486 1346 2557 ὅπερ
1397 2487 1458 2540 τὸ
1514 2489 1750 2559 πονηρὸν
1796 2489 1858 2541 οὐ

295 2572 522 2638 δύναται,
569 2575 604 2646 ἢ
681 2576 1029 2646 μαχέσονται,
1063 2578 1200 2648 ὅπερ
1236 2578 1295 2630 τὸ
1355 2579 1558 2646 ἀγαθὸν
1611 2580 1670 2632 οὐ
1733 2578 1858 2648 βού-

289 2665 455 2726 λεται,
487 2667 613 2721 οὐδὲ
638 2669 884 2722 δυναται.
925 2668 1002 2721 Τὸ
1035 2671 1134 2737 μὲν
1172 2669 1279 2740 γὰρ
1304 2671 1542 2740 πονηρὸν
1573 2671 1859 2740 εἰρηνεῦον

285 2758 339 2812 οὗ
373 2760 614 2830 πονηρόν
636 2777 651 2791 ·
679 2761 740 2814 τὸ
763 2761 822 2815 δὲ
846 2761 1055 2831 ἀγαθὸν
1119 2766 1450 2834 μαχόμενον,
1494 2765 1593 2816 οὐκ
1624 2764 1855 2832 ἀγαθόν.

283 2850 392 2906 θῦκ
424 2854 536 2923 ἄρα
563 2853 656 2906 δῦο
693 2855 879 2926 ἁρχαὶ,
917 2857 1013 2908 καὶ
1045 2857 1219 2910 ταῦτα
1263 2857 1526 2921 ἐναντίαι,
1563 2857 1654 2908 καὶ
1701 2854 1861 2907 πολε-

285 2945 578 3012 μιώταται.
620 2946 734 3000 Μία
767 2946 824 2998 δὲ
855 2947 1072 3006 πάντως
1125 2945 1329 3015 ἀγαθή.
1388 2947 1460 2999 Τὸ
1519 2947 1575 2999 δὲ
1619 2945 1860 3015 πονηρὴν

281 3033 375 3088 οὐκ
407 3035 577 3106 ἀρχὴ,
604 3035 741 3089 ἀλλὰ
779 3036 874 3088 τοῦ
913 3037 1120 3106 ἀγαθοῦ
1151 3039 1406 3107 στέρησις
1437 3036 1532 3089 καὶ
1564 3037 1852 3105 ἀποταχία,

837 3235 939 3288 Ἐκ
964 3237 1074 3303 τῆς
1109 3236 1320 3300 αὐτης.

346 3327 528 3397 Εἷπερ
557 3326 726 3396 ἄμφω
760 3325 872 3382 θεοὶ
909 3331 1220 3396 πεφύκασιν
1253 3331 1280 3381 ὁ
1309 3329 1510 3398 ἀγαθὸς
1545 3330 1636 3380 καὶ
1687 3345 1858 3397 πονη-

283 3418 391 3490 ρδς,
419 3417 616 3488 ἑτέραν
647 3417 862 3483 ἕξουσιν
893 3418 1091 3486 ἀρχήν.
1123 3418 1231 3470 Καὶ
1251 3415 1380 3479 δυὰς
1401 3418 1500 3470 οὐκ
1523 3415 1688 3486 ἀρχὴ,
1722 3414 1858 3468 ἀλλὰ

282 3511 596 3566 τούναντίον
629 3512 868 3582 ήμονὰς
892 3509 1038 3580 ἀρχὴ
1073 3511 1171 3580 τῆς
1215 3508 1429 3570 δυάδος.
1473 3507 1640 3578 Ἀρχὴ
1673 3507 1727 3560 δὲ
1781 3505 1857 3576 μὴ

284 3603 453 3670 ὄντες,
482 3603 604 3657 οὐδὲ
627 3603 751 3658 Θεοὶ
784 3603 1002 3668 πάντως
1036 3601 1271 3659 ἔσονται.
1316 3601 1469 3654 Ἐπεὶ
1499 3599 1591 3653 οὖν
1626 3602 1659 3668 ἠ
1691 3600 1858 3670 μονὰς

283 3696 424 3766 ἀρχὴ
459 3696 706 3762 πάντων,
728 3690 807 3759 εἷς
827 3696 936 3772 ἄρα
960 3695 1055 3750 καὶ
1085 3693 1236 3762 Θεὸς,
1264 3695 1292 3747 ὁ
1317 3691 1533 3746 πάντων
1563 3693 1734 3755 αἴτιος
1766 3689 1858 3745 καὶ

282 3785 641 3860 δημιουργός.

839 4039 943 4092 Ἐκ
971 4035 1082 4106 τῆς
1109 4034 1292 4104 αὐὲῆς
1303 4075 1317 4089 .

349 4133 424 4190 Εἰ
450 4133 550 4205 μὲν
580 4134 645 4188 τδ
663 4133 870 4204 ἀγαθὸν
890 4134 972 4199 ὃν,
1002 4133 1062 4187 τὸ
1102 4135 1338 4204 πονηρὸν
1378 4132 1478 4186 οὐκ
1507 4131 1586 4186 δν.
1623 4131 1686 4183 Ei
1719 4130 1775 4182 δὲ
1799 4128 1859 4182 τδ

286 4228 520 4300 πονηρὸν
534 4227 620 4296 ὃν,
651 4228 711 4282 τὸ
745 4225 958 4298 ἀγαθὸν
981 4228 1082 4281 οὐκ
1110 4227 1188 4292 ὃν,
1228 4226 1369 4281 κατὰ
1399 4227 1492 4278 τὸν
1547 4223 1709 4292 λόγον
1749 4223 1859 4277 τῶν

287 4319 505 4392 ἀμέσων
529 4320 814 4386 ἐναντίων,
846 4319 1035 4389 ὑγείας
1085 4321 1178 4372 καὶ
1207 4321 1384 4386 νόσου,
1422 4317 1566 4390 ζωῆς
1617 4316 1708 4370 καὶ
1759 4316 1860 4371 Θα-

291 4411 470 4468 νάτου.
499 4411 615 4467 Οὐκ
645 4413 759 4484 ἄρα
789 4412 924 4476 Θεὸς
958 4413 1216 4482 πονηρός.

839 4594 904 4646 Ἐ
909 4610 942 4645 κ
961 4591 1064 4658 τῆς
1100 4590 1310 4658 αὐτῆς.

368 4686 429 4740 '0
459 4685 554 4756 μὲν
572 4684 783 4756 ἀγαθὸς
832 4684 965 4748 Θεὸς
1017 4684 1252 4754 οὑσιώδη
1315 4682 1412 4737 καὶ
1453 4681 1691 4753 φυσικὴν
1742 4681 1857 4752 ἔχει

295 4780 396 4847 τὴν
418 4779 742 4848 ἀγαθὸτητα,
776 4779 802 4830 ὁ
827 4776 883 4829 δὲ
919 4775 1150 4845 πονηρὸς
1179 4775 1276 4847 τὴν
1305 4775 1561 4847 στέρησιν
1587 4775 1686 4844 τῆς
1713 4775 1855 4843 ἀγα-

299 4875 507 4945 θότητος
532 4873 776 4942 ἓξινέξει
806 4873 1044 4937 πάντως.
1071 4871 1181 4925 Καὶ
1203 4870 1319 4935 πῶς
1347 4870 1478 4934 Θεὸς
1509 4869 1569 4935 ἐξ
1601 4869 1860 4925 ἀποπτὼ-

303 4975 435 5024 σεως
461 4964 548 5015 καὶ
570 4961 866 5032 ἐλλείψεως
886 4981 902 5029 ;

842 5056 937 5108 Ἐκ
963 5054 1070 5123 τῆς
1099 5055 1313 5124 αὐτῆς.

376 5139 433 5196 Εἰ
454 5145 539 5199 δύο
575 5142 716 5219 ἦσαν
743 5147 892 5214 Θεοὶ,
921 5148 953 5219 ἢ
976 5151 1145 5218 τρεῖς,
1183 5149 1217 5220 ἢ
1245 5146 1432 5212 ἁπλῶς
1457 5147 1658 5214 πολλοὶ,
1691 5145 1858 5202 πάλαι

306 5231 375 5284 ἄν
409 5233 434 5284 ὁ
455 5237 649 5306 κόσμος
688 5237 978 5291 ἀπωλώλει
1010 5237 1200 5293 ἄλλοτε
1242 5238 1437 5304 ἄλλως,
1466 5239 1558 5292 καὶ
1587 5238 1859 5310 διαφόρως

308 5324 698 5397 ὲνεργούμενος,
723 5329 818 5382 καὶ
845 5329 1184 5398 κινούμενος.
1231 5331 1304 5384 Τὸ
1362 5332 1418 5384 δὲ
1477 5330 1620 5385 κατὰ
1659 5331 1855 5394 ταυτα,

309 5417 407 5466 καὶ
437 5418 677 5486 ὡσαύτως
713 5422 801 5475 ἀεὶ
833 5423 1126 5487 κινεῖσθαι,
1183 5423 1278 5477 καὶ
1337 5423 1704 5494 διεξάγεσθαι,
1763 5423 1858 5480 καὶ

310 5506 345 5574 ὴ
367 5505 448 5558 διὰ
472 5513 678 5565 πάντων
708 5513 1076 5584 εὐαρμοστία,
1111 5513 1202 5567 καὶ
1230 5513 1538 5585 συμφωνία,
1560 5515 1652 5568 καὶ
1681 5514 1855 5581 τάξις,

314 5598 409 5647 καὶ
425 5599 768 5674 διαμονὴ,καὶ
793 5607 958 5674 συντή
973 5623 1130 5676 ρησις
1163 5606 1258 5660 ἕνα
1286 5607 1381 5660 καὶ
1412 5607 1504 5660 τὸν
1555 5606 1716 5660 αὐτὸν
1755 5622 1856 5676 κη-

320 5685 492 5750 ρύττει
524 5694 608 5746 τὸν
633 5698 831 5764 αἴτεον,
864 5700 961 5751 καὶ
990 5699 1347 5770 δημιουργὸν,
1398 5698 1493 5752 καὶ
1528 5697 1854 5771 προνοητὴν,

319 5778 416 5830 καὶ
436 5789 656 5855 συνοχέα,

1889 4587 1936 4644 ι)

1968 636 2072 690 nisi
2127 637 2263 692 lucis
2323 639 2650 694 absentiam.
2701 640 2915 696 Etenim
2971 656 3095 697 cum
3147 642 3344 698 malum
3393 641 3550 696 initio

1969 728 2335 784 involveretur
2383 747 2598 796 eorum,
2655 747 2774 801 quae
2829 734 3036 789 circum
3094 745 3250 790 erant
3304 735 3548 804 objecta,

1968 822 2208 876 tenebrae
2237 823 2586 878 exstiterunt.
2619 823 2775 889 Quod
2810 825 2972 879 etiam
3017 842 3164 881 nunc
3192 827 3246 880 in
3291 828 3380 892 iis,
3430 845 3551 896 quas.

1969 913 2351 982 obstruuntur,
2380 916 2599 969 evenire
2645 920 2954 972 consuevit.
2993 920 3061 972 At
3110 920 3302 972 harum
3351 920 3550 976 divisio

1969 1013 2053 1058 est
2084 1005 2318 1072 spatium
2378 1005 2532 1065 illud.
2569 1007 2710 1075 quod
2758 1007 2893 1063 lucis
2931 1009 3179 1063 absentia
3229 1010 3550 1066 demetitur.

1967 1095 2097 1161 Quae
2123 1095 2343 1165 quidem
2380 1097 2517 1152 lucis
2547 1099 2818 1164 absentia,
2847 1110 2901 1155 et
2929 1102 3161 1172 privatio
3203 1110 3287 1157 est
3336 1102 3551 1156 habitus

1967 1188 2364 1256 quodammodo
2409 1197 2462 1244 et
2501 1193 2738 1245 essentia
2783 1193 3151 1247 tenebrarum.
3209 1191 3545 1253 Principium

1966 1289 2143 1333 autem
2178 1281 2400 1344 malum,
2429 1282 2532 1336 hoc
2565 1292 2670 1346 est,
2708 1283 2850 1338 Deus
2887 1285 3063 1338 malus
3111 1299 3218 1337 non
3254 1294 3354 1339 est.
3411 1282 3544 1338 Nam

1967 1373 2010 1426 si
2048 1372 2189 1425 Deus
2211 1381 2313 1436 est,
2345 1388 2452 1427 non
2485 1384 2566 1427 est
2606 1375 2798 1440 malus,
2833 1390 2955 1430 cum
3003 1375 3262 1430 bonitatis
3291 1375 3360 1430 sit
3398 1373 3545 1430 fons.

1967 1461 2060 1516 Sin
2113 1465 2305 1527 malus,
2340 1480 2446 1518 non
2504 1476 2588 1520 est
2643 1465 2806 1521 Deus.
2867 1467 3150 1532 Quomodo
3203 1469 3348 1521 enim
3407 1467 3546 1522 Deus

1967 1551 2188 1614 malitia,
2239 1560 2332 1606 aut
2383 1563 2664 1622 peccatum
2714 1571 2834 1609 esse
2887 1559 3111 1625 potest?
3143 1557 3277 1622 Quze
3325 1555 3547 1627 quidem

1967 1640 2010 1695 si
2045 1643 2184 1696 Deus
2209 1651 2312 1709 est,
2345 1644 2529 1698 omnia
2573 1655 2823 1714 pereunt,
2863 1655 2919 1702 et
2943 1656 3288 1703 evertuntur.

2610 1737 2692 1790 Ea:
2737 1744 2940 1792 eodem.

2036 1825 2280 1893 Quonam
2315 1836 2472 1901 pacto
2501 1831 2611 1886 duo
2664 1842 2894 1901 possunt
2939 1849 3058 1888 esse
3104 1835 3394 1905 principia,
3441 1836 3544 1891 bo-

1963 1934 2092 1974 num
2157 1937 2351 1986 unutn,
2420 1923 2648 1978 alterum
2699 1925 2940 1978 malum?
2994 1925 3202 1981 Bonum
3267 1928 3432 1992 enim,
3491 1935 3548 1984 et

1964 2015 2164 2069 malum
2207 2017 2480 2071 contraria
2513 2028 2662 2076 sunt.
2699 2035 2867 2088 seque
2915 2020 3150 2074 vicissim
3200 2021 3544 2087 interimunt,

1962 2114 2016 2160 ct
2049 2118 2326 2176 nequeunt
2358 2109 2520 2163 simul
2553 2111 2874 2166 consistere.
2921 2111 3100 2177 Quare
3146 2120 3240 2166 aut
3286 2113 3341 2165 in
3391 2118 3547 2181 parte

1965 2199 2334 2254 universitatis
2396 2200 2625 2254 alterum
2671 2203 2797 2267 erit,
2850 2212 2905 2257 et
2949 2204 3016 2258 ab
3068 2218 3133 2257 ea
3206 2201 3548 2257 circumscri-

1961 2289 2142 2355 betur,
2177 2299 2269 2344 aut
2302 2305 2423 2346 sese
2450 2293 2788 2361 contingent,
2834 2303 3129 2362 mutuoque
3170 2298 3543 2361 corrumpent,

1961 2392 2052 2434 aut
2108 2381 2253 2434 inter
2287 2381 2379 2436 illa
2435 2382 2678 2437 medium
2736 2383 2951 2452 aliquod
3005 2384 3326 2446 intercedet,
3387 2394 3546 2447 atque

1963 2472 2035 2525 ita
2084 2471 2188 2524 tria
2235 2473 2347 2542 jam
2390 2482 2556 2527 erunt
2618 2474 2906 2543 principia.
2975 2471 3238 2529 Praeterea
3283 2479 3376 2528 aut
3416 2488 3546 2543 pace

1962 2569 2203 2625 utentur,
2237 2563 2379 2632 quod
2411 2564 2612 2617 malum
2650 2579 2761 2617 non
2794 2572 2973 2634 potest
3021 2581 3036 2618 :
3069 2572 3164 2617 aut
3205 2563 3544 2633 pugnabunt,

1960 2653 2103 2722 quod
2132 2653 2336 2707 bonum
2370 2665 2607 2708 recusat.
2657 2653 2792 2708 Nam
2825 2655 2954 2710 illud
2998 2655 3244 2726 quidem,
3270 2656 3314 2710 si
3361 2665 3547 2710 utatur

1961 2757 2114 2811 pace,
2154 2759 2259 2797 non
2307 2745 2414 2798 erit
2447 2745 2685 2810 malum;
2725 2744 2829 2800 hoc
2862 2760 3013 2810 vero,
3041 2745 3086 2798 si
3121 2745 3322 2800 bellum
3381 2745 3544 2817 gerit,

1960 2850 2068 2888 non
2101 2835 2203 2889 erit
2237 2837 2462 2890 bonum.
2506 2835 2874 2902 Quamobrem
2921 2853 3032 2892 non
3075 2851 3206 2892 sunt
3247 2838 3358 2893 duo
3385 2838 3545 2908 prin-

1963 2926 2128 2995 cipia,
2162 2929 2461 2996 praesertim
2482 2930 2625 2982 inter
2659 2944 2719 2983 se
2754 2930 3051 2992 contraria,
3073 2938 3127 2983 et
3144 2928 3544 2995 inimicissima,

1971 3019 2066 3072 sed
2124 3034 2310 3076 unum.
2367 3019 2553 3088 idque
2586 3020 2811 3076 bonum.
2871 3020 3066 3075 Malum
3119 3023 3268 3074 enim
3303 3033 3416 3075 non
3461 3025 3546 3074 est

1967 3109 2324 3180 principium,
2353 3110 2449 3165 sed
2474 3110 2704 3181 privatio
2734 3119 2791 3166 et
2837 3111 3060 3166 amissio
3101 3109 3254 3167 boni.

2600 3225 2680 3274 Ea:
2713 3221 2913 3274 eodem.

2036 3313 2092 3368 Si
2153 3312 2262 3366 duo
2323 3322 2453 3367 sunt
2506 3313 2626 3376 Dei,
2687 3313 2861 3367 bonus
2915 3311 3133 3382 quidem
3190 3326 3353 3374 unus,
3409 3309 3546 3365 alter

1961 3413 2140 3456 autem
2177 3404 2367 3465 malus,
2401 3403 2544 3458 aliud
2580 3403 2856 3459 habebunt
2901 3403 3254 3475 principium.
3290 3400 3545 3455 Binarius

1961 3496 2105 3549 enim
2164 3511 2424 3551 numerus
2470 3512 2579 3552 non
2631 3506 2812 3568 potest
2854 3511 2973 3551 esse
3024 3495 3372 3566 principium,
3419 3508 3542 3548 cum

1963 3589 2079 3661 ipse
2131 3591 2199 3645 ab
2251 3591 2457 3646 unitate
2507 3591 2777 3661 principio
2827 3590 3230 3660 proﬁciscatur.
3282 3587 3438 3654 Quod
3493 3585 3542 3643 si

1961 3683 2287 3753 principium
2315 3700 2424 3737 non
2461 3691 2610 3747 sunt,
2648 3700 2716 3737 ne
2746 3683 2837 3737 Dei
2866 3682 3083 3751 quidem
3112 3687 3272 3736 erunt
3293 3679 3540 3734 omnino.

1961 3773 2223 3839 Quoniam
2278 3774 2441 3846 igitur
2507 3774 2689 3828 unitas
2739 3783 2823 3828 est
2874 3787 3056 3826 rerum
3097 3771 3338 3825 omnium
3393 3770 3546 3839 prin-

1960 3865 2182 3933 cipium,
2233 3881 2373 3917 unus
2435 3865 2623 3934 utique
2666 3873 2722 3917 et
2769 3863 2914 3936 Deus
2959 3871 3041 3917 est
3096 3875 3278 3916 rerum
3327 3867 3540 3924 auctor,

1961 3966 2016 4010 et
2039 3956 2262 4009 effector
2295 3957 2564 4010 oumium.

2602 4041 2685 4096 Ex
2713 4043 2912 4096 eodem.

2029 4134 2086 4189 Si
2119 4134 2318 4187 bonum
2350 4148 2448 4203 per
2477 4149 2537 4188 se
2565 4144 2668 4198 est,
2706 4133 2906 4187 malum
2939 4145 3048 4185 non
3094 4138 3196 4184 est.
3244 4129 3301 4184 Si
3341 4129 3542 4184 malum

1959 4241 2059 4295 per
2093 4239 2152 4279 se
2187 4233 2290 4283 est.
2324 4238 2432 4277 non
2465 4231 2548 4278 est
2579 4224 2804 4278 bonum.
2857 4223 2981 4278 Haec
3006 4230 3089 4276 est
3137 4219 3283 4275 enim
3328 4229 3542 4276 contra-

1961 4321 2168 4374 riorum
2228 4317 2405 4373 medio
2464 4319 2768 4371 carentium
2839 4317 2978 4371 ratio
3041 4326 3203 4384 atque
3244 4313 3540 4372 conditio:

1964 4411 2142 4482 qualia
2175 4419 2302 4466 sunt
2339 4403 2614 4477 valetudo,
2663 4419 2716 4464 et
2769 4407 3054 4481 aegritudo,
3117 4407 3225 4464 vita
3272 4414 3325 4465 et
3371 4420 3540 4462 mors.

1961 4503 2081 4560 Non
2130 4503 2295 4573 igitur
2345 4499 2487 4558 Deus
2535 4501 2732 4557 malus.

2596 4590 2678 4644 Ea:
2706 4589 2906 4645 eodem.

2033 4673 2178 4736 Deus
2208 4680 2385 4736 bonus
2414 4681 2653 4736 essentia
2690 4691 2745 4735 et
2771 4691 2964 4735 natura
2995 4679 3298 4734 bonitatem
3349 4677 3539 4741 habet,

1963 4777 2138 4831 malus
2165 4777 2429 4831 bonitatis
2462 4774 2821 4845 privationem
2872 4782 2930 4827 ut
2959 4773 3203 4826 habitum
3252 4768 3539 4824 obtinebit.

1961 4867 2244 4935 Quomodo
2270 4875 2452 4921 autem
2500 4866 2662 4928 Deus,
2719 4864 2812 4934 qui
2867 4879 2933 4918 eo
2985 4872 3193 4916 tantum
3239 4873 3341 4923 εει,
3397 4859 3544 4929 quod

1961 4961 2164 5027 deﬁcit,
2214 4967 2384 5024 caret,
2434 4971 2543 5011 non
2593 4954 2920 5022 assequitur,
2975 4960 3028 5007 et
3073 4966 3184 5005 non
3224 4949 3348 5004 est?

2287 5040 2294 5048 ’
2590 5045 2674 5099 Ea:
2702 5045 2901 5098 eodem.
3174 5046 3178 5050 ’

2035 5142 2093 5197 Si
2125 5141 2256 5205 duo,
2287 5147 2382 5193 aut
2415 5148 2544 5200 tres,
2577 5137 2831 5206 pluresve
2863 5144 3050 5190 essent
3081 5133 3205 5200 Dei,
3231 5148 3356 5188 cum
3401 5131 3544 5185 alius

1961 5233 2068 5288 alio
2096 5230 2258 5285 modo
2283 5239 2335 5285 et
2362 5230 2575 5283 diversa
2624 5228 2839 5282 ratione
2886 5235 3162 5298 ageretur,
3202 5235 3258 5281 et
3290 5236 3542 5278 movere-

1965 5335 2071 5389 tur,
2106 5324 2340 5378 muudus
2371 5323 2478 5396 jam
2523 5321 2733 5393 pridem
2762 5320 3144 5375 intercidisset.
3177 5316 3330 5371 Nunc
3358 5322 3539 5367 autem

1961 5433 2084 5473 cum
2116 5416 2296 5470 omnia
2327 5415 2537 5469 ratione
2566 5424 2711 5468 certa
2742 5423 2798 5469 et
2820 5411 2998 5468 stabili
3033 5423 3251 5476 semper
3279 5417 3541 5459 movean-

1963 5520 2072 5574 tur,
2118 5521 2174 5563 et
2235 5507 2618 5578 disponantur,
2680 5505 2832 5558 ﬁrma
2883 5503 3020 5565 haec,
3073 5507 3236 5568 atque
3278 5501 3540 5566 perpetua

1963 5609 2144 5656 rertim
2172 5599 2416 5652 omnium
2457 5596 2821 5660 concinnitas,
2853 5602 2908 5646 et
2931 5591 3085 5654 ordo,
3128 5595 3183 5643 et
3214 5584 3538 5651 moderatio,

1962 5708 2018 5749 et
2069 5692 2408 5747 conservatio
2471 5705 2656 5751 unam,
2727 5685 3085 5752 eamdemque
3127 5681 3362 5736 clamant
3415 5690 3540 5731 esse

1961 5800 2203 5848 causam,
2231 5799 2400 5838 unum
2440 5789 2743 5846 auctorem,
2772 5794 2800 5832 a
2831 5792 2940 5847 quo
2988 5785 3042 5830 ct
3095 5779 3378 5846 procreata
3424 5768 3540 5825 sint

1963 5877 2165 5944 omnia,
2195 5885 2246 5932 et
2283 5885 2558 5948 regantur,
2603 5882 2654 5930 et
2704 5879 3115 5932 conserventur.
