  <div class='ocr_page' id='page_1' title='image "/cluster/home/n/w/nwhite01/storage/ocr_20150623/130/mdp.39015078384255/165.png"; bbox 0 0 4066 6288; ppageno 0'>
   <div class='ocr_carea' id='block_1_1' title="bbox 502 410 609 476">
    <p class='ocr_par' dir='ltr' id='par_1_1' title="bbox 502 410 609 476">
     <span class='ocr_line' id='line_1_1' title="bbox 502 410 609 476; baseline 0 -1"><span class='ocrx_word' id='word_1_1' title='bbox 502 410 609 476; x_wconf 81' lang='lat'><strong>315</strong></span> 
     </span>
    </p>
   </div>
   <div class='ocr_carea' id='block_1_2' title="bbox 1144 520 1459 574">
    <p class='ocr_par' dir='ltr' id='par_1_2' title="bbox 1144 520 1459 574">
     <span class='ocr_line' id='line_1_2' title="bbox 1144 520 1459 574; baseline -0.006 0"><span class='ocrx_word' id='word_1_2' title='bbox 1144 521 1225 574; x_wconf 72' lang='lat' dir='ltr'><strong>Ex</strong></span> <span class='ocrx_word' id='word_1_3' title='bbox 1260 520 1459 573; x_wconf 61' lang='lat' dir='ltr'><strong>eodem;</strong></span> 
     </span>
    </p>
   </div>
   <div class='ocr_carea' id='block_1_3' title="bbox 572 607 2072 674">
    <p class='ocr_par' dir='ltr' id='par_1_3' title="bbox 572 607 2072 674">
     <span class='ocr_line' id='line_1_3' title="bbox 572 607 2072 674; baseline -0.007 -3"><span class='ocrx_word' id='word_1_4' title='bbox 572 615 629 671; x_wconf 99' lang='lat' dir='ltr'><strong>Si</strong></span> <span class='ocrx_word' id='word_1_5' title='bbox 659 613 851 674; x_wconf 81' lang='lat' dir='ltr'><strong>malus,</strong></span> <span class='ocrx_word' id='word_1_6' title='bbox 885 619 940 667; x_wconf 91' lang='lat' dir='ltr'><strong>et</strong></span> <span class='ocrx_word' id='word_1_7' title='bbox 977 612 1239 667; x_wconf 89' lang='lat' dir='ltr'><strong>scelestus</strong></span> <span class='ocrx_word' id='word_1_8' title='bbox 1287 621 1371 665; x_wconf 84' lang='lat' dir='ltr'><strong>est</strong></span> <span class='ocrx_word' id='word_1_9' title='bbox 1420 610 1507 664; x_wconf 64' lang='lat' dir='ltr'><strong>hic</strong></span> <span class='ocrx_word' id='word_1_10' title='bbox 1553 609 1786 663; x_wconf 85' lang='lat' dir='ltr'><strong>mundus</strong></span> <span class='ocrx_word' id='word_1_11' title='bbox 1828 607 2072 671; x_wconf 80' lang='lat' dir='ltr'><strong>inferior,</strong></span> 
     </span>
    </p>
   </div>
   <div class='ocr_carea' id='block_1_4' title="bbox 506 702 2075 771">
    <p class='ocr_par' dir='ltr' id='par_1_4' title="bbox 506 702 2075 771">
     <span class='ocr_line' id='line_1_4' title="bbox 506 702 2075 771; baseline -0.006 -6"><span class='ocrx_word' id='word_1_12' title='bbox 506 718 564 765; x_wconf 89' lang='lat' dir='ltr'><strong>et</strong></span> <span class='ocrx_word' id='word_1_13' title='bbox 600 723 698 762; x_wconf 83' lang='lat' dir='ltr'><strong>vos</strong></span> <span class='ocrx_word' id='word_1_14' title='bbox 730 707 983 759; x_wconf 83' lang='lat' dir='ltr'><strong>nimirum</strong></span> <span class='ocrx_word' id='word_1_15' title='bbox 1014 704 1162 766; x_wconf 88' lang='lat' dir='ltr'><strong>mali,</strong></span> <span class='ocrx_word' id='word_1_16' title='bbox 1199 704 1545 771; x_wconf 86' lang='lat' dir='ltr'><strong>scelestique,</strong></span> <span class='ocrx_word' id='word_1_17' title='bbox 1588 703 1788 771; x_wconf 87' lang='lat' dir='ltr'><strong>quippe</strong></span> <span class='ocrx_word' id='word_1_18' title='bbox 1823 702 1915 771; x_wconf 88' lang='lat' dir='ltr'><strong>qui</strong></span> <span class='ocrx_word' id='word_1_19' title='bbox 1950 716 2075 770; x_wconf 88' lang='lat' dir='ltr'><strong>pars</strong></span> 
     </span>
    </p>
   </div>
   <div class='ocr_carea' id='block_1_5' title="bbox 501 789 2075 861">
    <p class='ocr_par' dir='ltr' id='par_1_5' title="bbox 501 789 2075 861">
     <span class='ocr_line' id='line_1_5' title="bbox 501 789 2075 861; baseline -0.006 -10"><span class='ocrx_word' id='word_1_20' title='bbox 501 796 623 851; x_wconf 70' lang='lat' dir='ltr'><strong>sitis</strong></span> <span class='ocrx_word' id='word_1_21' title='bbox 660 795 846 861; x_wconf 72' lang='lat' dir='ltr'><strong>ipsius,</strong></span> <span class='ocrx_word' id='word_1_22' title='bbox 886 792 1037 857; x_wconf 88' lang='lat' dir='ltr'><strong>Quod</strong></span> <span class='ocrx_word' id='word_1_23' title='bbox 1068 792 1109 846; x_wconf 85' lang='lat' dir='ltr'><strong>si</strong></span> <span class='ocrx_word' id='word_1_24' title='bbox 1145 801 1336 846; x_wconf 91' lang='lat' dir='ltr'><strong>natura</strong></span> <span class='ocrx_word' id='word_1_25' title='bbox 1367 793 1498 846; x_wconf 68' lang='lat' dir='ltr'><strong>(stis</strong></span> <span class='ocrx_word' id='word_1_26' title='bbox 1542 791 1799 859; x_wconf 85' lang='lat' dir='ltr'><strong>improbi,</strong></span> <span class='ocrx_word' id='word_1_27' title='bbox 1844 800 1898 844; x_wconf 85' lang='lat' dir='ltr'><strong>et</strong></span> <span class='ocrx_word' id='word_1_28' title='bbox 1927 789 2075 853; x_wconf 89' lang='lat' dir='ltr'><strong>mali,</strong></span> 
     </span>
    </p>
   </div>
   <div class='ocr_carea' id='block_1_6' title="bbox 503 881 2080 950">
    <p class='ocr_par' dir='ltr' id='par_1_6' title="bbox 503 881 2080 950">
     <span class='ocr_line' id='line_1_6' title="bbox 503 881 2080 950; baseline -0.002 -12"><span class='ocrx_word' id='word_1_29' title='bbox 503 886 709 940; x_wconf 80' lang='lat' dir='ltr'><strong>veritas</strong></span> <span class='ocrx_word' id='word_1_30' title='bbox 737 899 841 937; x_wconf 87' lang='lat' dir='ltr'><strong>non</strong></span> <span class='ocrx_word' id='word_1_31' title='bbox 873 884 1026 937; x_wconf 90' lang='lat' dir='ltr'><strong>adest</strong></span> <span class='ocrx_word' id='word_1_32' title='bbox 1056 882 1230 937; x_wconf 83' lang='lat' dir='ltr'><strong>vobis.</strong></span> <span class='ocrx_word' id='word_1_33' title='bbox 1266 881 1476 936; x_wconf 81' lang='lat' dir='ltr'><strong>Veritas</strong></span> <span class='ocrx_word' id='word_1_34' title='bbox 1505 884 1647 936; x_wconf 89' lang='lat' dir='ltr'><strong>enim</strong></span> <span class='ocrx_word' id='word_1_35' title='bbox 1685 883 1889 936; x_wconf 87' lang='lat' dir='ltr'><strong>bonum</strong></span> <span class='ocrx_word' id='word_1_36' title='bbox 1918 883 2080 950; x_wconf 84' lang='lat' dir='ltr'><strong>plane</strong></span> 
     </span>
    </p>
   </div>
   <div class='ocr_carea' id='block_1_7' title="bbox 504 972 2078 1056">
    <p class='ocr_par' dir='ltr' id='par_1_7' title="bbox 504 972 2078 1056">
     <span class='ocr_line' id='line_1_7' title="bbox 504 972 2078 1056; baseline -0.004 -25"><span class='ocrx_word' id='word_1_37' title='bbox 504 985 610 1031; x_wconf 86' lang='lat' dir='ltr'><strong>est.</strong></span> <span class='ocrx_word' id='word_1_38' title='bbox 644 975 848 1028; x_wconf 77' lang='lat' dir='ltr'><strong>Bonum</strong></span> <span class='ocrx_word' id='word_1_39' title='bbox 899 982 1077 1027; x_wconf 91' lang='lat' dir='ltr'><strong>autem</strong></span> <span class='ocrx_word' id='word_1_40' title='bbox 1111 983 1194 1028; x_wconf 89' lang='lat' dir='ltr'><strong>est</strong></span> <span class='ocrx_word' id='word_1_41' title='bbox 1241 974 1478 1028; x_wconf 86' lang='lat' dir='ltr'><strong>alienum</strong></span> <span class='ocrx_word' id='word_1_42' title='bbox 1524 990 1554 1028; x_wconf 90' lang='lat' dir='ltr'><strong>a</strong></span> <span class='ocrx_word' id='word_1_43' title='bbox 1611 974 1793 1056; x_wconf 47' lang='lat' dir='ltr'><strong>malok</strong></span> <span class='ocrx_word' id='word_1_44' title='bbox 1823 974 1939 1029; x_wconf 81' lang='lat' dir='ltr'><strong>Jam</strong></span> <span class='ocrx_word' id='word_1_45' title='bbox 1986 972 2078 1041; x_wconf 88' lang='lat' dir='ltr'><strong>qui</strong></span> 
     </span>
    </p>
   </div>
   <div class='ocr_carea' id='block_1_8' title="bbox 505 1064 2081 1126">
    <p class='ocr_par' dir='ltr' id='par_1_8' title="bbox 505 1064 2081 1126">
     <span class='ocr_line' id='line_1_8' title="bbox 505 1064 2081 1126; baseline 0.001 -8"><span class='ocrx_word' id='word_1_46' title='bbox 505 1064 734 1118; x_wconf 89' lang='lat' dir='ltr'><strong>veritate</strong></span> <span class='ocrx_word' id='word_1_47' title='bbox 780 1071 988 1126; x_wconf 88' lang='lat' dir='ltr'><strong>carent,</strong></span> <span class='ocrx_word' id='word_1_48' title='bbox 1038 1078 1227 1118; x_wconf 91' lang='lat' dir='ltr'><strong>eorum</strong></span> <span class='ocrx_word' id='word_1_49' title='bbox 1262 1065 1507 1119; x_wconf 76' lang='lat' dir='ltr'><strong>doctrina</strong></span> <span class='ocrx_word' id='word_1_50' title='bbox 1554 1065 1683 1118; x_wconf 84' lang='lat' dir='ltr'><strong>falsa</strong></span> <span class='ocrx_word' id='word_1_51' title='bbox 1715 1064 1863 1119; x_wconf 91' lang='lat' dir='ltr'><strong>nullo</strong></span> <span class='ocrx_word' id='word_1_52' title='bbox 1906 1064 2081 1121; x_wconf 90' lang='lat' dir='ltr'><strong>solido</strong></span> 
     </span>
    </p>
   </div>
   <div class='ocr_carea' id='block_1_9' title="bbox 505 1154 1204 1210">
    <p class='ocr_par' dir='ltr' id='par_1_9' title="bbox 505 1154 1204 1210">
     <span class='ocr_line' id='line_1_9' title="bbox 505 1154 1204 1210; baseline 0.003 -2"><span class='ocrx_word' id='word_1_53' title='bbox 505 1154 758 1209; x_wconf 74' lang='lat' dir='ltr'><strong>innititur</strong></span> <span class='ocrx_word' id='word_1_54' title='bbox 823 1155 1204 1210; x_wconf 80' lang='lat' dir='ltr'><strong>fundamento.</strong></span> 
     </span>
    </p>
   </div>
   <div class='ocr_carea' id='block_1_10' title="bbox 1131 1418 1439 1474">
    <p class='ocr_par' dir='ltr' id='par_1_10' title="bbox 1131 1418 1439 1474">
     <span class='ocr_line' id='line_1_10' title="bbox 1131 1418 1439 1474; baseline 0.006 -2"><span class='ocrx_word' id='word_1_55' title='bbox 1131 1418 1215 1473; x_wconf 76' lang='lat' dir='ltr'><strong>Ex</strong></span> <span class='ocrx_word' id='word_1_56' title='bbox 1241 1418 1439 1474; x_wconf 85' lang='lat' dir='ltr'><strong>eodem.</strong></span> 
     </span>
    </p>
   </div>
   <div class='ocr_carea' id='block_1_11' title="bbox 582 1507 2080 1579">
    <p class='ocr_par' dir='ltr' id='par_1_11' title="bbox 582 1507 2080 1579">
     <span class='ocr_line' id='line_1_11' title="bbox 582 1507 2080 1579; baseline 0.006 -17"><span class='ocrx_word' id='word_1_57' title='bbox 582 1507 640 1562; x_wconf 89' lang='lat' dir='ltr'><strong>Si</strong></span> <span class='ocrx_word' id='word_1_58' title='bbox 676 1508 938 1563; x_wconf 91' lang='lat' dir='ltr'><strong>mundum</strong></span> <span class='ocrx_word' id='word_1_59' title='bbox 971 1509 1115 1564; x_wconf 88' lang='lat' dir='ltr'><strong>hunc</strong></span> <span class='ocrx_word' id='word_1_60' title='bbox 1149 1511 1345 1566; x_wconf 89' lang='lat' dir='ltr'><strong>bonum</strong></span> <span class='ocrx_word' id='word_1_61' title='bbox 1377 1527 1494 1569; x_wconf 86' lang='lat' dir='ltr'><strong>esse</strong></span> <span class='ocrx_word' id='word_1_62' title='bbox 1524 1512 1881 1579; x_wconf 86' lang='lat' dir='ltr'><strong>conﬁtemini,</strong></span> <span class='ocrx_word' id='word_1_63' title='bbox 1910 1514 2080 1571; x_wconf 90' lang='lat' dir='ltr'><strong>Deum</strong></span> 
     </span>
    </p>
   </div>
   <div class='ocr_carea' id='block_1_12' title="bbox 511 1601 2082 1673">
    <p class='ocr_par' dir='ltr' id='par_1_12' title="bbox 511 1601 2082 1673">
     <span class='ocr_line' id='line_1_12' title="bbox 511 1601 2082 1673; baseline 0.006 -21"><span class='ocrx_word' id='word_1_64' title='bbox 511 1608 692 1653; x_wconf 75' lang='lat' dir='ltr'><strong>autem</strong></span> <span class='ocrx_word' id='word_1_65' title='bbox 716 1608 779 1653; x_wconf 87' lang='lat' dir='ltr'><strong>et</strong></span> <span class='ocrx_word' id='word_1_66' title='bbox 808 1608 1013 1669; x_wconf 83' lang='lat' dir='ltr'><strong>patrem</strong></span> <span class='ocrx_word' id='word_1_67' title='bbox 1045 1601 1245 1655; x_wconf 84' lang='lat' dir='ltr'><strong>malum</strong></span> <span class='ocrx_word' id='word_1_68' title='bbox 1282 1617 1392 1656; x_wconf 88' lang='lat' dir='ltr'><strong>non</strong></span> <span class='ocrx_word' id='word_1_69' title='bbox 1437 1603 1665 1673; x_wconf 81' lang='lat' dir='ltr'><strong>hujusce</strong></span> <span class='ocrx_word' id='word_1_70' title='bbox 1693 1607 1880 1661; x_wconf 89' lang='lat' dir='ltr'><strong>mundi</strong></span> <span class='ocrx_word' id='word_1_71' title='bbox 1912 1607 2082 1662; x_wconf 78' lang='lat' dir='ltr'><strong>eﬂ&#39;ec-</strong></span> 
     </span>
    </p>
   </div>
   <div class='ocr_carea' id='block_1_13' title="bbox 514 1690 2084 1761">
    <p class='ocr_par' dir='ltr' id='par_1_13' title="bbox 514 1690 2084 1761">
     <span class='ocr_line' id='line_1_13' title="bbox 514 1690 2084 1761; baseline 0.004 -15"><span class='ocrx_word' id='word_1_72' title='bbox 514 1701 712 1752; x_wconf 85' lang='lat' dir='ltr'><strong>torem,</strong></span> <span class='ocrx_word' id='word_1_73' title='bbox 742 1691 847 1745; x_wconf 87' lang='lat' dir='ltr'><strong>erit</strong></span> <span class='ocrx_word' id='word_1_74' title='bbox 892 1690 1077 1761; x_wconf 89' lang='lat' dir='ltr'><strong>utique</strong></span> <span class='ocrx_word' id='word_1_75' title='bbox 1115 1693 1350 1747; x_wconf 88' lang='lat' dir='ltr'><strong>mundus</strong></span> <span class='ocrx_word' id='word_1_76' title='bbox 1395 1694 1533 1750; x_wconf 86' lang='lat' dir='ltr'><strong>alter</strong></span> <span class='ocrx_word' id='word_1_77' title='bbox 1574 1696 1746 1751; x_wconf 86' lang='lat' dir='ltr'><strong>malus</strong></span> <span class='ocrx_word' id='word_1_78' title='bbox 1782 1713 1812 1751; x_wconf 92' lang='lat' dir='ltr'><strong>a</strong></span> <span class='ocrx_word' id='word_1_79' title='bbox 1840 1698 1951 1752; x_wconf 90' lang='lat' dir='ltr'><strong>Deo</strong></span> <span class='ocrx_word' id='word_1_80' title='bbox 1994 1698 2084 1753; x_wconf 91' lang='lat' dir='ltr'><strong>illo</strong></span> 
     </span>
    </p>
   </div>
   <div class='ocr_carea' id='block_1_14' title="bbox 1732 403 2527 466">
    <p class='ocr_par' dir='ltr' id='par_1_14' title="bbox 1732 403 2527 466">
     <span class='ocr_line' id='line_1_14' title="bbox 1732 403 2527 466; baseline -0.003 0"><span class='ocrx_word' id='word_1_81' title='bbox 1732 403 2116 466; x_wconf 77' lang='lat' dir='ltr'><strong>EU&#39;l‘IIYMlI</strong></span> <span class='ocrx_word' id='word_1_82' title='bbox 2160 403 2527 464; x_wconf 74' lang='lat' dir='ltr'><strong>ZlGABENI</strong></span> 
     </span>
    </p>
   </div>
   <div class='ocr_carea' id='block_1_15' title="bbox 2106 519 2153 572">
    <p class='ocr_par' dir='ltr' id='par_1_15' title="bbox 2106 519 2153 572">
     <span class='ocr_line' id='line_1_15' title="bbox 2106 519 2153 572; baseline 0 0"><span class='ocrx_word' id='word_1_83' title='bbox 2106 519 2153 572; x_wconf 77' lang='grc' dir='ltr'><strong>Δ</strong></span> 
     </span>
    </p>
   </div>
   <div class='ocr_carea' id='block_1_16' title="bbox 3646 394 3749 459">
    <p class='ocr_par' dir='ltr' id='par_1_16' title="bbox 3646 394 3749 459">
     <span class='ocr_line' id='line_1_16' title="bbox 3646 394 3749 459; baseline 0.019 -2"><span class='ocrx_word' id='word_1_84' title='bbox 3646 394 3749 459; x_wconf 79' lang='lat'><strong>316</strong></span> 
     </span>
    </p>
   </div>
   <div class='ocr_carea' id='block_1_17' title="bbox 2717 507 3219 578">
    <p class='ocr_par' dir='ltr' id='par_1_17' title="bbox 2717 507 3219 578">
     <span class='ocr_line' id='line_1_17' title="bbox 2717 507 3219 578; baseline -0.008 -13"><span class='ocrx_word' id='word_1_85' title='bbox 2717 512 2815 566; x_wconf 79' lang='grc' dir='ltr'>Ἕκ</span> <span class='ocrx_word' id='word_1_86' title='bbox 2870 508 2979 578; x_wconf 82' lang='grc' dir='ltr'>τῆς</span> <span class='ocrx_word' id='word_1_87' title='bbox 3006 507 3219 574; x_wconf 82' lang='grc' dir='ltr'>αὐτῆς.</span> 
     </span>
    </p>
   </div>
   <div class='ocr_carea' id='block_1_18' title="bbox 2252 598 3748 673">
    <p class='ocr_par' dir='ltr' id='par_1_18' title="bbox 2252 598 3748 673">
     <span class='ocr_line' id='line_1_18' title="bbox 2252 598 3748 673; baseline -0.003 -18"><span class='ocrx_word' id='word_1_88' title='bbox 2252 602 2314 655; x_wconf 80' lang='grc' dir='ltr'>Εἰ</span> <span class='ocrx_word' id='word_1_89' title='bbox 2352 602 2454 671; x_wconf 83' lang='grc' dir='ltr'>μὲν</span> <span class='ocrx_word' id='word_1_90' title='bbox 2480 603 2716 673; x_wconf 72' lang='grc' dir='ltr'>πονηρὸς</span> <span class='ocrx_word' id='word_1_91' title='bbox 2742 606 2769 656; x_wconf 88' lang='grc' dir='ltr'><strong>ό</strong></span> <span class='ocrx_word' id='word_1_92' title='bbox 2818 602 2967 655; x_wconf 76' lang='grc' dir='ltr'>κάτω</span> <span class='ocrx_word' id='word_1_93' title='bbox 3005 602 3208 668; x_wconf 80' lang='grc' dir='ltr'>κόσμος</span> <span class='ocrx_word' id='word_1_94' title='bbox 3236 616 3420 665; x_wconf 86' lang='grc' dir='ltr'>ουτος,</span> <span class='ocrx_word' id='word_1_95' title='bbox 3465 598 3559 651; x_wconf 72' lang='grc' dir='ltr'>καὶ</span> <span class='ocrx_word' id='word_1_96' title='bbox 3590 599 3748 669; x_wconf 79' lang='grc' dir='ltr'>ἡμεῖς</span> 
     </span>
    </p>
   </div>
   <div class='ocr_carea' id='block_1_19' title="bbox 2180 692 3750 765">
    <p class='ocr_par' dir='ltr' id='par_1_19' title="bbox 2180 692 3750 765">
     <span class='ocr_line' id='line_1_19' title="bbox 2180 692 3750 765; baseline -0.005 -16"><span class='ocrx_word' id='word_1_97' title='bbox 2180 696 2287 764; x_wconf 77' lang='grc' dir='ltr'>ἄρα</span> <span class='ocrx_word' id='word_1_98' title='bbox 2320 696 2573 765; x_wconf 72' lang='grc' dir='ltr'>πονηροὶ,</span> <span class='ocrx_word' id='word_1_99' title='bbox 2615 696 2781 765; x_wconf 83' lang='grc' dir='ltr'><strong>μέρος</strong></span> <span class='ocrx_word' id='word_1_100' title='bbox 2806 697 2957 756; x_wconf 71' lang='grc' dir='ltr'>ὄντες</span> <span class='ocrx_word' id='word_1_101' title='bbox 2987 693 3173 746; x_wconf 82' lang='grc' dir='ltr'>αὑτοῦ.</span> <span class='ocrx_word' id='word_1_102' title='bbox 3210 693 3471 761; x_wconf 84' lang='grc' dir='ltr'>Πονηροϊς</span> <span class='ocrx_word' id='word_1_103' title='bbox 3499 692 3554 744; x_wconf 82' lang='grc' dir='ltr'><strong>δέ</strong></span> <span class='ocrx_word' id='word_1_104' title='bbox 3619 694 3750 759; x_wconf 80' lang='grc' dir='ltr'>ἡμῖν</span> 
     </span>
    </p>
   </div>
   <div class='ocr_carea' id='block_1_20' title="bbox 2182 783 3748 856">
    <p class='ocr_par' dir='ltr' id='par_1_20' title="bbox 2182 783 3748 856">
     <span class='ocr_line' id='line_1_20' title="bbox 2182 783 3748 856; baseline -0.003 -17"><span class='ocrx_word' id='word_1_105' title='bbox 2182 788 2324 840; x_wconf 80' lang='grc' dir='ltr'>κατὰ</span> <span class='ocrx_word' id='word_1_106' title='bbox 2353 789 2514 856; x_wconf 87' lang='grc' dir='ltr'>φύσιν</span> <span class='ocrx_word' id='word_1_107' title='bbox 2551 784 2704 841; x_wconf 71' lang='grc' dir='ltr'>οὖσιν</span> <span class='ocrx_word' id='word_1_108' title='bbox 2755 787 2816 839; x_wconf 82' lang='grc' dir='ltr'>οὐ</span> <span class='ocrx_word' id='word_1_109' title='bbox 2870 785 3170 851; x_wconf 76' lang='grc' dir='ltr'>πρόσεστιν</span> <span class='ocrx_word' id='word_1_110' title='bbox 3217 784 3467 853; x_wconf 74' lang='grc' dir='ltr'>ἀλήθεια.</span> <span class='ocrx_word' id='word_1_111' title='bbox 3524 784 3590 836; x_wconf 87' lang='grc' dir='ltr'><strong>Ἦ</strong></span> <span class='ocrx_word' id='word_1_112' title='bbox 3639 783 3748 853; x_wconf 72' lang='grc' dir='ltr'><strong>γὰρ</strong></span> 
     </span>
    </p>
   </div>
   <div class='ocr_carea' id='block_1_21' title="bbox 2185 874 3750 946">
    <p class='ocr_par' dir='ltr' id='par_1_21' title="bbox 2185 874 3750 946">
     <span class='ocr_line' id='line_1_21' title="bbox 2185 874 3750 946; baseline -0.003 -17"><span class='ocrx_word' id='word_1_113' title='bbox 2185 876 2412 946; x_wconf 78' lang='grc' dir='ltr'>ἀλήθεια</span> <span class='ocrx_word' id='word_1_114' title='bbox 2461 878 2647 945; x_wconf 71' lang='grc' dir='ltr'>σαφῶς</span> <span class='ocrx_word' id='word_1_115' title='bbox 2711 876 2915 944; x_wconf 79' lang='grc' dir='ltr'>ἀγαθόν</span> <span class='ocrx_word' id='word_1_116' title='bbox 2935 893 2965 911; x_wconf 76' lang='grc' dir='ltr'><strong><em>ὀ</em></strong></span> <span class='ocrx_word' id='word_1_117' title='bbox 2999 875 3060 926; x_wconf 88' lang='grc' dir='ltr'>τὸ</span> <span class='ocrx_word' id='word_1_118' title='bbox 3109 875 3164 927; x_wconf 85' lang='grc' dir='ltr'>δὲ</span> <span class='ocrx_word' id='word_1_119' title='bbox 3210 874 3417 942; x_wconf 74' lang='grc' dir='ltr'>ἀγαθὸν</span> <span class='ocrx_word' id='word_1_120' title='bbox 3472 874 3750 940; x_wconf 69' lang='grc' dir='ltr'>ἀλλότριον</span> 
     </span>
    </p>
   </div>
   <div class='ocr_carea' id='block_1_22' title="bbox 2183 963 3752 1038">
    <p class='ocr_par' dir='ltr' id='par_1_22' title="bbox 2183 963 3752 1038">
     <span class='ocr_line' id='line_1_22' title="bbox 2183 963 3752 1038; baseline -0.001 -19"><span class='ocrx_word' id='word_1_121' title='bbox 2183 968 2440 1036; x_wconf 85' lang='grc' dir='ltr'>πονηροῦ.</span> <span class='ocrx_word' id='word_1_122' title='bbox 2473 969 2565 1038; x_wconf 83' lang='grc' dir='ltr'><strong>Μὴ</strong></span> <span class='ocrx_word' id='word_1_123' title='bbox 2586 968 2943 1038; x_wconf 78' lang='grc' dir='ltr'><strong>κεκτημένοις</strong></span> <span class='ocrx_word' id='word_1_124' title='bbox 2979 966 3037 1020; x_wconf 81' lang='grc' dir='ltr'>δὲ</span> <span class='ocrx_word' id='word_1_125' title='bbox 3066 966 3326 1035; x_wconf 75' lang='grc' dir='ltr'>ἀλήθειαν</span> <span class='ocrx_word' id='word_1_126' title='bbox 3352 963 3417 1016; x_wconf 85' lang='grc' dir='ltr'><strong>τὰ</strong></span> <span class='ocrx_word' id='word_1_127' title='bbox 3444 965 3752 1031; x_wconf 79' lang='grc' dir='ltr'><strong>δεδογμένα</strong></span> 
     </span>
    </p>
   </div>
   <div class='ocr_carea' id='block_1_23' title="bbox 2182 1056 3756 1127">
    <p class='ocr_par' dir='ltr' id='par_1_23' title="bbox 2182 1056 3756 1127">
     <span class='ocr_line' id='line_1_23' title="bbox 2182 1056 3756 1127; baseline 0.001 -19"><span class='ocrx_word' id='word_1_128' title='bbox 2182 1057 2354 1127; x_wconf 77' lang='grc' dir='ltr'>ψευδῆ</span> <span class='ocrx_word' id='word_1_129' title='bbox 2393 1076 2450 1110; x_wconf 90' lang='grc' dir='ltr'><strong>τε</strong></span> <span class='ocrx_word' id='word_1_130' title='bbox 2488 1061 2581 1113; x_wconf 78' lang='grc' dir='ltr'>καὶ</span> <span class='ocrx_word' id='word_1_131' title='bbox 2626 1060 3001 1113; x_wconf 79' lang='grc' dir='ltr'><strong>ἀνυπόστατα.</strong></span> <span class='ocrx_word' id='word_1_132' title='bbox 3066 1059 3129 1112; x_wconf 77' lang='lat' dir='ltr'><strong>Ei</strong></span> <span class='ocrx_word' id='word_1_133' title='bbox 3182 1057 3237 1109; x_wconf 84' lang='grc' dir='ltr'>δὲ</span> <span class='ocrx_word' id='word_1_134' title='bbox 3276 1056 3481 1125; x_wconf 82' lang='grc' dir='ltr'>ἀγαθὸς</span> <span class='ocrx_word' id='word_1_135' title='bbox 3517 1060 3545 1109; x_wconf 83' lang='grc' dir='ltr'>ὁ</span> <span class='ocrx_word' id='word_1_136' title='bbox 3582 1056 3756 1125; x_wconf 67' lang='grc' dir='ltr'>δηλωε</span> 
     </span>
    </p>
   </div>
   <div class='ocr_carea' id='block_1_24' title="bbox 2186 1148 3752 1221">
    <p class='ocr_par' dir='ltr' id='par_1_24' title="bbox 2186 1148 3752 1221">
     <span class='ocr_line' id='line_1_24' title="bbox 2186 1148 3752 1221; baseline 0.001 -20"><span class='ocrx_word' id='word_1_137' title='bbox 2186 1148 2300 1204; x_wconf 77' lang='grc' dir='ltr'>θεὶς</span> <span class='ocrx_word' id='word_1_138' title='bbox 2358 1151 2587 1221; x_wconf 86' lang='grc' dir='ltr'>κόσμος,</span> <span class='ocrx_word' id='word_1_139' title='bbox 2641 1150 2843 1219; x_wconf 79' lang='grc' dir='ltr'><strong>ἀγαθοῦ</strong></span> <span class='ocrx_word' id='word_1_140' title='bbox 2907 1152 3131 1211; x_wconf 82' lang='grc' dir='ltr'>πάντως</span> <span class='ocrx_word' id='word_1_141' title='bbox 3187 1148 3284 1203; x_wconf 78' lang='grc' dir='ltr'>καὶ</span> <span class='ocrx_word' id='word_1_142' title='bbox 3332 1148 3752 1221; x_wconf 73' lang='grc' dir='ltr'><strong>δημιούργημα.</strong></span> 
     </span>
    </p>
   </div>
   <div class='ocr_carea' id='block_1_25' title="bbox 2197 1240 3756 1314">
    <p class='ocr_par' dir='ltr' id='par_1_25' title="bbox 2197 1240 3756 1314">
     <span class='ocr_line' id='line_1_25' title="bbox 2197 1240 3756 1314; baseline 0.001 -21"><span class='ocrx_word' id='word_1_143' title='bbox 2197 1240 2430 1309; x_wconf 86' lang='grc' dir='ltr'>Ἀγαθοῦ</span> <span class='ocrx_word' id='word_1_144' title='bbox 2453 1242 2562 1313; x_wconf 83' lang='grc' dir='ltr'><strong>γὰρ</strong></span> <span class='ocrx_word' id='word_1_145' title='bbox 2587 1241 2834 1297; x_wconf 73' lang='grc' dir='ltr'><strong>αἰτιατοῦ</strong></span> <span class='ocrx_word' id='word_1_146' title='bbox 2864 1243 3072 1312; x_wconf 75' lang='grc' dir='ltr'>ἀγαθὸν</span> <span class='ocrx_word' id='word_1_147' title='bbox 3103 1243 3163 1297; x_wconf 90' lang='grc' dir='ltr'>τὸ</span> <span class='ocrx_word' id='word_1_148' title='bbox 3219 1242 3416 1310; x_wconf 79' lang='grc' dir='ltr'>αἴτιον,</span> <span class='ocrx_word' id='word_1_149' title='bbox 3448 1242 3636 1314; x_wconf 83' lang='grc' dir='ltr'>ὥσπερ</span> <span class='ocrx_word' id='word_1_150' title='bbox 3660 1243 3756 1296; x_wconf 78' lang='grc' dir='ltr'>καὶ</span> 
     </span>
    </p>
   </div>
   <div class='ocr_carea' id='block_1_26' title="bbox 2185 1332 2715 1405">
    <p class='ocr_par' dir='ltr' id='par_1_26' title="bbox 2185 1332 2715 1405">
     <span class='ocr_line' id='line_1_26' title="bbox 2185 1332 2715 1405; baseline 0.009 -20"><span class='ocrx_word' id='word_1_151' title='bbox 2185 1332 2429 1403; x_wconf 78' lang='grc' dir='ltr'>πονηροῦ</span> <span class='ocrx_word' id='word_1_152' title='bbox 2458 1337 2715 1405; x_wconf 86' lang='grc' dir='ltr'>πονηρόν.</span> 
     </span>
    </p>
   </div>
   <div class='ocr_carea' id='block_1_27' title="bbox 2730 1422 3215 1492">
    <p class='ocr_par' dir='ltr' id='par_1_27' title="bbox 2730 1422 3215 1492">
     <span class='ocr_line' id='line_1_27' title="bbox 2730 1422 3215 1492; baseline 0.004 -14"><span class='ocrx_word' id='word_1_153' title='bbox 2730 1422 2830 1478; x_wconf 81' lang='grc' dir='ltr'>Ἐκ</span> <span class='ocrx_word' id='word_1_154' title='bbox 2865 1423 2966 1492; x_wconf 74' lang='grc' dir='ltr'>τῆς</span> <span class='ocrx_word' id='word_1_155' title='bbox 3002 1422 3215 1492; x_wconf 79' lang='grc' dir='ltr'>αὐτῆς.</span> 
     </span>
    </p>
   </div>
   <div class='ocr_carea' id='block_1_28' title="bbox 2257 1514 3753 1586">
    <p class='ocr_par' dir='ltr' id='par_1_28' title="bbox 2257 1514 3753 1586">
     <span class='ocr_line' id='line_1_28' title="bbox 2257 1514 3753 1586; baseline 0.001 -17"><span class='ocrx_word' id='word_1_156' title='bbox 2257 1515 2433 1586; x_wconf 80' lang='grc' dir='ltr'>Εἴπερ</span> <span class='ocrx_word' id='word_1_157' title='bbox 2470 1515 2570 1586; x_wconf 75' lang='grc' dir='ltr'>μὲν</span> <span class='ocrx_word' id='word_1_158' title='bbox 2601 1514 2693 1569; x_wconf 87' lang='grc' dir='ltr'>τὸν</span> <span class='ocrx_word' id='word_1_159' title='bbox 2718 1515 2924 1586; x_wconf 82' lang='grc' dir='ltr'><strong>κόσμον</strong></span> <span class='ocrx_word' id='word_1_160' title='bbox 2954 1516 3157 1585; x_wconf 53' lang='lat' dir='ltr'><strong>hyali!”</strong></span> <span class='ocrx_word' id='word_1_161' title='bbox 3177 1515 3515 1586; x_wconf 65' lang='grc' dir='ltr'>ὁμολογεῖτε.</span> <span class='ocrx_word' id='word_1_162' title='bbox 3556 1516 3649 1572; x_wconf 83' lang='grc' dir='ltr'>τὸν</span> <span class='ocrx_word' id='word_1_163' title='bbox 3696 1517 3753 1571; x_wconf 72' lang='grc' dir='ltr'>δὶ</span> 
     </span>
    </p>
   </div>
   <div class='ocr_carea' id='block_1_29' title="bbox 2186 1607 3757 1680">
    <p class='ocr_par' dir='ltr' id='par_1_29' title="bbox 2186 1607 3757 1680">
     <span class='ocr_line' id='line_1_29' title="bbox 2186 1607 3757 1680; baseline 0.002 -20"><span class='ocrx_word' id='word_1_164' title='bbox 2186 1607 2317 1661; x_wconf 83' lang='grc' dir='ltr'>Θεὸν</span> <span class='ocrx_word' id='word_1_165' title='bbox 2348 1609 2444 1662; x_wconf 80' lang='grc' dir='ltr'>καὶ</span> <span class='ocrx_word' id='word_1_166' title='bbox 2472 1609 2695 1678; x_wconf 82' lang='grc' dir='ltr'><strong>Πατέρα</strong></span> <span class='ocrx_word' id='word_1_167' title='bbox 2726 1608 2986 1680; x_wconf 84' lang='grc' dir='ltr'>πονηρὸν,</span> <span class='ocrx_word' id='word_1_168' title='bbox 3019 1610 3115 1661; x_wconf 73' lang='grc' dir='ltr'>καὶ</span> <span class='ocrx_word' id='word_1_169' title='bbox 3144 1608 3207 1661; x_wconf 86' lang='grc' dir='ltr'><strong>οὺ</strong></span> <span class='ocrx_word' id='word_1_170' title='bbox 3254 1608 3351 1662; x_wconf 80' lang='grc' dir='ltr'><strong>τοῦ</strong></span> <span class='ocrx_word' id='word_1_171' title='bbox 3401 1610 3611 1679; x_wconf 85' lang='grc' dir='ltr'><strong>κόσμου</strong></span> <span class='ocrx_word' id='word_1_172' title='bbox 3633 1612 3757 1663; x_wconf 84' lang='grc' dir='ltr'>τού-</span> 
     </span>
    </p>
   </div>
   <div class='ocr_carea' id='block_1_30' title="bbox 2185 1700 3757 1770">
    <p class='ocr_par' dir='ltr' id='par_1_30' title="bbox 2185 1700 3757 1770">
     <span class='ocr_line' id='line_1_30' title="bbox 2185 1700 3757 1770; baseline 0.002 -18"><span class='ocrx_word' id='word_1_173' title='bbox 2185 1715 2282 1752; x_wconf 85' lang='grc' dir='ltr'><strong>του</strong></span> <span class='ocrx_word' id='word_1_174' title='bbox 2314 1700 2672 1769; x_wconf 85' lang='grc' dir='ltr'>δημιουργὸν,</span> <span class='ocrx_word' id='word_1_175' title='bbox 2713 1700 2869 1753; x_wconf 81' lang='grc' dir='ltr'>ἐσται</span> <span class='ocrx_word' id='word_1_176' title='bbox 2898 1700 3122 1762; x_wconf 80' lang='grc' dir='ltr'>πάντως</span> <span class='ocrx_word' id='word_1_177' title='bbox 3159 1702 3257 1754; x_wconf 79' lang='grc' dir='ltr'>καὶ</span> <span class='ocrx_word' id='word_1_178' title='bbox 3308 1702 3546 1770; x_wconf 73' lang='grc' dir='ltr'>πονηρὸς</span> <span class='ocrx_word' id='word_1_179' title='bbox 3598 1702 3757 1765; x_wconf 78' lang='grc' dir='ltr'>ἄλλος</span> 
     </span>
    </p>
   </div>
   <div class='ocr_carea' id='block_1_31' title="bbox 513 1781 2090 1887">
    <p class='ocr_par' dir='ltr' id='par_1_31' title="bbox 513 1781 2083 1852">
     <span class='ocr_line' id='line_1_31' title="bbox 513 1781 2083 1852; baseline 0.003 -15"><span class='ocrx_word' id='word_1_180' title='bbox 513 1781 796 1837; x_wconf 81' lang='lat' dir='ltr'><strong>confectus</strong></span> <span class='ocrx_word' id='word_1_181' title='bbox 848 1782 1008 1836; x_wconf 91' lang='lat' dir='ltr'><strong>malo.</strong></span> <span class='ocrx_word' id='word_1_182' title='bbox 1065 1783 1229 1852; x_wconf 85' lang='lat' dir='ltr'><strong>Atqui</strong></span> <span class='ocrx_word' id='word_1_183' title='bbox 1284 1786 1522 1840; x_wconf 80' lang='lat' dir='ltr'><strong>mundus</strong></span> <span class='ocrx_word' id='word_1_184' title='bbox 1617 1786 1917 1843; x_wconf 83' lang='lat' dir='ltr'><strong>istiusmodi</strong></span> <span class='ocrx_word' id='word_1_185' title='bbox 1975 1804 2083 1843; x_wconf 89' lang='lat' dir='ltr'><strong>non</strong></span> 
     </span>
    </p>
   </div>
   <div class='ocr_carea' id='block_1_32' title="bbox 2196 1781 3758 1887">
    <p class='ocr_par' dir='ltr' id='par_1_32' title="bbox 2196 1789 3758 1862">
     <span class='ocr_line' id='line_1_32' title="bbox 2196 1789 3758 1862; baseline 0.001 -19"><span class='ocrx_word' id='word_1_186' title='bbox 2196 1792 2394 1859; x_wconf 85' lang='grc' dir='ltr'>κόσμος</span> <span class='ocrx_word' id='word_1_187' title='bbox 2416 1789 2511 1843; x_wconf 83' lang='grc' dir='ltr'>τοῦ</span> <span class='ocrx_word' id='word_1_188' title='bbox 2546 1790 2786 1860; x_wconf 89' lang='grc' dir='ltr'>πονηροῦ</span> <span class='ocrx_word' id='word_1_189' title='bbox 2810 1790 2947 1843; x_wconf 80' lang='grc' dir='ltr'>Θεοῦ</span> <span class='ocrx_word' id='word_1_190' title='bbox 2983 1790 3397 1862; x_wconf 82' lang='grc' dir='ltr'><strong>δημιούργημα.</strong></span> <span class='ocrx_word' id='word_1_191' title='bbox 3451 1792 3609 1845; x_wconf 80' lang='grc' dir='ltr'>Ἀλλὰ</span> <span class='ocrx_word' id='word_1_192' title='bbox 3657 1795 3758 1859; x_wconf 83' lang='grc' dir='ltr'>μὲν</span> 
     </span>
    </p>
   </div>
   <div class='ocr_carea' id='block_1_33' title="bbox 514 1872 2086 1943">
    <p class='ocr_par' dir='ltr' id='par_1_33' title="bbox 514 1872 2086 1943">
     <span class='ocr_line' id='line_1_33' title="bbox 514 1872 2086 1943; baseline 0.006 -18"><span class='ocrx_word' id='word_1_193' title='bbox 514 1880 618 1935; x_wconf 91' lang='lat' dir='ltr'><strong>est,</strong></span> <span class='ocrx_word' id='word_1_194' title='bbox 677 1886 747 1926; x_wconf 90' lang='lat' dir='ltr'><strong>ne</strong></span> <span class='ocrx_word' id='word_1_195' title='bbox 795 1872 939 1926; x_wconf 88' lang='lat' dir='ltr'><strong>Deus</strong></span> <span class='ocrx_word' id='word_1_196' title='bbox 999 1872 1164 1943; x_wconf 79' lang='lat' dir='ltr'><strong>igitur</strong></span> <span class='ocrx_word' id='word_1_197' title='bbox 1218 1874 1433 1942; x_wconf 89' lang='lat' dir='ltr'><strong>quidem</strong></span> <span class='ocrx_word' id='word_1_198' title='bbox 1497 1876 1689 1931; x_wconf 89' lang='lat' dir='ltr'><strong>malus.</strong></span> <span class='ocrx_word' id='word_1_199' title='bbox 1747 1877 1880 1932; x_wconf 86' lang='lat' dir='ltr'><strong>Nam</strong></span> <span class='ocrx_word' id='word_1_200' title='bbox 1943 1879 2086 1934; x_wconf 90' lang='lat' dir='ltr'><strong>Deus</strong></span> 
     </span>
    </p>
   </div>
   <div class='ocr_carea' id='block_1_34' title="bbox 514 1961 2086 2035">
    <p class='ocr_par' dir='ltr' id='par_1_34' title="bbox 514 1961 2086 2035">
     <span class='ocr_line' id='line_1_34' title="bbox 514 1961 2086 2035; baseline 0.005 -19"><span class='ocrx_word' id='word_1_201' title='bbox 514 1962 841 2031; x_wconf 85' lang='lat' dir='ltr'><strong>principium</strong></span> <span class='ocrx_word' id='word_1_202' title='bbox 911 1972 1013 2028; x_wconf 89' lang='lat' dir='ltr'><strong>est,</strong></span> <span class='ocrx_word' id='word_1_203' title='bbox 1064 1961 1423 2035; x_wconf 79' lang='lat' dir='ltr'><strong>eﬂ&#39;ectrixque</strong></span> <span class='ocrx_word' id='word_1_204' title='bbox 1481 1981 1670 2023; x_wconf 87' lang='lat' dir='ltr'><strong>causa.</strong></span> <span class='ocrx_word' id='word_1_205' title='bbox 1732 1969 1913 2034; x_wconf 82' lang='lat' dir='ltr'><strong>Quare</strong></span> <span class='ocrx_word' id='word_1_206' title='bbox 1962 1985 2086 2025; x_wconf 91' lang='lat' dir='ltr'><strong>cum</strong></span> 
     </span>
    </p>
   </div>
   <div class='ocr_carea' id='block_1_35' title="bbox 514 2059 2088 2132">
    <p class='ocr_par' dir='ltr' id='par_1_35' title="bbox 514 2059 2088 2132">
     <span class='ocr_line' id='line_1_35' title="bbox 514 2059 2088 2132; baseline 0.006 -23"><span class='ocrx_word' id='word_1_207' title='bbox 514 2072 621 2110; x_wconf 86' lang='lat' dir='ltr'><strong>non</strong></span> <span class='ocrx_word' id='word_1_208' title='bbox 661 2059 944 2119; x_wconf 73' lang='lat' dir='ltr'><strong>exsistant,</strong></span> <span class='ocrx_word' id='word_1_209' title='bbox 977 2073 1097 2132; x_wconf 66' lang='lat' dir='ltr'><strong>quae</strong></span> <span class='ocrx_word' id='word_1_210' title='bbox 1136 2073 1168 2112; x_wconf 88' lang='lat' dir='ltr'><strong>a</strong></span> <span class='ocrx_word' id='word_1_211' title='bbox 1212 2061 1479 2132; x_wconf 92' lang='lat' dir='ltr'><strong>principio</strong></span> <span class='ocrx_word' id='word_1_212' title='bbox 1526 2061 1717 2117; x_wconf 79' lang='lat' dir='ltr'><strong>eﬂecta</strong></span> <span class='ocrx_word' id='word_1_213' title='bbox 1768 2072 1822 2117; x_wconf 90' lang='lat' dir='ltr'><strong>et</strong></span> <span class='ocrx_word' id='word_1_214' title='bbox 1870 2063 2088 2119; x_wconf 89' lang='lat' dir='ltr'><strong>condita</strong></span> 
     </span>
    </p>
   </div>
   <div class='ocr_carea' id='block_1_36' title="bbox 513 2148 2090 2226">
    <p class='ocr_par' dir='ltr' id='par_1_36' title="bbox 513 2148 2090 2226">
     <span class='ocr_line' id='line_1_36' title="bbox 513 2148 2090 2226; baseline 0.004 -24"><span class='ocrx_word' id='word_1_215' title='bbox 513 2148 647 2215; x_wconf 81' lang='lat' dir='ltr'><strong>sint,</strong></span> <span class='ocrx_word' id='word_1_216' title='bbox 702 2166 772 2206; x_wconf 88' lang='lat' dir='ltr'><strong>ne</strong></span> <span class='ocrx_word' id='word_1_217' title='bbox 797 2153 1124 2226; x_wconf 88' lang='lat' dir='ltr'><strong>principium</strong></span> <span class='ocrx_word' id='word_1_218' title='bbox 1167 2157 1384 2226; x_wconf 82' lang='lat' dir='ltr'><strong>quidem</strong></span> <span class='ocrx_word' id='word_1_219' title='bbox 1418 2163 1523 2225; x_wconf 89' lang='lat' dir='ltr'><strong>est,</strong></span> <span class='ocrx_word' id='word_1_220' title='bbox 1572 2172 1674 2211; x_wconf 91' lang='lat' dir='ltr'><strong>nec</strong></span> <span class='ocrx_word' id='word_1_221' title='bbox 1730 2155 1874 2210; x_wconf 89' lang='lat' dir='ltr'><strong>Deus</strong></span> <span class='ocrx_word' id='word_1_222' title='bbox 1924 2155 2090 2219; x_wconf 75' lang='lat' dir='ltr'><strong>igitur</strong></span> 
     </span>
    </p>
   </div>
   <div class='ocr_carea' id='block_1_37' title="bbox 512 2238 709 2296">
    <p class='ocr_par' dir='ltr' id='par_1_37' title="bbox 512 2238 709 2296">
     <span class='ocr_line' id='line_1_37' title="bbox 512 2238 709 2296; baseline 0.02 -4"><span class='ocrx_word' id='word_1_223' title='bbox 512 2238 709 2296; x_wconf 86' lang='lat' dir='ltr'><strong>malus.</strong></span> 
     </span>
    </p>
   </div>
   <div class='ocr_carea' id='block_1_38' title="bbox 1147 2334 1456 2391">
    <p class='ocr_par' dir='ltr' id='par_1_38' title="bbox 1147 2334 1456 2391">
     <span class='ocr_line' id='line_1_38' title="bbox 1147 2334 1456 2391; baseline 0 -2"><span class='ocrx_word' id='word_1_224' title='bbox 1147 2334 1231 2390; x_wconf 73' lang='lat' dir='ltr'><strong>Ex</strong></span> <span class='ocrx_word' id='word_1_225' title='bbox 1257 2335 1456 2391; x_wconf 82' lang='lat' dir='ltr'><strong>eodem.</strong></span> 
     </span>
    </p>
   </div>
   <div class='ocr_carea' id='block_1_39' title="bbox 585 2422 2087 2499">
    <p class='ocr_par' dir='ltr' id='par_1_39' title="bbox 585 2422 2087 2499">
     <span class='ocr_line' id='line_1_39' title="bbox 585 2422 2087 2499; baseline 0.004 -22"><span class='ocrx_word' id='word_1_226' title='bbox 585 2422 816 2491; x_wconf 80' lang='lat' dir='ltr'><strong>Veteris,</strong></span> <span class='ocrx_word' id='word_1_227' title='bbox 836 2425 1112 2497; x_wconf 88' lang='lat' dir='ltr'><strong>inquiunt,</strong></span> <span class='ocrx_word' id='word_1_228' title='bbox 1126 2425 1460 2484; x_wconf 89' lang='lat' dir='ltr'><strong>Testamenti</strong></span> <span class='ocrx_word' id='word_1_229' title='bbox 1477 2427 1620 2484; x_wconf 90' lang='lat' dir='ltr'><strong>Deus</strong></span> <span class='ocrx_word' id='word_1_230' title='bbox 1640 2443 1748 2483; x_wconf 89' lang='lat' dir='ltr'><strong>non</strong></span> <span class='ocrx_word' id='word_1_231' title='bbox 1770 2444 1834 2484; x_wconf 87' lang='lat' dir='ltr'><strong>ea</strong></span> <span class='ocrx_word' id='word_1_232' title='bbox 1852 2436 1937 2485; x_wconf 90' lang='lat' dir='ltr'><strong>est</strong></span> <span class='ocrx_word' id='word_1_233' title='bbox 1959 2443 2087 2499; x_wconf 84' lang='lat' dir='ltr'><strong>pro-</strong></span> 
     </span>
    </p>
   </div>
   <div class='ocr_carea' id='block_1_40' title="bbox 513 2514 2082 2590">
    <p class='ocr_par' dir='ltr' id='par_1_40' title="bbox 513 2514 2082 2590">
     <span class='ocr_line' id='line_1_40' title="bbox 513 2514 2082 2590; baseline 0.006 -22"><span class='ocrx_word' id='word_1_234' title='bbox 513 2514 782 2581; x_wconf 83' lang='lat' dir='ltr'><strong>videntia,</strong></span> <span class='ocrx_word' id='word_1_235' title='bbox 832 2528 889 2572; x_wconf 90' lang='lat' dir='ltr'><strong>et</strong></span> <span class='ocrx_word' id='word_1_236' title='bbox 943 2520 1195 2584; x_wconf 83' lang='lat' dir='ltr'><strong>scientia,</strong></span> <span class='ocrx_word' id='word_1_237' title='bbox 1253 2536 1374 2588; x_wconf 80' lang='lat' dir='ltr'><strong>quae</strong></span> <span class='ocrx_word' id='word_1_238' title='bbox 1428 2522 1610 2577; x_wconf 84' lang='lat' dir='ltr'><strong>omnia</strong></span> <span class='ocrx_word' id='word_1_239' title='bbox 1666 2522 2082 2590; x_wconf 86' lang='lat' dir='ltr'><strong>complectatur.</strong></span> 
     </span>
    </p>
   </div>
   <div class='ocr_carea' id='block_1_41' title="bbox 515 2605 2083 2682">
    <p class='ocr_par' dir='ltr' id='par_1_41' title="bbox 515 2605 2083 2682">
     <span class='ocr_line' id='line_1_41' title="bbox 515 2605 2083 2682; baseline 0.006 -23"><span class='ocrx_word' id='word_1_240' title='bbox 515 2605 819 2678; x_wconf 83' lang='lat' dir='ltr'><strong>Interrogat</strong></span> <span class='ocrx_word' id='word_1_241' title='bbox 876 2610 1045 2675; x_wconf 89' lang='lat' dir='ltr'><strong>enim,</strong></span> <span class='ocrx_word' id='word_1_242' title='bbox 1095 2610 1294 2677; x_wconf 79' lang='lat' dir='ltr'><strong>Adam,</strong></span> <span class='ocrx_word' id='word_1_243' title='bbox 1343 2612 1451 2677; x_wconf 83' lang='lat' dir='ltr'><strong>ubi,</strong></span> <span class='ocrx_word' id='word_1_244' title='bbox 1498 2613 1771 2682; x_wconf 86' lang='lat' dir='ltr'><strong>inquiens,</strong></span> <span class='ocrx_word' id='word_1_245' title='bbox 1820 2630 1873 2667; x_wconf 79' lang='lat' dir='ltr'><strong>es</strong></span> <span class='ocrx_word' id='word_1_246' title='bbox 1912 2616 1968 2665; x_wconf 71' lang='grc' dir='ltr'>’τ</span> <span class='ocrx_word' id='word_1_247' title='bbox 2019 2614 2083 2669; x_wconf 80' lang='lat' dir='ltr'><strong>Et</strong></span> 
     </span>
    </p>
   </div>
   <div class='ocr_carea' id='block_1_42' title="bbox 514 2695 2086 2772">
    <p class='ocr_par' dir='ltr' id='par_1_42' title="bbox 514 2695 2086 2772">
     <span class='ocr_line' id='line_1_42' title="bbox 514 2695 2086 2772; baseline 0.005 -21"><span class='ocrx_word' id='word_1_248' title='bbox 514 2695 670 2763; x_wconf 90' lang='lat' dir='ltr'><strong>Cain,</strong></span> <span class='ocrx_word' id='word_1_249' title='bbox 706 2697 804 2752; x_wconf 97' lang='lat' dir='ltr'><strong>Ubi</strong></span> <span class='ocrx_word' id='word_1_250' title='bbox 842 2709 939 2762; x_wconf 76' lang='lat' dir='ltr'><strong>est,</strong></span> <span class='ocrx_word' id='word_1_251' title='bbox 978 2701 1247 2771; x_wconf 84' lang='lat' dir='ltr'><strong>inquiens,</strong></span> <span class='ocrx_word' id='word_1_252' title='bbox 1308 2705 1476 2772; x_wconf 76' lang='lat' dir='ltr'><strong>frater</strong></span> <span class='ocrx_word' id='word_1_253' title='bbox 1526 2713 1646 2757; x_wconf 69' lang='lat' dir='ltr'><strong>tua:</strong></span> <span class='ocrx_word' id='word_1_254' title='bbox 1676 2705 1696 2736; x_wconf 85' lang='grc'>²</span> <span class='ocrx_word' id='word_1_255' title='bbox 1733 2705 1754 2758; x_wconf 89' lang='lat'><strong>?</strong></span> <span class='ocrx_word' id='word_1_256' title='bbox 1807 2702 1874 2758; x_wconf 90' lang='lat' dir='ltr'><strong>Et</strong></span> <span class='ocrx_word' id='word_1_257' title='bbox 1913 2706 2086 2759; x_wconf 81' lang='lat' dir='ltr'><strong>Abra-</strong></span> 
     </span>
    </p>
   </div>
   <div class='ocr_carea' id='block_1_43' title="bbox 519 2787 2083 2860">
    <p class='ocr_par' dir='ltr' id='par_1_43' title="bbox 519 2787 2083 2860">
     <span class='ocr_line' id='line_1_43' title="bbox 519 2787 2083 2860; baseline 0.005 -16"><span class='ocrx_word' id='word_1_258' title='bbox 519 2787 671 2853; x_wconf 88' lang='lat' dir='ltr'><strong>ham,</strong></span> <span class='ocrx_word' id='word_1_259' title='bbox 718 2790 813 2846; x_wconf 88' lang='lat' dir='ltr'><strong>Ubi</strong></span> <span class='ocrx_word' id='word_1_260' title='bbox 847 2800 943 2856; x_wconf 71' lang='lat' dir='ltr'><strong>est,</strong></span> <span class='ocrx_word' id='word_1_261' title='bbox 998 2792 1277 2860; x_wconf 87' lang='lat' dir='ltr'><strong>inquiens,</strong></span> <span class='ocrx_word' id='word_1_262' title='bbox 1311 2795 1453 2849; x_wconf 85' lang='lat' dir='ltr'><strong>Sara</strong></span> <span class='ocrx_word' id='word_1_263' title='bbox 1486 2812 1619 2850; x_wconf 69' lang='lat' dir='ltr'><strong>uxor</strong></span> <span class='ocrx_word' id='word_1_264' title='bbox 1668 2797 1845 2851; x_wconf 77' lang='lat' dir='ltr'><strong>tua-’?</strong></span> <span class='ocrx_word' id='word_1_265' title='bbox 1874 2798 1941 2852; x_wconf 87' lang='lat' dir='ltr'><strong>Et</strong></span> <span class='ocrx_word' id='word_1_266' title='bbox 1973 2800 2083 2853; x_wconf 89' lang='lat' dir='ltr'><strong>alia</strong></span> 
     </span>
    </p>
   </div>
   <div class='ocr_carea' id='block_1_44' title="bbox 517 2879 2084 2958">
    <p class='ocr_par' dir='ltr' id='par_1_44' title="bbox 517 2879 2084 2958">
     <span class='ocr_line' id='line_1_44' title="bbox 517 2879 2084 2958; baseline 0.008 -25"><span class='ocrx_word' id='word_1_267' title='bbox 517 2879 687 2935; x_wconf 89' lang='lat' dir='ltr'><strong>multa</strong></span> <span class='ocrx_word' id='word_1_268' title='bbox 718 2880 783 2936; x_wconf 89' lang='lat' dir='ltr'><strong>ad</strong></span> <span class='ocrx_word' id='word_1_269' title='bbox 812 2883 1065 2938; x_wconf 88' lang='lat' dir='ltr'><strong>eumdem</strong></span> <span class='ocrx_word' id='word_1_270' title='bbox 1096 2885 1339 2940; x_wconf 90' lang='lat' dir='ltr'><strong>modum.</strong></span> <span class='ocrx_word' id='word_1_271' title='bbox 1365 2884 1457 2941; x_wconf 81' lang='lat' dir='ltr'><strong>liis</strong></span> <span class='ocrx_word' id='word_1_272' title='bbox 1489 2888 1907 2957; x_wconf 84' lang='lat' dir='ltr'><strong>respondemus,</strong></span> <span class='ocrx_word' id='word_1_273' title='bbox 1938 2890 2084 2958; x_wconf 84' lang='lat' dir='ltr'><strong>ejus-</strong></span> 
     </span>
    </p>
   </div>
   <div class='ocr_carea' id='block_1_45' title="bbox 518 2970 2088 3052">
    <p class='ocr_par' dir='ltr' id='par_1_45' title="bbox 518 2970 2088 3052">
     <span class='ocr_line' id='line_1_45' title="bbox 518 2970 2088 3052; baseline 0.008 -28"><span class='ocrx_word' id='word_1_274' title='bbox 518 2970 666 3026; x_wconf 87' lang='lat' dir='ltr'><strong>modi</strong></span> <span class='ocrx_word' id='word_1_275' title='bbox 707 2972 1038 3045; x_wconf 86' lang='lat' dir='ltr'><strong>interrogata</strong></span> <span class='ocrx_word' id='word_1_276' title='bbox 1098 2991 1210 3031; x_wconf 90' lang='lat' dir='ltr'><strong>non</strong></span> <span class='ocrx_word' id='word_1_277' title='bbox 1265 2978 1333 3033; x_wconf 89' lang='lat' dir='ltr'><strong>ab</strong></span> <span class='ocrx_word' id='word_1_278' title='bbox 1390 2979 1716 3050; x_wconf 84' lang='lat' dir='ltr'><strong>ignorantia,</strong></span> <span class='ocrx_word' id='word_1_279' title='bbox 1761 2981 1855 3036; x_wconf 89' lang='lat' dir='ltr'><strong>sed</strong></span> <span class='ocrx_word' id='word_1_280' title='bbox 1908 2986 2088 3052; x_wconf 88' lang='lat' dir='ltr'><strong>potius</strong></span> 
     </span>
    </p>
   </div>
   <div class='ocr_carea' id='block_1_46' title="bbox 517 3064 2086 3140">
    <p class='ocr_par' dir='ltr' id='par_1_46' title="bbox 517 3064 2086 3140">
     <span class='ocr_line' id='line_1_46' title="bbox 517 3064 2086 3140; baseline 0.008 -24"><span class='ocrx_word' id='word_1_281' title='bbox 517 3078 548 3116; x_wconf 90' lang='lat' dir='ltr'><strong>a</strong></span> <span class='ocrx_word' id='word_1_282' title='bbox 584 3064 897 3135; x_wconf 75' lang='lat' dir='ltr'><strong>cognitione</strong></span> <span class='ocrx_word' id='word_1_283' title='bbox 939 3066 1233 3136; x_wconf 80' lang='lat' dir='ltr'><strong>proﬁcisci.</strong></span> <span class='ocrx_word' id='word_1_284' title='bbox 1286 3068 1401 3126; x_wconf 84' lang='lat' dir='ltr'><strong>Nisi</strong></span> <span class='ocrx_word' id='word_1_285' title='bbox 1459 3073 1606 3126; x_wconf 88' lang='lat' dir='ltr'><strong>enim</strong></span> <span class='ocrx_word' id='word_1_286' title='bbox 1661 3072 2004 3140; x_wconf 83' lang='lat' dir='ltr'><strong>cognovisset</strong></span> <span class='ocrx_word' id='word_1_287' title='bbox 2031 3081 2086 3137; x_wconf 82' lang='lat' dir='ltr'><strong>et</strong></span> 
     </span>
    </p>
   </div>
   <div class='ocr_carea' id='block_1_47' title="bbox 517 3144 2090 3232">
    <p class='ocr_par' dir='ltr' id='par_1_47' title="bbox 517 3151 2089 3225">
     <span class='ocr_line' id='line_1_47' title="bbox 517 3151 2089 3225; baseline 0.004 -18"><span class='ocrx_word' id='word_1_288' title='bbox 517 3151 711 3220; x_wconf 83' lang='lat' dir='ltr'><strong>Adam,</strong></span> <span class='ocrx_word' id='word_1_289' title='bbox 737 3163 792 3209; x_wconf 95' lang='lat' dir='ltr'><strong>et</strong></span> <span class='ocrx_word' id='word_1_290' title='bbox 826 3156 960 3210; x_wconf 87' lang='lat' dir='ltr'><strong>Cain</strong></span> <span class='ocrx_word' id='word_1_291' title='bbox 992 3171 1272 3225; x_wconf 88' lang='lat' dir='ltr'><strong>peccasse,</strong></span> <span class='ocrx_word' id='word_1_292' title='bbox 1304 3174 1415 3214; x_wconf 92' lang='lat' dir='ltr'><strong>non</strong></span> <span class='ocrx_word' id='word_1_293' title='bbox 1446 3175 1540 3215; x_wconf 89' lang='lat' dir='ltr'><strong>eos</strong></span> <span class='ocrx_word' id='word_1_294' title='bbox 1600 3161 1865 3214; x_wconf 86' lang='lat' dir='ltr'><strong>continuo</strong></span> <span class='ocrx_word' id='word_1_295' title='bbox 1922 3160 2089 3216; x_wconf 88' lang='lat' dir='ltr'><strong>inter-</strong></span> 
     </span>
    </p>
   </div>
   <div class='ocr_carea' id='block_1_48' title="bbox 2196 3144 3869 3232">
    <p class='ocr_par' dir='ltr' id='par_1_48' title="bbox 2196 3144 3869 3232">
     <span class='ocr_line' id='line_1_48' title="bbox 2196 3144 3869 3232; baseline 0.001 -21"><span class='ocrx_word' id='word_1_296' title='bbox 2196 3159 2490 3229; x_wconf 71' lang='grc' dir='ltr'>ἠρώτησεσ</span> <span class='ocrx_word' id='word_1_297' title='bbox 2539 3161 2633 3211; x_wconf 77' lang='grc' dir='ltr'>καὶ</span> <span class='ocrx_word' id='word_1_298' title='bbox 2668 3158 2827 3228; x_wconf 67' lang='grc' dir='ltr'>δῆλον</span> <span class='ocrx_word' id='word_1_299' title='bbox 2856 3159 2966 3213; x_wconf 80' lang='grc' dir='ltr'><strong>ἀπὸ</strong></span> <span class='ocrx_word' id='word_1_300' title='bbox 3026 3159 3134 3212; x_wconf 80' lang='grc' dir='ltr'>τῶν</span> <span class='ocrx_word' id='word_1_301' title='bbox 3194 3159 3342 3228; x_wconf 77' lang='grc' dir='ltr'>ἑξῆς.</span> <span class='ocrx_word' id='word_1_302' title='bbox 3395 3158 3597 3229; x_wconf 78' lang='grc' dir='ltr'>Εἵρηκε</span> <span class='ocrx_word' id='word_1_303' title='bbox 3653 3162 3763 3232; x_wconf 72' lang='grc' dir='ltr'>γὰρ</span> <span class='ocrx_word' id='word_1_304' title='bbox 3862 3144 3869 3155; x_wconf 64' lang='grc'><em>’</em></span> 
     </span>
    </p>
   </div>
   <div class='ocr_carea' id='block_1_49' title="bbox 517 3245 2087 3323">
    <p class='ocr_par' dir='ltr' id='par_1_49' title="bbox 517 3245 2087 3323">
     <span class='ocr_line' id='line_1_49' title="bbox 517 3245 2087 3323; baseline 0.004 -25"><span class='ocrx_word' id='word_1_305' title='bbox 517 3255 781 3315; x_wconf 78' lang='lat' dir='ltr'><strong>rogasset.</strong></span> <span class='ocrx_word' id='word_1_306' title='bbox 809 3245 1139 3318; x_wconf 78' lang='lat' dir='ltr'><strong>Cognovisse</strong></span> <span class='ocrx_word' id='word_1_307' title='bbox 1167 3261 1348 3305; x_wconf 91' lang='lat' dir='ltr'><strong>autem</strong></span> <span class='ocrx_word' id='word_1_308' title='bbox 1378 3267 1443 3306; x_wconf 83' lang='lat' dir='ltr'><strong>ex</strong></span> <span class='ocrx_word' id='word_1_309' title='bbox 1492 3251 1579 3312; x_wconf 88' lang='lat' dir='ltr'><strong>iis,</strong></span> <span class='ocrx_word' id='word_1_310' title='bbox 1612 3267 1732 3321; x_wconf 69' lang='lat' dir='ltr'><strong>quae</strong></span> <span class='ocrx_word' id='word_1_311' title='bbox 1764 3265 2087 3323; x_wconf 88' lang='lat' dir='ltr'><strong>sequuntur,</strong></span> 
     </span>
    </p>
   </div>
   <div class='ocr_carea' id='block_1_50' title="bbox 518 3338 2086 3413">
    <p class='ocr_par' dir='ltr' id='par_1_50' title="bbox 518 3338 2086 3413">
     <span class='ocr_line' id='line_1_50' title="bbox 518 3338 2086 3413; baseline 0.004 -21"><span class='ocrx_word' id='word_1_312' title='bbox 518 3338 869 3407; x_wconf 84' lang='lat' dir='ltr'><strong>perspicuum</strong></span> <span class='ocrx_word' id='word_1_313' title='bbox 909 3350 1016 3396; x_wconf 90' lang='lat' dir='ltr'><strong>est.</strong></span> <span class='ocrx_word' id='word_1_314' title='bbox 1051 3341 1139 3397; x_wconf 88' lang='lat' dir='ltr'><strong>Sic</strong></span> <span class='ocrx_word' id='word_1_315' title='bbox 1172 3343 1318 3396; x_wconf 88' lang='lat' dir='ltr'><strong>enim</strong></span> <span class='ocrx_word' id='word_1_316' title='bbox 1351 3344 1648 3413; x_wconf 88' lang='lat' dir='ltr'><strong>alloquitur</strong></span> <span class='ocrx_word' id='word_1_317' title='bbox 1688 3344 1860 3398; x_wconf 89' lang='lat' dir='ltr'><strong>Adam</strong></span> <span class='ocrx_word' id='word_1_318' title='bbox 1912 3343 2086 3413; x_wconf 88' lang='lat' dir='ltr'><strong>prius,</strong></span> 
     </span>
    </p>
   </div>
   <div class='ocr_carea' id='block_1_51' title="bbox 519 3429 2092 3505">
    <p class='ocr_par' dir='ltr' id='par_1_51' title="bbox 519 3429 2092 3505">
     <span class='ocr_line' id='line_1_51' title="bbox 519 3429 2092 3505; baseline 0.005 -23"><span class='ocrx_word' id='word_1_319' title='bbox 519 3442 683 3498; x_wconf 89' lang='lat' dir='ltr'><strong>quam</strong></span> <span class='ocrx_word' id='word_1_320' title='bbox 707 3429 800 3484; x_wconf 90' lang='lat' dir='ltr'><strong>ille</strong></span> <span class='ocrx_word' id='word_1_321' title='bbox 829 3445 889 3485; x_wconf 91' lang='lat' dir='ltr'><strong>se</strong></span> <span class='ocrx_word' id='word_1_322' title='bbox 947 3433 1249 3488; x_wconf 87' lang='lat' dir='ltr'><strong>comedisse</strong></span> <span class='ocrx_word' id='word_1_323' title='bbox 1282 3433 1583 3489; x_wconf 81' lang='lat' dir='ltr'><strong>fateretur:</strong></span> <span class='ocrx_word' id='word_1_324' title='bbox 1616 3434 1810 3505; x_wconf 77' lang='lat' dir='ltr'><strong>Ecquis</strong></span> <span class='ocrx_word' id='word_1_325' title='bbox 1840 3436 2092 3490; x_wconf 85' lang='lat' dir='ltr'><strong>indicavit</strong></span> 
     </span>
    </p>
   </div>
   <div class='ocr_carea' id='block_1_52' title="bbox 518 3521 2093 3597">
    <p class='ocr_par' dir='ltr' id='par_1_52' title="bbox 518 3521 2093 3597">
     <span class='ocr_line' id='line_1_52' title="bbox 518 3521 2093 3597; baseline 0.004 -23"><span class='ocrx_word' id='word_1_326' title='bbox 518 3521 636 3587; x_wconf 82' lang='lat' dir='ltr'><strong>tibi,</strong></span> <span class='ocrx_word' id='word_1_327' title='bbox 679 3531 728 3576; x_wconf 79' lang='lat' dir='ltr'><strong>te</strong></span> <span class='ocrx_word' id='word_1_328' title='bbox 752 3522 950 3576; x_wconf 83' lang='lat' dir='ltr'><strong>nudum</strong></span> <span class='ocrx_word' id='word_1_329' title='bbox 969 3538 1101 3589; x_wconf 73' lang='lat' dir='ltr'><strong>esse,</strong></span> <span class='ocrx_word' id='word_1_330' title='bbox 1149 3524 1251 3579; x_wconf 75' lang='lat' dir='ltr'><strong>nisi</strong></span> <span class='ocrx_word' id='word_1_331' title='bbox 1279 3527 1416 3594; x_wconf 82' lang='lat' dir='ltr'><strong>quod</strong></span> <span class='ocrx_word' id='word_1_332' title='bbox 1459 3542 1486 3579; x_wconf 83' lang='lat' dir='ltr'><strong>c</strong></span> <span class='ocrx_word' id='word_1_333' title='bbox 1511 3525 1675 3595; x_wconf 86' lang='lat' dir='ltr'><strong>ligno,</strong></span> <span class='ocrx_word' id='word_1_334' title='bbox 1718 3527 1785 3579; x_wconf 85' lang='lat' dir='ltr'><strong>de</strong></span> <span class='ocrx_word' id='word_1_335' title='bbox 1834 3542 1935 3597; x_wconf 84' lang='lat' dir='ltr'><strong>quo</strong></span> <span class='ocrx_word' id='word_1_336' title='bbox 1982 3526 2093 3581; x_wconf 74' lang='lat' dir='ltr'><strong>solo</strong></span> 
     </span>
    </p>
   </div>
   <div class='ocr_carea' id='block_1_53' title="bbox 517 3612 2090 3681">
    <p class='ocr_par' dir='ltr' id='par_1_53' title="bbox 517 3612 2090 3681">
     <span class='ocr_line' id='line_1_53' title="bbox 517 3612 2090 3681; baseline 0.004 -18"><span class='ocrx_word' id='word_1_337' title='bbox 517 3612 743 3680; x_wconf 64' lang='lat' dir='ltr'><strong>praecepi</strong></span> <span class='ocrx_word' id='word_1_338' title='bbox 774 3612 890 3677; x_wconf 89' lang='lat' dir='ltr'><strong>tibi,</strong></span> <span class='ocrx_word' id='word_1_339' title='bbox 922 3628 986 3665; x_wconf 84' lang='lat' dir='ltr'><strong>ne</strong></span> <span class='ocrx_word' id='word_1_340' title='bbox 1012 3615 1328 3680; x_wconf 69' lang='lat' dir='ltr'><strong>comedam,</strong></span> <span class='ocrx_word' id='word_1_341' title='bbox 1369 3616 1642 3669; x_wconf 71' lang='lat' dir='ltr'><strong>comedisti</strong></span> <span class='ocrx_word' id='word_1_342' title='bbox 1666 3614 1727 3669; x_wconf 60' lang='grc' dir='ltr'><strong>ιτ</strong></span> <span class='ocrx_word' id='word_1_343' title='bbox 1756 3615 1888 3670; x_wconf 88' lang='lat' dir='ltr'><strong>Cain</strong></span> <span class='ocrx_word' id='word_1_344' title='bbox 1938 3629 2090 3681; x_wconf 91' lang='lat' dir='ltr'><strong>vero,</strong></span> 
     </span>
    </p>
   </div>
   <div class='ocr_carea' id='block_1_54' title="bbox 521 3701 2095 3777">
    <p class='ocr_par' dir='ltr' id='par_1_54' title="bbox 521 3701 2095 3777">
     <span class='ocr_line' id='line_1_54' title="bbox 521 3701 2095 3777; baseline 0.006 -25"><span class='ocrx_word' id='word_1_345' title='bbox 521 3701 618 3770; x_wconf 87' lang='lat' dir='ltr'><strong>qui</strong></span> <span class='ocrx_word' id='word_1_346' title='bbox 654 3701 957 3759; x_wconf 88' lang='lat' dir='ltr'><strong>conabatur</strong></span> <span class='ocrx_word' id='word_1_347' title='bbox 985 3714 1041 3760; x_wconf 89' lang='lat' dir='ltr'><strong>et</strong></span> <span class='ocrx_word' id='word_1_348' title='bbox 1068 3705 1184 3775; x_wconf 91' lang='lat' dir='ltr'><strong>ipse</strong></span> <span class='ocrx_word' id='word_1_349' title='bbox 1216 3706 1453 3771; x_wconf 84' lang='lat' dir='ltr'><strong>latitare,</strong></span> <span class='ocrx_word' id='word_1_350' title='bbox 1510 3707 1800 3777; x_wconf 88' lang='lat' dir='ltr'><strong>compellat</strong></span> <span class='ocrx_word' id='word_1_351' title='bbox 1847 3707 1934 3763; x_wconf 89' lang='lat' dir='ltr'><strong>his</strong></span> <span class='ocrx_word' id='word_1_352' title='bbox 1973 3723 2095 3762; x_wconf 87' lang='lat' dir='ltr'><strong>ver-</strong></span> 
     </span>
    </p>
   </div>
   <div class='ocr_carea' id='block_1_55' title="bbox 521 3791 2092 3866">
    <p class='ocr_par' dir='ltr' id='par_1_55' title="bbox 521 3791 2092 3866">
     <span class='ocr_line' id='line_1_55' title="bbox 521 3791 2092 3866; baseline 0.004 -19"><span class='ocrx_word' id='word_1_353' title='bbox 521 3791 657 3849; x_wconf 82' lang='lat' dir='ltr'><strong>bis:</strong></span> <span class='ocrx_word' id='word_1_354' title='bbox 698 3791 811 3848; x_wconf 74' lang='lat' dir='ltr'><strong>Vox</strong></span> <span class='ocrx_word' id='word_1_355' title='bbox 860 3796 1135 3865; x_wconf 75' lang='lat' dir='ltr'><strong>sanguinis</strong></span> <span class='ocrx_word' id='word_1_356' title='bbox 1173 3797 1358 3866; x_wconf 78' lang='lat' dir='ltr'><strong>fratris</strong></span> <span class='ocrx_word' id='word_1_357' title='bbox 1409 3799 1486 3851; x_wconf 85' lang='lat' dir='ltr'><strong>tui</strong></span> <span class='ocrx_word' id='word_1_358' title='bbox 1539 3798 1738 3853; x_wconf 84' lang='lat' dir='ltr'><strong>clamat</strong></span> <span class='ocrx_word' id='word_1_359' title='bbox 1792 3800 1863 3854; x_wconf 84' lang='lat' dir='ltr'><strong>ad</strong></span> <span class='ocrx_word' id='word_1_360' title='bbox 1920 3817 2001 3854; x_wconf 87' lang='lat' dir='ltr'><strong>me</strong></span> <span class='ocrx_word' id='word_1_361' title='bbox 2047 3801 2092 3854; x_wconf 84' lang='lat'><strong>&#39;.</strong></span> 
     </span>
    </p>
   </div>
   <div class='ocr_carea' id='block_1_56' title="bbox 522 3886 2093 3964">
    <p class='ocr_par' dir='ltr' id='par_1_56' title="bbox 522 3886 2093 3964">
     <span class='ocr_line' id='line_1_56' title="bbox 522 3886 2093 3964; baseline 0.006 -21"><span class='ocrx_word' id='word_1_362' title='bbox 522 3886 653 3945; x_wconf 64' lang='lat' dir='ltr'><strong>Haec</strong></span> <span class='ocrx_word' id='word_1_363' title='bbox 674 3903 784 3943; x_wconf 93' lang='lat' dir='ltr'><strong>non</strong></span> <span class='ocrx_word' id='word_1_364' title='bbox 814 3889 1114 3960; x_wconf 85' lang='lat' dir='ltr'><strong>ignorantis</strong></span> <span class='ocrx_word' id='word_1_365' title='bbox 1153 3900 1303 3953; x_wconf 91' lang='lat' dir='ltr'><strong>sunt,</strong></span> <span class='ocrx_word' id='word_1_366' title='bbox 1346 3892 1441 3947; x_wconf 81' lang='lat' dir='ltr'><strong>sed</strong></span> <span class='ocrx_word' id='word_1_367' title='bbox 1473 3893 1635 3962; x_wconf 89' lang='lat' dir='ltr'><strong>plane</strong></span> <span class='ocrx_word' id='word_1_368' title='bbox 1699 3902 1756 3948; x_wconf 92' lang='lat' dir='ltr'><strong>et</strong></span> <span class='ocrx_word' id='word_1_369' title='bbox 1804 3896 2093 3964; x_wconf 84' lang='lat' dir='ltr'><strong>perspicue</strong></span> 
     </span>
    </p>
   </div>
   <div class='ocr_carea' id='block_1_57' title="bbox 522 3980 2091 4056">
    <p class='ocr_par' dir='ltr' id='par_1_57' title="bbox 522 3980 2091 4056">
     <span class='ocr_line' id='line_1_57' title="bbox 522 3980 2091 4056; baseline 0.006 -22"><span class='ocrx_word' id='word_1_370' title='bbox 522 3981 923 4052; x_wconf 87' lang='lat' dir='ltr'><strong>c0gnoscentis,</strong></span> <span class='ocrx_word' id='word_1_371' title='bbox 952 3980 1043 4049; x_wconf 88' lang='lat' dir='ltr'><strong>qui</strong></span> <span class='ocrx_word' id='word_1_372' title='bbox 1075 3994 1137 4036; x_wconf 84' lang='lat' dir='ltr'><strong>ea</strong></span> <span class='ocrx_word' id='word_1_373' title='bbox 1181 3981 1363 4051; x_wconf 84' lang='lat' dir='ltr'><strong>s&#39;pecie</strong></span> <span class='ocrx_word' id='word_1_374' title='bbox 1396 3982 1843 4054; x_wconf 82' lang='lat' dir='ltr'><strong>interrogationis</strong></span> <span class='ocrx_word' id='word_1_375' title='bbox 1867 3988 1981 4042; x_wconf 84' lang='lat' dir='ltr'><strong>vult</strong></span> <span class='ocrx_word' id='word_1_376' title='bbox 2006 3990 2091 4056; x_wconf 91' lang='lat' dir='ltr'><strong>iis,</strong></span> 
     </span>
    </p>
   </div>
   <div class='ocr_carea' id='block_1_58' title="bbox 523 4072 2091 4146">
    <p class='ocr_par' dir='ltr' id='par_1_58' title="bbox 523 4072 2091 4146">
     <span class='ocr_line' id='line_1_58' title="bbox 523 4072 2091 4146; baseline 0.005 -20"><span class='ocrx_word' id='word_1_377' title='bbox 523 4072 619 4144; x_wconf 88' lang='lat' dir='ltr'><strong>qui</strong></span> <span class='ocrx_word' id='word_1_378' title='bbox 652 4081 1032 4142; x_wconf 88' lang='lat' dir='ltr'><strong>peccaverant,</strong></span> <span class='ocrx_word' id='word_1_379' title='bbox 1084 4073 1443 4142; x_wconf 87' lang='lat' dir='ltr'><strong>persuadere,</strong></span> <span class='ocrx_word' id='word_1_380' title='bbox 1500 4086 1558 4129; x_wconf 94' lang='lat' dir='ltr'><strong>ut</strong></span> <span class='ocrx_word' id='word_1_381' title='bbox 1588 4076 1936 4146; x_wconf 82' lang='lat' dir='ltr'><strong>resipiscam,</strong></span> <span class='ocrx_word' id='word_1_382' title='bbox 1968 4094 2091 4135; x_wconf 87' lang='lat' dir='ltr'><strong>cum</strong></span> 
     </span>
    </p>
   </div>
   <div class='ocr_carea' id='block_1_59' title="bbox 524 4166 2094 4237">
    <p class='ocr_par' dir='ltr' id='par_1_59' title="bbox 524 4166 2094 4237">
     <span class='ocr_line' id='line_1_59' title="bbox 524 4166 2094 4237; baseline 0.002 -14"><span class='ocrx_word' id='word_1_383' title='bbox 524 4183 584 4223; x_wconf 90' lang='lat' dir='ltr'><strong>se</strong></span> <span class='ocrx_word' id='word_1_384' title='bbox 604 4166 975 4237; x_wconf 89' lang='lat' dir='ltr'><strong>deprehensos</strong></span> <span class='ocrx_word' id='word_1_385' title='bbox 999 4166 1458 4221; x_wconf 86' lang='lat' dir='ltr'><strong>animadvertant.</strong></span> <span class='ocrx_word' id='word_1_386' title='bbox 1486 4167 1565 4222; x_wconf 90' lang='lat' dir='ltr'><strong>Ea</strong></span> <span class='ocrx_word' id='word_1_387' title='bbox 1594 4168 1723 4224; x_wconf 89' lang='lat' dir='ltr'><strong>item</strong></span> <span class='ocrx_word' id='word_1_388' title='bbox 1757 4172 1922 4226; x_wconf 88' lang='lat' dir='ltr'><strong>verba</strong></span> <span class='ocrx_word' id='word_1_389' title='bbox 1959 4190 1971 4226; x_wconf 95' lang='lat'>:</span> <span class='ocrx_word' id='word_1_390' title='bbox 2001 4173 2094 4229; x_wconf 87' lang='lat' dir='ltr'><strong>Ubi</strong></span> 
     </span>
    </p>
   </div>
   <div class='ocr_carea' id='block_1_60' title="bbox 523 4257 2098 4333">
    <p class='ocr_par' dir='ltr' id='par_1_60' title="bbox 523 4257 2098 4333">
     <span class='ocr_line' id='line_1_60' title="bbox 523 4257 2098 4333; baseline 0.003 -18"><span class='ocrx_word' id='word_1_391' title='bbox 523 4269 601 4316; x_wconf 70' lang='lat' dir='ltr'><strong>est</strong></span> <span class='ocrx_word' id='word_1_392' title='bbox 628 4258 768 4313; x_wconf 87' lang='lat' dir='ltr'><strong>Sara</strong></span> <span class='ocrx_word' id='word_1_393' title='bbox 797 4273 932 4311; x_wconf 78' lang='lat' dir='ltr'><strong>uxor</strong></span> <span class='ocrx_word' id='word_1_394' title='bbox 966 4257 1106 4311; x_wconf 65' lang='lat' dir='ltr'><strong>tua?</strong></span> <span class='ocrx_word' id='word_1_395' title='bbox 1159 4258 1438 4312; x_wconf 88' lang='lat' dir='ltr'><strong>declarant</strong></span> <span class='ocrx_word' id='word_1_396' title='bbox 1493 4274 1616 4313; x_wconf 88' lang='lat' dir='ltr'><strong>eum</strong></span> <span class='ocrx_word' id='word_1_397' title='bbox 1683 4275 1793 4315; x_wconf 89' lang='lat' dir='ltr'><strong>non</strong></span> <span class='ocrx_word' id='word_1_398' title='bbox 1845 4261 2098 4333; x_wconf 86' lang='lat' dir='ltr'><strong>ignorare</strong></span> 
     </span>
    </p>
   </div>
   <div class='ocr_carea' id='block_1_61' title="bbox 526 4348 2093 4419">
    <p class='ocr_par' dir='ltr' id='par_1_61' title="bbox 526 4348 2093 4419">
     <span class='ocr_line' id='line_1_61' title="bbox 526 4348 2093 4419; baseline 0.003 -12"><span class='ocrx_word' id='word_1_399' title='bbox 526 4350 803 4407; x_wconf 75' lang='lat' dir='ltr'><strong>Abraham</strong></span> <span class='ocrx_word' id='word_1_400' title='bbox 834 4364 1059 4403; x_wconf 80' lang='lat' dir='ltr'><strong>uxorem</strong></span> <span class='ocrx_word' id='word_1_401' title='bbox 1093 4348 1316 4415; x_wconf 87' lang='lat' dir='ltr'><strong>habere,</strong></span> <span class='ocrx_word' id='word_1_402' title='bbox 1346 4364 1575 4419; x_wconf 77' lang='lat' dir='ltr'><strong>eamque</strong></span> <span class='ocrx_word' id='word_1_403' title='bbox 1639 4353 1819 4407; x_wconf 90' lang='lat' dir='ltr'><strong>vocari</strong></span> <span class='ocrx_word' id='word_1_404' title='bbox 1881 4354 2093 4411; x_wconf 87' lang='lat' dir='ltr'><strong>Saram.</strong></span> 
     </span>
    </p>
   </div>
   <div class='ocr_carea' id='block_1_62' title="bbox 2191 1880 3760 1953">
    <p class='ocr_par' dir='ltr' id='par_1_62' title="bbox 2191 1880 3760 1953">
     <span class='ocr_line' id='line_1_62' title="bbox 2191 1880 3760 1953; baseline 0.001 -19"><span class='ocrx_word' id='word_1_405' title='bbox 2191 1883 2291 1935; x_wconf 82' lang='grc' dir='ltr'>οὐκ</span> <span class='ocrx_word' id='word_1_406' title='bbox 2316 1881 2483 1937; x_wconf 80' lang='grc' dir='ltr'>ἐστιν.</span> <span class='ocrx_word' id='word_1_407' title='bbox 2512 1882 2645 1934; x_wconf 84' lang='grc' dir='ltr'>Οὐδὲ</span> <span class='ocrx_word' id='word_1_408' title='bbox 2677 1880 2811 1945; x_wconf 87' lang='grc' dir='ltr'>Θεός</span> <span class='ocrx_word' id='word_1_409' title='bbox 2839 1882 2987 1935; x_wconf 84' lang='grc' dir='ltr'>ἐστιν</span> <span class='ocrx_word' id='word_1_410' title='bbox 3012 1882 3119 1952; x_wconf 83' lang='grc' dir='ltr'>ἄρα</span> <span class='ocrx_word' id='word_1_411' title='bbox 3143 1883 3397 1950; x_wconf 87' lang='grc' dir='ltr'>πονηρός.</span> <span class='ocrx_word' id='word_1_412' title='bbox 3434 1882 3492 1935; x_wconf 83' lang='lat'><strong>&#39;0</strong></span> <span class='ocrx_word' id='word_1_413' title='bbox 3522 1884 3620 1953; x_wconf 79' lang='grc' dir='ltr'>μὲν</span> <span class='ocrx_word' id='word_1_414' title='bbox 3648 1886 3760 1951; x_wconf 83' lang='grc' dir='ltr'><strong>γὰρ</strong></span> 
     </span>
    </p>
   </div>
   <div class='ocr_carea' id='block_1_63' title="bbox 2191 1972 3759 2044">
    <p class='ocr_par' dir='ltr' id='par_1_63' title="bbox 2191 1972 3759 2044">
     <span class='ocr_line' id='line_1_63' title="bbox 2191 1972 3759 2044; baseline 0.001 -18"><span class='ocrx_word' id='word_1_415' title='bbox 2191 1972 2323 2035; x_wconf 87' lang='grc' dir='ltr'>Θεὸς</span> <span class='ocrx_word' id='word_1_416' title='bbox 2346 1972 2488 2043; x_wconf 80' lang='grc' dir='ltr'><strong>ἁρχὴ</strong></span> <span class='ocrx_word' id='word_1_417' title='bbox 2516 1974 2611 2026; x_wconf 79' lang='grc' dir='ltr'>καὶ</span> <span class='ocrx_word' id='word_1_418' title='bbox 2637 1975 2919 2044; x_wconf 87' lang='grc' dir='ltr'>ποιητικὸν</span> <span class='ocrx_word' id='word_1_419' title='bbox 2945 1974 3117 2026; x_wconf 83' lang='grc' dir='ltr'>αίτιον</span> <span class='ocrx_word' id='word_1_420' title='bbox 3145 1989 3162 2005; x_wconf 76' lang='grc' dir='ltr'>ο</span> <span class='ocrx_word' id='word_1_421' title='bbox 3186 1973 3507 2044; x_wconf 56' lang='grc' dir='ltr'>ἀρχομνων</span> <span class='ocrx_word' id='word_1_422' title='bbox 3557 1974 3613 2028; x_wconf 89' lang='grc' dir='ltr'>δὲ</span> <span class='ocrx_word' id='word_1_423' title='bbox 3664 1978 3759 2029; x_wconf 76' lang='grc' dir='ltr'>καὶ</span> 
     </span>
    </p>
   </div>
   <div class='ocr_carea' id='block_1_64' title="bbox 2191 2064 3758 2137">
    <p class='ocr_par' dir='ltr' id='par_1_64' title="bbox 2191 2064 3758 2137">
     <span class='ocr_line' id='line_1_64' title="bbox 2191 2064 3758 2137; baseline 0.002 -18"><span class='ocrx_word' id='word_1_424' title='bbox 2191 2065 2581 2136; x_wconf 83' lang='grc' dir='ltr'>πεποιημένων</span> <span class='ocrx_word' id='word_1_425' title='bbox 2610 2066 2712 2119; x_wconf 83' lang='grc' dir='ltr'><strong>ούκ</strong></span> <span class='ocrx_word' id='word_1_426' title='bbox 2736 2065 2927 2130; x_wconf 75' lang='grc' dir='ltr'>ὄντων,</span> <span class='ocrx_word' id='word_1_427' title='bbox 2956 2064 3076 2119; x_wconf 80' lang='grc' dir='ltr'><strong>οὐδὲ</strong></span> <span class='ocrx_word' id='word_1_428' title='bbox 3103 2065 3250 2137; x_wconf 82' lang='grc' dir='ltr'><strong>ἀρχὴ</strong></span> <span class='ocrx_word' id='word_1_429' title='bbox 3304 2066 3521 2130; x_wconf 85' lang='grc' dir='ltr'>πάντως</span> <span class='ocrx_word' id='word_1_430' title='bbox 3580 2065 3758 2122; x_wconf 76' lang='grc' dir='ltr'>ἔσται.</span> 
     </span>
    </p>
   </div>
   <div class='ocr_carea' id='block_1_65' title="bbox 2193 2155 3161 2227">
    <p class='ocr_par' dir='ltr' id='par_1_65' title="bbox 2193 2155 3161 2227">
     <span class='ocr_line' id='line_1_65' title="bbox 2193 2155 3161 2227; baseline -0.001 -15"><span class='ocrx_word' id='word_1_431' title='bbox 2193 2157 2307 2212; x_wconf 84' lang='grc' dir='ltr'><strong>Οὐκ</strong></span> <span class='ocrx_word' id='word_1_432' title='bbox 2328 2158 2437 2227; x_wconf 75' lang='grc' dir='ltr'>ἄρα</span> <span class='ocrx_word' id='word_1_433' title='bbox 2458 2155 2550 2210; x_wconf 81' lang='grc' dir='ltr'><strong>οὖν</strong></span> <span class='ocrx_word' id='word_1_434' title='bbox 2572 2157 2810 2227; x_wconf 88' lang='grc' dir='ltr'>πονηρός</span> <span class='ocrx_word' id='word_1_435' title='bbox 2856 2158 2972 2210; x_wconf 85' lang='grc' dir='ltr'>ἐστι</span> <span class='ocrx_word' id='word_1_436' title='bbox 3009 2157 3161 2222; x_wconf 88' lang='grc' dir='ltr'>Θεός.</span> 
     </span>
    </p>
   </div>
   <div class='ocr_carea' id='block_1_66' title="bbox 2724 2330 3233 2399">
    <p class='ocr_par' dir='ltr' id='par_1_66' title="bbox 2724 2330 3233 2399">
     <span class='ocr_line' id='line_1_66' title="bbox 2724 2330 3233 2399; baseline 0 -15"><span class='ocrx_word' id='word_1_437' title='bbox 2724 2330 2825 2384; x_wconf 76' lang='grc' dir='ltr'>Ἕκ</span> <span class='ocrx_word' id='word_1_438' title='bbox 2868 2331 2980 2399; x_wconf 84' lang='grc' dir='ltr'>τῆς</span> <span class='ocrx_word' id='word_1_439' title='bbox 3018 2332 3233 2398; x_wconf 73' lang='grc' dir='ltr'>αὐτῆς.</span> 
     </span>
    </p>
   </div>
   <div class='ocr_carea' id='block_1_67' title="bbox 2279 2421 3760 2500">
    <p class='ocr_par' dir='ltr' id='par_1_67' title="bbox 2279 2421 3760 2500">
     <span class='ocr_line' id='line_1_67' title="bbox 2279 2421 3760 2500; baseline 0.006 -25"><span class='ocrx_word' id='word_1_440' title='bbox 2279 2421 2339 2475; x_wconf 90' lang='lat'><strong>&#39;0</strong></span> <span class='ocrx_word' id='word_1_441' title='bbox 2373 2422 2475 2493; x_wconf 81' lang='grc' dir='ltr'>τῆς</span> <span class='ocrx_word' id='word_1_442' title='bbox 2508 2422 2772 2489; x_wconf 84' lang='grc' dir='ltr'>Παλαιᾶς,</span> <span class='ocrx_word' id='word_1_443' title='bbox 2825 2426 2979 2494; x_wconf 75' lang='grc' dir='ltr'>φασὶ,</span> <span class='ocrx_word' id='word_1_444' title='bbox 3001 2426 3284 2498; x_wconf 80' lang='grc' dir='ltr'>Διαθήκης</span> <span class='ocrx_word' id='word_1_445' title='bbox 3331 2428 3465 2493; x_wconf 83' lang='grc' dir='ltr'><strong>Θεὸς</strong></span> <span class='ocrx_word' id='word_1_446' title='bbox 3495 2429 3595 2483; x_wconf 88' lang='grc' dir='ltr'><strong>ούκ</strong></span> <span class='ocrx_word' id='word_1_447' title='bbox 3646 2430 3760 2500; x_wconf 84' lang='grc' dir='ltr'>ἔχει</span> 
     </span>
    </p>
   </div>
   <div class='ocr_carea' id='block_1_68' title="bbox 2189 2513 3758 2592">
    <p class='ocr_par' dir='ltr' id='par_1_68' title="bbox 2189 2513 3758 2592">
     <span class='ocr_line' id='line_1_68' title="bbox 2189 2513 3758 2592; baseline 0.004 -25"><span class='ocrx_word' id='word_1_448' title='bbox 2189 2513 2288 2584; x_wconf 81' lang='grc' dir='ltr'>τὴν</span> <span class='ocrx_word' id='word_1_449' title='bbox 2326 2516 2732 2587; x_wconf 83' lang='grc' dir='ltr'>περιληπτικὴν</span> <span class='ocrx_word' id='word_1_450' title='bbox 2789 2520 3008 2571; x_wconf 79' lang='grc' dir='ltr'>πάντων</span> <span class='ocrx_word' id='word_1_451' title='bbox 3060 2518 3157 2571; x_wconf 75' lang='grc' dir='ltr'>καὶ</span> <span class='ocrx_word' id='word_1_452' title='bbox 3211 2518 3366 2574; x_wconf 86' lang='grc' dir='ltr'>θείαν</span> <span class='ocrx_word' id='word_1_453' title='bbox 3421 2521 3758 2592; x_wconf 81' lang='grc' dir='ltr'><strong>πρόγνωσιν.</strong></span> 
     </span>
    </p>
   </div>
   <div class='ocr_carea' id='block_1_69' title="bbox 2200 2605 3760 2679">
    <p class='ocr_par' dir='ltr' id='par_1_69' title="bbox 2200 2605 3760 2679">
     <span class='ocr_line' id='line_1_69' title="bbox 2200 2605 3760 2679; baseline 0.006 -22"><span class='ocrx_word' id='word_1_454' title='bbox 2200 2605 2416 2677; x_wconf 84' lang='grc' dir='ltr'>Ἐρωτᾷ</span> <span class='ocrx_word' id='word_1_455' title='bbox 2436 2608 2542 2677; x_wconf 84' lang='grc' dir='ltr'>γὰρ</span> <span class='ocrx_word' id='word_1_456' title='bbox 2571 2608 2660 2660; x_wconf 82' lang='grc' dir='ltr'>τὸν</span> <span class='ocrx_word' id='word_1_457' title='bbox 2698 2607 2898 2677; x_wconf 79' lang='grc' dir='ltr'>Ἀδὰμ,</span> <span class='ocrx_word' id='word_1_458' title='bbox 2918 2608 3041 2663; x_wconf 87' lang='grc' dir='ltr'><strong>Ποῦ</strong></span> <span class='ocrx_word' id='word_1_459' title='bbox 3070 2605 3158 2674; x_wconf 67' lang='lat' dir='ltr'><strong>si;</strong></span> <span class='ocrx_word' id='word_1_460' title='bbox 3191 2611 3403 2665; x_wconf 76' lang='grc' dir='ltr'>καὶτὸν</span> <span class='ocrx_word' id='word_1_461' title='bbox 3434 2613 3594 2679; x_wconf 84' lang='grc' dir='ltr'>Κάῖν,</span> <span class='ocrx_word' id='word_1_462' title='bbox 3630 2612 3760 2667; x_wconf 88' lang='grc' dir='ltr'><strong>Ποῦ</strong></span> 
     </span>
    </p>
   </div>
   <div class='ocr_carea' id='block_1_70' title="bbox 2193 2698 3759 2772">
    <p class='ocr_par' dir='ltr' id='par_1_70' title="bbox 2193 2698 3759 2772">
     <span class='ocr_line' id='line_1_70' title="bbox 2193 2698 3759 2772; baseline 0.004 -21"><span class='ocrx_word' id='word_1_463' title='bbox 2193 2698 2435 2751; x_wconf 77' lang='grc' dir='ltr'>’Δϐελό</span> <span class='ocrx_word' id='word_1_464' title='bbox 2484 2698 2752 2768; x_wconf 70' lang='grc' dir='ltr'>ἁδελφός</span> <span class='ocrx_word' id='word_1_465' title='bbox 2806 2714 2969 2764; x_wconf 84' lang='grc' dir='ltr'><strong>σου;</strong></span> <span class='ocrx_word' id='word_1_466' title='bbox 3030 2702 3126 2755; x_wconf 74' lang='grc' dir='ltr'>καὶ</span> <span class='ocrx_word' id='word_1_467' title='bbox 3189 2701 3280 2754; x_wconf 85' lang='grc' dir='ltr'>τὸν</span> <span class='ocrx_word' id='word_1_468' title='bbox 3324 2702 3593 2772; x_wconf 78' lang='grc' dir='ltr'>Ἀϐραὰμ,</span> <span class='ocrx_word' id='word_1_469' title='bbox 3634 2704 3759 2758; x_wconf 88' lang='grc' dir='ltr'><strong>Ποῦ</strong></span> 
     </span>
    </p>
   </div>
   <div class='ocr_carea' id='block_1_71' title="bbox 2189 2787 3763 2863">
    <p class='ocr_par' dir='ltr' id='par_1_71' title="bbox 2189 2787 3763 2863">
     <span class='ocr_line' id='line_1_71' title="bbox 2189 2787 3763 2863; baseline 0.004 -23"><span class='ocrx_word' id='word_1_470' title='bbox 2189 2787 2386 2857; x_wconf 75' lang='grc' dir='ltr'><strong>Σὰρῤα</strong></span> <span class='ocrx_word' id='word_1_471' title='bbox 2415 2788 2453 2855; x_wconf 78' lang='grc' dir='ltr'><strong>ἠ</strong></span> <span class='ocrx_word' id='word_1_472' title='bbox 2488 2789 2643 2858; x_wconf 76' lang='grc' dir='ltr'><strong>γυνή</strong></span> <span class='ocrx_word' id='word_1_473' title='bbox 2672 2805 2828 2855; x_wconf 86' lang='grc' dir='ltr'><strong>σου;</strong></span> <span class='ocrx_word' id='word_1_474' title='bbox 2854 2791 2947 2843; x_wconf 71' lang='grc' dir='ltr'>καὶ</span> <span class='ocrx_word' id='word_1_475' title='bbox 2979 2791 3152 2843; x_wconf 76' lang='grc' dir='ltr'>πολλὰ</span> <span class='ocrx_word' id='word_1_476' title='bbox 3187 2792 3432 2847; x_wconf 82' lang='grc' dir='ltr'>τοιαῦτα.</span> <span class='ocrx_word' id='word_1_477' title='bbox 3490 2794 3635 2863; x_wconf 79' lang='grc' dir='ltr'>Πρὸς</span> <span class='ocrx_word' id='word_1_478' title='bbox 3664 2793 3763 2858; x_wconf 80' lang='grc' dir='ltr'>οὓς</span> 
     </span>
    </p>
   </div>
   <div class='ocr_carea' id='block_1_72' title="bbox 2190 2882 3761 2956">
    <p class='ocr_par' dir='ltr' id='par_1_72' title="bbox 2190 2882 3761 2956">
     <span class='ocr_line' id='line_1_72' title="bbox 2190 2882 3761 2956; baseline 0.003 -23"><span class='ocrx_word' id='word_1_479' title='bbox 2190 2898 2392 2951; x_wconf 82' lang='grc' dir='ltr'>φαμεν.</span> <span class='ocrx_word' id='word_1_480' title='bbox 2460 2883 2573 2934; x_wconf 71' lang='grc' dir='ltr'>Οὐκ</span> <span class='ocrx_word' id='word_1_481' title='bbox 2625 2882 2848 2948; x_wconf 79' lang='grc' dir='ltr'>ἀγνοίας</span> <span class='ocrx_word' id='word_1_482' title='bbox 2922 2883 2980 2935; x_wconf 89' lang='grc' dir='ltr'>αἱ</span> <span class='ocrx_word' id='word_1_483' title='bbox 3030 2882 3352 2952; x_wconf 80' lang='grc' dir='ltr'>δηλωοεῖοαι</span> <span class='ocrx_word' id='word_1_484' title='bbox 3436 2885 3761 2956; x_wconf 77' lang='grc' dir='ltr'>ἐρωτήσεις,</span> 
     </span>
    </p>
   </div>
   <div class='ocr_carea' id='block_1_73' title="bbox 2189 2973 3765 3047">
    <p class='ocr_par' dir='ltr' id='par_1_73' title="bbox 2189 2973 3765 3047">
     <span class='ocr_line' id='line_1_73' title="bbox 2189 2973 3765 3047; baseline 0.003 -20"><span class='ocrx_word' id='word_1_485' title='bbox 2189 2974 2325 3027; x_wconf 80' lang='grc' dir='ltr'>ἀλλὰ</span> <span class='ocrx_word' id='word_1_486' title='bbox 2369 2973 2572 3043; x_wconf 81' lang='grc' dir='ltr'>μᾶλλον</span> <span class='ocrx_word' id='word_1_487' title='bbox 2598 2975 2877 3042; x_wconf 86' lang='grc' dir='ltr'>γνώσεως.</span> <span class='ocrx_word' id='word_1_488' title='bbox 2944 2976 3009 3030; x_wconf 76' lang='grc' dir='ltr'>Εἰ</span> <span class='ocrx_word' id='word_1_489' title='bbox 3064 2976 3138 3047; x_wconf 82' lang='grc' dir='ltr'>μὴ</span> <span class='ocrx_word' id='word_1_490' title='bbox 3192 2978 3300 3046; x_wconf 73' lang='grc' dir='ltr'>γὰρ</span> <span class='ocrx_word' id='word_1_491' title='bbox 3352 2975 3493 3044; x_wconf 83' lang='grc' dir='ltr'>ἐγνω</span> <span class='ocrx_word' id='word_1_492' title='bbox 3528 2978 3621 3030; x_wconf 76' lang='grc' dir='ltr'><strong>καὶ</strong></span> <span class='ocrx_word' id='word_1_493' title='bbox 3670 2979 3765 3031; x_wconf 81' lang='grc' dir='ltr'>τὸν</span> 
     </span>
    </p>
   </div>
   <div class='ocr_carea' id='block_1_74' title="bbox 2201 3065 3764 3135">
    <p class='ocr_par' dir='ltr' id='par_1_74' title="bbox 2201 3065 3764 3135">
     <span class='ocr_line' id='line_1_74' title="bbox 2201 3065 3764 3135; baseline 0 -17"><span class='ocrx_word' id='word_1_494' title='bbox 2201 3065 2390 3135; x_wconf 70' lang='grc' dir='ltr'>Ἀδὰμ,</span> <span class='ocrx_word' id='word_1_495' title='bbox 2419 3065 2513 3118; x_wconf 74' lang='grc' dir='ltr'>καὶ</span> <span class='ocrx_word' id='word_1_496' title='bbox 2544 3069 2636 3117; x_wconf 84' lang='grc' dir='ltr'>τὸν</span> <span class='ocrx_word' id='word_1_497' title='bbox 2668 3066 2804 3118; x_wconf 81' lang='grc' dir='ltr'>Κάῖν</span> <span class='ocrx_word' id='word_1_498' title='bbox 2835 3065 3254 3135; x_wconf 73' lang='grc' dir='ltr'>ἀμαρτήσιντα,</span> <span class='ocrx_word' id='word_1_499' title='bbox 3317 3065 3419 3120; x_wconf 78' lang='grc' dir='ltr'><strong>οὐκ</strong></span> <span class='ocrx_word' id='word_1_500' title='bbox 3482 3066 3549 3119; x_wconf 84' lang='grc' dir='ltr'>ἂν</span> <span class='ocrx_word' id='word_1_501' title='bbox 3599 3065 3764 3129; x_wconf 70' lang='grc' dir='ltr'>εὐθὺς</span> 
     </span>
    </p>
   </div>
   <div class='ocr_carea' id='block_1_75' title="bbox 2193 3252 3765 3324">
    <p class='ocr_par' dir='ltr' id='par_1_75' title="bbox 2193 3252 3765 3324">
     <span class='ocr_line' id='line_1_75' title="bbox 2193 3252 3765 3324; baseline 0.001 -20"><span class='ocrx_word' id='word_1_502' title='bbox 2193 3252 2332 3322; x_wconf 77' lang='grc' dir='ltr'>πρὸς</span> <span class='ocrx_word' id='word_1_503' title='bbox 2366 3253 2469 3321; x_wconf 81' lang='grc' dir='ltr'>μὲν</span> <span class='ocrx_word' id='word_1_504' title='bbox 2490 3253 2581 3305; x_wconf 89' lang='grc' dir='ltr'>τὸν</span> <span class='ocrx_word' id='word_1_505' title='bbox 2624 3252 2818 3323; x_wconf 78' lang='grc' dir='ltr'>Ἀδὰμ,</span> <span class='ocrx_word' id='word_1_506' title='bbox 2844 3255 3026 3305; x_wconf 83' lang='grc' dir='ltr'>καίτοι</span> <span class='ocrx_word' id='word_1_507' title='bbox 3050 3253 3220 3323; x_wconf 85' lang='grc' dir='ltr'>μήπω</span> <span class='ocrx_word' id='word_1_508' title='bbox 3264 3253 3431 3323; x_wconf 83' lang='grc' dir='ltr'>μηδὲν</span> <span class='ocrx_word' id='word_1_509' title='bbox 3486 3254 3614 3324; x_wconf 67' lang='grc' dir='ltr'>περὶ</span> <span class='ocrx_word' id='word_1_510' title='bbox 3664 3254 3765 3323; x_wconf 82' lang='grc' dir='ltr'>τῆς</span> 
     </span>
    </p>
   </div>
   <div class='ocr_carea' id='block_1_76' title="bbox 2195 3341 3766 3415">
    <p class='ocr_par' dir='ltr' id='par_1_76' title="bbox 2195 3341 3766 3415">
     <span class='ocr_line' id='line_1_76' title="bbox 2195 3341 3766 3415; baseline -0.001 -17"><span class='ocrx_word' id='word_1_511' title='bbox 2195 3344 2449 3415; x_wconf 79' lang='grc' dir='ltr'><strong>βρώσεως</strong></span> <span class='ocrx_word' id='word_1_512' title='bbox 2497 3343 2909 3414; x_wconf 80' lang='grc' dir='ltr'>ὁμολογήσαντα</span> <span class='ocrx_word' id='word_1_513' title='bbox 2941 3356 2957 3374; x_wconf 70' lang='grc'><strong>⁸</strong></span> <span class='ocrx_word' id='word_1_514' title='bbox 3018 3343 3115 3409; x_wconf 83' lang='grc' dir='ltr'>Τίς</span> <span class='ocrx_word' id='word_1_515' title='bbox 3163 3341 3451 3411; x_wconf 72' lang='grc' dir='ltr'>ἁνήγειλέ</span> <span class='ocrx_word' id='word_1_516' title='bbox 3506 3357 3626 3406; x_wconf 79' lang='grc' dir='ltr'>σοι,</span> <span class='ocrx_word' id='word_1_517' title='bbox 3672 3342 3766 3396; x_wconf 84' lang='grc' dir='ltr'>ὅτι</span> 
     </span>
    </p>
   </div>
   <div class='ocr_carea' id='block_1_77' title="bbox 2193 3432 3767 3509">
    <p class='ocr_par' dir='ltr' id='par_1_77' title="bbox 2193 3432 3767 3509">
     <span class='ocr_line' id='line_1_77' title="bbox 2193 3432 3767 3509; baseline -0.001 -17"><span class='ocrx_word' id='word_1_518' title='bbox 2193 3438 2421 3509; x_wconf 77' lang='grc' dir='ltr'>γυμνὸς</span> <span class='ocrx_word' id='word_1_519' title='bbox 2448 3432 2536 3501; x_wconf 82' lang='grc' dir='ltr'>εἶ,</span> <span class='ocrx_word' id='word_1_520' title='bbox 2595 3439 2645 3491; x_wconf 80' lang='grc' dir='ltr'>εὶ</span> <span class='ocrx_word' id='word_1_521' title='bbox 2670 3437 2757 3505; x_wconf 82' lang='grc' dir='ltr'>μὴ</span> <span class='ocrx_word' id='word_1_522' title='bbox 2791 3436 2908 3492; x_wconf 83' lang='grc' dir='ltr'><strong>ἀπὸ</strong></span> <span class='ocrx_word' id='word_1_523' title='bbox 2941 3436 3049 3491; x_wconf 82' lang='grc' dir='ltr'><em>τοῦ</em></span> <span class='ocrx_word' id='word_1_524' title='bbox 3085 3436 3278 3501; x_wconf 75' lang='grc' dir='ltr'>ξύλου</span> <span class='ocrx_word' id='word_1_525' title='bbox 3338 3432 3412 3493; x_wconf 84' lang='grc' dir='ltr'><strong>οὗ</strong></span> <span class='ocrx_word' id='word_1_526' title='bbox 3465 3438 3767 3491; x_wconf 73' lang='grc' dir='ltr'>ἐνετειλά-</span> 
     </span>
    </p>
   </div>
   <div class='ocr_carea' id='block_1_78' title="bbox 2188 3526 3766 3599">
    <p class='ocr_par' dir='ltr' id='par_1_78' title="bbox 2188 3526 3766 3599">
     <span class='ocr_line' id='line_1_78' title="bbox 2188 3526 3766 3599; baseline -0.001 -16"><span class='ocrx_word' id='word_1_527' title='bbox 2188 3546 2318 3599; x_wconf 78' lang='grc' dir='ltr'><strong>μηγ</strong></span> <span class='ocrx_word' id='word_1_528' title='bbox 2346 3544 2447 3582; x_wconf 84' lang='grc' dir='ltr'><strong>σοι</strong></span> <span class='ocrx_word' id='word_1_529' title='bbox 2469 3530 2664 3597; x_wconf 82' lang='grc' dir='ltr'><em>μόνου</em></span> <span class='ocrx_word' id='word_1_530' title='bbox 2691 3526 2777 3597; x_wconf 84' lang='grc' dir='ltr'>μὴ</span> <span class='ocrx_word' id='word_1_531' title='bbox 2825 3527 3061 3598; x_wconf 78' lang='grc' dir='ltr'><strong>φαγεῖν,</strong></span> <span class='ocrx_word' id='word_1_532' title='bbox 3119 3527 3225 3582; x_wconf 79' lang='grc' dir='ltr'><strong>ἀπ’</strong></span> <span class='ocrx_word' id='word_1_533' title='bbox 3267 3526 3455 3583; x_wconf 72' lang='grc' dir='ltr'>αὐτοῦ</span> <span class='ocrx_word' id='word_1_534' title='bbox 3502 3529 3725 3598; x_wconf 70' lang='grc' dir='ltr'>ἔφαγες</span> <span class='ocrx_word' id='word_1_535' title='bbox 3744 3542 3766 3593; x_wconf 85' lang='grc'><strong><em>;</em></strong></span> 
     </span>
    </p>
   </div>
   <div class='ocr_carea' id='block_1_79' title="bbox 2194 3619 3768 3692">
    <p class='ocr_par' dir='ltr' id='par_1_79' title="bbox 2194 3619 3768 3692">
     <span class='ocr_line' id='line_1_79' title="bbox 2194 3619 3768 3692; baseline -0.001 -17"><span class='ocrx_word' id='word_1_536' title='bbox 2194 3620 2338 3692; x_wconf 87' lang='grc' dir='ltr'>Πρὸς</span> <span class='ocrx_word' id='word_1_537' title='bbox 2363 3620 2420 3675; x_wconf 78' lang='grc' dir='ltr'><strong>δέ</strong></span> <span class='ocrx_word' id='word_1_538' title='bbox 2448 3622 2540 3674; x_wconf 85' lang='grc' dir='ltr'>τὸν</span> <span class='ocrx_word' id='word_1_539' title='bbox 2573 3622 2735 3684; x_wconf 81' lang='grc' dir='ltr'>Κάῖν,</span> <span class='ocrx_word' id='word_1_540' title='bbox 2789 3620 2972 3674; x_wconf 81' lang='grc' dir='ltr'>καίτοι</span> <span class='ocrx_word' id='word_1_541' title='bbox 3033 3620 3130 3673; x_wconf 80' lang='grc' dir='ltr'>καὶ</span> <span class='ocrx_word' id='word_1_542' title='bbox 3187 3619 3354 3673; x_wconf 84' lang='grc' dir='ltr'>αὐτὸν</span> <span class='ocrx_word' id='word_1_543' title='bbox 3415 3622 3768 3691; x_wconf 79' lang='grc' dir='ltr'>πειρώμενον</span> 
     </span>
    </p>
   </div>
   <div class='ocr_carea' id='block_1_80' title="bbox 2193 3710 3769 3783">
    <p class='ocr_par' dir='ltr' id='par_1_80' title="bbox 2193 3710 3769 3783">
     <span class='ocr_line' id='line_1_80' title="bbox 2193 3710 3769 3783; baseline -0.003 -16"><span class='ocrx_word' id='word_1_544' title='bbox 2193 3712 2376 3769; x_wconf 82' lang='grc' dir='ltr'>λαθεῖν</span> <span class='ocrx_word' id='word_1_545' title='bbox 2396 3728 2408 3740; x_wconf 92' lang='grc'><strong>·</strong></span> <span class='ocrx_word' id='word_1_546' title='bbox 2434 3710 2606 3781; x_wconf 74' lang='grc' dir='ltr'><strong>Φωνὴ</strong></span> <span class='ocrx_word' id='word_1_547' title='bbox 2632 3714 2881 3783; x_wconf 77' lang='grc' dir='ltr'>αἵματος</span> <span class='ocrx_word' id='word_1_548' title='bbox 2909 3710 3016 3765; x_wconf 82' lang='grc' dir='ltr'><em>τοῦ</em></span> <span class='ocrx_word' id='word_1_549' title='bbox 3041 3710 3307 3781; x_wconf 70' lang='grc' dir='ltr'><em>ἀδελφοῦ</em></span> <span class='ocrx_word' id='word_1_550' title='bbox 3327 3727 3443 3766; x_wconf 87' lang='grc' dir='ltr'><strong>σου</strong></span> <span class='ocrx_word' id='word_1_551' title='bbox 3464 3710 3587 3778; x_wconf 83' lang='grc' dir='ltr'><strong>,βοᾷ</strong></span> <span class='ocrx_word' id='word_1_552' title='bbox 3616 3712 3769 3780; x_wconf 78' lang='grc' dir='ltr'>πρός·</span> 
     </span>
    </p>
   </div>
   <div class='ocr_carea' id='block_1_81' title="bbox 2191 3801 3766 3877">
    <p class='ocr_par' dir='ltr' id='par_1_81' title="bbox 2191 3801 3766 3877">
     <span class='ocr_line' id='line_1_81' title="bbox 2191 3801 3766 3877; baseline -0.003 -16"><span class='ocrx_word' id='word_1_553' title='bbox 2191 3824 2286 3877; x_wconf 83' lang='grc' dir='ltr'><strong>με.</strong></span> <span class='ocrx_word' id='word_1_554' title='bbox 2316 3806 2503 3861; x_wconf 84' lang='grc' dir='ltr'>Ταῦτα</span> <span class='ocrx_word' id='word_1_555' title='bbox 2527 3807 2623 3859; x_wconf 70' lang='grc' dir='ltr'><strong>κα)⁸</strong></span> <span class='ocrx_word' id='word_1_556' title='bbox 2666 3804 2790 3858; x_wconf 87' lang='grc' dir='ltr'>λίαν</span> <span class='ocrx_word' id='word_1_557' title='bbox 2848 3803 2945 3874; x_wconf 88' lang='grc' dir='ltr'><strong>μέν</strong></span> <span class='ocrx_word' id='word_1_558' title='bbox 2986 3803 3186 3866; x_wconf 77' lang='grc' dir='ltr'><strong>εἰδότος</strong></span> <span class='ocrx_word' id='word_1_559' title='bbox 3242 3804 3374 3866; x_wconf 65' lang='lat' dir='ltr'><strong>sici,</strong></span> <span class='ocrx_word' id='word_1_560' title='bbox 3437 3801 3766 3873; x_wconf 81' lang='grc' dir='ltr'>βουλομένου</span> 
     </span>
    </p>
   </div>
   <div class='ocr_carea' id='block_1_82' title="bbox 2194 3897 3766 3969">
    <p class='ocr_par' dir='ltr' id='par_1_82' title="bbox 2194 3897 3766 3969">
     <span class='ocr_line' id='line_1_82' title="bbox 2194 3897 3766 3969; baseline -0.004 -15"><span class='ocrx_word' id='word_1_561' title='bbox 2194 3901 2251 3954; x_wconf 79' lang='grc' dir='ltr'>δὲ</span> <span class='ocrx_word' id='word_1_562' title='bbox 2282 3899 2369 3953; x_wconf 82' lang='grc' dir='ltr'>διὰ</span> <span class='ocrx_word' id='word_1_563' title='bbox 2398 3898 2499 3969; x_wconf 81' lang='grc' dir='ltr'>τῆς</span> <span class='ocrx_word' id='word_1_564' title='bbox 2527 3897 2904 3968; x_wconf 83' lang='grc' dir='ltr'>προσποιήτου</span> <span class='ocrx_word' id='word_1_565' title='bbox 2962 3897 3294 3968; x_wconf 73' lang='grc' dir='ltr'>ἐρωτήσεως</span> <span class='ocrx_word' id='word_1_566' title='bbox 3343 3898 3422 3959; x_wconf 78' lang='grc' dir='ltr'><strong>εἰς</strong></span> <span class='ocrx_word' id='word_1_567' title='bbox 3468 3897 3766 3964; x_wconf 81' lang='grc' dir='ltr'>μετάνοιαν</span> 
     </span>
    </p>
   </div>
   <div class='ocr_carea' id='block_1_83' title="bbox 2196 3985 3763 4061">
    <p class='ocr_par' dir='ltr' id='par_1_83' title="bbox 2196 3985 3763 4061">
     <span class='ocr_line' id='line_1_83' title="bbox 2196 3985 3763 4061; baseline -0.005 -14"><span class='ocrx_word' id='word_1_568' title='bbox 2196 3993 2425 4061; x_wconf 77' lang='grc' dir='ltr'>ἀγαγεῖν</span> <span class='ocrx_word' id='word_1_569' title='bbox 2469 3991 2596 4054; x_wconf 78' lang='grc' dir='ltr'>τοὺς</span> <span class='ocrx_word' id='word_1_570' title='bbox 2646 3989 3063 4061; x_wconf 81' lang='grc' dir='ltr'>ἡμαρτηκότας,</span> <span class='ocrx_word' id='word_1_571' title='bbox 3104 3988 3428 4056; x_wconf 74' lang='grc' dir='ltr'>ἐπιγνόντις</span> <span class='ocrx_word' id='word_1_572' title='bbox 3464 3988 3548 4041; x_wconf 86' lang='grc' dir='ltr'>ὅτι</span> <span class='ocrx_word' id='word_1_573' title='bbox 3572 3985 3763 4057; x_wconf 82' lang='grc' dir='ltr'>πεφώ-</span> 
     </span>
    </p>
   </div>
   <div class='ocr_carea' id='block_1_84' title="bbox 2198 4078 3766 4158">
    <p class='ocr_par' dir='ltr' id='par_1_84' title="bbox 2198 4078 3766 4158">
     <span class='ocr_line' id='line_1_84' title="bbox 2198 4078 3766 4158; baseline -0.006 -18"><span class='ocrx_word' id='word_1_574' title='bbox 2198 4103 2414 4158; x_wconf 91' lang='grc' dir='ltr'>ρανται.</span> <span class='ocrx_word' id='word_1_575' title='bbox 2445 4085 2616 4139; x_wconf 76' lang='grc' dir='ltr'>Πάλιν</span> <span class='ocrx_word' id='word_1_576' title='bbox 2646 4083 2703 4136; x_wconf 73' lang='grc' dir='ltr'>δὲ</span> <span class='ocrx_word' id='word_1_577' title='bbox 2737 4084 2831 4137; x_wconf 79' lang='grc' dir='ltr'>καὶ</span> <span class='ocrx_word' id='word_1_578' title='bbox 2856 4084 2917 4137; x_wconf 80' lang='grc' dir='ltr'><strong>τό</strong></span> <span class='ocrx_word' id='word_1_579' title='bbox 2944 4098 2957 4112; x_wconf 83' lang='lat'><strong><em>°</em></strong></span> <span class='ocrx_word' id='word_1_580' title='bbox 2988 4081 3112 4137; x_wconf 87' lang='grc' dir='ltr'><em>Ποῦ</em></span> <span class='ocrx_word' id='word_1_581' title='bbox 3139 4080 3339 4149; x_wconf 78' lang='grc' dir='ltr'><strong>Σάρῤα</strong></span> <span class='ocrx_word' id='word_1_582' title='bbox 3362 4080 3400 4148; x_wconf 76' lang='grc' dir='ltr'><strong>ἠ</strong></span> <span class='ocrx_word' id='word_1_583' title='bbox 3422 4078 3576 4150; x_wconf 75' lang='grc' dir='ltr'><strong>γυνή</strong></span> <span class='ocrx_word' id='word_1_584' title='bbox 3601 4095 3722 4132; x_wconf 87' lang='grc' dir='ltr'><strong>σου</strong></span> <span class='ocrx_word' id='word_1_585' title='bbox 3744 4093 3766 4142; x_wconf 83' lang='grc'><strong><em>;</em></strong></span> 
     </span>
    </p>
   </div>
   <div class='ocr_carea' id='block_1_85' title="bbox 2199 4169 3768 4248">
    <p class='ocr_par' dir='ltr' id='par_1_85' title="bbox 2199 4169 3768 4248">
     <span class='ocr_line' id='line_1_85' title="bbox 2199 4169 3768 4248; baseline -0.006 -16"><span class='ocrx_word' id='word_1_586' title='bbox 2199 4176 2672 4248; x_wconf 83' lang='grc' dir='ltr'>προγινώσκοντος</span> <span class='ocrx_word' id='word_1_587' title='bbox 2700 4170 2769 4245; x_wconf 79' lang='grc' dir='ltr'>ἦν</span> <span class='ocrx_word' id='word_1_588' title='bbox 2792 4174 2874 4226; x_wconf 85' lang='grc' dir='ltr'>ὅτι</span> <span class='ocrx_word' id='word_1_589' title='bbox 2908 4172 3004 4227; x_wconf 76' lang='grc' dir='ltr'>καὶ</span> <span class='ocrx_word' id='word_1_590' title='bbox 3037 4173 3268 4242; x_wconf 87' lang='grc' dir='ltr'>γυναῖκα</span> <span class='ocrx_word' id='word_1_591' title='bbox 3288 4171 3421 4241; x_wconf 75' lang='grc' dir='ltr'>ἔχει,</span> <span class='ocrx_word' id='word_1_592' title='bbox 3454 4171 3549 4223; x_wconf 75' lang='grc' dir='ltr'>καὶ</span> <span class='ocrx_word' id='word_1_593' title='bbox 3574 4169 3768 4241; x_wconf 82' lang='grc' dir='ltr'><strong>Σάῥρα</strong></span> 
     </span>
    </p>
   </div>
   <div class='ocr_carea' id='block_1_86' title="bbox 2197 4257 3770 4334">
    <p class='ocr_par' dir='ltr' id='par_1_86' title="bbox 2197 4257 3770 4334">
     <span class='ocr_line' id='line_1_86' title="bbox 2197 4257 3770 4334; baseline -0.003 -13"><span class='ocrx_word' id='word_1_594' title='bbox 2197 4266 2483 4334; x_wconf 77' lang='grc' dir='ltr'>κέκληται.</span> <span class='ocrx_word' id='word_1_595' title='bbox 2522 4266 2581 4318; x_wconf 86' lang='lat'><strong>&#39;0</strong></span> <span class='ocrx_word' id='word_1_596' title='bbox 2608 4265 2665 4318; x_wconf 86' lang='grc' dir='ltr'>δὲ</span> <span class='ocrx_word' id='word_1_597' title='bbox 2694 4262 2870 4318; x_wconf 82' lang='grc' dir='ltr'>ταῦτα</span> <span class='ocrx_word' id='word_1_598' title='bbox 2914 4262 3069 4327; x_wconf 80' lang='grc' dir='ltr'>εἰδὼς</span> <span class='ocrx_word' id='word_1_599' title='bbox 3107 4265 3202 4317; x_wconf 74' lang='grc' dir='ltr'>καὶ</span> <span class='ocrx_word' id='word_1_600' title='bbox 3233 4264 3364 4316; x_wconf 81' lang='grc' dir='ltr'>ὅπου</span> <span class='ocrx_word' id='word_1_601' title='bbox 3400 4257 3467 4333; x_wconf 80' lang='grc' dir='ltr'>ἦν</span> <span class='ocrx_word' id='word_1_602' title='bbox 3495 4262 3770 4331; x_wconf 76' lang='grc' dir='ltr'>ἐγίνωσκε</span> 
     </span>
    </p>
   </div>
   <div class='ocr_carea' id='block_1_87' title="bbox 2199 4353 3773 4427">
    <p class='ocr_par' dir='ltr' id='par_1_87' title="bbox 2199 4353 3773 4427">
     <span class='ocr_line' id='line_1_87' title="bbox 2199 4353 3773 4427; baseline -0.003 -16"><span class='ocrx_word' id='word_1_603' title='bbox 2199 4359 2437 4420; x_wconf 76' lang='grc' dir='ltr'>πάντως.</span> <span class='ocrx_word' id='word_1_604' title='bbox 2466 4356 2541 4410; x_wconf 78' lang='grc' dir='ltr'><strong>Οὐ</strong></span> <span class='ocrx_word' id='word_1_605' title='bbox 2572 4356 2681 4426; x_wconf 82' lang='grc' dir='ltr'>γὰρ</span> <span class='ocrx_word' id='word_1_606' title='bbox 2700 4355 2766 4408; x_wconf 85' lang='grc' dir='ltr'>ἂν</span> <span class='ocrx_word' id='word_1_607' title='bbox 2792 4354 3018 4409; x_wconf 76' lang='grc' dir='ltr'>ὄπισθεν</span> <span class='ocrx_word' id='word_1_608' title='bbox 3051 4356 3149 4425; x_wconf 85' lang='grc' dir='ltr'>τῆς</span> <span class='ocrx_word' id='word_1_609' title='bbox 3176 4353 3343 4427; x_wconf 84' lang='grc' dir='ltr'>θύρας</span> <span class='ocrx_word' id='word_1_610' title='bbox 3374 4353 3640 4424; x_wconf 80' lang='grc' dir='ltr'>ἑστώσης,</span> <span class='ocrx_word' id='word_1_611' title='bbox 3672 4356 3773 4408; x_wconf 78' lang='grc' dir='ltr'>καὶ</span> 
     </span>
    </p>
   </div>
   <div class='ocr_carea' id='block_1_88' title="bbox 527 4440 2090 4532">
    <p class='ocr_par' dir='ltr' id='par_1_88' title="bbox 527 4440 2090 4509">
     <span class='ocr_line' id='line_1_88' title="bbox 527 4440 2090 4509; baseline 0.005 -13"><span class='ocrx_word' id='word_1_612' title='bbox 527 4442 631 4509; x_wconf 81' lang='lat' dir='ltr'><strong>Qui</strong></span> <span class='ocrx_word' id='word_1_613' title='bbox 662 4451 844 4496; x_wconf 89' lang='lat' dir='ltr'><strong>autem</strong></span> <span class='ocrx_word' id='word_1_614' title='bbox 875 4443 992 4495; x_wconf 66' lang='lat' dir='ltr'><strong>hac</strong></span> <span class='ocrx_word' id='word_1_615' title='bbox 1036 4441 1159 4505; x_wconf 92' lang='lat' dir='ltr'><strong>scit,</strong></span> <span class='ocrx_word' id='word_1_616' title='bbox 1195 4441 1240 4494; x_wconf 89' lang='lat' dir='ltr'><strong>is</strong></span> <span class='ocrx_word' id='word_1_617' title='bbox 1270 4440 1516 4509; x_wconf 80' lang='lat' dir='ltr'><strong>profecto</strong></span> <span class='ocrx_word' id='word_1_618' title='bbox 1537 4457 1648 4497; x_wconf 89' lang='lat' dir='ltr'><strong>non</strong></span> <span class='ocrx_word' id='word_1_619' title='bbox 1707 4454 1826 4500; x_wconf 89' lang='lat' dir='ltr'><strong>erat</strong></span> <span class='ocrx_word' id='word_1_620' title='bbox 1879 4449 2090 4504; x_wconf 81' lang='lat' dir='ltr'><strong>nescius</strong></span> 
     </span>
    </p>
   </div>
   <div class='ocr_carea' id='block_1_89' title="bbox 2196 4440 3777 4532">
    <p class='ocr_par' dir='ltr' id='par_1_89' title="bbox 2205 4444 3777 4519">
     <span class='ocr_line' id='line_1_89' title="bbox 2205 4444 3777 4519; baseline -0.004 -16"><span class='ocrx_word' id='word_1_621' title='bbox 2205 4452 2345 4519; x_wconf 81' lang='grc' dir='ltr'>μετὰ</span> <span class='ocrx_word' id='word_1_622' title='bbox 2376 4450 2473 4518; x_wconf 83' lang='grc' dir='ltr'>τὴν</span> <span class='ocrx_word' id='word_1_623' title='bbox 2494 4450 2594 4519; x_wconf 82' lang='grc' dir='ltr'>τῆς</span> <span class='ocrx_word' id='word_1_624' title='bbox 2652 4447 3003 4513; x_wconf 86' lang='grc' dir='ltr'>τεκνογονίας</span> <span class='ocrx_word' id='word_1_625' title='bbox 3065 4445 3401 4514; x_wconf 72' lang='grc' dir='ltr'>ἐπαγγελίαν</span> <span class='ocrx_word' id='word_1_626' title='bbox 3456 4444 3777 4515; x_wconf 77' lang='grc' dir='ltr'>γελασάσης</span> 
     </span>
    </p>
   </div>
   <div class='ocr_carea' id='block_1_90' title="bbox 527 4533 2097 4608">
    <p class='ocr_par' dir='ltr' id='par_1_90' title="bbox 527 4533 2097 4608">
     <span class='ocr_line' id='line_1_90' title="bbox 527 4533 2097 4608; baseline 0.003 -17"><span class='ocrx_word' id='word_1_627' title='bbox 527 4536 622 4591; x_wconf 90' lang='lat' dir='ltr'><strong>ubi</strong></span> <span class='ocrx_word' id='word_1_628' title='bbox 649 4544 796 4591; x_wconf 86' lang='lat' dir='ltr'><strong>esset</strong></span> <span class='ocrx_word' id='word_1_629' title='bbox 832 4533 984 4589; x_wconf 87' lang='lat' dir='ltr'><strong>Sara.</strong></span> <span class='ocrx_word' id='word_1_630' title='bbox 1026 4533 1215 4603; x_wconf 88' lang='lat' dir='ltr'><strong>Neque</strong></span> <span class='ocrx_word' id='word_1_631' title='bbox 1252 4534 1419 4599; x_wconf 90' lang='lat' dir='ltr'><strong>enim,</strong></span> <span class='ocrx_word' id='word_1_632' title='bbox 1481 4550 1604 4590; x_wconf 90' lang='lat' dir='ltr'><strong>cum</strong></span> <span class='ocrx_word' id='word_1_633' title='bbox 1639 4534 1771 4592; x_wconf 88' lang='lat' dir='ltr'><strong>Sara</strong></span> <span class='ocrx_word' id='word_1_634' title='bbox 1832 4549 1956 4608; x_wconf 92' lang='lat' dir='ltr'><strong>post</strong></span> <span class='ocrx_word' id='word_1_635' title='bbox 2006 4557 2097 4597; x_wconf 83' lang='lat' dir='ltr'><strong>os-</strong></span> 
     </span>
    </p>
   </div>
   <div class='ocr_carea' id='block_1_91' title="bbox 529 4625 2095 4694">
    <p class='ocr_par' dir='ltr' id='par_1_91' title="bbox 529 4625 2095 4694">
     <span class='ocr_line' id='line_1_91' title="bbox 529 4625 2095 4694; baseline 0.003 -11"><span class='ocrx_word' id='word_1_636' title='bbox 529 4629 665 4683; x_wconf 89' lang='lat' dir='ltr'><strong>tium</strong></span> <span class='ocrx_word' id='word_1_637' title='bbox 688 4634 878 4691; x_wconf 89' lang='lat' dir='ltr'><strong>staret,</strong></span> <span class='ocrx_word' id='word_1_638' title='bbox 940 4625 1259 4694; x_wconf 85' lang='lat' dir='ltr'><strong>risissetque</strong></span> <span class='ocrx_word' id='word_1_639' title='bbox 1309 4625 1448 4680; x_wconf 90' lang='lat' dir='ltr'><strong>clam</strong></span> <span class='ocrx_word' id='word_1_640' title='bbox 1498 4629 1728 4683; x_wconf 88' lang='lat' dir='ltr'><strong>audiens</strong></span> <span class='ocrx_word' id='word_1_641' title='bbox 1773 4645 1832 4685; x_wconf 89' lang='lat' dir='ltr'><strong>se</strong></span> <span class='ocrx_word' id='word_1_642' title='bbox 1866 4642 2095 4687; x_wconf 87' lang='lat' dir='ltr'><strong>matrem</strong></span> 
     </span>
    </p>
   </div>
   <div class='ocr_carea' id='block_1_92' title="bbox 529 4716 2095 4786">
    <p class='ocr_par' dir='ltr' id='par_1_92' title="bbox 529 4716 2095 4786">
     <span class='ocr_line' id='line_1_92' title="bbox 529 4716 2095 4786; baseline 0.001 -11"><span class='ocrx_word' id='word_1_643' title='bbox 529 4722 668 4786; x_wconf 79' lang='lat' dir='ltr'><strong>fore,</strong></span> <span class='ocrx_word' id='word_1_644' title='bbox 691 4718 940 4785; x_wconf 78' lang='lat' dir='ltr'><strong>dixisset,</strong></span> <span class='ocrx_word' id='word_1_645' title='bbox 974 4716 1083 4771; x_wconf 85' lang='lat' dir='ltr'><strong>Cur</strong></span> <span class='ocrx_word' id='word_1_646' title='bbox 1118 4718 1235 4770; x_wconf 70' lang='lat' dir='ltr'><strong>risit</strong></span> <span class='ocrx_word' id='word_1_647' title='bbox 1267 4716 1447 4772; x_wconf 83' lang='lat' dir='ltr'><strong>Sara?</strong></span> <span class='ocrx_word' id='word_1_648' title='bbox 1479 4718 1620 4773; x_wconf 92' lang='lat' dir='ltr'><strong>risus</strong></span> <span class='ocrx_word' id='word_1_649' title='bbox 1664 4720 1823 4773; x_wconf 90' lang='lat' dir='ltr'><strong>etiam</strong></span> <span class='ocrx_word' id='word_1_650' title='bbox 1877 4737 2095 4777; x_wconf 88' lang='lat' dir='ltr'><strong>causam</strong></span> 
     </span>
    </p>
   </div>
   <div class='ocr_carea' id='block_1_93' title="bbox 530 4810 2097 4883">
    <p class='ocr_par' dir='ltr' id='par_1_93' title="bbox 530 4810 2097 4883">
     <span class='ocr_line' id='line_1_93' title="bbox 530 4810 2097 4883; baseline 0.001 -16"><span class='ocrx_word' id='word_1_651' title='bbox 530 4812 788 4883; x_wconf 80' lang='lat' dir='ltr'><strong>subjecit,</strong></span> <span class='ocrx_word' id='word_1_652' title='bbox 851 4825 1035 4866; x_wconf 89' lang='lat' dir='ltr'><strong>secum</strong></span> <span class='ocrx_word' id='word_1_653' title='bbox 1091 4811 1208 4879; x_wconf 88' lang='lat' dir='ltr'><strong>ipsa</strong></span> <span class='ocrx_word' id='word_1_654' title='bbox 1262 4810 1534 4879; x_wconf 89' lang='lat' dir='ltr'><strong>inquiens,</strong></span> <span class='ocrx_word' id='word_1_655' title='bbox 1596 4810 1809 4866; x_wconf 83' lang='lat' dir='ltr'><strong>Verene</strong></span> <span class='ocrx_word' id='word_1_656' title='bbox 1853 4815 2097 4882; x_wconf 88' lang='lat' dir='ltr'><strong>pariam?</strong></span> 
     </span>
    </p>
   </div>
   <div class='ocr_carea' id='block_1_94' title="bbox 531 4901 2095 4971">
    <p class='ocr_par' dir='ltr' id='par_1_94' title="bbox 531 4901 2095 4971">
     <span class='ocr_line' id='line_1_94' title="bbox 531 4901 2095 4971; baseline -0.001 -13"><span class='ocrx_word' id='word_1_657' title='bbox 531 4904 659 4958; x_wconf 62' lang='lat' dir='ltr'><strong>Haec</strong></span> <span class='ocrx_word' id='word_1_658' title='bbox 686 4902 834 4957; x_wconf 90' lang='lat' dir='ltr'><strong>enim</strong></span> <span class='ocrx_word' id='word_1_659' title='bbox 864 4901 1010 4956; x_wconf 91' lang='lat' dir='ltr'><strong>illius</strong></span> <span class='ocrx_word' id='word_1_660' title='bbox 1036 4910 1182 4967; x_wconf 89' lang='lat' dir='ltr'><strong>sunt,</strong></span> <span class='ocrx_word' id='word_1_661' title='bbox 1221 4901 1313 4970; x_wconf 90' lang='lat' dir='ltr'><strong>qui</strong></span> <span class='ocrx_word' id='word_1_662' title='bbox 1337 4915 1432 4954; x_wconf 88' lang='lat' dir='ltr'><strong>cor</strong></span> <span class='ocrx_word' id='word_1_663' title='bbox 1463 4902 1623 4955; x_wconf 86' lang='lat' dir='ltr'><strong>etiam</strong></span> <span class='ocrx_word' id='word_1_664' title='bbox 1665 4912 1826 4971; x_wconf 86' lang='lat' dir='ltr'><strong>atque</strong></span> <span class='ocrx_word' id='word_1_665' title='bbox 1854 4904 2095 4958; x_wconf 90' lang='lat' dir='ltr'><strong>animum</strong></span> 
     </span>
    </p>
   </div>
   <div class='ocr_carea' id='block_1_95' title="bbox 530 4990 2101 5063">
    <p class='ocr_par' dir='ltr' id='par_1_95' title="bbox 530 4990 2101 5063">
     <span class='ocr_line' id='line_1_95' title="bbox 530 4990 2101 5063; baseline 0.001 -14"><span class='ocrx_word' id='word_1_666' title='bbox 530 4994 703 5050; x_wconf 87' lang='lat' dir='ltr'><strong>novit.</strong></span> <span class='ocrx_word' id='word_1_667' title='bbox 733 4992 1092 5063; x_wconf 85' lang='lat' dir='ltr'><strong>Interrogavit</strong></span> <span class='ocrx_word' id='word_1_668' title='bbox 1136 5001 1338 5057; x_wconf 89' lang='lat' dir='ltr'><strong>autem,</strong></span> <span class='ocrx_word' id='word_1_669' title='bbox 1380 4990 1477 5045; x_wconf 88' lang='lat' dir='ltr'><strong>Ubi</strong></span> <span class='ocrx_word' id='word_1_670' title='bbox 1516 5002 1590 5047; x_wconf 75' lang='lat' dir='ltr'><strong>est</strong></span> <span class='ocrx_word' id='word_1_671' title='bbox 1622 4991 1759 5047; x_wconf 88' lang='lat' dir='ltr'><strong>Sara</strong></span> <span class='ocrx_word' id='word_1_672' title='bbox 1786 5010 1919 5047; x_wconf 72' lang='lat' dir='ltr'><strong>uxor</strong></span> <span class='ocrx_word' id='word_1_673' title='bbox 1955 5005 2048 5049; x_wconf 88' lang='lat' dir='ltr'><strong>tua</strong></span> <span class='ocrx_word' id='word_1_674' title='bbox 2075 4998 2101 5051; x_wconf 88' lang='lat'><strong>.’</strong></span> 
     </span>
    </p>
   </div>
   <div class='ocr_carea' id='block_1_96' title="bbox 534 5084 2103 5158">
    <p class='ocr_par' dir='ltr' id='par_1_96' title="bbox 534 5084 2103 5158">
     <span class='ocr_line' id='line_1_96' title="bbox 534 5084 2103 5158; baseline 0.001 -16"><span class='ocrx_word' id='word_1_675' title='bbox 534 5100 601 5142; x_wconf 92' lang='lat' dir='ltr'><strong>eo</strong></span> <span class='ocrx_word' id='word_1_676' title='bbox 630 5084 882 5149; x_wconf 84' lang='lat' dir='ltr'><strong>consilio,</strong></span> <span class='ocrx_word' id='word_1_677' title='bbox 914 5093 977 5138; x_wconf 82' lang='lat' dir='ltr'><strong>ut</strong></span> <span class='ocrx_word' id='word_1_678' title='bbox 1004 5084 1278 5138; x_wconf 84' lang='lat' dir='ltr'><strong>Abraham</strong></span> <span class='ocrx_word' id='word_1_679' title='bbox 1306 5100 1663 5158; x_wconf 87' lang='lat' dir='ltr'><strong>cognoscens,</strong></span> <span class='ocrx_word' id='word_1_680' title='bbox 1727 5101 1786 5141; x_wconf 89' lang='lat' dir='ltr'><strong>se</strong></span> <span class='ocrx_word' id='word_1_681' title='bbox 1819 5096 1949 5142; x_wconf 90' lang='lat' dir='ltr'><strong>ante</strong></span> <span class='ocrx_word' id='word_1_682' title='bbox 2009 5103 2103 5143; x_wconf 91' lang='lat' dir='ltr'><strong>co-</strong></span> 
     </span>
    </p>
   </div>
   <div class='ocr_carea' id='block_1_97' title="bbox 535 5175 2106 5248">
    <p class='ocr_par' dir='ltr' id='par_1_97' title="bbox 535 5175 2106 5248">
     <span class='ocr_line' id='line_1_97' title="bbox 535 5175 2106 5248; baseline 0.003 -17"><span class='ocrx_word' id='word_1_683' title='bbox 535 5189 821 5248; x_wconf 86' lang='lat' dir='ltr'><strong>gnoscere,</strong></span> <span class='ocrx_word' id='word_1_684' title='bbox 850 5183 907 5228; x_wconf 91' lang='lat' dir='ltr'><strong>et</strong></span> <span class='ocrx_word' id='word_1_685' title='bbox 938 5175 1120 5229; x_wconf 90' lang='lat' dir='ltr'><strong>omnia</strong></span> <span class='ocrx_word' id='word_1_686' title='bbox 1152 5176 1316 5241; x_wconf 89' lang='lat' dir='ltr'><strong>scire,</strong></span> <span class='ocrx_word' id='word_1_687' title='bbox 1338 5177 1439 5231; x_wconf 89' lang='lat' dir='ltr'><strong>sibi</strong></span> <span class='ocrx_word' id='word_1_688' title='bbox 1468 5186 1527 5231; x_wconf 91' lang='lat' dir='ltr'><strong>ut</strong></span> <span class='ocrx_word' id='word_1_689' title='bbox 1556 5180 1917 5247; x_wconf 71' lang='lat' dir='ltr'><strong>prarstantiori</strong></span> <span class='ocrx_word' id='word_1_690' title='bbox 1948 5196 2106 5235; x_wconf 88' lang='lat' dir='ltr'><strong>vaca-</strong></span> 
     </span>
    </p>
   </div>
   <div class='ocr_carea' id='block_1_98' title="bbox 534 5267 2101 5338">
    <p class='ocr_par' dir='ltr' id='par_1_98' title="bbox 534 5267 2101 5338">
     <span class='ocr_line' id='line_1_98' title="bbox 534 5267 2101 5338; baseline 0.001 -12"><span class='ocrx_word' id='word_1_691' title='bbox 534 5278 641 5335; x_wconf 90' lang='lat' dir='ltr'><strong>ret,</strong></span> <span class='ocrx_word' id='word_1_692' title='bbox 669 5278 726 5325; x_wconf 90' lang='lat' dir='ltr'><strong>et</strong></span> <span class='ocrx_word' id='word_1_693' title='bbox 755 5267 1035 5332; x_wconf 87' lang='lat' dir='ltr'><strong>omnibus,</strong></span> <span class='ocrx_word' id='word_1_694' title='bbox 1085 5282 1205 5337; x_wconf 79' lang='lat' dir='ltr'><strong>quae</strong></span> <span class='ocrx_word' id='word_1_695' title='bbox 1254 5268 1512 5338; x_wconf 84' lang='lat' dir='ltr'><strong>deinceps</strong></span> <span class='ocrx_word' id='word_1_696' title='bbox 1564 5270 1893 5336; x_wconf 86' lang='lat' dir='ltr'><strong>dicerentur,</strong></span> <span class='ocrx_word' id='word_1_697' title='bbox 1944 5274 2101 5328; x_wconf 86' lang='lat' dir='ltr'><strong>tidem</strong></span> 
     </span>
    </p>
   </div>
   <div class='ocr_carea' id='block_1_99' title="bbox 534 5359 2103 5429">
    <p class='ocr_par' dir='ltr' id='par_1_99' title="bbox 534 5359 2103 5429">
     <span class='ocr_line' id='line_1_99' title="bbox 534 5359 2103 5429; baseline -0.001 -11"><span class='ocrx_word' id='word_1_698' title='bbox 534 5360 840 5418; x_wconf 84' lang='lat' dir='ltr'><strong>adhiberet.</strong></span> <span class='ocrx_word' id='word_1_699' title='bbox 865 5360 1043 5429; x_wconf 84' lang='lat' dir='ltr'><strong>Atque</strong></span> <span class='ocrx_word' id='word_1_700' title='bbox 1071 5360 1234 5413; x_wconf 90' lang='lat' dir='ltr'><strong>etiam</strong></span> <span class='ocrx_word' id='word_1_701' title='bbox 1286 5359 1441 5423; x_wconf 89' lang='lat' dir='ltr'><strong>illud,</strong></span> <span class='ocrx_word' id='word_1_702' title='bbox 1516 5361 1662 5428; x_wconf 91' lang='lat' dir='ltr'><strong>quod</strong></span> <span class='ocrx_word' id='word_1_703' title='bbox 1722 5362 1789 5415; x_wconf 90' lang='lat' dir='ltr'><strong>de</strong></span> <span class='ocrx_word' id='word_1_704' title='bbox 1846 5359 2103 5429; x_wconf 88' lang='lat' dir='ltr'><strong>Sodoma,</strong></span> 
     </span>
    </p>
   </div>
   <div class='ocr_carea' id='block_1_100' title="bbox 533 5450 2098 5518">
    <p class='ocr_par' dir='ltr' id='par_1_100' title="bbox 533 5450 2098 5518">
     <span class='ocr_line' id='line_1_100' title="bbox 533 5450 2098 5518; baseline -0.001 -9"><span class='ocrx_word' id='word_1_705' title='bbox 533 5461 592 5509; x_wconf 85' lang='lat' dir='ltr'><strong>et</strong></span> <span class='ocrx_word' id='word_1_706' title='bbox 651 5451 953 5508; x_wconf 85' lang='lat' dir='ltr'><strong>Gomorrha</strong></span> <span class='ocrx_word' id='word_1_707' title='bbox 1016 5450 1221 5505; x_wconf 87' lang='lat' dir='ltr'><strong>dictum</strong></span> <span class='ocrx_word' id='word_1_708' title='bbox 1272 5457 1391 5504; x_wconf 89' lang='lat' dir='ltr'><strong>est:</strong></span> <span class='ocrx_word' id='word_1_709' title='bbox 1454 5450 1772 5505; x_wconf 74' lang='lat' dir='ltr'><strong>Descendunt</strong></span> <span class='ocrx_word' id='word_1_710' title='bbox 1817 5463 1864 5505; x_wconf 88' lang='lat' dir='ltr'><strong>et</strong></span> <span class='ocrx_word' id='word_1_711' title='bbox 1900 5453 2098 5518; x_wconf 84' lang='lat' dir='ltr'><strong>videbo,</strong></span> 
     </span>
    </p>
   </div>
   <div class='ocr_carea' id='block_1_101' title="bbox 537 5543 2105 5615">
    <p class='ocr_par' dir='ltr' id='par_1_101' title="bbox 537 5543 2105 5615">
     <span class='ocr_line' id='line_1_101' title="bbox 537 5543 2105 5615; baseline 0.001 -16"><span class='ocrx_word' id='word_1_712' title='bbox 537 5555 718 5600; x_wconf 78' lang='lat' dir='ltr'><strong>utrum</strong></span> <span class='ocrx_word' id='word_1_713' title='bbox 756 5562 812 5599; x_wconf 88' lang='lat' dir='ltr'><strong>re</strong></span> <span class='ocrx_word' id='word_1_714' title='bbox 835 5546 973 5615; x_wconf 76' lang='lat' dir='ltr'><strong>ipsa,</strong></span> <span class='ocrx_word' id='word_1_715' title='bbox 1008 5560 1125 5615; x_wconf 72' lang='lat' dir='ltr'><strong>quae</strong></span> <span class='ocrx_word' id='word_1_716' title='bbox 1166 5544 1366 5597; x_wconf 84' lang='lat' dir='ltr'><strong>clamor</strong></span> <span class='ocrx_word' id='word_1_717' title='bbox 1425 5543 1658 5605; x_wconf 82' lang='lat' dir='ltr'><strong>ipsorum</strong></span> <span class='ocrx_word' id='word_1_718' title='bbox 1718 5546 1917 5599; x_wconf 85' lang='lat' dir='ltr'><strong>indicat</strong></span> <span class='ocrx_word' id='word_1_719' title='bbox 1965 5562 2105 5600; x_wconf 88' lang='lat' dir='ltr'><strong>com-</strong></span> 
     </span>
    </p>
   </div>
   <div class='ocr_carea' id='block_1_102' title="bbox 535 5637 2104 5710">
    <p class='ocr_par' dir='ltr' id='par_1_102' title="bbox 535 5637 2104 5710">
     <span class='ocr_line' id='line_1_102' title="bbox 535 5637 2104 5710; baseline 0 -17"><span class='ocrx_word' id='word_1_720' title='bbox 535 5637 810 5705; x_wconf 69' lang='lat' dir='ltr'><strong>oleoorint,</strong></span> <span class='ocrx_word' id='word_1_721' title='bbox 858 5655 930 5693; x_wconf 87' lang='lat' dir='ltr'><strong>an</strong></span> <span class='ocrx_word' id='word_1_722' title='bbox 975 5655 1098 5705; x_wconf 86' lang='lat' dir='ltr'><strong>non,</strong></span> <span class='ocrx_word' id='word_1_723' title='bbox 1151 5645 1208 5693; x_wconf 85' lang='lat' dir='ltr'><strong>ut</strong></span> <span class='ocrx_word' id='word_1_724' title='bbox 1271 5638 1434 5691; x_wconf 70' lang='lat' dir='ltr'><strong>ariam</strong></span> <span class='ocrx_word' id='word_1_725' title='bbox 1465 5638 1508 5704; x_wconf 78' lang='grc'>⁸,</span> <span class='ocrx_word' id='word_1_726' title='bbox 1572 5637 1702 5708; x_wconf 90' lang='lat' dir='ltr'><strong>quid</strong></span> <span class='ocrx_word' id='word_1_727' title='bbox 1737 5638 1880 5693; x_wconf 89' lang='lat' dir='ltr'><strong>aliud</strong></span> <span class='ocrx_word' id='word_1_728' title='bbox 1936 5638 2104 5710; x_wconf 80' lang='lat' dir='ltr'><strong>signi-</strong></span> 
     </span>
    </p>
   </div>
   <div class='ocr_carea' id='block_1_103' title="bbox 2205 4532 3779 4614">
    <p class='ocr_par' dir='ltr' id='par_1_103' title="bbox 2205 4532 3779 4614">
     <span class='ocr_line' id='line_1_103' title="bbox 2205 4532 3779 4614; baseline -0.007 -17"><span class='ocrx_word' id='word_1_729' title='bbox 2205 4543 2466 4614; x_wconf 78' lang='grc' dir='ltr'>κρύϐδην,</span> <span class='ocrx_word' id='word_1_730' title='bbox 2502 4538 2652 4607; x_wconf 80' lang='grc' dir='ltr'>ἔλεγε</span> <span class='ocrx_word' id='word_1_731' title='bbox 2671 4555 2685 4570; x_wconf 77' lang='grc' dir='ltr'>ο</span> <span class='ocrx_word' id='word_1_732' title='bbox 2715 4539 2774 4591; x_wconf 82' lang='grc' dir='ltr'>Τί</span> <span class='ocrx_word' id='word_1_733' title='bbox 2797 4536 3159 4606; x_wconf 70' lang='grc' dir='ltr'>ὅτιέγέλασε</span> <span class='ocrx_word' id='word_1_734' title='bbox 3187 4536 3420 4605; x_wconf 79' lang='grc' dir='ltr'><strong>Σάρῤα;</strong></span> <span class='ocrx_word' id='word_1_735' title='bbox 3453 4532 3583 4590; x_wconf 71' lang='grc' dir='ltr'>Εἶτα</span> <span class='ocrx_word' id='word_1_736' title='bbox 3600 4551 3779 4606; x_wconf 76' lang='grc' dir='ltr'>προσ-</span> 
     </span>
    </p>
   </div>
   <div class='ocr_carea' id='block_1_104' title="bbox 2204 4625 3774 4704">
    <p class='ocr_par' dir='ltr' id='par_1_104' title="bbox 2204 4625 3774 4704">
     <span class='ocr_line' id='line_1_104' title="bbox 2204 4625 3774 4704; baseline -0.006 -15"><span class='ocrx_word' id='word_1_737' title='bbox 2204 4634 2387 4704; x_wconf 84' lang='grc' dir='ltr'>τίθησι</span> <span class='ocrx_word' id='word_1_738' title='bbox 2418 4632 2512 4686; x_wconf 79' lang='grc' dir='ltr'>καὶ</span> <span class='ocrx_word' id='word_1_739' title='bbox 2540 4631 2640 4700; x_wconf 80' lang='grc' dir='ltr'>τὴν</span> <span class='ocrx_word' id='word_1_740' title='bbox 2665 4631 2842 4685; x_wconf 67' lang='lat' dir='ltr'><strong>ait-tau:</strong></span> <span class='ocrx_word' id='word_1_741' title='bbox 2878 4629 2974 4682; x_wconf 84' lang='grc' dir='ltr'><strong>τοῦ</strong></span> <span class='ocrx_word' id='word_1_742' title='bbox 3007 4628 3270 4695; x_wconf 80' lang='grc' dir='ltr'>γέλωτος.</span> <span class='ocrx_word' id='word_1_743' title='bbox 3297 4625 3579 4697; x_wconf 77' lang='grc' dir='ltr'>Λέγουσα</span> <span class='ocrx_word' id='word_1_744' title='bbox 3638 4627 3774 4698; x_wconf 84' lang='grc' dir='ltr'>γὰρ,</span> 
     </span>
    </p>
   </div>
   <div class='ocr_carea' id='block_1_105' title="bbox 2206 4714 3777 4793">
    <p class='ocr_par' dir='ltr' id='par_1_105' title="bbox 2206 4714 3777 4793">
     <span class='ocr_line' id='line_1_105' title="bbox 2206 4714 3777 4793; baseline -0.004 -18"><span class='ocrx_word' id='word_1_745' title='bbox 2206 4724 2391 4793; x_wconf 78' lang='grc' dir='ltr'>φησὶν,</span> <span class='ocrx_word' id='word_1_746' title='bbox 2419 4722 2487 4774; x_wconf 82' lang='grc' dir='ltr'><strong>ἐν</strong></span> <span class='ocrx_word' id='word_1_747' title='bbox 2512 4717 2716 4788; x_wconf 75' lang='grc' dir='ltr'>ἑαυτῇ,</span> <span class='ocrx_word' id='word_1_748' title='bbox 2739 4714 2881 4787; x_wconf 74' lang='grc' dir='ltr'><strong>Ἆρά</strong></span> <span class='ocrx_word' id='word_1_749' title='bbox 2914 4734 2979 4787; x_wconf 78' lang='grc' dir='ltr'><strong>γε</strong></span> <span class='ocrx_word' id='word_1_750' title='bbox 3006 4715 3243 4781; x_wconf 79' lang='grc' dir='ltr'><strong>ἀληθῶς</strong></span> <span class='ocrx_word' id='word_1_751' title='bbox 3270 4715 3510 4784; x_wconf 78' lang='grc' dir='ltr'>τέξομαι</span> <span class='ocrx_word' id='word_1_752' title='bbox 3533 4733 3555 4780; x_wconf 89' lang='grc'><em>;</em></span> <span class='ocrx_word' id='word_1_753' title='bbox 3584 4716 3777 4769; x_wconf 84' lang='grc' dir='ltr'>Ταῦτα</span> 
     </span>
    </p>
   </div>
   <div class='ocr_carea' id='block_1_106' title="bbox 2208 4807 3778 4884">
    <p class='ocr_par' dir='ltr' id='par_1_106' title="bbox 2208 4807 3778 4884">
     <span class='ocr_line' id='line_1_106' title="bbox 2208 4807 3778 4884; baseline -0.006 -15"><span class='ocrx_word' id='word_1_754' title='bbox 2208 4818 2318 4884; x_wconf 77' lang='grc' dir='ltr'>γὰρ</span> <span class='ocrx_word' id='word_1_755' title='bbox 2344 4814 2439 4868; x_wconf 70' lang='grc' dir='ltr'>καὶ</span> <span class='ocrx_word' id='word_1_756' title='bbox 2485 4812 2964 4882; x_wconf 79' lang='grc' dir='ltr'>καρδιογνώστου.</span> <span class='ocrx_word' id='word_1_757' title='bbox 3014 4808 3300 4879; x_wconf 85' lang='grc' dir='ltr'>Ἦρώτησε</span> <span class='ocrx_word' id='word_1_758' title='bbox 3325 4808 3380 4860; x_wconf 83' lang='grc' dir='ltr'>δὲ</span> <span class='ocrx_word' id='word_1_759' title='bbox 3405 4808 3531 4862; x_wconf 89' lang='grc' dir='ltr'><strong>Ποῦ</strong></span> <span class='ocrx_word' id='word_1_760' title='bbox 3575 4807 3778 4875; x_wconf 80' lang='grc' dir='ltr'><strong>Σάρῤα</strong></span> 
     </span>
    </p>
   </div>
   <div class='ocr_carea' id='block_1_107' title="bbox 2206 4898 3778 4974">
    <p class='ocr_par' dir='ltr' id='par_1_107' title="bbox 2206 4898 3778 4974">
     <span class='ocr_line' id='line_1_107' title="bbox 2206 4898 3778 4974; baseline -0.006 -14"><span class='ocrx_word' id='word_1_761' title='bbox 2206 4906 2244 4972; x_wconf 78' lang='grc' dir='ltr'>ἠ</span> <span class='ocrx_word' id='word_1_762' title='bbox 2287 4905 2441 4974; x_wconf 79' lang='grc' dir='ltr'><strong>γυνή</strong></span> <span class='ocrx_word' id='word_1_763' title='bbox 2467 4919 2614 4965; x_wconf 71' lang='grc' dir='ltr'>(τους</span> <span class='ocrx_word' id='word_1_764' title='bbox 2645 4902 2769 4957; x_wconf 88' lang='grc' dir='ltr'>κατ’</span> <span class='ocrx_word' id='word_1_765' title='bbox 2804 4900 3141 4970; x_wconf 76' lang='grc' dir='ltr'>οἰκονομίαν,</span> <span class='ocrx_word' id='word_1_766' title='bbox 3171 4900 3259 4953; x_wconf 78' lang='grc' dir='ltr'><strong>ἵνα</strong></span> <span class='ocrx_word' id='word_1_767' title='bbox 3300 4898 3491 4970; x_wconf 86' lang='grc' dir='ltr'>μαθὼν</span> <span class='ocrx_word' id='word_1_768' title='bbox 3521 4898 3778 4952; x_wconf 74' lang='grc' dir='ltr'>ἐντεῦθεν</span> 
     </span>
    </p>
   </div>
   <div class='ocr_carea' id='block_1_108' title="bbox 2220 4991 3771 5068">
    <p class='ocr_par' dir='ltr' id='par_1_108' title="bbox 2220 4991 3771 5068">
     <span class='ocr_line' id='line_1_108' title="bbox 2220 4991 3771 5068; baseline -0.006 -17"><span class='ocrx_word' id='word_1_769' title='bbox 2220 4998 2471 5068; x_wconf 79' lang='grc' dir='ltr'>Ἀϐραὰμ</span> <span class='ocrx_word' id='word_1_770' title='bbox 2499 4997 2581 5050; x_wconf 83' lang='grc' dir='ltr'>ὅτι</span> <span class='ocrx_word' id='word_1_771' title='bbox 2611 4996 2974 5066; x_wconf 86' lang='grc' dir='ltr'>προγνώστης</span> <span class='ocrx_word' id='word_1_772' title='bbox 3031 4994 3168 5058; x_wconf 71' lang='grc' dir='ltr'>ἐστὶ,</span> <span class='ocrx_word' id='word_1_773' title='bbox 3208 4994 3307 5046; x_wconf 70' lang='grc' dir='ltr'>καὶ</span> <span class='ocrx_word' id='word_1_774' title='bbox 3359 4993 3540 5048; x_wconf 84' lang='grc' dir='ltr'>πάντα</span> <span class='ocrx_word' id='word_1_775' title='bbox 3589 4991 3771 5055; x_wconf 75' lang='grc' dir='ltr'>εἰδὼς,</span> 
     </span>
    </p>
   </div>
   <div class='ocr_carea' id='block_1_109' title="bbox 2207 5079 3775 5156">
    <p class='ocr_par' dir='ltr' id='par_1_109' title="bbox 2207 5079 3775 5156">
     <span class='ocr_line' id='line_1_109' title="bbox 2207 5079 3775 5156; baseline -0.004 -18"><span class='ocrx_word' id='word_1_776' title='bbox 2207 5085 2283 5148; x_wconf 75' lang='grc' dir='ltr'><strong>ὡς</strong></span> <span class='ocrx_word' id='word_1_777' title='bbox 2317 5085 2589 5156; x_wconf 86' lang='grc' dir='ltr'>κρείττονι</span> <span class='ocrx_word' id='word_1_778' title='bbox 2630 5084 2897 5155; x_wconf 78' lang='grc' dir='ltr'>προσέχῃ,</span> <span class='ocrx_word' id='word_1_779' title='bbox 2938 5084 3035 5136; x_wconf 69' lang='grc' dir='ltr'>καὶ</span> <span class='ocrx_word' id='word_1_780' title='bbox 3062 5081 3156 5134; x_wconf 84' lang='grc' dir='ltr'><strong>τοῦ</strong></span> <span class='ocrx_word' id='word_1_781' title='bbox 3194 5079 3383 5135; x_wconf 82' lang='grc' dir='ltr'>λοιποῦ</span> <span class='ocrx_word' id='word_1_782' title='bbox 3404 5079 3636 5149; x_wconf 82' lang='grc' dir='ltr'>πιστεύῃ</span> <span class='ocrx_word' id='word_1_783' title='bbox 3669 5080 3775 5131; x_wconf 82' lang='grc' dir='ltr'>πᾶ-</span> 
     </span>
    </p>
   </div>
   <div class='ocr_carea' id='block_1_110' title="bbox 2210 5168 3776 5243">
    <p class='ocr_par' dir='ltr' id='par_1_110' title="bbox 2210 5168 3776 5243">
     <span class='ocr_line' id='line_1_110' title="bbox 2210 5168 3776 5243; baseline -0.005 -13"><span class='ocrx_word' id='word_1_784' title='bbox 2210 5192 2316 5243; x_wconf 88' lang='grc' dir='ltr'>σιν,</span> <span class='ocrx_word' id='word_1_785' title='bbox 2354 5168 2434 5239; x_wconf 78' lang='grc' dir='ltr'><strong>οἷς</strong></span> <span class='ocrx_word' id='word_1_786' title='bbox 2458 5174 2525 5229; x_wconf 80' lang='grc' dir='ltr'>ἂν</span> <span class='ocrx_word' id='word_1_787' title='bbox 2556 5177 2690 5243; x_wconf 80' lang='grc' dir='ltr'>ἐρεῖ.</span> <span class='ocrx_word' id='word_1_788' title='bbox 2737 5175 2844 5226; x_wconf 79' lang='grc' dir='ltr'><strong>Καὶ</strong></span> <span class='ocrx_word' id='word_1_789' title='bbox 2869 5172 2931 5227; x_wconf 87' lang='grc' dir='ltr'>τὸ</span> <span class='ocrx_word' id='word_1_790' title='bbox 2958 5174 3089 5242; x_wconf 77' lang='grc' dir='ltr'>περὶ</span> <span class='ocrx_word' id='word_1_791' title='bbox 3135 5172 3248 5226; x_wconf 77' lang='grc' dir='ltr'>τῶν</span> <span class='ocrx_word' id='word_1_792' title='bbox 3278 5172 3532 5240; x_wconf 84' lang='grc' dir='ltr'>Σοδόμων</span> <span class='ocrx_word' id='word_1_793' title='bbox 3580 5170 3637 5225; x_wconf 85' lang='grc' dir='ltr'><strong>δέ</strong></span> <span class='ocrx_word' id='word_1_794' title='bbox 3683 5170 3776 5223; x_wconf 76' lang='grc' dir='ltr'>καὶ</span> 
     </span>
    </p>
   </div>
   <div class='ocr_carea' id='block_1_111' title="bbox 2207 5260 3825 5338">
    <p class='ocr_par' dir='ltr' id='par_1_111' title="bbox 2207 5260 3825 5338">
     <span class='ocr_line' id='line_1_111' title="bbox 2207 5260 3825 5338; baseline -0.004 -18"><span class='ocrx_word' id='word_1_795' title='bbox 2207 5267 2502 5338; x_wconf 75' lang='grc' dir='ltr'>Γομόρρων</span> <span class='ocrx_word' id='word_1_796' title='bbox 2533 5260 2850 5336; x_wconf 64' lang='grc' dir='ltr'>εξρημένον,</span> <span class='ocrx_word' id='word_1_797' title='bbox 2869 5264 2950 5318; x_wconf 84' lang='grc' dir='ltr'>ὅτι</span> <span class='ocrx_word' id='word_1_798' title='bbox 2993 5261 3268 5327; x_wconf 78' lang='grc' dir='ltr'>Κατασὰς</span> <span class='ocrx_word' id='word_1_799' title='bbox 3300 5262 3521 5332; x_wconf 70' lang='grc' dir='ltr'>ὄψομαι</span> <span class='ocrx_word' id='word_1_800' title='bbox 3545 5263 3597 5317; x_wconf 84' lang='grc' dir='ltr'><strong>εί</strong></span> <span class='ocrx_word' id='word_1_801' title='bbox 3626 5263 3776 5315; x_wconf 82' lang='grc' dir='ltr'>κατὰ</span> <span class='ocrx_word' id='word_1_802' title='bbox 3820 5286 3825 5287; x_wconf 51' lang='grc' dir='ltr'>ί</span> 
     </span>
    </p>
   </div>
   <div class='ocr_carea' id='block_1_112' title="bbox 2210 5352 3773 5429">
    <p class='ocr_par' dir='ltr' id='par_1_112' title="bbox 2210 5352 3773 5429">
     <span class='ocr_line' id='line_1_112' title="bbox 2210 5352 3773 5429; baseline 0.006 -24"><span class='ocrx_word' id='word_1_803' title='bbox 2210 5360 2319 5429; x_wconf 79' lang='grc' dir='ltr'><strong>τὴν</strong></span> <span class='ocrx_word' id='word_1_804' title='bbox 2350 5357 2622 5427; x_wconf 67' lang='grc' dir='ltr'>κραυγὴν</span> <span class='ocrx_word' id='word_1_805' title='bbox 2648 5355 2847 5412; x_wconf 78' lang='grc' dir='ltr'>αὐτῶν</span> <span class='ocrx_word' id='word_1_806' title='bbox 2902 5354 3385 5411; x_wconf 75' lang='grc' dir='ltr'>συντελοῦνταιο</span> <span class='ocrx_word' id='word_1_807' title='bbox 3439 5358 3493 5409; x_wconf 85' lang='grc' dir='ltr'><strong>εί</strong></span> <span class='ocrx_word' id='word_1_808' title='bbox 3549 5355 3619 5409; x_wconf 82' lang='grc' dir='ltr'>δὲ</span> <span class='ocrx_word' id='word_1_809' title='bbox 3661 5352 3773 5424; x_wconf 73' lang='grc' dir='ltr'>μὴ.</span> 
     </span>
    </p>
   </div>
   <div class='ocr_carea' id='block_1_113' title="bbox 2209 5447 3776 5520">
    <p class='ocr_par' dir='ltr' id='par_1_113' title="bbox 2209 5447 3776 5520">
     <span class='ocr_line' id='line_1_113' title="bbox 2209 5447 3776 5520; baseline -0.003 -17"><span class='ocrx_word' id='word_1_810' title='bbox 2209 5449 2312 5504; x_wconf 78' lang='grc' dir='ltr'><strong>ἵνα</strong></span> <span class='ocrx_word' id='word_1_811' title='bbox 2348 5449 2489 5520; x_wconf 74' lang='grc' dir='ltr'>γνῶ,</span> <span class='ocrx_word' id='word_1_812' title='bbox 2522 5448 2641 5504; x_wconf 81' lang='grc' dir='ltr'>κατ’</span> <span class='ocrx_word' id='word_1_813' title='bbox 2668 5449 2987 5520; x_wconf 76' lang='grc' dir='ltr'>οἰκονομίαν</span> <span class='ocrx_word' id='word_1_814' title='bbox 3019 5451 3262 5520; x_wconf 75' lang='grc' dir='ltr'>εἴρηται,</span> <span class='ocrx_word' id='word_1_815' title='bbox 3322 5447 3594 5503; x_wconf 87' lang='grc' dir='ltr'>παιδεύων</span> <span class='ocrx_word' id='word_1_816' title='bbox 3632 5448 3776 5517; x_wconf 71' lang='grc' dir='ltr'>ἡμᾶς</span> 
     </span>
    </p>
   </div>
   <div class='ocr_carea' id='block_1_114' title="bbox 2214 5540 3775 5615">
    <p class='ocr_par' dir='ltr' id='par_1_114' title="bbox 2214 5540 3775 5615">
     <span class='ocr_line' id='line_1_114' title="bbox 2214 5540 3775 5615; baseline -0.007 -16"><span class='ocrx_word' id='word_1_817' title='bbox 2214 5543 2292 5615; x_wconf 80' lang='grc' dir='ltr'>μὴ</span> <span class='ocrx_word' id='word_1_818' title='bbox 2334 5544 2588 5609; x_wconf 79' lang='grc' dir='ltr'>κολάζειν</span> <span class='ocrx_word' id='word_1_819' title='bbox 2620 5544 2727 5596; x_wconf 83' lang='grc' dir='ltr'><strong>ἀπὸ</strong></span> <span class='ocrx_word' id='word_1_820' title='bbox 2754 5546 3141 5615; x_wconf 86' lang='grc' dir='ltr'>προγνώσεως,</span> <span class='ocrx_word' id='word_1_821' title='bbox 3176 5543 3293 5596; x_wconf 73' lang='grc' dir='ltr'>ἀλλ’</span> <span class='ocrx_word' id='word_1_822' title='bbox 3354 5540 3651 5609; x_wconf 81' lang='grc' dir='ltr'>ἀναμένειν</span> <span class='ocrx_word' id='word_1_823' title='bbox 3679 5541 3775 5605; x_wconf 73' lang='grc' dir='ltr'>τὴν</span> 
     </span>
    </p>
   </div>
   <div class='ocr_carea' id='block_1_115' title="bbox 2212 5629 3774 5709">
    <p class='ocr_par' dir='ltr' id='par_1_115' title="bbox 2212 5629 3774 5709">
     <span class='ocr_line' id='line_1_115' title="bbox 2212 5629 3774 5709; baseline 0.003 -20"><span class='ocrx_word' id='word_1_824' title='bbox 2212 5637 2611 5709; x_wconf 76' lang='grc' dir='ltr'>πραγματικὴν</span> <span class='ocrx_word' id='word_1_825' title='bbox 2638 5638 2948 5706; x_wconf 80' lang='grc' dir='ltr'>διάγνωσιν.</span> <span class='ocrx_word' id='word_1_826' title='bbox 2978 5637 3039 5690; x_wconf 82' lang='grc' dir='ltr'><strong>Εἰ</strong></span> <span class='ocrx_word' id='word_1_827' title='bbox 3086 5638 3193 5706; x_wconf 71' lang='grc' dir='ltr'><strong>γὰρ</strong></span> <span class='ocrx_word' id='word_1_828' title='bbox 3221 5636 3296 5705; x_wconf 81' lang='grc' dir='ltr'>μὴ</span> <span class='ocrx_word' id='word_1_829' title='bbox 3336 5634 3624 5703; x_wconf 76' lang='grc' dir='ltr'>ἐγίνωσκε,</span> <span class='ocrx_word' id='word_1_830' title='bbox 3658 5629 3774 5694; x_wconf 84' lang='grc' dir='ltr'><strong>πῶς</strong></span> 
     </span>
    </p>
   </div>
   <div class='ocr_carea' id='block_1_116' title="bbox 613 5811 2090 5881">
    <p class='ocr_par' dir='ltr' id='par_1_116' title="bbox 613 5813 2090 5878">
     <span class='ocr_line' id='line_1_116' title="bbox 613 5813 2090 5878; baseline -0.003 -10"><span class='ocrx_word' id='word_1_831' title='bbox 613 5815 631 5848; x_wconf 82' lang='grc'>⁸</span> <span class='ocrx_word' id='word_1_832' title='bbox 664 5813 800 5871; x_wconf 81' lang='lat' dir='ltr'><strong>Ceu.</strong></span> <span class='ocrx_word' id='word_1_833' title='bbox 828 5832 906 5878; x_wconf 82' lang='grc' dir='ltr'>ιιι,</span> <span class='ocrx_word' id='word_1_834' title='bbox 934 5816 985 5870; x_wconf 85' lang='lat'><strong>9.</strong></span> <span class='ocrx_word' id='word_1_835' title='bbox 1066 5816 1085 5845; x_wconf 83' lang='lat'><strong>’</strong></span> <span class='ocrx_word' id='word_1_836' title='bbox 1115 5814 1245 5869; x_wconf 69' lang='lat' dir='ltr'><strong>Ceu.</strong></span> <span class='ocrx_word' id='word_1_837' title='bbox 1289 5832 1361 5875; x_wconf 83' lang='lat' dir='ltr'><strong>tv.</strong></span> <span class='ocrx_word' id='word_1_838' title='bbox 1384 5814 1436 5870; x_wconf 83' lang='lat'><strong>9.</strong></span> <span class='ocrx_word' id='word_1_839' title='bbox 1517 5815 1535 5846; x_wconf 82' lang='lat'><strong>’</strong></span> <span class='ocrx_word' id='word_1_840' title='bbox 1569 5813 1701 5869; x_wconf 81' lang='lat' dir='ltr'><strong>Gen.</strong></span> <span class='ocrx_word' id='word_1_841' title='bbox 1730 5826 1881 5868; x_wconf 79' lang='lat' dir='ltr'><strong>mu.</strong></span> <span class='ocrx_word' id='word_1_842' title='bbox 1915 5813 1966 5865; x_wconf 86' lang='lat'><strong>9.</strong></span> <span class='ocrx_word' id='word_1_843' title='bbox 2046 5813 2090 5852; x_wconf 54' lang='grc' dir='ltr'>δέ</span> 
     </span>
    </p>
   </div>
   <div class='ocr_carea' id='block_1_117' title="bbox 2196 5811 3504 5881">
    <p class='ocr_par' dir='ltr' id='par_1_117' title="bbox 2196 5811 3504 5881">
     <span class='ocr_line' id='line_1_117' title="bbox 2196 5811 3504 5881; baseline -0.002 -14"><span class='ocrx_word' id='word_1_844' title='bbox 2196 5833 2223 5868; x_wconf 80' lang='grc' dir='ltr'><strong>ι.</strong></span> <span class='ocrx_word' id='word_1_845' title='bbox 2259 5828 2340 5881; x_wconf 82' lang='lat' dir='ltr'><strong>In,</strong></span> <span class='ocrx_word' id='word_1_846' title='bbox 2376 5814 2455 5870; x_wconf 85' lang='lat' dir='ltr'><strong>ll.</strong></span> <span class='ocrx_word' id='word_1_847' title='bbox 2533 5816 2554 5848; x_wconf 82' lang='grc'>⁸</span> <span class='ocrx_word' id='word_1_848' title='bbox 2581 5815 2713 5870; x_wconf 86' lang='lat' dir='ltr'><strong>Gen.</strong></span> <span class='ocrx_word' id='word_1_849' title='bbox 2752 5830 2825 5881; x_wconf 87' lang='lat' dir='ltr'><strong>tv,</strong></span> <span class='ocrx_word' id='word_1_850' title='bbox 2860 5815 2939 5868; x_wconf 87' lang='lat' dir='ltr'><strong>lO.</strong></span> <span class='ocrx_word' id='word_1_851' title='bbox 3018 5816 3036 5845; x_wconf 73' lang='grc'><strong>⁵</strong></span> <span class='ocrx_word' id='word_1_852' title='bbox 3069 5812 3201 5868; x_wconf 74' lang='lat' dir='ltr'><strong>Gen.</strong></span> <span class='ocrx_word' id='word_1_853' title='bbox 3234 5828 3383 5877; x_wconf 59' lang='lat' dir='ltr'><strong>“tu,</strong></span> <span class='ocrx_word' id='word_1_854' title='bbox 3414 5811 3504 5865; x_wconf 68' lang='grc' dir='ltr'>Ἡ.</span> 
     </span>
    </p>
   </div>
  </div>
