4120 6292
411 424 527 490 317
1379 444 1754 508 ΡΛΝΟΡΙᾸΑ
1799 450 2267 513 ΒΟΟΜΛΤΙΟᾹ.
2304 478 2374 490 -
2413 455 2561 516 ΤΙΤ.
2607 455 2714 516 ΙΧ.
3587 447 3694 516 318

412 540 576 608 ἔλεγε
605 556 622 573 ο
658 545 902 612 Κραυγὴ
949 545 1224 616 Σοδόμων
1267 552 1364 604 καί
1419 555 1742 623 Γομόρῤων
1774 558 1975 627 ἔρχει-το

2076 602 2083 621 ,
2117 562 2261 624 [ir-at,
2295 561 2400 614 nisi
2434 577 2498 616 eo
2531 561 2762 616 consilio
2816 562 2986 616 Deum
3035 562 3110 617 ita
3137 562 3378 617 locutum
3433 579 3576 628 esse,
3633 575 3696 620 ut

411 638 573 700 πρός
593 651 711 703 pe;
759 636 829 691 Ἡ
857 637 950 707 γῆ,
990 642 1144 711 φησὶ,
1168 641 1293 712 ,Βοᾷ
1319 645 1414 698 καί
1447 649 1562 714 πρὸ
1586 648 1702 700 τῶν
1730 653 1970 719 “panici

2109 666 2210 704 nos
2243 654 2510 718 crudiret,
2551 671 2620 709 ne
2647 673 2884 726 unquam
2920 657 3228 726 praccipites
3283 658 3556 713 irruamus
3621 660 3688 715 ad

409 743 558 795 των,
587 729 624 795 ἢ
655 731 806 783 αὐτὰ
835 732 905 785 τὰ
933 733 1248 802 πράγματα
1280 737 1493 806 κράζει.
1525 741 1725 793 Πολλαὶ
1746 743 1801 795 δὲ
1826 745 1974 796 τοιαῦ

2110 743 2394 814 irroganda
2453 750 2738 817 supplicia,
2799 759 3078 818 propterea
3156 751 3301 817 quod
3358 750 3684 818 aliquorum

409 835 507 871 ται
533 820 595 871 οὐ
639 825 800 889 μόνον
831 825 984 893 παρὰ
1036 828 1103 896 τῇ
1160 829 1394 900 Παλαιᾷ,
1451 829 1586 883 ἀλλὰ
1620 833 1717 884 καὶ
1749 837 1896 905 παρὰ
1932 838 1975 902 τῆ

2106 836 2306 904 ﬂagitia
2334 840 2748 908 prospiciamus,
2801 841 2895 894 sed
2927 851 3329 910 exspectemus,
3366 851 3426 896 ut
3461 858 3519 896 re
3572 843 3688 910 ipsa

410 911 536 981 Νέᾳ
572 914 871 983 ἐρωτήσεις
903 918 995 970 τοῦ
1024 920 1282 990 Χριστοῦ.
1317 925 1493 998 ﬁdem.
1529 925 1586 976 δὲ
1619 927 1967 995 οίκονομικαὶ

2105 930 2343 998 perfecta
2395 931 2524 985 sint.
2562 932 2694 986 Nam
2723 934 2766 986 si
2837 948 2946 985 non
3005 933 3350 999 cognovisset
3409 933 3686 1002 quomodo

411 1003 511 1054 καί
539 1003 793 1074 τιὲτερ;ν
821 1012 1352 1074 κατασκευάζουσαι.
1392 1014 1551 1066 Ἰδιον
1582 1017 1692 1086 γὰρ
1730 1017 1822 1069 τοῦ
1865 1018 1975 1070 Θεοί

2109 1022 2380 1090 potuisset
2408 1025 2596 1079 dicere
2631 1044 2642 1078 :
2673 1025 2891 1079 Clamor
2952 1023 3310 1078 Sodomorum
3341 1034 3397 1079 et
3452 1024 3685 1079 Gomor-

408 1094 473 1146 τὸ
509 1095 679 1148 πάντα
703 1095 1025 1163 γινώσκειν·
1055 1102 1146 1154 καὶ
1183 1103 1210 1155 6
1237 1103 1313 1174 μὴ
1347 1107 1526 1158 πάντα
1566 1106 1721 1169 εἰδὼς
1772 1107 1830 1158 οὐ
1860 1106 1975 1160 πάν·

2104 1111 2218 1166 rha:
2241 1113 2389 1166 venit
2416 1114 2478 1168 ad
2514 1115 2642 1170 me?
2676 1115 2866 1179 Terra,
2901 1115 3100 1184 inquit,
3143 1116 3362 1180 clamat,
3395 1116 3558 1170 etiam
3588 1131 3686 1168 an—

409 1205 525 1242 των
554 1189 705 1252 Θεόςο
2101 1211 2152 1258 te
2191 1219 2299 1259 res.
2335 1205 2400 1259 Et
2432 1205 2561 1276 ipsa
2593 1222 2677 1262 res
2709 1205 3082 1262 vociferantur
3141 1214 3196 1259 et
3231 1205 3487 1259 clamant.
3547 1203 3686 1259 Mui-

412 1293 637 1339 tazsunt
681 1285 948 1356 ejusmodi
1007 1287 1458 1360 interrogationes
1507 1306 1614 1344 non
1670 1293 1846 1345 solum
1904 1291 1958 1344 iu
2007 1293 2206 1362 Veteri,
2280 1299 2378 1353 sed
2443 1300 2606 1354 etiam
2670 1300 2723 1353 in
2787 1299 2938 1354 Novo
2987 1297 3361 1363 Testamento,
3416 1312 3537 1367 quae
3594 1309 3678 1353 ta-

415 1391 550 1430 men
580 1391 776 1432 omnes
811 1379 1128 1449 mysterium
1160 1381 1472 1447 continent,
1500 1391 1556 1433 et
1583 1379 1786 1448 aliquid
1839 1382 1986 1436 aliud
2029 1396 2217 1455 agunt.
2251 1385 2388 1442 Nam
2453 1387 2544 1444 Dei
2607 1389 2890 1460 proprium
2939 1397 3026 1443 est
3080 1395 3275 1442 cuncta
3325 1402 3682 1459 cognoscere,

407 1482 468 1529 et
495 1472 590 1544 qui
612 1469 795 1528 omnia
822 1487 932 1527 non
963 1473 1122 1526 habet
1147 1474 1385 1544 cognita,
1421 1489 1530 1529 non
1563 1483 1642 1528 est
1668 1474 1915 1528 omnium
1941 1475 2104 1531 Deus.

951 1563 1054 1618 Ἕκ
1083 1563 1195 1632 τῆς
1225 1568 1337 1620 αὐτ
1347 1565 1438 1633 ῆς.

486 1657 614 1722 Πῶς
643 1673 780 1727 φατε
809 1657 900 1710 τὸν
933 1659 1032 1728 μὲν
1058 1661 1162 1728 τῆς
1208 1659 1450 1721 παλαιᾶς
1495 1657 1770 1729 Διαοήκης
1820 1674 1984 1728 νομο-

409 1751 578 1822 θέτην
609 1749 840 1814 δίκαιον,
900 1749 996 1803 τὸν
1053 1750 1108 1802 δὲ
1146 1751 1243 1818 τῆς
1311 1751 1438 1813 νέας
1471 1750 1700 1818 ἀγαθὸν,
1740 1751 1836 1802 καὶ
1892 1750 1983 1803 διὰ

405 1843 588 1896 ταῦτα
612 1841 772 1896 ἄλλον
802 1844 899 1895 καὶ
929 1841 1088 1896 ἄλλον
1125 1837 1267 1894 εἶναι
1297 1840 1731 1912 διισχυρίζεσθες
1769 1841 1828 1892 El.
1878 1840 1976 1908 μὲν

404 1935 524 2005 γὰρ
547 1935 608 1986 τὸ
631 1933 840 1986 δίκαιον
880 1931 1108 1999 ἀγαθὸν,
1152 1933 1179 1984 6
1225 1931 1436 1992 δίκαιος
1489 1931 1708 1991 πάντως
1745 1930 1975 1996 ἀγαθός.

407 2027 488 2083 οὐ
531 2025 642 2095 γὰρ
675 2024 929 2093 ἀλλήλοις
971 2023 1428 2092 ἁντιδιαιροῦνται
1458 2023 1516 2074 τὺ
1547 2022 1752 2091 ἀγαθὸν
1787 2025 1879 2076 καὶ
1920 2021 1982 2073 τὸ

405 2118 656 2170 δίκαιονο
712 2119 808 2169 καὶ
839 2116 867 2168 6
895 2116 1098 2184 ἀγαθὸς
1133 2116 1354 2180 πάντως
1401 2115 1630 2179 δίκαιος.
1665 2115 1888 2186 Μυρίων
1926 2115 1981 2168 δὲ

404 2209 664 2280 χρήσεων
705 2207 908 2274 ἀγαθὸν
956 2203 1097 2258 εἶναι
1139 2207 1230 2259 τὸν
1258 2206 1356 2274 τῆς
1398 2207 1634 2270 παλαιᾶς
1682 2206 1980 2276 νομοθέτην

407 2299 821 2371 κηρυττουσῶν,
848 2301 979 2369 μίαν
1014 2298 1406 2370 παραθήσομαι
1435 2315 1448 2329 ·
1490 2299 1982 2366 Ἐξομολογεῖσθε

409 2393 495 2456 τῷ
524 2393 734 2460 Κυρίῳ.
769 2392 859 2444 ὅτι
892 2391 1114 2459 ἀγαθός
1136 2407 1150 2420 ο
1197 2391 1415 2444 εἰπάτω
1435 2389 1509 2457 δὴ
1533 2387 1699 2456 οἶκος
1725 2389 1981 2456 Ἰσραὴλ

410 2484 506 2540 ὅτι
529 2485 746 2554 ἀγαθός
776 2501 789 2515 ο
830 2484 920 2536 καὶ
954 2485 1002 2536 οξ
1034 2484 1274 2552 καθεξῆς
1309 2483 1401 2536 δύο
1436 2485 1631 2553 στίχοι.
1674 2485 1781 2536 Καὶ
1813 2485 1839 2534 6
1880 2486 1979 2552 τῆς

406 2576 541 2636 νέας
563 2576 619 2628 δὲ
649 2573 941 2644 νομοθέτης
965 2589 977 2604 ’
1012 2576 1116 2626 Kal
1147 2575 1183 2641 ἡ
1219 2574 1416 2641 κρίσις
1443 2571 1512 2625 δὲ
1549 2576 1580 2640 ὴ
1626 2574 1738 2642 ἐμὴ
1771 2573 1978 2626 δικαία

398 2668 577 2722 ἐστι·
617 2667 709 2721 καὶ
748 2668 886 2738 πρὸς
929 2666 1021 2718 τὸν
1057 2666 1314 2736 Ἰωάννην
1340 2681 1354 2695 ο
1399 2667 1582 2732 Ἀφες
1611 2666 1744 2732 ἄρτι
1768 2681 1782 2696 ο
1819 2665 1975 2717 οὕτω

405 2763 526 2830 τὰρ
568 2758 802 2828 πρέπον
855 2757 1028 2812 ἐστίν
1083 2757 1231 2827 ἡμῖν
1271 2756 1592 2824 πληρῶσαι
1649 2755 1861 2812 πᾶσαν
1894 2756 1980 2810 δι-

399 2850 774 2915 καιοσύνην.
810 2848 934 2901 Ὀτι
965 2846 1020 2902 δὲ
1045 2840 1125 2908 εἷς
1149 2849 1177 2899 6
1205 2847 1300 2898 καὶ
1329 2845 1429 2914 τῆς
1479 2845 1715 2908 παλαιᾶς
1744 2847 1842 2898 καὶ
1879 2847 1974 2914 τῆς

397 2943 535 3004 νέας
604 2938 941 3008 νομοθέτης,
1015 2937 1348 3008 προείρηκεν
1421 2935 1698 3006 Ἱερεμίας
1759 2935 1971 3002 λέγων*

414 3030 567 3088 Ἰδοὺ
590 3030 801 3099 ἡμέραι
838 3029 1142 3097 ἔρχονται,
1174 3026 1336 3096 λέγει
1361 3027 1598 3094 Κύριος,
1639 3026 1735 3078 καί
1775 3026 1978 3093 διαθή-

399 3140 592 3194 σομαι
614 3122 757 3194 ὑμῖν
803 3118 1108 3188 Διαθῆκην
1131 3117 1371 3186 καινὴν,
1429 3120 1500 3171 οὐ
1524 3119 1674 3172 κατὰ
1707 3118 1820 3186 τὴν
1844 3121 1978 3169 Δια-

2731 1567 2817 1623 Ea:
2842 1570 3042 1625 eodem.

2163 1657 2446 1724 Quomodo
2479 1659 2657 1714 dicitis
2683 1662 2889 1730 antiqui
2926 1660 3260 1717 Testamenti
3317 1660 3678 1730 legislatorem

2091 1753 2326 1816 justum,
2360 1751 2484 1804 novi
2535 1761 2718 1807 autem
2779 1752 3004 1814 bonum,
3040 1762 3202 1822 atque
3252 1753 3374 1808 ideo
3405 1767 3574 1806 unum
3615 1753 3683 1807 ab

2088 1839 2195 1893 alio
2228 1839 2502 1893 diversum
2529 1854 2650 1894 esse
2675 1841 3048 1896 contenditis?
3095 1841 3227 1895 Nam
3273 1842 3318 1896 si
3380 1841 3526 1912 quod
3581 1841 3678 1911 ju-

2089 1940 2231 1986 stum
2279 1940 2384 1994 est,
2453 1932 2653 1986 bonum
2697 1943 2801 1998 est,
2843 1933 3025 2003 justus
3052 1933 3156 1988 erit
3202 1933 3379 1988 bonus
3429 1933 3680 1988 omnino.

2085 2023 2278 2095 Neque
2301 2025 2446 2078 enim
2479 2025 2754 2079 contraria
2785 2035 2914 2080 sunt
2967 2025 3200 2097 justum,
3231 2036 3285 2080 et
3315 2025 3540 2081 bonum.
3569 2022 3678 2080 Sed

2083 2116 2233 2186 justo
2298 2109 2852 2186 repugnatinjustum
2883 2125 2937 2171 et
2987 2117 3130 2170 bono
3160 2117 3360 2171 malum
3415 2117 3678 2172 adversa-

2086 2216 2174 2262 tur
2205 2225 2219 2263 :
2251 2219 2514 2276 prmterea
2547 2207 2590 2261 si
2629 2207 2832 2261 malum
2879 2208 3164 2278 iniustum,
3221 2209 3426 2264 bonum
3491 2208 3678 2274 utique

2080 2299 2309 2368 justum,
2340 2312 2394 2353 et
2419 2298 2596 2354 bonus
2621 2300 2849 2354 omnino
2876 2302 3079 2370 justus.
3115 2300 3250 2356 Cum
3280 2311 3461 2355 autem
3511 2301 3677 2354 innu-

2084 2391 2367 2445 merabilia
2410 2391 2521 2444 sint
2574 2392 2908 2456 testimonia,
2956 2393 3156 2461 quibus
3227 2393 3433 2447 veteris
3481 2390 3675 2446 Testa-

2085 2482 2250 2535 tnenti
2285 2482 2428 2535 Deus
2451 2497 2574 2536 esse
2607 2483 2920 2537 declaratur
2945 2486 3138 2548 bonus,
3192 2499 3292 2554 ego
3326 2499 3493 2537 unum
3528 2484 3675 2538 dun-

2083 2581 2231 2626 taxat.
2262 2573 2316 2625 in
2363 2573 2602 2626 medium
2661 2573 2934 2628 afferam:
2983 2574 3160 2637 Dicat,
3235 2575 3433 2643 inquit,
3482 2574 3672 2637 Israel,

2098 2667 2346 2734 quoniam
2377 2667 2538 2720 bonus
2573 2667 2615 2730 ⁸,
2651 2676 2705 2720 ct
2733 2666 2826 2736 qui
2872 2667 3134 2736 deinceps
3178 2677 3502 2736 sequuntur,
3567 2667 3676 2720 duo

2081 2757 2356 2811 versiculi.
2393 2757 2570 2812 L‘num
2607 2755 2759 2822 item,
2804 2773 2912 2826 quo
2973 2761 3100 2813 novi
3161 2759 3492 2813 Tcstamenti
3534 2757 3674 2810 Deus

2075 2847 2256 2918 justus
2365 2827 2719 2905 ostenditur:
2757 2847 2824 2902 Et
2856 2848 3144 2919 judicium,
3215 2851 3432 2918 inquit,
3500 2866 3673 2903 meum

2070 2941 2274 3009 justum
2337 2941 2483 2994 est”.
2516 2939 2668 3004 Quod
2723 2950 2906 2994 autem
2956 2958 3118 3006 unus,
3181 2951 3344 3011 atque
3396 2943 3536 2996 idem
3602 2941 3674 2994 sit

2077 3033 2279 3086 veteris
2333 3045 2397 3086 ac
2451 3032 2576 3086 novi
2605 3031 2941 3086 Testamenti
2996 3033 3159 3097 Deus,
3211 3032 3460 3101 praedixit
3520 3029 3674 3085 Jere-

2075 3121 2230 3185 mias,
2289 3121 2448 3183 Εισε,
2484 3123 2754 3193 inquiens,
2783 3124 2893 3176 dies
2918 3124 3145 3187 veniunt,
3171 3125 3296 3176 dicit
3389 3123 3669 3185 Dominus,

400 3219 625 3285 θήκην,
655 3214 736 3282 ἢν
769 3214 1052 3282 διεθέμην
1099 3211 1225 3277 τοῖς
1274 3211 1578 3299 πατρὰσίν
1623 3207 1812 3278 ὑμῶν,
1845 3209 1972 3262 ἑπι-

2077 3222 2126 3263 ει
2172 3215 2490 3266 constituam
2535 3215 2675 3266 vobis
2736 3213 3143 3294 Testamentum.
3181 3229 3390 3278 novum,
3451 3229 3553 3266 non
3609 3223 3666 3266 ut

397 3307 744 3376 ,κηδομένου
773 3322 892 3376 μου
923 3303 1032 3371 τῆς
1056 3302 1256 3372 χειρὸς
1283 3301 1483 3356 αὐτῶν
1513 3294 1832 3370 ἐξαγαγεῖν
1861 3303 1966 3353 αὐ·

397 3399 550 3464 τοὺς
575 3399 643 3452 ἐκ
669 3395 782 3467 γῆς
810 3395 1142 3465 Αίγύπτου,
1190 3393 1281 3448 ὅτι
1309 3393 1476 3448 αὐτοί
1518 3395 1628 3448 οὐκ
1655 3393 1974 3463 ἐνέμειναν

397 3486 480 3556 τῇ
511 3486 774 3555 Aenariam
797 3502 942 3556 μου,
971 3484 1136 3555 κάγὼ
1170 3484 1452 3554 ἠμέλησα
1471 3485 1692 3542 αὐτῶν.
1727 3487 1834 3542 Καὶ
1868 3487 1973 3540 πά·

399 3577 492 3632 λιν
531 3577 714 3640 αὐτὸς,
735 3577 765 3629 6
799 3581 894 3630 ut
925 3574 1132 3645 ταύτης
1157 3577 1418 3647 κάκείνης
1478 3578 1780 3648 νομοθέτης
1843 3579 1976 3648 Χρι-

401 3669 555 3732 στὸς,
585 3663 738 3722 εἷπεν
761 3685 775 3699 ο
827 3670 948 3722 Οὐκ
980 3663 1175 3737 ἦλθον
1206 3667 1550 3722 καταλῦσαι
1603 3666 1712 3720 τὸν
1759 3666 1970 3734 νόμον,

396 3760 570 3814 ἀλλά
593 3760 942 3829 πληρῶσαι·
973 3763 1261 3817 τουτέστιν
1291 3761 1456 3830 ἀτελῆ
1498 3760 1629 3813 ὄντα
1651 3758 1740 3813 διὰ
1773 3760 1832 3813 τὸ
1864 3760 1972 3812 τῶν

418 3852 694 3922 Ἐϐραίων
741 3855 929 3917 ἀτελὲς
956 3855 1244 3908 τελειῶσαι
1281 3855 1349 3924 τῇ
1385 3852 1595 3923 μείζονι
1647 3852 1972 3924 φιλοσοφίᾳ,

395 3947 498 4001 καὶ
518 3946 748 4014 ἀνδράσι
783 3949 1086 4018 πρεπούσῃ.
1143 3947 1202 4000 ὐ
1229 3946 1328 4014 μὲν
1368 3948 1480 4016 γὰρ
1515 3942 1583 4016 ἦν
1614 3946 1974 4012 παιδαγωγὸς

396 4035 702 4108 γυμνάζων
735 4037 826 4089 ἐπὶ
851 4037 911 4090 τὸ
938 4037 1296 4105 Εὐαγγέλιον,
1339 4037 1496 4090 τοῦτο
1526 4036 1580 4088 δέ
1612 4037 1727 4088 ἐστι
1764 4053 1974 4105 μυστα-

394 4132 584 4200 γωγῖς
631 4129 896 4183 διδάσκων
947 4129 1019 4182 τὰ
1044 4128 1367 4200 τελεώτερα.
1430 4129 1542 4184 Καὶ
1573 4131 1600 4182 6
1636 4129 1736 4197 μὲν
1783 4128 1978 4199 6,6660-

395 4221 531 4292 μιζε
586 4220 655 4274 τὰ
713 4220 964 4288 σώματα,
1025 4219 1086 4272 τὸ
1145 4219 1203 4272 δὲ
1239 4220 1559 4290 καταρτίζει
1625 4221 1724 4282 τὰς
1771 4218 1974 4288 ψυχάς.

393 4311 673 4382 Συνεργὸς
735 4311 829 4364 οὖν
877 4313 912 4382 ἠ
956 4311 1166 4365 παλαιὰ
1220 4312 1319 4382 τῆς
1363 4313 1510 4378 νέας,
1560 4313 1656 4366 καὶ⁵
1687 4328 1976 4383 προπαρα-

397 4402 600 4476 σκευὴ,
625 4404 722 4457 καὶ
748 4403 1082 4476 ὁδοποὶησις.

393 4643 528 4698 Ἔτι
557 4644 711 4698 κατὰ
730 4639 850 4696 τῶν
897 4641 1098 4697 αὐτῶν
1119 4645 1226 4699 τοῦ
1255 4646 1528 4714 μεγάλου
1563 4646 1834 4701 Ἰωάννου
1857 4647 1964 4703 τοῦ

463 4714 900 4784 Χρυσοστόμου
923 4714 994 4766 ἐκ
1013 4714 1320 4784 τοῦλόγου
1337 4716 1445 4770 τοῦ
1469 4719 1552 4781 εις
1581 4718 1650 4770 τό
1666 4733 1680 4748 ·
1715 4737 1734 4769 ι
1747 4717 1960 4784 Πάτερ,

459 4787 518 4908 Et
548 4783 812 4865 opraeor
829 4822 846 4849 ,
872 4783 1223 4850 παρελθέτω
1245 4787 1310 4840 τὸ
1333 4786 1628 4854 ποτήριον
1652 4787 1831 4844 τοῦτο
1858 4783 1959 4843 ἀπ’

493 4872 634 4923 μου.
668 4873 688 4904 ›

467 4947 530 5003 El
562 4945 690 5016 γὰρ,
731 4943 938 4998 τούτων
977 4945 1309 5014 γενομένων,
1341 4947 1402 5001 τὸ
1447 4947 1688 5017 πονηρὸν
1719 4947 1812 5000 τοῦ
1841 4948 1961 5002 διας

2080 3301 2464 3357 Testamentum
2493 3304 2645 3370 illud,
2687 3306 2965 3370 quodcum
3017 3306 3263 3374 patribus
3321 3305 3507 3357 vestris
3543 3319 3670 3356 con-

2073 3396 2245 3458 stitui,
2272 3411 2375 3465 quo
2401 3397 2484 3450 die
2513 3413 2730 3451 manum
2772 3412 2954 3452 eorum
3001 3395 3340 3466 apprehendi,
3373 3403 3444 3448 ur
3485 3394 3670 3448 educe-

2073 3501 2185 3540 rem
2212 3503 2298 3542 eos
2336 3503 2400 3541 ea:
2435 3487 2686 3558 ﬁgypto.
2738 3488 2879 3553 Quia
2938 3488 3038 3558 ipsi
3092 3503 3196 3540 non
3249 3495 3555 3540 manserunt
3611 3484 3668 3538 in

2074 3579 2402 3634 Testamento
2456 3595 2592 3634 meo.
2645 3578 2714 3632 Et
2761 3596 2854 3649 ego
2903 3578 3107 3649 neglexi
3149 3580 3270 3634 illos
3322 3579 3366 3635 ³.
3429 3579 3494 3633 Et
3548 3580 3668 3648 ipse

2073 3680 2185 3724 tum
2221 3666 2455 3736 antiqui.
2511 3677 2625 3722 tum
2666 3668 2788 3722 novi
2814 3664 3152 3720 Testamenti
3211 3676 3404 3720 auctor
3500 3667 3664 3721 Chri-

2075 3770 2192 3815 stus
2223 3775 2236 3811 :
2267 3758 2383 3811 Non
2438 3758 2576 3820 veni,
2629 3758 2824 3826 inquit,
2866 3766 2923 3809 ut
2957 3756 3120 3826 legem
3178 3757 3558 3822 solverem,scd
3608 3768 3694 3811 ut‘

2074 3861 2190 3898 eam
2216 3845 2480 3913 implerem
2513 3845 2536 3877 δ
2563 3861 2578 3910 ;
2605 3845 2707 3898 hoc
2742 3853 2844 3909 est,
2886 3852 2944 3897 ut
2974 3844 3118 3897 illam
3153 3856 3378 3913 propter
3407 3844 3666 3900 Hebraeo-

2076 3951 2194 3990 rum
2263 3935 2741 4006 imperfectionem
2771 3939 3144 4005 imperfectam
3178 3938 3385 4006 majore
3403 3938 3658 4006 quadam,

2078 4036 2134 4081 et
2163 4027 2294 4081 viris
2325 4037 2662 4096 congruente
2711 4029 3060 4098 philosophia
3102 4030 3418 4098 periiccrem
3478 4038 3535 4084 et
3566 4029 3662 4085 ab-

2079 4118 2374 4172 solverem.
2409 4117 2500 4171 Illa
2524 4118 2673 4172 enim
2705 4129 2825 4174 erat
2854 4120 3200 4190 paedagogus,
3235 4124 3327 4189 qui
3382 4121 3448 4175 ad
3478 4119 3660 4174 Evan-

2077 4207 2279 4278 gelium
2307 4208 2722 4278 suscipiendum
2753 4210 3097 4266 instituebat.
3158 4209 3284 4266 Haec
3335 4222 3517 4266 autem
3571 4223 3657 4267 est

2079 4309 2385 4370 praeceptor
2415 4299 2554 4369 ipse,
2583 4302 2674 4369 qui
2722 4301 2882 4356 docet
2921 4303 3270 4372 perfectiora.
3327 4304 3390 4358 Et
3421 4304 3507 4358 illa
3532 4306 3656 4374 qui-

2079 4393 2204 4447 dem
2234 4408 2466 4462 corpora
2489 4393 2837 4458 inforinabat,
2861 4394 2975 4449 haec
3001 4405 3184 4449 autem
3209 4395 3422 4451 animos
3451 4396 3653 4451 erudit.

2080 4479 2253 4535 Vetus
2285 4497 2416 4551 ergo
2439 4491 2526 4536 est
2553 4483 2800 4536 ministra
2835 4499 3012 4548 novae,
3063 4486 3132 4541 ad
3155 4501 3349 4542 novam
3379 4485 3524 4540 enim
3552 4487 3656 4541 du-

2000 4587 2054 4647 Β
2081 4573 2180 4637 cit,
2215 4582 2270 4628 et
2303 4574 2444 4628 viam
2471 4575 2714 4630 ostendit
2737 4587 2792 4629 et
2820 4587 2996 4646 parat.

2071 4664 2211 4720 Item
2254 4665 2504 4738 adversus
2533 4667 2760 4738 eosdem.
2803 4667 2984 4736 Magni
3024 4667 3250 4738 Joannis
3299 4668 3652 4738 Chrysostomi

2139 4750 2203 4788 ea:
2249 4735 2490 4787 oratione
2551 4735 2607 4788 in
2655 4752 2716 4789 ea
2767 4735 2964 4808 verba:
2997 4756 3014 4787 ι
3041 4737 3226 4805 Pater,
3255 4741 3302 4793 si
3335 4735 3452 4808 ﬁeri
3486 4756 3581 4808 po-

2139 4813 2256 4869 test,
2300 4814 2536 4859 transeat
2565 4822 2598 4859 a
2629 4821 2710 4860 me
2741 4805 2885 4860 calix
2913 4807 3010 4861 iste
3031 4807 3078 4860 '.
3122 4825 3142 4860 ι

2135 4963 2203 5018 Ει
2231 4979 2354 5019 cum
2378 4965 2497 5021 haec
2527 4965 2664 5019 facta
2690 4965 2821 5028 sint,
2852 4966 3162 5038 improbum
3201 4978 3383 5026 tamen
3429 4987 3493 5027 ac
3513 4987 3643 5028 sce-

387 5037 551 5091 σόλον
587 5036 762 5103 στόμα
785 5036 874 5090 διὰ
899 5035 1221 5106 Μαρκίωνος
1253 5036 1348 5090 τοῦ
1384 5038 1650 5091 Ποντικοῦ
1701 5042 1793 5092 καὶ
1817 5041 1962 5096 Οὐα-

384 5127 654 5190 λεντίνου,
687 5126 783 5178 καὶ
825 5127 1136 5196 Μανιχαίου
1197 5126 1293 5180 τοῦ
1355 5128 1594 5196 Πέρσου,
1629 5134 1722 5186 κα)⁵
1757 5133 1961 5200 ἑτέρων

385 5215 662 5269 πλείστων
700 5213 992 5285 αἱρετικῶν
1025 5214 1381 5286 ἐπεχείρησεν
1409 5217 1720 5288 ἀνατρέψαι
1743 5221 1835 5273 τὸν
1860 5223 1959 5292 τῆς

384 5307 706 5375 οἰκονομίας
736 5305 916 5373 λόγον,
949 5308 1042 5360 καὶ
1098 5307 1272 5377 ήχησε
1330 5312 1632 5379 σατανικήν
1672 5329 1792 5364 τινα
1822 5315 1960 5384 ἠχὴν

382 5399 548 5466 λέγον
602 5398 684 5450 ὅτι
733 5397 867 5450 Οὐδὲ
909 5398 1230 5470 ὲσαρκώθη,
1305 5401 1427 5453 οὐδὲ
1460 5402 1618 5470 σῶμα
1663 5406 1959 5475 περιεεάλ-

382 5489 532 5552 ista,
569 5486 708 5540 ἀλλὰ
759 5488 981 5557 δόκησις
1045 5488 1206 5542 τοῦτο
1265 5485 1355 5560 ἦν,
1399 5493 1494 5543 καὶ
1527 5496 1822 5561 φαντασία,
1865 5499 1961 5550 καὶ

2063 5047 2294 5104 leratum
2357 5067 2420 5105 os
2459 5053 2660 5106 diaboli
2711 5069 2808 5124 per
2853 5053 3186 5112 Marcionem
3245 5057 3552 5122 Ponticum,
3590 5070 3648 5118 et

2066 5138 2438 5208 Valentinum,
2489 5151 2544 5198 et
2588 5143 2942 5201 Manicha'um
2998 5147 3241 5217 Persam,
3267 5163 3322 5206 et
3357 5153 3493 5206 alios
3527 5153 3647 5220 plu-

2068 5230 2239 5284 rimos
2273 5240 2491 5287 tentans
2525 5235 2724 5292 divinae
2769 5238 3148 5309 dispositionis
3179 5246 3448 5298 rationem
3481 5261 3644 5297 ever-

2073 5330 2210 5388 tere,
2265 5326 2562 5379 satanicam
2619 5326 2765 5382 illam
2831 5346 3018 5386 vocem
3074 5335 3275 5397 emisit,
3323 5345 3382 5388 ut
3433 5335 3642 5390 diceret

2067 5409 2242 5466 Deum
2285 5430 2396 5468 non
2424 5420 2790 5488 assumpsisse
2822 5438 3065 5489 carnem,
3105 5440 3282 5492 neque
3325 5441 3522 5496 corpus
3552 5426 3636 5480 in-

2067 5505 2272 5570 duisse,
2323 5508 2414 5562 scd
2465 5509 2519 5564 id
2565 5510 2733 5566 fuisse
2786 5516 3024 5582 speciem
3057 5514 3370 5583 quamdam,
3420 5527 3476 5570 ct
3517 5519 3638 5585 opi-

2060 5595 2304 5662 nionent,
2341 5609 2503 5665 atque
2560 5604 2830 5669 umbram,
2875 5614 2929 5657 et
2979 5604 3410 5672 simulationem,
3452 5607 3626 5663 recla-

2051 5689 2329 5744 mantibus
2427 5691 2726 5760 passione,
2799 5703 3007 5761 morte,
3085 5695 3386 5765 sepultura.
3476 5701 3632 5766 QIJod

381 5577 540 5640 σκιὰ,
573 5580 667 5630 καὶ
695 5578 1004 5648 ὑπόκρισις,
1055 5582 1234 5632 καίτοι
1290 5581 1400 5633 τῶν
1459 5583 1648 5636 παθῶν
1681 5583 1956 5655 βοώντων,

380 5665 482 5721 τοῦ
503 5666 754 5734 θανάτου,
793 5669 886 5722 τοῦ
919 5671 1122 5738 τάφου·
1170 5672 1219 5726 εί
1254 5675 1642 5743 imit-nmith
1671 5681 1936 5746 ἐγεγόνει,

460 5811 473 5844 ¹
508 5808 648 5864 Ρδει.
687 5826 852 5873 cum,
882 5798 934 5863 2.
1014 5813 1030 5840 ²
1057 5809 1213 5865 Joan.
1252 5827 1361 5876 \tzi,
1410 5814 1490 5866 16.
1569 5814 1720 5869 ‘Jcr.
1759 5833 1902 5883 xw,
1949 5819 1975 5872 5

2076 5822 2154 5878 52.
2230 5823 2250 5854 ⁸
2283 5823 2470 5882 Mulli.
2510 5843 2560 5894 ν,
2605 5827 2684 5882 l7.
2762 5831 2782 5861 ⁵
2812 5829 2978 5886 Matth
3043 5847 3193 5896 xxvi,
3223 5832 3312 5887 59.
