4066 6288
500 406 611 473 319

1736 407 2122 469 EUTHYMII
2164 407 2527 468 ZIGABENI

3636 403 3727 466 320

503 526 550 583 si
590 523 724 578 nihil
749 520 1019 591 ejusmodi
1056 519 1256 574 factum
1285 527 1453 578 esset,
1507 528 1712 588 quanto
1757 520 1929 590 magis
1973 520 2075 573 im-

2214 536 2305 573 :w:
2331 521 2390 573 ού
2431 520 2636 588 μᾶλλον
2666 519 2733 573 τὰ
2769 516 2982 587 πονηρὰ
3030 514 3203 570 ταῦτα
3267 513 3331 569 ἂν
3373 513 3585 586 ἔσπειρε
3617 518 3730 587 δόγ-

508 618 743 686 probam
802 617 961 671 istam
1026 612 1327 683 impietatis
1374 611 1679 664 doctrinam
1732 611 2086 665 disseminas-

514 709 680 765 sent?

567 819 820 889 Ejusdem
863 832 928 870 εις
953 814 1384 882 interpretatione
1410 815 1463 866 in
1496 815 1769 885 mysticam
1797 829 2021 868 caenam.

582 970 845 1036 Quoniam
900 968 1206 1030 Marcionis,
1246 977 1300 1020 et
1343 967 1635 1029 Valentini,
1698 975 1752 1020 et
1806 966 2084 1022 Manichmi

513 1064 753 1117 fautores
806 1070 960 1115 erant
1028 1060 1283 1124 venturi,
1340 1060 1429 1130 qui
1480 1061 1620 1114 hanc
1668 1060 2076 1128 dispositionem

513 1162 799 1223 negarent,
844 1153 1044 1208 idcirco
1094 1153 1311 1229 assidue
1362 1153 1552 1206 mortis
1601 1166 1714 1205 suae
1745 1152 2079 1206 mentionem

513 1245 668 1306 fecit,
702 1247 865 1299 etiam
912 1261 1009 1315 per
1036 1245 1312 1315 mysteria,
1351 1253 1411 1299 ut
1466 1258 1628 1298 nemo
1658 1243 1810 1297 falsis
1855 1243 2086 1298 rationi-

516 1337 621 1393 bus
657 1338 1110 1409 argumentisque
1142 1338 1319 1407 decipi
1367 1345 1571 1408 posset,
1605 1337 1700 1391 sed
1752 1351 1850 1407 per
1880 1352 2090 1394 sacram

518 1426 666 1482 illam
702 1444 945 1481 mensam
978 1429 1140 1482 simul
1169 1436 1222 1482 et
1252 1437 1511 1493 servaret,
1560 1437 1615 1479 et
1666 1428 1997 1484 institueret.

730 1516 980 1586 Ejusdem
1013 1536 1075 1572 ea:
1100 1520 1526 1588 interpretatione
1562 1520 1617 1572 in
1680 1537 1882 1590 magos.

608 1607 909 1664 Erubescat
997 1612 1196 1665 Paulus
1283 1612 1726 1676 Samosatensis,
1805 1612 2092 1667 erubescat

525 1698 747 1763 Marcio,
784 1702 871 1769 qui
916 1703 1209 1757 noluerunt
1240 1703 1447 1764 videre,
1490 1701 1632 1768 quod
1670 1702 1807 1774 magi
1839 1703 2091 1758 Ecclesia

525 1795 902 1861 progenitores
921 1803 1325 1863 conspexerunt
1349 1812 1361 1847 :
1389 1811 1569 1866 neque
1602 1796 1745 1848 enim
1776 1809 1967 1849 vereor
2000 1809 2094 1849 eos

525 1881 604 1936 sic
631 1883 925 1952 appellare.
973 1885 1273 1940 Erubescat
1297 1885 1559 1951 Marcion,
1594 1886 1784 1940 videns
1814 1885 1981 1939 Deum
2040 1885 2095 1938 in
2128 1861 2170 1917 Β

526 1988 690 2028 carne
743 1975 977 2029 adorari.
1040 1976 1174 2030 Nam
1228 1978 1369 2045 quod
1423 1978 1476 2030 in
1505 1992 1670 2032 carne
1725 1976 1813 2041 sit,
1848 1975 2011 2044 panni
2045 1984 2099 2031 et

526 2079 778 2134 praesepe
836 2076 1132 2121 testantur.
1186 2065 1340 2133 Quod
1405 2079 1591 2122 autem
1652 2067 1800 2123 illum
1866 2083 1975 2121 non
2041 2075 2102 2121 ut

526 2170 727 2223 purum
763 2165 817 2211 et
856 2157 1155 2226 simplicem
1180 2160 1456 2213 hominem
1489 2161 1688 2224 colant,
1716 2175 1782 2212 ex
1839 2175 1904 2213 eo
1954 2167 2103 2229 patet

526 2249 673 2316 quod
716 2249 770 2302 in
800 2257 988 2304 tenera
1017 2260 1177 2305 relate
1223 2251 1509 2306 exsistenti
1558 2267 1788 2307 munera
1840 2251 2100 2318 oﬂ'erunt,

527 2352 648 2408 quae
671 2341 1007 2395 conveniunt
1042 2342 1173 2397 Deo.

529 2451 785 2523 Ejusdem
813 2471 877 2509 ex
899 2458 1330 2525 interpretatione
1356 2459 1409 2511 in
1433 2458 1525 2511 illa
1556 2459 1709 2512 verba
1746 2473 1765 2513 :
1813 2477 1831 2509 ι
1864 2458 1933 2511 In
1951 2460 2104 2527 prin-

750 2527 886 2594 cipio
917 2528 1039 2596 fecit
1076 2528 1214 2581 Deus
1238 2528 1424 2582 coelum
1450 2539 1498 2582 et
1524 2540 1721 2582 terram
1751 2532 1790 2583 ί.
1836 2549 1856 2582 ι

603 2697 760 2765 Quod
795 2698 837 2753 si
879 2696 1213 2752 Manichacus
1242 2698 1484 2764 accedat,
1521 2707 1577 2754 et
1612 2700 1781 2768 dicat,
1822 2704 2105 2758 materiam

529 2799 661 2845 ante
694 2791 989 2855 exstitisse,
1021 2800 1077 2845 et
1101 2790 1361 2855 Marcion,
1405 2801 1462 2846 et
1497 2792 1836 2855 Valentinus.
1870 2801 1923 2849 et
1953 2792 2106 2851 Grae-

531 2880 602 2943 ci,
636 2892 691 2934 tu
711 2880 816 2935 illis
840 2881 955 2935 haec
977 2882 1139 2937 verba
1161 2896 1378 2952 oppone
1409 2880 1504 2937 :In
1534 2882 1791 2954 principio
1815 2882 1935 2951 fecit
1970 2884 2109 2941 Deus

532 2971 718 3025 calum
776 2981 826 3027 et
853 2982 1074 3027 ten-am.
1121 2974 1190 3028 At
1224 2973 1314 3029 ille
1340 2972 1636 3046 Scriptura:
1679 2992 1791 3031 non
1827 2978 2022 3045 credit,
2052 2987 2108 3035 et

534 3073 594 3119 tu
624 3079 749 3119 eum
786 3075 844 3121 ut
878 3067 1154 3130 insanum,
1194 3077 1248 3123 et
1278 3077 1463 3124 mente
1509 3078 1727 3139 captum
1769 3071 1942 3127 evita.
2005 3072 2107 3140 Qui

539 3152 688 3207 enim
719 3168 898 3207 rerum
926 3156 1171 3209 omnium
1209 3158 1543 3227 procreatori
1579 3159 1743 3213 [idem
1774 3175 1885 3215 non
1921 3163 2106 3228 habet,
2135 3197 2179 3259 Ο

537 3253 594 3299 et
622 3246 892 3300 mendacii
933 3247 1220 3303 veritatem
1261 3251 1458 3319 arguit,
1522 3267 1684 3321 quam
1731 3269 1972 3323 unquam
2021 3271 2112 3310 ve-

539 3334 690 3388 niam
744 3340 1113 3413 assequetur?
1179 3340 1275 3395 Sin
1334 3343 1578 3397 veritatis
1638 3345 1825 3400 hostes
1883 3356 2113 3419 pergant

542 3428 840 3494 adversari,
878 3432 1123 3487 dicentes
1158 3434 1277 3487 ﬁeri
1322 3450 1434 3490 non
1487 3452 1670 3506 posse,
1724 3449 1783 3494 ut
1833 3456 1898 3494 ex
1939 3441 2113 3497 nihilo

536 3521 837 3589 quidquam
871 3522 982 3591 ﬁat,
1018 3539 1112 3579 eos
1143 3525 1436 3598 interroga,
1472 3538 1655 3583 utrum
1708 3531 1916 3601 primus
1946 3533 2113 3589 homo

539 3626 605 3666 ex
646 3622 813 3677 terra,
840 3628 910 3667 an
940 3630 1007 3669 ex
1040 3615 1145 3670 alia
1177 3631 1233 3671 re
1278 3618 1547 3674 conﬂatus
1577 3621 1670 3676 sit.
1725 3621 1801 3676 Ex
1838 3631 1984 3678 terra
2027 3641 2115 3680 re-

540 3704 914 3773 spondebunt,
935 3715 985 3760 et
1010 3708 1421 3765 conﬁtebuntur
1447 3714 1695 3768 omnino.
1724 3714 1919 3770 Dicant
1950 3717 2115 3787 igitur

539 3795 701 3850 nobis
737 3798 1016 3866 quomodo
1067 3813 1135 3853 ex
1180 3808 1327 3855 terra
1370 3805 1554 3859 carnis
1597 3814 1794 3861 natura
1846 3807 1988 3863 facta
2020 3812 2113 3865 sit.

541 3884 621 3941 Ex
678 3896 823 3943 terra
851 3890 997 3944 enim
1055 3890 1256 3957 lutum,
1313 3902 1367 3948 et
1404 3894 1622 3961 lateres,
1680 3898 1895 3969 tegula),
1957 3908 2118 3970 atque

536 3979 657 4035 ollae
691 3978 805 4033 ﬁeri
868 3982 1067 4037 solent.
1134 3984 1419 4050 Quomodo
1467 3987 1634 4056 igitur
1685 3990 1868 4044 carnis
1919 4002 2116 4046 natura

538 4070 682 4125 facta
711 4081 795 4126 est
826 4082 881 4127 et
930 4075 1104 4138 nervi,
1144 4086 1200 4131 et
1226 4078 1463 4144 arteriae,
1513 4089 1569 4132 et
1614 4080 1807 4150 adeps,
1862 4090 1915 4135 et
1948 4083 2115 4149 cutis,

541 4173 597 4219 ct
658 4180 888 4235 ungues,
919 4176 975 4220 et
1000 4168 1223 4238 capilli?
1267 4168 1347 4223 Ad
1379 4170 1491 4223 haec
1552 4171 1626 4225 illi
1685 4173 1830 4242 quod
1886 4189 2116 4244 respon-

542 4258 725 4321 deant,
758 4257 893 4310 nihil
926 4258 1227 4324 habebunt,
1256 4261 1350 4315 sed
1375 4261 1777 4319 obmutescent.
1838 4264 1986 4331 Quid
2014 4281 2116 4320 au-

545 4358 654 4403 tem
707 4349 903 4417 loquor
941 4350 1009 4404 de
1041 4358 1228 4405 nostro
1275 4367 1506 4423 corpore
1540 4353 1563 4406 ?
1598 4354 1784 4410 dicant
1831 4358 1991 4412 nobis
2048 4357 2117 4413 de

540 4455 703 4511 pane,
734 4454 895 4509 quem
947 4440 1195 4510 quotidie
1245 4445 1606 4510 comedimus,
1654 4449 1955 4527 quomodo,
1989 4465 2113 4503 cum

2196 630 2340 683 ματα
2368 613 2469 682 τῆς
2498 613 2756 676 ἀσεϐείας
2778 629 2793 679 ;

2194 803 2304 859 Τοῦ
2334 805 2521 859 αὑτοῦ
2546 805 2616 860 ἐκ
2652 804 2760 873 τῆς
2790 807 2875 871 είς
2903 804 3009 891 edit:
3026 804 3327 873 μυστικὸν
3355 801 3604 858 δεῖπνον
3651 806 3736 874 ἐρ·
3808 784 3814 803 ’

2821 892 3097 943 μηνειας.

2279 967 2497 1030 Ἐπειδὴ
2559 968 2667 1037 γὰρ
2721 968 2948 1037 ἔμελλον
2981 971 3029 1020 οἱ
3074 967 3204 1036 περὶ⁵
3270 966 3590 1035 Μαρκίωνα,
3654 970 3739 1021 καὶ

2199 1058 2571 1123 Ούαλεντῖνον,
2609 1061 2704 1113 καὶ
2737 1061 3040 1129 Μακλιχαῖον
3069 1058 3299 1126 φύεσθαι
3322 1058 3527 1129 ταύτην
3559 1061 3739 1129 ἀρνού-

2201 1168 2356 1219 μενοι
2386 1151 2484 1220 τὴν
2508 1151 2845 1218 οἰκονομίαν,
2914 1151 3180 1220 διηνεκῶς
3215 1153 3621 1220 ἀναμιμνήσκει
3659 1154 3741 1207 τοῦ

2199 1241 2429 1305 πάθους,
2462 1244 2557 1296 καὶ
2586 1242 2675 1296 διὰ
2705 1242 2812 1295 τῶν
2842 1243 3182 1313 μυστηρίων,
3229 1243 3371 1297 ὥστε
3418 1245 3615 1314 μηδένα
3648 1264 3740 1298 παν

2201 1334 2592 1405 ραλογισθῆναι
2616 1376 2629 1398 ,
2664 1334 2799 1403 ὁμοῦ
2836 1335 2934 1404 μὲν
2986 1335 3198 1402 σώζων,
3235 1335 3375 1407 ὁμοῦ
3410 1336 3466 1389 δὲ
3493 1337 3745 1391 παιδεύων

2198 1427 2288 1482 διὰ
2323 1429 2421 1499 τῆς
2448 1430 2600 1499 ἱερᾶς
2630 1430 2913 1499 τραπέζης
2951 1429 3188 1500 ἐκείνης.

2237 1516 2353 1571 Τοῦ
2381 1517 2567 1571 αὑτοῦ
2603 1519 2671 1571 ἐκ
2708 1517 2821 1585 τῆς
2844 1520 2933 1584 εἰς
2955 1517 3099 1582 τοὺς
3122 1519 3359 1589 μάγους
3386 1520 3711 1587 ἑρμηνείας.

2269 1610 2621 1679 Αίσχυνέσθω
2669 1611 2879 1673 Παῦλος
2933 1612 2961 1663 ὁ
2993 1612 3371 1680 Σαμοσατεῦς,
3420 1611 3743 1681 αἰσχυνέσθω

2203 1702 2489 1772 Μαρκίων,
2522 1702 2597 1774 μὴ
2626 1703 2980 1772 βουληθέντες
3007 1702 3135 1757 ἰδεῖν
3162 1701 3307 1770 ἅπερ
3337 1702 3386 1754 oi
3415 1701 3578 1771 μάγοι
3600 1696 3748 1764 εἶδον,

2203 1795 2252 1846 οἱ
2284 1796 2383 1861 τῆς
2424 1793 2753 1865 Ἑκκλησίας
2803 1794 3057 1863 πρόγονοι
3091 1806 3107 1823 °
3165 1792 3226 1845 ού
3263 1793 3377 1860 γὰρ
3444 1789 3749 1860 αἰσχύνομαι

2201 1884 2376 1948 οὕτως
2408 1887 2609 1950 αὐτοὺς
2667 1888 2875 1941 καλεῖν.
2941 1887 3291 1956 Δίσχυνέσθω
3322 1887 3585 1956 Μαρκίων
3625 1883 3749 1955 ὁρῶν

2201 1979 2333 2031 Θεὸν
2367 1980 2424 2030 ἐν
2456 1980 2622 2049 σαρκὶ
2683 1980 3179 2051 προσκυνούμενον.
3217 1981 3341 2033 Ὀτι
3392 1980 3493 2047 μὲν
3544 1979 3647 2047 γὰρ
3701 1978 3753 2029 ὲν

2206 2070 2393 2138 σαρκὶ,
2427 2068 2496 2121 τὰ
2527 2069 2819 2139 σπάργανα
2843 2071 3110 2134 δείκνυσι,
3146 2072 3240 2124 καὶ
3270 2070 3306 2141 ἡ
3344 2070 3518 2140 φάτνη
3548 2087 3560 2100 ·
3590 2070 3665 2121 ὅτι
3700 2067 3750 2119 δὲ

2202 2162 2302 2231 οὐχ
2328 2162 2402 2223 ώς
2427 2159 2585 2231 ψιλὸν
2640 2162 2929 2232 ἄνθρωπον
2988 2162 3388 2232 προσεκύνουν,
3421 2161 3669 2233 δηλοῦσιν
3704 2162 3755 2212 ὲν

2203 2251 2365 2323 ἀώρῳ
2398 2256 2498 2324 τῆς
2560 2254 2776 2324 ἡλικίας
2809 2253 3038 2307 τοιαῦτα
3099 2254 3253 2325 δῶρα
3299 2255 3689 2325 προσάγοντες,
3724 2252 3755 2307 ἃ

2204 2345 2322 2414 Θεῷ
2356 2347 2658 2417 προσάγειν
2690 2346 2837 2410 εἰκὸς
2862 2343 2949 2418 ἦν.

2210 2439 2319 2494 Τοῦ
2352 2439 2540 2493 αὐτοῦ
2577 2440 2647 2492 ἐκ
2696 2441 2806 2507 τῆς
2832 2441 3151 2507 ἑρμηνείας
3191 2438 3303 2506 τῆς
3348 2441 3435 2507 εἷς
3465 2441 3532 2495 τό
3551 2456 3567 2471 ο
3601 2459 3619 2492 ι
3666 2441 3757 2494 Ἐν

2278 2507 2435 2590 ἀρχῇ
2459 2511 2751 2578 ἐποίησεν
2791 2513 2824 2565 ὀ
2874 2512 3019 2577 Θεὸς
3038 2512 3167 2581 ⁵τὸν
3194 2512 3483 2579 οὐρανὸν,
3517 2511 3615 2565 καὶ
3655 2509 3757 2578 τὴν

2276 2596 2417 2648 την.
2460 2599 2478 2631 ι

2278 2671 2402 2725 Κᾶν
2429 2671 2539 2742 γὰρ
2569 2672 2869 2741 Μανιχαίος
2897 2671 3194 2744 ύπεισέλοῃ
3255 2672 3435 2740 λέγων
3484 2670 3581 2739 τὴν
3638 2669 3758 2737 ὕλην

2207 2763 2610 2834 προϋπάρχειν,
2646 2765 2752 2817 κᾶν
2776 2764 3069 2836 Μαρκίων,
3117 2763 3220 2818 κᾶν
3256 2764 3630 2827 Οὑαλεντῖνος,
3663 2762 3758 2815 κᾶν

2218 2854 2493 2926 Ἐλλήνων
2546 2856 2756 2923 παῖδες,
2820 2856 2948 2925 λέγε
2987 2856 3127 2928 πρὸς
3188 2855 3391 2919 αὐτούς
3421 2871 3436 2887 ·
3482 2854 3582 2909 Ἐν
3616 2852 3757 2920 ἀρχῇ

2208 2947 2505 3017 ἐποίησεν
2529 2952 2563 3004 ὁ
2586 2950 2728 3016 Θεὸς
2752 2950 2860 3003 τὸν
2888 2949 3155 3018 οὐρανὸν
3185 2948 3287 3002 καὶ
3322 2946 3440 3015 τὴν
3471 2944 3606 3015 τῆν.
3628 2943 3758 2997 Ἀλλ’

2211 3042 2273 3096 σύ
2305 3042 2555 3095 πιστεύει
2586 3044 2653 3112 τῇ
2682 3042 2875 3113 Γραφῇ
2900 3057 2915 3073 ο
2940 3039 3338 3111 ἁποστράφηθι
3374 3038 3562 3092 λοιπὸν
3613 3036 3760 3090 αὐτὸν

2212 3130 2288 3194 ὡς
2352 3132 2683 3202 μαινόμενον
2748 3133 2841 3187 καὶ
2902 3131 3256 3203 ἐξεστηκότα.
3296 3132 3365 3186 Ὃ
3402 3131 3512 3200 γὰρ
3568 3128 3643 3197 τῷ
3679 3127 3762 3196 δη·

2218 3224 2465 3296 μιουργῷ
2514 3225 2622 3279 τῶν
2655 3224 2791 3279 ὅλων
2826 3226 3098 3289 ἀπιστῶν,
3156 3224 3232 3286 ὡς
3285 3225 3389 3277 καὶ
3441 3222 3632 3292 ψεῦδος
3675 3220 3764 3288 τῆς

2213 3316 2475 3387 ἀληθείας
2508 3318 2959 3387 καταγινώσκων,
2994 3317 3154 3377 ποίας
3180 3316 3247 3370 ἂν
3267 3315 3411 3387 τύχῃ
3452 3311 3764 3382 συγγνώμης

2216 3408 2345 3461 ποτέ
2370 3424 2384 3475 ;
2414 3408 2473 3459 Ei
2494 3408 2550 3461 δὲ
2582 3407 2981 3476 ὲπιμένοιενβί
3009 3408 3108 3479 τῆς
3136 3406 3402 3476 ἀληθείας
3460 3405 3639 3477 ἐχθροὶ
3682 3402 3766 3456 λέ-

2215 3515 2406 3569 γοντες
2432 3500 2694 3554 ἀδύνατον
2732 3494 2874 3554 εἶναι
2899 3500 2956 3567 ἐξ
2997 3500 3099 3554 οὐκ
3131 3500 3305 3554 ὄντων
3342 3518 3395 3553 τι
3427 3497 3765 3570 προαχθῆναι,

2216 3592 2473 3665 ἐρώμεθα
2509 3594 2725 3658 αὐτοὺς,
2756 3594 2817 3649 '0
2842 3597 3061 3665 πρῶτος
3083 3594 3372 3665 ἄνθρωπος
3401 3596 3465 3647 ὲκ
3493 3593 3595 3662 γῆς
3619 3588 3768 3643 ὲπλάυ

2218 3687 2343 3758 σθη,
2371 3687 2402 3758 ἡ
2437 3688 2707 3759 ἑτέρωθεν
2738 3689 2902 3742 ποθεν
2926 3705 2940 3755 ;
2974 3688 3199 3751 Πάντως
3220 3687 3442 3757 ἐροῦσιν
3465 3687 3544 3740 ὅτι
3569 3687 3630 3737 ὲκ
3652 3684 3765 3751 γῆς,

2217 3780 2312 3833 καὶ
2348 3780 2899 3853 συνομολογήσουσιν.
2940 3780 3271 3833 Είπάτωσαν
3297 3774 3395 3834 οὖν
3422 3780 3554 3849 ἡμῖν
3578 3775 3689 3837 πῶς
3713 3775 3771 3826 ὲκ

2217 3877 2323 3944 γῆς
2353 3876 2576 3942 ἐγένετο
2607 3873 2801 3942 φύσις;
2835 3873 2971 3927 Ἀπὸ
2995 3873 3103 3941 γῆς
3123 3870 3234 3942 γὰρ
3266 3870 3461 3940 πηλὸς,
3516 3870 3610 3923 καὶ
3634 3866 3768 3920 πλίν-

2218 3968 2333 4033 θος,
2367 3968 2465 4021 καλ⁵
2507 3967 2773 4040 κέραμος,
2835 3966 2927 4019 καὶ
2970 3966 3239 4036 ὄστρακον
3294 3965 3367 4018 ἂν
3396 3964 3625 4032 γένοιτο.
3658 3958 3771 4022 Πῶς

2218 4058 2313 4113 οὖν
2349 4060 2548 4130 σαρκὸς
2599 4058 2760 4125 φύσις
2810 4058 3031 4126 ἐγένετο
3059 4075 3073 4124 ;
3129 4057 3247 4120 πῶς
3281 4058 3442 4123 ὀστᾶ,
3472 4056 3564 4109 καὶ
3594 4052 3772 4122 νεῦρα,

2220 4152 2314 4204 καὶ
2348 4151 2630 4222 ἀρτηρίαι,
2674 4151 2768 4204 καὶ
2795 4149 3024 4220 πιμελὴ,
3063 4150 3154 4203 καὶ
3188 4149 3388 4220 δέρμα,
3446 4149 3542 4203 καὶ
3574 4146 3771 4216 ὅνυχες,

2221 4244 2318 4297 καὶ
2342 4244 2549 4315 τρίχες,
2576 4244 2671 4295 καὶ
2691 4244 2756 4296 ὲκ
2790 4244 2917 4312 μιᾶς
2941 4242 3319 4313 ὑποκειμένης
3354 4240 3489 4311 ὕλης
3518 4238 3773 4307 διαφόρων

2219 4338 2422 4391 ούσιῶν
2457 4337 2775 4406 ποιότητες;
2809 4335 2948 4390 Ἀλλ’
2986 4335 3096 4388 οὐδ’
3122 4334 3189 4389 ἂν
3216 4335 3504 4405 δυνηθεῖεν
3529 4333 3587 4387 τι
3613 4331 3775 4400 στόμα

2220 4429 2405 4501 διᾶραι
2441 4431 2575 4501 πρὸς
2599 4428 2771 4482 ταῦτά
2816 4445 2971 4482 ποτε.
3019 4427 3084 4479 Τί
3114 4425 3172 4479 δὲ
3205 4424 3355 4493 λέγω
3395 4426 3523 4494 περὶ
3556 4422 3646 4476 τοῦ
3678 4417 3775 4473 σώ-

542 4532 705 4586 unius
731 4533 947 4603 generis
970 4533 1057 4597 sit,
1084 4534 1136 4588 in
1164 4537 1509 4607 sanguinem,
1544 4516 1817 4609 pituitam,
1846 4549 1903 4596 et
1928 4542 2112 4607 bilem,

2225 4540 2395 4592 ματος
2418 4522 2512 4576 τοῦ
2546 4525 2578 4593 ἡ
2590 4524 2855 4593 μετέρσυ;
2884 4519 3132 4591 περὶτοῦ
3162 4520 3331 4590 ἄρτου
3380 4510 3444 4571 οὗ
3489 4514 3609 4570 καθ’
3658 4514 3777 4564 ἐκά-

543 4633 599 4678 et
635 4625 815 4680 varios
848 4625 1110 4682 humores
1140 4637 1534 4694 commutetur,
1567 4640 1625 4684 et
1669 4646 1767 4685 cur
1800 4646 1925 4686 cum
1957 4633 2116 4702 panis

545 4714 807 4771 frumenti
837 4717 1079 4772 colorem
1107 4718 1364 4782 retineat,
1418 4718 1640 4790 sanguis
1666 4720 1782 4789 ipse
1816 4721 1891 4774 sit
1935 4721 2117 4787 rufus,

480 4846 497 4865 κ
546 4813 643 4864 aut
670 4809 847 4879 niger.
885 4808 1045 4873 Quod
1074 4809 1123 4862 si
1155 4811 1293 4873 hate,
1327 4826 1445 4878 qua:
1474 4810 1720 4879 quotidie
1767 4821 1897 4866 ante
1933 4813 2120 4866 oculos

547 4900 833 4965 habemus,
859 4901 1015 4955 nobis
1042 4916 1318 4972 nunquam
1350 4910 1607 4971 poterunt
1631 4902 1927 4972 explicare,
1953 4903 2123 4959 multo

550 4993 731 5046 minus
763 4993 968 5062 reliqua
1010 4993 1103 5046 Dei
1152 5010 1316 5063 opera
1350 4993 1727 5048 declarabunt.
1800 4996 1868 5048 At
1900 4996 1945 5049 si
1998 5006 2123 5066 post

551 5094 757 5140 tantam
817 5098 1265 5157 argumentorum
1336 5088 1549 5157 copiam
1604 5089 1880 5142 obstinate
1937 5090 2124 5144 volent

552 5193 879 5248 repugnare,
929 5189 983 5233 et
1030 5180 1164 5231 tueri
1200 5179 1527 5232 sententiam
1572 5196 1748 5245 suam,
1801 5196 1900 5236 nos
1943 5192 2122 5236 tamen

548 5288 655 5327 non
684 5271 1009 5325 desistemus
1042 5273 1151 5326 haec
1181 5272 1369 5326 eadem
1402 5273 1531 5342 ipsis
1566 5284 1842 5341 repetere:
1873 5272 1938 5326 In
1980 5275 2128 5344 prin-

547 5366 680 5431 cipio
720 5367 839 5435 fecit
884 5365 1019 5418 Deus
1067 5365 1251 5418 artum
1277 5376 1323 5419 et
1367 5376 1563 5419 terram
1597 5367 1775 5421 ’.11οη
1806 5368 1951 5421 enim
2004 5383 2121 5421 ver-

548 5458 674 5510 bum
704 5457 922 5511 unicum
961 5466 1136 5526 potest
1168 5475 1357 5514 omnes
1386 5474 1570 5512 eorum
1606 5469 1804 5523 turres,
1837 5469 1892 5513 et
1918 5475 2120 5528 propu-

547 5552 775 5618 gnacula
832 5562 1101 5612 evertere,
1150 5551 1441 5621 omniaque
1504 5553 1741 5606 humana
1798 5561 2117 5623 argumenta

550 5642 771 5709 penitus
804 5644 1069 5712 refellere,
1110 5653 1165 5698 et
1200 5644 1508 5709 confutare,
1552 5653 1624 5698 ‘et
1659 5657 1774 5711 eos,
1823 5642 1868 5698 si
1898 5643 2115 5698 tandem

627 5819 642 5849 ⁸
669 5818 801 5873 Gcn-
841 5832 874 5881 I.
912 5820 959 5875 ι.

2222 4634 2354 4686 στην
2382 4616 2596 4687 ἡμέραν
2626 4613 2926 4684 σιτούμεθα
2958 4612 3279 4666 εἰπάτωσαν
3306 4612 3463 4679 ἡμῖν,
3492 4607 3608 4670 πῶς
3636 4619 3778 4675 μονο-

2218 4711 2368 4780 ειδὴς
2403 4708 2477 4763 ὣν
2517 4707 2917 4778 μεταϐάλλεται
2948 4707 3029 4767 εἰς
3061 4700 3227 4774 αἷμα,
3286 4703 3383 4755 καὶ
3409 4701 3651 4769 φλέγμα,
3694 4694 3779 4755 καὶ

2219 4801 2401 4872 χολὴν,
2430 4800 2523 4854 καὶ
2548 4799 2844 4870 διαφόρους
2867 4796 3081 4867 χυμούς
3109 4814 3125 4862 ;
3159 4796 3256 4848 καὶ
3285 4796 3312 4847 ὁ
3346 4795 3448 4863 μὲν
3508 4790 3777 4859 σιτόχρους

2225 4893 2487 4955 πολλάκις
2512 4892 2652 4954 ἐστὶ,
2680 4891 2743 4943 τὸ
2770 4889 2825 4942 δὲ
2855 4884 2995 4957 αἷμα
3029 4888 3239 4958 πυρρὸν
3270 4886 3302 4959 ἢ
3346 4885 3542 4955 μέλαν.
3581 4882 3640 4933 Ei
3675 4876 3779 4929 τοί-

2222 4999 2319 5036 νυν
2347 4981 2518 5035 ταῦτα
2547 4981 2612 5033 τὰ
2638 4980 2759 5034 καθ’
2791 4979 3030 5048 ἑκάστην
3063 4976 3278 5047 ἡμέραν
3320 4976 3431 5046 πρδ
3458 4976 3567 5028 τῶν
3590 4970 3780 5040 ὀφθαλ-

2230 5074 2348 5144 μῶν
2378 5072 2636 5143 ὁρώμενα
2668 5073 2844 5123 εἰπεῖν
2898 5071 3031 5141 ἡμῖν
3089 5068 3190 5121 οὐκ
3216 5067 3281 5121 ἂν
3333 5064 3588 5120 δύναιντὸ
3638 5074 3776 5125 ποτε,

2226 5167 2390 5237 σχολῇ
2433 5165 2485 5235 γ’
2518 5166 2584 5219 ἂν
2615 5165 2822 5217 εἴποιεν
2865 5163 2993 5232 περὶ
3030 5161 3137 5215 τῶν
3167 5160 3347 5214 ἄλλων
3407 5160 3501 5213 τοῦ
3534 5156 3663 5211 Θεοῦ
3698 5153 3780 5221 δη-

2228 5257 2684 5329 μιουργημάτων.
2730 5253 2871 5307 Ἀλλ’
2936 5255 2986 5305 εἰ
3035 5254 3131 5306 καὶ
3182 5251 3321 5324 μετὰ
3379 5249 3649 5318 τοσαύτην
3682 5243 3777 5296 τῶν

2226 5351 2559 5416 ἀποδείξεων
2592 5347 2913 5418 περιουσίαν
2936 5345 3246 5416 ὲπιμένοιεν
3275 5344 3374 5414 τὴν
3405 5343 3611 5396 οίκεὶαν
3637 5337 3778 5408 φιλο-

2227 5445 2436 5498 νεικίαν
2488 5442 2779 5513 κρατύνειν
2836 5439 3181 5510 βουλόμενοι,
3236 5439 3398 5507 ἡμεῖς
3444 5435 3576 5505 μηδὲ
3644 5430 3776 5483 οὕτω

2229 5537 2555 5607 παυσόμεθα
2582 5536 2649 5589 τὰ
2684 5535 2825 5587 αὐτὰ
2877 5533 3042 5587 πάλιν
3090 5532 3345 5601 λέγοντες
3378 5530 3515 5600 πρὸς
3555 5524 3767 5584 αὐτούς’

2240 5636 2342 5687 Ἐν
2371 5628 2529 5700 ἀρχῇ
2563 5630 2855 5698 ἐποίησεν
2885 5630 2916 5683 ὀ
2942 5626 3085 5694 Θεὸς
3115 5628 3223 5683 τὸν
3247 5622 3509 5693 οὐρανὸν
3548 5618 3641 5674 καί
3674 5612 3778 5684 τὴν
