4120 6292
377 351 485 416 321

1357 359 2238 422 PANOPLlA-DOGMATICA.
2275 386 2344 398 -
2378 361 2528 424 ΤΙΤ.
2573 364 2676 423 IX.

3527 365 3644 429 322

377 469 517 539 γῆν.
549 469 725 522 Τοῦτο
753 467 868 539 γάρ
903 468 1090 522 ἱκανὸν
1134 467 1296 536 μόνον
1333 469 1394 520 τὸ
1427 471 1579 540 ῥῆμα
1612 471 1820 534 πάντας
1842 472 1948 524 τῶν

2053 472 2346 542 aliquando
2381 474 2650 528 voluerint
2689 474 3034 543 resipiscere,
3094 473 3150 528 in
3207 473 3457 532 veritatis
3488 477 3635 532 viain

371 559 640 615 ἐναντίων
706 562 834 623 τοὺς
872 563 1120 631 πύργους
1179 558 1542 622 καταϐαλεῖν,
1604 563 1698 614 καὶ
1736 561 1948 625 πάντας

2059 565 2354 620 adducere.

370 657 508 718 τοὺς
534 656 909 725 ἀνθρωπίνους
937 652 1238 721 λογισμοὺς
1269 651 1329 716 ἐξ
1359 649 1540 703 αὐτῶν
1570 655 1680 708 τῶν
1718 657 1935 727 βάθρων
1974 656 2306 718 ἀνασπάσαι,
2365 657 2459 708 καὶ
2515 659 2563 709 εί
2621 657 2932 728 βουληθεῖεν
2976 659 3072 731 6ψέ
3107 677 3237 714 ποτε
3263 661 3363 733 τῆς
3399 659 3625 732 φιλονει-

371 750 506 814 κίας
534 751 895 821 ἀποσχέσθαι,
938 755 1075 824 πρὸς
1101 758 1203 826 τὴν
1233 763 1332 832 τῆς
1363 759 1626 830 ἀληθείας
1660 755 1778 809 ὁδὸν
1838 751 2035 814 αὐτοὺς
2077 753 2497 822 χειραγωγῆσαι
2535 752 2845 824 δυνήσεται.

728 841 829 896 Ἐκ
856 845 969 911 τῆς
997 847 1192 915 αὐτῆς
1220 849 1608 914 ἀκολουθίας.

463 933 607 986 Ἀλλ’
657 933 796 1004 οῑτῇ
845 934 1021 1007 πλάνῃ
1072 939 1613 1010 προκατειλημμένοι
1671 939 1733 991 ού
1782 953 1953 1007 προσ-

251 1028 282 1073 ’ῖ
370 1025 597 1096 ἔχοντες
629 1029 692 1096 τῇ
723 1027 1016 1099 ἀκολουθίᾳ
1043 1030 1154 1081 τῶν
1190 1032 1521 1101 εἰρημένων,
1556 1031 1679 1084 οὐδὲ
1725 1030 1953 1084 ἀκούον-

367 1137 466 1182 τες
522 1119 617 1174 τοῦ
665 1121 938 1191 μακαρίου
966 1124 1249 1188 Μωῦσέως
1309 1127 1562 1193 λέγοντος
1595 1140 1610 1154 ·
1657 1125 1758 1178 Ἐν
1793 1119 1954 1192 ἀρχῇ

370 1211 632 1280 ἐποίησε
664 1213 772 1266 τὸν
801 1213 1066 1281 οὐρανὸν
1100 1217 1197 1270 καί
1231 1216 1346 1286 τὴν
1373 1217 1510 1287 γῆν,
1553 1217 1647 1269 καὶ
1694 1215 1817 1268 τότε
1849 1216 1947 1268 ἐπες

368 1305 622 1373 ἀτοντος.
670 1305 732 1360 Ἠ
761 1303 832 1358 δὲ
857 1302 932 1376 γῆ
963 1305 1044 1377 ἦν
1073 1308 1332 1376 ἀόρατος
1393 1310 1491 1363 καὶ
1538 1307 1952 1362 ἀκατασκεύα-

369 1411 526 1462 στος
559 1395 659 1450 διὰ
686 1396 754 1450 τὸ
783 1394 862 1462 τῷ
897 1401 1101 1464 σκότῳ
1157 1400 1254 1454 καὶ
1287 1400 1412 1466 τοῖς
1463 1399 1645 1454 ὕδασι
1695 1398 1952 1453 κεκαλύ-

367 1493 522 1558 φθαι
551 1504 567 1519 ο
602 1488 746 1543 οὕτω
767 1490 876 1560 γὰρ
913 1489 1057 1556 ἔδοξε
1089 1491 1166 1560 τῷ
1194 1492 1439 1564 Δεσπότῃ
1475 1493 1532 1559 ἐξ
1566 1492 1740 1562 ἀρχῆς
1771 1507 1949 1562 παρα-

371 1587 574 1652 γαγεῖν
617 1599 632 1615 ο
666 1589 855 1653 φασιν,
889 1585 971 1638 ὅτι
1002 1586 1370 1656 προῦπέκειτο
1397 1587 1428 1654 ἡ
1457 1584 1580 1653 ὕλη,
1617 1585 1712 1637 καὶ
1742 1583 1800 1636 τὸ
1827 1584 1951 1636 σκό-

365 1693 464 1738 τος
487 1675 828 1748 προϋπῆρχε.
855 1678 921 1730 Τί
958 1677 1164 1747 ταύτης
1195 1679 1296 1746 τῆς
1327 1678 1513 1742 ἀνοίας
1540 1679 1722 1748 χεῖρον
1753 1677 1947 1746 γένοιτ’

365 1765 478 1830 iv;
525 1765 770 1830 Ἀκούεις
800 1768 881 1819 ὅτι
914 1758 974 1819 ἓν
1004 1769 1143 1838 ἀρχῇ
1182 1767 1442 1837 ἐποίησεν
1474 1768 1502 1820 ὁ
1536 1766 1667 1830 Θεὸς
1694 1765 1802 1819 -τὸν
1849 1765 1944 1818 οὐ·

367 1860 540 1929 ρανὸν
568 1861 663 1912 καὶ
697 1859 795 1928 τὴν
819 1861 944 1930 γῆν,
1015 1860 1110 1912 καὶ
1145 1861 1230 1914 ὅτι
1263 1859 1322 1924 ἐξ
1362 1860 1464 1912 οὐκ
1499 1858 1670 1913 ὄντων
1728 1858 1946 1927 ἐγένετο

366 1954 438 2005 τὰ
460 1951 614 2017 ὄντα,
648 1953 742 2005 καὶ
773 1952 952 2019 λέγεις
984 1953 1066 2007 ὃτι
1097 1953 1458 2023 προϋπῆρχεν
1483 1953 1517 2023 ἡ
1545 1952 1681 2022 ὕλη;
1721 1952 1833 2006 Καὶ
1860 1951 1946 2016 τίς

365 2045 662 2113 ἀνάσχοιτο
698 2047 968 2117 τοσαύτης
1007 2045 1295 2116 παροινίας
1353 2045 1462 2099 τῶν
1503 2044 1628 2099 νοῦν
1673 2045 1942 2116 ὲχόντων;

2621 867 2705 918 Ea:
2729 869 2907 918 eodem
2943 864 3076 919 loco.

2130 953 2238 1009 Sed
2275 955 2368 1025 qui
2407 971 2597 1010 errore
2624 965 2880 1011 tenentur
2911 957 3176 1026 Oppressi,
3215 972 3326 1011 non
3383 959 3664 1020 animad-,

2057 1055 2342 1102 vertentes
2385 1061 2473 1113 ea,
2527 1063 2648 1117 quae
2690 1064 2757 1103 ex
2803 1048 2886 1103 his
2941 1048 3124 1103 verbis
3179 1061 3629 1120 consequuntur,

2058 1151 2235 1206 neque
2265 1139 2554 1194 audientes
2603 1139 2809 1194 Mosem
2865 1139 3192 1196 dicentem:
3255 1140 3317 1194 In
3367 1142 3629 1208 principio

2056 1227 2176 1296 fecit
2202 1228 2337 1282 Deus
2365 1230 2550 1284 caelum
2573 1239 2622 1285 et
2671 1241 2888 1295 terram,
2936 1231 3444 1302 subjicientemque,
3473 1232 3634 1287 Terra

2057 1327 2234 1372 autem
2273 1327 2387 1371 erat
2419 1318 2693 1373 invisibilis
2721 1329 2769 1374 et
2817 1320 3065 1374 inornata
3087 1321 3105 1351 ί
3137 1337 3153 1386 ;
3186 1322 3440 1391 quaniam
3475 1329 3631 1377 tene-

2056 1408 2187 1474 bris,
2223 1417 2278 1464 et
2322 1411 2480 1479 aquis
2511 1412 2878 1481 operiebatur,
2942 1413 3186 1468 nondum
3217 1413 3363 1467 enim
3387 1414 3632 1469 voluerat

2055 1499 2197 1556 Deus
2235 1516 2264 1555 a
2294 1503 2566 1573 principio
2616 1518 2739 1558 eam
2807 1505 3081 1559 educere:
3117 1505 3310 1559 dicunt
3345 1508 3631 1560 materiam

2057 1603 2184 1648 ante
2217 1593 2404 1662 fuisse,
2433 1603 2600 1665 atque
2631 1595 2761 1650 item
2795 1598 3068 1651 tenebras.
3100 1596 3241 1663 Quid
3268 1597 3371 1651 hac
3400 1597 3632 1652 demen-

2056 1685 2128 1736 tia
2165 1683 2408 1738 deterius
2445 1684 2558 1738 iieri
2587 1685 2813 1753 potest?
2845 1685 3016 1740 Audis
3059 1685 3226 1741 Deum
3269 1687 3322 1739 in
3357 1685 3630 1755 principio

2053 1771 2251 1828 fecisse
2280 1775 2477 1829 ccelum
2513 1785 2567 1830 et
2597 1786 2820 1840 terram,
2843 1785 2898 1831 et
2921 1791 2987 1830 ex
3018 1777 3210 1839 nihilo,
3239 1786 3294 1832 et
3323 1777 3466 1832 dicis
3494 1784 3624 1832 ante

2059 1866 2344 1919 materiam
2411 1867 2730 1922 exstitisse?
2787 1868 2986 1936 Ecquis
3036 1869 3256 1938 sapiens
3319 1869 3629 1938 mentisque

2050 1971 2276 2025 compos
2302 1957 2376 2011 ita
2411 1958 2650 2014 deliret?
2674 1959 2814 2014 Num
2835 1961 2998 2016 homo
3029 1971 3133 2027 est,
3170 1963 3263 2031 qui
3284 1961 3416 2032 agit,
3444 1971 3505 2015 ut
3529 1976 3628 2028 pa-

2046 2057 2162 2102 rata
2213 2049 2438 2104 materia
2467 2051 2728 2122 indigeat,
2789 2069 2900 2123 quo
2944 2068 3109 2124 opera
3180 2054 3434 2108 ostendat
3485 2052 3628 2107 sua?

364 2137 463 2204 Μὴ
495 2138 604 2209 γὰρ
640 2137 928 2203 ἄνθρωπός
962 2140 1114 2191 ἑστιν
1172 2140 1200 2191 ὁ
1257 2137 1627 2208 δημιουργῶν,
1658 2138 1748 2192 ἴνα
1779 2135 1944 2207 δεηθῇ

2051 2139 2188 2194 Deus
2211 2149 2316 2206 est,
2364 2143 2450 2196 cui
2483 2143 2664 2198 omnia
2701 2153 2915 2212 parent,
2967 2145 3059 2214 qui
3115 2145 3304 2208 verbo,
3356 2152 3412 2200 et
3460 2144 3625 2212 jussu

364 2243 518 2290 τινος
580 2228 1082 2297 προΰποκειμένου,
1115 2230 1212 2283 καὶ
1246 2227 1392 2282 οὕτω
1456 2229 1526 2281 τά
1593 2231 1692 2296 τῆς
1752 2229 1948 2298 τέχνης

368 2320 714 2391 ἐπιδείξηται
742 2338 757 2387 ;
783 2321 916 2384 Θεός
967 2325 1138 2385 ἐστιν,
1174 2317 1222 2390 ᾧ
1259 2323 1437 2375 πάντα
1470 2321 1629 2384 εῖκει,
1667 2319 1814 2391 λόγῳ
1854 2321 1950 2374 καὶ

2049 2243 2246 2288 cuncta
2274 2234 2425 2289 i‘ccit.
2457 2233 2596 2291 Ecce
2639 2237 2788 2291 enim
2848 2237 2984 2292 dixit
3023 2237 3218 2305 solum,
3253 2246 3308 2292 et
3358 2237 3500 2292 facta
3539 2243 3628 2292 est

2049 2327 2166 2391 lux,
2199 2336 2256 2382 et
2280 2328 2524 2382 tenebrae
2558 2327 2950 2384 discesserunt.

370 2416 760 2486 προστάγματι
801 2414 981 2468 πάντα
1043 2411 1415 2486 δημιουργῶν.
1469 2413 1612 2484 Ὅρα
1665 2415 1793 2485 γάρ,
1848 2409 1970 2468 εἷπε
2013 2419 2194 2487 μόνον,
2251 2419 2346 2472 καὶ
2401 2420 2660 2491 παρήχθη
2723 2419 2786 2473 τὸ
2829 2421 2964 2491 φῶς,
3011 2420 3107 2475 καὶ
3155 2418 3520 2492 παρεχώρησε
3557 2417 3623 2473 τὸ

375 2503 596 2566 σκότος.

383 2596 494 2651 Ἐκ
531 2595 640 2665 τῆς
667 2598 991 2668 ἑρμηνείας
1022 2601 1132 2669 τῆς
1165 2604 1255 2666 εις
1285 2601 1426 2665 τοὺς
1477 2603 1668 2662 πέντε,
1703 2601 1946 2667 ἄρτους.

445 2687 558 2738 Καὶ
585 2685 727 2738 διατι
757 2689 819 2739 οὐ
848 2691 995 2741 ποιεῖ
1023 2691 1086 2742 ὲκ
1138 2689 1214 2758 μὴ
1266 2687 1454 2752 ὄντων,
1512 2690 1846 2759 ὲμφράττων
1884 2689 1946 2742 τὸ

364 2778 706 2848 Μαρκίωνος
765 2781 860 2832 καὶ
918 2780 1225 2850 Μανιχαξου
1265 2780 1462 2850 στόμα,
1493 2780 1602 2834 τῶν
1631 2781 1731 2852 τὴν
1767 2781 1947 2834 κτίσιν

365 2870 809 2942 ἀλλοτριούντων
869 2872 1062 2938 αὑτοῦ,
1100 2874 1194 2926 καὶ
1244 2873 1333 2927 διὰ
1368 2872 1476 2926 τῶν
1514 2871 1697 2944 ἔργων
1767 2871 1949 2926 αὐτῶν

366 2963 654 3020 παιδεύων
687 2965 768 3019 ὅτι
799 2965 869 3019 τά
899 2963 1154 3037 ὁρώμενα
1180 2965 1396 3020 ἅπαντα
1448 2964 1618 3019 αὐτοῦ
1653 2965 1813 3035 ἔργα,
1855 2965 1952 3018 καὶ

367 3058 656 3129 κτίσματά
693 3061 801 3112 εἰσι
823 3075 838 3092 ο
868 3060 962 3112 καὶ
986 3057 1203 3124 δεικνὺς
1230 3059 1313 3112 ὅτι
1347 3058 1514 3122 αὐτὸς
1559 3058 1711 3111 ἐστιν
1747 3061 1778 3111 ὁ
1821 3057 1950 3120 τοὺς

365 3151 631 3222 καρποὺς
650 3150 850 3216 διδοὺς,
883 3151 911 3204 ὁ
941 3151 1113 3205 εἰπὼν
1145 3150 1204 3215 ἐξ
1231 3151 1442 3221 άρχῆςο
1471 3148 1886 3217 Βλαστησάτω
1910 3148 1949 3217 ἠ

2155 2598 2429 2668 Ejusdem,
2459 2615 2524 2653 ex
2552 2600 2982 2668 interpretatione
3004 2600 3058 2654 in
3081 2603 3310 2672 quinque
3331 2617 3516 2671 panes.

2117 2691 2234 2748 Cur
2263 2701 2444 2746 autem
2474 2707 2581 2746 non
2609 2707 2704 2746 eos
2737 2691 2950 2747 facite:
2981 2693 3177 2760 nihilo,
3207 2706 3266 2748 ut
3295 2696 3541 2752 obstruat
3563 2713 3626 2754 os

2047 2783 2362 2847 Marcionis,
2411 2791 2468 2837 et
2515 2782 2832 2848 Manicbzci,
2888 2784 2982 2852 qui
3037 2784 3288 2839 adimunt
3342 2785 3393 2840 ei
3438 2802 3624 2843 rerum

2049 2877 2533 2952 procreationem?
2573 2877 2688 2932 lmo
2739 2891 2876 2932 vero
2922 2877 3080 2932 iactis
3126 2879 3387 2945 ostendit,
3439 2880 3624 2936 omnia

2049 2984 2172 3040 quae
2203 2979 2524 3032 cernuntur,
2564 2983 2598 3026 ι
2639 2984 2700 3025 se
2755 2969 2926 3024 fuisse
2945 2971 3186 3037 condita,
3220 2980 3278 3028 ct
3313 2985 3622 3044 procreata,

2048 3077 2220 3130 seque
2256 3061 2412 3118 illum
2442 3076 2584 3127 esse,
2616 3061 2710 3132 qui
2738 3061 2956 3116 fructus
2977 3061 3261 3133 elargitur,
3290 3062 3383 3132 qui
3417 3063 3487 3119 ab
3511 3063 3626 3119 ini-

2049 3155 2128 3210 tio
2151 3154 2295 3210 dixit
2331 3172 2344 3209 :
2382 3154 2648 3210 Germinet
2677 3163 2819 3208 terra
2848 3153 3062 3206 herbam
3090 3153 3218 3223 feni,
3239 3161 3290 3208 et
3318 3155 3624 3221 producant

366 3241 451 3313 τῆ
471 3242 754 3311 βοτάνην
778 3244 1019 3312 χόρτου,
1086 3242 1187 3296 καὶ
1241 3242 1579 3312 ἐξαγαγέτω
1635 3240 1708 3294 τὰ
1759 3238 1948 3297 ὕδατα

2052 3261 2206 3317 aqua.
2253 3246 2464 3316 reptilia
2492 3247 2798 3325 animarum
2840 3245 3191 3300 viventium”.
3238 3245 3427 3316 Neque
3472 3246 3618 3302 enim

367 3337 598 3405 ἑρπετὰ
619 3334 840 3404 ψυχῶν
863 3333 1090 3397 Δ«ζ’ωιγῶν.
1137 3335 1252 3388 Ούκ
1295 3334 1518 3387 ἔλαττον
1569 3331 1678 3401 γάρ
1707 3330 1804 3386 τοῦ
1839 3331 1950 3386 ἀπὸ

369 3432 480 3500 γῆς
512 3429 684 3496 δεῖξαι
725 3428 958 3499 καρπὸν,
986 3429 1080 3482 καὶ
1120 3426 1231 3481 ἀπὸ
1255 3426 1464 3480 ὑδάτων
1492 3425 1702 3495 ἑρπετὰ
1727 3423 1948 3496 ἔμψυχα

368 3524 435 3577 τὸ
466 3525 576 3578 άπὸ
607 3525 767 3578 πέντε
799 3523 984 3594 ἀρτων
1007 3521 1234 3592 ποιῆσαι
1273 3521 1471 3590 ἄρτους
1493 3518 1807 3582 τοσούτους,
1851 3516 1948 3571 καὶ

368 3615 484 3670 ἀπὸ
532 3614 732 3684 ἰχθύων
773 3615 958 3680 πάλιν,
1010 3613 1038 3668 ὃ
1081 3617 1308 3686 σημεῖον
1341 3609 1408 3685 ἦν
1447 3611 1542 3667 τοῦ
1574 3613 1670 3665 καὶ
1708 3611 1806 3682 τῆς
1843 3609 1950 3681 γῆς

372 3706 475 3760 καὶ
503 3706 604 3774 τῆς
632 3704 913 3776 θαλάσσης
939 3702 1104 3759 αὐτδν
1135 3706 1378 3774 κρατεῖν.

372 3863 491 3921 Τοῦ
521 3861 710 3916 αὑτοῦ
734 3861 802 3914 ἐκ
830 3860 940 3928 τῆς
966 3860 1290 3929 ἑρμηνείας
1330 3857 1440 3926 τῆς
1472 3860 1559 3924 εις
1582 3859 1650 3912 τό
1675 3875 1689 3890 ·
1726 3877 1744 3910 ‹
1773 3857 1949 3915 Πᾶσα

441 3934 683 4003 φυτεία,
724 3931 804 3998 ἣν
826 3935 939 3985 οὐκ
971 3932 1314 4001 ἐφύτευσεν
1337 3932 1368 3982 ό
1390 3929 1593 3998 Πατήρ
1615 3946 1759 3999 μου,
1789 3929 1946 3998 ἐκρι-

441 4003 558 4066 ζωο
569 4006 804 4072 ήσεται.
844 4020 864 4054 ι

446 4169 622 4224 Τοῦτο
649 4166 778 4239 περὶ
807 4165 901 4220 τοῦ
932 4165 1102 4236 νόμου
1142 4164 1309 4233 φασὶν
1344 4160 1600 4233 εἰρῆσθαι
1629 4162 1680 4214 oi
1713 4159 1781 4216 τὰ
1820 4161 1946 4216 Μα-

367 4263 605 4335 νιχαίων
633 4258 938 4322 νοσοῦντες.
993 4255 1134 4310 Ἀλλ’
1161 4253 1508 4324 ἐπιστομίζει
1538 4253 1607 4306 τὰ
1634 4251 1949 4322 ἔμπροσθεν

370 4355 649 4428 εἰρημένα
674 4352 890 4416 αὐτούς.
922 4351 986 4404 Ei
1015 4349 1122 4420 γὰρ
1159 4349 1287 4419 περὶ
1314 4346 1410 4402 τοῦ
1433 4346 1600 4417 νόμου
1633 4347 1810 4413 ἔλεγε,
1833 4345 1949 4410 πῶς

367 4447 640 4512 ἀνωτέρω
664 4442 1015 4509 ἀπολογεῖται
1054 4439 1198 4508 ὑπὲρ
1228 4438 1420 4503 αὑτοῦ,
1455 4437 1552 4491 καὶ.
1581 4439 1816 4507 μάχεται
1856 4435 1946 4489 λέ-

371 4557 491 4607 γων
515 4551 530 4567 ο
563 4535 726 4588 Arari
759 4533 1158 4601 παραϐαίνετε
1193 4528 1312 4598 τὴν
1360 4527 1625 4595 ἐντολὴν
1664 4525 1770 4580 τοῦ
1796 4525 1947 4581 Θεοῦ

2051 3339 2236 3394 minus
2268 3347 2354 3393 est
2393 3353 2457 3393 ex
2493 3336 2736 3408 quinque
2781 3336 3015 3406 panibus
3058 3337 3240 3391 facere
3279 3338 3623 3406 tammultos

2056 3446 2252 3503 panes,
2336 3438 2433 3486 aut
2489 3445 2556 3485 ex
2635 3431 2850 3485 duobus
2927 3429 3176 3499 piscibus
3261 3437 3371 3484 tam
3427 3429 3626 3488 multos

2053 3523 2258 3592 pisces,
2314 3521 2460 3590 quod
2512 3521 2750 3576 declarat
2780 3534 2905 3575 eum
2949 3534 3072 3575 esse
3122 3531 3300 3584 terrae,
3347 3522 3624 3592 marisque

2055 3612 2382 3678 Dominum,
2412 3628 2574 3682 quam
2631 3614 2868 3666 fructum
2896 3626 2928 3666 e
2957 3619 3123 3676 terra,
3157 3619 3214 3666 et
3261 3613 3476 3681 reptilia
3502 3613 3628 3670 ani-

2052 3714 2197 3761 mata
2224 3719 2292 3761 ex
2324 3705 2482 3777 aquis
2508 3705 2835 3762 ostendisse.

2050 3864 2323 3933 Ejusdem,
2361 3879 2426 3916 ex
2454 3861 2881 3933 interpretatione
2918 3860 2988 3933 in_
3009 3860 3103 3933 illa
3137 3862 3329 3918 verba:
3361 3881 3382 3915 ε
3440 3862 3626 3920 Omnis

2120 3933 2401 4002 plantatio,
2433 3947 2591 4002 quam
2615 3948 2713 3986 non
2747 3931 3008 4000 plantavit
3028 3930 3189 3984 Pater
3213 3948 3355 3985 meus
3377 3933 3620 4002 calcatis,

2128 4002 2501 4056 eradicabitur.
2532 4000 2552 4031 ³
2583 4018 2602 4052 ι

2118 4157 2232 4213 Hoc
2266 4160 2333 4214 de
2365 4159 2486 4228 lege
2533 4156 2738 4212 dictum
2765 4170 2887 4211 esse
2919 4156 3132 4220 volunt,
3169 4157 3260 4228 qui
3294 4157 3622 4215 Manichreo-
3651 4176 3658 4188 '

2049 4265 2171 4304 rem
2204 4249 2453 4304 laborant
2483 4247 2696 4313 morbo,
2743 4246 2839 4300 sed
2867 4246 3182 4316 opinionem
3234 4263 3426 4303 eorum
3457 4251 3624 4306 refel-

2049 4342 2170 4396 lunt
2198 4357 2284 4406 ea,
2323 4355 2445 4411 quae
2477 4339 2728 4409 superius
2777 4339 2922 4394 dicta
2954 4348 3105 4394 sunt.
3153 4340 3288 4395 Nam
3317 4342 3364 4396 si
3417 4342 3522 4398 hoc
3553 4343 3642 4400 de-

2049 4435 2166 4505 lege
2204 4433 2463 4502 loquitur,
2496 4446 2596 4485 cur
2626 4446 2746 4485 eam
2777 4437 2909 4484 ante
2937 4431 3183 4487 defendit
3203 4432 3228 4486 τ
3247 4433 3362 4487 Cur
3395 4447 3499 4505 pro
3529 4436 3622 4491 illo

2051 4523 2392 4598 propugnat?
2437 4521 2596 4588 Quid,
2627 4521 2906 4592 inquiens,
2931 4525 3362 4593 transgredimini
3391 4528 3622 4580 manda-

367 4626 473 4696 διὰ
492 4624 607 4692 τὴν
639 4620 980 4690 παράδοσιν
1007 4617 1212 4688 timor;
1265 4616 1390 4679 [Ιῶς
1418 4615 1475 4669 δὲ
1519 4617 1611 4670 τὸν
1656 4615 1943 4687 προφήτην

2051 4627 2157 4671 tum
2183 4615 2282 4670 Dei
2300 4625 2512 4685 propter
2535 4615 2876 4668 traditionem
2889 4623 3117 4689 vestram
3135 4616 3159 4647 ι
3173 4615 3198 4668 Ἰ
3213 4614 3325 4669 Cur
3344 4617 3624 4685 prophetas

370 4719 594 4785 εὶσάγει
651 4718 730 4777 εἰς
791 4713 955 4784 μέσον
1002 4711 1237 4779 λέγοντα
1261 4724 1278 4742 ⁸
1320 4708 1383 4761 '0
1412 4707 1564 4774 λαός
1600 4702 1782 4774 οὗτος
1819 4705 1946 4772 τοῖς,

370 4809 619 4881 χείλεσι
665 4823 744 4877 με
778 4804 936 4874 τιμᾷ,
962 4805 1060 4858 καὶ
1086 4805 1155 4856 τά
1201 4801 1362 4869 ὲξῆς;
1389 4798 1553 4854 Ἀλλά
1604 4798 1732 4868 περὶ
1766 4796 1949 4850 αὐτῶν

280 4891 295 4899 ’
370 4904 625 4963 ἐκείνων,
655 4902 749 4953 καὶ
781 4899 893 4952 τῶν
926 4895 1284 4966 παραδόσεων
1315 4893 1494 4946 αὐτῶν
1525 4890 1704 4944 ταῦτά
1754 4907 1944 4960 φησιν.

369 5001 440 5053 Εί
476 4997 587 5065 γάρ
621 4995 650 5047 ὁ
679 4993 810 5056 Θεδς
839 4986 983 5044 εἴπεο
1009 4990 1151 5058 Τίμα
1176 4988 1282 5040 τὸν
1303 4985 1530 5052 πατέρα
1559 4998 1676 5038 σου
1703 4984 1801 5036 καὶ
1834 4981 1951 5052 τὴν

365 5087 601 5161 μητέρα
633 5100 770 5149 σου,
809 5081 926 5145 πῶς
975 5083 1074 5134 οὒκ
1117 5079 1235 5132 ἔστι
1281 5077 1476 5144 φυτεία
1520 5074 1668 5165 *Θεοῦ
1702 5074 1761 5127 τὸ
1793 5074 1946 5165 παρά

370 5181 516 5236 Θεοῦ
547 5177 869 5248 είρημένον;
901 5174 1012 5227 Καὶ
1040 5171 1103 5225 τὸ
1127 5169 1253 5241 ἑξῆς
1281 5169 1334 5222 δὲ
1367 5163 1641 5221 δείκνυσιν
1685 5166 1768 5218 ὅτι
1816 5163 1947 5231 περὶ

370 5274 562 5330 αὐτῶν
575 5264 1043 5341 εἴρηται,κα“ι’τῶν
1069 5261 1423 5330 παραδόσεων
1441 5260 1644 5313 αὐτῶν.
1664 5258 1946 5324 Ἐπήγαγε

370 5369 511 5437 γοῦν
535 5383 551 5398 ο
591 5362 834 5429 Ὀδηγοί
864 5362 981 5415 εισι
1011 5355 1281 5426 τυφλῶν.
1320 5355 1383 5408 Εἰ
1413 5353 1472 5406 δὲ
1495 5353 1737 5422 περὶτοῦ
1779 5351 1946 5419 νόμου

371 5462 556 5528 ἔλεγε,
579 5455 746 5510 τοῦτο
773 5451 928 5508 εἶπεν
953 5454 1049 5508 ἄν·
1066 5450 1289 5521 Ὀδηγός
1329 5449 1444 5500 ἐστι
1473 5445 1672 5514 τυφλὸς
1707 5441 1946 5512 τυφλῶν.

383 5552 530 5609 Ἀλλ’
564 5552 665 5622 οὐχ
697 5548 872 5613 οὕτως
905 5543 1081 5615 εἶπεν,
1113 5545 1230 5600 ἀλλ’
1269 5541 1483 5613 Ὀὃηγοί
1504 5541 1610 5595 εισι
1641 5537 1834 5608 τυφλοὶ
1852 5555 1945 5592 τυ-

2046 4709 2374 4763 sententiain
2402 4708 2456 4762 in
2491 4707 2730 4762 medium
2766 4707 2996 4777 profert,
3031 4706 3265 4761 dicentis
3300 4725 3315 4764 :
3383 4706 3623 4777 Populus

2046 4802 2132 4855 hic
2192 4801 2346 4854 labiis
2397 4817 2478 4854 me
2519 4800 2743 4854 honorat
2775 4801 2820 4862 ⁸,
2867 4808 3073 4868 etquae
3112 4799 3458 4867 sequuntur?
3500 4799 3619 4855 Non

2047 4893 2212 4962 igitur
2235 4898 2304 4947 de
2331 4892 2468 4964 lege,
2497 4892 2590 4946 sed
2615 4891 2684 4945 de
2714 4891 2820 4945 illis
2845 4890 3001 4961 ipsis,
3036 4905 3336 4959 eorumque
3369 4889 3618 4947 doctrina

2048 4987 2165 5041 [nec
2185 4987 2327 5042 dicta
2359 4993 2507 5042 sunt.
2540 4983 2674 5039 Nam
2711 4985 2755 5038 si
2786 4984 2928 5038 Deus
2957 4983 3091 5037 dicit
3117 4999 3131 5036 :
3169 4980 3389 5036 Honora
3415 4993 3624 5052 patrem

2051 5091 2221 5144 tuum,
2257 5089 2304 5133 et
2330 5090 2552 5132 matrem
2587 5085 2734 5130 tuam
2773 5077 2814 5139 ⁸,
2869 5075 2962 5144 qui
2990 5073 3105 5128 iieri
3161 5083 3361 5144 potest,
3412 5081 3474 5129 ut
3525 5075 3622 5131 Dei

2045 5172 2308 5243 plantatio
2343 5185 2452 5224 non
2483 5170 2573 5233 sit,
2607 5168 2752 5239 quod
2785 5183 2814 5221 a
2852 5167 2964 5221 Deo
2989 5167 3196 5222 dictum
3227 5174 3312 5221 est
3336 5167 3359 5220 2
3387 5165 3452 5220 Et
3474 5167 3624 5236 quod

2048 5267 2323 5336 sequitur,
2360 5261 2606 5318 ostendit
2657 5261 2724 5316 de
2768 5261 2926 5329 ipsis,
2975 5268 3030 5314 et
3075 5260 3321 5314 doctrina
3377 5259 3622 5328 ipsorum

2048 5359 2220 5414 fuisse
2265 5355 2513 5420 dictum;
2574 5353 2796 5424 subiicit
2838 5353 2985 5408 enim
3023 5369 3036 5406 :
3094 5339 3260 5405 Duces
3300 5359 3421 5404 sunt
3469 5351 3621 5413 caeci,

2050 5465 2308 5504 amcorum
2344 5447 2384 5500 ".
2413 5445 2660 5513 Quodsi
2691 5446 2758 5501 de
2789 5445 2906 5516 lege
2941 5444 3204 5499 voluisset
3249 5441 3504 5511 intelligi,
3543 5440 3627 5495 di-
3671 5489 3674 5494 .

2052 5541 2227 5597 sisset
2265 5556 2281 5595 :
2313 5537 2468 5595 Caeca
2496 5547 2580 5595 est
2607 5552 2988 5608 meorumque
3007 5537 3136 5592 dum.
3187 5533 3308 5588 Non
3335 5542 3518 5587 autem
3548 5530 3621 5588 ita

449 5757 465 5787 ³
497 5753 636 5811 Gen.
670 5767 710 5822 ι,
734 5750 789 5808 2.
853 5750 872 5781 ²
897 5747 1029 5806 ibid.
1062 5746 1148 5803 ll.
1227 5743 1460 5802 'Mattb.
1493 5760 1583 5814 xv,
1628 5745 1711 5802 15.
1791 5742 1972 5801 ‘ibid.
2007 5741 2064 5801 8.
2145 5742 2164 5776 ⁵
2196 5741 2330 5799 ibid.
2366 5741 2417 5797 6.
2525 5739 2550 5772 ⁶
2574 5737 2750 5795 Exod.
2789 5753 2881 5793 xx.
2937 5735 3022 5792 l2.
3091 5787 3096 5794 ,
3134 5734 3370 5792 τυαιιι).
3411 5748 3502 5802 xv,
3529 5731 3618 5795 ιι.
