4066 6288
501 316 613 378 323

1741 296 2131 358 EUTHYMll
2171 295 2536 359 ZlGABENI

3632 310 3725 375 32f

501 428 656 487 dixit.
688 424 784 480 sed
814 438 881 478 eo
907 421 1087 493 potius
1117 419 1279 473 modo
1314 436 1326 472 :
1365 415 1504 470 Caeci
1540 422 1695 476 s‘unt,
1725 421 1781 464 ct
1814 421 2084 463 caecorum

2189 411 2357 479 φλῶν,
2384 414 2591 465 ἐκεῖνον
2626 411 2727 479 μὲν
2757 410 3117 464 ἀπαλλάττων
3152 412 3251 482 τῆς
3289 416 3625 488 κατηγορίας,
3651 428 3722 487 εἷς

504 525 693 583 duces,
753 528 813 572 ut
842 525 897 570 et
928 516 1075 569 illam
1124 527 1154 565 a
1194 508 1635 580 reprehensione
1688 502 1964 565 liberaret,
2028 508 2084 554 et

501 613 717 684 culpam
773 609 829 662 in
878 621 971 662 eos
1027 618 1243 657 omnem
1282 597 1576 655 conferret.

1063 828 1149 883 Ea:
1170 828 1351 882 eodem
1377 825 1509 878 loco.

573 927 977 992 lnterrogemus
1010 920 1175 989 igitur
1215 933 1331 981 eos,
1365 917 1459 987 qui
1493 916 1667 983 legem
1708 913 2076 984 insectantur,

505 1030 687 1074 utrum
732 1023 1067 1085 praeceptum
1121 1009 1276 1070 illud,
1308 1016 1431 1078 ‘quo
1486 1009 1846 1079 prohibemur
1896 1004 2079 1068 irasci,

504 1108 839 1167 contrarium
868 1104 937 1160 sit
965 1103 1036 1167 ei,
1074 1117 1184 1171 quo
1215 1110 1463 1154 vetamur
1484 1098 1759 1163 occidere,
1801 1112 1869 1151 an
1900 1096 2083 1167 potius

510 1201 676 1269 hujus
700 1200 752 1251 id
780 1197 1046 1267 perfectio
1073 1198 1167 1258 sit,
1208 1202 1263 1249 et
1303 1192 1671 1248 conﬁrmatio.
1724 1190 2080 1259 Perspicuum

504 1300 607 1356 est,
639 1290 770 1345 illud
802 1303 921 1342 esse
956 1285 1349 1357 perfectionem
1375 1281 1539 1352 hujus
1569 1290 1623 1337 et
1654 1280 2080 1345 absolutionem,

504 1394 560 1438 et
586 1394 874 1453 propterea
924 1381 1102 1449 majus
1154 1393 1296 1433 esse.
1330 1376 1436 1443 Qui
1469 1376 1616 1429 enim
1654 1374 1721 1429 ad
1776 1375 1917 1429 iram
1968 1387 2083 1426 non

505 1474 786 1532 incitatur,
809 1485 839 1523 a
874 1470 1021 1524 caede
1051 1469 1262 1523 facilius
1284 1466 1597 1521 abstinebit.
1629 1464 1693 1518 Et
1724 1464 1815 1533 qui
1838 1464 2080 1517 animum

506 1563 735 1618 cohibet
788 1576 975 1626 suum,
1032 1558 1207 1612 multo
1265 1558 1436 1627 magis
1492 1571 1689 1610 manus
1750 1554 2080 1609 continebit.

502 1654 638 1709 Nam
669 1655 749 1709 ira
780 1654 943 1710 caedis
976 1664 1059 1709 est
1091 1653 1267 1719 radix,
1315 1666 1479 1722 quam
1526 1649 1618 1719 qui
1651 1649 1857 1712 evellit,
1908 1649 2082 1702 multo

504 1748 676 1815 magis
702 1746 956 1801 concidet
988 1761 1192 1812 ramos,
1230 1748 1341 1800 imo
1383 1758 1515 1798 vero
1548 1757 1616 1796 ne
1662 1741 1811 1795 nasci
1860 1739 2080 1809 quidem
2116 1770 2159 1828 Β

504 1840 627 1895 illos
659 1840 960 1910 permittet.
996 1837 1363 1903 Quamobrem
1398 1836 1513 1889 haec
1545 1850 1651 1888 non
1688 1834 1757 1889 ad
1783 1833 1916 1903 legis
1938 1832 2080 1887 inte-

504 1932 671 1986 ritum
702 1931 946 2001 iubebat,
974 1931 1068 1985 sed
1085 1930 1152 1985 ad
1182 1930 1443 1998 majorem
1474 1926 1616 1981 illius
1648 1924 2079 1980 observantiam.

505 2023 624 2090 Quo
641 2036 877 2092 namque
910 2021 1141 2077 consilio
1168 2021 1284 2074 haec
1310 2018 1594 2074 sanciebat
1620 2017 1737 2086 ipsa
1772 2017 1856 2071 lex
1878 2016 1900 2069 ?
1921 2014 2084 2069 Non-

508 2128 598 2178 ne,
634 2123 696 2168 ut
722 2129 883 2167 nemo
935 2113 1247 2183 proximum
1284 2109 1677 2164 interﬁceret?
1739 2108 1866 2179 Legi
1919 2108 2085 2179 igitur

510 2205 858 2262 adversantia
914 2203 1294 2274 praecepisset,
1325 2203 1418 2272 qui
1471 2200 2081 2272 jussissetinterficere.

504 2300 620 2353 Hoc
649 2295 816 2359 enim,
849 2295 1045 2360 occide,
1101 2294 1197 2357 illi,
1244 2309 1307 2347 ne
1347 2293 1575 2357 occidas,
1612 2292 1948 2347 contrarium
1977 2299 2080 2346 est.

509 2391 696 2460 Itaque
725 2389 771 2444 si
799 2403 868 2443 ne
902 2388 1070 2443 irasci
1098 2387 1324 2457 quidem
1351 2385 1621 2453 concedit,
1653 2385 1706 2441 id
1730 2385 1874 2456 quod
1906 2401 1936 2440 a
1966 2385 2084 2457 lege

501 2480 729 2551 iubetur
810 2480 982 2535 multo
1054 2479 1225 2550 magis
1289 2480 1595 2533 conﬁrmat.
1673 2477 1863 2547 Neque
1934 2478 2081 2532 enim

507 2573 732 2646 perinde
765 2572 871 2627 sibi
911 2572 1241 2641 temperabit
1290 2586 1321 2625 a
1358 2571 1526 2632 caede,
1566 2569 1658 2639 qui
1706 2571 1951 2625 studiose
1993 2588 2084 2626 ca-

513 2671 619 2726 vet,
649 2677 720 2715 ne
755 2661 1066 2731 quempiam
1092 2660 1329 2722 occidat,
1372 2668 1433 2713 ut
1474 2658 1568 2713 ille
1605 2660 1694 2729 qui
1722 2659 1893 2727 ipsam
1929 2673 2080 2729 quol-

515 2766 620 2821 que
646 2752 906 2807 interﬁcit
934 2751 1294 2807 iracundiam.
1330 2750 1430 2806 Hic
1478 2750 1620 2804 enim
1669 2751 1879 2822 longius
1909 2752 2083 2806 multo

523 2843 680 2898 abest
708 2844 777 2896 ab
820 2844 936 2912 ipso
980 2850 1201 2897 conatu.
1259 2841 1457 2897 Verum
1502 2850 1559 2895 ut
1589 2856 1684 2895 eos
1714 2842 1891 2912 magis
1916 2844 2082 2897 etiam

513 2933 927 3013 convincamus,
951 2933 1135 2987 omnia
1171 2947 1294 3003 qua:
1320 2933 1388 2987 ab
1410 2932 1545 3003 ipsis
1573 2932 1851 2998 dicuntur,
1883 2934 1938 2987 in
1965 2949 2083 2989 me-

511 3022 663 3078 dium
690 3022 1003 3078 all'eramus.
1035 3024 1294 3091 Quaenam
1317 3033 1497 3077 autem
1535 3024 1641 3078 ista
1690 3026 1856 3080 sunt?
1911 3025 2081 3079 Deum

510 3115 685 3181 illum,
720 3116 813 3186 qui
841 3116 1107 3171 mundum
1147 3118 1291 3170 hunc
1322 3116 1620 3171 fabricatus
1646 3126 1759 3182 est,
1792 3117 1883 3186 qui
1914 3117 2081 3172 solem

512 3223 670 3264 suum
699 3208 833 3262 oriri
866 3208 997 3263 facit
1024 3222 1191 3278 super
1222 3207 1415 3272 malos,
1453 3215 1509 3260 et
1552 3208 1758 3272 bonos;
1808 3208 1899 3277 qui
1950 3208 2087 3277 pluit

515 3314 678 3368 super
700 3299 879 3368 justos
904 3308 960 3353 et
989 3298 1244 3367 iniustos,
1276 3297 1476 3351 malum
1505 3312 1628 3352 esse
1653 3297 1946 3352 allirmant.
1985 3299 2088 3365 Qui

516 3397 694 3444 autem
723 3404 789 3444 ex
821 3389 926 3444 illis
957 3389 1204 3443 mitiores
1231 3395 1379 3454 sunt,
1405 3403 1518 3441 rem
1550 3390 1620 3441 ita
1680 3399 2001 3459 temperant,
2034 3400 2090 3446 ut

516 3496 638 3537 eum
680 3482 888 3552 justum
919 3495 1042 3535 esse
1068 3481 1333 3535 duntaxat
1361 3480 1687 3557 concedant,
1722 3480 1926 3536 bonum
1991 3499 2093 3537 au-

512 3585 622 3630 tem
648 3584 871 3646 negent.
921 3575 1169 3627 Alterum
1221 3583 1404 3628 autem
1457 3573 1769 3643 quemdam,
1826 3575 1920 3644 qui
1982 3591 2092 3630 non

508 3668 603 3733 sit,
636 3668 837 3737 quique
860 3667 1000 3722 nihil
1044 3682 1258 3734 eorum,
1302 3682 1423 3737 quae
1453 3673 1617 3735 sunt,‘
1643 3667 1907 3734 eil‘eccrit,
1937 3668 2094 3724 Chri-

517 3768 604 3811 sto
629 3767 839 3827 patrem
871 3757 1174 3829 assignant.
1207 3759 1275 3813 Et
1302 3774 1452 3825 eum,
1483 3759 1573 3830 qui
1603 3759 1778 3814 bonus
1829 3774 1937 3814 non
1988 3770 2091 3827 est,

510 3850 569 3904 in
601 3850 804 3905 suisse
865 3851 1117 3905 terminis
1176 3851 1483 3916 continere,
1531 3858 1587 3906 et
1640 3866 1764 3921 qua:
1818 3866 1916 3906 sua
1939 3861 2091 3916 sunt,

517 3941 656 3995 tueri
686 3939 897 3995 dicunt.
934 3940 1090 3996 llunc
1120 3956 1272 4004 vero,
1306 3942 1399 4012 qui
1433 3942 1609 3997 bonus
1636 3950 1740 4008 est,
1806 3942 2007 4007 aliena,
2039 3952 2097 3998 ct

516 4047 638 4100 quae
674 4030 793 4101 ipse
816 4046 923 4086 non
957 4031 1107 4099 fecit,
1143 4042 1425 4102 appetere.
1466 4034 1731 4104 Agnoscis
1783 4033 1923 4088 filios
1973 4035 2094 4089 dia-

520 4120 663 4177 boli?
726 4120 1012 4189 Quomodo
1063 4137 1097 4178 e
1152 4124 1321 4193 patris
1374 4123 1526 4179 fonte
1587 4125 1751 4180 verba
1813 4124 2092 4191 hauriant,

518 4227 639 4282 quae
664 4213 982 4282 loquantur,
1014 4213 1147 4267 dum
1180 4212 1442 4267 auferunt
1478 4214 1587 4269 Deo
1621 4216 1808 4269 mundi
1862 4217 2098 4272 fabrica—

520 4304 767 4366 tionem,
821 4318 949 4357 cum
996 4300 1238 4357 Joannes
1270 4302 1584 4358 exclamet:
1624 4302 1691 4358 In
1740 4309 1956 4374 propria
2015 4323 2100 4362 ve-

520 4393 617 4452 nit,
650 4398 726 4457 et,
764 4390 995 4445 Mundus
1040 4408 1134 4461 per
1166 4409 1282 4446 eum
1312 4393 1487 4463 [actus
1545 4403 1618 4449 est
1656 4396 1698 4449 ¹.
1745 4395 1865 4452 lam
1924 4399 2096 4471 legem

2188 504 2246 558 δέ
2278 504 2503 569 τούτους
2527 506 2586 558 τὺ
2615 507 2722 560 πᾶν
2755 504 3083 576 περιέλκων.

2536 771 2637 826 Ἐκ
2667 770 2777 838 τῆς
2806 770 2999 839 αὐτῆς
3029 771 3413 837 ἀκολουθίας.

2274 863 2677 936 Ἐρωτήσωμεν
2698 864 2879 916 τοίνυν
2911 864 3036 926 τοὺς
3068 863 3159 915 τὸν
3180 864 3344 932 νόμον
3364 864 3728 936 ἐμϐάλλοντας,

2188 955 2249 1008 τὸ
2317 955 2393 1027 μὴ
2462 954 2782 1026 ὀργίζεσθαι
2840 953 2935 1006 τοῦ
2987 955 3062 1024 μὴ
3109 953 3359 1023 φονεύειν
3412 957 3728 1031 ἐναντίον,ἢ

2192 1046 2396 1116 μᾶλλον
2450 1047 2663 1101 ἐκείνου
2721 1047 3006 1109 τελείωσις
3065 1043 3248 1111 τοῦτο,
3286 1045 3379 1097 καὶ
3406 1051 3729 1117 κατασκευῆς

2190 1138 2430 1209 Εὔδηλον
2478 1140 2560 1192 ὅτι
2623 1138 2786 1192 τοῦτο
2829 1138 3045 1191 ἐκείνου
3077 1137 3381 1206 πλήρωσις,
3442 1138 3536 1190 καὶ
3567 1139 3732 1207 μεῖζον

2188 1232 2386 1286 τούτου
2408 1232 2618 1286 ἕνεκεν.
2672 1232 2731 1285 '0
2762 1235 2874 1303 γὰρ
2910 1232 3048 1302 πρὸς
3080 1232 3252 1300 ὀργὴν
3290 1230 3392 1285 οὐκ
3452 1233 3734 1303 ἐκφερόμε-

2190 1343 2280 1389 νος
2311 1324 2495 1395 πολλῷ
2555 1324 2758 1395 μάλλον
2813 1323 2976 1394 φόνου
3045 1323 3333 1392 ἀφέξεται·
3384 1323 3479 1377 καὶ
3518 1325 3545 1377 ό
3580 1324 3734 1394 θυμὸν

2190 1415 2424 1488 χαλινῶν
2450 1414 2632 1486 πολλῷ
2664 1415 2865 1484 μᾶλλον
2894 1414 2991 1478 τὰς
3016 1416 3205 1485 χεῖρας
3233 1413 3455 1480 καθέξει
3479 1431 3589 1477 πως
3614 1415 3732 1467 ἐαυο

2188 1508 2306 1561 τοῦ.
2348 1507 2501 1572 Ῥίζα
2558 1507 2668 1577 γὰρ
2731 1506 2824 1559 τοῦ
2887 1507 3053 1574 φόνου
3117 1505 3313 1575 θυμός.
3348 1505 3408 1559 '0
3446 1506 3616 1558 τοίνυν
3647 1506 3735 1571 τὴν

2192 1600 2349 1671 ῥίζαν
2371 1601 2658 1654 ἐκκόπτων
2698 1597 2879 1668 πολλῷ
2921 1597 3121 1666 μᾶλλον
3152 1597 3437 1667 ἀναιρήσει
3470 1600 3589 1660 τοὺς
3614 1597 3735 1652 κλά-

2190 1693 2335 1756 δους,
2366 1691 2567 1761 μᾶλλον
2590 1691 2645 1744 δὲ
2680 1691 2801 1745 οὐδὲ
2832 1690 2997 1760 φῦναι
3055 1689 3154 1759 τὴν
3188 1689 3366 1761 ἀρχὴν
3418 1690 3583 1744 ἐάσει.
3614 1690 3737 1742 Ούκ-

2187 1787 2280 1842 οῦν
2311 1788 2420 1841 οὐκ
2452 1787 2540 1839 ἐπ’
2571 1786 2851 1857 ἀναιρέσει
2882 1784 2976 1838 τοῦ
3006 1784 3198 1855 νόμου,
3260 1782 3384 1836 ἀλλ’
3429 1784 3520 1836 ἐπὶ
3549 1782 3735 1835 πλείονι

2186 1880 2362 1934 ταῦτα
2394 1879 2713 1948 ἐνομοθέτει
2773 1878 3016 1948 φυλακῇ.
3087 1877 3153 1929 Τί
3189 1876 3300 1947 γὰρ
3366 1876 3735 1946 βουλόμενοςό

2185 1973 2349 2042 νόμος
2384 1972 2558 2027 ταῦτα
2599 1971 2903 2039 ἐπέταξεν;
2947 1972 3057 2040 Οὐχ
3090 1971 3176 2024 ἵνα
3218 1954 3408 2040 μηδεὶς
3437 1967 3628 2039 φονεύῃ
3658 1966 3736 2020 τὸν

2187 2065 2449 2135 πλησίον;
2483 2064 2696 2118 Οὐκοῦν
2730 2064 2824 2119 τοῦ
2883 2065 3198 2135 μαχομένου
3231 2061 3313 2133 τῷ
3364 2062 3510 2133 νόμῳ
3557 2063 3612 2116 τὸ
3649 2079 3734 2114 κε-

2187 2156 2368 2210 λεύειν
2391 2156 2621 2227 φονεῦον
2650 2152 2738 2228 ἦν.
2768 2156 2843 2211 Τὸ
2880 2158 2989 2228 γὰρ
3024 2155 3275 2227 φονεύειν
3309 2155 3571 2209 ἐναντίον.
3608 2153 3664 2207 El
3690 2153 3740 2206 δέ

2190 2249 2267 2320 μὴ
2294 2249 2615 2320 ὀργίζεσθαι
2648 2250 2966 2322 ἐπιτρέπει,
3028 2249 3168 2319 ὅπερ
3210 2250 3238 2302 ό
3295 2247 3458 2316 νόμος
3482 2244 3737 2309 ἐϐούλετο,

2187 2340 2351 2395 τοῦτο
2417 2342 2621 2413 μᾶλλον
2680 2341 2924 2414 ἵστησιν.
2955 2341 3033 2395 Οὐ
3064 2342 3172 2412 γὰρ
3219 2341 3426 2412 ὁμοίως
3486 2336 3733 2407 ἀφέξεται

2189 2437 2351 2505 φόνου
2414 2435 2443 2489 ὁ
2507 2435 2747 2506 μελετῶν
2782 2435 2856 2505 μὴ
2887 2433 3143 2504 φονεύειν
3210 2432 3290 2503 τῷ
3325 2433 3418 2487 καὶ
3446 2431 3542 2501 τὴν
3586 2429 3741 2501 ὀργὴν

2187 2529 2510 2600 ἀνῃρηκότι.
2542 2528 2890 2600 Πορῤωτέρω
2930 2529 3039 2598 γὰρ
3070 2520 3228 2590 οὗτος
3257 2525 3463 2594 ἕστηκε
3486 2521 3579 2576 τοῦ
3613 2524 3723 2574 τολ-

2190 2620 2467 2690 μήματος.
2498 2618 2617 2671 Ἵνα
2668 2616 2726 2668 δέ
2763 2619 2857 2670 καὶ
2887 2616 3093 2688 ἑτέρως
3138 2616 3344 2679 αὐτοὺς
3407 2614 3629 2683 ἕλωμεν,
3665 2612 3733 2669 είς

2192 2712 2357 2780 μέσον
2391 2710 2426 2764 δι
2452 2711 2705 2779 λέγουσιν
2731 2711 3033 2779 ἀγάγωμεν
3060 2708 3306 2763 ἅπαντα.
3330 2707 3463 2761 Τίνα
3495 2700 3583 2759 οῦν
3604 2706 3738 2755 ἐστιν

2190 2802 2226 2856 ἆ
2257 2818 2457 2870 φασινς
2485 2802 2566 2855 ὅτι
2590 2805 2617 2855 ό
2638 2800 2729 2854 τὸν
2752 2802 2957 2871 κόσμον
2986 2804 3221 2871 ποιήσας
3253 2800 3412 2865 Θεὸς,
3443 2799 3470 2851 ό
3493 2796 3579 2849 τὸν
3598 2794 3739 2864 ἥλιον

2189 2894 2498 2948 ἀνατέλλων
2537 2897 2629 2947 ἐπὶ
2666 2894 2942 2964 πονηροὺς
3013 2894 3109 2945 καὶ
3144 2893 3412 2961 ἀγαθοὺς,
3473 2892 3501 2943 ὁ
3547 2887 3737 2959 βρέχων

2190 2990 2284 3041 ἐπὶ
2323 2990 2568 3052 δικαίους
2600 2989 2696 3041 καὶ
2731 2988 2956 3049 ἀδίκους
3008 2987 3245 3057 πονηρός
3278 2988 3368 3049 τίς
3400 2986 3563 3037 ἐστιν.
3596 2982 3654 3034 Οί
3686 2979 3738 3030 δέ

2194 3083 2597 3152 ἐπιεικέστεροι
2631 3082 2794 3150 δῆθεν
2849 3081 3029 3134 αὐτῶν
3088 3078 3251 3134 τοῦτο
3332 3076 3738 3148 παραιτοῦνται.

2114 3170 2155 3226 C
2192 3178 2415 3229 Δίκαιον
2450 3175 2507 3228 δὲ
2537 3175 2705 3227 αὑτὸν
2761 3172 2907 3227 εἶναι
2934 3173 3190 3242 λέγοντες
3246 3168 3617 3242 ἀποστεροῦσι
3654 3165 3737 3218 τοῦ

2193 3265 2334 3322 εἶναι
2362 3268 2588 3334 ἀγαθόν.
2629 3266 2862 3335 Ἕτερον
2890 3266 2946 3318 δέ
2977 3265 3067 3319 τὸν
3098 3266 3200 3317 οὐκ
3232 3264 3389 3325 ὄντα,
3418 3262 3538 3315 οὕτε
3592 3259 3736 3324 ποιή-

2195 3360 2366 3413 σαντά
2390 3377 2441 3410 τι
2463 3357 2571 3410 τῶν
2606 3358 2777 3410 ὄντων
2807 3357 3022 3427 πατέρα
3042 3356 3248 3408 διδόασι
3281 3356 3363 3427 τῷ
3394 3351 3622 3423 Χριστῷ.
3644 3349 3743 3403 Καὶ

2192 3451 2285 3503 τὸν
2314 3452 2414 3521 μὲν
2441 3451 2541 3503 οὐκ
2569 3450 2773 3518 ἀγαθὸν
2831 3449 2889 3503 ἐν
2951 3451 3063 3510 τοῖς
3123 3440 3293 3500 αὑτοῦ
3333 3446 3535 3517 μένειν,
3576 3439 3747 3495 καὶτὰ

2194 3545 2358 3598 αὑτοῦ
2382 3546 2661 3613 διατηρεῖν
2690 3557 2852 3610 φασι·
2909 3540 2998 3595 τὸν
3028 3542 3083 3593 δὲ
3108 3539 3311 3608 ἀγαθὸν
3344 3539 3452 3592 τῶν
3469 3534 3746 3604 ἀλλοτρίων

2194 3638 2470 3708 ἐφίεσθαι,
2534 3636 2631 3690 καὶ
2689 3629 2764 3688 ὦν
2814 3635 2916 3687 οὐκ
2954 3634 3177 3702 ἐγένετο
3216 3629 3572 3702 δημιουργός.
3605 3622 3745 3686 Εἶδες

2196 3729 2291 3783 τοῦ
2317 3729 2566 3782 διαϐόλου
2624 3727 2693 3780 τά
2722 3726 2915 3786 τέκνα.
2973 3724 3093 3788 πῶς
3157 3725 3268 3778 ἀπὸ
3300 3725 3404 3795 τῆς
3446 3719 3627 3789 πηγῆς
3663 3715 3747 3770 τοῦ

2197 3820 2408 3891 πατρὸς
2474 3819 2805 3888 φθέγγονται
2861 3813 3276 3886 ἁλλοτριοῦντες
3342 3812 3439 3867 τοῦ
3470 3809 3601 3865 Θεοῦ
3656 3807 3747 3875 τὴν

2194 3912 2559 3986 δημιουργίαν
2580 3927 2597 3977 ;
2621 3910 2717 3963 τοῦ
2753 3910 3001 3964 Ἰωάννου
3038 3908 3272 3977 βοῶντος
3293 3909 3379 3962 ὅτι
3409 3908 3517 3973 Είς
3546 3904 3615 3957 τὰ
3639 3899 3751 3954 ἴδια

2196 4002 2368 4077 ἦλθε,
2401 4007 2496 4059 καὶ
2538 4005 2599 4057 '0
2630 4004 2859 4073 κόσμος
2887 4002 2963 4057 δι’
3000 4001 3190 4056 αὑτοῦ
3218 4002 3480 4072 ἐγένετο.
3518 3993 3645 4052 Εἶτα
3671 3993 3752 4046 τὸν

2197 4097 2363 4165 νόμον
2396 4095 2742 4161 ἐξετάζοντες
2766 4096 2857 4149 τὸν
2889 4096 2946 4148 ἐν
2975 4094 3042 4163 τῇ
3082 4096 3321 4166 Παλαιᾷ,
3351 4093 3445 4148 τὸν
3478 4087 3752 4145 κελεύοντα

2196 4190 2484 4261 ὀφθαλμὸν
2513 4190 2636 4245 ἀντὶ
2670 4190 2978 4259 ὀφθαλμοῦ,
3015 4192 3113 4243 καὶ
3150 4189 3351 4242 ὀδόντα
3399 4188 3523 4243 ἀντὶ⁵
3554 4181 3751 4237 ὀδόντος

2198 4286 2517 4349 ἐκϐάλλειν,
2548 4283 2977 4354 ἐπεμϐαίνουσιν
2994 4283 3168 4346 ἀθέως
3189 4284 3443 4351 λέγοντες
3467 4295 3481 4310 ·
3509 4275 3615 4331 Καὶ
3649 4270 3753 4333 πῶς

2201 4378 2268 4432 ἂν
2305 4377 2522 4431 δύναιτο
2569 4376 2775 4444 ἀγαθὸς
2812 4370 2954 4429 εἶναι
3018 4378 3046 4429 ό
3094 4373 3271 4429 ταῦτα
3327 4374 3535 4443 λέγων;
3574 4365 3634 4421 Τί
3667 4362 3751 4417 οὖν

518 4484 838 4538 examinant
875 4494 930 4538 et
957 4484 1275 4554 expendunt
1309 4460 1365 4539 in
1409 4486 1590 4543 Veteri
1623 4460 2087 4559 Testamento'ju-

2199 4472 2336 4543 πρὸς
2363 4469 2542 4526 ταῦτά
2567 4487 2786 4541 φαμεν;
2820 4469 2944 4522 Ὅτι
2974 4469 3233 4539 μέγιστον
3288 4466 3428 4530 εῐδος
3455 4460 3752 4534 φιλανθρω·

520 4576 762 4641 bentem,
794 4587 855 4633 ut
882 4578 1073 4633 oculus
1103 4592 1200 4647 pro
1222 4579 1402 4646 oculo,
1456 4588 1510 4634 et
1567 4580 1705 4634 dens
1763 4597 1863 4650 pro
1928 4557 2087 4637 dente

2197 4566 2329 4627 πίας
2355 4564 2529 4622 ἐστίν.
2584 4563 2660 4616 Οὐ
2718 4566 2826 4631 γὰρ
2886 4563 2972 4615 ἵνα
3002 4562 3129 4622 τοὺς
3160 4560 3414 4631 ἀλλήλων
3475 4557 3749 4650 κόπτωμεν

520 4668 805 4725 evellatur.
857 4671 1036 4740 Atque
1093 4670 1167 4724 ita
1211 4670 1379 4741 impie
1431 4670 1726 4735 irruentes,
1763 4641 2087 4742 Quomodo,

2197 4653 2514 4725 ὀφθαλμοὺς
2534 4651 2754 4705 τέθεικε
2782 4651 2875 4704 τὸν
2906 4651 3073 4721 νόμον
3107 4650 3327 4715 τοῦτον,
3358 4647 3473 4702 ἀλλ’
3500 4647 3586 4698 ἵνα
3617 4641 3753 4712 φόϐῳ

519 4762 798 4832 inquiunt,
833 4733 1013 4818 bonus
1045 4763 1116 4817 sit
1149 4763 1196 4818 is
1224 4733 1316 4831 qui
1347 4763 1474 4817 talia
1508 4733 1957 4834 praecip’iti'Quid
1985 4733 2087 4825 nos

2208 4746 2304 4800 τοῦ
2340 4747 2416 4816 μὴ
2444 4746 2641 4798 παθεῖν
2662 4742 2753 4811 ὐφ’
2779 4745 2983 4814 ἐτέρων
3013 4741 3351 4813 ἀπεχώμεθα
3381 4740 3474 4795 τοῦ
3502 4733 3688 4807 δρᾶσαί
3709 4747 3755 4783 τι

520 4854 587 4909 ad
621 4855 739 4910 haec
788 4854 1287 4925 respondebimus?
1346 4832 1641 4909 Maximam
1678 4832 1764 4910 vid
1823 4857 1915 4913 Dei
1965 4875 2087 4933 erga

2197 4841 2441 4893 τοιοῦτον
2472 4839 2736 4907 ἑταίροις.
2765 4838 2977 4906 Ὠσπερ
3006 4833 3101 4890 οὖν
3121 4839 3234 4899 τοῖς
3266 4834 3578 4893 Νινευῖταις
3606 4832 3751 4896 ὴπεί-

522 4960 624 5001 nos
654 4946 1093 5000 benevolentiam
1122 4946 1387 5000 indicare.
1453 4945 1641 5016 Neque
1700 4948 1846 5002 enim
1910 4919 2087 5008 sanin

2200 4932 2332 5002 λησε
2356 4933 2766 5001 καταστροφὴν,
2832 4932 2931 4999 οὐχ
2989 4930 3078 4982 ἵνα
3118 4930 3318 4991 αὐτοὺς
3367 4925 3532 4995 ἀνέλῃ
3556 4919 3751 4992 (εὶγάρ

522 5038 665 5092 hanc
694 5037 889 5107 legem,
924 5046 985 5090 ut
1027 5038 1186 5091 nobis
1217 5040 1405 5093 oculos
1435 5038 1670 5093 vicissim
1709 5041 2087 5111 eil‘oderemus,

2204 5023 2367 5077 τοῦτο
2401 5022 2676 5086 ἐϐούλετο,
2749 5024 2912 5092 σιγᾷν
2980 5023 3196 5093 ἐχρῆν),
3233 5021 3348 5074 ἀλλ’
3388 5021 3477 5074 ’ίνα
3518 5018 3593 5085 τῷ
3616 5012 3751 5080 φόϐῳ

519 5129 616 5185 sed
660 5130 844 5197 p0tius
879 5136 940 5181 ιιι
964 5142 1028 5181 ca
1071 5128 1343 5191 deterriti,
1405 5144 1475 5182 ne
1506 5131 1976 5187 committeremus
2041 5135 2087 5187 in

2205 5116 2446 5186 βελτίους
2474 5118 2706 5184 ποιήσας
2749 5116 2937 5185 παύσῃ
2967 5114 3065 5185 τὴν
3102 5116 3276 5185 ὀργήν
3311 5130 3325 5144 ο
3361 5112 3505 5166 οὓτω
3535 5110 3622 5162 καὶ
3653 5104 3750 5163 toi;

519 5220 776 5281 alterum,
802 5218 947 5287 quod
992 5217 1155 5271 nobis
1213 5218 1316 5286 ipsi
1356 5218 1690 5276 timeremus.
1732 5222 2087 5287 Quemadmo-

2206 5212 2519 5281 προχείρως
2575 5211 2884 5279 ἐπιπηδῶσι
2929 5212 3041 5273 τοῖς
3094 5210 3298 5279 ἐτέρων
3356 5203 3651 5275 ὀφθαλμοῖς
3678 5214 3752 5248 τι.

521 5312 650 5371 dum
683 5318 740 5365 et
776 5308 1039 5365 Ninivitis
1067 5310 1434 5364 comminatus
1458 5321 1542 5365 est
1590 5313 1951 5382 eversionem,
1984 5333 2087 5372 non

2206 5308 2420 5378 μωρίαν
2457 5307 2678 5377 ἔθηκεν,
2713 5308 2822 5369 ἴνα,
2857 5305 2963 5359 κᾶν
2994 5305 3104 5361 ἀπὸ
3140 5303 3517 5375 προαιρέσεως
3548 5287 3751 5363 ἀγαθῆὅ

519 5414 583 5460 ιιι
610 5419 708 5461 eos
752 5402 1102 5459 exscinderet
1155 5412 1213 5459 et
1260 5402 1544 5458 aboleret:
1602 5407 1888 5461 tacendum
1946 5409 2087 5465 enim

2216 5406 2294 5476 μὴ
2319 5404 2643 5474 βούλωνται,
2679 5401 2995 5470 ἀπέχωνται
3021 5400 3123 5465 τῆς
3152 5396 3463 5467 ὠμότητας.

519 5500 714 5565 fuerat,
745 5500 793 5557 si
815 5500 868 5555 id
898 5499 1122 5556 omnino
1150 5498 1364 5554 eilicere
1407 5497 1761 5563 decrevisset,
1812 5502 1908 5557 sed
1964 5514 2022 5557 ut
2076 5521 2173 5562 eos
2241 5519 2415 5575 paenae
2476 5500 2770 5555 formidine
2822 5496 3076 5552 meliores
3149 5493 3425 5552 redderet,
3484 5495 3642 5556 atque
3683 5477 3752 5575 ita

520 5592 815 5662 iramqua
850 5592 905 5647 in
958 5607 1056 5648 00⁸
1088 5605 1369 5659 ,θεεθιιευε
1400 5600 1539 5660 erat.
1567 5593 1964 5665 exstingueret.
2021 5599 2112 5656 Sic
2146 5608 2203 5657 et
2241 5572 2342 5667 iis,
2395 5596 2488 5667 qui
2539 5601 2784 5665 prompte
2836 5590 2904 5646 ad
2971 5587 3245 5645 eruendos
3300 5584 3531 5640 aliorum
3581 5572 3754 5630 oculos

596 5712 615 5747 ι
645 5707 803 5765 Joan.
841 5726 879 5777 t,
908 5708 996 5777 10,
1027 5710 1116 5767 11.
