4120 6292
329 338 439 400 325

1304 340 1678 401 PANOPLIA
1718 341 2179 404 DOGMATICA.
2221 370 2288 380 ·-
2330 346 2475 407 TlT.
2521 347 2624 406 1X.

3469 346 3578 411 326

330 449 601 511 involant,
625 449 957 520 supplicium
1007 452 1310 518 pmposuit,
1371 462 1427 505 ut
1457 453 1581 519 ejus
1639 453 1939 507 acerbitate
1992 470 2110 519 eos,
2164 455 2209 509 si
2249 456 2392 510 bono
2420 458 2588 510 animi
2618 457 2897 526 proposito
2927 473 3037 513 non
3077 468 3446 526 moverentur,
3478 461 3577 516 de-

328 549 586 595 terreret.

329 658 459 710 Ἔτι
490 654 651 727 κατὰ
681 653 801 727 τῶν
846 657 1064 721 αὐτῶν,
1115 656 1223 713 τοῦ
1265 659 1439 725 ἁγίου
1490 658 1793 724 [inp/1.101)
1835 656 1903 708 ἐκ

2008 653 2140 708 Item
2166 656 2412 727 adversus
2460 658 2682 710 eosdem.
2748 655 2934 711 Sancti
2998 655 3189 727 Cyrilli
3220 678 3284 720 ea:
3333 662 3464 721 libro
3505 670 3579 725 ad

406 728 515 778 τοῦ
548 726 697 806 ίτρὸς
743 726 1141 791 τὸνβασιλέα
1178 727 1504 782 Θεοδόσιον
1548 742 1908 796 προσφωνη-

405 813 598 849 τικου.

409 913 484 965 Τὸ
514 912 870 967 ἁποστολικδν
896 914 1060 984 ῥητὸν
1087 914 1146 968 τὸ
1161 915 1318 982 λέγον
1345 932 1409 967 πε
1421 915 1471 986 pi
1496 913 1587 969 τοῦ
1617 913 1865 984 Σωτῆρος
1886 930 1902 949 ⁸

344 1001 453 1056 Ἔν
496 1002 816 1071 ὁμοιώματι
869 1005 1188 1072 ἀνθρώπου
1241 1011 1567 1075 γενόμενος
1574 1047 1587 1070 ι
1619 1006 1717 1059 καὶ
1752 1005 1908 1072 om.

322 1110 473 1160 ματι
501 1095 769 1162 εὑρεθείς
807 1097 888 1162 ὡς
936 1098 1270 1166 ἅνθρωπος,
1309 1097 1749 1169 προϐαλλόμενος
1778 1096 1906 1148 ἕκα-

331 1201 460 1248 στος
491 1189 601 1241 τῶν
620 1189 917 1259 αίρετικῶν
939 1190 1050 1242 τῶν
1082 1189 1356 1260 βδελυρῶν
1398 1189 1689 1258 δογμάτων
1727 1205 1903 1242 κατα-

329 1278 595 1341 σκευάζει
616 1281 678 1333 τὸ
715 1281 932 1349 ψεῦδος.
970 1283 1188 1353 ⁸’Δρειος
1213 1283 1332 1352 μὲν,
1360 1283 1451 1335 καὶ
1486 1282 1775 1349 Εὑνὸμιος,
1812 1280 1904 1334 καὶ

341 1370 772 1439 ’Δπολλινάριος,
808 1376 900 1426 καὶ
938 1373 999 1426 τὸ
1044 1374 1316 1443 ὁμοίωμα,
1351 1373 1444 1425 καὶ
1492 1372 1552 1424 τὸ
1581 1372 1767 1441 σκῆμα
1806 1369 1901 1421 τοῦ

325 1464 623 1534 ἀνθρώπου
668 1464 729 1515 τὸ
787 1466 1115 1533 φαινόμενον
1180 1468 1281 1534 τῆς
1330 1466 1612 1534 ἡμετέρας
1683 1462 1903 1531 φύσεως

329 1556 499 1626 μόνον
554 1558 843 1626 σημαίνειν
906 1558 1360 1627 διαγορεύοντεςο
1412 1559 1460 1610 οἱ
1520 1556 1577 1608 δὲ
1613 1556 1715 1625 τῆς
1790 1553 1901 1608 τῶν

325 1649 571 1702 Δοκιτῶν
625 1649 904 1717 φάλαγγος
953 1650 1054 1720 (8),
1114 1649 1209 1702 καὶ
1260 1648 1319 1702 τὸ
1372 1648 1649 1718 ὁμοίωμα,
1697 1645 1793 1699 xal.
1839 1644 1900 1699 τὸ

325 1743 518 1811 σχῆμα
546 1743 629 1804 εἰς
660 1742 819 1794 σκιάν
849 1758 993 1804 τινα,
1028 1743 1120 1794 καὶ
1146 1740 1422 1805 εἰκασίαν,
1467 1742 1560 1793 καὶ
1591 1737 1898 1807 φαντασίαν

327 1832 551 1902 σώματι
617 1834 860 1886 ἐοικυῖαν
927 1831 1319 1897 λαμϐάνοντες.
1359 1830 1466 1883 Καὶ
1540 1830 1657 1897 μεθ’
1712 1829 1896 1898 ἔτερα·

338 1921 536 1991 Ἡμεῖς
570 1924 626 1976 δὲ
658 1923 719 1976 τὸ
744 1926 802 1975 ὲν
834 1923 1142 1993 ὁμοιώματι
1169 1922 1461 1992 ἀνθρώπου
1499 1921 1775 1991 γενέσθαι,
1805 1924 1897 1974 καὶ

2307 726 2646 780 Theodosium
2666 729 3036 795 imperatorem
3048 726 3269 799 scripto.

2075 906 2148 959 Ea
2179 906 2420 977 Apostoli
2446 908 2607 962 verba
2636 909 2704 963 de
2757 907 3046 965 Servatore
3077 930 3092 966 :
3142 911 3205 966 In
3233 914 3579 976 similitudine

2003 998 2269 1051 hominum
2307 1000 2502 1068 factus,
2524 1008 2573 1053 et
2625 1000 2811 1054 habitu
2845 1003 3081 1057 inventus
3113 1020 3171 1058 ut
3217 1009 3370 1061 homo
3402 1010 3442 1078 ³,
3491 1026 3582 1066 ar.

2004 1087 2207 1157 ripiunt
2241 1089 2498 1154 haeretici,
2534 1098 2591 1143 ut
2623 1092 2969 1146 exsecranda:
3006 1092 3267 1150 doctrinas
3288 1112 3398 1152 suae
3426 1114 3579 1155 men-

2002 1176 2157 1231 dacia
2186 1186 2439 1232 tueantur
2472 1188 2637 1247 atque
2668 1179 3021 1236 confirment.
3070 1180 3205 1236 Nam
3236 1185 3403 1239 Arius
3455 1187 3580 1256 qui-

2002 1265 2150 1332 dem,
2184 1278 2238 1322 et
2260 1266 2581 1330 Eunomius,
2650 1277 2701 1322 et
2734 1268 3102 1339 Apollinarius
3168 1273 3579 1330 similitudinem

2002 1365 2057 1412 et
2083 1358 2326 1412 habitum
2367 1360 2445 1413 sic
2473 1360 2774 1429 accipiunt,
2808 1368 2869 1414 ut
2933 1369 3143 1416 natura:
3192 1371 3399 1417 nostra:
3454 1380 3580 1435 spe-

2000 1456 2138 1508 ciem
2189 1455 2454 1509 duntaxat
2503 1456 2790 1524 quamdam
2829 1456 3154 1525 signiﬁcent.
3186 1456 3431 1527 Reliqua
3483 1474 3580 1514 au-

2002 1554 2110 1598 tem
2175 1546 2559 1601 hereticorum
2605 1548 2778 1616 copim
2819 1563 2917 1618 per
2963 1548 3375 1604 similitudinem
3404 1551 3579 1606 etha-

1998 1637 2172 1691 bitum
2203 1638 2452 1691 umbram
2479 1638 2792 1708 quamdam,
2856 1647 2915 1693 et
2978 1639 3295 1710 imaginem,
3343 1650 3400 1696 et
3459 1639 3578 1697 for-

1998 1744 2140 1782 mam
2168 1730 2382 1800 corpori
2413 1730 2641 1785 similem
2675 1731 3129 1800 interpretantur.
3163 1734 3228 1789 Et
3282 1745 3405 1805 post
3427 1734 3530 1790 alia
3558 1750 3577 1791 :

1996 1820 2105 1875 Nos
2131 1830 2311 1875 autem
2344 1822 2397 1875 in
2428 1822 2783 1877 similitudine
2819 1824 3054 1877 hominis
3088 1823 3314 1889 factum,
3351 1835 3408 1881 et
3472 1827 3575 1881 ha-

1996 1911 2111 1966 bitu
2156 1912 2436 1967 inventum
2471 1912 2586 1967 sive
2632 1912 2907 1984 cognitum
2949 1923 3010 1967 ut
3048 1915 3346 1982 hominem,
3382 1915 3461 1971 sic
3494 1918 3578 1972 in-

310 2017 575 2085 ,σχήματι
604 2014 915 2085 εὑρεθῆναι,
945 2016 1063 2085 ἧτοι
1093 2015 1464 2085 γνωρισθῆναι
1495 2014 1568 2076 di;
1592 2013 1898 2084 ἄνθρωπον,

2007 1999 2321 2069 telligimus,
2371 2010 2430 2054 ut
2479 2010 2730 2055 naturam
2796 2012 3039 2056 nostram
3098 2006 3473 2076 assumpserit,
3520 2015 3578 2062 et

320 2106 472 2160 οὕτω
510 2108 797 2178 νοήσωμεν
824 2119 839 2134 ⁶
882 2107 964 2159 ὅτι
1013 2107 1113 2174 τὴν
1149 2108 1428 2176 ἡμετέραν
1460 2103 1624 2174 φύσιν
1661 2102 1902 2174 προσλαο

323 2201 458 2267 ὁὼν,
499 2202 591 2255 καὶ
622 2202 735 2265 ἴσος
791 2201 928 2271 ἡμῖν
980 2196 1069 2271 ἦν,
1118 2201 1213 2252 καὶ
1256 2199 1475 2269 ὅμοιος·
1527 2199 1639 2261 ίσος
1674 2200 1794 2268 μὲν,
1824 2198 1900 2263 ὡς

327 2296 551 2366 μορφὴν
603 2295 791 2349 δούλου
863 2289 1066 2355 λαϐὼν,
1107 2291 1277 2361 ἤγουν
1348 2291 1512 2361 φύσιν
1564 2290 1894 2361 ἀνθρώπουο

325 2392 519 2459 ὅμοιος
573 2389 649 2452 δὲ,
690 2387 765 2451 ὡς
815 2388 935 2458 δίχα
992 2389 1330 2457 σπέρματος.
1387 2386 1460 2437 To
1517 2385 1616 2455 μὲν
1677 2385 1786 2455 γὰρ
1835 2385 1901 2436 ἐκ

330 2480 591 2552 γυναικὸς
642 2478 1006 2551 ἀνθρώπινον,
1063 2480 1126 2533 τὸ
1174 2479 1233 2532 δὲ
1290 2480 1354 2531 ἐκ
1409 2478 1686 2547 παρθένου
1758 2476 1900 2544 ὑπὲρ

326 2573 637 2644 ἄνθρωπον.
702 2571 792 2624 Ἐν
853 2570 1161 2640 ὁμοιώματι
1215 2570 1314 2640 μὲν
1373 2564 1468 2621 οὖν
1518 2564 1662 2631 εἷπε,
1698 2565 1785 2619 διὰ
1838 2566 1901 2618 τὸ

320 2665 497 2719 τᾶλλα
546 2663 647 2733 μὲν
704 2664 816 2716 ίσον
868 2665 999 2732 ἡμῖν
1045 2658 1187 2714 εἶναι
1246 2660 1387 2714 κατὰ
1434 2660 1534 2731 τὴν
1577 2660 1762 2728 φύσιν,
1798 2659 1900 2712 οὐκ

244 2814 259 2821 _
321 2758 520 2829 ἔχειδὲ
566 2758 628 2810 τὸ
681 2759 747 2810 ἐκ
792 2760 1107 2826 σπέρματος
1152 2754 1499 2809 συνεστάναι.
1539 2755 1613 2806 Τὸ
1661 2752 1793 2806 αὐτὸ
1842 2752 1899 2805 δὲ

320 2851 476 2920 δηλοῖ
525 2850 619 2902 καὶ
683 2849 740 2900 τὸ
799 2848 1065 2917 Σχήματι
1139 2845 1398 2913 εὑρεθεὶς
1444 2845 1524 2911 ὡς
1567 2844 1899 2912 ἅνθρωπος.

323 2943 523 3012 Σχῆμα
558 2959 664 3009 γμρ
693 2943 854 2995 πάλιν
880 2940 1027 3008 εἷπε,
1054 2941 1189 2994 διότι
1224 2942 1272 2992 εί
1324 2940 1417 2992 καὶ
1456 2938 1515 2991 τὸ
1557 2937 1900 3007 ἀνθρώπινον

324 3030 467 3099 εἶδος
501 3030 635 3104 εἶχε,
660 3035 754 3087 καὶ
782 3034 998 3104 ἀληθῶς
1038 3033 1171 3088 αὐτὸ
1201 3031 1615 3103 περιεόέδ).ητο,
1650 3028 1766 3083 ἀλλ’
1808 3024 1901 3081 οὖν

318 3129 494 3183 πλέον
529 3126 675 3197 εἶχεν
725 3127 1016 3198 ἀνθρώπου
1064 3124 1140 3197 τῷ
1194 3127 1268 3197 μὴ
1318 3125 1474 3196 ψιλὸν
1528 3122 1688 3177 αὐτὸν
1735 3118 1899 3188 εἶναι,

321 3223 451 3278 ἀλλ’
485 3225 768 3295 ἡνωμένον
796 3221 1032 3281 θεότητι.
1063 3220 1199 3275 Είδὲ
1233 3220 1370 3273 κατὰ
1399 3219 1700 3287 φαντασίαν
1744 3217 1896 3270 ἐναν-

319 3315 620 3385 θρωπῆσαι
673 3314 765 3366 τὸν
788 3313 1017 3382 Σωτῆρα
1066 3310 1545 3381 δεξόμεθα,μάτην
1586 3311 1635 3362 οἱ
1679 3307 1907 3363 ἀπόστο-
1935 3322 1976 3380 c

324 3409 442 3472 λοι,
476 3408 652 3476 μάτην
673 3406 733 3456 τὸ
774 3404 1060 3473 κήρυγμα,
1095 3403 1189 3455 καὶ
1213 3403 1489 3472 συντόμως
1527 3402 1701 3455 εἰπεῖν
1729 3399 1785 3453 of
1817 3414 1907 3469 χε-

318 3518 421 3553 ται
459 3501 627 3552 πᾶσιν
658 3499 693 3568 ἠ
727 3499 999 3567 σωτηρίας
1041 3495 1218 3558 ἐλπίς.

863 3742 1213 3812 Κεφάλαιον
1258 3738 1369 3795 κθ.

476 3819 609 3871 Ἔτι
641 3813 792 3869 κατὰ
819 3814 938 3868 τῶν
966 3812 1185 3877 αὐτῶν,
1218 3813 1323 3866 τοῦ
1354 3812 1777 3882 Δαμασκηνοῦ.

401 3908 531 3967 Ὀτι
571 3912 632 3963 οὐ
668 3908 764 3963 δύο
794 3909 979 3979 ἀρχαὶ,
1020 3906 1122 3976 μία
1154 3904 1356 3976 ἀγαθὴ,
1395 3905 1489 3958 καὶ
1529 3907 1630 3977 μία
1669 3907 1904 3979 πονηρὰ.

318 4001 590 4060 ἐντεῦθεν
624 3998 902 4069 εἰσόμεθα.
952 3997 1199 4051 Ἐναντία
1233 3996 1371 4050 εἰσὶν
1401 3996 1653 4066 ἀλλήλοις
1682 3998 1742 4050 τὸ
1771 4000 1909 4067 ἀγα-

320 4097 452 4158 Θόν,
485 4093 667 4146 καὶτὸ
700 4092 957 4162 πονηρὸν,
989 4091 1084 4144 καὶ
1116 4088 1360 4159 ἀλλήλων
1400 4087 1696 4157 φθαρτικὰ,
1725 4091 1820 4143 καὶ
1848 4092 1906 4145 ὲν

316 4186 609 4255 ἀλλήλοις,
642 4185 795 4254 ἣσὺν
825 4181 1073 4252 ἀλλήλοις
1100 4180 1197 4250 οὐχ
1231 4180 1590 4249 ὑφιστάμενα.
1631 4180 1719 4235 Ἐν
1748 4183 1906 4253 μέρει

316 4277 426 4335 οὖν
458 4280 663 4332 τούτων
700 4276 929 4329 ἕκαστον
959 4274 1113 4328 ἔσται
1156 4271 1248 4327 τοῦ
1287 4273 1505 4336 παντός.
1546 4274 1655 4327 Καὶ
1688 4274 1903 4343 πρῶτον

318 4372 438 4444 μὲν
483 4372 990 4439 περιγραφήσονται
1031 4366 1129 4436 οὐχ
1177 4363 1284 4418 ὑπὸ
1327 4365 1420 4417 τοῦ
1471 4364 1672 4429 παντὸς
1721 4367 1903 4435 μόνον,

315 4465 475 4519 ἀλλὰ
511 4464 606 4517 καὶ
650 4462 755 4514 ὑπὸ
792 4460 996 4532 μέρους
1028 4460 1122 4512 τοῦ
1158 4458 1359 4520 παντὸς
1391 4459 1599 4511 τούτων
1637 4459 1864 4513 ἕκαστον
1887 4474 1903 4490 ·

316 4557 527 4610 ἒπειτα
563 4553 646 4617 τίς
684 4554 713 4606 ὁ
744 4552 844 4621 τὴν
882 4552 1067 4622 χώραν
1104 4549 1317 4619 ἑκάστῳ
1356 4551 1789 4621 ἀποτεμόμενος
1827 4552 1902 4606 Οὐ

2000 2090 2223 2158 aequalis
2252 2091 2412 2146 nobis
2434 2106 2497 2146 ac
2525 2092 2719 2148 similis
2755 2092 2938 2149 fuerit.
2972 2094 3246 2165 Equalis,
3276 2097 3402 2167 quia
3428 2099 3575 2155 servi

2001 2179 2255 2248 formam,
2288 2196 2386 2237 seu
2410 2192 2663 2239 naturam
2694 2185 2991 2242 humanam
3044 2188 3282 2257 accepit.
3342 2188 3573 2256 Similis,

2001 2270 2127 2340 quia
2161 2273 2280 2326 sine
2309 2273 2537 2328 semine.
2565 2272 2699 2330 Nam
2732 2276 2876 2345 quod
2910 2292 2979 2333 ex
3025 2278 3257 2334 muliere
3289 2289 3452 2336 natus
3481 2282 3577 2348 sit,

2002 2364 2303 2418 humanum
2332 2364 2384 2418 id
2415 2374 2518 2419 est.
2543 2364 2701 2432 Quod
2730 2376 2913 2421 autem
2948 2382 3014 2423 ex
3047 2368 3279 2439 virgine.
3336 2369 3391 2425 id
3445 2386 3581 2429 vero

2002 2455 2240 2510 humana
2294 2456 2613 2512 conditione
2671 2460 3043 2529 praestantius.
3100 2459 3159 2515 ln
3219 2462 3579 2520 similitudine

2002 2548 2165 2617 igitur
2197 2547 2354 2610 dixit,
2379 2548 2642 2618 quoniam
2677 2564 2801 2604 cum
2848 2550 2902 2603 in
2933 2550 3159 2620 reliquis
3182 2567 3279 2622 par
3302 2563 3459 2609 esset
3477 2568 3580 2608 no-

2002 2641 2085 2695 bis
2126 2648 2182 2694 et
2206 2641 2448 2709 aequalis,
2479 2650 2741 2710 quantum
2803 2641 2870 2696 ad
2897 2650 3147 2696 naturam
3180 2644 3438 2711 pertinet,
3465 2658 3578 2699 non

2003 2742 2187 2787 tamen
2215 2749 2280 2787 ex
2319 2734 2528 2788 semine
2582 2743 2888 2803 conceptus
2937 2742 3043 2789 est.
3108 2734 3367 2805 Idemque
3395 2736 3580 2792 verbis

2002 2823 2109 2879 illis
2134 2825 2494 2892 signiﬁcatur,
2531 2825 2601 2880 Et
2632 2826 2836 2888 habitu,
2869 2841 2963 2881 seu
2998 2826 3189 2897 ﬁgura,
3236 2827 3478 2881 inventus
3520 2835 3579 2880 ut

2002 2912 2175 2965 homo.
2210 2912 2460 2983 Figuram
2519 2914 2665 2967 enim
2713 2914 2867 2979 dixit,
2930 2915 3058 2984 quia
3115 2915 3239 2969 licet
3280 2915 3578 2969 humanam

2004 3001 2266 3069 speciem,
2292 3012 2347 3056 et
2390 3012 2637 3056 naturam
2679 3003 2929 3067 haberet,
2988 3017 3224 3068 vereque
3272 3004 3430 3058 illam
3489 3003 3578 3057 in-

2003 3086 2233 3152 duisset,
2268 3089 2491 3144 homine
2522 3098 2705 3144 tamen
2763 3089 3003 3146 habebat
3057 3092 3267 3161 aliquid
3296 3090 3576 3148 excellen-

2007 3183 2131 3246 tius,
2167 3180 2294 3250 quia
2324 3195 2435 3235 non
2474 3196 2644 3250 purus
2673 3191 2789 3237 erat
2840 3193 2894 3236 et
2956 3183 3184 3252 simplex
3245 3182 3430 3247 homo,
3478 3182 3577 3238 sed

2009 3290 2134 3330 cum
2169 3273 2451 3330 divinitate
2481 3274 2827 3344 coniunctus.
2851 3273 3006 3339 Quod
3046 3275 3090 3329 si
3127 3275 3309 3344 specie
3334 3283 3572 3337 tantum,

2009 3364 2330 3437 etimagine
2373 3365 2631 3433 quadam,
2687 3377 2751 3417 ac
2816 3363 3165 3417 simulatione
3227 3363 3577 3417 Servatorem

2006 3460 2246 3515 hominis
2271 3456 2635 3527 assumpsisse
2668 3463 2918 3509 naturam
2968 3453 3329 3518 admittimus,
3390 3451 3575 3507 inanis

2009 3536 2125 3605 fuit.
2146 3550 2300 3605 labor
2327 3549 2721 3619 apostolorum,
2772 3547 2956 3601 inanis
2991 3556 3076 3602 est
3122 3545 3397 3617 Evangelii
3447 3558 3577 3617 pro-

2006 3639 2291 3712 mulgatio,
2321 3639 2498 3695 inanis
2526 3639 2763 3709 denique
2809 3637 3003 3693 salutis
3042 3651 3188 3707 spes.

2215 3772 2351 3828 Item
2381 3784 2563 3829 contra
2596 3775 2824 3831 eosdem.
2853 3774 3165 3831 Damascem'
3215 3776 3302 3832 29.

2084 3930 2202 3986 Duo
2243 3946 2352 3985 non
2377 3946 2496 3985 esse
2523 3930 2807 4000 principia,
2836 3948 3004 3989 unum
3020 3933 3241 4003 bonum,
3272 3947 3326 3993 et
3346 3938 3574 3998 alterum

2008 4022 2233 4088 malum,
2261 4023 2342 4079 sic
2376 4022 2757 4093 intelligemus.
2800 4024 3007 4079 Bonum
3065 4038 3120 4083 et
3190 4030 3388 4086 malum
3442 4048 3576 4090 con-

2008 4116 2173 4170 traria
2206 4123 2356 4180 sunt,
2406 4129 2573 4183 seque
2602 4114 2841 4170 vicissim
2886 4117 3232 4185 interimunt,
3259 4132 3316 4176 et
3384 4139 3574 4181 eorum

2007 4216 2300 4276 utrumque
2336 4221 2437 4260 nec
2469 4206 2524 4261 in
2573 4206 2767 4270 altero,
2819 4223 2923 4263 nec
2981 4225 3106 4264 cum
3163 4212 3335 4269 altero
3396 4227 3577 4286 potest

2008 4296 2329 4351 consistere.
2381 4295 2682 4366 Separalim
2716 4296 2879 4368 igitur
2907 4307 3087 4362 erunt.
3130 4300 3182 4355 in
3220 4302 3336 4371 ipsa
3391 4321 3573 4364 rerum

2009 4388 2386 4455 universitate,
2423 4396 2475 4442 et
2519 4388 2757 4457 primum
2808 4388 2879 4443 ita
2934 4390 3473 4462 circumscribentur,
3517 4410 3577 4455 ut

2007 4493 2116 4533 non
2158 4480 2330 4533 solum
2364 4478 2418 4532 in
2464 4478 2667 4534 mundo
2696 4479 2822 4545 sint,
2855 4479 2951 4536 sed
2978 4498 3145 4538 unum
3168 4485 3225 4539 in
3253 4502 3360 4542 una
3387 4490 3576 4545 mundi

2008 4580 2189 4639 parte,
2226 4570 2457 4624 alterum
2507 4570 2563 4625 in
2613 4571 2739 4625 alia.
2768 4569 2884 4626 Jam
2942 4575 3067 4643 quis
3126 4577 3341 4646 utrique
3395 4581 3574 4649 regio-

320 4653 450 4718 γὰρ
482 4645 734 4716 ἀλλήλοις
775 4644 1174 4715 συνενεχθῆναι,
1211 4646 1303 4698 καὶ
1336 4644 1771 4714 ωμὸιὸασθῆναι
1801 4646 1903 4715 φή.

2011 4674 2136 4713 nem
2164 4658 2453 4729 descripsit
2482 4659 2674 4713 suam?
2696 4657 2881 4728 Neque
2935 4661 3078 4714 enim
3113 4644 3339 4716 inter—se
3373 4644 3576 4721 conive-

317 4756 546 4796 σαυσιν.
595 4736 748 4792 Ἐπεὶ
778 4737 839 4790 οὐ
870 4736 1042 4790 κακὸν
1068 4736 1129 4789 τὸ
1159 4735 1328 4790 κακὸν
1358 4738 1580 4807 εἰρήνην
1608 4737 1741 4805 ἄγον
1773 4737 1906 4807 πρὸς

315 4831 397 4886 τὸ
446 4828 678 4899 ἀγαθὸν,
723 4829 819 4880 καὶ
863 4827 1334 4899 συμόισαζόμενον
1360 4845 1375 4860 ’
1421 4828 1543 4883 οὐδὲ
1587 4830 1791 4897 ἀγαθὸν
1845 4830 1906 4884 τὸ

313 4922 540 4991 ἀγαθὸν
593 4919 820 4991 φιλικῶς
881 4922 1021 4991 πρὸς
1078 4919 1139 4973 τὸ
1200 4921 1369 4974 κακὸν
1419 4920 1783 4991 διακείμενον.
1839 4923 1902 4977 El

316 5016 379 5070 δ’
430 5014 618 5085 ἕτερος
664 5014 694 5066 ὁ
738 5010 944 5065 τούτων
989 5010 1204 5080 ἑκάστῳ
1244 5011 1344 5082 τὴν
1386 5012 1595 5067 οἰκείαν
1635 5014 1902 5084 ἀφορίσας

312 5104 639 5177 διατριϐὴν,
689 5104 893 5165 ἐκεῖνος
942 5102 1143 5171 μᾶλλον
1180 5104 1330 5157 ἔσται
1371 5103 1519 5167 Θεός.
1569 5104 1806 5175 Ἀνάγκη
1846 5105 1902 5159 δὶ

316 5203 425 5255 καὶ
445 5201 593 5252 δυοῖν
620 5198 866 5267 θάτερον,
892 5196 922 5266 ἢ
976 5196 1265 5255 ἅπτεσθαι.
1298 5198 1390 5249 καὶ
1414 5198 1656 5265 φθείρειν
1677 5197 1900 5268 ἄλληλα,

316 5294 359 5359 ἢ
395 5287 541 5344 εἷναί
571 5306 626 5341 τι
658 5290 848 5358 μέσον,
878 5288 936 5341 ὲν
969 5281 1012 5355 ᾧ
1044 5288 1165 5341 οὐδὲ
1198 5288 1259 5340 τὸ
1297 5286 1488 5351 κακὸν,
1520 5287 1641 5341 οὐδὲ
1674 5290 1734 5342 τὸ
1765 5290 1905 5358 ἁγα-

319 5385 428 5439 θόν
455 5382 630 5449 ἔσται,
657 5381 847 5450 ὥσπερ
885 5398 936 5433 τι
964 5380 1288 5451 διάφραγμα
1316 5379 1551 5451 διεῖργον
1578 5380 1636 5448 ἐξ
1658 5380 1904 5451 ἀλλήλων

410 5502 429 5531 ι
462 5498 697 5569 Philipp.
744 5513 801 5565 ιι,
828 5499 881 5553 7.

414 5614 494 5685 (8)
525 5614 604 5668 Ad
627 5613 818 5685 verba,
848 5613 911 5685 οι
950 5608 1007 5664 δὲ
1047 5607 1147 5685 τῇς
1175 5607 1284 5685 τῷγ
1331 5604 1902 5685 Δακῶν-φάλαγγος.

324 5676 537 5753 legitur
580 5676 845 5738 scholium
893 5682 947 5753 in
973 5676 1185 5753 Acodice
1236 5676 1590 5753 Musqueusil
1632 5677 1894 5753 εΔοκίται

328 5748 438 5811 τιᾶὶ
455 5753 877 5822 Φαντασιασταὶ,
903 5752 952 5806 oi
968 5749 1187 5821 δοκήσει
1206 5748 1298 5801 καὶ
1316 5748 1583 5818 φαντασία
1606 5750 1890 5817 γεγονέναι

2011 4751 2182 4815 uisse,
2211 4758 2266 4804 et
2294 4750 2475 4805 foedus
2502 4751 2690 4806 iniisse
2729 4750 2928 4806 dicent.
2958 4749 3404 4823 Quandoquidem
3455 4771 3575 4811 ma-

2010 4840 2119 4896 lum
2153 4857 2262 4897 non
2289 4849 2434 4897 esset
2466 4842 2687 4906 malum,
2723 4844 2767 4896 si
2798 4842 3037 4897 amicitia
3069 4859 3191 4897 cum
3250 4847 3396 4900 bono
3438 4861 3572 4902 con-

2004 4932 2252 5004 junctum
2297 4942 2470 4991 esset:
2509 4948 2610 4988 nec
2662 4935 2865 4988 bonum
2898 4943 3043 4989 esset
3101 4933 3326 5001 bonum,
3382 4938 3428 4993 si
3496 4939 3571 4995 illi

2006 5040 2132 5083 cum
2179 5025 2321 5079 malo
2376 5024 2713 5081 conveniret.
2776 5022 2872 5077 Sin
2936 5025 3129 5079 tertius
3168 5025 3365 5096 aliquis
3414 5046 3571 5086 suum

2010 5117 2225 5187 utrique
2283 5116 2620 5170 domicilium
2676 5114 3012 5184 praelinivit,
3074 5117 3161 5171 ille
3216 5121 3396 5189 potius
3471 5124 3575 5178 erit

2006 5211 2168 5265 Deus.
2271 5208 2607 5262 Alterutrum
2692 5217 2873 5261 autem
2962 5217 3048 5261 est
3150 5212 3570 5276 necessarium,

2006 5308 2065 5353 ut
2120 5297 2202 5352 vel
2264 5312 2322 5351 se
2357 5296 2675 5368 contingant
2731 5308 3028 5368 mutuoque
3093 5301 3429 5366 interimant,
3490 5302 3575 5355 vel

2006 5388 2152 5443 inter
2215 5402 2281 5443 ea
2338 5389 2410 5443 sit
2469 5388 2689 5459 aliquod
2739 5390 3101 5475 mediumnin
3144 5407 3254 5461 quo
3315 5407 3419 5447 nec
3472 5391 3578 5447 bo-

2006 5611 2255 5681 λέγοντες
2289 5609 2390 5681 τὴν
2435 5608 2587 5663 θείαν
2617 5609 3035 5681 ἐνανθρώπησιν
3062 5626 3076 5641 ’
3124 5610 3299 5664 ὁποῖοί
3334 5611 3440 5665 είσι
3479 5613 3575 5668 καὶ

1998 5687 2056 5808 ὅὶ,
2082 5680 2351 5752 ἀνωτέρω
2381 5683 2438 5735 ἐν
2461 5681 2605 5751 ἀρχῇ
2627 5680 2721 5734 τοῦ
2764 5680 3028 5749 παρόντος
3058 5680 3241 5740 τίτλον
3272 5698 3597 5758 μνημθεὶνευ-¹

2034 5769 2204 5817 εντες.
