4120 6292
382 396 499 463 3Ξ9

1371 400 1745 464 PANOPLIA
1783 400 2243 465 DOGMA'PICA.
2277 425 2345 435 -
2383 402 2531 469 Τιτ.
2568 404 2637 462 Χ.

3527 412 3634 474 330

388 512 777 575 ιδιοσύστατοι,
811 513 904 568 καὶ
934 515 993 568 ὲν
1017 514 1268 587 ἀλλήλοις
1297 517 1664 587 θεωρούμενοι
1686 517 1826 572 κατὰ
1860 517 1958 585 τὴν

2064 515 2316 584 quiddam
2336 531 2565 573 nantem
2588 525 2715 573 sunt
2770 517 2926 575 Pater
2959 529 3017 572 et
3067 518 3255 585 Filius,
3284 521 3378 578 sed
3427 523 3481 578 in
3533 541 3634 582 sua

352 646 358 687 ξ
396 601 694 669 τιυτότητα
717 603 817 672 τῆς
847 604 1059 671 οὐσίας,
1091 607 1140 658 εί
1168 606 1262 660 καὶ
1291 602 1373 670 εἷς
1403 608 1464 674 ἐξ
1490 608 1630 669 ἑνὸς.
1665 605 1869 678 δηλαδῆ
1898 608 1961 659 ἐκ

351 693 358 747 ἶ
391 689 611 760 Πατρὺς
637 692 665 743 6
691 692 833 753 Υἱός.

354 878 360 941 ε
475 868 624 939 Ἐγὼ
654 870 751 923 καί
780 873 811 924 ό
842 870 1043 939 Πατὴρ
1070 873 1139 926 ἓν
1168 873 1376 941 ἐσμεν,
1408 874 1646 941 ἔφασκεν
1684 872 1713 924 6
1745 858 1957 944 Σωτὴρ,

354 946 469 1026 rei);
498 963 653 1025 εἰδὼς
677 962 919 1034 δηλονότι
952 966 1046 1017 καὶ
1073 965 1265 1019 ἑαυτὸν
1298 966 1443 1028 ἰδίως
1472 966 1842 1034 ὑφεστηκότα,
1867 968 1961 1019 καὶ

385 1053 482 1106 τὸν
504 1054 759 1125 Πατέρα.
791 1056 851 1107 El
880 1056 937 1109 δὲ
976 1056 1050 1127 μὴ
1085 1056 1258 1119 οὕτως
1284 1056 1399 1125 ἔχει
1437 1057 1532 1109 τοῦ
1569 1056 1896 1127 πράγματος
1924 1058 1956 1126 ἡ

387 1146 642 1215 ἀλήθεια,
674 1146 726 1199 τί
757 1146 831 1215 μὴ
851 1149 1098 1217 τηρήσας
1120 1150 1185 1218 τῇ
1218 1148 1365 1201 ὲνὰδι
1389 1148 1451 1201 τὸ
1478 1149 1678 1218 τρέπον
1699 1146 1957 1216 ἔφασκεν,

406 1236 555 1304 Ἐγὼ
575 1236 727 1291 καὶὸ
758 1236 960 1304 Πατὴρ
983 1238 1054 1291 ἓν
1082 1241 1229 1307 sim;
1264 1239 1480 1309 Ἐπειδὴ
1513 1240 1569 1292 δὲ
1602 1240 1681 1302 είς
1719 1238 1959 1309 πληθυν-

387 1327 545 1381 τικὸν
595 1328 828 1400 ἀριθμὸν
866 1330 927 1381 τὸ
962 1330 1358 1400 σημαινόμενον
1397 1331 1642 1397 ὲξαπλοῖ,
1682 1330 1840 1398 δῆλος
1894 1332 1960 1383 ἂν

387 1418 482 1488 εἴη
539 1417 726 1472 λοιπὸν
774 1417 872 1483 τὴν
919 1418 1029 1473 τῶν
1079 1420 1402 1490 ἑτεροδόξων
1450 1422 1774 1493 ἀνατρέπων
1823 1421 1960 1474 ὑπό-

386 1526 565 1567 νοιαν.

478 1602 574 1653 Ἐκ
620 1601 723 1670 τῆς
767 1601 954 1665 οὐσίας
985 1603 1113 1656 ὄντα
1161 1599 1261 1672 τῆς
1298 1603 1392 1656 τοῦ
1438 1604 1575 1659 Θεοῦ
1620 1606 1714 1658 καὶ
1749 1608 1959 1677 [ἰατρὸς

390 1692 751 1746 ἐπιδεικνύων
787 1693 983 1746 ἑαυτὸν
1018 1696 1045 1745 6
1085 1692 1210 1754 Υίός
1250 1693 1382 1762 φησί
1416 1710 1519 1747 που
1560 1694 1719 1748 πάλιν
1753 1711 1766 1724 ⁸
1799 1694 1963 1765 ,Ἐγὼ

382 1785 459 1836 ἐκ
499 1782 605 1837 τοῦ
644 1785 871 1850 Πατρός
910 1783 1196 1851 ἐξῆλθον,
1235 1786 1336 1841 καὶ
1375 1787 1522 1854 ἥκω.
1568 1786 1692 1849 [ιὼς
1730 1783 1822 1841 οὖν
1863 1787 1961 1857 οὐχ

385 1877 579 1946 item;
630 1877 783 1931 ἔσται
831 1877 963 1945 παρ’
1012 1877 1197 1942 αὐτὸν,
1250 1878 1326 1941 ὡς
1373 1882 1430 1932 ὲν
1488 1877 1808 1943 ὑποστάσει,
1865 1877 1961 1930 καὶ

387 1967 639 2038 ἀριθμῷ,
675 1969 873 2029 παντὸς
902 1969 1049 2040 ἡμᾶς
1077 1969 1463 2032 ἀναπείθοντος
1496 1968 1657 2035 λόγου
1691 1970 1751 2020 τὸ
1781 1969 1843 2020 ἔκ
1876 1986 1962 2044 τις

385 2074 478 2116 vo;
514 2055 775 2125 προελθὸν
803 2054 991 2125 ἓτερον
1025 2052 1165 2108 εἶναι
1200 2054 1329 2126 παρ’
1358 2058 1535 2110 ἐκεῖνο
1567 2057 1730 2118 νοεῖν,
1767 2055 1861 2125 ἀφ’
1898 2048 1961 2109 οὗ

385 2147 455 2214 δὴ
478 2147 574 2199 καὶ
591 2146 990 2217 προελήλυθενς
1020 2146 1229 2201 Οὐκοῦν
1258 2147 1461 2222 ἀληθὴς
1483 2147 1733 2217 οὐδαμῶς
1763 2150 1876 2211 τοῖς
1893 2147 1962 2201 δι’

385 2236 644 2300 ἐναντίας
681 2240 708 2293 6
740 2222 917 2305 λόγος.

476 2327 569 2394 Ἐξ
598 2329 766 2399 ὀργῆς
796 2328 1187 2399 ἐμπεπρῆσθαι
1217 2327 1353 2380 Θεοῦ
1384 2327 1487 2390 τὰς
1520 2327 1627 2380 τῶν
1657 2326 1962 2397 Σοδομιτῶν

390 2420 578 2482 πόλεις
615 2420 649 2489 ἡ
692 2418 811 2472 θεία
857 2419 1005 2487 λέγει
1044 2420 1257 2491 Γραφή.
1305 2418 1675 2488 Ἑξηγουμένη
1721 2418 1780 2471 δὲ
1815 2420 1961 2482 ὅπως

392 2511 579 2572 αὐτοῖς
617 2512 643 2563 ὁ
679 2509 821 2572 θεῖος
857 2511 1217 2580 ὲπενήνεκται
1252 2510 1457 2580 θυμὸς,
1499 2512 1594 2562 καὶ
1632 2510 1722 2562 τὸν
1760 2511 1961 2580 τρόπον

385 2600 492 2669 τῆς
523 2598 803 2664 ἀπωλείας
829 2599 1219 2656 ἐκδιδάσκουσι
1248 2601 1456 2669 σαφῶς,
1497 2600 1766 2669 Ἔὸρεξε,
1802 2600 1958 2669 φησὶ,

383 2692 606 2758 Κύριος
645 2690 763 2761 πῦρ
798 2691 957 2759 παρὰ
993 2693 1217 2760 Κυρίου
1253 2693 1353 2747 ἐπὶ
1390 2692 1646 2763 Σόδομα,
1687 2693 1835 2761 πῦρ,
1862 2692 1961 2746 καί

383 2785 576 2841 θεῖον.
618 2785 770 2838 Ἐπεὶ
797 2776 895 2838 καὶ
926 2783 1065 2853 αὕτη
1097 2786 1211 2847 τοῖς
1241 2786 1425 2838 ἐκεῖνα
1459 2784 1802 2861 πλημμελεῖν
1832 2786 1958 2838 εἰω-

384 2874 542 2928 θόσιν
568 2878 601 2948 ὴ
630 2878 786 2949 μερὶς
814 2874 911 2929 τοῦ
932 2876 1191 2945 ποτηρίου
1217 2875 1662 2947 πρεπωδεστάτη.
1690 2877 1847 2938 Ποῖος
1868 2871 1960 2929 οὖν

387 2967 501 3039 ἄρα
538 2969 736 3037 Κύριος
759 2969 908 3039 παρὰ
934 2968 1087 3021 ποίου
1120 2968 1324 3039 Κυρίου
1348 2968 1409 3020 τὸ
1436 2967 1548 3036 πῦρ
1567 2967 1840 3036 ἐπαφῆκε,
1865 2966 1960 3019 καὶ

383 3061 489 3123 τὰς
528 3059 636 3112 τῶν
686 3060 989 3129 Σοδομιτῶν
1032 3058 1329 3127 κατέφλεξε
1376 3057 1593 3121 πόλεις;
1663 3057 1801 3109 Ἀλλ’
1844 3056 1959 3111 ἔστι

2064 614 2295 674 uterque
2349 606 2598 661 consistit
2648 622 2900 676 persona,
2966 617 3022 664 et
3078 613 3328 680 quamvis
3378 629 3522 670 unus
3564 618 3634 673 ab

2065 712 2175 751 uno
2205 700 2297 762 sit,
2328 713 2525 768 nempe
2555 698 2728 755 Filius
2758 716 2787 754 a
2817 700 2999 769 Patre,
3038 718 3203 763 unam
3234 694 3413 763 tamen
3443 722 3633 764 essen-

2064 792 2191 842 tiam
2214 798 2266 843 et
2283 800 2530 843 naturam
2553 790 2772 844 habent.

2138 877 2249 947 Ego
2281 888 2328 931 et
2355 878 2518 933 Pater
2547 878 2743 949 (inquit
2777 880 3053 950 Senator)
3107 898 3267 936 unum
3298 900 3501 952 sumus,
3531 889 3548 919 ⁸
3575 896 3634 940 ιιι

2064 967 2154 1035 qui
2184 967 2371 1032 sciret,
2404 978 2459 1024 et
2487 985 2544 1024 se
2572 980 2626 1023 et
2676 971 2890 1025 Patrem
2940 973 3154 1042 propria
3181 983 3469 1046 utrumque
3512 993 3635 1048 per-

2064 1069 2197 1109 sona
2220 1057 2539 1112 subsistere.
2564 1057 2699 1112 Nam
2719 1059 2825 1114 nisi
2854 1076 2942 1116 res
2965 1060 3039 1115 ita
3067 1077 3197 1116 vero
3229 1077 3285 1117 se
3308 1064 3495 1127 habet,
3536 1081 3634 1121 cur

2064 1160 2174 1200 non
2205 1148 2443 1201 servavit
2472 1149 2694 1204 unitatis
2729 1150 3009 1217 decorum,
3062 1151 3198 1222 Ego,
3254 1152 3529 1226 inquiens,
3582 1161 3649 1208 et“

2067 1237 2229 1291 Pater
2249 1254 2410 1292 unum
2444 1256 2581 1296 sum.
2641 1239 2879 1296 Numero
2938 1242 3103 1313 igitur
3174 1255 3336 1300 utens
3386 1245 3631 1315 pluribus

2064 1331 2411 1400 congruenti,
2442 1347 2632 1388 eorum
2664 1332 2935 1401 qui,aliter
2963 1333 3211 1390 sentiunt
3253 1335 3455 1391 evertit
3515 1337 3636 1392 oni-

2066 1436 2305 1476 ntonvm.

2133 1598 2383 1668 Seipsum
2419 1616 2539 1654 esse
2565 1615 2627 1654 ex
2661 1600 2752 1655 Dei
2803 1610 2862 1656 et
2892 1599 3069 1658 Patris
3092 1603 3329 1659 essentia
3353 1604 3635 1669 declarans

2064 1688 2257 1755 Filius,
2292 1691 2422 1761 Ego,
2443 1692 2639 1761 inquit,
2669 1710 2701 1745 a
2749 1692 2909 1748 Patre
2957 1697 3095 1748 exivi
3129 1697 3172 1749 ².
3202 1694 3484 1761 Quomodo
3535 1698 3634 1770 igi-

2066 1792 2155 1837 tur
2188 1797 2296 1837 non
2322 1785 2458 1837 alter
2490 1784 2557 1837 ab
2592 1783 2682 1836 illo
2712 1784 2818 1839 erit
2844 1800 3076 1855 persona
3110 1789 3402 1855 duntaxat,
3426 1799 3483 1844 et
3530 1806 3634 1844 nu-

1994 1852 2034 1908 Β
2066 1889 2237 1937 mero,
2270 1888 2394 1931 cum
2423 1874 2605 1928 omnis
2640 1890 2742 1930 nos
2775 1877 2911 1929 ratio
2946 1876 3159 1942 doceat,
3189 1878 3239 1932 id
3271 1880 3415 1948 quod
3442 1896 3508 1933 ex
3535 1880 3633 1935 alio

2063 1980 2174 2033 quo
2200 1966 2566 2035 proﬁciscitur
2606 1966 2672 2021 ab
2699 1983 2766 2021 eo
2790 1969 3070 2023 diversum
3103 1970 3341 2043 cogitare
3367 1970 3390 2025 2
3450 1972 3632 2037 Quare

2064 2066 2300 2125 constat,
2336 2060 2493 2115 aliter
2546 2061 2899 2116 sentientium
2921 2064 3232 2133 opinionem
3270 2075 3388 2119 esse
3418 2063 3628 2119 falsam.

2136 2325 2212 2378 Ex
2235 2325 2312 2379 ira
2349 2326 2443 2380 Dei
2481 2326 2888 2382 Sodomitarum
2923 2329 3173 2386 civitates
3219 2330 3387 2387 fuisse
3445 2332 3634 2388 incen—

2064 2430 2156 2479 sas
2186 2426 2351 2485 atque
2397 2418 2708 2473 combustas
2737 2428 2965 2474 testatur
2980 2421 3160 2475 divina
3193 2421 3633 2493 Scriptura,qu.e

2064 2518 2252 2578 aperte
2273 2509 2581 2573 declarans,
2611 2512 2885 2580 quomodo
2910 2512 3054 2573 Deus
3085 2513 3192 2568 illis
3236 2518 3631 2581 succensuerit,

2063 2604 2119 2652 et
2148 2598 2420 2668 quomodo
2448 2614 2653 2655 eversa:
2683 2601 2983 2673 deletaque
3038 2602 3243 2657 fuerint
3276 2646 3291 2672 ,
3322 2605 3489 2669 Pluit,
3550 2606 3603 2663 in

2064 2688 2202 2755 quit,
2268 2685 2526 2742 Dominus
2548 2705 2582 2741 a
2605 2688 2830 2744 Domino
2855 2708 3013 2759 super
3061 2691 3347 2749 Sodomam
3372 2699 3541 2765 ignem
3584 2709 3633 2753 et

2063 2778 2285 2845 sulphur
2318 2777 2357 2833 ³.
2398 2777 2511 2833 Hoc
2532 2780 2678 2834 enim
2696 2782 2999 2851 punitionis
3028 2800 3199 2854 genus
3219 2784 3498 2857 ﬂagitiosis
3531 2788 3635 2842 illis

2077 2868 2326 2923 maxime
2353 2871 2711 2941 congruebat.
2767 2872 2900 2938 Quis
2948 2888 3077 2945 ergo
3135 2876 3399 2933 Dominus
3440 2894 3471 2933 a
3525 2895 3636 2950 quo

2064 2957 2295 3013 Domino
2329 2961 2508 3030 ignem
2536 2963 2773 3030 demisit,
2809 2974 2864 3019 et
2891 2963 3297 3022 Sodomitarum
3316 2970 3480 3025 urbes
3508 2971 3637 3028 abo-

2065 3051 2234 3107 levit?
2255 3050 2415 3106 Pater
2439 3054 2699 3107 nimirum
2733 3058 2917 3110 omnia
2950 3072 3046 3127 per
3073 3054 3270 3117 Filium
3299 3075 3487 3133 agens,
3539 3062 3633 3131 qui

382 3150 548 3219 δῆλον
579 3149 655 3215 ὡς
682 3151 709 3201 6
741 3149 929 3218 Πατὴρ
955 3148 1130 3203 πάντα
1151 3147 1216 3200 δι’
1248 3145 1381 3200 Υίοῦ
1412 3148 1671 3218 ἐνεργῶν,
1706 3150 1831 3200 ἐπεὶ
1866 3149 1959 3201 καὶ

2067 3145 2242 3198 virtus
2277 3154 2360 3199 est
2425 3156 2479 3198 et
2515 3146 2798 3201 brachium
2830 3148 3023 3219 ipsius,
3055 3149 3184 3207 fecit
3229 3162 3287 3206 ut
3342 3153 3521 3223 ignem
3578 3155 3633 3217 in

384 3241 619 3311 δύναμις
641 3239 808 3293 αὐτοῦ
838 3240 932 3293 καὶ
988 3239 1229 3310 βραχίων
1257 3240 1423 3303 ἐστὶν,
1455 3240 1616 3292 αὐτὸν
1645 3240 1959 3309 Σοδομίταις

386 3332 508 3385 ῦειν
533 3332 708 3384 ἐποίει
727 3333 786 3383 τὸ
808 3330 937 3399 πῦρ.
973 3330 1104 3382 Ὅτε
1130 3330 1310 3383 τοίνυν
1340 3330 1543 3400 Κύριος
1571 3333 1724 3401 παρὰ
1753 3332 1959 3402 Κυρίου

384 3424 453 3477 τὸ
479 3422 590 3494 πῦρ
617 3422 843 3486 ἐκείνοις
881 3421 1090 3491 ἐφίησι,
1121 3421 1238 3484 πῶς
1268 3421 1367 3491 οὐχ
1392 3420 1603 3493 ἕτερος,
1638 3423 1762 3475 ὅσον
1792 3425 1872 3488 εἰς
1902 3425 1962 3476 τὸ

387 3515 540 3577 ἰδίως
566 3515 853 3585 ὑπάρχειν,
884 3513 1033 3583 παρὰ
1054 3513 1146 3565 τὸν
1176 3512 1300 3566 Υἱὺν
1329 3515 1358 3565 6
1388 3512 1597 3583 Πατὴρ,
1634 3515 1729 3566 καὶ
1764 3510 1830 3567 αὖ
1860 3515 1962 3567 πά-

383 3608 473 3659 λιν
503 3606 532 3657 ὁ
567 3605 690 3667 Υἱὸς
726 3605 877 3674 παρᾶ
912 3604 1003 3657 τὸν
1034 3602 1249 3674 Πατέρα
1273 3619 1287 3670 ;
1313 3604 1386 3656 Τὸ
1417 3605 1526 3676 γὰρ
1554 3604 1613 3657 ἒν
1652 3607 1727 3669 ὼς
1760 3606 1818 3672 ἐξ
1845 3608 1962 3668 ἑνὸς

385 3703 447 3753 ἐν
485 3698 662 3766 τούτῳ
701 3714 767 3767 ση
776 3696 1048 3766 μαίνεται.

476 3790 947 3854 Ἐξαπόστειλον
974 3789 1041 3841 τὸ
1077 3788 1203 3857 φῶς
1232 3802 1372 3857 σου,
1404 3789 1504 3843 καί
1534 3788 1651 3857 τὴν
1671 3788 1963 3855 ἀλήθειάν
2005 3780 2009 3784 ’

385 3897 530 3935 σου.
574 3881 734 3931 Ποῖον
792 3875 885 3931 οῦν
921 3877 1030 3949 ἄρα
1069 3880 1188 3931 ἐστὶ
1227 3880 1378 3948 φῶςς
1415 3879 1548 3933 [lota
1584 3880 1641 3933 δὲ
1674 3881 1706 3949 ἡ
1736 3879 1964 3950 ἀλήθεια

386 3970 592 4036 αὐτοῦ;
624 3970 889 4049 Λέγονῖος
908 3970 1071 4024 ἄκουε
1094 3970 1188 4023 τοῦ
1213 3970 1343 4024 mm.)
1364 3987 1379 4002 ⁸
1424 3970 1569 4040 Ἐγώ
1588 3974 1703 4040 ειμι
1721 3971 1787 4024 τὸ
1816 3969 1962 4039 φῶθ’

390 4064 513 4129 καὶ,
545 4063 692 4131 Ἐγώ
709 4065 825 4135 ειμι
843 4062 881 4130 ἠ
899 4062 1169 4130 ἀλήθεια.
1187 4062 1251 4114 El
1268 4061 1331 4125 ¹δὲ
1358 4062 1638 4131 πέμπεται
1670 4064 1802 4133 πρὸς
1817 4061 1964 4131 ἡμᾶς

388 4155 454 4207 τὸ
475 4154 592 4223 φῶς
621 4154 716 4206 καὶ
748 4154 783 4224 ὴ
812 4153 1039 4224 ἀλήθεια
1064 4153 1159 4205 τοῦ
1196 4153 1432 4223 Πατρός,
1454 4153 1733 4208 τουτέστιν
1758 4152 1786 4205 6
1810 4152 1959 4218 Υἱὸς,

2067 3232 2377 3289 Sodomitas
2409 3234 2639 3304 plueret.
2673 3236 3036 3302 Quamobrem
3065 3242 3159 3311 qui
3205 3241 3319 3297 ﬁeri
3344 3252 3543 3313 potest,
3578 3255 3637 3300 ut

2061 3340 2186 3380 cum
2222 3324 2480 3381 Dominus
2511 3344 2540 3381 a
2584 3327 2809 3384 Domino
2840 3331 3017 3402 ignem
3074 3331 3130 3387 in
3182 3349 3275 3389 eos
3312 3337 3631 3407 conjecerit,

2062 3432 2174 3470 non
2198 3418 2269 3472 sit
2296 3418 2590 3474 distinctus
2615 3429 2674 3474 et
2702 3435 2734 3475 a
2767 3419 2904 3475 Filio
2930 3420 3110 3490 Pater,
3142 3432 3200 3479 ut
3233 3430 3446 3495 propria
3488 3433 3634 3483 exsi-

2064 3518 2220 3562 stens
2254 3524 2510 3577 persona,
2548 3520 2605 3566 et
2625 3527 2840 3566 rursum
2870 3528 2901 3567 a
2928 3511 3089 3569 Patre
3119 3515 3326 3579 Filius?
3358 3515 3456 3572 Hie
3488 3520 3632 3574 enim

2064 3612 2232 3653 unum
2264 3601 2333 3655 ab
2356 3617 2465 3657 uno
2497 3602 2850 3673 signiﬁcatur.

2134 3785 2331 3841 Emitte
2351 3784 2519 3839 lucem
2546 3793 2692 3839 tuam
2713 3795 2762 3840 et
2806 3796 3081 3843 veritatem
3114 3799 3261 3844 tuam
3302 3797 3343 3844 ⁵.
3378 3793 3634 3858 Quaenam

2065 3878 2213 3932 illius
2241 3885 2325 3932 est
2354 3876 2467 3941 lux,
2489 3884 2545 3930 et
2602 3878 2842 3931 veritas?
2872 3878 3013 3933 Audi
3060 3879 3282 3944 Filium,
3336 3884 3452 3953 qui,
3484 3884 3595 3956 Ego
3618 3925 3635 3951 ,

2065 3966 2262 4034 inquit,
2312 3981 2428 4019 sum
2465 3964 2578 4029 lux,
2614 3981 2707 4036 ego
2742 3984 2863 4021 sum
2891 3970 3104 4024 veritas.
3133 3958 3319 4041 Itaque
3345 3975 3390 4029 si
3456 3975 3545 4029 lux
3584 3988 3639 4031 et

2066 4058 2265 4111 veritas
2291 4056 2486 4120 Patris,
2512 4071 2712 4124 nempe
2749 4057 2942 4126 Filius,
2971 4061 3042 4116 ad
3067 4077 3168 4116 nos
3191 4064 3447 4132 mittitur,
3504 4083 3639 4136 quo-

2064 4147 2225 4203 modo
2248 4162 2359 4201 non
2402 4155 2486 4202 est
2512 4147 2582 4202 ab
2610 4148 2703 4202 illo
2735 4149 3052 4219 distinctus,
3081 4163 3358 4223 quatenus
3408 4160 3633 4229 propria

391 4244 513 4308 πῶς
548 4245 648 4315 οὐχ
678 4244 867 4315 ἕτερός
897 4246 1013 4297 ὲστι
1052 4245 1183 4314 παρ’
1215 4244 1411 4309 αὑτὸν,
1453 4244 1576 4298 ὅσον
1611 4244 1690 4306 είς
1728 4245 1787 4297 τὸ
1822 4243 1960 4306 ίδίως

2067 4239 2312 4295 subsistit
2338 4253 2597 4310 persona,
2624 4241 2753 4295 licet
2784 4257 2907 4296 cum
2934 4242 3027 4297 illo
3054 4259 3223 4299 unum
3249 4247 3341 4312 sit,
3369 4259 3635 4317 quantum

394 4338 683 4407 ὑπάρχειν,
713 4336 761 4387 εί
793 4336 882 4388 καὶ
905 4335 962 4388 ἓν
986 4337 1134 4388 ἐστιν
1150 4334 1226 4398 ὡς
1248 4335 1381 4403 πρὸς
1406 4335 1591 4398 αὑτὸν,
1616 4335 1738 4394 ὅσον
1764 4336 1845 4399 είς
1865 4333 1960 4407 τὴν

2067 4330 2136 4386 ad
2168 4345 2330 4385 unam
2388 4339 2444 4386 et
2489 4331 2737 4386 eamdem
2798 4335 3096 4389 essentiam
3142 4338 3422 4406 pertinet?
3480 4339 3634 4406 Quod

390 4429 493 4497 τῆς
519 4427 707 4489 οὐσίας
736 4428 1073 4493 ταυτότητα;
1104 4423 1165 4478 Εί
1196 4425 1305 4493 γὰρ
1336 4425 1411 4495 μὴ
1436 4425 1608 4489 οὓτως
1647 4425 1792 4496 ἔχειν
1820 4425 1960 4481 οἷον·

2069 4423 2138 4489 si,
2178 4433 2237 4477 ut
2265 4422 2484 4493 quidam
2510 4424 2833 4494 opinantur,
2867 4443 3008 4483 unus
3039 4438 3124 4484 est
3150 4430 3308 4487 Pater
3330 4433 3491 4500 idem,
3542 4438 3633 4507 qui

390 4494 484 4572 ταί
509 4535 675 4584 τινες,
711 4518 740 4570 6
769 4517 931 4580 αὐτὸς
968 4517 1025 4571 δὲ
1056 4517 1151 4570 καὶ
1207 4511 1286 4578 εἷς
1319 4494 1436 4569 ἔστι
1466 4516 1658 4586 Πατὴρ
1676 4494 1787 4570 καὶ
1815 4516 1960 4581 Υἱὸς,

2069 4518 2126 4564 et
2155 4509 2343 4576 Filius,
2371 4526 2470 4565 cur
2499 4528 2609 4568 non
2625 4528 2688 4567 ea
2712 4514 2895 4584 potius
2940 4517 3199 4585 precandi
3244 4520 3456 4576 ratione
3506 4494 3636 4576 usus

387 4610 445 4664 τί
479 4610 557 4680 μὴ
583 4608 769 4681 ἕτερον
803 4610 1037 4662 ἐποιεῖτο
1066 4608 1157 4662 τὸν
1188 4608 1286 4679 τῆς
1315 4608 1479 4680 εὐχῆς
1515 4610 1715 4678 τρόπον
1743 4609 1772 4661 6
1798 4625 1960 4667 πνευ-

2064 4601 2346 4656 estdivino
2377 4600 2584 4673 Spiritu
2617 4603 2831 4660 alilatus
2857 4605 3139 4675 propheta:
3168 4606 3324 4671 Veni,
3360 4610 3631 4680 inquiens,

392 4702 702 4773 ματοφόρος
753 4699 916 4771 βοῶν,
952 4698 1105 4757 Ἒλθὲ
1134 4700 1268 4768 πρὸς
1301 4701 1469 4770 ἡμᾶς,
1491 4694 1535 4754 ὧ
1559 4700 1674 4768 φῶς
1705 4701 1799 4752 καὶ
1831 4699 1960 4770 ἀλή-

2064 4691 2269 4759 αάζηοε,
2301 4707 2335 4747 ο
2376 4694 2466 4749 lux
2494 4704 2549 4750 et
2584 4696 2822 4752 veritas?
2855 4697 3033 4762 Quare
3071 4713 3194 4752 cum
3220 4700 3435 4765 dixerit,
3462 4700 3633 4764 Mitte.

390 4795 551 4861 θεια;
590 4792 809 4862 Ἐπειδὴ
834 4792 890 4845 δὲ
913 4791 994 4857 τὸ,
1034 4791 1450 4858 Ἐξαπόστειλον
1478 4829 1492 4855 ,
1514 4790 1684 4865 λέγει,
1712 4790 1871 4862 δῆλος
1893 4790 1960 4845 ἂν

2064 4780 2228 4836 alium
2269 4784 2456 4854 utique
2491 4784 2756 4840 intellexit
2780 4786 2935 4842 illum
2988 4802 3131 4852 esse,
3192 4791 3286 4858 qui
3348 4791 3536 4856 mittit,
3579 4807 3636 4849 et

389 4888 478 4955 εἴη
508 4885 696 4938 λοιπὸν
726 4885 911 4955 ἓτερον
946 4884 1044 4953 μὲν
1076 4884 1167 4938 τὸν
1198 4884 1600 4938 ἀποστέλλοντα
1630 4885 1808 4948 εἰδὼς,
1844 4883 1960 4936 ’ἐτε-

2064 4871 2230 4926 alium
2285 4888 2431 4938 eum,
2492 4876 2584 4945 qui
2631 4876 2878 4931 mittitur.
2947 4875 3226 4934 Missionis
3266 4892 3447 4936 autem
3500 4887 3637 4943 ratio

392 4995 488 5049 ρον
534 4976 591 5028 δὲ
635 4976 727 5029 τὸν
770 4974 1253 5044 ἁποστελλόμενον.
1307 4974 1366 5027 ’0
1407 4974 1464 5027 δὲ
1507 4976 1603 5045 τῆς
1654 4976 1958 5044 ἀποστολῆς

387 5070 596 5139 τρόπος
626 5069 851 5123 νοείσθω
883 5068 1223 5137 θεοπρεπῶς.

459 5160 614 5213 Ἐπεὶ
668 5160 724 5212 δὲ
768 5160 847 5231 τῷ
886 5160 1160 5231 Σαϐελλίῳ
1210 5159 1483 5223 tiniae-:6;
1514 5164 1660 5212 ἐστιν
1695 5159 1912 5229 ’Δρειος
1940 5170 1953 5187 ⁶

387 5256 597 5316 ἐκεῖνος
633 5254 731 5322 μὲν
769 5255 877 5322 γὰρ
916 5253 982 5305 τὰ
1004 5253 1129 5323 τρία
1172 5253 1436 5321 πρόσωπα
1468 5251 1736 5320 συναιρῶν
1767 5253 1847 5314 είς
1880 5250 1959 5317 ἒν,

389 5345 451 5397 ἓν
489 5346 778 5414 πρόσωπον
810 5342 904 5397 καὶ
940 5343 1067 5412 μίαν
1100 5342 1261 5409 φύσιν
1290 5338 1644 5409 ἐδογμάτιζεν
1668 5356 1683 5372 ο
1717 5333 1871 5402 οὗτος
1904 5339 1961 5392 δὲ

386 5436 493 5506 τὴν
524 5436 650 5505 μίαν
682 5435 843 5505 φύσιν
865 5434 1109 5505 διαιρῶν,
1134 5436 1281 5505 τρεῖς
1309 5434 1496 5500 φύσεις
1530 5433 1624 5485 καὶ⁵
1649 5432 1773 5503 τρία
1792 5431 1963 5501 πρόσ-

385 5546 519 5583 ωπα
560 5527 868 5580 τούναντίον
908 5526 1389 5595 ἀντεδογμάτιζεν·
1420 5528 1468 5577 ot
1516 5525 1667 5579 ἄλλοι
1700 5526 1968 5593 Πατέρες,

418 5620 747 5685 Δθανάσιος,
787 5621 880 5672 καὶ
923 5618 1221 5681 Βασίλειος,
1267 5620 1361 5671 καὶ
1407 5619 1724 5689 Γρηγόριος,
1769 5620 1826 5671 ἐν
1875 5611 1957 5680 οἷς

466 5779 483 5809 ²
516 5777 670 5832 Joan.
705 5794 756 5837 χ,
786 5778 874 5831 50.
954 5776 1147 5831 ².Ιυιιιι.
1185 5795 1294 5842 ut,
1320 5778 1408 5831 28.

741 5878 1005 5937 Parnm-
1053 5882 1165 5938 Ult.
1208 5880 1251 5937 C
1266 5879 1309 5935 Χ
1326 5878 1363 5935 Χ
1377 5877 1447 5936 Χ.

2069 4956 2178 5011 Deo
2208 4964 2543 5018 conveniens
2577 4966 2863 5035 cogitetur.

2140 5160 2340 5216 Verum
2361 5159 2485 5229 quia
2516 5175 2642 5215 cum
2671 5159 2906 5219 Sabellio
2929 5165 3088 5223 Arius
3129 5179 3332 5240 pugnat
3357 5188 3370 5225 :
3402 5189 3526 5227 nam
3549 5175 3638 5235 ille

2074 5262 2185 5304 tres
2210 5264 2473 5319 personas
2497 5250 2548 5303 in
2568 5252 2836 5309 unum'ita
2871 5256 3164 5323 contraxit,
3200 5270 3258 5313 ut
3310 5276 3472 5314 unam
3520 5272 3639 5315 tan-

2075 5353 2187 5397 tum
2212 5357 2521 5413 personam,
2542 5354 2594 5399 et
2625 5355 2873 5401 naturam
2900 5364 3062 5404 unam
3092 5365 3212 5406 esse
3235 5353 3588 5409 contenderet
3618 5373 3632 5415 :

2080 5436 2171 5489 hic
2193 5442 2371 5488 autem
2404 5439 2653 5491 naturam
2687 5455 2850 5495 unam
2880 5441 2954 5495 ita
2989 5441 3193 5508 divisit,
3224 5454 3283 5498 ut
3308 5453 3418 5500 tres
3475 5455 3641 5503 natu-

2081 5542 2191 5590 ras,
2227 5536 2283 5580 et
2308 5533 2420 5581 tres
2454 5543 2716 5597 personas
2744 5541 3053 5587 assereret:
3085 5534 3437 5602 Athanasius,
3468 5547 3521 5593 et
3536 5539 3642 5596 Ba-

2069 5618 2250 5681 silius,
2286 5627 2341 5672 et
2366 5617 2686 5691 Gn-gorius,
2726 5633 2781 5679 et
2811 5623 2901 5679 alii
2938 5623 3128 5680 Patres
3174 5642 3297 5681 cum
3350 5645 3643 5687 exsecran-

1489 5780 1508 5811 ³
1533 5777 1668 5833 Gen.
1694 5794 1826 5841 xvu,
1861 5776 1951 5830 2L
2027 5776 2047 5809 ³
2069 5776 2211 5833 Psal.
2253 5794 2380 5845 xui,
2412 5780 2463 5835 5.

3207 5881 3266 5948 ll
