4120 6292
436 373 547 438 33}

1413 370 1790 432 PANOPLIA
1830 367 2268 430 DOGMATICA
2310 391 2377 401 -
2413 367 2557 427 TlT.
2603 368 2704 427 Xl.

3589 364 3692 426 3³4

439 482 582 550 ἔχων
624 478 714 533 τοῦ
752 475 890 532 εἶναι
939 479 999 533 ού
1032 477 1256 532 δύναται
1297 477 1387 531 τὸν
1417 477 1656 548 ἄναρχον
1704 476 2013 541 γινώσκειν.

2134 490 2264 528 surae
2296 491 2410 530 suae
2442 485 2652 528 ratione
2699 488 3032 544 cognoscere
3073 486 3126 534 et
3177 475 3378 537 videre,
3432 477 3686 544 quemad-

449 573 613 626 Ἀλλὰ
637 572 728 626 καὶ
747 572 777 624 ὃ
803 571 1059 640 γινώσκει
1091 573 1186 624 καὶ
1237 570 1444 641 βλέπει,
1477 570 1753 637 ἀναλόγως
1773 564 1879 620 οἶδε
1907 568 2021 626 τοῖς

440 663 596 725 ἰδίοις
616 665 854 732 μέτροις.
875 663 985 716 Καὶ
1007 661 1218 732 βλέπει,
1237 661 1383 714 ὥσπε
1393 679 1424 730 ρ
1449 661 1541 713 καὶ
1566 663 1726 729 ἡμεῖς
1758 657 2022 726 γινώσκο-

439 771 545 822 μεν
577 756 669 808 καὶ
688 755 958 826 βλέπομεν
988 755 1129 809 κατὰ
1146 754 1242 826 τὴν
1263 755 1399 807 ἰδίαν
1426 753 1672 821 δύναμιν.
1702 750 2020 821 Προσετίθει

434 847 497 899 δὲ
521 848 618 898 καὶ
645 847 822 910 τοῦτο,
854 847 936 900 ὅτι
967 847 1028 900 ού
1052 847 1217 915 μόνον
1243 845 1332 898 τὸν
1351 844 1573 915 Πατέρα
1591 845 1688 896 οὐκ
1705 841 1842 894 οἶδεν
1866 845 2021 912 ἀκρι-

437 939 576 1002 ϐῶς,
597 937 711 990 ἀλλ’
737 939 857 991 οὐδὲ
886 938 986 1007 τὴν
1007 938 1144 991 ἰδίαν
1166 937 1361 992 ἑαυτοῦ
1390 937 1577 989 οὐσίαν
1599 931 1725 988 οἶδε.
1757 934 1938 986 Πάντα
1966 933 2020 984 δὲ

436 1028 620 1084 ταῦτα
649 1029 756 1082 τῶν
779 1029 1008 1098 Γραφῶν
1033 1031 1179 1081 ἐστιν
1208 1027 1446 1082 ἐναντία.
1489 1027 1545 1079 ’0
1579 1029 1674 1096 μὲν
1702 1025 1808 1092 γὰρ
1847 1024 2023 1077 Ίωάνς

2134 1041 2224 1077 nes
2276 1025 2471 1092 inquit,
2507 1037 2620 1079 erat
2678 1026 2897 1079 Verbum
2930 1027 2980 1091 ';
3025 1027 3110 1080 isti
3149 1042 3278 1078 vero
3311 1028 3496 1080 dicunt
3529 1044 3540 1078 :
3582 1026 3700 1080 Non

438 1136 543 1187 vq;
584 1121 770 1187 φησὶν,
828 1119 930 1172 Ἐν
960 1118 1118 1188 ἀρχῇ
1162 1114 1238 1187 ἦν
1281 1120 1313 1172 ὁ
1341 1118 1564 1182 Λόγος·
1612 1108 1757 1167 οὗτοι
1813 1112 1870 1165 δὲ
1921 1113 2019 1179 φά-

444 1226 692 1274 σκουσιν,
711 1210 830 1262 Οὐκ
855 1205 922 1279 ἦν
950 1211 1079 1279 πρὶν
1099 1207 1451 1278 γεννηθῆναι.
1474 1207 1578 1258 Καὶ
1597 1206 1754 1267 αὐτὸς
1780 1205 1834 1256 δὲ
1849 1207 2024 1258 πᾶσιν

445 1300 680 1368 ἔγραψε,
720 1301 833 1353 Καί
877 1301 1064 1367 ἐσμεν
1093 1302 1161 1353 ἐν
1192 1297 1268 1364 τῷ
1295 1295 1559 1364 ἀληθινῷ
1583 1297 1650 1349 ἐν
1679 1296 1756 1360 τῷ
1797 1294 1904 1359 Υἱῷ
1928 1297 2028 1348 αὺ-

444 1392 556 1444 τοῦ
601 1391 792 1458 Ἰησοῦ
821 1391 1070 1458 Χριστῷ.
1102 1386 1291 1452 Οὗτός
1309 1391 1526 1442 earn-<5
1545 1385 1831 1454 ἀληθινὸς
1861 1389 2024 1451 esse,

442 1482 548 1534 καὶ
591 1483 626 1549 ἡ
668 1482 779 1548 ζωὴ
827 1483 862 1548 ἠ
895 1462 1165 1546 αὶῶιθιοςυ
1220 1473 1366 1534 οὗτοι
1405 1480 1461 1532 δὲ
1493 1480 1682 1548 ὥσπερ
1731 1479 2027 1546 ἁντιμαχό-

444 1590 604 1643 μενοι
631 1575 897 1641 φάσκουσι
933 1575 1007 1646 μὴ
1031 1571 1169 1626 εἶναι
1197 1576 1286 1625 τὸν
1322 1573 1555 1642 Χριστὸν
1587 1571 1840 1641 ἀληθινὸν
1871 1572 2023 1636 Θεὸν,

441 1666 585 1718 ἀλλὰ
618 1666 762 1718 κατὰ
795 1667 1030 1736 μετοχὴν
1062 1666 1157 1718 καὶ
1189 1665 1376 1725 αὐτὸν,
1407 1663 1481 1726 ὡς
1510 1664 1736 1729 πάντας,
1771 1663 2025 1731 λέγεσθαι

443 1759 604 1812 Θεόν.
639 1760 748 1812 Καὶ
779 1762 805 1812 6
843 1759 941 1828 μὲν
989 1758 1304 1820 Ἀπόστολος
1321 1759 1560 1810 αἰτιᾶται
1595 1762 1718 1818 τοις
1739 1756 2024 1824 Ἕλληνας,

441 1849 531 1901 ὅτι
561 1849 764 1918 κτίσμα
790 1848 1030 1912 σέϐουσι,
1068 1848 1240 1915 λέγων
1262 1864 1275 1878 ·
1303 1845 1713 1914 Ἑ.1ιὶτρευσαν
1743 1846 1812 1913 τῇ
1836 1849 2026 1899 κτίσει

442 1940 607 2007 παρὰ
656 1939 762 1993 τόν
797 1940 1083 1992 κτίσαντα
1122 1939 1271 1992 Θεόν
1297 1957 1310 1970 ο
1346 1934 1490 1992 οὗτοι
1524 1939 1580 1990 δὲ
1613 1938 1820 2007 κτίσμα
1844 1938 2028 2004 λέγονο

441 2048 537 2092 τες
581 2029 723 2082 εἶναι
763 2034 854 2082 τ“.ν
885 2031 1088 2100 Κύριον
1122 2034 1212 2082 καὶ
1253 2029 1326 2090 ὡς
1368 2030 1629 2098 κτίσματι
1671 2029 2027 2098 λατρεύοντες

441 2124 619 2193 αὐτῷ,
659 2125 711 2176 τί
740 2123 1091 2192 διαφέρουσιν
1131 2122 1398 2194 Ἑλλήνων
1428 2139 1441 2186 ;
1474 2120 1598 2183 [Ιῶς
1633 2120 1763 2190 γὰρ,
1793 2123 1841 2172 εἰ
1869 2119 2028 2172 τοῦτο

442 2215 759 2284 φρονοῦσιν,
791 2216 913 2284 οὐχὶ
937 2215 1030 2267 καὶ
1058 2214 1179 2266 κατ’
1204 2213 1388 2267 αὐτῶν
1413 2213 1532 2264 ἐστι
1559 2213 1620 2263 τὸ
1648 2213 1985 2280 ἀνάγνωσμα
2007 2250 2025 2273 ,

443 2308 545 2359 καὶ
591 2306 779 2376 ὥσπερ
825 2307 1074 2367 ἐκείνοις,
1125 2304 1268 2358 οὕτω
1305 2306 1400 2357 καὶ
1445 2304 1630 2366 αὐτοῖς
1679 2304 2027 2371 μεμφόμενός

451 2401 600 2451 ἐστιν
626 2400 652 2450 6
682 2399 954 2468 μακάριος
985 2398 1233 2462 Παῦλοςς
1279 2399 1389 2449 Καὶ
1415 2399 1443 2449 6
1477 2395 1576 2466 μὲν
1607 2395 1804 2463 Κύριός
1829 2412 2026 2466 φησιν·

464 2489 612 2557 Ἐγὼ
652 2491 750 2543 καὶ
783 2493 815 2544 ό
845 2489 1045 2556 Πατὴρ
1065 2488 1134 2543 ἐν
1161 2491 1368 2556 ἐσμεν,
1394 2490 1508 2549 καὶ,
1545 2488 1605 2541 '0
1632 2485 1900 2555 ἑωρακὼς
1926 2487 2030 2556 ἐμὲ

448 2580 674 2648 ἑώρακε
694 2581 800 2634 τὸν
831 2579 1062 2649 Πατέρα
1083 2598 1097 2611 ·
1132 2583 1228 2634 καὶ
1272 2583 1300 2634 6
1339 2582 1470 2650 παρ’
1497 2581 1666 2634 αὑτοῦ
1697 2580 1752 2630 δὲ
1793 2582 2031 2632 ἀποστα-

446 2672 562 2735 λεὶς
613 2672 906 2742 κηρύττειν
945 2672 1268 2735 Ἀπόστολος
1311 2674 1512 2742 γράφει
1537 2687 1552 2702 ’
1593 2674 1686 2737 Ὃς
1737 2669 1820 2724 ῶν
1841 2671 2031 2725 ἀπαύ-

442 2776 654 2829 γασμα
683 2762 791 2831 τῆς
817 2761 1004 2831 δόξης
1033 2762 1133 2816 καὶ
1155 2762 1460 2830 χαρακτὴρ
1493 2761 1604 2830 τῆς
1631 2761 2028 2828 ὑποστάσεως

443 2853 641 2907 αὐτοῦ
672 2869 684 2882 ·
741 2846 887 2906 οὗτοι
933 2855 990 2906 δὲ
1039 2853 1280 2923 τολμῶσι
1323 2854 1572 2922 διαιρεῖν,
1621 2854 1712 2906 καὶ
1754 2853 2030 2922 ἀλλότριον

446 2945 617 2996 αὑτὸν
644 2944 739 3013 τῆς
773 2946 866 2998 τοῦ
897 2945 1109 3012 Πατρδς
1149 2945 1334 3006 οὐσίας
1367 2945 1458 2998 καὶ
1492 2943 1794 3013 ὰῖδιότητος
1827 2944 2026 3012 λέγειν,

448 3036 551 3088 καὶ
592 3034 824 3104 τρεπτδν
876 3036 1118 3104 εἰσάγειν
1172 3036 1220 3087 oi
1280 3035 1453 3096 ἄθεοι,
1505 3033 1565 3086 οὐ
1621 3033 1908 3102 βλέποντες
1949 3033 2030 3085 ὅτι

449 3125 629 3178 ταῦτα
667 3127 914 3194 λέγοντες
947 3129 1046 3180 οὐκ
1079 3128 1159 3179 ἔτι
1186 3127 1428 3180 ποιοῦσιν
1476 3126 1639 3180 αὑτὸν
1673 3126 1730 3177 ἓν
1763 3127 1902 3194 μετὰ
1937 3124 2030 3176 τοῦ

452 3218 690 3288 Πατρδς,
719 3218 852 3272 ολλά
897 3217 1034 3289 μετὰ
1091 3218 1198 3272 τῶν
1243 3217 1582 3288 κτισμάτων.
1640 3218 1733 3280 Τίς
1777 3217 1884 3284 γὰρ
1931 3217 2029 3285 οὐχ

449 3309 563 3378 ὁρᾷ
587 3309 668 3361 ὅτι
699 3309 1005 3379 ἀδιαίρετόν
1028 3311 1146 3362 ἐστι
1173 3310 1232 3362 τὸ
1264 3308 1607 3378 ἀπαύγασμα
1641 3311 1776 3379 πρὸς
1806 3309 1867 3362 τὸ
1891 3309 2028 3376 φῶς,

452 3408 554 3453 καὶ
601 3400 730 3453 ἴδιον
769 3402 936 3454 αὑτοῦ
970 3403 1315 3472 συνυπάρχον
1353 3402 1526 3471 τούτῳ
1571 3403 1763 3470 φύσει,
1799 3403 1892 3454 καὶ
1931 3403 2032 3454 οὐκ

451 3492 776 3560 ὲπιγέγονεν
832 3493 1104 3562 ὖστερον;
1155 3491 1286 3547 Εἶτα
1340 3494 1434 3548 τοῦ
1486 3495 1700 3564 [ἰατρὸς
1755 3494 2028 3561 λέγοντος,

457 3581 653 3648 Οὗτός
697 3585 866 3638 ἐστιν
917 3589 950 3638 ὁ
996 3586 1128 3651 Υἱός
1175 3602 1294 3654 μου
1337 3588 1369 3638 ό
1409 3587 1739 3654 ἀγαπητὸς.
1785 3586 1876 3638 καὶ
1921 3585 2031 3636 τῶν

451 3677 496 3728 Γ
501 3676 687 3747 ραφῶν
709 3676 983 3742 λεγουσῶν
1023 3677 1209 3728 τοῦτον
1231 3673 1368 3729 εἶναι
1395 3677 1488 3729 τοῦ
1515 3677 1726 3746 Πατρὺς
1755 3678 1944 3744 Λόγον,
1971 3681 2028 3732 ὲν

449 3760 500 3833 ᾧ
550 3768 602 3820 οἱ
632 3767 852 3837 οὐρανοὶ
894 3767 1329 3839 ἐστερεώθησαν,
1369 3770 1462 3822 καὶ
1498 3769 1687 3831 ἁπλῶς
1733 3771 1911 3822 πάντα
1961 3771 2028 3822 δι’

452 3857 627 3911 αὐτοῦ
665 3859 901 3924 ἐγένετο,
948 3852 1094 3913 οὗτοι
1161 3860 1364 3911 καινῶν
1403 3861 1694 3928 ὲφευρεταὶ
1743 3861 2031 3928 δογμάτων

450 3951 552 4003 καὶ
586 3949 838 4002 πλαστῶν
888 3950 1164 4020 γινόμενοι
1208 3951 1394 4020 ἕτερον
1430 3952 1784 4019 ἐπεισάγουσι
1820 3953 2024 4020 Λόγον,

452 4043 551 4094 καὶ
583 4041 748 4111 ἄλλην
781 4042 972 4110 σοφίαν
1005 4041 1097 4094 τοῦ
1134 4042 1348 4110 [ἰατρὸς
1380 4038 1518 4096 εἶναι
1539 4082 1552 4103 ,
1585 4044 1772 4097 τοῦτον
1811 4045 1870 4095 δὲ
1909 4046 2026 4098 κατ’

452 4133 704 4185 ἐπίνοιαν
735 4132 824 4186 διὰ
849 4132 918 4185 τὰ
947 4132 1143 4199 λογικὰ
1173 4132 1430 4199 λέγεσθαι
1461 4133 1632 4200 Λόγον
1683 4134 1778 4187 καὶ
1813 4135 2025 4203 σοφίαν,

452 4223 559 4294 οὐχ
596 4223 860 4293 ὁρῶντες,
895 4225 1020 4277 ὅσον
1060 4225 1122 4276 ὲκ
1161 4223 1353 4276 τούτου
1387 4224 1445 4276 τὸ
1475 4224 1696 4278 ἄτοπον.
1732 4226 1792 4278 Et
1825 4227 1934 4296 γὰρ
1964 4225 2030 4279 δι’

454 4315 609 4384 ἡμᾶς
637 4315 856 4383 λέγεται
890 4315 1013 4369 κατ’
1040 4317 1286 4370 ἐπίνοιαν
1344 4317 1515 4383 Λόγος
1547 4317 1640 4369 καὶ
1675 4319 1856 4385 σοφία,
1886 4321 1938 4371 τί
1966 4323 2032 4373 ἂν

454 4405 549 4476 εἴη
595 4405 780 4473 αὐτὸς,
828 4407 930 4459 οὐκ
977 4407 1045 4459 ἂν
1084 4405 1311 4460 εἴποιεν.
1370 4408 1430 4459 Ei
1482 4408 1592 4476 γὰρ
1640 4409 1812 4463 ταῦτα
1871 4411 2032 4464 αὐτὸν

2127 567 2344 620 modum
2377 567 2540 620 etiam
2574 581 2673 619 nos
2702 581 2800 633 pro
2831 566 3035 620 viribus
3085 566 3290 620 nostris
3321 566 3700 636 cognoscimus

2125 667 2180 710 et
2212 657 2508 711 intuemur.
2532 661 2605 709 Ac
2639 673 2748 709 non
2780 657 2956 709 solum
2987 658 3312 726 exquisitam
3339 673 3448 710 non
3499 659 3698 713 habere

2127 748 2302 802 Patris
2324 750 2715 818 cognitionem,
2747 750 2842 804 sed
2883 764 2952 802 ne
3014 750 3287 820 prOpriam
3337 751 3557 819 quidem
3615 766 3698 806 Slll

2129 840 2299 907 ipsius
2327 840 2621 894 essentiam
2646 856 2830 894 nosse.
2863 839 2993 905 Qua!
3017 841 3237 909 quidem
3283 843 3465 896 omnia
3507 833 3704 911 Scrip-

2134 934 2269 984 tmis
2302 931 2504 984 diiinis
2531 933 2910 986 adversantur.
2948 933 3010 986 In
3035 934 3290 1001 principio
3329 933 3496 997 enirn,
3539 933 3705 988 Joan-

2133 1127 2250 1170 ιιι-ιιι
2282 1115 2435 1184 ptius
2485 1132 2648 1184 quam
2688 1129 3064 1187 generaretur.
3098 1118 3158 1170 lit
3191 1119 3317 1172 alibi
3348 1134 3362 1170 :
3401 1117 3593 1172 Sumus
3649 1121 3702 1171 in

2128 1224 2244 1260 vero
2265 1207 2403 1261 Filio
2430 1210 2563 1277 ejus,
2589 1210 2710 1262 Jesu
2733 1210 2958 1264 Christo.
2982 1210 3078 1262 llic
3107 1220 3180 1263 est
3198 1227 3348 1263 verus
3370 1211 3504 1264 Deus
3519 1220 3565 1262 et
3597 1212 3703 1264 vita

2129 1310 2328 1350 (eterna
2359 1301 2404 1351 ¹.
2441 1303 2507 1352 At
2539 1300 2626 1354 isti
2659 1309 3022 1369 repugnantes
3053 1301 3262 1362 dicunt,
3287 1300 3561 1355 Christum
3595 1316 3703 1354 non

2129 1405 2251 1444 esse
2281 1407 2469 1444 verum
2496 1391 2688 1455 Deum,
2737 1393 2830 1446 sed
2896 1378 3284 1445 communione
3334 1392 3592 1458 quadam,
3649 1402 3708 1445 ut

2132 1492 2261 1535 sunt
2294 1475 2489 1551 reliqui
2521 1498 2732 1548 omnes,
2769 1482 2862 1551 qui
2893 1493 3161 1536 vocantur
3189 1481 3287 1535 dii.
3335 1483 3400 1536 Et
3470 1486 3703 1550 Aposto-

2132 1571 2216 1626 lus
2243 1573 2462 1640 quidcm
2497 1583 2688 1643 gentes
2709 1581 2950 1637 accusat,
2975 1574 3119 1641 quod
3145 1587 3233 1626 res
3263 1583 3576 1641 procreatas
3615 1588 3708 1628 co-

2135 1665 2267 1726 lant,
2305 1665 2370 1717 Et
2407 1666 2723 1728 servierunt,
2768 1665 3042 1734 inquiens,
3069 1674 3326 1719 creaturae
3349 1666 3522 1736 potius
3548 1682 3708 1734 quam

2136 1757 2440 1811 Creatori’.
2477 1757 2567 1811 lsti
2597 1767 2776 1812 autem
2813 1773 2936 1810 cum
2973 1756 3264 1812 Dominum
3285 1768 3527 1812 creatum
3557 1774 3707 1822 asse-

2136 1859 2278 1909 ranl.
2317 1849 2470 1903 etilli
2509 1859 2688 1904 tamen
2725 1852 2986 1913 serviant,
3020 1850 3202 1920 quida
3253 1851 3510 1921 gentibus
3535 1833 3707 1906 Iditi'e-

2131 1941 2434 1995 runt?Cur
2466 1943 2702 2007 enim,si
2738 1942 2810 1995 ita
2858 1943 3125 2008 sentiunt,
3155 1959 3260 1998 non
3305 1944 3468 1998 etiam
3517 1943 3570 1996 in
3615 1958 3710 1998 eos

2123 2033 2390 2101 judicium
2410 2035 2500 2096 sit,
2524 2044 2578 2086 ct
2625 2035 3387 2104 quemadmodumgentibus,
3424 2036 3502 2090 sic
3542 2037 3704 2090 etiam

2129 2123 2262 2192 ipsis
2285 2125 2475 2178 beatus
2515 2124 2713 2178 l’aulus
2759 2126 3065 2180 irascatur?
3111 2127 3179 2181 Et
3229 2127 3512 2190 Dominus,
3573 2126 3708 2197 Ego,

2129 2215 2326 2282 inquit,
2382 2226 2430 2267 et
2475 2216 2635 2269 Pater
2677 2234 2840 2270 unum
2898 2235 3078 2272 smnus
3113 2237 3127 2282 ;
3165 2231 3217 2272 et
3250 2237 3263 2273 :
3291 2218 3396 2283 Qui
3423 2222 3548 2274 vidit
3605 2239 3704 2286 me,

2127 2308 2250 2360 uidit
2274 2317 2321 2359 et
2347 2306 2560 2359 Patrem
2578 2307 2619 2360 ⁵.
2651 2307 2714 2360 Et
2734 2310 3022 2376 Apostolus
3051 2311 3200 2364 abeo
3224 2312 3422 2366 missus
3446 2315 3511 2365 ad
3531 2312 3711 2368 Evan—

2129 2395 2323 2462 gelium
2355 2395 2741 2463 divulgandum
2775 2397 2846 2449 ita
2878 2381 3067 2450 scribit
3105 2415 3118 2449 :
3180 2397 3283 2463 Qui
3303 2415 3421 2453 cum
3441 2402 3507 2454 sit
3534 2401 3710 2465 splen-

2130 2485 2227 2540 dor
2251 2485 2458 2555 ρίου-ἰαί,
2491 2495 2540 2540 et
2570 2488 2744 2557 ﬁgura
2791 2488 3099 2544 substantia:
3130 2491 3240 2559 ejus
3269 2492 3312 2545 ⁸.
3351 2497 3417 2544 At
3454 2493 3539 2547 isti
3574 2495 3682 2550 divi

2132 2575 2259 2628 dere
2290 2577 2513 2640 audent,
2575 2592 2812 2644 eumque
2870 2578 2938 2630 ab
2991 2579 3232 2633 essentia
3297 2583 3710 2653 aeternitateque

2133 2665 2307 2720 Patris
2331 2667 2591 2732 alienum,
2619 2677 2674 2722 et
2692 2669 3004 2724 mutabilem
3057 2671 3259 2725 dieere.
3316 2673 3427 2727 Nec
3465 2676 3713 2730 animad-

2135 2766 2357 2810 vertunt
2399 2756 2552 2826 impii
2608 2773 2689 2819 se,
2751 2759 2880 2811 dum
2931 2758 3044 2812 haec
3096 2758 3341 2823 die.uut,,
3406 2762 3554 2816 illum
3603 2780 3709 2818 non

2130 2849 2366 2918 amplius
2399 2865 2565 2902 unum
2596 2865 2716 2903 eum
2753 2847 2928 2911 Patre,
2969 2851 3061 2903 sed
3103 2866 3226 2904 cum
3264 2855 3427 2906 rebus
3451 2869 3710 2922 procrea-

2136 2941 2202 2992 tis
2255 2940 2606 2994 constituere.
2635 2941 2770 3004 Quis
2805 2941 2949 2994 enim
2986 2957 3094 2994 non
3129 2942 3299 3008 videt,
3329 2960 3359 2996 a
3393 2943 3516 3000 luce
3551 2961 3714 3016 sepa-

2134 3030 2239 3082 rari
2275 3046 2380 3083 non
2427 3047 2584 3099 posse
2647 3032 3016 3099 splendorem,
3049 3033 3208 3101 cujus
3261 3036 3542 3104 proprium
3602 3050 3710 3101 est,

2062 3158 2101 3208 Ο
2137 3133 2198 3176 ut
2228 3123 2460 3177 naturali
2508 3124 2722 3177 vinculo
2747 3137 2870 3176 cum
2919 3123 3007 3176 illa
3033 3139 3250 3193 semper
3270 3126 3596 3196 coniunctus
3620 3131 3710 3188 sit.

2141 3231 2249 3268 non
2305 3224 2484 3268 autem
2530 3224 2714 3284 postea
2743 3215 2793 3266 in
2856 3215 2943 3268 illa
2991 3214 3202 3270 factus?
3227 3217 3428 3272 Adhaec
3459 3235 3581 3272 cum
3615 3221 3713 3274 Pa-

2147 3317 2227 3360 ter
2247 3307 2440 3360 dicat:
2480 3305 2582 3358 Hic
2615 3318 2688 3359 est
2734 3307 2900 3359 Filius
2957 3324 3100 3360 meus
3149 3309 3436 3370 dilectus“,
3467 3320 3520 3363 et
3570 3311 3717 3364 Scri-

2145 3410 2314 3466 ptura:
2359 3397 2648 3462 ailirmeut,
2685 3400 2832 3452 hunc
2853 3415 2976 3452 esse
3001 3397 3181 3452 Patris
3211 3400 3468 3462 Verbum,
3502 3401 3555 3455 in
3605 3417 3716 3470 quo

2141 3501 2196 3545 et
2235 3492 2358 3546 eceli
2396 3492 2594 3546 ﬁrmati
2635 3501 2784 3558 Sunt,
2822 3501 2877 3546 et
2904 3492 3085 3547 omnia
3127 3493 3363 3563 denique
3402 3511 3498 3564 per
3536 3495 3711 3565 ipsum

2142 3585 2394 3637 condita:
2455 3585 2546 3638 isti
2591 3599 2746 3638 novae
2796 3585 3300 3654 commentitiaaque
3343 3588 3715 3642 doctrinaein-

2145 3675 2559 3730 ventoresaliud
2590 3676 2860 3730 inducunt
2892 3675 3150 3740 Verbum,
3205 3687 3260 3730 et
3296 3678 3456 3731 aliam
3528 3678 3708 3732 Patris

2144 3764 2466 3833 sapientiam
2493 3765 2984 3819 comminiscntur
3022 3784 3036 3820 :
3067 3767 3216 3820 hunc
3245 3767 3392 3822 enim
3452 3767 3712 3836 opinione

2145 3867 2352 3908 tantum
2391 3854 2775 3923 propterilla,
2841 3870 2962 3923 quae
2998 3855 3212 3910 ratione
3277 3866 3405 3911 sunt
3463 3857 3710 3927 praedita,

2148 3945 2382 3998 Verbum
2408 3954 2462 3997 et
2510 3944 2831 4013 sapientiam
2863 3945 2992 4000 dici.
3020 3945 3129 4000 Nec
3160 3948 3347 4002 vidi-nt
3389 3965 3548 4018 «luam
3607 3955 3714 4008 ab-

2141 4038 2366 4092 surdum
2399 4037 2472 4090 sit
2493 4038 2571 4101 id,
2598 4041 2742 4108 quod
2767 4053 2831 4092 ex
2855 4053 3047 4093 eorum
3108 4043 3381 4095 sententia
3441 4047 3710 4114 sequitur.

2142 4126 2276 4181 Nam
2312 4127 2355 4182 si
2388 4128 2651 4197 opinione
2678 4138 2884 4184 tantum
2928 4139 3153 4199 propter
3198 4147 3298 4188 nos
3361 4135 3620 4204 Verbum,
3661 4152 3713 4195 et

2142 4219 2413 4289 sapientia
2445 4219 2669 4286 dicitur,
2721 4220 2852 4288 quid
2887 4221 3002 4289 ipse
3037 4223 3133 4286 sit,
3163 4238 3272 4277 non
3308 4234 3570 4294 poterunt
3629 4231 3714 4285 di~

2141 4325 2294 4365 cere.
2350 4309 2564 4364 Etenim
2611 4325 2737 4366 cum
2779 4309 3090 4381 .Scripturae
3148 4314 3352 4377 dicant,
3409 4335 3536 4372 eum
3589 4336 3715 4378 esse

2141 4403 2379 4457 Verbum
2431 4411 2484 4456 et
2508 4403 2858 4471 sapientiam,
2890 4403 2989 4472 ipsi
3039 4413 3220 4460 autem
3277 4408 3563 4466 Dominum
3596 4414 3712 4469 haec

453 4497 711 4565 λέγουσιν
739 4496 797 4550 αἱ
829 4496 1066 4566 Γραφαὶ,
1087 4490 1235 4550 οὗτοι
1255 4496 1312 4549 δὲ
1337 4497 1510 4550 ταῦτα
1539 4494 1676 4550 εἶναι
1710 4500 1800 4551 τὸν
1823 4501 2025 4570 Κύριον

2135 4509 2254 4548 esse
2297 4503 2513 4564 negant,
2537 4509 2606 4548 ne
2628 4495 2976 4564 essequidem
3024 4495 3176 4550 illum
3225 4498 3413 4553 volunt
3465 4502 3715 4557 homines

453 4589 520 4642 οὐ
553 4588 792 4652 θέλουσι,
819 4587 1073 4656 φανερῶς
1121 4589 1241 4641 οὐδὲ
1274 4587 1539 4658 ὑπάρχειν
1563 4589 1726 4642 αὑτὸν
1755 4590 2026 4657 θέλουσιν,

452 4683 510 4736 oi
539 4681 689 4736 ἄθεοι
715 4680 940 4733 καὶτῶν
967 4679 1201 4751 Γραφῶν
1249 4681 1502 4734 ἐναντίοι.
1533 4682 1640 4733 Καὶ
1669 4683 1895 4748 τοῦτοοὶ
1929 4687 2030 4755 μὲν

455 4772 644 4825 πιστοὶ
662 4769 918 4824 δύνανται
947 4769 1078 4840 παρ’
1103 4769 1275 4840 αὐτῆς
1299 4786 1357 4820 τε
1387 4773 1485 4839 τῆς
1515 4773 1794 4842 Πατρικῆς
1824 4777 2027 4846 φωνῆς,

454 4864 556 4917 καὶ
597 4863 748 4933 παρὰ
791 4862 896 4915 τῶν
941 4861 1393 4932 προσκυνούντων
1433 4862 1598 4930 αὐτὸν
1627 4866 1895 4933 ἀγγέλων,
1941 4871 2034 4922 καὶ

453 4956 569 5010 τῶν
597 4957 726 5024 περὶ
755 4953 923 5008 αὐτοῦ
957 4954 1286 5023 γραψάντων
1313 4955 1484 5016 ἁγίων
1518 4956 1710 5024 μαθεῖν
1733 4973 1747 4988 ·
1776 4953 1922 5013 οὗτοι
1953 4961 2030 5025 δὲ,

454 5047 586 5098 ἐπεὶ
617 5043 715 5114 τὴν
751 5044 992 5098 διάνοιαν
1023 5045 1123 5098 οὐκ
1160 5046 1343 5114 ἔχουσι
1377 5044 1626 5116 καθαρὰν
1646 5086 1662 5108 ,
1696 5049 1816 5102 οὐδὲ
1847 5049 2034 5104 δύναν-

455 5154 553 5189 ται
589 5137 751 5191 θείων
783 5136 1076 5190 ἐπακούειν
1110 5138 1204 5190 καὶ
1234 5136 1499 5204 θεολόγων
1534 5140 1748 5210 ἀνδρῶν
1771 5181 1784 5205 ,
1839 5143 2034 5197 δύναν-

452 5247 549 5284 ται
571 5229 672 5283 κᾶν
693 5231 843 5300 παρὰ
871 5232 979 5283 τῶν
1007 5229 1208 5300 ὁμοίων
1231 5231 1415 5292 αὐτοῖς
1440 5230 1710 5301 δαιμόνων
1739 5235 1930 5304 μαθεῖν
1951 5237 2038 5309 ὅτι,

457 5323 540 5391 μὴ
570 5322 644 5385 ὼς
673 5321 885 5376 πολλῶν
915 5323 1083 5377 ὄντων
1119 5325 1454 5391 ἁνεφώνουν,
1486 5326 1622 5378 ἀλλὰ
1650 5328 1839 5380 τοῦτον
1875 5331 2035 5397 μόνον

453 5414 660 5474 εἰδότες
701 5413 890 5482 ελεγον
910 5454 926 5480 ,
963 5415 1034 5467 Σὺ
1064 5410 1116 5468 εἴ
1157 5417 1186 5467 6
1216 5416 1369 5483 ἅγιος
1403 5417 1497 5469 τοῦ
1530 5417 1687 5483 Θεοῦ,
1722 5421 1813 5472 καὶ
1847 5422 1876 5473 6
1907 5421 2032 5483 Υἱὸς

453 5505 554 5559 τοῦ
579 5505 740 5558 Θεοῦ.
770 5506 881 5558 Καὶ
913 5507 1023 5576 γὰρ
1044 5509 1072 5560 6
1099 5507 1198 5576 τὴν
1225 5507 1440 5578 αἵρεσιν
1476 5511 1658 5574 αὐτοῖς
1690 5511 2031 5579 ὑποϐάλλων,

454 5595 743 5667 πειράζων
772 5599 830 5652 ἐν
861 5599 938 5669 τῷ
965 5599 1104 5670 ὄρει,
1137 5603 1238 5654 οὐκ
1271 5600 1476 5668 ἔλεγεν,
1517 5603 1577 5656 Εἰ
1604 5602 1698 5656 καλ⁸
1729 5604 1793 5656 σὺ
1827 5603 1952 5666 Υἱὸς
1984 5599 2036 5654 εἷ

539 5781 554 5810 ¹
584 5777 742 5834 Joan.
767 5796 807 5847 I,
833 5783 885 5835 l.

961 5782 981 5811 ²
1012 5782 1030 5835 1
1061 5779 1218 5837 Joan.
1252 5800 1304 5849 ν,
1330 5781 1420 5837 20.
1495 5783 1514 5813 ³
1547 5783 1702 5836 Rom.
1741 5783 1888 5847 1,25.
1965 5784 1986 5815 ⁸
2011 5782 2166 5838 Joan.
2194 5796 2244 5848 ιι,
2273 5781 2362 5836 50.

2136 4585 2354 4650 nefarii,
2390 4596 2446 4640 et
2470 4586 2678 4641 inimici
2731 4586 3158 4656 Scripturarum.
3183 4596 3260 4643 Ac
3282 4589 3470 4646 ﬁdeles
3489 4593 3707 4662 quidem

2135 4679 2238 4734 viri
2274 4688 2504 4748 possunt
2545 4681 2648 4735 hoc
2688 4681 2901 4740 discere
2939 4691 3051 4736 tum
3076 4697 3106 4736 a
3127 4681 3303 4738 Patris
3326 4699 3480 4748 voce,
3507 4689 3710 4742 tum'ab

2139 4771 2350 4841 angelis
2407 4770 2585 4841 ipsum
2617 4771 2994 4837 adorantibus,
3033 4781 3145 4827 tum
3168 4787 3198 4828 a
3234 4772 3436 4828 sanctis
3472 4776 3709 4846 scripto-

2139 4869 2308 4929 ribus,
2332 4867 2422 4936 qui
2451 4867 2520 4922 de
2555 4867 2648 4921 illo
2693 4866 2858 4921 locuti
2895 4876 3047 4922 sunt.
3083 4867 3178 4921 Isti
3202 4883 3356 4935 vero,
3413 4871 3504 4940 qui
3555 4887 3712 4927 men-

2141 4969 2248 5014 tem
2279 4960 2481 5013 habent
2506 4961 2798 5028 impuram,
2828 4975 2930 5013 nec
2959 4975 3046 5012 res
3070 4957 3311 5026 divinas,
3359 4975 3462 5016 nec
3498 4962 3712 5020 theolo-

2141 5067 2238 5120 gos
2261 5051 2408 5103 viros
2432 5049 2766 5119 intelligunt,
2794 5061 3026 5117 possunt
3054 5065 3084 5102 a
3132 5050 3473 5108 daemonibus
3520 5054 3710 5110 saltem

2142 5143 2222 5195 sui
2251 5141 2516 5195 similibus
2537 5141 2776 5194 edoceri.
2812 5140 2914 5206 Qui
2940 5142 3270 5208 clamabant,
3308 5161 3417 5198 non
3449 5154 3708 5214 tanquam

2143 5231 2363 5294 multos,
2389 5230 2481 5284 sed
2515 5239 2573 5284 ut
2619 5231 2769 5286 hunc
2791 5232 2970 5286 solum
3023 5232 3293 5297 viderent,
3321 5242 3376 5287 et
3404 5233 3665 5288 dicebant
3691 5252 3705 5287 :

2145 5321 2226 5376 Tu
2257 5336 2316 5374 es
2339 5329 2562 5376 sanctus
2591 5321 2684 5376 Dei
2707 5333 2763 5377 et
2784 5321 2952 5378 Filius
2981 5322 3099 5378 Dei.
3140 5324 3273 5378 Nam
3315 5324 3431 5393 ipse
3462 5323 3708 5392 quidem,

2145 5411 2237 5480 qui
2280 5413 2528 5467 haeresim
2575 5412 2774 5467 animis
2813 5428 3004 5468 eorum
3048 5413 3259 5483 injecit,
3299 5429 3424 5467 cum
3478 5422 3713 5470 tentaret

2142 5503 2290 5556 illum
2334 5507 2387 5559 in
2425 5515 2640 5570 monte,
2665 5496 2774 5560 non
2799 5506 2939 5560 dixit
2969 5524 2984 5559 :
3012 5504 3067 5559 Si
3113 5514 3168 5558 et
3209 5513 3266 5556 tu
3299 5503 3465 5558 Filius
3505 5503 3601 5558 Dei
3622 5519 3712 5572 es,

2143 5598 2297 5668 quasi
2340 5607 2596 5652 essentet
2634 5597 2750 5663 alii,
2781 5597 2876 5652 sed
2900 5605 3156 5665 tanquam
3187 5597 3339 5652 solus
3383 5597 3500 5670 ipse
3539 5607 3709 5664 esset,

2438 5780 2459 5812 '
2491 5777 2659 5835 liebr.
2684 5792 2720 5846 ι,
2745 5778 2797 5833 '5.
2875 5776 2896 5809 ⁸
2930 5775 3121 5834 Matth.
3158 5777 3356 5846 111,17.
