4032 6288
450 390 557 455 335

1687 382 2071 450 EUTllYMlI
2109 382 2471 453 ZIGABENI
2552 406 2553 409 ‘

3582 405 3689 466 33‘»

452 509 512 563 Si
552 516 630 569 tu,
696 506 894 574 inquit,
965 519 1017 557 cs
1081 500 1254 555 Filius
1318 499 1481 555 Dei'.
1532 497 1639 553 Sed
1700 499 2013 553 hominibus

2115 501 2207 555 τοῦ
2237 501 2392 566 Θεοῦ,
2407 503 2483 567 ὡς
2502 502 2881 567 6vrtov6i1mv,
2903 504 3108 570 ἀλλ’ὡς
3139 506 3301 576 μόνου
3320 508 3473 573 ὄντος
3495 508 3685 577 αὐτοῦ,

450 601 782 659 almirandis
855 599 995 653 idem
1084 594 1280 650 accidit
1372 594 1518 662 quod
1597 592 1728 662 ipsis
1784 590 2013 646 Graecis.

451 698 604 751 Sicut
675 692 819 746 enim
879 691 930 743 hi
980 704 1102 741 cum
1151 700 1258 739 non
1325 693 1549 755 possent
1610 698 1778 737 unum
1845 682 2014 736 Deum

452 784 757 853 percipere,
834 782 1053 832 deorum
1112 775 1212 830 sibi
1290 773 1689 828 nultitudinem
1742 772 2018 825 conﬁnxe-

455 880 618 925 runt:
655 869 733 921 sic
765 876 819 919 et
849 866 923 917 illi
955 878 1079 918 cum
1143 877 1308 914 unum
1365 860 1541 914 Patris
1602 859 1839 913 Verbum
1897 872 2017 912 esse

456 978 559 1017 non
590 960 899 1021 crederent,
927 956 992 1009 ad
1048 952 1449 1007 multitudinem
1515 948 1878 1020 confugerunt
1906 964 1921 1013 ;
1960 956 2017 1001 et

454 1069 577 1108 cum
611 1051 701 1121 qui
730 1064 855 1102 vere
892 1048 1032 1100 Deus
1060 1054 1168 1108 est,
1202 1042 1436 1098 Verbum
1499 1056 1623 1096 esse
1675 1055 1864 1094 rerum
1918 1055 2013 1093 ue-

452 1154 663 1217 gantes,
696 1150 937 1197 creatum
970 1139 1139 1191 fuisse
1174 1136 1373 1188 audent
1405 1135 1644 1202 cegitare
1701 1141 1756 1186 et
1811 1132 2011 1196 dicere,

452 1250 551 1290 nec
576 1232 882 1293 attendunt,
905 1236 1107 1296 quanta
1141 1225 1418 1294 impietate
1446 1222 1641 1277 referta
1675 1222 1744 1275 sit
1774 1221 2014 1290 ejusmo-

448 1333 500 1385 di
531 1325 824 1382 sententia.
853 1323 988 1376 Nam
1008 1319 1049 1372 si
1093 1327 1309 1373 creatus
1355 1326 1459 1378 est,
1508 1316 1780 1384 quomodo
1829 1326 2013 1367 rerum

451 1428 858 1492 procreatarum
921 1421 1111 1466 auctor
1157 1424 1277 1464 esse
1338 1408 1568 1478 posset?
1601 1411 1710 1461 Aut
1744 1406 2016 1475 quomodo

448 1517 566 1582 ipse
594 1510 765 1564 Filius
794 1514 880 1563 est
939 1512 992 1558 et
1036 1501 1298 1572 sapientia
1357 1511 1412 1555 et
1467 1499 1728 1556 Verbum?
1774 1496 2010 1552 Verbum

448 1603 593 1659 enim
616 1612 725 1653 non
743 1604 983 1657 creatur,
1026 1593 1121 1646 sed
1173 1589 1426 1661 gignitur.
1478 1590 1543 1642 Et
1581 1587 1725 1659 quod
1768 1595 2009 1641 creatum

450 1706 533 1751 est
592 1707 701 1747 non
732 1699 813 1744 est
841 1688 1027 1752 Filius,
1059 1686 1152 1739 sed
1202 1699 1341 1752 opus
1386 1682 1719 1737 confectum.
1771 1679 1926 1745 Quod
1963 1680 2006 1733 si

451 1799 539 1839 res
574 1788 865 1852 procreatae
892 1791 988 1846 per
1013 1776 1188 1844 ipsum
1213 1772 1423 1827 effecta:
1442 1782 1591 1834 sunt,
1638 1781 1860 1825 creatus
1905 1784 2006 1822 au-

449 1848 636 1931 tem-el
665 1873 777 1940 ipse
800 1878 902 1934 est,
926 1881 1023 1938 per
1059 1864 1260 1933 aliquid
1289 1867 1514 1917 omnino
1549 1861 1724 1915 factus
1752 1869 1853 1915 est.
1906 1859 1985 1913 Ne
2048 1848 2086 1901 Β

446 1984 605 2023 resse
636 1973 720 2019 est
743 1965 913 2025 enim,
945 1975 1007 2013 ea
1060 1972 1178 2028 qua:
1230 1956 1387 2021 ﬁunt,
1437 1970 1536 2025 per
1587 1953 1820 2022 aliquem
1872 1951 2007 2005 fieri.

446 2060 563 2113 Non
586 2065 669 2111 est
686 2063 864 2110 autem
892 2060 1106 2106 creatus
1128 2054 1221 2102 aut
1243 2046 1433 2112 factus,
1455 2044 1581 2114 quia
1605 2058 1711 2097 non
1730 2051 1814 2096 est
1834 2056 1999 2111 opus,

447 2152 541 2208 sed
562 2149 795 2204 Verbum
827 2143 1022 2197 Patris.
1056 2140 1323 2194 Praeterea
1358 2138 1401 2192 si
1435 2136 1540 2190 alia
1577 2146 1773 2205 praeter
1818 2134 2012 2188 Domi-

448 2260 577 2297 mnn
611 2250 691 2294 est
723 2238 900 2292 Patris
930 2232 1217 2302 sapientia,
1251 2238 1308 2284 et
1340 2227 1606 2297 sapientia
1635 2226 1689 2279 in
1747 2225 2011 2294 sapientia

447 2336 587 2389 facta
614 2341 715 2385 est.
738 2328 792 2382 Si
830 2336 1009 2379 autem
1035 2320 1303 2392 sapientia
1333 2329 1417 2373 est
1449 2317 1683 2372 Verbum
1728 2316 1843 2381 Dei,
1904 2314 2008 2368 erit

452 2424 686 2476 Verbum
719 2420 772 2471 in
806 2415 981 2469 Verbo
1002 2412 1227 2466 factum.
1260 2409 1325 2463 Et
1364 2409 1407 2463 si
1482 2406 1581 2461 Dei
1636 2405 1869 2460 Verbum
1927 2413 2011 2458 est

448 2514 643 2576 Filius,
681 2508 847 2562 Filius
861 2505 963 2558 crit
984 2506 1035 2555 in
1060 2501 1193 2556 Filio
1215 2502 1407 2555 factus.
1434 2498 1712 2565 Quomodo
1732 2498 1892 2567 igitur
1912 2496 2013 2552 Do-

449 2605 628 2657 minus
663 2600 798 2653 dixit
819 2596 953 2666 :Ego
972 2596 1029 2647 in
1059 2593 1244 2657 Patre,
1278 2600 1326 2645 et
1352 2591 1514 2643 Pater
1540 2591 1595 2643 in
1622 2606 1702 2642 me
1723 2600 1798 2642 est
1823 2591 1866 2654 ',
1885 2603 2009 2643 cum

446 2696 499 2746 in
530 2693 686 2745 l’atrc
731 2691 801 2743 sit
852 2688 990 2740 alius
1020 2686 1072 2738 in
1110 2699 1217 2752 quo
1268 2692 1324 2737 et
1372 2683 1489 2745 ipse
1543 2681 1806 2733 Dominus
1838 2679 2011 2734 factus

448 2785 576 2840 est?
605 2785 714 2837 Cur
772 2788 953 2833 autem
996 2786 1051 2830 et
1093 2773 1330 2829 Joannes
1373 2772 1576 2826 omisso
1633 2771 1725 2824 illo
1785 2771 1852 2824 de
1910 2771 2012 2823 hoc

406 2926 409 2931 .
451 2885 661 2930 tantum
699 2871 959 2940 loquitur.
999 2867 1212 2928 Omnia,
1247 2864 1519 2935 inquiens,
1546 2878 1639 2932 per
1670 2863 1839 2930 ipsum
1868 2862 2009 2931 facta

448 2974 593 3027 sunt,
646 2972 695 3016 et
757 2962 867 3013 sine
914 2960 1028 3026 ipso
1046 2975 1108 3010 ne
1151 2973 1311 3010 unum
1354 2954 1565 3025 quidem
1604 2956 1804 3024 factum
1860 2961 1935 3006 est
1966 2954 2006 3004 ⁸.

448 3058 566 3114 Jam
583 3057 626 3110 si
661 3054 841 3107 omnia
876 3052 1153 3105 voluntate
1190 3048 1283 3101 Dei
1321 3046 1482 3109 facta,
1519 3061 1615 3115 per
1654 3046 1831 3114 ipsum
1872 3042 2009 3097 facta

449 3160 598 3212 sunt,
628 3145 899 3215 quomodo
931 3143 1119 3210 etipse
1174 3155 1341 3193 unum
1397 3152 1586 3193 eorum
1633 3136 1747 3189 sit?
1786 3134 1853 3189 Et
1886 3150 2010 3188 cum

448 3239 738 3311 Apostolus
760 3237 947 3290 dicat:
984 3234 1206 3301 Propter
1240 3246 1395 3300 quem
1427 3230 1603 3282 omnia
1646 3236 1695 3281 et
1734 3243 1824 3295 per
1859 3242 2009 3296 quem

451 3333 630 3387 omnia
657 3333 701 3394 ⁸,
737 3328 826 3381 isti
858 3341 964 3380 non
1003 3333 1226 3394 propter
1266 3323 1415 3374 illum
1453 3335 1556 3374 nos
1575 3335 1695 3374 esse
1727 3319 1897 3374 iactos
1927 3333 2009 3371 as-

449 3430 663 3487 serunt,
694 3420 787 3473 sed
828 3434 952 3470 eum
987 3424 1207 3485 propter
1229 3428 1347 3467 nos.
1363 3414 1418 3467 Si
1443 3413 1587 3467 enim
1617 3428 1705 3467 res
1730 3415 1808 3466 sic
1844 3412 2012 3466 habe-

450 3525 552 3579 ret,
578 3513 866 3569 dieendum
918 3518 1055 3574 erat,
1080 3507 1307 3575 Propter
1330 3520 1466 3575 quos
1504 3505 1704 3559 factum
1746 3513 1828 3559 est
1886 3504 2013 3557 Ver-

446 3611 597 3664 bum.
626 3606 742 3659 Non
774 3613 953 3656 autem
978 3600 1030 3654 id
1053 3600 1189 3654 dixit
1226 3598 1345 3664 sed,
1380 3599 1609 3667 PrOpter
1638 3613 1798 3667 quem
1831 3596 2011 3650 omnia

445 3710 500 3757 et
530 3715 626 3771 per
643 3711 805 3767 quem
835 3693 1041 3749 omnia.
1090 3692 1167 3746 Ex
1207 3706 1316 3760 quo
1370 3690 1502 3744 istos
1556 3689 1842 3742 haereticos
1892 3701 2013 3741 esse

447 3803 503 3848 et
538 3789 894 3862 sycophantas
924 3783 1241 3839 declaravit.
1274 3781 1393 3835 lam
1424 3796 1546 3836 eum
1578 3781 1693 3835 ausi
1726 3783 1836 3836 sint
1870 3779 2013 3832 dice—

445 3898 525 3950 re,
553 3881 700 3937 aliud
728 3878 998 3949 quoddam
1025 3890 1144 3930 esse
1186 3873 1423 3928 Verbum
1495 3872 1549 3925 in
1607 3872 1738 3935 Deo,
1796 3868 2013 3939 quando

445 3980 724 4044 nequeunt
746 3978 966 4041 apertas
1030 3982 1093 4021 ex
1168 3964 1468 4034 Scripturis
1517 3960 2014 4018 demonstrationes

445 4068 662 4128 afferre,
696 4080 834 4134 epus
855 4062 1044 4118 saltem
1077 4059 1365 4113 ostendant
1404 4055 1616 4125 aliquod
1664 4055 1818 4110 isdus
1864 4068 1893 4107 a
1953 4067 2013 4107 se

445 4157 664 4213 conﬁcti
684 4157 871 4221 Verbi,
902 4156 947 4209 si
978 4153 1152 4207 Patris
1186 4167 1351 4221 opera
1378 4150 1497 4204 sine
1535 4149 1640 4203 hoc
1663 4146 1843 4201 Verbo
1869 4146 2011 4199 facta

447 4259 597 4311 sunt,
620 4258 679 4302 ut
700 4246 950 4300 stultitia:
977 4258 1089 4297 sua:
1111 4257 1328 4296 causam
1348 4242 1582 4309 aliquam
1613 4239 1812 4293 habere
1859 4238 2010 4292 vide-

449 4352 633 4396 antur.
668 4337 797 4390 Nam
819 4336 927 4389 veri
955 4335 1171 4403 quidem
1207 4333 1368 4387 Verbi
1399 4346 1564 4400 opera
1616 4331 1830 4385 cunctis
1886 4343 2013 4398 per-

449 4432 634 4498 spicua
666 4437 814 4491 sunt,
849 4443 912 4480 ex
958 4426 1156 4493 quibus
1183 4424 1391 4478 ratione
1440 4424 1672 4493 quadam
1720 4431 1776 4476 et
1834 4422 2011 4490 ipsum

2119 594 2188 647 El
2223 593 2304 648 σὺ
2336 597 2389 647 εί
2430 597 2463 648 ὁ
2499 596 2629 661 Υἱὸς
2694 593 2802 649 τοῦ
2856 596 3007 651 Θεοῦ
3032 615 3045 628 ·
3097 597 3237 652 Ἀλλ’
3266 599 3315 652 οἱ
3356 599 3685 671 θαυμαστοὶ,

2117 684 2314 756 ὥσπερ
2351 691 2399 739 οἰ
2435 686 2698 758 ’Έλληνες
2732 690 3058 752 ἐκπεσόντες
3091 690 3189 758 τῆς
3230 690 3360 760 περὶ
3396 690 3534 744 Θεοῦ
3569 693 3689 755 svi;

2117 776 2327 838 ἑννοίας
2361 776 2441 838 είς
2477 776 2853 846 πολυθεότητα
2891 778 3203 846 κατῆλθον,
3236 778 3380 832 οὕτω
3415 779 3509 833 καὶ
3539 775 3689 836 οὗτοι

2120 868 2195 936 μὴ
2222 866 2570 928 πιστεύοντῖς
2600 863 2740 919 εἶναι
2762 867 2853 920 τὸν
2880 868 2973 919 τοῦ
2998 868 3207 937 Πατρός
3238 869 3412 937 Λόγον
3449 871 3528 932 είς
3556 870 3688 923 πολ-

2116 960 2223 1011 λῶν
2269 957 2516 1011 ἐπίνοιαν
2567 958 2910 1020 πεπτώκασι.
2949 963 3042 1014 καὶ
3090 960 3182 1014 τὸν
3215 961 3315 1030 μὲν
3343 962 3518 1025 ὅντως
3554 961 3688 1017 ὅντα

2115 1048 2249 1101 Θεὸν
2274 1048 2525 1118 ἀληθινὸν
2550 1048 2721 1116 Λόγον
2744 1049 3058 1118 ἀρνοῦνται,
3080 1050 3287 1120 κτίσμα
3314 1050 3371 1103 δὲ
3402 1052 3566 1103 αὑτὸν
3593 1054 3688 1105 καὶ

2116 1137 2467 1208 ἐνθυμεῖσθαι
2491 1179 2505 1202 ,
2535 1139 2631 1191 καὶ
2661 1138 2841 1207 λέγειν
2899 1140 3327 1210 τετολμήκασιν,
3364 1142 3427 1194 οὐ
3460 1141 3687 1211 βλέπον-

2113 1247 2226 1295 τες,
2259 1231 2391 1297 ὅσης
2419 1228 2679 1291 ἀσεϐείας
2713 1230 2911 1298 μεστόν
2936 1231 3131 1284 ἔστιτὸ
3161 1232 3442 1302 φρόνημα.
3479 1233 3542 1286 Ei
3575 1234 3686 1301 γὰρ

2116 1323 2323 1390 κτίσμα
2374 1321 2511 1383 ἐστὶ,
2559 1322 2675 1383 πῶς
2723 1322 2886 1384 αὐτὸς
2922 1322 3031 1375 τῶν
3080 1325 3399 1395 κτισμάτων
3436 1326 3555 1378 ἐστὶ
3592 1326 3689 1396 δη-

2118 1412 2412 1482 μιουργόςς
2450 1412 2482 1481 ἢ
2514 1412 2630 1474 πῶς
2685 1412 2844 1475 αὐτὸς
2876 1415 2902 1464 6
2926 1412 3052 1476 Υἱὸς
3087 1415 3182 1466 καὶ
3238 1416 3421 1483 σοφία,
3456 1417 3552 1468 καὶ
3584 1418 3690 1470 Ao-

2114 1521 2244 1573 γος;
2282 1506 2341 1557 Ὃ
2374 1504 2545 1573 Λόγος
2575 1494 2686 1574 γὰρ
2715 1506 2776 1558 οὔ
2809 1504 3072 1569 κτίζεται,
3099 1507 3235 1563 ἀλλὰ
3264 1511 3541 1576 γεννᾶται.
3578 1510 3690 1563 Καὶ

2113 1595 2175 1649 τὸ
2232 1594 2434 1663 κτίσμα
2486 1595 2607 1663 οὐχὶ
2668 1595 2818 1661 Υἱὸς,
2879 1596 3014 1651 ἀλλὰ
3066 1598 3303 1668 ποίημα.
3362 1599 3473 1653 Καὶ
3520 1599 3569 1651 εί
3617 1599 3689 1652 τὰ

2112 1688 2388 1757 κτίσματα
2421 1687 2490 1741 δι’
2524 1688 2691 1741 αὑτοῦ
2717 1690 2942 1757 γέγονε,
2976 1692 3186 1759 κτίσμα
3219 1692 3276 1745 δέ
3312 1693 3433 1745 ἔστι
3464 1695 3558 1746 καὶ
3591 1693 3689 1745 αὑ-

2112 1781 2226 1844 τὸς,
2262 1780 2352 1833 διά
2378 1795 2519 1842 τινος
2548 1779 2659 1850 ἄρα
2689 1779 2781 1831 καὶ
2813 1779 2972 1843 αὐτὸς
3003 1782 3247 1848 γέγονεν.
3295 1783 3535 1851 Ἀνάγκη
3573 1784 3682 1854 γὰρ

2114 1872 2183 1925 τὰ
2229 1871 2511 1942 ποιήματα
2561 1870 2650 1924 διὰ
2696 1887 2840 1935 τινος
2886 1872 3156 1940 γίνεσθαι.
3209 1872 3403 1943 ὥσπερ
3449 1869 3544 1928 οὖν
3595 1876 3689 1929 καὶ

2115 1964 2305 2033 γέγονε
2353 1962 2445 2015 διὰ
2497 1961 2593 2015 τοῦ
2635 1962 2831 2030 Λόγου,
2876 1963 2960 2015 ὅτι
3008 1963 3083 2034 μὴ
3128 1963 3291 2026 αὐτὸς
3330 1959 3398 2037 ἦν
3449 1963 3687 2033 ποίημα,

2113 2053 2247 2106 ἀλλὰ
2273 2054 2440 2119 Λόγος
2470 2052 2565 2104 τοῦ
2602 2053 2838 2124 Πατρός.
2869 2056 2977 2108 Καὶ
3012 2056 3195 2118 πάλιν,
3224 2056 3273 2108 εἰ
3299 2056 3433 2126 ἄλλη
3467 2056 3619 2109 ἐστὶν
3653 2056 3685 2124 ἠ

2114 2143 2172 2194 ὲν
2218 2138 2295 2211 τῷ
2329 2142 2503 2212 Πατρὶ
2537 2142 2697 2209 σοφία
2736 2144 2887 2211 παρὰ
2919 2144 3011 2197 τὸν
3063 2145 3288 2214 Κύριον,
3322 2145 3417 2199 καὶ
3446 2147 3497 2218 ἡ,
3522 2147 3687 2215 σοφία

2115 2232 2173 2283 ὲν
2206 2230 2369 2301 σοφίᾳ
2408 2232 2654 2299 γέγονεν.
2689 2234 2749 2287 Εἰ
2780 2234 2836 2287 δὲ
2876 2237 3037 2305 σοφία
3064 2236 3215 2290 ἐστὶν
3243 2238 3271 2289 6
3299 2236 3394 2290 τοῦ
3419 2236 3556 2291 Θεοῦ
3579 2239 3688 2292 Λό-

2114 2339 2210 2391 γος
2229 2362 2243 2385 ,
2272 2322 2355 2393 εἴη
2388 2322 2455 2376 ἂν
2484 2325 2578 2377 καὶ
2611 2325 2639 2377 ό
2670 2325 2843 2395 Λόγος
2874 2328 2931 2379 ὲν
2959 2329 3118 2397 Λόγῳ
3146 2326 3405 2398 γεγονώς.
3443 2328 3545 2383 Καὶ
3573 2330 3625 2382 εί
3660 2332 3689 2384 6

2114 2414 2287 2481 Λόγος
2321 2413 2416 2467 τοῦ
2455 2416 2591 2469 Θεοῦ
2632 2420 2780 2470 ἐστιν
2816 2422 2844 2472 6
2880 2419 3026 2482 Υίδς,
3062 2405 3147 2491 eti;
3182 2420 3250 2474 ἂν
3282 2422 3375 2475 καὶ
3405 2422 3436 2475 6
3469 2422 3597 2487 Υἱὸς
3626 2422 3689 2474 ἐν

2112 2505 2191 2573 τῷ
2246 2506 2356 2575 Υίῷ
2410 2506 2678 2576 ποιηθείς.
2728 2509 2853 2571 Πῶς
2902 2509 3083 2563 τοίνυν
3141 2513 3168 2564 6
3218 2510 3425 2582 Κύριος
3471 2512 3682 2581 ἔλεγεν,

2127 2600 2272 2668 Ἐγὼ
2321 2601 2390 2655 ἐν
2430 2600 2509 2664 τῷ
2556 2600 2755 2670 Πατρί,
2787 2601 2885 2655 καὶ
2923 2605 2955 2655 ό
2998 2601 3200 2670 Πατὴρ
3229 2603 3298 2656 ἐν
3324 2603 3480 2673 ἐμοὶ,
3533 2601 3687 2666 ὕντος

2115 2694 2302 2763 ἐτέρου
2347 2697 2403 2745 ἐν
2445 2691 2523 2762 τῷ
2575 2693 2777 2763 Πατρὶ,
2841 2696 2898 2746 ἐν
2936 2687 2981 2762 ᾧ
3038 2696 3133 2746 καὶ
3187 2695 3351 2757 αὐτὸς
3405 2696 3435 2749 6
3475 2693 3683 2764 Κύριος

2114 2788 2335 2853 γέγονες
2362 2784 2485 2847 Πῶς
2519 2784 2574 2838 δὲ
2616 2785 2644 2835 6
2696 2781 2953 2855 Ἰωάννης
2983 2786 3141 2854 ἀφεὶς
3173 2778 3382 2839 ἐκεῖνον
3408 2788 3536 2856 ιπερὶ
3564 2787 3689 2839 τού-

2112 2893 2204 2929 του
2252 2877 2515 2945 διηγεῖται
2562 2875 2757 2945 λέγων,
2808 2876 3009 2930 Πάντα
3057 2877 3135 2931 δι’
3176 2878 3365 2932 αὐτοῦ
3419 2878 3681 2946 ἐγένετο,

2114 2966 2212 3019 καὶ
2252 2966 2427 3034 χωρίς
2472 2967 2658 3021 αὐτοῦ
2699 2968 2936 3036 ἐγένετο
2961 2968 3103 3023 οὐδὲ
3154 2969 3264 3036 Er;
3312 2969 3376 3023 Et
3419 2968 3475 3022 δὲ
3509 2971 3687 3022 πάντα

2115 3056 2418 3127 βουλήματι
2450 3058 2518 3112 τὰ
2544 3059 2813 3127 γενόμενα
2845 3060 2915 3112 δι’
2941 3061 3109 3113 αὐτοῦ
3138 3060 3353 3128 γέγονε,
3381 3061 3497 3124 πῶς
3525 3062 3687 3124 αὐτος

2114 3144 2193 3213 εἷς
2219 3148 2330 3201 τῶν
2367 3150 2672 3216 γενομένων
2700 3150 2816 3203 ἐστί
2839 3166 2852 3215 ;
2886 3152 3009 3212 Πῶς
3028 3150 3087 3203 δὲ
3112 3153 3204 3205 καὶ
3226 3152 3320 3204 τοῦ
3362 3152 3689 3206 ’Ᾱποστόλου

2115 3240 2385 3307 λέγοντος,
2435 3239 2515 3291 Δι’
2563 3239 2636 3292 6r
2689 3240 2761 3294 τὰ
2823 3240 3041 3305 πάντα,
3091 3239 3170 3293 δι’
3219 3236 3293 3296 οὗ
3343 3241 3415 3295 τὰ
3467 3241 3688 3303 πάντη,

2114 3318 2260 3378 οὗτοι
2294 3328 2563 3397 λέγουσιν,
2592 3330 2703 3397 Οὐχ
2735 3330 2892 3399 ἡμεῖς
2920 3329 2986 3382 δι’
3016 3330 3198 3396 αὑτὸν,
3232 3329 3351 3383 ἀλλ’
3378 3332 3590 3393 ἐκεῖνος
3619 3330 3691 3383 δι’

2112 3420 2262 3488 ἡμᾶς
2297 3422 2562 3488 γέγονενς
2615 3422 2761 3473 Ἔδει
2807 3422 2936 3491 γὰρ,
2975 3421 3136 3490 εἴπερ
3165 3420 3337 3485 οὕτως
3370 3418 3462 3491 ἦν,
3511 3424 3689 3474 είπεῖν

2115 3512 2305 3577 αὑτὸν,
2340 3510 2417 3564 Δι’
2440 3510 2535 3574 οὓς
2562 3511 2837 3580 γέγονενό
2884 3513 3080 3580 Λόγος.
3127 3511 3243 3564 Νῦν
3290 3513 3347 3564 δὲ
3404 3512 3477 3581 μὴ
3528 3510 3690 3565 τοῦτο

2113 3602 2488 3669 ).ἑγων,ἁ).λὰ,
2517 3602 2594 3656 Δι’
2630 3602 2690 3657 όν
2728 3603 2795 3657 τὰ
2824 3608 3027 3667 πάντα,
3060 3604 3154 3656 καὶ
3185 3603 3253 3657 δι’
3284 3597 3345 3659 οῦ
3384 3605 3453 3656 τὰ
3485 3605 3688 3668 πάντα,

2112 3695 2348 3747 δείκνυσι
2376 3695 2598 3757 τιύτους
2626 3695 2940 3765 αἱρετικοὺς
2965 3694 3062 3747 καὶ
3084 3695 3451 3763 συκοφάντας.
3479 3694 3692 3760 ’Δλλως

2112 3802 2169 3838 τε
2200 3786 2247 3837 εί
2270 3786 2671 3855 τεθάρῤήκασιν
2717 3785 2873 3840 ἄλλον
2900 3779 3038 3837 εἷναι
3061 3788 3159 3837 τον
3181 3785 3353 3852 Λόγον
3372 3785 3431 3836 tv
3448 3781 3527 3853 τῷ
3545 3782 3688 3854 Θεῷ,

2117 3876 2244 3930 ἐπεὶ
2277 3877 2351 3946 μὴ
2386 3878 2626 3945 φανερὰς
2654 3876 2836 3945 έχουσι
2862 3876 2962 3940 τὰς
2991 3877 3055 3928 ὲκ
3083 3874 3190 3928 τῶν
3216 3873 3451 3946 Γραφῶν
3473 3873 3691 3928 ἀποδεί-

2114 3967 2244 4031 ξεις,
2284 3967 2390 4021 κᾶν
2428 3967 2586 4035 ἔργον
2624 3966 2789 4020 αὑτοῦ
2824 3967 3213 4029 δεικνύτωσαν,
3249 3968 3297 4020 εί
3331 3967 3399 4021 τὰ
3434 3964 3529 4020 τοῦ
3567 3966 3687 4019 ﬂa-

2112 4061 2237 4129 τρὸς
2285 4058 2421 4129 ἔργα
2458 4059 2629 4129 χωρὶς
2674 4058 2865 4112 τούτου
2900 4057 2995 4111 τοῦ
3027 4059 3205 4127 Λόγου
3242 4060 3559 4127 γεγόνασιν,
3596 4058 3688 4111 ἱνα

2112 4149 2236 4203 τινὰ
2282 4149 2448 4221 σχῶσι
2490 4151 2763 4220 πρόφασιν
2796 4150 2893 4218 τῆς
2932 4150 3140 4204 ἑαυτῶν
3182 4150 3390 4213 ἀνοίας.
3434 4148 3544 4203 τοῦ
3585 4149 3690 4217 μὲν

2118 4240 2371 4311 ἀληθινοῦ
2399 4242 2570 4309 Λόγου
2601 4242 2782 4295 πάντα
2811 4244 2928 4294 ἐστὶ
2945 4241 3161 4310 φανερὰ
3188 4244 3254 4293 τὰ
3286 4240 3444 4308 ἔργα,
3476 4240 3558 4303 ὡς
3586 4241 3689 4291 καὶ

2115 4330 2173 4393 ἐξ
2204 4329 2382 4383 αὐτῶν
2417 4331 2580 4383 αὑτὸν
2617 4329 2895 4398 ἀναλόγως
2934 4328 3277 4398 θεωρεῖσθαι.
3323 4328 3409 4392 Ὧς
3440 4326 3551 4397 γὰρ
3586 4331 3691 4387 τὴν

2116 4420 2291 4473 κτίσιν
2309 4418 2541 4491 ὁρῶντες
2560 4419 2918 4490 διανοούμεθα
2927 4423 3018 4473 τον
3034 4419 3238 4490 ταύτην
3256 4418 3691 4484 κτίσανταθεὺν,

450 4523 815 4593 cognoscitur.
851 4518 1319 4584 Quemadmodum
1355 4516 1501 4572 enim
1563 4531 1654 4570 res
1698 4523 2011 4585 procreatas

2120 4512 2263 4564 οὕτω
2296 4514 2389 4565 καὶ
2418 4512 2711 4581 βλέποντες
2743 4510 2910 4583 μηδὲν
2948 4512 3182 4565 ἄτακτον
3222 4513 3285 4564 tv
3317 4512 3428 4573 τοῖς
3458 4509 3692 4579 γενομέ-

449 4618 728 4670 intuentes
749 4620 1152 4683 procreatorem
1183 4610 1426 4678 ipsarum
1451 4606 1621 4660 Deum
1642 4602 2015 4676 intelligimus,

450 4709 527 4759 ita
566 4722 689 4758 cum
728 4702 863 4757 nihil
896 4702 952 4754 in
989 4700 1068 4753 eis
1096 4698 1406 4759 confusum,
1445 4695 1539 4748 sed
1581 4694 1761 4747 omnia
1824 4693 2017 4748 ordine

453 4809 507 4852 et
539 4797 876 4866 providentia
925 4792 1127 4846 moveri
1161 4787 1582 4855 eonserrarique
1624 4785 2014 4854 conspicimus,

456 4888 548 4939 Dei
586 4886 819 4939 Verbum
855 4885 909 4935 in
948 4881 1203 4936 omnibus
1234 4878 1525 4936 exsistens.
1578 4886 1632 4927 et
1684 4874 1865 4927 omnia
1929 4888 2013 4926 re-

452 4995 585 5050 gens
629 4993 693 5031 ac
724 4978 1015 5030 moderans
1054 4970 1555 5026 :mimadvertimus.
1580 4967 1692 5022 Hoc
1720 4974 1775 5020 et
1819 4966 2017 5021 divinae

457 5070 759 5137 Scriptura:
796 5056 1083 5130 testantur,
1126 5078 1245 5133 quae
1285 5062 1470 5117 dicunt
1529 5060 1705 5130 ipsum
1754 5073 1878 5112 esse
1921 5056 2015 5110 Dei

455 5158 718 5221 Verbum,
739 5166 793 5210 ct
816 5172 913 5226 per
943 5154 1075 5208 illud
1099 5154 1278 5207 omnia
1311 5152 1483 5207 inisse
1511 5149 1785 5213 coniecta,
1814 5160 1871 5203 et
1898 5148 2017 5202 sine

453 5254 574 5321 ipso
614 5250 819 5304 factum
853 5262 973 5303 esse
1013 5247 1173 5300 nihil.
1222 5246 1385 5299 Istius
1434 5253 1619 5299 autem
1647 5240 1829 5303 Verbi,
1873 5238 2019 5309 quod

452 5342 550 5410 ipsi
575 5340 833 5404 eﬂ‘eruut,
862 5351 964 5390 nec
997 5335 1293 5403 Scriptura:
1324 5334 1722 5395 testimonium,
1751 5346 1853 5383 nec
1883 5342 2019 5396 opus

453 5433 620 5485 ullum
646 5430 962 5486 ostendunt.
995 5426 1279 5498 Siquidem
1314 5434 1368 5477 et
1404 5424 1583 5489 Pater,
1653 5422 1749 5475 Hic
1790 5433 1886 5485 est,
1939 5424 2020 5474 in-

449 5525 663 5592 quiens,
699 5519 864 5575 Folius
890 5537 1035 5574 meus
1055 5520 1294 5578 dilectus,
1321 5516 1530 5569 nullum
1556 5516 1720 5569 alium
1748 5529 1870 5568 esse
1888 5528 2020 5583 prae-

450 5624 534 5666 ter
564 5616 740 5682 ipsum
772 5614 1056 5683 signiﬁcat.
1087 5610 1452 5675 Quamobrem
1483 5607 1687 5677 egregii
1722 5608 1809 5660 isti
1845 5607 2019 5660 homi-

452 5718 550 5757 nes
590 5702 901 5756 llaniehaﬂs
925 5702 978 5755 in
1016 5704 1116 5754 hac
1150 5711 1303 5770 parte
1336 5700 1590 5753 ridentur
1660 5698 1889 5753 similes.
1953 5698 2023 5752 Ut

2117 4622 2259 4670 νοις,
2297 4604 2432 4657 ἀλλὰ
2472 4604 2648 4657 πάντα
2679 4605 2830 4668 τάξει
2865 4605 2960 4657 καὶ
3000 4602 3230 4675 προνοίᾳ.
3286 4600 3584 4670 κινούμενά
3626 4618 3689 4653 τε

2117 4698 2211 4749 καὶ
2266 4697 2520 4767 μένοντα,
2579 4696 2958 4767 ὲνθυμούμεθα
3015 4699 3185 4764 Λόγον
3230 4691 3370 4749 εἶναι
3408 4695 3504 4748 τοῦ
3550 4693 3689 4746 Θεοῦ

2115 4790 2205 4843 τὸν
2239 4791 2330 4843 ἐπὶ
2368 4793 2585 4843 πάντων
2640 4806 2699 4841 τε
2726 4789 2855 4841 ὅντα
2892 4791 2987 4842 καὶ
3056 4782 3479 4858 ἡγεμονεύοντα.
3512 4785 3689 4838 Τοῦτο

2119 4882 2213 4933 καὶ
2238 4882 2294 4935 αἱ
2324 4879 2469 4933 θεῖαι
2501 4880 2713 4950 Γραφαὶ
2738 4878 3082 4950 μαρτυροῦσι
3111 4879 3392 4946 λέγουσαι,
3424 4876 3588 4929 αὐτόν
3624 4892 3687 4927 τε

2118 4968 2256 5025 εἶναι
2284 4974 2373 5026 τὸν
2393 4970 2489 5024 τοῦ
2512 4972 2650 5025 Θεοῦ
2678 4972 2871 5039 Λόγον,
2897 4972 2991 5023 καὶ
3026 4970 3108 5024 ὅτι
3134 4970 3202 5023 δι’
3230 4969 3396 5022 αὐτοῦ
3418 4970 3486 5024 τὰ
3507 4970 3690 5022 πάντα

2116 5066 2355 5134 ἐγένετο,
2388 5066 2482 5118 καὶ
2510 5066 2679 5135 χωρὶς
2708 5064 2871 5118 αὑτοῦ
2904 5063 3123 5131 ἐγένετο
3148 5063 3325 5117 οὐδέν.
3359 5062 3604 5116 ’Ἑλείνον
3628 5060 3688 5114 δὲ

2120 5157 2246 5225 περὶ
2274 5149 2337 5209 οὗ
2366 5155 2639 5223 λέγουσιν,
2671 5151 2825 5208 οὐδὲν
2857 5153 2982 5206 οὔτε
3016 5153 3201 5223 ῥητὸν,
3232 5151 3359 5205 οὔτε
3398 5152 3563 5221 ἔργον
3594 5149 3688 5203 ὑπ’

2118 5244 2297 5295 αὐτῶν
2316 5244 2610 5296 δείκνυται.
2642 5244 2752 5296 Καὶ
2774 5242 2884 5313 γὰρ
2906 5245 2999 5296 καὶ
3024 5244 3187 5304 αὐτὸς
3213 5243 3242 5294 6
3268 5240 3461 5310 Πατὴρ
3488 5238 3686 5306 λόγων,

2122 5329 2310 5398 οὗτός
2340 5333 2512 5387 ἐστιν
2541 5336 2574 5387 ὀ
2603 5333 2735 5397 Υἱός
2764 5349 2883 5401 μου
2916 5334 2949 5385 ὀ
2983 5329 3314 5400 ἀγαπητὸς,
3353 5327 3544 5381 οὐδένα
3572 5324 3692 5378 ἓτε-

2125 5444 2217 5491 ρον
2249 5424 2388 5479 εῖναι
2431 5426 2561 5494 παρ’
2589 5425 2750 5479 αὐτὸν
2786 5424 3066 5494 σημαίνει.
3098 5421 3310 5476 Οὐκοῦν
3349 5419 3491 5473 κατὰ
3531 5414 3692 5471 τοῦτο

2123 5518 2444 5588 Μανιχαίοις
2475 5519 2660 5571 λοιπὸν
2693 5518 2744 5570 oi
2777 5516 3084 5587 θαυμαστοὶ
3118 5512 3549 5584 προσετέθησαν.
3583 5509 3693 5563 Καὶ

2124 5609 2232 5678 γὰρ
2274 5610 2519 5662 κάκεῖνοι
2574 5608 2735 5678 μόνον
2788 5609 2950 5678 ἄχρις
3001 5607 3267 5677 ὀνόματος
3308 5600 3518 5671 ἀγαθὸν
3552 5599 3692 5653 Θεὸν

2122 5700 2475 5768 ὀνομάζουσι,
2514 5703 2606 5754 καὶ
2640 5701 2801 5772 ἔργον
2836 5699 3001 5754 αὑτοῦ
3034 5698 3158 5752 οὔτε
3192 5694 3541 5767 βλεπόμενον,
3568 5690 3692 5744 οὔτε

522 5819 536 5848 ¹
569 5816 756 5871 Matth.
789 5832 861 5882 IV,
892 5818 924 5872 6
1001 5819 1022 5848 ²
1049 5818 1201 5872 Joan.
1235 5833 1345 5884 xiv,
1370 5818 1456 5871 il.
1531 5817 1552 5848 ³
1578 5814 1731 5871 Ioau.
1766 5833 1805 5883 ι,
1829 5816 1882 5870 3.
1962 5816 1982 5847 ⁸
2013 5816 2032 5870 l
2061 5816 2187 5875 Cor.
2224 5819 2412 5884 vn|,6.
