4120 6292
411 412 518 479 337

1361 415 1738 477 PANOPLIA
1800 417 2258 477 DOGMATICA.
2296 438 2357 450 -
2402 415 2550 475 ΤΙΤ.
2601 418 2705 477 ΧΙ.

3561 409 3666 473 338

407 530 649 601 ἀόρατον
687 529 960 586 δεικνύειν
1001 531 1278 587 δύνανται.
1323 533 1427 586 Τὸν
1465 533 1523 587 δὲ
1566 533 1841 602 ἀληθινὸν,
1892 537 1988 589 καὶ

2121 538 2242 590 enim
2279 536 2358 589 illi
2397 533 2564 589 Deum
2594 531 2883 602 quemdam
2923 529 3147 584 nomine
3175 529 3440 583 duntaxat
3465 502 3667 580 bonum

408 623 585 682 ὅντως
615 623 748 676 ὂντα
772 623 926 689 Θεὸν,
949 625 1041 678 τὸν
1070 610 1588 696 ποιητὴνόύρανοῦ,
1619 625 1715 679 καὶ
1742 626 1868 696 γῆς,
1897 629 1992 682 καὶ

414 714 642 769 πάντων
670 715 780 769 τῶν
803 716 1055 785 ἀοράτων
1076 716 1422 789 ἀρνούμενοι,
1453 718 1730 783 παντελῶς
1761 721 1866 774 εισι
1895 737 1996 790 μυ-

411 805 653 874 θολόγοι.
685 806 855 860 Τοῦτο
881 808 940 860 δὲ
971 811 1064 862 καὶ
1094 803 1239 863 οὗτοι
1269 809 1506 880 πάσχειν
1541 827 1632 880 μοι
1663 810 1915 864 δοκοῦσιν
1941 810 1991 863 oi

418 898 784 968 κακόφρονες.
819 899 928 952 Τοῦ
959 898 1068 968 γὰρ
1099 899 1358 971 ἀληθινοῦ
1389 901 1566 970 Λόγου
1595 903 1688 955 καὶ
1717 903 1880 972 μόνον
1911 901 1998 954 όν-

416 1006 515 1053 τος
544 991 602 1042 έν
631 989 710 1058 τῷ
743 991 925 1060 Πατρὶ
953 991 1024 1044 τὰ
1060 991 1198 1062 ἔργα
1229 992 1512 1062 βλέπουσι,
1547 994 1643 1047 καὶ
1675 993 1864 1047 τοῦτον
1901 995 1998 1063 μὲν

415 1081 748 1154 ἀρνοῦνται,
781 1083 941 1137 ἄλλον
981 1084 1038 1136 δὲ
1074 1085 1286 1149 ἑαυτοῖς
1318 1085 1759 1148 ἀναπλάττοντες
1790 1087 1962 1154 Λόγον
1983 1127 1996 1149 ,

414 1171 544 1226 οὔτε
571 1172 632 1238 ἐξ
656 1174 858 1245 ἔργων,
880 1174 940 1226 οῦ
951 1193 1004 1227 τε
1036 1178 1097 1226 ἐκ
1127 1178 1388 1246 ῥημάτων
1411 1178 1788 1231 ἀποδεικνύειν
1807 1178 1998 1231 δύναν-

415 1281 534 1320 ται.
568 1266 679 1318 Καὶ
712 1268 830 1334 μετ’
852 1267 1010 1334 ὀλίγα
1033 1285 1047 1297 ·
1070 1263 1203 1320 Εἶτα
1228 1267 1324 1321 τοῦ
1353 1270 1682 1323 ’Λποστόλου
1715 1271 1995 1338 λέγοντος,

422 1356 680 1421 Χριστὸς
715 1357 864 1411 Θεοῦ
894 1357 1168 1428 δύναμις,
1192 1359 1290 1413 καὶ
1327 1360 1476 1414 Θεοῦ
1506 1363 1692 1431 σοφία
1713 1401 1728 1427 ,
1754 1356 1901 1415 οὗτοι
1931 1365 1998 1432 τῇ

422 1452 645 1519 κάμπη,
700 1448 796 1501 καὶ
843 1451 967 1512 ταῖς
1017 1450 1239 1513 πολλαῖς
1288 1452 1556 1522 δυνάμεσι
1602 1453 1794 1504 τοῦτον
1842 1471 2005 1505 συνα-

420 1538 736 1606 ριθμοῦσιν.
771 1536 905 1595 Εἶτα
937 1541 1032 1594 τοῦ
1063 1543 1269 1613 Κυρίου
1301 1543 1556 1612 λέγοντος
1579 1585 1592 1607 ,
1631 1546 1842 1610 Οὐδεὶς
1871 1545 2000 1599 ἐπι-

418 1629 701 1695 γινώσκει
729 1631 838 1685 τὸν
865 1633 1095 1703 Πατέρα
1121 1637 1172 1687 εὶ
1193 1636 1279 1703 μὴ
1309 1638 1342 1688 ό
1367 1637 1496 1702 Υἱός
1519 1655 1530 1667 ο
1565 1637 1660 1688 καὶ
1689 1637 1869 1698 πάλιν,
1891 1638 2003 1706 Ο)χ

415 1720 502 1771 ὅτι
537 1718 628 1772 τὸν
654 1721 875 1790 Πατέρα
903 1739 990 1785 τις
1017 1722 1259 1792 ἑώρακεν
1284 1724 1332 1775 εί
1366 1723 1440 1793 μὴ
1472 1725 1499 1776 ὁ
1525 1722 1598 1775 ὣν
1630 1724 1738 1777 ἀπὸ
1765 1723 1861 1776 τοῦ
1892 1725 2002 1775 ΙΙαο

419 1809 573 1877 τρὺς,
607 1811 726 1873 πῶς
760 1813 862 1865 οὐκ
909 1813 1124 1884 ἀληθῶς
1155 1814 1294 1866 εἰσιν
1325 1807 1471 1866 οῦτοι
1500 1815 1775 1885 θεομάχοι,
1815 1815 2000 1882 λέγον-

2099 628 2396 697 appellant,
2419 642 2554 694 Opus
2579 634 2763 680 autem
2791 624 2956 689 illius,
2979 623 3121 692 quod
3151 632 3241 675 aut
3273 621 3543 682 videatur,
3577 627 3671 673 aut

2100 735 2208 772 non
2242 719 2514 780 videatur,
2541 727 2824 786 nequeunt
2856 717 3021 770 ullum
3053 716 3469 776 demonstrare;
3501 712 3668 765 Deum

2098 827 2231 866 vero
2248 811 2419 872 illum.
2442 812 2529 880 qui
2556 813 2730 876 reipsa
2750 824 2909 862 verus
2931 815 3014 861 est
3038 807 3198 869 Deus,
3219 806 3469 874 ctnliqne,
3491 812 3544 858 et
3567 813 3678 858 ter-

2099 916 2193 966 rae,
2215 909 2266 954 et
2285 915 2495 961 eorum,
2510 888 2646 968 'quae
2668 897 2770 952 sub
2787 907 3065 966 aspectum
3085 911 3192 948 non
3213 895 3436 954 cadunt,
3451 894 3676 947 ell'ector

2102 1007 2206 1054 est.
2238 1003 2462 1062 negant,
2523 1003 2686 1058 atque
2712 992 2780 1045 ita
2829 991 3132 1044 fabularum
3178 989 3508 1041 confictores
3557 1000 3676 1038 esse

2100 1085 2587 1156 deprehenduntur
2615 1085 2728 1136 :sie
2768 1092 2822 1135 et
2870 1082 2956 1135 isti
3021 1081 3297 1134 declarant
3344 1077 3675 1132 dementiam

2101 1193 2278 1239 suam,
2312 1177 2402 1245 qui
2432 1191 2540 1229 non
2573 1175 2713 1227 illius
2747 1174 2932 1232 Verbi,
2963 1175 3108 1240 quod
3179 1187 3346 1223 ιιιιιιιιι
3409 1171 3460 1222 in
3521 1169 3678 1220 Patre

2101 1281 2183 1324 est
2213 1286 2377 1340 opera
2410 1269 2873 1337 contemplantur,
2917 1276 2972 1320 ct
3003 1267 3178 1334 ipsum
3238 1273 3460 1331 negant,
3531 1259 3678 1312 aliud

2101 1376 2283 1414 autem
2331 1361 2432 1414 sibi
2485 1361 2585 1426 ipsi
2636 1359 2956 1427 contingunt
3022 1357 3276 1419 Verbum,
3341 1354 3482 1423 quod
3557 1352 3681 1404 nul-

2103 1454 2206 1506 lius
2237 1466 2338 1504 nec
2368 1452 2552 1519 operis
2583 1464 2685 1503 nec
2728 1449 3028 1516 Scriptura:
3094 1455 3324 1516 possunt
3367 1442 3683 1498 testimonio

2103 1542 2478 1612 comptobare.
2516 1542 2580 1594 Et
2611 1541 2768 1609 paulo
2794 1549 2946 1609 post:
2985 1539 3189 1592 Deinde
3221 1552 3342 1590 cum
3390 1533 3681 1604 Apostolus

2103 1636 2281 1690 dicat:
2316 1635 2555 1687 Christus
2583 1633 2676 1686 Dei
2729 1634 2915 1698 virtus,
2942 1643 2988 1685 et
3049 1631 3141 1683 Dei
3198 1629 3495 1696 sapientia‘
3533 1665 3546 1689 ,
3593 1625 3682 1679 isti

2104 1742 2226 1780 cum
2287 1727 2507 1780 hruchis
2563 1726 2710 1778 illum
2743 1734 2794 1778 et
2825 1725 3054 1795 vulgatis
3087 1733 3140 1777 et
3168 1719 3554 1776 communibus
3584 1719 3689 1772 vir-

2109 1819 2316 1873 tutibus
2376 1827 2689 1870 munerant.
2721 1816 2904 1882 Quid?
2971 1830 3094 1868 cum
3169 1814 3429 1866 Dominus
3491 1811 3683 1864 dicat:

418 1917 513 1964 τες
549 1902 692 1971 μήτε
723 1882 1146 1973 opd3012,pﬁts
1179 1882 1640 1971 ὲπιγινώσκεσθαι
1786 1906 2002 1972 Πατέρα

2121 1911 2281 1965 Nemo
2299 1911 2434 1962 novit
2457 1908 2667 1962 Putrem
2694 1907 3092 1968 uisiFilius’,ct
3125 1921 3338 1958 rursum
3369 1923 3382 1956 :
3408 1919 3516 1956 non
3545 1901 3687 1970 quod

421 1995 578 2064 παρὰ
627 1994 722 2048 τοῦ
774 1995 906 2049 Υίοῦ
953 1996 1208 2062 τελείως;
1252 1998 1314 2050 Εἰ
1351 1999 1458 2067 γὰρ
1506 2001 1533 2051 ό
1581 1998 1786 2068 Κύριος
1833 1998 2003 2066 λέγει,

423 2085 633 2151 Καθὼς
663 2086 943 2155 γινώσκει
972 2105 1046 2157 με
1081 2091 1115 2144 ό
1146 2090 1370 2157 Πατὴρ,
1409 2091 1571 2160 κάγὼ
1600 2090 1870 2160 γινώσκω
1901 2091 2009 2144 τὸν

426 2178 681 2247 Πατέρα,
735 2179 836 2232 οὐκ
865 2181 927 2232 ὲκ
971 2181 1173 2250 μέρους
1211 2182 1266 2234 δὲ
1311 2183 1574 2250 γινώσκει
1623 2187 1649 2236 ό
1683 2182 1869 2252 Πατὴρ
1916 2183 2009 2234 τὸν

432 2271 590 2334 Υἱὸν,
619 2271 736 2334 πῶς
762 2272 824 2326 οὐ
857 2273 1140 2342 μαίνονται
1165 2273 1556 2344 φλυαροῦντες,
1585 2276 1668 2328 ὅτι
1692 2277 1754 2327 ὲκ
1781 2276 2008 2344 μέρους,

433 2363 534 2416 καὶ
565 2365 627 2416 οὐ
665 2356 884 2434 πλήρης
909 2367 938 2419 ό
970 2365 1097 2428 Υῐδς
1129 2364 1393 2434 γινώσκει
1422 2368 1511 2420 τὸν
1554 2367 1811 2436 Πατέρας
1852 2365 2008 2433 Εἶτα,

438 2460 492 2510 εί
519 2456 687 2528 ἀρχὴν
715 2459 830 2528 ἔχει
861 2460 942 2523 εἰς
974 2460 1036 2513 τὸ
1061 2455 1199 2512 εἶναι
1224 2463 1252 2514 ό
1279 2461 1434 2527 Θεὸς,
1468 2463 1646 2532 ἀρχὴν
1679 2462 1732 2514 δὲ
1777 2462 1884 2530 ἔχει
1918 2465 2015 2515 καὶ

434 2549 506 2601 τὰ
557 2552 736 2603 πάντα
781 2550 863 2610 είς
923 2550 984 2603 τδ
1031 2551 1326 2616 γενέσθαι,
1365 2553 1418 2606 τί
1458 2554 1600 2618 τίνος
1640 2555 1757 2607 ἐστὶ
1799 2556 2014 2623 πρῶτον

432 2640 764 2707 λεγέτωσαν.
821 2641 961 2696 Ἀλλ’
1005 2641 1128 2695 οὔτε
1167 2661 1217 2696 τι
1255 2645 1430 2697 εἰπεῖν
1473 2645 1707 2715 ἔχουσιν,
1757 2645 1877 2699 οὔτε
1921 2647 2012 2698 τοῦ

434 2733 616 2796 Λόγου
667 2733 930 2804 τοιαύτην
985 2737 1159 2806 ἀρχὴν
1207 2736 1474 2790 δεικνύειν
1519 2737 1774 2792 δύνανται
1828 2740 1878 2791 οἱ
1927 2757 2017 2791 κα-

435 2822 685 2892 κοῦργοι.
718 2823 825 2876 Τοῦ
857 2826 966 2894 γὰρ
999 2826 1214 2894 Πατρός
1248 2827 1398 2879 ἐστιν
1427 2825 1685 2896 ἀληθινὸν
1717 2828 1813 2879 καὶ
1841 2827 2016 2880 ἀΐδιον

434 2913 608 2968 αὑτοῦ
659 2915 924 2982 γέννημα.
972 2914 1083 2969 Καὶ
1122 2916 1194 2969 ἐν
1243 2916 1400 2986 ἀρχῇ
1447 2913 1526 2986 ἦν
1570 2920 1602 2971 ὀ
1657 2920 1868 2986 Λόγος,
1917 2921 2015 2972 καὶ

434 3008 470 3059 ό
499 3007 695 3075 Λόγος
722 3003 802 3076 ἦν
828 3007 978 3075 πρὸς
1002 3009 1110 3061 τὸν
1137 3009 1310 3075 Θεὸν,
1345 3009 1443 3063 καὶ
1475 3011 1620 3075 Θεὸς
1649 3006 1726 3080 ἦν
1746 3015 1778 3065 ό
1807 3013 2016 3078 Λόγος.

439 3100 578 3167 Περὶ
606 3100 716 3168 γὰρ
746 3098 840 3152 τοῦ
869 3099 1050 3167 λέγειν
1080 3101 1281 3164 αὐτοὺς
1311 3101 1386 3172 μὴ
1420 3101 1618 3155 εἰδέναι
1646 3104 1737 3155 τὸν
1769 3104 1894 3156 Υἱὸν
1920 3106 2020 3174 τὴν

439 3190 644 3244 ἑαυτοῦ
683 3192 872 3245 εὐσίαν
894 3233 908 3257 ,
937 3195 1188 3263 πέριττόν
1222 3198 1370 3248 ἐστιν
1400 3195 1797 3262 ἀποκρίνασθαι
1819 3238 1834 3263 ,
1859 3199 1908 3250 εἰ
1945 3198 2018 3266 μὴ

441 3284 608 3351 μόνον
654 3286 852 3353 μανίαν
893 3288 1074 3340 αὐτῶν
1107 3289 1569 3356 καταγινώσκειν,
1604 3289 1653 3342 εἰ
1689 3289 1882 3342 ἑαυτὸν
1923 3289 2024 3342 οὐκ

434 3372 583 3428 οἶδεν
619 3377 647 3428 ό
683 3379 879 3446 Λόγος,
908 3385 935 3431 ό
961 3383 1070 3443 τοῖς
1105 3382 1238 3434 πᾶσι
1274 3381 1374 3450 τὴν
1408 3381 1608 3449 γνῶσιν
1637 3381 1736 3452 τὴν
1765 3383 1896 3450 περὶ
1925 3380 2020 3434 τοῦ

443 3469 663 3540 ίιατρὸς
707 3472 798 3524 καὶ
840 3470 1036 3524 ἑαυτοῦ
1085 3471 1449 3541 χαριζόμενος
1475 3516 1489 3538 ,
1534 3475 1627 3526 καὶ
1674 3474 2025 3543 μεμφόμενος

438 3563 574 3622 τοὺς
607 3562 680 3632 μὴ
697 3562 1070 3630 γινώσκοντας
1099 3563 1318 3627 αὐτούς.

2114 2003 2328 2057 Patrem
2353 2003 2621 2070 quispiam
2651 2001 2866 2062 viderit,
2910 1999 3009 2053 nisi
3033 1999 3142 2059 ille,
3166 1999 3256 2066 qui
3291 2007 3373 2052 est
3418 2013 3447 2050 a
3508 1997 3689 2054 Patre,

2115 2109 2298 2146 nonne
2333 2092 2418 2145 isti
2447 2107 2574 2145 verc
2605 2101 2848 2160 pugnant
2875 2105 2998 2142 cum
3021 2087 3155 2150 Deo,
3182 2088 3449 2150 dicentes,
3477 2089 3690 2138 Patrem

2115 2202 2143 2239 a
2170 2185 2420 2239 Filioncc
2452 2184 2650 2246 videri,
2675 2197 2775 2235 nec
2805 2165 3059 2251 cognosci
3089 2180 3364 2249 perfecte?
3386 2178 3520 2232 Cum
3546 2179 3691 2230 enim

2118 2279 2258 2332 idem
2294 2277 2556 2331 Dominus
2585 2277 2764 2329 dicat:
2799 2273 2944 2328 Sicut
2975 2274 3238 2343 cognoscit
3270 2287 3351 2324 me
3408 2269 3588 2330 Pater,
3621 2268 3696 2321 sic

2117 2385 2210 2440 ego
2243 2385 2493 2438 cognosco
2528 2365 2804 2429 I’atrem’,
2836 2364 2997 2418 Pater
3043 2376 3222 2417 autem
3280 2379 3386 2415 non
3426 2378 3487 2414 cx
3543 2371 3696 2430 parte

2120 2468 2407 2531 Cognoscat
2428 2459 2643 2520 Filium,
2664 2471 2845 2511 nonne
2861 2455 3164 2519 insaniunt,
3185 2455 3311 2509 dum
3329 2454 3398 2506 ita
3424 2463 3697 2523 nugantur

2123 2561 2473 2611 utasserant,
2509 2550 2699 2604 Fdium
2765 2565 2828 2602 ex
2885 2559 3038 2618 parte
3096 2557 3150 2602 ct
3212 2564 3322 2600 non
3383 2547 3540 2615 plene
3594 2545 3695 2597 Pa-

2125 2655 2260 2698 trem
2325 2643 2709 2713 cognoscere?
2770 2624 2846 2694 A‘d
2888 2643 3005 2695 lucc
3039 2641 3082 2694 si
3129 2641 3361 2695 Verbum
3397 2637 3699 2693 exsistcndi

2123 2737 2450 2807 principium
2483 2736 2664 2799 habet,
2715 2753 2798 2788 res
2834 2735 2960 2788 item
3002 2750 3196 2787 omnes
3233 2733 3562 2802 principium
3598 2733 3698 2784 ha-

2126 2831 2275 2893 bent,
2307 2845 2416 2898 quo
2443 2829 2599 2883 facta:
2622 2840 2772 2889 sunt,
2803 2828 2934 2896 quid
2973 2829 3025 2880 in
3065 2829 3145 2879 his
3168 2827 3400 2896 primum
3459 2826 3552 2884 sit.
3615 2825 3698 2878 di-

2124 2929 2269 2974 cant.
2335 2919 2575 2981 Verum,
2629 2920 2757 2988 quid
2820 2917 3180 2987 respondeant
3235 2916 3484 2970 homines
3539 2917 3700 2970 astuti

2128 3029 2237 3065 non
2288 3011 2586 3065 habebunt.
2649 3009 2828 3064 Panis
2904 3011 3048 3062 enim
3097 3019 3181 3062 est
3237 3026 3423 3063 verum
3481 3024 3702 3078 gern-cn

2128 3114 2182 3159 et
2225 3103 2637 3174 sempiternmr..
2706 3103 2767 3155 Et
2823 3104 2875 3154 in
2928 3103 3186 3171 principio
3229 3109 3339 3152 erat
3381 3090 3596 3152 Verbum
3655 3111 3704 3153 ct

2142 3196 2362 3250 Verbum
2401 3205 2516 3248 erat
2566 3197 2705 3262 apud
2768 3193 2952 3255 Deum,
3000 3204 3046 3246 ct
3085 3194 3218 3245 Deus
3260 3205 3371 3245 erat
3412 3191 3626 3244 Verbum
3655 3191 3701 3245 ⁸.

2129 3286 2262 3340 Nam
2293 3286 2436 3354 quod
2469 3285 2677 3346 dicunt,
2705 3283 2898 3338 Filium
2929 3301 2995 3336 ne
3017 3300 3169 3337 suam
3207 3283 3425 3353 quidem
3457 3293 3703 3336 naturam

2131 3391 2482 3446 cognoscere,
2517 3375 2565 3429 id
2597 3392 2723 3429 vero
2749 3391 2815 3428 nc
2840 3375 3198 3444 responsione
3230 3374 3448 3443 quidem
3485 3374 3706 3442 dignum

2134 3478 2236 3534 cst,
2269 3479 2323 3521 ct
2355 3469 2598 3538 ipsorum
2632 3465 2872 3520 furorem
2896 3467 3162 3537 coarguit.
3199 3467 3301 3532 Qui
3333 3466 3480 3519 enim
3510 3481 3568 3519 se
3597 3482 3706 3520 non

2133 3570 2428 3630 cognoscat
2462 3559 2721 3624 Verbum,
2757 3559 2900 3629 quod
2925 3545 3182 3613 omnibus
3221 3569 3330 3612 tum
3379 3559 3553 3613 Patris
3593 3570 3706 3612 tum

439 3653 529 3707 sui
583 3653 755 3723 ipsius
815 3655 1187 3724 cognitionem
1252 3656 1536 3727 elargitur,
1571 3657 1825 3728 quodque
1854 3656 1958 3722 eis,
1991 3671 2020 3709 a
2063 3652 2262 3724 quibus
2333 3669 2440 3707 non
2481 3663 2888 3722 COgnoscuntur
2929 3653 3185 3705 irascitur
3249 3663 3306 3705 et
3359 3653 3712 3723 indignatur?

451 3767 566 3822 Tm”)
631 3768 818 3822 αὐτοῦ
874 3768 943 3821 ἐκ
995 3769 1103 3823 τοῦ
1133 3770 1313 3894 ludam
1380 3772 1697 3841 Ἀρειανῶν
1751 3774 2026 3840 πέμπτου

1215 3859 1342 3894 γου.

1215 3859 1342 3907 γου.

535 3928 630 3982 Ἐκ
657 3928 790 3984 Θεοῦ
827 3929 960 3992 Θεός
1001 3931 1152 3984 ἔστιν
1180 3933 1210 3984 ό
1251 3932 1565 3999 Λόγος.Κα“ι
1595 3933 1740 3999 Θεὸς
1769 3933 1878 4002 γὰρ
1899 3929 2027 4003 ἦνό

445 4021 662 4090 Λόγος.
684 4023 791 4078 Καὶ
819 4018 1122 4088 πάλιν,⁷Ων
1143 4027 1198 4078 οι
1214 4024 1490 4093 πατέρες,
1511 4025 1609 4078 καὶ
1639 4025 1706 4089 ἐξ
1727 4020 1816 4080 ὧν
1835 4029 1865 4079 ό
1893 4029 2022 4094 Χρι-

441 4114 619 4178 στὸς,
644 4117 676 4168 ό
698 4111 784 4166 ὢν
797 4117 894 4169 ἐπὶ
923 4117 1168 4171 πάντων
1200 4117 1366 4182 Θεὸς,
1399 4119 1732 4186 εὐλογητὸς
1771 4119 1857 4183 είς
1883 4118 2023 4182 τοὺς

441 4204 691 4272 αἰῶνας.
709 4207 908 4276 Ἀμήν.
943 4209 1054 4262 Καὶ
1078 4209 1266 4279 ἐπειδὴ
1279 4211 1342 4262 ἐκ
1361 4208 1496 4262 Θεοῦ
1510 4209 1642 4272 Θεός
1659 4211 1796 4275 ἐστι,
1823 4213 1915 4262 καὶ
1930 4209 2025 4262 τοῦ

440 4296 586 4350 Θεοῦ
603 4299 795 4365 Λόγος,
834 4300 1014 4367 σοφία,
1037 4301 1128 4352 καὶ
1155 4300 1281 4362 Υἱὸς
1311 4303 1401 4354 καὶ
1425 4300 1651 4370 δύναμίς
1677 4302 1820 4352 ἐστιν
1843 4301 1870 4353 ὁ
1896 4301 2028 4370 X9.-

449 4389 600 4452 a‘c‘x,
632 4389 720 4443 διὰ
749 4388 904 4442 τοῦτο
930 4387 1010 4452 εἷς
1034 4390 1169 4454 Θεὸς
1195 4394 1251 4444 ἒν
1281 4393 1401 4454 ταῖς
1426 4392 1596 4455 θείαις
1619 4393 1863 4462 Γραφαίς
1897 4411 2029 4446 κατ-

447 4482 799 4550 αγγέλλεται.
839 4482 945 4535 Τοῦ
975 4484 1092 4546 ἐνὸς
1126 4483 1234 4554 γὰρ
1257 4483 1392 4537 Θεοῦ
1423 4484 1547 4544 Υἱὸς
1585 4483 2030 4552 ὣνεὸΛόγοςβίς

2273 3769 2522 3824 Eiusdem
2585 3786 2647 3822 ex
2680 3771 2860 3836 quinto
2889 3769 3018 3822 libro
3079 3779 3262 3822 contra
3303 3772 3548 3824 Ανὶαιιοε.

2195 3933 2266 3985 Ex
2307 3932 2416 3986 Deo
2443 3931 2586 3985 Deus
2617 3942 2700 3985 est
2729 3929 2994 3984 Verbum.
3033 3927 3168 3980 Deus
3223 3929 3368 3980 enim
3425 3938 3537 3981 erat
3584 3927 3712 3982 γεγε

2129 4027 2251 4080 bum
2310 4025 2377 4080 Et
2435 4039 2703 4078 rursum:
2755 4021 2988 4087 Quorum
3052 4029 3249 4088 putres,
3301 4036 3364 4072 ex
3427 4021 3611 4090 quibus
3663 4033 3712 4076 et

2127 4117 2380 4178 Christus,
2413 4118 2502 4185 qui
2528 4124 2602 4170 est
2631 4117 2861 4170 omnium
2907 4113 3044 4166 Deus
3089 4113 3381 4166 benedictus
3418 4115 3470 4165 in
3501 4117 3714 4169 :wculu.

2108 4194 2440 4266 ’Ληιεηῐει
2476 4207 2728 4278 quoniam
2762 4224 2824 4260 ex
2859 4207 2966 4260 Deo
2989 4205 3132 4260 Deus
3152 4215 3256 4265 est,
3274 4214 3326 4258 et
3353 4205 3442 4258 Dei
3480 4205 3712 4260 Verbum

2134 4303 2420 4374 sapientia,
2492 4313 2544 4356 et
2605 4299 2788 4365 Filius,
2877 4310 2931 4353 et
2979 4299 3151 4350 virtus
3199 4296 3715 4360 Christus,idcirco

2135 4411 2276 4451 unus
2307 4396 2446 4450 Deus
2483 4395 2535 4446 in
2568 4393 2761 4446 dwinis
2809 4389 3106 4460 Scripturis
3139 4391 3479 4444 enuntiatur.
3540 4389 3714 4445 Unius

2135 4492 2281 4545 enim
2323 4489 2423 4544 Dei
2460 4487 2626 4542 Filius
2651 4502 2774 4541 cum
2807 4485 2878 4539 sit
2908 4483 3169 4546 Verbum,
3215 4482 3283 4536 ad
3324 4483 3525 4552 ipsum,
3556 4484 3716 4547 cujus

449 4575 621 4628 αὑτὸν
660 4567 722 4628 οὗ
765 4578 858 4628 καὶ
903 4576 1051 4628 ἔστιν
1075 4577 1604 4644 ἁναφέρεται.“Ωστε
1623 4575 1720 4628 δύο
1742 4577 1841 4645 μὲν
1865 4571 2016 4629 εἶναι.

2136 4583 2300 4636 etiam
2359 4590 2464 4644 est,
2530 4578 2785 4642 refertur,
2839 4586 2899 4630 ut
2947 4576 3054 4630 duo
3115 4573 3336 4643 quidem
3400 4574 3510 4626 sint
3557 4573 3717 4627 Pater

451 4670 496 4721 ll
514 4670 674 4738 κτέρα
711 4671 805 4722 καὶ
849 4672 1008 4735 Υἱὸν,
1049 4670 1252 4740 μονάδα
1304 4670 1361 4724 δὲ
1397 4670 1687 4738 θεότητος,
1725 4669 2030 4737 ἀδιαίρετον

447 4763 551 4815 καὶ
593 4763 869 4833 ἄσχιστον.
913 4764 1145 4834 Δεχθείη
1185 4763 1232 4816 δ’
1271 4766 1338 4817 ἂν
1382 4766 1476 4817 καὶ
1507 4763 1671 4816 οῦτιιν
1727 4763 1843 4816 Μία
1883 4764 2028 4832 ἁρχὴ

445 4852 728 4922 θεότητος,
751 4853 846 4906 καὶ
875 4855 936 4908 οὐ
961 4855 1056 4906 δύο
1085 4855 1269 4924 ἀρχαί.
1297 4857 1459 4909 Ὅθεν
1481 4857 1685 4925 κυρίως
1709 4856 1802 4908 καὶ
1830 4873 2032 4928 μοναρ-

448 4943 548 5012 χία
579 4945 750 4999 ἐστίν.
803 4945 890 5011 Ἐξ
926 4947 1094 5014 αὐτῆς
1127 4947 1184 5000 δὲ
1217 4948 1314 5018 τῆς
1353 4949 1532 5017 ἀρχῆς
1565 4949 1681 5001 ἐστι
1715 4948 1875 5017 φύσει
1899 4949 2031 5013 Υἱὸς

445 5038 480 5088 ὁ
514 5036 719 5105 Λόγο;,
750 5037 849 5106 οὐχ
882 5038 955 5098 ὼς
995 5041 1138 5108 ἁρχὴ
1171 5040 1337 5108 ἑτέρα
1361 5039 1484 5093 καθ’
1526 5041 1718 5094 ἑαυτὸν
1744 5040 2032 5108 ὑφεστὼς,

447 5129 576 5181 οὶδὲ
626 5128 832 5193 ἔξωθεν
871 5128 1076 5200 ταύτης
1109 5131 1372 5199 γεγονὼς,
1424 5133 1510 5186 ἵνα
1549 5133 1624 5203 μὴ
1653 5137 1719 5204 τῇ
1753 5135 2033 5205 ἑτερότητι

447 5223 684 5292 ευιρχία
721 5225 814 5274 καὶ
848 5224 1150 5293 πολυαρχία
1202 5224 1460 5294 λέγηται,
1489 5225 1624 5278 ἀλλὰ
1650 5228 1746 5293 τῆς
1779 5229 1904 5296 μιᾶς
1936 5227 2035 5296 ἁρ-

451 5315 560 5382 χῆς
611 5314 743 5377 tato;
800 5315 948 5378 Υἱὸς,
998 5316 1102 5368 ξδει
1141 5319 1326 5385 σοφία,
1375 5317 1504 5381 ῐδιος
1547 5318 1716 5385 Λόγος
1755 5318 1814 5382 ἐξ
1867 5317 2036 5387 αὐτῆς

450 5407 738 5476 ὑπάρχων.
798 5410 950 5460 Κατὰ
999 5409 1110 5479 γὰρ
1161 5411 1249 5462 τὸν
1310 5410 1581 5481 Ἰωάννην,
1632 5411 1702 5464 ἐν
1742 5411 1917 5484 ταύτῃ
1970 5415 2036 5483 τῇ

448 5497 613 5568 ἀρχῇ
641 5497 719 5572 ἦν
744 5503 777 5554 ό
800 5501 1007 5570 Λόγος,
1037 5503 1134 5555 καὶ
1158 5507 1190 5556 ό
1215 5505 1401 5572 Λόγος
1423 5499 1500 5572 ἦν
1529 5505 1680 5571 πρὸς
1714 5503 1820 5556 τὸν
1869 5505 2040 5561 Θεόν.

449 5594 590 5656 Θεὸς
625 5593 732 5663 γάρ
773 5596 923 5648 ἐστιν
966 5597 1000 5665 ἡ
1036 5595 1214 5666 ἀρχή·
1255 5598 1349 5649 καὶ
1377 5597 1562 5669 ἐπειδὴ
1597 5597 1655 5664 ἐξ
1685 5597 1858 5667 αὐτῆς
1883 5599 1997 5650 ἐστι
2023 5638 2038 5661 ,

451 5687 546 5740 διᾶι
576 5686 738 5740 τοῦτο
776 5687 873 5740 καί
900 5688 1029 5752 Θεὸς
1062 5685 1129 5759 ἦν
1157 5689 1186 5741 ό
1218 5689 1411 5759 Λόγος.
1448 5691 1661 5762 ’Ὠσπερ
1694 5691 1750 5743 δὲ
1782 5691 1882 5742 οὐκ
1906 5689 2040 5758 ἄλλη

541 5869 553 5896 ¹
595 5868 756 5924 lCor.
803 5888 837 5937 ι,
874 5872 964 5933 2i,
1040 5871 1060 5901 ²
1095 5869 1281 5926 ὶιειιιΙι.
1310 5889 1383 5936 xi,
1417 5873 1506 5926 ετ.
1584 5871 1776 5926 ‘Joan.
1818 5887 1867 5931 ι,
1908 5870 1986 5922 15.

2067 5868 2269 5922 1“Joan.
2307 5883 2342 5927 I,
2384 5865 2428 5916 l.

2138 4689 2191 4731 et
2219 4676 2408 4741 Filius,
2463 4673 2556 4728 scd
2595 4686 2699 4724 una
2753 4671 3038 4737 utriusque
3064 4667 3342 4724 divinitas.
3375 4681 3492 4732 qua:
3549 4665 3714 4719 ὸίιίιιί

2137 4771 2417 4838 secarique
2449 4783 2556 4820 non
2596 4772 2793 4835 potest.
2851 4741 3104 4816 Dicemus
3155 4761 3318 4813 etiam
3357 4759 3458 4812 hoc
3496 4759 3657 4812 modo
3697 4775 3711 4812 :

2139 4860 2440 4915 Divinitatis
2491 4875 2656 4912 unmn
2702 4870 2784 4912 est
2835 4855 3185 4925 principium,
3239 4868 3346 4906 non
3388 4861 3565 4906 autem
3607 4853 3716 4906 duo

2139 4953 2420 5022 principia.
2449 4949 2623 5015 Quare
2656 4945 2874 5018 proprie
2909 4943 3245 5013 principatus
3305 4951 3407 4996 est.
3465 4943 3540 4994 Ex
3599 4957 3716 5009 ipso

2133 5057 2313 5101 autem
2343 5043 2608 5114 principio
2667 5049 2859 5094 natura
2895 5036 3066 5090 Filius
3097 5044 3182 5089 est
3216 5035 3476 5091 Verbum.
3515 5048 3620 5087 ron
3660 5044 3718 5088 ut

2134 5138 2458 5210 principium
2483 5137 2713 5190 alterum
2738 5131 2881 5201 quod
2914 5146 3009 5199 per
3040 5145 3100 5184 se
3129 5129 3417 5183 subsistat.
3444 5135 3539 5180 aut.
3557 5136 3712 5180 extra

2135 5231 2314 5298 ipsum
2343 5229 2413 5281 sit
2449 5226 2672 5287 factum,
2700 5238 2770 5276 ne
2792 5222 2990 5292 duplex
3015 5213 3404 5288 autniultiplex
3430 5225 3714 5287 imperium

2135 5321 2383 5384 exsistat,
2412 5319 2506 5373 scd
2525 5317 2686 5371 unius
2720 5314 2968 5386 principii
3009 5313 3263 5384 proprius
3292 5312 3478 5376 Filius,
3501 5310 3718 5379 propria

2139 5411 2429 5481 sapientia,
2490 5409 2768 5478 proprium
2827 5405 3062 5460 Verbum
3115 5420 3180 5458 cx
3234 5403 3352 5470 ipso
3410 5398 3719 5453 consistens

2139 5503 2424 5575 principio.
2495 5501 2673 5563 Nam,
2757 5509 2815 5552 ut
2883 5497 3122 5552 Joannes
3194 5491 3406 5554 scribit,
3473 5491 3532 5544 in
3613 5490 3718 5547 hoc

2138 5596 2391 5667 principio
2425 5601 2538 5646 erat
2585 5591 2829 5649 Verbum,
2855 5597 2902 5640 et
2943 5585 3165 5640 Verbum
3202 5591 3319 5635 erat
3355 5582 3498 5653 apud
3532 5579 3716 5637 Deum.

2146 5689 2288 5744 Deus
2322 5685 2466 5741 enim
2503 5684 2831 5755 principium
2861 5688 2964 5741 cst,
3018 5689 3074 5734 et
3129 5677 3386 5748 quoniam
3453 5690 3548 5748 ex,
3603 5675 3719 5744 ipso

2515 5863 2533 5891 ⁸
2563 5861 2719 5913 lion].
2761 5873 2834 5920 ις,
