4032 6288
471 366 576 431 343
1689 377 1999 436 EUTIIYM
2017 377 2068 435 ΙΙ

2187 378 2469 437 ὒΑΒΕΝΙ
3603 386 3695 447 344

471 487 722 542 convinci
769 498 1009 559 Oportet,
1056 492 1311 562 quoniam
1340 490 1384 547 si
1420 490 1654 546 Verbum
1689 494 1745 547 in
1800 494 1910 548 Deo
1941 502 2045 559 est,
2075 532 2085 554 ι

2187 514 2236 559 σς
2270 500 2332 550 ὲκ
2362 497 2567 549 τούτων
2596 498 2623 550 6
2654 498 2806 563 Θεὸς,
2842 498 2977 552 ἀλλὰ
3009 502 3343 570 γεννητικός.
3378 500 3577 573 Ὠσπερ
3602 503 3697 574 γὰρ

474 590 720 635 creatum
755 596 866 635 non
902 590 1005 646 est,
1041 596 1216 652 neque
1262 583 1462 639 factum
1492 599 1557 640 ex
1589 584 1781 640 nihilo.
1814 585 1970 653 Quod
1998 586 2044 641 si

2190 590 2222 643 ὰ
2247 590 2519 660 κτίσματα
2544 590 2702 659 Λόγῳ
2729 592 3070 662 δημιουργεῖ,
3106 592 3246 645 οὕτω
3276 593 3412 645 κατά
3439 592 3589 661 φύσιν
3613 595 3701 664 τῆς

474 673 529 725 in
566 672 673 726 Deo
705 673 874 727 semel
919 673 1240 728 conceditur
1292 690 1414 728 esse
1450 673 1711 743 Verbum,
1742 692 1849 730 non
1907 676 2048 732 alius

2187 679 2294 743 Βίας
2323 681 2511 742 οὐσίας
2543 680 2654 749 ἔχει
2690 681 2937 750 γέννημα
2968 683 3059 734 τὸν
3092 681 3283 749 Λόγον,
3315 682 3384 734 δι’
3414 700 3441 734 0
3505 678 3590 736 καὶ
3617 685 3701 753 δη-

472 760 602 818 illud
633 764 757 829 erit,
790 766 891 818 nisi
920 760 1192 832 Christus,
1218 765 1331 837 qui,
1371 767 1503 839 Ego,
1542 768 1738 838 inquit,
1773 770 1829 822 in
1860 769 2045 835 Patre,

2187 771 2431 839 ιιουργεί,
2453 768 2549 822 καὶ
2570 767 2765 835 κτίζει,
2790 770 2879 823 καὶ
2907 771 3182 841 οἰκονομεῖ
3202 772 3269 824 τὰ
3288 772 3481 840 πάντα,
3504 774 3587 841 Τῷ
3610 776 3704 843 γὰρ

472 864 521 909 et
550 854 715 911 Pater
738 859 793 910 in
818 874 899 910 me
930 868 1023 911 est.
1058 857 1161 923 Qui
1194 870 1246 913 ct
1279 861 1401 915 ideo
1442 870 1525 915 est
1555 861 1888 933 unigenitus,
1922 863 2050 932 quia

2187 860 2317 929 ιόγῳ
2372 860 2465 913 καὶ
2528 863 2595 931 τῇ
2645 861 2809 932 σοφίᾳ
2868 861 2937 914 τὰ
3006 862 3185 915 πάντα
3241 864 3465 931 γέγονε,
3520 862 3607 916 καὶ
3648 868 3706 935 τῇ

473 948 656 1003 nullus
693 949 833 1003 alius
861 964 924 1003 ex
955 950 1075 1019 ipso
1104 951 1321 1021 genitus
1353 963 1460 1018 est,
1496 954 1601 1007 nisi
1650 970 1791 1009 unus
1826 956 1914 1010 hic
1956 955 2049 1009 Fi-

2196 953 2404 1017 ιατάξει
2440 952 2603 1006 αὑτοῦ
2637 952 2886 1023 διαμένει
2919 955 2987 1008 τὰ
3022 955 3332 1025 σύμπαντα.

472 1043 599 1103 lius,
636 1042 726 1110 qui
763 1051 850 1096 est
917 1040 1184 1106 Verbum,
1224 1053 1278 1098 et
1342 1047 1632 1115 sapientia,
1668 1058 1724 1102 et
1781 1049 1955 1104 virtus
2000 1064 2113 1104 :ex
2154 1047 2354 1115 quibus
2388 1055 2569 1100 tamen
2608 1062 2718 1101 non
2769 1050 3123 1118 componitur
3168 1048 3329 1113 Dens,
3386 1050 3475 1103 sed
3519 1053 3714 1121 genitor

470 1148 592 1187 esse
621 1134 998 1188 constituitur.
1038 1135 1513 1201 Quemadmodum
1567 1140 1717 1194 enim
1784 1140 1964 1196 Verbo
2008 1155 2099 1194 res
2150 1147 2338 1201 creat,
2400 1140 2479 1193 sic
2518 1139 2774 1194 essentia:
2836 1140 3069 1210 propriae
3094 1141 3288 1197 Filium
3340 1157 3435 1211 per
3482 1154 3712 1201 naturam

472 1222 645 1293 gignit
688 1224 866 1295 ipsum
904 1226 1161 1293 Verbum,
1197 1246 1294 1298 per
1340 1231 1482 1299 quod
1531 1240 1585 1284 et
1637 1229 1785 1294 facit.
1817 1242 1870 1287 et
1916 1241 2087 1297 creat,
2127 1243 2179 1288 ct
2214 1232 2351 1302 regit
2385 1234 2590 1288 omnia.
2626 1235 2805 1290 Verbo
2858 1236 3005 1290 enim
3034 1246 3088 1291 et
3118 1239 3385 1306 sapientia
3436 1240 3569 1294 facta
3602 1248 3715 1295 Sunt

472 1321 746 1386 universa,
779 1332 835 1376 et
867 1326 1110 1389 ejusdem
1132 1330 1446 1397 praescripto
1478 1329 1673 1383 ordine
1706 1341 2123 1383 conservantur.

841 1419 1039 1475 Eodem
1077 1422 1188 1476 loco
1213 1425 1322 1478 lucc
1352 1443 1661 1496 sequuntur.

2577 1427 2693 1494 Τῆς
2721 1427 2912 1497 αὐτῆς
2944 1430 3335 1496 ἀκολουθίας.

546 1514 622 1566 Ex
681 1511 1108 1568 Deuteronomio
1158 1533 1172 1568 :
1247 1516 1344 1571 Vos
1383 1536 1586 1581 autem,
1644 1520 1735 1590 qui
1766 1520 2053 1574 aulum-etis

2248 1520 2341 1573 Ἐκ
2369 1518 2463 1573 τοῦ
2498 1520 2941 1590 Δευτερονομίου.
2983 1522 3181 1590 ’Υμεῖς
3212 1521 3280 1575 δὲ
3310 1526 3365 1575 οἱ
3393 1525 3722 1591 προσκείμε-

476 1602 696 1659 Domino
721 1602 829 1658 Deo
846 1616 1039 1667 vestro.
1074 1609 1249 1663 vivitis
1301 1613 1531 1666 universi
1589 1613 1839 1674 hodierna
1878 1615 1963 1668 die
2012 1616 2053 1668 ¹.

2187 1630 2252 1665 ὈΙ
2279 1614 2474 1680 Κυρίῳ
2498 1614 2576 1678 τῷ
2611 1612 2731 1677 Θεῷ
2750 1612 2919 1681 ὑμῶν
2949 1612 3083 1679 ζῆτε
3108 1615 3338 1678 πάντες
3364 1614 3433 1666 ἐν
3464 1615 3534 1681 τῇ
3560 1616 3723 1683 σήμε-

476 1697 548 1752 Ex
592 1696 680 1753 his
704 1699 886 1755 verbis
946 1700 1242 1755 discrimen
1276 1703 1393 1756 Filii
1427 1716 1483 1757 et
1513 1720 1695 1758 rerum
1744 1715 2053 1760 creatarum

2187 1719 2289 1755 ιον.
2341 1700 2435 1754 Ἐκ
2468 1702 2663 1754 τούτου
2695 1702 2920 1755 δυνατὸν
2950 1704 3149 1755 εἰδέναι
3190 1703 3287 1768 τὴν
3322 1703 3611 1773 διαφορὰν,
3639 1706 3722 1757 καὶ

472 1792 602 1847 licet
628 1794 970 1862 perspicere,
1015 1794 1428 1865 intelligereque
1455 1797 1648 1851 Filium
1684 1797 1776 1850 Dei
1807 1806 2054 1852 creatum

2187 1795 2369 1847 ννῶναι
2401 1796 2483 1848 ὅτι
2513 1795 2612 1847 οἰκ
2643 1796 2757 1847 ἔστι
2789 1796 2994 1863 κτίσμα
3027 1798 3053 1848 6
3086 1795 3212 1855 Υἰδς
3238 1797 3333 1847 τοῦ
3362 1794 3515 1848 Θεοῦ.
3554 1796 3607 1849 Ὀ
3638 1798 3722 1864 μὲν

480 1884 707 1939 minime
732 1901 875 1940 essv.
910 1886 1205 1941 Enimvero
1258 1888 1431 1943 Filius
1462 1889 1617 1953 dicit,
1658 1888 1768 1959 Ego
1803 1899 1853 1944 et
1896 1886 2058 1943 Pater

2187 1890 2276 1957 rip
2335 1887 2457 1950 Υἱὸς
2507 1887 2679 1954 λέγει,
2735 1886 2882 1955 Ἐγὼ
2954 1888 3049 1939 καὶ
3090 1890 3121 1939 ό
3165 1886 3370 1955 Πατὴρ
3412 1888 3478 1941 ἓν
3520 1890 3721 1958 ἐσμεν-

474 1994 637 2031 ιιηιιηι
678 1971 855 2032 sumus
874 1979 917 2043 ',
951 1990 1024 2043 et,
1070 1979 1181 2050 Ego
1210 1983 1262 2033 in
1288 1980 1469 2044 Patre,
1497 1991 1546 2035 et
1567 1982 1732 2036 Pater
1756 1983 1810 2035 in
1837 2000 1917 2035 me
1933 1992 2007 2036 est
2038 1998 2056 2036 :

2187 1977 2282 2047 ἓγὼ
2337 1979 2407 2032 ἐν
2457 1979 2537 2043 τῷ
2597 1976 2798 2045 Πατρὶ,
2830 1979 2926 2032 καὶ
2954 1982 2986 2033 ὁ
3014 1978 3215 2046 Πατὴρ
3263 1980 3336 2032 ἐν
3393 1980 3521 2047 ἐμοί
3549 1996 3560 2008 ’
3590 1983 3650 2032 τὰ
3679 1982 3728 2033 δι

482 2084 570 2123 res
605 2080 787 2123 autem
819 2069 972 2125 facta:
994 2087 1117 2126 cum
1144 2072 1459 2141 proﬁciunt,
1497 2074 1729 2129 Domino
1754 2075 2057 2129 adhaarent.

2187 2071 2495 2141 γενητὰ,ὂτι
2526 2072 2859 2140 προκόπτει,
2912 2072 3235 2142 πρόσκειται
3293 2070 3373 2140 τῷ
3422 2072 3621 2142 Κυρίῳ.
3681 2074 3729 2125 ’0

475 2159 680 2229 Nempe
706 2161 966 2228 Verbum,
990 2170 1246 2232 tanquam
1270 2166 1571 2233 proprium.
1598 2176 1679 2219 est
1706 2167 1757 2218 in
1785 2168 1943 2218 Patre
1974 2185 1985 2219 :
2010 2174 2066 2219 at

2187 2165 2276 2230 μὲν
2327 2164 2433 2233 γὰρ
2480 2164 2670 2230 Λόγος,
2724 2163 2797 2223 ὡς
2841 2162 2969 2224 ἴδιος
3018 2166 3074 2212 έν
3121 2161 3196 2231 τῷ
3250 2163 3425 2231 lia.th
3481 2162 3628 2213 ἐστι’
3672 2161 3730 2213 τὰ

440 2265 566 2306 ⁴τοι).
609 2251 787 2313 ἴσοισι,
822 2263 1013 2324 utpote
1070 2269 1191 2324 quae
1246 2256 1587 2311 extrinsecus
1645 2256 1938 2319 exsistunt,
1970 2259 2069 2312 ad-

2187 2257 2231 2310 5t
2286 2257 2490 2325 γενητὰ
2552 2255 2749 2322 ἔξωθεν
2806 2255 2935 2307 ὅντα
2996 2256 3344 2323 πρόσκειται,
3400 2255 3473 2316 ὡς
3527 2256 3589 2324 τῇ
3646 2255 3730 2322 μὲν

478 2344 733 2397 luerent:
769 2344 1026 2398 nimirum
1076 2355 1273 2400 natura
1335 2346 1529 2401 alienae
1585 2357 1735 2411 sunt,
1788 2350 2070 2403 voluntate

488 2444 665 2487 autem
732 2426 1028 2485 adhaerent.
1098 2429 1310 2485 Etenim
1364 2430 1509 2487 titius
1562 2432 1656 2502 qui
1713 2440 1905 2487 natura
1960 2440 2064 2495 est,

491 2528 659 2578 unum
711 2531 793 2578 est
816 2540 938 2577 eum
989 2522 1274 2591 genitore:
1319 2524 1413 2593 qui
1441 2540 1570 2579 vero
1603 2526 1944 2579 extrinsecus
1978 2525 2073 2577 ad-

489 2627 726 2686 optatur,
757 2616 936 2687 generi
977 2615 1290 2689 adiungitur
1332 2616 1447 2669 sive
1492 2616 1749 2670 adhaeret.
1786 2615 1923 2670 Hinc
1962 2625 2076 2669 sta-

491 2710 586 2764 tim
620 2709 802 2761 subdit
833 2725 845 2761 :
887 2706 1018 2772 Ome
1048 2709 1197 2761 natio
1244 2720 1436 2776 magna
1457 2748 1471 2771 ,
1503 2709 1589 2761 cui
1624 2702 1759 2760 Deus
1794 2709 2077 2777 appropin-

491 2811 618 2867 quat
669 2797 731 2852 “2
760 2797 825 2852 Et
854 2798 980 2852 alibi
1014 2818 1026 2852 :
1073 2796 1213 2851 Deus
1255 2800 1677 2869 appropinquans
1721 2815 1811 2868 ego
1861 2804 1906 2851 ⁸.
1938 2797 2071 2853 Nam

494 2894 656 2945 rebus
684 2887 841 2943 factis
867 2889 1287 2958 appropinquat,
1320 2889 1518 2958 quippe
1542 2904 1663 2943 cum
1699 2890 1802 2942 ilbe
1833 2890 1941 2942 sint
1970 2889 2075 2958 ipsi

2168 2435 2280 2488 Καὶ
2306 2438 2413 2506 γὰρ
2449 2437 2543 2488 καὶ
2577 2435 2690 2497 υἱὸς

2178 2347 2341 2415 φύσει
2398 2346 2693 2417 ἀλλότρια,
2746 2348 2813 2416 τῇ
2870 2345 2927 2399 δὲ
2982 2347 3300 2416 προαιρέσει
3359 2344 3729 2415 προσκείμενα.

2869 2435 2969 2505 μὲν
2996 2437 3023 2488 6
3046 2434 3225 2503 φύσει,
3256 2434 3318 2486 ἐν
3354 2436 3465 2485 ἐστι
3495 2434 3624 2504 μετὰ
3647 2431 3728 2487 τοῦ

2173 2526 2469 2594 γεννῶντος
2490 2543 2501 2555 ·
2537 2527 2565 2578 6
2588 2526 2643 2579 δὲ
2672 2526 2870 2590 ἔξωθεν
2921 2526 3329 2596 υἱοποιούμενος
3377 2526 3729 2596 προσκείσεται

2173 2617 2250 2687 τῷ
2274 2617 2441 2686 γένει.
2462 2616 2559 2669 Διὰ
2583 2617 2738 2669 τοῦτο
2767 2618 2859 2671 καὶ
2875 2616 3035 2680 εὐθὺς
3052 2617 3327 2688 ἐπιφέρει,
3353 2619 3432 2670 ὅτι
3580 2613 3735 2668 Ποῖον

2174 2708 2349 2774 ἔθνος
2378 2710 2473 2778 μέ)
2489 2725 2546 2769 a,
2570 2700 2617 2773 ᾧ
2644 2709 2814 2762 ἐστιν
2829 2708 2988 2773 αὐτῷ
3017 2709 3159 2773 Θεὸς
3177 2706 3460 2776 ἐγγίζων;
3483 2708 3569 2758 καὶ
3592 2705 3724 2757 ἀλλα-

2175 2800 2298 2870 χοῦ·
2331 2800 2475 2865 Θεὸς
2499 2799 2743 2869 ἐγγίζων
2774 2799 2918 2869 ἐγώ·
2951 2802 3063 2863 τοῖς
3100 2799 3207 2870 γὰρ
3252 2800 3501 2868 γενητοῖς
3530 2794 3732 2864 ἐγγίζει,

2176 2891 2250 2954 ὡς
2287 2889 2459 2957 ξένοις
2481 2890 2645 2944 αὑτοῦ
2674 2888 2794 2944 οὖσι
2817 2909 2830 2922 ο
2862 2891 2937 2961 τῷ
2970 2891 3027 2944 δὲ
3056 2889 3189 2960 Υἱῷ,
3212 2890 3287 2952 ὡς
3311 2890 3433 2959 ἰδίῳ
3470 2925 3488 2954 ,
3647 2886 3735 2938 οὐκ

494 2992 779 3037 extorum:
826 2989 882 3034 at
909 2977 1072 3044 Filio,
1106 2988 1290 3049 utpote
1340 2982 1580 3048 proprio,
1629 2996 1736 3033 non
1787 2982 2076 3050 appropin-

2187 2984 2406 3052 ὲΥγίξεει,
2439 2983 2551 3036 ἀλλ’
2575 2985 2630 3036 ὲν
2670 2983 2819 3052 αὐτῷ
2840 2985 2955 3036 ἐστι
2976 3000 2989 3013 ⁸
3012 2983 3105 3035 καὶ
3126 2984 3153 3034 6
3178 2981 3304 3043 Υἱὸς
3334 2983 3394 3033 οὐ
3426 2979 3735 3051 πρόσκειται,

496 3079 647 3144 quat,
690 3073 782 3127 sed
817 3072 870 3126 in
912 3086 975 3126 eo
1014 3081 1098 3125 est
1132 3088 1145 3125 :
1174 3087 1272 3125 nec
1319 3070 1557 3125 adhaeret
1601 3070 1804 3137 Filius,
1838 3083 1928 3125 seu
1970 3086 2077 3125 una

497 3174 621 3220 Cum
654 3161 812 3217 Patre
844 3172 945 3216 cst.
981 3158 1137 3215 Unde
1166 3177 1356 3215 rursus
1388 3160 1599 3232 Moyses
1631 3161 1683 3216 in
1720 3163 1907 3217 eodem
1941 3162 2080 3216 Deu-

500 3254 801 3308 teronomio
845 3253 925 3307 sic
974 3252 1215 3321 loquitur
1259 3269 1271 3303 :
1320 3251 1507 3307 Vocem
1554 3253 1668 3316 eius
1714 3254 1941 3308 audietis
1968 3292 1983 3316 ,
2030 3263 2080 3307 et

495 3346 601 3415 ipsi
650 3362 736 3399 vos
787 3344 1147 3413 adjungemini
1210 3347 1253 3396 ⁸.
1302 3342 1459 3409 Quod
1510 3355 1693 3397 autem
1746 3344 2082 3414 adiungitur,

500 3436 844 3491 extrinsecus
879 3435 1214 3503 adiungitur.

657 3524 776 3579 Jam
799 3525 943 3594 quod
975 3523 1206 3593 pertinet
1232 3522 1299 3576 ad
1330 3521 1501 3577 levem
1535 3531 1590 3576 et
1610 3524 1907 3577 humanam
1935 3523 2086 3579 Aria-

501 3626 694 3673 nOrum
728 3616 1120 3688 opinationem,
1157 3632 1263 3687 qua
1296 3631 1489 3687 nempe
1526 3616 1817 3671 Dominum
1853 3633 2083 3687 egenum

502 3708 672 3763 fuisse
714 3724 781 3763 ex
837 3707 924 3761 his
967 3706 1140 3774 ipsius
1180 3707 1360 3761 verbis
1408 3707 1789 3775 suspicantur,
1826 3706 1968 3758 Data
2008 3716 2084 3758 est

502 3800 631 3852 mihi
676 3801 722 3862 ⁷,
751 3800 1034 3871 αεεερὶ⁶,ιιι
1062 3808 1116 3852 ct
1141 3814 1207 3851 ex
1253 3799 1339 3853 bis
1368 3797 1520 3852 Pauli
1550 3798 1716 3861 locis,
1750 3796 1959 3852 Idcirco
1988 3814 2083 3851 ea:-

504 3890 694 3944 altarit
726 3890 881 3944 illum
920 3892 941 3925 ⁸
964 3937 976 3959 ,
1004 3898 1079 3953 ct,
1108 3888 1253 3944 Sedit
1292 3909 1325 3944 a
1354 3891 1555 3944 dextris
1584 3890 1646 3954 ",
1678 3890 1907 3959 aliisque
1933 3890 2086 3945 simi—

504 3983 680 4049 libus;
729 3982 1167 4053 res’pondendum
1212 3993 1296 4036 est
1336 3982 1625 4035 Dominum
1675 3990 1946 4046 nostrum,
1992 3983 2082 4050 qui

503 4074 643 4127 idem
683 4071 916 4127 Verbum
949 4084 1002 4127 et
1031 4072 1205 4128 Filius
1241 4072 1333 4127 Dei
1376 4083 1480 4137 est,
1509 4088 1710 4144 corpus
1735 4083 1997 4142 gestasse,
2033 4083 2087 4127 et

504 4163 699 4221 Filium
747 4182 969 4236 quoque
1018 4166 1258 4221 hominis
1298 4165 1502 4220 factum
1765 4166 1971 4231 fuisse,
2027 4175 2088 4220 ut

504 4259 716 4313 medius
772 4256 940 4311 Deum
977 4258 1115 4311 inter
1141 4266 1197 4311 et
1233 4258 1487 4311 homines
1536 4255 1779 4322 eﬂectus,
1822 4272 1942 4326 quia:
1992 4257 2083 4311 Dei

2180 3076 2317 3130 ἀλλὰ
2337 3076 2552 3130 σύνεστι
2586 3074 2665 3147 τῷ
2688 3075 2883 3145 ﬂat-pi.
2922 3074 3081 3129 Ὅθεν
3109 3075 3201 3127 καὶ
3240 3072 3410 3126 πάλιν
3451 3072 3591 3140 λέγει
3628 3072 3736 3123 Μω-

2182 3168 2279 3239 σῆς
2303 3170 2359 3220 ὲν
2391 3168 2538 3238 αὐτῷ
2566 3166 2644 3237 τῷ
2677 3166 3078 3238 Δευτερονομίῳ
3110 3179 3124 3193 ⁶
3284 3164 3405 3231 Τῆς
3429 3161 3624 3232 φωνῆς
3646 3161 3737 3213 αὺ-

2182 3260 2286 3313 τοῦ
2312 3260 2669 3324 ἀκούσεσθε,
2711 3258 2809 3311 καὶ
2846 3256 3006 3323 αὐτῷ
3050 3256 3561 3325 προστεθήσεσοε.
3596 3253 3663 3305 Τὸ
3694 3252 3739 3304 δὲ

2183 3349 2610 3403 ποοστιθέιιενον
2644 3348 2843 3414 ἔξωθεν
2868 3348 3237 3418 προστίθεται.

2340 3524 2483 3595 Πρὸς
2516 3524 2570 3576 δὲ
2594 3526 2690 3595 τὴν
2721 3523 2917 3595 ἀσθενῆ
2945 3525 3038 3577 καὶ
3062 3522 3415 3593 ἀνθρωπίνην
3436 3523 3630 3576 ἔννοιαν
3648 3518 3743 3571 τῶν

2198 3616 2492 3686 Ἀρειανῶν
2514 3655 2526 3678 ,
2565 3615 2651 3667 διὰ
2694 3614 2755 3667 τὸ
2802 3615 3049 3667 ὑπονοεῖν
3081 3606 3173 3667 τὸν
3202 3613 3409 3685 Κύριον
3574 3610 3711 3664 ἑνδεᾶ
3731 3650 3744 3673 ,

2187 3710 2313 3760 ὅταν
2341 3707 2495 3780 λέγῃ,
2534 3708 2744 3774 Ἐδόοη
2768 3726 2888 3777 μοι,
2940 3710 3053 3771 καὶ,
3085 3708 3311 3761 ἔλαϐον
3333 3725 3347 3738 ο
3380 3709 3471 3761 καὶ
3508 3707 3597 3759 ὲέιν
3627 3705 3745 3773 λέγῃ

2186 3802 2213 3852 6
2236 3800 2468 3864 Παῦλος,
2488 3802 2589 3855 Διὰ
2621 3800 2795 3853 τοῦτο
2822 3804 3223 3869 ὑπερύψωσεν
3238 3801 3447 3865 αὑτὸν,
3466 3801 3573 3862 καὶ,
3604 3795 3747 3849 Ἑκὰ-

2187 3893 2356 3942 Οισεν
2380 3891 2449 3942 ἐν
2478 3886 2666 3954 δεξιᾷ,
2703 3892 2796 3942 καὶ
2817 3889 2885 3943 τὰ
2916 3889 3161 3954 τοιαῦτα,
3197 3890 3442 3952 λεκτέον,
3477 3889 3555 3942 ὅτι
3592 3890 3618 3940 6
3648 3888 3747 3938 Κύ-

2190 4001 2303 4055 ριος
2332 3986 2365 4052 ἡ
2377 3982 2511 4053 μῶν,
2538 3983 2711 4052 Λόγος
2744 3982 2818 4037 ὢν
2852 3983 2981 4046 Υἱὸς
3018 3983 3111 4036 τοῦ
3140 3982 3301 4047 Θεοῦ,
3336 3983 3557 4053 ὲφόρεσε
3582 3979 3746 4048 σῶμα,

2187 4074 2280 4125 καὶ
2303 4073 2491 4141 γέγονε
2526 4072 2619 4125 καὶ
2786 4072 2915 4134 Υἱὸς
2947 4071 3259 4143 ἀνθρώπου,
3293 4073 3399 4136 ἵνα,
3427 4070 3641 4141 μεσίτης
3666 4083 3746 4134 γε·

2187 4164 2409 4235 νόμενος
2438 4163 2571 4217 Θεοῦ
2607 4164 2698 4217 καὶ
2731 4162 3055 4231 ἀνθρώπων,
3091 4162 3161 4216 τὰ
3204 4164 3303 4233 μὲν
3340 4162 3475 4216 Θεοῦ
3510 4164 3653 4231 ἡμῖν,
3688 4156 3749 4210 τὰ

2187 4255 2242 4307 δὲ
2267 4255 2423 4326 ἡμῶν
2455 4254 2533 4325 τῷ
2565 4254 2683 4325 Θεῷ
2715 4255 2958 4327 διακονῇ.
2989 4256 3156 4309 Ὅταν
3177 4250 3269 4308 οῦν
3304 4255 3528 4326 λέγηται
3556 4252 3749 4320 πεινᾷν,

504 4358 651 4411 sunt,
687 4347 845 4404 nobis
885 4349 1335 4404 subministraret
1366 4365 1379 4402 :
1408 4364 1529 4419 qua:
1560 4350 1751 4412 nostri,
1781 4348 1891 4403 Deo
1927 4349 2083 4403 θεῖαι·-

2189 4346 2282 4399 καὶ
2302 4346 2578 4416 δακρύειν,
2604 4347 2697 4399 καὶ
2730 4348 2946 4417 κοπιᾷν,
2975 4347 3068 4400 καὶ
3107 4346 3283 4410 Ἐλωῒ,
3341 4346 3500 4400 Ἐλωῒ
3519 4386 3532 4410 ,
3564 4340 3753 4412 ἀνθρὼ-

506 4448 607 4495 ret.
638 4439 906 4507 Quocirca
934 4456 1057 4494 cum
1090 4441 1322 4505 esurire,
1375 4441 1525 4507 ﬂere,
1561 4441 1846 4512 defatigari
1884 4450 1939 4496 et
1977 4442 2089 4496 cla--

506 4545 655 4585 mare
680 4528 825 4597 Eloi,
856 4527 1001 4595 Eloi,
1034 4530 1257 4595 dicitur,
1292 4547 1412 4600 quae
1442 4532 1663 4601 quidem
1696 4532 1952 4585 humanm
1982 4547 2051 4584 no
2071 4560 2085 4571 ο

504 4630 633 4679 stra:
662 4631 792 4678 sunt
818 4622 1130 4678 all‘ectiones
1156 4631 1211 4676 et
1242 4622 1496 4689 miseria},
1522 4638 1616 4676 cas
1640 4639 1667 4676 a
1702 4623 1860 4675 nobis
1891 4623 2089 4691 accipit

506 4729 570 4769 ac
593 4714 740 4769 Patri
791 4714 950 4770 oﬂ‘ert
975 4757 990 4780 ,
1040 4724 1095 4770 et
1143 4730 1241 4785 pro
1275 4714 1432 4769 nobis
1460 4714 1763 4779 intercedit,
1793 4722 1852 4767 ut
1883 4714 1935 4766 in
1970 4714 2089 4782 ipso

508 4807 728 4875 penitus
760 4806 1065 4861 deleantur.
1098 4800 1199 4862 llis
1226 4815 1405 4860 autem
1438 4806 1643 4869 verbis,
1676 4805 1813 4858 Data
1850 4815 1924 4859 es:
1958 4806 2087 4858 mihi

508 4911 742 4969 potestas
764 4935 780 4962 ,
890 4908 942 4954 et
964 4942 978 4966 ,
1011 4901 1187 4969 arccpi
1216 4939 1230 4963 ,
1316 4908 1390 4960 et,
1428 4897 1639 4952 Idcirco
1684 4900 1936 4953 exultavit
1971 4917 2089 4953 eum

511 4992 651 5046 Deus
681 4999 748 5059 η,
784 5009 1011 5047 munera
1042 4994 1093 5046 in
1133 5009 1233 5047 nos
1256 5009 1285 5047 a
1321 4993 1429 5048 Deo
1476 5009 1571 5064 per
1601 4994 1752 5046 illum
1785 4994 1979 5047 collata
2016 4996 2090 5048 si-

512 5082 858 5153 gnificantur.
909 5082 1020 5138 Nec
1078 5084 1222 5137 enim
1263 5083 1513 5155 indigens
1539 5095 1657 5137 erat
1707 5083 1942 5138 Verbum
2004 5085 2088 5139 vel

513 5192 754 5245 unquam
812 5176 1016 5231 factum
1053 5187 1174 5231 est:
1234 5193 1333 5231 nec
1377 5194 1566 5233 rursus
1604 5178 1852 5232 homines
1910 5177 2091 5231 idonei

511 5279 667 5321 erant
705 5267 794 5337 qui
824 5267 927 5321 ista
988 5267 1087 5322 sibi
1124 5277 1507 5337 compararent
1545 5287 1556 5321 :
1602 5268 1694 5322 sed
1734 5282 1827 5335 per
1858 5264 2092 5317 Verbum

512 5361 671 5415 nobis
697 5361 894 5415 donata
921 5369 1079 5426 sunt;
1111 5362 1251 5415 unde
1287 5362 1376 5415 illa
1412 5371 1670 5431 tanquam
1731 5360 1833 5429 ipsi
1871 5360 2093 5420 donata,

516 5454 671 5507 nobis
722 5454 1123 5523 impertiuntur.
1187 5453 1468 5524 Siquidem
1511 5468 1631 5506 eam
1679 5452 1748 5505 ob
1784 5467 1895 5505 rem
1935 5450 2096 5503 homo

516 5542 691 5598 lactus
716 5558 819 5611 est,
849 5557 906 5599 ιιι
937 5547 1024 5599 illa
1057 5547 1200 5599 velut
1223 5548 1323 5599 sibi
1355 5546 1502 5609 data,
1531 5545 1584 5598 in
1607 5558 1707 5598 nos
1726 5542 2094 5597 transferren-

517 5646 623 5689 tur.
649 5636 755 5689 Nec
785 5639 930 5690 enim
968 5655 1138 5707 purus
1179 5639 1345 5691 homo
1386 5637 1585 5707 dignus
1621 5651 1860 5705 unquam
1907 5632 2098 5687 fuisset

2189 4456 2317 4491 πινα
2338 4439 2485 4502 ὄντα,
2512 4439 2606 4491 καὶ
2626 4439 2871 4510 ἡμέτερα
2894 4439 3080 4509 πάθη,
3212 4440 3429 4510 δέχεται
3449 4439 3574 4508 παρ’
3590 4437 3750 4509 ἡμῶν,

2190 4532 2281 4582 καὶ
2302 4529 2378 4600 τῷ
2414 4531 2588 4600 Ila-cpi.
2618 4531 2903 4601 ἀναφέρει,
2930 4530 3245 4602 πρεσϐεύων
3276 4532 3417 4602 ὑπὲρ
3457 4529 3637 4601 ἡμῶν,
3678 4528 3755 4578 ἵνα

2190 4626 2245 4676 ὲν
2280 4623 2426 4695 αὐτῷ
2446 4624 2774 4694 ὲξαφανισθῇ
2798 4641 2811 4653 ·
2842 4624 2968 4677 ὅταν
2988 4624 3074 4687 δὲ,
3104 4625 3184 4677 ὅτι
3232 4624 3442 4689 Ἐδόθη
3472 4640 3570 4691 μοι
3596 4619 3755 4683 ἐξου-

2189 4719 2316 4780 σία,
2341 4718 2457 4781 καὶ,
2484 4718 2724 4781 ἔλαϐον,
2757 4717 2871 4780 καὶ,
2896 4715 2999 4769 Διά
3025 4715 3201 4769 τοῦτο
3231 4717 3629 4783 ὑπερύψωσεν
3662 4710 3757 4764 αὑ·-

2190 4808 2297 4862 τόν
2468 4811 2499 4861 ό
2544 4808 2689 4873 Θεὸς
2714 4848 2728 4871 ,
2764 4806 2832 4858 τὰ
2868 4806 3017 4878 παρὰ
3044 4806 3135 4859 τοῦ
3163 4805 3300 4858 Θεοῦ
3346 4807 3427 4868 εἰς
3471 4805 3614 4875 ἡμᾶς
3640 4802 3755 4886 ’ἐστι

2190 4904 2505 4976 χαρίσματα
2532 4903 2598 4956 δι’
2638 4901 2800 4954 αὑτοῦ
2832 4901 3101 4972 διδόμενα.
3142 4901 3214 4953 Οὐ
3252 4899 3362 4971 γὰρ
3406 4901 3434 4952 6
3483 4897 3647 4963 Λόγος
3683 4894 3756 4945 ὲν-

2190 4997 2315 5067 δεὴς
2338 4992 2404 5066 ἦν
2451 4995 2483 5064 ἦ
2512 4994 2703 5062 γέγονε
2754 4992 3007 5046 armato-cr
3061 4991 3185 5045 οὐδὲ
3222 4992 3384 5045 πάλιν
3419 4992 3468 5043 οἱ
3502 4988 3756 5057 ἄνθρωποι

2197 5089 2370 5142 ἱκανοὶ
2418 5085 2557 5159 ἦσαν
2614 5088 2823 5150 ἑαυτοῖς
2867 5085 3186 5154 διακονῆσαι
3221 5085 3428 5138 ταῦτα·
3474 5081 3559 5134 διὰ
3590 5079 3641 5131 δὲ
3672 5073 3753 5129 τοῦ

2198 5181 2369 5248 Λόγου
2398 5180 2597 5233 δίδοται
2641 5181 2806 5249 ἡμῖν’
2844 5178 2932 5230 διὰ
2960 5177 3150 5241 τοῦτο,
3196 5178 3271 5240 ὡς
3316 5175 3463 5245 αὐτῷ
3506 5173 3754 5241 διδόμενα,

2198 5273 2327 5342 ἡμῖν
2356 5271 2729 5341 μεταδίδοται⁶
2917 5269 3005 5322 διὰ
3035 5269 3193 5322 τοῦτο
3228 5269 3334 5340 γὰρ
3371 5268 3465 5320 καὶ
3504 5258 3756 5332 image-

2199 5380 2393 5434 πησεν,
2432 5364 2538 5425 ἵνα,
2571 5363 2645 5426 ὡς
2676 5362 2823 5432 αὐτῷ
2852 5363 3126 5432 διδόμενα,
3157 5363 3236 5424 εἰς
3267 5362 3412 5431 ἡμᾶς
3442 5357 3614 5425 διαϐῇ.
3644 5354 3757 5404 Ἀν-

2198 5453 2413 5525 θρωπος
2434 5454 2542 5525 γὰρ
2574 5454 2727 5522 ψιλὸς
2771 5454 2871 5505 οῦκ
2899 5453 2965 5506 ἂν
2996 5452 3202 5521 ἠξιώθη
3248 5451 3449 5505 τούτων
3468 5466 3481 5478 '
3517 5447 3679 5512 Λόγος
3705 5438 3757 5492 δὲ

2200 5546 2361 5600 πάλιν
2407 5547 2585 5618 μόνος,
2625 5547 2723 5599 οὐκ
2774 5546 2840 5599 ἂν
2881 5544 3074 5616 ἐδεήθη
3117 5544 3340 5598 τούτων.
3400 5538 3643 5611 Συνήφθη
3673 5530 3755 5586 οὖν

2200 5637 2330 5705 ἡμῖν
2356 5638 2383 5687 6
2416 5636 2607 5703 Λόγος,
2633 5636 2728 5687 καὶ
2754 5635 2876 5687 τότε
2905 5635 3157 5699 ἐξουσίαν
3187 5636 3317 5704 ἡμῖν
3345 5630 3626 5691 μετέδωκε.
3671 5621 3757 5675 καὶ

590 5729 603 5756 ¹
642 5728 797 5779 Deut.
832 5742 908 5793 Iv,
940 5730 991 5782 4.
1068 5732 1087 5760 ⁹
1122 5730 1278 5787 Joan.
1314 5750 1368 5799 κ,
1403 5736 1492 5788 50.
1571 5733 1592 5764 ⁸
1620 5734 1749 5787 ibid.
1789 5734 1875 5785 58.
1955 5733 1975 5763 ⁵
2010 5734 2082 5784 De

2204 5749 2274 5793 Iv,
2312 5732 2365 5785 7.
2441 5732 2678 5785 'Jvrem.
2708 5733 2974 5789 “111.25.
3052 5734 3071 5763 ⁶
3108 5733 3398 5790 Dent.xm.
3425 5733 3477 5785 4.
3551 5726 3758 5779 'Matih.

517 5813 708 5863 “uti,
749 5799 831 5850 l8.
912 5799 932 5829 ⁸
963 5799 1118 5854 .loan.
1158 5820 1208 5864 κ,
1251 5804 1334 5857 l8.
1417 5812 1434 5836 ³
1473 5806 1703 5873 I‘ltilipp.
1755 5822 1811 5867 Il,
1858 5804 1907 5857 9.

1993 5806 2033 5834 ¹⁰
2070 5804 2213 5859 Psai.
2255 5819 2365 5869 ειι,
2415 5804 2476 5871 i;
2510 5804 2715 5858 (lotoss.
2756 5820 2835 5869 ιιι,
2880 5807 2926 5857 l.

3009 5806 3047 5835 “
3086 5804 3319 5874 Philipp.
3354 5819 3410 5867 tt,
3446 5802 3495 5856 9.
