4032 6288
283 406 391 470 345

279 519 657 591 ὑπρύψωσεν.
689 520 776 574 Ἐν
799 520 1073 594 ἀνθρώπῳ
1091 521 1202 596 γάρ
1225 521 1301 581 ὢν
1325 526 1354 578 6
1379 525 1550 596 Λόγος

281 609 459 680 ὑψωσε
492 611 586 664 τὸν
617 611 905 684 ἄνθρωπον
925 631 939 644 ο
964 615 1056 668 καὶ
1080 617 1137 668 ὲν
1166 615 1262 670 ἀνθ
1272 616 1436 690 ρώπῳ
1460 618 1612 684 ὄντος
1635 619 1726 673 τοῦ
1755 622 1860 675 Λό-

288 718 395 770 γου,
422 700 616 754 ἔλαϐεν
643 703 674 755 6
697 701 1003 774 ἄνθρωπος.
1048 705 1200 758 Ἐπεὶ
1230 702 1324 760 οῦν
1351 707 1446 760 τοῦ
1491 708 1663 777 Λόγου
1707 708 1858 773 ὄντος

280 796 334 847 ὲν
365 793 533 864 σαρκὶ
551 833 567 858 ,
606 792 796 864 ὑψώθη
815 797 843 847 6
875 795 1158 867 ἄνθρωπος
1181 837 1196 862 ,
1234 798 1326 851 καὶ
1355 798 1544 853 ἐλαϐεν
1572 799 1816 867 ἐξουσίαν
1839 817 1855 834 ο

277 884 364 938 διά
389 883 551 937 τοῦτο
579 887 658 947 εἰς
689 884 781 937 τὸν
827 885 1000 953 Λόγον
1053 887 1384 961 ἀναφέρεται
1428 889 1599 944 ταῦτα
1620 934 1632 953 ,
1671 892 1858 964 ἐπειδὴ

278 976 342 1030 δι’
368 975 534 1029 αὐτ-δν
559 975 714 1048 ἐδόθη
733 995 746 1008 ·
771 977 859 1030 διὰ
879 977 990 1048 γὰρ
1010 978 1102 1032 τὸν
1129 981 1184 1031 ὲν
1213 980 1484 1052 ἀνθρώπῳ
1508 982 1676 1051 Λόγον
1702 984 1854 1055 ἐδόθη

277 1066 448 1123 ταῦτα
482 1067 550 1122 τά
572 1059 908 1140 χαρίσματα.
944 1069 1052 1123 Καὶ
1082 1070 1270 1144 ὥσπερ
1295 1075 1322 1126 ὁ
1359 1073 1529 1142 Λόγος
1572 1074 1706 1147 σὰρξ
1738 1077 1860 1144 ἐγέ-

279 1177 422 1224 νετο,
459 1158 607 1213 οὕτω
653 1160 751 1214 καὶ
783 1160 812 1211 6
852 1159 1136 1232 ἄνθρωπος
1180 1162 1248 1216 τὰ
1279 1162 1368 1216 διά
1412 1163 1506 1217 τοῦ
1553 1165 1728 1236 Λόγου
1778 1167 1856 1219 εῖ-

278 1253 433 1324 ληφε.
463 1252 651 1306 Πάντα
697 1251 808 1323 γὰρ
840 1254 940 1306 ὅσα
981 1253 1009 1305 ὁ
1055 1253 1340 1325 ἄνθρωπος
1375 1253 1600 1326 εἴληφεν
1624 1295 1638 1319 ,
1681 1259 1708 1310 6
1753 1259 1855 1312 Λό-

280 1362 372 1411 γος
541 1343 759 1412 λέγεται
781 1335 1058 1414 εἰληφέναι
1078 1361 1092 1376 ο
1123 1345 1209 1398 ἴνα
1232 1345 1438 1417 δειχθῇ,
1471 1346 1552 1399 ὅτι
1589 1345 1689 1399 οὐκ
1709 1344 1855 1409 ἀξιος

284 1437 354 1492 ὒν
376 1439 405 1491 ό
440 1438 727 1510 ἅνθρωπος
758 1441 965 1505 λαϐεῖν,
998 1444 1120 1496 ὅσον
1143 1440 1277 1513 ἧκεν
1318 1446 1397 1506 είς
1422 1445 1522 1516 τὴν
1554 1443 1720 1499 αὐτοῦ
1756 1445 1858 1512 φύ-

282 1545 386 1592 σιν,
422 1530 572 1600 ὅμως
603 1531 691 1584 διὰ
738 1533 833 1584 τὸν
870 1533 1159 1603 γενόμενον
1193 1534 1370 1605 σάρκα
1398 1537 1566 1605 Λόγον
1611 1536 1852 1608 εἴληφεν.

283 1620 441 1672 Ὅθεν
467 1621 563 1674 ὲάν
590 1640 640 1675 τι
665 1623 891 1693 λέγηται
918 1624 1150 1678 δίδοσθαι
1176 1625 1253 1695 τῷ
1283 1626 1494 1697 Κυρίῳ,
1523 1628 1556 1697 ἦ
1597 1645 1648 1680 τι
1680 1626 1853 1680 τοιοῦο

280 1729 385 1773 τον.
423 1717 566 1767 νοεῖν
589 1715 673 1767 δεῖ
707 1715 781 1785 μὴ
819 1717 966 1788 αὐτῷ
994 1719 1070 1780 ὡς
1115 1719 1373 1790 χρῄζοντι
1587 1715 1850 1781 δίδοσθαι,

281 1802 409 1856 ἀλλά
433 1805 513 1874 τῷ
538 1806 809 1878 ἀνθρώπῳ
830 1808 917 1860 διά
944 1809 1038 1861 τοῦ
1071 1811 1263 1878 Λόγου.
1301 1811 1412 1864 Καὶ
1449 1811 1556 1881 γὰρ
1589 1811 1697 1872 πᾶς
1719 1826 1852 1880 πρε-

1182 413 1555 476 PANOPLIA
1593 414 2052 477 DOGWATICA.
2089 439 2158 454 --
2196 417 2348 477 TIT.
2397 417 2500 478 XI.

3422 415 3532 478 346

1691 528 1861 602 ὑπερ-
1881 533 1922 586 Ᾱ
1946 533 2038 603 qui
2071 533 2186 587 haec
2210 533 2510 604 acciperet;
2543 550 2644 590 nec
2664 533 2789 589 item
2819 549 3018 606 purum
3038 531 3277 588 Verbum
3303 531 3389 587 his
3412 548 3530 602 pos-

1947 634 2030 680 set
2061 625 2300 696 indigere
2332 635 2346 681 :
2378 625 2732 694 conjunctum
2758 626 2923 696 igitur
2952 625 3111 680 nobis
3134 634 3219 678 est
3246 623 3524 690 Verbum,

1950 724 2185 785 tuncque
2209 732 2308 772 nos
2332 717 2617 786 potestatis
2645 717 2934 786 participes
2971 717 3204 788 reddidit
3236 726 3290 771 et
3317 717 3524 772 exalta-

1948 808 2043 861 vit.
2071 806 2304 862 Verbum
2324 809 2591 878 siquidem
2618 809 2670 862 in
2698 810 2919 863 homine
2939 810 3226 870 exsistens.
3249 809 3522 862 hominem

1949 899 2209 953 exaltavit
2243 918 2256 954 :
2299 910 2352 954 et
2384 899 2562 954 Verbo
2594 902 2720 955 item
2754 901 2808 954 in
2848 901 3066 955 homine
3107 903 3403 955 exsistente
3436 916 3528 954 ac-

1951 993 2094 1061 cepit
2117 993 2297 1045 homo.
2323 990 2460 1058 Quia
2488 1007 2616 1062 ergo
2637 991 2814 1046 Verbo
2843 994 2894 1045 in
2915 1008 3078 1046 carne
3102 992 3417 1052 exsistcnte.
3440 1007 3534 1044 ex-

1952 1085 2152 1139 altatus
2178 1085 2340 1138 homo
2364 1093 2465 1150 est,
2487 1093 2921 1153 potestatemque
2947 1083 3174 1150 accepit,
3196 1082 3399 1134 idcirco
3428 1081 3530 1134 ista

1953 1177 2019 1230 ad
2045 1175 2278 1231 Verbum
2298 1175 2625 1242 referuntur,
2646 1176 3090 1245 quandoquidem
3113 1182 3328 1242 propter
3352 1173 3529 1241 ipsum

1954 1272 2078 1325 dita
2105 1283 2252 1326 sunt.
2294 1271 2419 1327 Haec
2446 1272 2592 1326 enim
2630 1271 2770 1324 dona
2805 1278 3026 1338 propter
3071 1265 3309 1320 Verbum
3345 1266 3396 1317 in
3429 1265 3528 1316 ho-

1956 1363 2102 1417 mine
2131 1363 2398 1418 exsistens
2438 1379 2694 1418 concessa
2727 1370 2872 1417 sunt.
2905 1359 3054 1414 Unde
3070 1357 3529 1428 quemadmodum

1969 1444 2200 1500 Verbum
2229 1462 2359 1502 caro
2389 1447 2587 1501 factum
2619 1456 2700 1501 est
2728 1466 2740 1499 :
2775 1446 2845 1499 ita
2874 1457 2928 1499 et
2962 1446 3126 1499 homo
3153 1459 3273 1513 quae
3295 1445 3524 1512 accepit,

1961 1551 2054 1602 per
2085 1534 2319 1590 Verbum
2349 1537 2574 1606 accepit.
2605 1535 2796 1590 Omnia
2819 1537 2964 1589 enim
2995 1551 3114 1604 qua:
3154 1535 3316 1588 homo
3366 1547 3525 1587 acce-

1959 1628 2059 1695 pit,
2095 1626 2330 1681 Verbum
2371 1630 2646 1696 acet-pisse
2667 1629 2865 1682 dicitur
2897 1647 2908 1680 :
2956 1638 3012 1680 ut
3062 1625 3311 1679 videlicet
3343 1633 3526 1678 osten-

1958 1721 2195 1783 deretur,
2227 1722 2484 1790 quoniam
2519 1722 2678 1773 homo
2709 1735 2805 1788 pro
2833 1734 2944 1772 sua:
2982 1727 3188 1771 naturae.
3217 1715 3526 1770 conditione

1958 1811 2154 1881 dignus
2185 1829 2290 1865 non
2330 1821 2493 1874 esset,
2543 1812 2634 1882 qui
2705 1811 2794 1864 illa
2826 1811 3114 1879 acciperet,
3147 1823 3241 1878 per
3289 1807 3523 1862 Verbum

282 1891 486 1945 σϐεῦων
510 1894 649 1964 ὑπὲρ
666 1895 847 1957 ἄλλου,
864 1897 1028 1961 αὐτὸς
1046 1899 1144 1969 τὴν
1160 1899 1318 1968 χάριν
1339 1899 1625 1970 λαμϐάνει,
1644 1901 1702 1952 οὐ
1727 1899 1851 1971 χρῄ-

1959 1919 2176 1957 carnem
2223 1903 2445 1966 factum,
2484 1919 2544 1955 ea
2602 1904 2750 1956 illum
2804 1902 3096 1970 accepisse.
3155 1899 3421 1966 Quocirca
3477 1897 3521 1950 si

280 1985 400 2049 ζων,
441 1987 583 2040 ἀλλά
605 1988 693 2042 διά
721 1989 812 2042 τὸν
845 1990 984 2061 ὑπὲρ
1019 1984 1079 2044 οῦ
1116 1993 1429 2062 πρεσϐεύει.

1963 1995 2090 2065 quid
2120 1995 2351 2049 Domino
2379 1995 2564 2049 datum
2589 2010 2726 2057 esse,
2759 1994 2842 2047 vel
2898 1993 3100 2062 aliquid
3144 1989 3520 2060 hujuscemodi

279 2077 492 2140 dicitur,
522 2079 930 2149 intelligendum
960 2091 1178 2136 estnon
1211 2083 1260 2136 ei
1299 2091 1554 2151 tanquam
1586 2081 1847 2152 indigenti
1885 2083 2057 2138 fuisse
2107 2087 2316 2149 datum,
2374 2073 2466 2138 sdd
2506 2084 2710 2137 homini
2757 2098 2850 2151 per
2892 2083 3066 2151 ipsum
3111 2080 3369 2134 Verbum.
3400 2076 3526 2130 Ete—

281 2169 383 2222 nim
417 2167 669 2238 quisquis
697 2185 794 2239 pro
827 2171 933 2224 alio
962 2171 1266 2235 intercedit,
1306 2173 1536 2241 gratiam
1591 2172 1704 2240 ipse
1750 2172 1968 2240 accipit,
2004 2188 2108 2226 non
2154 2173 2282 2241 quia
2311 2173 2568 2242 indigeat,
2600 2173 2692 2226 sed
2735 2180 2952 2240 propter
2987 2171 3135 2224 illum
3173 2169 3329 2238 cujus
3353 2182 3521 2222 causa

283 2259 579 2313 intercedit.

433 2353 644 2421 Ὠσπερ
672 2353 782 2422 γάρ
811 2351 909 2414 τὰς
937 2353 1222 2416 ἀσθενείας
1397 2353 1556 2424 ἡμῶν
1586 2353 1850 2423 λαμϐάνει

294 2443 384 2494 οὐκ
412 2436 662 2507 ἀσθενῶν,
700 2443 794 2495 καὶ
838 2444 998 2513 πεινᾷ
1043 2444 1103 2495 οὐ
1146 2444 1364 2508 πεινῶν,
1410 2444 1545 2498 ἀλλά
1583 2444 1652 2498 τὰ
1693 2444 1850 2513 ἡμῶν

292 2533 585 2602 ἀναπέμπει
621 2535 703 2596 εἰς
731 2534 793 2585 τὸ
827 2531 1244 2604 ἐξαλειφθῆναι⁹
1281 2535 1424 2588 οὕτω
1461 2535 1560 2597 τὰς
1593 2535 1713 2588 ἀντὶ
1742 2533 1850 2588 τῶν

283 2624 562 2677 ἀσθενειῶν
741 2623 893 2694 παρὰ
913 2623 1046 2676 Θεοῦ
1077 2624 1287 2696 δωρεὰς
1323 2625 1485 2678 πάλιν
1518 2625 1681 2687 αὐτὸς
1708 2624 1853 2693 δέχε-

278 2731 376 2778 ται,
401 2715 491 2768 ἵνα
520 2717 812 2784 συναφθεὶς
841 2716 1126 2786 ἄνθρωπος
1157 2717 1479 2786 μεταλαϐεῖν
1507 2716 1729 2787 δυνηθῇ.
1758 2716 1850 2768 Λέ-

273 2820 351 2871 γει
384 2803 522 2872 γοῦν
560 2805 590 2857 ό
643 2805 875 2874 Κύριοςο
929 2805 1132 2859 Πάντα
1172 2805 1291 2858 ὅσα
1315 2805 1577 2872 δέδωκάς
1597 2823 1720 2876 μοι,
1757 2804 1851 2858 δέ·

276 2891 425 2945 δωιεα
482 2892 722 2958 αὐτοῖς·
778 2893 869 2946 καὶ
928 2893 1090 2946 πάλιν
1115 2935 1130 2958 ,
1176 2893 1236 2945 Ὺ
1233 2893 1346 2962 πὲρ
1388 2893 1588 2947 αὐτῶν
1634 2893 1844 2962 ἐρωτῶ.

285 2983 502 3054 Ἠρώτα
534 2985 645 3054 γὰρ
674 2983 814 3055 ὑπὲρ
846 2984 1002 3054 ἡμῶν
1033 2983 1101 3037 τὰ
1127 2985 1283 3056 ἡμῶν
1318 2985 1726 3056 ἀναδεχόμενος,
1755 2987 1850 3038 καὶ

271 3073 437 3126 ἐδίδου
474 3073 513 3127 ἃ.
544 3073 868 3144 ἐλάμϐανεν.
913 3074 1130 3146 Ἐπειδὴ
1173 3072 1266 3130 οὖν
1290 3117 1306 3142 ,
1353 3076 1712 3145 συναφθέντος
1753 3076 1848 3129 τοῦ

270 3166 439 3233 Λόγου
483 3161 567 3230 τῷ
593 3165 884 3237 ἀνθρώπῳ,
931 3168 1011 3231 είς
1041 3166 1134 3220 τὸν
1159 3167 1330 3236 Λόγον
1371 3167 1690 3221 ἀποϐλέπων
1723 3171 1851 3238 ἐχα-

2108 2348 2372 2403 Nimirum
2414 2347 2867 2417 quemadmodum
2919 2354 3135 2401 nostras
3175 2345 3518 2402 inﬁrmitates

1958 2442 2074 2511 ipse
2101 2455 2210 2494 non
2249 2439 2498 2493 inlirmus
2523 2439 2782 2506 suscepit,
2817 2450 2870 2491 et
2889 2438 3113 2492 esurivit
3137 2438 3386 2506 quamvis
3413 2453 3520 2491 non

1955 2530 2225 2594 esuriens,
2256 2537 2315 2582 ut
2344 2537 2531 2582 nostra
2579 2526 2726 2580 Patri
2759 2527 2991 2580 olTei-ens
3019 2527 3220 2581 deleret
3249 2546 3261 2581 :
3299 2527 3372 2580 ita
3427 2541 3522 2592 pro

1957 2620 2384 2683 inﬁrmitatibus,
2419 2619 2560 2672 dona
2613 2634 2641 2671 a
2693 2618 2801 2672 Deo
2841 2618 2954 2686 ipse
3003 2617 3220 2686 accipit,
3250 2626 3309 2670 ut
3359 2618 3520 2671 homo

1956 2713 2057 2783 ipsi
2092 2713 2417 2782 coniunctus
2449 2713 2643 2765 horum
2678 2712 2946 2780 particeps
2980 2725 3102 2764 esse
3150 2719 3332 2778 queat.
3382 2707 3522 2764 Hinc

1957 2807 2071 2874 ipse
2099 2805 2173 2859 ait
2199 2823 2211 2858 :
2240 2803 2430 2858 Omnia
2451 2818 2771 2872 quazcunque
2795 2801 2990 2856 dedisti
3019 2801 3168 2862 mihi,
3195 2801 3315 2854 dedi
3345 2802 3419 2854 eis
3453 2802 3469 2833 ¹
3504 2820 3518 2855 :

1955 2905 2007 2950 et
2037 2896 2251 2960 iterum,
2287 2893 2394 2948 Pro
2419 2894 2493 2947 eis
2541 2909 2666 2962 rogo
2719 2896 2763 2946 '.
2817 2890 2924 2945 Pro
2951 2891 3108 2946 nobis
3141 2906 3334 2960 nempe
3365 2903 3522 2960 rega-

1956 2985 2068 3045 hat.
2103 2984 2188 3039 his
2214 2999 2337 3053 quae
2369 2991 2552 3037 nostra
2585 2991 2715 3037 sunt
2765 2982 3054 3050 susceptis,
3091 2989 3145 3035 et
3180 2981 3353 3060 dabat
3399 2995 3522 3049 quae

1955 3076 2071 3146 ipse
2087 3075 2406 3144 accipiebat.
2420 3074 2686 3140 Quoniam
2711 3074 2873 3142 igitur
2891 3071 3067 3127 Verbo
3087 3071 3378 3140 eonjnucto
3395 3086 3517 3125 cum

1956 3167 2194 3228 homine,
2221 3165 2382 3220 Pater
2413 3174 2631 3235 propter
2653 3166 2830 3234 ipsum
2851 3163 3090 3218 Verbum
3127 3162 3333 3216 homini
3357 3161 3522 3216 dabat

273 3257 448 3326 ρίζετο
478 3257 509 3307 ὁ
542 3256 730 3328 Πατὴρ
759 3255 836 3326 τῷ
861 3255 1134 3328 ἀνθρώπῳ
1161 3257 1220 3310 τὸ
1261 3257 1563 3328 ὑψωθῆναι,
1604 3256 1666 3310 τὸ
1705 3257 1848 3327 ἔχειν

1958 3268 2014 3313 ut
2051 3259 2400 3324 exaltaretur,
2440 3273 2765 3328 onmemque
2809 3267 3130 3328 potestatem
3168 3257 3409 3323 haberet,
3467 3264 3521 3311 et

271 3345 449 3397 πᾶσαν
505 3343 775 3410 ἐξουσίαν,
823 3345 915 3396 καὶ
947 3345 1047 3397 ὅσα
1089 3343 1348 3396 τοιαῦτα·
1379 3343 1468 3396 διά
1502 3343 1659 3396 τοῦτο
1699 3343 1848 3414 αὑτῷ

268 3435 340 3506 τῷ
363 3436 534 3504 Λόγῳ
571 3435 750 3488 πάντα
783 3436 1134 3506 ἀναφέρεται,
1166 3437 1256 3489 καὶ
1288 3436 1363 3498 ὼς
1403 3435 1552 3506 αὐτῷ
1595 3435 1848 3506 διδόμενά

179 3597 186 3604 _
269 3527 435 3590 ἔστιν,
490 3527 528 3580 ἃ.
563 3527 632 3579 δι’
664 3527 830 3580 αὑτοῦ
879 3528 1039 3598 ἡμεῖς
1086 3527 1451 3598 λαμϐάνομεν.
1499 3529 1585 3591 Ὠς
1625 3527 1732 3598 γὰρ
1782 3527 1847 3581 δι’

269 3620 413 3688 ἡμᾶς
467 3619 895 3691 ἑνηνθρώπησεν
938 3619 1102 3682 αὐτὸς
1125 3660 1140 3684 ,
1177 3619 1349 3682 οὕτως
1393 3621 1550 3690 ἡμεῖς
1587 3619 1655 3671 δι’
1687 3618 1848 3672 αὐτὸν

267 3710 578 3781 ὐψοὺμεθα.
627 3711 792 3764 υὺδὲν
831 3705 923 3763 οῦν
957 3710 1184 3774 ἄτοπον,
1229 3712 1312 3776 εἰ,
1356 3710 1544 3780 ὥσπερ
1589 3710 1654 3763 δι’
1701 3711 1848 3781 ἡμᾶς

265 3801 638 3855 ἐταπείνωσεν
666 3803 878 3867 ἑαυτὸν,
913 3803 1006 3855 καὶ
1028 3803 1093 3856 δι’
1115 3805 1262 3872 ἡμᾶς
1433 3801 1649 3870 λέγεται
1683 3803 1850 3870 ὑπερ-

263 3893 540 3962 υςνῶσθαι.
581 3894 936 3961 Ἔχιιρίσατο
977 3889 1068 3948 οῦν
1104 3893 1284 3958 αὐτῷ,
1315 3893 1435 3947 ἀντὶ
1475 3891 1592 3953 τοῦ,
1624 3894 1756 3964 ἡμῖν
1776 3893 1842 3946 δι’

262 3984 454 4048 αὑτὸν,
509 3981 604 4034 καὶ
634 3984 1057 4051 ὑπερύψωσεν,
1098 3984 1218 4037 ἀντὶ
1261 3982 1376 4046 τοῦ,
1408 3983 1554 4053 ἡμᾶς
1584 3985 1640 4035 ἐν
1675 3981 1844 4052 αὐτῷ.

257 4077 374 4128 Καὶ
412 4073 588 4137 αὐτὸς
629 4073 686 4126 δὲ
715 4075 743 4126 6
769 4074 959 4142 Λόγος,
991 4073 1145 4144 ἡμῶν
1177 4074 1518 4144 ὑψουμένων,
1566 4075 1659 4128 καὶ
1710 4074 1851 4145 λαμ-

253 4165 562 4228 ϐανόντων,
605 4165 701 4218 καὶ
741 4164 1118 4235 βοηθουμένων
1142 4203 1156 4227 ,
1187 4164 1262 4229 ὡς
1313 4164 1474 4229 αὐτὸς
1523 4165 1847 4236 ὑψούμενος,

259 4255 355 4306 καὶ
393 4253 720 4324 λαμϐάνων,
754 4255 847 4306 καὶ
866 4253 1246 4324 βοηθούμενος,
1285 4255 1600 4328 εὐχαριστεί
1629 4255 1704 4326 τῷ
1737 4259 1851 4314 ila.-

259 4346 371 4414 τρὶ,
414 4345 496 4398 τὰ
539 4345 786 4414 ἡμέτερα
830 4347 909 4408 εἰς
955 4348 1147 4400 ἑαυτὸν
1185 4348 1470 4419 ἀναφέρων
1513 4349 1607 4401 καὶ
1650 4347 1847 4417 λέγων·

260 4434 474 4486 Πάντα
509 4433 627 4486 ὅσα
655 4432 919 4499 δέδωκάς
943 4452 1062 4501 μοι,
1091 4434 1318 4490 δέδωκα
1352 4437 1575 4502 αὐτοῖς.

1955 3350 2060 3406 alia
2104 3350 2416 3419 huiusmodi
2460 3368 2473 3404 :
2515 3351 2717 3404 Idcirco
2764 3351 2947 3405 omnia
3010 3350 3360 3404 ascribuntur
3415 3347 3520 3418 ipsi

1963 3440 2153 3504 Verbo,
2199 3442 2286 3496 cui
2321 3449 2374 3495 et
2420 3443 2581 3495 veluti
2638 3441 2838 3495 dantur
2885 3455 3225 3512 quaecunque
3267 3456 3369 3495 nos
3429 3456 3522 3509 per

1955 3533 2132 3601 ipsum
2159 3532 2475 3601 accipimus.
2503 3530 2728 3588 Utenim
2763 3542 2983 3610 prepter
3017 3547 3115 3587 nos
3147 3533 3310 3586 homo
3344 3530 3521 3585 factus

1953 3633 2042 3678 est
2072 3641 2085 3678 :
2117 3625 2188 3677 ita
2226 3638 2327 3678 nos
2359 3635 2579 3693 propter
2629 3640 2753 3678 eum
2802 3625 3125 3678 exaltamur.
3167 3621 3310 3676 Nihil
3359 3622 3523 3691 igitur

1954 3714 2173 3768 absurdi
2200 3723 2284 3768 est
2309 3714 2376 3772 si.
2411 3714 2866 3784 quemadmodum
2908 3715 3145 3783 seipsum
3179 3721 3398 3782 propter
3422 3726 3522 3766 nos

1957 3806 2283 3870 humiliavit,
2320 3805 2393 3859 ita
2425 3817 2479 3860 et
2507 3815 2725 3875 preptor
2748 3822 2845 3861 nos
2876 3804 3103 3860 exaltari
3152 3805 3382 3858 dicatur.
3415 3801 3524 3855 Ita-

1956 3911 2062 3964 que
2093 3895 2308 3948 donavit
2363 3895 2465 3959 illi,
2501 3895 2552 3949 id
2603 3905 2705 3956 est,
2742 3895 2900 3949 nobis
2954 3901 3174 3963 propter
3218 3894 3395 3962 ipsum
3423 3931 3439 3956 ,
3468 3899 3524 3945 et

1955 3987 2228 4050 exultavit,
2265 3988 2316 4041 id
2341 3997 2442 4052 est,
2483 4002 2580 4040 nos
2632 3987 2683 4040 in
2725 3986 2862 4054 ipso.
2899 3985 2954 4038 Vt
2979 3986 3132 4039 rbum
3165 3998 3349 4054 porro,
3395 3998 3521 4037 cum

1954 4095 2054 4134 nos
2096 4079 2424 4142 exaltamur,
2479 4077 2800 4146 accipimus,
2843 4084 2897 4130 et
2939 4077 3262 4144 adjuvamur
3295 4116 3311 4142 ,
3361 4071 3519 4142 quasi

1952 4173 2129 4241 ipsum
2157 4173 2507 4236 exaltaretur,
2535 4169 2810 4238 acciperet
2839 4177 2888 4222 et
2915 4169 3283 4238 adjuvat-etur,
3318 4166 3520 4236 gratias

1951 4264 2062 4332 agit
2093 4261 2254 4327 Patri,
2295 4271 2588 4333 nostraque
2619 4264 2670 4317 in
2709 4262 2947 4332 seipsnm
2986 4260 3266 4323 transfert,
3300 4269 3352 4314 ct
3391 4259 3468 4313 ait
3503 4274 3519 4313 :

1957 4355 2148 4410 Ontuia
2173 4371 2492 4425 qua'cunque
2517 4355 2711 4409 dedisti
2743 4355 2892 4422 mihi,
2935 4354 3058 4408 dedi
3084 4369 3156 4406 eis
3208 4354 3252 4407 ³.

274 4536 373 4591 Ἐκ
403 4536 519 4592 τοῦ
535 4537 744 4590 αὐτοῦ.
773 4539 1051 4592 Δεικνυσι
1095 4537 1238 4603 τοὺς
1284 4537 1724 4606 Ἀρειομανίτας
1754 4535 1851 4588 καὶ

1958 4531 2038 4588 Ex
2094 4534 2466 4606 eodemrlibro.
2525 4534 2793 4599 Ostendit,
2858 4535 3094 4606 homines
3124 4534 3261 4606 Arii
3283 4533 3457 4586 morbo
3479 4541 3539 4606 et

333 4609 498 4674 πρὸς
531 4607 786 4672 ἐαυτινὺς
822 4608 1282 4676 διαφερομένους
1304 4625 1317 4638 ⁸
1347 4610 1410 4661 τὸ
1470 4605 1582 4676 γὰρ
1625 4605 1855 4676 ψεῦδος

335 4678 491 4732 οὐδὲ
518 4680 669 4746 πρὸς
705 4677 881 4731 ἑαυτὸ
915 4678 1287 4747 συμφωνοῦν
1317 4680 1464 4733 ἐστι.

333 4794 402 4848 σι
481 4793 623 4864 Περὶ
693 4794 961 4848 Εὔσέϐιον
1041 4796 1092 4849 οἱ
1195 4795 1651 4866 ’Λρειομανῖται,
1733 4795 1845 4862 ’ἀρ-

273 4887 375 4958 χὴν
412 4887 508 4938 τοῦ
548 4883 688 4938 εἶναι
729 4887 807 4956 τῷ
843 4886 957 4955 Υἰῷ
995 4887 1262 4949 διδόντες,
1309 4885 1734 4956 προσποιοῦνται
1782 4883 1857 4956 μὴ

271 4978 574 5048 βούλεσθαι
603 4977 776 5048 ἀρχὴν
801 4977 961 5030 αὐτὸν
994 4977 1135 5047 ἔχειν
1168 4976 1462 5046 βασιλείας.
1501 4977 1655 5029 Ἔστι
1682 4975 1738 5028 δὲ
1768 4993 1860 5044 γε-

276 5071 448 5125 λοῖον.
493 5071 547 5123 Ὀ
581 5070 692 5140 γάρ
736 5068 912 5140 ἀρχὴν
953 5067 1046 5120 τοῦ
1078 5065 1214 5121 εἶναι
1245 5067 1417 5130 διδοὺς
1446 5066 1524 5137 τῷ
1554 5067 1688 5138 Υἱῷ,
1723 5067 1858 5138 πρόο

269 5163 464 5234 δηλον,
504 5164 583 5216 ὅτι
626 5162 721 5216 καὶ
743 5160 838 5213 τοῦ
885 5159 1184 5229 βασιλεύειν
1217 5155 1390 5229 ἀρχὴν
1419 5159 1639 5212 ’δίδωσιν
1682 5157 1854 5228 αὐτῷ’

276 5253 427 5308 ὥστε
463 5252 850 5325 ὁμολογοῦντες
883 5252 922 5304 ὃ
961 5250 1275 5321 ἀρνοῦνται,
1312 5248 1703 5316 τυφλώττουσι.
1750 5251 1861 5302 Καὶ

278 5345 450 5398 πάλιν
475 5347 521 5398 οἱ
549 5346 801 5413 λέγοντες
841 5343 998 5412 μόνον
1044 5341 1213 5410 ὄνομα
1241 5337 1379 5394 εἷναι
1423 5339 1578 5403 Υἱοῦ,
1614 5340 1860 5394 ἀνούσιον

278 5437 335 5489 δὲ
357 5437 461 5490 καὶ
487 5438 854 5490 ἀνυπόστατον
883 5432 1019 5488 εἶναι
1042 5435 1132 5487 τὸν
1153 5433 1292 5486 -Υἱὸν
1313 5430 1406 5485 τοῦ
1424 5432 1589 5495 Θεοῦ,
1617 5431 1861 5485 τουτέστι

277 5525 378 5576 τὸν
427 5525 592 5592 Λόγον
633 5524 729 5576 τοῦ
783 5523 996 5594 Πατρὸς
1027 5564 1041 5586 ,
1073 5520 1496 5595 προσποιοῦνται
1688 5522 1861 5588 ἀγαν-

283 5617 481 5670 ακτεῖν
526 5617 662 5669 κατά
700 5615 808 5668 τῶν
855 5615 1140 5683 λεγόντων,
1173 5609 1282 5666 Ἦν
1316 5628 1466 5675 ποτε,
1511 5613 1600 5665 ὅτε
1638 5613 1739 5664 οὐκ
1770 5607 1858 5683 ἦν.

1325 5821 1344 5854 ³
1393 5824 1525 5880 ibid.
1570 5824 1620 5878 7.

357 5824 373 5854 ⁸
427 5823 573 5880 Joan.
615 5841 750 5886 xvn,
792 5826 839 5880 7.
937 5826 955 5856 ’
1000 5827 1132 5883 ibid.
1177 5826 1228 5881 9.

2022 4606 2234 4659 insania
2288 4605 2585 4660 laborantes
2625 4606 2762 4659 inter
2793 4622 2846 4658 se
2875 4605 3171 4657 dissentire.
3225 4602 3355 4667 Quae
3404 4603 3542 4656 enim

2024 4677 2161 4745 {tilia
2191 4686 2334 4742 sunt,
2369 4694 2428 4732 ne
2460 4677 2562 4730 sibi
2586 4677 2797 4746 quidem
2819 4676 2935 4744 ipsa
2966 4684 3270 4744 congruere:

2036 4788 2244 4849 Ariani.
2281 4788 2791 4858 Eusebii'gregales,
2822 4802 2949 4840 cum
3010 4784 3146 4841 Filio
3195 4781 3533 4852 principium

1960 4884 2258 4940 exsistendi
2285 4885 2554 4950 tribuunt,
2587 4883 2846 4939 simulant
2889 4897 2947 4937 se
3005 4879 3148 4934 nolle
3201 4895 3325 4932 eum
3377 4878 3528 4948 regni

1961 4976 2287 5044 principium
2315 4976 2535 5030 habere.
2560 4975 2722 5044 Atqui
2743 4973 2884 5029 istuzl
3102 4970 3390 5025 ridiculum
3415 4971 3532 5025 fue~

1960 5067 2048 5119 rit.
2079 5065 2353 5135 Siquidem
2399 5067 2490 5135 qui
2528 5065 2667 5119 Filio
2712 5064 2804 5118 dat
2833 5062 3127 5118 exsistendi
3161 5061 3486 5131 principium
3513 5099 3528 5126 ,

1961 5154 2248 5209 manifeste
2283 5155 2608 5223 principium
2643 5168 2861 5223 quoque
2891 5151 3153 5223 regnandi
3183 5150 3260 5206 illi
3301 5149 3394 5216 dat
3420 5165 3435 5216 ;
3463 5162 3531 5203 ac

1961 5247 2188 5316 proinde
2215 5243 2432 5300 fatendo
2459 5245 2602 5313 quod
2633 5253 2852 5314 negant,
2907 5260 2966 5298 se
3013 5258 3188 5299 caecos
3239 5242 3342 5311 ipsi
3406 5253 3530 5295 esse

1965 5339 2218 5408 produnt.
2252 5337 2353 5402 Qui
2393 5339 2517 5390 item
2545 5337 2699 5390 aiunt
2735 5351 2945 5392 nierum
2975 5348 3174 5389 nomen
3236 5331 3358 5385 Filii
3385 5343 3528 5395 esse,

1963 5431 2158 5484 Filium
2195 5439 2372 5482 autem
2402 5427 2518 5491 Dei,
2551 5428 2601 5481 id
2634 5435 2738 5491 est,
2786 5425 3025 5481 Verbum
3051 5422 3260 5488 'Patris,
3296 5418 3532 5476 essentia

1966 5533 2020 5576 ct
2054 5522 2357 5577 substantia
2393 5535 2622 5575 vacuum
2655 5534 2796 5582 esse,
2823 5521 3033 5584 tingunt
3074 5529 3132 5570 se
3158 5513 3421 5568 adversus
3470 5511 3532 5565 il-

1968 5614 2052 5670 los
2085 5611 2354 5683 indignari
2391 5613 2483 5682 qui
2530 5611 2748 5675 dicunt,
2779 5603 3221 5675 Fuitaliquando
3251 5617 3374 5660 cum
3423 5617 3532 5662 non
