4032 6288
554 368 658 431 347
1782 371 2146 431 EUTHYMU

2203 368 2571 432 ZIGABENI
3670 369 3760 431 348

556 498 723 544 esset.
756 469 919 559 Atqui
947 489 1003 544 id
1033 488 1196 545 etiam
1229 488 1516 544 ridiculum
1547 497 1648 542 est.
1679 485 1814 543 Nam
1847 489 1939 557 qui
1972 489 2122 543 illum

2172 489 2207 541 Α
2245 487 2401 539 Ἔστι
2429 482 2486 536 δὲ
2514 481 2607 534 καὶ
2651 477 2810 532 τοῦτο
2860 476 3085 545 γελοῖον.
3142 477 3204 528 Οἱ
3243 475 3350 547 γὰρ
3391 477 3518 540 ὅλως
3554 479 3608 532 τὸ
3647 479 3764 537 εἶναι

558 595 626 639 ne
648 596 770 636 esse
798 581 1017 651 quidem
1049 581 1262 642 volunt,
1314 580 1423 634 illis
1459 589 1808 645 succensent,
1860 580 1951 647 qui
1997 595 2121 633 eum

2240 575 2391 647 αὐτῷ
2426 573 2500 645 μὴ
2527 571 2778 634 διδόντες,
2805 566 3174 637 ἀγανακτοῦσι
3212 566 3352 621 κατά
3375 566 3479 620 τῶν
3504 569 3597 622 κάν
3617 573 3766 644 χρόνῳ

554 673 742 727 saltem
780 673 832 726 in
858 685 1096 743 tempore
1135 686 1256 727 esse
1299 674 1622 726 concedunt.
1650 673 1834 742 Itaque
1867 672 1918 724 hi
1961 672 2122 724 etiam

2240 669 2508 725 διδόντων.
2551 663 2660 719 Καὶ
2687 657 2831 717 οῦτοι
2853 656 2944 714 οῦν
2967 661 3104 732 ὅπερ
3125 659 3431 731 ἀρνοῦνται,
3460 660 3545 714 διὰ
3562 662 3644 715 τοῦ
3665 665 3767 717 ὲπι-

555 762 881 816 conﬁtentur
912 762 1054 831 quod
1085 771 1302 831 negant,
1343 778 1466 815 cum
1517 763 1651 817 alios
1706 762 2121 831 reprehendunt.

2244 761 2408 831 τιμᾷν
2435 761 2549 821 τοῖς
2577 755 2779 820 ἄλλοις,
2807 751 3147 824 ὁμολογοῦσι.
3188 750 3354 804 Πάλιν
3379 769 3439 805 τε
3468 754 3515 805 0i
3542 754 3656 825 περὶ
3684 756 3770 808 Εὑ-

557 848 843 915 Praalerea,
863 849 1153 904 Eusebiani
1188 850 1275 920 qui
1299 848 1497 905 Filium
1516 851 1862 912 conﬁtentur,
1881 866 2003 905 eum
2030 864 2124 903 na-

2248 850 2444 913 σέϐιον,
2493 847 2620 900 Υἱὸν
2663 842 3072 916 ὁμολογοῦντες,
3138 839 3424 910 ἀρνοῦνται
3471 842 3619 895 αὑτὸν
3656 839 3772 898 εἶναι

558 950 678 996 tura
700 941 937 995 Verbum
972 957 1094 996 «sse
1120 952 1336 1012 negant,
1364 943 1589 1012 solaque
1616 943 1943 1012 cogitatione
1962 938 2120 993 Verbi

2248 942 2404 1012 φύσει
2440 940 2631 1007 Λόγον,
2662 939 2756 991 καὶ
2792 933 2911 988 κατ’
2943 933 3187 988 ἐπίνοιαν
3216 932 3387 1001 Λόγον
3424 932 3661 1000 λέγεσθαι
3697 936 3775 988 τὸν

557 1049 755 1088 nomen
783 1033 924 1089 Filio
957 1034 1143 1087 volunt
1175 1037 1437 1090 concedi:
1472 1037 1564 1091 alii
1592 1054 1721 1091 vero
1773 1037 1864 1106 qui
1883 1033 2118 1089 Verbum

2247 1035 2375 1089 Υἱὺν
2415 1032 2724 1102 βούλονται·
2774 1030 2824 1082 οἱ
2863 1027 2920 1080 δὲ
2955 1027 3153 1097 ἓτεροι,
3191 1024 3362 1092 Λόγον
3408 1025 3774 1095 ὁμολογοῦντες,

557 1120 902 1185 conﬁtentur,
934 1131 1137 1193 negant
1166 1124 1343 1194 ipsum
1376 1141 1497 1181 esse
1527 1126 1748 1193 Filium,
1776 1129 2002 1197 solaque
2025 1143 2120 1183 co—

2225 1121 2514 1193 ἀρνοῦνται
2544 1120 2706 1173 αὐτὸν
2735 1115 2872 1173 εἶναι
2910 1117 3058 1183 Υἱὸν,
3107 1117 3203 1170 καὶ
3237 1117 3357 1170 κατ’
3392 1116 3623 1169 ἐπίνοιαν
3673 1119 3774 1170 Υἱδν

558 1212 820 1280 gitatione
850 1227 1048 1267 nomen
1084 1213 1206 1269 Filii
1245 1214 1424 1271 Verbo
1481 1220 1647 1272 tribui
1699 1220 1932 1276 volunt:
1990 1237 2132 1275 vano

2234 1215 2488 1282 λέγεσθαι
2542 1206 2639 1265 τὸν
2684 1212 2857 1279 Λόγον
2917 1209 3233 1281 βούλονται,
3294 1206 3353 1271 ἐξ
3410 1206 3520 1259 ἴσον
3584 1208 3775 1261 κενοεα-

561 1302 780 1371 utrique
812 1313 1035 1358 conatu.
1062 1330 1071 1347 κ

881 1313 1035 1358 natu.
1062 1330 1071 1347 κ
2232 1308 2470 1369 τοῦντες.

711 1392 822 1464 Ego
847 1407 894 1449 et
931 1394 1093 1451 Pater
1116 1414 1278 1452 unum
1308 1417 1488 1453 sumus
1537 1400 1677 1455 '.Vel
1706 1403 1814 1457 duo
1837 1420 1932 1459 vos
1965 1421 2132 1459 unum

2511 1395 2660 1464 Ἐγὼ
2689 1396 2787 1448 καὶ
2814 1396 2847 1448 ὁ
2869 1392 3071 1461 Πατὴρ
3091 1390 3159 1445 ἓν
3172 1391 3378 1459 ἐσμεν.
3395 1388 3475 1443 Τὰ
3491 1387 3579 1443 δύο
3592 1374 3645 1442 ἓν
3662 1385 3780 1445 εἶνιί

558 1501 680 1540 esse
701 1487 902 1551 dicitis,
927 1489 1010 1542 vel
1035 1506 1203 1545 unum
1245 1491 1446 1562 duplici
1475 1494 1696 1548 nomine
1713 1506 1966 1549 ornatum
1993 1511 2134 1562 esse,

2236 1507 2393 1561 φατε,
2430 1488 2462 1559 ἢ
2497 1488 2557 1540 τὸ
2587 1487 2643 1540 ἓν
2676 1486 2964 1555 διώνυμον,
3004 1484 3036 1555 ἢ
3078 1482 3241 1536 πάλιν
3277 1481 3338 1536 τὸ
3371 1480 3429 1533 ἓν
3471 1482 3547 1543 εἰς
3579 1481 3662 1534 δύο
3687 1481 3781 1554 διῃ-

561 1578 642 1630 vel
673 1594 840 1630 unum
883 1579 935 1633 in
965 1580 1073 1636 duo
1097 1597 1218 1637 esse
1245 1582 1503 1639 divisum.
1545 1583 1601 1638 Si
1640 1602 1807 1640 unttm
1840 1588 1892 1639 in
1918 1586 2027 1640 duo
2054 1588 2138 1640 di-

2240 1580 2459 1653 ρῆσοαι.
2507 1580 2571 1631 Εἰ
2610 1578 2706 1648 μὲν
2740 1573 2832 1630 οῦν
2872 1576 2932 1629 τὸ
2963 1575 3019 1628 ἓν
3050 1576 3131 1638 εἰς
3168 1574 3263 1627 δύο
3293 1572 3561 1644 διῄρηται,
3596 1572 3780 1643 ἀνάγκη

561 1667 733 1722 visum
762 1677 864 1731 est,
889 1685 1111 1725 necesse
1136 1681 1215 1726 est
1245 1688 1444 1742 corpus
1471 1689 1593 1729 esse
1636 1675 1687 1728 id
1727 1677 1871 1745 quod
1900 1676 2134 1729 divisum

2089 1693 2134 1729 ιη
2238 1671 2398 1741 σῶμα
2432 1666 2570 1722 εἶναι
2605 1667 2665 1720 τὸ
2697 1665 2986 1737 διαιρεθὲν,
3020 1664 3115 1717 καὶ
3141 1662 3435 1734 μηδέτερον
3459 1662 3681 1729 τέλειον,

560 1767 666 1825 est,
692 1768 1055 1830 neutrumque
1071 1778 1190 1817 esse
1209 1762 1529 1833 pet-fectum,
1553 1767 1751 1835 quippe
1774 1783 1896 1820 cum
1923 1775 2136 1820 utrum-

2190 1771 2216 1821 Β
2243 1764 2406 1835 μέρος
2440 1761 2550 1832 γὰρ
2578 1760 2840 1830 ἑκάτερον
2880 1757 2976 1810 καὶ
3007 1757 3107 1826 οὐχ
3142 1755 3291 1809 ὅλον
3336 1757 3384 1809 εἰ
3429 1754 3484 1807 δὲ
3519 1755 3657 1807 τὸὲν
3683 1753 3782 1806 διώ-

561 1862 667 1914 que
690 1864 816 1916 pars
841 1850 930 1916 sit,
962 1867 1066 1905 non
1093 1868 1220 1907 vero
1257 1863 1455 1908 totum.
1493 1855 1597 1909 Sed
1644 1858 1689 1911 si
1733 1874 1899 1911 unum
1925 1869 2009 1913 est
2038 1859 2138 1911 du-

2238 1875 2427 1926 νυμον,
2464 1853 2754 1907 Σαϐελλίου
2789 1852 2850 1904 τὸ
2875 1849 3231 1920 ἐπιτήδευμα,
3263 1846 3356 1900 τὸν
3383 1846 3540 1900 αὐτὸν
3564 1845 3681 1899 Υἰὸν
3707 1848 3784 1898 καὶ

562 1940 686 2008 plici
729 1952 983 1996 ornatum
1018 1946 1239 2000 nomine
1268 1966 1279 2001 :
1313 1947 1428 2002 bare
1461 1947 1684 2003 Sabellii
1716 1952 1984 2005 sententia
2032 1960 2136 2013 est,

2241 1948 2460 2018 Πατέρα
2479 1946 2751 2012 λέγοντος,
2788 1943 2881 1996 καὶ
2906 1942 3166 2014 ἑκάτερον
3195 1937 3566 2011 ἀναιροῦντος,
3599 1940 3679 1991 ὅτε
3704 1938 3784 2008 μὲν

564 2032 654 2100 qui
694 2032 906 2088 Patrem
940 2045 991 2090 et
1016 2036 1210 2091 Filium
1235 2040 1484 2095 eumdem
1512 2042 1904 2108 essodocctmt
1926 2054 2136 2096 utrum-

2240 2040 2389 2102 Υἱὸς,
2417 2039 2509 2090 τὸν
2537 2036 2778 2107 Πατέρα,
2812 2035 2899 2087 ὅτε
2922 2033 2977 2085 δὲ
3013 2031 3221 2104 Πατὴρ,
3249 2031 3343 2083 τὸν
3376 2030 3519 2083 Υἰόν.
3567 2030 3625 2081 ΕΞ
3658 2029 3707 2081 δὲ
3730 2027 3784 2080 τὰ

564 2139 669 2193 que
693 2124 849 2186 tollit,
874 2126 1089 2182 Patrem
1138 2129 1379 2197 quidem,
1432 2147 1554 2185 cum
1586 2132 1756 2187 Filius
1784 2142 1907 2199 est;
1944 2133 2136 2186 Filium

2239 2131 2331 2184 δύο
2365 2131 2445 2194 ἓν,
2487 2130 2698 2197 ἀνάγκη
2742 2126 2835 2179 δύο
2881 2126 2977 2194 μὲν
3011 2119 3172 2188 εἶναι,
3215 2122 3276 2176 ἓν
3308 2123 3365 2174 δὲ
3551 2120 3682 2175 κατὰ
3707 2119 3784 2190 τὴν

563 2229 715 2281 vero,
744 2232 866 2270 cum
909 2226 991 2272 est
1038 2217 1217 2273 Pater.
1250 2220 1403 2286 Quod
1436 2223 1483 2277 si
1536 2223 1646 2276 duo
1679 2240 1846 2277 unum
1880 2225 2009 2287 sint,
2049 2240 2143 2279 ne—

2243 2222 2490 2291 θεότητα,
2525 2219 2621 2272 καὶ
2654 2218 2798 2272 κατὰ
2843 2216 2904 2270 τὸ
2947 2213 3229 2286 ὁμοούσιον
3263 2211 3405 2267 εἶναι
3449 2210 3535 2265 τὸν
3573 2211 3689 2265 Υἱὸν
3722 2210 3787 2281 τῷ

563 2321 717 2361 cesso
744 2316 825 2361 est
858 2304 991 2363 illos
1010 2309 1149 2365 duos
1176 2312 1396 2379 quidem
1422 2328 1567 2378 esse,
1596 2330 1765 2369 unum
1791 2330 1922 2369 vero
1945 2332 2142 2369 secun-

2242 2313 2439 2384 Πατρὶ,
2472 2312 2565 2366 καὶ
2600 2309 2660 2375 ἐξ
2691 2309 2857 2363 αὑτοῦ
2901 2307 2993 2361 τοῦ
3042 2306 3257 2379 Πατρὸς
3293 2301 3434 2360 εἶναι
3475 2305 3564 2357 τὸν
3603 2304 3784 2372 Λόγον·

483 2396 501 2418 ¹
562 2395 692 2449 dum
720 2396 1080 2461 divinitatem,
1133 2409 1186 2455 et
1211 2411 1481 2471 quatenus
1515 2404 1684 2460 Filius
1719 2404 1865 2460 Patri
1890 2415 1975 2460 est
2006 2421 2070 2459 co

2243 2403 2383 2456 ὥστε
2419 2402 2511 2455 δύο
2549 2402 2646 2472 μὲν
2687 2396 2843 2463 εἶναι,
2875 2401 2956 2453 ὅτι
2995 2398 3185 2468 Πατήρ
3380 2397 3495 2448 ἐστι
3532 2393 3621 2447 καὶ
3659 2391 3786 2456 Υἰὲς,

565 2485 964 2554 substantialis,
987 2499 1039 2544 et
1073 2506 1136 2545 ex
1181 2492 1297 2561 ipso
1332 2492 1489 2549 Patre
1523 2493 1760 2550 Verbum
1792 2506 1876 2550 est
1907 2516 1919 2551 :
1966 2498 2038 2551 ita
2076 2504 2134 2550 ut

2240 2497 2268 2549 ὅ
2298 2498 2419 2548 ἐστι
2456 2495 2646 2562 Λόγος,
2677 2492 2733 2545 ἓν
2762 2491 2839 2555 δὲ,
2873 2491 2956 2544 ὅτι
2991 2484 3070 2552 εἷς
3108 2489 3260 2552 Θεός.
3298 2490 3361 2542 Ei
3389 2487 3494 2558 γὰρ
3527 2486 3597 2558 μὴ
3643 2484 3788 2547 οὕτως

564 2577 674 2629 duo
706 2577 923 2644 quidem
949 2580 1078 2645 sint,
1108 2583 1236 2649 quia
1268 2583 1424 2637 Pater
1458 2593 1543 2638 est
1564 2595 1619 2639 et
1650 2586 1842 2650 Filius,
1873 2588 2014 2655 quod
2050 2595 2135 2642 est

2240 2588 2409 2650 ἐστὶν,
2442 2586 2547 2640 ἔδει
2577 2587 2773 2646 εἰπεῖν,
2817 2583 2956 2652 Ἐγὼ
2996 2584 3111 2653 εἰμι
3155 2584 3182 2635 ὁ
3213 2581 3426 2652 Πατὴρ,
3454 2579 3510 2651 ἧ,
3554 2577 3684 2647 Ἐγὼ
3710 2576 3788 2631 καὶ

568 2666 841 2734 Verbum;
871 2685 1038 2726 unum
1063 2683 1265 2739 autem,
1295 2675 1422 2743 quia
1463 2675 1607 2730 Deus
1662 2693 1806 2732 unus
1843 2687 1952 2732 est.
1998 2676 2132 2730 Nam

2240 2682 2268 2732 ὁ
2297 2680 2485 2749 Πατήρ
2526 2679 2664 2746 εἰμι.
2718 2676 2831 2728 Νῦν
2880 2676 2936 2728 δὲ
2988 2677 3044 2728 ὲν
3076 2673 3175 2743 τῷ,
3219 2673 3364 2744 Ἐγὼ
3394 2716 3411 2741 ,
3569 2671 3654 2723 τὸν
3680 2669 3787 2721 re»

566 2760 670 2814 nisi
704 2760 778 2815 ita
808 2761 899 2826 sit,
929 2763 1219 2818 dicendum
1269 2775 1415 2820 certe
1440 2768 1517 2821 illi
1545 2778 1662 2822 erat
1688 2788 1700 2823 :
1740 2767 1851 2839 Ego
1874 2785 1994 2823 sum
2031 2768 2133 2822 Pa-

2242 2771 2534 2843 σημαίνει·
2575 2771 2632 2822 ὲν
2668 2769 2725 2821 δὲ
2753 2767 2849 2839 τῷ,
2884 2768 2979 2822 καὶ
3018 2771 3051 2822 ό
3073 2766 3303 2834 Πατὴρ,
3339 2766 3429 2819 τὸν
3457 2765 3783 2833 γεννήσαντα·

567 2860 668 2916 ter,
700 2852 783 2906 vel
812 2850 927 2922 Ego
957 2863 1007 2909 et
1028 2854 1184 2908 Pater
1207 2872 1348 2911 sum.
1376 2857 1529 2914 Nunc
1546 2876 1671 2914 vero
1696 2861 1797 2915 ista
1825 2877 1978 2923 voce,
2004 2859 2134 2930 Ego,

2244 2860 2303 2912 ὲν
2333 2859 2389 2912 δὲ
2410 2856 2509 2928 τῷ,
2539 2857 2629 2924 ἓν,
2655 2856 2751 2927 τὴν
2781 2856 2909 2927 μίαν
2936 2854 3164 2926 Θεότητα
3189 2854 3288 2907 καὶ
3317 2853 3379 2907 τὸ
3419 2851 3683 2925 ὁμοούσιον
3704 2850 3781 2904 αὐ·

567 2940 762 2997 Filiutn
796 2944 1109 3014 signiﬁcat;
1140 2948 1440 3016 genitorem
1464 2959 1670 3015 autem,
1704 2968 1827 3007 cum
1858 2952 2061 3016 subdit,
2086 2962 2134 3007 et
2171 2951 2214 3008 G
2244 2951 2357 3027 τοῦ.

569 3034 730 3086 Pater
752 3050 771 3088 :
802 3035 1037 3104 denique
1075 3035 1333 3104 dictione,
1378 3058 1564 3108 unum,
1598 3059 1762 3097 unam
1795 3044 2136 3099 divinitatem

563 3139 830 3195 suamque
864 3129 1111 3196 designat
1145 3133 1790 3189 consttEsstantialitatem.

563 3222 646 3277 Ea:
695 3223 1331 3300 eodeleibroaPutrem
1359 3238 1407 3281 et
1442 3226 1647 3282 Filium
1704 3245 1808 3282 non
1859 3247 1968 3284 esse
1999 3232 2129 3287 duos

2252 3236 2351 3286 Ἐκ
2384 3233 2489 3286 τοῦ
2535 3232 2722 3287 αὐτοῦ
2751 3232 2961 3300 λόγου.
2997 3230 3127 3284 Ὅτι
3151 3230 3222 3283 οὐ
3251 3228 3366 3300 δύο
3395 3228 3520 3282 Θεοὶ
3557 3229 3586 3300 ό
3613 3224 3786 3292 Πατὴρ

875 3293 1029 3358 Deos,
1084 3296 1204 3350 licet
1252 3301 1356 3349 sint
1384 3302 1502 3351 (tua:
1535 3315 1794 3367 personae.
2311 3303 2465 3357 καὶὸ

2311 3303 2410 3357 καὶ
2433 3306 2465 3357 ό
2505 3305 2659 3369 Υἱὸς,
2683 3305 2734 3356 εὶ
2766 3293 2860 3357 καὶ
2892 3303 3002 3358 δύο
3030 3300 3181 3355 κατὰ
3211 3297 3321 3364 τὰς
3351 3296 3730 3360 ὑποστάσεις.

624 3381 892 3437 Cancrum
951 3385 997 3439 si
1057 3387 1179 3455 quis
1229 3389 1367 3443 duos
1411 3406 1535 3445 esse
1584 3389 1799 3446 Patrem
1831 3402 1883 3447 et
1930 3391 2128 3446 Filium

2321 3393 2447 3444 Ἐὰν
2505 3392 2603 3456 δὲ,
2632 3393 2716 3445 ὅτι
2778 3391 2871 3446 δύο
2921 3392 3070 3445 ἐστὶν
3135 3393 3164 3444 ὁ
3223 3389 3419 3459 Πατὴρ
3464 3386 3557 3441 καὶ
3597 3387 3623 3438 ό
3661 3383 3786 3448 Υἱός.

558 3471 804 3533 audiens,
842 3488 941 3527 nos
988 3476 1356 3532 calumnietur
1383 3483 1540 3547 quasi
1573 3484 1667 3551 qui
1713 3484 1852 3540 duos
1883 3485 2016 3540 deos
2048 3485 2133 3539 in-

2238 3479 2450 3534 ἀκούων
2472 3497 2555 3544 τις
2580 3477 2874 3543 διαϐάλλοι,
2900 3478 2975 3541 ὡς
2998 3477 3089 3529 δύο
3134 3475 3274 3528 Θεῶν
3300 3470 3786 3543 καταγγελλομένων

559 3561 825 3616 ducamus
864 3562 1130 3633 (nonnulli
1160 3569 1305 3623 enim
1343 3570 1393 3625 id
1427 3570 1531 3626 sibi
1578 3572 1809 3644 lingunt,
1842 3574 2135 3645 statimque

2237 3572 2500 3643 (τοιαῦτα
2534 3573 2640 3640 γάρ
2671 3587 2811 3634 τινες
2841 3571 3054 3632 ἑαυτοῖς
3094 3567 3546 3630 ἁναπλάττονται,
3584 3563 3672 3618 ml.
3699 3560 3787 3613 εύ-

559 3665 659 3706 nos
682 3652 765 3707 bis
791 3655 967 3711 verbis
990 3658 1236 3724 irrident,
1258 3658 1366 3716 Vos
1394 3663 1530 3719 duos
1558 3665 1688 3720 deos
1721 3666 2010 3735 asseritis),
2035 3668 2135 3721 bu—

2237 3662 2374 3726 Oéw;
2405 3663 2653 3732 γελῶσιν,
2687 3663 2767 3716 ὅτι
2802 3660 2906 3714 Δύο
2932 3660 3087 3723 θεοὺς
3122 3659 3313 3728 λέγετε
3334 3660 3375 3729 )·
3429 3659 3639 3711 λεκτέον
3667 3651 3784 3723 πρὸε

557 3742 794 3813 iusmodi
831 3748 1141 3806 hominibus
1187 3752 1267 3809 sic
1317 3756 1757 3825 respondendum
1800 3768 1924 3813 est:
1962 3758 2016 3812 Si
2047 3761 2092 3813 is
2117 3800 2131 3823 ,

2235 3755 2362 3819 τοὺς
2390 3756 2663 3819 τοιούτους
2683 3774 2694 3784 ·
2727 3755 2790 3807 Εἰ
2818 3757 2846 3808 ὁ
2879 3753 3098 3823 Πατέρα
3127 3754 3220 3806 καὶ
3246 3752 3377 3807 Υἱδν
3404 3749 3676 3820 γινώσκων
3705 3745 3787 3797 δύο

559 3835 649 3904 qui
688 3836 897 3892 Patrem
926 3851 982 3894 et
1025 3841 1217 3897 Filium
1255 3847 1544 3915 agnoscit,
1592 3847 1731 3903 duos
1773 3849 1904 3903 deos
1957 3849 2128 3903 dicit:

2236 3846 2391 3910 θεοὺς
2416 3847 2562 3915 λέγει
2591 3880 2608 3905 ,
2755 3845 2873 3917 ὥρα
2897 3846 2991 3899 καὶ
3033 3843 3125 3897 τὸν
3154 3843 3387 3913 λέγοντα
3417 3844 3533 3905 ἕνα,
3569 3838 3786 3906 ἀναιρεῖν

559 3944 781 3983 necesse
813 3941 898 3986 est
945 3932 1112 4003 igitur
1148 3942 1206 3989 ut
1256 3935 1394 3990 Filio
1434 3939 1742 4008 repudiato,
1809 3955 1838 3994 a
1894 3939 2133 3994 Sabellio

2233 3940 2322 3993 τὸν
2349 3938 2496 4003 Υἱὸν,
2523 3938 2617 3991 καὶ
2647 3936 3003 4001 Σαϐελλξζειν.
3034 3937 3096 3989 Εἰ
3130 3935 3238 4006 γὰρ
3270 3936 3298 3987 ὁ
3326 3935 3499 4002 λέγων
3537 3930 3644 3994 δύο,
3683 3927 3784 3981 Ἐλ-

559 4027 661 4072 stet
687 4021 776 4088 qui
813 4037 978 4076 unum
1004 4040 1126 4080 esse
1156 4027 1349 4083 credit.
1378 4027 1627 4099 Namque
1657 4031 1701 4083 si
1741 4031 1805 4095 is,
1839 4032 1934 4100 qui
1993 4032 2133 4086 duos

2233 4030 2460 4100 ληνίζει,
2495 4027 2689 4083 οὐκοῦν
2732 4030 2760 4081 ὁ
2799 4028 2971 4095 λέγων
3018 4027 3075 4081 ἓν
3270 4023 3599 4086 Σαδελλίζει.
3638 4017 3785 4071 Τοῦτο

558 4109 705 4168 dicit,
752 4112 969 4179 gentilis
991 4123 1111 4169 est:
1142 4115 1308 4185 igitur
1353 4119 1463 4184 ille,
1509 4124 1603 4189 qui
1633 4137 1803 4174 unum
1835 4122 1989 4184 dicit,
2031 4121 2131 4176 Sa-

2230 4123 2285 4177 δὲ
2308 4125 2406 4176 οὐκ
2437 4123 2550 4177 ἔστι
2570 4140 2582 4154 ’
2618 4123 2692 4193 μὴ
2716 4123 2924 4192 γένοιτο
2949 4122 2961 4174 l
2991 4121 3102 4174 ἀλλ’
3129 4120 3322 4189 ὥσπερ
3348 4122 3374 4172 ό
3398 4118 3567 4186 λέγων
3594 4115 3786 4181 Πατέρα⁵

556 4201 824 4256 belliauus
853 4213 955 4258 est.
985 4203 1182 4258 Verum
1216 4222 1323 4260 non
1351 4209 1426 4263 ita
1467 4225 1525 4263 se
1573 4226 1660 4265 res
1712 4211 1908 4276 habet;
1935 4212 2080 4267 absit
2112 4215 2124 4267 l

2194 4216 2323 4268 imi.
2362 4215 2490 4268 Υἱὸν
2530 4214 2624 4267 δύο
2657 4214 2753 4267 ἕνα
2804 4212 2937 4265 Θεὸν
2987 4212 3158 4280 λέγει,
3203 4210 3378 4274 οὕτως
3423 4212 3451 4264 ὁ
3504 4208 3665 4274 λέγων
3704 4204 3786 4255 ἕνα

556 4290 651 4344 sed
682 4293 1140 4361 quemadmodum
1176 4295 1243 4359 is,
1273 4298 1365 4367 qui
1397 4297 1609 4354 Patrem
1655 4310 1703 4355 et
1739 4301 1938 4355 Filium
1991 4304 2129 4360 duos

2230 4306 2361 4360 Θεὸν
2405 4306 2498 4359 δύο
2531 4305 2792 4376 φρονείτω
2973 4302 3196 4374 Πατέρα
3242 4303 3339 4355 καὶ
3385 4301 3532 4365 Υἱὸν,
3574 4297 3627 4351 ἓν
3650 4295 3785 4355 ὄντας

555 4396 677 4436 esse
698 4371 1157 4453 agnoscitfunum
1194 4388 1359 4444 Deum
1396 4407 1521 4446 esse
1554 4396 1886 4450 confitetur:
1929 4398 2001 4452 ita
2039 4397 2130 4453 ille

2228 4403 2293 4471 τῇ
2318 4399 2550 4469 θεότητι,
2591 4399 2685 4452 καὶ
2710 4396 2788 4468 τῷ
2816 4395 2876 4460 ἐξ
2901 4396 3065 4451 αὐτοῦ
3107 4394 3411 4466 ἀμέριστον
3454 4392 3545 4447 καὶ
3572 4387 3782 4457 ἀδιαίρεη

557 4474 650 4542 qui
680 4472 850 4529 Deum
876 4492 1043 4531 unum
1074 4480 1265 4544 credit,
1302 4480 1516 4538 Patrem
1535 4493 1588 4539 et
1623 4486 1816 4541 Filium
1849 4489 1988 4542 duos
2018 4505 2132 4545 creo

2227 4506 2320 4541 τον
2347 4487 2442 4542 καὶ
2476 4487 2777 4559 ἀχώριστον
2809 4482 2945 4539 εἶναι
2975 4480 3066 4539 ⁴ἐὸν
3096 4487 3269 4553 Λόγον
3302 4483 3412 4537 ἀπὸ
3454 4481 3543 4536 τοῦ
3573 4476 3780 4548 Πατρός-

556 4564 648 4619 dat
679 4581 817 4631 csse,
855 4569 947 4623 sed
978 4585 1145 4625 unttm
1174 4572 1475 4641 divinitate,
1511 4587 1565 4632 et
1589 4589 1858 4647 quatenus
1882 4597 1947 4634 ex
1970 4580 2128 4637 Patre

2232 4581 2414 4632 Ἔστω
2435 4579 2491 4631 δὲ
2526 4577 2873 4650 παράδειγμα
2910 4575 3269 4649 ἀνθρώπινον,
3298 4575 3359 4628 τὸ
3392 4574 3503 4645 πῦρ
3531 4571 3621 4624 καὶ
3647 4568 3700 4621 τὸ
3734 4565 3783 4630 ἐξ

557 4664 742 4711 natum
778 4656 1034 4721 Verbum.
1069 4664 1138 4715 ab
1170 4664 1286 4732 ipso
1318 4664 1477 4721 Patre
1515 4683 1615 4723 nec
1649 4672 1892 4738 separari
1916 4689 2014 4727 nec
2043 4674 2126 4725 di-

2227 4669 2391 4724 αύτοῦ
2422 4669 2786 4738 ἀπαύγασμα,
2814 4668 2906 4721 δύο
2934 4668 3033 4738 μὲν
3055 4666 3133 4737 τῷ
3161 4663 3301 4719 εἶναι
3331 4666 3427 4718 καὶ
3467 4661 3704 4734 ὁρᾶσθαι,
3734 4656 3782 4707 ἓν

556 4746 662 4801 vidi
704 4763 803 4802 nec
832 4748 1041 4819 sejungi
1073 4760 1269 4819 potest.
1298 4751 1568 4821 Humano,
1602 4757 1647 4810 si
1681 4760 1874 4825 placet,
1908 4770 2128 4814 utantur

2230 4763 2288 4816 δὲ
2318 4761 2395 4832 τῷ
2434 4762 2494 4826 ἐξ
2522 4760 2687 4815 αὐτοῦ
2826 4764 2841 4778 ⁸
2881 4761 2976 4814 καὶ
3011 4759 3314 4830 ἀδιαίρετον
3364 4752 3505 4812 εἶναι
3543 4753 3600 4808 τὸ
3629 4748 3784 4806 ἀπαύ-

555 4837 822 4904 exemplo.
853 4839 994 4907 Ignis
1025 4848 1079 4895 et
1111 4841 1369 4910 splendor
1394 4859 1461 4898 es
1485 4860 1549 4898 eo
1573 4858 1744 4912 ortus,
1766 4847 1874 4902 duo
1904 4851 2121 4919 quidem

1044 4848 1079 4895 ιι
1111 4841 1369 4910 splendor
1394 4859 1461 4898 es
1485 4860 1549 4898 eo
1573 4858 1744 4912 ortus,
1766 4847 1874 4902 duo
1904 4851 2121 4919 quidem
2232 4867 2424 4921 γασμα
2451 4849 2636 4903 αὐτοῦ.

556 4936 683 4981 sunt
713 4937 980 4996 quatenus
1007 4933 1274 4988 exsistunt
1306 4942 1362 4988 et
1402 4946 1701 4992 cernuntur
1733 4958 1745 4993 :
1782 4957 1950 4998 unum
1987 4958 2116 4997 vero
2154 4955 2302 5009 sunt,
2333 4952 2603 5013 quatenus
2631 4942 2889 5012 splendor
2919 4943 2987 4997 ab
3014 4942 3139 5012 igne
3192 4951 3301 5006 est,
3356 4958 3458 4998 nec
3487 4941 3555 4997 ab
3604 4952 3664 4991 eo
3713 4931 3782 4988 di-

556 5019 662 5074 vidi
691 5030 885 5089 potest.

675 5122 802 5185 Qtta:
823 5126 1073 5195 objiciunt
1101 5130 1306 5214 Ariani.
1356 5132 1636 5217 primo
1669 5137 1904 5202 ejusdem
2243 5145 2267 5198 ἐ

2243 5145 2572 5213 Ἀντίθεσις
2628 5146 2937 5215 Ἆρειανῶν
2977 5149 3047 5201 ἐκ
3086 5147 3194 5201 τοῦ
3240 5149 3480 5217 πρώτου
3529 5144 3651 5201 κατ’
3691 5142 3780 5197 αὑ-

1220 5204 1271 5253 iu
1293 5218 1377 5256 eos
1398 5204 1548 5258 libro.
2549 5204 2565 5213 ’
2675 5204 2694 5215 ’

2549 5204 2565 5213 ’
2675 5204 2694 5215 ’
2829 5217 2949 5270 τῶν
2996 5221 3199 5286 λόγου.

616 5278 669 5334 Si
690 5297 990 5353 nunquam,
1023 5285 1298 5356 inquiunt,
1324 5291 1445 5358 fuit,
1476 5311 1597 5350 cum
1620 5313 1727 5349 nun
1757 5312 1901 5355 esset
1929 5301 2119 5369 Pilius,

2300 5306 2361 5359 Εἰ
2387 5306 2460 5376 μὴ
2479 5300 2544 5378 ἢν
2570 5324 2720 5374 ποτε,
2745 5308 2835 5361 ὅτε
2866 5310 2964 5362 οὐκ
2980 5278 3206 5379 ﬁxa-6:1)?
3233 5310 3407 5374 ἀῒδιός
3432 5312 3576 5362 ἐστιν
3594 5309 3620 5360 ό
3649 5300 3778 5362 Υἱὸς,

543 5371 638 5426 sed
665 5384 901 5429 aeternus
930 5387 1106 5444 est,et
1135 5381 1294 5436 simul
1318 5399 1441 5437 cum
1469 5387 1631 5440 Patre
1660 5397 1762 5455 est,
1790 5407 1897 5446 non
1926 5392 2119 5448 tilium

2229 5397 2325 5449 καὶ
2356 5401 2683 5470 ουνυπάρχετ
2729 5401 2802 5470 τῷ
2837 5404 3038 5473 Πατρὶ,
3077 5404 3178 5457 οὐκ
3211 5403 3288 5456 ἔτι
3324 5405 3474 5467 re»,
3503 5400 3613 5455 ἀλλ’
3642 5393 3780 5451 ἁδελ-

543 5467 637 5519 sed
679 5466 899 5525 fratrem
932 5474 1111 5529 Patris
1148 5478 1503 5533 constituitis.
1550 5479 1711 5535 Stultt
1752 5483 2007 5540 homines
2063 5495 2119 5542 et

2229 5494 2326 5558 φὺν
2365 5489 2508 5545 εἶναι
2710 5466 2922 5568 Πατρός
2958 5466 3147 5567 λέγετε
3193 5497 3378 5552 αὐτόν.
3428 5495 3660 5562 ’Ᾱνόητοι
3699 5485 3780 5541 καὶ

543 5554 786 5628 litigiosi,
825 5562 869 5616 si
897 5573 1159 5623 teternum
1201 5571 1499 5637 duntaxat,
1537 5588 1646 5628 nun
1686 5590 1865 5631 autent
1919 5577 2114 5635 Filium

2226 5586 2541 5654 φιλόνεικοι,
2573 5589 2619 5639 εὶ
2664 5589 2765 5660 μὲν
2798 5590 2985 5655 ἀϊὸἰως
3027 5594 3267 5670 συνεῖναι
3311 5590 3475 5659 μόνον
3499 5584 3653 5640 αὐτὸν
3677 5577 3778 5632 sitan

616 5736 633 5767 ¹
660 5736 818 5795 Joan.
871 5759 923 5811 ι,
952 5745 1039 5800 50.
