4120 6292
305 385 418 450 349

1274 412 1650 476 PANOPLIA
1694 420 2162 488 DOGMATICA.
2206 452 2272 461 —
2309 427 2459 488 TIT.
2508 429 2617 487 XI.

3473 424 3590 490 350,.

306 523 506 608 yopav,
559 512 651 564 καὶ
693 512 782 612 μὴ-
819 515 1208 591 Υίὸν,πιθανή
1241 541 1324 587 τις
1367 523 1436 597 ἦν
1467 531 1646 583 αὐτῶν
1684 535 1715 604 ἡ
1755 536 1888 605 πρξς

2017 555 2110 593 isse
2140 539 2468 605 diceremus,
2503 542 2706 612 aliquid
2760 541 2992 596 fortasse
3014 557 3120 595 non
3175 539 3576 595 inconsiderate

307 599 505 653 τοῦτον
542 607 912 676 προσποίητος
945 611 1203 668 εὐλάϐεια
1226 630 1240 646 ⁸
1272 621 1320 670 εί
1355 620 1411 672 δὲ
1440 623 1610 677 ἀΐδιον
1641 599 1891 691 λέγοντες

305 691 687 786 cingo—766518»;
716 697 879 752 αὐτὸν
907 701 1033 756 Υίὺν
1059 707 1125 757 ἐκ
1149 707 1381 779 Πατρὸς,
1410 713 1526 777 πῶς
1558 717 1585 768 6
1612 719 1893 786 γεννηθεὶς

309 782 544 849 ἀδελφὸς
572 786 666 840 τοῦ
691 792 1050 860 γεννήσαντος
1069 797 1296 853 δύναται
1331 803 1648 871 νομίζεσθαι
1670 824 1686 872 ;
1715 782 1824 862 Kal.
1845 812 1894 863 εί

255 951 258 954 γ
315 875 400 964 είς
434 875 672 946 Πατέρα,
725 881 820 933 καὶ
861 883 984 936 Υίόν
1030 887 1177 942 ἐστιν
1227 891 1384 959 ἡμῶν
1437 896 1470 964 ἡ
1517 896 1718 960 πίστις,
1767 901 1896 954 ποία

313 962 621 1036 ἀδελφότης
647 970 704 1020 ἐν
727 970 938 1036 τούτοις
965 976 1143 1038 ὲστίν;
1183 978 1253 1031 Ἦ
1284 981 1402 1042 πῶς
1423 962 1643 1037 δῦναται
1669 989 1694 1038 6
1724 988 1894 1056 Λόγος

314 1055 549 1125 ἁδελφὸς
575 1059 827 1128 λέγεσθαι
857 1065 1070 1130 τούτου,
1098 1061 1160 1123 οὗ
1186 1073 1278 1123 καὶ
1307 1072 1422 1126 ἔστι
1450 1075 1655 1144 Λόγος;
1685 1076 1762 1132 Οὐ
1787 1055 1895 1149 γὰρ

318 1149 384 1200 ἔκ
417 1167 566 1214 τινος
600 1155 772 1224 ἀρχῆς
805 1162 1270 1234 προϋπαρχούσης
1301 1167 1328 1218 6
1361 1169 1549 1236 Πατὴρ
1582 1172 1674 1223 καὶ
1707 1172 1734 1221 6
1771 1172 1898 1233 Υἱὸς

317 1244 715 1313 ἐγεννήθησαν,
757 1248 840 1301 ἵνα
863 1251 1082 1319 ἀδελφοὶ
1112 1256 1462 1324 νομισθῶσιν,
1494 1261 1609 1313 ἀλλ’
1647 1263 1675 1314 6
1710 1265 1898 1335 Πατὴρ

317 1335 465 1405 ἁρχὴ
497 1337 592 1389 τοῦ
619 1339 748 1392 Υἰοῦ
781 1343 872 1394 καὶ
891 1349 1156 1418 γεννητής
1189 1351 1329 1404 ἐστι.
1372 1353 1418 1404 Κ
1441 1354 1481 1406 .l.
1511 1356 1538 1406 6
1570 1355 1759 1424 Πατὴρ
1792 1359 1900 1408 Πα-

323 1430 430 1497 τήρ
466 1431 602 1496 ἐστι,
645 1435 736 1484 καὶ
779 1435 876 1505 οὐχ
911 1437 1038 1500 Υἱὸς
1065 1441 1282 1509 γέγονε.
1321 1446 1427 1496 Καὶ
1458 1446 1484 1495 6
1515 1445 1638 1509 Υίδς
1668 1447 1723 1498 δὲ
1775 1448 1900 1511 Υἱός

322 1524 470 1588 ἐστι,
511 1524 607 1576 καὶ
638 1525 737 1577 οὐκ
775 1527 1024 1596 ἀδελφός.
1571 1517 1600 1532 Ἰ

448 1636 544 1690 Ἐκ
572 1639 680 1692 τοῦ
701 1641 889 1695 αὐτοῦ
916 1645 1103 1712 λόγου
1125 1647 1428 1715 ἀντίθεσις
1467 1651 1793 1718 Ἀρειανῶν.

396 1729 460 1780 Εἰ
503 1730 749 1798 γέννημα
782 1736 926 1786 ἐστιν
965 1739 991 1788 ὁ
1031 1735 1157 1798 Υἱὸς
1194 1739 1284 1791 τοῦ
1328 1742 1557 1811 [ἰατρὸς.
1591 1747 1683 1794 καὶ
1717 1743 1900 1809 εἰκὼν,

324 1823 636 1889 καὶόμοιός
684 1826 800 1877 ἐστι
853 1829 998 1879 κατὰ
1046 1831 1221 1882 πάντα
1267 1831 1360 1884 τοῦ
1421 1834 1649 1902 Πατρδς,
1701 1835 1902 1902 ὀφείλει

326 1915 574 1976 πάντως,
609 1915 798 1986 ὥσπερ
834 1919 1176 1988 γεγέννηται,
1218 1924 1414 1992 γεννᾷν
1449 1927 1540 1976 καὶ
1573 1927 1600 1976 6
1635 1925 1780 1989 Υἱὸς,
1818 1927 1908 1978 καὶ

323 2007 577 2070 γίνεσθαι
614 2010 708 2062 καὶ
742 2010 901 2075 αὐτὸς
942 2014 1129 2084 Πατὴρ
1167 2014 1296 2066 Υἱοῦ
1321 2057 1335 2078 ,
1376 2017 1536 2070 πάλιν
1569 2036 1625 2069 τε
1657 2021 1684 2070 6
1713 2019 1771 2083 ἐξ
1811 2021 1908 2072 αὐτ

319 2097 422 2149 τοῦ
461 2099 802 2170 γεννώμενος
841 2106 1034 2173 γεννᾷν
1069 2108 1163 2157 καὶ
1203 2107 1382 2170 αὐτὸς,
1423 2110 1515 2161 καὶ
1559 2110 1796 2177 καθεξῆς
1833 2113 1912 2173 είς

323 2192 581 2260 ἄπειρον.
625 2194 794 2246 Τοῦτο
827 2198 932 2264 γὰρ
965 2198 1148 2263 ὅμοιον
1193 2199 1431 2251 δείκνυσι
1468 2202 1558 2251 τδν
1587 2203 1913 2272 γεννηθέντα

326 2283 428 2335 τοῦ
461 2286 838 2352 γεννήσαντος.
873 2288 936 2340 El.
968 2290 1065 2356 μὲν
1094 2289 1168 2350 ὡς
1196 2289 1483 2359 ἄνθρωπός
1524 2295 1676 2344 ἐστιν
1706 2295 1733 2346 6
1763 2295 1912 2359 Υἱὸς,

334 2377 575 2440 γινέσθω
628 2379 717 2431 καὶ
759 2380 1009 2447 γενὲτης,
1044 2381 1128 2433 ἵνα
1169 2383 1259 2434 καὶ
1307 2385 1334 2435 6
1374 2384 1499 2446 Υίὸς
1537 2384 1720 2453 ἕτερος
1753 2387 1914 2456 γένη.

334 2486 430 2522 ται
463 2470 672 2540 Πατὴρ,
695 2472 788 2522 καὶ
813 2470 952 2524 οὕτω
981 2473 1036 2524 δὲ
1057 2474 1290 2543 καθεξῆς
1309 2475 1366 2539 ἐξ
1394 2477 1639 2546 ἀλλήλων
1661 2479 1919 2544 γινέσθω-

335 2576 463 2622 σαν,
498 2559 580 2611 ἵνα
613 2563 703 2614 καὶ
739 2563 818 2624 είς
850 2561 1052 2629 πλῆθος
1085 2562 1221 2616 θεῶν
1251 2566 1282 2633 ἡ
1315 2565 1535 2635 διαδοχὴ
1567 2567 1686 2618 κατ’
1718 2569 1915 2630 αὐτοὺς

327 2652 564 2721 αὖξάνῃ.
606 2653 663 2704 Ei
703 2654 758 2705 δὲ
794 2654 892 2706 οὐκ
933 2654 1080 2707 ἔστιν
1119 2656 1192 2717 ὡς
1232 2656 1518 2726 ἄνθρωπος
1551 2660 1577 2710 6
1616 2659 1782 2721 Θεὸς,
1817 2661 1916 2712 οὒκ

324 2744 450 2796 ἔστι
481 2748 609 2814 γὰρ,
641 2746 702 2798 οὐ
731 2747 811 2798 δεῖ
838 2747 903 2798 τὰ
929 2747 1232 2816 ἀνθρώπων
1266 2749 1354 2801 ἐπ’
1387 2751 1552 2803 αὐτοῦ
1577 2751 1913 2818 λογίζεσθαι.

330 2838 418 2889 Τὰ
451 2837 551 2905 μὲν
581 2838 688 2907 γὰρ
723 2839 858 2894 ἄλλα
890 2840 1007 2904 ζῶα
1045 2841 1140 2894 καὶ
1175 2842 1223 2893 oi
1255 2841 1532 2910 ἄνθρωποι
1563 2844 1624 2895 ὲκ
1658 2845 1918 2914 δημιουρ-

333 2931 500 2999 γικῆς
545 2934 720 3001 ἀρχῆς
754 2933 891 2985 κατὰ
935 2933 1180 3003 διαδοχὴν
1214 2934 1272 2996 ἐξ
1312 2936 1556 3003 ἀλλήλων
1593 2937 1912 3002 γεννῶνται.

336 3025 452 3076 Καὶ
481 3027 509 3077 6
542 3025 875 3093 γεννώμενος
907 3027 970 3079 ὲκ
1000 3018 1349 3095 γεννηθέντος
1382 3029 1585 3096 πατρὸς
1617 3029 1917 3095 γεννηθεὶς,

329 3114 566 3175 tsi-462m;
607 3117 699 3167 καὶ
748 3117 908 3176 αὐτὸς
958 3117 1145 3188 ἐτέρου
1177 3119 1383 3184 γίνεται
1427 3119 1628 3188 πατὴρ,
1672 3120 1810 3188 ἔχων
1856 3122 1920 3172 ἐκ

1995 630 2165 684 videri
2222 641 2444 699 possent
2495 632 2779 695 obiecisse,
2829 645 2977 685 nunc
3034 643 3239 692 autem,
3298 646 3422 685 cum
3503 645 3578 683 a3-

2000 732 2216 776 ternum
2277 725 2546 786 dicentes,
2606 725 2874 778 iateamur
2939 726 3116 794 ipsimi
3164 739 3284 779 esse
3344 739 3375 777 a
3421 725 3582 777 Patre

2000 816 2217 878 Filium,
2251 819 2526 885 quonme
2562 819 2778 887 genitus
2843 818 3114 889 gignentis
3198 817 3367 871 frater
3395 824 3576 886 potest

1997 909 2344 963 existimari?
2379 910 2443 962 Et.
2482 911 2526 964 si
2569 925 2667 964 nos
2709 910 2762 962 in
2798 909 3036 970 Patrem,
3097 917 3151 963 et
3189 909 3383 962 Filium
3443 922 3567 962 cre-

1997 1001 2198 1066 dimus,
2228 1002 2354 1070 quid
2397 1003 2453 1055 in
2486 1002 2569 1055 his
2621 1000 2918 1055 fraternum
2975 1001 3102 1056 est?
3159 1009 3253 1053 aut
3300 998 3572 1068 quomodo

1999 1102 2174 1160 potest
2218 1093 2452 1148 Verbum
2482 1093 2587 1146 dici
2618 1093 2783 1146 frater
2809 1092 2975 1157 illius,
3001 1091 3157 1158 cujus
3180 1098 3265 1143 est
3302 1087 3538 1142 Verbum
3561 1089 3587 1141 ‘l

2000 1187 2188 1256 Neque
2219 1186 2365 1240 enim
2413 1186 2481 1239 ab
2518 1184 2701 1252 aliquo
2728 1183 2832 1235 alio
2871 1181 3139 1251 principio
3191 1182 3354 1234 Pater
3402 1189 3457 1232 et
3496 1178 3586 1232 Fi-

2001 1280 2106 1333 lius
2146 1278 2311 1347 geniti
2369 1285 2517 1336 sunt,
2580 1285 2639 1329 ut
2701 1276 2895 1329 fratres
2953 1283 3214 1343 putentur
3282 1287 3424 1336 esse,
3486 1270 3583 1324 scd

2001 1373 2162 1425 P-ter
2205 1371 2322 1424 Filii
2376 1368 2702 1437 principium
2745 1377 2799 1420 et
2859 1367 3073 1436 genitor
3131 1375 3235 1418 est.
3300 1363 3366 1416 Et
3418 1363 3585 1417 Pater

2001 1479 2075 1517 es‘
2104 1468 2286 1528 Pater,
2314 1480 2419 1516 non
2445 1470 2626 1515 autem
2658 1460 2847 1515 Filius.
2874 1461 2936 1512 Et
2960 1459 3127 1513 FtiillS
3150 1469 3233 1514 est
3261 1457 3450 1520 Filius,
3475 1471 3587 1510 non

2005 1567 2181 1609 autem
2239 1555 2425 1608 frater.

2198 1645 2336 1709 Quid
2369 1645 2618 1714 objiciunt
2650 1643 2857 1696 Ariani.
2920 1641 3002 1694 Ex
3030 1641 3206 1694 eodem
3239 1639 3394 1692 libro.

2092 1737 2146 1789 Si
2205 1736 2380 1789 Filius
2409 1734 2584 1787 Patris
2617 1743 2702 1787 est
2731 1747 2979 1802 germen,
3013 1741 3068 1784 et
3118 1731 3170 1782 in
3208 1729 3467 1783 onmihus
3511 1728 3587 1781 si-

2010 1828 2154 1880 milis
2207 1827 2377 1888 Patri,
2416 1827 2575 1879 debet
2606 1868 2621 1890 ,
2649 1825 2930 1891 inquiunt,
2961 1823 3187 1875 omnino
3210 1821 3353 1874 sicut
3374 1820 3590 1886 genitus

2013 1932 2116 1984 est,
2154 1921 2232 1973 sic
2266 1921 2429 1973 etiam
2490 1920 2734 1988 gignere,
2763 1927 2815 1971 et
2867 1917 2979 1970 fieri
3019 1916 3131 1984 ipse
3165 1929 3383 1981 quoque
3431 1913 3588 1966 Pater

2015 2010 2160 2070 Filii,
2193 2021 2246 2060 et
2282 2009 2368 2061 hic
2402 2024 2590 2061 rursns
2635 2009 2704 2061 ah
2741 2008 2859 2074 ipso
2884 2005 3120 2075 genitus,
3167 2004 3328 2057 etiam
3363 2001 3481 2071 ipse
3508 2002 3592 2070 gi.

2015 2117 2202 2170 gnere,
2265 2111 2427 2167 atque
2463 2100 2533 2152 ita
2557 2099 2815 2166 deinceps
2843 2100 2896 2148 in
2927 2095 3222 2148 inﬁnitum.
3280 2092 3373 2146 Sic
3429 2092 3577 2145 enim

2016 2203 2312 2248 constaret.
2354 2207 2502 2253 eum,
2539 2191 2629 2258 qui
2673 2191 2890 2257 genitus
2921 2199 3024 2250 est,
3061 2188 3224 2249 illius,
3256 2185 3346 2254 qui
3380 2186 3589 2252 genuit,

2016 2299 2136 2338 esse
2159 2284 2420 2338 similem.
2450 2282 2893 2350 Respondemus,
2930 2279 2972 2331 si
3007 2278 3174 2330 Filius
3196 2285 3279 2329 est
3310 2291 3376 2329 eo
3406 2276 3591 2337 modo,

2016 2361 2124 2444 quo
2159 2375 2410 2429 homines
2441 2373 2534 2427 lilii
2567 2382 2716 2436 sunt,
2741 2372 2831 2425 ﬁat
2866 2371 3028 2423 etiam
3057 2368 3289 2438 genitor,
3330 2376 3386 2420 ut
3419 2366 3593 2420 Filius

2018 2471 2089 2520 sit
2135 2467 2272 2519 alter
2302 2465 2485 2528 Pater,
2529 2474 2694 2532 atque
2739 2463 2812 2516 ita
2875 2460 3133 2527 deinceps
3193 2458 3330 2512 alius
3385 2473 3450 2511 ex
3489 2457 3596 2510 alio

2019 2559 2294 2628 gignatur,
2333 2567 2392 2610 ut
2427 2571 2618 2610 eorum
2651 2553 2928 2608 successio
2956 2560 3240 2620 augeatur,
3277 2557 3332 2604 et
3369 2549 3595 2602 deorum

2019 2651 2320 2704 conSIituat
2356 2648 2789 2706 multitudinem.
2837 2643 2992 2709 Quod
3023 2644 3068 2696 si
3105 2659 3212 2696 non
3246 2656 3309 2695 ea
3363 2642 3596 2705 ratione,

2019 2757 2121 2808 qua
2160 2741 2431 2802 homines,
2467 2737 2637 2790 Filius
2671 2746 2777 2800 est,
2831 2752 2940 2790 non
2973 2743 3102 2789 sunt
3137 2733 3210 2798 ei,
3271 2747 3392 2800 qua:
3422 2729 3598 2784 homi-

2020 2849 2152 2888 num
2203 2841 2354 2892 sunt,
2387 2830 2762 2885 attribuenda.
2812 2827 2942 2881 Nam
2980 2827 3188 2894 reliqua
3221 2825 3442 2894 quidem
3473 2822 3595 2874 ani-

2025 2927 2205 2988 malia,
2257 2933 2426 2992 atque
2456 2925 2620 2976 etiam
2658 2920 3039 2987 liotitinesjam
3076 2918 3203 2972 inde
3235 2916 3310 2969 ab.
3332 2916 3452 2984 ipso
3475 2927 3601 2982 pro-

2029 3018 2327 3071 creationis
2366 3016 2523 3069 initio
2579 3024 2768 3066 mutuo
2799 3012 3034 3080 quodam
3089 3007 3458 3064 socccssionis
3504 3019 3596 3057 or-

2027 3108 2156 3162 dine
2193 3115 2548 3175 generantur,
2576 3113 2630 3156 et
2663 3111 2947 3172 generant,
2984 3110 3042 3154 ut
3069 3099 3160 3167 qui
3190 3105 3438 3166 generat,
3471 3110 3594 3149 cum

335 3208 554 3276 πατρὸς
585 3211 640 3260 ὲν
669 3209 848 3278 ἐαυτῷ
878 3209 1056 3272 τοῦτο,
1089 3209 1149 3273 ἐξ
1178 3205 1238 3263 οὒ
1272 3212 1362 3264 καὶ
1397 3212 1558 3274 αὐτὸς
1590 3213 1799 3280 γέγονε.
1830 3213 1913 3266 Διδ

2022 3217 2087 3254 ex
2118 3209 2374 3270 generato
2415 3206 2570 3265 patre
2595 3204 2892 3264 generatus
2931 3193 3034 3254 sit,
3068 3194 3265 3245 merito
3305 3190 3424 3259 ipse
3456 3204 3600 3258 quo-

333 3297 465 3350 οὐδὲ
495 3296 640 3350 ἔστιν
683 3299 741 3351 ἐν
771 3302 881 3361 τοῖς
938 3301 1198 3362 τοιούτοις
1227 3303 1432 3370 κυρίως
1465 3305 1670 3373 πατὴρ,
1703 3304 1796 3356 καὶ
1822 3321 1919 3356 κυ-

336 3391 476 3458 ρίως
533 3391 670 3452 υίὸς.
719 3392 778 3442 '0
815 3389 922 3460 γὰρ
961 3391 1122 3456 αὐτὸς
1160 3392 1274 3454 υίὸς
1306 3393 1516 3460 γίνεται
1568 3396 1661 3447 καὶ
1703 3397 1918 3465 πατὴρ,

333 3482 455 3541 υίὸς
493 3481 592 3548 μὲν
619 3481 710 3533 τοῦ
743 3483 1127 3550 γεννήσαντος,
1156 3485 1336 3552 πατὴρ
1366 3483 1420 3535 δὲ
1448 3485 1540 3536 τοῦ
1575 3489 1920 3552 γεννωμένου

333 3573 399 3636 ἐξ
429 3573 616 3627 αὐτοῦ.
659 3573 781 3625 Ἐπὶ
816 3574 871 3625 δὲ
903 3575 999 3642 τῆς
1029 3574 1282 3643 θεότητος
1312 3576 1410 3628 οὐκ
1442 3575 1587 3629 ἔστιν
1618 3577 1813 3638 οὕτως.
1844 3577 1919 3630 Οὐ

334 3664 452 3734 γὰρ
496 3663 570 3726 ὡς
621 3661 904 3734 ἄνθρωπος
938 3664 965 3714 6
1004 3664 1156 3725 Θεός.
1205 3662 1344 3716 Οὔτε
1391 3665 1500 3734 γὰρ
1548 3667 1576 3717 6
1623 3667 1810 3733 Πατὴρ
1857 3668 1920 3717 ἐκ

336 3754 556 3819 Πατρός
617 3755 769 3806 ἐστι·
835 3753 914 3806 δ.ὺ
967 3753 1088 3806 οὐδὲ
1146 3756 1310 3826 γεννᾷ
1371 3755 1460 3806 τὸν
1525 3758 1920 3826 γεννησόμενον

339 3848 566 3914 Πατέρα
589 3861 605 3876 ·
633 3845 756 3898 οὔτε
783 3849 811 3898 6
841 3846 966 3908 Υἱὸς
996 3847 1054 3910 ἐξ
1083 3847 1380 3917 ἀπορροίας
1415 3849 1532 3899 ἐστὶ
1561 3848 1655 3900 τοῦ
1687 3848 1919 3917 Πατρὸς,

331 3939 467 3992 οὔτε
527 3943 591 3992 ἐκ
629 3939 978 4007 γεννηθέντος
1033 3941 1243 4005 Πατρδς
1285 3940 1634 4008 γεγέννηται.
1677 3943 1762 3992 Διὸ
1802 3943 1922 3994 οὐδὲ

331 4036 668 4103 γεγέννηται
723 4039 801 4099 εἰς
835 4039 895 4090 τὺ
934 4039 1150 4108 γεννᾷν.
1183 4038 1348 4090 Ὅθεν
1396 4038 1485 4087 ἐπὶ
1516 4038 1616 4104 τῆς
1666 4037 1921 4105 θεότητος

337 4126 515 4192 μόνης
543 4127 570 4176 6
607 4126 793 4194 Πατὴρ
845 4126 1049 4193 κυρίως
1098 4127 1213 4178 ἐστὶ
1250 4125 1458 4194 Πατὴρ,
1492 4127 1584 4178 καὶ
1617 4126 1645 4176 6
1679 4126 1802 4185 Υἱὸς
1828 4144 1920 4177 acu--

338 4217 477 4286 ρίως
533 4217 648 4274 l'id,"
681 4219 816 4270 ἐστι.
854 4219 965 4270 Καὶ
1004 4218 1098 4270 ἐπὶ
1137 4220 1342 4271 τούτων
1377 4218 1472 4270 καὶ
1511 4218 1690 4286 μόνων
1724 4219 1922 4287 ἕστηκε

334 4312 401 4362 τὸ
434 4309 527 4361 τὸν
573 4312 788 4378 Πατέρα
825 4312 913 4364 ἀεὶ
942 4311 1161 4380 Πατέρα
1202 4307 1364 4375 εἶναι,
1409 4311 1501 4362 καὶ
1537 4309 1628 4362 τὸν
1681 4310 1806 4362 Υἱὸν
1836 4311 1923 4361 ἀεὶ

338 4401 474 4454 Υἱὸν
491 4394 647 4451 εἶναι.
675 4401 884 4452 Οὐκοῦν
906 4401 933 4450 6
953 4399 1146 4466 λέγων,
1168 4399 1322 4451 Διατί
1347 4398 1420 4468 μὴ
1443 4397 1764 4465 γεννητικὸς
1796 4395 1920 4448 Υἱοῦ

336 4497 368 4547 6
401 4493 567 4557 Υἱόςς
601 4491 865 4560 ζητείτω,
897 4492 1040 4546 διατί
1089 4491 1164 4560 μὴ
1195 4493 1411 4558 Πατέρα
1447 4491 1604 4559 ἔσχεν
1648 4493 1674 4541 6
1711 4491 1918 4558 Πατήρ.

351 4588 528 4642 Ἀλλὰ
561 4585 731 4638 ταῦτά
760 4603 818 4652 γε
853 4585 1141 4654 ἀμφότερα
1169 4584 1344 4653 μεστὰ
1370 4585 1546 4652 πάσης
1579 4583 1920 4642 δυσσεϐείας.

339 4681 560 4746 ’Ὠσπερ
594 4681 701 4744 γὰρ
745 4677 772 4726 6
819 4676 1003 4744 Πατὴρ
1047 4676 1130 4728 ἀεὶ⁸
1179 4675 1365 4744 Πατὴρ
1409 4675 1501 4725 καὶ
1545 4675 1644 4726 οὐκ
1688 4674 1753 4726 ἄν
1797 4689 1924 4724 ποτε

334 4776 568 4840 γένηται
630 4769 792 4831 Υἱῦς,
836 4768 1009 4829 οὕτως
1058 4768 1085 4819 6
1135 4767 1259 4828 Υἱὸς
1303 4768 1386 4818 ἀεὶ
1438 4765 1562 4828 Υἱός
1618 4767 1771 4827 ἐστι,
1834 4767 1925 4816 καὶ

330 4866 442 4918 οὐκ
471 4863 538 4914 ἄν
577 4878 706 4913 ποτε
733 4860 946 4929 γένοιτο
978 4859 1188 4928 Πατὴρ.
1215 4859 1324 4910 Καὶ
1353 4860 1412 4909 ὲν
1445 4857 1619 4925 τούτῳ
1647 4859 1755 4924 γὰρ
1789 4855 1924 4922 μᾶλ-

330 4959 432 5008 λον
469 4952 759 5023 χαρακτὴρ
787 4950 861 5002 ὢν
902 4950 996 5002 τοῦ
1033 4951 1244 5015 Πατρὸς
1287 4950 1380 5002 καὶ
1429 4947 1593 5000 εἰκὼν
1622 4947 1920 5007 δείκνυται,

337 5049 526 5117 μένων
548 5047 575 5098 ὅ
596 5047 730 5106 ἐστι,
760 5049 852 5096 καὶ
875 5043 974 5103 οὐκ
1003 5041 1375 5110 ἁλλασσὸμενο
1413 5081 1426 5104 ,
1450 5039 1562 5090 ἀλλ’
1591 5039 1726 5106 ἔχων
1745 5039 1807 5089 ὲκ
1829 5036 1921 5088 τοῦ

333 5139 561 5206 Πατρὶς
588 5137 684 5205 τὴν
731 5135 1055 5200 ταυτότητα.
1101 5133 1159 5184 Εἰ
1201 5135 1296 5201 μὲν
1341 5127 1434 5184 οὖν
1479 5133 1506 5182 ὁ
1544 5130 1726 5199 Πατὴρ
1760 5144 1926 5196 μετα-

335 5231 626 5294 ῦάλῖιεται,
667 5226 1085 5296 μεταϐαλλέσθω
1109 5226 1201 5279 καὶ
1225 5227 1257 5293 ἡ
1285 5223 1468 5276 εἰκών·
1496 5225 1544 5273 εἰ
1569 5223 1624 5273 δὲ
1655 5219 1924 5287 ἄτρεπτὸς

336 5327 493 5376 ἐστιν
550 5324 578 5372 ὁ
637 5320 844 5388 Πατὴρ,
901 5321 996 5371 καὶ
1038 5318 1113 5378 ὡς
1159 5318 1304 5368 ἔστιν
1353 5315 1493 5368 οὕτω
1547 5313 1814 5382 διαμένει,
1866 5310 1924 5372 ἐξ

336 5418 594 5485 ἀνάγκης
627 5417 719 5466 καὶ
768 5415 801 5483 ἡ
835 5412 1000 5465 εἰκὼν
1021 5453 1032 5471 ,
1063 5411 1137 5471 ὡς
1171 5409 1320 5461 ἔστιν
1356 5407 1499 5460 οὕτω
1527 5407 1801 5472 διαμένει,
1829 5405 1924 5456 καὶ

337 5512 400 5562 οὐ
435 5511 795 5580 τραπήσεσαι.

2024 3307 2132 3360 que
2175 3291 2266 3344 ﬁat.
2315 3289 2544 3342 alterius
2592 3295 2767 3354 pater,
2813 3299 2938 3338 cum
2972 3299 3000 3337 a
3033 3298 3132 3338 suo
3159 3293 3311 3352 patre
3351 3282 3404 3335 in
3455 3295 3513 3334 se
3545 3279 3598 3333 id

2024 3385 2203 3454 ipsum
2239 3383 2456 3443 habeat,
2503 3396 2569 3434 ex
2606 3395 2716 3448 quo
2753 3387 2808 3432 et
2843 3383 2961 3447 ipse
3012 3376 3116 3429 fuit
3172 3381 3486 3444 generatus.
3525 3373 3599 3425 Ex

2023 3491 2131 3548 quo
2158 3479 2252 3538 tit,
2300 3484 2360 3526 ut
2387 3472 2570 3526 nullus
2607 3471 2750 3523 inter
2780 3483 2877 3523 eos
2934 3466 3156 3537 proprie
3184 3467 3256 3519 sit
3292 3478 3468 3534 pater,
3505 3473 3601 3517 aut

2027 3567 2246 3638 proprie
2270 3565 2432 3630 (ilius,
2454 3579 2576 3616 cum
2608 3564 2750 3615 idem
2791 3569 2846 3615 et
2877 3569 3033 3630 pater
3059 3559 3307 3620 exsistat,
3344 3563 3400 3610 et
3432 3555 3595 3608 filius.

2025 3660 2187 3714 Pater
2242 3658 2462 3726 quidem
2521 3654 2689 3712 illius.
2727 3667 2888 3722 quem
2923 3650 3229 3722 generavit,
3273 3657 3391 3712 est;
3452 3647 3596 3701 ﬁlius

2024 3759 2208 3804 autem
2245 3749 2364 3818 ejus
2394 3764 2422 3800 a
2455 3763 2562 3815 quo
2597 3747 2713 3814 ipse
2743 3751 3038 3813 generatus
3071 3752 3175 3796 est.
3211 3741 3267 3794 In
3301 3741 3417 3810 ipsa
3462 3753 3594 3793 vero

2025 3841 2308 3896 divinitate
2338 3855 2446 3892 non
2492 3839 2562 3890 ita
2600 3844 2703 3890 est.
2747 3834 2933 3903 Neque
2991 3833 3138 3887 enim
3192 3833 3336 3885 Deus
3384 3839 3490 3892 est,
3542 3839 3603 3882 ut

2026 3934 2275 3987 homines
2302 3940 2446 3983 sunt.
2483 3929 2696 3982 Etenim
2728 3927 2885 3979 l‘ater
2914 3940 3022 3977 non
3063 3933 3146 3976 est
3171 3923 3238 3975 ah
3272 3922 3377 3974 alio
3415 3921 3596 3974 Patre.

2026 4024 2203 4089 Quare
2245 4037 2345 4074 nec
2386 4019 2917 4088 gignitgcniturnm,
2970 4016 3325 4081 futurumque
3358 4012 3598 4064 Patrem.

2026 4115 2134 4168 Nec
2165 4113 2331 4166 Filius
2364 4127 2426 4164 ex
2471 4109 2644 4162 Patris
2677 4117 2761 4160 est
2807 4107 3036 4167 semine,
3089 4118 3266 4171 neque
3317 4117 3381 4155 ex
3422 4100 3602 4169 genito

2027 4205 2200 4260 Patre
2237 4205 2456 4272 genitus
2491 4213 2592 4254 est.
2623 4197 2992 4264 Quamobrem
3018 4211 3122 4249 nec
3150 4195 3219 4248 ad
3265 4194 3598 4263 gignendum

2029 4309 2114 4352 est
2144 4300 2381 4366 genitus.
2435 4293 2674 4346 Proinde
2717 4293 2768 4343 in
2799 4290 2911 4343 sola
2957 4289 3240 4342 divinitate
3277 4285 3436 4338 Pater
3471 4298 3604 4352 pro-

2030 4393 2146 4460 prie
2178 4391 2336 4442 l’ater
2364 4395 2469 4452 est,
2504 4395 2560 4439 et
2589 4385 2758 4442 Filius
2822 4381 3040 4451 prOprie
3089 4379 3260 4432 Filius
3291 4387 3395 4431 est.
3450 4377 3515 4429 Et
3548 4377 3600 4428 in

2033 4486 2117 4538 his
2164 4483 2298 4536 solis
2348 4481 2480 4533 illud
2533 4481 2750 4530 tirmmn
2805 4486 2858 4528 ct
2907 4481 3167 4528 constans
3201 4481 3306 4533 est,
3354 4477 3415 4522 ut
3443 4467 3605 4521 Pater

1958 4551 1996 4598 υ
2030 4594 2247 4648 semper
2291 4578 2356 4632 sit
2409 4574 2594 4633 Pater.
2651 4581 2706 4625 et
2748 4569 2918 4622 Filius
2967 4580 3183 4635 semper
3219 4563 3420 4616 Filius.
3461 4561 3608 4626 Quo-

2026 4673 2168 4724 circa
2219 4669 2307 4738 qui
2351 4667 2504 4728 dicit,
2559 4663 2670 4716 Cur
2718 4661 2887 4714 Filius
2923 4675 3029 4712 non
3079 4663 3164 4709 est
3202 4652 3494 4723 ejusmodi,
3547 4661 3606 4702 ut

2028 4764 2192 4814 tilium
2223 4758 2487 4829 generet?
2519 4757 2658 4810 idem
2695 4762 2924 4821 qmcrat,
2959 4749 3070 4804 Cur
3092 4747 3253 4800 Pater
3281 4758 3386 4798 non
3413 4739 3604 4795 habuit

2025 4856 2262 4909 Patrem?
2276 4855 2377 4908 Sed
2412 4862 2638 4919 utraque
2662 4848 2888 4916 quaestio
2909 4853 2991 4897 est
3017 4838 3316 4909 impietatis
3344 4833 3604 4904 plenissi-

2032 4964 2136 4999 ma.
2161 4945 2628 5011 Quenmdmodnm
2645 4939 2788 4991 enim
2807 4937 2964 4988 Pater
2985 4934 3057 4987 ita
3069 4944 3284 4992 semper
3303 4936 3387 4980 est
3416 4923 3599 4987 Pater,

2035 5048 2092 5088 ut
2125 5049 2398 5101 nunquam
2427 5033 2594 5084 F:lius
2641 5030 2754 5080 ﬁeri
2780 5034 2964 5094 queat,
3010 5023 3081 5074 ita
3105 5029 3160 5073 ct
3181 5017 3349 5071 Filius
3369 5019 3439 5068 ita
3464 5029 3579 5066 sem

2032 5142 2126 5193 per
2154 5136 2238 5177 est
2265 5125 2430 5176 Filius
2469 5132 2520 5174 ut
2557 5136 2829 5187 minqnam
2851 5116 3010 5168 Pater
3044 5111 3155 5166 ﬁeri
3192 5117 3375 5178 queat.
3411 5108 3466 5160 In
3494 5120 3604 5174 quo

2033 5217 2199 5284 magis
2235 5214 2542 5267 ostenditur
2577 5227 2694 5264 esse
2748 5211 2915 5262 forma
2963 5214 3017 5259 et
3054 5204 3228 5272 imago
3256 5199 3449 5261 Patris,
3475 5197 3603 5248 dum

2034 5317 2217 5361 manet
2286 5307 2363 5370 id,
2398 5305 2541 5373 quod
2597 5313 2702 5361 est,
2766 5312 2821 5353 ct
2889 5312 3175 5366 nunquam
3261 5293 3606 5350 innnutatnr,

2032 5418 2154 5454 cunt
2189 5399 2434 5452 canitiem
2472 5411 2498 5446 a
2539 5395 2692 5446 l‘atre
2731 5391 3022 5444 essentiam
3076 5387 3293 5439 haheat.
3351 5381 3530 5445 Quare
3561 5380 3604 5430 si

2035 5501 2276 5546 mutatur
2325 5491 2506 5551 Pater,
2543 5498 2787 5541 mutetur
2821 5494 2874 5537 et
2931 5485 3126 5549 imago.
3158 5477 3252 5528 Sin
3315 5474 3473 5528 Pater
3526 5481 3610 5523 est

341 5596 724 5654 imtmnabilis,
759 5605 810 5645 ct
846 5593 987 5646 sicut
1043 5601 1146 5655 est,
1184 5590 1261 5643 sic
1324 5593 1486 5643 etiam
1553 5596 1754 5651 manet,
1805 5589 1980 5654 imago
2039 5598 2254 5652 quoque
2309 5579 2618 5633 necessario
2661 5578 2802 5629 situt
2837 5583 2938 5632 cst,
2989 5571 3066 5622 sic
3097 5567 3258 5619 etiam
3306 5569 3508 5626 manet,
3550 5573 3608 5615 et

341 5707 450 5743 non
486 5685 878 5742 immolabitur.

795 5782 888 5834 Ἐκ
923 5780 1024 5834 τοῦ
1054 5778 1240 5833 αὐτοῦ
1264 5781 1468 5847 λόγου.

421 5881 480 5931 ΕΞ
533 5879 630 5930 οἰκ
682 5874 859 5938 ἁῖδίως
912 5874 1155 5928 σύνεστιν
1187 5874 1212 5924 6
1247 5871 1419 5938 Λόγος
1466 5868 1539 5938 τῷ
1587 5865 1780 5937 Πατρὶ,
1824 5863 1920 5917 οὐκ

2595 5759 2674 5810 Ea.
2701 5759 2872 5808 eodem
2914 5753 3063 5804 iit'xro.

2103 5855 2158 5911 Si
2198 5853 2432 5911 Verbum
2469 5863 2576 5902 non
2604 5855 2684 5901 est
2710 5843 2776 5898 ab
2810 5841 2958 5897 omni
2991 5836 3294 5894 aeternitate
3327 5849 3450 5890 cum
3498 5830 3604 5886 Pa-
