4032 6288
557 342 661 417 851

1785 351 2171 413 EUTIIYMII
2212 350 2575 411 ZlGABENl

3679 356 3781 420 352

558 468 666 524 tre,
694 457 943 516 Trinitas
974 474 1082 517 nou
1125 471 1209 517 est
1261 470 1489 518 :eterna.
1526 462 1631 519 Sed
1662 477 1787 518 eum
1836 475 1981 519 esset
2017 465 2131 534 pri-

2242 464 2383 517 ἔστιν
2415 466 2447 534 ή
2489 465 2659 532 Τριάς
2686 463 2878 529 ἀΐδιος,
2913 462 3052 519 ἀλλὰ
3086 465 3253 533 μονὰς
3287 464 3382 533 μὲν
3410 461 3477 534 ἦν
3512 467 3771 541 πρότερον,

561 566 707 604 Illum
745 553 949 618 unitas,
982 569 1049 608 ex
1098 555 1417 608 accessione
1466 554 1605 610 facta
1656 556 1900 611 Trinitas
1936 567 2042 619 est.
2077 568 2132 613 et

562 648 966 716 progrediente,
1024 659 1080 702 ιιι
1118 649 1220 717 ipsi
1255 652 1463 712 volunt.
1502 660 1749 723 tempore
1780 667 1938 710 aucta
1998 672 2131 710 con-

560 738 700 792 Stitut
768 739 1031 792 Praeterea
1066 741 1109 795 si
1138 740 1309 796 Filius
1356 759 1464 797 non
1499 755 1584 799 est
1626 748 1907 816 proprium
1958 748 2135 804 Patris

563 830 817 882 essentia:
851 845 1095 898 germen,
1155 833 1250 887 sed
1282 850 1343 888 ex
1378 836 1550 891 nihilo
1586 840 1761 893 fartus
1796 849 1896 901 est,
1930 856 1994 894 ex
2051 845 2137 895 ni-

563 920 674 973 b-‘lo
697 920 937 977 Trinitas
968 934 1052 978 est
1090 928 1421 995 constituta;
1455 942 1512 986 et
1539 934 1972 1003 fuitaliquando,
2009 952 2133 989 cum

561 1026 670 1063 non
709 1021 854 1066 esset
885 1011 1149 1081 Trinitas,
1185 1018 1278 1073 sed
1317 1021 1519 1076 unitas.
1577 1024 1643 1078 Et
1686 1025 2006 1094 imperfecta
2037 1028 2137 1083 fuit

562 1102 760 1169 primo,
794 1104 992 1159 deinde
1021 1107 1315 1177 absoluta;
1363 1124 1418 1167 et
1463 1116 1606 1177 quod
1651 1117 1843 1171 deinde
1891 1121 2134 1188 genitum

560 1200 664 1257 est,
718 1209 840 1246 eum
886 1196 951 1249 iis
996 1212 1115 1265 quae
1159 1212 1339 1255 creata
1375 1215 1523 1267 sunt,
1569 1218 1923 1277 numeratur;
1979 1223 2033 1266 ct
2060 1214 2132 1277 id,

560 1283 705 1350 quod
750 1285 1044 1354 aliquando
1096 1305 1205 1344 non
1256 1293 1394 1357 fuit,
1455 1297 1615 1350 simul
1665 1314 1789 1354 eum
1849 1318 1935 1366 eo,
1990 1308 2135 1373 quod

562 1386 782 1443 semper
816 1386 921 1437 est,
980 1378 1229 1433 divinum
1302 1386 1649 1442 existimatur
1698 1399 1750 1443 et
1802 1395 2015 1449 colitur.
2074 1397 2141 1452 Et

563 1464 706 1529 quod
751 1466 924 1535 majus
957 1479 1058 1533 est,
1096 1470 1209 1540 ipsa
1244 1472 1480 1530 Trinitas
1535 1480 1636 1534 sibi
1692 1485 1802 1552 ipsa
1855 1487 2140 1544 dissimilis

564 1567 687 1606 esse
726 1556 1019 1626 reperitur,
1045 1561 1245 1633 quippe
1276 1582 1395 1635 qua:
1429 1584 1549 1623 cum
1582 1576 1884 1644 peregrinis
1932 1588 1986 1632 et
2008 1580 2141 1635 alie-

569 1644 653 1699 nis
686 1650 893 1705 naturis
933 1660 988 1706 et
1016 1658 1271 1711 essentiis
1329 1664 1620 1732 conjuncta
1673 1670 1762 1724 sit.
1812 1670 1927 1727 Hoc
1956 1684 2138 1729 autem

565 1741 696 1808 quid
730 1743 875 1797 aliud
911 1759 1013 1811 est,
1049 1750 1151 1803 nisi
1195 1751 1527 1812 Trinitatem
1560 1777 1681 1816 esse
1720 1767 1957 1836 genitam
1994 1770 2140 1824 afﬁr-

568 1844 720 1884 mare
741 1831 763 1880 ‘i
788 1832 920 1899 Quae
953 1848 1135 1892 autem
1170 1839 1456 1901 Trinitatis
1477 1831 1745 1909 divinitas
1762 1857 1850 1921 sit,
1885 1876 2005 1927 quae
2036 1862 2139 1917 sibi

569 1918 684 1989 ipsa
740 1921 1020 1981 dissimilis
1073 1931 1321 1995 exsistat,
1373 1946 1433 1991 et
1478 1954 1542 1993 ex
1596 1946 1914 2003 accessione
1976 1952 2140 2009 fuerit

569 2019 810 2080 tempore
840 2019 1130 2085 completa,
1165 2033 1218 2077 et
1251 2042 1397 2080 nunc
1428 2030 1549 2091 hoc,
1590 2048 1736 2091 nunc
1768 2038 1859 2091 illo
1892 2044 2054 2096 modo
2081 2060 2141 2099 se

569 2101 812 2159 habeat?
859 2107 1055 2163 Nonne
1095 2116 1393 2173 verisimile
1440 2133 1542 2184 est,
1585 2141 1705 2180 eam
1762 2134 2140 2192 accessionem

570 2210 759 2249 rursus
803 2199 963 2255 ali-am
1017 2214 1178 2272 atque
1238 2209 1401 2264 aliam
1448 2226 1714 2284 perpetuo
1762 2236 2139 2293 accepturam,

570 2297 759 2355 utpote
797 2308 916 2360 qua:
951 2296 1107 2352 initio
1139 2304 1310 2379 semel
1336 2320 1401 2360 ex
1430 2312 1746 2369 accessione
1790 2298 2139 2376 constitutio-

567 2393 693 2431 nem
743 2397 895 2437 suam
936 2388 1297 2448 obtinuerit?
1334 2396 1479 2462 Quid
1527 2417 1691 2470 porro
1730 2406 1978 2476 dubium,
2025 2413 2139 2468 ﬁeri

567 2484 749 2536 posse,
783 2484 840 2528 ut
868 2477 1268 2539 imminuatur?
1320 2488 1451 2551 Quae
1478 2493 1627 2546 enim
1681 2496 1936 2567 adjuncta
1988 2515 2139 2567 sunt,

566 2572 623 2616 et
651 2564 818 2619 adimi
845 2585 1006 2637 posse
1042 2576 1395 2644 perspicuum
1434 2592 1541 2640 est.

770 2660 909 2725 Quid
934 2666 1183 2734 objiciunt
1211 2673 1419 2727 Ariani.
1472 2678 1556 2731 Ea;
1586 2686 1761 2736 eodem
1792 2684 1944 2739 libro.

639 2743 746 2804 Sed
777 2765 925 2817 ecce,
955 2755 1229 2827 inquiunt,
1263 2776 1481 2830 semper
1513 2766 1655 2821 Deus
1685 2770 1782 2823 fuit
1807 2786 2141 2841 procreator,

567 2844 625 2888 et
654 2850 759 2901 est,
786 2857 964 2911 neque
994 2847 1067 2901 illi
1103 2856 1425 2918 procreandi
1458 2856 1685 2915 facultas
1706 2867 1958 2920 accessit.
2002 2866 2141 2924 Num

571 2926 759 2997 igitur,
809 2936 1065 3002 quoniam
1098 2951 1338 2999 aeternus
1395 2957 1479 3003 est
1539 2965 1872 3023 procreator,
1924 2970 2142 3017 αξιοι-ηαξ

566 3030 697 3076 sunt
745 3025 909 3081 etiam
971 3046 1059 3085 res
1108 3049 1429 3100 procreatte.
1463 3049 1522 3094 ut
1569 3043 1620 3096 in
1652 3045 1759 3102 illis
1793 3048 1923 3104 item
1986 3056 2142 3110 nefas

2234 559 2299 610 ὲκ
2328 556 2643 627 προσθήκης
2668 556 2725 609 δὲ
2753 557 2975 625 γέγονεν
3007 554 3234 624 ὕστερον
3263 556 3450 624 Τριὰς,
3476 558 3566 609 καὶ
3584 562 3775 629 προῖόν-

2234 668 2324 712 ro;
2366 648 2461 701 τοῦ
2506 650 2702 720 χρόνου
2745 649 2867 703 κατ’
2908 650 3107 711 αὐτοὺς
3151 648 3376 717 ηὔξησε,
3415 649 3505 702 καὶ
3548 654 3774 724 συνέστη.

2237 740 2404 794 Πάλιν
2434 758 2490 793 τε
2526 741 2574 793 εἰ
2604 741 2705 793 οὐκ
2746 741 2894 794 ἐστιν
2924 742 2951 794 ὁ
2983 741 3115 802 Υἱὸς
3150 741 3280 792 ἴδιον
3309 741 3551 811 γέννημα
3579 746 3667 813 τῆς
3695 746 3776 799 τοῦ

2238 833 2452 903 [lat-pb;
2473 832 2683 897 οὐσίας,
2712 832 2826 886 ἀλλ’
2849 832 2909 898 ἐξ
2937 834 3035 885 οὐκ
3055 834 3225 885 ὅντων
3252 834 3493 899 γέγονεν,
3519 834 3572 900 ἐξ
3596 837 3684 888 οὐκ
3703 837 3777 889 6v-

2236 943 2345 978 των
2384 926 2697 979 συνίσταται
2731 927 2764 996 ὴ
2809 927 2997 994 Τριᾶς,
3040 927 3133 978 καὶ
3170 922 3237 997 ἦν
3278 944 3433 989 ποτε,
3474 929 3559 979 ὅτε
3598 930 3688 982 οὐκ
3722 926 3779 1000 ἦν

2239 1016 2431 1085 Τριὰς,
2456 1018 2589 1071 ἀλλὰ
2614 1018 2804 1084 μονὰς,
2831 1020 2924 1071 καὶ
2943 1020 3071 1071 ποτὲ
3097 1018 3194 1087 μὲν
3219 1019 3440 1087 ἐλλιπὴς
3462 1018 3644 1088 Τριὰς,
3668 1022 3781 1074 ποτε

2238 1110 2295 1162 δὲ
2330 1112 2562 1180 πλήρης.
2607 1112 2715 1164 Καὶ
2747 1111 2931 1163 λοιπὸν
2972 1111 3030 1163 τὸ
3065 1111 3291 1181 γενητὸν
3321 1112 3397 1179 τῷ
3427 1111 3609 1182 κτίστῃ
3639 1130 3782 1165 συνα-

2243 1204 2538 1274 ριθμεῖται,
2574 1207 2669 1257 καὶ
2708 1206 2767 1257 τὸ
2798 1205 2928 1257 ποτὲ
2962 1206 3036 1275 μὴ
3066 1204 3126 1256 ὃν
3158 1205 3235 1274 τῷ
3269 1206 3354 1257 ἀεὶ
3384 1205 3496 1257 ὖντι
3530 1207 3780 1260 συνθεολο-

2239 1300 2414 1365 γεῖται
2465 1299 2557 1349 καὶ
2589 1296 2990 1360 συνδοξάζεται.
3030 1298 3137 1351 Καὶ
3168 1297 3228 1349 τό
3256 1314 3319 1365 γε
3354 1298 3535 1364 μεῖζον
3566 1300 3784 1367 ἀνόμοιος

2242 1390 2409 1457 ἑαυτῇ
2454 1390 2485 1456 ή
2526 1389 2697 1458 Τριὰς
2744 1389 3083 1457 εὑρίσκεται,
3139 1388 3320 1452 ξέναις
3370 1390 3462 1441 καὶ
3505 1390 3783 1459 ἁλλοτρῖαις

2244 1481 2440 1549 φύσεσί
2478 1499 2537 1534 τε
2571 1483 2662 1534 καὶ
2693 1483 2900 1545 οὐσίαις
2933 1482 3325 1551 συνισταμένη.
3361 1483 3532 1536 Τοῦτο
3566 1483 3618 1536 δὲ
3653 1486 3784 1538 οὐδὲν

2241 1574 2427 1645 ἔτερόν
2466 1577 2614 1629 ἐστιν
2644 1578 2841 1639 εἰπεῖν,
2874 1576 2906 1644 ἦ
2940 1578 3172 1644 γενητὴν
3202 1577 3300 1645 τὴν
3331 1574 3432 1645 τῆς
3461 1577 3675 1647 Τριάδος
3703 1579 3785 1630 σύ-

2246 1681 2456 1717 στασιν.
2494 1666 2719 1737 Ποταπὴ
2755 1667 2812 1720 δὲ
2848 1665 2985 1735 αὕτη
3027 1666 3313 1719 θεοσέϐεια
3348 1667 3572 1736 Τριάδος
3604 1669 3692 1737 τῆς
3724 1670 3785 1739 μὴ

2177 1756 2408 1858 Βἑαυτῇ
2467 1757 2667 1825 ὁμοίως
2720 1758 3135 1827 τυγχανούσης,
3201 1757 3317 1810 ἀλλ’
3376 1760 3441 1858 ἐξ
3503 1760 3789 1858 προσθήκης

2251 1849 2428 1917 γρνῖνῳ
2482 1848 2888 1919 πληρουμένης,
2929 1849 3024 1902 καὶ
3064 1848 3195 1901 ποτὲ
3249 1849 3351 1917 μὲν
3386 1848 3548 1912 οὕτω,
3586 1852 3705 1903 ποτὲ
3742 1852 3790 1904 δὲ

2251 1938 2424 2000 οὕτως
2462 1940 2668 2010 etiam;
2704 1939 2865 2003 Εἰκὸς
2897 1940 3005 2009 γὰρ
3035 1941 3203 2011 αὐτὴν
3233 1942 3332 1995 καὶ
3368 1941 3527 1995 πάλιν
3556 1942 3791 2011 λήψεσθαι

2250 2028 2593 2098 προσθήκην,
2615 2014 2709 2083 διαὶ
2730 2029 2886 2083 τοῦτο
2906 2032 2983 2093 εἰς
3007 2030 3255 2100 ἄπειρον,
3285 2030 3365 2094 ὡς
3394 2031 3541 2097 ἅπαξ
3567 2034 3652 2086 καὶ
3677 2034 3793 2086 κατὰ

2249 2119 2349 2191 τὴν
2390 2122 2563 2191 ἀρχὴν
2609 2123 2672 2175 ἐκ
2718 2121 3037 2193 προσθήκης
3077 2122 3201 2192 ἔσχε
3244 2123 3350 2193 τὴν
3391 2124 3656 2179 σύστασιν.
3702 2126 3797 2179 Οὐκ

2254 2212 2553 2281 ἀμφιὸολον
2591 2214 2647 2267 δὲ
2679 2215 2760 2268 ὅτι
2799 2215 2893 2267 καὶ
2931 2214 3152 2268 δυνατὸν
3184 2215 3365 2286 αὐτὴν
3404 2217 3695 2285 μειοῦσθαι.
3728 2217 3793 2271 Τὰ

2252 2304 2361 2374 γὰρ
2419 2304 2822 2377 προστιθέμενα
2876 2307 3110 2375 φανερὸν
3168 2307 3251 2360 ὅτι
3318 2308 3416 2361 καὶ
3476 2308 3795 2379 ἀφαιρεῖσθαι

2250 2397 2498 2451 δύναται.

2339 2664 2671 2725 Ἀντίθεσις
2721 2662 2803 2727 Ἀ]
2821 2660 3042 2714 ειανῶν
3077 2661 3145 2714 ἐκ
3178 2663 3287 2715 τοῦ
3336 2665 3519 2719 αὐτοῦ
3554 2670 3740 2736 λόγου.

2335 2752 2475 2804 Ἀλλ’
2503 2751 2633 2815 ἰδοὺ,
2662 2750 2846 2821 φησὶν,
2880 2752 2968 2804 ἀεὶ
2992 2754 3018 2803 ὁ
3048 2751 3178 2813 Θεὸς
3202 2747 3270 2823 ἦν
3318 2754 3548 2824 ποιητής
3567 2758 3652 2809 καὶ
3679 2758 3800 2824 ἔστι,

2250 2849 2342 2898 κπι
2363 2848 2462 2899 οὐκ
2486 2847 2808 2915 ὲπιγέγονεν
2842 2847 2996 2924 αὐτῷ.
3016 2846 3109 2898 τοῦ
3138 2845 3549 2921 δημιουργείνή
3575 2850 3796 2921 δύναμις.

2247 2938 2373 3011 'Ap’
2403 2941 2495 2995 οὖν
2526 2940 2713 3009 ἐπειδὴ
2742 2939 3075 3009 δημιουργός
3110 2941 3281 3002 ἐστιν,
3318 2941 3465 2992 ἀΐδιά
3498 2944 3601 2995 εἰσι
3631 2944 3715 2996 καὶ
3739 2944 3796 2997 τὰ

2250 3036 2562 3105 ποιήματας
2612 3032 2706 3086 καὶ
2760 3031 2822 3085 οὐ
2874 3031 3248 3099 θέμιςβίπεῖν
3291 3032 3413 3085 οὐδὲ
3464 3035 3552 3085 ἐπὶ
3597 3035 3796 3103 τούτων,

566 3112 640 3169 sit
667 3114 871 3183 dicere,
903 3134 995 3174 eas
1046 3123 1214 3179 fuisse
1256 3139 1548 3199 antequam
1608 3134 1846 3192 fierent?
1874 3141 2034 3198 Stulti
2077 3162 2138 3201 ac

2249 3129 2363 3181 Οὐκ
2403 3122 2471 3198 ἦν
2505 3125 2636 3195 πρὶν
2684 3124 2924 3193 γενηθῇ;
2974 3124 3234 3192 Ἀφρονες
3277 3125 3566 3194 Ἀρειανοί.
3614 3125 3672 3177 Τί
3706 3126 3796 3196 γὰρ

568 3204 856 3264 dementes
888 3212 1097 3270 Ariani.
1130 3216 1268 3282 Quid
1302 3222 1484 3277 simile
1526 3240 1650 3279 cum
1699 3230 1861 3285 rebus
1890 3249 2143 3302 procrea-

567 3297 640 3352 tis
681 3299 848 3356 Filius
894 3303 1057 3359 habet
1086 3348 1102 3371 ,
1143 3319 1201 3363 ut
1244 3327 1363 3379 quae
1396 3314 1462 3367 de
1501 3316 1591 3370 illo
1633 3297 1909 3387 dicuntur,
1947 3328 2139 3382 eadem

570 3398 630 3443 et
678 3390 763 3446 bis
794 3398 1101 3453 convenire
1152 3401 1382 3457 dicant?
1430 3405 1543 3461 Cur
1588 3418 1795 3477 autem,
1848 3431 1971 3469 tum
2015 3427 2142 3473 ante

567 3477 1000 3539 demonstratum
1035 3488 1128 3549 sit,
1162 3502 1424 3559 quantum
1457 3497 1597 3552 inter
1615 3500 1810 3556 Filium
1847 3506 2066 3563 intersit
2088 3517 2144 3562 et

567 3583 731 3638 Opus,
772 3584 1017 3641 perstant
1069 3580 1123 3635 in
1174 3596 1269 3636 sua
1315 3584 1631 3643 dementia?
1672 3591 1825 3660 Opus
1868 3598 2035 3659 enini,
2085 3608 2144 3653 ut

562 3664 827 3736 diximus,
882 3681 1034 3728 extra
1066 3676 1318 3745 opificem
1355 3691 1457 3736 est.
1493 3684 1658 3741 Filius
1691 3699 1874 3744 autem
1910 3704 1993 3747 est
2019 3710 2145 3763 pro-

1446 3772 1816 3838 Quamobrem
1886 3796 2047 3851 opus,
2083 3793 2143 3838 ut

567 3757 747 3826 prium
805 3766 1058 3821 essentia:
1111 3785 1362 3837 germen.

567 3863 786 3918 semper
814 3852 905 3917 sit,
936 3870 1047 3910 non
1080 3869 1165 3913 est
1194 3864 1591 3920 necessarium.
1623 3868 1758 3920 Nam
1790 3870 1970 3938 opifex
2007 3872 2140 3942 agit,

565 3944 784 4007 quando
836 3946 978 4010 vult,
1039 3965 1261 4020 germen
1323 3965 1505 4009 autem
1562 3973 1668 4011 non
1727 3969 1811 4013 est
1875 3963 2141 4018 voluntati

565 4034 896 4102 subjectum,
930 4041 1026 4095 sed
1059 4052 1143 4096 est
1190 4049 1447 4101 essentia!
1479 4053 1803 4119 proprietas.
1854 4053 1921 4108 Et
1963 4057 2142 4126 opifex

566 4122 788 4189 quidem
818 4126 946 4190 erit,
982 4138 1037 4183 et
1064 4134 1457 4200 appellabitur,
1505 4141 1720 4193 etiamsi
1753 4122 2142 4199 nondunisiut

565 4227 729 4279 Opera
766 4232 780 4279 ;
812 4232 923 4270 non
956 4219 1063 4273 erit
1096 4234 1300 4291 autem,
1334 4242 1433 4280 nec
1484 4232 1768 4285 vocabitur
1804 4230 1987 4298 Pater,
2039 4237 2140 4290 nisi

566 4298 735 4357 Filius
765 4304 854 4359 sit.
888 4306 1039 4372 Quod
1076 4310 1119 4364 si
1150 4313 1424 4369 curiosius
1446 4328 1669 4389 pergant
1696 4321 1993 4390 inquirere,
2022 4342 2139 4390 cur,

565 4404 690 4445 cum
730 4392 874 4448 Deus
928 4413 1146 4467 semper
1181 4412 1369 4470 posset
1400 4404 1599 4471 facere,
1654 4425 1774 4477 qua:
1814 4410 1955 4466 facta
1991 4424 2138 4477 sunt,

2243 3223 2430 3292 ὅμοιον
2460 3218 2739 3281 Υἱὸς,-καὶ
2792 3216 3037 3284 ποίημας
3082 3215 3167 3266 ἵνα
3200 3216 3269 3267 τὰ
3309 3217 3401 3268 ἐπὶ
3451 3216 3541 3269 τοῦ
3570 3218 3787 3285 Πατρδς,

2242 3314 2414 3368 ταῦτα
2445 3312 2541 3365 καὶ
2573 3309 2669 3362 ἐπὶ
2697 3309 2806 3361 τῶν
2835 3308 3344 3378 δημιουργημάτων
3373 3311 3591 3375 simum;
3621 3310 3727 3371 Πῶς
3750 3308 3797 3361 δὲ

2243 3404 2514 3472 τοσαύτης
2568 3402 2834 3469 διαφορᾶς
2877 3400 2935 3451 ὲν
2994 3402 3104 3460 τοῖς
3158 3398 3472 3467 ἔμπροσθεν
3508 3401 3796 3487 ’ῥειχθείσης

2243 3498 2584 3564 γεννήματος
2630 3491 2725 3546 καὶ
2775 3492 3109 3559 ποιήματος,
3140 3492 3443 3560 ἐμμένουσι
3470 3496 3533 3561 τῇ
3564 3493 3755 3561 ἀμαθίᾳ

2246 3590 2413 3643 Πάλιν
2459 3585 2552 3640 οὖν
2583 3584 2645 3636 τὸ
2678 3583 2807 3637 αὐτὸ
2851 3582 3091 3635 λεκτέον.
3129 3582 3201 3634 Τὸ
3253 3584 3471 3653 ποίημα
3502 3585 3688 3648 ἔξωθεν
3719 3582 3798 3635 τοῦ

2244 3679 2527 3740 ποιοῦντός
2552 3680 2719 3737 ἐστιν,
2752 3674 2940 3742 ὥσπερ
2966 3674 3201 3742 εἴρηται.
3246 3674 3310 3728 ’0
3332 3677 3386 3729 δὲ
3422 3678 3539 3739 Υἱὸς
3572 3678 3689 3729 ἴδιον
3712 3673 3795 3743 τῆς

2243 3772 2429 3833 οὐσίας
2473 3768 2720 3838 γέννημά
2764 3769 2900 3820 ἐστι.
2951 3766 3039 3818 Διὸ
3083 3767 3177 3819 καὶ
3217 3768 3279 3819 τὸ
3329 3770 3429 3839 μὲν
3471 3769 3673 3838 ποίημα
3713 3768 3797 3819 οὑκ

2244 3866 2457 3931 ἀνάγκη
2492 3863 2581 3917 ἀεὶ
2618 3859 2782 3914 εἶναι.
2823 3861 2949 3914 Ὅτε
2982 3861 3088 3929 γὰρ
3132 3859 3386 3928 βούλεται
3422 3865 3450 3915 ὁ
3487 3859 3791 3931 δημιουργὸς

2244 3956 2560 4027 ἐργάζεται.
2612 3954 2686 4005 Τὸ
2731 3954 2784 4006 δὲ
2819 3952 3066 4020 γέννημα
3100 3952 3160 4004 οὐ
3210 3950 3467 4023 βουλήσει
3504 3954 3794 4012 ὑπόκειται,

2244 4050 2380 4103 ἀλλὰ
2416 4049 2517 4117 τῆς
2548 4047 2737 4109 οὐσίας
2767 4045 2915 4097 ἐστὶν
2957 4043 3181 4111 ἰδιότης.
3219 4046 3330 4097 Καὶ
3368 4047 3590 4115 ποιητὴς
3623 4044 3712 4113 μὲν
3735 4042 3794 4094 ἂν

2244 4141 2354 4212 εἴη,
2412 4139 2508 4191 καὶ
2556 4139 2792 4204 λέγοιτο,
2846 4134 2951 4188 κᾶν
2996 4136 3170 4205 μήπω
3308 4136 3583 4235 τὰέργα*

2244 4232 2300 4284 δὲ
2325 4230 2516 4295 οὐκῆἂν
2543 4228 2792 4298 κληθείη,
2822 4226 2931 4280 οὐδ’
2959 4227 3024 4280 ἂν
3053 4226 3163 4297 εἴη,
3194 4228 3272 4296 μὴ
3305 4229 3636 4298 ὑπάρχοντος
3662 4226 3794 4279 Υἱοῦ.

2257 4322 2381 4373 Ἐὰν
2415 4320 2471 4373 δὲ
2489 4318 2983 4389 περιεργάζωνται,
3007 4319 3148 4371 διατί
3182 4320 3208 4371 ὁ
3243 4319 3378 4384 Θεὸς
3413 4322 3496 4374 ἀεὶ
3528 4319 3797 4389 δυνάμενος

2243 4416 2438 4477 ποιεῖν,
2455 4413 2554 4464 οὐκ
2574 4412 2662 4465 ἀεὶ
2681 4414 2845 4468 ποιεῖ.
2873 4411 3214 4480 μαινομένων
3237 4413 3339 4481 μὲν
3359 4414 3454 4466 καὶ
3469 4410 3603 4481 αὕτη
3624 4410 3793 4476 τόλμα.

564 4500 678 4539 non
726 4502 944 4559 semper
980 4491 1207 4557 fecerit,
1262 4500 1491 4566 qumstio
1524 4500 1764 4568 ipsorum
1811 4504 1918 4556 erit
1960 4504 2137 4558 homi-

2254 4508 2349 4572 Τίς
2375 4507 2484 4575 γὰρ
2511 4506 2666 4575 ἔγνω
2691 4505 2848 4559 γοῦν
2865 4506 3110 4571 Κυρίου,
3142 4504 3178 4573 ἢ
3218 4507 3312 4569 τίς
3340 4506 3680 4574 σύμϐουλος
3705 4519 3796 4554 αυ-

563 4592 695 4630 num
730 4577 1027 4645 furentium
1061 4597 1119 4640 et
1143 4588 1452 4642 audacium.
1488 4592 1619 4655 Quis
1646 4594 1793 4646 enim
1821 4595 1960 4647 novit
1993 4613 2139 4650 men-

564 4677 667 4721 tem
692 4669 948 4727 Domini?
974 4685 1069 4727 aut
1101 4679 1218 4746 quis
1248 4680 1361 4746 ejus
1394 4682 1492 4749 fuit
1527 4684 1863 4737 consiliarius
1882 4687 1982 4756 fuit
2008 4688 2139 4740 .7aut

556 4763 824 4829 quomodo
877 4767 1014 4820 dicet
1050 4769 1358 4839 ﬁgmentum
1393 4776 1462 4832 ei,
1494 4777 1582 4843 qui
1613 4792 1667 4829 se
1724 4777 1899 4844 ﬁnxit,
1924 4778 2028 4833 Cur
2058 4798 2139 4834 me

555 4851 731 4921 fecisti
760 4855 835 4907 sic
861 4857 874 4886 ¹
904 4857 1148 4912 ?Verum
1184 4862 1517 4931 utaliquam,
1550 4865 1675 4919 licet
1708 4876 1925 4921 tenuem
1956 4881 2004 4922 et
2036 4872 2135 4928 ad-

567 4946 871 5001 umbratam
910 4952 1174 5006 rationem
1209 4954 1525 5019 aderamus,
1576 4973 1677 5010 nec
1706 4960 1931 5013 omnino
1963 4973 2140 5014 tacea-

564 5049 705 5097 mus,
734 5036 815 5090 sic
844 5040 1076 5095 habeant
1100 5060 1112 5095 :
1142 5045 1256 5099 Etsi
1285 5046 1427 5101 Deus
1454 5057 1666 5117 poterat
1688 5066 1906 5121 semper
1939 5054 2138 5117 facere,

564 5142 654 5181 res
704 5138 884 5184 tamen
919 5134 1027 5188 non
1086 5148 1339 5204 poterant
1376 5153 1598 5197 internae
1653 5159 1798 5198 esse.
1850 5144 1926 5198 Ex
1965 5146 2141 5199 nihilo

561 5220 709 5305 enim
761 5233 909 5288 sunt,
968 5242 1069 5280 nec
1109 5244 1231 5284 esse
1272 5244 1501 5299 possunt
1546 5236 1734 5303 prius,
1790 5252 1951 5305 quam
1987 5238 2139 5291 fiant.

564 5295 697 5377 Quae
739 5325 919 5369 autem
953 5320 1124 5387 prius,
1153 5337 1316 5391 quam
1351 5326 1480 5379 liant
1514 5343 1622 5379 non
1657 5337 1808 5393 sunt,
1857 5333 2135 5399 quomodo

564 5406 725 5461 simul
750 5424 869 5462 esse
895 5413 1245 5479 possintcum
1276 5414 1405 5483 Deo,
1432 5418 1523 5486 qui
1545 5431 1761 5489 semper
1781 5433 1863 5474 est
1884 5424 1906 5473 Ἰ
1930 5420 2134 5486 Quant-

565 5499 754 5553 obrcm
784 5500 924 5556 Deus
953 5504 1117 5559 rebus
1144 5505 1282 5575 ipsis
1319 5508 1635 5575 consulens,
1689 5513 1909 5581 quando
1961 5513 2130 5577 vidit,

563 5602 658 5645 eas
688 5591 862 5647 factas
892 5611 1056 5665 posse
1097 5614 1439 5668 permanere,
1471 5611 1605 5658 tunc
1638 5619 1831 5660 omnes
1863 5606 2012 5663 fecit.
2070 5607 2133 5660 Et

636 5770 657 5802 ¹
688 5767 843 5826 Rom.
876 5789 914 5839 ι,
944 5774 1040 5841 54;
1077 5792 1155 5845 rx,
1180 5781 1270 5833 ευ.

2241 4599 2349 4653 τοῦ
2378 4599 2620 4666 ἐγένετο
2647 4615 2661 4663 ;
2688 4600 2753 4650 Ἦ
2770 4597 2896 4661 πῶς
2923 4598 3047 4663 ἐρεῖ
3064 4599 3127 4649 τὸ
3158 4598 3414 4660 πλάσμα
3442 4596 3522 4662 τῷ
3560 4591 3794 4663 κεραμεῖ,

2249 4693 2307 4745 Τί
2334 4708 2411 4759 με
2437 4691 2625 4755 οὕτως
2652 4690 2948 4756 ἐποίησας
2981 4707 2994 4754 ;
3040 4689 3155 4742 Ἵνα
3197 4690 3252 4741 δὲ
3293 4692 3393 4741 xit:
3427 4689 3657 4758 ἀμυδρόν
3690 4699 3797 4788 τινα

2241 4780 2501 4848 λογισμὸν
2525 4780 2781 4849 εὑρόντες
2811 4781 2888 4849 μὴ
2920 4780 3312 4847 σιωπήσωμεν,
3337 4780 3699 4837 ἁκουέτωσαν·
3724 4780 3795 4825 ὅτι

2239 4876 2288 4927 εἰ
2326 4875 2419 4926 καὶ
2445 4873 2523 4943 τῷ
2550 4873 2671 4941 Θεῷ
2697 4872 2923 4925 δυνατὸν
2952 4872 3039 4924 ἀεὶ
3070 4874 3281 4950 ποιεῖν,
3316 4871 3431 4926 ἀλλ’
3463 4872 3560 4923 οὐκ
3589 4867 3795 4937 ἠδύνατο

2241 4967 2307 5017 τὰ
2340 4965 2543 5035 γενητὰ
2578 4964 2724 5017 ἀΐδια
2756 4957 2919 5019 εἶναι.
2968 4961 3058 5026 Ἐξ
3086 4964 3185 5015 οὐκ
3218 4963 3387 5015 ὄντων
3415 4962 3522 5031 γάρ
3552 4955 3795 5017 έστι.⁴καὶ

2240 5055 2338 5106 οὐκ
2383 5051 2449 5124 ἦν
2483 5056 2611 5125 πρὶν
2636 5054 2882 5123 γένηται.
2912 5053 2992 5105 Τὰ
3035 5054 3089 5106 δὲ
3123 5054 3223 5107 οὐκ
3256 5054 3387 5105 ὄντα
3417 5053 3546 5122 πρὶν
3572 5050 3791 5118 γένηται.

2244 5147 2361 5208 πῶς
2392 5145 2625 5216 ἠδύνατο
2659 5146 3025 5214 συνυπάρχειν
3057 5145 3133 5214 τῷ
3164 5146 3251 5196 ἀεὶ
3278 5143 3394 5196 ὄντι
3427 5143 3578 5213 Θεῷς
3608 5139 3688 5193 Διὸ
3714 5137 3793 5188 καὶ

2241 5240 2377 5309 πρὸς
2420 5240 2479 5291 τὸ
2514 5239 2794 5300 λυσιτελὲς
2839 5238 3019 5291 αὐτῶν
3059 5237 3278 5308 ἀφορῶν
3311 5237 3341 5288 ὁ
3368 5237 3520 5301 Θεὸς,
3559 5235 3640 5286 ὅτε
3670 5226 3792 5281 εἶδεν

2241 5333 2324 5384 ὃτι
2370 5331 2593 5385 δύναται
2626 5331 2899 5400 γενόμενα
2923 5330 3232 5400 διαμένειν,
3269 5329 3392 5381 τότε
3425 5329 3516 5379 καὶ
3549 5322 3791 5417 πεποίηκε

2247 5424 2446 5476 πάιτα.
2482 5425 2589 5477 Καὶ
2620 5423 2807 5491 ὥσπερ
2836 5423 3134 5492 δυνάμενος
3170 5422 3227 5487 ἐξ
3264 5421 3439 5491 ἀρχῆς
3475 5418 3569 5472 καὶ
3600 5415 3684 5466 ἐπὶ
3712 5415 3792 5462 τοῦ

2258 5516 2450 5586 Ἀδὰμ,
2480 5516 2512 5586 ἢ
2541 5515 2634 5567 ἐπὶ
2658 5516 2751 5568 τοῦ
2780 5515 2926 5579 Νῶε,
2958 5513 2991 5584 ἢ
3024 5515 3118 5566 ἐπὶ
3139 5512 3233 5566 τοῦ
3264 5501 3793 5606 Μωῦσέως-ἁποστείῖ

2242 5608 2332 5661 λαι
2381 5608 2471 5660 τὸν
2524 5606 2716 5660 ἑαυτοῦ
2758 5607 2933 5677 Λόγον
2981 5607 3081 5660 οὐκ
3116 5604 3456 5667 ἀπέστειλεν,
3508 5603 3555 5652 εἰ
3602 5598 3670 5668 μὴ
3712 5592 3791 5645 επὶ
