4032 6288
529 359 642 421 355

1771 343 2148 406 EUTHYMII
2191 340 2554 400 ZlGABENI

3681 331 3788 395 356

530 472 641 530 Aut.
671 465 946 540 quomodo
974 465 1087 535 ipse
1118 421 1170 518 i’n
1198 469 1489 532 conspectu
1529 459 1707 514 Patris
1737 469 1894 512 antea
1921 457 2119 527 gaude.

2251 455 2556 524 ,ὐφραί-κετο
2588 454 2645 504 ἐν
2695 451 2972 521 προσώπῳ
3025 448 3117 503 τοῦ
3163 449 3410 520 Πατρό;;
3460 448 3582 514 Πῶς
3630 451 3700 504 δὲ.
3738 453 3790 504 εξ

529 567 622 618 hat
650 564 673 616 ?
702 561 970 614 Praeterea
1024 555 1314 626 quomodo,
1344 554 1385 608 si
1435 563 1556 621 post
1597 559 1827 606 mortem
1880 549 2113 616 adeptus

535 666 620 710 est
656 667 712 707 ut
736 653 1073 712 adorat-etur,
1093 647 1268 716 ipsum
1288 645 1530 698 adoravit
1552 643 1842 699 Abraham.
1863 650 1917 695 et
1942 638 2118 692 Moses

531 746 587 799 in
613 748 746 798 rubo
777 742 798 793 ?
834 743 892 794 lit
928 741 997 808 (id
1023 737 1164 807 quod
1221 735 1406 790 Daniel
1468 736 1620 802 vidit)
1683 748 1918 803 quonam
1960 742 2116 800 pacto

533 834 935 890 innumerabilia
965 829 1184 883 millium
1218 828 1387 882 millia
1413 827 1782 880 ministrabant
1813 827 1860 878 ei
1897 825 1954 875 '?
1977 825 2122 888 Quo-

535 943 658 981 nam
688 933 845 994 pactn
875 922 918 974 si
956 935 1124 982 nunc,
1151 927 1210 971 ut
1239 917 1323 971 isti
1367 917 1576 979 volunt,
1624 927 1907 968 assecutus
1935 922 2016 966 est
2066 922 2125 965 ut

535 1017 728 1072 melior
795 1021 850 1065 et
910 1009 1252 1080 prmstanlior
1301 1006 1475 1072 fieret,
1531 1007 1776 1076 gloriam,
1833 1019 1953 1072 qua:
2001 1011 2125 1055 ante

542 1107 808 1162 mundum
844 1113 928 1157 est
978 1113 1025 1154 et
1051 1101 1252 1154 lllllllth
1272 1100 1549 1169 pra-cellit,
1578 1099 1691 1166 ipse
1726 1097 1791 1150 de
1816 1111 1870 1148 se
1901 1095 2126 1162 loquens

537 1206 950 1258 connnemorat,
975 1192 1218 1260 Clariﬁcu
1249 1207 1348 1252 me,
1372 1189 1652 1258 inquiens,
1685 1186 1864 1248 Pater,
1884 1202 1942 1239 ea
1962 1185 2128 1254 gloria

539 1305 698 1360 quant
721 1287 902 1349 habui,
930 1287 1232 1352 priusquam
1255 1280 1654 1348 mtmdusﬁcrct,
1687 1286 1825 1346 apud
1854 1289 1899 1330 te
1923 1277 1979 1328 "3
2004 1275 2132 1366 Quae

541 1395 663 1434 cum
693 1379 763 1432 ita
787 1378 914 1437 sint,
957 1391 1064 1427 non
1094 1373 1435 1428 descendens
1459 1374 1574 1440 ipse
1615 1370 1804 1422 melior
1832 1368 2005 1421 factus
2027 1375 2131 1430 est,

542 1473 636 1526 sed
665 1485 785 1539 quae
817 1483 878 1521 ea
908 1483 965 1521 re
993 1463 1244 1537 egebant,
1265 1464 1484 1518 meliora
1513 1462 1638 1515 fecit
1663 1501 1677 1524 ,
1705 1470 1756 1513 et
1784 1462 1944 1513 hoino
1965 1460 2135 1510 laetus

545 1561 798 1616 homines
842 1558 935 1612 Dei
967 1558 1104 1611 lilios
1161 1570 1224 1609 ac
1258 1557 1387 1609 deos
1431 1553 1682 1607 reddidit.
1733 1551 1848 1604 Non
1868 1565 1994 1620 ergo
2013 1565 2135 1602 cum

550 1654 714 1707 homo
749 1659 895 1704 esset
927 1651 1098 1718 prius,
1131 1649 1328 1702 deinde
1360 1648 1535 1700 factus
1576 1657 1656 1699 est
1683 1645 1821 1697 Deus
1853 1662 1866 1710 ;
1901 1643 1992 1696 sed
2016 1658 2136 1695 cum

548 1745 693 1798 Deus
714 1749 881 1806 esset,
907 1741 1102 1794 deinde
1126 1741 1296 1792 factus
1320 1749 1404 1791 Cal
1441 1740 1624 1799 homo,
1655 1747 1712 1789 ut
1730 1751 1830 1790 nos
1855 1735 2140 1788 divinitate

551 1837 854 1891 decoraret.
886 1832 966 1886 Ad
995 1834 1108 1885 haec
1136 1834 1230 1900 qui
1264 1846 1447 1900 posset
1473 1829 1726 1898 appellari
1750 1829 2139 1897 primogenitus

552 1942 733 1981 rerum
761 1924 1004 1978 omnium
1050 1920 1542 1990 procreat:u-utn,si
1591 1928 1718 1971 ante
1771 1934 1829 1970 se
1893 1918 2138 1976 haberet.

552 2020 644 2087 qui
674 2016 768 2069 ﬁlii
806 2025 861 2069 et
894 2015 979 2068 dei
1014 2024 1342 2067 vocarentur
1373 2011 1394 2062 ἲ
1437 2011 1541 2064 Aut
1565 2025 1660 2062 cur
1715 2007 1876 2077 primi
1927 2006 2000 2058 illi
2031 2020 2138 2058 non

552 2117 682 2163 sunt
702 2107 990 2177 erSmOdi,
1021 2115 1088 2162 ut~
1107 2105 1301 2158 deillis
1325 2103 1564 2165 dicaur,
1599 2099 1665 2152 In
1717 2099 1971 2167 principio
2029 2101 2143 2149 erat

563 2200 877 2264 Verbum,et
916 2198 1139 2251 Verbum
1177 2207 1289 2249 erat
1355 2197 1497 2263 apud
1528 2194 1711 2256 Deum,
1743 2203 1790 2244 et
1848 2191 1986 2243 Dctts
2031 2193 2144 2242 erat

559 2291 779 2346 Verbum
809 2290 851 2352 ³,
893 2299 948 2343 ct
997 2304 1074 2357 pr.
1100 2296 1217 2357 pter
1247 2303 1345 2339 nos
1395 2296 1585 2354 postea
1618 2283 1854 2336 Verbum
1908 2283 2008 2335 hoc
2035 2279 2146 2333 fac-

554 2393 669 2436 tum
695 2392 778 2436 est
801 2397 928 2435 caro
954 2381 975 2432 ?
999 2380 1178 2445 Quare
1208 2377 1358 2438 illud,
1385 2377 1822 2444 superem/tavit,
1849 2390 1956 2428 non
1979 2373 2145 2442 signi-

555 2471 682 2526 licet
715 2468 881 2524 Verbi
904 2470 1198 2524 essmtiam
1240 2472 1550 2521 exaltatam.
1599 2465 1885 2520 Fuiteuim
1910 2479 2145 2532 semper,

554 2571 610 2616 et
636 2572 720 2618 est
744 2563 964 2632 arqualis
1016 2561 1148 2624 Deo,
1196 2559 1288 2614 sed
1340 2560 1602 2613 exaltalio
1658 2558 1748 2610 illa
1803 2557 2034 2626 pertinet
2084 2557 2148 2607 ad

557 2655 974 2710 humanitatem.
997 2653 1060 2707 Et
1079 2654 1198 2707 ideo
1223 2667 1329 2705 non
1356 2649 1502 2720 prius
1521 2653 1634 2705 haec
1655 2651 1799 2703 dicta
1821 2657 1966 2712 sunt,
1988 2663 2148 2716 quam

555 2741 792 2799 Verbum
821 2759 946 2796 caro
976 2743 1178 2795 factum
1210 2749 1311 2802 est,
1334 2750 1391 2792 ut
1419 2741 1766 2809 perspicuum
1792 2746 1954 2797 esset,
1989 2751 2151 2789 voces

558 2832 696 2892 illas,
725 2831 1100 2894 Immiliavit,et
1131 2829 1479 2892 exaltarit,ad
1506 2829 1780 2882 hominem
1812 2826 1998 2880 referri
2023 2841 2118 2890 ;ru
2138 2856 2150 2866 -

556 2924 658 2990 jus
687 2921 832 2976 enim
868 2921 1148 2976 humilitas
1179 2930 1280 2984 est,
1316 2920 1558 2989 ejusdem
1591 2928 1671 2975 est
1703 2926 1756 2970 et
1787 2917 2062 2970 exaltatio.
2084 2915 2152 2969 Ει

558 3015 602 3068 si
628 3022 846 3083 propter
877 3011 1056 3065 carnis
1102 3012 1528 3079 assumptionem
1547 3011 1806 3079 scriptum
1853 3019 1935 3064 est
1972 3008 2150 3060 Immi-

2222 550 2360 620 μετὰ
2390 548 2480 600 τὸν
2507 547 2736 601 θάνατον
2761 543 2922 596 ἔλαϐε
2951 543 3012 596 τὸ
3065 540 3516 612 προσκυνεῖσθαι,
3545 541 3796 610 φαίνεται

2219 643 2246 694 ὁ
2287 639 2546 710 ’Λϐραὰμ
2601 638 2764 691 αὐτὸν
2818 633 3162 705 προσκυνῶν,
3222 634 3316 686 καὶ
3349 634 3586 702 Μωῦσῆς
3612 633 3667 684 ὲν
3725 635 3794 704 τῇ

2225 736 2392 806 βάτῳ,
2429 734 2525 785 καὶ
2564 731 2640 804 ὡς
2674 726 2782 783 εἶδε
2836 727 3058 796 Δανιὴλ,
3117 723 3312 796 μύριαι
3368 725 3656 794 μυριάδες,
3702 727 3800 777 καὶ

2225 830 2392 900 χίλιαι
2439 827 2675 896 χιλιάδες
2709 825 3086 894 ἐλειτούργουν
3125 821 3300 889 acup;
3346 820 3468 882 Πῶς
3499 819 3578 882 δέ,
3627 819 3675 872 εἰ
3705 818 3834 884 νῦν,

2228 922 2349 976 κατ’
2379 921 2578 981 αὐτοὺς
2623 919 2749 987 ἔσχε
2783 918 2881 988 τὴν
2947 917 3252 986 βελτίωσιν,
3304 916 3402 980 τῆς
3447 914 3552 984 πρδ
3596 914 3804 983 κόσμου

2228 1018 2322 1070 καὶ
2351 1015 2723 1084 ὑπερκοσμίου
2773 1013 2933 1083 δ’ξης
2965 1010 3159 1064 ἑαυτοῦ
3205 1011 3563 1081 μνημονεύων
3617 1011 3807 1079 ἔλεγεν

2230 1109 2388 1170 αὐτὸς
2413 1111 2439 1161 ὀ
2457 1109 2599 1169 Υἱὸς,
2619 1107 2892 1169 Δόξασόν
2908 1123 3004 1174 με,
3026 1107 3234 1172 Πάτερ,
3259 1103 3332 1172 τῇ
3368 1104 3543 1170 δόξῃ,
3567 1098 3608 1174 ᾗ
3640 1101 3812 1171 εἶχον

2233 1201 2346 1268 πρὸ
2378 1199 2483 1254 τοῦ
2516 1202 2625 1251 τὸν
2677 1215 2912 1266 κου-μον·
2966 1195 3120 1251 εἶναι
3163 1199 3322 1264 παρὰ
3366 1201 3503 1261 σοι’;
3536 1200 3650 1249 Οὐκ
3703 1199 3815 1265 ἄρα

2234 1294 2475 1355 καταϐὰς
2498 1292 2813 1361 ὲδελτιώθη.
2834 1291 2968 1344 ἀλλὰ
2989 1291 3190 1358 μᾶλλον
3213 1292 3533 1345 ἑϐελτίιυσεν
3561 1293 3723 1354 αὑτὸς
3743 1293 3816 1345 τὰ

2235 1386 2463 1453 δεόμενα
2489 1382 2844 1453 βελτιώσεως,
2870 1380 2964 1434 καὶ
2985 1381 3297 1448 υἱοποιησεν
3327 1383 3472 1451 ἡμᾶς
3506 1382 3582 1451 τῷ
3611 1383 3813 1453 Πατρὶ,

2237 1481 2327 1531 καὶ
2376 1477 2576 1530 ὲθέωσε
2623 1477 2749 1538 τοὺς
2793 1473 3112 1543 ἀνθρώπους
3159 1476 3450 1542 γενόμενος
3501 1475 3813 1545 ἄνθρωπος.

2238 1571 2350 1624 Οὐκ
2381 1570 2488 1638 ἄρα
2523 1569 2810 1638 ἄνθρωπος
2839 1567 2935 1632 ὢν,
2970 1567 3196 1636 ὕστερον
3241 1569 3432 1636 γέγονε
3489 1567 3642 1631 Θεὸς.

2239 1663 2371 1725 Θεὸς
2417 1661 2513 1727 ὢν,
2551 1661 2777 1729 ὕστερον
2825 1660 3051 1728 γέγονεν
3103 1659 3424 1729 ἄνθρωπος,
3473 1660 3560 1713 ἴνα
3611 1661 3820 1728 μᾶλλον

2174 1793 2213 1845 Β
2242 1756 2389 1826 ἡμᾶς
2441 1754 2762 1823 θεοποιήσῃ.
2799 1753 2920 1814 Πῶς
2954 1751 3049 1805 οὖν
3081 1755 3431 1820 πρωτότοκος
3472 1754 3656 1822 πάσης
3695 1755 3821 1807 κτί-

2243 1867 2402 1912 σεως,
2435 1847 2574 1915 ἔχων
2608 1846 2716 1914 πρὸ
2747 1843 2914 1896 αὑτοῦ
2968 1843 3269 1914 κληθέντας
3300 1846 3451 1907 υἱοὺς
3498 1847 3591 1898 καὶ
3623 1845 3820 1912 θεούς;

2245 1944 2370 2003 Πῶς
2415 1943 2471 1995 δὲ
2501 1943 2550 1996 οε
2604 1943 2824 2011 μέτοχοι
2889 1941 3098 2010 πρῶτοι
3145 1934 3206 1993 οὗ
3265 1941 3555 2010 μετέχουσι
3607 1945 3825 2011 Λόγους

2258 2038 2352 2089 Ἐγ·
2386 2035 2544 2105 ἀρχῇ
2579 2032 2704 2105 ἧνό
2738 2036 2952 2104 Λόγος.
3002 2034 3098 2087 καὶ
3146 2038 3178 2088 ό
3212 2036 3402 2104 Λόγος
3428 2032 3508 2106 ἦν
3536 2037 3689 2104 πρὸς
3720 2039 3829 2090 τὸν

2248 2129 2418 2194 Θεὸν,
2455 2128 2552 2182 καὶ
2593 2127 2737 2192 θεὸς
2759 2123 2836 2194 ἦν
2868 2131 2898 2180 ό
2926 2129 3138 2196 Λόγος.
3187 2129 3293 2181 Καὶ
3319 2128 3388 2181 δι’
3415 2129 3560 2198 ἡμᾶς
3594 2130 3829 2198 ὕστερον

2246 2224 2273 2274 ὁ
2301 2222 2469 2289 Λόγος
2491 2217 2643 2281 οὗτος
2668 2219 2806 2288 σὰρξ
2837 2219 3072 2287 ἐγένετο.
3104 2220 3174 2272 Τὸ
3208 2217 3301 2274 οὖν
3328 2221 3744 2288 ὑπερύψωσεν
3766 2223 3822 2274 οὐ

2247 2312 2344 2380 τὴν
2368 2313 2554 2364 οὐσίαν
2574 2311 2665 2363 τοῦ
2695 2310 2868 2378 Λόγου
2901 2310 3047 2378 λέγει
3074 2311 3412 2378 ύιξουμένην.
3445 2305 3553 2363 Ἦν
3576 2311 3692 2380 γὰρ
3719 2311 3826 2372 ἀεὶ,

2249 2399 2343 2450 καὶ
2372 2395 2516 2450 ἔστιν
2547 2397 2636 2450 ἴσα
2676 2396 2814 2466 Θεῷ,
2855 2397 2992 2450 ἀλλὰ
3023 2399 3125 2468 τῆς
3157 2398 3574 2469 ἀνθρωπότητός
3609 2399 3768 2452 ἔστιν
3798 2403 3831 2468 ἡ

2251 2490 2482 2559 ὓψωσις.
2519 2489 2595 2542 Οὐ
2625 2489 2756 2558 πρὶν
2788 2487 2917 2556 γοῦν
2944 2489 3162 2558 εἴρηται
3194 2489 3388 2552 ταῦτα,
3430 2491 3477 2542 ει
3507 2490 3582 2561 μὴ
3607 2493 3698 2544 ὅτε
3736 2492 3833 2558 γέ-

2251 2600 2375 2649 γονε
2409 2580 2545 2649 σὰρξ
2579 2584 2605 2633 ὁ
2635 2582 2827 2649 Λόγος,
2852 2580 2940 2633 ἵνα
2967 2579 3189 2651 γένηται
3221 2581 3452 2652 φανερὸν
3485 2583 3565 2635 ὅτι
3595 2583 3656 2635 τὸ
3691 2584 3832 2637 ἐτα-

2252 2675 2537 2734 πείνωσε,
2560 2672 2653 2726 καὶ
2682 2672 2742 2724 τὸ
2762 2673 3169 2739 ὑπερύψωσεν
3195 2674 3287 2724 ἐπί
3310 2673 3403 2726 τοῦ
3431 2672 3726 2744 ἀνθρώπου
3757 2674 3838 2727 λέ-

2253 2782 2432 2832 γεται.
2467 2759 2543 2817 Οὗ
2573 2763 2681 2832 γάρ
2707 2764 2824 2815 ἐστι
2852 2763 2910 2814 τὸ
2932 2763 3211 2828 ταπεινὸν,
3245 2763 3439 2816 τούτου
3472 2767 3566 2816 καὶ
3594 2766 3655 2818 τὸ
3681 2765 3842 2834 ὑψω-

2256 2855 2414 2921 θῆναι
2440 2854 2506 2905 ἆν
2536 2852 2644 2923 εἴη.
2692 2853 2804 2905 Καὶ
2833 2854 2880 2905 εἰ
2912 2852 2999 2905 διὰ
3029 2853 3125 2922 τὴν
3153 2852 3465 2924 πρόσληψιν
3489 2854 3589 2922 τῆς
3621 2857 3842 2925 σαρκὸς

2255 2945 2316 2997 τὸ
2343 2946 2710 2998 ἐταπείνωσε
2727 2945 3055 3013 γέγραπται,
3102 2945 3262 3014 δῆλον
3293 2946 3373 3000 ὅτι
3428 2948 3523 3000 καὶ
3553 2947 3614 2999 τὸ
3643 2950 3844 3018 ὑπερ-

2256 3039 2470 3106 ύψωσε
2491 3038 2558 3090 δι’
2588 3036 2756 3107 αὐτὴν
2770 3038 3102 3107 γέγραπται.
3128 3037 3333 3093 Τούτου
3365 3040 3471 3110 γὰρ
3495 3036 3563 3112 ἦν
3591 3041 3797 3111 ἐνδεὴς
3818 3043 3846 3094 ό

561 3103 730 3168 liavit,
757 3103 1109 3158 manifestum
1135 3110 1218 3155 est
1247 3103 1393 3171 quod
1431 3111 1653 3170 propter
1689 3103 1861 3170 ipsam
1885 3099 2148 3169 scriptum

2263 3099 2546 3200 ἄνθρωπος
2573 3129 2660 3182 διὰ
2690 3099 2752 3182 τὸ
2781 3099 3041 3184 ταπεινὸν
3069 3133 3166 3200 τῆς
3200 3099 3422 3202 σαρκὸς,
3439 3099 3549 3186 ara-1
3589 3133 3688 3186 τοῦ
3747 3099 3844 3188 θνα·

560 3205 646 3250 est
665 3196 848 3260 etiam,
879 3196 1150 3249 exaltabit.
1185 3195 1522 3247 Exaltatione
1562 3194 1708 3246 enim
1757 3193 1947 3262 egebat
1992 3192 2156 3246 homo

561 3297 783 3356 propter
811 3288 987 3340 carnis
1001 3297 1054 3340 et
1076 3287 1266 3340 mortis
1287 3285 1678 3339 humilitatem.
1703 3283 1968 3349 Quoniam
1995 3285 2159 3353 ig'tur

567 3375 833 3441 Verbum,
875 3391 1000 3431 cum
1035 3387 1178 3430 esset
1204 3375 1380 3447 imago
1403 3377 1600 3441 Patris,
1621 3387 1672 3430 et
1695 3376 2000 3429 immortale
2018 3362 2156 3430 servi

564 3466 792 3519 formam
814 3467 1043 3534 accepit,
1075 3476 1367 3536 etpropter
1388 3483 1488 3521 nos
1519 3471 1571 3519 in
1601 3482 1763 3521 carne
1785 3481 1880 3520 sua
1926 3475 2153 3520 mortem

562 3557 809 3626 pertulit,
842 3557 991 3610 utita
1038 3571 1096 3610 se
1157 3572 1255 3626 pro
1290 3557 1449 3612 nobis
1505 3573 1604 3627 per
1649 3567 1878 3612 mortem
1931 3556 2156 3611 ollerrct

562 3641 736 3709 Patri,
769 3643 972 3698 idcirco
994 3644 1158 3698 etiam
1179 3655 1239 3699 ut
1265 3649 1425 3700 homo
1447 3657 1668 3716 propter
1695 3663 1794 3700 nos
1813 3657 1863 3700 et
1882 3662 1979 3717 pro
1997 3646 2156 3702 nobis

567 3733 765 3788 dicitur
810 3735 1099 3795 exaltatus,
1131 3746 1188 3787 ut
1231 3735 1368 3788 sicut
1395 3751 1494 3789 nos
1520 3745 1691 3790 morte
1730 3736 1906 3804 ipsius
1965 3750 2157 3792 omnes

571 3826 768 3878 mortui
801 3841 989 3879 sumus
1023 3827 1075 3878 in
1127 3825 1365 3892 tlhristo,
1412 3828 1490 3881 sic
1541 3827 1703 3882 etiam
1743 3829 1796 3880 in
1851 3829 2089 3893 Christo,
2129 3845 2158 3883 a

566 3917 799 3970 mortuis
818 3918 1056 3979 excitati,
1087 3919 1211 3972 etin
1239 3919 1433 3972 caelum
1470 3918 1718 3988 profecti,
1746 3936 1852 3987 quo
1881 3922 1996 3990 ipse
2018 3937 2160 3990 prae-

566 4024 758 4063 cursor
779 4019 967 4064 noster
996 4011 1262 4079 pervenit,
1283 4011 1603 4064 exaltcmur.
1624 4010 1775 4076 Quod
1811 4013 1852 4064 si
1882 4027 2026 4065 nunc
2060 4027 2157 4080 pro

567 4101 725 4154 nobis
765 4102 836 4154 ita
890 4116 949 4156 se
976 4103 1216 4167 demisit,
1254 4103 1500 4171 quamvis
1543 4114 1591 4156 el
1631 4119 1800 4168 nunc,
1832 4112 1885 4156 et
1929 4113 2077 4166 ante,
2102 4111 2158 4156 et

569 4207 785 4260 seraper
813 4202 960 4246 esset
981 4191 1266 4256 Dominus,
1316 4207 1415 4260 pro
1443 4193 1597 4247 nobis
1637 4194 1823 4262 utique
1884 4193 2156 4247 exaltatus

570 4283 848 4336 scribitur.
889 4290 954 4335 tat
1013 4283 1471 4351 quemadmodum
1501 4283 1638 4353 ipse,
1679 4285 1924 4352 quauwis
1969 4297 2160 4337 omnes

571 4383 786 4427 sanctos
808 4374 1026 4440 ellieiat,
1052 4375 1184 4428 dicit
1201 4384 1380 4428 tamen
1406 4384 1465 4428 ut
1491 4390 1548 4429 se
1579 4375 1900 4433 sanctilicet.
1922 4390 2027 4427 non
2052 4389 2159 4442 quo

2261 3226 2444 3277 νάτου.
2489 3222 2644 3275 Ἐπεὶ
2672 3216 2764 3276 οὖν
2795 3222 2958 3277 εἰκὼν
2989 3222 3065 3276 ὢν
3094 3222 3188 3277 τοῦ
3235 3223 3470 3295 Πατρδς,
3499 3226 3610 3295 ,καὶ
3637 3225 3831 3280 ἀθάνα-

2258 3335 2348 3379 τος
2383 3316 2458 3369 ὢν
2489 3316 2682 3383 Λόγος,
2733 3315 2893 3368 ἔλαϐε
2941 3315 3040 3386 τὴν
3095 3315 3187 3370 τοῦ
3221 3315 3409 3370 δούλου
3459 3317 3700 3388 μορφὴν,
3746 3318 3848 3373 καὶ

2260 3409 2523 3479 ὑπέμεινε
2557 3409 2624 3462 δι’
2656 3411 2802 3480 ἡμᾶς
2834 3409 2891 3461 ὲν
2931 3411 2996 3480 τῇ
3027 3408 3221 3461 ἑαυτοῦ
3266 3409 3429 3479 σαρκὶ
3457 3408 3547 3462 τὸν
3583 3408 3847 3474 θάνατον,

2259 3502 2347 3556 ἵνα
2409 3501 2584 3564 οὕτως
2644 3503 2837 3556 ἑαυτὸν
2893 3501 3035 3572 ὑπὲρ
3087 3502 3245 3572 ἡμῶν
3307 3501 3396 3556 διὰ
3446 3502 3543 3554 τοῦ
3601 3502 3849 3558 θανάτου

2261 3597 2604 3666 προσενέγκῃ
2634 3595 2711 3665 τῷ
2758 3595 2955 3666 Πατρὶ,
2997 3592 3084 3647 διὰ
3115 3593 3274 3648 τοῦτο
3315 3593 3408 3648 καὶ
3449 3593 3525 3657 ὡς
3550 3593 3852 3664 ἄνθρωπος

2260 3690 2326 3742 δι’
2359 3691 2530 3758 ἡμᾶς,
2560 3689 2653 3742 καὶ
2681 3689 2822 3757 ὑπὲρ
2852 3687 3010 3758 ἡμῶν
3040 3687 3258 3755 λέγεται
3286 3685 3725 3756 ὑπερυψοῦσθαι,
3784 3689 3851 3743 ἵν’

2259 3780 2452 3851 ὥσπερ
2505 3783 2664 3852 ἡμεῖς
2691 3780 2768 3851 τῷ
2802 3780 3019 3851 θανάτῳ
3062 3777 3228 3833 αὐτοῦ
3257 3781 3460 3844 πάντες
3490 3779 3853 3848 ἀπεθάνομεν

2261 3874 2318 3924 ἐν
2350 3873 2593 3942 Χριστῷ.
2629 3871 2802 3934 οὕτως
2844 3871 2903 3923 ὲν
2929 3869 3082 3942 αὐτῷ
3112 3870 3192 3942 τῷ
3225 3870 3450 3941 Χριστῷ
3488 3870 3654 3924 πάλιν
3677 3871 3855 3941 ἡμεῖς

2263 3964 2738 4038 ὑπερυψωθῶμεν,
2773 3963 2836 4017 ἔκ
2871 3980 2932 4016 τε
2961 3963 3069 4016 τῶν
3101 3963 3310 4034 νεκρῶν
3349 3962 3718 4032 ἐγειρόμενοι,
3751 3963 3855 4016 καὶ

2263 4062 2342 4122 εἰς
2389 4057 2654 4131 οὐρανοὺς
2705 4057 3085 4128 ἀνερχόμενοι,
3147 4056 3273 4109 ἔνθα
3340 4055 3651 4127 πρόδρομος
3699 4054 3858 4125 ὑπὲρ

2265 4152 2420 4222 ἡμῶν
2453 4150 2671 4220 εἰσῆλθε
2720 4149 2978 4220 Χριστός.
3029 4149 3090 4200 El
3121 4149 3178 4202 δὲ
3205 4149 3300 4203 νῦν
3331 4148 3473 4218 ὑπὲρ
3507 4146 3686 4216 ἡμῶν,
3720 4147 3853 4202 καί.

2263 4263 2344 4298 τοι
2372 4245 2469 4298 καὶ
2495 4244 2601 4315 πρὸ
2627 4245 2843 4309 τούτου,
2878 4243 2975 4297 καὶ
2998 4243 3085 4296 ἀεὶ
3111 4241 3314 4312 Κύριος
3338 4241 3412 4294 ὢν
3453 4241 3550 4295 καὶ
3578 4241 3860 4311 δημιουρ·

2264 4339 2358 4406 γὸς
2385 4339 2491 4392 τῶν
2519 4336 2789 4409 οὐρανῶν,
2827 4335 2969 4405 ὑπὲρ
2995 4335 3153 4406 ἡμῶν
3193 4337 3301 4407 ἄρα
3331 4338 3427 4390 καὶ
3455 4335 3516 4388 τδ
3544 4335 3860 4404 ὑπερυψω-

575 4462 812 4519 Verbum
855 4475 1104 4520 sanctum
1136 4465 1246 4532 fiat,
1280 4466 1377 4520 sed
1417 4473 1474 4519 ut
1505 4481 1604 4519 nos
1646 4480 1838 4519 omnes
1877 4465 1930 4518 in
1962 4479 2020 4518 se
2045 4465 2148 4534 ipsc

2269 4429 2427 4502 θῆναι
2479 4429 2574 4483 νῦν
2609 4430 2945 4500 γέγραπται.
3007 4429 3118 4480 Kal.
3175 4427 3367 4496 ὥσπερ
3418 4425 3581 4489 αὐτὸς
3631 4425 3860 4490 πάντας

571 4567 786 4611 sanctos
845 4556 1079 4611 reddat:
1141 4557 1219 4610 sic
1263 4567 1316 4611 et
1377 4557 1548 4620 illud,
1609 4557 1754 4624 quod
1803 4555 2008 4610 dictum
2063 4564 2166 4620 est,

571 4649 841 4703 Exaltarit
866 4649 1037 4714 illum,
1098 4665 1206 4703 non
1260 4664 1324 4703 eo
1361 4636 1616 4718 pertinet,
1648 4661 1699 4701 ut
1735 4649 1847 4718 ipse
1876 4649 2167 4709 exaltetur,

571 4751 656 4795 est
685 4743 829 4795 enim
859 4743 1180 4807 altissimus,
1225 4741 1318 4794 sed
1353 4749 1412 4793 ut
1441 4740 1557 4808 ipse
1604 4740 1826 4807 quidem
1883 4756 1980 4808 pro
2012 4740 2168 4794 nobis

568 4833 777 4904 iustitia
807 4833 1023 4896 ﬁat,nos
1054 4842 1232 4885 autem
1255 4835 1304 4884 in
1333 4831 1449 4900 ipso
1481 4831 1802 4895 exaltemur,
1833 4842 1884 4884 et
1922 4831 1974 4883 in
1997 4831 2167 4885 ("mlo—

573 4937 696 4975 rum
729 4921 874 4976 fores
912 4923 1305 4991 ingrediamur,
1365 4935 1500 4989 quas
1531 4936 1630 4989 pro
1678 4922 1837 4974 nobis
1871 4920 1990 4989 ipse
2012 4932 2165 4990 pate-

575 5012 727 5079 fecit,
763 5028 886 5066 cum
928 5024 1323 5083 praecurrentes
1343 5013 1558 5067 dicant:
1581 5011 1769 5066 Tollite
1790 5022 1987 5080 portas,
2016 5015 2168 5082 ρνίηις

573 5105 730 5172 cipes.
751 5114 968 5166 vastras,
987 5114 1032 5157 et
1057 5105 1350 5170 elcvamini,
1369 5117 1531 5173 portae
1551 5105 1844 5166 celeritates,
1859 5095 1905 5158 ἓι
1932 5106 2164 5157 introibit

573 5194 684 5248 Rea:
706 5195 886 5264 gloria:
912 5194 954 5248 ⁸.
981 5196 1168 5264 Neque
1190 5205 1336 5249 enim
1383 5197 1480 5266 ipsi
1516 5197 1743 5249 Domino
1763 5208 1815 5248 et
1839 5212 2018 5249 rerum
2045 5211 2160 5248 om-

575 5290 725 5343 nium
760 5287 1005 5342 eﬂectori
1036 5289 1309 5342 conclusa:
1327 5297 1502 5349 erant,
1532 5287 1624 5340 sed
1650 5297 1870 5356 pr0pter
1895 5302 2015 5349 nos,
2039 5287 2160 5356 qui-

575 5381 676 5434 bus
709 5379 828 5434 cazli
863 5378 1009 5433 fores
1033 5386 1189 5431 erant
1215 5378 1433 5438 clausae.
1459 5378 1538 5432 sic
1559 5378 1818 5446 scriptum
1849 5387 1947 5431 est.
1978 5378 2164 5446 Itaque

576 5481 801 5540 propter
826 5485 1069 5532 carnem,
1095 5486 1256 5539 quam
1282 5469 1548 5540 gestabat,
1591 5467 1833 5523 humano
1863 5483 2015 5522 more
2048 5469 2164 5521 dic-

577 5571 692 5614 tum
719 5573 838 5615 est:
874 5561 1056 5616 Tollite
1084 5571 1262 5630 portas
1286 5577 1304 5614 :
1339 5573 1391 5614 et
1418 5561 1686 5626 lntroibit,
1719 5570 1973 5628 tanquam
1994 5559 2156 5612 homo

579 5648 932 5721 ingrediatur.
963 5655 1030 5708 At
1076 5653 1143 5708 de
1171 5653 1290 5723 ipso
1345 5668 1586 5717 rursum,
1627 5651 1807 5720 utqui
1862 5650 2004 5704 Deus
2061 5651 2153 5716 sit,

667 5767 678 5794 '
716 5765 846 5820 Diu.
884 5785 976 5832 νη,
1011 5768 1096 5821 l0.
1171 5771 1191 5800 ⁸
1226 5767 1380 5823 Joan.
1413 5785 1543 5836 xvu,
1600 5770 1650 5822 5.
1729 5768 1748 5797 ³
1795 5765 1953 5820 han.
2007 5781 2044 5831 ι,
2077 5766 2161 5818 ll.

2270 4525 2514 4593 ἁγιάζων
2542 4524 2690 4592 λέγει
2725 4524 2889 4578 πάλιν
2922 4523 3000 4593 τῷ
3047 4523 3246 4592 ﬂat-pi,
3277 4521 3473 4575 ἑαυτὸν
3517 4519 3660 4590 ὑπὲρ
3689 4522 3858 4591 ἡμῶν

2271 4618 2540 4684 ἁγιάζειν,
2573 4617 2671 4686 οὐχ
2724 4614 2808 4669 ἵνα
2855 4615 3011 4683 ἅγιος
3056 4615 3084 4666 ὁ
3134 4614 3306 4680 Λόγος
3331 4613 3580 4681 γένηται,
3612 4611 3736 4664 ἀλλ’
3768 4612 3861 4665 ἵνα

2268 4712 2432 4775 αὐτὸς
2466 4713 2525 4763 ὲν
2568 4708 2749 4779 ἐαυτῷ
2795 4708 3004 4781 ἁγιάσῃ
3045 4706 3256 4768 πάντας
3301 4707 3453 4775 ἡμᾶς
3477 4720 3494 4736 ·
3529 4702 3706 4766 οὕτως
3744 4705 3861 4774 ἄρα

2268 4807 2362 4858 καὶ
2392 4804 2452 4857 τὸ
2482 4804 2578 4856 νῦν
2612 4802 2926 4870 λεγόμενον,
2978 4798 3339 4869 ὑπερύψωσεν
3367 4798 3551 4862 αὐτὸν,
3609 4798 3708 4866 οὐχ
3764 4797 3859 4850 tua

2273 4898 2438 4960 αὐτὸς
2466 4895 2676 4966 eomas.
2712 4893 2936 4964 ὕψιστος
2957 4894 3066 4964 γάρ
3092 4893 3264 4957 ἐστιν,
3299 4891 3415 4944 ἀλλ’
3446 4891 3532 4943 [va
3564 4889 3725 4952 αὐτὸς
3752 4890 3860 4959 μὲν

2273 4991 2415 5060 ὑπὲρ
2441 4989 2599 5060 ἡμῶν
2619 4986 2937 5055 δικαιοσύνη
2963 4985 3196 5052 γένηται
3222 5019 3241 5047 ,
3272 4983 3434 5051 ἡμεῖς
3460 4980 3518 5032 δὲ
3541 4978 3860 5048 ὑψωθῶμεν

2273 5086 2332 5136 ἐν
2372 5079 2543 5150 αὐτῷ,
2577 5079 2673 5132 καὶ
2715 5079 2796 5140 εὶς
2827 5077 2927 5139 τὰς
2966 5074 3142 5137 πύλας
3176 5072 3508 5139 εἰσέλθωμεν
3538 5070 3648 5123 τῶν
3677 5071 3856 5138 οὐρα.-

2273 5177 2401 5241 νῶν,
2439 5174 2505 5236 ἃς
2541 5173 2704 5235 αὐτὸς
2732 5171 2896 5224 πάλιν
2927 5167 3070 5237 ὑπὲρ
3109 5165 3268 5237 ἡμῶν
3309 5163 3538 5235 ἀνέῳξε,
3578 5161 3854 5228 λεγόντων

2271 5269 2382 5321 τῶν
2432 5264 2867 5336 προτρεχόντων,
2937 5262 3153 5328 "Arata
3193 5261 3419 5324 πύλας,
3452 5261 3508 5312 οἱ
3535 5257 3852 5326 ἄρχοντες,

2269 5360 2460 5430 ὑμῶν,
2491 5357 2587 5412 καὶ
2617 5353 3137 5424 adpetitis-manat
3166 5352 3414 5414 αὶώνιοι,
3449 5349 3548 5403 καὶ
3575 5349 3854 5401 εἰσελεύ-

2264 5470 2437 5508 σεται
2483 5455 2517 5507 ὀ
2559 5448 2866 5514 ,βασιλεὺς
2893 5446 3007 5513 τῆς
3057 5446 3266 5512 δόξης.
3303 5443 3413 5498 Καὶ
3459 5437 3562 5495 ὦδε
3595 5440 3707 5508 γὰρ
3749 5440 3857 5492 οὐκ

2261 5547 2412 5617 αὐτῷ
2430 5541 2569 5614 ἦσαν
2593 5544 2649 5597 ai
2686 5541 2849 5594 πύλαι
2876 5540 3284 5607 κεκλεισμέναι,
3308 5535 3498 5606 Κυρίῳ
3521 5534 3616 5587 καὶ
3644 5533 3853 5601 ποιητῇ

2266 5644 2492 5696 πάντων
2537 5639 2656 5691 ὄντι
2679 5655 2691 5666 ·
2725 5636 2862 5689 ἀλλὰ
2901 5635 2970 5688 δι’
2995 5635 3143 5706 ἡμᾶς
3199 5635 3290 5687 καὶ
3326 5631 3484 5685 τοῦτο
3509 5628 3854 5696 γέγραπται,

2244 5763 2260 5792 "
2297 5761 2438 5815 ιιελιι.
2486 5774 2639 5823 mit,
2681 5757 2738 5822 7,
2771 5756 2824 5810 9.
