4120 6292
313 421 421 485 357

1279 425 1658 486 PANOPLIA
1699 425 2157 489 DOGMATiCA.
2202 452 2269 461 -
2308 427 2452 487 TiT.
2499 427 2602 484 Xl.

3489 431 3595 499 35,8

307 527 397 593 οἷς
431 525 501 601 ἧν
534 530 566 599 ἡ
593 525 731 598 θύρα
757 528 851 580 τοῦ
883 529 1212 598 παραδείσου
1249 533 1630 602 κεκλεισμένη.
1679 534 1769 584 Διδ
1803 533 1886 586 καὶ

1999 533 2195 586 dicitur
2227 550 2240 586 :
2281 532 2345 585 Et
2362 535 2592 587 introibit
2617 534 2724 588 Πθα
2743 533 2942 602 gluriw.
2974 533 3048 587 Ac
3071 534 3339 603 ejusmodi
3366 541 3583 608 quidem

305 621 675 690 ἀνθρωπίνως
715 621 836 690 μὲν,
881 619 951 674 δι’
996 621 1063 691 ἢν
1113 623 1344 691 ἐφόρεσε
1393 624 1608 693 σάρκα,
1674 623 1889 691 λέγεται

304 713 446 781 περὶ
473 713 639 764 αὑτοῦ
666 713 726 764 τὸ
761 713 966 779 Ἄρατε
997 715 1218 779 πύλας,
1252 715 1346 766 καὶ
1373 715 1431 766 τὸ
1453 716 1888 776 εἰσελεύσεται,

303 803 387 866 ὡς
432 803 722 870 ἀνθρώπου
768 803 1181 874 εἰσερχομένου.
1224 805 1434 866 Θεῖκῶς
1467 806 1522 858 δὲ
1567 806 1733 859 πάλιν
1764 807 1890 874 περὶ

304 893 484 947 αὐτοῦ
509 895 746 962 λέγεται.
775 896 898 948 ἐπεὶ
931 896 1025 948 καὶ
1057 896 1191 958 Θεός
1220 899 1369 949 ἐστιν
1397 899 1423 950 6
1453 899 1646 966 Λόγος,
1676 893 1888 952 ὅτιΟὗ-‹

305 985 416 1050 τός
433 985 568 1039 ἐστι
593 987 828 1054 Κύριος,
857 988 952 1040 καὶ
977 987 1280 1052 βασιλεὺς
1299 988 1407 1054 τῆς
1430 989 1637 1054 δόξης.
1677 989 1791 1056 Τὴν
1834 988 1890 1038 δὲ

305 1079 574 1146 τοιαύτην
619 1077 920 1148 λεγομένην
961 1081 1040 1142 εἰς
1071 1082 1222 1148 ἡμᾶς
1256 1080 1468 1148 ὓιξιωσιν,
1515 1077 1889 1148 προανειρώνει

307 1169 373 1219 τὸ
408 1168 632 1236 Πνεῦμα
664 1169 720 1218 ὲν
750 1167 1094 1236 ὀγδοηκοστῷ
1123 1168 1324 1237 ψαλμῷ
1359 1168 1536 1233 λέγον,
1576 1169 1680 1221 Καὶ
1715 1167 1785 1219 ἐν
1814 1165 1889 1233 τῇ

306 1261 674 1329 δικαιοσύνῃ
717 1275 835 1314 σου
881 1261 1332 1328 ὐψωθήσονται.
1383 1261 1442 1311 Ei
1476 1261 1530 1312 δὲ
1574 1259 1888 1328 δικαιοσύνη

303 1353 463 1404 ἐστὶν
488 1355 515 1404 ὁ
547 1351 692 1416 Υἱὸς,
729 1351 829 1404 οὐκ
867 1350 975 1421 ἄρα
1015 1352 1177 1414 αὑτός
1223 1353 1374 1402 ἐστιν
1408 1350 1483 1413 ὡς
1515 1350 1696 1419 ἐνδεὴς
1729 1349 1890 1418 ὑψοῦ-

307 1462 500 1514 μενος,
537 1442 650 1494 ἀλλ’
688 1444 851 1512 ἡμεῖς
903 1445 1070 1512 ἐσμεν
1103 1445 1152 1494 cl.
1179 1445 1244 1511 τῇ
1279 1442 1595 1511 δικαιοσύνῃ
1645 1441 1886 1509 ὁρκούμε-

302 1553 414 1598 νοι,
454 1537 573 1606 ﬁt;
619 1536 767 1586 ἐστὶν
825 1535 1007 1597 αὑτός.
1041 1535 1150 1587 Καὶ
1177 1535 1285 1605 γὰρ
1308 1535 1401 1588 καὶ
1439 1535 1498 1588 τὸ
1533 1535 1888 1600 Ἐχαρίσατο

299 1626 473 1692 αὐτῷ
506 1628 565 1679 οὐ
607 1627 692 1678 διὰ
719 1625 811 1679 τὸν
852 1627 1024 1693 Λόγον
1063 1627 1374 1697 γέγραπται
1402 1641 1415 1655 ’
1451 1623 1517 1696 ἦν
1549 1626 1655 1695 γὰρ
1689 1626 1881 1688 πάλαι,

298 1718 405 1768 καὶ
433 1718 562 1785 πρὶν
589 1716 818 1786 γένηται
842 1716 1152 1782 ἄνθρωπος,
1178 1719 1670 1786 προσκυνούμενος,
1698 1715 1843 1767 ὥσπε
1855 1731 1886 1784 ρ

297 1807 522 1862 ἄνωθεν
565 1809 815 1876 εἴπομεν,
854 1809 961 1862 ὑπὸ
1009 1809 1256 1876 ἀγγέλων
1304 1809 1399 1862 καὶ
1440 1809 1620 1876 πάσης
1652 1807 1884 1869 κτίσεως

299 1900 450 1952 κατὰ
488 1899 588 1969 τὴν
635 1901 916 1969 Πατρικὴν
974 1900 1214 1969 ἰδιότητα
1251 1915 1266 1930 ’
1295 1899 1429 1952 ἀλλὰ
1475 1898 1544 1952 δι’
1576 1899 1744 1968 ἡμᾶς,
1790 1896 1887 1950 καὶ

298 1992 450 2062 ὑπὲρ
480 1991 640 2061 ἡμῶν
675 1992 838 2044 πάλιν
863 1993 1081 2063 εἴρηται
1106 1992 1268 2045 τοῦτο
1302 1993 1429 2062 περὶ
1458 1990 1646 2044 αὑτοῦ.
1677 1991 1883 2060 ’Ὠσπερ

297 2083 418 2153 γὰρ
459 2085 535 2148 ὡς
585 2083 873 2154 ἅνθρωπος
922 2085 948 2136 6
992 2084 1224 2153 Χριστὸς
1266 2083 1528 2145 ἀπέθανε,
1579 2083 1672 2135 καὶ
1719 2083 1886 2152 ὑπερ-

297 2177 524 2245 υψώθη,
581 2175 756 2236 οὕτως
811 2176 886 2237 ὡς
944 2176 1231 2244 ἄνθρωπος
1283 2175 1502 2242 λέγεται
1561 2175 1878 2244 ὶαμεάνειν,

301 2272 446 2339 ὅπερ
476 2266 624 2338 εἶχεν
656 2270 742 2322 ἀεὶ
777 2269 852 2329 ὡς
903 2269 1053 2331 Θεὸς.
1107 2269 1173 2320 ἵν’
1209 2271 1288 2330 είς
1319 2271 1466 2338 ἡμᾶς
1504 2269 1686 2340 φθάσῃ
1733 2271 1821 2321 καὶ
1852 2270 1884 2336 ἡ

304 2363 538 2431 τοιαύτη
585 2362 803 2414 δοθεῖσα
847 2362 1028 2431 χάρις.
1075 2362 1149 2413 Οὐ
1181 2362 1290 2429 γὰρ
1336 2361 1624 2430 ἠλαττώθη
1658 2363 1684 2412 6
1715 2361 1885 2425 Λόγος

313 2453 480 2521 σῶμα
531 2453 729 2515 λαϐὼν,
766 2455 853 2506 ἵνα
899 2455 993 2507 καὶ
1035 2454 1196 2523 χάριν
1238 2452 1454 2524 ζητήσῃ
1501 2452 1706 2514 λαϐεῖν,
1748 2453 1887 2505 ἀλλὰ

308 2549 518 2617 μᾶλλον
551 2548 642 2600 καὶ
673 2549 1046 2618 ἐθεοποίησεν,
1083 2550 1221 2618 ὅπερ
1252 2549 1562 2609 ἐνεδύσατο,
1598 2548 1690 2598 καὶ
1719 2546 1884 2599 πλέον

300 2642 604 2710 ἐχαρίσατο
634 2641 711 2710 τῷ
759 2642 905 2706 γένει
956 2640 1064 2692 τῶν
1101 2638 1406 2709 ἀνθρώπων
1458 2638 1634 2690 τοῦτο.
1675 2638 1886 2708 Ὠσπερ

295 2731 416 2802 γὰρ
453 2730 539 2783 ἀεὶ
565 2732 959 2798 προσεκυνεῖτο
996 2730 1167 2796 Λόγος
1200 2728 1299 2789 ὢν,
1331 2728 1425 2780 καὶ
1452 2731 1506 2780 ἐν
1539 2730 1721 2798 μ’ρφῇ
1749 2727 1884 2778 Θ-οῦ

297 2821 595 2891 ὑπάρχων,
627 2821 800 2882 οὕτως
837 2823 865 2872 ὁ
895 2821 1056 2884 αὐτὸς
1085 2819 1180 2884 ὢν,
1216 2821 1310 2871 καὶ
1340 2819 1628 2888 ἄνθρωπος
1660 2820 1884 2885 γενόμε-

301 2929 398 2972 νος
424 2911 649 2979 κληθείς
676 2930 735 2964 τε
779 2913 1012 2985 Ἰησοῦς,
1039 2912 1193 2964 οὐδὲν
1219 2907 1382 2984 ἦττον
1423 2912 1536 2980 ἔχει
1568 2913 1748 2964 πᾶσαν
1778 2910 1883 2961 ὑπὸ

303 3003 477 3066 πόδας
500 3006 601 3072 τὴν
627 3005 822 3069 κτίσιν,
841 3006 931 3057 καὶ
962 3006 1019 3058 ὲν
1043 3003 1215 3074 τούτῳ
1239 3004 1315 3073 τῷ
1339 3003 1562 3072 ὀνόματι
1592 3004 1657 3055 τὰ
1685 3005 1883 3069 γόνατα

303 3095 676 3164 κάμπτουσαν
705 3096 872 3164 αὐτῷ,
905 3097 998 3149 καὶ
1031 3094 1554 3164 ἐξομολογουμένη-ι,
1585 3096 1666 3147 ὅτι
1701 3097 1793 3148 καὶ
1824 3097 1884 3146 τὸ

298 3189 567 3256 γενέσθαι
596 3191 775 3257 σάρκα
805 3189 896 3241 τδν
930 3189 1121 3253 Λόγον,
1171 3189 1266 3240 καὶ
1312 3189 1540 3240 θάνατον
1589 3187 1881 3255 ὑπομεῖναι

301 3281 480 3350 σαρκὶ
509 3281 609 3335 οὐκ
639 3282 726 3332 ἐπ’
758 3279 942 3349 ἀδοξίᾳ
988 3282 1085 3348 τῆς
1133 3279 1388 3347 θεότητος
1429 3277 1591 3330 αὑτοῦ
1629 3278 1875 3346 γέγονεν,

297 3373 424 3428 ἀλλ’
458 3375 537 3436 εἰς
566 3372 724 3438 δόξαν
751 3370 885 3424 Θεοῦ
935 3370 1169 3438 Πατρός.
1215 3369 1352 3432 Δόξα
1392 3368 1446 3421 δὲ
1491 3371 1704 3438 Πατρός
1743 3369 1880 3433 ἐστι,

296 3468 400 3520 τὸν
453 3466 753 3534 γενόμενον
801 3463 1091 3532 ἄνθρωπον
1137 3463 1230 3514 καὶ
1277 3461 1612 3530 ἀπολόμενον
1658 3460 1889 3530 εὐρεθῆ-

299 3575 420 3619 ναι,
465 3558 562 3608 καὶ
589 3553 934 3624 νεκρωθέντα
987 3552 1413 3622 ζωοποιηθῆναι,
1453 3553 1549 3604 καὶ
1587 3553 1713 3603 ναὸν
1739 3552 1891 3620 γενέ-

299 3650 434 3703 σθαι
464 3649 620 3702 Θεοῦ.
645 3648 753 3700 Καὶ
785 3648 893 3717 γὰρ
915 3647 1008 3698 καὶ
1030 3645 1138 3698 τῶν
1193 3647 1249 3698 ὲν
1309 3645 1556 3715 οὐρανοῖς
1608 3645 1891 3713 δυνάμεων

1995 625 2064 678 de
2097 625 2252 678 nobis
2269 627 2659 680 exaltationem
2682 627 2915 694 Spiritus
2949 637 3173 680 sanctus
3200 633 3591 696 prmnuntiavit

1994 715 2048 768 in
2068 717 2405 782 octogesimo
2443 717 2655 770 l’snlmo
2684 733 2701 770 :
2733 718 2796 771 Et
2837 721 2887 769 in
2925 719 3127 783 iustitia
3159 728 3270 785 tua,
3313 721 3586 790 inquiens.

1993 807 2394 859 excitabuntur.
2426 807 2579 871 Quod
2609 810 2650 859 si
2684 807 2795 876 ipse
2832 807 2998 861 Fdzus
3024 810 3237 875 justitia
3295 823 3399 874 est,
3470 828 3581 865 nou

1994 896 2180 963 utique
2227 906 2481 964 tanquam
2523 897 2679 964 inops
2713 907 2796 949 est
2829 897 3123 959 exaltatus,
3164 898 3258 951 sed
3321 914 3419 951 nos
3479 915 3578 966 per

1987 989 2430 1058 justi-iam,qu
2481 989 2597 1057 ipse
2659 999 2763 1053 est,
2821 989 3035 1041 exalt-tti
3099 1006 3306 1042 smnus.
3367 990 3499 1042 Nam
3535 1008 3588 1059 et

1994 1078 2124 1132 illud
2156 1119 2171 1143 ,
2201 1079 2263 1130 Et
2301 1080 2510 1132 donavit
2539 1080 2637 1138 illi,
2671 1094 2780 1132 non
2818 1091 3038 1147 propter
3067 1080 3297 1132 \‘erbum
3323 1082 3583 1148 scriptum

1994 1179 2100 1222 est.
2137 1169 2252 1222 Jam
2292 1171 2436 1223 enim
2464 1179 2516 1223 et
2557 1181 2682 1224 ante
2738 1188 2896 1239 quam
2955 1172 3110 1224 ﬁeret
3155 1172 3338 1232 homo,
3404 1181 3460 1226 et
3516 1173 3585 1227 ab

1992 1262 2280 1331 angelis,et
2302 1267 2368 1315 ab
2389 1264 2640 1317 omnibus
2673 1264 2835 1317 rebus
2869 1263 3165 1332 procreatis
3194 1265 3261 1316 ob
3287 1274 3572 1332 paternam

1998 1358 2413 1424 proprietatem,
2442 1366 2498 1409 ut
2529 1357 2792 1420 diximus,
2828 1358 3190 1410 adorabatur:
3224 1357 3316 1411 sed
3366 1369 3586 1426 prepter

1997 1460 2141 1506 nos,
2164 1454 2216 1498 et
2247 1462 2344 1514 pro
2373 1447 2552 1508 nobis,
2595 1448 2697 1501 hoc
2728 1447 2856 1500 item
2901 1447 3103 1499 dictum
3123 1448 3188 1499 de
3208 1447 3328 1515 ipso
3346 1447 3583 1500 est.Ete-

1990 1536 2101 1590 nim
2132 1536 2384 1590 Christus
2411 1537 2868 1605 quemadmodum
2903 1547 2960 1590 ιιι
3015 1538 3177 1589 homo
3217 1547 3272 1589 et
3329 1547 3582 1591 mortuus

1991 1637 2043 1681 et
2071 1628 2334 1681 exaltatus
2364 1638 2470 1692 est,
2495 1629 2573 1682 sic
2600 1629 2763 1681 etiam
2791 1639 2847 1680 ut
2899 1628 3061 1680 bono
3115 1629 3311 1681 dicitur
3335 1629 3582 1696 accipere

1989 1718 2064 1778 id,
2087 1720 2229 1788 quod
2284 1735 2500 1788 semper
2540 1721 2773 1774 habebat
2805 1733 2862 1772 ut
2899 1722 3061 1784 Deus,
3093 1730 3148 1773 ut
3170 1721 3338 1789 gratia
3373 1721 3494 1774 data
3527 1721 3578 1773 in

1989 1826 2089 1864 nos
2124 1812 2449 1880 perveniret.
2481 1813 2598 1864 Non
2651 1813 2797 1865 enim
2839 1813 3183 1866 imminutum
3223 1822 3305 1866 est
3335 1811 3574 1866 Verbum

1925 1894 1962 1946 Β
1994 1917 2198 1970 corpus
2233 1916 2536 1963 assumens,
2568 1912 2624 1954 ut
2653 1903 2751 1956 sibi
2812 1903 3036 1972 gratiam
3097 1903 3425 1971 acquiretet,
3482 1903 3578 1958 sed

1989 1993 2189 2060 potius,
2226 2001 2282 2045 ut
2315 1993 2456 2056 quod
2496 1993 2747 2045 induerat
2779 2008 2997 2061 corpus,
3028 1993 3274 2046 divinum
3303 1994 3578 2048 redderet.

1988 2082 2121 2136 lllud
2153 2093 2332 2136 autem
2360 2086 2597 2136 bumano
2623 2085 2806 2152 generi
2842 2085 3082 2148 donavit,
3136 2093 3192 2137 ιιι
3219 2089 3580 2153 quemadmo-

1987 2174 2114 2227 dum
2151 2173 2383 2227 Verbum
2416 2187 2467 2227 et
2503 2177 2554 2226 in
2587 2174 2758 2227 forma
2796 2174 2887 2226 0ιὶ
2941 2179 3209 2229 exsistens
3231 2177 3578 2239 adorabatur,

1987 2268 2063 2320 sic
2078 2268 2241 2320 etiam
2259 2267 2459 2318 factum
2484 2267 2664 2329 homo,
2684 2277 3041 2333 vocatumque
3075 2266 3260 2328 Ja'sus,
3291 2268 3572 2320 nihilomi-

1987 2375 2090 2413 nus
2121 2375 2205 2412 res
2229 2373 2419 2413 omnes
2445 2367 2754 2427 procreatas
2777 2359 2876 2412 sub
2907 2359 3134 2425 pedibus
3181 2359 3406 2427 positas,
3431 2371 3482 2413 et
3507 2375 3576 2414 eo

1988 2451 2209 2505 nomine
2229 2466 2403 2520 genua
2421 2452 2522 2503 sibi
2553 2449 2853 2511 ﬂectentes,
2892 2466 3057 2518 seque
3076 2451 3446 2505 collaudantvs
3479 2452 3544 2504 lia
3565 2482 3580 2494 -

1989 2548 2160 2596 heret.
2201 2545 2275 2596 Ex
2317 2557 2383 2596 eo
2415 2544 2584 2610 enim,
2644 2542 2788 2611 quod
2832 2542 3058 2595 Verbum
3092 2558 3220 2595 caro
3252 2542 3453 2594 factum
3491 2551 3576 2596 est

1985 2647 2038 2688 et
2079 2646 2306 2687 mortem
2353 2635 2406 2687 in
2445 2650 2606 2686 carne
2639 2633 2880 2698 pertulit,
2909 2633 3112 2684 nullum
3143 2632 3207 2685 ad
3239 2631 3578 2685 divinitatem

1985 2730 2219 2782 dedecus
2277 2727 2542 2795 pervenit,
2599 2726 2692 2778 sed
2716 2726 2883 2794 gloria
2933 2724 3113 2793 potius
3143 2724 3208 2777 ad
3248 2724 3579 2777 Patre:n.Si-

1983 2819 2198 2887 quidem
2223 2818 2388 2884 gloria
2420 2817 2595 2870 Patris
2619 2825 2724 2875 est,
2757 2817 3099 2884 utlmmnqui
3127 2817 3361 2884 perierat
3391 2817 3582 2870 inven-

1987 2919 2072 2964 tus
2092 2912 2181 2975 sit,
2209 2919 2262 2964 et
2291 2912 2384 2978 qui
2417 2918 2664 2962 mortuus
2695 2917 2832 2972 erat,
2867 2911 2938 2961 sit
2993 2909 3044 2960 in
3066 2908 3229 2960 vitam
3287 2920 3576 2963 revocatus

1985 3012 2040 3055 et
2060 3001 2148 3054 liei
2172 3001 2428 3067 templum
2446 2999 2864 3064 evaserit.Quod
2885 3012 3063 3052 autem
3090 2999 3398 3059 Dominum,
3418 3015 3580 3068 quem

1985 3093 2214 3146 virtutes
2244 3079 2343 3144 ill:e
2371 3092 2620 3145 caelestes
2635 3107 2850 3160 semper
2881 3093 3203 3155 adorabaut,
3232 3108 3378 3146 nunc
3407 3093 3572 3146 etiam

1990 3181 2220 3233 adorent
2255 3179 2306 3231 in
2347 3179 2567 3231 nomine
2590 3177 2741 3238 Jesu,
2767 3190 2950 3231 nostra
2969 3180 3082 3232 haec
3103 3189 3186 3232 est
3219 3181 3386 3248 gloria
3406 3191 3571 3248 atque

1984 3272 2235 3326 exaltatio
2257 3310 2271 3333 ,
2290 3281 2343 3324 et
2366 3271 2508 3340 quod
2533 3270 2624 3324 Dei
2647 3269 2814 3324 FilZus
2839 3271 3000 3324 etiam
3016 3271 3180 3325 homo
3200 3271 3370 3325 fat-tus
3383 3273 3579 3326 colitur
3665 3314 3670 3319 .

1989 3376 2045 3418 et
2073 3365 2328 3418 aduratur
2356 3364 2423 3416 ab
2455 3363 2585 3430 ipsis
2620 3363 2916 3416 virtutibus
2943 3363 3280 3425 cmlestibus,
3315 3380 3436 3432 qua:
3467 3379 3572 3420 nos

1992 3468 2276 3530 consortes
2314 3456 2454 3524 ejus,
2486 3465 2724 3508 etunum
2757 3470 2878 3508 cum
2899 3456 3014 3523 ipso
3032 3470 3235 3524 corpus
3266 3455 3491 3510 eﬂ'ectos
3520 3464 3578 3510 et

1997 3549 2050 3603 in
2081 3548 2195 3601 loca
2235 3563 2330 3600 sua
2365 3547 2706 3600 introductos
2741 3561 2848 3600 non
2881 3547 3090 3600 alienos
3120 3555 3215 3600 aut
3258 3549 3578 3618 peregrinos

2001 3641 2407 3694 existimabunt.

295 3743 394 3795 ἀεὶ
424 3743 524 3809 μὲν
563 3739 987 3808 προσκυνουσῶν
1016 3739 1180 3791 αὑτὸν
1203 3778 1218 3801 ,
1254 3737 1676 3807 προσκυνουσῶν
1700 3735 1756 3787 δὲ
1797 3735 1890 3786 καὶ
1917 3732 2010 3785 νῦν
2036 3732 2092 3781 ὲν
2113 3729 2190 3797 τῷ
2219 3729 2448 3796 ὀνόματι
2490 3726 2664 3796 Ἰησοῦ
2700 3730 2791 3780 τὸν
2828 3728 3052 3796 Κύριον,
3073 3728 3232 3796 ἡμῶν
3269 3729 3415 3780 ἐστιν
3432 3727 3572 3794 αὕτη

297 3835 338 3903 ἡ
364 3834 550 3902 χάρις,
581 3833 674 3883 καὶ
702 3830 1056 3900 ὑπερύψωσις
1085 3830 1165 3882 ὃτι
1192 3845 1250 3882 τε
1284 3832 1374 3881 καὶ
1400 3829 1687 3899 ἄνθρωπος
1717 3827 2003 3896 γενόμενος
2027 3824 2406 3892 προσκυνεῖται
2445 3824 2473 3874 ὁ
2502 3822 2592 3873 τοῦ
2622 3819 2923 3889 ΘεοῦεΥἰὺς,
2959 3822 3050 3872 καὶ
3080 3819 3141 3872 οῦ
3171 3818 3574 3889 ξενισθήσοντα·

293 3927 359 3977 αἱ
392 3923 642 3993 οὐράνιαι
672 3921 947 3991 δυνάμεις,
969 3923 1398 3991 βλέπουσαιτοὺς
1434 3921 1752 3990 συσσώμους
1792 3917 2023 3978 ἐκείνους
2057 3915 2262 3977 πάντας
2303 3915 2448 3982 ἡμᾶς
2476 3913 2860 3982 εἰσαγομένους
2896 3915 2973 3974 εἰς
3001 3911 3100 3974 τὰς
3129 3912 3311 3981 χώρας
3338 3913 3569 3966 ἑαυτῶν.

745 4016 845 4070 Ἐκ
882 4015 990 4069 τοῦ
1024 4015 1211 4069 αὑτοῦ
1249 4017 1458 4082 λόγου.

379 4109 444 4161 Ei
469 4108 558 4161 διὰ
582 4107 641 4158 τὸ
671 4106 1093 4177 προσκυνεῖσθαι
1125 4108 1181 4158 ἐν
1207 4105 1284 4175 τῷ
1317 4105 1516 4173 ψαλμῷ
1545 4145 1558 4169 ,
1587 4102 1688 4155 Διά
1714 4099 1892 4154 τοῦτο

297 4198 520 4268 ἐχρισέ
539 4213 612 4251 σε
646 4199 676 4250 ὁ
716 4196 859 4262 Θεὸς
885 4198 917 4249 ὁ
945 4195 1087 4260 Θεός
1109 4208 1248 4257 σου,
1288 4195 1351 4246 ὲκ
1378 4195 1476 4262 τῆς
1504 4192 1589 4244 διὰ
1615 4190 1775 4243 τοῦτο
1803 4189 1893 4240 λέ-

303 4296 451 4358 ξεως
491 4292 764 4360 πρόφασιν
801 4289 963 4342 πάλιν
995 4290 1206 4348 ἑαυτοῖς
1241 4288 1320 4348 εἰς
1351 4285 1387 4339 ἆ
1428 4284 1708 4354 βούλονται
1740 4282 1895 4351 πορί-

303 4383 498 4446 ζονται
525 4397 539 4412 θ
573 4380 868 4450 γνώτωσαν
900 4381 948 4432 οἱ
977 4379 1083 4432 τῶν
1115 4377 1348 4448 Γραφῶν
1380 4376 1632 4445 ἀμαθεῖς,
1667 4375 1759 4426 καὶ
1789 4372 1891 4442 τῆς

303 4472 568 4535 ἀσεϐείας
608 4471 917 4539 ὲφευρεταὶ,
963 4470 1177 4536 ὃτιξκαὶ
1209 4467 1442 4521 ἐνταῦθα
1491 4467 1650 4520 πάλιν
1689 4465 1748 4518 τὸ
1790 4465 1890 4520 διὰ

303 4563 490 4618 τοῦτο
538 4563 598 4615 οὐ
645 4561 834 4630 μισθὸν
873 4560 1075 4631 ἀρετῆς
1120 4561 1154 4630 ἢ
1204 4558 1454 4628 πράξεως
1498 4556 1754 4627 σημαίνει
1795 4556 1888 4609 τοῦ

305 4653 513 4721 Λόγου,
547 4651 684 4704 ἀλλὰ
709 4651 770 4704 τὸ
795 4652 968 4704 αἴτιον
996 4647 1160 4702 πάλιν
1192 4649 1289 4715 τῆς
1321 4648 1399 4709 είς
1423 4647 1568 4716 ἡμᾶς
1599 4643 1762 4698 αὐτοῦ
1793 4662 1890 4699 κα-

303 4744 468 4797 θόδου
493 4781 510 4808 ,
543 4744 639 4796 καὶ
673 4743 772 4812 τῆς
802 4741 942 4811 ὑπὲρ
978 4741 1135 4810 ἡμῶν
1179 4740 1259 4796 εἰς
1291 4739 1451 4790 αὑτὸν
1485 4740 1775 4806 γινομένης
1799 4735 1890 4788 τοῦ

307 4831 634 4902 Πνεύματος
656 4831 910 4901 χρίσεως.
931 4830 1004 4882 Οὐ
1027 4829 1134 4898 γὰρ
1155 4824 1298 4890 εἷπε,
1313 4829 1410 4879 Διὰ
1428 4826 1586 4878 τοῦτο
1605 4826 1788 4894 ἔχρισε
1808 4842 1888 4889 σε,

305 4923 406 4975 ἵνα
439 4922 569 4992 γένῃ
615 4919 769 4984 Θεὸς,
802 4919 834 4990 ἢ
882 4918 1029 4981 Υἱὸς,
1069 4917 1100 4986 ἢ
1141 4917 1316 4983 Λόγος
1342 4930 1356 4944 ·
1391 4910 1459 4981 ἦν
1505 4914 1614 4982 γὰρ
1644 4916 1736 4966 καὶ
1787 4911 1893 4981 πρὸ

307 5010 534 5075 τούτου,
563 5012 657 5064 καὶ
683 5010 830 5062 ἔστιν
859 5009 970 5072 ἀεὶ,
995 5006 1245 5074 καθάπερ
1270 5003 1535 5058 δέδεικται
1563 5019 1574 5030 ·
1601 5001 1894 5082 mapa-

305 5106 430 5167 λον,
465 5103 685 5172 Ἐπειδὴ
733 5101 864 5165 Θεὸς
908 5095 975 5169 ἧς
1023 5099 1119 5152 καὶ
1164 5096 1436 5169 βασιλεὺς,
1470 5096 1554 5148 διὰ
1595 5095 1752 5175 τοῦτο
1798 5095 1892 5149 καὶ

304 5193 597 5264 ἑχρίσθης.
655 5192 807 5244 Ἐπεὶ
849 5191 969 5243 οὐδὲ
997 5189 1158 5244 ἄλλου
1185 5184 1252 5259 ἦν
1296 5185 1531 5254 συνάψαι
1559 5186 1648 5237 τὸν
1679 5185 1888 5256 ἄνθρω-

311 5302 424 5340 πον
464 5283 542 5354 τῷ
573 5283 848 5354 Πνεύματι
882 5280 959 5352 τῷ
993 5280 1132 5351 ἁγίῳ
1166 5279 1199 5350 ἢ
1249 5278 1367 5346 σοῦ,
1421 5278 1519 5348 τῆς
1555 5277 1760 5339 εἰκόνος
1792 5275 1888 5330 τοῦ

310 5374 553 5445 Πατρὸς,
597 5371 714 5425 καθ’
742 5375 807 5442 ἢν
836 5373 928 5423 καὶ
962 5370 1020 5434 ἐξ
1058 5369 1232 5440 ἀρχῆς
1280 5367 1604 5434 γεγόναμεν.
1646 5365 1746 5418 Σοῦ
1783 5365 1887 5435 γάρ

306 5469 432 5520 ἔστι
460 5468 557 5519 καὶ
588 5463 648 5517 τὸ
690 5463 936 5532 Πνεῦμα.
961 5462 1081 5514 Τῶν
1115 5461 1212 5530 μὲν
1242 5462 1351 5529 γὰρ
1381 5459 1624 5528 γενητῶν
1653 5459 1685 5528 ἡ
1726 5459 1886 5526 φύσις

307 5558 416 5611 οὐκ
444 5552 512 5626 ἦν
537 5554 847 5620 ἀξιόπιστος
875 5553 954 5614 εἰς
977 5549 1156 5616 τοῦτο,
1188 5549 1436 5616 ἀγγέλων
1470 5547 1571 5617 μὲν
1606 5547 1884 5618 παραϐάν-

307 5666 444 5712 των,
480 5645 786 5716 ἀνθρώπων
812 5644 867 5697 δὲ
904 5641 1394 5714 παρακουσάντων.
1431 5640 1528 5693 Διὰ
1557 5639 1718 5693 τοῦτο
1747 5637 1882 5691 Θεοῦ

387 5813 401 5841 ⁸
440 5807 579 5861 Psal.
612 5821 758 5866 itur,
790 5807 842 5867 8,

2553 4004 2637 4057 Ex
2668 4006 2850 4058 eodem
2876 4003 3028 4057 libro.

2081 4096 2161 4162 Si,
2190 4094 2446 4164 quoniam
2490 4095 2544 4148 in
2584 4096 2792 4164 psalmo
2824 4095 3086 4163 scriptum
3125 4103 3210 4148 est
3242 4111 3252 4144 :
3279 4094 3570 4163 Propterea

1991 4186 2142 4236 unxit
2177 4194 2225 4237 te
2251 4183 2413 4248 Deus,
2448 4182 2589 4236 Deus
2625 4193 2746 4236 tuus
2771 4183 2817 4245 ί,
2857 4181 3197 4236 occasionem
3241 4183 3305 4237 ad
3332 4199 3416 4247 ea,
3449 4199 3572 4252 qua:

1989 4275 2182 4328 volunt
2223 4273 2592 4328 conﬁrmanda
2642 4288 2707 4324 ex
2748 4271 2834 4324 his
2864 4271 3049 4326 verbis
3099 4272 3396 4341 arripiunt,
3448 4274 3568 4340 ani-

1996 4366 2339 4419 madvertant
2394 4366 2648 4418 homines
2712 4363 3123 4432 Scripturarum
3182 4364 3456 4433 imperiti,
3511 4373 3568 4419 et

1997 4457 2296 4527 impietatis
2327 4457 2662 4515 inventores,
2715 4455 2805 4509 hic
2829 4470 3047 4508 rursum
3081 4471 3192 4508 non
3230 4455 3390 4508 Veibi
3423 4471 3568 4523 prte-

1995 4549 2163 4604 mium
2197 4546 2416 4600 virtutis
2461 4544 2776 4605 actionisve,
2827 4543 2920 4597 sed
2982 4543 3282 4598 descensus
3323 4545 3470 4597 illius
3500 4545 3566 4596 ad

1996 4655 2116 4704 nos,
2150 4648 2206 4694 et
2249 4637 2524 4693 unctionis
2556 4635 2794 4706 Spiritus
2832 4635 2886 4688 in
2929 4635 3054 4703 ipso
3091 4649 3188 4702 pro
3223 4634 3381 4688 nobis
3411 4633 3567 4686 facta:

1998 4744 2220 4782 causam
2277 4725 2591 4798 significari.
2659 4726 2775 4778 Non
2827 4725 2972 4778 enim
3030 4724 3166 4777 dixit
3213 4740 3227 4776 :
3274 4723 3568 4791 Propterea

2002 4819 2158 4874 unxit
2197 4828 2250 4874 te
2275 4860 2288 4882 ,
2329 4831 2388 4872 ut
2429 4817 2592 4876 Deus.
2627 4826 2718 4870 aut
2761 4814 2870 4869 Rex
2898 4856 2912 4879 ,
2951 4825 3042 4868 aut
3073 4814 3260 4878 Filius,
3302 4823 3397 4886 aut
3437 4813 3544 4866 Ver

1993 4910 2124 4964 bum
2159 4910 2289 4974 tias;
2347 4917 2465 4962 erat
2498 4909 2644 4961 enim
2678 4919 2827 4969 ante,
2862 4915 2916 4959 et
2945 4920 3165 4972 semper
3217 4913 3322 4968 est,
3375 4912 3434 4956 ut
3467 4903 3567 4956 de-

1990 5001 2361 5063 claravimus;
2407 5000 2502 5053 sed
2575 4997 2777 5068 potius,
2837 4997 2973 5060 Quia
3019 4995 3160 5049 Deus
3209 5010 3288 5055 es,
3326 5002 3381 5048 et
3429 4993 3564 5060 Rex,

1989 5091 2197 5147 idcirco
2224 5101 2280 5145 et
2321 5101 2519 5145 unctus
2545 5105 2627 5143 es.
2674 5088 2942 5152 Quoniam
2976 5104 3083 5140 non
3117 5088 3181 5141 ad
3212 5087 3374 5141 alium
3411 5102 3568 5156 spec-

1989 5183 2154 5242 tabat,
2189 5181 2392 5250 Spiritu
2425 5188 2616 5233 sancto
2633 5179 3218 5250 bontinemintingere,
3255 5179 3358 5232 nisi
3388 5181 3454 5230 ad
3489 5188 3561 5241 te,

1988 5275 2080 5344 qui
2135 5272 2316 5327 Patris
2357 5273 2533 5340 imago
2565 5286 2654 5334 es,
2695 5271 2762 5325 ad
2794 5286 2957 5341 quam
2991 5271 3209 5340 quidem
3271 5269 3560 5338 imaginem

1989 5373 2043 5420 et
2073 5364 2231 5418 initio
2263 5363 2390 5418 facti
2422 5379 2631 5418 sumus.
2661 5362 2812 5418 Tuus
2833 5363 2979 5417 enim
3007 5373 3060 5417 et
3084 5363 3328 5433 Spiritus
3351 5371 3453 5416 est.
3481 5359 3560 5414 Ex

1988 5453 2153 5508 rebus
2197 5453 2343 5507 enim
2375 5454 2685 5522 procreatis
2730 5453 2876 5506 nulla
2933 5462 3053 5506 erat
3082 5453 3262 5522 digna,
3315 5450 3403 5506 cui
3457 5450 3561 5506 hoc

1987 5561 2185 5599 munus
2209 5548 2667 5611 committeretur,
2703 5559 2825 5598 cum
2857 5553 2912 5598 et
2946 5543 3120 5613 angeli
3178 5541 3558 5610 deliquissent,

1984 5646 2042 5691 et
2073 5636 2324 5691 homines
2350 5650 2458 5691 non
2493 5636 2985 5705 obtemperassent.
3011 5635 3360 5704 Quapropter
3390 5633 3558 5688 Deum
