4032 6288
530 365 640 432 ἒ59
1776 365 2164 428 EUTHYMII
2204 365 2558 428 ZIGABENI

3696 373 3805 437 360

532 496 600 536 ea
638 476 922 551 provincia
956 474 1292 549 postulabat;
1326 471 1469 529 Deus
1492 483 1676 528 autem
1701 484 1819 529 erat
1857 474 2116 538 Verbum,

2228 475 2381 545 χρεία
2405 470 2493 546 ἦν,
2516 474 2649 539 Θεὸς
2674 474 2729 528 δέ
2752 475 2900 529 ἐστιν
2924 478 2951 529 ὁ
2979 476 3176 545 Λόγος,
3207 475 3294 533 ἵνα
3317 477 3392 540 ὡς
3424 478 3529 534 ὑπὸ
3555 482 3806 552 κατάραν

531 583 594 629 ut
630 574 882 628 homines
907 569 1312 625 exsecratioais
1363 566 1641 621 obnoxios
1689 566 1971 620 liberaret.
2000 566 2118 620 .Iam

530 680 629 734 per
653 678 839 733 quem,
870 671 925 714 et
950 676 980 713 a
1019 675 1128 727 quo
1174 657 1473 727 Oportebat
1499 655 1605 710 nisi
1658 671 1756 725 per
1792 655 2014 717 Filium,
2068 664 2124 709 et

529 772 559 810 a
589 754 727 809 Filio
763 753 1031 822 Spiritum
1073 749 1212 813 dari,
1271 766 1395 803 rum
1436 749 1581 802 illius
1606 747 1846 817 Spiritus
1877 748 1949 802 sit
1975 747 1997 799 ?
2019 748 2120 801 Ec-

495 894 503 905 .
533 849 749 916 quando
777 854 963 898 autem
1000 858 1103 897 nos
1141 841 1413 911 Spiritum
1451 842 1633 911 ipsum
1661 841 1913 910 accipere
1948 839 2122 910 potui-

488 921 495 925 ’
531 954 671 1001 mus,
700 937 801 990 nisi
835 950 960 989 cum
997 932 1236 988 Verbum
1292 933 1456 987 homo
1490 932 1692 986 factum
1716 930 1839 985 est?
1870 929 2027 993 Nam,
2062 931 2121 983 ιιι

527 1028 775 1100 Apostoli
806 1027 970 1081 verba
1016 1025 1326 1095 signiﬁcant
1359 1065 1373 1089 ,
1414 1040 1523 1078 non
1576 1024 1873 1078 fuissemus
1909 1023 2121 1077 redem-

528 1123 631 1192 pti,
674 1120 779 1174 nisi
812 1119 904 1187 qui
955 1118 1008 1171 in
1040 1117 1215 1170 forma
1244 1117 1339 1171 Dei
1392 1128 1496 1179 est,
1529 1117 1671 1170 servi
1709 1115 1937 1170 formam
1967 1130 2122 1169 acce-

527 1215 723 1285 pisset.
798 1212 866 1265 Et
928 1209 1095 1263 David
1140 1209 1377 1274 indicat,
1441 1223 1544 1262 nos
1606 1223 1888 1277 nunquam
1948 1206 2119 1260 fuisse

536 1304 781 1374 Spiritus
847 1301 1175 1372 participes,
1230 1310 1325 1354 aut
1397 1310 1620 1354 sanctos
1698 1299 1931 1361 futuros,
2011 1296 2116 1352 nisi

525 1393 797 1458 Verbum,
845 1394 989 1462 quod
1025 1391 1291 1462 Spiritum
1335 1392 1627 1462 elargitur,
1684 1392 1939 1456 dixisset,
1975 1392 2117 1461 seip~

525 1505 647 1544 sum
674 1488 881 1558 Spiritu
918 1503 1015 1557 pro
1042 1487 1199 1541 nobis
1235 1486 1447 1554 inungi.
1483 1486 1603 1551 Quo
1625 1486 1845 1555 quidem
1870 1486 1924 1541 in
1951 1501 2116 1541 carne

532 1583 761 1635 inuncto
782 1592 836 1634 et
868 1596 967 1633 nos
995 1580 1148 1633 illum
1175 1580 1336 1649 plane
1359 1580 1693 1648 accepimus.
1727 1578 1909 1633 Carne
1960 1582 2111 1634 enim

529 1676 585 1729 in
651 1677 769 1744 ipso
827 1674 1064 1742 primum
1139 1674 1332 1727 ellecta
1387 1683 1600 1738 sancta,
1654 1686 1777 1726 cum
1822 1686 1921 1741 per
1969 1671 2115 1726 illam

526 1764 645 1831 ipse
671 1773 729 1816 ut
763 1763 927 1815 homo
968 1762 1185 1815 dicatur
1230 1761 1533 1830 acoepisse,
1560 1776 1660 1817 nos
1689 1776 1755 1815 ex
1791 1762 1912 1830 ejus
1939 1760 2115 1830 pleni-

527 1854 719 1909 tudine
746 1853 1102 1922 aettipientvs,
1148 1863 1569 1921 censi-quentem
1624 1850 1857 1921 Spiritus
1882 1851 2109 1921 gratiam

527 1947 866 2002 obtinemus.

1059 2038 1142 2092 Ex
1191 2038 1373 2092 eodem
1424 2036 1578 2091 libro.

601 2128 739 2183 lllud
772 2147 785 2183 :
819 2128 1067 2184 Dilexisti
1100 2129 1392 2196 iustitiam,
1420 2140 1467 2183 et
1511 2132 1669 2184 odisti
1710 2132 2041 2201 iniquitatem
2069 2131 2110 2191 ¹,

531 2235 663 2285 non,
701 2221 1163 2289 quemadmodum
1196 2237 1291 2275 ros
1330 2221 1919 2290 intelligitis,naturam
1951 2219 2113 2276 Verbi

527 2313 846 2366 mutabilem
864 2312 1157 2382 signiﬁcat.
1178 2311 1330 2377 Nam,
1345 2316 1471 2383 quia
1497 2330 1681 2368 rerum
1704 2324 2110 2383 procreatarum

528 2415 727 2459 natura
779 2403 1059 2459 mutabilis
1091 2408 1208 2471 test,
1267 2405 1501 2474 ideoque
1550 2406 1814 2473 etangeli
1867 2406 2114 2475 delique-

528 2504 681 2558 runt,
711 2504 767 2548 ut
789 2494 993 2547 dictum
1019 2502 1123 2555 est,
1154 2504 1209 2548 et
1235 2494 1486 2548 homines
1507 2510 1614 2549 non
1639 2496 2110 2564 obtemperarunt.

538 2586 604 2637 Et
646 2585 844 2639 horum
876 2585 1024 2639 actio
1047 2599 1159 2639 non
1187 2595 1269 2638 est
1315 2586 1469 2638 lirma
1492 2596 1545 2637 et
1586 2586 1817 2651 Stabiis,
1851 2586 1943 2640 sed
1968 2602 2113 2656 sa'pe

528 2676 817 2746 contingit,
861 2686 921 2731 ut.
954 2677 1047 2745 qui
1085 2678 1248 2730 modo
1280 2688 1403 2731 erat
1434 2677 1629 2742 bonus,
1681 2679 1844 2746 paulo
1879 2689 1999 2748 post
2033 2680 2114 2732 in-

532 2776 799 2829 vertatur.
851 2778 907 2823 et
935 2769 1076 2822 alius
1106 2768 1304 2822 evadat
1339 2784 1355 2833 ;
1384 2776 1437 2821 et
1469 2768 1558 2836 qui
1593 2769 1754 2837 paulo
1781 2780 1910 2823 ante
1930 2770 2113 2838 justus

529 2868 674 2922 erat,
730 2875 855 2912 nxnx
911 2859 1152 2927 iniustus
1208 2875 1329 2913 esse
1380 2861 1874 2929 deprehendatur:
1911 2861 2112 2915 idcirco

529 2964 662 3014 uno,
691 2952 783 3020 qui
817 2961 967 3006 essu
998 2952 1374 3016 immutabilis,
1395 2968 1533 3021 opus
1558 2962 1697 3014 erat,
1725 2952 1882 3020 cujus
1914 2953 2112 3007 inmm-

530 3040 1033 3111 tabilemjustitiam
1062 3043 1316 3098 homines
1349 3053 1602 3112 tanquam
1637 3042 1853 3096 virtutis
1879 3041 2110 3097 formam

528 3139 586 3184 et
647 3133 962 3203 exemplum
1024 3134 1370 3203 propositum
1407 3134 1693 3187 haberent.
1742 3133 1933 3200 Neque
1981 3149 2177 3217 veroc

530 3226 609 3279 uti
634 3225 846 3296 legibus
884 3227 1172 3289 obnoxius,
1196 3236 1248 3280 et
1279 3226 1332 3279 in
1360 3234 1645 3294 utramque
1668 3234 1875 3294 partem
1901 3226 2108 3280 habens

529 3317 979 3383 propensionem,
1009 3315 1112 3369 hoc
1172 3315 1392 3383 quidem
1444 3315 1648 3384 diligit,
1722 3315 1851 3369 illud
1923 3324 2105 3369 autem

528 3403 668 3468 odit,
691 3414 750 3456 ut
782 3404 1073 3457 amittendi
1112 3414 1261 3458 metu
1292 3407 1521 3458 alterum
1547 3406 1963 3474 complectatur,
1981 3422 2107 3462 cum

530 3494 740 3563 alioqui
804 3495 1086 3549 mutabilis
1136 3498 1241 3558 sit,
1300 3495 1396 3550 sed
1458 3505 1514 3548 ut
1575 3494 1670 3564 qui
1744 3497 1890 3551 Deus
1942 3507 2111 3552 estet

532 3585 768 3638 Verbum
825 3583 1021 3649 Patris,
1079 3586 1242 3655 iudex
1276 3588 1486 3641 exsistit
1530 3588 1732 3656 justus,
1789 3597 1844 3642 et
1893 3590 2110 3643 virtutis

533 3692 743 3743 amans,
778 3679 862 3733 vel
885 3678 1066 3748 potius
1099 3679 1373 3748 elargitor.
1402 3680 1591 3748 Itaque
1621 3680 1879 3749 quoniam
1914 3691 2110 3736 natura

526 3770 711 3840 justus
772 3785 835 3825 ac
894 3773 1019 3840 pius
1049 3779 1154 3836 est,
1190 3771 1397 3825 idcirco
1421 3772 1647 3842 diligere
1673 3772 1941 3842 justitiam
1975 3774 2113 3828 dici-

535 3875 649 3930 tur,
704 3862 1051 3933 iniquitatem
1087 3862 1290 3917 odisse.
1348 3861 1505 3927 Quod
1551 3863 1777 3932 perinde
1833 3874 1934 3927 est,
1977 3881 2040 3919 ac
2065 3866 2111 3920 si

540 3954 841 4019 diceretur,
890 3953 1068 4008 bonos
1120 3968 1185 4007 ac
1228 3954 1406 4024 justos
1460 3969 1644 4008 amare
1694 3956 2113 4025 complectique,

536 4047 710 4101 malos
734 4055 915 4099 autem
946 4056 1000 4099 et
1035 4046 1271 4115 injustos
1303 4046 1431 4099 odio
1464 4048 1719 4116 prosequi
1749 4058 1806 4101 et
1838 4049 2112 4103 insectari.

532 4137 683 4192 Idem
737 4138 883 4191 enim
924 4145 982 4190 et.
1036 4137 1104 4191 de
1147 4138 1307 4192 Patre
1342 4138 1538 4192 dicunt
1562 4138 1862 4208 Scriptura
1896 4139 2114 4195 :Justus

532 4229 814 4292 Dominus,
880 4239 928 4281 et
978 4229 1248 4297 justitiam
1278 4230 1460 4282 dilexit
1498 4230 1537 4282 ¹.
1568 4230 1649 4293 Ει,
1702 4229 1870 4286 Odisti
1915 4248 2113 4298 omnes,

535 4322 622 4388 qui
647 4329 934 4388 operantur
961 4319 1339 4388 iniquitatem’.
1371 4319 1458 4381 Et,
1486 4320 1650 4375 Jacob
1675 4323 1886 4391 quidem
1909 4323 2112 4392 dilexit,

537 4409 688 4463 Esau
721 4420 900 4464 autem
934 4410 1053 4463 odio
1085 4410 1265 4463 [tabuit
1291 4410 1331 4464 ³.

1076 4524 1157 4577 Ea:
1190 4526 1368 4577 eodem
1398 4525 1553 4579 libro.

535 4596 880 4668 Arianorum,
934 4604 981 4648 et
1025 4593 1309 4668 Valentini,
1342 4604 1390 4648 ct
1436 4596 1774 4665 Carpocratis
1802 4600 2114 4668 confatalia.

623 4666 881 4720 Valentini
917 4667 1128 4735 quidem
1175 4665 1438 4719 Christum
1502 4676 1552 4719 et
1603 4668 1812 4735 angelos
1877 4665 2116 4735 eiusdem

608 4738 812 4804 generis
847 4747 955 4789 esse
991 4737 1228 4793 dicentis.
1261 4745 1310 4788 et
1351 4736 1499 4788 illum
1543 4752 1705 4789 unum
1743 4754 1806 4791 ea:
1851 4736 1955 4791 illis
2009 4758 2116 4795 esse

608 4810 916 4871 asserentis;
951 4807 1505 4877 (Iarpocratisiautem
1563 4808 1815 4859 mundum
1865 4825 1957 4877 per
2015 4829 2115 4865 an-

612 4880 756 4945 gelos
796 4879 954 4947 fuisse
999 4879 1192 4945 fartum
1234 4876 1587 4945 aﬂirmantis;
1626 4878 1949 4932 Arianorum
1996 4897 2117 4936 vero

596 4948 810 5001 xFilium
846 4963 962 5000 cum
989 4947 1189 5016 angelis
1226 4948 1673 5016 comparantium.

629 5105 705 5157 De
737 5103 1039 5157 ministerio
1075 5102 1289 5159 Veteris
1336 5114 1390 5158 et
1422 5103 1554 5160 Novi
1601 5103 1934 5163 Testamenti
1976 5109 2123 5178 judi-

541 5200 684 5251 cium
712 5195 891 5249 ferens
914 5197 1210 5265 Apostolus
1236 5198 1583 5261 audacter,ad
1611 5196 1825 5253 Judaeos
1849 5200 2120 5261 scribens,

545 5290 737 5355 Tanto,
766 5291 959 5357 inquit.
986 5289 1167 5341 melior
1196 5290 1394 5358 angelis
1421 5292 1590 5359 factus
1614 5291 1655 5351 ’⁵,
1687 5301 1791 5346 etc.
1819 5293 2024 5347 Idcirco
2050 5295 2124 5347 uti

546 5383 720 5437 noluit
766 5383 1010 5437 absoluta
1049 5381 1471 5451 comparatione,
1504 5398 1569 5437 ac
1597 5384 1800 5448 dicere,
1833 5386 2007 5454 major
2029 5396 2125 5440 aut

540 5470 870 5535 honoratior,
907 5485 970 5523 ue
1000 5471 1122 5539 quis
1150 5473 1217 5524 de
1252 5469 1468 5524 Christo
1499 5471 1641 5526 etde
1669 5474 1873 5543 angelis
1901 5475 1976 5538 id,
2002 5485 2124 5528 tan-

541 5577 701 5630 quam
752 5563 820 5616 de
863 5562 933 5616 iis
981 5562 1071 5631 qui
1133 5563 1379 5632 ejusdem
1428 5574 1612 5618 essent
1648 5565 1884 5635 generis,
1918 5565 2123 5620 dictum

542 5651 895 5706 existimaret.
926 5652 1032 5706 Sed
1093 5653 1227 5707 dixit
1271 5653 1476 5718 melior,
1525 5665 1583 5709 ut
1626 5665 1830 5711 natura:
1872 5657 2125 5712 diﬂ‘ercn-

616 5766 631 5794 ¹
663 5764 804 5820 Psal.
846 5782 990 5833 XLIV,
1016 5771 1070 5823 8.
1148 5772 1167 5801 ¹
1194 5770 1341 5824 Psal.
1373 5786 1425 5837 ν,
1452 5771 1503 5823 7.
1588 5771 1606 5801 ³
1639 5769 1795 5824 Rout.
1831 5787 1907 5837 Ix,
1943 5772 2028 5826 15.

2138 4491 2191 4551 D

2226 568 2553 636 γενομένους
2602 568 2766 632 αὐτὸς
2812 570 3178 641 ἐλευθερώσῃ.
3231 572 3329 624 Διά
3374 572 3517 640 τινος
3567 574 3646 641 δὲ,
3709 578 3807 628 καὶ

2225 659 2376 726 παρὰ
2405 659 2549 723 τίνος
2578 659 2685 713 ἔδει
2717 660 2777 714 τδ
2811 662 3032 731 Πνεῦμα
3064 661 3297 715 δίδοσθαι
3326 663 3358 731 ἢ
3384 663 3473 716 διὰ
3504 664 3600 717 τοῦ
3634 665 3769 719 Υίοῦ
3791 706 3809 731 ,

2223 744 2284 804 οὗ
2328 754 2420 803 καὶ
2464 754 2525 803 τὸ
2551 752 2779 822 ΙΙνεῦμά
2821 756 2975 815 tam;
3026 753 3161 806 Πότε
3194 754 3249 807 δὲ
3292 754 3591 824 λαμϐάνειν
3641 759 3813 829 ⁴ἡμεῖς

2224 843 2549 914 ἐδυνάμεθα,
2575 847 2623 899 εί
2647 848 2721 916 μὴ
2748 849 2835 899 ὅτε
2864 849 2890 899 ὁ
2912 847 3082 914 Λόγος
3106 847 3326 915 γέγονεν
3348 848 3669 918 ἄνθρωποςς
3697 852 3815 905 Καὶ

2225 934 2418 1006 ὥσπερ
2445 937 2505 990 τὸ
2548 939 2698 1008 παρά
2735 938 2812 1009 τῷ
2855 939 3167 1011 Ἀποστόλῳ
3202 940 3493 1010 λεγόμενον
3531 942 3817 997 δείκνυσιν

2228 1029 2309 1080 ὅτι
2328 1028 2429 1080 οὐκ
2454 1029 2519 1083 ἂν
2541 1029 2952 1101 ὲλυτρὼοημεν,
2977 1032 3025 1083 εί
3048 1031 3124 1101 μὴ
3152 1034 3178 1083 ὁ
3204 1033 3260 1085 ὲν
3280 1034 3460 1101 μορφῇ
3484 1030 3621 1083 Θεοῦ
3635 1033 3819 1103 ὑπάρο

2221 1139 2333 1191 χων
2363 1122 2521 1175 ἔλαϐε
2548 1124 2736 1177 δούλου
2769 1126 2984 1193 μορφήν
3009 1140 3022 1153 ⁸
3054 1123 3196 1176 οὕτω
3218 1125 3312 1177 καὶ
3343 1126 3369 1177 ὁ
3402 1124 3564 1177 Δαϐἱδ
3591 1124 3817 1178 δείκκυ-

2222 1230 2307 1265 σιν
2335 1214 2419 1267 ὅτι
2449 1216 2547 1268 οὐκ
2573 1215 2639 1269 ἂν
2662 1216 2835 1278 ἄλλως
2869 1217 3204 1285 μετέσχομεν
3228 1216 3322 1269 τοῦ
3347 1216 3685 1286 Πνεύματος,
3716 1219 3816 1271 καὶ

2221 1305 2586 1377 ἡγιάσθημεν,
2637 1308 2685 1359 εί
2731 1307 2806 1378 μὴ
2853 1307 2880 1361 ὁ
2933 1306 3026 1359 τοῦ
3075 1306 3392 1377 Πνεύματος
3430 1306 3595 1377 δοτὴρ
3640 1306 3810 1376 αὐτὸς

2219 1396 2247 1447 ὁ
2303 1397 2474 1463 Λόγος
2522 1397 2709 1464 ἔλεγεν
2762 1396 2953 1450 ἑαυτὸν
3002 1397 3141 1466 ὑπὲρ
3190 1398 3347 1466 ἡμῶν
3394 1397 3472 1466 τῷ
3524 1398 3810 1467 Πνεύματι

2219 1490 2490 1560 χρίεσθαι.
2526 1490 2615 1543 Διὸ
2638 1491 2729 1544 καὶ
2752 1489 2987 1560 βεϐαίως
3010 1489 3298 1557 ἐλάϐομεν,
3316 1490 3479 1543 αὐτοῦ
3507 1490 3809 1561 λεγομένου

2218 1579 2522 1648 κεχρῆσθαι
2558 1580 2743 1650 σαρκί.
2779 1580 2891 1648 Τῆς
2924 1578 3033 1647 γάρ
3067 1579 3125 1629 ὲν
3158 1578 3306 1646 αὐτῷ
3338 1581 3542 1649 σαργὸς
3571 1580 3808 1651 πρώτης

2219 1667 2595 1737 ἀγιασθείσης,
2630 1670 2724 1722 καὶ
2754 1666 2919 1722 αὐτοῦ
2955 1667 3251 1738 λεγομένου
3282 1667 3351 1719 δι’
3380 1669 3550 1738 αὐτὴν
3580 1670 3807 1740 εἰληφέ-

2218 1774 2305 1811 ναι
2338 1758 2413 1821 ὡς
2439 1757 2751 1828 ἀνθρώπου,
2779 1760 2937 1828 ἡμεῖς
2967 1758 3443 1812 ἐπακολουθοῦσαν
3473 1758 3671 1829 ἔχομεν
3705 1761 3810 1829 τὴν

2215 1850 2309 1904 τοῦ
2335 1849 2650 1917 Πνεύματος
2679 1849 2840 1921 χάριν
2862 1853 2927 1904 έκ
2951 1850 3045 1903 τοῦ
3074 1851 3440 1921 πληρώματος
3470 1853 3636 1905 αὑτοῦ
3664 1854 3811 1923 λαμ-

2215 1944 2491 2007 ϐἀνοντες.

2673 2036 2768 2089 Ἐκ
2802 2036 2908 2090 τοῦ
2935 2035 3125 2090 αὐτοῦ
3148 2037 3357 2104 λόγου,

2284 2130 2379 2193 Τδ,
2399 2131 2754 2198 ἰιγάπησας
2770 2128 3195 2193 δικαιοσύνην,
3219 2128 3317 2181 καὶ
3344 2128 3650 2197 ἐμίσησας
3671 2128 3780 2183 ἀδι
3796 2157 3808 2168 ~

2214 2224 2376 2285 κίαν,
2413 2220 2756 2291 πρόσκειται,
2790 2218 2888 2289 οὐχ
2919 2218 2994 2278 ὡς
3031 2216 3187 2287 ὑμεῖς
3219 2220 3391 2271 νοεῖτε
3422 2219 3663 2290 τρεπτὴν
3698 2221 3809 2272 δει-

2214 2315 2467 2375 κνύοντος
2514 2311 2610 2364 τοῦ
2641 2312 2819 2377 Λόγου
2852 2308 2951 2380 τὴν
2983 2309 3169 2378 φύσιν,
3206 2309 3344 2362 ἀλλά
3374 2310 3575 2379 μᾶλλον
3604 2310 3705 2364 καὶ
3739 2313 3805 2363 ἐκ

2213 2405 2405 2459 τούτου
2436 2404 2496 2457 τὸ
2530 2404 2802 2475 ἄτρεπτον
2835 2400 3005 2454 αὐτοῦ
3039 2401 3383 2471 σημαίνεται.
3428 2401 3648 2473 Ἐπειδὴ
3689 2404 3811 2474 γὰρ

2212 2495 2321 2549 τῶν
2348 2495 2594 2564 γενητῶν
2621 2495 2654 2562 ἡ
2683 2492 2842 2560 φύσις
2872 2491 2990 2545 ἐστὶ
3018 2490 3229 2561 τρεπτὴ
3251 2532 3267 2556 ,
3298 2493 3391 2544 καὶ
3416 2495 3467 2546 oi
3496 2492 3593 2562 μὲν
3624 2495 3813 2564 παρέ-

2216 2586 2413 2655 ϐησαν,
2437 2584 2485 2636 οἱ
2514 2583 2571 2637 δὲ
2599 2583 2982 2654 παρήκουσαν,
3011 2581 3203 2651 ὥσπερ
3235 2581 3472 2651 εἴρηται,
3507 2583 3542 2653 ἦ
3566 2601 3624 2636 τε
3656 2587 3816 2649 πρᾶ-

2218 2677 2299 2741 ξις
2330 2676 2508 2730 αὐτῶν
2538 2675 2639 2728 οὐκ
2667 2673 2783 2727 ἐστι
2815 2672 3033 2743 βεϐαία,
3062 2673 3198 2728 άλλά
3226 2673 3487 2736 πολλάκις
3519 2674 3815 2743 ἐνδέχεται

2212 2768 2306 2822 τὸν
2352 2766 2445 2820 νῦν
2487 2765 2687 2834 ἀγαθὸν
2722 2765 2858 2835 μετά
2896 2764 3070 2838 ταῇτα
3115 2764 3435 2835 τρέπεσθαι,
3473 2765 3567 2819 καὶ
3610 2765 3816 2837 ἕτερόν

2213 2876 2336 2912 τινα
2372 2858 2650 2927 γενέσθαι,
2685 2858 2760 2921 ὼς
2792 2857 2885 2910 τὸν
2916 2857 3039 2927 ἄρτι
3068 2856 3278 2909 δίκαιον
3310 2856 3496 2909 ἄδικον
3538 2858 3657 2926 μετ’
3681 2859 3815 2910 ὀλί-

2215 2968 2310 3019 γον
2340 2950 2627 3019 εὑρεθῆναι
2647 2965 2662 2980 ⁸
2691 2949 2779 3002 διὰ
2805 2948 2962 3002 τοῦτο
2994 2948 3156 3002 πάλιν
3188 2950 3459 3018 ἀτρέπτου
3486 2948 3668 3019 χρεία,
3711 2949 3817 3005 ἵνα

2214 3047 2273 3097 τὸ
2316 3043 2694 3113 ἀμετάϐλητον
2723 3043 2821 3109 τῆς
2853 3040 2946 3096 τοῦ
2991 3041 3167 3110 Λόγου
3209 3041 3558 3108 δικαιοσύνης
3597 3043 3817 3113 ἔχωσιν

2216 3136 2420 3199 εἰκόνα,
2454 3135 2548 3185 καὶ
2577 3132 2744 3185 τύπον
2781 3131 2918 3201 πρὸς
2944 3132 3143 3202 ἀρετὴν
3176 3132 3225 3183 οἱ
3256 3130 3554 3201 ἄνθρωποι.
3585 3132 3702 3205 03x
3731 3131 3815 3197 ὡς

2214 3225 2573 3295 ὑποκείμενος
2613 3223 2668 3276 δὲ
2711 3224 2923 3291 νόμοις,
2965 3222 3059 3275 καὶ
3097 3220 3196 3289 τὴν
3236 3224 3329 3274 ἐπὶ
3381 3222 3583 3291 Θάτερα
3623 3225 3815 3295 ῥοπὴν

2216 3318 2354 3388 ἔχων
2378 3316 2437 3369 τὸ
2464 3316 2562 3386 μὲν
2592 3316 2800 3386 ἀγαπᾷ,
2832 3314 2893 3366 τὸ
2922 3314 2979 3367 δὲ
3007 3317 3176 3384 μισεῖ,
3206 3314 3291 3365 ἵνα
3320 3314 3469 3384 φόϐῳ
3491 3315 3583 3369 τοῦ
3613 3315 3816 3369 πεσεῖν

2215 3412 2275 3465 τὺ
2296 3410 2383 3465 ’ἐτε
2394 3427 2484 3481 ρον
2502 3407 2921 3479 προσλαμϐάνῃ,
2941 3407 3032 3459 καὶ
3057 3406 3232 3469 ἄλλως
3259 3406 3417 3458 πάλιν
3436 3423 3526 3474 τρε
3538 3404 3665 3469 me;
3690 3409 3818 3461 εἰσ-

2217 3505 2444 3572 άγηται.
2482 3500 2622 3553 Ἀλλ’
2652 3500 2726 3561 ὡς
2770 3498 2901 3561 θεὸς
2936 3496 3039 3563 ὣν,
3076 3498 3169 3551 καὶ
3216 3498 3389 3565 Λόγος
3420 3497 3513 3550 τοῦ
3548 3497 3772 3570 Πατρδς
3798 3540 3815 3563 ,

2216 3611 2408 3666 κριτης
2448 3594 2566 3646 ἑστι
2627 3592 2833 3655 δίκαιος
2879 3592 2975 3644 καὶ
3015 3589 3341 3660 φιλάρετος,
3386 3590 3585 3659 μᾶλλον
3612 3590 3668 3642 δὲ
3707 3593 3817 3645 καὶ

2215 3686 2451 3760 χορηγὸς
2474 3684 2928 3755 ἀρετῆς.Δὶκαιος
2957 3679 3050 3736 οὖν
3081 3684 3243 3752 φύσει
3274 3683 3367 3736 καὶ
3398 3685 3541 3747 ὅσιος
3568 3681 3672 3748 ὢν,
3714 3684 3817 3739 διὰ

2216 3779 2379 3833 τοῦτο
2415 3778 2637 3847 ἀγαπᾷν
2670 3776 2888 3845 λέγεται
2918 3773 3268 3845 δικαιοσύνην
3291 3814 3305 3839 ,
3341 3774 3438 3829 καὶ
3470 3778 3649 3845 μισεῖν
3676 3776 3818 3829 ἀδι-

2217 3869 2363 3923 κίαν.
2383 3866 2553 3922 Τοῦτο
2579 3865 2637 3918 δὲ
2661 3866 2775 3918 ἴσον
2797 3864 2875 3934 τῷ
2900 3866 3097 3929 εἰπεῖν,
3124 3866 3205 3918 ὅτι
3228 3864 3351 3927 τοὺς
3381 3865 3482 3935 μὲν
3510 3867 3817 3935 ἐναρέτους

2215 3962 2430 4030 ἀγαπᾷ,
2479 3960 2571 4011 καὶ
2609 3956 3110 4027 προσλαμϐάνει-αι,
3143 3958 3268 4020 τοὺς
3307 3956 3363 4011 δὲ
3404 3956 3621 4019 ἀδίκους
3658 3958 3813 4012 ἀπο-

2220 4050 2515 4120 στρέφεται
2569 4050 2664 4102 nat
2693 4048 2861 4116 μισεῖ.
2898 4046 3004 4099 Καὶ
3036 4048 3143 4117 γάρ
3177 4047 3269 4100 καὶ
3302 4047 3431 4118 περὶ
3462 4047 3554 4099 τοῦ
3586 4049 3816 4118 [ἰατρὸς

2216 4143 2278 4196 τὸ
2306 4142 2437 4197 αὐτὸ
2466 4142 2718 4208 λέγουσιν
2752 4141 2807 4193 αἱ
2838 4140 2980 4193 θεῖαι
3016 4139 3257 4209 Γραφαίο
3291 4143 3528 4206 Δίκαιος
3555 4140 3810 4208 Κύριος,

2217 4232 2316 4286 καὶ
2349 4231 2746 4295 δικαιοσύνας
2780 4229 3097 4297 ἠγάπησε,
3136 4229 3235 4282 καὶ
3269 4229 3528 4299 ἐμίσησε
3564 4229 3815 4296 πάντας

2217 4325 2359 4390 τοὺς
2388 4320 2814 4393 ἐργαζομένους
2867 4321 2979 4388 τὴν
3036 4321 3319 4391 ἀνομίαν,
3366 4321 3494 4384 καὶ,
3523 4320 3640 4376 Τὸν
3680 4322 3817 4391 μὲν

2232 4414 2443 4471 Ἰακὼϐ
2468 4413 2773 4483 ἠγάπησε,
2799 4413 2908 4467 τὸν
2936 4412 3005 4466 δὲ
3033 4412 3225 4467 Ἠσαῦ
3248 4413 3563 4483 ἐμίσησεν.

2210 4511 2218 4518 ’
2655 4526 2758 4580 Ἐκ
2791 4526 2897 4579 τοῦ
2930 4526 3120 4582 αὑτοῦ
3157 4527 3371 4595 λόγου.

2221 4600 2515 4668 Ἔλεγχος
2564 4596 2896 4665 Ἀρειον-ῶν,
2934 4597 3033 4650 καὶ
3070 4594 3474 4668 Βαλεντίνων,
3512 4594 3610 4668 ita}
3648 4599 3814 4667 Καρ-

2289 4664 2650 4736 ποᾶιράτους.
2711 4667 3082 4736 Βαλεντίνου
3149 4667 3265 4735 μὲν
3321 4664 3627 4736 ὁμογενεῖς
3690 4664 3815 4720 τοῦ

2289 4734 2549 4807 Χριστοῦ
2581 4736 2871 4805 λέγοντος
2896 4735 3037 4807 τοὺς
3060 4734 3378 4804 ἀγγέλους,
3396 4736 3513 4807 ,καὶ
3535 4734 3817 4807 ἒνᾳτούτ

2292 4805 2410 4861 των
2461 4806 2783 4873 ποιοῦντος
2828 4805 3034 4876 αὑτὸν.
3090 4805 3554 4876 Καρποκράτους
3600 4805 3670 4858 δὲ
3724 4806 3813 4859 δι’

2294 4876 2567 4947 ἀγγέλων
2584 4876 2872 4947 λέγοντος
2890 4874 3397 4947 δημιοιφγὴθῆναι
3422 4876 3527 4931 τὸν
3542 4877 3810 4947 κόσμον,

2298 4945 2606 5016 Ἀρειανῶν
2650 4945 2718 4999 δὲ
2763 4946 2912 5015 πρὸς
2954 4945 3251 5015 ἀγγέλους
3297 4946 3401 5000 τὸν
3470 4946 3611 5000 nor
3653 4958 3815 5014 συγ·-

2290 5020 2639 5085 κρινόντων.

2290 5114 2402 5181 Τὴν
2427 5109 2708 5165 διακονίαν
2731 5110 2932 5179 κρίνων
2952 5108 2982 5159 ὁ
3013 5104 3335 5168 Ἀπόστολος
3352 5105 3447 5172 τῆς
3472 5122 3533 5157 τε
3555 5103 3809 5166 Halani;

2223 5205 2319 5261 κιὶ
2378 5208 2476 5274 τῇς
2536 5203 2747 5272 Καινῆς
2811 5199 3250 5270 παρρησιάζεται
3321 5197 3456 5267 πρὸς
3513 5196 3809 5259 Ἰουδαίους

2224 5298 2476 5367 γράφων,
2494 5295 2591 5348 καὶ
2612 5294 2810 5362 λέγων,
2851 5292 3124 5357 Τοσούτῳ
3159 5294 3444 5358 κρείττων
3470 5290 3811 5357 γενόμενος

2226 5383 2343 5438 τῶν
2370 5382 2669 5451 ἀγγέλων.
2703 5379 2802 5433 Διά
2832 5378 2992 5432 τοῦτο
3022 5377 3154 5446 γοῦν
3182 5378 3302 5433 οὐδὲ
3331 5378 3392 5429 τὸ
3417 5378 3536 5430 ὅλον
3566 5392 3813 5445 συγκρι-

2225 5476 2392 5539 τικῶς
2430 5474 2619 5545 εἴρηκε
2635 5472 2903 5543 μείζωνῆ
2930 5472 3306 5542 τιμιώτερος,
3344 5472 3429 5525 ινα
3457 5471 3531 5541 μὴ
3560 5469 3641 5532 ὡς
3672 5470 3813 5539 περὶ

2225 5566 2503 5636 ὁμογενῶν
2551 5565 2795 5630 τούτων,
2847 5565 3119 5619 κάκείνων
3169 5583 3254 5628 τις
3303 5563 3621 5635 λογίσηται,
3666 5561 3814 5615 ἀλλὰ

2226 5658 2764 5729 κρείττων-εἴρηκεν,
2783 5657 2872 5711 ἵνα
2899 5655 2960 5710 τὸ
2989 5656 3303 5710 διαλλάττον
3331 5655 3426 5725 τῆς
3458 5654 3675 5724 φύσεως
3703 5651 3812 5705 τοῦ

2107 5770 2127 5801 ⁸
2160 5770 2320 5826 llebr.
2359 5788 2396 5833 ι.
2425 5772 2478 5826 4.
