4120 6292
600 300 713 365 363
1842 298 2222 361 summu
2266 297 2629 359 nomen:
3699 311 3781 372 35;

602 421 752 476 sunt,
800 425 927 466 cum
976 412 1271 481 loquimur,
1314 418 1427 466 tum
1463 425 1593 466 voce
1624 410 1751 474 hac,
1789 411 1997 475 melius,
2028 418 2162 464 recti

2232 416 2250 468 ι
2279 410 2503 481 ἄλληλα,
2522 412 2642 464 τότε
2669 410 2732 463 τὸ
2760 411 3007 481 κρεῖττον
3031 411 3166 481 πρὸς
3192 411 3253 466 τὸ
3271 413 3565 469 διαλλάττον
3585 417 3779 486 λέγεται,

603 504 833 565 utimur,
887 502 1343 572 quemadmodum
1386 502 1457 555 de
1502 502 1790 571 sapientia,
1819 510 1876 555 et
1910 500 2178 570 lapidibus

600 595 807 649 dictum
854 603 959 648 est.
997 594 1176 659 Quare
1202 593 1246 648 si
1299 592 1527 646 dixisset
1564 592 1849 661 Apostolus
1881 608 1895 646 :
1939 592 2173 645 Tantum

605 687 817 757 angelis
853 685 1022 740 Filius
1050 694 1293 755 praestat,
1322 697 1413 739 aut
1442 694 1593 740 tanto
1618 686 1794 753 major
1815 694 1919 748 est,
1945 685 2177 754 possetis

604 777 807 842 dicere,
830 777 1023 831 Filium
1046 792 1169 833 cum
1191 776 1665 846 angelisconlerri.
1684 776 1839 830 Nunc
1855 788 2032 829 autem
2051 790 2175 830 cum

599 869 769 933 dicat,
810 869 963 924 illum
996 877 1148 922 tanto
1184 866 1389 939 angelis
1416 869 1721 933 meliorem,
1758 876 2078 937 tantumque
2107 868 2176 921 ab

600 960 708 1014 illis
737 959 945 1013 distare
1002 970 1267 1029 quantum
1298 975 1328 1012 a
1365 959 1539 1013 servis
1567 960 1708 1019 [ilius
1729 958 1928 1023 distat,
1954 972 2079 1012 eum
2110 957 2177 1012 ab

599 1052 807 1123 angelis
835 1060 1034 1105 natura
1081 1054 1360 1106 diversum
1382 1066 1507 1105 esse
1530 1052 1892 1106 demonstrat.
1920 1051 2166 1119 Cumque

600 1158 790 1197 rursus
823 1143 987 1207 dicat,
1022 1159 1146 1197 eum
1179 1144 1364 1198 omnia
1396 1143 1678 1209 fundasse,
1708 1144 1969 1206 declarat,
1994 1144 2171 1212 ipsum

597 1237 667 1290 ab
718 1237 973 1291 omnibus
1027 1238 1189 1290 rebus
1258 1237 1562 1305 procreatis
1595 1237 1864 1291 diversam
1916 1245 2169 1290 naturam

597 1329 821 1383 habere.
861 1328 1070 1383 Idcirco
1118 1330 1265 1382 enim
1304 1337 1365 1382 et
1408 1327 1576 1382 Filius
1630 1344 1738 1382 non
1772 1329 1905 1383 dixit
1952 1346 1965 1381 :
2006 1328 2172 1381 Pater

598 1422 785 1475 melior
814 1439 893 1474 me
932 1431 1029 1483 est,
1088 1437 1157 1474 ne
1195 1421 1317 1490 quis
1347 1436 1405 1474 se
1440 1437 1470 1473 a
1505 1420 1681 1474 Patris
1711 1428 1905 1473 natura
1935 1420 2169 1472 alienum

597 1513 829 1574 diceret,
879 1513 971 1565 sed
1004 1512 1160 1575 dixit,
1199 1512 1370 1581 major
1398 1528 1478 1565 me
1502 1521 1579 1565 est
1616 1512 1655 1573 ’,
1704 1527 1813 1565 non
1846 1511 1954 1563 ulla
1985 1521 2169 1564 tamen

598 1601 987 1671 magnitudine,
1020 1614 1124 1653 nec
1152 1608 1412 1669 tempore,
1446 1600 1543 1653 sed
1559 1599 1629 1652 ob
1664 1598 1717 1652 id
1744 1596 1885 1666 quod
1918 1602 1980 1649 ex
2010 1596 2169 1649 Patre

596 1694 815 1760 genitus
855 1700 958 1745 est.
988 1691 1127 1756 Quin
1164 1691 1324 1744 etiam
1355 1690 1652 1758 Apostolus
1686 1689 1800 1757 ipse
1827 1703 1935 1740 non
1970 1686 2167 1755 praeci-

597 1795 701 1850 pue
724 1780 881 1842 dixit,
918 1784 1083 1833 Tanto
1109 1778 1292 1831 melior
1317 1778 1515 1847 angelis
1558 1779 1748 1845 factus,
1783 1786 1841 1829 ut
1871 1774 2032 1829 Verbi
2065 1790 2162 1828 na-

594 1882 772 1927 turam
801 1887 828 1925 a
862 1888 1043 1927 rerum
1074 1878 1490 1940 procreatarum
1519 1880 1714 1924 natura
1759 1883 1859 1939 per
1886 1881 2166 1937 compara-

596 1964 800 2019 tionem
831 1964 1213 2034 distingueret,
1238 1979 1361 2016 rum
1394 1962 1530 2016 nihil
1551 1962 1600 2016 ei
1634 1962 1933 2028 comparari
1965 1961 2162 2027 valeat,

592 2072 716 2125 qua:
764 2071 989 2125 prorsus
1036 2055 1139 2109 alia
1185 2048 1507 2123 diversaque
1555 2056 1646 2118 sit,
1700 2054 1793 2109 sed
1855 2055 2053 2122 potius,
2107 2060 2165 2107 ut

594 2144 755 2201 Verbi
780 2146 1272 2215 peregrinationem
1307 2148 1363 2198 in
1397 2161 1587 2210 carne,
1614 2154 1668 2199 ct
1696 2146 1908 2200 consilii
1955 2146 2073 2215 ejus
2107 2144 2162 2198 in

592 2251 789 2307 genere
832 2238 1071 2290 humano
1105 2238 1375 2291 servando
1404 2238 1839 2305 dispositionem,
1862 2237 2164 2306 respiciens

591 2327 923 2388 ostenderet,
951 2327 1051 2382 hoc
1080 2342 1187 2381 non
1220 2341 1342 2382 esse
1376 2328 1550 2384 simile
1577 2343 1790 2393 eorum,
1819 2328 1909 2397 qui
1933 2343 2163 2396 praeces-

593 2416 814 2480 sissent,
870 2426 931 2470 ut
964 2425 1228 2485 quantum
1261 2418 1329 2472 ab
1365 2418 1471 2472 illis
1499 2418 1767 2483 ditl'errct,
1796 2418 1890 2488 qni
1941 2418 2010 2473 ab
2041 2421 2161 2486 ipso

590 2509 745 2576 prius
775 2508 993 2561 fuerant
1045 2509 1219 2572 missi,
1256 2516 1409 2562 tanto
1436 2510 1601 2563 etiam
1654 2511 1882 2578 gratiam
1933 2510 2000 2563 ab
2041 2510 2163 2578 ipso

591 2608 648 2652 et
673 2614 772 2668 per
819 2598 995 2667 ipsum
1036 2600 1250 2653 allatam
1284 2600 1599 2668 angelorum
1633 2600 1937 2654 ministerio
1968 2603 2159 2655 melio-

590 2704 709 2743 rem
762 2705 883 2744 esse
922 2698 1220 2743 constaret.
1265 2688 1559 2743 Serrorum
1591 2691 1736 2744 enim
1771 2690 1902 2745 illud
1946 2702 2160 2746 tantum

594 2789 731 2840 erat.
763 2791 823 2835 ut
851 2783 1060 2834 fructus
1086 2792 1421 2851 repeterent.
1466 2782 1559 2834 lilii
1594 2797 1744 2843 vero.
1769 2790 1825 2836 ut
1854 2798 1974 2851 quae
2002 2784 2165 2837 debe-

590 2873 805 2935 bantur,
837 2873 1196 2936 condonarct,
1227 2873 1553 2943 vineamque
1583 2875 1906 2928 transferret
1990 2872 2161 2928 Tanto

591 2963 821 3018 melioris
863 2966 1161 3018 testamenti
1207 2982 1431 3034 sponsor
1487 2968 1658 3036 factus
1710 2977 1787 3020 est
1844 2965 2062 3022 Jesus'.
2096 2967 2162 3021 Et

590 3070 806 3108 rursum
839 3073 851 3107 :
880 3052 1036 3106 Nunc
1071 3065 1246 3109 autem
1263 3058 1612 3125 prwstantius
1646 3058 1991 3112 ministerium
2020 3076 2161 3113 asse-
2188 3090 2233 3148 ς

585 3150 758 3207 cunis,
785 3153 981 3213 quanto
1004 3146 1236 3199 melion‘s
1263 3146 1423 3199 etian
1450 3148 1751 3200 testamenti
1786 3150 2042 3201 mediator
2063 3159 2158 3213 est,

587 3238 725 3303 quod
758 3238 962 3304 quidem
996 3238 1296 3291 melioribus
1314 3239 1586 3303 promissis
1612 3240 1981 3292 sancitumest.
2014 3239 2164 3301 Nihil

587 3328 725 3378 enim
781 3332 849 3379 ad
895 3329 1264 3397 perfectionem
1309 3329 1533 3382 adduxit
1584 3328 1687 3386 (ex.
1724 3330 2159 3384 sedintroductio

588 3417 689 3487 fuit
734 3416 962 3469 melioris
1010 3419 1118 3485 spei
1143 3419 1181 3471 ³.
1238 3418 1305 3471 Et
1354 3434 1569 3471 rursum
1627 3418 1912 3481 :Necesse,
1963 3422 2158 3490 inquit,

586 3518 700 3561 erat
725 3510 1050 3577 exemplaria
1083 3511 1292 3573 quidem
1326 3511 1610 3564 caelestium
1640 3514 1718 3566 his
1752 3516 2016 3573 mandari.
2045 3516 2157 3582 ipsa

585 3616 704 3653 uero
737 3600 962 3653 coelestia
994 3602 1294 3654 melioribus
1309 3604 1512 3668 hostiis,
1549 3620 1707 3673 quant
1739 3606 1850 3658 istis
1870 3607 1911 3659 ⁸.
1948 3605 2158 3672 Melius,

584 3701 642 3744 et
675 3692 784 3752 hic.
819 3692 1096 3760 et,ubique
1118 3694 1182 3745 ad
1211 3692 1497 3747 Dominum
1526 3694 1714 3756 refert.
1745 3697 1837 3765 qui
1864 3705 1916 3751 et
1945 3698 2151 3764 melior,

584 3792 641 3834 et
670 3781 808 3834 alius
840 3791 944 3846 est,
982 3796 1142 3850 quam
1176 3799 1262 3836 res
1289 3783 1417 3851 ipsae
1441 3791 1754 3851 procreata.
1788 3785 1979 3840 Melior
2010 3788 2154 3840 enim

586 3872 865 3943 cstipsius
895 3875 1093 3937 hostia,
1127 3874 1321 3927 melior
1344 3876 1396 3928 in
1432 3875 1611 3944 ipsum
1654 3891 1800 3945 spes,
1837 3887 1891 3933 et
1927 3879 2155 3934 meliora

586 3965 855 4031 promissa
881 3964 951 4018 ab
988 3970 1105 4033 ipso
1127 3964 1309 4028 allata,
1345 3980 1451 4018 non
1483 3974 1740 4034 tanquam
1774 3982 1968 4038 magna
2028 3984 2152 4023 cum

582 4056 771 4124 parvis
813 4068 1149 4125 comparata,
1207 4056 1301 4111 sed
1348 4065 1409 4111 ut
1454 4056 1593 4112 alius
1642 4060 1867 4113 omnino
1918 4071 2151 4126 naturae,

582 4146 1027 4215 quandoquidem
1064 4157 1119 4201 et
1152 4146 1221 4211 is,
1270 4147 1363 4215 qui
1405 4148 1493 4201 illa
1540 4148 1897 4211 ministravit,
1955 4152 2152 4205 melior

581 4244 669 4290 est
691 4238 855 4289 rebus
885 4238 1017 4304 ipsis
1047 4239 1364 4305 procreatis.
1403 4238 1473 4292 Et
1500 4234 1631 4294 illud
1661 4258 1675 4294 :
1706 4242 1945 4309 Sponsor
1984 4244 2155 4311 factus

583 4335 684 4388 est,
718 4326 926 4380 indicat
975 4327 1321 4395 sponsionem
1357 4329 1424 4382 ab
1454 4330 1544 4384 illo
1574 4345 1674 4400 pro
1712 4333 1873 4387 nobis
1932 4334 2151 4391 factam.

2279 500 2533 570 καθάπερ
2562 501 2655 552 ἐπὶ
2687 501 2785 569 τῆς
2819 500 3013 568 σοφίας
3045 500 3143 553 καὶ
3173 500 3284 554 τῶν
3315 501 3472 555 λίθων
3500 507 3705 575 εἴρηται.
3733 510 3780 561 El

2284 590 2379 659 μὶν
2406 589 2496 643 οὖν
2520 590 2757 660 εἰρηκὼς
2782 586 2850 661 ἦν
2878 591 2908 642 ό
2946 589 3291 654 Ἀπόστολος,
3317 592 3554 663 Τοσούτῳ
3584 597 3783 663 μᾶλλονὸ

2279 679 2410 743 Υἱὸς
2438 680 2547 733 τῶν
2568 681 2817 748 ἀγγέλων
2845 681 3099 750 προάγει,
3122 681 3155 750 ἢ
3186 681 3423 750 τοσούτῳ
3451 682 3631 749 μείζων
3650 688 3785 749 ὲσττν,

2276 759 2343 835 ἦν
2383 764 2451 818 ἂν
2487 767 2617 832 ἡμῖν
2648 766 2942 835 πρόφασις,
2978 768 3054 828 ὡς
3101 770 3523 838 συγκρινομένου
3566 772 3648 824 τοῦ
3683 775 3784 827 Tia-ti

2276 853 2414 922 πρὸς
2449 856 2577 916 τοὺς
2607 856 2871 922 ἀγγέλους
2902 874 2917 887 ’
2957 855 3052 911 νῦν
3082 857 3138 910 δὲ
3169 857 3346 925 λέγων
3374 860 3637 931 κρείττονα
3659 865 3786 917 αὑτὸν

2276 941 2439 1007 εἶναι,
2485 945 2578 998 καὶ
2623 945 2859 1016 τοσούτῳ
2905 946 3206 1016 διαφέρειν,
3251 949 3359 1018 ὅσῳ
3394 948 3653 1019 διέστηκεν
3697 954 3787 1017 υἱὸς

2273 1034 2495 1100 δούλων,
2516 1037 2786 1091 δείκνυσιν
2813 1039 2975 1091 αὐτὸν
3004 1039 3162 1092 ἄλλον
3184 1036 3324 1094 εἶναι
3349 1042 3444 1110 τῆς
3469 1042 3565 1094 τῶν
3587 1044 3787 1112 ἀγγέλων

2275 1126 2513 1195 φύσεως.
2550 1129 2738 1196 Λέγων
2779 1130 2837 1184 δὲ
2882 1130 3049 1185 πάλιν
3077 1132 3242 1185 αὑτὸν
3273 1128 3413 1184 εἶναι
3454 1132 3539 1184 τὸν
3570 1134 3786 1203 θεμελιώ-

2276 1236 2444 1272 σαντα
2474 1220 2540 1272 τὰ
2572 1221 2771 1285 πάντα,
2791 1220 3063 1275 δείκνυσιν
3091 1222 3255 1275 αὑτὸν
3275 1223 3432 1276 ἄλλον
3452 1220 3582 1277 εἶναι
3606 1228 3787 1280 πάντων

2271 1310 2381 1363 τῶν
2394 1312 2673 1380 ογενητῶν.
2704 1313 2804 1365 Διὰ
2825 1311 2984 1365 τοῦτο
3018 1312 3128 1383 γάρ
3151 1316 3241 1367 καὶ
3263 1316 3290 1366 ὁ
3329 1314 3454 1377 Υἱὸς
3478 1318 3570 1367 οὐκ
3592 1317 3787 1386 εἴρηκεν,

2282 1398 2346 1451 '0
2368 1399 2570 1468 Πατήρ
2583 1418 2702 1469 μου
2725 1403 3005 1469 κρείττων
3018 1405 3135 1471 μού
3156 1404 3346 1467 ἐστιν,
3372 1404 3455 1457 ἵνα
3478 1406 3611 1468 ξένον
3628 1424 3698 1469 τις
3714 1408 3788 1473 τῆς

2270 1493 2480 1545 ἐκείνου
2506 1493 2721 1562 φύσεως
2744 1494 2904 1548 αὐτὸν
2930 1495 3196 1565 ὑπολάϐῃ,
3223 1495 3361 1550 ἀλλὰ
3390 1497 3581 1566 μείζων
3597 1492 3723 1550 εἶπεν
3738 1500 3784 1550 οὐ

2277 1584 2501 1651 μεγέθει
2526 1586 2653 1650 τινὶ,
2679 1586 2800 1639 οὐδὲ
2829 1585 3029 1657 χρόνῳ,
3053 1586 3189 1640 ἀλλὰ
3217 1589 3304 1640 διὰ
3332 1589 3427 1655 τὴν
3448 1589 3505 1652 ἐξ
3549 1587 3697 1641 αὐτοῦ
3713 1588 3785 1641 τοῦ

2272 1677 2484 1744 Πατρὸς
2512 1677 2785 1748 γέννησιν.
2820 1678 2932 1730 Καὶ
2956 1680 2984 1731 ὁ
3026 1679 3349 1741 Ἀπόστολος
3378 1679 3434 1732 δὲ
3459 1680 3610 1741 αὐτὸς
3636 1681 3688 1731 οὐ
3711 1681 3788 1747 τὴν

2196 1742 2241 1801 Β
2271 1742 2459 1819 οὐσίαν
2499 1742 2930 1837 ττροηγουμένως
2977 1769 3073 1823 τοῦ
3116 1771 3288 1839 Λόγου
3335 1774 3611 1841 συγκρῖναι
3654 1742 3789 1824 θέλιιιν

2270 1857 2405 1926 πρὸς
2425 1858 2492 1910 τὰ
2511 1859 2712 1927 γενητὰ
2732 1858 2904 1927 ἔλεγε,
2930 1861 3202 1925 Τοσούτῳ
3222 1864 3503 1926 κρείττων
3521 1860 3790 1929 γενόμενος

2271 1949 2413 2003 τῶν·
2439 1950 2713 2019 ἀγγέλων
2744 1966 2760 1981 ⁸
2810 1952 3140 2021 ἀσύγκριτον
3194 1952 3329 2025 γὰρ.
3379 1954 3572 2022 μᾶλλον
3604 1953 3655 2005 δὲ
3689 1951 3791 2004 ἄλλο

2279 2040 2427 2092 ἐστίν
2458 2055 2473 2071 ο
2511 2040 2647 2095 ἀλλά
2675 2041 2809 2110 πρὸς
2838 2044 2937 2112 τὴν
2969 2042 3234 2114 ἐνσαρκον
3291 2045 3581 2114 ἐπιδημίαν
3605 2043 3689 2098 τοῦ
3712 2044 3790 2097 Ati-

2272 2146 2370 2195 γου
2423 2128 2657 2198 βλέπων,
2712 2132 2804 2182 καὶ
2846 2130 2944 2197 τὴν
2984 2132 3108 2185 τότε
3150 2133 3451 2201 γενομένην
3489 2131 3611 2198 παρ’
3658 2129 3791 2184 αὑτοῦ

2270 2223 2580 2290 οἰκονομίαν
2601 2261 2615 2284 ,
2648 2220 2879 2290 ἠθέλησε
2913 2223 3081 2287 δεῖξαι
3124 2223 3223 2292 οὐχ
3254 2224 3441 2292 ὅμοιον
3475 2224 3607 2278 εἷναι
3642 2221 3795 2275 τοῦτον

2269 2317 2380 2374 τοῖς
2410 2314 2692 2383 πρότερον,
2724 2315 2809 2366 ἶνα
2835 2315 2946 2380 ὅσῳ
2982 2316 3049 2383 τῇ
3081 2315 3241 2382 φύσει
3270 2315 3502 2384 διαφέρῃ
3526 2314 3631 2367 τῶν
3652 2330 3795 2384 προα-

2271 2405 2646 2457 ποσταλέντων
2687 2406 2821 2473 παρ’
2852 2404 3052 2468 αὑτοῦ,
3087 2406 3451 2476 τοσούτῳηκαὶ
3485 2408 3637 2461 πλέον
3675 2406 3796 2474 παρὰ

2269 2489 2482 2553 τούτου,
2514 2490 2606 2542 καὶ
2632 2490 2719 2543 διὰ
2747 2490 2938 2543 τούτου
2963 2494 3232 2563 γενομένη
3264 2494 3425 2563 χάρις
3453 2495 3695 2564 κρείττων
3717 2497 3795 2559 τῆς

2271 2578 2338 2630 δι’
2378 2580 2623 2648 ἀγγέλων
2653 2580 2928 2644 διακονίας
2961 2583 3208 2651 γένηται.
3241 2585 3458 2638 Aoniae;
3493 2587 3588 2655 μὲν
3620 2586 3714 2654 γὰρ
3742 2580 3796 2653 ἦν

2272 2671 2521 2724 ἀπαιτεῖν
2571 2677 2730 2742 μόνον
2762 2678 2886 2737 τοὺς
2920 2677 3188 2743 καρποὺς,
3222 2677 3342 2730 υίοῦ
3370 2679 3426 2730 δὲ
3461 2678 3552 2731 καὶ
3576 2678 3794 2732 δεσπότου

2270 2758 2599 2830 χαρίσασθαι
2645 2763 2741 2827 τάς
2784 2764 3026 2832 ὀφειλάς,
3089 2767 3183 2819 καὶ
3230 2769 3543 2835 μεταθεῖναι
3587 2769 3670 2822 τδν
3708 2770 3794 2836 ἁμα

2272 2850 2506 2906 πελῶνα.
2533 2852 2692 2905 Κατὰ
2714 2853 2964 2906 τοσοῦτον
2993 2858 3302 2926 κρείττονος
3333 2860 3591 2930 διαθήκης
3608 2861 3793 2927 γέγονεν

2269 2942 2465 3009 ἔγγυος
2512 2945 2732 3014 Ἰησοῦς.
2766 2947 2876 2999 Καὶ
2907 2949 3086 3009 πάλιν,
3121 2952 3274 3004 Νυνὶ
3307 2953 3375 3005 δὲ
3408 2951 3795 3022 διαφορωτέρας

2270 3036 2565 3102 τετύχηκε
2599 3039 3005 3108 λειτουργίας,
3039 3042 3163 3105 ὅσῳ
3200 3044 3301 3096 καὶ
3339 3047 3664 3114 κρείττονός
3691 3046 3796 3097 ἐστι
3898 3070 3905 3081 κ

2265 3128 2558 3197 διαθήκης
2591 3132 2844 3199 μεσίτης
2863 3172 2877 3194 ,
2910 3133 3041 3201 ἥτις
3072 3133 3171 3187 ἐπὶ
3210 3139 3554 3204 κρείττοσιν
3581 3137 3794 3204 ἐπαγαγε-

2265 3220 2427 3285 λίαις
2448 3222 2924 3289 νενομοθέτηται.
2956 3225 3065 3278 Καὶ
3091 3224 3274 3279 οὐδὲν
3298 3228 3413 3296 γὰρ
3435 3228 3756 3282 ἐτελείωσεν
3770 3228 3795 3278 ὁ

2264 3313 2467 3378 νόμος,
2510 3312 2887 3383 ἐπεισαγωγὴ
2939 3314 3007 3367 δὲ
3042 3320 3387 3385 κρείττονος
3426 3320 3680 3384 ἐλπίδος.
3712 3318 3797 3372 Καὶ

2230 3400 2239 3409 “
2263 3399 2414 3465 αὖθίς
2431 3420 2593 3472 φησιν
2609 3421 2623 3433 ·
2642 3404 2892 3473 Ἀνάγκη
2925 3401 3041 3460 οὖν
3061 3408 3131 3461 τὰ
3149 3408 3267 3475 μὲν
3283 3409 3679 3478 ὑποδείγματα
3701 3406 3795 3460 τῶν

2262 3492 2331 3546 ἐν
2346 3492 2470 3559 τοῖς
2492 3496 2711 3562 οὐρανο
2718 3496 2785 3562 ῖς,
2808 3497 2878 3550 ἐν
2899 3499 3130 3565 τούτοις
3145 3502 3579 3568 καθαρίζεσθαι,
3590 3500 3724 3557 αὐτὰ
3738 3496 3798 3551 δὲ

2263 3590 2334 3643 τὰ
2348 3590 2676 3658 ἐπουράνια
2692 3593 2987 3659 κρείττοσι
3006 3597 3243 3661 θυσίαις
3258 3599 3422 3666 παρὰ
3435 3596 3699 3651 mura.“
3711 3594 3797 3661 ἄρα

2262 3686 2509 3753 κρεῖττον
2534 3684 2627 3737 καὶ
2655 3685 2769 3767 νῦν,
2809 3686 2897 3739 καὶ
2928 3687 2995 3740 δι’
3024 3688 3162 3741 ὅλων
3195 3690 3273 3759 τῷ
3304 3692 3497 3761 Κυρίῳ
3526 3688 3795 3755 ἀνατίθησι,

2260 3776 2339 3847 τῷ
2369 3776 2638 3848 κρείττονι
2672 3777 2766 3831 καὶ
2813 3778 2955 3848 ἄλλῳ
2985 3779 3136 3851 παρὰ
3165 3780 3232 3834 τὰ
3257 3784 3464 3854 γενητὰ
3480 3781 3796 3851 “τυγχάνοντι.

2262 3869 2545 3938 Κρείττων
2580 3869 2688 3939 γὰρ
2738 3870 2770 3938 ὴ
2808 3869 2876 3922 δι’
2921 3870 3089 3924 αὐτοῦ
3137 3872 3321 3927 θυσία.
3370 3872 3641 3943 Κρείττων
3682 3872 3710 3939 ἡ
3750 3870 3798 3920 ὲν

2260 3960 2409 4030 αὑτῷ
2459 3960 2634 4026 ἐλπὶς,
2687 3961 2781 4014 καὶ
2814 3962 2870 4015 oti
2913 3962 2979 4015 δι’
3025 3962 3190 4016 αὐτοῦ
3233 3964 3578 4032 ἐπαγγελίαι,
3611 3965 3696 4031 οὐχ
3738 3960 3796 4020 ὡς

2264 4052 2399 4121 πρὸς
2436 4052 2608 4121 μικρὰ
2646 4053 2878 4122 μεγάλαι
2923 4054 3371 4123 συγκρινόμεναι,
3421 4055 3534 4109 ἀλλ’
3571 4054 3641 4116 ὡς
3665 4051 3794 4105 ἄλλαι

2259 4145 2396 4214 πρδς
2425 4144 2560 4198 ἄλλα
2586 4144 2683 4215 τὴν
2720 4146 2880 4213 φύσιν
2910 4130 3274 4215 τυγχάνουσαι
3293 4161 3311 4178 °
3340 4148 3466 4200 ἐπεὶ
3494 4147 3584 4201 καὶ
3602 4147 3629 4198 ὁ
3658 4142 3796 4197 ταῦτα

2260 4235 2623 4304 οἰκονομήσας
2652 4235 2914 4304 κρείττων
2946 4235 3052 4288 τῶν
3077 4236 3325 4305 γενητῶν
3353 4240 3493 4291 ἐστι.
3525 4236 3628 4289 Καὶ
3656 4234 3707 4285 τὸ
3729 4231 3797 4282 λε·

2258 4325 2489 4395 γόμενον
2520 4326 2701 4389 πάλιν,
2736 4325 2984 4395 γέγονεν
3008 4326 3246 4396 ἔγγυος,
3270 4330 3376 4397 τὴν
3407 4328 3535 4396 παρ’
3554 4324 3699 4379 αὐτοῦ
3724 4338 3798 4389 γε-

585 4417 742 4470 Sicut
769 4417 913 4469 enim
945 4417 1182 4471 Verbum
1211 4419 1486 4474 exsistens
1512 4420 1689 4477 laetus
1718 4433 1798 4477 est
1827 4438 1976 4491 caro,
2009 4428 2152 4495 quod

2258 4416 2488 4486 νομένην
2526 4417 2779 4486 σημαίνει
2819 4417 2959 4487 ὑπὲρ
2993 4418 3149 4486 ἡμῶν
3182 4420 3413 4488 ἐγγύην.
3464 4420 3550 4483 Ὦς
3583 4418 3681 4487 γὰρ
3706 4413 3795 4469 Δό-

581 4518 762 4562 tamen
797 4508 864 4561 ad
898 4522 1120 4562 carnem
1150 4511 1460 4575 referimus,
1496 4528 1617 4580 quae
1656 4514 1874 4583 quidem
1922 4516 2065 4571 facta
2094 4526 2149 4572 et

2255 4521 2348 4574 γος
2383 4503 2457 4558 ὢν
2493 4505 2629 4575 σὰρξ
2666 4506 2902 4574 ἐγένετο,
2940 4508 3034 4561 καὶ
3062 4508 3123 4561 τὸ
3156 4510 3413 4576 γενέσθαι
3446 4514 3510 4581 τῇ
3554 4508 3702 4577 σαρκὶ
3725 4505 3796 4556 λο-

580 4607 764 4653 creata
796 4609 901 4664 est,
935 4600 1013 4654 sic
1042 4609 1097 4653 et
1129 4600 1232 4656 hoc
1263 4601 1382 4657 loco
1413 4602 1569 4668 illud,
1633 4603 1826 4672 factus,
1869 4606 1935 4660 ad
1985 4615 2150 4662 testa-

579 4692 748 4744 menti
807 4690 1168 4745 ministerium
1230 4691 1466 4745 refertur
1520 4694 1590 4747 ab
1644 4695 1932 4763 Apostolo.
1984 4696 2141 4763 Illud,

581 4778 714 4834 Fiat
735 4783 863 4836 mihi
887 4784 939 4835 in
966 4782 1128 4835 Deum
1160 4791 1529 4851 proiectarem,
1552 4793 1600 4837 et
1619 4787 1672 4836 in
1709 4785 1920 4840 domum
1940 4788 2148 4858 refugii,

586 4881 647 4923 ut
678 4872 885 4927 salvum
925 4889 1006 4925 me
1028 4876 1195 4944 facias
1220 4877 1273 4937 ³,
1314 4883 1370 4926 et
1403 4874 1569 4929 illud:
1599 4874 1853 4930 Dominus
1881 4879 2054 4947 [actus
2080 4893 2156 4932 est
2190 4924 2201 4939 ,

580 4962 846 5035 refugium
905 4968 1127 5033 pauperi
1159 4968 1203 5032 ⁸,
1263 4978 1314 5020 ει
1344 4981 1684 5037 quaecunque
1731 4968 1814 5024 his
1848 4970 2045 5025 similia
2097 4973 2154 5026 in

589 5052 792 5105 divinis
819 5052 1117 5121 Scripturis
1151 5055 1525 5119 inveniuntur,
1558 5056 1602 5110 si
1635 5057 1703 5110 ad
1738 5055 1969 5123 Filium,
2004 5059 2151 5128 quod

578 5141 800 5210 quidem
833 5142 1064 5197 fortasse
1124 5158 1310 5199 renus
1342 5157 1460 5213 est,
1496 5146 1685 5201 referri
1718 5148 1910 5202 dicunt
1964 5168 1977 5203 :
2029 5149 2150 5201 ani-

580 5231 928 5287 madvertant
973 5232 1223 5289 homines
1258 5246 1478 5291 sanctos
1528 5251 1635 5290 non
1667 5246 1876 5305 optare.
1937 5249 1997 5291 ut
2039 5239 2143 5292 sibi

577 5324 649 5377 sit
684 5322 920 5389 adjutor,
949 5334 1001 5378 ct
1024 5325 1219 5379 domus
1237 5325 1459 5394 relugii,
1488 5337 1758 5394 quatenus
1790 5339 2004 5383 creatus
2036 5340 2141 5384 est.

576 5417 938 5481 Quamobrem
976 5426 1032 5470 et
1062 5418 1225 5471 verba
1257 5416 1368 5481 illa,
1399 5419 1592 5486 factus,
1643 5427 1699 5471 et
1726 5420 1868 5487 fecit,
1907 5430 1964 5472 et
1997 5436 2147 5475 crea-

519 5540 529 5549 ο
575 5512 666 5572 vit,
707 5508 786 5562 sic
814 5508 1104 5577 accipiant,
1159 5517 1217 5561 ut
1251 5509 1317 5560 ad
1354 5509 1471 5576 ejus
1506 5508 1560 5561 in
1596 5524 1757 5562 carne
1786 5515 2135 5578 praesentiam

689 5649 704 5677 ³
734 5647 880 5699 loan.
921 5664 1027 5709 xlv,
1073 5648 1162 5699 9.8.
1277 5648 1296 5676 ⁸
1328 5640 1490 5721 ΙΙρΙιτ.
1550 5662 1642 5711 vn,
1680 5647 1770 5700 '22.

583 5734 656 5781 ιχ,
700 5719 785 5769 ὶυ.

1880 5648 1898 5677 ³
1936 5647 2094 5701 ιιυιηο.
2152 5667 2268 5717 rm,
2301 5649 2354 5705 6.

2254 4596 2557 4667 γιζὸμεθα·
2606 4596 2808 4667 γενητὴ
2849 4597 2955 4669 γάρ
3000 4601 3150 4653 ἐστιν
3197 4599 3338 4671 αὕτη
3388 4602 3578 4671 κτιστὴ
3619 4593 3793 4665 τυγχά-

2255 4704 2422 4742 νουσα
2444 4704 2458 4718 ⁶
2499 4686 2641 4741 οὕτω
2674 4690 2767 4742 καὶ
2804 4690 3037 4744 ἐνταῦθα
3082 4692 3143 4744 τὸ
3182 4693 3435 4761 γέγονεν
3481 4698 3559 4757 εἰς
3597 4691 3684 4760 τὴν
3713 4687 3794 4754 τῆς

2255 4778 2529 4849 Διαοήκης
2563 4780 2835 4832 διακονίαν
2864 4780 3138 4847 λογίζεται
3167 4785 3195 4833 ὁ
3237 4782 3583 4844 Ἀπόστολος.
3613 4780 3648 4831 Γ
3649 4779 3791 4844 ἐγρα-

2253 4886 2385 4922 πται
2423 4870 2626 4936 τοίνυν,
2659 4871 2855 4923 ιένού
2880 4889 2983 4939 μοι
3017 4874 3105 4937 εις
3138 4872 3287 4926 Θεὸν
3315 4870 3790 4940 ὑπερασπιστὴνο

2251 4958 2347 5012 καὶ
2370 4961 2455 5024 εἱς
2472 4957 2639 5015 οἶκον
2662 4962 3012 5031 καταφυγῆς
3034 4963 3138 5017 τοῦ
3159 4962 3361 5017 σῶσαί
3374 4981 3483 5032 με’
3512 4963 3601 5017 καὶ
3628 4958 3762 5011 πάλιν
3778 4965 3790 4979 ⁵

2250 5050 2356 5104 Καὶ
2377 5052 2615 5119 ἐγένετο
2645 5054 2861 5120 Κύριος
2891 5054 3206 5123 καταφυγὴ
3236 5052 3319 5119 τῷ
3341 5055 3576 5121 πένητι,
3602 5049 3684 5104 καὶ
3710 5047 3789 5098 ὅσα

2248 5145 2471 5196 τοιαῦτα
2511 5147 2566 5196 ἐν
2597 5149 2719 5207 ταῖς
2760 5146 2931 5207 θείαις
2961 5146 3205 5216 Γραφαῖς
3249 5148 3586 5214 εὑρίσκεται.
3622 5142 3675 5194 El
3709 5136 3789 5206 μὲν

2248 5231 2341 5289 οὖν
2374 5239 2454 5298 εἰς
2499 5238 2589 5289 τὸν
2621 5237 2747 5290 Υἱδν
2786 5237 2957 5290 ταῦτα
3002 5238 3254 5308 εἰρῆσθαι
3303 5238 3577 5305 λέγουσιν,
3612 5235 3639 5288 ὃ
3675 5232 3790 5298 τάχα

2250 5329 2344 5380 καὶ
2375 5330 2575 5398 μᾶλλον
2606 5330 2802 5398 ἀληθές
2831 5333 2998 5395 ἐστιν,
3031 5329 3426 5397 ὲπιγνώτωσαν
3466 5332 3546 5382 ὅτι
3581 5327 3652 5397 μὴ
3682 5323 3788 5376 διτι

2249 5420 2473 5488 γενητὸν
2513 5421 2675 5472 αὑτὸν
2712 5421 2924 5486 ἀξιοῦσι
2957 5421 3206 5488 γενέσθαι
3249 5424 3446 5491 βοηθὸι
3483 5422 3684 5478 αὐτοῖς,
3710 5410 3790 5463 vi

2249 5508 2397 5564 οἷκον
2432 5513 2751 5581 καταφυγῆς
2773 5514 2821 5564 οἱ
2849 5512 3014 5579 ἅγιοι.
3052 5515 3159 5566 Καὶ
3184 5514 3370 5566 λοιπὸν
3396 5514 3455 5565 τὸ
3482 5510 3788 5579 γενόμενος.

2469 5651 2486 5683 ⁴
2524 5651 2685 5707 llobr.
2741 5669 2820 5719 ιι,
2848 5652 2937 5708 9'5.
3049 5654 3067 5685 '
3096 5651 3238 5707 Psal.
3306 5667 3433 5716 xxx,
3466 5651 3518 5702 '5.
3624 5645 3643 5676 ‘
3668 5636 3787 5695 [δέει
