4032 6288
273 406 314 509 ἰἓ
329 405 401 466 69

1266 408 1648 476 ΡΑΝΟΡῙᾸΛ
1701 416 2160 489 ΒΟῧΜΑἸἬῖΛ.
2195 445 2264 459 -τ
2296 424 2443 486 ΤίΤ.
2488 427 2593 489 Χῐ.

3451 425 3563 488 ἓῗθ

287 521 507 590 ποίημα
541 519 613 574 ἂν
641 519 752 594 εἵη.
786 524 1052 578 Σκοπεῖτε
1087 525 1198 596 γὰρ
1230 527 1398 581 πόσον
1428 529 1541 600 ἔχει
1576 531 1780 601 πτῶμα
1812 533 1871 585 τὺ

1983 535 2209 592 factum.
2263 540 2468 596 Cuncta
2518 560 2632 612 quin
2669 543 2824 613 ﬁunt,
2878 552 2937 600 ut
2983 543 3159 614 inquit
3189 541 3445 599 Salomon
3501 545 3564 599 in.

285 615 471 684 λὲγειν
514 617 728 686 ποίημα
770 617 860 670 τὸν
906 617 1034 670 Υίὸν
1069 619 1161 670 τοῦ
1195 619 1348 676 Θεοῦ.
1383 621 1545 690 Λέγει
1575 639 1676 676 που
1715 623 1870 675 Σολο-

287 707 406 777 μὼν
433 707 495 759 ἐν
524 705 602 776 τῷ
644 707 1049 780 Ἐκκλησιαστῇ
1110 710 1192 763 ὅτι
1232 713 1496 781 ,Σύμπαν
1547 715 1614 766 τό
1642 713 1874 781 ποίημα

285 803 320 852 ὁ
362 796 514 863 Θεὸς
551 797 681 861 ἄξει
724 801 810 866 εἰς
853 799 1076 866 κρίσιν.
1125 801 1334 854 Οὐκοῦν
1378 804 1427 856 εί
1477 803 1688 873 ποίημά
1726 807 1872 858 ἐστιν

284 895 312 943 6
342 890 521 958 Λόγος
542 931 557 953 ,
593 891 889 961 ἀχθήσεται
923 893 1052 962 παρ’
1081 892 1209 961 ὑμῖν
1243 894 1336 948 καὶ
1370 895 1531 958 αὐτὸς
1560 897 1638 958 εἰς
1668 896 1870 966 κρίσιν.

286 981 390 1033 Καὶ
415 979 526 1032 ποῦ
559 980 745 1033 λοιπὸν
774 983 806 1052 ἡ
839 981 1038 1052 κρίσις,
1065 984 1386 1052 κρινομένου
1418 984 1511 1038 τοῦ
1547 986 1733 1058 κριτοῦ
1761 1006 1774 1052 ;
1809 989 1869 1042 El

289 1069 331 1120 δ’
351 1071 435 1122 ὅτι
461 1070 779 1139 γέγραπται
805 1073 1026 1126 πιστόν
1056 1073 1199 1127 ὄντα
1216 1072 1293 1140 τῷ
1318 1075 1641 1145 ποιήσαντι
1662 1078 1869 1143 αὐτόν,

293 1162 596 1225 σπαράττει
640 1161 804 1215 πάλιν
843 1165 1042 1227 αὐτοὺς
1085 1164 1242 1219 τοῦτο
1285 1165 1622 1236 νομίζοντας,
1665 1169 1740 1233 ὡς
1777 1170 1873 1223 ἐπὶ

288 1257 509 1308 πίντων
568 1257 824 1323 λέγεσθαι
880 1258 972 1311 καὶ
1027 1257 1114 1312 ἐπ’
1171 1258 1337 1314 αὐτοῦ
1395 1262 1455 1313 τὸ
1488 1263 1732 1329 πιστόν,
1788 1264 1871 1318 ὅτι

289 1348 568 1402 πιστεύων
615 1350 893 1418 ἐκδέχεται
935 1351 1035 1421 τῆς
1086 1351 1322 1415 πίστεως
1371 1355 1462 1408 τὶν
1497 1355 1708 1424 μισθὸν,
1755 1357 1870 1427 ὥρα

290 1437 380 1492 καὶ
424 1439 519 1492 διὰ
570 1441 730 1492 τοῦτο
777 1441 941 1495 πάλιν
994 1443 1190 1506 αὐτοὺς
1239 1445 1491 1512 ἐγκαλεῖν
1536 1449 1727 1501 Μωσεῖ
1772 1451 1868 1519 μὲν

287 1531 537 1596 λέγοντι,
580 1533 724 1598 Θεὸς
759 1533 993 1599 πιστός,
1027 1534 1102 1600 τῷ
1143 1535 1448 1607 Ἀποστόλῳ
1481 1538 1537 1592 δὲ
1571 1541 1866 1607 γράφοντι,

287 1623 512 1686 Πιστὸς
548 1627 584 1677 ὁ
622 1625 802 1691 Θεὸς,
831 1625 893 1691 ὃς
932 1628 1042 1680 οὐκ
1074 1628 1242 1682 ἐάσει
1281 1629 1435 1698 ὑμᾶς
1473 1634 1869 1702 πειρασθῆναι

287 1713 436 1781 ὑπὲρ
466 1714 498 1766 6
527 1714 819 1769 δύνασθε.
862 1716 1021 1769 Ἀλλὰ
1048 1716 1217 1770 ταῦτα
1241 1719 1492 1787 λέγοντες
1520 1722 1568 1772 οἱ
1603 1721 1745 1789 ἆγιοι
1769 1724 1870 1776 οὐκ

288 1804 611 1873 ἀνθρώπινα
666 1807 798 1874 περὶ
845 1805 938 1860 τοῦ
993 1807 1127 1861 Θεοῦ
1175 1808 1541 1864 διανοοῦνται·
1592 1811 1704 1864 ἀλλ’
1755 1813 1866 1880 ἐγί-

286 1911 496 1947 νωσκον
527 1895 751 1948 διπλοῦν
779 1890 914 1950 εἶναι
941 1895 1034 1948 τὸν
1068 1897 1194 1950 νοῦν
1218 1900 1274 1951 ὲν
1302 1903 1366 1970 τῇ
1405 1901 1588 1970 Γραφῇ
1619 1903 1746 1971 περὶ
1771 1903 1864 1957 τοῦ

290 1985 604 2048 aiatait}.
631 1987 728 2054 μὲν
747 1987 819 2049 ὡς
845 1989 1117 2050 πιστεῦον,
1140 1992 1200 2042 τὸ
1221 1991 1275 2042 δὲ
1305 1990 1380 2052 ὡς
1400 1992 1712 2056 ἀξιόπιστον
1736 2014 1745 2025 ο
1771 1996 1867 2048 καὶ

288 2079 344 2130 τό
384 2079 487 2148 μὲν
544 2079 636 2130 ἐπ’
681 2079 1004 2149 ἀνθρώπων,
1051 2082 1112 2135 τὸ
1163 2082 1221 2135 δὲ
1268 2084 1362 2136 ἐπὶ
1403 2085 1537 2138 Θεοῦ
1584 2088 1864 2158 ἁρμόζειν.

293 2171 482 2236 Πιστὸς
527 2171 664 2239 γοῦν
708 2173 972 2244 ’Λϐραὰμ
1008 2174 1110 2239 ὅτι,
1145 2175 1222 2244 τῷ
1256 2176 1502 2231 λαλοῦντι
1533 2181 1867 2235 πεπίστευκε

296 2263 438 2330 θο-
487 2265 683 2326 πιστδς
731 2265 786 2317 δὲ
833 2266 860 2318 6
903 2266 1053 2330 Θεὸς,
1093 2269 1176 2322 ὅτι
1221 2269 1403 2334 καθὼς
1442 2271 1632 2338 ψάλλει
1682 2274 1866 2339 Δσῦὶδ,

309 2355 514 2418 Πιστός
542 2355 718 2408 ἐστιν
745 2356 820 2409 ἐν
845 2357 968 2420 τοῖς
998 2359 1202 2427 λόγοις
1229 2363 1416 2415 αὐτοῦ
1446 2366 1477 2418 ό
1499 2366 1736 2431 Κύριος,
1774 2372 1868 2424 καὶ

311 2447 608 2510 ἀξιόπιστος
636 2487 651 2510 ,

305 2539 361 2589 τὸ
381 2539 678 2606 γεγράφθαι
702 2539 882 2592 τοίνυν
914 2543 1101 2594 πιστὸν
1131 2543 1260 2598 ὄντα
1285 2546 1361 2616 τῷ
1389 2551 1677 2618 ποιήσαντι
1707 2553 1869 2606 αὐτὸν

296 2629 351 2678 οὲ
377 2629 509 2697 πρὸς
541 2628 742 2693 ἄλλους
771 2631 881 2701 ἔχει
900 2632 996 2701 τὴν
1020 2635 1338 2703 ὁμοιότητα,
1358 2639 1469 2691 οὐδ’
1488 2640 1568 2693 ὅτι
1599 2644 1870 2699 πιστεύων

290 2720 586 2790 εὖάρεστος
631 2722 890 2789 γέγονεν,
928 2723 1043 2776 ἀλλ’
1086 2727 1169 2779 ὅτι
1215 2728 1340 2791 Υἱὸς
1375 2729 1450 2784 ὢν
1485 2733 1580 2787 τοῦ
1613 2735 1869 2806 ἀληθινοῦ

287 2811 412 2864 θεοῦ
441 2814 644 2876 πιστός
675 2816 790 2868 ἐστι
818 2815 910 2868 καὶ
933 2817 1115 2880 αὐτὸς,
1148 2820 1378 2888 ὀφείλων
1411 2826 1779 2894 πιστεύεσθαι,
1814 2831 1870 2885 ὲν

288 2898 356 2964 οἷς
404 2902 478 2956 ἂν
509 2903 654 2975 λέγῃ
699 2906 790 2958 καὶ
823 2909 972 2976 ποιῇ,
1024 2908 1186 2973 αὐτὸς
1231 2911 1499 2982 ἄτρεπτος
1551 2918 1746 2984 μένων,
1778 2921 1870 2973 καὶ

288 2997 354 3064 μὴ
389 2994 790 3065 ἀλλοιούμενος
821 3000 876 3050 ἐν
909 3003 974 3070 τῇ
1007 3001 1325 3074 ἀνθρωπίνῃ
1353 3008 1652 3080 οἰκονομίᾳ,
1685 3013 1774 3065 καὶ
1802 3017 1868 3084 τῇ

284 3087 541 3155 ἑνσάρκῳ
579 3091 871 3160 παρουσίᾳ.
917 3092 991 3143 Οὐ
1046 3092 1228 3146 τοίνυν
1267 3094 1334 3147 τὰ
1368 3097 1472 3166 πρὸ
1505 3099 1604 3166 τῆς
1642 3102 1873 3168 κτίσεως

728 2450 824 2502 καὶ
876 2449 1135 2506 ἀδύνατόν
1187 2456 1304 2507 ἐστι
1358 2455 1686 2524 ψεύσασθαι.
1759 2463 1904 2517 Καὶ·

1978 630 2330 698 Ecclesiaste,
2368 635 2505 688 Deus
2540 637 2594 689 in
2616 637 2879 705 judicium
2929 638 3150 690 adducet
3181 637 3218 690 ι.
3258 635 3441 702 Quare
3497 635 3544 688 si

1980 724 2214 779 Verbum
2238 739 2322 781 est
2353 743 2441 783 res
2471 729 2633 794 facta,
2667 731 2949 784 nobiscum
2985 729 3037 782 in
3062 729 3329 796 judicium
3381 729 3560 784 addu-

1974 829 2154 874 cetur.
2183 823 2403 891 Ecqnod
2435 833 2618 878 autem
2661 823 2924 892 judicium
2970 823 3093 886 erit,
3148 823 3194 878 si
3232 822 3395 889 iudex
3440 822 3559 893 ipse

1970 913 2346 983 iudicabitur?
2372 913 2524 978 Quod
2558 915 2603 968 si
2641 914 3046 984 perturbantur.
3119 915 3376 982 quoniam
3422 915 3561 969 scri-

1975 1015 2128 1075 ptum
2163 1015 2268 1070 est,
2323 1023 2441 1060 eum
2472 1023 2579 1061 esse
2633 1007 2840 1075 ﬁdelem
2891 1008 2960 1070 ei.
2990 1007 3079 1078 qui
3122 1007 3242 1078 fecit
3305 1007 3479 1076 ipsum
3515 1007 3558 1069 '.

1975 1098 2118 1167 quod
2151 1098 2467 1154 existiment
2489 1100 2631 1154 hanc
2660 1113 2872 1164 vocem,
2902 1099 3140 1169 ﬁdelem.
3167 1098 3240 1152 ita
3288 1099 3357 1152 de
3383 1098 3474 1151 illo
3503 1105 3563 1150 ut.

1973 1189 2040 1243 de
2069 1191 2327 1244 omnibus
2358 1191 2548 1258 accipi,
2583 1205 2706 1244 cum
2757 1190 2803 1244 is
2829 1191 2919 1260 qui
2957 1189 3134 1245 ﬁdelis
3162 1198 3266 1252 est,
3317 1189 3422 1243 hoc
3473 1198 3561 1244 est

1973 1281 2064 1347 qui
2116 1280 2309 1344 credit,
2367 1280 2668 1335 mercedem
2725 1282 2977 1351 accipiat,
3027 1282 3268 1348 videant,
3330 1297 3401 1337 ne
3457 1280 3563 1334 hoc

1974 1369 2191 1424 nomine
2220 1371 2452 1440 Moysen]
2483 1372 2643 1426 etiam
2672 1373 2726 1424 in
2763 1375 2972 1427 crimen
2992 1381 3207 1432 vocent.
3232 1374 3346 1439 qui.
3395 1371 3560 1430 Deus.

1973 1461 2173 1530 inquit.
2240 1464 2411 1531 ﬁdelis
2438 1465 2568 1527 est‘,
2606 1475 2660 1519 et
2702 1464 3019 1532 Apostolutn
3067 1463 3242 1531 ipsum
3298 1463 3383 1515 illa
3429 1463 3564 1516 scri-

1973 1551 2212 1608 brntcm:
2242 1554 2440 1610 Fidelis
2476 1556 2631 1619 Deus,
2661 1558 2749 1623 qui
2781 1573 2882 1608 non
2924 1557 3189 1620 permittet
3225 1571 3309 1608 vos
3366 1555 3560 1606 tentari

1970 1661 2131 1709 supra
2169 1647 2221 1699 id
2254 1649 2392 1709 quod
2414 1649 2626 1716 potestis
2658 1649 2696 1700 ‘.
2741 1649 3035 1703 Sliendum
3061 1657 3147 1702 est.
3206 1647 3367 1717 ig'tur
3419 1645 3562 1698 viros

1971 1749 2194 1793 sanctos
2255 1755 2364 1794 non
2407 1755 2493 1804 ea,
2548 1757 2668 1807 qua:
2724 1740 3043 1794 hominibus
3096 1738 3456 1801 conveniunt,
3503 1737 3560 1789 in

1972 1830 2140 1886 Deum
2165 1830 2434 1893 conferre.
2460 1831 2555 1885 sed
2585 1846 2769 1885 vocem
2798 1833 2954 1892 hanc.
2982 1829 3209 1898 fidelem,
3231 1830 3284 1882 in
3315 1828 3560 1896 Scriptu-

1972 1938 2030 1975 ra
2065 1921 2353 1988 dupliciter
2382 1922 2573 1991 accipi.
2611 1921 2743 1975 Nam
2775 1921 2948 1976 ﬁdelis
2977 1922 3176 1975 dicitur
3210 1921 3276 1980 is.
3303 1918 3394 1984 qui
3431 1933 3556 1973 cre-

1966 2013 2143 2076 dit,et
2174 2013 2240 2078 is,
2296 2011 2386 2081 qni
2419 2013 2614 2082 dignus
2645 2023 2746 2078 est,
2785 2022 2840 2067 ιιι
2887 2013 2940 2066 ei
2973 2013 3248 2067 credatur.
3286 2009 3416 2062 lllnd
3454 2009 3560 2062 ho-

1968 2105 2206 2158 rninibus
2226 2105 2614 2175 congruit,boc
2645 2105 2775 2159 Deo.
2803 2105 3036 2158 Proinde
3067 2104 3241 2158 ﬁdelis
3257 2103 3572 2180 Abraham,

1966 2196 2057 2264 qui
2079 2195 2726 2265 Dcoloquenticredidit;
2757 2195 2932 2250 ﬁdelis
2963 2205 3047 2250 est
3067 2196 3228 2259 Deus,
3264 2193 3571 2264 quoniant..

1969 2299 2026 2338 ut
2067 2286 2232 2341 David
2273 2285 2493 2354 cecinit,
2534 2285 2734 2342 Fidelis
2781 2297 2858 2341 est
2904 2287 3157 2342 Dominus
3214 2288 3291 2340 in.
3316 2288 3555 2338 omnibus

1969 2377 2133 2428 verbis
2187 2378 2296 2430 suis
2326 2359 2376 2439 ⁸,
2420 2385 2474 2430 et
2526 2376 2747 2444 dignus.
2811 2377 2899 2431 cui
2966 2376 3100 2431 ﬁdes
3150 2377 3435 2439 habeatur,
3499 2386 3557 2430 et

1968 2467 2188 2520 mentiri
2228 2483 2334 2521 non
2393 2479 2588 2536 potest.
2651 2466 2718 2522 Et
2747 2468 2898 2522 locus
2933 2468 3096 2534 igitur
3145 2468 3232 2522 ille
3265 2467 3352 2522 ubi
3424 2468 3586 2521 seri--

1969 2570 2122 2629 ptum
2148 2569 2248 2621 est,
2285 2559 2494 2614 ﬁdelem
2526 2575 2645 2615 esse
2676 2560 2750 2625 ei,
2785 2560 2876 2630 qui
2923 2558 3052 2614 fecit
3112 2559 3313 2629 ipsum,
3345 2574 3454 2613 non
3483 2558 3557 2612 ita

1971 2662 2054 2705 est.
2111 2651 2518 2722 intelligendus,
2577 2663 2634 2706 ut
2689 2653 2754 2706 ad
2802 2652 3215 2706 similitudinem
3273 2650 3558 2706 hominum

1971 2743 2201 2797 credens
2227 2743 2513 2811 placuerit.
2549 2743 2643 2797 sed
2669 2743 2810 2812 quod
2839 2759 2962 2798 cum
2991 2744 3064 2798 sit
3095 2738 3208 2797 reri
3239 2743 3329 2797 Dei
3360 2741 3556 2800 Filius.

1973 2835 2148 2889 ﬁdelis
2178 2847 2260 2891 est
2289 2836 2451 2890 etiam
2509 2836 2646 2901 ipse,
2698 2837 2802 2890 hoc
2855 2848 2939 2892 est
2993 2835 3210 2904 dignus,
3276 2836 3360 2888 cui
3425 2834 3560 2888 ﬁdes

1973 2928 2234 2983 habeatur
2259 2930 2312 2983 in
2342 2929 2615 2985 omnibus.
2655 2943 2776 2997 quae
2832 2928 2913 2982 vel
2950 2927 3097 2992 facit.
3135 2928 3218 2982 vel
3253 2927 3417 2991 dicit;
3443 2938 3559 2980 sta.

1973 3022 2096 3076 bilis
2126 3023 2272 3075 enim
2304 3030 2360 3076 et
2387 3023 2502 3090 ipse
2561 3029 2665 3081 est,
2731 3030 2924 3074 etnon
2974 3029 3234 3083 mutatur,
3291 3027 3556 3087 quantum

1976 3113 2042 3167 ad
2106 3113 2396 3166 humanam
2456 3111 2890 3180 dispositionem.
2943 3119 2997 3164 et
3022 3109 3090 3163 ad
3137 3110 3257 3178 ejus
3279 3109 3332 3163 in
3390 3123 3554 3162 carne

283 3177 401 3245 τιςγ
442 3177 653 3245 ύμενος
684 3183 710 3232 6
751 3180 1065 3246 Ἀπόστολος
1097 3186 1349 3256 εἴρηκεν,
1377 3189 1492 3242 ἀλλ’
1526 3192 1614 3244 ὅτε
1644 3195 1671 3245 6
1697 3194 1868 3262 Λόγος

1976 3207 2261 3260 adventum
2307 3177 2560 3273 pertinet.
2592 3201 2707 3257 Non
2766 3203 2912 3256 enim
2955 3200 3022 3261 ab
3043 3177 3316 3270 .Apostolo
3379 3201 3429 3255 id
3474 3203 3558 3255 di-

288 3269 422 3338 σᾶρξ
475 3269 718 3337 ἐγένετο.
759 3273 894 3327 Πότε
929 3277 1036 3348 γὰρ
1068 3279 1441 3353 ἀπεστάλη,ἢ
1482 3286 1717 3355 ὁπηνίκα
1771 3289 1871 3359 τὴν

285 3360 580 3429 ἡμετέραν
611 3362 898 3418 ἐνεδύσατο
934 3369 1148 3436 stipata;
1182 3372 1316 3425 Πότε
1355 3375 1412 3428 δὲ
1454 3377 1743 3448 ἀρχιερεὺς
1773 3382 1871 3450 τῆς

282 3452 591 3521 ὁμολογίας
625 3455 781 3524 ἡμῶν
810 3458 1054 3527 γέγονεν,
1090 3462 1124 3532 ἢ
1160 3463 1246 3516 ὅτε
1278 3469 1652 3536 προσενέγκας
1680 3471 1872 3527 ἑαυτὸν

281 3544 424 3617 ὑπὲρ
465 3546 630 3616 ἡμῶν
659 3548 880 3618 ἧγειρεν
913 3553 976 3604 ὲκ
1029 3554 1242 3618 νεκρῶν
1291 3557 1350 3609 τὸ
1382 3557 1541 3627 σῶμα
1577 3576 1591 3625 ;
1629 3562 1736 3616 Καὶ
1779 3563 1874 3618 νῦν

281 3639 456 3700 αὐτὸς
489 3639 619 3700 τοὺς
651 3645 1123 3710 προσερχομένους
1155 3647 1321 3701 αὐτοῦ
1355 3652 1421 3719 τῇ
1457 3654 1637 3706 πίστει
1667 3657 1872 3724 προσά-

281 3745 385 3794 γει.
432 3729 540 3782 καὶ
573 3733 873 3803 προσφέρει
902 3735 976 3804 τῷ
1009 3736 1210 3810 Πατρὶ,
1247 3741 1610 3815 λυτρούμενος
1642 3749 1870 3816 πάντας,

281 3841 313 3874 κ
350 3825 374 3876 ὶ
401 3827 562 3897 ὑπὲρ
601 3826 820 3882 πάντων
851 3830 1199 3902 ἱλασκόμενος
1227 3835 1295 3891 τὰ
1321 3839 1458 3908 πρὸς
1493 3842 1586 3896 τὸν
1612 3843 1764 3900 Θεόν.
1799 3848 1871 3901 οὐ

277 3915 376 3985 τὴν
405 3917 618 3969 οὐσίαν
653 3920 759 3989 ἄρα
794 3919 886 3974 τοῦ
914 3924 1088 3991 Λόγου
1110 3966 1124 3983 .
1155 3927 1274 3980 οὐδὲ
1306 3929 1404 3989 τὴν
1439 3933 1502 3985 ἑκ
1533 3935 1743 4005 Πατρός
1773 3939 1871 3990 αὑ-

279 4011 371 4062 τοῦ
439 4009 609 4078 φύσει
652 4012 902 4083 γέννησιν
952 4020 1194 4086 σημᾶναι
1241 4021 1413 4076 θέλων
1464 4025 1494 4077 ό
1555 4026 1874 4094 Ἀπόστολος

281 4103 487 4170 εἴρηκε
521 4105 745 4155 πιστὸν
777 4105 920 4158 ὄντα
953 4108 1029 4173 τῷ
1061 4110 1382 4177 ποιήσαντι
1418 4118 1635 4185 αὐτόν,
1676 4121 1751 4192 μὴ
1787 4123 1877 4190 γέ-

281 4212 433 4248 νοιτο
467 4210 482 4224 ·
521 4197 690 4250 ποιῶν
719 4197 828 4268 γάρ
859 4200 1006 4254 ἐστιν
1035 4204 1062 4255 6
1089 4205 1259 4274 Λόγος
1278 4247 1291 4270 ,
1328 4210 1388 4262 οὐ
1423 4213 1745 4283 ποιούμενος
1774 4219 1874 4272 αὒ-

280 4289 372 4351 τός
395 4306 410 4320 ο
447 4288 590 4382 ἀλλὰ
615 4292 713 4359 τὴν
747 4294 828 4356 τίς
864 4295 1182 4366 ἀνθρώπους
1210 4301 1374 4354 αὑτοῦ
1406 4305 1632 4360 κάθοδον
1656 4312 1749 4364 καὶ
1777 4312 1875 4382 ἀρ-

283 4380 639 4472 χιερωσῷνην
676 4386 992 4455 γενομένην,
1025 4387 1091 4457 ἢν
1123 4391 1304 4455 καλῶς
1336 4394 1401 4448 ἂν
1433 4413 1516 4462 τις
1548 4397 1643 4453 ῐδοι
1683 4401 1746 4455 ὲκ
1774 4380 1874 4472 τῆς

286 4473 436 4526 κατὰ
475 4471 566 4524 τὸν
586 4473 747 4543 νόμον
776 4479 984 4532 καὶτὸν
1025 4481 1235 4552 Ἀαρὼν
1260 4484 1536 4554 ἱστορίας..

301 4587 411 4669 Ἐξ
476 4587 588 4669 τῆς
639 4591 788 4644 κατὰ
849 4593 958 4669 τόν
1019 4595 1236 4664 Ἀαρὼν
1285 4601 1555 4669 ἱστορίας
1610 4604 1676 4657 τὸ
1730 4609 1878 4661 κατὰ

359 4659 637 4742 Χριστὸν
689 4661 1032 4742 μιιρντήριον
1087 4659 1682 4742 παριστῶκ’ἐλέγχει
1738 4659 1880 4742 τρὺξ

360 4729 511 4808 περι
536 4745 638 4808 ⁶τιΔ
663 4735 788 4808 κατ’
838 4734 1028 4788 αὐτὸν
1075 4729 1716 4808 σφαλλομένους.’”⁹Εκ
1771 4729 1874 4803 rei}

361 4797 563 4852 αὐτοῦ
599 4804 811 4870 λόγου.

365 4907 534 4967 05-m-
569 4918 596 4969 6
640 4912 848 4985 Ἄαρὼν
872 4918 932 4970 οῦ
965 4919 1255 4989 γεγένηται
1288 4926 1594 4995 ἀρχιερεὺς,
1630 4929 1762 4984 ἀλλὰ
1788 4934 1880 4987 ἄν-

296 5003 558 5075 θρωπος·
588 5009 682 5060 καὶ
727 5010 864 5078 μετά
896 5011 1007 5080 χρό·
1027 5029 1085 5064 ον
1115 5013 1200 5066 ὅτε
1236 5015 1264 5068 ό
1293 5016 1425 5080 Θεὸς
1449 5019 1680 5089 ἠθέλησε
1719 5024 1878 5092 γέγο-

295 5113 390 5149 νεν
413 5099 703 5168 όρίιερεὺ’
724 5140 742 5166 ,
771 5103 866 5154 καὶ
902 5102 1121 5171 γέγονεν
1155 5109 1251 5179 οὐχ
1283 5109 1468 5174 ἁπλῶς
1487 5151 1500 5172 ,
1533 5113 1650 5166 οὐδὲ
1683 5115 1744 5168 ὲκ
1773 5117 1882 5170 τῶν

297 5190 548 5259 συκήθων
575 5193 808 5260 ἱματίων
835 5197 1258 5266 γνωριζόμενος,
1287 5201 1406 5253 ἀλλ’
1436 5204 1881 5276 ὲπενδιδυσκόμε-

297 5297 388 5341 νος
447 5284 546 5352 τὴν
594 5286 869 5354 ὲτ-ωμίδα,
920 5287 981 5340 τδ
1022 5289 1248 5358 λογεῖον,
1305 5292 1398 5346 τδν
1440 5295 1669 5365 ποδήρη,
1726 5298 1760 5352 ἃ
1818 5301 1875 5353 αἱ

297 5375 560 5446 γυναῖκες
610 5377 710 5446 μὲν
761 5379 1088 5448 εἰργάσαντο
1133 5383 1427 5449 προστάξει
1470 5387 1565 5440 τοῦ
1615 5388 1772 5454 Θεοῦ,
1821 5391 1877 5443 ἐν

299 5465 511 5528 τούτοις
554 5468 612 5520 δὲ
657 5469 1038 5540 είπερχ¹μενες
1078 5475 1156 5536 είς
1193 5477 1260 5529 τὰ
1292 5475 1422 5544 ἅγια
1465 5478 1560 5548 τὴν
1604 5480 1743 5550 ὑπὲρ
1780 5483 1876 5536 τοῦ

300 5553 440 5609 λαοῦ
469 5557 657 5611 θυσία-ι
691 5563 1054 5631 προσέφερεν.
1093 5565 1248 5619 Οῦτω
1284 5569 1464 5620 τοίνυν
1494 5571 1586 5622 καὶ
1615 5569 1642 5621 6
1674 5570 1878 5641 Κύριος

305 5645 364 5696 εν
413 5647 689 5717 ἀρχῇμὲν
722 5644 788 5718 ἦν
818 5651 845 5702 6
873 5653 1070 5720 Λόγος,
1105 5656 1194 5708 ὅτε
1221 5655 1278 5710 δὲ
1308 5658 1569 5729 ἠθέλησεν
1613 5661 1640 5713 ό
1688 5661 1879 5733 Πατὴρ

306 5734 452 5807 ὑπὲρ
476 5741 688 5794 πάντων
717 5741 912 5814 λύτρον
940 5743 1190 5814 δοθῆναι,
1221 5747 1314 5800 καὶ
1355 5750 1488 5802 πᾶσι
1517 5750 1868 5820 χαρίσασθαι,

1973 3310 2120 3356 ctum
2149 3308 2234 3355 est
2264 3298 2332 3353 de
2366 3298 2455 3350 illo
2484 3306 2776 3364 antequam
2799 3303 3014 3350 creatus
3061 3302 3166 3362 est,
3217 3294 3310 3350 sed
3339 3305 3556 3364 postea-

1976 3406 2138 3460 quam
2171 3389 2405 3446 Verbum
2420 3403 2549 3444 caro
2571 3385 2772 3442 factum
2799 3394 2905 3442 est.
2933 3385 3164 3454 Quando
3184 3387 3331 3441 enim
3359 3386 3556 3442 missus

1974 3485 2089 3540 est?
2121 3496 2301 3538 nonne
2338 3481 2555 3551 quando
2586 3494 2808 3535 carnem
2841 3489 3084 3534 nostram
3113 3479 3327 3534 induit?
3369 3480 3559 3546 Quatt-

1972 3573 2043 3632 do
2065 3573 2320 3644 princeps
2365 3569 2727 3626 confessionis
2755 3577 2954 3624 nostras
3001 3566 3175 3623 factus
3233 3569 3559 3624 estlnonne

1975 3665 2420 3737 quando.corpus
2445 3677 2623 3720 suum.
2658 3675 2782 3715 cum
2826 3675 2886 3716 se
2934 3676 3032 3730 pro
3067 3661 3225 3716 nobis
3251 3660 3579 3725 obtulisset,

1974 3773 2006 3812 a
2043 3757 2272 3813 mortuis
2310 3749 2596 3810 excitavit?
2630 3751 2696 3807 Et
2745 3768 2892 3806 nunc
2920 3752 3246 3807 accedentes
3294 3754 3361 3807 ad
3396 3753 3553 3807 ﬁdem

1976 3865 2130 3906 suam
2159 3847 2471 3912 adducit,et
2498 3846 2658 3902 oﬂ‘ert
2691 3844 2858 3905 Patri.
2887 3860 3009 3898 cum
3059 3860 3252 3899 omnes
3308 3845 3557 3899 redeme-

1978 3941 2066 4004 rit,
2098 3949 2153 3994 et
2183 3938 2437 3993 omnibus
2471 3939 2638 3991 Deum
2684 3936 3002 4006 placaverit.
3052 3935 3210 3990 Absit
3254 3936 3437 4007 igitur,
3495 3945 3558 3990 ut

1976 4029 2287 4092 credamus,
2318 4030 2634 4099 Apostolum
2662 4029 2885 4090 dixisse.
2921 4027 3133 4082 ﬁdelem
3163 4044 3285 4082 eum
3313 4044 3434 4083 esse
3457 4029 3556 4090 illi.

1976 4119 2066 4189 qui
2101 4118 2230 4174 fecit
2263 4118 2463 4188 ipsum,
2502 4129 2562 4172 ut
2593 4115 2755 4172 Verbi
2814 4117 3106 4171 essentiam
3163 4127 3219 4174 et
3269 4126 3448 4174 ortum
3491 4135 3559 4175 ex

1977 4209 2134 4264 Patre
2164 4207 2514 4279 signiﬁcaret,
2544 4205 2805 4279 (Verbum
2835 4206 2981 4260 enim
3022 4205 3169 4274 facit,
3210 4222 3318 4261 non
3373 4215 3556 4264 autem

1977 4301 2081 4368 ﬁt),
2119 4300 2212 4356 sed
2243 4311 2300 4355 ut
2336 4302 2456 4370 ejus
2489 4299 2555 4354 ad
2609 4300 2857 4354 homines
2904 4299 3227 4354 descensum
3284 4309 3339 4355 et
3373 4301 3559 4370 ponti-

1979 4396 2195 4449 licatum
2231 4393 2565 4458 ostenderet,
2601 4408 2760 4462 quem
2785 4392 2942 4447 facile
2971 4409 3037 4447 ex
3083 4393 3200 4466 h-ge
3248 4402 3303 4449 et
3330 4393 3559 4450 historia

1907 4528 1952 4584 Β
1983 4489 2159 4542 Aaron
2190 4487 2395 4556 poteris
2427 4486 2749 4572 intelligere.

1973 4603 2058 4658 Ea:
2113 4603 2295 4657 Aaron
2349 4601 2568 4655 historia
2617 4602 2923 4670 mysterium
2993 4601 3188 4658 Christi
3240 4607 3558 4662 constituens

2045 4675 2214 4742 arguit
2266 4671 2404 4735 illos,
2433 4673 2519 4742 qui
2550 4673 2612 4725 de
2637 4672 2748 4740 ipso
2772 4675 2943 4726 minus
2981 4685 3115 4728 recte
3163 4675 3415 4729 sentiunt.
3473 4673 3560 4730 Ea:

2051 4744 2228 4796 eodem
2262 4743 2415 4796 libro.

2053 4924 2150 4980 ilic
2178 4927 2354 4979 Aaron
2386 4939 2491 4978 non
2549 4923 2809 4994 pontifex.
2865 4925 2956 4979 sed
3019 4924 3180 4980 homo
3237 4933 3400 4982 natus
3450 4936 3558 4984 est.

1983 5014 2109 5070 Post
2135 5024 2334 5082 autem,
2367 5015 2584 5085 quando
2617 5015 2819 5086 placuit
2849 5017 2980 5081 Deo.
2999 5016 3174 5072 factus
3196 5027 3301 5084 est,
3338 5017 3432 5074 sed
3461 5019 3556 5081 ita,

1982 5115 2041 5160 ut
2083 5121 2192 5160 non
2256 5121 2320 5160 ex
2373 5107 2550 5161 solitis
2610 5108 2954 5164 vestlmentis
3009 5120 3411 5180 agnosceretur,
3459 5113 3557 5166 sed

1985 5197 2434 5266 superbumcrale
2480 5206 2536 5253 et
2588 5201 2852 5255 rationale
2895 5210 2951 5255 et
3005 5202 3240 5258 tunicam
3279 5205 3554 5267 indueret.

1982 5303 2102 5358 qua:
2164 5287 2385 5356 quidem
2459 5301 2779 5346 ornamenta
2849 5292 3104 5347 mandato
3150 5293 3245 5348 Dei
3300 5293 3554 5349 mulieres

1982 5379 2352 5439 confecerant.
2381 5380 2476 5437 His
2504 5382 2733 5440 indutus
2768 5385 2822 5438 in
2877 5394 3064 5440 sancta
3123 5375 3552 5456 ingrediebatur,

1979 5481 2034 5528 et
2066 5486 2166 5543 pro
2205 5473 2402 5541 populo
2434 5475 2756 5529 sacriﬁcium
2795 5476 3041 5530 faciebat.
3075 5475 3165 5529 Sic
3192 5483 3247 5531 ct
3295 5473 3556 5532 Dominus

1983 5563 2140 5617 initio
2171 5563 2388 5633 quidem
2452 5565 2686 5620 Verbum
2752 5576 2893 5628 erat,
2963 5567 3055 5621 sed
3109 5568 3328 5636 quando
3382 5569 3554 5622 voluit

1981 5655 2145 5709 Pater
2177 5654 2320 5709 illius
2347 5657 2613 5710 sacriﬁcio
2657 5671 2754 5725 pro
2804 5658 3058 5712 omnibus
3098 5659 3281 5715 oblato
3325 5661 3550 5732 placari.

1982 5755 2137 5812 tunc,
2168 5755 2230 5802 ut
2257 5748 2436 5801 Aaron
2463 5747 2722 5811 tunicam,
2750 5749 2828 5804 sic
2855 5748 3093 5805 Verbum
3117 5767 3334 5809 carnem
3357 5762 3551 5810 humat-

395 5851 411 5879 ‘
438 5850 607 5910 Ecclc.
643 5873 741 5924 xu.
773 5857 861 5914 Η.
938 5860 958 5890 ²
984 5857 1146 5916 llebr.
1185 5877 1262 5930 Ill,
1285 5861 1339 5916 2.
1423 5864 1442 5896 ³
1476 5863 1634 5920 Deut.
1673 5879 1768 5934 vn,
1799 5864 1854 5919 9.

1977 5861 2148 5919 lCor.
2183 5878 2236 5932 κ,
2265 5864 2348 5921 15.
2426 5867 2446 5897 ⁵
2480 5863 2620 5918 Psal.
2648 5877 2825 5930 cxttv,
2857 5865 2943 5920 l5.
