  <div class='ocr_page' id='page_1' title='image "/cluster/home/n/w/nwhite01/storage/ocr_20150623/130/mdp.39015078384255/193.png"; bbox 0 0 4120 6292; ppageno 0'>
   <div class='ocr_carea' id='block_1_1' title="bbox 571 427 669 495">
    <p class='ocr_par' dir='ltr' id='par_1_1' title="bbox 571 427 669 495">
     <span class='ocr_line' id='line_1_1' title="bbox 571 427 669 495; baseline -0.02 0"><span class='ocrx_word' id='word_1_1' title='bbox 571 427 669 495; x_wconf 75' lang='grc'><strong>371</strong></span> 
     </span>
    </p>
   </div>
   <div class='ocr_carea' id='block_1_2' title="bbox 1796 440 2591 507">
    <p class='ocr_par' dir='ltr' id='par_1_2' title="bbox 1796 440 2591 507">
     <span class='ocr_line' id='line_1_2' title="bbox 1796 440 2591 507; baseline 0.006 -5"><span class='ocrx_word' id='word_1_2' title='bbox 1796 440 2185 504; x_wconf 79' lang='lat' dir='ltr'><strong>EUTHYMII</strong></span> <span class='ocrx_word' id='word_1_3' title='bbox 2225 442 2591 507; x_wconf 76' lang='lat' dir='ltr'><strong>ZlGABENI</strong></span> 
     </span>
    </p>
   </div>
   <div class='ocr_carea' id='block_1_3' title="bbox 3697 461 3790 525">
    <p class='ocr_par' dir='ltr' id='par_1_3' title="bbox 3697 461 3790 525">
     <span class='ocr_line' id='line_1_3' title="bbox 3697 461 3790 525; baseline 0 -2"><span class='ocrx_word' id='word_1_4' title='bbox 3697 461 3790 525; x_wconf 65' lang='lat'><strong>37?</strong></span> 
     </span>
    </p>
   </div>
   <div class='ocr_carea' id='block_1_4' title="bbox 566 553 2152 643">
    <p class='ocr_par' dir='ltr' id='par_1_4' title="bbox 566 553 2151 631">
     <span class='ocr_line' id='line_1_4' title="bbox 566 553 2151 631; baseline 0.008 -26"><span class='ocrx_word' id='word_1_5' title='bbox 566 568 693 606; x_wconf 87' lang='lat' dir='ltr'><strong>nam</strong></span> <span class='ocrx_word' id='word_1_6' title='bbox 738 553 975 623; x_wconf 79' lang='lat' dir='ltr'><strong>sumpsit</strong></span> <span class='ocrx_word' id='word_1_7' title='bbox 1006 571 1036 610; x_wconf 91' lang='lat' dir='ltr'><strong>e</strong></span> <span class='ocrx_word' id='word_1_8' title='bbox 1065 564 1227 610; x_wconf 86' lang='lat' dir='ltr'><strong>terra.</strong></span> <span class='ocrx_word' id='word_1_9' title='bbox 1279 553 1497 611; x_wconf 76' lang='lat' dir='ltr'><strong>Mariam</strong></span> <span class='ocrx_word' id='word_1_10' title='bbox 1552 559 1695 612; x_wconf 88' lang='lat' dir='ltr'><strong>enim</strong></span> <span class='ocrx_word' id='word_1_11' title='bbox 1756 561 2056 631; x_wconf 75' lang='lat' dir='ltr'><strong>Virginem.</strong></span> <span class='ocrx_word' id='word_1_12' title='bbox 2096 574 2151 617; x_wconf 90' lang='lat' dir='ltr'><strong>ut</strong></span> 
     </span>
    </p>
   </div>
   <div class='ocr_carea' id='block_1_5' title="bbox 2255 553 3787 643">
    <p class='ocr_par' dir='ltr' id='par_1_5' title="bbox 2256 562 3787 643">
     <span class='ocr_line' id='line_1_5' title="bbox 2256 562 3787 643; baseline 0.009 -29"><span class='ocrx_word' id='word_1_13' title='bbox 2256 564 2373 616; x_wconf 75' lang='grc' dir='ltr'>τότε</span> <span class='ocrx_word' id='word_1_14' title='bbox 2409 565 2471 634; x_wconf 75' lang='grc' dir='ltr'>δὴ</span> <span class='ocrx_word' id='word_1_15' title='bbox 2502 568 2527 617; x_wconf 81' lang='lat'><strong>6</strong></span> <span class='ocrx_word' id='word_1_16' title='bbox 2564 562 2731 635; x_wconf 66' lang='grc' dir='ltr'>Λόγος</span> <span class='ocrx_word' id='word_1_17' title='bbox 2754 611 2767 633; x_wconf 91' lang='grc'><strong>,</strong></span> <span class='ocrx_word' id='word_1_18' title='bbox 2803 567 2877 632; x_wconf 82' lang='grc' dir='ltr'>ὥς</span> <span class='ocrx_word' id='word_1_19' title='bbox 2918 568 3127 640; x_wconf 76' lang='grc' dir='ltr'>Ἀαρὼν</span> <span class='ocrx_word' id='word_1_20' title='bbox 3158 570 3247 622; x_wconf 71' lang='grc' dir='ltr'><strong>τὸν</strong></span> <span class='ocrx_word' id='word_1_21' title='bbox 3278 568 3488 643; x_wconf 73' lang='grc' dir='ltr'>ποδήρη</span> <span class='ocrx_word' id='word_1_22' title='bbox 3509 611 3523 636; x_wconf 85' lang='grc'><strong>,</strong></span> <span class='ocrx_word' id='word_1_23' title='bbox 3555 570 3682 627; x_wconf 65' lang='grc' dir='ltr'>οὕτω</span> <span class='ocrx_word' id='word_1_24' title='bbox 3709 576 3787 630; x_wconf 73' lang='grc' dir='ltr'>καὶ</span> 
     </span>
    </p>
   </div>
   <div class='ocr_carea' id='block_1_6' title="bbox 570 647 2147 724">
    <p class='ocr_par' dir='ltr' id='par_1_6' title="bbox 570 647 2147 724">
     <span class='ocr_line' id='line_1_6' title="bbox 570 647 2147 724; baseline 0.008 -28"><span class='ocrx_word' id='word_1_25' title='bbox 570 651 770 697; x_wconf 86' lang='lat' dir='ltr'><strong>terram</strong></span> <span class='ocrx_word' id='word_1_26' title='bbox 804 647 1063 701; x_wconf 74' lang='lat' dir='ltr'><strong>intactam</strong></span> <span class='ocrx_word' id='word_1_27' title='bbox 1091 648 1193 702; x_wconf 98' lang='lat' dir='ltr'><strong>sibi</strong></span> <span class='ocrx_word' id='word_1_28' title='bbox 1228 660 1455 703; x_wconf 89' lang='lat' dir='ltr'><strong>matrem</strong></span> <span class='ocrx_word' id='word_1_29' title='bbox 1482 652 1662 721; x_wconf 79' lang='lat' dir='ltr'><strong>elegit,</strong></span> <span class='ocrx_word' id='word_1_30' title='bbox 1707 663 1767 708; x_wconf 94' lang='lat' dir='ltr'><strong>ut</strong></span> <span class='ocrx_word' id='word_1_31' title='bbox 1794 655 2147 724; x_wconf 76' lang='lat' dir='ltr'><strong>liabensjam,</strong></span> 
     </span>
    </p>
   </div>
   <div class='ocr_carea' id='block_1_7' title="bbox 566 738 2148 814">
    <p class='ocr_par' dir='ltr' id='par_1_7' title="bbox 566 738 2148 814">
     <span class='ocr_line' id='line_1_7' title="bbox 566 738 2148 814; baseline 0.005 -25"><span class='ocrx_word' id='word_1_32' title='bbox 566 738 712 805; x_wconf 86' lang='lat' dir='ltr'><strong>quod</strong></span> <span class='ocrx_word' id='word_1_33' title='bbox 745 738 1011 791; x_wconf 89' lang='lat' dir='ltr'><strong>immolari</strong></span> <span class='ocrx_word' id='word_1_34' title='bbox 1046 748 1250 808; x_wconf 80' lang='lat' dir='ltr'><strong>posset,</strong></span> <span class='ocrx_word' id='word_1_35' title='bbox 1289 750 1549 810; x_wconf 82' lang='lat' dir='ltr'><strong>tanquam</strong></span> <span class='ocrx_word' id='word_1_36' title='bbox 1585 745 1839 799; x_wconf 83' lang='lat' dir='ltr'><strong>sacerdos</strong></span> <span class='ocrx_word' id='word_1_37' title='bbox 1876 762 1934 799; x_wconf 90' lang='lat' dir='ltr'><strong>se</strong></span> <span class='ocrx_word' id='word_1_38' title='bbox 1970 745 2148 814; x_wconf 79' lang='lat' dir='ltr'><strong>ipSum</strong></span> 
     </span>
    </p>
   </div>
   <div class='ocr_carea' id='block_1_8' title="bbox 564 829 2150 902">
    <p class='ocr_par' dir='ltr' id='par_1_8' title="bbox 564 829 2150 902">
     <span class='ocr_line' id='line_1_8' title="bbox 564 829 2150 902; baseline 0.004 -19"><span class='ocrx_word' id='word_1_39' title='bbox 564 829 791 883; x_wconf 71' lang='lat' dir='ltr'><strong>oﬂ&#39;erret</strong></span> <span class='ocrx_word' id='word_1_40' title='bbox 823 830 988 893; x_wconf 84' lang='lat' dir='ltr'><strong>Patri,</strong></span> <span class='ocrx_word' id='word_1_41' title='bbox 1024 841 1078 884; x_wconf 90' lang='lat' dir='ltr'><strong>et</strong></span> <span class='ocrx_word' id='word_1_42' title='bbox 1110 833 1332 901; x_wconf 85' lang='lat' dir='ltr'><strong>proprio</strong></span> <span class='ocrx_word' id='word_1_43' title='bbox 1362 837 1627 902; x_wconf 75' lang='lat' dir='ltr'><strong>sanguine</strong></span> <span class='ocrx_word' id='word_1_44' title='bbox 1657 853 1759 891; x_wconf 90' lang='lat' dir='ltr'><strong>nos</strong></span> <span class='ocrx_word' id='word_1_45' title='bbox 1807 852 2002 892; x_wconf 89' lang='lat' dir='ltr'><strong>omnes</strong></span> <span class='ocrx_word' id='word_1_46' title='bbox 2054 854 2150 890; x_wconf 75' lang='lat' dir='ltr'><strong>cx-</strong></span> 
     </span>
    </p>
   </div>
   <div class='ocr_carea' id='block_1_9' title="bbox 563 919 2152 997">
    <p class='ocr_par' dir='ltr' id='par_1_9' title="bbox 563 919 2152 997">
     <span class='ocr_line' id='line_1_9' title="bbox 563 919 2152 997; baseline 0.004 -24"><span class='ocrx_word' id='word_1_47' title='bbox 563 919 741 987; x_wconf 81' lang='lat' dir='ltr'><strong>piaret</strong></span> <span class='ocrx_word' id='word_1_48' title='bbox 772 935 800 971; x_wconf 87' lang='lat' dir='ltr'><strong>a</strong></span> <span class='ocrx_word' id='word_1_49' title='bbox 841 921 1097 989; x_wconf 82' lang='lat' dir='ltr'><strong>peccatis,</strong></span> <span class='ocrx_word' id='word_1_50' title='bbox 1130 934 1185 976; x_wconf 85' lang='lat' dir='ltr'><strong>et</strong></span> <span class='ocrx_word' id='word_1_51' title='bbox 1213 937 1241 976; x_wconf 87' lang='lat' dir='ltr'><strong>a</strong></span> <span class='ocrx_word' id='word_1_52' title='bbox 1265 926 1497 979; x_wconf 85' lang='lat' dir='ltr'><strong>mortuis</strong></span> <span class='ocrx_word' id='word_1_53' title='bbox 1553 927 1834 981; x_wconf 75' lang='lat' dir='ltr'><strong>excitaret.</strong></span> <span class='ocrx_word' id='word_1_54' title='bbox 1864 927 1930 981; x_wconf 82' lang='lat' dir='ltr'><strong>Et</strong></span> <span class='ocrx_word' id='word_1_55' title='bbox 1954 944 2152 997; x_wconf 84' lang='lat' dir='ltr'><strong>quem-</strong></span> 
     </span>
    </p>
   </div>
   <div class='ocr_carea' id='block_1_10' title="bbox 564 1011 2153 1082">
    <p class='ocr_par' dir='ltr' id='par_1_10' title="bbox 564 1011 2153 1082">
     <span class='ocr_line' id='line_1_10' title="bbox 564 1011 2153 1082; baseline 0.006 -17"><span class='ocrx_word' id='word_1_56' title='bbox 564 1011 853 1067; x_wconf 83' lang='lat' dir='ltr'><strong>admodum</strong></span> <span class='ocrx_word' id='word_1_57' title='bbox 929 1016 1109 1068; x_wconf 78' lang='lat' dir='ltr'><strong>Aaron</strong></span> <span class='ocrx_word' id='word_1_58' title='bbox 1190 1032 1298 1070; x_wconf 86' lang='lat' dir='ltr'><strong>non</strong></span> <span class='ocrx_word' id='word_1_59' title='bbox 1365 1019 1724 1082; x_wconf 76' lang='lat' dir='ltr'><strong>mutabatur,</strong></span> <span class='ocrx_word' id='word_1_60' title='bbox 1806 1020 1931 1075; x_wconf 86' lang='lat' dir='ltr'><strong>licet</strong></span> <span class='ocrx_word' id='word_1_61' title='bbox 2002 1030 2153 1075; x_wconf 80' lang='lat' dir='ltr'><strong>veste</strong></span> 
     </span>
    </p>
   </div>
   <div class='ocr_carea' id='block_1_11' title="bbox 566 1106 2149 1182">
    <p class='ocr_par' dir='ltr' id='par_1_11' title="bbox 566 1106 2149 1182">
     <span class='ocr_line' id='line_1_11' title="bbox 566 1106 2149 1182; baseline 0.006 -26"><span class='ocrx_word' id='word_1_62' title='bbox 566 1120 716 1158; x_wconf 89' lang='lat' dir='ltr'><strong>sacra</strong></span> <span class='ocrx_word' id='word_1_63' title='bbox 747 1116 894 1159; x_wconf 83' lang='lat' dir='ltr'><strong>esset</strong></span> <span class='ocrx_word' id='word_1_64' title='bbox 938 1106 1184 1173; x_wconf 79' lang='lat' dir='ltr'><strong>indutus,</strong></span> <span class='ocrx_word' id='word_1_65' title='bbox 1215 1109 1285 1162; x_wconf 86' lang='lat' dir='ltr'><strong>ita</strong></span> <span class='ocrx_word' id='word_1_66' title='bbox 1323 1107 1581 1171; x_wconf 77' lang='lat' dir='ltr'><strong>Verbum.</strong></span> <span class='ocrx_word' id='word_1_67' title='bbox 1620 1128 1844 1167; x_wconf 86' lang='lat' dir='ltr'><strong>manens</strong></span> <span class='ocrx_word' id='word_1_68' title='bbox 1893 1113 1944 1166; x_wconf 90' lang='lat' dir='ltr'><strong>id</strong></span> <span class='ocrx_word' id='word_1_69' title='bbox 2004 1116 2149 1182; x_wconf 85' lang='lat' dir='ltr'><strong>quod</strong></span> 
     </span>
    </p>
   </div>
   <div class='ocr_carea' id='block_1_12' title="bbox 564 1198 2153 1273">
    <p class='ocr_par' dir='ltr' id='par_1_12' title="bbox 564 1198 2153 1273">
     <span class='ocr_line' id='line_1_12' title="bbox 564 1198 2153 1273; baseline 0.004 -23"><span class='ocrx_word' id='word_1_70' title='bbox 564 1206 702 1261; x_wconf 88' lang='lat' dir='ltr'><strong>erat,</strong></span> <span class='ocrx_word' id='word_1_71' title='bbox 751 1198 1127 1254; x_wconf 83' lang='lat' dir='ltr'><strong>tantummodo</strong></span> <span class='ocrx_word' id='word_1_72' title='bbox 1180 1200 1479 1269; x_wconf 82' lang='lat' dir='ltr'><strong>tegebatur.</strong></span> <span class='ocrx_word' id='word_1_73' title='bbox 1516 1202 1577 1255; x_wconf 88' lang='lat' dir='ltr'><strong>Et</strong></span> <span class='ocrx_word' id='word_1_74' title='bbox 1607 1201 1702 1273; x_wconf 82' lang='lat' dir='ltr'><strong>qui</strong></span> <span class='ocrx_word' id='word_1_75' title='bbox 1753 1204 1932 1257; x_wconf 76' lang='lat' dir='ltr'><strong>Aaron</strong></span> <span class='ocrx_word' id='word_1_76' title='bbox 1982 1205 2153 1257; x_wconf 80' lang='lat' dir='ltr'><strong>sacri-</strong></span> 
     </span>
    </p>
   </div>
   <div class='ocr_carea' id='block_1_13' title="bbox 565 1288 2152 1359">
    <p class='ocr_par' dir='ltr' id='par_1_13' title="bbox 565 1288 2152 1359">
     <span class='ocr_line' id='line_1_13' title="bbox 565 1288 2152 1359; baseline 0.004 -17"><span class='ocrx_word' id='word_1_77' title='bbox 565 1288 817 1343; x_wconf 85' lang='lat' dir='ltr'><strong>ficantem</strong></span> <span class='ocrx_word' id='word_1_78' title='bbox 851 1290 1221 1359; x_wconf 79' lang='lat' dir='ltr'><strong>conspicatus,</strong></span> <span class='ocrx_word' id='word_1_79' title='bbox 1250 1291 1498 1348; x_wconf 86' lang='lat' dir='ltr'><strong>dicebat:</strong></span> <span class='ocrx_word' id='word_1_80' title='bbox 1524 1292 1661 1347; x_wconf 87' lang='lat' dir='ltr'><strong>Ecce</strong></span> <span class='ocrx_word' id='word_1_81' title='bbox 1692 1296 1955 1348; x_wconf 79' lang='lat' dir='ltr'><strong>habemus</strong></span> <span class='ocrx_word' id='word_1_82' title='bbox 1988 1294 2152 1348; x_wconf 80' lang='lat' dir='ltr'><strong>hodie</strong></span> 
     </span>
    </p>
   </div>
   <div class='ocr_carea' id='block_1_14' title="bbox 564 1383 2152 1455">
    <p class='ocr_par' dir='ltr' id='par_1_14' title="bbox 564 1383 2152 1455">
     <span class='ocr_line' id='line_1_14' title="bbox 564 1383 2152 1455; baseline 0.004 -22"><span class='ocrx_word' id='word_1_83' title='bbox 564 1383 880 1453; x_wconf 82' lang='lat' dir='ltr'><strong>pontiﬁcem</strong></span> <span class='ocrx_word' id='word_1_84' title='bbox 915 1384 1121 1448; x_wconf 83' lang='lat' dir='ltr'><strong>Aaron,</strong></span> <span class='ocrx_word' id='word_1_85' title='bbox 1149 1400 1257 1437; x_wconf 91' lang='lat' dir='ltr'><strong>non</strong></span> <span class='ocrx_word' id='word_1_86' title='bbox 1307 1385 1647 1455; x_wconf 76' lang='lat' dir='ltr'><strong>signiﬁcabat</strong></span> <span class='ocrx_word' id='word_1_87' title='bbox 1696 1401 1820 1441; x_wconf 92' lang='lat' dir='ltr'><strong>eum</strong></span> <span class='ocrx_word' id='word_1_88' title='bbox 1856 1395 1987 1441; x_wconf 88' lang='lat' dir='ltr'><strong>tunc</strong></span> <span class='ocrx_word' id='word_1_89' title='bbox 2030 1401 2152 1440; x_wconf 82' lang='lat' dir='ltr'><strong>esse</strong></span> 
     </span>
    </p>
   </div>
   <div class='ocr_carea' id='block_1_15' title="bbox 568 1474 2150 1547">
    <p class='ocr_par' dir='ltr' id='par_1_15' title="bbox 568 1474 2150 1547">
     <span class='ocr_line' id='line_1_15' title="bbox 568 1474 2150 1547; baseline 0.003 -20"><span class='ocrx_word' id='word_1_90' title='bbox 568 1474 766 1529; x_wconf 90' lang='lat' dir='ltr'><strong>factum</strong></span> <span class='ocrx_word' id='word_1_91' title='bbox 818 1475 1096 1529; x_wconf 85' lang='lat' dir='ltr'><strong>hominem</strong></span> <span class='ocrx_word' id='word_1_92' title='bbox 1162 1474 1315 1543; x_wconf 89' lang='lat' dir='ltr'><strong>(erat</strong></span> <span class='ocrx_word' id='word_1_93' title='bbox 1390 1478 1534 1531; x_wconf 87' lang='lat' dir='ltr'><strong>enim</strong></span> <span class='ocrx_word' id='word_1_94' title='bbox 1608 1478 1771 1532; x_wconf 86' lang='lat' dir='ltr'><strong>homo</strong></span> <span class='ocrx_word' id='word_1_95' title='bbox 1835 1484 2150 1547; x_wconf 74' lang='lat' dir='ltr'><strong>priusquam</strong></span> 
     </span>
    </p>
   </div>
   <div class='ocr_carea' id='block_1_16' title="bbox 566 1567 2153 1640">
    <p class='ocr_par' dir='ltr' id='par_1_16' title="bbox 566 1567 2153 1640">
     <span class='ocr_line' id='line_1_16' title="bbox 566 1567 2153 1640; baseline 0.001 -20"><span class='ocrx_word' id='word_1_96' title='bbox 566 1567 820 1622; x_wconf 84' lang='lat' dir='ltr'><strong>sacerdos</strong></span> <span class='ocrx_word' id='word_1_97' title='bbox 850 1568 1053 1636; x_wconf 60' lang='lat' dir='ltr'><strong>ﬁeret),</strong></span> <span class='ocrx_word' id='word_1_98' title='bbox 1100 1568 1193 1621; x_wconf 87' lang='lat' dir='ltr'><strong>sed</strong></span> <span class='ocrx_word' id='word_1_99' title='bbox 1222 1568 1529 1624; x_wconf 88' lang='lat' dir='ltr'><strong>ministerio</strong></span> <span class='ocrx_word' id='word_1_100' title='bbox 1565 1570 1767 1624; x_wconf 89' lang='lat' dir='ltr'><strong>factum</strong></span> <span class='ocrx_word' id='word_1_101' title='bbox 1804 1586 1923 1625; x_wconf 90' lang='lat' dir='ltr'><strong>esse</strong></span> <span class='ocrx_word' id='word_1_102' title='bbox 1968 1573 2153 1640; x_wconf 87' lang='lat' dir='ltr'><strong>ponti-</strong></span> 
     </span>
    </p>
   </div>
   <div class='ocr_carea' id='block_1_17' title="bbox 567 1659 2157 1731">
    <p class='ocr_par' dir='ltr' id='par_1_17' title="bbox 567 1659 2157 1731">
     <span class='ocr_line' id='line_1_17' title="bbox 567 1659 2157 1731; baseline 0.004 -19"><span class='ocrx_word' id='word_1_103' title='bbox 567 1659 748 1721; x_wconf 80' lang='lat' dir='ltr'><strong>ﬁcem,</strong></span> <span class='ocrx_word' id='word_1_104' title='bbox 788 1660 1159 1729; x_wconf 90' lang='lat' dir='ltr'><strong>amictumque</strong></span> <span class='ocrx_word' id='word_1_105' title='bbox 1222 1662 1566 1716; x_wconf 75' lang='lat' dir='ltr'><strong>vestimentis</strong></span> <span class='ocrx_word' id='word_1_106' title='bbox 1622 1665 1685 1717; x_wconf 83' lang='lat' dir='ltr'><strong>ad</strong></span> <span class='ocrx_word' id='word_1_107' title='bbox 1710 1676 1833 1717; x_wconf 89' lang='lat' dir='ltr'><strong>eum</strong></span> <span class='ocrx_word' id='word_1_108' title='bbox 1890 1666 1979 1731; x_wconf 88' lang='lat' dir='ltr'><strong>qui</strong></span> <span class='ocrx_word' id='word_1_109' title='bbox 2033 1680 2157 1718; x_wconf 89' lang='lat' dir='ltr'><strong>mu-</strong></span> 
     </span>
    </p>
   </div>
   <div class='ocr_carea' id='block_1_18' title="bbox 564 1751 2157 1822">
    <p class='ocr_par' dir='ltr' id='par_1_18' title="bbox 564 1751 2157 1822">
     <span class='ocr_line' id='line_1_18' title="bbox 564 1751 2157 1822; baseline 0.004 -18"><span class='ocrx_word' id='word_1_110' title='bbox 564 1766 701 1805; x_wconf 88' lang='lat' dir='ltr'><strong>nere</strong></span> <span class='ocrx_word' id='word_1_111' title='bbox 752 1751 1032 1819; x_wconf 67' lang='lat' dir='ltr'><strong>pont‘ficio</strong></span> <span class='ocrx_word' id='word_1_112' title='bbox 1083 1751 1401 1822; x_wconf 84' lang='lat' dir='ltr'><strong>fungeretur</strong></span> <span class='ocrx_word' id='word_1_113' title='bbox 1450 1755 1824 1809; x_wconf 80' lang='lat' dir='ltr'><strong>exornandum</strong></span> <span class='ocrx_word' id='word_1_114' title='bbox 1886 1756 2043 1810; x_wconf 90' lang='lat' dir='ltr'><strong>factis</strong></span> <span class='ocrx_word' id='word_1_115' title='bbox 2102 1767 2157 1810; x_wconf 80' lang='lat' dir='ltr'><strong>et</strong></span> 
     </span>
    </p>
   </div>
   <div class='ocr_carea' id='block_1_19' title="bbox 2252 657 3787 735">
    <p class='ocr_par' dir='ltr' id='par_1_19' title="bbox 2252 657 3787 735">
     <span class='ocr_line' id='line_1_19' title="bbox 2252 657 3787 735; baseline 0.005 -27"><span class='ocrx_word' id='word_1_116' title='bbox 2252 657 2412 719; x_wconf 68' lang='grc' dir='ltr'>αύτδς</span> <span class='ocrx_word' id='word_1_117' title='bbox 2437 658 2594 711; x_wconf 75' lang='grc' dir='ltr'>ἔλαϐε</span> <span class='ocrx_word' id='word_1_118' title='bbox 2622 661 2717 729; x_wconf 75' lang='grc' dir='ltr'>τὴν</span> <span class='ocrx_word' id='word_1_119' title='bbox 2741 659 2849 713; x_wconf 76' lang='grc' dir='ltr'><strong>ἀπὸ</strong></span> <span class='ocrx_word' id='word_1_120' title='bbox 2881 661 2983 731; x_wconf 80' lang='grc' dir='ltr'>γῆς</span> <span class='ocrx_word' id='word_1_121' title='bbox 3010 663 3349 732; x_wconf 71' lang='grc' dir='ltr'><strong>ἀνθρωπίνην</strong></span> <span class='ocrx_word' id='word_1_122' title='bbox 3380 663 3574 733; x_wconf 83' lang='grc' dir='ltr'>σάρκα,</span> <span class='ocrx_word' id='word_1_123' title='bbox 3600 664 3787 735; x_wconf 79' lang='grc' dir='ltr'>Μαρίαν</span> 
     </span>
    </p>
   </div>
   <div class='ocr_carea' id='block_1_20' title="bbox 2250 746 3790 827">
    <p class='ocr_par' dir='ltr' id='par_1_20' title="bbox 2250 746 3790 827">
     <span class='ocr_line' id='line_1_20' title="bbox 2250 746 3790 827; baseline 0.011 -28"><span class='ocrx_word' id='word_1_124' title='bbox 2250 746 2350 817; x_wconf 73' lang='grc' dir='ltr'>τὴν</span> <span class='ocrx_word' id='word_1_125' title='bbox 2375 750 2643 817; x_wconf 74' lang='grc' dir='ltr'>παρθένον</span> <span class='ocrx_word' id='word_1_126' title='bbox 2675 753 2795 805; x_wconf 70' lang='grc' dir='ltr'>ἀντὶ</span> <span class='ocrx_word' id='word_1_127' title='bbox 2816 755 2917 824; x_wconf 79' lang='grc' dir='ltr'>τῆς</span> <span class='ocrx_word' id='word_1_128' title='bbox 2942 756 3283 825; x_wconf 82' lang='grc' dir='ltr'>ἁνεργάστου</span> <span class='ocrx_word' id='word_1_129' title='bbox 3312 755 3415 826; x_wconf 73' lang='grc' dir='ltr'>γῆς</span> <span class='ocrx_word' id='word_1_130' title='bbox 3447 758 3678 827; x_wconf 76' lang='grc' dir='ltr'>ἐσχηκὼς</span> <span class='ocrx_word' id='word_1_131' title='bbox 3705 776 3790 827; x_wconf 85' lang='grc' dir='ltr'>μη-</span> 
     </span>
    </p>
   </div>
   <div class='ocr_carea' id='block_1_21' title="bbox 2251 840 3789 917">
    <p class='ocr_par' dir='ltr' id='par_1_21' title="bbox 2251 840 3789 917">
     <span class='ocr_line' id='line_1_21' title="bbox 2251 840 3789 917; baseline 0.007 -26"><span class='ocrx_word' id='word_1_132' title='bbox 2251 840 2383 909; x_wconf 85' lang='grc' dir='ltr'>τέρα</span> <span class='ocrx_word' id='word_1_133' title='bbox 2409 842 2499 893; x_wconf 82' lang='grc' dir='ltr'><strong>τοῦ</strong></span> <span class='ocrx_word' id='word_1_134' title='bbox 2529 848 2801 913; x_wconf 81' lang='grc' dir='ltr'>σώματος,</span> <span class='ocrx_word' id='word_1_135' title='bbox 2832 846 2920 900; x_wconf 83' lang='grc' dir='ltr'>ἵνα</span> <span class='ocrx_word' id='word_1_136' title='bbox 2946 847 3083 917; x_wconf 75' lang='grc' dir='ltr'>ἔχων</span> <span class='ocrx_word' id='word_1_137' title='bbox 3114 848 3173 899; x_wconf 79' lang='grc' dir='ltr'>τὸ</span> <span class='ocrx_word' id='word_1_138' title='bbox 3200 848 3634 917; x_wconf 71' lang='grc' dir='ltr'>προσφερόμενον</span> <span class='ocrx_word' id='word_1_139' title='bbox 3657 850 3789 914; x_wconf 60' lang='grc' dir='ltr'>αὐτὸς</span> 
     </span>
    </p>
   </div>
   <div class='ocr_carea' id='block_1_22' title="bbox 2252 931 3791 1011">
    <p class='ocr_par' dir='ltr' id='par_1_22' title="bbox 2252 931 3791 1011">
     <span class='ocr_line' id='line_1_22' title="bbox 2252 931 3791 1011; baseline 0.006 -29"><span class='ocrx_word' id='word_1_140' title='bbox 2252 931 2326 993; x_wconf 76' lang='grc' dir='ltr'>ὡς</span> <span class='ocrx_word' id='word_1_141' title='bbox 2373 933 2659 1005; x_wconf 77' lang='grc' dir='ltr'>ἀρχιερεὺς</span> <span class='ocrx_word' id='word_1_142' title='bbox 2690 938 2883 990; x_wconf 63' lang='grc' dir='ltr'>ἑαυτὸν</span> <span class='ocrx_word' id='word_1_143' title='bbox 2922 941 3266 1011; x_wconf 76' lang='grc' dir='ltr'>προσενέγκῃ</span> <span class='ocrx_word' id='word_1_144' title='bbox 3294 941 3371 1009; x_wconf 79' lang='grc' dir='ltr'>τῷ</span> <span class='ocrx_word' id='word_1_145' title='bbox 3404 941 3595 1010; x_wconf 67' lang='grc' dir='ltr'>Πατρὶ,</span> <span class='ocrx_word' id='word_1_146' title='bbox 3625 945 3708 993; x_wconf 73' lang='grc' dir='ltr'>καὶ</span> <span class='ocrx_word' id='word_1_147' title='bbox 3730 944 3791 1009; x_wconf 81' lang='grc' dir='ltr'>τῷ</span> 
     </span>
    </p>
   </div>
   <div class='ocr_carea' id='block_1_23' title="bbox 2258 1020 3796 1098">
    <p class='ocr_par' dir='ltr' id='par_1_23' title="bbox 2258 1020 3796 1098">
     <span class='ocr_line' id='line_1_23' title="bbox 2258 1020 3796 1098; baseline 0.005 -25"><span class='ocrx_word' id='word_1_148' title='bbox 2258 1021 2373 1092; x_wconf 87' lang='grc' dir='ltr'>ίδίῳ</span> <span class='ocrx_word' id='word_1_149' title='bbox 2414 1020 2607 1093; x_wconf 73' lang='grc' dir='ltr'>αἵματι</span> <span class='ocrx_word' id='word_1_150' title='bbox 2638 1025 2842 1089; x_wconf 71' lang='grc' dir='ltr'>πάντας</span> <span class='ocrx_word' id='word_1_151' title='bbox 2873 1029 3019 1098; x_wconf 80' lang='grc' dir='ltr'>ἡμᾶς</span> <span class='ocrx_word' id='word_1_152' title='bbox 3061 1028 3165 1080; x_wconf 76' lang='grc' dir='ltr'><strong>ἀπὸ</strong></span> <span class='ocrx_word' id='word_1_153' title='bbox 3194 1029 3301 1081; x_wconf 83' lang='grc' dir='ltr'><strong>τῶν</strong></span> <span class='ocrx_word' id='word_1_154' title='bbox 3338 1029 3616 1097; x_wconf 80' lang='grc' dir='ltr'>ἁμαρτιῶν</span> <span class='ocrx_word' id='word_1_155' title='bbox 3656 1030 3796 1081; x_wconf 81' lang='grc' dir='ltr'>καθα-</span> 
     </span>
    </p>
   </div>
   <div class='ocr_carea' id='block_1_24' title="bbox 2257 1116 3797 1192">
    <p class='ocr_par' dir='ltr' id='par_1_24' title="bbox 2257 1116 3797 1192">
     <span class='ocr_line' id='line_1_24' title="bbox 2257 1116 3797 1192; baseline 0.004 -25"><span class='ocrx_word' id='word_1_156' title='bbox 2257 1116 2403 1189; x_wconf 79' lang='grc' dir='ltr'>ρίσῃ,</span> <span class='ocrx_word' id='word_1_157' title='bbox 2440 1120 2534 1170; x_wconf 67' lang='grc' dir='ltr'>καὶ</span> <span class='ocrx_word' id='word_1_158' title='bbox 2575 1118 2680 1171; x_wconf 74' lang='grc' dir='ltr'><strong>ἀπὸ</strong></span> <span class='ocrx_word' id='word_1_159' title='bbox 2703 1120 2817 1171; x_wconf 84' lang='grc' dir='ltr'>τῶν</span> <span class='ocrx_word' id='word_1_160' title='bbox 2857 1120 3067 1188; x_wconf 81' lang='grc' dir='ltr'>νεκρῶν</span> <span class='ocrx_word' id='word_1_161' title='bbox 3099 1122 3403 1192; x_wconf 74' lang='grc' dir='ltr'><strong>ἀναστήσῃ.</strong></span> <span class='ocrx_word' id='word_1_162' title='bbox 3439 1123 3547 1175; x_wconf 74' lang='grc' dir='ltr'><strong>Καὶ</strong></span> <span class='ocrx_word' id='word_1_163' title='bbox 3583 1120 3797 1190; x_wconf 82' lang='grc' dir='ltr'>ὥσπερὸ</span> 
     </span>
    </p>
   </div>
   <div class='ocr_carea' id='block_1_25' title="bbox 2268 1207 3799 1279">
    <p class='ocr_par' dir='ltr' id='par_1_25' title="bbox 2268 1207 3799 1279">
     <span class='ocr_line' id='line_1_25' title="bbox 2268 1207 3799 1279; baseline 0 -20"><span class='ocrx_word' id='word_1_164' title='bbox 2268 1207 2481 1272; x_wconf 76' lang='grc' dir='ltr'>’Λαρὼν</span> <span class='ocrx_word' id='word_1_165' title='bbox 2500 1208 2598 1259; x_wconf 84' lang='grc' dir='ltr'>οὐκ</span> <span class='ocrx_word' id='word_1_166' title='bbox 2632 1208 2954 1276; x_wconf 68' lang='grc' dir='ltr'>ἠλλάσσετο,</span> <span class='ocrx_word' id='word_1_167' title='bbox 2979 1209 3389 1279; x_wconf 85' lang='grc' dir='ltr'>περιτιθέμενος</span> <span class='ocrx_word' id='word_1_168' title='bbox 3422 1208 3519 1279; x_wconf 75' lang='grc' dir='ltr'>τὴν</span> <span class='ocrx_word' id='word_1_169' title='bbox 3552 1208 3799 1279; x_wconf 77' lang='grc' dir='ltr'><strong>ἱερατικὴν</strong></span> 
     </span>
    </p>
   </div>
   <div class='ocr_carea' id='block_1_26' title="bbox 2255 1294 3796 1370">
    <p class='ocr_par' dir='ltr' id='par_1_26' title="bbox 2255 1294 3796 1370">
     <span class='ocr_line' id='line_1_26' title="bbox 2255 1294 3796 1370; baseline 0.001 -22"><span class='ocrx_word' id='word_1_170' title='bbox 2255 1294 2461 1367; x_wconf 77' lang='grc' dir='ltr'>ἐσθῆτα</span> <span class='ocrx_word' id='word_1_171' title='bbox 2485 1336 2499 1357; x_wconf 83' lang='grc'><strong>.</strong></span> <span class='ocrx_word' id='word_1_172' title='bbox 2533 1300 2668 1351; x_wconf 80' lang='grc' dir='ltr'>ἀλλὰ</span> <span class='ocrx_word' id='word_1_173' title='bbox 2701 1298 2879 1368; x_wconf 87' lang='grc' dir='ltr'>μένων</span> <span class='ocrx_word' id='word_1_174' title='bbox 2908 1302 2935 1351; x_wconf 88' lang='lat'><strong>6</strong></span> <span class='ocrx_word' id='word_1_175' title='bbox 2962 1298 3126 1362; x_wconf 76' lang='grc' dir='ltr'>αὐτὸς</span> <span class='ocrx_word' id='word_1_176' title='bbox 3155 1300 3495 1352; x_wconf 76' lang='grc' dir='ltr'><strong>ἐκαλύπτετο</strong></span> <span class='ocrx_word' id='word_1_177' title='bbox 3523 1300 3691 1370; x_wconf 84' lang='grc' dir='ltr'>μόνον,</span> <span class='ocrx_word' id='word_1_178' title='bbox 3720 1300 3796 1350; x_wconf 71' lang='grc' dir='ltr'>καὶ</span> 
     </span>
    </p>
   </div>
   <div class='ocr_carea' id='block_1_27' title="bbox 2255 1390 3798 1461">
    <p class='ocr_par' dir='ltr' id='par_1_27' title="bbox 2255 1390 3798 1461">
     <span class='ocr_line' id='line_1_27' title="bbox 2255 1390 3798 1461; baseline -0.001 -20"><span class='ocrx_word' id='word_1_179' title='bbox 2255 1390 2305 1441; x_wconf 87' lang='grc' dir='ltr'><strong>εί</strong></span> <span class='ocrx_word' id='word_1_180' title='bbox 2333 1390 2484 1459; x_wconf 75' lang='grc' dir='ltr'>ἐλεγέ</span> <span class='ocrx_word' id='word_1_181' title='bbox 2512 1408 2594 1454; x_wconf 90' lang='grc' dir='ltr'><strong>τις</strong></span> <span class='ocrx_word' id='word_1_182' title='bbox 2630 1390 2891 1461; x_wconf 79' lang='grc' dir='ltr'>ἑωρακὼς</span> <span class='ocrx_word' id='word_1_183' title='bbox 2925 1390 3085 1445; x_wconf 70' lang='grc' dir='ltr'>αὑτὸν</span> <span class='ocrx_word' id='word_1_184' title='bbox 3120 1394 3532 1461; x_wconf 80' lang='grc' dir='ltr'><strong>προσφέροντα,</strong></span> <span class='ocrx_word' id='word_1_185' title='bbox 3582 1390 3798 1455; x_wconf 53' lang='lat' dir='ltr'><strong>1602i}!-</strong></span> 
     </span>
    </p>
   </div>
   <div class='ocr_carea' id='block_1_28' title="bbox 2255 1482 3805 1553">
    <p class='ocr_par' dir='ltr' id='par_1_28' title="bbox 2255 1482 3805 1553">
     <span class='ocr_line' id='line_1_28' title="bbox 2255 1482 3805 1553; baseline -0.003 -19"><span class='ocrx_word' id='word_1_186' title='bbox 2255 1494 2381 1549; x_wconf 83' lang='grc' dir='ltr'>γονε</span> <span class='ocrx_word' id='word_1_187' title='bbox 2426 1484 2667 1552; x_wconf 82' lang='grc' dir='ltr'>σήμερον</span> <span class='ocrx_word' id='word_1_188' title='bbox 2707 1485 2734 1535; x_wconf 98' lang='lat'><strong>6</strong></span> <span class='ocrx_word' id='word_1_189' title='bbox 2791 1483 3001 1553; x_wconf 80' lang='grc' dir='ltr'>’Λαρὼν</span> <span class='ocrx_word' id='word_1_190' title='bbox 3031 1484 3345 1552; x_wconf 76' lang='grc' dir='ltr'>ἀρχιερεὺς,</span> <span class='ocrx_word' id='word_1_191' title='bbox 3393 1482 3494 1533; x_wconf 71' lang='grc' dir='ltr'>οὐκ</span> <span class='ocrx_word' id='word_1_192' title='bbox 3543 1482 3805 1549; x_wconf 72' lang='grc' dir='ltr'>ἐσήμαινεν</span> 
     </span>
    </p>
   </div>
   <div class='ocr_carea' id='block_1_29' title="bbox 2256 1568 3809 1645">
    <p class='ocr_par' dir='ltr' id='par_1_29' title="bbox 2256 1568 3809 1645">
     <span class='ocr_line' id='line_1_29' title="bbox 2256 1568 3809 1645; baseline -0.003 -20"><span class='ocrx_word' id='word_1_193' title='bbox 2256 1572 2418 1625; x_wconf 72' lang='grc' dir='ltr'>αὑτὸν</span> <span class='ocrx_word' id='word_1_194' title='bbox 2450 1573 2737 1643; x_wconf 77' lang='grc' dir='ltr'>ἄνθρωπον</span> <span class='ocrx_word' id='word_1_195' title='bbox 2756 1574 2876 1625; x_wconf 84' lang='grc' dir='ltr'>τότε</span> <span class='ocrx_word' id='word_1_196' title='bbox 2901 1574 3252 1642; x_wconf 80' lang='grc' dir='ltr'>γεγενῆσθαι,</span> <span class='ocrx_word' id='word_1_197' title='bbox 3276 1568 3346 1645; x_wconf 79' lang='grc' dir='ltr'>ἦν</span> <span class='ocrx_word' id='word_1_198' title='bbox 3368 1572 3477 1642; x_wconf 76' lang='grc' dir='ltr'>γὰρ</span> <span class='ocrx_word' id='word_1_199' title='bbox 3501 1572 3601 1641; x_wconf 80' lang='grc' dir='ltr'>πρὸ</span> <span class='ocrx_word' id='word_1_200' title='bbox 3619 1571 3701 1622; x_wconf 82' lang='grc' dir='ltr'>τοῦ</span> <span class='ocrx_word' id='word_1_201' title='bbox 3723 1572 3809 1638; x_wconf 66' lang='grc' dir='ltr'>ἀρα</span> 
     </span>
    </p>
   </div>
   <div class='ocr_carea' id='block_1_30' title="bbox 2256 1664 3800 1737">
    <p class='ocr_par' dir='ltr' id='par_1_30' title="bbox 2256 1664 3800 1737">
     <span class='ocr_line' id='line_1_30' title="bbox 2256 1664 3800 1737; baseline -0.003 -21"><span class='ocrx_word' id='word_1_202' title='bbox 2256 1667 2477 1735; x_wconf 73' lang='grc' dir='ltr'>χιερεὺς</span> <span class='ocrx_word' id='word_1_203' title='bbox 2522 1666 2778 1734; x_wconf 78' lang='grc' dir='ltr'>γενέσθαι</span> <span class='ocrx_word' id='word_1_204' title='bbox 2823 1666 3144 1737; x_wconf 80' lang='grc' dir='ltr'>ἄνθρωπος,</span> <span class='ocrx_word' id='word_1_205' title='bbox 3178 1666 3293 1718; x_wconf 84' lang='grc' dir='ltr'>ἀλλ’</span> <span class='ocrx_word' id='word_1_206' title='bbox 3322 1666 3405 1717; x_wconf 85' lang='grc' dir='ltr'><strong>δτι</strong></span> <span class='ocrx_word' id='word_1_207' title='bbox 3438 1667 3502 1734; x_wconf 76' lang='grc' dir='ltr'><strong>τῇ</strong></span> <span class='ocrx_word' id='word_1_208' title='bbox 3529 1664 3800 1730; x_wconf 59' lang='grc' dir='ltr'>λειτουργίᾳ</span> 
     </span>
    </p>
   </div>
   <div class='ocr_carea' id='block_1_31' title="bbox 2259 1755 3800 1830">
    <p class='ocr_par' dir='ltr' id='par_1_31' title="bbox 2259 1755 3800 1830">
     <span class='ocr_line' id='line_1_31' title="bbox 2259 1755 3800 1830; baseline -0.004 -20"><span class='ocrx_word' id='word_1_209' title='bbox 2259 1760 2554 1829; x_wconf 87' lang='grc' dir='ltr'>πεποίηται</span> <span class='ocrx_word' id='word_1_210' title='bbox 2573 1760 2884 1830; x_wconf 80' lang='grc' dir='ltr'>ἀρχιερεὺς,</span> <span class='ocrx_word' id='word_1_211' title='bbox 2911 1758 3267 1829; x_wconf 74' lang='grc' dir='ltr'>περιθέμενος</span> <span class='ocrx_word' id='word_1_212' title='bbox 3288 1759 3363 1810; x_wconf 77' lang='grc' dir='ltr'>τὰ</span> <span class='ocrx_word' id='word_1_213' title='bbox 3382 1776 3448 1809; x_wconf 91' lang='grc' dir='ltr'><strong>πε</strong></span> <span class='ocrx_word' id='word_1_214' title='bbox 3463 1756 3709 1824; x_wconf 81' lang='grc' dir='ltr'>ποιημένα</span> <span class='ocrx_word' id='word_1_215' title='bbox 3726 1755 3800 1805; x_wconf 67' lang='grc' dir='ltr'>καὶ</span> 
     </span>
    </p>
   </div>
   <div class='ocr_carea' id='block_1_32' title="bbox 565 1845 2152 1920">
    <p class='ocr_par' dir='ltr' id='par_1_32' title="bbox 565 1845 2152 1916">
     <span class='ocr_line' id='line_1_32' title="bbox 565 1845 2152 1916; baseline 0.003 -17"><span class='ocrx_word' id='word_1_216' title='bbox 565 1845 894 1915; x_wconf 84' lang='lat' dir='ltr'><strong>comparatis</strong></span> <span class='ocrx_word' id='word_1_217' title='bbox 921 1864 932 1899; x_wconf 94' lang='lat'><strong>:</strong></span> <span class='ocrx_word' id='word_1_218' title='bbox 958 1847 1150 1900; x_wconf 90' lang='lat' dir='ltr'><strong>eodem</strong></span> <span class='ocrx_word' id='word_1_219' title='bbox 1182 1847 1343 1901; x_wconf 89' lang='lat' dir='ltr'><strong>modo</strong></span> <span class='ocrx_word' id='word_1_220' title='bbox 1391 1862 1683 1916; x_wconf 84' lang='lat' dir='ltr'><strong>possumus</strong></span> <span class='ocrx_word' id='word_1_221' title='bbox 1706 1848 1772 1903; x_wconf 89' lang='lat' dir='ltr'><strong>de</strong></span> <span class='ocrx_word' id='word_1_222' title='bbox 1794 1848 2025 1905; x_wconf 87' lang='lat' dir='ltr'><strong>Domino</strong></span> <span class='ocrx_word' id='word_1_223' title='bbox 2073 1865 2152 1903; x_wconf 88' lang='lat' dir='ltr'><strong>re-</strong></span> 
     </span>
    </p>
   </div>
   <div class='ocr_carea' id='block_1_33' title="bbox 2255 1845 3801 1920">
    <p class='ocr_par' dir='ltr' id='par_1_33' title="bbox 2260 1847 3801 1920">
     <span class='ocr_line' id='line_1_33' title="bbox 2260 1847 3801 1920; baseline -0.005 -17"><span class='ocrx_word' id='word_1_224' title='bbox 2260 1851 2781 1903; x_wconf 79' lang='grc' dir='ltr'>κατασκευοσθέντα</span> <span class='ocrx_word' id='word_1_225' title='bbox 2840 1851 3028 1919; x_wconf 75' lang='grc' dir='ltr'>ἱμάτια</span> <span class='ocrx_word' id='word_1_226' title='bbox 3080 1851 3146 1918; x_wconf 80' lang='grc' dir='ltr'>τῇ</span> <span class='ocrx_word' id='word_1_227' title='bbox 3201 1849 3479 1920; x_wconf 78' lang='grc' dir='ltr'>ίερατείᾳο</span> <span class='ocrx_word' id='word_1_228' title='bbox 3534 1849 3618 1899; x_wconf 72' lang='grc' dir='ltr'><strong>τὸν</strong></span> <span class='ocrx_word' id='word_1_229' title='bbox 3668 1847 3801 1897; x_wconf 64' lang='grc' dir='ltr'>αὐτὸν</span> 
     </span>
    </p>
   </div>
   <div class='ocr_carea' id='block_1_34' title="bbox 569 1939 2156 2009">
    <p class='ocr_par' dir='ltr' id='par_1_34' title="bbox 569 1939 2156 2009">
     <span class='ocr_line' id='line_1_34' title="bbox 569 1939 2156 2009; baseline 0.004 -18"><span class='ocrx_word' id='word_1_230' title='bbox 569 1950 659 1992; x_wconf 89' lang='lat' dir='ltr'><strong>cte</strong></span> <span class='ocrx_word' id='word_1_231' title='bbox 694 1939 960 2009; x_wconf 79' lang='lat' dir='ltr'><strong>cogitare,</strong></span> <span class='ocrx_word' id='word_1_232' title='bbox 999 1950 1122 1992; x_wconf 83' lang='lat' dir='ltr'><strong>eum</strong></span> <span class='ocrx_word' id='word_1_233' title='bbox 1165 1950 1442 2009; x_wconf 86' lang='lat' dir='ltr'><strong>assumpta</strong></span> <span class='ocrx_word' id='word_1_234' title='bbox 1479 1956 1643 1995; x_wconf 89' lang='lat' dir='ltr'><strong>carne</strong></span> <span class='ocrx_word' id='word_1_235' title='bbox 1672 1955 1778 1995; x_wconf 91' lang='lat' dir='ltr'><strong>non</strong></span> <span class='ocrx_word' id='word_1_236' title='bbox 1834 1942 2000 1996; x_wconf 87' lang='lat' dir='ltr'><strong>alium</strong></span> <span class='ocrx_word' id='word_1_237' title='bbox 2031 1958 2156 1998; x_wconf 84' lang='lat' dir='ltr'><strong>esse</strong></span> 
     </span>
    </p>
   </div>
   <div class='ocr_carea' id='block_1_35' title="bbox 565 2029 2154 2095">
    <p class='ocr_par' dir='ltr' id='par_1_35' title="bbox 565 2029 2154 2095">
     <span class='ocr_line' id='line_1_35' title="bbox 565 2029 2154 2095; baseline 0.002 -12"><span class='ocrx_word' id='word_1_238' title='bbox 565 2029 791 2093; x_wconf 89' lang='lat' dir='ltr'><strong>factum,</strong></span> <span class='ocrx_word' id='word_1_239' title='bbox 830 2032 923 2085; x_wconf 87' lang='lat' dir='ltr'><strong>sed</strong></span> <span class='ocrx_word' id='word_1_240' title='bbox 954 2047 1015 2086; x_wconf 88' lang='lat' dir='ltr'><strong>ea</strong></span> <span class='ocrx_word' id='word_1_241' title='bbox 1046 2047 1104 2086; x_wconf 90' lang='lat' dir='ltr'><strong>se</strong></span> <span class='ocrx_word' id='word_1_242' title='bbox 1138 2034 1466 2087; x_wconf 68' lang='lat' dir='ltr'><strong>contesisse.</strong></span> <span class='ocrx_word' id='word_1_243' title='bbox 1496 2034 1563 2087; x_wconf 86' lang='lat' dir='ltr'><strong>Et</strong></span> <span class='ocrx_word' id='word_1_244' title='bbox 1601 2033 1728 2087; x_wconf 89' lang='lat' dir='ltr'><strong>illud</strong></span> <span class='ocrx_word' id='word_1_245' title='bbox 1761 2050 1775 2087; x_wconf 89' lang='lat'><strong>:</strong></span> <span class='ocrx_word' id='word_1_246' title='bbox 1805 2034 1998 2088; x_wconf 83' lang='lat' dir='ltr'><strong>Factus</strong></span> <span class='ocrx_word' id='word_1_247' title='bbox 2059 2044 2154 2095; x_wconf 79' lang='lat' dir='ltr'><strong>est,</strong></span> 
     </span>
    </p>
   </div>
   <div class='ocr_carea' id='block_1_36' title="bbox 566 2122 2157 2195">
    <p class='ocr_par' dir='ltr' id='par_1_36' title="bbox 566 2122 2157 2195">
     <span class='ocr_line' id='line_1_36' title="bbox 566 2122 2157 2195; baseline 0.001 -18"><span class='ocrx_word' id='word_1_248' title='bbox 566 2122 727 2177; x_wconf 79' lang='lat' dir='ltr'><strong>nefas</strong></span> <span class='ocrx_word' id='word_1_249' title='bbox 762 2132 845 2176; x_wconf 89' lang='lat' dir='ltr'><strong>est</strong></span> <span class='ocrx_word' id='word_1_250' title='bbox 873 2123 950 2176; x_wconf 91' lang='lat' dir='ltr'><strong>sic</strong></span> <span class='ocrx_word' id='word_1_251' title='bbox 1004 2124 1378 2193; x_wconf 84' lang='lat' dir='ltr'><strong>interpretari,</strong></span> <span class='ocrx_word' id='word_1_252' title='bbox 1410 2133 1469 2179; x_wconf 88' lang='lat' dir='ltr'><strong>nt</strong></span> <span class='ocrx_word' id='word_1_253' title='bbox 1500 2140 1647 2189; x_wconf 90' lang='lat' dir='ltr'><strong>eum,</strong></span> <span class='ocrx_word' id='word_1_254' title='bbox 1698 2134 1968 2195; x_wconf 88' lang='lat' dir='ltr'><strong>quatenus</strong></span> <span class='ocrx_word' id='word_1_255' title='bbox 2023 2126 2157 2181; x_wconf 81' lang='lat' dir='ltr'><strong>Ver-</strong></span> 
     </span>
    </p>
   </div>
   <div class='ocr_carea' id='block_1_37' title="bbox 564 2213 2153 2288">
    <p class='ocr_par' dir='ltr' id='par_1_37' title="bbox 564 2213 2153 2288">
     <span class='ocr_line' id='line_1_37' title="bbox 564 2213 2153 2288; baseline 0.003 -17"><span class='ocrx_word' id='word_1_256' title='bbox 564 2217 694 2271; x_wconf 85' lang='lat' dir='ltr'><strong>bum</strong></span> <span class='ocrx_word' id='word_1_257' title='bbox 720 2226 825 2281; x_wconf 89' lang='lat' dir='ltr'><strong>est,</strong></span> <span class='ocrx_word' id='word_1_258' title='bbox 858 2213 1058 2268; x_wconf 85' lang='lat' dir='ltr'><strong>factum</strong></span> <span class='ocrx_word' id='word_1_259' title='bbox 1103 2217 1506 2287; x_wconf 83' lang='lat' dir='ltr'><strong>intelligamus;</strong></span> <span class='ocrx_word' id='word_1_260' title='bbox 1540 2219 1632 2272; x_wconf 88' lang='lat' dir='ltr'><strong>scd</strong></span> <span class='ocrx_word' id='word_1_261' title='bbox 1668 2219 1736 2271; x_wconf 88' lang='lat' dir='ltr'><strong>ita</strong></span> <span class='ocrx_word' id='word_1_262' title='bbox 1776 2221 2153 2288; x_wconf 82' lang='lat' dir='ltr'><strong>accipiendum</strong></span> 
     </span>
    </p>
   </div>
   <div class='ocr_carea' id='block_1_38' title="bbox 564 2305 2154 2382">
    <p class='ocr_par' dir='ltr' id='par_1_38' title="bbox 564 2305 2154 2382">
     <span class='ocr_line' id='line_1_38' title="bbox 564 2305 2154 2382; baseline 0.002 -19"><span class='ocrx_word' id='word_1_263' title='bbox 564 2318 669 2370; x_wconf 87' lang='lat' dir='ltr'><strong>est.</strong></span> <span class='ocrx_word' id='word_1_264' title='bbox 706 2316 762 2362; x_wconf 91' lang='lat' dir='ltr'><strong>ut</strong></span> <span class='ocrx_word' id='word_1_265' title='bbox 822 2325 946 2365; x_wconf 89' lang='lat' dir='ltr'><strong>cum</strong></span> <span class='ocrx_word' id='word_1_266' title='bbox 994 2318 1141 2364; x_wconf 90' lang='lat' dir='ltr'><strong>esset</strong></span> <span class='ocrx_word' id='word_1_267' title='bbox 1191 2305 1427 2365; x_wconf 81' lang='lat' dir='ltr'><strong>Verbum</strong></span> <span class='ocrx_word' id='word_1_268' title='bbox 1478 2320 1533 2365; x_wconf 90' lang='lat' dir='ltr'><strong>et</strong></span> <span class='ocrx_word' id='word_1_269' title='bbox 1582 2320 1915 2382; x_wconf 89' lang='lat' dir='ltr'><strong>procreator,</strong></span> <span class='ocrx_word' id='word_1_270' title='bbox 1957 2312 2154 2366; x_wconf 86' lang='lat' dir='ltr'><strong>deinde</strong></span> 
     </span>
    </p>
   </div>
   <div class='ocr_carea' id='block_1_39' title="bbox 563 2399 2154 2474">
    <p class='ocr_par' dir='ltr' id='par_1_39' title="bbox 563 2399 2154 2474">
     <span class='ocr_line' id='line_1_39' title="bbox 563 2399 2154 2474; baseline 0.004 -22"><span class='ocrx_word' id='word_1_271' title='bbox 563 2409 845 2467; x_wconf 85' lang='lat' dir='ltr'><strong>assumpto</strong></span> <span class='ocrx_word' id='word_1_272' title='bbox 904 2414 1131 2469; x_wconf 90' lang='lat' dir='ltr'><strong>corpore</strong></span> <span class='ocrx_word' id='word_1_273' title='bbox 1182 2399 1328 2455; x_wconf 89' lang='lat' dir='ltr'><strong>facto</strong></span> <span class='ocrx_word' id='word_1_274' title='bbox 1387 2408 1442 2455; x_wconf 90' lang='lat' dir='ltr'><strong>et</strong></span> <span class='ocrx_word' id='word_1_275' title='bbox 1490 2413 1797 2471; x_wconf 91' lang='lat' dir='ltr'><strong>procreato,</strong></span> <span class='ocrx_word' id='word_1_276' title='bbox 1861 2405 2004 2474; x_wconf 90' lang='lat' dir='ltr'><strong>quod</strong></span> <span class='ocrx_word' id='word_1_277' title='bbox 2055 2420 2154 2474; x_wconf 87' lang='lat' dir='ltr'><strong>pro</strong></span> 
     </span>
    </p>
   </div>
   <div class='ocr_carea' id='block_1_40' title="bbox 562 2491 2153 2563">
    <p class='ocr_par' dir='ltr' id='par_1_40' title="bbox 562 2491 2153 2563">
     <span class='ocr_line' id='line_1_40' title="bbox 562 2491 2153 2563; baseline 0.004 -18"><span class='ocrx_word' id='word_1_278' title='bbox 562 2492 720 2547; x_wconf 85' lang='lat' dir='ltr'><strong>nobis</strong></span> <span class='ocrx_word' id='word_1_279' title='bbox 748 2491 945 2547; x_wconf 68' lang='lat' dir='ltr'><strong>offerre</strong></span> <span class='ocrx_word' id='word_1_280' title='bbox 991 2500 1200 2561; x_wconf 89' lang='lat' dir='ltr'><strong>posset,</strong></span> <span class='ocrx_word' id='word_1_281' title='bbox 1227 2494 1542 2563; x_wconf 84' lang='lat' dir='ltr'><strong>pontificem</strong></span> <span class='ocrx_word' id='word_1_282' title='bbox 1611 2511 1731 2550; x_wconf 88' lang='lat' dir='ltr'><strong>esse</strong></span> <span class='ocrx_word' id='word_1_283' title='bbox 1799 2497 2002 2551; x_wconf 84' lang='lat' dir='ltr'><strong>factum</strong></span> <span class='ocrx_word' id='word_1_284' title='bbox 2058 2514 2153 2555; x_wconf 87' lang='lat' dir='ltr'><strong>co-</strong></span> 
     </span>
    </p>
   </div>
   <div class='ocr_carea' id='block_1_41' title="bbox 562 2583 2151 2653">
    <p class='ocr_par' dir='ltr' id='par_1_41' title="bbox 562 2583 2151 2653">
     <span class='ocr_line' id='line_1_41' title="bbox 562 2583 2151 2653; baseline 0.003 -16"><span class='ocrx_word' id='word_1_285' title='bbox 562 2598 916 2653; x_wconf 80' lang='lat' dir='ltr'><strong>gnoscamus.</strong></span> <span class='ocrx_word' id='word_1_286' title='bbox 973 2583 1203 2649; x_wconf 87' lang='lat' dir='ltr'><strong>Quando</strong></span> <span class='ocrx_word' id='word_1_287' title='bbox 1242 2584 1386 2639; x_wconf 90' lang='lat' dir='ltr'><strong>enim</strong></span> <span class='ocrx_word' id='word_1_288' title='bbox 1422 2584 1617 2652; x_wconf 89' lang='lat' dir='ltr'><strong>factus,</strong></span> <span class='ocrx_word' id='word_1_289' title='bbox 1666 2596 1759 2641; x_wconf 90' lang='lat' dir='ltr'><strong>aut</strong></span> <span class='ocrx_word' id='word_1_290' title='bbox 1792 2587 1993 2642; x_wconf 84' lang='lat' dir='ltr'><strong>missus</strong></span> <span class='ocrx_word' id='word_1_291' title='bbox 2045 2596 2151 2651; x_wconf 85' lang='lat' dir='ltr'><strong>est,</strong></span> 
     </span>
    </p>
   </div>
   <div class='ocr_carea' id='block_1_42' title="bbox 568 2677 2149 2751">
    <p class='ocr_par' dir='ltr' id='par_1_42' title="bbox 568 2677 2149 2751">
     <span class='ocr_line' id='line_1_42' title="bbox 568 2677 2149 2751; baseline 0 -22"><span class='ocrx_word' id='word_1_292' title='bbox 568 2678 673 2731; x_wconf 92' lang='lat' dir='ltr'><strong>nisi</strong></span> <span class='ocrx_word' id='word_1_293' title='bbox 745 2692 869 2732; x_wconf 91' lang='lat' dir='ltr'><strong>cum</strong></span> <span class='ocrx_word' id='word_1_294' title='bbox 956 2687 1159 2731; x_wconf 68' lang='lat' dir='ltr'><strong>nostrae</strong></span> <span class='ocrx_word' id='word_1_295' title='bbox 1228 2677 1463 2731; x_wconf 86' lang='lat' dir='ltr'><strong>similem</strong></span> <span class='ocrx_word' id='word_1_296' title='bbox 1509 2693 1729 2733; x_wconf 89' lang='lat' dir='ltr'><strong>carnem</strong></span> <span class='ocrx_word' id='word_1_297' title='bbox 1813 2691 1867 2734; x_wconf 89' lang='lat' dir='ltr'><strong>et</strong></span> <span class='ocrx_word' id='word_1_298' title='bbox 1925 2681 2149 2751; x_wconf 82' lang='lat' dir='ltr'><strong>sangui.</strong></span> 
     </span>
    </p>
   </div>
   <div class='ocr_carea' id='block_1_43' title="bbox 564 2767 2156 2838">
    <p class='ocr_par' dir='ltr' id='par_1_43' title="bbox 564 2767 2156 2838">
     <span class='ocr_line' id='line_1_43' title="bbox 564 2767 2156 2838; baseline 0.003 -16"><span class='ocrx_word' id='word_1_299' title='bbox 564 2784 690 2823; x_wconf 68' lang='lat' dir='ltr'><strong>rem</strong></span> <span class='ocrx_word' id='word_1_300' title='bbox 728 2767 1005 2838; x_wconf 86' lang='lat' dir='ltr'><strong>sumpsit?</strong></span> <span class='ocrx_word' id='word_1_301' title='bbox 1029 2767 1095 2821; x_wconf 90' lang='lat' dir='ltr'><strong>Et</strong></span> <span class='ocrx_word' id='word_1_302' title='bbox 1127 2769 1344 2837; x_wconf 83' lang='lat' dir='ltr'><strong>quando</strong></span> <span class='ocrx_word' id='word_1_303' title='bbox 1398 2767 1576 2823; x_wconf 89' lang='lat' dir='ltr'><strong>factus</strong></span> <span class='ocrx_word' id='word_1_304' title='bbox 1604 2777 1685 2824; x_wconf 85' lang='lat' dir='ltr'><strong>est</strong></span> <span class='ocrx_word' id='word_1_305' title='bbox 1732 2770 2045 2827; x_wconf 90' lang='lat' dir='ltr'><strong>misericors</strong></span> <span class='ocrx_word' id='word_1_306' title='bbox 2100 2782 2156 2827; x_wconf 90' lang='lat' dir='ltr'><strong>et</strong></span> 
     </span>
    </p>
   </div>
   <div class='ocr_carea' id='block_1_44' title="bbox 565 2859 2152 2929">
    <p class='ocr_par' dir='ltr' id='par_1_44' title="bbox 565 2859 2152 2929">
     <span class='ocr_line' id='line_1_44' title="bbox 565 2859 2152 2929; baseline 0.003 -16"><span class='ocrx_word' id='word_1_307' title='bbox 565 2861 741 2914; x_wconf 86' lang='lat' dir='ltr'><strong>fidelis</strong></span> <span class='ocrx_word' id='word_1_308' title='bbox 806 2859 1107 2929; x_wconf 81' lang='lat' dir='ltr'><strong>pontifex?</strong></span> <span class='ocrx_word' id='word_1_309' title='bbox 1182 2875 1367 2913; x_wconf 86' lang='lat' dir='ltr'><strong>nonne</strong></span> <span class='ocrx_word' id='word_1_310' title='bbox 1424 2870 1574 2923; x_wconf 89' lang='lat' dir='ltr'><strong>tunc,</strong></span> <span class='ocrx_word' id='word_1_311' title='bbox 1627 2877 1750 2915; x_wconf 89' lang='lat' dir='ltr'><strong>cum</strong></span> <span class='ocrx_word' id='word_1_312' title='bbox 1800 2878 1896 2929; x_wconf 88' lang='lat' dir='ltr'><strong>per</strong></span> <span class='ocrx_word' id='word_1_313' title='bbox 1969 2865 2152 2919; x_wconf 86' lang='lat' dir='ltr'><strong>omnia</strong></span> 
     </span>
    </p>
   </div>
   <div class='ocr_carea' id='block_1_45' title="bbox 564 2951 2142 3008">
    <p class='ocr_par' dir='ltr' id='par_1_45' title="bbox 564 2951 2142 3008">
     <span class='ocr_line' id='line_1_45' title="bbox 564 2951 2142 3008; baseline 0.002 -3"><span class='ocrx_word' id='word_1_314' title='bbox 564 2952 829 3006; x_wconf 81' lang='lat' dir='ltr'><strong>fratribus</strong></span> <span class='ocrx_word' id='word_1_315' title='bbox 909 2952 1103 3007; x_wconf 90' lang='lat' dir='ltr'><strong>similis</strong></span> <span class='ocrx_word' id='word_1_316' title='bbox 1182 2951 1427 3007; x_wconf 77' lang='lat' dir='ltr'><strong>evasit?</strong></span> <span class='ocrx_word' id='word_1_317' title='bbox 1518 2952 1675 3007; x_wconf 84' lang='lat' dir='ltr'><strong>Tunc</strong></span> <span class='ocrx_word' id='word_1_318' title='bbox 1767 2964 1949 3007; x_wconf 91' lang='lat' dir='ltr'><strong>autem</strong></span> <span class='ocrx_word' id='word_1_319' title='bbox 2037 2955 2142 3008; x_wconf 80' lang='lat' dir='ltr'><strong>fuit</strong></span> 
     </span>
    </p>
   </div>
   <div class='ocr_carea' id='block_1_46' title="bbox 562 3042 2148 3109">
    <p class='ocr_par' dir='ltr' id='par_1_46' title="bbox 562 3042 2148 3109">
     <span class='ocr_line' id='line_1_46' title="bbox 562 3042 2148 3109; baseline 0.004 -16"><span class='ocrx_word' id='word_1_320' title='bbox 562 3042 860 3109; x_wconf 71' lang='lat' dir='ltr'><strong>ejusmodi,</strong></span> <span class='ocrx_word' id='word_1_321' title='bbox 920 3059 1043 3098; x_wconf 91' lang='lat' dir='ltr'><strong>cum</strong></span> <span class='ocrx_word' id='word_1_322' title='bbox 1100 3044 1265 3097; x_wconf 79' lang='lat' dir='ltr'><strong>homo</strong></span> <span class='ocrx_word' id='word_1_323' title='bbox 1319 3045 1490 3098; x_wconf 86' lang='lat' dir='ltr'><strong>factus</strong></span> <span class='ocrx_word' id='word_1_324' title='bbox 1554 3055 1680 3109; x_wconf 88' lang='lat' dir='ltr'><strong>est,</strong></span> <span class='ocrx_word' id='word_1_325' title='bbox 1728 3055 1783 3101; x_wconf 86' lang='lat' dir='ltr'><strong>et</strong></span> <span class='ocrx_word' id='word_1_326' title='bbox 1832 3046 2148 3101; x_wconf 84' lang='lat' dir='ltr'><strong>misericors</strong></span> 
     </span>
    </p>
   </div>
   <div class='ocr_carea' id='block_1_47' title="bbox 563 3137 2150 3209">
    <p class='ocr_par' dir='ltr' id='par_1_47' title="bbox 563 3137 2150 3209">
     <span class='ocr_line' id='line_1_47' title="bbox 563 3137 2150 3209; baseline 0.003 -18"><span class='ocrx_word' id='word_1_327' title='bbox 563 3137 794 3192; x_wconf 74' lang='lat' dir='ltr'><strong>eil‘ectus</strong></span> <span class='ocrx_word' id='word_1_328' title='bbox 820 3148 921 3203; x_wconf 90' lang='lat' dir='ltr'><strong>est,</strong></span> <span class='ocrx_word' id='word_1_329' title='bbox 942 3153 1066 3193; x_wconf 88' lang='lat' dir='ltr'><strong>cum</strong></span> <span class='ocrx_word' id='word_1_330' title='bbox 1108 3153 1165 3194; x_wconf 82' lang='lat' dir='ltr'><strong>se</strong></span> <span class='ocrx_word' id='word_1_331' title='bbox 1192 3153 1290 3209; x_wconf 90' lang='lat' dir='ltr'><strong>pro</strong></span> <span class='ocrx_word' id='word_1_332' title='bbox 1320 3140 1476 3194; x_wconf 90' lang='lat' dir='ltr'><strong>nobis</strong></span> <span class='ocrx_word' id='word_1_333' title='bbox 1495 3140 1731 3194; x_wconf 79' lang='lat' dir='ltr'><strong>oﬂ‘erens</strong></span> <span class='ocrx_word' id='word_1_334' title='bbox 1763 3141 2021 3195; x_wconf 87' lang='lat' dir='ltr'><strong>misertus</strong></span> <span class='ocrx_word' id='word_1_335' title='bbox 2066 3151 2150 3195; x_wconf 88' lang='lat' dir='ltr'><strong>est</strong></span> 
     </span>
    </p>
   </div>
   <div class='ocr_carea' id='block_1_48' title="bbox 2259 1939 3797 2013">
    <p class='ocr_par' dir='ltr' id='par_1_48' title="bbox 2259 1939 3797 2013">
     <span class='ocr_line' id='line_1_48' title="bbox 2259 1939 3797 2013; baseline -0.005 -19"><span class='ocrx_word' id='word_1_336' title='bbox 2259 1941 2457 2013; x_wconf 82' lang='grc' dir='ltr'>τρόπον</span> <span class='ocrx_word' id='word_1_337' title='bbox 2485 1944 2579 1995; x_wconf 69' lang='grc' dir='ltr'>καὶ</span> <span class='ocrx_word' id='word_1_338' title='bbox 2605 1943 2698 1994; x_wconf 72' lang='grc' dir='ltr'>ἐπὶ</span> <span class='ocrx_word' id='word_1_339' title='bbox 2726 1942 2819 1995; x_wconf 79' lang='grc' dir='ltr'><strong>τοῦ</strong></span> <span class='ocrx_word' id='word_1_340' title='bbox 2850 1943 3053 2011; x_wconf 80' lang='grc' dir='ltr'>Κυρίου</span> <span class='ocrx_word' id='word_1_341' title='bbox 3078 1941 3301 1994; x_wconf 79' lang='grc' dir='ltr'>δυνατόν</span> <span class='ocrx_word' id='word_1_342' title='bbox 3330 1942 3445 1993; x_wconf 80' lang='grc' dir='ltr'>ἐστι</span> <span class='ocrx_word' id='word_1_343' title='bbox 3474 1939 3645 2001; x_wconf 87' lang='grc' dir='ltr'>καλῶς</span> <span class='ocrx_word' id='word_1_344' title='bbox 3663 1940 3797 2001; x_wconf 80' lang='grc' dir='ltr'>νοεῖν,</span> 
     </span>
    </p>
   </div>
   <div class='ocr_carea' id='block_1_49' title="bbox 2259 2030 3801 2105">
    <p class='ocr_par' dir='ltr' id='par_1_49' title="bbox 2259 2030 3801 2105">
     <span class='ocr_line' id='line_1_49' title="bbox 2259 2030 3801 2105; baseline -0.003 -20"><span class='ocrx_word' id='word_1_345' title='bbox 2259 2034 2333 2095; x_wconf 84' lang='grc' dir='ltr'><strong>ὡς</strong></span> <span class='ocrx_word' id='word_1_346' title='bbox 2366 2033 2465 2086; x_wconf 76' lang='grc' dir='ltr'><strong>οὐκ</strong></span> <span class='ocrx_word' id='word_1_347' title='bbox 2496 2033 2653 2095; x_wconf 76' lang='grc' dir='ltr'>ἄλλος</span> <span class='ocrx_word' id='word_1_348' title='bbox 2683 2034 2874 2103; x_wconf 80' lang='grc' dir='ltr'>γέγονε</span> <span class='ocrx_word' id='word_1_349' title='bbox 2906 2036 3004 2105; x_wconf 80' lang='grc' dir='ltr'>τὴν</span> <span class='ocrx_word' id='word_1_350' title='bbox 3036 2033 3213 2103; x_wconf 83' lang='grc' dir='ltr'>σάρκα</span> <span class='ocrx_word' id='word_1_351' title='bbox 3241 2031 3443 2094; x_wconf 75' lang='grc' dir='ltr'>λαϐὼν,</span> <span class='ocrx_word' id='word_1_352' title='bbox 3477 2032 3590 2084; x_wconf 81' lang='grc' dir='ltr'>ἀλλ’</span> <span class='ocrx_word' id='word_1_353' title='bbox 3619 2034 3644 2084; x_wconf 88' lang='lat'><strong>6</strong></span> <span class='ocrx_word' id='word_1_354' title='bbox 3667 2030 3801 2091; x_wconf 70' lang='grc' dir='ltr'>αὐτὸς</span> 
     </span>
    </p>
   </div>
   <div class='ocr_carea' id='block_1_50' title="bbox 2257 2120 3803 2195">
    <p class='ocr_par' dir='ltr' id='par_1_50' title="bbox 2257 2120 3803 2195">
     <span class='ocr_line' id='line_1_50' title="bbox 2257 2120 3803 2195; baseline -0.005 -17"><span class='ocrx_word' id='word_1_355' title='bbox 2257 2123 2333 2178; x_wconf 80' lang='grc' dir='ltr'>ὢν</span> <span class='ocrx_word' id='word_1_356' title='bbox 2382 2125 2715 2178; x_wconf 75' lang='grc' dir='ltr'>ἐκαλύπτετο</span> <span class='ocrx_word' id='word_1_357' title='bbox 2754 2125 2945 2195; x_wconf 76' lang='grc' dir='ltr'>ταύτῃ.</span> <span class='ocrx_word' id='word_1_358' title='bbox 2993 2125 3102 2177; x_wconf 84' lang='lat' dir='ltr'><strong>Kal</strong></span> <span class='ocrx_word' id='word_1_359' title='bbox 3143 2124 3203 2176; x_wconf 81' lang='grc' dir='ltr'>τὸ</span> <span class='ocrx_word' id='word_1_360' title='bbox 3252 2122 3463 2193; x_wconf 73' lang='grc' dir='ltr'>γέγονε</span> <span class='ocrx_word' id='word_1_361' title='bbox 3502 2124 3577 2188; x_wconf 82' lang='grc' dir='ltr'>δὲ,</span> <span class='ocrx_word' id='word_1_362' title='bbox 3627 2125 3731 2177; x_wconf 74' lang='grc' dir='ltr'>καὶ,</span> <span class='ocrx_word' id='word_1_363' title='bbox 3757 2120 3803 2173; x_wconf 64' lang='lat' dir='ltr'><strong>tl</strong></span> 
     </span>
    </p>
   </div>
   <div class='ocr_carea' id='block_1_51' title="bbox 2255 2214 3807 2289">
    <p class='ocr_par' dir='ltr' id='par_1_51' title="bbox 2255 2214 3807 2289">
     <span class='ocr_line' id='line_1_51' title="bbox 2255 2214 3807 2289; baseline -0.004 -18"><span class='ocrx_word' id='word_1_364' title='bbox 2255 2218 2597 2283; x_wconf 77' lang='grc' dir='ltr'>πεποίηται,</span> <span class='ocrx_word' id='word_1_365' title='bbox 2622 2217 2719 2286; x_wconf 72' lang='grc' dir='ltr'>οὐχ</span> <span class='ocrx_word' id='word_1_366' title='bbox 2740 2218 2821 2270; x_wconf 77' lang='grc' dir='ltr'>ὅτι</span> <span class='ocrx_word' id='word_1_367' title='bbox 2843 2218 2870 2269; x_wconf 92' lang='lat'><strong>6</strong></span> <span class='ocrx_word' id='word_1_368' title='bbox 2899 2215 3089 2280; x_wconf 82' lang='grc' dir='ltr'>Λόγος,</span> <span class='ocrx_word' id='word_1_369' title='bbox 3123 2231 3157 2289; x_wconf 82' lang='grc' dir='ltr'>ῃ</span> <span class='ocrx_word' id='word_1_370' title='bbox 3183 2215 3355 2284; x_wconf 80' lang='grc' dir='ltr'>Λόγος</span> <span class='ocrx_word' id='word_1_371' title='bbox 3378 2215 3520 2277; x_wconf 78' lang='grc' dir='ltr'>ἐστὶ,</span> <span class='ocrx_word' id='word_1_372' title='bbox 3546 2214 3807 2283; x_wconf 74' lang='grc' dir='ltr'>πεποίηται</span> 
     </span>
    </p>
   </div>
   <div class='ocr_carea' id='block_1_52' title="bbox 2256 2306 3803 2377">
    <p class='ocr_par' dir='ltr' id='par_1_52' title="bbox 2256 2306 3803 2377">
     <span class='ocr_line' id='line_1_52' title="bbox 2256 2306 3803 2377; baseline -0.004 -15"><span class='ocrx_word' id='word_1_373' title='bbox 2256 2311 2398 2362; x_wconf 89' lang='grc' dir='ltr'>νοεῖν</span> <span class='ocrx_word' id='word_1_374' title='bbox 2430 2307 2608 2377; x_wconf 81' lang='grc' dir='ltr'>θέμις,</span> <span class='ocrx_word' id='word_1_375' title='bbox 2640 2307 2755 2360; x_wconf 80' lang='grc' dir='ltr'>ἀλλ’</span> <span class='ocrx_word' id='word_1_376' title='bbox 2787 2308 2869 2360; x_wconf 82' lang='grc' dir='ltr'>ὅτι</span> <span class='ocrx_word' id='word_1_377' title='bbox 2906 2308 3078 2374; x_wconf 82' lang='grc' dir='ltr'>Λόγος</span> <span class='ocrx_word' id='word_1_378' title='bbox 3111 2306 3186 2359; x_wconf 84' lang='grc' dir='ltr'>ὣν</span> <span class='ocrx_word' id='word_1_379' title='bbox 3216 2306 3569 2377; x_wconf 76' lang='grc' dir='ltr'>δημιουργὸς,</span> <span class='ocrx_word' id='word_1_380' title='bbox 3607 2306 3803 2373; x_wconf 78' lang='grc' dir='ltr'>ὕστερον</span> 
     </span>
    </p>
   </div>
   <div class='ocr_carea' id='block_1_53' title="bbox 2257 2397 3811 2470">
    <p class='ocr_par' dir='ltr' id='par_1_53' title="bbox 2257 2397 3811 2470">
     <span class='ocr_line' id='line_1_53' title="bbox 2257 2397 3811 2470; baseline -0.005 -17"><span class='ocrx_word' id='word_1_381' title='bbox 2257 2401 2552 2469; x_wconf 82' lang='grc' dir='ltr'>πεποίηται</span> <span class='ocrx_word' id='word_1_382' title='bbox 2579 2399 2891 2470; x_wconf 79' lang='grc' dir='ltr'>ἀρχιερεὺς,</span> <span class='ocrx_word' id='word_1_383' title='bbox 2919 2399 3280 2468; x_wconf 76' lang='grc' dir='ltr'>ἐνδυσάμενος</span> <span class='ocrx_word' id='word_1_384' title='bbox 3336 2401 3499 2466; x_wconf 80' lang='grc' dir='ltr'>σῶμα</span> <span class='ocrx_word' id='word_1_385' title='bbox 3528 2400 3583 2452; x_wconf 82' lang='grc' dir='ltr'>τὸ</span> <span class='ocrx_word' id='word_1_386' title='bbox 3611 2397 3811 2468; x_wconf 60' lang='grc' dir='ltr'>γενητὸν</span> 
     </span>
    </p>
   </div>
   <div class='ocr_carea' id='block_1_54' title="bbox 2256 2489 3805 2563">
    <p class='ocr_par' dir='ltr' id='par_1_54' title="bbox 2256 2489 3805 2563">
     <span class='ocr_line' id='line_1_54' title="bbox 2256 2489 3805 2563; baseline -0.007 -14"><span class='ocrx_word' id='word_1_387' title='bbox 2256 2498 2351 2549; x_wconf 71' lang='grc' dir='ltr'>καὶ</span> <span class='ocrx_word' id='word_1_388' title='bbox 2399 2495 2643 2563; x_wconf 78' lang='grc' dir='ltr'>ποιητὸν,</span> <span class='ocrx_word' id='word_1_389' title='bbox 2701 2495 2839 2562; x_wconf 84' lang='grc' dir='ltr'>ὅπερ</span> <span class='ocrx_word' id='word_1_390' title='bbox 2891 2493 2985 2545; x_wconf 75' lang='grc' dir='ltr'>καὶ</span> <span class='ocrx_word' id='word_1_391' title='bbox 3044 2494 3436 2562; x_wconf 82' lang='grc' dir='ltr'>προσενεγκεῖν</span> <span class='ocrx_word' id='word_1_392' title='bbox 3488 2492 3622 2560; x_wconf 77' lang='grc' dir='ltr'>ὑπὲρ</span> <span class='ocrx_word' id='word_1_393' title='bbox 3676 2489 3805 2559; x_wconf 77' lang='grc' dir='ltr'>ἡμῶν</span> 
     </span>
    </p>
   </div>
   <div class='ocr_carea' id='block_1_55' title="bbox 2254 2584 3802 2654">
    <p class='ocr_par' dir='ltr' id='par_1_55' title="bbox 2254 2584 3802 2654">
     <span class='ocr_line' id='line_1_55' title="bbox 2254 2584 3802 2654; baseline -0.006 -13"><span class='ocrx_word' id='word_1_394' title='bbox 2254 2588 2501 2641; x_wconf 85' lang='grc' dir='ltr'>δύναται.</span> <span class='ocrx_word' id='word_1_395' title='bbox 2538 2587 2626 2639; x_wconf 68' lang='lat' dir='ltr'><strong>Aio</strong></span> <span class='ocrx_word' id='word_1_396' title='bbox 2661 2587 2755 2638; x_wconf 72' lang='grc' dir='ltr'>καὶ</span> <span class='ocrx_word' id='word_1_397' title='bbox 2786 2586 3006 2652; x_wconf 86' lang='grc' dir='ltr'>λέγεται</span> <span class='ocrx_word' id='word_1_398' title='bbox 3041 2584 3395 2652; x_wconf 78' lang='grc' dir='ltr'>πεποιῆσθαι.</span> <span class='ocrx_word' id='word_1_399' title='bbox 3432 2585 3566 2638; x_wconf 86' lang='grc' dir='ltr'>Πότε</span> <span class='ocrx_word' id='word_1_400' title='bbox 3595 2585 3691 2654; x_wconf 75' lang='grc' dir='ltr'><strong>γὰρ</strong></span> <span class='ocrx_word' id='word_1_401' title='bbox 3724 2599 3802 2634; x_wconf 78' lang='grc' dir='ltr'>πι-</span> 
     </span>
    </p>
   </div>
   <div class='ocr_carea' id='block_1_56' title="bbox 2256 2675 3802 2748">
    <p class='ocr_par' dir='ltr' id='par_1_56' title="bbox 2256 2675 3802 2748">
     <span class='ocr_line' id='line_1_56' title="bbox 2256 2675 3802 2748; baseline -0.005 -16"><span class='ocrx_word' id='word_1_402' title='bbox 2256 2680 2498 2748; x_wconf 82' lang='grc' dir='ltr'>ποίηται,</span> <span class='ocrx_word' id='word_1_403' title='bbox 2526 2677 2620 2731; x_wconf 75' lang='lat' dir='ltr'><strong>xal</strong></span> <span class='ocrx_word' id='word_1_404' title='bbox 2659 2678 2786 2730; x_wconf 84' lang='grc' dir='ltr'>πότε</span> <span class='ocrx_word' id='word_1_405' title='bbox 2823 2675 3122 2739; x_wconf 78' lang='grc' dir='ltr'>ἀπόστολος</span> <span class='ocrx_word' id='word_1_406' title='bbox 3153 2675 3403 2744; x_wconf 84' lang='grc' dir='ltr'>γέγονεν,</span> <span class='ocrx_word' id='word_1_407' title='bbox 3432 2677 3481 2728; x_wconf 84' lang='grc' dir='ltr'><strong>εί</strong></span> <span class='ocrx_word' id='word_1_408' title='bbox 3515 2675 3585 2745; x_wconf 76' lang='grc' dir='ltr'>μὴ</span> <span class='ocrx_word' id='word_1_409' title='bbox 3612 2676 3689 2727; x_wconf 79' lang='grc' dir='ltr'>ὅτε</span> <span class='ocrx_word' id='word_1_410' title='bbox 3718 2690 3802 2725; x_wconf 68' lang='grc' dir='ltr'><strong>παι</strong></span> 
     </span>
    </p>
   </div>
   <div class='ocr_carea' id='block_1_57' title="bbox 2257 2763 3799 2842">
    <p class='ocr_par' dir='ltr' id='par_1_57' title="bbox 2257 2763 3799 2842">
     <span class='ocr_line' id='line_1_57' title="bbox 2257 2763 3799 2842; baseline -0.005 -21"><span class='ocrx_word' id='word_1_411' title='bbox 2257 2768 2577 2842; x_wconf 81' lang='grc' dir='ltr'>ραπλησίως</span> <span class='ocrx_word' id='word_1_412' title='bbox 2628 2770 2758 2837; x_wconf 75' lang='grc' dir='ltr'>ἡμῖν</span> <span class='ocrx_word' id='word_1_413' title='bbox 2814 2768 3040 2837; x_wconf 81' lang='grc' dir='ltr'>μετέσχε</span> <span class='ocrx_word' id='word_1_414' title='bbox 3093 2766 3185 2818; x_wconf 73' lang='grc' dir='ltr'>καὶ</span> <span class='ocrx_word' id='word_1_415' title='bbox 3239 2768 3408 2829; x_wconf 71' lang='grc' dir='ltr'>αὐτὸς</span> <span class='ocrx_word' id='word_1_416' title='bbox 3463 2767 3680 2836; x_wconf 78' lang='grc' dir='ltr'>αἳματος</span> <span class='ocrx_word' id='word_1_417' title='bbox 3723 2763 3799 2815; x_wconf 71' lang='grc' dir='ltr'>καὶ</span> 
     </span>
    </p>
   </div>
   <div class='ocr_carea' id='block_1_58' title="bbox 2258 2858 3801 2930">
    <p class='ocr_par' dir='ltr' id='par_1_58' title="bbox 2258 2858 3801 2930">
     <span class='ocr_line' id='line_1_58' title="bbox 2258 2858 3801 2930; baseline -0.005 -15"><span class='ocrx_word' id='word_1_418' title='bbox 2258 2862 2460 2930; x_wconf 86' lang='grc' dir='ltr'>σαρκός</span> <span class='ocrx_word' id='word_1_419' title='bbox 2490 2877 2503 2926; x_wconf 90' lang='lat'><strong>;</strong></span> <span class='ocrx_word' id='word_1_420' title='bbox 2540 2863 2649 2913; x_wconf 83' lang='lat' dir='ltr'><strong>Kal</strong></span> <span class='ocrx_word' id='word_1_421' title='bbox 2685 2861 2813 2913; x_wconf 81' lang='grc' dir='ltr'>πότε</span> <span class='ocrx_word' id='word_1_422' title='bbox 2852 2860 3073 2928; x_wconf 82' lang='grc' dir='ltr'>γέγονεν</span> <span class='ocrx_word' id='word_1_423' title='bbox 3106 2859 3358 2927; x_wconf 81' lang='grc' dir='ltr'>ἐλεήμων</span> <span class='ocrx_word' id='word_1_424' title='bbox 3389 2863 3482 2912; x_wconf 75' lang='grc' dir='ltr'>καὶ</span> <span class='ocrx_word' id='word_1_425' title='bbox 3516 2858 3690 2919; x_wconf 77' lang='grc' dir='ltr'>πιστὸς</span> <span class='ocrx_word' id='word_1_426' title='bbox 3720 2858 3801 2925; x_wconf 72' lang='grc' dir='ltr'><strong>ἁρ-</strong></span> 
     </span>
    </p>
   </div>
   <div class='ocr_carea' id='block_1_59' title="bbox 2256 2950 3797 3023">
    <p class='ocr_par' dir='ltr' id='par_1_59' title="bbox 2256 2950 3797 3023">
     <span class='ocr_line' id='line_1_59' title="bbox 2256 2950 3797 3023; baseline -0.003 -18"><span class='ocrx_word' id='word_1_427' title='bbox 2256 2956 2499 3023; x_wconf 69' lang='grc' dir='ltr'>χιερεὺς,</span> <span class='ocrx_word' id='word_1_428' title='bbox 2540 2953 2571 3021; x_wconf 82' lang='grc' dir='ltr'><strong>ἥ</strong></span> <span class='ocrx_word' id='word_1_429' title='bbox 2604 2954 2692 3006; x_wconf 85' lang='grc' dir='ltr'>ὅτε</span> <span class='ocrx_word' id='word_1_430' title='bbox 2720 2951 2861 3005; x_wconf 86' lang='grc' dir='ltr'>κατὰ</span> <span class='ocrx_word' id='word_1_431' title='bbox 2893 2952 3072 3005; x_wconf 82' lang='grc' dir='ltr'>πάντα</span> <span class='ocrx_word' id='word_1_432' title='bbox 3106 2954 3215 3012; x_wconf 69' lang='grc' dir='ltr'>τοῖς</span> <span class='ocrx_word' id='word_1_433' title='bbox 3250 2952 3501 3019; x_wconf 73' lang='grc' dir='ltr'>ἀδελφοῖς</span> <span class='ocrx_word' id='word_1_434' title='bbox 3537 2950 3797 3021; x_wconf 75' lang='grc' dir='ltr'>ὡμοιώθης</span> 
     </span>
    </p>
   </div>
   <div class='ocr_carea' id='block_1_60' title="bbox 2256 3041 3804 3114">
    <p class='ocr_par' dir='ltr' id='par_1_60' title="bbox 2256 3041 3804 3114">
     <span class='ocr_line' id='line_1_60' title="bbox 2256 3041 3804 3114; baseline -0.005 -18"><span class='ocrx_word' id='word_1_435' title='bbox 2256 3043 2516 3114; x_wconf 79' lang='grc' dir='ltr'>ὡμοιώθη</span> <span class='ocrx_word' id='word_1_436' title='bbox 2546 3044 2600 3096; x_wconf 77' lang='grc' dir='ltr'>δὲ</span> <span class='ocrx_word' id='word_1_437' title='bbox 2628 3044 2770 3108; x_wconf 86' lang='grc' dir='ltr'>τότε,</span> <span class='ocrx_word' id='word_1_438' title='bbox 2802 3046 2889 3097; x_wconf 77' lang='grc' dir='ltr'>ὅτε</span> <span class='ocrx_word' id='word_1_439' title='bbox 2918 3044 3141 3111; x_wconf 77' lang='grc' dir='ltr'>γέγονεν</span> <span class='ocrx_word' id='word_1_440' title='bbox 3162 3043 3471 3112; x_wconf 78' lang='grc' dir='ltr'>ἅνθρωπος.</span> <span class='ocrx_word' id='word_1_441' title='bbox 3499 3043 3598 3095; x_wconf 71' lang='grc' dir='ltr'><strong>Καὶ</strong></span> <span class='ocrx_word' id='word_1_442' title='bbox 3617 3041 3804 3108; x_wconf 80' lang='grc' dir='ltr'>γέγονεν</span> 
     </span>
    </p>
   </div>
   <div class='ocr_carea' id='block_1_61' title="bbox 2257 3134 3801 3207">
    <p class='ocr_par' dir='ltr' id='par_1_61' title="bbox 2257 3134 3801 3207">
     <span class='ocr_line' id='line_1_61' title="bbox 2257 3134 3801 3207; baseline -0.004 -18"><span class='ocrx_word' id='word_1_443' title='bbox 2257 3138 2501 3207; x_wconf 74' lang='grc' dir='ltr'>ἐλεήμων</span> <span class='ocrx_word' id='word_1_444' title='bbox 2543 3136 2660 3205; x_wconf 82' lang='grc' dir='ltr'>μὲν,</span> <span class='ocrx_word' id='word_1_445' title='bbox 2709 3137 2796 3189; x_wconf 77' lang='grc' dir='ltr'><strong>ὅτε</strong></span> <span class='ocrx_word' id='word_1_446' title='bbox 2828 3138 2953 3205; x_wconf 71' lang='grc' dir='ltr'>περὶ</span> <span class='ocrx_word' id='word_1_447' title='bbox 2993 3136 3150 3207; x_wconf 76' lang='grc' dir='ltr'>ήμῶν</span> <span class='ocrx_word' id='word_1_448' title='bbox 3199 3137 3571 3205; x_wconf 82' lang='grc' dir='ltr'>προσενέγκας</span> <span class='ocrx_word' id='word_1_449' title='bbox 3608 3134 3801 3203; x_wconf 74' lang='grc' dir='ltr'>ἠλέησεν</span> 
     </span>
    </p>
   </div>
   <div class='ocr_carea' id='block_1_62' title="bbox 563 3227 2152 3302">
    <p class='ocr_par' dir='ltr' id='par_1_62' title="bbox 563 3228 2137 3302">
     <span class='ocr_line' id='line_1_62' title="bbox 563 3228 2137 3302; baseline 0.002 -17"><span class='ocrx_word' id='word_1_450' title='bbox 563 3233 761 3286; x_wconf 87' lang='lat' dir='ltr'><strong>nostri.</strong></span> <span class='ocrx_word' id='word_1_451' title='bbox 796 3228 915 3286; x_wconf 83' lang='lat' dir='ltr'><strong>Iam</strong></span> <span class='ocrx_word' id='word_1_452' title='bbox 950 3231 1123 3285; x_wconf 82' lang='lat' dir='ltr'><strong>ﬁdelis</strong></span> <span class='ocrx_word' id='word_1_453' title='bbox 1147 3239 1232 3286; x_wconf 89' lang='lat' dir='ltr'><strong>est</strong></span> <span class='ocrx_word' id='word_1_454' title='bbox 1278 3232 1479 3296; x_wconf 88' lang='lat' dir='ltr'><strong>factus,</strong></span> <span class='ocrx_word' id='word_1_455' title='bbox 1514 3248 1621 3286; x_wconf 88' lang='lat' dir='ltr'><strong>non</strong></span> <span class='ocrx_word' id='word_1_456' title='bbox 1657 3232 1816 3287; x_wconf 77' lang='lat' dir='ltr'><strong>(idem</strong></span> <span class='ocrx_word' id='word_1_457' title='bbox 1839 3233 2137 3302; x_wconf 86' lang='lat' dir='ltr'><strong>accipiens,</strong></span> 
     </span>
    </p>
   </div>
   <div class='ocr_carea' id='block_1_63' title="bbox 2255 3227 3800 3302">
    <p class='ocr_par' dir='ltr' id='par_1_63' title="bbox 2261 3227 3800 3299">
     <span class='ocr_line' id='line_1_63' title="bbox 2261 3227 3800 3299; baseline -0.005 -18"><span class='ocrx_word' id='word_1_458' title='bbox 2261 3230 2409 3299; x_wconf 77' lang='grc' dir='ltr'>ἡμᾶς</span> <span class='ocrx_word' id='word_1_459' title='bbox 2431 3247 2443 3258; x_wconf 89' lang='grc'><strong>·</strong></span> <span class='ocrx_word' id='word_1_460' title='bbox 2476 3229 2662 3290; x_wconf 72' lang='grc' dir='ltr'>πιστὸς</span> <span class='ocrx_word' id='word_1_461' title='bbox 2691 3228 2767 3291; x_wconf 75' lang='grc' dir='ltr'>δὲ,</span> <span class='ocrx_word' id='word_1_462' title='bbox 2799 3228 2857 3280; x_wconf 77' lang='grc' dir='ltr'>οὐ</span> <span class='ocrx_word' id='word_1_463' title='bbox 2892 3228 3127 3289; x_wconf 87' lang='grc' dir='ltr'>πίστεως</span> <span class='ocrx_word' id='word_1_464' title='bbox 3162 3229 3428 3297; x_wconf 82' lang='grc' dir='ltr'>μετέχων,</span> <span class='ocrx_word' id='word_1_465' title='bbox 3460 3228 3576 3280; x_wconf 77' lang='grc' dir='ltr'>οὐδὲ</span> <span class='ocrx_word' id='word_1_466' title='bbox 3605 3227 3676 3287; x_wconf 75' lang='grc' dir='ltr'><strong>είς</strong></span> <span class='ocrx_word' id='word_1_467' title='bbox 3705 3240 3800 3275; x_wconf 71' lang='grc' dir='ltr'>τινα</span> 
     </span>
    </p>
   </div>
   <div class='ocr_carea' id='block_1_64' title="bbox 565 3320 2147 3393">
    <p class='ocr_par' dir='ltr' id='par_1_64' title="bbox 565 3320 2147 3393">
     <span class='ocr_line' id='line_1_64' title="bbox 565 3320 2147 3393; baseline 0.004 -18"><span class='ocrx_word' id='word_1_468' title='bbox 565 3331 660 3375; x_wconf 90' lang='lat' dir='ltr'><strong>aut</strong></span> <span class='ocrx_word' id='word_1_469' title='bbox 713 3323 766 3375; x_wconf 92' lang='lat' dir='ltr'><strong>in</strong></span> <span class='ocrx_word' id='word_1_470' title='bbox 805 3320 1040 3391; x_wconf 82' lang='lat' dir='ltr'><strong>aliquem</strong></span> <span class='ocrx_word' id='word_1_471' title='bbox 1078 3324 1313 3378; x_wconf 85' lang='lat' dir='ltr'><strong>credens</strong></span> <span class='ocrx_word' id='word_1_472' title='bbox 1378 3324 1842 3393; x_wconf 87' lang='lat' dir='ltr'><strong>quemadmodum</strong></span> <span class='ocrx_word' id='word_1_473' title='bbox 1892 3340 2014 3388; x_wconf 91' lang='lat' dir='ltr'><strong>nos,</strong></span> <span class='ocrx_word' id='word_1_474' title='bbox 2051 3327 2147 3381; x_wconf 86' lang='lat' dir='ltr'><strong>sed</strong></span> 
     </span>
    </p>
   </div>
   <div class='ocr_carea' id='block_1_65' title="bbox 566 3414 2153 3485">
    <p class='ocr_par' dir='ltr' id='par_1_65' title="bbox 566 3414 2153 3485">
     <span class='ocr_line' id='line_1_65' title="bbox 566 3414 2153 3485; baseline 0.001 -17"><span class='ocrx_word' id='word_1_475' title='bbox 566 3416 764 3485; x_wconf 78' lang='lat' dir='ltr'><strong>dignus</strong></span> <span class='ocrx_word' id='word_1_476' title='bbox 792 3415 1068 3475; x_wconf 83' lang='lat' dir='ltr'><strong>exsistens</strong></span> <span class='ocrx_word' id='word_1_477' title='bbox 1097 3417 1183 3469; x_wconf 92' lang='lat' dir='ltr'><strong>cui</strong></span> <span class='ocrx_word' id='word_1_478' title='bbox 1218 3414 1351 3471; x_wconf 84' lang='lat' dir='ltr'><strong>ﬁdes</strong></span> <span class='ocrx_word' id='word_1_479' title='bbox 1388 3416 1441 3470; x_wconf 90' lang='lat' dir='ltr'><strong>in</strong></span> <span class='ocrx_word' id='word_1_480' title='bbox 1471 3417 1748 3476; x_wconf 72' lang='lat' dir='ltr'><strong>omnibus,</strong></span> <span class='ocrx_word' id='word_1_481' title='bbox 1782 3431 1901 3484; x_wconf 74' lang='lat' dir='ltr'><strong>qua:</strong></span> <span class='ocrx_word' id='word_1_482' title='bbox 1954 3416 2153 3471; x_wconf 73' lang='lat' dir='ltr'><strong>dixerit</strong></span> 
     </span>
    </p>
   </div>
   <div class='ocr_carea' id='block_1_66' title="bbox 565 3506 2149 3575">
    <p class='ocr_par' dir='ltr' id='par_1_66' title="bbox 565 3506 2149 3575">
     <span class='ocr_line' id='line_1_66' title="bbox 565 3506 2149 3575; baseline 0 -15"><span class='ocrx_word' id='word_1_483' title='bbox 565 3517 659 3561; x_wconf 84' lang='lat' dir='ltr'><strong>aut</strong></span> <span class='ocrx_word' id='word_1_484' title='bbox 685 3508 899 3575; x_wconf 76' lang='lat' dir='ltr'><strong>fecerit,</strong></span> <span class='ocrx_word' id='word_1_485' title='bbox 934 3508 1222 3571; x_wconf 86' lang='lat' dir='ltr'><strong>habeatur,</strong></span> <span class='ocrx_word' id='word_1_486' title='bbox 1262 3516 1315 3561; x_wconf 92' lang='lat' dir='ltr'><strong>et</strong></span> <span class='ocrx_word' id='word_1_487' title='bbox 1339 3509 1481 3575; x_wconf 91' lang='lat' dir='ltr'><strong>quod</strong></span> <span class='ocrx_word' id='word_1_488' title='bbox 1513 3508 1725 3561; x_wconf 80' lang='lat' dir='ltr'><strong>fidelem</strong></span> <span class='ocrx_word' id='word_1_489' title='bbox 1754 3506 2149 3561; x_wconf 89' lang='lat' dir='ltr'><strong>hostiamillam</strong></span> 
     </span>
    </p>
   </div>
   <div class='ocr_carea' id='block_1_67' title="bbox 568 3598 2149 3667">
    <p class='ocr_par' dir='ltr' id='par_1_67' title="bbox 568 3598 2149 3667">
     <span class='ocr_line' id='line_1_67' title="bbox 568 3598 2149 3667; baseline 0 -15"><span class='ocrx_word' id='word_1_490' title='bbox 568 3612 1001 3665; x_wconf 70' lang='lat' dir='ltr'><strong>permanentem,</strong></span> <span class='ocrx_word' id='word_1_491' title='bbox 1032 3607 1085 3652; x_wconf 90' lang='lat' dir='ltr'><strong>et</strong></span> <span class='ocrx_word' id='word_1_492' title='bbox 1112 3614 1388 3667; x_wconf 88' lang='lat' dir='ltr'><strong>nunquam</strong></span> <span class='ocrx_word' id='word_1_493' title='bbox 1428 3598 1769 3653; x_wconf 80' lang='lat' dir='ltr'><strong>deiicientem</strong></span> <span class='ocrx_word' id='word_1_494' title='bbox 1806 3598 1967 3653; x_wconf 72' lang='lat' dir='ltr'><strong>oﬂ‘ert</strong></span> <span class='ocrx_word' id='word_1_495' title='bbox 1993 3613 2149 3652; x_wconf 87' lang='lat' dir='ltr'><strong>:nam</strong></span> 
     </span>
    </p>
   </div>
   <div class='ocr_carea' id='block_1_68' title="bbox 564 3691 2150 3763">
    <p class='ocr_par' dir='ltr' id='par_1_68' title="bbox 564 3691 2150 3763">
     <span class='ocr_line' id='line_1_68' title="bbox 564 3691 2150 3763; baseline 0.002 -21"><span class='ocrx_word' id='word_1_496' title='bbox 564 3707 685 3763; x_wconf 75' lang='lat' dir='ltr'><strong>qua:</strong></span> <span class='ocrx_word' id='word_1_497' title='bbox 712 3691 846 3761; x_wconf 83' lang='lat' dir='ltr'><strong>legis</strong></span> <span class='ocrx_word' id='word_1_498' title='bbox 879 3692 1200 3761; x_wconf 70' lang='lat' dir='ltr'><strong>prtescripto</strong></span> <span class='ocrx_word' id='word_1_499' title='bbox 1233 3691 1659 3745; x_wconf 79' lang='lat' dir='ltr'><strong>immolabantur</strong></span> <span class='ocrx_word' id='word_1_500' title='bbox 1696 3691 1908 3756; x_wconf 64' lang='lat' dir='ltr'><strong>hostiae,</strong></span> <span class='ocrx_word' id='word_1_501' title='bbox 1958 3691 2150 3745; x_wconf 74' lang='lat' dir='ltr'><strong>ﬁdeles</strong></span> 
     </span>
    </p>
   </div>
   <div class='ocr_carea' id='block_1_69' title="bbox 566 3782 2141 3848">
    <p class='ocr_par' dir='ltr' id='par_1_69' title="bbox 566 3782 2141 3848">
     <span class='ocr_line' id='line_1_69' title="bbox 566 3782 2141 3848; baseline 0.001 -13"><span class='ocrx_word' id='word_1_502' title='bbox 566 3800 630 3837; x_wconf 88' lang='lat' dir='ltr'><strong>ac</strong></span> <span class='ocrx_word' id='word_1_503' title='bbox 684 3783 856 3837; x_wconf 73' lang='lat' dir='ltr'><strong>firma:</strong></span> <span class='ocrx_word' id='word_1_504' title='bbox 907 3797 1016 3836; x_wconf 91' lang='lat' dir='ltr'><strong>non</strong></span> <span class='ocrx_word' id='word_1_505' title='bbox 1053 3792 1230 3848; x_wconf 91' lang='lat' dir='ltr'><strong>erant,</strong></span> <span class='ocrx_word' id='word_1_506' title='bbox 1262 3782 1572 3836; x_wconf 83' lang='lat' dir='ltr'><strong>Servatoris</strong></span> <span class='ocrx_word' id='word_1_507' title='bbox 1639 3791 1821 3835; x_wconf 89' lang='lat' dir='ltr'><strong>autem</strong></span> <span class='ocrx_word' id='word_1_508' title='bbox 1855 3782 2032 3837; x_wconf 84' lang='lat' dir='ltr'><strong>hostia</strong></span> <span class='ocrx_word' id='word_1_509' title='bbox 2063 3796 2141 3836; x_wconf 81' lang='lat' dir='ltr'><strong>se-</strong></span> 
     </span>
    </p>
   </div>
   <div class='ocr_carea' id='block_1_70' title="bbox 574 3874 2151 3947">
    <p class='ocr_par' dir='ltr' id='par_1_70' title="bbox 574 3874 2151 3947">
     <span class='ocr_line' id='line_1_70' title="bbox 574 3874 2151 3947; baseline 0 -20"><span class='ocrx_word' id='word_1_510' title='bbox 574 3875 678 3929; x_wconf 88' lang='lat' dir='ltr'><strong>mel</strong></span> <span class='ocrx_word' id='word_1_511' title='bbox 709 3874 887 3931; x_wconf 89' lang='lat' dir='ltr'><strong>oblata</strong></span> <span class='ocrx_word' id='word_1_512' title='bbox 917 3875 1147 3947; x_wconf 84' lang='lat' dir='ltr'><strong>perfecit</strong></span> <span class='ocrx_word' id='word_1_513' title='bbox 1173 3875 1353 3929; x_wconf 90' lang='lat' dir='ltr'><strong>omnia</strong></span> <span class='ocrx_word' id='word_1_514' title='bbox 1394 3885 1450 3930; x_wconf 89' lang='lat' dir='ltr'><strong>ct</strong></span> <span class='ocrx_word' id='word_1_515' title='bbox 1481 3874 1655 3928; x_wconf 87' lang='lat' dir='ltr'><strong>fidelis</strong></span> <span class='ocrx_word' id='word_1_516' title='bbox 1681 3882 1785 3935; x_wconf 83' lang='lat' dir='ltr'><strong>est,</strong></span> <span class='ocrx_word' id='word_1_517' title='bbox 1855 3886 2151 3930; x_wconf 65' lang='lat' dir='ltr'><strong>aeternum-</strong></span> 
     </span>
    </p>
   </div>
   <div class='ocr_carea' id='block_1_71' title="bbox 567 3964 2153 4040">
    <p class='ocr_par' dir='ltr' id='par_1_71' title="bbox 567 3964 2153 4040">
     <span class='ocr_line' id='line_1_71' title="bbox 567 3964 2153 4040; baseline 0 -17"><span class='ocrx_word' id='word_1_518' title='bbox 567 3986 674 4037; x_wconf 89' lang='lat' dir='ltr'><strong>que</strong></span> <span class='ocrx_word' id='word_1_519' title='bbox 711 3979 1008 4040; x_wconf 82' lang='lat' dir='ltr'><strong>permam-t.</strong></span> <span class='ocrx_word' id='word_1_520' title='bbox 1034 3964 1239 4022; x_wconf 83' lang='lat' dir='ltr'><strong>Fidelis</strong></span> <span class='ocrx_word' id='word_1_521' title='bbox 1268 3977 1351 4022; x_wconf 86' lang='lat' dir='ltr'><strong>est</strong></span> <span class='ocrx_word' id='word_1_522' title='bbox 1386 3969 1551 4037; x_wconf 84' lang='lat' dir='ltr'><strong>igitur</strong></span> <span class='ocrx_word' id='word_1_523' title='bbox 1582 3977 1639 4023; x_wconf 89' lang='lat' dir='ltr'><strong>ut</strong></span> <span class='ocrx_word' id='word_1_524' title='bbox 1671 3968 1762 4037; x_wconf 91' lang='lat' dir='ltr'><strong>qui</strong></span> <span class='ocrx_word' id='word_1_525' title='bbox 1814 3982 1923 4022; x_wconf 85' lang='lat' dir='ltr'><strong>non</strong></span> <span class='ocrx_word' id='word_1_526' title='bbox 1976 3979 2153 4024; x_wconf 90' lang='lat' dir='ltr'><strong>muta-</strong></span> 
     </span>
    </p>
   </div>
   <div class='ocr_carea' id='block_1_72' title="bbox 569 4060 2151 4132">
    <p class='ocr_par' dir='ltr' id='par_1_72' title="bbox 569 4060 2151 4132">
     <span class='ocr_line' id='line_1_72' title="bbox 569 4060 2151 4132; baseline -0.001 -17"><span class='ocrx_word' id='word_1_527' title='bbox 569 4071 677 4124; x_wconf 90' lang='lat' dir='ltr'><strong>tur,</strong></span> <span class='ocrx_word' id='word_1_528' title='bbox 699 4062 793 4115; x_wconf 90' lang='lat' dir='ltr'><strong>sed</strong></span> <span class='ocrx_word' id='word_1_529' title='bbox 811 4062 954 4115; x_wconf 88' lang='lat' dir='ltr'><strong>idem</strong></span> <span class='ocrx_word' id='word_1_530' title='bbox 970 4069 1154 4115; x_wconf 88' lang='lat' dir='ltr'><strong>manet</strong></span> <span class='ocrx_word' id='word_1_531' title='bbox 1196 4062 1573 4130; x_wconf 86' lang='lat' dir='ltr'><strong>promissaque</strong></span> <span class='ocrx_word' id='word_1_532' title='bbox 1593 4062 1825 4132; x_wconf 82' lang='lat' dir='ltr'><strong>perficit,</strong></span> <span class='ocrx_word' id='word_1_533' title='bbox 1848 4060 2047 4124; x_wconf 82' lang='lat' dir='ltr'><strong>Videte,</strong></span> <span class='ocrx_word' id='word_1_534' title='bbox 2070 4063 2151 4116; x_wconf 92' lang='lat' dir='ltr'><strong>in-</strong></span> 
     </span>
    </p>
   </div>
   <div class='ocr_carea' id='block_1_73' title="bbox 566 4153 2149 4225">
    <p class='ocr_par' dir='ltr' id='par_1_73' title="bbox 566 4153 2149 4225">
     <span class='ocr_line' id='line_1_73' title="bbox 566 4153 2149 4225; baseline 0.003 -20"><span class='ocrx_word' id='word_1_535' title='bbox 566 4153 781 4222; x_wconf 80' lang='lat' dir='ltr'><strong>quiens,</strong></span> <span class='ocrx_word' id='word_1_536' title='bbox 815 4156 939 4225; x_wconf 84' lang='lat' dir='ltr'><strong>quia</strong></span> <span class='ocrx_word' id='word_1_537' title='bbox 966 4170 1056 4225; x_wconf 79' lang='lat' dir='ltr'><strong>cgo</strong></span> <span class='ocrx_word' id='word_1_538' title='bbox 1086 4171 1202 4208; x_wconf 87' lang='lat' dir='ltr'><strong>sum</strong></span> <span class='ocrx_word' id='word_1_539' title='bbox 1233 4165 1281 4208; x_wconf 77' lang='lat' dir='ltr'><strong>et</strong></span> <span class='ocrx_word' id='word_1_540' title='bbox 1328 4170 1430 4207; x_wconf 86' lang='lat' dir='ltr'><strong>non</strong></span> <span class='ocrx_word' id='word_1_541' title='bbox 1457 4162 1628 4209; x_wconf 81' lang='lat' dir='ltr'><strong>mutor</strong></span> <span class='ocrx_word' id='word_1_542' title='bbox 1660 4156 1699 4209; x_wconf 77' lang='grc' dir='ltr'>ί.</span> <span class='ocrx_word' id='word_1_543' title='bbox 1731 4155 1923 4224; x_wconf 82' lang='lat' dir='ltr'><strong>Itaque</strong></span> <span class='ocrx_word' id='word_1_544' title='bbox 1984 4156 2149 4209; x_wconf 82' lang='lat' dir='ltr'><strong>verba</strong></span> 
     </span>
    </p>
   </div>
   <div class='ocr_carea' id='block_1_74' title="bbox 573 4245 2154 4317">
    <p class='ocr_par' dir='ltr' id='par_1_74' title="bbox 573 4245 2154 4317">
     <span class='ocr_line' id='line_1_74' title="bbox 573 4245 2154 4317; baseline 0.002 -18"><span class='ocrx_word' id='word_1_545' title='bbox 573 4245 686 4309; x_wconf 92' lang='lat' dir='ltr'><strong>illa,</strong></span> <span class='ocrx_word' id='word_1_546' title='bbox 709 4245 879 4313; x_wconf 81' lang='lat' dir='ltr'><strong>factus</strong></span> <span class='ocrx_word' id='word_1_547' title='bbox 912 4255 984 4298; x_wconf 79' lang='lat' dir='ltr'><strong>est</strong></span> <span class='ocrx_word' id='word_1_548' title='bbox 1013 4254 1069 4299; x_wconf 88' lang='lat' dir='ltr'><strong>et</strong></span> <span class='ocrx_word' id='word_1_549' title='bbox 1103 4257 1307 4299; x_wconf 82' lang='lat' dir='ltr'><strong>creatus</strong></span> <span class='ocrx_word' id='word_1_550' title='bbox 1340 4258 1437 4309; x_wconf 81' lang='lat' dir='ltr'><strong>est,</strong></span> <span class='ocrx_word' id='word_1_551' title='bbox 1466 4248 1744 4300; x_wconf 83' lang='lat' dir='ltr'><strong>hominem</strong></span> <span class='ocrx_word' id='word_1_552' title='bbox 1774 4248 1924 4301; x_wconf 88' lang='lat' dir='ltr'><strong>illum</strong></span> <span class='ocrx_word' id='word_1_553' title='bbox 1952 4248 2154 4317; x_wconf 82' lang='lat' dir='ltr'><strong>signiﬁ-</strong></span> 
     </span>
    </p>
   </div>
   <div class='ocr_carea' id='block_1_75' title="bbox 571 4336 2151 4403">
    <p class='ocr_par' dir='ltr' id='par_1_75' title="bbox 571 4336 2151 4403">
     <span class='ocr_line' id='line_1_75' title="bbox 571 4336 2151 4403; baseline 0.001 -12"><span class='ocrx_word' id='word_1_554' title='bbox 571 4346 698 4391; x_wconf 83' lang='lat' dir='ltr'><strong>eaut</strong></span> <span class='ocrx_word' id='word_1_555' title='bbox 748 4352 867 4390; x_wconf 89' lang='lat' dir='ltr'><strong>esse</strong></span> <span class='ocrx_word' id='word_1_556' title='bbox 902 4336 1127 4392; x_wconf 87' lang='lat' dir='ltr'><strong>factum.</strong></span> <span class='ocrx_word' id='word_1_557' title='bbox 1155 4337 1526 4403; x_wconf 77' lang='lat' dir='ltr'><strong>Quamobrem</strong></span> <span class='ocrx_word' id='word_1_558' title='bbox 1557 4340 1825 4394; x_wconf 83' lang='lat' dir='ltr'><strong>ctPctrus</strong></span> <span class='ocrx_word' id='word_1_559' title='bbox 1888 4356 2011 4394; x_wconf 85' lang='lat' dir='ltr'><strong>cum</strong></span> <span class='ocrx_word' id='word_1_560' title='bbox 2067 4340 2151 4395; x_wconf 87' lang='lat' dir='ltr'><strong>di-</strong></span> 
     </span>
    </p>
   </div>
   <div class='ocr_carea' id='block_1_76' title="bbox 572 4427 2149 4501">
    <p class='ocr_par' dir='ltr' id='par_1_76' title="bbox 572 4427 2149 4501">
     <span class='ocr_line' id='line_1_76' title="bbox 572 4427 2149 4501; baseline 0.003 -20"><span class='ocrx_word' id='word_1_561' title='bbox 572 4430 769 4492; x_wconf 59' lang='lat' dir='ltr'><strong>xisset,</strong></span> <span class='ocrx_word' id='word_1_562' title='bbox 810 4427 1091 4481; x_wconf 83' lang='lat' dir='ltr'><strong>Dominum</strong></span> <span class='ocrx_word' id='word_1_563' title='bbox 1123 4438 1170 4481; x_wconf 68' lang='lat' dir='ltr'><strong>et</strong></span> <span class='ocrx_word' id='word_1_564' title='bbox 1214 4428 1483 4483; x_wconf 75' lang='lat' dir='ltr'><strong>Christum</strong></span> <span class='ocrx_word' id='word_1_565' title='bbox 1543 4432 1663 4501; x_wconf 79' lang='lat' dir='ltr'><strong>fecit</strong></span> <span class='ocrx_word' id='word_1_566' title='bbox 1724 4433 1915 4499; x_wconf 81' lang='lat' dir='ltr'><strong>ipsum,</strong></span> <span class='ocrx_word' id='word_1_567' title='bbox 1968 4432 2149 4486; x_wconf 71' lang='lat' dir='ltr'><strong>statim</strong></span> 
     </span>
    </p>
   </div>
   <div class='ocr_carea' id='block_1_77' title="bbox 573 4519 2151 4593">
    <p class='ocr_par' dir='ltr' id='par_1_77' title="bbox 573 4519 2151 4593">
     <span class='ocr_line' id='line_1_77' title="bbox 573 4519 2151 4593; baseline 0.004 -20"><span class='ocrx_word' id='word_1_568' title='bbox 573 4520 827 4587; x_wconf 79' lang='lat' dir='ltr'><strong>subjecit,</strong></span> <span class='ocrx_word' id='word_1_569' title='bbox 866 4521 1004 4572; x_wconf 81' lang='lat' dir='ltr'><strong>hunc</strong></span> <span class='ocrx_word' id='word_1_570' title='bbox 1028 4519 1227 4586; x_wconf 70' lang='lat' dir='ltr'><strong>Iesum,</strong></span> <span class='ocrx_word' id='word_1_571' title='bbox 1267 4538 1420 4592; x_wconf 83' lang='lat' dir='ltr'><strong>quem</strong></span> <span class='ocrx_word' id='word_1_572' title='bbox 1460 4539 1547 4577; x_wconf 81' lang='lat' dir='ltr'><strong>vos</strong></span> <span class='ocrx_word' id='word_1_573' title='bbox 1576 4525 1909 4593; x_wconf 62' lang='lat' dir='ltr'><strong>cruci/histis</strong></span> <span class='ocrx_word' id='word_1_574' title='bbox 1939 4528 1983 4579; x_wconf 83' lang='grc'><strong>¹.</strong></span> <span class='ocrx_word' id='word_1_575' title='bbox 2047 4526 2151 4580; x_wconf 48' lang='lat' dir='ltr'><strong>Neo</strong></span> 
     </span>
    </p>
   </div>
   <div class='ocr_carea' id='block_1_78' title="bbox 2264 3315 3800 3391">
    <p class='ocr_par' dir='ltr' id='par_1_78' title="bbox 2264 3315 3800 3391">
     <span class='ocr_line' id='line_1_78' title="bbox 2264 3315 3800 3391; baseline -0.005 -20"><span class='ocrx_word' id='word_1_576' title='bbox 2264 3320 2567 3382; x_wconf 81' lang='grc' dir='ltr'>πιστεύων,</span> <span class='ocrx_word' id='word_1_577' title='bbox 2608 3316 2795 3389; x_wconf 82' lang='grc' dir='ltr'>ὥσπερ</span> <span class='ocrx_word' id='word_1_578' title='bbox 2827 3321 3023 3391; x_wconf 74' lang='grc' dir='ltr'>ἡμεῖς,</span> <span class='ocrx_word' id='word_1_579' title='bbox 3057 3319 3191 3372; x_wconf 83' lang='grc' dir='ltr'>ἀλλὰ</span> <span class='ocrx_word' id='word_1_580' title='bbox 3225 3320 3574 3373; x_wconf 76' lang='grc' dir='ltr'>πιστεύεσθαι</span> <span class='ocrx_word' id='word_1_581' title='bbox 3606 3315 3800 3387; x_wconf 63' lang='grc' dir='ltr'>ὀφείλων</span> 
     </span>
    </p>
   </div>
   <div class='ocr_carea' id='block_1_79' title="bbox 2262 3406 3805 3484">
    <p class='ocr_par' dir='ltr' id='par_1_79' title="bbox 2262 3406 3805 3484">
     <span class='ocr_line' id='line_1_79' title="bbox 2262 3406 3805 3484; baseline -0.004 -18"><span class='ocrx_word' id='word_1_582' title='bbox 2262 3414 2391 3483; x_wconf 77' lang='grc' dir='ltr'><strong>περῖ</strong></span> <span class='ocrx_word' id='word_1_583' title='bbox 2422 3406 2495 3466; x_wconf 83' lang='grc' dir='ltr'>ὧν</span> <span class='ocrx_word' id='word_1_584' title='bbox 2541 3413 2606 3465; x_wconf 83' lang='grc' dir='ltr'>ἂν</span> <span class='ocrx_word' id='word_1_585' title='bbox 2636 3413 2771 3484; x_wconf 73' lang='grc' dir='ltr'>λέγῃ</span> <span class='ocrx_word' id='word_1_586' title='bbox 2807 3414 2900 3465; x_wconf 77' lang='grc' dir='ltr'>καὶ</span> <span class='ocrx_word' id='word_1_587' title='bbox 2947 3416 3094 3483; x_wconf 77' lang='grc' dir='ltr'>ποιῇ,</span> <span class='ocrx_word' id='word_1_588' title='bbox 3141 3415 3231 3465; x_wconf 70' lang='grc' dir='ltr'>καὶ</span> <span class='ocrx_word' id='word_1_589' title='bbox 3282 3414 3365 3466; x_wconf 83' lang='grc' dir='ltr'>ὅτι</span> <span class='ocrx_word' id='word_1_590' title='bbox 3408 3412 3600 3481; x_wconf 76' lang='grc' dir='ltr'>πιστὴν</span> <span class='ocrx_word' id='word_1_591' title='bbox 3643 3409 3805 3462; x_wconf 71' lang='grc' dir='ltr'>θυσὲεν</span> 
     </span>
    </p>
   </div>
   <div class='ocr_carea' id='block_1_80' title="bbox 2263 3499 3799 3576">
    <p class='ocr_par' dir='ltr' id='par_1_80' title="bbox 2263 3499 3799 3576">
     <span class='ocr_line' id='line_1_80' title="bbox 2263 3499 3799 3576; baseline -0.004 -19"><span class='ocrx_word' id='word_1_592' title='bbox 2263 3505 2581 3576; x_wconf 66' lang='grc' dir='ltr'>προσφέρει,</span> <span class='ocrx_word' id='word_1_593' title='bbox 2630 3506 2726 3574; x_wconf 79' lang='grc' dir='ltr'>τὴν</span> <span class='ocrx_word' id='word_1_594' title='bbox 2760 3504 3025 3573; x_wconf 82' lang='grc' dir='ltr'>μένουσαν</span> <span class='ocrx_word' id='word_1_595' title='bbox 3069 3505 3161 3558; x_wconf 72' lang='grc' dir='ltr'>καὶ</span> <span class='ocrx_word' id='word_1_596' title='bbox 3200 3505 3273 3575; x_wconf 79' lang='grc' dir='ltr'>μὴ</span> <span class='ocrx_word' id='word_1_597' title='bbox 3313 3505 3713 3557; x_wconf 79' lang='grc' dir='ltr'>διαπίπτουσαν.</span> <span class='ocrx_word' id='word_1_598' title='bbox 3748 3499 3799 3551; x_wconf 73' lang='lat' dir='ltr'><strong>Al</strong></span> 
     </span>
    </p>
   </div>
   <div class='ocr_carea' id='block_1_81' title="bbox 2266 3591 3801 3667">
    <p class='ocr_par' dir='ltr' id='par_1_81' title="bbox 2266 3591 3801 3667">
     <span class='ocr_line' id='line_1_81' title="bbox 2266 3591 3801 3667; baseline -0.003 -19"><span class='ocrx_word' id='word_1_599' title='bbox 2266 3598 2364 3667; x_wconf 80' lang='grc' dir='ltr'>μὲν</span> <span class='ocrx_word' id='word_1_600' title='bbox 2406 3598 2515 3665; x_wconf 76' lang='grc' dir='ltr'>γὰρ</span> <span class='ocrx_word' id='word_1_601' title='bbox 2564 3596 2705 3649; x_wconf 82' lang='grc' dir='ltr'>κατὰ</span> <span class='ocrx_word' id='word_1_602' title='bbox 2745 3596 2906 3665; x_wconf 82' lang='grc' dir='ltr'>νόμον</span> <span class='ocrx_word' id='word_1_603' title='bbox 2952 3597 3395 3666; x_wconf 67' lang='grc' dir='ltr'>προσφερόμεναι</span> <span class='ocrx_word' id='word_1_604' title='bbox 3446 3599 3544 3649; x_wconf 86' lang='grc' dir='ltr'>οὐκ</span> <span class='ocrx_word' id='word_1_605' title='bbox 3588 3592 3716 3663; x_wconf 79' lang='grc' dir='ltr'>είχον</span> <span class='ocrx_word' id='word_1_606' title='bbox 3755 3591 3801 3641; x_wconf 78' lang='grc' dir='ltr'><strong>τὺ</strong></span> 
     </span>
    </p>
   </div>
   <div class='ocr_carea' id='block_1_82' title="bbox 2264 3685 3799 3757">
    <p class='ocr_par' dir='ltr' id='par_1_82' title="bbox 2264 3685 3799 3757">
     <span class='ocr_line' id='line_1_82' title="bbox 2264 3685 3799 3757; baseline -0.005 -15"><span class='ocrx_word' id='word_1_607' title='bbox 2264 3688 2451 3743; x_wconf 67' lang='grc' dir='ltr'>πιστὸν</span> <span class='ocrx_word' id='word_1_608' title='bbox 2476 3731 2491 3754; x_wconf 93' lang='grc'><strong>,</strong></span> <span class='ocrx_word' id='word_1_609' title='bbox 2527 3691 2559 3757; x_wconf 75' lang='grc' dir='ltr'>ἢ</span> <span class='ocrx_word' id='word_1_610' title='bbox 2602 3688 2656 3739; x_wconf 79' lang='grc' dir='ltr'><strong>δέ</strong></span> <span class='ocrx_word' id='word_1_611' title='bbox 2692 3687 2785 3740; x_wconf 77' lang='grc' dir='ltr'>τοῦ</span> <span class='ocrx_word' id='word_1_612' title='bbox 2829 3688 3079 3757; x_wconf 69' lang='grc' dir='ltr'>Σωτῆρος</span> <span class='ocrx_word' id='word_1_613' title='bbox 3117 3689 3274 3741; x_wconf 79' lang='grc' dir='ltr'>θυσία</span> <span class='ocrx_word' id='word_1_614' title='bbox 3316 3688 3465 3755; x_wconf 75' lang='grc' dir='ltr'>ἅπαξ</span> <span class='ocrx_word' id='word_1_615' title='bbox 3500 3685 3799 3757; x_wconf 71' lang='grc' dir='ltr'>γεγενημένη</span> 
     </span>
    </p>
   </div>
   <div class='ocr_carea' id='block_1_83' title="bbox 2260 3777 3801 3851">
    <p class='ocr_par' dir='ltr' id='par_1_83' title="bbox 2260 3777 3801 3851">
     <span class='ocr_line' id='line_1_83' title="bbox 2260 3777 3801 3851; baseline -0.005 -17"><span class='ocrx_word' id='word_1_616' title='bbox 2260 3780 2579 3834; x_wconf 87' lang='grc' dir='ltr'>τετελείωκε</span> <span class='ocrx_word' id='word_1_617' title='bbox 2618 3781 2678 3833; x_wconf 82' lang='grc' dir='ltr'><strong>τδ</strong></span> <span class='ocrx_word' id='word_1_618' title='bbox 2722 3783 2850 3845; x_wconf 82' lang='grc' dir='ltr'>πᾶν,</span> <span class='ocrx_word' id='word_1_619' title='bbox 2901 3782 2997 3833; x_wconf 75' lang='grc' dir='ltr'><strong>καὶ</strong></span> <span class='ocrx_word' id='word_1_620' title='bbox 3040 3782 3202 3850; x_wconf 79' lang='grc' dir='ltr'>πιστὴ</span> <span class='ocrx_word' id='word_1_621' title='bbox 3246 3783 3438 3849; x_wconf 86' lang='grc' dir='ltr'>γέγονε</span> <span class='ocrx_word' id='word_1_622' title='bbox 3482 3783 3699 3851; x_wconf 85' lang='grc' dir='ltr'>μένουσα</span> <span class='ocrx_word' id='word_1_623' title='bbox 3731 3777 3801 3828; x_wconf 70' lang='grc' dir='ltr'>διὰ</span> 
     </span>
    </p>
   </div>
   <div class='ocr_carea' id='block_1_84' title="bbox 2261 3868 3800 3943">
    <p class='ocr_par' dir='ltr' id='par_1_84' title="bbox 2261 3868 3800 3943">
     <span class='ocr_line' id='line_1_84' title="bbox 2261 3868 3800 3943; baseline -0.004 -19"><span class='ocrx_word' id='word_1_624' title='bbox 2261 3870 2491 3934; x_wconf 62' lang='grc' dir='ltr'>παντόςέ</span> <span class='ocrx_word' id='word_1_625' title='bbox 2522 3874 2716 3935; x_wconf 73' lang='grc' dir='ltr'>Πιστὸς</span> <span class='ocrx_word' id='word_1_626' title='bbox 2753 3874 2861 3942; x_wconf 72' lang='grc' dir='ltr'>γὰρ</span> <span class='ocrx_word' id='word_1_627' title='bbox 2900 3877 2973 3935; x_wconf 79' lang='grc' dir='ltr'>ὡς</span> <span class='ocrx_word' id='word_1_628' title='bbox 3003 3875 3101 3925; x_wconf 72' lang='grc' dir='ltr'>οὐκ</span> <span class='ocrx_word' id='word_1_629' title='bbox 3133 3872 3531 3943; x_wconf 79' lang='grc' dir='ltr'>ἀλλασσόμενος</span> <span class='ocrx_word' id='word_1_630' title='bbox 3550 3914 3564 3937; x_wconf 85' lang='grc'><strong>,</strong></span> <span class='ocrx_word' id='word_1_631' title='bbox 3595 3871 3699 3925; x_wconf 82' lang='grc' dir='ltr'>ἀλλ’</span> <span class='ocrx_word' id='word_1_632' title='bbox 3730 3868 3800 3921; x_wconf 72' lang='grc' dir='ltr'>ἀεὶ</span> 
     </span>
    </p>
   </div>
   <div class='ocr_carea' id='block_1_85' title="bbox 2261 3958 3798 4033">
    <p class='ocr_par' dir='ltr' id='par_1_85' title="bbox 2261 3958 3798 4033">
     <span class='ocr_line' id='line_1_85' title="bbox 2261 3958 3798 4033; baseline -0.001 -16"><span class='ocrx_word' id='word_1_633' title='bbox 2261 3964 2553 4033; x_wconf 81' lang='grc' dir='ltr'>διαμένων,</span> <span class='ocrx_word' id='word_1_634' title='bbox 2585 3964 2677 4015; x_wconf 74' lang='grc' dir='ltr'>καὶ</span> <span class='ocrx_word' id='word_1_635' title='bbox 2706 3965 2983 4028; x_wconf 63' lang='grc' dir='ltr'>ἀποδιδοὺς</span> <span class='ocrx_word' id='word_1_636' title='bbox 3016 3965 3049 4018; x_wconf 75' lang='grc' dir='ltr'>ἃ</span> <span class='ocrx_word' id='word_1_637' title='bbox 3076 3965 3407 4033; x_wconf 74' lang='grc' dir='ltr'>ἐπήγγελται</span> <span class='ocrx_word' id='word_1_638' title='bbox 3436 3965 3620 4032; x_wconf 84' lang='grc' dir='ltr'>λέγων,</span> <span class='ocrx_word' id='word_1_639' title='bbox 3652 3958 3798 4016; x_wconf 70' lang='grc' dir='ltr'>ἰδετέ</span> 
     </span>
    </p>
   </div>
   <div class='ocr_carea' id='block_1_86' title="bbox 2259 4053 3797 4127">
    <p class='ocr_par' dir='ltr' id='par_1_86' title="bbox 2259 4053 3797 4127">
     <span class='ocr_line' id='line_1_86' title="bbox 2259 4053 3797 4127; baseline -0.002 -18"><span class='ocrx_word' id='word_1_640' title='bbox 2259 4074 2358 4127; x_wconf 81' lang='grc' dir='ltr'><strong>με,</strong></span> <span class='ocrx_word' id='word_1_641' title='bbox 2420 4056 2511 4110; x_wconf 82' lang='grc' dir='ltr'>ὅτι</span> <span class='ocrx_word' id='word_1_642' title='bbox 2566 4056 2679 4125; x_wconf 72' lang='grc' dir='ltr'>ἐγώ</span> <span class='ocrx_word' id='word_1_643' title='bbox 2712 4058 2848 4123; x_wconf 78' lang='grc' dir='ltr'>ειμι,</span> <span class='ocrx_word' id='word_1_644' title='bbox 2906 4058 3004 4110; x_wconf 80' lang='grc' dir='ltr'><strong>καί</strong></span> <span class='ocrx_word' id='word_1_645' title='bbox 3057 4060 3168 4111; x_wconf 81' lang='grc' dir='ltr'>οὐκ</span> <span class='ocrx_word' id='word_1_646' title='bbox 3218 4059 3567 4127; x_wconf 71' lang='grc' dir='ltr'>ἡλλοίωμαι.</span> <span class='ocrx_word' id='word_1_647' title='bbox 3614 4058 3709 4109; x_wconf 84' lang='lat' dir='ltr'><strong>Kal</strong></span> <span class='ocrx_word' id='word_1_648' title='bbox 3751 4053 3797 4103; x_wconf 69' lang='grc' dir='ltr'>τὸ</span> 
     </span>
    </p>
   </div>
   <div class='ocr_carea' id='block_1_87' title="bbox 2263 4145 3799 4215">
    <p class='ocr_par' dir='ltr' id='par_1_87' title="bbox 2263 4145 3799 4215">
     <span class='ocr_line' id='line_1_87' title="bbox 2263 4145 3799 4215; baseline -0.007 -14"><span class='ocrx_word' id='word_1_649' title='bbox 2263 4149 2581 4215; x_wconf 81' lang='grc' dir='ltr'>πεποίηται</span> <span class='ocrx_word' id='word_1_650' title='bbox 2604 4145 2755 4215; x_wconf 80' lang='grc' dir='ltr'>γοῦν,</span> <span class='ocrx_word' id='word_1_651' title='bbox 2782 4147 2953 4200; x_wconf 79' lang='grc' dir='ltr'>καὶτὸ</span> <span class='ocrx_word' id='word_1_652' title='bbox 2975 4146 3343 4214; x_wconf 77' lang='grc' dir='ltr'>πέπλασται,</span> <span class='ocrx_word' id='word_1_653' title='bbox 3370 4150 3463 4200; x_wconf 67' lang='grc' dir='ltr'>καὶ</span> <span class='ocrx_word' id='word_1_654' title='bbox 3485 4147 3542 4199; x_wconf 78' lang='grc' dir='ltr'>τὸ</span> <span class='ocrx_word' id='word_1_655' title='bbox 3572 4146 3799 4199; x_wconf 76' lang='grc' dir='ltr'>ἔκτισται</span> 
     </span>
    </p>
   </div>
   <div class='ocr_carea' id='block_1_88' title="bbox 2263 4232 3799 4308">
    <p class='ocr_par' dir='ltr' id='par_1_88' title="bbox 2263 4232 3799 4308">
     <span class='ocr_line' id='line_1_88' title="bbox 2263 4232 3799 4308; baseline -0.005 -16"><span class='ocrx_word' id='word_1_656' title='bbox 2263 4240 2325 4292; x_wconf 74' lang='grc' dir='ltr'><strong>τὸ</strong></span> <span class='ocrx_word' id='word_1_657' title='bbox 2360 4239 2643 4308; x_wconf 80' lang='grc' dir='ltr'>ἄνθρωπον</span> <span class='ocrx_word' id='word_1_658' title='bbox 2672 4237 2834 4292; x_wconf 82' lang='grc' dir='ltr'>αὐτὸν</span> <span class='ocrx_word' id='word_1_659' title='bbox 2866 4238 3119 4306; x_wconf 83' lang='grc' dir='ltr'>γενέσθαι</span> <span class='ocrx_word' id='word_1_660' title='bbox 3156 4241 3437 4306; x_wconf 79' lang='grc' dir='ltr'>σημαίνει.</span> <span class='ocrx_word' id='word_1_661' title='bbox 3475 4237 3581 4292; x_wconf 80' lang='lat' dir='ltr'><strong>Kal</strong></span> <span class='ocrx_word' id='word_1_662' title='bbox 3606 4237 3699 4305; x_wconf 76' lang='grc' dir='ltr'><strong>γὰρ</strong></span> <span class='ocrx_word' id='word_1_663' title='bbox 3726 4232 3799 4284; x_wconf 71' lang='grc' dir='ltr'>καὶ</span> 
     </span>
    </p>
   </div>
   <div class='ocr_carea' id='block_1_89' title="bbox 2262 4328 3805 4403">
    <p class='ocr_par' dir='ltr' id='par_1_89' title="bbox 2262 4328 3805 4403">
     <span class='ocr_line' id='line_1_89' title="bbox 2262 4328 3805 4403; baseline -0.007 -18"><span class='ocrx_word' id='word_1_664' title='bbox 2262 4335 2290 4385; x_wconf 88' lang='lat'><strong>6</strong></span> <span class='ocrx_word' id='word_1_665' title='bbox 2348 4333 2548 4403; x_wconf 78' lang='grc' dir='ltr'>Πέτρος</span> <span class='ocrx_word' id='word_1_666' title='bbox 2603 4332 2862 4403; x_wconf 84' lang='grc' dir='ltr'>εἰρηκὼς,</span> <span class='ocrx_word' id='word_1_667' title='bbox 2909 4334 3127 4402; x_wconf 76' lang='grc' dir='ltr'>Κύριον</span> <span class='ocrx_word' id='word_1_668' title='bbox 3183 4334 3276 4385; x_wconf 78' lang='grc' dir='ltr'>καὶ</span> <span class='ocrx_word' id='word_1_669' title='bbox 3337 4332 3591 4399; x_wconf 70' lang='grc' dir='ltr'>Χριστὸν</span> <span class='ocrx_word' id='word_1_670' title='bbox 3645 4328 3805 4381; x_wconf 64' lang='grc' dir='ltr'>αὺτιίγ</span> 
     </span>
    </p>
   </div>
   <div class='ocr_carea' id='block_1_90' title="bbox 2260 4417 3798 4495">
    <p class='ocr_par' dir='ltr' id='par_1_90' title="bbox 2260 4417 3798 4495">
     <span class='ocr_line' id='line_1_90' title="bbox 2260 4417 3798 4495; baseline -0.005 -14"><span class='ocrx_word' id='word_1_671' title='bbox 2260 4428 2574 4495; x_wconf 81' lang='grc' dir='ltr'>ἐποίησεν,</span> <span class='ocrx_word' id='word_1_672' title='bbox 2602 4426 2760 4488; x_wconf 79' lang='grc' dir='ltr'>εὐθὺς</span> <span class='ocrx_word' id='word_1_673' title='bbox 2784 4428 3053 4495; x_wconf 75' lang='grc' dir='ltr'>ἐπήγαγε,</span> <span class='ocrx_word' id='word_1_674' title='bbox 3086 4427 3303 4482; x_wconf 81' lang='grc' dir='ltr'>τοῦτον</span> <span class='ocrx_word' id='word_1_675' title='bbox 3333 4428 3441 4480; x_wconf 78' lang='grc' dir='ltr'><strong>τὸν</strong></span> <span class='ocrx_word' id='word_1_676' title='bbox 3481 4422 3715 4493; x_wconf 79' lang='grc' dir='ltr'>Ἰησοῦν,</span> <span class='ocrx_word' id='word_1_677' title='bbox 3740 4417 3798 4469; x_wconf 80' lang='grc' dir='ltr'><strong>ὃν</strong></span> 
     </span>
    </p>
   </div>
   <div class='ocr_carea' id='block_1_91' title="bbox 2267 4516 3797 4590">
    <p class='ocr_par' dir='ltr' id='par_1_91' title="bbox 2267 4516 3797 4590">
     <span class='ocr_line' id='line_1_91' title="bbox 2267 4516 3797 4590; baseline -0.003 -17"><span class='ocrx_word' id='word_1_678' title='bbox 2267 4520 2436 4589; x_wconf 69' lang='grc' dir='ltr'>ὑμεῖς</span> <span class='ocrx_word' id='word_1_679' title='bbox 2450 4520 2890 4587; x_wconf 84' lang='grc' dir='ltr'>ἐσταυρώσατε.</span> <span class='ocrx_word' id='word_1_680' title='bbox 2916 4519 2994 4572; x_wconf 82' lang='grc' dir='ltr'><strong>Οὐ</strong></span> <span class='ocrx_word' id='word_1_681' title='bbox 3024 4519 3130 4590; x_wconf 78' lang='grc' dir='ltr'>γὰρ</span> <span class='ocrx_word' id='word_1_682' title='bbox 3155 4519 3366 4588; x_wconf 74' lang='grc' dir='ltr'>εἴρηκε,</span> <span class='ocrx_word' id='word_1_683' title='bbox 3395 4518 3535 4572; x_wconf 78' lang='grc' dir='ltr'>καθὰ</span> <span class='ocrx_word' id='word_1_684' title='bbox 3556 4516 3797 4583; x_wconf 62' lang='grc' dir='ltr'>προεῖπον.</span> 
     </span>
    </p>
   </div>
   <div class='ocr_carea' id='block_1_92' title="bbox 568 4595 2152 4685">
    <p class='ocr_par' dir='ltr' id='par_1_92' title="bbox 568 4610 2151 4685">
     <span class='ocr_line' id='line_1_92' title="bbox 568 4610 2151 4685; baseline 0.006 -24"><span class='ocrx_word' id='word_1_685' title='bbox 568 4626 677 4676; x_wconf 86' lang='lat' dir='ltr'><strong>que</strong></span> <span class='ocrx_word' id='word_1_686' title='bbox 703 4610 873 4674; x_wconf 89' lang='lat' dir='ltr'><strong>enim,</strong></span> <span class='ocrx_word' id='word_1_687' title='bbox 910 4619 969 4665; x_wconf 90' lang='lat' dir='ltr'><strong>ut</strong></span> <span class='ocrx_word' id='word_1_688' title='bbox 1002 4619 1128 4665; x_wconf 88' lang='lat' dir='ltr'><strong>ante</strong></span> <span class='ocrx_word' id='word_1_689' title='bbox 1190 4613 1526 4678; x_wconf 80' lang='lat' dir='ltr'><strong>monuimus,</strong></span> <span class='ocrx_word' id='word_1_690' title='bbox 1569 4614 1726 4676; x_wconf 77' lang='lat' dir='ltr'><strong>dixit,</strong></span> <span class='ocrx_word' id='word_1_691' title='bbox 1768 4615 1923 4669; x_wconf 86' lang='lat' dir='ltr'><strong>Fecit</strong></span> <span class='ocrx_word' id='word_1_692' title='bbox 1972 4618 2151 4685; x_wconf 85' lang='lat' dir='ltr'><strong>ipsum</strong></span> 
     </span>
    </p>
   </div>
   <div class='ocr_carea' id='block_1_93' title="bbox 2255 4595 3795 4685">
    <p class='ocr_par' dir='ltr' id='par_1_93' title="bbox 2260 4604 3795 4685">
     <span class='ocr_line' id='line_1_93' title="bbox 2260 4604 3795 4685; baseline -0.004 -16"><span class='ocrx_word' id='word_1_693' title='bbox 2260 4616 2547 4685; x_wconf 81' lang='grc' dir='ltr'>Ἐποίησεν</span> <span class='ocrx_word' id='word_1_694' title='bbox 2567 4615 2728 4667; x_wconf 82' lang='grc' dir='ltr'>αὑτὸν</span> <span class='ocrx_word' id='word_1_695' title='bbox 2752 4614 2942 4681; x_wconf 85' lang='grc' dir='ltr'>Λόγον,</span> <span class='ocrx_word' id='word_1_696' title='bbox 2965 4614 3100 4668; x_wconf 78' lang='grc' dir='ltr'>ἀλλὰ</span> <span class='ocrx_word' id='word_1_697' title='bbox 3132 4616 3210 4667; x_wconf 77' lang='grc' dir='ltr'>Κύ</span> <span class='ocrx_word' id='word_1_698' title='bbox 3223 4629 3355 4682; x_wconf 85' lang='grc' dir='ltr'>ριον.</span> <span class='ocrx_word' id='word_1_699' title='bbox 3383 4615 3487 4666; x_wconf 79' lang='grc' dir='ltr'><strong>Καὶ</strong></span> <span class='ocrx_word' id='word_1_700' title='bbox 3509 4613 3599 4679; x_wconf 79' lang='grc' dir='ltr'>οὐχ</span> <span class='ocrx_word' id='word_1_701' title='bbox 3620 4604 3795 4663; x_wconf 70' lang='grc' dir='ltr'>ἁπλῶς.</span> 
     </span>
    </p>
   </div>
   <div class='ocr_carea' id='block_1_94' title="bbox 571 4702 2156 4774">
    <p class='ocr_par' dir='ltr' id='par_1_94' title="bbox 571 4702 2156 4774">
     <span class='ocr_line' id='line_1_94' title="bbox 571 4702 2156 4774; baseline 0.004 -18"><span class='ocrx_word' id='word_1_702' title='bbox 571 4702 832 4767; x_wconf 80' lang='lat' dir='ltr'><strong>Verbum,</strong></span> <span class='ocrx_word' id='word_1_703' title='bbox 866 4702 959 4757; x_wconf 86' lang='lat' dir='ltr'><strong>sed</strong></span> <span class='ocrx_word' id='word_1_704' title='bbox 984 4703 1295 4768; x_wconf 88' lang='lat' dir='ltr'><strong>Dominum,</strong></span> <span class='ocrx_word' id='word_1_705' title='bbox 1323 4720 1423 4759; x_wconf 88' lang='lat' dir='ltr'><strong>nec</strong></span> <span class='ocrx_word' id='word_1_706' title='bbox 1467 4705 1809 4774; x_wconf 85' lang='lat' dir='ltr'><strong>simpliciter,</strong></span> <span class='ocrx_word' id='word_1_707' title='bbox 1843 4706 1937 4760; x_wconf 85' lang='lat' dir='ltr'><strong>sed</strong></span> <span class='ocrx_word' id='word_1_708' title='bbox 1969 4710 2023 4761; x_wconf 81' lang='lat' dir='ltr'><strong>in</strong></span> <span class='ocrx_word' id='word_1_709' title='bbox 2068 4725 2156 4762; x_wconf 76' lang='lat' dir='ltr'><strong>vos</strong></span> 
     </span>
    </p>
   </div>
   <div class='ocr_carea' id='block_1_95' title="bbox 570 4796 2158 4867">
    <p class='ocr_par' dir='ltr' id='par_1_95' title="bbox 570 4796 2158 4867">
     <span class='ocr_line' id='line_1_95' title="bbox 570 4796 2158 4867; baseline 0.004 -19"><span class='ocrx_word' id='word_1_710' title='bbox 570 4806 617 4847; x_wconf 91' lang='lat' dir='ltr'><strong>ct</strong></span> <span class='ocrx_word' id='word_1_711' title='bbox 669 4796 723 4848; x_wconf 82' lang='lat' dir='ltr'><strong>in</strong></span> <span class='ocrx_word' id='word_1_712' title='bbox 749 4798 919 4849; x_wconf 82' lang='lat' dir='ltr'><strong>medio</strong></span> <span class='ocrx_word' id='word_1_713' title='bbox 950 4805 1178 4849; x_wconf 84' lang='lat' dir='ltr'><strong>vestrum</strong></span> <span class='ocrx_word' id='word_1_714' title='bbox 1209 4798 1351 4866; x_wconf 77' lang='lat' dir='ltr'><strong>fecit,</strong></span> <span class='ocrx_word' id='word_1_715' title='bbox 1415 4798 1563 4867; x_wconf 89' lang='lat' dir='ltr'><strong>quod</strong></span> <span class='ocrx_word' id='word_1_716' title='bbox 1600 4798 1826 4867; x_wconf 87' lang='lat' dir='ltr'><strong>perinde</strong></span> <span class='ocrx_word' id='word_1_717' title='bbox 1869 4810 1971 4865; x_wconf 89' lang='lat' dir='ltr'><strong>est,</strong></span> <span class='ocrx_word' id='word_1_718' title='bbox 2006 4816 2071 4856; x_wconf 86' lang='lat' dir='ltr'><strong>ac</strong></span> <span class='ocrx_word' id='word_1_719' title='bbox 2113 4802 2158 4855; x_wconf 84' lang='lat' dir='ltr'><strong>si</strong></span> 
     </span>
    </p>
   </div>
   <div class='ocr_carea' id='block_1_96' title="bbox 573 4892 2157 4962">
    <p class='ocr_par' dir='ltr' id='par_1_96' title="bbox 573 4892 2157 4962">
     <span class='ocr_line' id='line_1_96' title="bbox 573 4892 2157 4962; baseline 0.004 -18"><span class='ocrx_word' id='word_1_720' title='bbox 573 4892 827 4955; x_wconf 26' lang='lat' dir='ltr'><strong>diceret,»</strong></span> <span class='ocrx_word' id='word_1_721' title='bbox 860 4892 1177 4948; x_wconf 74' lang='lat' dir='ltr'><strong>declaravit.</strong></span> <span class='ocrx_word' id='word_1_722' title='bbox 1222 4893 1277 4946; x_wconf 89' lang='lat' dir='ltr'><strong>id</strong></span> <span class='ocrx_word' id='word_1_723' title='bbox 1312 4895 1452 4962; x_wconf 86' lang='lat' dir='ltr'><strong>quod</strong></span> <span class='ocrx_word' id='word_1_724' title='bbox 1485 4895 1600 4962; x_wconf 80' lang='lat' dir='ltr'><strong>ipse</strong></span> <span class='ocrx_word' id='word_1_725' title='bbox 1635 4894 1829 4950; x_wconf 90' lang='lat' dir='ltr'><strong>Petrus</strong></span> <span class='ocrx_word' id='word_1_726' title='bbox 1862 4898 2002 4961; x_wconf 84' lang='lat' dir='ltr'><strong>hanc</strong></span> <span class='ocrx_word' id='word_1_727' title='bbox 2052 4897 2157 4951; x_wconf 61' lang='lat' dir='ltr'><strong>doc</strong></span> 
     </span>
    </p>
   </div>
   <div class='ocr_carea' id='block_1_97' title="bbox 574 4982 2155 5056">
    <p class='ocr_par' dir='ltr' id='par_1_97' title="bbox 574 4982 2155 5056">
     <span class='ocr_line' id='line_1_97' title="bbox 574 4982 2155 5056; baseline 0.003 -20"><span class='ocrx_word' id='word_1_728' title='bbox 574 4982 812 5037; x_wconf 82' lang='lat' dir='ltr'><strong>ctriuam</strong></span> <span class='ocrx_word' id='word_1_729' title='bbox 870 4984 1158 5038; x_wconf 77' lang='lat' dir='ltr'><strong>exorJicns</strong></span> <span class='ocrx_word' id='word_1_730' title='bbox 1190 5000 1315 5047; x_wconf 86' lang='lat' dir='ltr'><strong>cum</strong></span> <span class='ocrx_word' id='word_1_731' title='bbox 1347 4986 1733 5043; x_wconf 82' lang='lat' dir='ltr'><strong>observatione</strong></span> <span class='ocrx_word' id='word_1_732' title='bbox 1795 4987 2155 5056; x_wconf 72' lang='lat' dir='ltr'><strong>signiﬁcabat,</strong></span> 
     </span>
    </p>
   </div>
   <div class='ocr_carea' id='block_1_98' title="bbox 570 5069 2149 5142">
    <p class='ocr_par' dir='ltr' id='par_1_98' title="bbox 570 5069 2149 5142">
     <span class='ocr_line' id='line_1_98' title="bbox 570 5069 2149 5142; baseline 0.007 -20"><span class='ocrx_word' id='word_1_733' title='bbox 570 5087 697 5127; x_wconf 85' lang='lat' dir='ltr'><strong>cum</strong></span> <span class='ocrx_word' id='word_1_734' title='bbox 730 5069 947 5127; x_wconf 66' lang='lat' dir='ltr'><strong>JUtllCOS</strong></span> <span class='ocrx_word' id='word_1_735' title='bbox 973 5072 1055 5127; x_wconf 84' lang='lat' dir='ltr'><strong>sic</strong></span> <span class='ocrx_word' id='word_1_736' title='bbox 1084 5073 1480 5142; x_wconf 84' lang='lat' dir='ltr'><strong>alloqueretur,</strong></span> <span class='ocrx_word' id='word_1_737' title='bbox 1513 5073 1623 5137; x_wconf 77' lang='lat' dir='ltr'><strong>Viri</strong></span> <span class='ocrx_word' id='word_1_738' title='bbox 1661 5076 1940 5139; x_wconf 75' lang='lat' dir='ltr'><strong>Israelitw,</strong></span> <span class='ocrx_word' id='word_1_739' title='bbox 1966 5079 2149 5135; x_wconf 62' lang='lat' dir='ltr'><strong>audite</strong></span> 
     </span>
    </p>
   </div>
   <div class='ocr_carea' id='block_1_99' title="bbox 569 5163 2159 5239">
    <p class='ocr_par' dir='ltr' id='par_1_99' title="bbox 569 5163 2159 5239">
     <span class='ocr_line' id='line_1_99' title="bbox 569 5163 2159 5239; baseline 0.002 -20"><span class='ocrx_word' id='word_1_740' title='bbox 569 5163 725 5219; x_wconf 67' lang='lat' dir='ltr'><strong>verba</strong></span> <span class='ocrx_word' id='word_1_741' title='bbox 773 5172 882 5217; x_wconf 78' lang='lat' dir='ltr'><strong>lucc</strong></span> <span class='ocrx_word' id='word_1_742' title='bbox 912 5178 930 5217; x_wconf 89' lang='lat'><strong><em>:</em></strong></span> <span class='ocrx_word' id='word_1_743' title='bbox 964 5164 1143 5219; x_wconf 83' lang='lat' dir='ltr'><strong>Jesum</strong></span> <span class='ocrx_word' id='word_1_744' title='bbox 1190 5166 1529 5223; x_wconf 75' lang='lat' dir='ltr'><strong>Nazarenam</strong></span> <span class='ocrx_word' id='word_1_745' title='bbox 1586 5169 1755 5223; x_wconf 79' lang='lat' dir='ltr'><strong>uirum</strong></span> <span class='ocrx_word' id='word_1_746' title='bbox 1807 5171 2159 5239; x_wconf 84' lang='lat' dir='ltr'><strong>approbatum</strong></span> 
     </span>
    </p>
   </div>
   <div class='ocr_carea' id='block_1_100' title="bbox 574 5256 2161 5332">
    <p class='ocr_par' dir='ltr' id='par_1_100' title="bbox 574 5256 2161 5332">
     <span class='ocr_line' id='line_1_100' title="bbox 574 5256 2161 5332; baseline 0.004 -23"><span class='ocrx_word' id='word_1_747' title='bbox 574 5276 606 5309; x_wconf 78' lang='grc' dir='ltr'><strong>ιι</strong></span> <span class='ocrx_word' id='word_1_748' title='bbox 652 5256 758 5310; x_wconf 85' lang='lat' dir='ltr'><strong>Deo</strong></span> <span class='ocrx_word' id='word_1_749' title='bbox 785 5257 838 5309; x_wconf 83' lang='lat' dir='ltr'><strong>in</strong></span> <span class='ocrx_word' id='word_1_750' title='bbox 872 5256 1012 5311; x_wconf 71' lang='lat' dir='ltr'><strong>vobis</strong></span> <span class='ocrx_word' id='word_1_751' title='bbox 1038 5259 1336 5323; x_wconf 79' lang='lat' dir='ltr'><strong>virtutibus,</strong></span> <span class='ocrx_word' id='word_1_752' title='bbox 1368 5270 1415 5313; x_wconf 80' lang='lat' dir='ltr'><strong>et</strong></span> <span class='ocrx_word' id='word_1_753' title='bbox 1448 5261 1724 5330; x_wconf 80' lang='lat' dir='ltr'><strong>prodigiis,</strong></span> <span class='ocrx_word' id='word_1_754' title='bbox 1746 5271 1794 5316; x_wconf 79' lang='lat' dir='ltr'><strong>et</strong></span> <span class='ocrx_word' id='word_1_755' title='bbox 1851 5262 2013 5332; x_wconf 80' lang='lat' dir='ltr'><strong>signis</strong></span> <span class='ocrx_word' id='word_1_756' title='bbox 2045 5278 2161 5329; x_wconf 80' lang='lat' dir='ltr'><strong>qua:</strong></span> 
     </span>
    </p>
   </div>
   <div class='ocr_carea' id='block_1_101' title="bbox 573 5348 2163 5420">
    <p class='ocr_par' dir='ltr' id='par_1_101' title="bbox 573 5348 2163 5420">
     <span class='ocr_line' id='line_1_101' title="bbox 573 5348 2163 5420; baseline 0.005 -20"><span class='ocrx_word' id='word_1_757' title='bbox 573 5351 693 5420; x_wconf 70' lang='lat' dir='ltr'><strong>fecit</strong></span> <span class='ocrx_word' id='word_1_758' title='bbox 731 5348 867 5403; x_wconf 74' lang='lat' dir='ltr'><strong>Deus</strong></span> <span class='ocrx_word' id='word_1_759' title='bbox 889 5366 981 5417; x_wconf 81' lang='lat' dir='ltr'><strong>per</strong></span> <span class='ocrx_word' id='word_1_760' title='bbox 1008 5348 1158 5407; x_wconf 73' lang='lat' dir='ltr'><strong>illum</strong></span> <span class='ocrx_word' id='word_1_761' title='bbox 1187 5350 1241 5402; x_wconf 81' lang='lat' dir='ltr'><strong>iu</strong></span> <span class='ocrx_word' id='word_1_762' title='bbox 1271 5350 1441 5405; x_wconf 82' lang='lat' dir='ltr'><strong>medio</strong></span> <span class='ocrx_word' id='word_1_763' title='bbox 1468 5353 1645 5417; x_wconf 79' lang='lat' dir='ltr'><strong>vestri,</strong></span> <span class='ocrx_word' id='word_1_764' title='bbox 1673 5353 1807 5405; x_wconf 70' lang='lat' dir='ltr'><strong>sicut</strong></span> <span class='ocrx_word' id='word_1_765' title='bbox 1840 5370 1926 5407; x_wconf 77' lang='lat' dir='ltr'><strong>vos</strong></span> <span class='ocrx_word' id='word_1_766' title='bbox 1954 5353 2100 5407; x_wconf 75' lang='lat' dir='ltr'><strong>scitis</strong></span> <span class='ocrx_word' id='word_1_767' title='bbox 2122 5355 2163 5408; x_wconf 84' lang='grc'><strong>³.</strong></span> 
     </span>
    </p>
   </div>
   <div class='ocr_carea' id='block_1_102' title="bbox 574 5442 2163 5519">
    <p class='ocr_par' dir='ltr' id='par_1_102' title="bbox 574 5442 2163 5519">
     <span class='ocr_line' id='line_1_102' title="bbox 574 5442 2163 5519; baseline 0.006 -27"><span class='ocrx_word' id='word_1_768' title='bbox 574 5442 732 5506; x_wconf 77' lang='lat' dir='ltr'><strong>Quod</strong></span> <span class='ocrx_word' id='word_1_769' title='bbox 772 5442 917 5496; x_wconf 85' lang='lat' dir='ltr'><strong>enim</strong></span> <span class='ocrx_word' id='word_1_770' title='bbox 951 5445 1004 5495; x_wconf 88' lang='lat' dir='ltr'><strong>in</strong></span> <span class='ocrx_word' id='word_1_771' title='bbox 1035 5443 1301 5519; x_wconf 70' lang='lat' dir='ltr'><strong>orationis</strong></span> <span class='ocrx_word' id='word_1_772' title='bbox 1332 5442 1437 5497; x_wconf 80' lang='lat' dir='ltr'><strong>fine</strong></span> <span class='ocrx_word' id='word_1_773' title='bbox 1476 5443 1682 5501; x_wconf 86' lang='lat' dir='ltr'><strong>dictum</strong></span> <span class='ocrx_word' id='word_1_774' title='bbox 1714 5454 1799 5498; x_wconf 84' lang='lat' dir='ltr'><strong>est</strong></span> <span class='ocrx_word' id='word_1_775' title='bbox 1828 5445 1974 5512; x_wconf 69' lang='lat' dir='ltr'><strong>fecit,</strong></span> <span class='ocrx_word' id='word_1_776' title='bbox 2030 5445 2163 5501; x_wconf 88' lang='lat' dir='ltr'><strong>dicit</strong></span> 
     </span>
    </p>
   </div>
   <div class='ocr_carea' id='block_1_103' title="bbox 578 5536 2163 5607">
    <p class='ocr_par' dir='ltr' id='par_1_103' title="bbox 578 5536 2163 5607">
     <span class='ocr_line' id='line_1_103' title="bbox 578 5536 2163 5607; baseline 0 -17"><span class='ocrx_word' id='word_1_777' title='bbox 578 5536 668 5590; x_wconf 81' lang='lat' dir='ltr'><strong>hic</strong></span> <span class='ocrx_word' id='word_1_778' title='bbox 730 5536 1072 5605; x_wconf 80' lang='lat' dir='ltr'><strong>approbavit,</strong></span> <span class='ocrx_word' id='word_1_779' title='bbox 1107 5552 1204 5592; x_wconf 87' lang='lat' dir='ltr'><strong>seu</strong></span> <span class='ocrx_word' id='word_1_780' title='bbox 1236 5536 1564 5591; x_wconf 83' lang='lat' dir='ltr'><strong>declaravit.</strong></span> <span class='ocrx_word' id='word_1_781' title='bbox 1595 5536 1673 5590; x_wconf 75' lang='lat' dir='ltr'><strong>Ex</strong></span> <span class='ocrx_word' id='word_1_782' title='bbox 1700 5537 1867 5607; x_wconf 71' lang='lat' dir='ltr'><strong>signis</strong></span> <span class='ocrx_word' id='word_1_783' title='bbox 1897 5538 2046 5593; x_wconf 77' lang='lat' dir='ltr'><strong>enim</strong></span> <span class='ocrx_word' id='word_1_784' title='bbox 2106 5546 2163 5591; x_wconf 86' lang='lat' dir='ltr'><strong>et</strong></span> 
     </span>
    </p>
   </div>
   <div class='ocr_carea' id='block_1_104' title="bbox 581 5628 2155 5701">
    <p class='ocr_par' dir='ltr' id='par_1_104' title="bbox 581 5628 2155 5701">
     <span class='ocr_line' id='line_1_104' title="bbox 581 5628 2155 5701; baseline 0.003 -21"><span class='ocrx_word' id='word_1_785' title='bbox 581 5628 745 5682; x_wconf 75' lang='lat' dir='ltr'><strong>rebus</strong></span> <span class='ocrx_word' id='word_1_786' title='bbox 767 5630 1106 5685; x_wconf 80' lang='lat' dir='ltr'><strong>admirandis</strong></span> <span class='ocrx_word' id='word_1_787' title='bbox 1162 5645 1299 5699; x_wconf 89' lang='lat' dir='ltr'><strong>quas</strong></span> <span class='ocrx_word' id='word_1_788' title='bbox 1332 5628 1598 5685; x_wconf 87' lang='lat' dir='ltr'><strong>Dominus</strong></span> <span class='ocrx_word' id='word_1_789' title='bbox 1630 5629 1784 5692; x_wconf 85' lang='lat' dir='ltr'><strong>fecit,</strong></span> <span class='ocrx_word' id='word_1_790' title='bbox 1817 5645 1927 5685; x_wconf 86' lang='lat' dir='ltr'><strong>non</strong></span> <span class='ocrx_word' id='word_1_791' title='bbox 1944 5629 2155 5701; x_wconf 63' lang='lat' dir='ltr'><strong>simpliv</strong></span> 
     </span>
    </p>
   </div>
   <div class='ocr_carea' id='block_1_105' title="bbox 579 5722 2155 5793">
    <p class='ocr_par' dir='ltr' id='par_1_105' title="bbox 579 5722 2155 5793">
     <span class='ocr_line' id='line_1_105' title="bbox 579 5722 2155 5793; baseline 0.002 -16"><span class='ocrx_word' id='word_1_792' title='bbox 579 5722 717 5777; x_wconf 83' lang='lat' dir='ltr'><strong>citer</strong></span> <span class='ocrx_word' id='word_1_793' title='bbox 744 5723 1052 5781; x_wconf 81' lang='lat' dir='ltr'><strong>declaratus</strong></span> <span class='ocrx_word' id='word_1_794' title='bbox 1080 5736 1163 5781; x_wconf 85' lang='lat' dir='ltr'><strong>est</strong></span> <span class='ocrx_word' id='word_1_795' title='bbox 1194 5726 1377 5788; x_wconf 78' lang='lat' dir='ltr'><strong>homo,</strong></span> <span class='ocrx_word' id='word_1_796' title='bbox 1401 5725 1493 5780; x_wconf 88' lang='lat' dir='ltr'><strong>sed</strong></span> <span class='ocrx_word' id='word_1_797' title='bbox 1518 5725 1572 5779; x_wconf 90' lang='lat' dir='ltr'><strong>in</strong></span> <span class='ocrx_word' id='word_1_798' title='bbox 1621 5739 1849 5793; x_wconf 85' lang='lat' dir='ltr'><strong>corpore</strong></span> <span class='ocrx_word' id='word_1_799' title='bbox 1913 5724 2155 5780; x_wconf 84' lang='lat' dir='ltr'><strong>humano</strong></span> 
     </span>
    </p>
   </div>
   <div class='ocr_carea' id='block_1_106' title="bbox 653 5864 1951 5932">
    <p class='ocr_par' dir='ltr' id='par_1_106' title="bbox 653 5864 1951 5932">
     <span class='ocr_line' id='line_1_106' title="bbox 653 5864 1951 5932; baseline 0.002 -15"><span class='ocrx_word' id='word_1_800' title='bbox 653 5866 665 5894; x_wconf 81' lang='grc'>¹</span> <span class='ocrx_word' id='word_1_801' title='bbox 705 5864 832 5919; x_wconf 90' lang='lat' dir='ltr'><strong>Luc.</strong></span> <span class='ocrx_word' id='word_1_802' title='bbox 864 5880 1010 5932; x_wconf 74' lang='lat' dir='ltr'><strong>xxxv,</strong></span> <span class='ocrx_word' id='word_1_803' title='bbox 1046 5866 1130 5918; x_wconf 72' lang='grc' dir='ltr'><strong>ὅθ.</strong></span> <span class='ocrx_word' id='word_1_804' title='bbox 1209 5869 1227 5898; x_wconf 87' lang='grc'>¹</span> <span class='ocrx_word' id='word_1_805' title='bbox 1261 5868 1379 5921; x_wconf 75' lang='lat' dir='ltr'><strong>Act.</strong></span> <span class='ocrx_word' id='word_1_806' title='bbox 1409 5882 1467 5930; x_wconf 90' lang='grc' dir='ltr'><strong>ιι,</strong></span> <span class='ocrx_word' id='word_1_807' title='bbox 1501 5867 1588 5921; x_wconf 80' lang='grc'><strong>56.</strong></span> <span class='ocrx_word' id='word_1_808' title='bbox 1664 5868 1682 5898; x_wconf 91' lang='grc'>³</span> <span class='ocrx_word' id='word_1_809' title='bbox 1706 5867 1832 5923; x_wconf 83' lang='lat' dir='ltr'><strong>ibid.</strong></span> <span class='ocrx_word' id='word_1_810' title='bbox 1864 5868 1951 5922; x_wconf 64' lang='grc' dir='ltr'><strong>τις.</strong></span> 
     </span>
    </p>
   </div>
   <div class='ocr_carea' id='block_1_107' title="bbox 2260 4693 3797 4778">
    <p class='ocr_par' dir='ltr' id='par_1_107' title="bbox 2260 4693 3797 4778">
     <span class='ocr_line' id='line_1_107' title="bbox 2260 4693 3797 4778; baseline -0.007 -17"><span class='ocrx_word' id='word_1_811' title='bbox 2260 4709 2375 4761; x_wconf 85' lang='grc' dir='ltr'>ἀλλ’</span> <span class='ocrx_word' id='word_1_812' title='bbox 2403 4710 2481 4772; x_wconf 88' lang='grc' dir='ltr'><strong>είς</strong></span> <span class='ocrx_word' id='word_1_813' title='bbox 2504 4708 2669 4777; x_wconf 75' lang='grc' dir='ltr'>ὑμᾶς,</span> <span class='ocrx_word' id='word_1_814' title='bbox 2701 4708 2792 4760; x_wconf 72' lang='grc' dir='ltr'>καὶ</span> <span class='ocrx_word' id='word_1_815' title='bbox 2820 4708 2878 4758; x_wconf 90' lang='grc' dir='ltr'><strong>ἐν</strong></span> <span class='ocrx_word' id='word_1_816' title='bbox 2913 4706 3061 4778; x_wconf 84' lang='grc' dir='ltr'>μέσῳ</span> <span class='ocrx_word' id='word_1_817' title='bbox 3087 4706 3240 4774; x_wconf 82' lang='grc' dir='ltr'>ὑμῶν</span> <span class='ocrx_word' id='word_1_818' title='bbox 3267 4707 3539 4776; x_wconf 85' lang='grc' dir='ltr'>ἐποίησεν,</span> <span class='ocrx_word' id='word_1_819' title='bbox 3564 4704 3589 4756; x_wconf 84' lang='grc' dir='ltr'>ὃ</span> <span class='ocrx_word' id='word_1_820' title='bbox 3612 4702 3710 4753; x_wconf 74' lang='grc' dir='ltr'>ἴσον</span> <span class='ocrx_word' id='word_1_821' title='bbox 3734 4693 3797 4760; x_wconf 81' lang='grc' dir='ltr'><strong>τῷ</strong></span> 
     </span>
    </p>
   </div>
   <div class='ocr_carea' id='block_1_108' title="bbox 2261 4787 3793 4867">
    <p class='ocr_par' dir='ltr' id='par_1_108' title="bbox 2261 4787 3793 4867">
     <span class='ocr_line' id='line_1_108' title="bbox 2261 4787 3793 4867; baseline -0.005 -14"><span class='ocrx_word' id='word_1_822' title='bbox 2261 4803 2453 4866; x_wconf 73' lang='grc' dir='ltr'>εἰπεῖν,</span> <span class='ocrx_word' id='word_1_823' title='bbox 2492 4799 2787 4863; x_wconf 79' lang='grc' dir='ltr'>Ἀπέδειξε.</span> <span class='ocrx_word' id='word_1_824' title='bbox 2813 4800 2921 4851; x_wconf 81' lang='lat' dir='ltr'><strong>Kal</strong></span> <span class='ocrx_word' id='word_1_825' title='bbox 2943 4800 3100 4851; x_wconf 79' lang='grc' dir='ltr'>τοῦτο</span> <span class='ocrx_word' id='word_1_826' title='bbox 3128 4799 3426 4867; x_wconf 73' lang='grc' dir='ltr'>ἀρχόμενος</span> <span class='ocrx_word' id='word_1_827' title='bbox 3453 4801 3480 4851; x_wconf 89' lang='grc' dir='ltr'>ὁ</span> <span class='ocrx_word' id='word_1_828' title='bbox 3509 4797 3691 4865; x_wconf 78' lang='grc' dir='ltr'>Πέτρος</span> <span class='ocrx_word' id='word_1_829' title='bbox 3718 4787 3793 4853; x_wconf 80' lang='grc' dir='ltr'><strong>τῆς</strong></span> 
     </span>
    </p>
   </div>
   <div class='ocr_carea' id='block_1_109' title="bbox 2261 4887 3791 4963">
    <p class='ocr_par' dir='ltr' id='par_1_109' title="bbox 2261 4887 3791 4963">
     <span class='ocr_line' id='line_1_109' title="bbox 2261 4887 3791 4963; baseline -0.007 -17"><span class='ocrx_word' id='word_1_830' title='bbox 2261 4894 2518 4963; x_wconf 78' lang='grc' dir='ltr'>τοιαύτης</span> <span class='ocrx_word' id='word_1_831' title='bbox 2548 4892 2897 4955; x_wconf 75' lang='grc' dir='ltr'>διδασκαλίας</span> <span class='ocrx_word' id='word_1_832' title='bbox 2924 4892 3062 4960; x_wconf 77' lang='grc' dir='ltr'>μετὰ</span> <span class='ocrx_word' id='word_1_833' title='bbox 3088 4891 3518 4961; x_wconf 80' lang='grc' dir='ltr'>παρατηρήσεως</span> <span class='ocrx_word' id='word_1_834' title='bbox 3545 4887 3791 4954; x_wconf 63' lang='grc' dir='ltr'>ἐσήμανεν.</span> 
     </span>
    </p>
   </div>
   <div class='ocr_carea' id='block_1_110' title="bbox 2270 4972 3789 5055">
    <p class='ocr_par' dir='ltr' id='par_1_110' title="bbox 2270 4972 3789 5055">
     <span class='ocr_line' id='line_1_110' title="bbox 2270 4972 3789 5055; baseline -0.004 -20"><span class='ocrx_word' id='word_1_835' title='bbox 2270 4986 2425 5055; x_wconf 68' lang='grc' dir='ltr'>ηνίκα</span> <span class='ocrx_word' id='word_1_836' title='bbox 2455 4984 2591 5054; x_wconf 77' lang='grc' dir='ltr'>πρὸς</span> <span class='ocrx_word' id='word_1_837' title='bbox 2642 4984 2840 5044; x_wconf 73' lang='grc' dir='ltr'>αὐτοὺς</span> <span class='ocrx_word' id='word_1_838' title='bbox 2890 4983 3098 5052; x_wconf 77' lang='grc' dir='ltr'>ἔλεγεν,</span> <span class='ocrx_word' id='word_1_839' title='bbox 3142 4981 3397 5055; x_wconf 12' lang='grc' dir='ltr'>ξ⁹Ανδρες</span> <span class='ocrx_word' id='word_1_840' title='bbox 3457 4972 3789 5047; x_wconf 62' lang='grc' dir='ltr'>Ἰσραηλῖται,</span> 
     </span>
    </p>
   </div>
   <div class='ocr_carea' id='block_1_111' title="bbox 2261 5061 3790 5142">
    <p class='ocr_par' dir='ltr' id='par_1_111' title="bbox 2261 5061 3790 5142">
     <span class='ocr_line' id='line_1_111' title="bbox 2261 5061 3790 5142; baseline -0.012 -10"><span class='ocrx_word' id='word_1_841' title='bbox 2261 5077 2563 5132; x_wconf 74' lang='grc' dir='ltr'>ἀκούσατε</span> <span class='ocrx_word' id='word_1_842' title='bbox 2594 5074 2735 5139; x_wconf 80' lang='grc' dir='ltr'>τοὺς</span> <span class='ocrx_word' id='word_1_843' title='bbox 2764 5076 2986 5142; x_wconf 77' lang='grc' dir='ltr'>λόγους</span> <span class='ocrx_word' id='word_1_844' title='bbox 3009 5076 3262 5140; x_wconf 83' lang='grc' dir='ltr'>τούτους</span> <span class='ocrx_word' id='word_1_845' title='bbox 3286 5093 3296 5103; x_wconf 92' lang='grc'>·</span> <span class='ocrx_word' id='word_1_846' title='bbox 3339 5071 3553 5142; x_wconf 40' lang='grc' dir='ltr'>Ἀνδρα-</span> <span class='ocrx_word' id='word_1_847' title='bbox 3577 5070 3680 5123; x_wconf 78' lang='grc' dir='ltr'><strong>ἀπὸ</strong></span> <span class='ocrx_word' id='word_1_848' title='bbox 3709 5061 3790 5116; x_wconf 82' lang='grc' dir='ltr'>τοῦ</span> 
     </span>
    </p>
   </div>
   <div class='ocr_carea' id='block_1_112' title="bbox 2264 5152 3792 5237">
    <p class='ocr_par' dir='ltr' id='par_1_112' title="bbox 2264 5152 3792 5237">
     <span class='ocr_line' id='line_1_112' title="bbox 2264 5152 3792 5237; baseline -0.014 -12"><span class='ocrx_word' id='word_1_849' title='bbox 2264 5169 2412 5225; x_wconf 83' lang='grc' dir='ltr'>Θεοῦ</span> <span class='ocrx_word' id='word_1_850' title='bbox 2441 5167 2948 5237; x_wconf 64' lang='grc' dir='ltr'>ἀποδεδειγμένον</span> <span class='ocrx_word' id='word_1_851' title='bbox 2982 5169 3069 5233; x_wconf 77' lang='grc' dir='ltr'><strong>είς</strong></span> <span class='ocrx_word' id='word_1_852' title='bbox 3098 5166 3255 5235; x_wconf 82' lang='grc' dir='ltr'>ὑμᾶς</span> <span class='ocrx_word' id='word_1_853' title='bbox 3285 5165 3592 5235; x_wconf 80' lang='grc' dir='ltr'>δυνάμεσι,</span> <span class='ocrx_word' id='word_1_854' title='bbox 3622 5159 3702 5213; x_wconf 77' lang='grc' dir='ltr'>καὶ</span> <span class='ocrx_word' id='word_1_855' title='bbox 3730 5152 3792 5206; x_wconf 83' lang='grc' dir='ltr'><strong>τέ-</strong></span> 
     </span>
    </p>
   </div>
   <div class='ocr_carea' id='block_1_113' title="bbox 2253 5246 3790 5333">
    <p class='ocr_par' dir='ltr' id='par_1_113' title="bbox 2253 5246 3790 5333">
     <span class='ocr_line' id='line_1_113' title="bbox 2253 5246 3790 5333; baseline -0.014 -14"><span class='ocrx_word' id='word_1_856' title='bbox 2253 5279 2425 5333; x_wconf 69' lang='grc' dir='ltr'>Γασι,</span> <span class='ocrx_word' id='word_1_857' title='bbox 2476 5262 2576 5316; x_wconf 79' lang='grc' dir='ltr'>καὶ</span> <span class='ocrx_word' id='word_1_858' title='bbox 2631 5260 2930 5332; x_wconf 80' lang='grc' dir='ltr'>σημείοις,</span> <span class='ocrx_word' id='word_1_859' title='bbox 2981 5254 3072 5326; x_wconf 81' lang='grc' dir='ltr'>οἷς</span> <span class='ocrx_word' id='word_1_860' title='bbox 3128 5259 3381 5327; x_wconf 73' lang='grc' dir='ltr'>ἐποίησε</span> <span class='ocrx_word' id='word_1_861' title='bbox 3434 5256 3508 5309; x_wconf 84' lang='grc' dir='ltr'>δι’</span> <span class='ocrx_word' id='word_1_862' title='bbox 3561 5249 3721 5309; x_wconf 80' lang='grc' dir='ltr'>αὑτοῦ</span> <span class='ocrx_word' id='word_1_863' title='bbox 3764 5246 3790 5297; x_wconf 86' lang='grc' dir='ltr'><strong>ό</strong></span> 
     </span>
    </p>
   </div>
   <div class='ocr_carea' id='block_1_114' title="bbox 2269 5339 3789 5423">
    <p class='ocr_par' dir='ltr' id='par_1_114' title="bbox 2269 5339 3789 5423">
     <span class='ocr_line' id='line_1_114' title="bbox 2269 5339 3789 5423; baseline -0.014 -10"><span class='ocrx_word' id='word_1_864' title='bbox 2269 5357 2413 5422; x_wconf 82' lang='grc' dir='ltr'>Θεὸς</span> <span class='ocrx_word' id='word_1_865' title='bbox 2441 5355 2511 5409; x_wconf 78' lang='grc' dir='ltr'><strong>ἐν</strong></span> <span class='ocrx_word' id='word_1_866' title='bbox 2533 5354 2702 5423; x_wconf 82' lang='grc' dir='ltr'>μέσῳ</span> <span class='ocrx_word' id='word_1_867' title='bbox 2731 5348 2917 5421; x_wconf 80' lang='grc' dir='ltr'>ὑμῶν,</span> <span class='ocrx_word' id='word_1_868' title='bbox 2952 5351 3148 5419; x_wconf 80' lang='grc' dir='ltr'>καθὼς</span> <span class='ocrx_word' id='word_1_869' title='bbox 3178 5351 3346 5407; x_wconf 81' lang='grc' dir='ltr'>αὐτοὶ</span> <span class='ocrx_word' id='word_1_870' title='bbox 3382 5351 3593 5404; x_wconf 84' lang='grc' dir='ltr'>οἴδατε.</span> <span class='ocrx_word' id='word_1_871' title='bbox 3623 5346 3684 5397; x_wconf 81' lang='grc' dir='ltr'><strong>Τὸ</strong></span> <span class='ocrx_word' id='word_1_872' title='bbox 3708 5339 3789 5406; x_wconf 73' lang='grc' dir='ltr'>ἄρα</span> 
     </span>
    </p>
   </div>
   <div class='ocr_carea' id='block_1_115' title="bbox 2269 5427 3787 5533">
    <p class='ocr_par' dir='ltr' id='par_1_115' title="bbox 2269 5427 3787 5533">
     <span class='ocr_line' id='line_1_115' title="bbox 2269 5427 3787 5533; baseline -0.006 -30"><span class='ocrx_word' id='word_1_873' title='bbox 2269 5448 2405 5521; x_wconf 85' lang='grc' dir='ltr'>πρὸς</span> <span class='ocrx_word' id='word_1_874' title='bbox 2435 5449 2495 5500; x_wconf 70' lang='grc' dir='ltr'>τὸ</span> <span class='ocrx_word' id='word_1_875' title='bbox 2526 5448 2678 5507; x_wconf 78' lang='grc' dir='ltr'>τέλος</span> <span class='ocrx_word' id='word_1_876' title='bbox 2702 5446 2954 5513; x_wconf 72' lang='grc' dir='ltr'>ἐποίησε</span> <span class='ocrx_word' id='word_1_877' title='bbox 2980 5445 3293 5512; x_wconf 77' lang='grc' dir='ltr'>λεγόμενον,</span> <span class='ocrx_word' id='word_1_878' title='bbox 3324 5443 3479 5497; x_wconf 83' lang='grc' dir='ltr'>τοῦτο</span> <span class='ocrx_word' id='word_1_879' title='bbox 3507 5443 3560 5493; x_wconf 81' lang='grc' dir='ltr'><strong>ἐν</strong></span> <span class='ocrx_word' id='word_1_880' title='bbox 3587 5439 3645 5509; x_wconf 79' lang='grc' dir='ltr'><strong>τῇ</strong></span> <span class='ocrx_word' id='word_1_881' title='bbox 3674 5427 3787 5533; x_wconf 63' lang='grc' dir='ltr'>διρξῇ</span> 
     </span>
    </p>
   </div>
   <div class='ocr_carea' id='block_1_116' title="bbox 2267 5523 3788 5619">
    <p class='ocr_par' dir='ltr' id='par_1_116' title="bbox 2267 5523 3788 5619">
     <span class='ocr_line' id='line_1_116' title="bbox 2267 5523 3788 5619; baseline -0.016 -22"><span class='ocrx_word' id='word_1_882' title='bbox 2267 5543 2487 5614; x_wconf 81' lang='grc' dir='ltr'>εἴρηκεν</span> <span class='ocrx_word' id='word_1_883' title='bbox 2518 5539 2855 5603; x_wconf 76' lang='grc' dir='ltr'>ἀπέδειξεν.</span> <span class='ocrx_word' id='word_1_884' title='bbox 2903 5538 3037 5590; x_wconf 80' lang='grc' dir='ltr'><strong>Ἀπὸ</strong></span> <span class='ocrx_word' id='word_1_885' title='bbox 3069 5538 3178 5609; x_wconf 78' lang='grc' dir='ltr'>γὰρ</span> <span class='ocrx_word' id='word_1_886' title='bbox 3215 5539 3321 5589; x_wconf 72' lang='grc' dir='ltr'>τῶν</span> <span class='ocrx_word' id='word_1_887' title='bbox 3350 5534 3600 5605; x_wconf 76' lang='grc' dir='ltr'>σημείων,</span> <span class='ocrx_word' id='word_1_888' title='bbox 3631 5523 3709 5619; x_wconf 55' lang='grc' dir='ltr'><strong>καί</strong></span> <span class='ocrx_word' id='word_1_889' title='bbox 3731 5523 3788 5619; x_wconf 44' lang='grc' dir='ltr'><strong>(ἓν</strong></span> 
     </span>
    </p>
   </div>
   <div class='ocr_carea' id='block_1_117' title="bbox 2271 5617 3785 5700">
    <p class='ocr_par' dir='ltr' id='par_1_117' title="bbox 2271 5617 3785 5700">
     <span class='ocr_line' id='line_1_117' title="bbox 2271 5617 3785 5700; baseline -0.012 -13"><span class='ocrx_word' id='word_1_890' title='bbox 2271 5635 2495 5699; x_wconf 80' lang='grc' dir='ltr'>ἐποίησε</span> <span class='ocrx_word' id='word_1_891' title='bbox 2529 5632 2849 5700; x_wconf 82' lang='grc' dir='ltr'>θαυμασίων</span> <span class='ocrx_word' id='word_1_892' title='bbox 2880 5631 2907 5681; x_wconf 92' lang='lat'><strong>6</strong></span> <span class='ocrx_word' id='word_1_893' title='bbox 2940 5630 3139 5699; x_wconf 81' lang='grc' dir='ltr'>Κύριος</span> <span class='ocrx_word' id='word_1_894' title='bbox 3162 5670 3177 5692; x_wconf 89' lang='lat'><strong>,</strong></span> <span class='ocrx_word' id='word_1_895' title='bbox 3209 5627 3497 5698; x_wconf 84' lang='grc' dir='ltr'>ἀπεδείχθη</span> <span class='ocrx_word' id='word_1_896' title='bbox 3521 5624 3608 5689; x_wconf 77' lang='grc' dir='ltr'><strong>οὐχ</strong></span> <span class='ocrx_word' id='word_1_897' title='bbox 3636 5617 3785 5700; x_wconf 60' lang='lat' dir='ltr'><strong>amo;</strong></span> 
     </span>
    </p>
   </div>
   <div class='ocr_carea' id='block_1_118' title="bbox 2269 5697 3784 5796">
    <p class='ocr_par' dir='ltr' id='par_1_118' title="bbox 2269 5697 3784 5796">
     <span class='ocr_line' id='line_1_118' title="bbox 2269 5697 3784 5796; baseline -0.01 -13"><span class='ocrx_word' id='word_1_898' title='bbox 2269 5697 2582 5796; x_wconf 75' lang='grc' dir='ltr'>ἄνθρωπος,</span> <span class='ocrx_word' id='word_1_899' title='bbox 2610 5697 2744 5775; x_wconf 71' lang='grc' dir='ltr'>ἀλλὰ</span> <span class='ocrx_word' id='word_1_900' title='bbox 2778 5721 2907 5784; x_wconf 69' lang='grc' dir='ltr'>Θεὸς</span> <span class='ocrx_word' id='word_1_901' title='bbox 2935 5697 3096 5774; x_wconf 53' lang='lat' dir='ltr'><strong>(ore;</strong></span> <span class='ocrx_word' id='word_1_902' title='bbox 3130 5719 3359 5791; x_wconf 75' lang='grc' dir='ltr'>σώματι,</span> <span class='ocrx_word' id='word_1_903' title='bbox 3391 5697 3480 5769; x_wconf 56' lang='grc' dir='ltr'><strong>κει</strong></span> <span class='ocrx_word' id='word_1_904' title='bbox 3509 5711 3688 5781; x_wconf 74' lang='grc' dir='ltr'>Κύριος</span> <span class='ocrx_word' id='word_1_905' title='bbox 3711 5697 3784 5752; x_wconf 65' lang='lat' dir='ltr'><strong>air</strong></span> 
     </span>
    </p>
   </div>
  </div>
