4032 6288
489 429 596 495 379

1728 413 2120 482 EUTHYMH
2165 412 2544 478 ZIGABENI

3657 407 3758 472 380

488 543 772 611 inquiunt,
789 548 1007 598 constat
1029 537 1226 594 similia
1262 551 1359 606 per
1389 534 1534 590 aliud
1556 533 1736 590 simile
1758 533 1870 588 ﬁeri
1895 546 2079 602 posse.

2189 529 2358 582 πολὺν
2386 526 2545 598 ὄχλον
2572 525 2902 597 ἐπιρρέοντα
2945 519 3202 595 μεσιτῶν,
3239 519 3334 575 καὶ
3364 515 3540 584 οὕτως
3567 519 3760 574 ἀδύνα-

490 637 621 702 ριιεε
651 636 737 690 isti
762 649 886 689 cum
910 633 1121 688 dicunt,
1159 629 1348 690 miror,
1376 643 1477 682 cur
1504 643 1613 681 non
1645 642 1705 680 se
1759 626 1813 679 in
1842 624 2072 678 latebris

486 727 747 785 condant.
792 739 860 778 ne
888 740 998 793 prae
1023 721 1233 788 pudore
1259 719 1692 784 confundantur.
1746 717 1925 772 Moses
1959 730 2073 770 non

490 821 557 874 ad
599 817 898 872 creandum
926 815 1128 868 missus
1149 822 1256 875 est,
1293 826 1476 880 neque
1507 812 1575 866 ad
1634 811 1940 864 vocandum
1985 825 2072 870 ea,

489 924 730 978 quaanon
753 916 903 966 sunt.
942 916 1002 959 ut
1023 911 1231 966 essent,
1259 918 1436 972 neque
1457 903 1522 956 ad
1555 903 1640 956 sui
1662 902 1875 956 similes
1898 900 2075 954 homi-

489 1017 590 1055 nes
621 999 942 1054 condendos
979 1006 1030 1051 et
1071 995 1429 1066 eﬂingendos,
1464 995 1565 1050 sed
1594 996 1660 1048 ad
1709 1010 1910 1048 munus
1968 992 2075 1047 hoc

491 1091 918 1147 observandum.
939 1088 1110 1143 utDei
1132 1089 1297 1143 verba
1324 1086 1528 1156 populo
1557 1095 1611 1140 et
1645 1083 1916 1138 Pharaoni
1958 1082 2073 1154 regi

489 1183 798 1238 nuntiaret.
830 1180 967 1246 Quis
995 1189 1180 1233 autem
1207 1177 1478 1231 inﬁnitam
1514 1177 1570 1230 in
1591 1175 1674 1229 his
1705 1174 2073 1229 didereutiam

489 1290 601 1328 non
635 1273 804 1336 videt,
839 1287 962 1326 eum
1001 1270 1290 1342 legationis
1336 1283 1564 1322 munere
1625 1267 1778 1336 fungi
1809 1274 1866 1320 et
1913 1266 2076 1320 mini-

491 1379 669 1420 szrnre
693 1366 763 1418 sit
789 1378 1002 1428 eorum,
1032 1376 1155 1431 quae
1193 1371 1379 1416 creata
1413 1369 1464 1416 et
1522 1374 1681 1413 serva
1733 1367 1885 1422 sunt,
1943 1371 2076 1427 pro-

494 1459 698 1528 prium,
725 1456 901 1510 facere
935 1464 1116 1508 autem
1147 1463 1203 1507 et
1259 1466 1554 1522 procreare
1609 1451 1783 1505 solius
1845 1449 1964 1517 Dei,
2021 1457 2079 1503 et

497 1549 657 1605 Verbi
687 1549 878 1617 ipsius,
913 1555 969 1601 et
997 1545 1323 1615 sapientiae?
1397 1543 1749 1612 Quapropter
1773 1542 1962 1596 nullos
1994 1541 2078 1594 in-

503 1642 712 1702 veniet,
753 1654 1088 1711 quemquam
1125 1653 1441 1707 procreare,
1467 1637 1570 1690 nisi
1607 1638 1788 1690 solum
1815 1634 1910 1689 Dei
1941 1634 2078 1688 Ver-

493 1733 863 1788 bum.0mnia
890 1733 1037 1786 enim
1071 1732 1125 1785 in
1156 1731 1430 1799 sapientia
1472 1729 1614 1784 facta
1659 1738 1807 1789 sunt,
1850 1737 1907 1784 et
1956 1729 2078 1783 sine

505 1825 686 1880 Verbo
719 1839 790 1878 ne
822 1839 988 1877 unum
1017 1825 1239 1892 quidem
1265 1823 1469 1877 factum
1501 1831 1619 1878 est:
1657 1821 1728 1876 ad
1754 1821 1859 1876 alia
1891 1833 2074 1876 autem

494 1932 725 1971 munera
757 1916 1006 1970 obeunda
1030 1931 1136 1969 non
1157 1931 1298 1970 unus
1314 1930 1380 1970 ex
1406 1914 1664 1968 omnibus
1686 1914 1960 1984 deligitur,
1981 1915 2078 1969 sed

500 2011 678 2071 imrlti,
707 2024 844 2078 quos
873 2010 992 2062 vult
1015 2009 1132 2074 ipse
1166 2008 1326 2062 Deus.
1354 2007 1505 2061 Multi
1555 2007 1702 2062 enim
1735 2008 1939 2062 adsunt
1959 2050 1965 2057 .
1985 2021 2080 2060 ar-

499 2102 774 2170 changeli,
805 2101 956 2154 multi
988 2099 1222 2164 Throni,
1290 2101 1476 2155 multae
1513 2100 1842 2164 Potestates,
1895 2099 2081 2155 multa

497 2192 931 2253 Dominationes,
962 2192 1383 2246 innumerabilia
1406 2193 1644 2262 denique
1694 2202 1894 2262 praesto
1954 2202 2082 2247 sunt

498 2285 664 2337 millia
691 2285 1090 2347 ministrorum,
1129 2285 1220 2354 qui
1256 2285 1492 2355 prompti
1519 2287 2082 2354 exspectantmitten-

493 2377 564 2428 tis
592 2377 902 2445 imperium.
936 2376 1222 2448 Propheta:
1244 2388 1502 2448 praeterea
1534 2379 1713 2440 multi,
1746 2387 1803 2432 et
1855 2389 2080 2449 aposto-

496 2466 532 2519 li
562 2468 872 2531 duodecim,
903 2477 958 2522 et
1003 2468 1225 2534 Paulus,
1263 2479 1317 2524 et
1337 2469 1516 2524 Moses
1567 2469 1707 2540 ipse,
1759 2486 1864 2524 nec
1929 2472 2080 2526 solus

495 2567 704 2622 tamen,
755 2561 852 2613 sed
874 2568 932 2614 et
980 2560 1158 2614 Aaron
1191 2578 1314 2614 cum
1346 2562 1486 2630 ipso,
1537 2571 1595 2616 et
1636 2563 1727 2616 alii
1760 2563 1889 2616 item
1951 2579 2081 2632 sep-

499 2650 748 2716 tuaginta
780 2650 890 2704 duo
921 2651 1178 2719 discipuli
1223 2651 1417 2719 repleti
1483 2651 1696 2720 Spiritu
1759 2660 1969 2717 sancto,
2025 2661 2082 2706 et

497 2740 630 2793 Mosi
657 2741 922 2794 successit
956 2740 1122 2794 Josue
1155 2741 1298 2794 [ilius
1323 2740 1494 2800 Nave.
1527 2751 1582 2794 et
1615 2741 1743 2794 huic
1793 2741 1907 2808 ipsi
1981 2739 2079 2794 Juo

496 2833 666 2897 dices,
697 2843 753 2887 et
786 2833 871 2887 his
917 2849 1025 2887 non
1051 2850 1218 2897 unus,
1253 2835 1350 2888 sed
1376 2833 1534 2887 multi
1587 2849 1765 2904 reges.
1828 2834 1996 2903 Quod]
2033 2835 2079 2888 si

495 2937 732 2993 creatus,
763 2937 816 2982 et
846 2944 986 2982 unus
1013 2944 1077 2983 ex
1109 2929 1175 2983 iis
1197 2930 1289 2999 qui
1324 2927 1458 2983 facti
1493 2939 1642 2993 sunt,
1705 2939 1826 2985 erat
1884 2930 2076 2995 Filius,

497 3034 620 3074 esse
708 3021 910 3074 multos
959 3020 1227 3089 ejusmodi
1284 3020 1425 3075 ﬁlios
1460 3023 1776 3091 oportebat,
1839 3023 2077 3078 utruqu

498 3122 582 3167 tos
663 3111 937 3182 ejusmodi
1028 3112 1310 3168 ministros
1382 3114 1606 3168 haberet
1677 3116 1862 3179 Deus,
1941 3130 2077 3184 que-

2174 637 2266 673 τον
2305 617 2612 688 ὑποστῆναι
2649 620 2749 686 τὴν
2786 617 2992 681 κτίσιν,
3044 616 3134 668 ἀεὶ
3196 614 3418 684 μεσίτου
3473 614 3760 680 δεομένην,

2173 713 2267 764 καὶ
2288 709 2382 764 τοῦ
2409 711 2576 781 μέσου
2612 709 2686 779 μὴ
2715 709 3018 778 δυναμένου
3049 704 3304 776 γενέσθαι
3353 705 3525 776 χωρὶς
3568 705 3760 775 ἑτέρου

2176 805 2422 873 μεσίτου,
2463 801 2552 855 διὰ
2576 803 2636 854 τὸ
2664 802 2872 864 πάντας
2924 795 3068 854 εἶναι
3100 798 3203 868 τῆς
3231 788 3466 868 γενητῆς
3521 797 3761 867 φύσεως,

2175 897 2272 964 τῆς
2332 896 2409 964 μὴ
2441 894 2752 963 δυναμένης
2807 895 3106 964 μετασχεῖν
3135 893 3236 962 τῆς
3263 893 3413 963 παρὰ
3469 893 3630 962 μόνου
3663 893 3762 946 τοῦ

2176 987 2313 1040 Θεοῦ
2339 987 2628 1054 ἐργασίας,
2659 987 2736 1049 ὡς
2777 986 2939 1054 ὑμεῖς
2968 985 3179 1054 λέγετε.
3223 983 3370 1038 Ἀλλ’
3427 985 3557 1049 ίδοῦ,
3602 986 3762 1056 φησὶ,

2177 1082 2274 1133 καὶ
2299 1080 2388 1132 διὰ
2426 1082 2668 1141 Μωσέως
2701 1079 2940 1149 ἐξήγαγε
2972 1077 3065 1130 τὸν
3087 1077 3215 1130 λαδν
3253 1077 3310 1144 ἐξ
3330 1076 3636 1146 Αἰγύπτου,
3670 1079 3769 1132 καὶ

2175 1171 2245 1226 δι’
2271 1172 2436 1226 αὑτοῦ
2488 1173 2581 1225 τὸν
2631 1171 2798 1240 νόμον
2838 1169 3030 1233 ἔδωκε,
3090 1170 3269 1224 καίτοι
3302 1171 3396 1225 καὶ
3430 1171 3599 1225 αὐτοῦ
3629 1187 3769 1240 τυγ-

2178 1266 2436 1335 χάνοντος
2460 1262 2772 1332 ἀνθρώπου,
2800 1246 2942 1316 ὥστε
2967 1263 3190 1317 δυνατδν
3220 1265 3316 1317 καὶ
3339 1265 3427 1316 διὰ
3454 1264 3548 1316 τοῦ
3576 1264 3769 1333 ὁμοίου

2178 1359 2249 1409 τὰ
2269 1359 2430 1427 ὃμοια
2455 1357 2724 1426 γίνεσθαι.
2781 1355 2954 1410 Τοῦτο
2988 1355 3044 1408 δὲ
3078 1355 3267 1424 λέγειν
3300 1358 3501 1420 αὐτοὺς
3533 1349 3784 1426 ὲγκαλυ-’

2181 1448 2488 1516 πτομένους
2533 1449 2797 1516 ἔπρεπεν,
2846 1448 2935 1502 ἵνα
2982 1447 3058 1518 μὴ
3093 1443 3294 1519 πολλὴν
3334 1447 3601 1519 αἰσχύνην
3633 1450 3772 1502 ἀπε·

2179 1541 2506 1608 νέγκωνται.
2552 1539 2794 1610 Μωῦσῆς
2825 1541 2935 1610 γὰρ
2965 1541 3024 1592 οὐ
3059 1539 3419 1612 δημιουργεῖν
3462 1542 3769 1611 ἐπέμπετο,

2179 1631 2300 1686 οὐδὲ
2329 1631 2400 1685 τὰ
2434 1633 2506 1702 μὴ
2559 1633 2688 1685 ὄντα
2731 1634 2811 1694 είς
2848 1633 2910 1684 τὸ
2947 1626 3090 1686 εῖναι
3126 1633 3378 1698 καλέσαι,
3428 1635 3525 1686 καὶ
3564 1634 3772 1688 πλάσαι

2179 1727 2305 1787 τοὺς
2331 1725 2554 1794 ὁμοίους
2578 1723 2921 1796 ἀνθρώπους,
2957 1724 3095 1778 ἀλλὰ
3117 1725 3444 1796 διακονῆσαι
3481 1729 3643 1798 μόνον
3675 1732 3773 1800 ρήο

2183 1833 2331 1885 ματα
2358 1817 2498 1886 πρὸς
2521 1816 2612 1870 τὸν
2650 1818 2804 1881 λαὸν,
2849 1817 2944 1870 καὶ
2982 1819 3120 1884 πρὸς
3148 1817 3240 1870 τὸν
3283 1816 3511 1888 βασιλέα
3540 1820 3772 1892 Φαραώ.

2187 1908 2342 1978 Ἔχει
2367 1909 2423 1962 δὲ
2448 1909 2606 1962 τοῦτο
2633 1908 2837 1980 πολλὴν
2869 1910 2968 1981 τὴν
2993 1910 3286 1982 διαφορὰν,
3318 1912 3401 1964 ὅτι
3432 1911 3492 1964 τὸ
3526 1914 3624 1981 μὲν
3655 1913 3774 1968 δια-

2185 2001 2365 2054 κονεῖν
2415 2000 2526 2054 τῶν
2569 2001 2819 2072 γενητῶν
2869 2003 2966 2055 καὶ
3003 2003 3209 2057 δούλων
3266 2003 3422 2069 ἐστὶ,
3458 2005 3520 2058 τὸ
3569 2007 3626 2060 δὲ
3676 2007 3776 2081 δηο

2187 2095 2472 2164 μιουργεῖν
2528 2095 2625 2147 καὶ
2651 2095 2857 2158 κτίζειν
2886 2095 3050 2164 μόνου
3075 2096 3169 2149 τοῦ
3207 2095 3343 2150 Θεοῦ
3375 2098 3513 2162 ἐστι,
3553 2101 3649 2152 καὶ
3677 2101 3776 2155 τοῦ

2187 2185 2317 2239 ίδίου
2343 2187 2517 2254 Λόγου
2549 2187 2736 2250 αὐτοῦ,
2765 2189 2859 2240 καὶ
2907 2188 3010 2258 τῆς
3051 2189 3269 2258 σοφίας.
3324 2191 3424 2244 Διὰ
3457 2190 3618 2246 τοῦτο
3642 2193 3776 2262 γοῦν

2182 2276 2275 2331 ἰπὶ
2306 2277 2404 2346 μὲν
2436 2275 2531 2329 τοῦ
2561 2277 2919 2346 δημιουργεῖν
2945 2277 3047 2331 οὐκ
3113 2278 3178 2332 ἂν
3214 2296 3297 2342 τις
3347 2279 3506 2334 ἄλλον
3536 2280 3772 2354 εῦροι,ἥ

2192 2369 2354 2438 μόνον
2383 2369 2476 2421 τὸν
2497 2368 2590 2422 τοῦ
2619 2368 2756 2422 Θεοῦ
2786 2369 2964 2438 Λόγον
2989 2386 3003 2402 ο
3038 2370 3213 2424 πάντα
3250 2375 3361 2442 γὰρ
3397 2374 3453 2424 ἐν
3492 2374 3659 2446 σοφίᾳ
3682 2374 3778 2443 γέ-

2183 2476 2334 2529 γονε,
2371 2461 2468 2514 καὶ
2496 2461 2664 2531 χωρὶς
2695 2461 2786 2514 τοῦ
2819 2462 2996 2530 Λόγου
3051 2462 3272 2530 ἐγένετο
3312 2463 3434 2517 οὐδὲ
3495 2463 3589 2518 ἕν’
3633 2465 3776 2538 πρὸς

2133 2623 2137 2630 1
2186 2552 2241 2605 δὲ
2263 2554 2359 2616 τὰς
2379 2553 2655 2611 διακονίας
2682 2554 2783 2624 οὐχ
2809 2548 2910 2618 εἷς,
2941 2553 3061 2609 ἀλλ’
3111 2556 3175 2608 ἐκ
3220 2556 3440 2610 πάντων
3473 2558 3662 2612 πολλοί
3696 2561 3779 2612 εί-

2187 2659 2293 2708 σιν,
2322 2642 2417 2705 οὓς
2447 2642 2513 2696 ἂν
2545 2643 2676 2716 θέλῃ
2711 2645 2954 2715 πέμπειν
2991 2649 3017 2700 6
3037 2646 3266 2718 Κύριος.
3303 2649 3496 2703 Πολλοὶ
3541 2650 3641 2720 μὲν
3666 2651 3776 2722 γὰρ

2183 2734 2432 2802 ἄγγελοι,
2467 2736 2655 2789 πολλοὶ
2687 2737 2743 2791 δὲ
2768 2738 2974 2808 θρόνοι,
3028 2741 3123 2792 καὶ
3158 2740 3418 2806 ἐξουσίαι,
3453 2743 3548 2796 καὶ
3587 2743 3778 2814 κυριό-

2181 2843 2381 2895 τητες,
2417 2829 2592 2898 χίλιαι
2633 2830 2898 2899 χιλιάδες,
2934 2834 3028 2886 καὶ
3073 2833 3268 2905 μύριαι
3307 2835 3570 2906 μυριάδες
3601 2853 3778 2906 παρε-

2183 2916 2417 2986 στήκασι
2460 2916 2793 2989 λειτουργῶν
2831 2925 2924 2974 καὶ
2957 2921 3192 2992 ἑτοίμων
3251 2923 3333 2986 είς
3363 2923 3423 2976 τὸ
3449 2923 3780 2987 ἐξαποστέλ-

2181 3007 2392 3063 λεσθαι.
2427 3011 2534 3063 Καὶ
2567 3014 2852 3081 προφῆται
2911 3012 3013 3083 μὲν
3072 3013 3279 3081 πολλοπ,
3338 3019 3435 3069 καὶ
3485 3017 3776 3072 ἀπόστολοι

2182 3101 2317 3156 δέκα
2356 3102 2589 3168 καὶδύο,
2618 3105 2714 3158 καὶ
2749 3105 2980 3169 Παῦλος.
3031 3109 3125 3160 καὶ
3153 3107 3394 3177 Μωῦσῆς
3428 3108 3482 3161 δὲ
3518 3109 3680 3172 αὐτὸς
3715 3112 3775 3164 οὐ

498 3204 847 3258 madmodum
898 3211 953 3258 et
1013 3205 1068 3258 in
1143 3205 1265 3259 aliis
1315 3206 1611 3261 ordinibus
1699 3208 1857 3260 multi
1923 3217 2076 3263 sunt.

2187 3193 2367 3263 μόνος,
2390 3196 2526 3250 ἀλλὰ
2555 3199 2649 3250 καὶ
2692 3199 2904 3265 ’Δαρὼν
2943 3199 3041 3251 σὺν
3076 3198 3247 3270 αὐτῷ,
3303 3203 3398 3254 καὶ
3434 3203 3569 3270 μετὰ
3605 3204 3774 3256 ταῦτα

499 3298 656 3360 Quod
687 3298 729 3351 si
759 3313 869 3351 non
898 3298 1025 3351 licet
1045 3298 1150 3351 hoc
1189 3298 1413 3362 intueri,
1435 3299 1533 3352 sed
1595 3313 1718 3352 cum
1764 3300 1949 3353 multae
1993 3315 2080 3354 res

499 3400 696 3443 ereatae
735 3389 865 3454 sint,
891 3404 1057 3443 unum
1089 3390 1354 3442 duntaxat
1392 3390 1624 3444 Verbum
1653 3392 1767 3456 'est,
1819 3392 1941 3460 quis
1971 3408 2079 3446 non

500 3461 886 3532 animadvertit
927 3477 1183 3532 Filiuma
1253 3479 1419 3533 rebus
1470 3481 1724 3534 omnibus
1781 3483 2082 3550 procreatis

505 3569 578 3621 ita
621 3567 866 3633 dill‘erre,
894 3579 952 3622 ut
993 3569 1131 3622 nihil
1161 3571 1369 3639 aequale
1393 3587 1516 3624 cum
1556 3570 1663 3625 illis
1708 3572 1930 3635 habeat,
1987 3573 2080 3627 sed

501 3658 686 3713 omnia
715 3675 838 3713 cum
877 3659 1038 3714 Palre
1093 3663 1316 3730 propria
1365 3669 1421 3716 et
1467 3663 1668 3732 paria?
1713 3663 2078 3728 Quamobrem

501 3769 613 3808 non
650 3753 978 3808 multa-sunt
1017 3753 1212 3820 Verba,
1245 3755 1340 3809 sed
1371 3752 1542 3809 unum
1574 3753 1751 3810 Patris
1810 3754 2077 3823 Verbum,

501 3855 554 3907 ct
583 3861 692 3906 una
733 3845 911 3922 imago
942 3845 1064 3900 Dei.
1092 3847 1162 3900 At
1211 3847 1292 3900 sol
1353 3847 1539 3910 etiam,
1611 3847 1893 3926 inquiunt,
1917 3849 2081 3904 'solus

502 3955 602 4010 est,
635 3953 687 4000 et
703 3954 848 3999 terra
863 3937 1206 3998 una.Eadcm
1226 3939 1439 3995 ratione
1460 3939 1648 3994 dicant
1682 3940 1847 3994 etiam
1877 3955 2080 4010 aquam

502 4054 623 4094 esse
656 4047 843 4102 unam,
877 4045 929 4090 et
965 4033 1150 4105 ignem
1178 4034 1302 4088 es'Se
1330 4047 1522 4096 unum,
1562 4033 1816 4087 homines
1853 4033 2082 4102 imperi-

505 4132 559 4188 ti.
583 4129 674 4199 qui
697 4129 946 4182 nesciunt
963 4123 1388 4191 unumquodque
1403 4137 1618 4187 eorum,
1637 4138 1759 4192 quae
1776 4123 1913 4177 facta
1933 4133 2082 4190 sunt,

503 4227 580 4278 sic
600 4237 765 4276 unum
780 4235 903 4274 esse
924 4229 1118 4272 natura
1137 4231 1256 4279 sua,
1274 4224 1336 4268 ut
1354 4231 1464 4270 non
1485 4216 1556 4269 ob
1577 4215 1626 4268 id
1647 4224 1829 4270 tamen
1851 4217 1918 4270 ad
1936 4217 2086 4284 ejus-

505 4315 648 4371 modi
671 4309 1294 4380 munusexsequendum
1345 4305 1416 4361 sit
1463 4306 1741 4360 idoneum.
1797 4305 1891 4360 Sic
1932 4309 2079 4361 enim

503 4405 718 4476 singula
806 4417 974 4457 unum
1041 4411 1192 4463 sunt,
1272 4409 1332 4452 ut
1391 4404 1579 4452 mutua
1632 4399 1787 4468 quasi
1841 4399 2083 4454 membra

505 4499 757 4572 quaedam
808 4498 954 4552 inter
1003 4509 1063 4550 se
1110 4497 1242 4558 sint,
1299 4503 1354 4549 et
1420 4509 1589 4548 unum
1680 4494 2084 4561 quodammodo

505 4609 707 4662 corpus
765 4589 1028 4646 mundum
1079 4587 1394 4644 conficiant.
1454 4586 1609 4653 Quod
1639 4587 1681 4641 si
1705 4575 1898 4640 Filium
1920 4588 2084 4642 etiam

507 4687 673 4740 talem
752 4684 1088 4745 existimant,
1171 4681 1508 4750 repellantur
1580 4682 1647 4733 ah
1700 4680 1978 4741 omnibus,
2031 4692 2088 4737 ut

506 4778 601 4848 qui
709 4785 918 4846 partem
1020 4773 1391 4827 universitatis
1471 4770 1706 4826 Verbum
1811 4782 2085 4834 asserunt,

508 4880 565 4922 et
595 4876 804 4937 partem
841 4863 1138 4935 ejusmodi,
1171 4876 1289 4931 qua:
1335 4861 1456 4915 sine
1492 4861 1612 4914 aliis
1645 4863 1891 4931 partibus
1941 4879 2088 4916 com-

509 4962 736 5016 missum
758 4961 856 5012 sibi
889 4973 1089 5012 munus
1117 4955 1266 5010 obire
1284 4969 1387 5007 non
1425 4953 1615 5023 possit.
1646 4953 1790 5008 Istuc
1815 4965 2000 5008 autem
2037 4956 2085 5008 si

509 5053 670 5124 plane
694 5060 907 5107 constat
945 5065 1066 5105 esse
1090 5050 1341 5118 impium,
1374 5056 1674 5116 agnoscant
1708 5044 1942 5100 Verbum
1976 5063 2086 5101 non

511 5152 883 5219 procreatum,
906 5142 998 5198 sed
1026 5141 1263 5196 omnium
1301 5137 1810 5211 procreatorem.At
1844 5141 1988 5193 enim
2018 5142 2086 5194 ita

511 5239 714 5294 factum
781 5248 835 5291 et
885 5244 1131 5290 creatum
1165 5231 1455 5296 afﬁrmant,
1491 5241 1550 5286 ut
1583 5234 1649 5287 ab
1699 5232 1957 5286 eﬁectore
1991 5233 2091 5287 suo

515 5313 769 5400 tanquam
796 5345 824 5382 a
853 5325 1115 5396 magistro
1155 5323 1414 5379 didicerit
1445 5337 1757 5393 procreare,
1813 5333 1979 5393 atque
2017 5322 2088 5378 ita

514 5421 834 5500 praceptori
869 5422 976 5475 Deo
1018 5417 1308 5473 inservire.
1377 5415 1507 5470 Haec
1539 5417 1687 5469 enim
1751 5426 1806 5471 et
1841 5415 2092 5470 Asterius

513 5517 778 5590 sophista,
825 5523 885 5568 ut
932 5512 1023 5582 qui
1080 5511 1272 5565 didicit
1317 5524 1519 5576 negare
1551 5509 1742 5570 Deum.
1793 5526 1960 5564 ausus
2009 5518 2094 5565 est

511 5607 815 5661 litterarum
875 5601 1242 5658 monumentis
1290 5599 1569 5665 mandare,
1603 5617 1705 5654 nec
1753 5597 2093 5656 animadver-

513 5698 598 5760 tit,
645 5690 814 5766 quam
842 5696 1075 5751 absurda
1111 5695 1240 5761 sint,
1289 5708 1409 5763 qua:
1439 5708 1503 5747 ex
1542 5693 1624 5746 his
1659 5702 2090 5762 consequuntur.

512 5789 647 5842 Nam
700 5787 745 5840 si
789 5787 1012 5842 creandi
1061 5786 1201 5840 ratio
1232 5785 1419 5840 doceri
1461 5793 1664 5854 potest,
1722 5793 1971 5851 caveant,
2022 5801 2093 5841 ne

517 5881 685 5934 Deum
719 5877 884 5933 etiam
915 5879 1088 5948 ipsum
1124 5892 1236 5932 non
1266 5885 1484 5942 natura,
1530 5875 1627 5931 sed
1658 5874 1904 5931 doctrina
1959 5891 2087 5933 nro-

2183 3285 2335 3339 ᾶλλοι
2390 3287 2770 3358 ἐϐδομήκοντα
2800 3291 3119 3358 Πνεύματος
3153 3291 3555 3363 ἐπληρώθησαν
3592 3294 3774 3362 ἁγίου.

2185 3379 2293 3432 Καὶ
2329 3379 2568 3450 Μωῦσῆν
2609 3381 2884 3446 διεδέξατο
2924 3382 3130 3452 Ἰησοῦς
3165 3383 3194 3437 6
3217 3384 3414 3454 Ναυῆ,
3453 3387 3708 3440 κάκεῖνον
3729 3390 3778 3441 οί

2183 3472 2390 3541 κριταὶ,
2423 3475 2710 3536 κάκείνους
2740 3475 2839 3544 οὐχ
2867 3470 2969 3539 εἷς,
3013 3474 3150 3528 ἀλλὰ
3207 3475 3452 3530 πλεῖστοι
3508 3476 3780 3547 βασιλεῖς.

2184 3563 2360 3634 Εἴπερ
2387 3560 2480 3619 οῦν
2511 3567 2722 3636 κτίσμα
2761 3562 2850 3636 ἦν,
2894 3568 2987 3620 καὶ
3015 3567 3123 3621 τῶν
3158 3569 3404 3638 γενητῶν
3434 3572 3462 3623 ό
3495 3571 3642 3635 Υἱὸς,
3669 3572 3789 3626 ἔδει

2186 3657 2414 3722 πολλοὺς
2439 3653 2580 3712 εἶναι
2610 3658 2883 3722 τοιούτους
2907 3657 3090 3724 Υίοὺς,
3113 3661 3200 3713 ἵνα
3231 3661 3326 3714 καὶ
3349 3662 3579 3726 πολλοὺς
3601 3663 3783 3717 τοιού.

2183 3766 2310 3814 τους
2340 3749 2621 3816 διακόνους
2649 3752 2745 3824 ἔχῃ
2768 3755 2795 3805 6
2825 3752 2979 3816 Θεὸς,
3007 3753 3262 3822 καθάπερ
3295 3757 3388 3808 καὶ
3429 3756 3522 3810 ἐπὶ
3545 3754 3657 3810 τῶν
3683 3757 3790 3810 ἆλ-

2183 3841 2292 3896 λων
2323 3843 2524 3913 πλῆθός
2555 3845 2722 3898 ἐστιν.
2759 3845 2819 3896 El
2850 3843 2906 3897 δὲ
2936 3844 3097 3898 τοῦτο
3146 3845 3246 3898 οὐκ
3281 3845 3429 3898 ἔστιν
3465 3847 3614 3914 ἰδεῖν,
3640 3847 3790 3903 ἀλλὰ

2183 3934 2252 3987 τὰ
2285 3935 2384 4005 μὲν
2433 3936 2709 4005 κτίσματα
2736 3937 2932 3999 πολλὰ,
2985 3940 3011 3990 6
3039 3937 3094 3990 δὲ
3125 3939 3296 4006 Λόγος
3328 3933 3408 4002 εἷς
3440 3940 3575 4000 ἐστι,
3605 3941 3691 4004 τίς
3720 3943 3789 3995 οὐ

2188 4030 2390 4100 συνορᾷ
2421 4029 2513 4082 καὶ
2533 4031 2596 4083 ὲκ
2627 4029 2856 4095 τούτων,
2885 4031 2967 4084 ὅτι
2998 4033 3025 4082 6
3062 4030 3188 4094 Υίος
3219 4031 3474 4102 διέστηκε
3509 4031 3617 4085 τῶν
3645 4034 3790 4086 πάν-

2187 4139 2314 4184 των,
2346 4109 2520 4176 καὶού
2574 4123 2712 4190 πρὸς
2761 4123 2829 4177 τὰ
2894 4124 3174 4193 κτίσματα
3223 4123 3321 4194 τὴν
3353 4124 3606 4189 ὲξίσωσιν
3634 4125 3783 4195 ἔχει,

2187 4213 2325 4266 ἀλλὰ
2369 4215 2507 4282 πρὸς
2556 4219 2646 4268 τὸν
2684 4215 2906 4284 Πατέρα
2959 4213 3058 4286 τὴν
3117 4214 3391 4285 ίδιότητα;
3432 4216 3594 4270 Ὅθεν
3657 4218 3790 4272 οὐδὲ

2189 4305 2374 4358 πολλοὶ
2413 4305 2598 4371 Λόγοι,
2648 4307 2784 4362 ἀλλὰ
2815 4307 2978 4376 μόνος
3021 4302 3102 4370 εἷς
3136 4305 3231 4360 τοῦ
3265 4307 3385 4370 ὲνδς
3417 4309 3635 4378 [ἰατρὸς
3675 4309 3792 4364 Λό-

2187 4411 2303 4464 γος,
2338 4397 2432 4450 καὶ
2462 4397 2558 4466 μία
2589 4397 2682 4450 τοῦ
2715 4397 2848 4450 Θεοῦ
2889 4396 3051 4450 εἰκών
3077 4399 3245 4451 ἐστιν.
3293 4396 3436 4452 Ἀλλ’
3463 4397 3595 4464 ίδοὺ,
3623 4403 3789 4473 φησὶ,

2191 4493 2286 4544 καὶ
2308 4491 2335 4542 ό
2369 4490 2519 4560 ἥλιος
2556 4489 2715 4559 μόνος
2753 4485 2854 4554 εἷς,
2882 4490 3038 4561 καὶὴ
3075 4489 3147 4560 γῆ
3180 4490 3298 4551 μία.
3325 4491 3435 4544 Καὶ
3459 4492 3508 4544 οἱ
3543 4493 3790 4562 ἄφρονες

2193 4584 2526 4644 εἰπάτωσαν,
2555 4581 2638 4634 ὅτι
2668 4582 2762 4634 καὶ
2797 4581 2941 4652 ὕδωρ
2975 4583 3055 4646 ἓν,
3093 4584 3186 4635 καὶ
3219 4582 3332 4654 πῦρ
3381 4583 3460 4649 ἓν,
3498 4583 3586 4637 ἵνα
3617 4585 3794 4639 ἁκού-

2195 4692 2362 4728 σωσιν
2384 4676 2464 4727 ὅτι
2494 4673 2603 4726 τῶν
2639 4677 2948 4744 γενομένων
2982 4675 3217 4730 ἕκαστον
3265 4675 3324 4729 ἓν
3367 4676 3466 4746 μέν
3495 4678 3611 4730 ἐστι
3642 4679 3793 4732 κατὰ

2190 4769 2288 4838 τὴν
2321 4767 2458 4818 ἰδίαν
2495 4765 2684 4835 οὐσίαν
2706 4805 2720 4829 ,
2762 4767 2898 4834 πρὸς
2935 4766 2992 4819 δὲ
3049 4766 3147 4837 τὴν
3177 4768 3630 4840 ὲγχειριζομένην
3659 4770 3786 4823 δια-

2189 4862 2376 4916 κονίαν
2425 4861 2521 4915 καὶ
2547 4861 2891 4930 λειτουργίαν
2925 4861 3026 4914 οὐκ
3081 4861 3227 4915 ἐστιν
3257 4863 3444 4917 ἱκανὸν
3477 4865 3570 4917 καὶ
3621 4865 3790 4934 μόνον

2191 4957 2503 5025 αὐτάρκως,
2539 4953 2654 5010 ἀλλ’
2679 4956 2914 5008 ἕκαστον
2964 4956 3074 5008 τῶν
3102 4957 3433 5026 γενομένων,
3470 4955 3665 5027 ῶσπερ
3691 4958 3789 5014 ἀλ-

2189 5046 2392 5117 λήλων,
2418 5043 2550 5098 ὄντα
2595 5045 2730 5116 μέλη
2787 5046 2867 5110 ἓν,
2922 5045 3176 5118 καθάπερ
3212 5046 3374 5115 σῶμα
3399 5086 3414 5110 ,
3455 5044 3547 5098 τδν
3575 5047 3787 5118 κόσμον

2191 5138 2569 5194 ἀποτελοῦσιν.
2603 5139 2665 5192 Εἰ
2690 5137 2869 5192 τοίνυν
2899 5138 3042 5192 οὕτω
3064 5139 3159 5192 καὶ
3183 5139 3276 5192 τὸν
3305 5139 3433 5193 Υίὸν
3464 5139 3789 5209 ὑπολαμϐά-

2193 5249 2375 5285 νουσιν
2405 5225 2566 5294 εῖναι,
2601 5229 2984 5302 βαλλέσθωσαν
3036 5233 3186 5301 παρὰ
3223 5233 3461 5294 πάντων,
3503 5235 3675 5304 μέρος
3711 5229 3788 5285 εί-

2193 5342 2280 5377 ναι
2317 5321 2628 5392 νομίζοντες
2679 5321 2786 5375 τῶν
2821 5325 3042 5377 πάντων
3094 5325 3185 5377 τὸν
3233 5324 3428 5393 Λόγον,
3483 5327 3573 5378 καὶ
3615 5326 3786 5396 μέρος

2193 5415 2287 5487 οὔχ
2319 5417 2504 5469 ἱκανὸν
2531 5415 2661 5470 ἄνευ
2697 5417 2807 5469 τῶν
2833 5417 3011 5471 ἄλλων
3037 5417 3175 5487 πρὸς
3208 5416 3306 5486 τὴν
3342 5416 3788 5486 ἐγχειρισϐεῖσαν

2195 5504 2343 5575 αὐτῷ
2377 5506 2745 5576 λειτουργίαν.
2780 5507 2841 5560 Εἰ
2877 5505 2932 5558 δὲ
2983 5505 3141 5560 τοῦτο
3173 5507 3236 5559 ἐκ
3265 5506 3498 5576 φανεροῦ
3523 5505 3790 5568 δυσσεόἑς

2196 5599 2361 5664 ἐστιν,
2422 5597 2838 5666 ἐπιγνώτωσαν,
2892 5599 2972 5652 ὅτι
3025 5600 3100 5671 μὴ
3146 5597 3254 5651 τῶν
3305 5599 3547 5668 γενητῶν
3579 5601 3788 5652 ὲστινδ

2203 5690 2390 5759 Λόγος,
2428 5687 2535 5744 τῶν
2568 5689 2624 5742 δὲ
2660 5691 2908 5761 γενητῶν
2955 5691 3311 5762 δημιουργός.
3373 5689 3520 5743 Ἀλλ’
3553 5691 3789 5760 εἰρήκει

2198 5799 2308 5850 σιν,
2340 5784 2420 5836 ὅτι
2458 5781 2666 5852 κτίσμα
2697 5783 2836 5849 ἐστὶ,
2867 5783 3095 5837 καὶτῶν
3125 5783 3397 5854 γενητῶν,
3431 5781 3505 5848 ὡς
3536 5781 3593 5836 δὲ
3630 5784 3789 5854 παρὰ

2196 5875 2524 5930 διδασκάλου
2577 5876 2670 5930 καὶ
2707 5876 2953 5946 τεχνίτου
2993 5876 3282 5948 μεμάθηκε
3315 5877 3373 5930 τὸ
3405 5876 3804 5946 δημιουργεῖν,
