4120 6292
384 380 498 451 381
1374 395 1748 460 PANOPLIA
1792 398 2250 464 DOGMATICA.
2291 427 2361 442 --
2402 406 2552 468 TlT.
2590 407 2696 468 Xl.
3536 414 3645 477 38;?

381 503 484 555 καὶ
512 499 689 563 οὕτως
720 501 1037 573 ὑπηρέτησε
1071 503 1150 573 τῷ
1202 503 1478 568 διδάξαντι
1517 507 1594 578 τῷ
1621 509 1764 580 θεῷ.
1787 509 1941 568 Ταῦτ]

2042 555 2047 568 .
2085 523 2396 572 creatorem
2422 533 2542 574 esse
2573 519 2778 584 dicant,
2813 527 2872 574 ut
2899 520 3073 590 possit
3101 523 3266 577 etiam
3307 531 3480 580 artem
3507 526 3644 580 obli-

377 591 498 660 γὰρ
526 594 624 646 καὶ
658 592 937 663 Ἀστέριος
963 595 992 645 ὸ
1027 598 1306 667 σοφιστὴς.
1339 597 1415 660 ὡς
1454 599 1642 667 μαθὼν
1677 602 1938 670 ἀρνεῖσθο.

2071 606 2222 663 visci.
2253 606 2520 664 Praeterea
2558 608 2602 665 si
2633 611 2900 680 sapientia
2953 610 3043 666 Dei
3080 613 3343 668 discendo
3395 626 3642 672 assecuta

375 683 478 736 τὸν
505 683 734 753 Κύριον,
766 684 974 756 γράψαι
1002 689 1357 757 τετόλμηκεν,
1396 691 1462 744 οὐ
1496 692 1732 761 συνορῶν
1759 693 1858 760 τὴν
1899 694 1941 746 ἐς

2067 707 2169 763 est,
2209 708 2265 754 ut
2297 711 2629 768 procrearet,
2655 702 2932 771 quomodo
2961 703 3229 773 sapientia
3259 714 3364 770 est,
3397 721 3520 762 cum
3557 708 3642 760 in-

375 775 595 828 τούτων
626 775 871 841 ἀλογίαν.
918 777 985 830 Et
1009 779 1120 848 γὰρ
1157 780 1404 834 διδακτόν
1452 783 1567 834 ἐστι
1593 782 1656 834 τὸ
1699 783 1964 854 δημιουρ-

373 870 524 935 τείν,
558 869 958 931 σκοπείτωσαν,
1011 872 1086 943 μὴ
1115 871 1209 925 καὶ
1237 873 1399 927 αὐτὸν
1429 874 1520 927 τον
1550 874 1684 928 Θεὸν
1724 875 1817 936 καὶ
1851 878 1962 932 [Ια-

375 963 518 1030 τὲρα
553 963 753 1016 εἴπωσι
803 965 877 1031 μὴ
911 965 1092 1032 φύσει,
1141 965 1258 1019 ἀλλ’
1283 968 1564 1039 ἐπιστήμῃ
1621 968 1960 1039 δημιουργὸν

381 1048 544 1117 εἶναι,
597 1053 742 1107 ὥστε
775 1057 869 1109 καὶ
924 1057 1153 1112 δυνατὸν
1205 1058 1570 1128 μεταπίπτειν
1619 1061 1716 1114 ἀπ’
1767 1061 1956 1116 αὐτοῦ.

384 1145 642 1206 Ἔπειτα,
678 1147 726 1198 εί
761 1148 794 1216 ἡ
821 1149 983 1215 σοφία
1014 1149 1107 1202 τοῦ
1140 1149 1278 1204 Θεοῦ
1325 1154 1388 1204 ὲκ
1416 1151 1764 1215 διδασκαλίας
1795 1154 1960 1222 ἐκτή-

377 1257 516 1293 σατο
544 1239 604 1291 τὸ
650 1239 1030 1310 δημιουργεῖν,
1062 1243 1182 1305 πῶς
1223 1243 1306 1297 ἔτι
1343 1245 1504 1312 σοφία
1557 1245 1678 1297 ἐστὶ
1723 1244 1956 1314 δεομένη

376 1329 756 1398 μαθημάτωνς
808 1333 874 1384 'l’i
921 1333 978 1386 δὲ
1012 1329 1081 1396 ἦν
1112 1335 1205 1388 καὶ
1235 1334 1342 1403 πρὸ
1373 1334 1467 1387 τοῦ
1501 1334 1734 1405 μαθεῖν;
1793 1335 1956 1403 σοφία

369 1419 490 1486 γὰρ
537 1416 739 1490 οὐηῆν
781 1421 1077 1493 λειπομένη
1123 1422 1492 1486 διδασκαλίας.
1551 1425 1724 1477 Κενδν
1767 1423 1874 1494 ἄρα
1903 1441 1953 1478 τι

368 1513 614 1579 πρᾶγμα
652 1507 740 1581 ἦν,
798 1515 892 1567 καὶ
923 1514 1028 1566 οὐκ
1059 1512 1208 1566 ἐστιν
1238 1513 1502 1583 οὐσιώδης
1535 1513 1718 1584 σοφία,
1748 1515 1864 1567 ἀλλ’
1890 1516 1955 1570 ὲκ

368 1602 664 1669 προκοπῆς
690 1604 816 1670 ἔσχε
840 1603 899 1654 τὸ
929 1602 1098 1672 ὄνομα
1130 1603 1228 1672 τῆς
1265 1603 1475 1671 σοφίας.
1513 1604 1741 1670 Καὶςὲπὶ
1768 1605 1955 1658 τοσοῦ-

367 1708 465 1744 τον
494 1693 649 1746 ἔσται
687 1695 867 1760 σοφία,
921 1694 1028 1756 ἓως
1058 1693 1146 1756 ἂν,
1185 1695 1214 1746 ὃ
1240 1695 1556 1765 μεμάθηκε,
1588 1696 1849 1768 φυλάττῃ.
1887 1698 1952 1750 Ὃ

368 1786 485 1853 γὰρ
521 1786 594 1854 μὴ
650 1785 812 1850 φύσει
849 1787 972 1848 τινὶ,
1005 1786 1123 1844 ἀλλ’
1160 1788 1228 1838 ἐκ
1262 1785 1553 1856 μαθήσεως
1594 1788 1948 1856 προσγέγονε,

363 1877 598 1931 δυνατὸν
626 1878 717 1930 καὶ
741 1877 1047 1944 ἀπομαθεῖν
1079 1891 1231 1936 ποτε.
1269 1877 1507 1932 Τοιαῦτα
1527 1878 1583 1931 δὲ
1611 1877 1790 1946 λέγειν
1819 1878 1948 1948 περὶ

364 1970 466 2023 τοῦ
492 1971 668 2037 Λόγου
699 1969 793 2023 τοῦ
847 1969 981 2024 Θεοῦ
1012 1971 1074 2024 οὐ
1121 1972 1484 2041 Χριστιανῶν,
1517 1973 1633 2024 ἀλλ’
1679 1973 1948 2043 Ἐλλήνων

364 2061 513 2116 ἔστί.
542 2064 651 2115 Καὶ
681 2063 792 2131 γὰρ
809 2063 860 2114 εί
883 2063 946 2116 ὲκ
978 2063 1332 2127 διδασκαλίας
1361 2066 1422 2116 τὸ
1455 2065 1812 2136 δημιουργεῖν
1839 2083 1947 2118 τινι

365 2155 748 2224 προσγίνεται,
805 2152 999 2220 φθόνον
1050 2156 1142 2207 καὶ
1175 2155 1465 2209 ἀσθένειαν
1517 2157 1646 2225 περὶ
1674 2159 1786 2212 τὸν.
1814 2157 1948 2210 Θεὸν

367 2248 690 2314 εἰσάγουσιν
716 2245 766 2298 οἱ
809 2246 1062 2314 ἄφρονες
1090 2245 1283 2314 φθόνον
1335 2247 1456 2315 μὲν,
1487 2248 1570 2300 ὅτι
1603 2249 1679 2318 μὴ
1719 2249 1949 2312 πολλοὺς

367 2339 723 2407 δημιουργεῖν
773 2338 1032 2402 ἐδίδαξεν,
1088 2337 1156 2390 ἶν’
1217 2338 1407 2408 ὥσπερ
1461 2340 1652 2393 πολλοὶ
1700 2340 1948 2407 ἄγγελοι,

369 2428 524 2480 οὕτω
557 2428 648 2480 καὶ
675 2427 861 2480 πολλοὶ
893 2429 1219 2495 δημιουργοὶ
1249 2427 1418 2482 αὑτοῦ
1465 2421 1598 2481 ὦσιν
1620 2444 1632 2457 ·
1658 2430 1947 2482 ἀσθένειαν

362 2521 447 2587 δὲ.
487 2519 570 2572 ὅτι
603 2519 674 2589 μή
709 2521 868 2588 μόνος
894 2519 1132 2588 ἠδυνήθη
1189 2521 1433 2589 ποιῆσαι,
1497 2518 1762 2587 συνεργοῦ
1799 2519 1875 2582 δὲ,
1911 2519 1942 2588 ἢ

359 2612 652 2682 ὁπουργοῦ
699 2611 889 2682 χρείαν
924 2611 1074 2680 ἔσχε,
1113 2612 1295 2664 καίτοι
1351 2612 1660 2682 δειχθείσης
1705 2612 1793 2668 καὶ
1844 2611 1945 2678 τῆς

353 2704 604 2773 γενητῆς
636 2703 871 2769 φύσεως,
905 2703 1138 2772 δυνατῆς
1188 2702 1353 2772 οὔσης
1384 2703 1630 2770 γίνεσθαι
1663 2704 1814 2773 παρὰ
1847 2702 1944 2772 p.6-

357 2815 458 2849 νου
479 2796 579 2849 τοῦ
619 2796 780 2855 Θεοῦ,
810 2797 865 2849 ετ
891 2815 955 2865 γε
991 2798 1112 2850 κατ’
1137 2798 1336 2858 αὐτοὺς
1375 2800 1405 2850 ὁ
1449 2797 1572 2862 Υἱὸς
1616 2800 1840 2868 γενητὸς
1869 2797 1943 2851 ὣν

359 2887 606 2958 ὴίυνήθη
659 2889 810 2957 παρὰ
858 2889 1022 2957 μόνου
1062 2889 1158 2942 τοῦ
1189 2889 1328 2942 Θεοῦ
1361 2889 1636 2958 γενέσθαι.
1670 2889 1811 2946 Ἀλλ’
1853 2892 1942 2943 ou-

357 2982 510 3045 δενός
533 2981 718 3034 ὲστινδ
743 2981 875 3040 Θεὸς
898 2981 1104 3049 ἐνδεὴς,
1131 2981 1205 3051 μὴ
1228 2983 1459 3049 γένοιτο.
1483 2983 1651 3045 Αὐτὸς
1675 2984 1782 3051 γὰρ
1796 2979 1940 3048 εἷπε,

353 3076 611 3142 Πλὴρης
625 3075 763 3142 εἰμί.
783 3075 920 3128 Οὐδὲ
941 3075 1002 3126 ἐκ
1027 3074 1376 3137 διδασκαλίας
1397 3076 1588 3142 γέγονε
1609 3075 1940 3144 δημιουργὸς

2069 789 2252 860 digeat
2280 791 2565 861 disciplina
2597 792 2619 846 ?
2648 792 2788 858 Quid
2823 809 2986 862 porro
3025 802 3141 847 erat
3172 806 3299 850 ante
3329 813 3490 863 quam
3526 799 3640 852 dis-

2062 879 2257 933 ceret?
2291 880 2567 949 Sapientia
2603 882 2747 936 enim
2777 881 2882 936 dici
2917 896 3029 935 non
3052 891 3285 951 poterat,
3316 899 3440 937 cum
3469 885 3642 940 scien-

2063 971 2144 1026 tia
2171 975 2447 1043 etperitia
2482 983 2724 1030 vacaret.
2759 974 2944 1030 Inanis
2977 991 3105 1047 ergo
3138 991 3224 1030 res
3248 985 3387 1040 erat,
3413 994 3516 1033 nec
3552 995 3641 1033 ve—

2060 1078 2123 1118 re
2158 1066 2450 1134 sapientia,
2483 1069 2578 1122 sed
2625 1083 2916 1138 progressu
2964 1068 3081 1136 ipso
3111 1068 3396 1138 sapientiae
3427 1083 3634 1124 nomen

2060 1157 2363 1215 obtinebat.
2421 1160 2494 1214 Et
2537 1159 2725 1214 tandiu
2777 1159 2882 1214 erit
2917 1160 3208 1230 sapientia,
3261 1161 3502 1229 quandiu
3557 1161 3632 1227 id,

2059 1249 2207 1317 quod
2237 1249 2449 1310 didit-it,
2486 1251 2853 1304 conservabit.
2903 1250 3056 1316 Quod
3102 1252 3249 1306 enim
3291 1267 3398 1306 non
3440 1260 3636 1307 natura

2060 1338 2283 1393 insitum
2306 1349 2408 1399 est.
2444 1340 2538 1394 sed
2568 1341 2814 1396 doctrina
2847 1351 3084 1410 partum,
3106 1341 3316 1398 dedisci
3344 1343 3636 1411 aliquando

2057 1439 2261 1500 potest.
2300 1431 2424 1486 Haec
2445 1442 2630 1486 autem
2663 1433 2731 1486 de
2773 1433 2865 1488 Dei
2898 1433 3074 1488 Verbo
3129 1433 3336 1495 dicere,
3370 1449 3478 1486 non
3511 1449 3636 1496 pro-

2055 1522 2200 1577 fecto
2235 1522 2697 1589 Christianorum,
2729 1525 2824 1579 sed
2871 1525 3154 1594 gentilium
3185 1535 3289 1578 est.
3341 1523 3554 1578 Etenim
3587 1525 3633 1579 si

2053 1611 2289 1670 facultas
2311 1615 2530 1670 creandi
2556 1615 2802 1668 doctrina
2823 1615 3126 1684 comparari
3150 1625 3336 1684 queat,
3365 1615 3630 1670 invidiam

2052 1702 2141 1757 vel
2199 1703 2368 1758 etiam
2427 1704 2854 1760 imbecillitatem
2909 1705 3073 1759 stulte
3117 1705 3172 1758 in
3236 1706 3404 1759 Deum
3465 1705 3624 1760 indu-

2053 1802 2223 1854 cunt:
2265 1793 2526 1847 invidiam
2567 1794 2809 1862 quidem,
2842 1794 2966 1864 quia
3010 1809 3117 1850 non
3145 1795 3346 1848 multos
3384 1795 3635 1850 docuerit

2053 1885 2272 1940 creandi
2305 1893 2504 1948 artem,
2534 1893 2595 1940 ut
2624 1885 3083 1952 quemadmodum
3115 1884 3270 1939 mulli
3306 1884 3448 1939 circa
3481 1886 3629 1939 illum

2050 1985 2180 2030 sunt
2232 1976 2542 2046 archangeli
2598 1986 2652 2032 et
2713 1977 2913 2046 angeli,
2983 1976 3057 2030 ita
3127 1985 3182 2031 et
3225 1977 3378 2031 multi
3443 1987 3632 2030 essent

2049 2074 2328 2120 creatures
2361 2083 2376 2118 :
2413 2065 2840 2120 imbecillitatem
2875 2081 3024 2126 vero.
3059 2067 3184 2136 quia
3214 2083 3318 2120 non
3352 2067 3499 2120 solus
3540 2082 3630 2118 res

2051 2157 2287 2224 potuerit
2316 2156 2515 2219 facere,
2569 2157 2665 2212 sed
2699 2159 2950 2223 adjutore
3009 2166 3066 2212 et
3105 2157 3428 2213 administro
3490 2174 3627 2224 opus

2048 2243 2299 2299 habuerit
2341 2262 2357 2298 :
2413 2261 2722 2315 quanquam
2752 2244 2950 2300 factam
3001 2255 3254 2300 naturam
3303 2263 3328 2298 a
3375 2247 3490 2300 solo
3521 2247 3628 2300 Deo

2049 2337 2164 2390 ﬁeri
2195 2352 2359 2406 posse
2393 2347 2676 2392 ostensum
2699 2337 2809 2406 jam
2837 2346 2940 2402 est,
2973 2337 3416 2406 quandoquidem
3458 2336 3628 2391 Filius

2047 2428 2163 2499 qui,
2200 2437 2259 2482 ut
2291 2437 2509 2496 putant,
2547 2438 2630 2482 est
2664 2427 2866 2491 factus,
2909 2443 2936 2482 a
2986 2426 3098 2482 Deo
3122 2429 3240 2482 solo
3279 2428 3455 2496 potuit
3487 2427 3623 2481 fieri.

2046 2519 2246 2576 Verum
2277 2521 2424 2574 nulla
2455 2536 2510 2574 re
2530 2529 2676 2574 certe
2707 2537 2846 2588 opus
2879 2521 3044 2573 habet
3076 2521 3217 2576 Deus
3253 2538 3264 2572 :
3303 2521 3463 2574 absit.
3499 2520 3622 2588 Ipse

2044 2611 2190 2666 enim
2243 2610 2418 2668 dixit:
2461 2609 2654 2664 Plenus
2682 2625 2799 2664 sum
2823 2610 2888 2663 ⁸³.
2923 2609 3034 2664 Nec
3069 2611 3193 2665 item
3243 2609 3478 2663 Verbum
3514 2610 3626 2663 dis-

2042 2702 2216 2756 cendo
2263 2700 2440 2754 factus
2487 2709 2572 2753 est
2614 2709 2879 2756 creator:
2936 2701 3031 2755 sed
3075 2715 3197 2754 cum
3245 2701 3314 2754 sit
3349 2701 3526 2770 imago
3570 2709 3626 2754 et

2043 2793 2308 2862 sapientia
2351 2791 2548 2854 Patris,
2599 2806 2661 2845 ea
2711 2807 2832 2860 quae
2869 2801 2998 2845 sunt
3046 2791 3222 2845 Patris
3263 2791 3448 2845 ellieit.
3510 2790 3622 2846 Nec

2043 2885 2205 2938 etiam
2233 2883 2427 2938 Filium
2452 2883 2679 2946 ereavit,
2707 2899 2890 2937 rerum
2911 2869 3174 2941 factarum
3202 2882 3614 2938 etﬁeiendarum

2041 2990 2204 3032 causa
2223 2993 2235 3028 :
2255 2991 2489 3046 namque
2507 2975 2753 3044 quamvis
2777 2977 3004 3028 exsistat
3022 2974 3215 3038 Filius,
3237 2973 3400 3028 Pater
3424 2975 3621 3026 nihiln-

2042 3067 2221 3120 minus
2245 3067 2376 3136 agit,
2399 3076 2458 3120 ut
2487 3067 2600 3134 ipse
2635 3067 2892 3120 Dominus
2913 3066 2996 3120 his
3025 3065 3204 3120 verbis
3236 3067 3428 3119 docet:
3459 3065 3622 3120 Palcr

353 3173 387 3223 ὸ
412 3169 609 3236 Λόγος,
639 3168 755 3220 ἀλλ’
783 3167 950 3221 είκὼν
973 3167 1064 3221 καὶ
1101 3167 1264 3234 σοφία
1291 3167 1366 3220 ὣν
1394 3167 1492 3222 τοῦ
1522 3169 1728 3237 [ἰατρὸς
1754 3171 1822 3222 τὰ
1844 3167 1934 3222 τοῦ
1965 3177 2009 3236 c,
2042 3173 2186 3210 τηευε
2216 3173 2376 3226 usque
2415 3158 2566 3210 ’ποάο
2595 3165 2869 3224 operam":
2936 3165 2984 3209 ει
3031 3173 3120 3224 ειῖο
3165 3157 3404 3222 01³⁸⁷⁵0⁷³⁸·
3464 3155 3620 3220 Qlle

351 3261 578 3331 ιιιτρδς
618 3258 933 3328 ἐργάζεται.
983 3259 1120 3312 Οὐδὲ
1167 3259 1266 3326 τῆς
1299 3257 1408 3312 τῶν
1450 3259 1708 3332 ,γενητῶν
1754 3259 1940 3313 ἕνεκεν

351 3355 414 3420 ὲ(
429 3351 626 3418 γασίας
655 3350 747 3402 τδν
775 3351 902 3403 Υἰδν
925 3350 1248 3416 πεποίηκεν.
1295 3351 1427 3426 Ἰδοὺ
1451 3351 1560 3421 γὰρ
1583 3349 1782 3404 καὶτοῦ
1811 3352 1938 3404 Υὶοῦ

352 3445 538 3508 ὄντος,
585 3441 752 3496 πάλιν
769 3440 1146 3512 ἐργαζόμενος
1175 3445 1326 3496 ἐστιν
1348 3443 1376 3494 ό
1408 3441 1619 3511 Πατὴρ,
1653 3441 1729 3506 ὼς
1777 3442 1938 3504 αὐτὸς

351 3539 384 3588 δ
421 3532 624 3604 Κύριός
645 3551 812 3602 φησιν
835 3554 848 3566 ο
878 3533 939 3586 '0
957 3534 1158 3600 Πατήρ
1179 3552 1297 3602 μου
1323 3534 1436 3600 ἕως
1467 3535 1596 3600 ἄρτι
1611 3533 1935 3602 ἐργάζεται,

351 3627 524 3697 κάγὼ
552 3626 883 3696 ἐργάζομαι.
911 3629 973 3682 Ei
1004 3629 1060 3681 δὲ
1086 3628 1210 3684 καθ’
1235 3627 1380 3696 ὑμᾶς
1413 3629 1499 3682 διὰ
1527 3628 1688 3682 τοῦτο
1710 3633 1938 3696 γέγονεν

350 3727 384 3776 ὁ
411 3722 564 3786 Υἱὸς,
599 3721 780 3774 ἳνα·τᾶ
820 3719 937 3788 μετ’
958 3721 1124 3774 αὐτὸν
1152 3721 1479 3790 ἐργάσηται,
1523 3721 1782 3788 φαίνεται
1811 3721 1870 3774 δὲ
1907 3723 1936 3774 ὁ

352 3815 554 3886 Πατὴρ
582 3815 674 3868 καὶ
704 3811 844 3882 μετὰ
870 3815 965 3865 τὸν
998 3813 1123 3866 Υίὸν
1143 3811 1534 3882 ἐργαζόμενος,
1563 3813 1794 3883 περιττὴ
1811 3812 1936 3866 καθ’

351 3909 509 3976 ὑμᾶς
541 3909 682 3958 κατὰ
708 3905 870 3958 τοῦτο
895 3907 932 3976 ἡ
961 3905 1052 3957 τοῦ
1079 3905 1328 3958 τοιούτου
1368 3903 1498 3958 Υἰοῦ
1529 3905 1770 3974 ποίησις.
1806 3904 1935 3956 Ἀλ-

349 3997 468 4059 λως
495 4012 554 4048 τε
587 3995 731 4048 διατί
769 3994 906 4056 δλως
937 3995 1110 4048 θέλων
1151 3994 1340 4048 κτίσαι
1371 3992 1529 4063 ζητεῖ
1551 3994 1646 4048 τδν
1680 3999 1930 4064 μεσίτην.

348 4089 433 4150 ὡς
457 4087 559 4140 οὐκ
597 4085 896 4155 ἀρκοῦντος
927 4085 1024 4138 τοῦ
1070 4085 1419 4156 βουλήματος
1457 4085 1622 4139 αὐτοῦ
1659 4086 1934 4157 συστῆσαι

350 4179 490 4247 περὶ
512 4171 586 4230 ὧν
611 4178 678 4229 ἂν
707 4176 858 4245 αὐτῷ
883 4177 1066 4243 δοκεῖς
1095 4178 1206 4231 Καὶ
1241 4176 1341 4246 μὲν
1361 4177 1418 4230 αἱ
1442 4177 1659 4247 Γραφαὶ
1687 4178 1929 4248 λέγουσι,

349 4267 564 4323 Πάντα
612 4268 733 4321 ὅσα
764 4267 1072 4335 ἠθέλησεν
1093 4268 1374 4334 ἐποίησε,
1410 4271 1526 4333 καὶ,
1576 4267 1660 4335 Τῷ
1691 4270 1932 4340 ,ϐουλή-

341 4379 497 4432 ματι
521 4360 709 4415 αὐτοῦ
737 4363 829 4424 τίς
846 4360 1258 4427 ἀνθέστηκεν;
1288 4361 1350 4412 Et
1382 4360 1438 4414 δὲ
1456 4362 1550 4414 καὶ
1588 4362 1649 4415 τὸ
1684 4361 1931 4431 βούλημα

354 4455 524 4522 μόνον
553 4453 740 4505 ἱκανόν
767 4453 920 4504 ἐστιν
949 4451 1118 4504 αὑτοῦ
1149 4452 1286 4521 πρὸς
1308 4451 1408 4522 τὴν
1439 4453 1549 4506 τῶν
1583 4454 1802 4506 πάντων
1832 4455 1930 4521 δη-

2045 3247 2112 3312 si,
2144 3257 2202 3300 ut
2246 3248 2470 3318 putatis,
2525 3247 2731 3302 idcirco
2762 3248 2935 3302 Filius
2967 3248 3139 3302 factus
3171 3258 3273 3312 est,
3319 3258 3376 3300 ιιι
3405 3263 3466 3302 ea
3499 3262 3620 3316 quae

2044 3348 2167 3407 post
2227 3340 2376 3394 illum
2431 3342 2721 3402 exsistunt,
2772 3341 3135 3405 produceret,
3176 3350 3229 3394 et
3283 3341 3400 3410 ipse
3437 3351 3618 3394 tamen

2042 3429 2200 3486 Pater
2249 3441 2371 3502 post
2406 3431 2614 3486 editum
2668 3431 2860 3487 Filium
2902 3444 3160 3502 operatur
3219 3452 3233 3487 :
3277 3447 3617 3504 supervacua

2041 3540 2170 3590 sane
2221 3534 2306 3582 est
2337 3526 2649 3593 ltujusmodi
2707 3525 2830 3580 Filii
2883 3527 3211 3595 procreatio.
3289 3529 3612 3595 Quanquam

2039 3629 2164 3669 cum
2212 3617 2370 3670 vellet
2412 3632 2501 3671 res
2553 3632 2865 3685 procreare,
2921 3633 3019 3671 cur
3071 3618 3235 3671 medii
3291 3618 3616 3685 cujusquam
3666 3669 3683 3694 .

2039 3721 2262 3776 operam
2298 3708 2616 3776 exquisivit,
2649 3723 2772 3761 cum
2809 3710 2928 3777 ejus
2963 3709 3237 3773 voluntas,
3277 3710 3341 3762 ad
3371 3724 3454 3770 ea,
3495 3724 3618 3778 quae.

2039 3797 2112 3850 illi
2143 3797 2376 3864 placent,
2410 3798 2743 3854 conﬁcienda
2767 3799 2896 3852 satis
2925 3798 3040 3854 sit?
3080 3797 3167 3851 Sic
3193 3799 3339 3850 enim
3371 3797 3619 3866 Scriptu-

2040 3902 2113 3941 rae
2146 3895 2416 3942 testantur
2447 3886 2530 3940 his
2569 3888 2748 3947 verbis
2782 3904 2795 3940 :
2833 3886 3046 3954 Omnia,
3073 3905 3394 3956 quacunque
3427 3887 3612 3952 voluit,

2035 3979 2237 4048 fecit‘.
2290 3988 2367 4043 ct,
2441 3977 2708 4032 Voluntati
2761 3979 2873 4045 ejus
2920 3981 3032 4046 quis
3074 3979 3314 4034 restitit?
3362 3977 3519 4044 Quod
3567 3977 3616 4035 si.

2036 4069 2285 4128 voluntas
2324 4070 2443 4138 ejus
2480 4071 2614 4124 satis
2643 4079 2728 4123 est
2755 4071 2820 4123 ad
2855 4086 3037 4124 rerum
3071 4070 3316 4122 omnium
3360 4085 3617 4138 procrea-

2038 4160 2269 4221 tionem,
2303 4175 2367 4212 ex
2396 4158 2670 4213 sententia
2708 4158 2953 4228 ipsorum
2987 4160 3212 4212 alterius
3245 4175 3408 4226 opera
3443 4157 3608 4212 medii

2033 4265 2433 4320 supervacanea
2455 4259 2553 4304 est.
2571 4249 2701 4304 Nam
2726 4249 2906 4314 Musis,
2924 4260 2974 4304 et
2993 4250 3142 4314 solis,
3173 4262 3230 4303 et
3259 4252 3400 4304 [unm
3425 4265 3614 4304 exem-

2033 4343 2205 4412 plum,
2243 4342 2387 4410 quod
2445 4341 2707 4404 afferunt,
2761 4341 2960 4395 nullius
2989 4357 3107 4395 esse
3136 4341 3396 4395 momenti
3430 4341 3616 4396 decla-

2035 4445 2210 4488 ratum
2237 4442 2340 4487 est.
2375 4432 2515 4497 1am,
2548 4443 2605 4486 ut
2641 4432 2742 4487 ltoc
2765 4433 2928 4488 etiam
2960 4445 3284 4504 argumento
3316 4434 3610 4487 confuten-

350 4518 655 4614 μουργίαν,
688 4544 922 4616 περιττὴ
957 4544 1122 4598 πάλιν
1155 4518 1278 4596 καθ’
1310 4518 1458 4613 ὑμᾶς
1491 4545 1525 4615 ἡ
1559 4544 1656 4597 τοῦ
1703 4518 1928 4614 μεσίτου

2042 4535 2144 4588 tur,
2178 4525 2223 4578 si
2246 4523 2388 4578 Deus
2421 4524 2608 4578 volens
2636 4540 2816 4578 rerum
2851 4525 3261 4578 universitatem
3301 4537 3607 4594 procreare,

347 4637 538 4708 χρεία.
573 4636 687 4689 Καὶ
717 4635 830 4705 γὰρ
887 4636 988 4688 καὶ
1025 4635 1084 4687 τὸ
1125 4637 1482 4706 παράδειγμα
1544 4637 1605 4688 τὸ
1653 4637 1788 4706 περὶ
1835 4635 1928 4690 τοῦ

346 4728 659 4792 Μωῦσέως,
696 4727 910 4780 καὶτοῦ
946 4727 1122 4798 ἡλίου,
1195 4729 1292 4780 καὶ
1329 4727 1431 4798 τῆς
1493 4729 1726 4797 σελήνης
1774 4729 1930 4799 ὑμῶν

345 4817 623 4872 δέδεικται
655 4818 876 4888 σαθρόν.
907 4821 1143 4873 Κάκεϊνο
1170 4820 1334 4873 πάλιν
1383 4819 1531 4889 ὑμᾶς
1562 4821 1828 4891 ἐντρίψει.
1865 4822 1930 4876 Ei

348 4909 531 4962 θέλων
560 4912 588 4962 ὁ
613 4909 747 4973 Θεὸς
777 4910 877 4979 τὴν
909 4911 1145 4981 γενητὴν
1185 4910 1371 4970 κτίσαι
1428 4910 1614 4978 φύσιν,
1665 4914 1763 4966 καὶ
1799 4913 1930 4981 περὶ
1973 4939 1986 4950 ~

346 5000 563 5071 ταύτης
588 5000 1026 5070 βουλευσάμενος
1052 5006 1296 5071 ἐπινοεῖ,
1337 5008 1434 5060 καὶ
1461 5009 1638 5072 κτίζει
1668 5011 1762 5063 τὸν
1803 5011 1932 5064 Υίδν

349 5089 485 5144 καθ’
512 5090 678 5158 ὑμᾶς,
706 5093 796 5146 ἵνα
850 5093 919 5145 δι’
943 5095 1110 5148 αὐτοῦ
1161 5095 1308 5165 ἡμᾶς
1345 5097 1735 5173 δημιουργήσῃ
1755 5118 1768 5132 ο
1804 5119 1931 5154 σκο-

345 5185 514 5235 πεῐτε
541 5213 544 5216 ~
575 5185 754 5256 πόσην
802 5185 1068 5239 ἀσέϐειαν
1128 5187 1466 5256 φθέγγεσθαι
1521 5194 1918 5263 τετολμήαατε.

345 5273 584 5346 Πρῶτον
599 5273 748 5346 μὲν,
786 5277 867 5330 δτι
904 5278 1152 5346 φαίνεται
1197 5278 1403 5349 μᾶλλον
1441 5280 1604 5345 αὐτὸς
1638 5283 1665 5335 ὁ
1690 5284 1818 5348 Υἱὸς
1855 5285 1925 5338 δι’

346 5367 504 5438 ἡμᾶς
530 5365 790 5437 γεγονὼς,
823 5370 921 5424 καὶ
957 5370 1056 5440 οὐχ
1099 5372 1262 5442 ἡμεῖς
1312 5371 1378 5424 δι’
1406 5373 1591 5426 αὐτόν.
1619 5372 1694 5428 Οὐ
1725 5375 1831 5444 γὰρ
1859 5375 1926 5428 δι’

343 5457 517 5510 αὑτὸν
541 5457 894 5528 ἐποτίσθημεν,
959 5459 1076 5512 ἀλλ’
1137 5460 1300 5521 αὐτὸς
1331 5461 1400 5514 δι’
1434 5465 1582 5533 ἡμᾶς
1604 5467 1925 5534 πεποίηται,

345 5547 495 5600 ὥστε
519 5549 681 5617 χάριν
711 5537 872 5602 αὺτὸν
903 5551 1036 5619 ἡμῖν
1067 5552 1268 5618 μᾶλλον
1295 5553 1462 5622 ἔχειν.
1519 5554 1614 5607 καὶ
1664 5555 1739 5624 μὴ
1766 5557 1920 5626 ἡμᾶς

345 5640 527 5710 αὐτῷ,
565 5641 715 5693 ὥσπε
725 5658 756 5711 ρ
788 5643 882 5694 καὶ
912 5644 943 5713 ἡ
963 5644 1100 5712 γυνὴ
1119 5643 1197 5713 τῷ
1216 5645 1392 5714 ἀνδρί.
1413 5648 1496 5700 Οὐ
1521 5650 1630 5716 γὰρ
1651 5647 1926 5716 ἐκτίσθη,

423 5781 439 5811 ⁸
473 5779 629 5837 .loan.
670 5801 724 5849 ν,
757 5784 838 5836 l7.
917 5785 936 5815 '
970 5782 1111 5838 P51].
1139 5799 1288 5847 cx'u,
1320 5783 1374 5838 5.
1452 5784 1472 5815 ³
1499 5781 1518 5836 ι
1548 5782 1672 5837 Cur.
1707 5786 1781 5848 xi,
1821 5785 1902 5841 lt.

2035 4617 2211 4686 deque
2244 4632 2306 4671 ea
2358 4632 2418 4673 re
2453 4618 2742 4670 consulens
2793 4616 3058 4686 excogitat
3097 4625 3152 4668 et
3201 4622 3352 4667 creat
3387 4612 3606 4677 Filium,

2028 4717 2088 4762 ut
2137 4707 2239 4776 ipsi
2297 4706 2506 4770 dicunt,
2541 4705 2759 4759 videant
2817 4717 3074 4773 quantam
3128 4703 3459 4773 impietatem
3499 4720 3607 4757 au-

2027 4801 2192 4856 deant
2247 4798 2622 4868 pronuntiare.
2700 4797 2940 4850 Primum
3004 4795 3220 4850 videtur
3271 4797 3388 4864 ipse
3437 4795 3610 4856 Filius

2029 4901 2254 4962 propter
2303 4906 2402 4945 1105
2435 4890 2610 4944 factus
2656 4904 2798 4952 esse,
2853 4905 2959 4942 11011
3005 4901 3187 4942 autem
3236 4904 3336 4942 nos
3385 4900 3610 4960 propter

2032 4984 2206 5038 illum.
2240 4982 2359 5036 Non
2387 4982 2532 5036 enim
2562 4997 2663 5034 nos
2698 4989 2920 5048 propter
2959 4979 3136 5047 ipsum
3179 4980 3350 5033 creati
3381 4995 3594 5046 sumus,

2028 5075 2124 5129 sed
2160 5075 2274 5143 ipse
2307 5083 2526 5142 prepter
2563 5087 2660 5126 nos
2684 5071 2859 5125 factus
2886 5081 2990 5136 est,
3023 5081 3080 5125 ut
3105 5072 3263 5127 nobis
3298 5075 3476 5142 potius
3504 5074 3596 5128 ille

2028 5164 2259 5238 gratiam
2310 5163 2529 5226 debeat,
2560 5177 2722 5230 quam
2782 5177 2882 5215 nos
2932 5161 3028 5225 illi,
3063 5163 3518 5230 quemadmodum
3551 5171 3606 5217 et

2021 5255 2223 5320 mulier
2243 5254 2377 5309 viro.
2413 5253 2532 5308 Non
2556 5255 2716 5318 enim,
2747 5252 2938 5322 inquit.
2969 5253 3049 5310 uir
3076 5264 3289 5322 propter
3309 5253 3602 5319 mulierem,

2023 5347 2112 5401 sed
2155 5346 2346 5398 mulier
2385 5353 2594 5412 propter
2637 5346 2806 5398 virum
2837 5344 2882 5397 ⁸.
2964 5342 3144 5408 Quare
3193 5344 3338 5397 sicut
3382 5345 3462 5398 vir
3519 5350 3604 5396 est

2029 5438 2209 5508 imago
2263 5428 2527 5507 et'gloria
2559 5436 2674 5498 Dei,
2711 5435 2907 5488 mulier
2933 5443 3114 5488 autem
3143 5443 3226 5488 est
3272 5433 3445 5503 gloria
3472 5433 3600 5500 viri,

2027 5531 2098 5584 ita
2129 5547 2230 5585 nos
2286 5531 2465 5600 imago
2521 5527 2617 5584 Dei
2667 5537 2721 5582 et
2776 5526 2943 5595 gloria
2996 5525 3166 5593 ipsius
3212 5523 3339 5579 facti
3385 5539 3596 5592 sumus,

2028 5621 2204 5681 Filius
2235 5631 2416 5679 autem
2453 5621 2630 5690 imago
2659 5629 2865 5687 nostra,
2923 5625 2975 5672 ct
3005 5617 3072 5674 ad
3105 5617 3328 5689 gloriam
3355 5629 3596 5674 nontam
