4102 6298
252 354 368 418 385

1210 357 1597 419 ‘PA'NO‘PLI'A
1629 357 2102 424 BOGM'ATI‘CA.
2141 385 2210 397 -
2246 361 2399 424 ΠΤ.
2442 363 2552 426 X1.

3425 369 3534 430 883

249 467 336 536 τῷ
378 465 589 536 lia-cpi;
613 464 860 534 καὶ-γὰρ
879 466 985 519 ικαὶ
1014 465 1078 518 ὀἱ
1125 463 1409 537 ἄνθρωποι
1440 468 1498 534 ἐξ
1529 468 1835 538 ἀνθρώπων

1951 483 2046 524 icst
2067 473 2229 526 simul
2262 488 2388 527 csse
2412 487 2544 528 eum
2575 473 2778 535 Patre?
2807 475 3022 530 Etenim
3042 476 3136 530 lilii
3163 489 3280 546 post
3311 488 3534 550 tempus

252 560 405 629 μετὰ
435 563 628 630 χρόνον
658 558 1059 625 υίοὶτγίνονται.
1094 559 1204 612 Καὶ
1242 561 1271 610 6
1307 561 1406 626 μὲν
1433 562 1617 631 πατὴρ
1681 561 1840 630 τρια·-

247 669 422 705 κςιντα
445 651 610 722 τυχὸν
639 649 778 704 ἑτῶν
817 651 987 716 ἐστιν,
1019 651 1047 702 6
1097 649 1163 703 δὲ
1226 650 1341 714 υίὸς
1373 651 1550 720 ἀρχὴν
1574 650 1687 721 εχει
1717 651 1840 703 τότε

246 745 567 815 γεννηθεὶς,
597 743 855 805 καὶὸλως
875 745 986 806 πᾶς
1012 741 1126 806 υίὸς
1157 741 1448 813 ἀνθρώπου
1473 744 1578 796 οὐκ
1608 737 1678 814 ἦν
1704 742 1838 814 πρὶν

247 835 516 907 γεννηθῇ.
554 835 726 889 Πάλιν
761 834 817 887 δὲ
844 833 1224 902 ψιθυρίζουσι,
1261 833 1640 897 Πῶςιὸύναται
1662 837 1690 886 6
1717 833 1842 897 Υἱὸς

251 929 427 998 Λόγος
451 925 634 994 εἷναις
667 928 751 999 ἢηό
774 927 945 994 Λόγος
989 927 1155 980 είκὼν
1188 925 1282 981 τοῦ
1316 926 1486 992 Θεοῦς
1530 926 1588 979 '0
1622 928 1730 996 γὰρ
1748 927 1842 979 ἀνα

255 1019 498 1092 Ορώπων
525 1019 684 1086 λόγος
713 1021 777 1072 ἐκ
803 1018 1083 1072 συλλαϐῶν
1114 1019 1492 1087 συγκείμενος,
1520 1017 1679 1086 μόνον
1703 1017 1839 1086 ,ἐσήο

264 1130 405 1182 μανε
444 1111 505 1163 τὸ
537 1110 798 1180 βούλημα
854 1111 946 1163 τοῦ
1001 1109 1357 1178 λαλήσαντος,
1392 1108 1486 1162 καὶ
1534 1107 1695 1168 εὐθὺς
1744 1108 1842 1158 πέ-

261 1220 466 1255 naturai.
512 1203 606 1254 καὶ
675 1201 992 1271 ἠφάνισται.
1054 1200 1283 1254 Ἐκεῖνοι
1335 1201 1434 1270 μὲν
1473 1194 1588 1262 οὖν,
1651 1197 1842 1270 ὥσπερ

256 1293 642 1362 ἐπιλαθόμενοι
669 1293 776 1346 τῶν
836 1291 1248 1361 προλεχθέντων
1300 1291 1418 1346 κατ’
1455 1290 1634 1345 αὐτῶν
1679 1291 1844 1359 ἐλέγ-

255 1403 395 1454 χων,
437 1387 603 1438 πάλιν
646 1383 1041 1450 διαλογίζονται
1083 1381 1333 1436 τοιαῦτα.
1367 1379 1428 1436 Ὀ
1482 1381 1538 1433 δὲ
1572 1381 1670 1451 τῆς
1703 1379 1841 1451 ἀλη-

257 1479 415 1539 θείας
452 1477 609 1541 λόγος
675 1476 890 1544 ἐλέγχει
955 1476 1178 1537 τούτους
1218 1473 1390 1537 οὕτως
1424 1487 1438 1502 °
1473 1473 1535 1525 Ei
1573 1473 1673 1542 μὲν
1711 1473 1842 1541 περὶ

257 1567 555 1638 ἀνθρώπου
586 1567 730 1630 τινὸς
791 1565 1127 1634 λογίζονται,
1159 1564 1521 1635 ἀνθρωπίνως
1589 1563 1842 1632 καὶπερὶ

255 1659 352 1711 τοῦ
389 1660 550 1727 λόγου
582 1659 768 1722 αὑτοῦ,
802 1661 894 1712 καὶ
921 1659 1012 1712 τοῦ
1051 1659 1168 1711 υίοῦ
1199 1657 1364 1710 αὐτοῦ
1413 1656 1842 1724 λογιζέσθωσαν.

256 1753 324 1804 Ei
354 1755 412 1808 δὲ
446 1755 574 1824 περὶ
597 1751 689 1806 τοῦ
722 1753 856 1806 Θεοῦ
893 1751 986 1805 τοῦ
1025 1752 1312 1816 κτίσαντος
1343 1752 1470 1816 τοὺς
1490 1751 1840 1822 ἀνθρώπους,

261 1846 466 1916 μηκέτι
507 1845 866 1915 ἀνθρωπίνως
887 1884 902 1910 ,
928 1845 1062 1898 ἀλλὰ
1094 1845 1271 1909 ἄλλως
1312 1846 1453 1917 ὑπὲρ
1481 1846 1582 1918 τὴν
1611 1846 1719 1900 τῶν
1747 1849 1842 1902 ἀν·

257 1939 499 2009 Θρώπων
537 1935 701 2006 φύσιν
717 1936 1162 1990 διανοείσθωσαν.
1209 1936 1424 2001 Ὅποῖος
1462 1939 1570 2008 γὰρ
1595 1937 1661 1991 ἂν
1701 1941 1788 2009 εῐη
1811 1940 1841 1992 6

255 2029 490 2098 γεννῶν,
522 2027 766 2081 τοιοῦτον
789 2029 1002 2096 ἀνάγκη
1041 2028 1214 2082 καὶτὸ
1243 2028 1490 2099 γέννημα
1519 2025 1683 2083 εἶναι.
1723 2030 1836 2084 Καὶ

254 2122 441 2182 ὁποῖος
469 2117 540 2173 ἂν
565 2119 651 2190 εἵη
678 2122 707 2172 6
731 2119 824 2172 τοῦ
863 2119 1026 2187 λόγου
1052 2121 1258 2192 πατὴρ,
1275 2121 1518 2182 τοιοῦτος
1546 2121 1613 2175 ἂν
1636 2121 1722 2191 εἴη
1747 2120 1842 2174 καὶ

254 2215 284 2266 6
310 2212 472 2281 λόγος
519 2211 708 2267 αὐτοῦ,
746 2210 805 2266 '0
835 2215 932 2280 μὲν
957 2212 1050 2265 οῦν
1082 2211 1369 2284 ἄνθρωπος
1395 2215 1454 2267 ὲν
1475 2214 1652 2283 χρόνῳ
1683 2213 1841 2282 γινό-

260 2320 451 2376 μενος,
483 2306 540 2355 ὲν
569 2304 747 2374 χρόνῳ
777 2307 872 2357 καὶ
937 2305 1100 2368 αὐτὸς
1158 2305 1326 2374 γεννᾷ
1355 2303 1417 2357 τὸ
1461 2305 1676 2358 τέκνον.
1729 2304 1844 2357 Καὶ

263 2396 462 2465 ἐπειδὴ
483 2395 546 2449 ὲκ
571 2394 662 2448 τοῦ
697 2395 776 2466 μὴ
799 2394 949 2456 bino;
984 2395 1174 2462 γέγονε
1194 2435 1208 2457 ,
1257 2395 1346 2448 διὰ
1379 2394 1538 2448 τοῦτο
1560 2397 1653 2449 καὶ
1683 2397 1711 2448 6
1748 2394 1840 2447 λόε-

263 2504 365 2556 γος
388 2486 555 2540 αὐτοῦ
586 2485 837 2548 παύεται,
870 2487 964 2539 καὶ
991 2488 1051 2540 οὑ
1083 2487 1259 2556 μένει.
1302 2486 1362 2540 '0
1396 2486 1454 2540 δὲ
1484 2486 1619 2550 ,Θεὸς
1641 2486 1738 2556 οὐχ
1766 2485 1842 2549 ὼς

258 2578 552 2650 ἄνθρωπός
574 2580 686 2631 ἐστι
709 2593 724 2609 ⁸
755 2578 912 2630 τοῦτο
946 2579 1053 2647 γὰρ
1082 2573 1234 2630 εἶπεν
1265 2579 1297 2648 ἡ
1343 2579 1534 2648 Γραφή
1564 2595 1576 2608 ·
1620 2577 1736 2630 ἀλλ’
1765 2576 1841 2630 ὢν

254 2675 401 2736 ἐστι⁴
433 2671 627 2724 naida!
654 2674 792 2724 ἐστι.
817 2672 915 2721 Διά
942 2670 1103 2722 τοῦτο
1149 2673 1244 2722 καὶ
1292 2673 1318 2722 6
1369 2671 1541 2735 Λόγος
1573 2668 1738 2722 αὑτοῦ
1763 2667 1840 2722 ὥν

252 2761 403 2824 ἐστι,
439 2760 538 2814 καὶ
590 2761 777 2823 ἁῖδίως
824 2763 939 2814 ἐστὶ
975 2761 1112 2829 μετὰ
1137 2759 1232 2812 τοῦ
1286 2760 1526 2828 Πατρός,
1560 2758 1636 2821 ὡς
1669 2758 1849 2812 ἀπαύ-

255 2868 453 2922 γασμα
489 2853 684 2921 φωτός.
714 2853 826 2905 Καὶ
850 2854 876 2904 ὁ
911 2853 1007 2919 μὲν
1072 2850 1182 2904 τῶν
1221 2851 1528 2920 ἀνθρώπων
1575 2851 1742 2918 λόγος
1780 2853 1844 2904 ὲκ

262 2940 686 2994 συλλαόὡνὲστι
721 2941 1100 3010 συγκείμενος,
1139 2939 1236 2993 καὶ
1294 2939 1418 2993 οὔτε
1483 2940 1574 3011 ζῇ,
1637 2940 1761 2994 οὕτε
1791 2957 1846 2993 τι

261 3035 501 3103 ἐνεργεῖ,
560 3032 698 3085 ἀλλὰ
729 3033 889 3102 μόνον
926 3033 1043 3084 ἐστὶ
1094 3032 1430 3100 σημαντικός
1486 3035 1585 3103 τῆς
1615 3031 1710 3085 τοῦ
1751 3033 1846 3084 λα-

258 3123 482 3186 λοῦντος
537 3123 798 3186 διανοίας,
864 3125 957 3174 καὶ
982 3122 1148 3192 μόνον
1198 3121 1412 3192 ἐξῆλθε,
1467 3126 1562 3176 καὶ
1591 3121 1835 3192 παρῆλθε

257 3217 468 3288 μηκέτι
493 3214 851 3283 φανούμενος,
884 3214 1072 3282 ἐπειδὴ
1098 3213 1219 3266 οὐδὲ
1249 3211 1316 3284 ἦν
1341 3215 1476 3278 ὅλως
1511 3216 1640 3284 πρὶν
1676 3214 1843 3284 λαλη-

254 3310 448 3378 θῆναι.
479 3307 571 3358 Διὸ
596 3306 717 3358 οὔτε
749 3306 816 3373 ζῇ
837 3343 851 3368 ,
880 3303 1003 3355 οὔτε
1027 3307 1260 3372 ἐνεργεῖ,
1287 3303 1410 3358 οὔτε
1442 3306 1578 3368 ὅλως
1629 3305 1842 3376 ἄνθρω-

254 3402 362 3464 πός
397 3402 547 3452 ἐστιν
586 3402 614 3451 6
634 3399 745 3451 τῶν
769 3398 1072 3467 ἀνθρώπων
1101 3398 1280 3465 λόγο,.
1346 3397 1551 3468 Πάσχει
1581 3397 1636 3450 δὲ
1663 3398 1841 3461 τοῦτο,

255 3493 415 3547 καθα
441 3494 720 3562 προεῖπον,
754 3492 943 3559 ἐπειδὴ
972 3493 1065 3543 καὶ
1109 3493 1138 3544 6
1174 3489 1378 3559 γεννῶν
1405 3489 1594 3542 τοῦτον
1620 3489 1808 3558 ἄνθρω
1826 3519 1843 3531 ο

255 3601 366 3648 πος
403 3588 470 3638 ἐκ
497 3584 590 3637 τοῦ
619 3583 698 3655 μὴ
721 3584 870 3646 (ivro;
918 3584 1030 3653 ἔχει
1055 3581 1155 3653 τὴν
1189 3581 1373 3650 φύσιν.
1407 3581 1462 3634 Ὀ
1489 3581 1548 3634 δὲ
1578 3580 1672 3634 τοῦ
1707 3580 1843 3634 Θεοῦ

251 3680 460 3745 Λόγος,
492 3680 592 3748 οὐχ
618 3677 692 3738 ὡς
733 3679 798 3731 ἄν
835 3693 919 3739 τις
946 3676 1114 3741 εῐποι,
1146 3679 1481 3746 προφορικός
1512 3677 1688 3740 ἐστιν,
1722 3675 1846 3726 οὐδὲ

249 3773 435 3844 ψόφος
461 3769 742 3842 ῥημάτων,
771 3769 894 3822 οὐδὲ
932 3769 994 3821 τὸ
1022 3767 1329 3838 προστάξαι
1350 3766 1481 3819 Θεὸν
1516 3765 1675 3818 τοῦτό
1694 3767 1844 3816 ἐστιν

251 3866 417 3928 Υἱὸς,
457 3863 572 3916 ἀλλ’
595 3862 669 3924 ὡς
703 3865 840 3931 φὼς,
877 3864 968 3912 καὶ
998 3859 1341 3929 ἀπαύγασμα
1366 3859 1539 3920 οὕτως
1564 3859 1684 3910 ἐστὶ
1723 3861 1846 3924 γέν-

252 3977 417 4030 νημα
434 3958 636 4009 τέλειον
666 3960 728 4009 ὲκ
749 3955 979 4007 τελείου.
999 3955 1090 4005 Διὸ
1120 3959 1213 4006 καὶ
1239 3952 1406 4006 εἰκὼν
1429 3952 1524 4004 τοῦ
1544 3949 1681 4004 Θεοῦ
1702 3955 1846 4016 ἐστι,

252 4055 359 4108 καὶ
393 4053 546 4114 Θεός.
573 4051 681 4103 Καὶ
701 4049 828 4112 Θεὸς
870 4049 979 4118 γὰρ
1012 4043 1100 4120 ἦν,
1138 4047 1324 4117 φησιν,
1355 4046 1384 4098 6
1415 4045 1587 4113 Λόγος
1611 4060 1625 4075 ·
1652 4043 1762 4096 Καὶ
1792 4044 1844 4097 oi

258 4144 369 4216 μὲν
399 4143 550 4210 λόγοι
582 4143 686 4193 τῶι
716 4140 1022 4210 ἀνθρώπων
1049 4138 1203 4191 οὐδέν
1229 4139 1368 4190 εἰσιν
1411 4137 1492 4198 είς
1536 4137 1844 4206 ἐνέργειαν.

255 4238 356 4289 Διὸ
386 4239 479 4287 καὶ
521 4235 582 4286 ού
613 4233 701 4286 διὰ
728 4233 923 4300 λόγων,
978 4229 1118 4283 ἀλλὰ
1168 4228 1256 4283 διὰ
1296 4227 1496 4297 χειρῶν
1560 4227 1850 4295 ἄνθρωπος

257 4329 589 4399 ἐργάζεται,
620 4327 701 4378 ὅτι
727 4319 889 4378 αὗται
916 4323 1016 4392 μὲν
1048 4323 1409 4392 ὑπάρχουσιν,
1448 4320 1476 4372 6
1497 4320 1552 4373 δὲ
1574 4319 1728 4387 λόγος
1754 4320 1851 4370 αὺ-

257 4424 360 4476 τοῦ
388 4424 489 4489 οὐχ
518 4420 825 4487 ὑφίσταται.
874 4414 936 4470 ’0
964 4416 1020 4466 δὲ
1057 4413 1149 4467 τοῦ
1182 4413 1318 4466 Θεοῦ
1365 4413 1558 4480 Λόγος,
1596 4411 1671 4475 ὼς
1696 4406 1852 4462 εἷπεν

1948 564 2202 620 homines
2233 580 2302 619 ex
2331 566 2647 622 hominibus
2683 568 2843 632 ﬁunt;
2875 575 2931 621 et
2963 583 3112 631 cum,
3137 569 3290 622 verbi
3332 585 3527 634 causa,

1946 664 2104 724 pater
2158 655 2384 727 triginta
2445 673 2718 713 armorum
2759 667 2866 723 est,
2923 669 3058 714 tunc
3102 657 3246 712 ﬁlius
3311 662 3532 730 genitus

1947 747 2279 818 principium
2323 750 2508 816 habet;
2526 751 2823 821 nullusque
2880 756 3104 807 omnino
3131 755 3369 809 hominis
3394 756 3537 809 [ilius

1947 849 2064 894 erat
2094 851 2387 910 antequam
2427 843 2778 912 gigneretur?
2813 841 3165 913 Rursumque
3193 848 3440 916 garriunt
3468 848 3536 902 ad

1949 932 2095 986 hunc
2153 935 2374 988 modum
2405 951 2419 987 :
2447 935 2620 989 Filius
2657 937 2888 990 Verbum
2921 951 3040 990 esse
3072 977 3088 999 ,
3137 949 3234 992 aut
3298 939 3535 994 Verbum

1946 1024 2122 1094 imago
2180 1025 2309 1089 Dei,
2364 1033 2583 1095 quando
2638 1031 2864 1081 verbum
2907 1030 3145 1084 hominis
3198 1045 3262 1083 ex
3316 1032 3537 1101 syllabis

1946 1126 2206 1169 constans
2261 1117 2437 1171 solum
2482 1118 2752 1187 loquentis
2784 1119 3167 1186 cogitationem
3201 1121 3434 1184 indicat,
3477 1133 3537 1177 et

1947 1207 2109 1260 simul
2175 1222 2242 1262 ac
2296 1210 2567 1278 prolatum
2613 1219 2713 1273 est,
2778 1210 3079 1279 dissipatur
3127 1219 3180 1264 et
3227 1213 3540 1266 evanescit?

1945 1297 2043 1352 Isti
2073 1299 2295 1368 quidem
2326 1315 2518 1354 earum
2546 1300 2840 1366 rationem,
2867 1301 3066 1368 quibus
3097 1309 3225 1356 ante
3257 1303 3535 1367 _confutati

1947 1398 2108 1451 sunt,
2169 1389 2346 1451 obliti,
2414 1391 2531 1444 haec
2579 1389 2780 1444 iterum
2827 1390 3082 1454 aﬂerunt,
3137 1393 3237 1446 sed
3292 1393 3536 1447 veritatis

1947 1480 2176 1534 verbum
2226 1494 2320 1534 eos
2344 1480 2542 1535 refellit
2572 1480 2678 1534 hoc
2710 1481 2871 1534 modo
2907 1497 2922 1534 :
2963 1482 3019 1535 Si
3042 1481 3108 1535 de
3135 1481 3357 1538 homine
3386 1498 3530 1551 quo-

1946 1571 2090 1641 piam
2117 1572 2416 1637 disserunt,
2446 1573 2685 1626 humano
2737 1589 2886 1627 more
2908 1573 2976 1626 de
2997 1575 3187 1637 verbo,
3215 1574 3392 1643 deque
3426 1574 3536 1628 lilio

1948 1664 2123 1733 ipsius
2163 1665 2482 1733 loquantur.
2546 1666 2644 1719 Sin
2670 1664 2738 1719 de
2799 1655 2947 1727 Deo,
2985 1669 3081 1734 qui
3110 1666 3367 1721 homines
3405 1664 3533 1736 pro-

1948 1757 2173 1822 creavit,
2227 1771 2338 1811 non
2402 1757 2662 1821 humana,
2704 1757 2797 1810 sed
2848 1758 3245 1813 excellentiore
3299 1759 3534 1828 quadam

1951 1849 2166 1904 ratione
2199 1847 2268 1903 de
2320 1848 2413 1904 illo
2454 1849 2714 1920 cogitent.
2766 1848 2950 1914 Qualis
2991 1849 3136 1903 enim
3183 1850 3398 1920 genitor
3424 1859 3533 1916 est,

1950 1942 2076 1998 talis
2101 1949 2186 1996 est
2219 1941 2384 1996 etiam
2434 1941 2526 2008 qui
2576 1940 2816 2012 gignitur
2845 1941 3177 1996 necessario.
3241 1941 3307 1995 Et
3359 1940 3536 2012 qualis

1949 2042 2036 2089 est
2087 2032 2242 2088 verbi
2296 2041 2491 2103 pater,
2541 2033 2648 2088 tale
2690 2034 2954 2088 nimirum
2995 2043 3079 2088 est
3113 2033 3336 2087 verbum
3387 2033 3536 2102 ejus.

1951 2126 2296 2196 Quapropter
2348 2126 2513 2180 homo
2567 2126 2622 2179 in
2678 2136 2924 2195 tempore
2995 2127 3230 2196 genitus,
3293 2126 3348 2179 in
3402 2133 3541 2179 ten-

1951 2233 2086 2287 pore
2133 2227 2189 2271 et
2251 2218 2369 2288 ipse
2428 2217 2598 2271 tiliqu
2662 2217 2855 2288 gignit.
2921 2216 2988 2270 Et
3044 2215 3306 2284 quoniam
3351 2230 3415 2269 ex
3453 2214 3540 2270 ni-

1953 2309 2068 2364 hilo
2099 2307 2276 2363 lactus
2300 2321 2383 2364 est
2410 2308 2598 2370 homo,
2654 2307 2862 2362 idcirco
2893 2307 3118 2361 verbum
3171 2307 3335 2360 etiam
3391 2305 3541 2361 illius

1949 2399 2006 2455 in
2056 2399 2289 2454 nihilum
2348 2399 2614 2469 redigitur
2679 2410 2735 2453 et
2791 2400 3070 2452 aboletur.
3140 2396 3282 2452 Deus
3329 2406 3538 2465 autem,

1954 2499 2017 2544 ut
2049 2487 2331 2558 Scriptura
2357 2497 2608 2551 testatur,
2635 2497 2868 2552 nonest,
2906 2489 3048 2543 sicut
3082 2487 3340 2542 homines
3383 2495 3534 2552 sunt,

1952 2581 2046 2634 sed
2073 2588 2158 2634 est
2184 2579 2293 2645 ille,
2325 2579 2418 2648 qui
2446 2589 2553 2645 est,
2585 2589 2642 2634 et
2672 2579 2760 2648 qui
2815 2593 3032 2648 semper
3052 2586 3136 2632 est
3164 2577 3204 2631 ί.
3254 2578 3441 2648 Itaque
3483 2585 3540 2634 et

1951 2671 2189 2726 Verbum
2217 2670 2341 2738 ejus
2374 2684 2500 2723 rere
2533 2678 2636 2736 est,
2663 2679 2718 2724 et
2747 2670 2816 2722 ab
2839 2669 2986 2722 omni
3049 2672 3357 2723 aeternitate
3412 2685 3538 2724 cum

1953 2763 2114 2818 Patre
2162 2773 2266 2828 est,
2303 2771 2559 2832 tanquam
2597 2761 2858 2831 splendor
2891 2761 3046 2815 lucis.
3066 2763 3241 2831 Atque
3261 2762 3542 2817 hominum

1953 2855 2175 2925 quidem
2218 2855 2444 2908 verbum
2490 2867 2556 2907 ex
2610 2851 2831 2921 syllabis
2866 2861 3100 2916 constat,
3148 2867 3327 2922 neque
3385 2852 3540 2915 vivit,

1954 2962 2134 3016 neque
2166 2947 2466 3016 quidquam
2493 2945 2629 3016 agit,
2661 2944 2754 2997 sed
2817 2953 3027 2998 tantum
3088 2944 3361 3013 loquentis
3417 2958 3547 3000 sen-

1957 3039 2185 3093 tentiam
2223 3038 2555 3107 explicat,et
2579 3036 2753 3090 solum
2814 3037 2947 3099 exit,
3011 3043 3066 3089 et
3129 3037 3389 3104 praeterit,
3445 3051 3546 3092 nec

1866 3151 1914 3214 ρ
1957 3131 2192 3200 amplius
2243 3138 2516 3199 apparet:
2551 3129 2752 3198 quippe
2783 3127 2924 3196 quod
2971 3143 3073 3180 nec
3120 3137 3540 3196 cratautequam

1948 3224 2349 3278 euuntiaretur.
2409 3219 2587 3286 Quare
2617 3233 2718 3274 nec
2748 3219 2901 3281 vivit,
2937 3233 3036 3272 nec
3085 3220 3194 3288 agit
3227 3218 3543 3288 quidquam,

1951 3330 2054 3370 nec
2085 3314 2310 3367 omnino
2345 3312 2572 3367 verbum
2597 3309 2838 3366 hominis
2873 3311 3039 3365 homo
3061 3320 3165 3364 est.
3195 3311 3313 3364 Hoc
3361 3320 3546 3364 autem

1954 3405 2180 3470 accidit,
2207 3413 2266 3459 ut
2303 3411 2431 3457 ante
2462 3402 2594 3466 dixi,
2624 3400 2880 3470 quoniam
2924 3410 2976 3455 et
3029 3401 3213 3466 homo,
3265 3400 3358 3470 qui
3420 3416 3544 3456 vcr-

1948 3502 2077 3552 bum
2109 3498 2213 3552 hoc
2236 3496 2398 3566 parit,
2430 3509 2496 3550 ex
2526 3492 2701 3548 nihilo
2723 3501 2975 3547 naturam
3001 3493 3186 3548 habet.
3208 3493 3276 3546 At
3301 3492 3390 3546 Dei
3413 3492 3548 3549 Ver-

1950 3590 2080 3643 bum
2108 3604 2241 3654 non,
2273 3587 2542 3656 utaliquis
2568 3587 2732 3650 dicat,
2750 3599 2848 3640 ore
2865 3584 3271 3654 pronuntiatur.
3299 3598 3404 3638 nec
3433 3585 3548 3644 edit

1952 3681 2100 3735 vocis
2123 3693 2342 3743 sonum,
2375 3691 2554 3747 neque
2589 3677 2733 3746 quod
2762 3675 3062 3730 mandatae
3099 3675 3344 3746 praecipit
3379 3676 3543 3740 Deus,

1952 3773 2006 3826 id
2057 3771 2227 3826 Filius
2258 3777 2360 3836 est,
2388 3769 2482 3824 sed
2511 3767 2587 3822 uti
2618 3768 2708 3822 ius
2735 3775 2789 3821 et
2811 3765 3087 3837 splendor,
3111 3769 3188 3820 sic
3216 3775 3295 3820 est
3320 3782 3546 3837 germen

1954 3865 2256 3933 perfectum
2302 3877 2371 3929 ex
2421 3859 2680 3930 perfecto.
2704 3860 3068 3923 Quamobrem
3101 3867 3159 3911 et
3189 3857 3330 3912 licus
3365 3866 3468 3923 est,
3491 3865 3542 3913 et

1953 3937 2132 4024 imago
2158 3953 2271 4006 Dei.
2292 3949 2360 4003 Et
2383 3950 2518 4003 Deus
2542 3948 2708 4008 enim,
2733 3946 2930 4016 inquit,
2951 3958 3064 4000 erat
3093 3947 3334 4002 Verbum.
3354 3949 3431 4004 Ac
3449 3949 3542 4005 ho-

1954 4043 2396 4112 minumquidem
2427 4041 2590 4096 verba
2613 4057 2668 4094 re
2692 4040 2824 4092 nihil
2846 4049 2992 4094 sunt.
3015 4038 3400 4104 Quotircanon
3426 4057 3547 4096 ver-

1956 4137 2064 4200 bis,
2092 4135 2188 4190 scd
2225 4133 2481 4188 manibus
2505 4145 2668 4203 agunt
2691 4132 2958 4185 homines.
2987 4134 3122 4198 Quia
3162 4149 3356 4185 manus
3395 4134 3545 4187 εκεί-

1957 4234 2129 4298 stunt,
2162 4223 2326 4278 verba
2358 4233 2538 4276 autem
2564 4222 2696 4274 nihil
2735 4222 2940 4275 habent
2966 4223 3316 4276 ﬁrmamenti.
3347 4226 3417 4277 At
3447 4223 3543 4278 Dci

1964 4317 2220 4383 Verbum,
2271 4325 2329 4370 ut
2358 4314 2650 4385 Apostolus
2669 4313 2743 4366 ait
2770 4315 2811 4378 ¹,
2868 4315 3017 4379 vivit,
3049 4322 3103 4367 et
3130 4313 3316 4367 cllicax
3348 4323 3450 4378 est,
3488 4325 3546 4368 et

1960 4408 2354 4480 penetrabilius
2383 4408 2531 4461 omni
2561 4407 2736 4476 gladio
2773 4406 3022 4474 ancipiti,
3054 4416 3108 4460 et
3140 4407 3398 4475 prriitlgit
3455 4422 3546 4460 us-

258 4519 293 4570 6
326 4483 678 4575 ’Λπόότολοω
712 4511 822 4573 ζὼν
850 4511 984 4572 ἐστι,
1022 4507 1114 4561 καὶ
1172 4506 1442 4578 ἐνεργὴς,
1483 4507 1574 4557 καὶ
1608 4504 1845 4574 τομώτε-

1959 4515 2068 4572 que
2107 4500 2172 4554 ad
2201 4498 2524 4554 divisionem
2559 4496 2728 4550 animi
2759 4505 2813 4551 et
2844 4497 3087 4564 spiritus.
3115 4496 3272 4550 Decei
3294 4509 3348 4551 at
3373 4499 3545 4563 enim,

265 4624 364 4678 ρος
398 4606 539 4674 ὑπὲρ
570 4606 750 4654 πᾶσαν
787 4602 1062 4671 μάχαιραν
1121 4598 1398 4667 δίστομον,
1455 4597 1552 4650 καὶ
1611 4596 1852 4648 διικνούη

263 4716 436 4772 μενος
475 4699 601 4766 ἄχρι
637 4695 906 4764 μερισμοῦ
926 4691 1105 4762 ψυχῆς
1143 4691 1236 4743 καὶ
1276 4691 1557 4759 σώματος.
1593 4689 1851 4758 Ἐπρεπε

261 4799 338 4864 γλ
351 4810 405 4862 ρ,
428 4793 544 4851 ὲνος
569 4790 721 4851 ὄντος
755 4788 847 4839 τοῦ
866 4787 1026 4850 Θεοῦ,
1055 4786 1184 4854 μίαν
1212 4779 1354 4834 εἶναι
1392 4783 1486 4834 καὶ
1510 4780 1610 4848 τὴν
1638 4779 1848 4844 εἰκόνα,

263 4888 366 4941 καὶ
398 4884 496 4936 ἕνα
528 4883 618 4934 τὸν
645 4881 835 4934 τούτου
863 4880 1061 4944 Λόγον,
1090 4887 1183 4928 και
1221 4876 1349 4944 μίαν
1378 4873 1477 4945 τὴν
1513 4871 1704 4926 τούτου
1768 4889 1858 4925 σο-

266 4979 430 5049 φίαν.
455 4976 544 5027 Διὸ
574 4975 665 5027 καὶ
695 4969 963 5041 banti.de
1001 4985 1138 5032 πως,
1199 4969 1316 5029 ἑνὸς
1350 4967 1505 5028 ὖντος
1531 4965 1624 5018 τοῦ
1689 4963 1856 5031 Θεοῦ,

262 5064 424 5125 οὗτοι
456 5068 597 5120 κατὰ
628 5067 726 5127 τὰς
767 5063 899 5124 ἰδίας
947 5060 1188 5122 ἐπινοίας
1239 5059 1442 5120 πολλὰς
1470 5058 1710 5121 εἰκόνας,
1753 5059 1853 5109 καὶ

268 5159 493 5226 σοφίας,
545 5156 634 5206 καὶ
663 5152 853 5220 λόγους
878 5149 1200 5218 ἐπενόησα-ι.
1237 5148 1343 5198 Καὶ
1393 5146 1552 5199 ἀλλον
1581 5146 1680 5216 μὲν
1710 5141 1854 5199 εἶναι

264 5253 363 5303 τὸν
390 5246 521 5299 ἴδιον
552 5247 645 5296 καὶ
674 5243 834 5311 φύσει
879 5240 1050 5306 Λόγον
1077 5238 1171 5290 τοῦ
1223 5237 1436 5306 Πατρός
1470 5235 1750 5304 λέγουσιν,
1793 5241 1852 5290 ὲν

267 5336 314 5412 ᾧ
349 5346 445 5394 καὶ
479 5341 570 5390 τὶν
613 5337 742 5389 ἴιὸν
788 5336 1088 5404 πεποίηκε·
1116 5334 1206 5384 τὸν
1239 5331 1297 5383 δὲ
1331 5328 1550 5398 ἀληθῶς
1583 5329 1708 5382 Υἱὺν
1734 5330 1856 5382 κατ’

263 5435 522 5486 ἐπίνοιαν
553 5426 808 5495 λέγεσθαι
829 5427 1021 5493 Λόγον,
1051 5425 1124 5487 ὡς
1157 5423 1421 5492 ἄμπελον,
1457 5424 1549 5474 καὶ
1579 5421 1721 5486 ὁδὸν,
1762 5421 1856 5473 καὶ

270 5526 471 5592 θύραν,
503 5525 595 5574 καί
623 5519 778 5584 ξύλον
809 5517 976 5587 ζωῆς.
1010 5518 1212 5584 Σοφίαν
1245 5532 1299 5569 τε
1345 5515 1573 5582 ὀνόματι
1597 5512 1858 5581 λέγεσθαι

271 5619 440 5673 αὐτόν
471 5633 658 5684 φασιν,
686 5613 851 5683 ἄλλην
878 5628 1060 5681 μεντοι
1087 5606 1230 5662 εἶναι
1265 5608 1366 5678 τὴν
1419 5608 1556 5661 ίδίαν
1595 5608 1690 5662 καὶ
1717 5607 1854 5677 ἀληο

349 5757 368 5788 ¹
404 5759 477 5810 iis
521 5759 574 5811 ιι.
615 5774 696 5824 in,
723 5755 808 5810 14.
890 5752 908 5782 ’
935 5751 1100 5808 ilebr.
1132 5767 1206 5819 tv,
1239 5749 1325 5804 12.

1960 4603 2022 4646 ιιι
2048 4608 2172 4647 cum
2219 4605 2361 4644 unus
2404 4598 2550 4644 esset
2586 4588 2750 4648 Deus,
2789 4602 2894 4641 una
2927 4588 3055 4640 item
3093 4600 3241 4642 esset
3265 4590 3440 4660 imago
3463 4590 3560 4660 ἑρσ

1965 4685 2102 4752 sius,
2139 4693 2194 4738 et
2234 4684 2467 4736 Verbum
2503 4696 2695 4743 unum,
2729 4690 2783 4734 et
2815 4695 2919 4732 una
2957 4679 3246 4748 sapientia.
3279 4682 3549 4746 Quomob-

1960 4794 2075 4833 rem
2126 4783 2314 4841 miror,
2359 4789 2457 4830 cur
2489 4775 2599 4838 isti,
2632 4788 2758 4828 cum
2795 4788 2937 4828 unus
2971 4774 3044 4827 sit
3075 4771 3240 4837 Deus,
3270 4775 3549 4843 Opinionis

1959 4886 2145 4927 errore
2181 4869 2377 4923 inultas
2404 4866 2508 4920 sibi
2539 4867 2822 4934 imagines,
2853 4877 2908 4920 et
2934 4865 3248 4935 sapientius,
3285 4879 3339 4920 et
3383 4869 3550 4924 verba

1963 4961 2346 5020 continxerint.
2379 4960 2554 5026 Atque
2583 4958 2729 5010 aliud
2765 4958 2985 5025 quidem
3023 4959 3330 5028 proprium,
3363 4970 3419 5013 et
3450 4976 3551 5014 na-

1965 5063 2088 5112 tura
2143 5053 2384 5108 Verbum
2419 5050 2616 5114 Patris,
2665 5065 2773 5118 quo
2809 5049 3003 5104 Filium
3041 5052 3202 5106 etiam
3241 5053 3392 5116 fecit,
3427 5069 3551 5109 esse

1962 5147 2172 5202 dicunt.
2234 5143 2370 5196 Nam
2419 5154 2550 5193 vere
2583 5139 2782 5194 Filium
2835 5143 3090 5212 opinione
3139 5143 3244 5197 dici
3287 5144 3549 5208 Verbum,

1963 5241 2108 5294 sicut
2159 5237 2320 5290 etiam
2360 5235 2506 5300 vitis,
2539 5246 2592 5288 et
2625 5235 2710 5288 via
2746 5235 2962 5297 dicitur,
2996 5249 3050 5289 et
3087 5235 3310 5298 ostium,
3346 5236 3549 5303 lignum

1964 5330 2115 5394 vita),
2152 5339 2206 5382 et
2262 5328 2530 5398 sapientia
2566 5328 2788 5382 nninine
2847 5329 3135 5380 duntaxat.
3167 5325 3341 5378 Aliam
3403 5325 3551 5377 enim

1960 5438 2082 5479 esse
2113 5437 2296 5476 veram
2332 5422 2476 5477 illam
2507 5421 2682 5476 Patris
2711 5420 3056 5491 sapientiam.
3081 5433 3199 5486 qua:
3229 5432 3336 5470 non
3369 5417 3552 5484 genita

1962 5529 2090 5569 cum
2119 5514 2238 5583 ipso
2261 5513 2532 5577 consistit,
2555 5528 2661 5582 qua
2681 5511 2873 5566 Filium
2901 5513 3188 5569 teciteum,
3217 5521 3379 5575 quem
3406 5509 3552 5574 quod

1960 5605 2106 5661 illius
2135 5616 2281 5660 esset
2311 5603 2594 5674 sapientiae
2654 5602 2950 5673 particeps,
2996 5599 3325 5656 saoientiam
3359 5599 3549 5655 nomi-
