4032 6288
528 354 650 419 ‘387

1772 317 2172 390 ἘῙΠΗῊΜΙΙ
2209 318 2575 384 ZIGABEN‘I

3687 327 3776 394 388

543 469 720 526 navit.
750 465 880 521 Haec
911 462 990 518 illi
1023 460 1151 516 dum
1182 455 1577 522 obloquuntur,
1615 460 1800 502 nonne
1824 443 1976 498 omni
2003 441 2136 518 odio

2252 438 2396 509 ὒινὴν
2423 436 2622 506 σοφίαν
2645 433 2738 488 τοῦ
2778 431 3017 505 Πατρὸς,
3039 433 3143 504 τὴν
3173 433 3480 507 άγιεννῆτως
3521 441 3768 510 συνυπάρ.

545 576 678 620 sunt
705 561 852 632 digni
872 555 966 610 iSi
988 553 1154 613 enim,
1179 557 1236 603 ut
1259 547 1360 615 ipsi
1387 549 1605 614 putant,
1621 553 1730 594 non
1760 537 1888 607 quia
1912 535 2140 632 genitus

547 668 633 714 est
650 676 679 711 a
700 630 995 714 Pati-c.1190
1038 660 1264 720 prOpter
1292 658 1550 700 essentia:
1571 636 1934 694 aeternitatem
1961 630 2142 700 Filius

548 764 656 815 est,
702 752 796 805 sed
839 757 1060 818 propter
1081 747 1193 804 illa,
1235 756 1355 812 qua:
1391 734 1652 806 loquendi
1689 731 1964 787 facultate
1993 739 2138 797 pne-

549 845 662 900 dita
704 852 832 896 sunt
882 838 1118 892 Verbum
1143 843 1324 899 est,et
1373 843 1593 903 propter
1634 829 1724 882 illa
1762 839 1883 894 qua:
1918 823 2137 892 sapien-

549 947 623 991 tia
656 943 787 989 sunt
824 943 1039 996 ornata,
1073 930 1342 1006 sapientia
1375 925 1596 987 dicitur,
1627 932 1686 977 ut
1727 921 1904 973 virtus
1938 917 2010 971 ob
2044 915 2136 969 illa

549 1042 671 1097 quae
693 1025 950 1081 virtutem
975 1023 1179 1076 habent
1204 1039 1216 1073 :
1243 1019 1414 1074 Filius
1443 1018 1570 1070 item
1603 1021 1830 1068 vocatus
1856 1020 1939 1064 est
1968 1023 2136 1078 prop.

549 1129 633 1175 ter
664 1133 785 1182 nos,
819 1116 908 1185 qui
959 1131 988 1168 a
1025 1129 1083 1168 se
1116 1113 1210 1166 lilii
1246 1110 1372 1166 lacti
1429 1121 1641 1166 sumus.
1691 1114 1748 1160 et
1788 1109 2014 1173 propter
2048 1102 2136 1156 illa

549 1213 803 1274 fortasse,
857 1225 978 1278 qua:
1012 1215 1163 1269 sunt,
1200 1205 1384 1267 habet,
1427 1211 1484 1257 ut
1533 1202 1625 1256 sit.
1665 1200 1804 1265 Quid
1853 1198 2013 1270 igitur
2036 1197 2140 1250 erit

537 1305 713 1375 ipse?
748 1317 925 1371 neque
985 1300 1130 1355 enim
1163 1307 1248 1352 est
1299 1298 1494 1351 horum
1531 1295 1851 1364 quidquam.
1903 1299 1963 1346 et
2023 1291 2141 1344 hrc

549 1407 679 1451 sunt
711 1395 980 1450 duntaxat
1021 1391 1191 1461 ipsius
1223 1389 1468 1452 nomina,
1500 1388 1701 1457 quibus
1770 1393 1998 1455 propter
2037 1397 2138 1437 nos

538 1487 840 1539 decoratus
869 1491 974 1546 est,
1009 1497 1132 1535 cum
1165 1478 1464 1534 exsistendi
1499 1479 1738 1548 speciem
1790 1485 2003 1530 tantum
2037 1474 2138 1527 ha-

549 1577 698 1631 beat.
769 1575 970 1629 Verum
1031 1573 1136 1626 ista
1214 1571 1481 1624 diabolica
1538 1578 1662 1632 est,
1723 1568 1808 1622 vel
1901 1566 2140 1620 deterior

538 1657 715 1724 etiam
773 1667 1053 1736 cogitatio.
1111 1662 1682 1733 Siquidcm‘Verbum
1742 1659 1836 1714 Dei
1908 1660 2137 1713 nomine

2239 546 2444 600 χουσαν
2470 529 2639 598 αὐτῷ,
2672 522 2785 602 ὲνῇ
2819 529 2915 581 καὶ
2948 527 3040 580 τὸν
3101 527 3230 581 Υίὸν
3292 529 3520 599 ποιήσας
3547 530 3768 601 ὠνόμασε

2239 621 2382 675 κατὰ
2416 619 2712 690 μετουσίαν
2740 622 2958 687 ἐκείνης
2992 623 3190 688 σοφίαν
3217 620 3399 674 αὐτόν.
3432 622 3592 676 Τοῦτο
3617 625 3666 678 δὲ
3689 631 3769 679 καὶ

2244 713 2403 783 μόνον
2439 712 2830 782 φθεγξάμενοι,
2891 712 3010 776 πῶς
3053 712 3153 764 οὐκ
3203 712 3344 779 ἄξιοι
3367 714 3558 778 παντὸς
3608 717 3774 785 μίσους

2240 807 2415 873 εμίσίνς
2447 808 2510 859 Et
2529 807 2657 877 γὰρ,
2691 806 2765 867 ὼς
2791 805 2945 858 αὐτοὶ
2969 803 3306 874 νομίζουσιν,
3371 806 3431 856 ού
3459 806 3545 859 διὰ
3595 808 3684 880 τὴν
3716 813 3772 864 ὲκ

2241 899 2456 970 Πατρὺς
2517 899 2777 968 γέννησιν
2833 899 2930 951 καὶ
2985 897 3048 950 τὸ
3099 897 3270 951 ἀΐδιον
3336 901 3434 969 τῆς
3460 899 3634 964 οὐσίας
3666 903 3775 966 Υἱός

2240 993 2411 1056 ἐστιν,
2438 990 2574 1043 ἀλλὰ
2599 991 2688 1043 διὰ
2717 993 2785 1043 τὰ
2807 991 3002 1059 λογικά
3031 992 3225 1058 Λόγος,
3255 991 3350 1044 καὶ
3382 991 3467 1044 διὰ
3493 993 3556 1045 τὰ
3584 995 3776 1064 σοφιζὸ-

2243 1102 2385 1156 μενα
2411 1086 2595 1153 σοφία,
2631 1088 2726 1139 καὶ
2765 1085 2853 1138 διὰ
2887 1086 2955 1138 τὰ
2986 1085 3378 1155 δυναμούμενα
3403 1087 3622 1156 δύναμις
3647 1091 3779 1160 λέγε-

2239 1195 2354 1242 ται,
2390 1179 2608 1242 πάντως
2641 1195 2745 1232 που
2777 1181 2873 1232 καὶ
2905 1178 2993 1232 διὰ
3017 1179 3144 1243 τοὺς
3177 1180 3309 1250 παρ⁴
3341 1181 3507 1234 αὑτοῦ
3538 1183 3778 1236 υίοποιουο

2244 1274 2440 1342 μένους
2468 1272 2598 1334 Υἱὸς
2635 1271 2864 1342 ἐκλήθη,
2901 1273 2996 1325 καὶ
3029 1272 3172 1343 τάχα
3194 1272 3280 1326 διὰ
3321 1273 3389 1324 τὰ
3415 1272 3540 1326 ὄντα
3572 1274 3672 1346 ἔχει
3699 1279 3780 1330 καὶ

2239 1367 2301 1419 τὺ
2323 1358 2486 1421 εἶναι.
2519 1365 2586 1418 Τί
2606 1365 2701 1418 οῦν
2739 1367 2849 1436 ἄρα
2871 1365 3060 1418 λοιπόν
3086 1367 3238 1420 ἐστιν
3268 1365 3463 1432 αύτός;
3501 1368 3655 1420 Οὐδὲν
3689 1370 3780 1438 γὰρ

2245 1456 2313 1510 ἂν
2343 1458 2426 1528 είη
2463 1460 2671 1511 τούτων
2703 1457 2889 1524 αὐτὸς,
2929 1457 2978 1510 εί
3012 1457 3255 1529 ὀνόματα
3292 1459 3450 1528 μόνον
3474 1461 3613 1513 ἐστὶν
3640 1461 3779 1515 αὐτοῦ

2242 1550 2442 1613 ταῦτα,
2482 1550 2578 1603 καὶ
2609 1549 2772 1618 μόνον
2803 1548 2894 1603 τοῦ
2920 1546 3059 1602 εἶναι
3093 1550 3400 1619 φαντασίαν
3429 1551 3537 1622 εχει
3559 1551 3775 1620 δι’ὴμᾶς,

2243 1642 2339 1695 καὶ
2387 1644 2504 1704 τοῖς
2555 1641 2785 1712 ὀνόμασι
2842 1641 3057 1705 τούτοις
3115 1642 3611 1715 καλλωπιζόμενος.
3643 1645 3780 1700 Ἀλλὰ

549 1771 767 1818 tantum
828 1761 1140 1830 opinantur
1173 1773 1316 1818 esse,
1350 1773 1472 1812 cum
1513 1771 1580 1810 se
1617 1751 1719 1826 ipsi
1756 1769 1884 1809 vere
1947 1761 2141 1824 putent

2252 1734 2409 1787 τοῦτο
2436 1734 2723 1806 διασολικὴ
2752 1735 2954 1804 μᾶλλόν
3000 1737 3150 1790 ἐστιν
3188 1736 3442 1801 ἀπόνοια,
3467 1737 3601 1806 τάχα
3626 1737 3676 1791 δὲ
3706 1742 3783 1792 καὶ

549 1855 836 1909 exsistere.
859 1853 990 1918 Quae
1026 1867 1190 1922 porro
1219 1850 1510 1904 verborum
1572 1857 1820 1918 portenta
1857 1855 1984 1900 sunt
2010 1846 2135 1912 ista,

550 1957 613 2001 ut
649 1946 975 2016 sapienliam
1023 1945 1211 2001 dicant
1246 1944 1410 1998 simul
1455 1957 1574 1998 esse
1617 1957 1743 1996 cum
1784 1940 1964 2006 Patre,
1997 1940 2140 1995 hanc

551 2046 735 2091 autem
768 2037 1048 2091 Christum
1085 2050 1206 2090 esse
1240 2045 1461 2106 negent,
1509 2035 1604 2088 sed
1637 2049 1760 2089 cum
1800 2033 1985 2087 multae
2031 2033 2143 2088 sint

544 2130 809 2193 virtutes,
859 2137 912 2182 et
991 2128 1261 2199 sapientia
1309 2136 1549 2192 creatae,
1605 2125 1887 2180 Christum
1951 2140 2142 2179 carum

554 2231 729 2276 unam
776 2231 1026 2276 asserant
1083 2235 1227 2286 esse,
1307 2232 1544 2286 eumque
1615 2234 1738 2272 cum
1811 2218 2035 2272 bruchis
2089 2225 2146 2272 et

551 2317 783 2373 locustis
839 2314 1200 2384 comparent?
1249 2312 1427 2378 Ouid?
1481 2325 1668 2365 nonne
1751 2310 1915 2380 plane
1981 2308 2142 2374 vafri,

551 2417 917 2470 veteratores,
976 2405 1350 2475 malitiosique
1406 2412 1536 2460 sunt
1583 2403 1675 2473 qui
1731 2403 2021 2457 audientes
2043 2417 2144 2458 nos

541 2503 756 2568 dicere,
795 2502 1030 2556 Verbum
1081 2501 1244 2555 simul
1273 2515 1392 2555 esse
1434 2514 1558 2553 cum
1597 2499 1776 2563 Patre,
1810 2499 2144 2552 calumnian-

546 2605 666 2659 tur,
701 2603 779 2660 οι,
809 2591 928 2647 D'uo
955 2607 1104 2663 ergo,
1130 2592 1403 2660 inquiunt,
1426 2608 1535 2645 non
1566 2593 1746 2660 genita
1773 2591 2146 2647 constituitis?

553 2689 623 2740 At
671 2687 769 2754 ipsi
803 2685 1053 2740 dicentes
1097 2685 1266 2754 ipsius
1309 2684 1630 2750 sapientiam
1667 2699 1776 2736 non
1840 2700 1962 2737 esse
1992 2686 2150 2752 geni-

556 2791 666 2829 tam
698 2791 806 2830 non
836 2775 1285 2828 animadvertunt
1338 2773 1478 2827 idem
1505 2775 1953 2844 reprehensionis
1983 2776 2146 2830 telum

555 2875 744 2922 contra
791 2881 861 2921 se
919 2881 1077 2934 posse
1119 2866 1446 2935 retorqueri.
1511 2865 1725 2921 Etenim
1785 2868 1975 2924 isthaec
2032 2869 2150 2937 ipsa

559 2971 752 3011 eorum
788 2955 976 3024 opinio
1009 2969 1192 3009 nonne
1221 2955 1380 3024 plane
1431 2955 1598 3010 stulta
1634 2961 1740 3021 es‘,
1802 2958 1930 3013 dum
1959 2960 2150 3014 dicuxt

555 3065 667 3104 non
693 3050 926 3118 genitam
959 3049 1281 3118 sapientiam
1315 3050 1474 3103 simul
1501 3051 1852 3107 exsistcntcm
1886 3071 2012 3110 cum
2041 3055 2151 3110 Deo

2249 1825 2455 1888 πλεῖον,
2493 1827 2577 1880 ὅτι
2605 1828 2806 1891 αὐτοὺς
2849 1828 2948 1898 μὲν
2983 1828 3202 1898 άληθῶς
3247 1827 3545 1897 ὑφεστάναι
3580 1829 3782 1892 θέλουσι,

2247 1917 2341 1972 τὸν
2371 1920 2428 1972 δὲ
2489 1921 2590 1974 τοῦ
2623 1921 2762 1974 Θεοῦ
2793 1922 2968 1990 Λόγον
2992 1921 3227 1991 -όνόματι
3291 1923 3451 1992 μόνον
3513 1923 3785 1993 νομίζουσιν

2247 2007 2410 2068 εἶναι.
2453 2015 2578 2077 Πῶς
2643 2014 2702 2068 δὲ
2732 2015 2794 2070 σύ
2829 2014 3192 2084 τερατολογία
3254 2017 3440 2070 αὐτῶν
3473 2018 3562 2069 καὶ
3616 2015 3784 2080 ταῦτα,

2247 2103 2432 2174 λέγειν
2457 2108 2560 2178 μὲν
2589 2108 2786 2177 σοφίαν
2813 2108 3275 2178 συνυπάρχουσαν
3346 2108 3424 2180 τῷ
3485 2109 3672 2178 “arpi,
3725 2108 3786 2179 μὴ

2247 2200 2431 2266 λέγειν
2459 2201 2515 2252 δὲ
2557 2199 2766 2270 ταύτην
2794 2199 2885 2252 τὸν
2923 2197 3184 2269 Χριστὸν,
3221 2199 3363 2254 ἀλλὰ
3415 2201 3608 2264 πολλᾶς
3656 2202 3785 2256 δυνά·

2251 2311 2374 2364 μείς
2401 2293 2651 2356 κτιστὰς,
2679 2293 2772 2344 καὶ
2803 2293 2993 2361 σοφίαν
3024 2288 3188 2358 εἶναι,
3216 2293 3429 2348 τούτων
3456 2295 3510 2348 δὲ
3534 2295 3655 2365 μίαν
3675 2290 3786 2347 εἶναι

2249 2387 2340 2439 τὸν
2368 2385 2592 2454 Κύριον,
2625 2384 2715 2437 τὸν
2737 2386 2833 2437 καὶ
2852 2390 2918 2456 τῇ
2953 2386 3154 2456 κάμπῃ
3196 2387 3296 2438 καὶ
3346 2390 3410 2458 τῇ
3446 2387 3619 2460 ἀκρὶδι
3643 2405 3792 2458 παραυ

2250 2479 2581 2550 ϐαλλόμενον
2607 2479 2739 2549 παρ’
2764 2479 2983 2545 αύτῶν;
3045 2479 3170 2543 Πῶς
3204 2479 3260 2534 δὲ
3295 2481 3356 2533 ού
3388 2481 3689 2552 πανοῦργοι,
3725 2483 3794 2536 ὅτι

2252 2574 2384 2643 παρ’
2411 2577 2570 2644 ἡμῶν
2601 2571 2698 2642 μὲν
2726 2571 3020 2634 ἀκούοντες
3047 2573 3420 2644 συνυπάρχειν
3447 2574 3534 2628 τὸν
3559 2572 3793 2643 Λόγοντῷ

2252 2667 2453 2738 Πατρὶ,
2480 2666 2848 2735 γογγύζουσιν
2910 2665 3070 2728 εὐθὺς
3107 2665 3442 2734 φάσκοντες,
3498 2665 3693 2720 Οὐκοῦν
3716 2666 3794 2719 δύο

2252 2758 2528 2827 άγέννητα
2556 2757 2780 2826 λέγετε;
2813 2759 2980 2812 Αὐτοὶ
3023 2759 3080 2812 δὲ
3111 2759 3370 2828 λέγοντες
3400 2761 3680 2831 ἀγέννητον
3713 2759 3797 2826 τὴν

2251 2850 2418 2904 αὐτοῦ
2451 2852 2664 2920 σοφίαν,
2698 2851 2795 2920 οὐχ
2821 2850 2989 2919 ὁρῶσι
3014 2851 3138 2903 κατ’
3169 2852 3356 2906 αὐτῶν
3404 2851 3713 2921 φθάνουσαν,
3741 2850 3798 2922 ἢν

2253 2945 2537 2998 αἰτιῶνται
2574 2943 2808 3012 ματαίαν
2844 2941 3074 3012 μέμψιν.
3131 2944 3238 2995 Καὶ
3269 2943 3383 3014 γάρ
3411 2943 3628 3013 κάκείνῃ
3657 2941 3795 2995 πάλιν

2257 3036 2439 3090 αὐτῶν
2466 3037 2499 3105 ἡ
2531 3035 2741 3089 διάνοια
2778 3034 2893 3097 πῶς
2945 3035 3005 3086 οὐ
3072 3035 3213 3089 πάνυ
3247 3037 3435 3107 μωρὰ,
3506 3035 3674 3103 λέγειν
3714 3035 3796 3103 τὴν

555 3157 680 3196 esse
714 3141 916 3194 Deum?
949 3140 1166 3209 Aliquid
1216 3142 1362 3196 enim
1406 3142 1572 3198 simul
1599 3156 1721 3198 esse
1760 3145 1981 3208 dicitur,
2037 3165 2144 3202 non

2256 3130 2555 3200 ἀγέννητον
2599 3128 3058 3199 συνυπάρχουσαν
3117 3127 3192 3194 τῷ
3227 3127 3352 3199 Θεῷ
3411 3129 3602 3198 σοφίαν
3662 3127 3796 3179 mier

555 3235 684 3306 quia
717 3250 928 3295 secum,
985 3237 1078 3287 sed
1125 3235 1248 3301 quia
1281 3251 1405 3290 cum
1434 3236 1619 3306 aliquo
1654 3237 1744 3290 sit.
1780 3236 2148 3302 Quemadmo-

556 3328 687 3382 dum
744 3327 1103 3396 Evangelistte
1154 3328 1220 3380 de
1263 3327 1493 3384 Domino
1545 3329 1756 3398 dicunt,
1801 3331 1974 3384 Simul
2030 3343 2148 3386 erat

559 3435 684 3472 cum
721 3417 1032 3486 discipulis,
1069 3420 1319 3486 nonquia
1352 3436 1535 3474 secum
1569 3421 1708 3490 ipse,
1739 3423 1833 3476 sed
1865 3425 1990 3492 quia
2021 3442 2144 3478 cum

559 3510 669 3565 iilis
698 3521 835 3564 erat.
872 3508 984 3563 Nisi
1020 3525 1149 3564 vero
1175 3513 1532 3581 compositum
1569 3529 1686 3568 esse
1712 3515 1882 3568 Deum
1909 3515 2141 3570 amrma-

562 3605 766 3667 verint,
817 3603 1128 3670 habercquc
1178 3603 1524 3671 sapientiam,
1559 3621 1680 3674 quae
1726 3621 1826 3659 nec
1851 3607 1966 3674 ipsa
1998 3608 2151 3677 geni-

565 3706 617 3747 ta
656 3693 747 3759 sil,
775 3708 1104 3759 connexam,
1141 3701 1194 3747 et
1228 3695 1594 3762 complentem
1630 3695 1800 3764 ipsius
1821 3701 2142 3765 essentiam,

564 3799 728 3856 quam
761 3785 982 3854 quidem
1017 3785 1342 3854 sapientiam
1382 3787 1570 3840 mundi
1602 3787 1938 3843 effectricem
1991 3789 2149 3844 indu-

563 3887 717 3937 cunt.
748 3888 808 3931 ut
840 3879 961 3947 ejus
989 3879 1423 3948 procreationem
1450 3880 1694 3934 adimant
1729 3881 1887 3947 Filio,
1908 3890 1961 3936 et
1987 3881 2148 3938 Verbi

565 3985 632 4024 ac
658 3970 942 4040 sapientiae
974 3973 1274 4026 abutuntur
1312 3974 1556 4038 nomine,
1593 3973 1849 4043 aliudque
1879 3973 1982 4028 sibi
2017 3973 2150 4029 Ver-

565 4064 696 4118 bum
727 4072 781 4118 et
805 4065 1129 4134 sapientiam
1174 4066 1570 4136 contingentes,
1624 4083 1813 4121 verum
1871 4067 1962 4121 Dei
2022 4068 2155 4123 Ver-

567 4155 703 4210 bum
758 4161 815 4208 et
867 4171 1051 4208 veram
1108 4173 1171 4209 ac
1220 4156 1391 4209 solam
1444 4155 1540 4210 Dei
1579 4157 1902 4226 sapientiam
1933 4168 2157 4226 negant,

569 4255 734 4314 atque
763 4245 835 4299 ita
897 4247 1147 4300 homines
1195 4246 1345 4314 impii
1402 4246 1735 4302 Manichaeos
1768 4248 2085 4302 imitantur.

1091 4417 1174 4471 Ea:
1203 4422 1382 4471 eodem
1423 4418 1576 4472 libro.

643 4509 1113 4578 Quemadmodum
1139 4527 1261 4565 cum
1285 4513 1534 4567 audimus
1553 4513 1820 4569 Joannem
1841 4516 2114 4571 dicentem
2138 4535 2151 4571 :

585 4604 807 4660 Verbum
869 4617 994 4656 caro
1036 4604 1236 4673 factum
1277 4604 1419 4669 est',
1478 4621 1588 4658 non
1682 4605 1916 4660 Verbum
1979 4608 2157 4678 ipsum

580 4702 749 4749 totum
788 4705 1012 4746 carnem
1062 4691 1444 4762 intelligimus,
1480 4693 1574 4746 sed
1609 4708 1828 4748 carnem
1891 4694 2154 4761 induisse,

579 4797 740 4855 atque
800 4785 1075 4839 hominem
1129 4784 1332 4838 factum
1375 4799 1517 4845 esse.
1575 4795 1628 4839 et
1680 4801 1802 4840 cum
1861 4787 2154 4841 audimus:

579 4876 818 4932 Christus
853 4876 1025 4944 factus
1049 4886 1123 4930 est
1153 4875 1485 4929 maledictum
1515 4891 1611 4946 pro
1642 4877 1788 4931 nobis
1821 4879 1863 4942 ’,
1922 4887 1977 4932 et
2013 4896 2026 4932 :
2059 4877 2166 4944 Qui

577 4978 843 5028 peccatum
877 4985 980 5022 non
1020 4970 1176 5032 novit,
1203 4985 1296 5038 pro
1325 4969 1470 5022 nobis
1506 4978 1773 5037 peccatum
1803 4971 1921 5040 fecit
1954 4971 1992 5032 ³,
2051 4986 2160 5025 non

579 5071 751 5116 totum
801 5076 926 5116 esse
981 5063 1185 5117 factum
1225 5063 1687 5127 maledictionem,
1723 5075 1818 5120 aut
1878 5077 2162 5134 peccatum

575 5157 963 5225 intelligemus,
1019 5155 1112 5210 sed
1175 5157 1613 5210 maledictionem
1676 5165 1936 5221 nostram,
1973 5167 2031 5209 ut
2089 5157 2165 5210 ait

575 5249 901 5318 Apostolus,
949 5247 1276 5317 suscepisse,
1311 5256 1371 5301 ut
1417 5263 1520 5300 nos
1551 5264 1579 5300 a
1615 5247 2001 5302 maledictionc
2030 5248 2164 5302 libe-

576 5349 742 5403 raret,
775 5348 994 5407 peccata
1021 5353 1150 5391 vero
1181 5346 1386 5400 nostra,
1434 5347 1493 5390 ut
1524 5337 1698 5405 inquit
1727 5337 1888 5392 Isaias
1909 5338 1949 5402 ⁸,
1984 5338 2164 5406 ipsum

576 5434 792 5496 tulisse,
825 5446 1018 5500 eaque,
1049 5439 1106 5482 ut
1135 5429 1326 5483 Petrus
1365 5429 1441 5482 ait
1460 5433 1503 5492 ⁸,
1563 5429 1614 5481 in
1655 5444 1882 5499 corpore
1908 5445 2006 5483 suo
2037 5444 2164 5483 sus-

581 5525 773 5576 tulisse
819 5537 982 5590 super
1031 5521 1235 5591 lignum
1274 5521 1398 5576 :sir
1461 5535 1586 5572 cum
1615 5521 1988 5574 audiverimns
2033 5519 2164 5575 illud

657 5713 671 5742 ³
697 5710 849 5767 JoaJ.
881 5727 920 5778 ι,
954 5713 1034 5767 ιι.
1121 5713 1140 5741 ’
1163 5713 1334 5767 Galat.
1366 5727 1445 5777 ιιι,
1485 5712 1567 5766 t5.
1647 5713 1665 5742 '
1699 5712 1739 5765 li
1774 5713 1900 5767 Cor.
1939 5729 1988 5776 v,
2029 5712 2116 5766 τι.

2191 4481 2238 4537 D

2256 3219 2402 3276 εἶναι
2430 3221 2522 3273 τὸν
2546 3220 2716 3286 Θεόν;
2745 3221 2804 3273 τὸ
2853 3221 2963 3290 γὰρ
2998 3225 3352 3292 συνυπάρχον
3388 3221 3483 3293 οὐχ
3515 3220 3796 3292 eandm-ivi

2253 3314 2308 3368 δὲ
2343 3313 2682 3383 συνυπάρχει
2705 3353 2719 3378 ,
2749 3312 2822 3376 ὡς
2860 3315 2991 3384 περὶ
3025 3312 3120 3366 τοῦ
3147 3315 3361 3383 Κυρίου
3383 3314 3630 3382 λέγουσιν
3665 3315 3705 3365 oi
3725 3313 3798 3363 εὑ-

2255 3403 2608 3474 αγγελισταὶ,
2644 3405 2728 3456 ὅτι
2765 3403 2932 3473 συνῆν
2966 3405 3081 3466 τοῖς
3126 3403 3424 3475 μαθηταῖς.
3460 3407 3531 3459 Οὐ
3563 3406 3662 3474 γὰρ
3693 3403 3802 3455 ἑαυα-

2253 3498 2352 3567 τῷ,
2385 3496 2521 3550 ἀλλὰ
2545 3498 2654 3558 τοῖς
2684 3495 2957 3566 μαθηταῖς
2986 3497 3174 3567 συνῆν.
3214 3497 3274 3549 Et
3319 3497 3395 3570 μὴ
3431 3497 3538 3570 ἄρα
3579 3495 3803 3551 σύνθετον

2261 3591 2473 3643 εἴποιεν
2507 3588 2598 3640 τδν
2628 3587 2762 3640 Θεὸν
2796 3586 2991 3657 ἔχοντα
3045 3589 3576 3662 συμπεπλεγμένην,
3625 3588 3655 3659 ἦ
3688 3605 3806 3655 σύμ·-

2256 3682 2614 3754 πληρωτικὴν
2640 3681 2738 3748 τῆς
2769 3680 2956 3742 οὐσίας
2980 3681 3145 3734 αὑτοῦ
3180 3682 3280 3752 τὴν
3315 3683 3507 3752 σοφίαν
3538 3683 3803 3750 ἀγέννητον

2259 3773 2424 3828 οὖσαν
2460 3772 2553 3825 καὶ
2582 3771 2774 3840 αὐτὴν,
2801 3772 2992 3839 ἥντινα
3023 3772 3119 3823 καὶ
3171 3772 3512 3845 δημιουργὸν
3553 3772 3805 3840 εἰσάγουσι

2257 3864 2353 3916 τοῦ
2385 3865 2615 3934 κόσμου,
2653 3863 2738 3915 ἵνα
2784 3865 2878 3916 καὶ
2903 3862 2994 3915 τοῦ
3049 3863 3406 3934 δημιουργεῖν
3429 3865 3521 3918 τὸν
3548 3865 3667 3918 Υίὸν
3690 3863 3808 3932 ἀφέ-

2257 3955 2476 4010 λωνται.
2517 3958 2622 4010 Καὶ
2651 3955 2726 4022 τῷ
2752 3958 2852 4025 μὲν
2875 3955 3104 4025 ὀνόματι
3133 3956 3226 4008 τοῦ
3259 3958 3463 4025 Λόγου,
3493 3959 3583 4012 καὶ
3607 3957 3697 4025 τῆς
3735 3971 3809 4008 σοι

2261 4048 2392 4120 φίας
2427 4050 2838 4120 καταχρῶνται,
2867 4050 3034 4120 ἕτερα
3064 4049 3119 4102 δὲ
3146 4051 3369 4116 ἑαυτοῖς
3401 4051 3802 4109 ἀναπλάττοντες

2259 4140 2554 4212 ἀρνοῦνται
2613 4142 2704 4194 τὸν
2736 4141 2989 4212 ἀληθινὸν
3032 4141 3126 4194 τοῦ
3163 4141 3301 4198 Θεοῦ
3353 4144 3547 4212 Λόγον,
3603 4142 3694 4196 καὶ
3725 4138 3809 4207 τὴν

2257 4235 2428 4298 ὅντως
2459 4235 2557 4287 καὶ
2594 4234 2764 4305 μόνην
2797 4235 2991 4302 σοφίαν
3024 4234 3119 4288 τοῦ
3175 4227 3341 4303 Θεοῦ,
3376 4237 3472 4291 καὶ
3505 4233 3812 4304 Μανιχαίους

2267 4327 2461 4382 λοιπὸν
2495 4326 2755 4398 ζηλοῦσιν
2781 4328 2832 4380 οἱ
2862 4327 3063 4383 ἄθλιοι.

2703 4421 2806 4474 Ἐκ
2844 4421 2951 4473 τοῦ
2983 4421 3174 4474 αὑτοῦ
3201 4422 3413 4489 λόγου.

2345 4509 2561 4581 Ὥσπερ
2626 4509 2878 4562 Ἰωάννου
2941 4511 3256 4579 ἀκούοντες,
3309 4511 3375 4565 '0
3414 4514 3605 4582 Λόγος
3673 4505 3811 4575 σὰρξ

2261 4599 2525 4669 ἐγένετο,
2555 4599 2656 4652 οὐκ
2688 4601 2851 4652 αὑτὸν
2885 4601 3003 4653 ὂλον
3041 4602 3221 4671 σάρκα
3248 4603 3480 4673 νοοῦμεν
3527 4603 3614 4654 τὸν
3638 4600 3810 4666 Λόγον,

2261 4694 2398 4749 ἀλλὰ
2431 4695 2612 4760 σάρκα
2640 4695 3020 4764 ἐνδυσάμενον,
3074 4697 3169 4747 καὶ
3202 4698 3497 4767 γενόμενον
3529 4696 3809 4765 ἄνθρωπον,

2262 4787 2554 4848 ἀκούοντές
2592 4805 2672 4854 τε,
2701 4789 2958 4855 Χριστὸς
3004 4788 3258 4859 γέγονεν
3289 4794 3444 4860 ὑπὲρ
3487 4789 3649 4860 ἡμῶν
3694 4802 3812 4842 θιατ-

2262 4878 2398 4947 ἀραν
2434 4881 2530 4933 καὶ
2560 4897 2589 4932 τ
2596 4882 2666 4932 ὧν
2722 4880 2809 4949 μὴ
2863 4883 3088 4949 γνόντα
3153 4883 3452 4952 ἁμαρτίαν
3489 4885 3636 4952 ὑπὲρ
3664 4875 3811 4949 ἡμῶν

2264 4972 2561 5038 ἁμαρτίαν
2588 4972 2906 5038 ἐποίησεν,
2936 4975 3035 5026 οὐκ
3058 4974 3190 5028 αὐτὸ
3236 4976 3396 5029 τοῦτο
3443 4977 3563 5030 ὅλον
3595 4975 3810 5040 κατάραν

2262 5055 2358 5114 καὶ
2397 5061 2673 5131 ἁμαρτίαν
2705 5064 2935 5132 νοοῦμεν
2977 5065 3140 5120 αὑτὸν
3178 5068 3536 5138 γεγενῆσθαι,
3601 5063 3706 5127 ἀλλ’
3737 5063 3806 5113 ὅτι

2261 5151 2361 5221 τὴν
2395 5151 2494 5217 μὲν
2517 5151 2635 5205 καθ’
2659 5153 2814 5222 ἡμῶν
2850 5155 3102 5226 κατάραν
3133 5157 3447 5224 ἀνεδέξατο,
3505 5159 3578 5221 ὡς
3613 5153 3749 5208 εἶπεν
3781 5151 3805 5201 ὁ

2275 5239 2621 5308 Ἀπὸοτολος,
2646 5245 2989 5316 ἐξαγοράσας
3036 5250 3180 5318 ἡμᾶς
3209 5251 3271 5302 ὲκ
3297 5249 3398 5320 τῆς
3431 5251 3690 5318 κατάρας.
3725 5244 3809 5301 τὰς

2262 5331 2319 5384 δὲ
2351 5335 2624 5403 ἁμαρτίας
2654 5337 2834 5404 ἡμῶν,
2880 5339 2954 5401 ὡς
2989 5340 3088 5407 μὲν
3125 5337 3352 5402 Ἡσαΐας
3382 5334 3557 5401 εἶπεν,
3589 5336 3804 5387 ὲὸἀστα-

2267 5440 2392 5477 σεν·
2441 5427 2516 5488 ὡς
2574 5429 2628 5479 δὲ
2676 5430 2704 5481 ο
2754 5429 2956 5496 Πέτρος
2987 5426 3162 5494 εἶπεν,
3223 5433 3524 5502 ἀνήνεγκεν
3557 5419 3809 5488 αὑτὰςτῷ

2266 5515 2480 5587 σώματι
2512 5519 2603 5570 ἐπὶ
2633 5519 2727 5572 τοῦ
2753 5519 2910 5584 ξύλου
2933 5539 2946 5552 ο
2982 5521 3153 5587 οὓτως
3178 5523 3274 5576 ἐὰν
3290 5522 3610 5592 ἀκούσωμεν
3635 5521 3687 5572 ἐν
3707 5515 3810 5576 ταῖς

2194 5711 2215 5742 ⁸
2259 5709 2362 5766 lsa.
2396 5727 2516 5778 un,
2547 5712 2598 5765 5.
2680 5712 2741 5766 Ἰ
2777 5713 2920 5768 Pctr.
2958 5730 3018 5778 ιι,
3050 5713 3140 5767 'Zl.
