  <div class='ocr_page' id='page_1' title='image "/cluster/home/n/w/nwhite01/storage/ocr_20150623/130/mdp.39015078384255/202.png"; bbox 0 0 4102 6298; ppageno 0'>
   <div class='ocr_carea' id='block_1_1' title="bbox 282 312 1869 382">
    <p class='ocr_par' dir='ltr' id='par_1_1' title="bbox 282 315 1869 382">
     <span class='ocr_line' id='line_1_1' title="bbox 282 315 1869 382; baseline -0.003 -2"><span class='ocrx_word' id='word_1_1' title='bbox 282 317 398 382; x_wconf 85' lang='grc'><strong>389</strong></span> <span class='ocrx_word' id='word_1_2' title='bbox 1246 315 1622 378; x_wconf 76' lang='lat' dir='ltr'><strong>PANOPLIA</strong></span> <span class='ocrx_word' id='word_1_3' title='bbox 1663 315 1812 376; x_wconf 88' lang='lat' dir='ltr'><strong>DOG</strong></span> <span class='ocrx_word' id='word_1_4' title='bbox 1823 315 1869 375; x_wconf 78' lang='grc' dir='ltr'>Μ</span> 
     </span>
    </p>
   </div>
   <div class='ocr_carea' id='block_1_2' title="bbox 1976 312 2568 382">
    <p class='ocr_par' dir='ltr' id='par_1_2' title="bbox 1976 312 2568 374">
     <span class='ocr_line' id='line_1_2' title="bbox 1976 312 2568 374; baseline 0 -1"><span class='ocrx_word' id='word_1_5' title='bbox 1976 312 2134 373; x_wconf 75' lang='lat' dir='ltr'><strong>&#39;ICA.</strong></span> <span class='ocrx_word' id='word_1_6' title='bbox 2161 337 2231 350; x_wconf 84' lang='lat'><strong>—</strong></span> <span class='ocrx_word' id='word_1_7' title='bbox 2271 312 2419 373; x_wconf 80' lang='grc' dir='ltr'><strong>ΤΙΤ.</strong></span> <span class='ocrx_word' id='word_1_8' title='bbox 2463 313 2568 374; x_wconf 76' lang='grc' dir='ltr'><strong>ΧΙ.</strong></span> 
     </span>
    </p>
   </div>
   <div class='ocr_carea' id='block_1_3' title="bbox 277 425 1869 501">
    <p class='ocr_par' dir='ltr' id='par_1_3' title="bbox 277 427 1862 501">
     <span class='ocr_line' id='line_1_3' title="bbox 277 427 1862 501; baseline -0.002 -19"><span class='ocrx_word' id='word_1_9' title='bbox 277 431 620 501; x_wconf 84' lang='grc' dir='ltr'>Παροιμίαις</span> <span class='ocrx_word' id='word_1_10' title='bbox 657 429 719 483; x_wconf 78' lang='grc' dir='ltr'>τὸ</span> <span class='ocrx_word' id='word_1_11' title='bbox 740 431 1007 494; x_wconf 73' lang='grc' dir='ltr'>ἔκτισεν,</span> <span class='ocrx_word' id='word_1_12' title='bbox 1033 430 1092 482; x_wconf 84' lang='grc' dir='ltr'><strong>οὐ</strong></span> <span class='ocrx_word' id='word_1_13' title='bbox 1125 429 1207 483; x_wconf 84' lang='grc' dir='ltr'>δεῖ</span> <span class='ocrx_word' id='word_1_14' title='bbox 1232 443 1439 500; x_wconf 81' lang='grc' dir='ltr'>κτισμα</span> <span class='ocrx_word' id='word_1_15' title='bbox 1459 431 1582 483; x_wconf 82' lang='grc' dir='ltr'>δλον</span> <span class='ocrx_word' id='word_1_16' title='bbox 1601 433 1667 500; x_wconf 77' lang='grc' dir='ltr'>τῇ</span> <span class='ocrx_word' id='word_1_17' title='bbox 1702 427 1862 497; x_wconf 70' lang='grc' dir='ltr'>φύσει</span> 
     </span>
    </p>
   </div>
   <div class='ocr_carea' id='block_1_4' title="bbox 1976 425 3556 501">
    <p class='ocr_par' dir='ltr' id='par_1_4' title="bbox 1976 425 3556 490">
     <span class='ocr_line' id='line_1_4' title="bbox 1976 425 3556 490; baseline 0.001 -10"><span class='ocrx_word' id='word_1_18' title='bbox 1976 441 2033 480; x_wconf 79' lang='lat' dir='ltr'><strong>ex</strong></span> <span class='ocrx_word' id='word_1_19' title='bbox 2082 425 2396 481; x_wconf 79' lang='lat' dir='ltr'><strong>Proverbiis</strong></span> <span class='ocrx_word' id='word_1_20' title='bbox 2431 427 2467 490; x_wconf 87' lang='lat'><strong>&#39;,</strong></span> <span class='ocrx_word' id='word_1_21' title='bbox 2518 425 2731 485; x_wconf 74' lang='lat' dir='ltr'><strong>creauit.</strong></span> <span class='ocrx_word' id='word_1_22' title='bbox 2776 438 2883 478; x_wconf 81' lang='lat' dir='ltr'><strong>non</strong></span> <span class='ocrx_word' id='word_1_23' title='bbox 2939 431 3117 478; x_wconf 89' lang='lat' dir='ltr'><strong>totum</strong></span> <span class='ocrx_word' id='word_1_24' title='bbox 3168 432 3365 480; x_wconf 83' lang='lat' dir='ltr'><strong>natura</strong></span> <span class='ocrx_word' id='word_1_25' title='bbox 3393 441 3556 482; x_wconf 77' lang='lat' dir='ltr'><strong>crea-</strong></span> 
     </span>
    </p>
   </div>
   <div class='ocr_carea' id='block_1_5' title="bbox 276 516 1869 590">
    <p class='ocr_par' dir='ltr' id='par_1_5' title="bbox 276 522 1865 590">
     <span class='ocr_line' id='line_1_5' title="bbox 276 522 1865 590; baseline -0.003 -13"><span class='ocrx_word' id='word_1_26' title='bbox 276 527 427 577; x_wconf 86' lang='grc' dir='ltr'>νοεῖν</span> <span class='ocrx_word' id='word_1_27' title='bbox 453 524 546 576; x_wconf 80' lang='grc' dir='ltr'>τὸν</span> <span class='ocrx_word' id='word_1_28' title='bbox 579 525 773 590; x_wconf 83' lang='grc' dir='ltr'>Λόγον.</span> <span class='ocrx_word' id='word_1_29' title='bbox 847 523 964 575; x_wconf 80' lang='grc' dir='ltr'>ἀλλ’</span> <span class='ocrx_word' id='word_1_30' title='bbox 1025 524 1108 576; x_wconf 77' lang='grc' dir='ltr'>ὅτι</span> <span class='ocrx_word' id='word_1_31' title='bbox 1173 523 1235 576; x_wconf 86' lang='grc' dir='ltr'><strong>τὸ</strong></span> <span class='ocrx_word' id='word_1_32' title='bbox 1298 524 1520 576; x_wconf 82' lang='grc' dir='ltr'>κτιστδν</span> <span class='ocrx_word' id='word_1_33' title='bbox 1576 522 1865 575; x_wconf 80' lang='grc' dir='ltr'><strong>ἐνεδύσατο</strong></span> 
     </span>
    </p>
   </div>
   <div class='ocr_carea' id='block_1_6' title="bbox 1976 516 3555 590">
    <p class='ocr_par' dir='ltr' id='par_1_6' title="bbox 1976 516 3555 587">
     <span class='ocr_line' id='line_1_6' title="bbox 1976 516 3555 587; baseline -0.003 -16"><span class='ocrx_word' id='word_1_34' title='bbox 1976 527 2084 572; x_wconf 88' lang='lat' dir='ltr'><strong>tum</strong></span> <span class='ocrx_word' id='word_1_35' title='bbox 2122 520 2354 572; x_wconf 78' lang='lat' dir='ltr'><strong>Verbum</strong></span> <span class='ocrx_word' id='word_1_36' title='bbox 2383 519 2647 571; x_wconf 82' lang='lat' dir='ltr'><strong>debemus</strong></span> <span class='ocrx_word' id='word_1_37' title='bbox 2684 517 3007 587; x_wconf 73' lang='lat' dir='ltr'><strong>intelligere,</strong></span> <span class='ocrx_word' id='word_1_38' title='bbox 3049 516 3142 569; x_wconf 88' lang='lat' dir='ltr'><strong>sed</strong></span> <span class='ocrx_word' id='word_1_39' title='bbox 3167 529 3368 582; x_wconf 86' lang='lat' dir='ltr'><strong>corpus</strong></span> <span class='ocrx_word' id='word_1_40' title='bbox 3400 530 3555 569; x_wconf 81' lang='lat' dir='ltr'><strong>erea-</strong></span> 
     </span>
    </p>
   </div>
   <div class='ocr_carea' id='block_1_7' title="bbox 280 605 1869 683">
    <p class='ocr_par' dir='ltr' id='par_1_7' title="bbox 280 613 1866 683">
     <span class='ocr_line' id='line_1_7' title="bbox 280 613 1866 683; baseline -0.001 -16"><span class='ocrx_word' id='word_1_41' title='bbox 280 615 472 683; x_wconf 83' lang='grc' dir='ltr'>σῶμα,</span> <span class='ocrx_word' id='word_1_42' title='bbox 509 615 603 667; x_wconf 69' lang='grc' dir='ltr'><strong>καὶ</strong></span> <span class='ocrx_word' id='word_1_43' title='bbox 663 613 804 683; x_wconf 80' lang='grc' dir='ltr'>ὑπὲρ</span> <span class='ocrx_word' id='word_1_44' title='bbox 839 615 998 682; x_wconf 79' lang='grc' dir='ltr'>ἡμῶν</span> <span class='ocrx_word' id='word_1_45' title='bbox 1063 613 1280 667; x_wconf 71' lang='grc' dir='ltr'>ἔκτισεν</span> <span class='ocrx_word' id='word_1_46' title='bbox 1313 615 1478 666; x_wconf 78' lang='grc' dir='ltr'>αὑτὸν</span> <span class='ocrx_word' id='word_1_47' title='bbox 1537 616 1565 668; x_wconf 78' lang='grc'>6</span> <span class='ocrx_word' id='word_1_48' title='bbox 1613 614 1747 677; x_wconf 72' lang='grc' dir='ltr'>Θεὸς</span> <span class='ocrx_word' id='word_1_49' title='bbox 1785 616 1866 676; x_wconf 76' lang='grc' dir='ltr'>εἰς</span> 
     </span>
    </p>
   </div>
   <div class='ocr_carea' id='block_1_8' title="bbox 1976 605 3555 683">
    <p class='ocr_par' dir='ltr' id='par_1_8' title="bbox 1976 605 3555 678">
     <span class='ocr_line' id='line_1_8' title="bbox 1976 605 3555 678; baseline -0.003 -16"><span class='ocrx_word' id='word_1_50' title='bbox 1976 620 2083 662; x_wconf 86' lang='lat' dir='ltr'><strong>tum</strong></span> <span class='ocrx_word' id='word_1_51' title='bbox 2112 611 2441 678; x_wconf 85' lang='lat' dir='ltr'><strong>suscepisse.</strong></span> <span class='ocrx_word' id='word_1_52' title='bbox 2475 610 2576 663; x_wconf 90' lang='lat' dir='ltr'><strong>Pro</strong></span> <span class='ocrx_word' id='word_1_53' title='bbox 2599 609 2758 662; x_wconf 91' lang='lat' dir='ltr'><strong>nobis</strong></span> <span class='ocrx_word' id='word_1_54' title='bbox 2784 609 2926 661; x_wconf 88' lang='lat' dir='ltr'><strong>enim</strong></span> <span class='ocrx_word' id='word_1_55' title='bbox 2951 605 3150 661; x_wconf 85' lang='lat' dir='ltr'><strong>creavit</strong></span> <span class='ocrx_word' id='word_1_56' title='bbox 3185 605 3364 676; x_wconf 82' lang='lat' dir='ltr'><strong>ipsum</strong></span> <span class='ocrx_word' id='word_1_57' title='bbox 3394 606 3555 672; x_wconf 89' lang='lat' dir='ltr'><strong>Deus,</strong></span> 
     </span>
    </p>
   </div>
   <div class='ocr_carea' id='block_1_9' title="bbox 3439 313 3554 378">
    <p class='ocr_par' dir='ltr' id='par_1_9' title="bbox 3439 313 3554 378">
     <span class='ocr_line' id='line_1_9' title="bbox 3439 313 3554 378; baseline 0 0"><span class='ocrx_word' id='word_1_58' title='bbox 3439 313 3554 378; x_wconf 83' lang='lat'><strong>390</strong></span> 
     </span>
    </p>
   </div>
   <div class='ocr_carea' id='block_1_10' title="bbox 279 705 1862 776">
    <p class='ocr_par' dir='ltr' id='par_1_10' title="bbox 279 705 1862 776">
     <span class='ocr_line' id='line_1_10' title="bbox 279 705 1862 776; baseline -0.001 -18"><span class='ocrx_word' id='word_1_59' title='bbox 279 706 461 774; x_wconf 75' lang='grc' dir='ltr'>ἡμᾶς,</span> <span class='ocrx_word' id='word_1_60' title='bbox 487 705 548 758; x_wconf 83' lang='grc' dir='ltr'>τὺ</span> <span class='ocrx_word' id='word_1_61' title='bbox 580 706 798 758; x_wconf 79' lang='grc' dir='ltr'>κτιστὸν</span> <span class='ocrx_word' id='word_1_62' title='bbox 826 705 976 774; x_wconf 85' lang='grc' dir='ltr'><strong>αύτῷ</strong></span> <span class='ocrx_word' id='word_1_63' title='bbox 1001 707 1358 776; x_wconf 75' lang='grc' dir='ltr'>καταρτίσας,</span> <span class='ocrx_word' id='word_1_64' title='bbox 1402 705 1477 769; x_wconf 80' lang='grc' dir='ltr'>ὡς</span> <span class='ocrx_word' id='word_1_65' title='bbox 1528 706 1862 775; x_wconf 75' lang='grc' dir='ltr'>γέγραπται,</span> 
     </span>
    </p>
   </div>
   <div class='ocr_carea' id='block_1_11' title="bbox 283 796 1862 869">
    <p class='ocr_par' dir='ltr' id='par_1_11' title="bbox 283 796 1862 869">
     <span class='ocr_line' id='line_1_11' title="bbox 283 796 1862 869; baseline 0.001 -20"><span class='ocrx_word' id='word_1_66' title='bbox 283 796 474 865; x_wconf 83' lang='grc' dir='ltr'>σῶμα,</span> <span class='ocrx_word' id='word_1_67' title='bbox 505 797 574 848; x_wconf 81' lang='grc' dir='ltr'><strong>ἶν’</strong></span> <span class='ocrx_word' id='word_1_68' title='bbox 598 799 659 848; x_wconf 70' lang='grc' dir='ltr'>ὲν</span> <span class='ocrx_word' id='word_1_69' title='bbox 679 797 826 866; x_wconf 79' lang='grc' dir='ltr'>αὐτῷ</span> <span class='ocrx_word' id='word_1_70' title='bbox 857 799 1315 869; x_wconf 76' lang='grc' dir='ltr'>ἀνακαινισθῆναι</span> <span class='ocrx_word' id='word_1_71' title='bbox 1351 801 1444 852; x_wconf 70' lang='grc' dir='ltr'><strong>καὶ</strong></span> <span class='ocrx_word' id='word_1_72' title='bbox 1481 798 1862 868; x_wconf 81' lang='grc' dir='ltr'>υἱοποιηθῆναι</span> 
     </span>
    </p>
   </div>
   <div class='ocr_carea' id='block_1_12' title="bbox 277 883 1862 960">
    <p class='ocr_par' dir='ltr' id='par_1_12' title="bbox 277 883 1862 960">
     <span class='ocr_line' id='line_1_12' title="bbox 277 883 1862 960; baseline -0.001 -18"><span class='ocrx_word' id='word_1_73' title='bbox 277 887 632 956; x_wconf 80' lang='grc' dir='ltr'>δυνηθῶμεν.</span> <span class='ocrx_word' id='word_1_74' title='bbox 690 888 754 940; x_wconf 81' lang='grc' dir='ltr'>Τί</span> <span class='ocrx_word' id='word_1_75' title='bbox 813 889 993 942; x_wconf 81' lang='grc' dir='ltr'>τοίνυν</span> <span class='ocrx_word' id='word_1_76' title='bbox 1028 891 1174 959; x_wconf 83' lang='grc' dir='ltr'>ὑμᾶς</span> <span class='ocrx_word' id='word_1_77' title='bbox 1202 892 1508 959; x_wconf 69' lang='grc' dir='ltr'>ἠπάτησεν,</span> <span class='ocrx_word' id='word_1_78' title='bbox 1543 883 1588 942; x_wconf 80' lang='grc' dir='ltr'><strong>ὧ</strong></span> <span class='ocrx_word' id='word_1_79' title='bbox 1618 891 1862 960; x_wconf 73' lang='grc' dir='ltr'>ἀνόητοι,</span> 
     </span>
    </p>
   </div>
   <div class='ocr_carea' id='block_1_13' title="bbox 282 978 1866 1052">
    <p class='ocr_par' dir='ltr' id='par_1_13' title="bbox 282 978 1866 1052">
     <span class='ocr_line' id='line_1_13' title="bbox 282 978 1866 1052; baseline 0.002 -21"><span class='ocrx_word' id='word_1_80' title='bbox 282 980 466 1032; x_wconf 82' lang='grc' dir='ltr'>εἰπεῖν</span> <span class='ocrx_word' id='word_1_81' title='bbox 521 978 616 1030; x_wconf 78' lang='grc' dir='ltr'>τὸν</span> <span class='ocrx_word' id='word_1_82' title='bbox 669 980 909 1049; x_wconf 72' lang='grc' dir='ltr'>Κτῗστην</span> <span class='ocrx_word' id='word_1_83' title='bbox 954 981 1198 1050; x_wconf 84' lang='grc' dir='ltr'>κτίσμα;</span> <span class='ocrx_word' id='word_1_84' title='bbox 1251 981 1287 1052; x_wconf 78' lang='grc' dir='ltr'>ἢ</span> <span class='ocrx_word' id='word_1_85' title='bbox 1347 981 1511 1034; x_wconf 83' lang='grc' dir='ltr'>πόθεν</span> <span class='ocrx_word' id='word_1_86' title='bbox 1553 982 1866 1050; x_wconf 77' lang='grc' dir='ltr'>ὴγοράσατε</span> 
     </span>
    </p>
   </div>
   <div class='ocr_carea' id='block_1_14' title="bbox 288 1070 1869 1143">
    <p class='ocr_par' dir='ltr' id='par_1_14' title="bbox 288 1070 1869 1143">
     <span class='ocr_line' id='line_1_14' title="bbox 288 1070 1869 1143; baseline 0.002 -21"><span class='ocrx_word' id='word_1_87' title='bbox 288 1071 506 1130; x_wconf 76' lang='grc' dir='ltr'>ἑαυτοῖς</span> <span class='ocrx_word' id='word_1_88' title='bbox 530 1071 591 1122; x_wconf 85' lang='grc' dir='ltr'><strong>τὸ</strong></span> <span class='ocrx_word' id='word_1_89' title='bbox 619 1071 805 1123; x_wconf 85' lang='grc' dir='ltr'>καινὸν</span> <span class='ocrx_word' id='word_1_90' title='bbox 834 1070 1094 1140; x_wconf 79' lang='grc' dir='ltr'>φρόνημα</span> <span class='ocrx_word' id='word_1_91' title='bbox 1133 1071 1313 1137; x_wconf 81' lang='grc' dir='ltr'>τοῦτο,</span> <span class='ocrx_word' id='word_1_92' title='bbox 1340 1073 1437 1125; x_wconf 71' lang='grc' dir='ltr'>καὶ</span> <span class='ocrx_word' id='word_1_93' title='bbox 1468 1075 1526 1125; x_wconf 82' lang='grc' dir='ltr'><strong>ὲν</strong></span> <span class='ocrx_word' id='word_1_94' title='bbox 1553 1073 1701 1142; x_wconf 78' lang='grc' dir='ltr'>αὐτῷ</span> <span class='ocrx_word' id='word_1_95' title='bbox 1727 1091 1869 1143; x_wconf 78' lang='grc' dir='ltr'><strong>πομο⁸</strong></span> 
     </span>
    </p>
   </div>
   <div class='ocr_carea' id='block_1_15' title="bbox 289 1161 1865 1232">
    <p class='ocr_par' dir='ltr' id='par_1_15' title="bbox 289 1161 1865 1232">
     <span class='ocr_line' id='line_1_15' title="bbox 289 1161 1865 1232; baseline 0.004 -19"><span class='ocrx_word' id='word_1_96' title='bbox 289 1161 523 1225; x_wconf 78' lang='grc' dir='ltr'>πςύετε;</span> <span class='ocrx_word' id='word_1_97' title='bbox 577 1164 642 1214; x_wconf 79' lang='grc' dir='ltr'>Δί</span> <span class='ocrx_word' id='word_1_98' title='bbox 697 1163 805 1232; x_wconf 74' lang='grc' dir='ltr'>γὰρ</span> <span class='ocrx_word' id='word_1_99' title='bbox 852 1163 1153 1232; x_wconf 79' lang='grc' dir='ltr'><strong>Παροιμίαι</strong></span> <span class='ocrx_word' id='word_1_100' title='bbox 1198 1164 1420 1230; x_wconf 83' lang='grc' dir='ltr'>λέγουσι</span> <span class='ocrx_word' id='word_1_101' title='bbox 1477 1165 1539 1218; x_wconf 85' lang='grc' dir='ltr'>τὸ</span> <span class='ocrx_word' id='word_1_102' title='bbox 1581 1166 1865 1231; x_wconf 71' lang='grc' dir='ltr'>ἔκτισεν,</span> 
     </span>
    </p>
   </div>
   <div class='ocr_carea' id='block_1_16' title="bbox 283 1254 1864 1330">
    <p class='ocr_par' dir='ltr' id='par_1_16' title="bbox 283 1254 1864 1330">
     <span class='ocr_line' id='line_1_16' title="bbox 283 1254 1864 1330; baseline 0.005 -25"><span class='ocrx_word' id='word_1_103' title='bbox 283 1254 406 1306; x_wconf 79' lang='grc' dir='ltr'>ἀλλ’</span> <span class='ocrx_word' id='word_1_104' title='bbox 429 1255 489 1307; x_wconf 89' lang='grc' dir='ltr'><strong>ού</strong></span> <span class='ocrx_word' id='word_1_105' title='bbox 519 1255 739 1322; x_wconf 81' lang='grc' dir='ltr'>λέγουσι</span> <span class='ocrx_word' id='word_1_106' title='bbox 766 1257 974 1324; x_wconf 80' lang='grc' dir='ltr'><strong>κτίσμα</strong></span> <span class='ocrx_word' id='word_1_107' title='bbox 1003 1258 1095 1310; x_wconf 84' lang='grc' dir='ltr'><strong>τὸν</strong></span> <span class='ocrx_word' id='word_1_108' title='bbox 1134 1257 1283 1322; x_wconf 80' lang='grc' dir='ltr'>Υἰδν,</span> <span class='ocrx_word' id='word_1_109' title='bbox 1321 1259 1461 1313; x_wconf 73' lang='grc' dir='ltr'>ἀλλὰ</span> <span class='ocrx_word' id='word_1_110' title='bbox 1490 1261 1761 1330; x_wconf 85' lang='grc' dir='ltr'>γέννημα.</span> <span class='ocrx_word' id='word_1_111' title='bbox 1790 1260 1864 1312; x_wconf 82' lang='grc' dir='ltr'>Τὸ</span> 
     </span>
    </p>
   </div>
   <div class='ocr_carea' id='block_1_17' title="bbox 1959 698 3560 769">
    <p class='ocr_par' dir='ltr' id='par_1_17' title="bbox 1959 698 3560 769">
     <span class='ocr_line' id='line_1_17' title="bbox 1959 698 3560 769; baseline -0.002 -17"><span class='ocrx_word' id='word_1_112' title='bbox 1959 709 2208 755; x_wconf 75' lang='lat' dir='ltr'><strong>creatum</strong></span> <span class='ocrx_word' id='word_1_113' title='bbox 2242 701 2380 769; x_wconf 90' lang='lat' dir='ltr'><strong>ipsi,</strong></span> <span class='ocrx_word' id='word_1_114' title='bbox 2409 708 2469 752; x_wconf 88' lang='lat' dir='ltr'><strong>ut</strong></span> <span class='ocrx_word' id='word_1_115' title='bbox 2503 699 2766 768; x_wconf 86' lang='lat' dir='ltr'><strong>scriptum</strong></span> <span class='ocrx_word' id='word_1_116' title='bbox 2799 708 2880 751; x_wconf 89' lang='lat' dir='ltr'><strong>est</strong></span> <span class='ocrx_word' id='word_1_117' title='bbox 2908 698 2953 760; x_wconf 81' lang='grc'>³,</span> <span class='ocrx_word' id='word_1_118' title='bbox 3021 712 3218 766; x_wconf 88' lang='lat' dir='ltr'><strong>corpus</strong></span> <span class='ocrx_word' id='word_1_119' title='bbox 3249 711 3560 750; x_wconf 83' lang='lat' dir='ltr'><strong>accommo-</strong></span> 
     </span>
    </p>
   </div>
   <div class='ocr_carea' id='block_1_18' title="bbox 1969 787 3555 861">
    <p class='ocr_par' dir='ltr' id='par_1_18' title="bbox 1969 787 3555 861">
     <span class='ocr_line' id='line_1_18' title="bbox 1969 787 3555 861; baseline -0.001 -17"><span class='ocrx_word' id='word_1_120' title='bbox 1969 791 2124 854; x_wconf 83' lang='lat' dir='ltr'><strong>dans,</strong></span> <span class='ocrx_word' id='word_1_121' title='bbox 2156 800 2214 846; x_wconf 88' lang='lat' dir='ltr'><strong>ut</strong></span> <span class='ocrx_word' id='word_1_122' title='bbox 2243 792 2296 845; x_wconf 93' lang='lat' dir='ltr'><strong>in</strong></span> <span class='ocrx_word' id='word_1_123' title='bbox 2320 806 2386 844; x_wconf 91' lang='lat' dir='ltr'><strong>eo</strong></span> <span class='ocrx_word' id='word_1_124' title='bbox 2417 806 2707 861; x_wconf 77' lang='lat' dir='ltr'><strong>possemus</strong></span> <span class='ocrx_word' id='word_1_125' title='bbox 2737 805 2839 844; x_wconf 85' lang='lat' dir='ltr'><strong>nos</strong></span> <span class='ocrx_word' id='word_1_126' title='bbox 2869 789 3142 854; x_wconf 85' lang='lat' dir='ltr'><strong>renovari,</strong></span> <span class='ocrx_word' id='word_1_127' title='bbox 3174 789 3379 856; x_wconf 80' lang='lat' dir='ltr'><strong>tiliique</strong></span> <span class='ocrx_word' id='word_1_128' title='bbox 3412 787 3555 842; x_wconf 77' lang='lat' dir='ltr'><strong>ﬁeri.</strong></span> 
     </span>
    </p>
   </div>
   <div class='ocr_carea' id='block_1_19' title="bbox 1969 880 3562 952">
    <p class='ocr_par' dir='ltr' id='par_1_19' title="bbox 1969 880 3562 952">
     <span class='ocr_line' id='line_1_19' title="bbox 1969 880 3562 952; baseline -0.003 -16"><span class='ocrx_word' id='word_1_129' title='bbox 1969 881 2108 948; x_wconf 82' lang='lat' dir='ltr'><strong>Quid</strong></span> <span class='ocrx_word' id='word_1_130' title='bbox 2143 897 2272 952; x_wconf 81' lang='lat' dir='ltr'><strong>ergo</strong></span> <span class='ocrx_word' id='word_1_131' title='bbox 2301 883 2514 952; x_wconf 85' lang='lat' dir='ltr'><strong>decepit</strong></span> <span class='ocrx_word' id='word_1_132' title='bbox 2548 897 2664 944; x_wconf 83' lang='lat' dir='ltr'><strong>vos,</strong></span> <span class='ocrx_word' id='word_1_133' title='bbox 2699 898 2732 935; x_wconf 90' lang='grc' dir='ltr'>ο</span> <span class='ocrx_word' id='word_1_134' title='bbox 2759 881 2930 941; x_wconf 88' lang='lat' dir='ltr'><strong>stulti.</strong></span> <span class='ocrx_word' id='word_1_135' title='bbox 2958 887 3018 935; x_wconf 86' lang='lat' dir='ltr'><strong>ut</strong></span> <span class='ocrx_word' id='word_1_136' title='bbox 3047 880 3363 933; x_wconf 75' lang='lat' dir='ltr'><strong>Creatorem</strong></span> <span class='ocrx_word' id='word_1_137' title='bbox 3408 894 3562 933; x_wconf 83' lang='lat' dir='ltr'><strong>crea-</strong></span> 
     </span>
    </p>
   </div>
   <div class='ocr_carea' id='block_1_20' title="bbox 1971 963 3559 1024">
    <p class='ocr_par' dir='ltr' id='par_1_20' title="bbox 1971 963 3559 1024">
     <span class='ocr_line' id='line_1_20' title="bbox 1971 963 3559 1024; baseline -0.003 -1"><span class='ocrx_word' id='word_1_138' title='bbox 1971 979 2084 1023; x_wconf 85' lang='lat' dir='ltr'><strong>tum</strong></span> <span class='ocrx_word' id='word_1_139' title='bbox 2117 985 2238 1023; x_wconf 88' lang='lat' dir='ltr'><strong>esse</strong></span> <span class='ocrx_word' id='word_1_140' title='bbox 2285 969 2596 1024; x_wconf 79' lang='lat' dir='ltr'><strong>diceretis?</strong></span> <span class='ocrx_word' id='word_1_141' title='bbox 2629 971 2737 1023; x_wconf 82' lang='lat' dir='ltr'><strong>Aut</strong></span> <span class='ocrx_word' id='word_1_142' title='bbox 2795 969 2941 1022; x_wconf 88' lang='lat' dir='ltr'><strong>unde</strong></span> <span class='ocrx_word' id='word_1_143' title='bbox 2999 967 3154 1022; x_wconf 82' lang='lat' dir='ltr'><strong>vobis</strong></span> <span class='ocrx_word' id='word_1_144' title='bbox 3202 967 3365 1020; x_wconf 86' lang='lat' dir='ltr'><strong>inane</strong></span> <span class='ocrx_word' id='word_1_145' title='bbox 3412 963 3559 1020; x_wconf 86' lang='lat' dir='ltr'><strong>istud</strong></span> 
     </span>
    </p>
   </div>
   <div class='ocr_carea' id='block_1_21' title="bbox 1972 1056 3563 1126">
    <p class='ocr_par' dir='ltr' id='par_1_21' title="bbox 1972 1056 3563 1126">
     <span class='ocr_line' id='line_1_21' title="bbox 1972 1056 3563 1126; baseline -0.001 -18"><span class='ocrx_word' id='word_1_146' title='bbox 1972 1056 2285 1124; x_wconf 71' lang='lat' dir='ltr'><strong>ﬁgmentum</strong></span> <span class='ocrx_word' id='word_1_147' title='bbox 2349 1058 2736 1125; x_wconf 76' lang='lat' dir='ltr'><strong>comparastis,</strong></span> <span class='ocrx_word' id='word_1_148' title='bbox 2801 1057 2856 1110; x_wconf 85' lang='lat' dir='ltr'><strong>in</strong></span> <span class='ocrx_word' id='word_1_149' title='bbox 2909 1072 3017 1126; x_wconf 91' lang='lat' dir='ltr'><strong>quo</strong></span> <span class='ocrx_word' id='word_1_150' title='bbox 3060 1057 3216 1111; x_wconf 87' lang='lat' dir='ltr'><strong>vobis</strong></span> <span class='ocrx_word' id='word_1_151' title='bbox 3277 1065 3563 1124; x_wconf 79' lang='lat' dir='ltr'><strong>tantopere</strong></span> 
     </span>
    </p>
   </div>
   <div class='ocr_carea' id='block_1_22' title="bbox 1969 1147 3560 1217">
    <p class='ocr_par' dir='ltr' id='par_1_22' title="bbox 1969 1147 3560 1217">
     <span class='ocr_line' id='line_1_22' title="bbox 1969 1147 3560 1217; baseline 0.001 -19"><span class='ocrx_word' id='word_1_152' title='bbox 1969 1147 2198 1217; x_wconf 85' lang='lat' dir='ltr'><strong>placetis</strong></span> <span class='ocrx_word' id='word_1_153' title='bbox 2241 1156 2296 1202; x_wconf 89' lang='lat' dir='ltr'><strong>et</strong></span> <span class='ocrx_word' id='word_1_154' title='bbox 2317 1148 2587 1216; x_wconf 85' lang='lat' dir='ltr'><strong>plauditis</strong></span> <span class='ocrx_word' id='word_1_155' title='bbox 2617 1149 2640 1201; x_wconf 66' lang='grc' dir='ltr'><strong>ἒ)</strong></span> <span class='ocrx_word' id='word_1_156' title='bbox 2675 1149 2730 1201; x_wconf 88' lang='lat' dir='ltr'><strong>In</strong></span> <span class='ocrx_word' id='word_1_157' title='bbox 2769 1149 2908 1203; x_wconf 73' lang='lat' dir='ltr'><strong>libro</strong></span> <span class='ocrx_word' id='word_1_158' title='bbox 2938 1148 3089 1202; x_wconf 80' lang='lat' dir='ltr'><strong>enim</strong></span> <span class='ocrx_word' id='word_1_159' title='bbox 3138 1147 3560 1202; x_wconf 86' lang='lat' dir='ltr'><strong>Proverbiorum</strong></span> 
     </span>
    </p>
   </div>
   <div class='ocr_carea' id='block_1_23' title="bbox 1969 1238 3564 1308">
    <p class='ocr_par' dir='ltr' id='par_1_23' title="bbox 1969 1238 3564 1308">
     <span class='ocr_line' id='line_1_23' title="bbox 1969 1238 3564 1308; baseline 0.001 -17"><span class='ocrx_word' id='word_1_160' title='bbox 1969 1239 2201 1308; x_wconf 73' lang='lat' dir='ltr'><strong>legimus</strong></span> <span class='ocrx_word' id='word_1_161' title='bbox 2234 1241 2475 1308; x_wconf 81' lang='lat' dir='ltr'><strong>quidem.</strong></span> <span class='ocrx_word' id='word_1_162' title='bbox 2516 1243 2738 1304; x_wconf 75' lang='lat' dir='ltr'><strong>creavit,</strong></span> <span class='ocrx_word' id='word_1_163' title='bbox 2790 1255 2898 1293; x_wconf 89' lang='lat' dir='ltr'><strong>non</strong></span> <span class='ocrx_word' id='word_1_164' title='bbox 2930 1251 3113 1294; x_wconf 83' lang='lat' dir='ltr'><strong>tamen</strong></span> <span class='ocrx_word' id='word_1_165' title='bbox 3145 1241 3451 1294; x_wconf 81' lang='lat' dir='ltr'><strong>invenimus</strong></span> <span class='ocrx_word' id='word_1_166' title='bbox 3475 1238 3564 1293; x_wconf 84' lang='lat' dir='ltr'><strong>Fi-</strong></span> 
     </span>
    </p>
   </div>
   <div class='ocr_carea' id='block_1_24' title="bbox 284 1328 1869 1420">
    <p class='ocr_par' dir='ltr' id='par_1_24' title="bbox 284 1328 1868 1420">
     <span class='ocr_line' id='line_1_24' title="bbox 284 1328 1868 1420; baseline 0.004 -22"><span class='ocrx_word' id='word_1_167' title='bbox 284 1347 346 1399; x_wconf 82' lang='grc' dir='ltr'>δὲ</span> <span class='ocrx_word' id='word_1_168' title='bbox 372 1346 558 1399; x_wconf 80' lang='grc' dir='ltr'>ἔκτισε</span> <span class='ocrx_word' id='word_1_169' title='bbox 592 1347 851 1415; x_wconf 79' lang='grc' dir='ltr'>λέγουσαι</span> <span class='ocrx_word' id='word_1_170' title='bbox 906 1350 1006 1402; x_wconf 75' lang='grc' dir='ltr'>οὐκ</span> <span class='ocrx_word' id='word_1_171' title='bbox 1060 1351 1152 1402; x_wconf 69' lang='grc' dir='ltr'>ἐπὶ</span> <span class='ocrx_word' id='word_1_172' title='bbox 1184 1353 1286 1420; x_wconf 74' lang='grc' dir='ltr'><strong>τῆς</strong></span> <span class='ocrx_word' id='word_1_173' title='bbox 1339 1353 1532 1414; x_wconf 82' lang='grc' dir='ltr'>οὐσίας</span> <span class='ocrx_word' id='word_1_174' title='bbox 1581 1328 1868 1405; x_wconf 76' lang='grc' dir='ltr'>αύτοῦλέ-</span> 
     </span>
    </p>
   </div>
   <div class='ocr_carea' id='block_1_25' title="bbox 1976 1328 3561 1420">
    <p class='ocr_par' dir='ltr' id='par_1_25' title="bbox 1976 1329 3561 1400">
     <span class='ocr_line' id='line_1_25' title="bbox 1976 1329 3561 1400; baseline 0.004 -18"><span class='ocrx_word' id='word_1_175' title='bbox 1976 1329 2103 1384; x_wconf 88' lang='lat' dir='ltr'><strong>lium</strong></span> <span class='ocrx_word' id='word_1_176' title='bbox 2157 1340 2402 1385; x_wconf 86' lang='lat' dir='ltr'><strong>creatum</strong></span> <span class='ocrx_word' id='word_1_177' title='bbox 2457 1333 2598 1397; x_wconf 86' lang='lat' dir='ltr'><strong>diei,</strong></span> <span class='ocrx_word' id='word_1_178' title='bbox 2659 1341 2715 1386; x_wconf 84' lang='lat' dir='ltr'><strong>et</strong></span> <span class='ocrx_word' id='word_1_179' title='bbox 2770 1347 2892 1386; x_wconf 81' lang='lat' dir='ltr'><strong>esse</strong></span> <span class='ocrx_word' id='word_1_180' title='bbox 2920 1333 3160 1400; x_wconf 73' lang='lat' dir='ltr'><strong>genitum</strong></span> <span class='ocrx_word' id='word_1_181' title='bbox 3195 1371 3209 1394; x_wconf 93' lang='lat'><strong>,</strong></span> <span class='ocrx_word' id='word_1_182' title='bbox 3265 1331 3358 1385; x_wconf 82' lang='lat' dir='ltr'><strong>sed</strong></span> <span class='ocrx_word' id='word_1_183' title='bbox 3407 1331 3561 1388; x_wconf 82' lang='lat' dir='ltr'><strong>illud.</strong></span> 
     </span>
    </p>
   </div>
   <div class='ocr_carea' id='block_1_26' title="bbox 283 1440 1867 1514">
    <p class='ocr_par' dir='ltr' id='par_1_26' title="bbox 283 1440 1867 1514">
     <span class='ocr_line' id='line_1_26' title="bbox 283 1440 1867 1514; baseline 0.004 -24"><span class='ocrx_word' id='word_1_184' title='bbox 283 1456 505 1507; x_wconf 80' lang='grc' dir='ltr'>γουσιν,</span> <span class='ocrx_word' id='word_1_185' title='bbox 543 1440 680 1492; x_wconf 71' lang='grc' dir='ltr'>ἀλλὰ</span> <span class='ocrx_word' id='word_1_186' title='bbox 710 1441 926 1495; x_wconf 84' lang='grc' dir='ltr'>πολλῶν</span> <span class='ocrx_word' id='word_1_187' title='bbox 954 1442 1089 1496; x_wconf 81' lang='grc' dir='ltr'>ὁδῶν</span> <span class='ocrx_word' id='word_1_188' title='bbox 1143 1443 1322 1514; x_wconf 77' lang='grc' dir='ltr'>ἀρχὴν</span> <span class='ocrx_word' id='word_1_189' title='bbox 1385 1445 1548 1498; x_wconf 70' lang='grc' dir='ltr'>αὐτὸν</span> <span class='ocrx_word' id='word_1_190' title='bbox 1609 1444 1867 1512; x_wconf 82' lang='grc' dir='ltr'>γενέσθαι</span> 
     </span>
    </p>
   </div>
   <div class='ocr_carea' id='block_1_27' title="bbox 284 1533 677 1604">
    <p class='ocr_par' dir='ltr' id='par_1_27' title="bbox 284 1533 677 1604">
     <span class='ocr_line' id='line_1_27' title="bbox 284 1533 677 1604; baseline -0.005 -15"><span class='ocrx_word' id='word_1_191' title='bbox 284 1550 356 1604; x_wconf 71' lang='lat' dir='ltr'><strong>qq</strong></span> <span class='ocrx_word' id='word_1_192' title='bbox 367 1533 677 1600; x_wconf 83' lang='grc' dir='ltr'>μαίνουσιν.</span> 
     </span>
    </p>
   </div>
   <div class='ocr_carea' id='block_1_28' title="bbox 743 1623 1411 1692">
    <p class='ocr_par' dir='ltr' id='par_1_28' title="bbox 743 1623 1411 1692">
     <span class='ocr_line' id='line_1_28' title="bbox 743 1623 1411 1692; baseline 0.007 -19"><span class='ocrx_word' id='word_1_193' title='bbox 743 1623 836 1676; x_wconf 76' lang='grc' dir='ltr'>Ἐκ</span> <span class='ocrx_word' id='word_1_194' title='bbox 865 1623 973 1677; x_wconf 82' lang='grc' dir='ltr'><strong>τοῦ</strong></span> <span class='ocrx_word' id='word_1_195' title='bbox 991 1623 1179 1678; x_wconf 80' lang='grc' dir='ltr'>αὐτοῦ</span> <span class='ocrx_word' id='word_1_196' title='bbox 1203 1625 1411 1692; x_wconf 75' lang='grc' dir='ltr'>λόγου.</span> 
     </span>
    </p>
   </div>
   <div class='ocr_carea' id='block_1_29' title="bbox 362 1715 1865 1786">
    <p class='ocr_par' dir='ltr' id='par_1_29' title="bbox 362 1715 1865 1786">
     <span class='ocr_line' id='line_1_29' title="bbox 362 1715 1865 1786; baseline -0.001 -15"><span class='ocrx_word' id='word_1_197' title='bbox 362 1719 438 1771; x_wconf 81' lang='grc' dir='ltr'><strong>Οὐ</strong></span> <span class='ocrx_word' id='word_1_198' title='bbox 467 1718 671 1786; x_wconf 79' lang='grc' dir='ltr'>κτίσμα</span> <span class='ocrx_word' id='word_1_199' title='bbox 696 1719 864 1777; x_wconf 75' lang='grc' dir='ltr'>ἐστὶν.</span> <span class='ocrx_word' id='word_1_200' title='bbox 921 1717 1058 1769; x_wconf 83' lang='grc' dir='ltr'>ἀλλὰ</span> <span class='ocrx_word' id='word_1_201' title='bbox 1097 1719 1322 1786; x_wconf 81' lang='grc' dir='ltr'><strong>κτίστης</strong></span> <span class='ocrx_word' id='word_1_202' title='bbox 1379 1717 1479 1784; x_wconf 80' lang='grc' dir='ltr'><strong>μέν</strong></span> <span class='ocrx_word' id='word_1_203' title='bbox 1526 1717 1674 1769; x_wconf 68' lang='grc' dir='ltr'>ἐστιν</span> <span class='ocrx_word' id='word_1_204' title='bbox 1714 1718 1742 1769; x_wconf 80' lang='grc' dir='ltr'>ὁ</span> <span class='ocrx_word' id='word_1_205' title='bbox 1772 1715 1865 1769; x_wconf 82' lang='grc' dir='ltr'>τοῦ</span> 
     </span>
    </p>
   </div>
   <div class='ocr_carea' id='block_1_30' title="bbox 1968 1423 3564 1491">
    <p class='ocr_par' dir='ltr' id='par_1_30' title="bbox 1968 1423 3564 1491">
     <span class='ocr_line' id='line_1_30' title="bbox 1968 1423 3564 1491; baseline 0.001 -17"><span class='ocrx_word' id='word_1_206' title='bbox 1968 1423 2180 1477; x_wconf 84' lang='lat' dir='ltr'><strong>ereavit</strong></span> <span class='ocrx_word' id='word_1_207' title='bbox 2218 1438 2328 1478; x_wconf 88' lang='lat' dir='ltr'><strong>non</strong></span> <span class='ocrx_word' id='word_1_208' title='bbox 2372 1423 2612 1477; x_wconf 78' lang='lat' dir='ltr'><strong>refertur</strong></span> <span class='ocrx_word' id='word_1_209' title='bbox 2637 1424 2707 1478; x_wconf 84' lang='lat' dir='ltr'><strong>ad</strong></span> <span class='ocrx_word' id='word_1_210' title='bbox 2740 1424 2862 1491; x_wconf 87' lang='lat' dir='ltr'><strong>ejus</strong></span> <span class='ocrx_word' id='word_1_211' title='bbox 2893 1423 3214 1484; x_wconf 71' lang='lat' dir='ltr'><strong>essentiam,</strong></span> <span class='ocrx_word' id='word_1_212' title='bbox 3243 1423 3336 1475; x_wconf 89' lang='lat' dir='ltr'><strong>sed</strong></span> <span class='ocrx_word' id='word_1_213' title='bbox 3367 1436 3452 1486; x_wconf 87' lang='lat' dir='ltr'><strong>eo,</strong></span> <span class='ocrx_word' id='word_1_214' title='bbox 3506 1425 3564 1475; x_wconf 85' lang='lat' dir='ltr'><strong>ut</strong></span> 
     </span>
    </p>
   </div>
   <div class='ocr_carea' id='block_1_31' title="bbox 1967 1511 3563 1568">
    <p class='ocr_par' dir='ltr' id='par_1_31' title="bbox 1967 1511 3563 1568">
     <span class='ocr_line' id='line_1_31' title="bbox 1967 1511 3563 1568; baseline -0.001 -1"><span class='ocrx_word' id='word_1_215' title='bbox 1967 1511 2264 1567; x_wconf 86' lang='lat' dir='ltr'><strong>multarum</strong></span> <span class='ocrx_word' id='word_1_216' title='bbox 2313 1514 2524 1568; x_wconf 82' lang='lat' dir='ltr'><strong>viarum</strong></span> <span class='ocrx_word' id='word_1_217' title='bbox 2561 1515 2782 1568; x_wconf 77' lang='lat' dir='ltr'><strong>initium</strong></span> <span class='ocrx_word' id='word_1_218' title='bbox 2807 1527 2932 1568; x_wconf 87' lang='lat' dir='ltr'><strong>esse</strong></span> <span class='ocrx_word' id='word_1_219' title='bbox 2959 1513 3164 1568; x_wconf 80' lang='lat' dir='ltr'><strong>factum</strong></span> <span class='ocrx_word' id='word_1_220' title='bbox 3217 1512 3563 1566; x_wconf 80' lang='lat' dir='ltr'><strong>ostendatur.</strong></span> 
     </span>
    </p>
   </div>
   <div class='ocr_carea' id='block_1_32' title="bbox 2550 1626 3032 1680">
    <p class='ocr_par' dir='ltr' id='par_1_32' title="bbox 2550 1626 3032 1680">
     <span class='ocr_line' id='line_1_32' title="bbox 2550 1626 3032 1680; baseline -0.002 -1"><span class='ocrx_word' id='word_1_221' title='bbox 2550 1626 2633 1679; x_wconf 80' lang='lat' dir='ltr'><strong>Ea:</strong></span> <span class='ocrx_word' id='word_1_222' title='bbox 2660 1627 2844 1680; x_wconf 83' lang='lat' dir='ltr'><strong>eodem</strong></span> <span class='ocrx_word' id='word_1_223' title='bbox 2877 1626 3032 1679; x_wconf 71' lang='lat' dir='ltr'><strong>libro.</strong></span> 
     </span>
    </p>
   </div>
   <div class='ocr_carea' id='block_1_33' title="bbox 2043 1717 3566 1784">
    <p class='ocr_par' dir='ltr' id='par_1_33' title="bbox 2043 1717 3566 1784">
     <span class='ocr_line' id='line_1_33' title="bbox 2043 1717 3566 1784; baseline 0.001 -12"><span class='ocrx_word' id='word_1_224' title='bbox 2043 1717 2135 1772; x_wconf 94' lang='lat' dir='ltr'><strong>Dei</strong></span> <span class='ocrx_word' id='word_1_225' title='bbox 2163 1718 2396 1773; x_wconf 76' lang='lat' dir='ltr'><strong>Verbum</strong></span> <span class='ocrx_word' id='word_1_226' title='bbox 2420 1733 2528 1772; x_wconf 88' lang='lat' dir='ltr'><strong>non</strong></span> <span class='ocrx_word' id='word_1_227' title='bbox 2552 1729 2632 1773; x_wconf 88' lang='lat' dir='ltr'><strong>est</strong></span> <span class='ocrx_word' id='word_1_228' title='bbox 2651 1727 2924 1784; x_wconf 84' lang='lat' dir='ltr'><strong>creatum,</strong></span> <span class='ocrx_word' id='word_1_229' title='bbox 2947 1718 3040 1772; x_wconf 91' lang='lat' dir='ltr'><strong>sed</strong></span> <span class='ocrx_word' id='word_1_230' title='bbox 3058 1725 3290 1784; x_wconf 85' lang='lat' dir='ltr'><strong>creator;</strong></span> <span class='ocrx_word' id='word_1_231' title='bbox 3323 1727 3566 1775; x_wconf 83' lang='lat' dir='ltr'><strong>tuncau-</strong></span> 
     </span>
    </p>
   </div>
   <div class='ocr_carea' id='block_1_34' title="bbox 282 1783 1869 1879">
    <p class='ocr_par' dir='ltr' id='par_1_34' title="bbox 282 1783 1863 1879">
     <span class='ocr_line' id='line_1_34' title="bbox 282 1783 1863 1879; baseline -0.001 -15"><span class='ocrx_word' id='word_1_232' title='bbox 282 1809 426 1864; x_wconf 81' lang='grc' dir='ltr'><strong>Θεοῦ</strong></span> <span class='ocrx_word' id='word_1_233' title='bbox 451 1783 642 1877; x_wconf 75' lang='grc' dir='ltr'>Λόγος.</span> <span class='ocrx_word' id='word_1_234' title='bbox 667 1810 800 1862; x_wconf 81' lang='grc' dir='ltr'>Τότε</span> <span class='ocrx_word' id='word_1_235' title='bbox 827 1809 882 1860; x_wconf 84' lang='grc' dir='ltr'>δὲ</span> <span class='ocrx_word' id='word_1_236' title='bbox 902 1809 1053 1877; x_wconf 77' lang='grc' dir='ltr'>λέγει</span> <span class='ocrx_word' id='word_1_237' title='bbox 1073 1783 1480 1879; x_wconf 76' lang='grc' dir='ltr'>παροιμιωδῶς,</span> <span class='ocrx_word' id='word_1_238' title='bbox 1504 1807 1750 1863; x_wconf 78' lang='grc' dir='ltr'>Ἕκτισέ</span> <span class='ocrx_word' id='word_1_239' title='bbox 1765 1826 1863 1877; x_wconf 75' lang='grc' dir='ltr'><strong>με,</strong></span> 
     </span>
    </p>
   </div>
   <div class='ocr_carea' id='block_1_35' title="bbox 1976 1783 3564 1879">
    <p class='ocr_par' dir='ltr' id='par_1_35' title="bbox 1976 1809 3564 1874">
     <span class='ocr_line' id='line_1_35' title="bbox 1976 1809 3564 1874; baseline 0.003 -10"><span class='ocrx_word' id='word_1_240' title='bbox 1976 1819 2080 1864; x_wconf 85' lang='lat' dir='ltr'><strong>tem</strong></span> <span class='ocrx_word' id='word_1_241' title='bbox 2113 1811 2166 1863; x_wconf 92' lang='lat' dir='ltr'><strong>in</strong></span> <span class='ocrx_word' id='word_1_242' title='bbox 2195 1809 2504 1866; x_wconf 81' lang='lat' dir='ltr'><strong>Proverbiis</strong></span> <span class='ocrx_word' id='word_1_243' title='bbox 2553 1827 2612 1864; x_wconf 88' lang='lat' dir='ltr'><strong>se</strong></span> <span class='ocrx_word' id='word_1_244' title='bbox 2646 1819 2890 1865; x_wconf 84' lang='lat' dir='ltr'><strong>ereatum</strong></span> <span class='ocrx_word' id='word_1_245' title='bbox 2971 1810 3132 1874; x_wconf 83' lang='lat' dir='ltr'><strong>dicit,</strong></span> <span class='ocrx_word' id='word_1_246' title='bbox 3165 1826 3289 1864; x_wconf 90' lang='lat' dir='ltr'><strong>cum</strong></span> <span class='ocrx_word' id='word_1_247' title='bbox 3341 1827 3564 1868; x_wconf 75' lang='lat' dir='ltr'><strong>Carnem</strong></span> 
     </span>
    </p>
   </div>
   <div class='ocr_carea' id='block_1_36' title="bbox 279 1904 1868 1977">
    <p class='ocr_par' dir='ltr' id='par_1_36' title="bbox 279 1904 1868 1977">
     <span class='ocr_line' id='line_1_36' title="bbox 279 1904 1868 1977; baseline -0.003 -17"><span class='ocrx_word' id='word_1_248' title='bbox 279 1908 374 1960; x_wconf 78' lang='grc' dir='ltr'>ὅτε</span> <span class='ocrx_word' id='word_1_249' title='bbox 407 1905 508 1977; x_wconf 78' lang='grc' dir='ltr'>τὴν</span> <span class='ocrx_word' id='word_1_250' title='bbox 536 1906 762 1974; x_wconf 81' lang='grc' dir='ltr'>κτιστὴν</span> <span class='ocrx_word' id='word_1_251' title='bbox 791 1905 1018 1958; x_wconf 74' lang='grc' dir='ltr'>ινεδύσα</span> <span class='ocrx_word' id='word_1_252' title='bbox 1033 1922 1088 1958; x_wconf 84' lang='grc' dir='ltr'>το</span> <span class='ocrx_word' id='word_1_253' title='bbox 1129 1905 1328 1974; x_wconf 76' lang='grc' dir='ltr'>σάρκα.</span> <span class='ocrx_word' id='word_1_254' title='bbox 1359 1905 1468 1958; x_wconf 81' lang='grc' dir='ltr'><strong>Καὶ</strong></span> <span class='ocrx_word' id='word_1_255' title='bbox 1511 1904 1674 1958; x_wconf 77' lang='grc' dir='ltr'>τοῦτο</span> <span class='ocrx_word' id='word_1_256' title='bbox 1701 1904 1868 1958; x_wconf 81' lang='grc' dir='ltr'>πάλιν</span> 
     </span>
    </p>
   </div>
   <div class='ocr_carea' id='block_1_37' title="bbox 279 1992 1864 2064">
    <p class='ocr_par' dir='ltr' id='par_1_37' title="bbox 279 1992 1864 2064">
     <span class='ocr_line' id='line_1_37' title="bbox 279 1992 1864 2064; baseline -0.002 -15"><span class='ocrx_word' id='word_1_257' title='bbox 279 1997 520 2050; x_wconf 77' lang='grc' dir='ltr'>δυνατόν</span> <span class='ocrx_word' id='word_1_258' title='bbox 551 1999 669 2048; x_wconf 77' lang='grc' dir='ltr'>ἐστι</span> <span class='ocrx_word' id='word_1_259' title='bbox 733 1997 827 2048; x_wconf 86' lang='grc' dir='ltr'>καὶ</span> <span class='ocrx_word' id='word_1_260' title='bbox 876 1995 936 2060; x_wconf 71' lang='grc' dir='ltr'><strong>ἐξ</strong></span> <span class='ocrx_word' id='word_1_261' title='bbox 968 1993 1138 2047; x_wconf 81' lang='grc' dir='ltr'>αὑτοῦ</span> <span class='ocrx_word' id='word_1_262' title='bbox 1171 1992 1269 2046; x_wconf 80' lang='grc' dir='ltr'><strong>τοῦ</strong></span> <span class='ocrx_word' id='word_1_263' title='bbox 1303 1995 1472 2064; x_wconf 76' lang='grc' dir='ltr'>ῥητοῦ</span> <span class='ocrx_word' id='word_1_264' title='bbox 1503 1994 1864 2048; x_wconf 78' lang='grc' dir='ltr'>διανοεῖσθαι.</span> 
     </span>
    </p>
   </div>
   <div class='ocr_carea' id='block_1_38' title="bbox 281 2085 1866 2157">
    <p class='ocr_par' dir='ltr' id='par_1_38' title="bbox 281 2085 1866 2157">
     <span class='ocr_line' id='line_1_38' title="bbox 281 2085 1866 2157; baseline -0.002 -16"><span class='ocrx_word' id='word_1_265' title='bbox 281 2088 418 2151; x_wconf 73' lang='grc' dir='ltr'><strong>Υἱὸς</strong></span> <span class='ocrx_word' id='word_1_266' title='bbox 450 2087 560 2154; x_wconf 83' lang='grc' dir='ltr'>γὰρ</span> <span class='ocrx_word' id='word_1_267' title='bbox 585 2086 681 2150; x_wconf 84' lang='grc' dir='ltr'>ὢν,</span> <span class='ocrx_word' id='word_1_268' title='bbox 717 2087 811 2140; x_wconf 80' lang='grc' dir='ltr'>καὶ</span> <span class='ocrx_word' id='word_1_269' title='bbox 839 2085 1058 2156; x_wconf 81' lang='grc' dir='ltr'><strong>Πατέρα</strong></span> <span class='ocrx_word' id='word_1_270' title='bbox 1085 2088 1176 2139; x_wconf 83' lang='grc' dir='ltr'><strong>τὸν</strong></span> <span class='ocrx_word' id='word_1_271' title='bbox 1205 2085 1337 2138; x_wconf 79' lang='grc' dir='ltr'>Θεὸν</span> <span class='ocrx_word' id='word_1_272' title='bbox 1367 2085 1528 2156; x_wconf 74' lang='grc' dir='ltr'>ἔχων,</span> <span class='ocrx_word' id='word_1_273' title='bbox 1562 2087 1731 2140; x_wconf 82' lang='grc' dir='ltr'>αὐτοῦ</span> <span class='ocrx_word' id='word_1_274' title='bbox 1756 2087 1866 2157; x_wconf 84' lang='grc' dir='ltr'><strong>γὰρ</strong></span> 
     </span>
    </p>
   </div>
   <div class='ocr_carea' id='block_1_39' title="bbox 280 2177 1868 2249">
    <p class='ocr_par' dir='ltr' id='par_1_39' title="bbox 280 2177 1868 2249">
     <span class='ocr_line' id='line_1_39' title="bbox 280 2177 1868 2249; baseline 0 -17"><span class='ocrx_word' id='word_1_275' title='bbox 280 2178 421 2232; x_wconf 72' lang='grc' dir='ltr'>ἴδιόν</span> <span class='ocrx_word' id='word_1_276' title='bbox 458 2180 573 2232; x_wconf 75' lang='grc' dir='ltr'>ἐστι</span> <span class='ocrx_word' id='word_1_277' title='bbox 593 2178 866 2247; x_wconf 83' lang='grc' dir='ltr'>γέννημα,</span> <span class='ocrx_word' id='word_1_278' title='bbox 894 2177 1046 2246; x_wconf 79' lang='grc' dir='ltr'>ὅμως</span> <span class='ocrx_word' id='word_1_279' title='bbox 1087 2179 1292 2249; x_wconf 81' lang='grc' dir='ltr'>Κύριον</span> <span class='ocrx_word' id='word_1_280' title='bbox 1317 2178 1574 2247; x_wconf 78' lang='grc' dir='ltr'>ὀνομάζει</span> <span class='ocrx_word' id='word_1_281' title='bbox 1629 2179 1721 2231; x_wconf 80' lang='grc' dir='ltr'><strong>τὸν</strong></span> <span class='ocrx_word' id='word_1_282' title='bbox 1758 2181 1868 2232; x_wconf 85' lang='grc' dir='ltr'>Πα-</span> 
     </span>
    </p>
   </div>
   <div class='ocr_carea' id='block_1_40' title="bbox 280 2266 1858 2340">
    <p class='ocr_par' dir='ltr' id='par_1_40' title="bbox 280 2266 1858 2340">
     <span class='ocr_line' id='line_1_40' title="bbox 280 2266 1858 2340; baseline 0 -16"><span class='ocrx_word' id='word_1_283' title='bbox 280 2272 450 2339; x_wconf 67' lang='grc' dir='ltr'>τέρα,</span> <span class='ocrx_word' id='word_1_284' title='bbox 471 2271 568 2340; x_wconf 79' lang='grc' dir='ltr'>οὐχ</span> <span class='ocrx_word' id='word_1_285' title='bbox 591 2269 882 2332; x_wconf 83' lang='grc' dir='ltr'>ὄτιδοῦλος</span> <span class='ocrx_word' id='word_1_286' title='bbox 945 2266 1036 2340; x_wconf 79' lang='grc' dir='ltr'><strong>ἦν,</strong></span> <span class='ocrx_word' id='word_1_287' title='bbox 1071 2269 1187 2321; x_wconf 78' lang='grc' dir='ltr'>ἀλλ’</span> <span class='ocrx_word' id='word_1_288' title='bbox 1249 2271 1332 2323; x_wconf 82' lang='grc' dir='ltr'>ὅτι</span> <span class='ocrx_word' id='word_1_289' title='bbox 1375 2269 1478 2339; x_wconf 79' lang='grc' dir='ltr'><strong>τὴν</strong></span> <span class='ocrx_word' id='word_1_290' title='bbox 1538 2271 1632 2323; x_wconf 87' lang='grc' dir='ltr'><strong>τοῦ</strong></span> <span class='ocrx_word' id='word_1_291' title='bbox 1665 2271 1858 2325; x_wconf 84' lang='grc' dir='ltr'>δούλου</span> 
     </span>
    </p>
   </div>
   <div class='ocr_carea' id='block_1_41' title="bbox 293 2359 1868 2434">
    <p class='ocr_par' dir='ltr' id='par_1_41' title="bbox 293 2359 1868 2434">
     <span class='ocr_line' id='line_1_41' title="bbox 293 2359 1868 2434; baseline 0.002 -23"><span class='ocrx_word' id='word_1_292' title='bbox 293 2360 520 2429; x_wconf 80' lang='grc' dir='ltr'>μορφὴν</span> <span class='ocrx_word' id='word_1_293' title='bbox 575 2359 857 2413; x_wconf 78' lang='grc' dir='ltr'>ἀνέλαϐεν.</span> <span class='ocrx_word' id='word_1_294' title='bbox 893 2361 1143 2431; x_wconf 81' lang='grc' dir='ltr'>Ἐπρεπε</span> <span class='ocrx_word' id='word_1_295' title='bbox 1175 2362 1286 2434; x_wconf 79' lang='grc' dir='ltr'><strong>γὰρ</strong></span> <span class='ocrx_word' id='word_1_296' title='bbox 1303 2361 1488 2426; x_wconf 80' lang='grc' dir='ltr'>αὐτὸν,</span> <span class='ocrx_word' id='word_1_297' title='bbox 1522 2359 1707 2432; x_wconf 79' lang='grc' dir='ltr'>ὥσπερ</span> <span class='ocrx_word' id='word_1_298' title='bbox 1737 2359 1868 2415; x_wconf 74' lang='grc' dir='ltr'>ὄντα</span> 
     </span>
    </p>
   </div>
   <div class='ocr_carea' id='block_1_42' title="bbox 291 2452 1863 2525">
    <p class='ocr_par' dir='ltr' id='par_1_42' title="bbox 291 2452 1863 2525">
     <span class='ocr_line' id='line_1_42' title="bbox 291 2452 1863 2525; baseline 0.003 -19"><span class='ocrx_word' id='word_1_299' title='bbox 291 2452 474 2518; x_wconf 80' lang='grc' dir='ltr'>Λόγον</span> <span class='ocrx_word' id='word_1_300' title='bbox 513 2455 573 2506; x_wconf 79' lang='grc' dir='ltr'>ὲκ</span> <span class='ocrx_word' id='word_1_301' title='bbox 629 2454 724 2507; x_wconf 76' lang='grc' dir='ltr'><strong>τοῦ</strong></span> <span class='ocrx_word' id='word_1_302' title='bbox 759 2454 994 2524; x_wconf 82' lang='grc' dir='ltr'>Πατρδς.</span> <span class='ocrx_word' id='word_1_303' title='bbox 1064 2455 1289 2525; x_wconf 77' lang='grc' dir='ltr'>Πατέρα</span> <span class='ocrx_word' id='word_1_304' title='bbox 1339 2454 1434 2509; x_wconf 78' lang='grc' dir='ltr'>τὸν</span> <span class='ocrx_word' id='word_1_305' title='bbox 1495 2454 1628 2508; x_wconf 79' lang='grc' dir='ltr'>Θεὸν</span> <span class='ocrx_word' id='word_1_306' title='bbox 1659 2456 1863 2510; x_wconf 77' lang='grc' dir='ltr'><strong>καλεῖν.</strong></span> 
     </span>
    </p>
   </div>
   <div class='ocr_carea' id='block_1_43' title="bbox 291 2547 1870 2620">
    <p class='ocr_par' dir='ltr' id='par_1_43' title="bbox 291 2547 1870 2620">
     <span class='ocr_line' id='line_1_43' title="bbox 291 2547 1870 2620; baseline 0 -20"><span class='ocrx_word' id='word_1_307' title='bbox 291 2547 474 2600; x_wconf 77' lang='grc' dir='ltr'>Τοῦτο</span> <span class='ocrx_word' id='word_1_308' title='bbox 521 2547 623 2618; x_wconf 82' lang='grc' dir='ltr'>γὰρ</span> <span class='ocrx_word' id='word_1_309' title='bbox 679 2547 776 2602; x_wconf 78' lang='grc' dir='ltr'>καὶ</span> <span class='ocrx_word' id='word_1_310' title='bbox 806 2551 938 2602; x_wconf 75' lang='grc' dir='ltr'>ἴδιον</span> <span class='ocrx_word' id='word_1_311' title='bbox 961 2547 1092 2601; x_wconf 70' lang='grc' dir='ltr'><strong>Υἱοῦ</strong></span> <span class='ocrx_word' id='word_1_312' title='bbox 1123 2548 1256 2620; x_wconf 78' lang='grc' dir='ltr'>πρὸς</span> <span class='ocrx_word' id='word_1_313' title='bbox 1283 2549 1519 2619; x_wconf 79' lang='grc' dir='ltr'>Πατέρα,</span> <span class='ocrx_word' id='word_1_314' title='bbox 1579 2549 1749 2612; x_wconf 78' lang='grc' dir='ltr'>οὕτως</span> <span class='ocrx_word' id='word_1_315' title='bbox 1784 2548 1870 2602; x_wconf 81' lang='grc' dir='ltr'><strong>ὲ).-</strong></span> 
     </span>
    </p>
   </div>
   <div class='ocr_carea' id='block_1_44' title="bbox 286 2640 1868 2712">
    <p class='ocr_par' dir='ltr' id='par_1_44' title="bbox 286 2640 1868 2712">
     <span class='ocr_line' id='line_1_44' title="bbox 286 2640 1868 2712; baseline 0.002 -20"><span class='ocrx_word' id='word_1_316' title='bbox 286 2640 458 2692; x_wconf 73' lang='grc' dir='ltr'>θόντα</span> <span class='ocrx_word' id='word_1_317' title='bbox 505 2640 791 2693; x_wconf 82' lang='grc' dir='ltr'>τελειῶσαι</span> <span class='ocrx_word' id='word_1_318' title='bbox 822 2642 881 2694; x_wconf 81' lang='grc' dir='ltr'>τὸ</span> <span class='ocrx_word' id='word_1_319' title='bbox 909 2641 1094 2710; x_wconf 77' lang='grc' dir='ltr'>ἔργον,</span> <span class='ocrx_word' id='word_1_320' title='bbox 1145 2642 1242 2694; x_wconf 80' lang='grc' dir='ltr'>καὶ</span> <span class='ocrx_word' id='word_1_321' title='bbox 1287 2641 1480 2694; x_wconf 84' lang='grc' dir='ltr'>δούλου</span> <span class='ocrx_word' id='word_1_322' title='bbox 1514 2643 1732 2712; x_wconf 80' lang='grc' dir='ltr'>μορφὴν</span> <span class='ocrx_word' id='word_1_323' title='bbox 1772 2642 1868 2695; x_wconf 88' lang='grc' dir='ltr'><strong>λα-</strong></span> 
     </span>
    </p>
   </div>
   <div class='ocr_carea' id='block_1_45' title="bbox 282 2729 1868 2803">
    <p class='ocr_par' dir='ltr' id='par_1_45' title="bbox 282 2729 1868 2803">
     <span class='ocr_line' id='line_1_45' title="bbox 282 2729 1868 2803; baseline 0.003 -22"><span class='ocrx_word' id='word_1_324' title='bbox 282 2730 486 2792; x_wconf 73' lang='grc' dir='ltr'>θόντα,</span> <span class='ocrx_word' id='word_1_325' title='bbox 526 2730 733 2798; x_wconf 79' lang='grc' dir='ltr'>Κύριον</span> <span class='ocrx_word' id='word_1_326' title='bbox 779 2729 1068 2801; x_wconf 76' lang='grc' dir='ltr'>ὀνομάζειν</span> <span class='ocrx_word' id='word_1_327' title='bbox 1116 2731 1205 2784; x_wconf 75' lang='grc' dir='ltr'>τὸν</span> <span class='ocrx_word' id='word_1_328' title='bbox 1241 2732 1477 2801; x_wconf 84' lang='grc' dir='ltr'>Πατέρα.</span> <span class='ocrx_word' id='word_1_329' title='bbox 1515 2732 1623 2784; x_wconf 74' lang='grc' dir='ltr'><strong>Καὶ</strong></span> <span class='ocrx_word' id='word_1_330' title='bbox 1663 2732 1868 2803; x_wconf 85' lang='grc' dir='ltr'>ταύτην</span> 
     </span>
    </p>
   </div>
   <div class='ocr_carea' id='block_1_46' title="bbox 281 2820 1870 2894">
    <p class='ocr_par' dir='ltr' id='par_1_46' title="bbox 281 2820 1870 2894">
     <span class='ocr_line' id='line_1_46' title="bbox 281 2820 1870 2894; baseline 0.004 -23"><span class='ocrx_word' id='word_1_331' title='bbox 281 2820 386 2889; x_wconf 80' lang='grc' dir='ltr'><strong>τὴν</strong></span> <span class='ocrx_word' id='word_1_332' title='bbox 414 2821 684 2891; x_wconf 74' lang='grc' dir='ltr'>διαφορὰν</span> <span class='ocrx_word' id='word_1_333' title='bbox 709 2821 872 2884; x_wconf 72' lang='grc' dir='ltr'>αὐτὸς</span> <span class='ocrx_word' id='word_1_334' title='bbox 889 2821 1095 2886; x_wconf 79' lang='grc' dir='ltr'><strong>ἐδίδαξε</strong></span> <span class='ocrx_word' id='word_1_335' title='bbox 1124 2824 1261 2891; x_wconf 71' lang='grc' dir='ltr'>μετὰ</span> <span class='ocrx_word' id='word_1_336' title='bbox 1309 2823 1484 2892; x_wconf 82' lang='grc' dir='ltr'>καλῆς</span> <span class='ocrx_word' id='word_1_337' title='bbox 1533 2826 1632 2894; x_wconf 82' lang='grc' dir='ltr'>τῆς</span> <span class='ocrx_word' id='word_1_338' title='bbox 1655 2823 1870 2878; x_wconf 86' lang='grc' dir='ltr'>διαστο-</span> 
     </span>
    </p>
   </div>
   <div class='ocr_carea' id='block_1_47' title="bbox 287 2911 1871 2984">
    <p class='ocr_par' dir='ltr' id='par_1_47' title="bbox 287 2911 1871 2984">
     <span class='ocr_line' id='line_1_47' title="bbox 287 2911 1871 2984; baseline 0.004 -21"><span class='ocrx_word' id='word_1_339' title='bbox 287 2911 391 2980; x_wconf 83' lang='grc' dir='ltr'><strong>λῆς</strong></span> <span class='ocrx_word' id='word_1_340' title='bbox 435 2911 613 2978; x_wconf 73' lang='grc' dir='ltr'>λέγων</span> <span class='ocrx_word' id='word_1_341' title='bbox 666 2913 725 2965; x_wconf 77' lang='grc' dir='ltr'><strong>ὲν</strong></span> <span class='ocrx_word' id='word_1_342' title='bbox 777 2915 888 2976; x_wconf 82' lang='grc' dir='ltr'>τοῖς</span> <span class='ocrx_word' id='word_1_343' title='bbox 931 2913 1305 2981; x_wconf 74' lang='grc' dir='ltr'>Εὑαγγελίοις,</span> <span class='ocrx_word' id='word_1_344' title='bbox 1347 2914 1871 2984; x_wconf 74' lang='grc' dir='ltr'>Ἐξομολογοῦμαί</span> 
     </span>
    </p>
   </div>
   <div class='ocr_carea' id='block_1_48' title="bbox 298 2999 1869 3075">
    <p class='ocr_par' dir='ltr' id='par_1_48' title="bbox 298 2999 1869 3075">
     <span class='ocr_line' id='line_1_48' title="bbox 298 2999 1869 3075; baseline 0.003 -19"><span class='ocrx_word' id='word_1_345' title='bbox 298 3019 425 3068; x_wconf 87' lang='grc' dir='ltr'>σοι,</span> <span class='ocrx_word' id='word_1_346' title='bbox 478 3002 710 3072; x_wconf 82' lang='grc' dir='ltr'>Πάτερ·</span> <span class='ocrx_word' id='word_1_347' title='bbox 747 2999 890 3067; x_wconf 73' lang='grc' dir='ltr'>εἶτα,</span> <span class='ocrx_word' id='word_1_348' title='bbox 933 3006 1112 3074; x_wconf 80' lang='grc' dir='ltr'>Κύριε</span> <span class='ocrx_word' id='word_1_349' title='bbox 1168 3005 1278 3060; x_wconf 85' lang='grc' dir='ltr'><strong>τοῦ</strong></span> <span class='ocrx_word' id='word_1_350' title='bbox 1307 3005 1572 3074; x_wconf 78' lang='grc' dir='ltr'><strong>οὐρανοῦ</strong></span> <span class='ocrx_word' id='word_1_351' title='bbox 1625 3008 1723 3061; x_wconf 74' lang='grc' dir='ltr'>καὶ</span> <span class='ocrx_word' id='word_1_352' title='bbox 1755 3007 1869 3075; x_wconf 82' lang='grc' dir='ltr'>τῆς</span> 
     </span>
    </p>
   </div>
   <div class='ocr_carea' id='block_1_49' title="bbox 1969 1898 3567 1970">
    <p class='ocr_par' dir='ltr' id='par_1_49' title="bbox 1969 1898 3567 1970">
     <span class='ocr_line' id='line_1_49' title="bbox 1969 1898 3567 1970; baseline 0 -14"><span class='ocrx_word' id='word_1_353' title='bbox 1969 1911 2215 1956; x_wconf 84' lang='lat' dir='ltr'><strong>creatam</strong></span> <span class='ocrx_word' id='word_1_354' title='bbox 2259 1900 2464 1954; x_wconf 89' lang='lat' dir='ltr'><strong>induit.</strong></span> <span class='ocrx_word' id='word_1_355' title='bbox 2501 1899 2656 1964; x_wconf 82' lang='lat' dir='ltr'><strong>Quod</strong></span> <span class='ocrx_word' id='word_1_356' title='bbox 2696 1898 2918 1967; x_wconf 88' lang='lat' dir='ltr'><strong>quidem</strong></span> <span class='ocrx_word' id='word_1_357' title='bbox 2944 1915 3018 1953; x_wconf 82' lang='lat' dir='ltr'><strong>ex</strong></span> <span class='ocrx_word' id='word_1_358' title='bbox 3057 1899 3258 1953; x_wconf 82' lang='lat' dir='ltr'><strong>eodem</strong></span> <span class='ocrx_word' id='word_1_359' title='bbox 3296 1900 3415 1954; x_wconf 91' lang='lat' dir='ltr'><strong>loco</strong></span> <span class='ocrx_word' id='word_1_360' title='bbox 3442 1912 3567 1970; x_wconf 84' lang='lat' dir='ltr'><strong>pol-</strong></span> 
     </span>
    </p>
   </div>
   <div class='ocr_carea' id='block_1_50' title="bbox 1970 1969 3570 2062">
    <p class='ocr_par' dir='ltr' id='par_1_50' title="bbox 1970 1969 3570 2062">
     <span class='ocr_line' id='line_1_50' title="bbox 1970 1969 3570 2062; baseline -0.002 -14"><span class='ocrx_word' id='word_1_361' title='bbox 1970 2002 2076 2048; x_wconf 88' lang='lat' dir='ltr'><strong>test</strong></span> <span class='ocrx_word' id='word_1_362' title='bbox 2099 1992 2346 2062; x_wconf 72' lang='lat' dir='ltr'><strong>intelligi.</strong></span> <span class='ocrx_word' id='word_1_363' title='bbox 2368 1990 2581 2045; x_wconf 83' lang='lat' dir='ltr'><strong>Etenim</strong></span> <span class='ocrx_word' id='word_1_364' title='bbox 2611 2007 2733 2044; x_wconf 75' lang='lat' dir='ltr'><strong>cum</strong></span> <span class='ocrx_word' id='word_1_365' title='bbox 2764 1990 2935 2044; x_wconf 89' lang='lat' dir='ltr'><strong>Filius</strong></span> <span class='ocrx_word' id='word_1_366' title='bbox 2962 1990 3052 2054; x_wconf 88' lang='lat' dir='ltr'><strong>sit,</strong></span> <span class='ocrx_word' id='word_1_367' title='bbox 3081 1999 3140 2045; x_wconf 87' lang='lat' dir='ltr'><strong>et</strong></span> <span class='ocrx_word' id='word_1_368' title='bbox 3165 1969 3332 2044; x_wconf 80' lang='lat' dir='ltr'><strong>Deum</strong></span> <span class='ocrx_word' id='word_1_369' title='bbox 3369 1969 3570 2046; x_wconf 64' lang='lat' dir='ltr'><strong>habeat</strong></span> 
     </span>
    </p>
   </div>
   <div class='ocr_carea' id='block_1_51' title="bbox 1971 2083 3570 2155">
    <p class='ocr_par' dir='ltr' id='par_1_51' title="bbox 1971 2083 3570 2155">
     <span class='ocr_line' id='line_1_51' title="bbox 1971 2083 3570 2155; baseline -0.003 -15"><span class='ocrx_word' id='word_1_370' title='bbox 1971 2085 2212 2149; x_wconf 84' lang='lat' dir='ltr'><strong>Patrem,</strong></span> <span class='ocrx_word' id='word_1_371' title='bbox 2275 2093 2359 2140; x_wconf 88' lang='lat' dir='ltr'><strong>est</strong></span> <span class='ocrx_word' id='word_1_372' title='bbox 2401 2083 2547 2139; x_wconf 88' lang='lat' dir='ltr'><strong>enim</strong></span> <span class='ocrx_word' id='word_1_373' title='bbox 2604 2083 2882 2154; x_wconf 86' lang='lat' dir='ltr'><strong>proprium</strong></span> <span class='ocrx_word' id='word_1_374' title='bbox 2939 2099 3161 2155; x_wconf 77' lang='lat' dir='ltr'><strong>germen</strong></span> <span class='ocrx_word' id='word_1_375' title='bbox 3226 2083 3418 2153; x_wconf 88' lang='lat' dir='ltr'><strong>ipsius,</strong></span> <span class='ocrx_word' id='word_1_376' title='bbox 3485 2094 3570 2136; x_wconf 81' lang='lat' dir='ltr'><strong>ta-</strong></span> 
     </span>
    </p>
   </div>
   <div class='ocr_carea' id='block_1_52' title="bbox 1968 2176 3569 2247">
    <p class='ocr_par' dir='ltr' id='par_1_52' title="bbox 1968 2176 3569 2247">
     <span class='ocr_line' id='line_1_52' title="bbox 1968 2176 3569 2247; baseline -0.004 -14"><span class='ocrx_word' id='word_1_377' title='bbox 1968 2193 2096 2233; x_wconf 84' lang='lat' dir='ltr'><strong>men</strong></span> <span class='ocrx_word' id='word_1_378' title='bbox 2129 2195 2252 2232; x_wconf 90' lang='lat' dir='ltr'><strong>eum</strong></span> <span class='ocrx_word' id='word_1_379' title='bbox 2309 2177 2595 2232; x_wconf 87' lang='lat' dir='ltr'><strong>Dominum</strong></span> <span class='ocrx_word' id='word_1_380' title='bbox 2649 2187 2826 2239; x_wconf 86' lang='lat' dir='ltr'><strong>vocat,</strong></span> <span class='ocrx_word' id='word_1_381' title='bbox 2874 2192 2984 2230; x_wconf 86' lang='lat' dir='ltr'><strong>non</strong></span> <span class='ocrx_word' id='word_1_382' title='bbox 3025 2176 3176 2247; x_wconf 90' lang='lat' dir='ltr'><strong>quod</strong></span> <span class='ocrx_word' id='word_1_383' title='bbox 3227 2191 3418 2231; x_wconf 85' lang='lat' dir='ltr'><strong>servus</strong></span> <span class='ocrx_word' id='word_1_384' title='bbox 3471 2176 3569 2241; x_wconf 81' lang='lat' dir='ltr'><strong>sit,</strong></span> 
     </span>
    </p>
   </div>
   <div class='ocr_carea' id='block_1_53' title="bbox 1971 2267 3569 2338">
    <p class='ocr_par' dir='ltr' id='par_1_53' title="bbox 1971 2267 3569 2338">
     <span class='ocr_line' id='line_1_53' title="bbox 1971 2267 3569 2338; baseline -0.001 -14"><span class='ocrx_word' id='word_1_385' title='bbox 1971 2269 2070 2324; x_wconf 89' lang='lat' dir='ltr'><strong>sed</strong></span> <span class='ocrx_word' id='word_1_386' title='bbox 2103 2271 2225 2338; x_wconf 89' lang='lat' dir='ltr'><strong>quia</strong></span> <span class='ocrx_word' id='word_1_387' title='bbox 2258 2270 2399 2322; x_wconf 86' lang='lat' dir='ltr'><strong>servi</strong></span> <span class='ocrx_word' id='word_1_388' title='bbox 2445 2268 2674 2323; x_wconf 81' lang='lat' dir='ltr'><strong>formam</strong></span> <span class='ocrx_word' id='word_1_389' title='bbox 2720 2268 2958 2335; x_wconf 88' lang='lat' dir='ltr'><strong>accepit.</strong></span> <span class='ocrx_word' id='word_1_390' title='bbox 3000 2267 3234 2322; x_wconf 89' lang='lat' dir='ltr'><strong>Decebat</strong></span> <span class='ocrx_word' id='word_1_391' title='bbox 3302 2269 3472 2335; x_wconf 89' lang='lat' dir='ltr'><strong>enim,</strong></span> <span class='ocrx_word' id='word_1_392' title='bbox 3508 2278 3569 2323; x_wconf 89' lang='lat' dir='ltr'><strong>ut</strong></span> 
     </span>
    </p>
   </div>
   <div class='ocr_carea' id='block_1_54' title="bbox 1971 2357 3571 2430">
    <p class='ocr_par' dir='ltr' id='par_1_54' title="bbox 1971 2357 3571 2430">
     <span class='ocr_line' id='line_1_54' title="bbox 1971 2357 3571 2430; baseline -0.001 -16"><span class='ocrx_word' id='word_1_393' title='bbox 1971 2376 2037 2414; x_wconf 83' lang='lat' dir='ltr'><strong>ex</strong></span> <span class='ocrx_word' id='word_1_394' title='bbox 2067 2361 2226 2416; x_wconf 87' lang='lat' dir='ltr'><strong>Patre</strong></span> <span class='ocrx_word' id='word_1_395' title='bbox 2292 2359 2533 2415; x_wconf 82' lang='lat' dir='ltr'><strong>Verbum</strong></span> <span class='ocrx_word' id='word_1_396' title='bbox 2593 2359 2867 2414; x_wconf 81' lang='lat' dir='ltr'><strong>exsistens</strong></span> <span class='ocrx_word' id='word_1_397' title='bbox 2895 2358 3109 2413; x_wconf 77' lang='lat' dir='ltr'><strong>Patrem</strong></span> <span class='ocrx_word' id='word_1_398' title='bbox 3154 2357 3324 2413; x_wconf 91' lang='lat' dir='ltr'><strong>Deum</strong></span> <span class='ocrx_word' id='word_1_399' title='bbox 3384 2359 3571 2430; x_wconf 78' lang='lat' dir='ltr'><strong>appel-</strong></span> 
     </span>
    </p>
   </div>
   <div class='ocr_carea' id='block_1_55' title="bbox 1975 2450 3572 2520">
    <p class='ocr_par' dir='ltr' id='par_1_55' title="bbox 1975 2450 3572 2520">
     <span class='ocr_line' id='line_1_55' title="bbox 1975 2450 3572 2520; baseline -0.001 -14"><span class='ocrx_word' id='word_1_400' title='bbox 1975 2451 2136 2518; x_wconf 81' lang='lat' dir='ltr'><strong>laret,</strong></span> <span class='ocrx_word' id='word_1_401' title='bbox 2166 2453 2393 2506; x_wconf 87' lang='lat' dir='ltr'><strong>veniens</strong></span> <span class='ocrx_word' id='word_1_402' title='bbox 2421 2460 2602 2507; x_wconf 88' lang='lat' dir='ltr'><strong>autem</strong></span> <span class='ocrx_word' id='word_1_403' title='bbox 2649 2455 2713 2504; x_wconf 89' lang='lat' dir='ltr'><strong>ad</strong></span> <span class='ocrx_word' id='word_1_404' title='bbox 2746 2460 2948 2504; x_wconf 80' lang='lat' dir='ltr'><strong>nostrae</strong></span> <span class='ocrx_word' id='word_1_405' title='bbox 3004 2450 3195 2504; x_wconf 87' lang='lat' dir='ltr'><strong>salutis</strong></span> <span class='ocrx_word' id='word_1_406' title='bbox 3249 2465 3386 2520; x_wconf 79' lang='lat' dir='ltr'><strong>Opus</strong></span> <span class='ocrx_word' id='word_1_407' title='bbox 3412 2465 3572 2505; x_wconf 77' lang='lat' dir='ltr'><strong>exse-</strong></span> 
     </span>
    </p>
   </div>
   <div class='ocr_carea' id='block_1_56' title="bbox 1971 2540 3562 2612">
    <p class='ocr_par' dir='ltr' id='par_1_56' title="bbox 1971 2540 3562 2612">
     <span class='ocr_line' id='line_1_56' title="bbox 1971 2540 3562 2612; baseline 0 -16"><span class='ocrx_word' id='word_1_408' title='bbox 1971 2543 2248 2612; x_wconf 90' lang='lat' dir='ltr'><strong>quendum</strong></span> <span class='ocrx_word' id='word_1_409' title='bbox 2289 2552 2346 2597; x_wconf 89' lang='lat' dir='ltr'><strong>et</strong></span> <span class='ocrx_word' id='word_1_410' title='bbox 2385 2544 2529 2597; x_wconf 87' lang='lat' dir='ltr'><strong>servi</strong></span> <span class='ocrx_word' id='word_1_411' title='bbox 2582 2542 2814 2596; x_wconf 78' lang='lat' dir='ltr'><strong>formam</strong></span> <span class='ocrx_word' id='word_1_412' title='bbox 2862 2557 3110 2609; x_wconf 87' lang='lat' dir='ltr'><strong>sumens,</strong></span> <span class='ocrx_word' id='word_1_413' title='bbox 3145 2540 3363 2596; x_wconf 89' lang='lat' dir='ltr'><strong>Patrem</strong></span> <span class='ocrx_word' id='word_1_414' title='bbox 3396 2557 3562 2596; x_wconf 81' lang='lat' dir='ltr'><strong>vet-a-</strong></span> 
     </span>
    </p>
   </div>
   <div class='ocr_carea' id='block_1_57' title="bbox 1973 2633 3555 2705">
    <p class='ocr_par' dir='ltr' id='par_1_57' title="bbox 1973 2633 3555 2705">
     <span class='ocr_line' id='line_1_57' title="bbox 1973 2633 3555 2705; baseline -0.001 -15"><span class='ocrx_word' id='word_1_415' title='bbox 1973 2645 2056 2690; x_wconf 88' lang='lat' dir='ltr'><strong>ret</strong></span> <span class='ocrx_word' id='word_1_416' title='bbox 2088 2634 2359 2689; x_wconf 90' lang='lat' dir='ltr'><strong>Domium.</strong></span> <span class='ocrx_word' id='word_1_417' title='bbox 2387 2633 2564 2705; x_wconf 83' lang='lat' dir='ltr'><strong>Atque</strong></span> <span class='ocrx_word' id='word_1_418' title='bbox 2595 2636 2737 2690; x_wconf 87' lang='lat' dir='ltr'><strong>hanc</strong></span> <span class='ocrx_word' id='word_1_419' title='bbox 2766 2635 2987 2705; x_wconf 84' lang='lat' dir='ltr'><strong>quidem</strong></span> <span class='ocrx_word' id='word_1_420' title='bbox 3015 2635 3383 2689; x_wconf 72' lang='lat' dir='ltr'><strong>differentiam</strong></span> <span class='ocrx_word' id='word_1_421' title='bbox 3415 2650 3555 2698; x_wconf 44' lang='lat' dir='ltr'><strong>pra»</strong></span> 
     </span>
    </p>
   </div>
   <div class='ocr_carea' id='block_1_58' title="bbox 1971 2725 3573 2796">
    <p class='ocr_par' dir='ltr' id='par_1_58' title="bbox 1971 2725 3573 2796">
     <span class='ocr_line' id='line_1_58' title="bbox 1971 2725 3573 2796; baseline -0.002 -16"><span class='ocrx_word' id='word_1_422' title='bbox 1971 2726 2114 2780; x_wconf 80' lang='lat' dir='ltr'><strong>clara</strong></span> <span class='ocrx_word' id='word_1_423' title='bbox 2137 2725 2503 2780; x_wconf 84' lang='lat' dir='ltr'><strong>distinctione</strong></span> <span class='ocrx_word' id='word_1_424' title='bbox 2557 2725 2744 2781; x_wconf 91' lang='lat' dir='ltr'><strong>docuit</strong></span> <span class='ocrx_word' id='word_1_425' title='bbox 2775 2727 2889 2796; x_wconf 90' lang='lat' dir='ltr'><strong>ipse</strong></span> <span class='ocrx_word' id='word_1_426' title='bbox 2922 2726 3187 2780; x_wconf 88' lang='lat' dir='ltr'><strong>Dominus</strong></span> <span class='ocrx_word' id='word_1_427' title='bbox 3216 2743 3230 2780; x_wconf 92' lang='lat'><strong>:</strong></span> <span class='ocrx_word' id='word_1_428' title='bbox 3287 2725 3573 2793; x_wconf 76' lang='lat' dir='ltr'><strong>Con/zteor,</strong></span> 
     </span>
    </p>
   </div>
   <div class='ocr_carea' id='block_1_59' title="bbox 1971 2815 3572 2889">
    <p class='ocr_par' dir='ltr' id='par_1_59' title="bbox 1971 2815 3572 2889">
     <span class='ocr_line' id='line_1_59' title="bbox 1971 2815 3572 2889; baseline -0.001 -16"><span class='ocrx_word' id='word_1_429' title='bbox 1971 2817 2227 2888; x_wconf 88' lang='lat' dir='ltr'><strong>inquiens</strong></span> <span class='ocrx_word' id='word_1_430' title='bbox 2251 2819 2307 2882; x_wconf 86' lang='lat' dir='ltr'><strong>in</strong></span> <span class='ocrx_word' id='word_1_431' title='bbox 2329 2815 2661 2888; x_wconf 78' lang='lat' dir='ltr'><strong>Evangeliis,</strong></span> <span class='ocrx_word' id='word_1_432' title='bbox 2684 2819 2800 2884; x_wconf 84' lang='lat' dir='ltr'><strong>tibi,</strong></span> <span class='ocrx_word' id='word_1_433' title='bbox 2820 2815 3004 2882; x_wconf 82' lang='lat' dir='ltr'><strong>Pater,</strong></span> <span class='ocrx_word' id='word_1_434' title='bbox 3029 2818 3227 2874; x_wconf 84' lang='lat' dir='ltr'><strong>deinde</strong></span> <span class='ocrx_word' id='word_1_435' title='bbox 3253 2819 3572 2889; x_wconf 74' lang='lat' dir='ltr'><strong>subjit-it-ns,</strong></span> 
     </span>
    </p>
   </div>
   <div class='ocr_carea' id='block_1_60' title="bbox 1970 2908 3578 2979">
    <p class='ocr_par' dir='ltr' id='par_1_60' title="bbox 1970 2908 3578 2979">
     <span class='ocr_line' id='line_1_60' title="bbox 1970 2908 3578 2979; baseline -0.001 -15"><span class='ocrx_word' id='word_1_436' title='bbox 1970 2909 2194 2964; x_wconf 78' lang='lat' dir='ltr'><strong>Domine</strong></span> <span class='ocrx_word' id='word_1_437' title='bbox 2246 2908 2360 2962; x_wconf 65' lang='lat' dir='ltr'><strong>cali</strong></span> <span class='ocrx_word' id='word_1_438' title='bbox 2425 2918 2473 2963; x_wconf 82' lang='lat' dir='ltr'><strong>et</strong></span> <span class='ocrx_word' id='word_1_439' title='bbox 2535 2918 2688 2962; x_wconf 72' lang='lat' dir='ltr'><strong>terra:</strong></span> <span class='ocrx_word' id='word_1_440' title='bbox 2725 2909 2767 2963; x_wconf 89' lang='grc'>³.</span> <span class='ocrx_word' id='word_1_441' title='bbox 2817 2908 2894 2964; x_wconf 82' lang='lat' dir='ltr'><strong>Ac</strong></span> <span class='ocrx_word' id='word_1_442' title='bbox 2948 2909 3407 2979; x_wconf 87' lang='lat' dir='ltr'><strong>quemadmodum</strong></span> <span class='ocrx_word' id='word_1_443' title='bbox 3472 2924 3578 2963; x_wconf 84' lang='lat' dir='ltr'><strong>nos</strong></span> 
     </span>
    </p>
   </div>
   <div class='ocr_carea' id='block_1_61' title="bbox 1973 3001 3564 3072">
    <p class='ocr_par' dir='ltr' id='par_1_61' title="bbox 1973 3001 3564 3072">
     <span class='ocr_line' id='line_1_61' title="bbox 1973 3001 3564 3072; baseline -0.001 -16"><span class='ocrx_word' id='word_1_444' title='bbox 1973 3002 2150 3057; x_wconf 78' lang='lat' dir='ltr'><strong>Patris</strong></span> <span class='ocrx_word' id='word_1_445' title='bbox 2166 3003 2387 3059; x_wconf 86' lang='lat' dir='ltr'><strong>nomine</strong></span> <span class='ocrx_word' id='word_1_446' title='bbox 2416 3001 2703 3056; x_wconf 85' lang='lat' dir='ltr'><strong>Dominum</strong></span> <span class='ocrx_word' id='word_1_447' title='bbox 2730 3001 3093 3072; x_wconf 76' lang='lat' dir='ltr'><strong>appellantes,</strong></span> <span class='ocrx_word' id='word_1_448' title='bbox 3119 3003 3424 3056; x_wconf 82' lang='lat' dir='ltr'><strong>naturalem</strong></span> <span class='ocrx_word' id='word_1_449' title='bbox 3453 3018 3564 3056; x_wconf 87' lang='lat' dir='ltr'><strong>non</strong></span> 
     </span>
    </p>
   </div>
   <div class='ocr_carea' id='block_1_62' title="bbox 289 3094 1869 3173">
    <p class='ocr_par' dir='ltr' id='par_1_62' title="bbox 289 3094 1869 3170">
     <span class='ocr_line' id='line_1_62' title="bbox 289 3094 1869 3170; baseline 0.004 -21"><span class='ocrx_word' id='word_1_450' title='bbox 289 3094 426 3166; x_wconf 75' lang='grc' dir='ltr'>τῆς.</span> <span class='ocrx_word' id='word_1_451' title='bbox 465 3096 612 3150; x_wconf 76' lang='grc' dir='ltr'>Ἀλλ’</span> <span class='ocrx_word' id='word_1_452' title='bbox 667 3095 858 3168; x_wconf 81' lang='grc' dir='ltr'>ὥσπερ</span> <span class='ocrx_word' id='word_1_453' title='bbox 919 3100 1107 3168; x_wconf 78' lang='grc' dir='ltr'>ἡμεῖς,</span> <span class='ocrx_word' id='word_1_454' title='bbox 1166 3098 1386 3170; x_wconf 79' lang='grc' dir='ltr'>Πατέρα</span> <span class='ocrx_word' id='word_1_455' title='bbox 1453 3099 1751 3163; x_wconf 78' lang='grc' dir='ltr'>καλοῦντες</span> <span class='ocrx_word' id='word_1_456' title='bbox 1787 3103 1869 3156; x_wconf 70' lang='lat' dir='ltr'><strong>rbi</strong></span> 
     </span>
    </p>
   </div>
   <div class='ocr_carea' id='block_1_63' title="bbox 1976 3094 3572 3173">
    <p class='ocr_par' dir='ltr' id='par_1_63' title="bbox 1984 3096 3572 3166">
     <span class='ocr_line' id='line_1_63' title="bbox 1984 3096 3572 3166; baseline -0.001 -16"><span class='ocrx_word' id='word_1_457' title='bbox 1984 3109 2252 3166; x_wconf 79' lang='lat' dir='ltr'><strong>negamus</strong></span> <span class='ocrx_word' id='word_1_458' title='bbox 2300 3096 2644 3160; x_wconf 85' lang='lat' dir='ltr'><strong>servitutem,</strong></span> <span class='ocrx_word' id='word_1_459' title='bbox 2699 3111 2892 3151; x_wconf 86' lang='lat' dir='ltr'><strong>sutnus</strong></span> <span class='ocrx_word' id='word_1_460' title='bbox 2950 3098 3094 3151; x_wconf 89' lang='lat' dir='ltr'><strong>enim</strong></span> <span class='ocrx_word' id='word_1_461' title='bbox 3152 3096 3324 3166; x_wconf 90' lang='lat' dir='ltr'><strong>ipsius</strong></span> <span class='ocrx_word' id='word_1_462' title='bbox 3380 3110 3572 3166; x_wconf 83' lang='lat' dir='ltr'><strong>opera,</strong></span> 
     </span>
    </p>
   </div>
   <div class='ocr_carea' id='block_1_64' title="bbox 287 3188 1867 3260">
    <p class='ocr_par' dir='ltr' id='par_1_64' title="bbox 287 3188 1867 3260">
     <span class='ocr_line' id='line_1_64' title="bbox 287 3188 1867 3260; baseline 0.003 -20"><span class='ocrx_word' id='word_1_463' title='bbox 287 3189 524 3258; x_wconf 80' lang='grc' dir='ltr'><strong>Κύριον,</strong></span> <span class='ocrx_word' id='word_1_464' title='bbox 551 3189 653 3242; x_wconf 79' lang='grc' dir='ltr'><strong>οὐκ</strong></span> <span class='ocrx_word' id='word_1_465' title='bbox 690 3188 1006 3259; x_wconf 78' lang='grc' dir='ltr'>ἀρνούμεθα</span> <span class='ocrx_word' id='word_1_466' title='bbox 1040 3189 1138 3260; x_wconf 83' lang='grc' dir='ltr'><strong>τὴν</strong></span> <span class='ocrx_word' id='word_1_467' title='bbox 1196 3190 1340 3242; x_wconf 84' lang='grc' dir='ltr'>κατὰ</span> <span class='ocrx_word' id='word_1_468' title='bbox 1393 3191 1554 3259; x_wconf 80' lang='grc' dir='ltr'>φύσιν</span> <span class='ocrx_word' id='word_1_469' title='bbox 1597 3190 1867 3245; x_wconf 75' lang='grc' dir='ltr'>δουλείανο</span> 
     </span>
    </p>
   </div>
   <div class='ocr_carea' id='block_1_65' title="bbox 286 3279 1863 3354">
    <p class='ocr_par' dir='ltr' id='par_1_65' title="bbox 286 3279 1863 3354">
     <span class='ocr_line' id='line_1_65' title="bbox 286 3279 1863 3354; baseline 0.002 -21"><span class='ocrx_word' id='word_1_470' title='bbox 286 3279 467 3334; x_wconf 78' lang='grc' dir='ltr'>αὑτοῦ</span> <span class='ocrx_word' id='word_1_471' title='bbox 513 3283 621 3349; x_wconf 83' lang='grc' dir='ltr'>γάρ</span> <span class='ocrx_word' id='word_1_472' title='bbox 656 3283 823 3350; x_wconf 76' lang='grc' dir='ltr'>ἐσμεν</span> <span class='ocrx_word' id='word_1_473' title='bbox 854 3281 1013 3350; x_wconf 76' lang='grc' dir='ltr'>ἔργα,</span> <span class='ocrx_word' id='word_1_474' title='bbox 1045 3281 1140 3334; x_wconf 77' lang='grc' dir='ltr'><strong>καὶ</strong></span> <span class='ocrx_word' id='word_1_475' title='bbox 1187 3282 1351 3345; x_wconf 72' lang='grc' dir='ltr'>αὐτὸς</span> <span class='ocrx_word' id='word_1_476' title='bbox 1404 3283 1667 3352; x_wconf 76' lang='grc' dir='ltr'>ἐποίησεν</span> <span class='ocrx_word' id='word_1_477' title='bbox 1694 3285 1863 3354; x_wconf 75' lang='grc' dir='ltr'>ἡμᾶς,</span> 
     </span>
    </p>
   </div>
   <div class='ocr_carea' id='block_1_66' title="bbox 287 3371 1864 3444">
    <p class='ocr_par' dir='ltr' id='par_1_66' title="bbox 287 3371 1864 3444">
     <span class='ocr_line' id='line_1_66' title="bbox 287 3371 1864 3444; baseline 0.004 -21"><span class='ocrx_word' id='word_1_478' title='bbox 287 3372 392 3423; x_wconf 72' lang='grc' dir='ltr'>καὶ</span> <span class='ocrx_word' id='word_1_479' title='bbox 424 3371 522 3440; x_wconf 87' lang='grc' dir='ltr'>ούχ</span> <span class='ocrx_word' id='word_1_480' title='bbox 549 3373 710 3440; x_wconf 74' lang='grc' dir='ltr'>ἡμεῖς</span> <span class='ocrx_word' id='word_1_481' title='bbox 731 3387 744 3400; x_wconf 84' lang='lat'><strong>&#39;</strong></span> <span class='ocrx_word' id='word_1_482' title='bbox 784 3371 959 3435; x_wconf 76' lang='grc' dir='ltr'>οὕτως</span> <span class='ocrx_word' id='word_1_483' title='bbox 1015 3373 1144 3424; x_wconf 84' lang='grc' dir='ltr'>ὅταν</span> <span class='ocrx_word' id='word_1_484' title='bbox 1173 3373 1201 3424; x_wconf 81' lang='grc' dir='ltr'><strong>ὁ</strong></span> <span class='ocrx_word' id='word_1_485' title='bbox 1226 3371 1358 3434; x_wconf 76' lang='grc' dir='ltr'>Υἱὸς</span> <span class='ocrx_word' id='word_1_486' title='bbox 1413 3375 1512 3444; x_wconf 80' lang='grc' dir='ltr'>τὴν</span> <span class='ocrx_word' id='word_1_487' title='bbox 1535 3374 1630 3428; x_wconf 80' lang='grc' dir='ltr'><strong>τοῦ</strong></span> <span class='ocrx_word' id='word_1_488' title='bbox 1670 3376 1864 3430; x_wconf 79' lang='grc' dir='ltr'>δούλου</span> 
     </span>
    </p>
   </div>
   <div class='ocr_carea' id='block_1_67' title="bbox 293 3452 1868 3536">
    <p class='ocr_par' dir='ltr' id='par_1_67' title="bbox 293 3452 1868 3536">
     <span class='ocr_line' id='line_1_67' title="bbox 293 3452 1868 3536; baseline 0.006 -25"><span class='ocrx_word' id='word_1_489' title='bbox 293 3464 514 3536; x_wconf 76' lang='grc' dir='ltr'>μορφὴν</span> <span class='ocrx_word' id='word_1_490' title='bbox 542 3465 838 3530; x_wconf 79' lang='grc' dir='ltr'><strong>λαμόάνων</strong></span> <span class='ocrx_word' id='word_1_491' title='bbox 874 3463 1028 3534; x_wconf 84' lang='grc' dir='ltr'>λέγῃ,</span> <span class='ocrx_word' id='word_1_492' title='bbox 1065 3452 1298 3530; x_wconf 51' lang='grc' dir='ltr'><strong>Κύριοξ</strong></span> <span class='ocrx_word' id='word_1_493' title='bbox 1321 3463 1526 3518; x_wconf 72' lang='grc' dir='ltr'>ἐκτισέ</span> <span class='ocrx_word' id='word_1_494' title='bbox 1566 3482 1644 3534; x_wconf 80' lang='grc' dir='ltr'><strong>με</strong></span> <span class='ocrx_word' id='word_1_495' title='bbox 1668 3465 1868 3535; x_wconf 78' lang='grc' dir='ltr'><strong>ἀρχὴν</strong></span> 
     </span>
    </p>
   </div>
   <div class='ocr_carea' id='block_1_68' title="bbox 291 3555 1872 3630">
    <p class='ocr_par' dir='ltr' id='par_1_68' title="bbox 291 3555 1872 3630">
     <span class='ocr_line' id='line_1_68' title="bbox 291 3555 1872 3630; baseline 0.001 -20"><span class='ocrx_word' id='word_1_496' title='bbox 291 3555 459 3610; x_wconf 79' lang='grc' dir='ltr'><strong>ὁδῶν</strong></span> <span class='ocrx_word' id='word_1_497' title='bbox 493 3555 701 3618; x_wconf 83' lang='grc' dir='ltr'>αὑτοῦ,</span> <span class='ocrx_word' id='word_1_498' title='bbox 755 3556 828 3625; x_wconf 77' lang='grc' dir='ltr'>μὴ</span> <span class='ocrx_word' id='word_1_499' title='bbox 874 3555 1254 3624; x_wconf 76' lang='grc' dir='ltr'>ἀρνείσθωσαν</span> <span class='ocrx_word' id='word_1_500' title='bbox 1295 3555 1396 3626; x_wconf 78' lang='grc' dir='ltr'>τὴν</span> <span class='ocrx_word' id='word_1_501' title='bbox 1442 3556 1722 3626; x_wconf 81' lang='grc' dir='ltr'>ἀῖδιότητα</span> <span class='ocrx_word' id='word_1_502' title='bbox 1774 3560 1872 3630; x_wconf 77' lang='grc' dir='ltr'>τῆς</span> 
     </span>
    </p>
   </div>
   <div class='ocr_carea' id='block_1_69' title="bbox 295 3642 1872 3718">
    <p class='ocr_par' dir='ltr' id='par_1_69' title="bbox 295 3642 1872 3718">
     <span class='ocr_line' id='line_1_69' title="bbox 295 3642 1872 3718; baseline 0.003 -20"><span class='ocrx_word' id='word_1_503' title='bbox 295 3645 498 3700; x_wconf 84' lang='grc' dir='ltr'>τούτου</span> <span class='ocrx_word' id='word_1_504' title='bbox 533 3645 808 3715; x_wconf 76' lang='grc' dir='ltr'><strong>θεότητος,</strong></span> <span class='ocrx_word' id='word_1_505' title='bbox 841 3646 934 3698; x_wconf 77' lang='grc' dir='ltr'>καὶ</span> <span class='ocrx_word' id='word_1_506' title='bbox 979 3647 1064 3699; x_wconf 72' lang='grc' dir='ltr'><strong>ὅτι</strong></span> <span class='ocrx_word' id='word_1_507' title='bbox 1091 3648 1152 3699; x_wconf 79' lang='grc' dir='ltr'><strong>ὲν</strong></span> <span class='ocrx_word' id='word_1_508' title='bbox 1181 3645 1326 3718; x_wconf 71' lang='grc' dir='ltr'><strong>ἀρχῇ</strong></span> <span class='ocrx_word' id='word_1_509' title='bbox 1376 3642 1446 3718; x_wconf 83' lang='grc' dir='ltr'><strong>ἦν</strong></span> <span class='ocrx_word' id='word_1_510' title='bbox 1482 3648 1510 3700; x_wconf 84' lang='grc' dir='ltr'>ὁ</span> <span class='ocrx_word' id='word_1_511' title='bbox 1545 3648 1741 3717; x_wconf 75' lang='grc' dir='ltr'>Λόγος,</span> <span class='ocrx_word' id='word_1_512' title='bbox 1777 3649 1872 3702; x_wconf 78' lang='grc' dir='ltr'>καὶ</span> 
     </span>
    </p>
   </div>
   <div class='ocr_carea' id='block_1_70' title="bbox 292 3739 1874 3808">
    <p class='ocr_par' dir='ltr' id='par_1_70' title="bbox 292 3739 1874 3808">
     <span class='ocr_line' id='line_1_70' title="bbox 292 3739 1874 3808; baseline 0.001 -16"><span class='ocrx_word' id='word_1_513' title='bbox 292 3739 482 3792; x_wconf 73' lang='grc' dir='ltr'>πάντα</span> <span class='ocrx_word' id='word_1_514' title='bbox 513 3740 578 3792; x_wconf 86' lang='grc' dir='ltr'>δι’</span> <span class='ocrx_word' id='word_1_515' title='bbox 610 3739 774 3793; x_wconf 76' lang='grc' dir='ltr'>αὐτοῦ</span> <span class='ocrx_word' id='word_1_516' title='bbox 806 3740 1024 3806; x_wconf 84' lang='grc' dir='ltr'>γέγονε,</span> <span class='ocrx_word' id='word_1_517' title='bbox 1047 3741 1144 3792; x_wconf 64' lang='grc' dir='ltr'>καὶ</span> <span class='ocrx_word' id='word_1_518' title='bbox 1170 3739 1228 3791; x_wconf 73' lang='grc' dir='ltr'>ἒν</span> <span class='ocrx_word' id='word_1_519' title='bbox 1261 3739 1411 3808; x_wconf 79' lang='grc' dir='ltr'>αὐτῷ</span> <span class='ocrx_word' id='word_1_520' title='bbox 1432 3743 1500 3794; x_wconf 77' lang='grc' dir='ltr'>τὰ</span> <span class='ocrx_word' id='word_1_521' title='bbox 1524 3743 1703 3795; x_wconf 78' lang='grc' dir='ltr'>πάντα</span> <span class='ocrx_word' id='word_1_522' title='bbox 1727 3742 1874 3794; x_wconf 76' lang='grc' dir='ltr'>ἔκτι-</span> 
     </span>
    </p>
   </div>
   <div class='ocr_carea' id='block_1_71' title="bbox 292 3830 1867 3903">
    <p class='ocr_par' dir='ltr' id='par_1_71' title="bbox 292 3830 1867 3903">
     <span class='ocr_line' id='line_1_71' title="bbox 292 3830 1867 3903; baseline 0 -18"><span class='ocrx_word' id='word_1_523' title='bbox 292 3845 452 3885; x_wconf 82' lang='grc' dir='ltr'>σται.</span> <span class='ocrx_word' id='word_1_524' title='bbox 480 3830 554 3884; x_wconf 85' lang='grc' dir='ltr'><strong>Τὸ</strong></span> <span class='ocrx_word' id='word_1_525' title='bbox 601 3831 656 3884; x_wconf 79' lang='grc' dir='ltr'>δὲ</span> <span class='ocrx_word' id='word_1_526' title='bbox 705 3835 764 3885; x_wconf 82' lang='grc' dir='ltr'>ὲν</span> <span class='ocrx_word' id='word_1_527' title='bbox 787 3835 904 3894; x_wconf 80' lang='grc' dir='ltr'>ταῖς</span> <span class='ocrx_word' id='word_1_528' title='bbox 938 3833 1268 3900; x_wconf 76' lang='grc' dir='ltr'>Παροιμίαις</span> <span class='ocrx_word' id='word_1_529' title='bbox 1301 3831 1486 3901; x_wconf 75' lang='grc' dir='ltr'>ῥητὸν,</span> <span class='ocrx_word' id='word_1_530' title='bbox 1515 3833 1698 3895; x_wconf 76' lang='grc' dir='ltr'>καθὼς</span> <span class='ocrx_word' id='word_1_531' title='bbox 1734 3847 1867 3903; x_wconf 78' lang='grc' dir='ltr'>προ-</span> 
     </span>
    </p>
   </div>
   <div class='ocr_carea' id='block_1_72' title="bbox 288 3923 1877 3993">
    <p class='ocr_par' dir='ltr' id='par_1_72' title="bbox 288 3923 1877 3993">
     <span class='ocr_line' id='line_1_72' title="bbox 288 3923 1877 3993; baseline 0.001 -16"><span class='ocrx_word' id='word_1_532' title='bbox 288 3927 474 3989; x_wconf 82' lang='grc' dir='ltr'>εἶπον,</span> <span class='ocrx_word' id='word_1_533' title='bbox 504 3927 564 3976; x_wconf 74' lang='grc' dir='ltr'>οὐ</span> <span class='ocrx_word' id='word_1_534' title='bbox 604 3926 703 3993; x_wconf 79' lang='grc' dir='ltr'>τὴν</span> <span class='ocrx_word' id='word_1_535' title='bbox 732 3924 943 3986; x_wconf 74' lang='grc' dir='ltr'>οὐσίαν,</span> <span class='ocrx_word' id='word_1_536' title='bbox 973 3923 1108 3977; x_wconf 76' lang='grc' dir='ltr'>ἀλλὰ</span> <span class='ocrx_word' id='word_1_537' title='bbox 1135 3923 1198 3976; x_wconf 62' lang='grc' dir='ltr'><strong>τὸα</strong></span> <span class='ocrx_word' id='word_1_538' title='bbox 1229 3923 1574 3993; x_wconf 83' lang='grc' dir='ltr'>ἀνθρώπινον</span> <span class='ocrx_word' id='word_1_539' title='bbox 1633 3924 1729 3977; x_wconf 76' lang='grc' dir='ltr'><strong>τοῦ</strong></span> <span class='ocrx_word' id='word_1_540' title='bbox 1774 3926 1877 3978; x_wconf 84' lang='grc' dir='ltr'><strong>Λό-</strong></span> 
     </span>
    </p>
   </div>
   <div class='ocr_carea' id='block_1_73' title="bbox 287 4016 1875 4088">
    <p class='ocr_par' dir='ltr' id='par_1_73' title="bbox 287 4016 1875 4088">
     <span class='ocr_line' id='line_1_73' title="bbox 287 4016 1875 4088; baseline -0.001 -17"><span class='ocrx_word' id='word_1_541' title='bbox 287 4035 397 4087; x_wconf 83' lang='grc' dir='ltr'><strong>γου</strong></span> <span class='ocrx_word' id='word_1_542' title='bbox 446 4020 724 4086; x_wconf 75' lang='grc' dir='ltr'>σημαίνει.</span> <span class='ocrx_word' id='word_1_543' title='bbox 781 4017 843 4070; x_wconf 76' lang='grc' dir='ltr'><strong>ει</strong></span> <span class='ocrx_word' id='word_1_544' title='bbox 892 4021 1002 4088; x_wconf 76' lang='grc' dir='ltr'><strong>γὰρ</strong></span> <span class='ocrx_word' id='word_1_545' title='bbox 1055 4019 1135 4080; x_wconf 70' lang='grc' dir='ltr'>εἰς</span> <span class='ocrx_word' id='word_1_546' title='bbox 1167 4017 1326 4086; x_wconf 76' lang='grc' dir='ltr'>ἔργα,</span> <span class='ocrx_word' id='word_1_547' title='bbox 1384 4016 1574 4084; x_wconf 80' lang='grc' dir='ltr'>φησὶν,</span> <span class='ocrx_word' id='word_1_548' title='bbox 1606 4017 1875 4081; x_wconf 77' lang='grc' dir='ltr'>ἔκτισται,</span> 
     </span>
    </p>
   </div>
   <div class='ocr_carea' id='block_1_74' title="bbox 291 4109 1874 4182">
    <p class='ocr_par' dir='ltr' id='par_1_74' title="bbox 291 4109 1874 4182">
     <span class='ocr_line' id='line_1_74' title="bbox 291 4109 1874 4182; baseline -0.001 -17"><span class='ocrx_word' id='word_1_549' title='bbox 291 4112 554 4182; x_wconf 79' lang='grc' dir='ltr'>φαίνεται</span> <span class='ocrx_word' id='word_1_550' title='bbox 579 4112 652 4179; x_wconf 82' lang='grc' dir='ltr'>μὴ</span> <span class='ocrx_word' id='word_1_551' title='bbox 679 4112 780 4178; x_wconf 83' lang='grc' dir='ltr'><strong>τὴν</strong></span> <span class='ocrx_word' id='word_1_552' title='bbox 807 4111 997 4163; x_wconf 65' lang='grc' dir='ltr'>οὐσίαν</span> <span class='ocrx_word' id='word_1_553' title='bbox 1021 4109 1216 4162; x_wconf 81' lang='grc' dir='ltr'>ἑαυτοῦ</span> <span class='ocrx_word' id='word_1_554' title='bbox 1251 4112 1498 4179; x_wconf 81' lang='grc' dir='ltr'><strong>σημᾶναι</strong></span> <span class='ocrx_word' id='word_1_555' title='bbox 1526 4109 1716 4172; x_wconf 81' lang='grc' dir='ltr'>θέλων,</span> <span class='ocrx_word' id='word_1_556' title='bbox 1735 4109 1874 4163; x_wconf 79' lang='grc' dir='ltr'>ἀλλὰ</span> 
     </span>
    </p>
   </div>
   <div class='ocr_carea' id='block_1_75' title="bbox 288 4201 1874 4274">
    <p class='ocr_par' dir='ltr' id='par_1_75' title="bbox 288 4201 1874 4274">
     <span class='ocr_line' id='line_1_75' title="bbox 288 4201 1874 4274; baseline -0.001 -18"><span class='ocrx_word' id='word_1_557' title='bbox 288 4205 396 4274; x_wconf 75' lang='grc' dir='ltr'>τὴν</span> <span class='ocrx_word' id='word_1_558' title='bbox 417 4205 496 4266; x_wconf 80' lang='lat' dir='ltr'><strong>si;</strong></span> <span class='ocrx_word' id='word_1_559' title='bbox 523 4203 664 4274; x_wconf 81' lang='grc' dir='ltr'>ἔργα</span> <span class='ocrx_word' id='word_1_560' title='bbox 692 4203 857 4257; x_wconf 83' lang='grc' dir='ltr'>αὐτοῦ</span> <span class='ocrx_word' id='word_1_561' title='bbox 890 4203 1205 4273; x_wconf 71' lang='grc' dir='ltr'>οἰκονομίαν</span> <span class='ocrx_word' id='word_1_562' title='bbox 1227 4202 1552 4272; x_wconf 84' lang='grc' dir='ltr'>γενομένην,</span> <span class='ocrx_word' id='word_1_563' title='bbox 1583 4202 1716 4272; x_wconf 86' lang='grc' dir='ltr'>ὅπερ</span> <span class='ocrx_word' id='word_1_564' title='bbox 1749 4201 1874 4255; x_wconf 84' lang='grc' dir='ltr'>δεύ-</span> 
     </span>
    </p>
   </div>
   <div class='ocr_carea' id='block_1_76' title="bbox 289 4292 1874 4366">
    <p class='ocr_par' dir='ltr' id='par_1_76' title="bbox 289 4292 1874 4366">
     <span class='ocr_line' id='line_1_76' title="bbox 289 4292 1874 4366; baseline -0.001 -16"><span class='ocrx_word' id='word_1_565' title='bbox 289 4297 458 4366; x_wconf 79' lang='grc' dir='ltr'>τερόν</span> <span class='ocrx_word' id='word_1_566' title='bbox 490 4299 608 4349; x_wconf 77' lang='grc' dir='ltr'>ἐστι</span> <span class='ocrx_word' id='word_1_567' title='bbox 631 4295 722 4349; x_wconf 84' lang='grc' dir='ltr'>τοῦ</span> <span class='ocrx_word' id='word_1_568' title='bbox 753 4292 914 4350; x_wconf 75' lang='grc' dir='ltr'>εἶναι.</span> <span class='ocrx_word' id='word_1_569' title='bbox 947 4297 1028 4348; x_wconf 82' lang='grc' dir='ltr'><strong>Τὰ</strong></span> <span class='ocrx_word' id='word_1_570' title='bbox 1066 4295 1177 4365; x_wconf 82' lang='grc' dir='ltr'>γὰρ</span> <span class='ocrx_word' id='word_1_571' title='bbox 1207 4296 1534 4364; x_wconf 73' lang='grc' dir='ltr'>κτιζὸμενα,</span> <span class='ocrx_word' id='word_1_572' title='bbox 1602 4295 1697 4349; x_wconf 75' lang='grc' dir='ltr'>καὶ</span> <span class='ocrx_word' id='word_1_573' title='bbox 1727 4296 1874 4363; x_wconf 72' lang='grc' dir='ltr'>γινύο</span> 
     </span>
    </p>
   </div>
   <div class='ocr_carea' id='block_1_77' title="bbox 296 4383 1873 4460">
    <p class='ocr_par' dir='ltr' id='par_1_77' title="bbox 296 4383 1873 4460">
     <span class='ocr_line' id='line_1_77' title="bbox 296 4383 1873 4460; baseline 0.001 -19"><span class='ocrx_word' id='word_1_574' title='bbox 296 4405 446 4460; x_wconf 79' lang='grc' dir='ltr'>μενα</span> <span class='ocrx_word' id='word_1_575' title='bbox 474 4389 906 4459; x_wconf 81' lang='grc' dir='ltr'>προηγουμένως</span> <span class='ocrx_word' id='word_1_576' title='bbox 935 4387 1124 4441; x_wconf 68' lang='grc' dir='ltr'>ἕνεκεν</span> <span class='ocrx_word' id='word_1_577' title='bbox 1149 4387 1244 4440; x_wconf 85' lang='grc' dir='ltr'><strong>τοῦ</strong></span> <span class='ocrx_word' id='word_1_578' title='bbox 1274 4383 1528 4442; x_wconf 74' lang='grc' dir='ltr'>εἶναικαὶ</span> <span class='ocrx_word' id='word_1_579' title='bbox 1556 4387 1650 4441; x_wconf 78' lang='grc' dir='ltr'><strong>τοῦ</strong></span> <span class='ocrx_word' id='word_1_580' title='bbox 1695 4389 1873 4459; x_wconf 82' lang='grc' dir='ltr'>ὑπάρ-</span> 
     </span>
    </p>
   </div>
   <div class='ocr_carea' id='block_1_78' title="bbox 1979 3186 3577 3259">
    <p class='ocr_par' dir='ltr' id='par_1_78' title="bbox 1979 3186 3577 3259">
     <span class='ocr_line' id='line_1_78' title="bbox 1979 3186 3577 3259; baseline -0.001 -17"><span class='ocrx_word' id='word_1_581' title='bbox 1979 3197 2037 3242; x_wconf 90' lang='lat' dir='ltr'><strong>et-</strong></span> <span class='ocrx_word' id='word_1_582' title='bbox 2063 3188 2176 3256; x_wconf 81' lang='lat' dir='ltr'><strong>ipse</strong></span> <span class='ocrx_word' id='word_1_583' title='bbox 2195 3189 2319 3259; x_wconf 78' lang='lat' dir='ltr'><strong>fecit</strong></span> <span class='ocrx_word' id='word_1_584' title='bbox 2343 3203 2462 3249; x_wconf 85' lang='lat' dir='ltr'><strong>nos,</strong></span> <span class='ocrx_word' id='word_1_585' title='bbox 2488 3203 2591 3240; x_wconf 86' lang='lat' dir='ltr'><strong>non</strong></span> <span class='ocrx_word' id='word_1_586' title='bbox 2624 3196 2801 3239; x_wconf 84' lang='lat' dir='ltr'><strong>autem</strong></span> <span class='ocrx_word' id='word_1_587' title='bbox 2861 3187 2966 3257; x_wconf 83' lang='lat' dir='ltr'><strong>ipsi</strong></span> <span class='ocrx_word' id='word_1_588' title='bbox 3018 3202 3109 3242; x_wconf 84' lang='lat' dir='ltr'><strong>nos</strong></span> <span class='ocrx_word' id='word_1_589' title='bbox 3141 3186 3186 3251; x_wconf 75' lang='lat'><strong>&quot;,</strong></span> <span class='ocrx_word' id='word_1_590' title='bbox 3246 3186 3325 3240; x_wconf 89' lang='lat' dir='ltr'><strong>sic</strong></span> <span class='ocrx_word' id='word_1_591' title='bbox 3354 3187 3577 3256; x_wconf 80' lang='lat' dir='ltr'><strong>qUando</strong></span> 
     </span>
    </p>
   </div>
   <div class='ocr_carea' id='block_1_79' title="bbox 1981 3277 3574 3348">
    <p class='ocr_par' dir='ltr' id='par_1_79' title="bbox 1981 3277 3574 3348">
     <span class='ocr_line' id='line_1_79' title="bbox 1981 3277 3574 3348; baseline -0.004 -14"><span class='ocrx_word' id='word_1_592' title='bbox 1981 3278 2153 3334; x_wconf 79' lang='lat' dir='ltr'><strong>Filius</strong></span> <span class='ocrx_word' id='word_1_593' title='bbox 2177 3279 2320 3333; x_wconf 89' lang='lat' dir='ltr'><strong>servi</strong></span> <span class='ocrx_word' id='word_1_594' title='bbox 2341 3277 2570 3334; x_wconf 81' lang='lat' dir='ltr'><strong>formam</strong></span> <span class='ocrx_word' id='word_1_595' title='bbox 2603 3278 2911 3348; x_wconf 88' lang='lat' dir='ltr'><strong>suscipiens</strong></span> <span class='ocrx_word' id='word_1_596' title='bbox 2935 3277 3068 3333; x_wconf 87' lang='lat' dir='ltr'><strong>dicit</strong></span> <span class='ocrx_word' id='word_1_597' title='bbox 3093 3291 3108 3332; x_wconf 90' lang='lat'><strong>:</strong></span> <span class='ocrx_word' id='word_1_598' title='bbox 3141 3277 3400 3332; x_wconf 83' lang='lat' dir='ltr'><strong>Dominus</strong></span> <span class='ocrx_word' id='word_1_599' title='bbox 3423 3293 3574 3330; x_wconf 69' lang='lat' dir='ltr'><strong>creao</strong></span> 
     </span>
    </p>
   </div>
   <div class='ocr_carea' id='block_1_80' title="bbox 1979 3369 3573 3432">
    <p class='ocr_par' dir='ltr' id='par_1_80' title="bbox 1979 3369 3573 3432">
     <span class='ocr_line' id='line_1_80' title="bbox 1979 3369 3573 3432; baseline -0.004 -7"><span class='ocrx_word' id='word_1_600' title='bbox 1979 3373 2050 3425; x_wconf 71' lang='lat' dir='ltr'><strong>vit</strong></span> <span class='ocrx_word' id='word_1_601' title='bbox 2113 3387 2195 3424; x_wconf 87' lang='lat' dir='ltr'><strong>me</strong></span> <span class='ocrx_word' id='word_1_602' title='bbox 2249 3371 2460 3424; x_wconf 80' lang='lat' dir='ltr'><strong>initium</strong></span> <span class='ocrx_word' id='word_1_603' title='bbox 2527 3373 2735 3424; x_wconf 82' lang='lat' dir='ltr'><strong>viarum</strong></span> <span class='ocrx_word' id='word_1_604' title='bbox 2815 3371 3138 3432; x_wconf 78' lang='lat' dir='ltr'><strong>suarum&#39;,</strong></span> <span class='ocrx_word' id='word_1_605' title='bbox 3198 3369 3381 3424; x_wconf 89' lang='lat' dir='ltr'><strong>nullus</strong></span> <span class='ocrx_word' id='word_1_606' title='bbox 3429 3377 3573 3421; x_wconf 71' lang='lat' dir='ltr'><strong>ausu</strong></span> 
     </span>
    </p>
   </div>
   <div class='ocr_carea' id='block_1_81' title="bbox 1983 3457 3568 3531">
    <p class='ocr_par' dir='ltr' id='par_1_81' title="bbox 1983 3457 3568 3531">
     <span class='ocr_line' id='line_1_81' title="bbox 1983 3457 3568 3531; baseline -0.004 -15"><span class='ocrx_word' id='word_1_607' title='bbox 1983 3461 2283 3516; x_wconf 86' lang='lat' dir='ltr'><strong>divinitatis</strong></span> <span class='ocrx_word' id='word_1_608' title='bbox 2351 3462 2469 3531; x_wconf 83' lang='lat' dir='ltr'><strong>ejus</strong></span> <span class='ocrx_word' id='word_1_609' title='bbox 2539 3462 2902 3515; x_wconf 78' lang='lat' dir='ltr'><strong>:eternitatem</strong></span> <span class='ocrx_word' id='word_1_610' title='bbox 2977 3471 3199 3530; x_wconf 83' lang='lat' dir='ltr'><strong>negare,</strong></span> <span class='ocrx_word' id='word_1_611' title='bbox 3274 3469 3453 3528; x_wconf 84' lang='lat' dir='ltr'><strong>neque</strong></span> <span class='ocrx_word' id='word_1_612' title='bbox 3515 3457 3568 3510; x_wconf 88' lang='lat' dir='ltr'><strong>in</strong></span> 
     </span>
    </p>
   </div>
   <div class='ocr_carea' id='block_1_82' title="bbox 1977 3550 3574 3622">
    <p class='ocr_par' dir='ltr' id='par_1_82' title="bbox 1977 3550 3574 3622">
     <span class='ocr_line' id='line_1_82' title="bbox 1977 3550 3574 3622; baseline -0.001 -18"><span class='ocrx_word' id='word_1_613' title='bbox 1977 3551 2251 3622; x_wconf 88' lang='lat' dir='ltr'><strong>principio</strong></span> <span class='ocrx_word' id='word_1_614' title='bbox 2281 3550 2515 3606; x_wconf 86' lang='lat' dir='ltr'><strong>Verbum</strong></span> <span class='ocrx_word' id='word_1_615' title='bbox 2545 3568 2685 3611; x_wconf 92' lang='lat' dir='ltr'><strong>esse.</strong></span> <span class='ocrx_word' id='word_1_616' title='bbox 2725 3560 2781 3606; x_wconf 88' lang='lat' dir='ltr'><strong>et</strong></span> <span class='ocrx_word' id='word_1_617' title='bbox 2815 3551 2998 3606; x_wconf 87' lang='lat' dir='ltr'><strong>omnia</strong></span> <span class='ocrx_word' id='word_1_618' title='bbox 3030 3566 3128 3620; x_wconf 88' lang='lat' dir='ltr'><strong>per</strong></span> <span class='ocrx_word' id='word_1_619' title='bbox 3181 3551 3355 3620; x_wconf 88' lang='lat' dir='ltr'><strong>ipsum</strong></span> <span class='ocrx_word' id='word_1_620' title='bbox 3402 3550 3574 3603; x_wconf 69' lang='lat' dir='ltr'><strong>{nise</strong></span> 
     </span>
    </p>
   </div>
   <div class='ocr_carea' id='block_1_83' title="bbox 1981 3644 3575 3708">
    <p class='ocr_par' dir='ltr' id='par_1_83' title="bbox 1981 3644 3575 3708">
     <span class='ocr_line' id='line_1_83' title="bbox 1981 3644 3575 3708; baseline -0.001 -8"><span class='ocrx_word' id='word_1_621' title='bbox 1981 3646 2153 3701; x_wconf 82' lang='lat' dir='ltr'><strong>facta.</strong></span> <span class='ocrx_word' id='word_1_622' title='bbox 2196 3644 2331 3700; x_wconf 81' lang='lat' dir='ltr'><strong>Nam</strong></span> <span class='ocrx_word' id='word_1_623' title='bbox 2376 3645 2582 3700; x_wconf 89' lang='lat' dir='ltr'><strong>dictum</strong></span> <span class='ocrx_word' id='word_1_624' title='bbox 2615 3645 2748 3700; x_wconf 91' lang='lat' dir='ltr'><strong>illud</strong></span> <span class='ocrx_word' id='word_1_625' title='bbox 2777 3645 2828 3698; x_wconf 90' lang='lat' dir='ltr'><strong>in</strong></span> <span class='ocrx_word' id='word_1_626' title='bbox 2862 3645 3002 3699; x_wconf 86' lang='lat' dir='ltr'><strong>libro</strong></span> <span class='ocrx_word' id='word_1_627' title='bbox 3032 3644 3481 3708; x_wconf 81' lang='lat' dir='ltr'><strong>Proverbiorum,</strong></span> <span class='ocrx_word' id='word_1_628' title='bbox 3513 3653 3575 3698; x_wconf 87' lang='grc' dir='ltr'><strong>ιιι</strong></span> 
     </span>
    </p>
   </div>
   <div class='ocr_carea' id='block_1_84' title="bbox 1985 3737 3571 3803">
    <p class='ocr_par' dir='ltr' id='par_1_84' title="bbox 1985 3737 3571 3803">
     <span class='ocr_line' id='line_1_84' title="bbox 1985 3737 3571 3803; baseline -0.001 -11"><span class='ocrx_word' id='word_1_629' title='bbox 1985 3737 2194 3803; x_wconf 88' lang='lat' dir='ltr'><strong>monui,</strong></span> <span class='ocrx_word' id='word_1_630' title='bbox 2249 3753 2360 3792; x_wconf 86' lang='lat' dir='ltr'><strong>non</strong></span> <span class='ocrx_word' id='word_1_631' title='bbox 2412 3738 2709 3792; x_wconf 86' lang='lat' dir='ltr'><strong>essentiam</strong></span> <span class='ocrx_word' id='word_1_632' title='bbox 2769 3737 2949 3803; x_wconf 79' lang='lat' dir='ltr'><strong>Verbi,</strong></span> <span class='ocrx_word' id='word_1_633' title='bbox 3021 3737 3115 3792; x_wconf 86' lang='lat' dir='ltr'><strong>sed</strong></span> <span class='ocrx_word' id='word_1_634' title='bbox 3174 3737 3571 3791; x_wconf 82' lang='lat' dir='ltr'><strong>humanitatem</strong></span> 
     </span>
    </p>
   </div>
   <div class='ocr_carea' id='block_1_85' title="bbox 1984 3827 3574 3900">
    <p class='ocr_par' dir='ltr' id='par_1_85' title="bbox 1984 3827 3574 3900">
     <span class='ocr_line' id='line_1_85' title="bbox 1984 3827 3574 3900; baseline 0.002 -19"><span class='ocrx_word' id='word_1_635' title='bbox 1984 3829 2105 3900; x_wconf 80' lang='lat' dir='ltr'><strong>ejus</strong></span> <span class='ocrx_word' id='word_1_636' title='bbox 2143 3828 2433 3898; x_wconf 80' lang='lat' dir='ltr'><strong>signiﬁcat.</strong></span> <span class='ocrx_word' id='word_1_637' title='bbox 2475 3827 2610 3882; x_wconf 89' lang='lat' dir='ltr'><strong>Cnm</strong></span> <span class='ocrx_word' id='word_1_638' title='bbox 2647 3829 2795 3882; x_wconf 87' lang='lat' dir='ltr'><strong>enim</strong></span> <span class='ocrx_word' id='word_1_639' title='bbox 2822 3844 2879 3882; x_wconf 92' lang='lat' dir='ltr'><strong>se</strong></span> <span class='ocrx_word' id='word_1_640' title='bbox 2913 3829 2980 3882; x_wconf 86' lang='lat' dir='ltr'><strong>ad</strong></span> <span class='ocrx_word' id='word_1_641' title='bbox 3027 3830 3297 3898; x_wconf 80' lang='lat' dir='ltr'><strong>agendum</strong></span> <span class='ocrx_word' id='word_1_642' title='bbox 3328 3840 3574 3884; x_wconf 78' lang='lat' dir='ltr'><strong>creatum</strong></span> 
     </span>
    </p>
   </div>
   <div class='ocr_carea' id='block_1_86' title="bbox 1989 3919 3574 3990">
    <p class='ocr_par' dir='ltr' id='par_1_86' title="bbox 1989 3919 3574 3990">
     <span class='ocr_line' id='line_1_86' title="bbox 1989 3919 3574 3990; baseline -0.001 -16"><span class='ocrx_word' id='word_1_643' title='bbox 1989 3927 2404 3982; x_wconf 87' lang='lat' dir='ltr'><strong>commemoret,</strong></span> <span class='ocrx_word' id='word_1_644' title='bbox 2434 3921 2780 3990; x_wconf 87' lang='lat' dir='ltr'><strong>perspicuum</strong></span> <span class='ocrx_word' id='word_1_645' title='bbox 2807 3929 2912 3985; x_wconf 85' lang='lat' dir='ltr'><strong>est,</strong></span> <span class='ocrx_word' id='word_1_646' title='bbox 2937 3919 3114 3989; x_wconf 83' lang='lat' dir='ltr'><strong>ipsum</strong></span> <span class='ocrx_word' id='word_1_647' title='bbox 3143 3929 3251 3974; x_wconf 83' lang='lat' dir='ltr'><strong>non</strong></span> <span class='ocrx_word' id='word_1_648' title='bbox 3279 3921 3574 3973; x_wconf 83' lang='lat' dir='ltr'><strong>essentiam</strong></span> 
     </span>
    </p>
   </div>
   <div class='ocr_carea' id='block_1_87' title="bbox 1983 4028 3572 4092">
    <p class='ocr_par' dir='ltr' id='par_1_87' title="bbox 1983 4028 3572 4092">
     <span class='ocr_line' id='line_1_87' title="bbox 1983 4028 3572 4092; baseline -0.001 -8"><span class='ocrx_word' id='word_1_649' title='bbox 1983 4043 2163 4092; x_wconf 87' lang='lat' dir='ltr'><strong>suam,</strong></span> <span class='ocrx_word' id='word_1_650' title='bbox 2227 4028 2322 4083; x_wconf 89' lang='lat' dir='ltr'><strong>sed</strong></span> <span class='ocrx_word' id='word_1_651' title='bbox 2390 4029 2650 4082; x_wconf 76' lang='lat' dir='ltr'><strong>curandae</strong></span> <span class='ocrx_word' id='word_1_652' title='bbox 2706 4029 2898 4083; x_wconf 80' lang='lat' dir='ltr'><strong>salutis</strong></span> <span class='ocrx_word' id='word_1_653' title='bbox 2966 4031 3222 4084; x_wconf 78' lang='lat' dir='ltr'><strong>humana:</strong></span> <span class='ocrx_word' id='word_1_654' title='bbox 3283 4030 3572 4084; x_wconf 80' lang='lat' dir='ltr'><strong>consilium</strong></span> 
     </span>
    </p>
   </div>
   <div class='ocr_carea' id='block_1_88' title="bbox 1983 4121 3570 4193">
    <p class='ocr_par' dir='ltr' id='par_1_88' title="bbox 1983 4121 3570 4193">
     <span class='ocr_line' id='line_1_88' title="bbox 1983 4121 3570 4193; baseline -0.001 -17"><span class='ocrx_word' id='word_1_655' title='bbox 1983 4123 2258 4177; x_wconf 85' lang='lat' dir='ltr'><strong>indicare:</strong></span> <span class='ocrx_word' id='word_1_656' title='bbox 2315 4122 2460 4192; x_wconf 88' lang='lat' dir='ltr'><strong>quod</strong></span> <span class='ocrx_word' id='word_1_657' title='bbox 2520 4121 2742 4190; x_wconf 86' lang='lat' dir='ltr'><strong>quidem</strong></span> <span class='ocrx_word' id='word_1_658' title='bbox 2821 4122 3062 4176; x_wconf 86' lang='lat' dir='ltr'><strong>essentia</strong></span> <span class='ocrx_word' id='word_1_659' title='bbox 3111 4124 3386 4193; x_wconf 85' lang='lat' dir='ltr'><strong>posterius</strong></span> <span class='ocrx_word' id='word_1_660' title='bbox 3465 4135 3570 4178; x_wconf 89' lang='lat' dir='ltr'><strong>est.</strong></span> 
     </span>
    </p>
   </div>
   <div class='ocr_carea' id='block_1_89' title="bbox 1981 4210 3572 4284">
    <p class='ocr_par' dir='ltr' id='par_1_89' title="bbox 1981 4210 3572 4284">
     <span class='ocr_line' id='line_1_89' title="bbox 1981 4210 3572 4284; baseline 0 -15"><span class='ocrx_word' id='word_1_661' title='bbox 1981 4210 2112 4281; x_wconf 61' lang='lat' dir='ltr'><strong>Quae</strong></span> <span class='ocrx_word' id='word_1_662' title='bbox 2145 4215 2290 4269; x_wconf 88' lang='lat' dir='ltr'><strong>enim</strong></span> <span class='ocrx_word' id='word_1_663' title='bbox 2321 4225 2578 4270; x_wconf 88' lang='lat' dir='ltr'><strong>creantur</strong></span> <span class='ocrx_word' id='word_1_664' title='bbox 2607 4224 2661 4269; x_wconf 88' lang='lat' dir='ltr'><strong>ct</strong></span> <span class='ocrx_word' id='word_1_665' title='bbox 2695 4217 2850 4278; x_wconf 86' lang='lat' dir='ltr'><strong>iiunt,</strong></span> <span class='ocrx_word' id='word_1_666' title='bbox 2906 4214 2976 4269; x_wconf 91' lang='lat' dir='ltr'><strong>ob</strong></span> <span class='ocrx_word' id='word_1_667' title='bbox 3007 4214 3062 4269; x_wconf 86' lang='lat' dir='ltr'><strong>id</strong></span> <span class='ocrx_word' id='word_1_668' title='bbox 3095 4217 3330 4284; x_wconf 88' lang='lat' dir='ltr'><strong>primum</strong></span> <span class='ocrx_word' id='word_1_669' title='bbox 3378 4231 3572 4270; x_wconf 86' lang='lat' dir='ltr'><strong>crean-</strong></span> 
     </span>
    </p>
   </div>
   <div class='ocr_carea' id='block_1_90' title="bbox 1987 4306 3572 4379">
    <p class='ocr_par' dir='ltr' id='par_1_90' title="bbox 1987 4306 3572 4379">
     <span class='ocr_line' id='line_1_90' title="bbox 1987 4306 3572 4379; baseline 0.001 -16"><span class='ocrx_word' id='word_1_670' title='bbox 1987 4317 2078 4364; x_wconf 81' lang='lat' dir='ltr'><strong>tur</strong></span> <span class='ocrx_word' id='word_1_671' title='bbox 2111 4316 2167 4362; x_wconf 86' lang='lat' dir='ltr'><strong>et</strong></span> <span class='ocrx_word' id='word_1_672' title='bbox 2217 4307 2378 4374; x_wconf 83' lang='lat' dir='ltr'><strong>ﬁunt,</strong></span> <span class='ocrx_word' id='word_1_673' title='bbox 2405 4317 2465 4362; x_wconf 88' lang='lat' dir='ltr'><strong>ut</strong></span> <span class='ocrx_word' id='word_1_674' title='bbox 2503 4307 2636 4372; x_wconf 87' lang='lat' dir='ltr'><strong>sint,</strong></span> <span class='ocrx_word' id='word_1_675' title='bbox 2665 4307 2863 4362; x_wconf 87' lang='lat' dir='ltr'><strong>deinde</strong></span> <span class='ocrx_word' id='word_1_676' title='bbox 2893 4311 3006 4361; x_wconf 74' lang='lat' dir='ltr'><strong>vim</strong></span> <span class='ocrx_word' id='word_1_677' title='bbox 3047 4306 3251 4363; x_wconf 82' lang='lat' dir='ltr'><strong>habent</strong></span> <span class='ocrx_word' id='word_1_678' title='bbox 3286 4311 3480 4379; x_wconf 77' lang='lat' dir='ltr'><strong>agendi</strong></span> <span class='ocrx_word' id='word_1_679' title='bbox 3506 4326 3572 4365; x_wconf 82' lang='lat' dir='ltr'><strong>ea</strong></span> 
     </span>
    </p>
   </div>
   <div class='ocr_carea' id='block_1_91' title="bbox 1981 4397 3561 4470">
    <p class='ocr_par' dir='ltr' id='par_1_91' title="bbox 1981 4397 3561 4470">
     <span class='ocr_line' id='line_1_91' title="bbox 1981 4397 3561 4470; baseline 0.002 -17"><span class='ocrx_word' id='word_1_680' title='bbox 1981 4415 2103 4470; x_wconf 66' lang='lat' dir='ltr'><strong>quae</strong></span> <span class='ocrx_word' id='word_1_681' title='bbox 2150 4399 2354 4454; x_wconf 81' lang='lat' dir='ltr'><strong>fuerint</strong></span> <span class='ocrx_word' id='word_1_682' title='bbox 2385 4400 2668 4469; x_wconf 86' lang='lat' dir='ltr'><strong>imperata.</strong></span> <span class='ocrx_word' id='word_1_683' title='bbox 2700 4397 2815 4453; x_wconf 82' lang='lat' dir='ltr'><strong>Hoc</strong></span> <span class='ocrx_word' id='word_1_684' title='bbox 2848 4408 3032 4454; x_wconf 89' lang='lat' dir='ltr'><strong>autem</strong></span> <span class='ocrx_word' id='word_1_685' title='bbox 3063 4399 3116 4452; x_wconf 88' lang='lat' dir='ltr'><strong>in</strong></span> <span class='ocrx_word' id='word_1_686' title='bbox 3141 4401 3398 4455; x_wconf 85' lang='lat' dir='ltr'><strong>omnibus</strong></span> <span class='ocrx_word' id='word_1_687' title='bbox 3428 4402 3561 4456; x_wconf 83' lang='lat' dir='ltr'><strong>licet</strong></span> 
     </span>
    </p>
   </div>
   <div class='ocr_carea' id='block_1_92' title="bbox 293 4469 1869 4564">
    <p class='ocr_par' dir='ltr' id='par_1_92' title="bbox 293 4477 1868 4552">
     <span class='ocr_line' id='line_1_92' title="bbox 293 4477 1868 4552; baseline -0.001 -19"><span class='ocrx_word' id='word_1_688' title='bbox 293 4497 420 4552; x_wconf 79' lang='grc' dir='ltr'>χειν</span> <span class='ocrx_word' id='word_1_689' title='bbox 449 4481 768 4549; x_wconf 76' lang='grc' dir='ltr'>πεποίηται,</span> <span class='ocrx_word' id='word_1_690' title='bbox 790 4480 888 4532; x_wconf 72' lang='grc' dir='ltr'>καὶ</span> <span class='ocrx_word' id='word_1_691' title='bbox 917 4479 1177 4549; x_wconf 82' lang='grc' dir='ltr'>δεύτερον</span> <span class='ocrx_word' id='word_1_692' title='bbox 1200 4477 1386 4549; x_wconf 78' lang='grc' dir='ltr'>έχουσι</span> <span class='ocrx_word' id='word_1_693' title='bbox 1425 4479 1485 4532; x_wconf 72' lang='grc' dir='ltr'>τδ</span> <span class='ocrx_word' id='word_1_694' title='bbox 1532 4481 1708 4533; x_wconf 88' lang='grc' dir='ltr'>ποιεῖν</span> <span class='ocrx_word' id='word_1_695' title='bbox 1740 4479 1868 4548; x_wconf 73' lang='grc' dir='ltr'>περὶ</span> 
     </span>
    </p>
   </div>
   <div class='ocr_carea' id='block_1_93' title="bbox 1976 4469 3573 4564">
    <p class='ocr_par' dir='ltr' id='par_1_93' title="bbox 1977 4489 3573 4564">
     <span class='ocr_line' id='line_1_93' title="bbox 1977 4489 3573 4564; baseline 0.001 -17"><span class='ocrx_word' id='word_1_696' title='bbox 1977 4496 2312 4564; x_wconf 85' lang='lat' dir='ltr'><strong>perspicere.</strong></span> <span class='ocrx_word' id='word_1_697' title='bbox 2339 4489 2510 4546; x_wconf 81' lang='lat' dir='ltr'><strong>Adam</strong></span> <span class='ocrx_word' id='word_1_698' title='bbox 2563 4492 2713 4545; x_wconf 87' lang='lat' dir='ltr'><strong>enim</strong></span> <span class='ocrx_word' id='word_1_699' title='bbox 2744 4502 2966 4546; x_wconf 82' lang='lat' dir='ltr'><strong>creatus</strong></span> <span class='ocrx_word' id='word_1_700' title='bbox 2999 4501 3108 4556; x_wconf 83' lang='lat' dir='ltr'><strong>est,</strong></span> <span class='ocrx_word' id='word_1_701' title='bbox 3129 4507 3239 4546; x_wconf 89' lang='lat' dir='ltr'><strong>non</strong></span> <span class='ocrx_word' id='word_1_702' title='bbox 3276 4501 3334 4546; x_wconf 89' lang='lat' dir='ltr'><strong>ut</strong></span> <span class='ocrx_word' id='word_1_703' title='bbox 3360 4500 3573 4561; x_wconf 76' lang='lat' dir='ltr'><strong>ageret,</strong></span> 
     </span>
    </p>
   </div>
   <div class='ocr_carea' id='block_1_94' title="bbox 301 4566 1869 4654">
    <p class='ocr_par' dir='ltr' id='par_1_94' title="bbox 301 4566 1869 4640">
     <span class='ocr_line' id='line_1_94' title="bbox 301 4566 1869 4640; baseline -0.002 -14"><span class='ocrx_word' id='word_1_704' title='bbox 301 4566 386 4626; x_wconf 77' lang='grc' dir='ltr'>ὧν</span> <span class='ocrx_word' id='word_1_705' title='bbox 418 4573 604 4635; x_wconf 81' lang='grc' dir='ltr'>αὐτοῖς</span> <span class='ocrx_word' id='word_1_706' title='bbox 641 4575 666 4624; x_wconf 83' lang='grc' dir='ltr'>ὁ</span> <span class='ocrx_word' id='word_1_707' title='bbox 697 4571 868 4639; x_wconf 84' lang='grc' dir='ltr'>Λόγος</span> <span class='ocrx_word' id='word_1_708' title='bbox 892 4571 1248 4640; x_wconf 78' lang='grc' dir='ltr'>προστάττει,</span> <span class='ocrx_word' id='word_1_709' title='bbox 1280 4569 1353 4632; x_wconf 81' lang='grc' dir='ltr'>ὡς</span> <span class='ocrx_word' id='word_1_710' title='bbox 1382 4571 1473 4622; x_wconf 70' lang='grc' dir='ltr'>ἐπὶ</span> <span class='ocrx_word' id='word_1_711' title='bbox 1508 4571 1731 4623; x_wconf 76' lang='grc' dir='ltr'>πάντων</span> <span class='ocrx_word' id='word_1_712' title='bbox 1759 4572 1869 4624; x_wconf 66' lang='grc' dir='ltr'>ἐστὶ</span> 
     </span>
    </p>
   </div>
   <div class='ocr_carea' id='block_1_95' title="bbox 1976 4566 3571 4654">
    <p class='ocr_par' dir='ltr' id='par_1_95' title="bbox 1980 4577 3571 4654">
     <span class='ocr_line' id='line_1_95' title="bbox 1980 4577 3571 4654; baseline 0.001 -16"><span class='ocrx_word' id='word_1_713' title='bbox 1980 4584 2075 4638; x_wconf 87' lang='lat' dir='ltr'><strong>sed</strong></span> <span class='ocrx_word' id='word_1_714' title='bbox 2105 4584 2338 4654; x_wconf 88' lang='lat' dir='ltr'><strong>primum</strong></span> <span class='ocrx_word' id='word_1_715' title='bbox 2376 4591 2435 4637; x_wconf 84' lang='lat' dir='ltr'><strong>ut</strong></span> <span class='ocrx_word' id='word_1_716' title='bbox 2467 4591 2614 4638; x_wconf 83' lang='lat' dir='ltr'><strong>esset</strong></span> <span class='ocrx_word' id='word_1_717' title='bbox 2644 4583 2827 4637; x_wconf 87' lang='lat' dir='ltr'><strong>homo.</strong></span> <span class='ocrx_word' id='word_1_718' title='bbox 2862 4577 3000 4636; x_wconf 83' lang='lat' dir='ltr'><strong>Tum</strong></span> <span class='ocrx_word' id='word_1_719' title='bbox 3025 4585 3218 4654; x_wconf 75' lang='lat' dir='ltr'><strong>agendi</strong></span> <span class='ocrx_word' id='word_1_720' title='bbox 3253 4586 3571 4640; x_wconf 80' lang='lat' dir='ltr'><strong>mandatum</strong></span> 
     </span>
    </p>
   </div>
   <div class='ocr_carea' id='block_1_96' title="bbox 295 4661 1869 4745">
    <p class='ocr_par' dir='ltr' id='par_1_96' title="bbox 295 4661 1869 4733">
     <span class='ocr_line' id='line_1_96' title="bbox 295 4661 1869 4733; baseline -0.003 -13"><span class='ocrx_word' id='word_1_721' title='bbox 295 4667 364 4720; x_wconf 85' lang='grc' dir='ltr'><strong>τὸ</strong></span> <span class='ocrx_word' id='word_1_722' title='bbox 398 4665 643 4718; x_wconf 83' lang='grc' dir='ltr'>τοιοῦτον</span> <span class='ocrx_word' id='word_1_723' title='bbox 676 4664 827 4719; x_wconf 82' lang='grc' dir='ltr'>ἰδεῖν.</span> <span class='ocrx_word' id='word_1_724' title='bbox 877 4664 1050 4733; x_wconf 77' lang='grc' dir='ltr'>’Δδᾰμ</span> <span class='ocrx_word' id='word_1_725' title='bbox 1086 4663 1195 4733; x_wconf 85' lang='grc' dir='ltr'>γὰρ</span> <span class='ocrx_word' id='word_1_726' title='bbox 1230 4661 1482 4731; x_wconf 68' lang='grc' dir='ltr'>ἐκτίσθη,</span> <span class='ocrx_word' id='word_1_727' title='bbox 1521 4663 1619 4732; x_wconf 78' lang='grc' dir='ltr'>οὐχ</span> <span class='ocrx_word' id='word_1_728' title='bbox 1672 4662 1758 4715; x_wconf 77' lang='grc' dir='ltr'><strong>ἵνα</strong></span> <span class='ocrx_word' id='word_1_729' title='bbox 1785 4665 1869 4732; x_wconf 61' lang='lat' dir='ltr'><strong>Ep-</strong></span> 
     </span>
    </p>
   </div>
   <div class='ocr_carea' id='block_1_97' title="bbox 1976 4661 3574 4745">
    <p class='ocr_par' dir='ltr' id='par_1_97' title="bbox 1981 4675 3574 4745">
     <span class='ocr_line' id='line_1_97' title="bbox 1981 4675 3574 4745; baseline -0.001 -16"><span class='ocrx_word' id='word_1_730' title='bbox 1981 4675 2209 4745; x_wconf 88' lang='lat' dir='ltr'><strong>accepit.</strong></span> <span class='ocrx_word' id='word_1_731' title='bbox 2260 4675 2374 4730; x_wconf 84' lang='lat' dir='ltr'><strong>Noe</strong></span> <span class='ocrx_word' id='word_1_732' title='bbox 2423 4685 2608 4730; x_wconf 85' lang='lat' dir='ltr'><strong>autem</strong></span> <span class='ocrx_word' id='word_1_733' title='bbox 2657 4683 2876 4729; x_wconf 83' lang='lat' dir='ltr'><strong>creatus</strong></span> <span class='ocrx_word' id='word_1_734' title='bbox 2916 4683 3018 4734; x_wconf 86' lang='lat' dir='ltr'><strong>est,</strong></span> <span class='ocrx_word' id='word_1_735' title='bbox 3050 4689 3158 4728; x_wconf 89' lang='lat' dir='ltr'><strong>non</strong></span> <span class='ocrx_word' id='word_1_736' title='bbox 3203 4684 3428 4744; x_wconf 83' lang='lat' dir='ltr'><strong>propter</strong></span> <span class='ocrx_word' id='word_1_737' title='bbox 3483 4691 3574 4730; x_wconf 80' lang='lat' dir='ltr'><strong>ar-</strong></span> 
     </span>
    </p>
   </div>
   <div class='ocr_carea' id='block_1_98' title="bbox 304 4752 1869 4844">
    <p class='ocr_par' dir='ltr' id='par_1_98' title="bbox 304 4752 1869 4844">
     <span class='ocr_line' id='line_1_98' title="bbox 304 4752 1869 4844; baseline -0.001 -35"><span class='ocrx_word' id='word_1_738' title='bbox 304 4757 564 4827; x_wconf 68' lang='grc' dir='ltr'>τάξῃται,</span> <span class='ocrx_word' id='word_1_739' title='bbox 608 4755 732 4808; x_wconf 80' lang='grc' dir='ltr'>ἀλλ’</span> <span class='ocrx_word' id='word_1_740' title='bbox 762 4755 848 4808; x_wconf 83' lang='grc' dir='ltr'>ἵνα</span> <span class='ocrx_word' id='word_1_741' title='bbox 884 4754 1100 4824; x_wconf 83' lang='grc' dir='ltr'>πρῶτον</span> <span class='ocrx_word' id='word_1_742' title='bbox 1134 4754 1357 4824; x_wconf 82' lang='grc' dir='ltr'>ὑπάρχῃ</span> <span class='ocrx_word' id='word_1_743' title='bbox 1383 4752 1692 4825; x_wconf 82' lang='grc' dir='ltr'>ἄνθρωπος.</span> <span class='ocrx_word' id='word_1_744' title='bbox 1719 4756 1869 4844; x_wconf 62' lang='grc' dir='ltr'>Μετὰ</span> 
     </span>
    </p>
   </div>
   <div class='ocr_carea' id='block_1_99' title="bbox 1976 4752 3568 4844">
    <p class='ocr_par' dir='ltr' id='par_1_99' title="bbox 1980 4767 3568 4837">
     <span class='ocr_line' id='line_1_99' title="bbox 1980 4767 3568 4837; baseline -0.001 -14"><span class='ocrx_word' id='word_1_745' title='bbox 1980 4784 2122 4835; x_wconf 85' lang='lat' dir='ltr'><strong>cam,</strong></span> <span class='ocrx_word' id='word_1_746' title='bbox 2149 4767 2245 4822; x_wconf 78' lang='lat' dir='ltr'><strong>sed</strong></span> <span class='ocrx_word' id='word_1_747' title='bbox 2281 4775 2340 4822; x_wconf 91' lang='lat' dir='ltr'><strong>ul.</strong></span> <span class='ocrx_word' id='word_1_748' title='bbox 2365 4768 2597 4837; x_wconf 89' lang='lat' dir='ltr'><strong>primum</strong></span> <span class='ocrx_word' id='word_1_749' title='bbox 2634 4767 2942 4831; x_wconf 77' lang='lat' dir='ltr'><strong>exsisteret,</strong></span> <span class='ocrx_word' id='word_1_750' title='bbox 3001 4775 3166 4835; x_wconf 84' lang='lat' dir='ltr'><strong>atque</strong></span> <span class='ocrx_word' id='word_1_751' title='bbox 3197 4767 3364 4821; x_wconf 84' lang='lat' dir='ltr'><strong>homo</strong></span> <span class='ocrx_word' id='word_1_752' title='bbox 3401 4775 3568 4822; x_wconf 81' lang='lat' dir='ltr'><strong>esset.</strong></span> 
     </span>
    </p>
   </div>
   <div class='ocr_carea' id='block_1_100' title="bbox 293 4846 1872 4919">
    <p class='ocr_par' dir='ltr' id='par_1_100' title="bbox 293 4846 1872 4919">
     <span class='ocr_line' id='line_1_100' title="bbox 293 4846 1872 4919; baseline 0 -16"><span class='ocrx_word' id='word_1_753' title='bbox 293 4849 484 4903; x_wconf 72' lang='grc' dir='ltr'>ταῦτα</span> <span class='ocrx_word' id='word_1_754' title='bbox 513 4849 623 4919; x_wconf 73' lang='grc' dir='ltr'>γὰρ</span> <span class='ocrx_word' id='word_1_755' title='bbox 669 4848 862 4901; x_wconf 75' lang='grc' dir='ltr'>ἐλαϐεν</span> <span class='ocrx_word' id='word_1_756' title='bbox 913 4846 1135 4914; x_wconf 77' lang='grc' dir='ltr'>ἐντολὴν</span> <span class='ocrx_word' id='word_1_757' title='bbox 1167 4847 1400 4899; x_wconf 75' lang='grc' dir='ltr'>κιϐωτὸν</span> <span class='ocrx_word' id='word_1_758' title='bbox 1429 4849 1872 4903; x_wconf 77' lang='grc' dir='ltr'>κατασκευάσαι.</span> 
     </span>
    </p>
   </div>
   <div class='ocr_carea' id='block_1_101' title="bbox 298 4937 1875 5012">
    <p class='ocr_par' dir='ltr' id='par_1_101' title="bbox 298 4937 1875 5012">
     <span class='ocr_line' id='line_1_101' title="bbox 298 4937 1875 5012; baseline -0.003 -14"><span class='ocrx_word' id='word_1_759' title='bbox 298 4945 416 4999; x_wconf 79' lang='grc' dir='ltr'><strong>Καὶ</strong></span> <span class='ocrx_word' id='word_1_760' title='bbox 441 4943 528 5012; x_wconf 67' lang='grc' dir='ltr'><strong>ἐφ’</strong></span> <span class='ocrx_word' id='word_1_761' title='bbox 554 4943 785 4996; x_wconf 74' lang='grc' dir='ltr'>ἑκάστου</span> <span class='ocrx_word' id='word_1_762' title='bbox 816 4939 998 5010; x_wconf 80' lang='grc' dir='ltr'>ζητῶν</span> <span class='ocrx_word' id='word_1_763' title='bbox 1027 4939 1200 4992; x_wconf 73' lang='grc' dir='ltr'>ταῦτα</span> <span class='ocrx_word' id='word_1_764' title='bbox 1222 4937 1372 5008; x_wconf 80' lang='grc' dir='ltr'>εὖροι</span> <span class='ocrx_word' id='word_1_765' title='bbox 1403 4957 1484 5001; x_wconf 80' lang='grc' dir='ltr'><strong>τις</strong></span> <span class='ocrx_word' id='word_1_766' title='bbox 1517 4940 1602 4992; x_wconf 74' lang='grc' dir='ltr'><strong>ἂν.</strong></span> <span class='ocrx_word' id='word_1_767' title='bbox 1634 4942 1745 4994; x_wconf 72' lang='grc' dir='ltr'><strong>Καὶ</strong></span> <span class='ocrx_word' id='word_1_768' title='bbox 1766 4940 1875 5011; x_wconf 82' lang='grc' dir='ltr'>γὰρ</span> 
     </span>
    </p>
   </div>
   <div class='ocr_carea' id='block_1_102' title="bbox 299 5031 1876 5104">
    <p class='ocr_par' dir='ltr' id='par_1_102' title="bbox 299 5031 1876 5104">
     <span class='ocr_line' id='line_1_102' title="bbox 299 5031 1876 5104; baseline -0.003 -13"><span class='ocrx_word' id='word_1_769' title='bbox 299 5037 403 5091; x_wconf 75' lang='grc' dir='ltr'><strong>καὶ</strong></span> <span class='ocrx_word' id='word_1_770' title='bbox 423 5037 664 5104; x_wconf 84' lang='grc' dir='ltr'>Μωῦσῆς</span> <span class='ocrx_word' id='word_1_771' title='bbox 706 5036 734 5087; x_wconf 77' lang='grc' dir='ltr'>ὁ</span> <span class='ocrx_word' id='word_1_772' title='bbox 772 5035 946 5103; x_wconf 76' lang='grc' dir='ltr'>μέγας</span> <span class='ocrx_word' id='word_1_773' title='bbox 971 5033 1186 5103; x_wconf 85' lang='grc' dir='ltr'>πρῶτον</span> <span class='ocrx_word' id='word_1_774' title='bbox 1238 5031 1526 5102; x_wconf 75' lang='grc' dir='ltr'>ἄνθρωπος</span> <span class='ocrx_word' id='word_1_775' title='bbox 1559 5033 1876 5102; x_wconf 79' lang='grc' dir='ltr'>γεγένηται,</span> 
     </span>
    </p>
   </div>
   <div class='ocr_carea' id='block_1_103' title="bbox 301 5121 1877 5195">
    <p class='ocr_par' dir='ltr' id='par_1_103' title="bbox 301 5121 1877 5195">
     <span class='ocr_line' id='line_1_103' title="bbox 301 5121 1877 5195; baseline -0.004 -15"><span class='ocrx_word' id='word_1_776' title='bbox 301 5125 685 5195; x_wconf 75' lang='grc' dir='ltr'>καὶ·δεύτερον</span> <span class='ocrx_word' id='word_1_777' title='bbox 717 5125 813 5194; x_wconf 83' lang='grc' dir='ltr'>τὴν</span> <span class='ocrx_word' id='word_1_778' title='bbox 837 5123 1138 5195; x_wconf 77' lang='grc' dir='ltr'>ἡγεμονίαν</span> <span class='ocrx_word' id='word_1_779' title='bbox 1165 5121 1258 5175; x_wconf 81' lang='grc' dir='ltr'>τοῦ</span> <span class='ocrx_word' id='word_1_780' title='bbox 1298 5121 1430 5174; x_wconf 79' lang='grc' dir='ltr'>λαοῦ</span> <span class='ocrx_word' id='word_1_781' title='bbox 1491 5123 1877 5181; x_wconf 73' lang='grc' dir='ltr'>πεπίστευται,</span> 
     </span>
    </p>
   </div>
   <div class='ocr_carea' id='block_1_104' title="bbox 302 5212 1875 5278">
    <p class='ocr_par' dir='ltr' id='par_1_104' title="bbox 302 5212 1875 5278">
     <span class='ocr_line' id='line_1_104' title="bbox 302 5212 1875 5278; baseline -0.003 -6"><span class='ocrx_word' id='word_1_782' title='bbox 302 5217 525 5273; x_wconf 82' lang='grc' dir='ltr'>Οὐκοῦν</span> <span class='ocrx_word' id='word_1_783' title='bbox 572 5218 668 5268; x_wconf 76' lang='grc' dir='ltr'>καὶ</span> <span class='ocrx_word' id='word_1_784' title='bbox 715 5215 952 5268; x_wconf 68' lang='grc' dir='ltr'>ἐνταῦθα</span> <span class='ocrx_word' id='word_1_785' title='bbox 980 5215 1143 5268; x_wconf 85' lang='grc' dir='ltr'>τοῦτο</span> <span class='ocrx_word' id='word_1_786' title='bbox 1193 5215 1337 5267; x_wconf 83' lang='grc' dir='ltr'>νοεῖν</span> <span class='ocrx_word' id='word_1_787' title='bbox 1373 5213 1570 5278; x_wconf 78' lang='grc' dir='ltr'>ἔξεστι.</span> <span class='ocrx_word' id='word_1_788' title='bbox 1603 5212 1774 5268; x_wconf 76' lang='grc' dir='ltr'>Τοῦτο</span> <span class='ocrx_word' id='word_1_789' title='bbox 1817 5216 1875 5269; x_wconf 83' lang='grc' dir='ltr'>δὲ</span> 
     </span>
    </p>
   </div>
   <div class='ocr_carea' id='block_1_105' title="bbox 299 5307 1879 5378">
    <p class='ocr_par' dir='ltr' id='par_1_105' title="bbox 299 5307 1879 5378">
     <span class='ocr_line' id='line_1_105' title="bbox 299 5307 1879 5378; baseline -0.003 -15"><span class='ocrx_word' id='word_1_790' title='bbox 299 5311 469 5363; x_wconf 81' lang='grc' dir='ltr'>πάλιν</span> <span class='ocrx_word' id='word_1_791' title='bbox 509 5308 607 5362; x_wconf 76' lang='grc' dir='ltr'><strong>καὶ</strong></span> <span class='ocrx_word' id='word_1_792' title='bbox 667 5309 728 5360; x_wconf 82' lang='grc' dir='ltr'>τὺ</span> <span class='ocrx_word' id='word_1_793' title='bbox 779 5307 1004 5376; x_wconf 78' lang='grc' dir='ltr'>Πνεῦμα</span> <span class='ocrx_word' id='word_1_794' title='bbox 1068 5309 1446 5378; x_wconf 82' lang='grc' dir='ltr'>προσημαῖνον</span> <span class='ocrx_word' id='word_1_795' title='bbox 1495 5307 1554 5358; x_wconf 80' lang='grc' dir='ltr'>ὲν</span> <span class='ocrx_word' id='word_1_796' title='bbox 1623 5307 1879 5377; x_wconf 74' lang='grc' dir='ltr'>Ψαλμοῖς</span> 
     </span>
    </p>
   </div>
   <div class='ocr_carea' id='block_1_106' title="bbox 299 5398 1879 5470">
    <p class='ocr_par' dir='ltr' id='par_1_106' title="bbox 299 5398 1879 5470">
     <span class='ocr_line' id='line_1_106' title="bbox 299 5398 1879 5470; baseline -0.001 -16"><span class='ocrx_word' id='word_1_797' title='bbox 299 5403 457 5470; x_wconf 57' lang='lat' dir='ltr'><strong>{hys</strong></span> <span class='ocrx_word' id='word_1_798' title='bbox 480 5417 494 5430; x_wconf 78' lang='grc' dir='ltr'><strong><em>ο</em></strong></span> <span class='ocrx_word' id='word_1_799' title='bbox 527 5402 635 5453; x_wconf 76' lang='grc' dir='ltr'><strong>Καὶ</strong></span> <span class='ocrx_word' id='word_1_800' title='bbox 673 5400 1060 5466; x_wconf 80' lang='grc' dir='ltr'>κατέστησας</span> <span class='ocrx_word' id='word_1_801' title='bbox 1095 5400 1283 5453; x_wconf 84' lang='grc' dir='ltr'>αὐτὸν</span> <span class='ocrx_word' id='word_1_802' title='bbox 1335 5399 1436 5452; x_wconf 72' lang='grc' dir='ltr'><strong>ἐπὶ</strong></span> <span class='ocrx_word' id='word_1_803' title='bbox 1479 5398 1552 5452; x_wconf 84' lang='grc' dir='ltr'>τὰ</span> <span class='ocrx_word' id='word_1_804' title='bbox 1576 5399 1722 5468; x_wconf 73' lang='grc' dir='ltr'>ἔργα</span> <span class='ocrx_word' id='word_1_805' title='bbox 1759 5398 1879 5454; x_wconf 84' lang='grc' dir='ltr'>τῶν</span> 
     </span>
    </p>
   </div>
   <div class='ocr_carea' id='block_1_107' title="bbox 300 5491 1881 5563">
    <p class='ocr_par' dir='ltr' id='par_1_107' title="bbox 300 5491 1881 5563">
     <span class='ocr_line' id='line_1_107' title="bbox 300 5491 1881 5563; baseline -0.002 -15"><span class='ocrx_word' id='word_1_806' title='bbox 300 5495 522 5563; x_wconf 64' lang='grc' dir='ltr'>χειρῶν</span> <span class='ocrx_word' id='word_1_807' title='bbox 570 5509 710 5555; x_wconf 88' lang='grc' dir='ltr'>σου,</span> <span class='ocrx_word' id='word_1_808' title='bbox 762 5493 902 5562; x_wconf 83' lang='grc' dir='ltr'>ὅπερ</span> <span class='ocrx_word' id='word_1_809' title='bbox 955 5494 1052 5544; x_wconf 65' lang='grc' dir='ltr'><strong>καὶ</strong></span> <span class='ocrx_word' id='word_1_810' title='bbox 1109 5494 1237 5560; x_wconf 76' lang='grc' dir='ltr'>περὶ</span> <span class='ocrx_word' id='word_1_811' title='bbox 1280 5491 1480 5544; x_wconf 79' lang='grc' dir='ltr'>ἑαυτοῦ</span> <span class='ocrx_word' id='word_1_812' title='bbox 1545 5493 1881 5561; x_wconf 76' lang='grc' dir='ltr'>σημαίνωνό</span> 
     </span>
    </p>
   </div>
   <div class='ocr_carea' id='block_1_108' title="bbox 301 5585 1882 5656">
    <p class='ocr_par' dir='ltr' id='par_1_108' title="bbox 301 5585 1882 5656">
     <span class='ocr_line' id='line_1_108' title="bbox 301 5585 1882 5656; baseline -0.001 -14"><span class='ocrx_word' id='word_1_813' title='bbox 301 5589 510 5650; x_wconf 69' lang='grc' dir='ltr'><strong>Κύριός</strong></span> <span class='ocrx_word' id='word_1_814' title='bbox 565 5603 764 5656; x_wconf 75' lang='grc' dir='ltr'>φησιν·</span> <span class='ocrx_word' id='word_1_815' title='bbox 827 5585 972 5655; x_wconf 78' lang='grc' dir='ltr'>Ἐγὼ</span> <span class='ocrx_word' id='word_1_816' title='bbox 1017 5585 1086 5638; x_wconf 81' lang='grc' dir='ltr'>δὲ</span> <span class='ocrx_word' id='word_1_817' title='bbox 1143 5585 1525 5652; x_wconf 76' lang='grc' dir='ltr'>κατεστάθην</span> <span class='ocrx_word' id='word_1_818' title='bbox 1577 5586 1882 5653; x_wconf 75' lang='grc' dir='ltr'>,ϐασιλεὺς</span> 
     </span>
    </p>
   </div>
   <div class='ocr_carea' id='block_1_109' title="bbox 422 5704 1386 5772">
    <p class='ocr_par' dir='ltr' id='par_1_109' title="bbox 422 5704 1386 5772">
     <span class='ocr_line' id='line_1_109' title="bbox 422 5704 1386 5772; baseline 0 -13"><span class='ocrx_word' id='word_1_819' title='bbox 422 5709 438 5738; x_wconf 78' lang='grc'>⁸</span> <span class='ocrx_word' id='word_1_820' title='bbox 482 5707 634 5759; x_wconf 80' lang='lat' dir='ltr'><strong>Prov.</strong></span> <span class='ocrx_word' id='word_1_821' title='bbox 675 5721 794 5772; x_wconf 84' lang='lat' dir='ltr'><strong>vui,</strong></span> <span class='ocrx_word' id='word_1_822' title='bbox 830 5705 926 5762; x_wconf 66' lang='lat'><strong>‘22.</strong></span> <span class='ocrx_word' id='word_1_823' title='bbox 998 5706 1018 5737; x_wconf 88' lang='grc'>¹</span> <span class='ocrx_word' id='word_1_824' title='bbox 1060 5704 1226 5760; x_wconf 79' lang='lat' dir='ltr'><strong>Ilebr.</strong></span> <span class='ocrx_word' id='word_1_825' title='bbox 1256 5706 1386 5770; x_wconf 75' lang='lat' dir='ltr'><strong>s,5.</strong></span> 
     </span>
    </p>
   </div>
   <div class='ocr_carea' id='block_1_110' title="bbox 301 5775 679 5843">
    <p class='ocr_par' dir='ltr' id='par_1_110' title="bbox 301 5775 679 5843">
     <span class='ocr_line' id='line_1_110' title="bbox 301 5775 679 5843; baseline -0.005 -11"><span class='ocrx_word' id='word_1_826' title='bbox 301 5775 324 5809; x_wconf 78' lang='lat'><strong>’</strong></span> <span class='ocrx_word' id='word_1_827' title='bbox 355 5777 504 5832; x_wconf 74' lang='lat' dir='ltr'><strong>Psal.</strong></span> <span class='ocrx_word' id='word_1_828' title='bbox 537 5792 601 5843; x_wconf 86' lang='grc' dir='ltr'><strong>ιι,</strong></span> <span class='ocrx_word' id='word_1_829' title='bbox 626 5777 679 5831; x_wconf 88' lang='lat'><strong>6.</strong></span> 
     </span>
    </p>
   </div>
   <div class='ocr_carea' id='block_1_111' title="bbox 1501 5703 1901 5770">
    <p class='ocr_par' dir='ltr' id='par_1_111' title="bbox 1501 5703 1901 5770">
     <span class='ocr_line' id='line_1_111' title="bbox 1501 5703 1901 5770; baseline -0.003 -11"><span class='ocrx_word' id='word_1_830' title='bbox 1501 5705 1521 5735; x_wconf 87' lang='grc'>³</span> <span class='ocrx_word' id='word_1_831' title='bbox 1547 5703 1682 5759; x_wconf 78' lang='lat' dir='ltr'><strong>L-Jc.</strong></span> <span class='ocrx_word' id='word_1_832' title='bbox 1723 5720 1778 5770; x_wconf 73' lang='grc' dir='ltr'>ι,</span> <span class='ocrx_word' id='word_1_833' title='bbox 1808 5703 1901 5758; x_wconf 71' lang='lat' dir='ltr'><strong>2i.</strong></span> 
     </span>
    </p>
   </div>
   <div class='ocr_carea' id='block_1_112' title="bbox 1983 4857 3571 4930">
    <p class='ocr_par' dir='ltr' id='par_1_112' title="bbox 1983 4857 3571 4930">
     <span class='ocr_line' id='line_1_112' title="bbox 1983 4857 3571 4930; baseline -0.002 -17"><span class='ocrx_word' id='word_1_834' title='bbox 1983 4858 2112 4914; x_wconf 86' lang='lat' dir='ltr'><strong>Post</strong></span> <span class='ocrx_word' id='word_1_835' title='bbox 2166 4859 2310 4913; x_wconf 88' lang='lat' dir='ltr'><strong>enim</strong></span> <span class='ocrx_word' id='word_1_836' title='bbox 2347 4859 2536 4930; x_wconf 82' lang='lat' dir='ltr'><strong>jussus</strong></span> <span class='ocrx_word' id='word_1_837' title='bbox 2567 4867 2651 4912; x_wconf 88' lang='lat' dir='ltr'><strong>est</strong></span> <span class='ocrx_word' id='word_1_838' title='bbox 2703 4873 2884 4911; x_wconf 82' lang='lat' dir='ltr'><strong>arcani</strong></span> <span class='ocrx_word' id='word_1_839' title='bbox 2916 4858 3280 4912; x_wconf 70' lang='lat' dir='ltr'><strong>exmdilicarc.</strong></span> <span class='ocrx_word' id='word_1_840' title='bbox 3318 4857 3384 4912; x_wconf 83' lang='lat' dir='ltr'><strong>Et</strong></span> <span class='ocrx_word' id='word_1_841' title='bbox 3420 4873 3571 4925; x_wconf 70' lang='lat' dir='ltr'><strong>mag-</strong></span> 
     </span>
    </p>
   </div>
   <div class='ocr_carea' id='block_1_113' title="bbox 1976 4946 3576 5018">
    <p class='ocr_par' dir='ltr' id='par_1_113' title="bbox 1976 4946 3576 5018">
     <span class='ocr_line' id='line_1_113' title="bbox 1976 4946 3576 5018; baseline 0.002 -17"><span class='ocrx_word' id='word_1_842' title='bbox 1976 4963 2082 5002; x_wconf 90' lang='lat' dir='ltr'><strong>nus</strong></span> <span class='ocrx_word' id='word_1_843' title='bbox 2129 4947 2218 5002; x_wconf 90' lang='lat' dir='ltr'><strong>ille</strong></span> <span class='ocrx_word' id='word_1_844' title='bbox 2257 4949 2434 5002; x_wconf 77' lang='lat' dir='ltr'><strong>Moses</strong></span> <span class='ocrx_word' id='word_1_845' title='bbox 2471 4948 2709 5018; x_wconf 86' lang='lat' dir='ltr'><strong>primum</strong></span> <span class='ocrx_word' id='word_1_846' title='bbox 2763 4949 2927 5002; x_wconf 85' lang='lat' dir='ltr'><strong>homo</strong></span> <span class='ocrx_word' id='word_1_847' title='bbox 2977 4946 3156 5002; x_wconf 77' lang='lat' dir='ltr'><strong>iactus</strong></span> <span class='ocrx_word' id='word_1_848' title='bbox 3212 4958 3317 5014; x_wconf 89' lang='lat' dir='ltr'><strong>est,</strong></span> <span class='ocrx_word' id='word_1_849' title='bbox 3371 4949 3576 5004; x_wconf 84' lang='lat' dir='ltr'><strong>deinde</strong></span> 
     </span>
    </p>
   </div>
   <div class='ocr_carea' id='block_1_114' title="bbox 1979 5039 3578 5112">
    <p class='ocr_par' dir='ltr' id='par_1_114' title="bbox 1979 5039 3578 5112">
     <span class='ocr_line' id='line_1_114' title="bbox 1979 5039 3578 5112; baseline 0.003 -19"><span class='ocrx_word' id='word_1_850' title='bbox 1979 5042 2162 5109; x_wconf 91' lang='lat' dir='ltr'><strong>populi</strong></span> <span class='ocrx_word' id='word_1_851' title='bbox 2193 5041 2303 5094; x_wconf 82' lang='lat' dir='ltr'><strong>dux</strong></span> <span class='ocrx_word' id='word_1_852' title='bbox 2374 5042 2732 5095; x_wconf 85' lang='lat' dir='ltr'><strong>constitutus.</strong></span> <span class='ocrx_word' id='word_1_853' title='bbox 2777 5039 2956 5108; x_wconf 85' lang='lat' dir='ltr'><strong>Atque</strong></span> <span class='ocrx_word' id='word_1_854' title='bbox 3004 5043 3077 5094; x_wconf 79' lang='lat' dir='ltr'><strong>ita</strong></span> <span class='ocrx_word' id='word_1_855' title='bbox 3119 5041 3389 5112; x_wconf 83' lang='lat' dir='ltr'><strong>sigillatim</strong></span> <span class='ocrx_word' id='word_1_856' title='bbox 3420 5052 3578 5112; x_wconf 85' lang='lat' dir='ltr'><strong>potes</strong></span> 
     </span>
    </p>
   </div>
   <div class='ocr_carea' id='block_1_115' title="bbox 1977 5129 3580 5202">
    <p class='ocr_par' dir='ltr' id='par_1_115' title="bbox 1977 5129 3580 5202">
     <span class='ocr_line' id='line_1_115' title="bbox 1977 5129 3580 5202; baseline 0.001 -17"><span class='ocrx_word' id='word_1_857' title='bbox 1977 5132 2160 5187; x_wconf 87' lang='lat' dir='ltr'><strong>omnia</strong></span> <span class='ocrx_word' id='word_1_858' title='bbox 2195 5135 2468 5200; x_wconf 88' lang='lat' dir='ltr'><strong>persequi.</strong></span> <span class='ocrx_word' id='word_1_859' title='bbox 2505 5129 2866 5196; x_wconf 83' lang='lat' dir='ltr'><strong>Quamobrem</strong></span> <span class='ocrx_word' id='word_1_860' title='bbox 2899 5129 3040 5186; x_wconf 90' lang='lat' dir='ltr'><strong>idem</strong></span> <span class='ocrx_word' id='word_1_861' title='bbox 3069 5141 3124 5185; x_wconf 91' lang='lat' dir='ltr'><strong>et</strong></span> <span class='ocrx_word' id='word_1_862' title='bbox 3155 5133 3243 5186; x_wconf 78' lang='lat' dir='ltr'><strong>hic</strong></span> <span class='ocrx_word' id='word_1_863' title='bbox 3268 5132 3398 5188; x_wconf 80' lang='lat' dir='ltr'><strong>licet</strong></span> <span class='ocrx_word' id='word_1_864' title='bbox 3430 5133 3580 5202; x_wconf 69' lang='lat' dir='ltr'><strong>cogi-</strong></span> 
     </span>
    </p>
   </div>
   <div class='ocr_carea' id='block_1_116' title="bbox 1983 5222 3580 5294">
    <p class='ocr_par' dir='ltr' id='par_1_116' title="bbox 1983 5222 3580 5294">
     <span class='ocr_line' id='line_1_116' title="bbox 1983 5222 3580 5294; baseline -0.002 -13"><span class='ocrx_word' id='word_1_865' title='bbox 1983 5236 2124 5281; x_wconf 81' lang='lat' dir='ltr'><strong>tare.</strong></span> <span class='ocrx_word' id='word_1_866' title='bbox 2177 5222 2294 5278; x_wconf 80' lang='lat' dir='ltr'><strong>Hoc</strong></span> <span class='ocrx_word' id='word_1_867' title='bbox 2323 5233 2377 5278; x_wconf 91' lang='lat' dir='ltr'><strong>et</strong></span> <span class='ocrx_word' id='word_1_868' title='bbox 2408 5223 2646 5293; x_wconf 88' lang='lat' dir='ltr'><strong>Spiritus</strong></span> <span class='ocrx_word' id='word_1_869' title='bbox 2697 5232 2823 5277; x_wconf 85' lang='lat' dir='ltr'><strong>ante</strong></span> <span class='ocrx_word' id='word_1_870' title='bbox 2886 5223 3202 5294; x_wconf 75' lang='lat' dir='ltr'><strong>signiﬁcans</strong></span> <span class='ocrx_word' id='word_1_871' title='bbox 3233 5223 3287 5277; x_wconf 90' lang='lat' dir='ltr'><strong>in</strong></span> <span class='ocrx_word' id='word_1_872' title='bbox 3341 5224 3580 5278; x_wconf 82' lang='lat' dir='ltr'><strong>Psalmis</strong></span> 
     </span>
    </p>
   </div>
   <div class='ocr_carea' id='block_1_117' title="bbox 1987 5313 3575 5378">
    <p class='ocr_par' dir='ltr' id='par_1_117' title="bbox 1987 5313 3575 5378">
     <span class='ocr_line' id='line_1_117' title="bbox 1987 5313 3575 5378; baseline -0.003 -6"><span class='ocrx_word' id='word_1_873' title='bbox 1987 5317 2202 5372; x_wconf 84' lang='lat' dir='ltr'><strong>loculus</strong></span> <span class='ocrx_word' id='word_1_874' title='bbox 2229 5323 2313 5368; x_wconf 85' lang='lat' dir='ltr'><strong>est</strong></span> <span class='ocrx_word' id='word_1_875' title='bbox 2365 5313 2432 5368; x_wconf 87' lang='lat' dir='ltr'><strong>ad</strong></span> <span class='ocrx_word' id='word_1_876' title='bbox 2486 5314 2634 5369; x_wconf 78' lang='lat' dir='ltr'><strong>hunc</strong></span> <span class='ocrx_word' id='word_1_877' title='bbox 2679 5315 2926 5378; x_wconf 86' lang='lat' dir='ltr'><strong>modum,</strong></span> <span class='ocrx_word' id='word_1_878' title='bbox 2977 5313 3049 5368; x_wconf 86' lang='lat' dir='ltr'><strong>Et</strong></span> <span class='ocrx_word' id='word_1_879' title='bbox 3091 5315 3412 5367; x_wconf 74' lang='lat' dir='ltr'><strong>constituisti</strong></span> <span class='ocrx_word' id='word_1_880' title='bbox 3452 5330 3575 5367; x_wconf 86' lang='lat' dir='ltr'><strong>eum</strong></span> 
     </span>
    </p>
   </div>
   <div class='ocr_carea' id='block_1_118' title="bbox 1986 5405 3579 5477">
    <p class='ocr_par' dir='ltr' id='par_1_118' title="bbox 1986 5405 3579 5477">
     <span class='ocr_line' id='line_1_118' title="bbox 1986 5405 3579 5477; baseline -0.001 -17"><span class='ocrx_word' id='word_1_881' title='bbox 1986 5422 2144 5477; x_wconf 83' lang='lat' dir='ltr'><strong>super</strong></span> <span class='ocrx_word' id='word_1_882' title='bbox 2183 5421 2343 5476; x_wconf 82' lang='lat' dir='ltr'><strong>opera</strong></span> <span class='ocrx_word' id='word_1_883' title='bbox 2383 5421 2634 5458; x_wconf 83' lang='lat' dir='ltr'><strong>manuum</strong></span> <span class='ocrx_word' id='word_1_884' title='bbox 2669 5415 2885 5459; x_wconf 85' lang='lat' dir='ltr'><strong>tuarum</strong></span> <span class='ocrx_word' id='word_1_885' title='bbox 2910 5406 2953 5458; x_wconf 82' lang='lat'><strong>&#39;.</strong></span> <span class='ocrx_word' id='word_1_886' title='bbox 3005 5406 3156 5470; x_wconf 78' lang='lat' dir='ltr'><strong>Quod</strong></span> <span class='ocrx_word' id='word_1_887' title='bbox 3191 5416 3246 5458; x_wconf 89' lang='lat' dir='ltr'><strong>et</strong></span> <span class='ocrx_word' id='word_1_888' title='bbox 3269 5405 3336 5458; x_wconf 90' lang='lat' dir='ltr'><strong>de</strong></span> <span class='ocrx_word' id='word_1_889' title='bbox 3392 5407 3579 5472; x_wconf 88' lang='lat' dir='ltr'><strong>seipso</strong></span> 
     </span>
    </p>
   </div>
   <div class='ocr_carea' id='block_1_119' title="bbox 1987 5492 3582 5563">
    <p class='ocr_par' dir='ltr' id='par_1_119' title="bbox 1987 5492 3582 5563">
     <span class='ocr_line' id='line_1_119' title="bbox 1987 5492 3582 5563; baseline 0 -15"><span class='ocrx_word' id='word_1_890' title='bbox 1987 5493 2254 5548; x_wconf 88' lang='lat' dir='ltr'><strong>Dominus</strong></span> <span class='ocrx_word' id='word_1_891' title='bbox 2303 5493 2573 5560; x_wconf 87' lang='lat' dir='ltr'><strong>indicans,</strong></span> <span class='ocrx_word' id='word_1_892' title='bbox 2594 5492 2726 5563; x_wconf 84' lang='lat' dir='ltr'><strong>Ego,</strong></span> <span class='ocrx_word' id='word_1_893' title='bbox 2750 5494 2942 5561; x_wconf 89' lang='lat' dir='ltr'><strong>inquit,</strong></span> <span class='ocrx_word' id='word_1_894' title='bbox 2975 5494 3288 5546; x_wconf 75' lang='lat' dir='ltr'><strong>constitutus</strong></span> <span class='ocrx_word' id='word_1_895' title='bbox 3319 5510 3436 5547; x_wconf 82' lang='lat' dir='ltr'><strong>sum</strong></span> <span class='ocrx_word' id='word_1_896' title='bbox 3466 5493 3582 5548; x_wconf 70' lang='lat' dir='ltr'><strong>Rex</strong></span> 
     </span>
    </p>
   </div>
   <div class='ocr_carea' id='block_1_120' title="bbox 1989 5572 3577 5655">
    <p class='ocr_par' dir='ltr' id='par_1_120' title="bbox 1989 5572 3577 5655">
     <span class='ocr_line' id='line_1_120' title="bbox 1989 5572 3577 5655; baseline 0.002 -15"><span class='ocrx_word' id='word_1_897' title='bbox 1989 5587 2053 5640; x_wconf 87' lang='lat' dir='ltr'><strong>ab</strong></span> <span class='ocrx_word' id='word_1_898' title='bbox 2081 5603 2139 5640; x_wconf 88' lang='lat' dir='ltr'><strong>eo</strong></span> <span class='ocrx_word' id='word_1_899' title='bbox 2168 5602 2323 5654; x_wconf 83' lang='lat' dir='ltr'><strong>super</strong></span> <span class='ocrx_word' id='word_1_900' title='bbox 2350 5585 2476 5640; x_wconf 85' lang='lat' dir='ltr'><strong>Sion</strong></span> <span class='ocrx_word' id='word_1_901' title='bbox 2510 5595 2735 5640; x_wconf 83' lang='lat' dir='ltr'><strong>montem</strong></span> <span class='ocrx_word' id='word_1_902' title='bbox 2768 5596 3006 5640; x_wconf 83' lang='lat' dir='ltr'><strong>sanctum</strong></span> <span class='ocrx_word' id='word_1_903' title='bbox 3061 5585 3174 5655; x_wconf 83' lang='lat' dir='ltr'><strong>ejus</strong></span> <span class='ocrx_word' id='word_1_904' title='bbox 3198 5572 3240 5640; x_wconf 53' lang='grc' dir='ltr'>θ.</span> <span class='ocrx_word' id='word_1_905' title='bbox 3301 5587 3577 5653; x_wconf 80' lang='lat' dir='ltr'><strong>Quemad-</strong></span> 
     </span>
    </p>
   </div>
   <div class='ocr_carea' id='block_1_121' title="bbox 1990 5699 3574 5772">
    <p class='ocr_par' dir='ltr' id='par_1_121' title="bbox 1990 5699 3574 5772">
     <span class='ocr_line' id='line_1_121' title="bbox 1990 5699 3574 5772; baseline 0.001 -14"><span class='ocrx_word' id='word_1_906' title='bbox 1990 5704 2014 5735; x_wconf 73' lang='grc'><strong><em>⁵</em></strong></span> <span class='ocrx_word' id='word_1_907' title='bbox 2049 5701 2198 5760; x_wconf 84' lang='lat' dir='ltr'><strong>Psal.</strong></span> <span class='ocrx_word' id='word_1_908' title='bbox 2229 5717 2416 5770; x_wconf 72' lang='lat' dir='ltr'><strong>suis,</strong></span> <span class='ocrx_word' id='word_1_909' title='bbox 2448 5702 2504 5758; x_wconf 76' lang='lat'><strong>5.</strong></span> <span class='ocrx_word' id='word_1_910' title='bbox 2582 5701 2604 5732; x_wconf 82' lang='grc'>⁸</span> <span class='ocrx_word' id='word_1_911' title='bbox 2631 5699 2792 5756; x_wconf 83' lang='lat' dir='ltr'><strong>Prov.</strong></span> <span class='ocrx_word' id='word_1_912' title='bbox 2823 5716 2946 5767; x_wconf 84' lang='lat' dir='ltr'><strong>viii,</strong></span> <span class='ocrx_word' id='word_1_913' title='bbox 2970 5701 3064 5758; x_wconf 67' lang='lat'><strong>22.</strong></span> <span class='ocrx_word' id='word_1_914' title='bbox 3143 5701 3162 5734; x_wconf 83' lang='lat'>‘</span> <span class='ocrx_word' id='word_1_915' title='bbox 3184 5703 3326 5760; x_wconf 84' lang='lat' dir='ltr'><strong>Psal.</strong></span> <span class='ocrx_word' id='word_1_916' title='bbox 3369 5721 3490 5772; x_wconf 84' lang='lat' dir='ltr'><strong>vui,</strong></span> <span class='ocrx_word' id='word_1_917' title='bbox 3521 5707 3574 5760; x_wconf 90' lang='lat'><strong>7.</strong></span> 
     </span>
    </p>
   </div>
  </div>
