4032 6288
478 332 579 398 391

1724 327 2109 395 ΕΠΤΠΥΜΙΙ
2146 328 2509 390 ZlGABENI

3621 322 3728 390 3:62

481 444 703 499 modum
734 441 879 497 enim
910 457 1034 498 cum
1066 442 1235 498 monti
1270 442 1404 498 Sion
1429 443 1602 498 illuxit
1640 443 1809 498 l'ouna
1851 456 2043 509 corpo-

2177 437 2252 489 ἀπ’
2275 438 2464 491 αὐτοῦ
2487 437 2586 490 ἐπί
2618 436 2773 492 Σιὼν
2803 436 2939 504 ὄρος
2963 436 3028 490 τὸ
3051 436 3225 505 ἅγιον
3264 436 3471 489 αὑτοῦ.
3515 437 3733 507 Ὠσπερ

481 551 596 595 rea.
633 551 743 590 non
777 545 905 589 tunc
935 535 1148 591 initium
1184 535 1437 605 sumpsit,
1468 535 1563 590 sed
1591 551 1715 589 cum
1743 544 1897 590 esset
1925 535 2055 588 Ver-

481 625 610 679 bum
653 624 770 688 Dei,
800 634 853 678 et
900 622 1014 677 Rex
1052 624 1443 691 sempiternus,
1477 627 1729 695 dignatus
1760 634 1841 678 est
1864 626 1917 678 in
1959 623 2058 677 lio-

480 718 648 771 minis
674 715 852 769 forma
885 730 1113 784 regnum
1163 730 1320 768 suum
1382 725 1437 769 et
1500 724 1745 770 montem
1796 713 1930 769 Sion
1988 713 2056 767 il-

483 808 741 871 lustrare,
780 816 837 859 ut
876 814 931 859 et
964 820 1059 859 eos
1088 806 1179 873 qui
1219 816 1347 860 tunc
1383 815 1561 870 erant,
1597 816 1652 862 et
1678 806 2056 876 nosapeceati

481 900 764 953 dominatu
820 897 1077 950 liberaret
1119 914 1132 950 :
1171 899 1245 950 ita
1288 913 1451 967 super
1487 913 1653 967 opera
1703 901 2055 964 constitutus,

481 1004 592 1041 non
645 990 709 1041 iis
738 1002 857 1056 qua:
889 988 1125 1041 nondum
1150 1000 1355 1052 chent,
1391 991 1484 1044 sed
1506 992 1615 1061 jam
1645 990 2058 1054 exsistentibus,

478 1091 538 1132 et
596 1088 836 1148 regentis
896 1094 960 1131 ac
1012 1080 1349 1134 moderantis
1432 1097 1598 1149 opera
1688 1081 2061 1150 indigentibus

480 1171 771 1239 praefectus
808 1181 907 1225 est.
949 1171 1181 1225 llecebat
1214 1174 1382 1237 enim,
1414 1182 1474 1225 ut
1510 1173 1679 1236 aliud,
1712 1188 1875 1241 quam
1938 1173 2056 1241 ipsa

483 1278 650 1332 opera
698 1264 989 1326 exsistens,
1020 1265 1132 1317 imo
1160 1280 1291 1319 vero
1328 1268 1571 1334 ipsorum
1597 1280 1824 1334 operum
1859 1275 2056 1319 auctor

484 1357 758 1409 exsistens
787 1363 841 1408 et
872 1366 1209 1423 procreator,
1245 1372 1418 1426 eaque
1471 1357 1524 1410 in
1556 1373 1615 1411 se
1680 1368 1901 1427 propter
1962 1373 2063 1413 nos

478 1458 698 1503 creatos
732 1449 1037 1503 renovanda
1071 1451 1393 1519 suscipiens,
1432 1452 1612 1504 omnia
1646 1452 1700 1504 in
1757 1465 1817 1505 se
1850 1467 2063 1505 recrea-

486 1550 589 1594 ret.
646 1539 780 1592 Nam
826 1556 954 1594 cum
1008 1542 1259 1605 dixisset,
1318 1544 1539 1607 creavit,
1601 1543 1781 1596 statim
1836 1558 2063 1598 causam

480 1635 730 1701 adjecit,
806 1649 970 1703 opera
1027 1650 1500 1698 commemorans,
1574 1643 1630 1688 ut
1689 1651 1749 1690 se
1819 1645 2063 1690 creatum

2158 529 2215 582 δὲ
2255 532 2343 582 ὅτε
2381 531 2670 599 ἐπέλαμψε
2720 531 3052 601 σωματικῶς
3095 534 3161 599 τῇ
3199 530 3357 590 Σιὼν,
3409 530 3512 583 οὐκ
3550 530 3730 601 ἀρχὴν

2159 617 2327 690 εἶχεν,
2359 622 2496 675 ἀλλὰ
2520 621 2597 674 ὢν
2618 624 2793 690 Λόγος
2824 623 2918 675 τοῦ
2949 622 3085 675 Θεοῦ
3113 624 3209 677 καὶ
3250 623 3420 685 ἀΐδιος
3448 623 3727 692 βασιλεὺς,

2160 713 2506 780 κατηξίωσεν
2537 714 2897 783 ἀνθρωπίνως
2951 715 3263 783 ἐπιλάμψαι
3294 717 3395 784 τὴν
3450 716 3734 786 βασιλείαν

2163 805 2354 870 αὐτοῦ,
2382 808 2473 859 καὶ
2506 809 2570 877 τῇ
2599 806 2760 872 Σιὼν,
2813 809 2899 859 ἵνα
2949 809 3058 859 ἀπὸ
3107 808 3205 877 τῆς
3237 806 3632 876 βασιλευούσης
3670 810 3733 860 ὲν

2166 897 2353 961 αὐτοῖς
2379 898 2657 967 ἁμαρτίας
2702 899 3117 969 λυτρωσάμενος
3149 898 3344 961 αὐτούς
3367 917 3425 951 τε
3448 902 3542 951 κ’ιί
3576 901 3730 969 ἡμᾶς

2161 992 2359 1059 ποιήσῃ
2405 990 2510 1042 ὑπὸ
2559 990 2656 1059 τὴν
2709 991 2987 1060 πατρικὴν
3021 991 3300 1058 βασιλείαν
3357 991 3546 1057 αὑτοῦ,
3583 992 3733 1044 οὕτω

2161 1076 2558 1147 καθιστάμενος
2587 1083 2665 1142 εἰς
2687 1081 2756 1133 τὰ
2786 1081 2945 1151 ἔργα,
2968 1083 3069 1134 οὐκ
3102 1087 3181 1145 εἰς
3208 1084 3275 1136 τὰ
3292 1084 3447 1152 ιμηδέ
3471 1100 3555 1135 πω
3579 1083 3736 1140 ὄντα.

2161 1167 2276 1220 ἀλλ’
2297 1170 2376 1229 εἰς
2406 1170 2472 1223 τὰ
2506 1170 2605 1240 ἤδη
2629 1171 2780 1235 ὂντα,
2840 1177 2932 1225 καὶ
2956 1174 3190 1243 δεύμενα
3224 1174 3563 1238 διορθώσεως
3595 1176 3739 1229 καθ-

2166 1262 2398 1316 ίσταται.
2449 1263 2696 1331 Ἐπρεπε
2726 1262 2835 1335 γάρ
2866 1266 3025 1319 ἄλλον
3057 1268 3220 1319 αὑτὸν
3243 1267 3271 1319 ὅ
3290 1286 3372 1320 ητα
3402 1269 3509 1319 τῶν
3528 1268 3731 1336 ἔργων,

2164 1354 2259 1405 καὶ
2296 1355 2495 1422 μᾶλλον
2537 1355 2872 1426 δημιουργὸν
2923 1357 3058 1411 ὄντα
3094 1360 3295 1425 αὐτῶν,
3330 1361 3423 1413 καὶ
3455 1361 3551 1427 τὴν
3613 1360 3739 1412 τούς

2162 1462 2271 1499 των
2296 1448 2591 1499 ἀνανέωσιν
2630 1450 2712 1510 είς
2740 1449 2935 1502 ἑαυτὸν
2967 1451 3230 1515 δέξασθαι
3258 1491 3273 1515 ,
3307 1453 3392 1504 ἵνα
3420 1454 3587 1505 αὑτοῦ
3617 1471 3739 1505 κτι-

2165 1536 2396 1607 ζομένου
2458 1540 2536 1601 είς
2585 1542 2735 1609 ἡμᾶς
2788 1540 2854 1592 τὰ
2880 1543 3055 1595 πάντα
3099 1545 3176 1605 εἰς
3203 1543 3395 1596 ἑαυτὸν
3445 1546 3737 1614 ἁνακτίσῃ.

2168 1632 2274 1682 Καὶ
2300 1630 2405 1699 γὰρ
2429 1631 2602 1697 λέγων
2635 1631 2905 1697 ἔκτισεν,
2953 1634 3115 1696 εὐθὺς
3164 1636 3259 1687 καὶ
3289 1637 3389 1705 τὴν
3424 1636 3607 1695 αἰτίαν
3641 1639 3741 1687 ἐπ.

481 1726 554 1779 ad
609 1725 878 1795 agendum
931 1726 1143 1790 dioetts,
1202 1741 1260 1780 se
1296 1726 1415 1781 ideo
1508 1726 1710 1780 factum
1786 1726 2060 1781 hominem

2177 1722 2344 1791 ήγαγε
2375 1722 2571 1790 λέγων,
2611 1723 2681 1777 τὰ
2700 1724 2866 1792 ἔργα,
2904 1726 2989 1777 ἴνα
3017 1728 3077 1779 τὸ
3127 1729 3207 1782 εἰς
3243 1727 3380 1798 ἔργα
3431 1726 3739 1792 κτίζεσθαι,

482 1818 829 1889 ostenderet,
856 1827 913 1870 ut
942 1832 1005 1871 ea
1035 1828 1343 1873 renovaret.
1382 1819 1479 1874 llic
1511 1832 1692 1874 autem
1744 1830 1830 1874 est
1859 1820 2060 1873 divinat

2177 1818 2225 1867 τὸ
2251 1815 2499 1883 γίνεσθαι
2539 1815 2831 1886 ἄνθρωπον
2886 1817 3133 1889 δηλώσῃ,
3161 1820 3243 1882 εἰς
3286 1821 3591 1873 ἀνανέωσιν
3617 1818 3743 1872 τού·-

481 1907 783 1977 Scriptura:
815 1924 954 1972 mos,
976 1922 1030 1962 ut
1062 1911 1271 1963 cumde
1295 1924 1463 1973 carne
1475 1926 1577 1980 per
1597 1909 1830 1965 Verbum
1856 1926 2069 1965 assum-

485 2012 579 2068 pta
605 2001 937 2053 mentionem
965 2000 1115 2064 facit,
1144 2017 1384 2065 causam,
1419 2017 1516 2055 cur
1546 2018 1664 2057 eam
1684 2004 2066 2072 assumpserit,

486 2090 789 2159 adiungat;
819 2099 879 2143 at
907 2104 1031 2143 cum
1088 2100 1185 2143 aut
1219 2094 1287 2144 de
1332 2106 1432 2146 sua
1491 2092 1776 2145 divinitate
1828 2090 2069 2144 Verbum

484 2181 750 2251 loquitur,
820 2190 916 2235 aut
945 2181 1185 2234 ministri
1243 2182 1361 2251 ejus
1416 2182 1694 2247 nuntiant,
1732 2182 1964 2251 simplici
2014 2190 2071 2236 et

488 2275 663 2328 soluta
698 2273 965 2335 oratione,
1002 2282 1058 2326 et
1107 2272 1308 2326 nullam
1344 2288 1561 2327 causam
1593 2274 1858 2328 aﬂ‘erente
1891 2274 2072 2329 decla~

490 2374 633 2418 rant.
667 2363 845 2419 Patris
878 2366 1028 2418 enim
1059 2374 1145 2419 est
1172 2365 1428 2434 splendor
1451 2406 1466 2430 ,
1501 2375 1556 2421 et
1606 2368 2071 2436 quemadmodum

487 2455 651 2510 i’ater
680 2467 905 2527 prapter
932 2457 1137 2511 nullam
1173 2472 1394 2512 causam
1428 2468 1532 2522 est,
1569 2459 1647 2513 sie
1682 2460 1829 2513 nulla
1888 2461 2067 2528 Splen-

491 2548 639 2602 doris
668 2564 831 2603 causa
861 2560 939 2603 est
974 2550 1326 2617 requirenda.
1370 2550 1737 2613 Quamobrem
1774 2565 1900 2603 eum
1931 2550 2073 2604 scri-

496 2651 649 2708 ptutn
686 2641 757 2693 sit
786 2640 869 2693 :In
902 2640 1166 2707 principio
1197 2649 1311 2693 erat
1351 2641 1588 2703 Verbum,
1621 2650 1668 2694 ει
1707 2641 1929 2695 Verbum
1963 2652 2075 2696 erat

487 2736 637 2802 apud
677 2734 861 2795 Deum,
894 2744 942 2787 et
978 2735 1111 2786 Deus
1146 2747 1258 2787 erat
1296 2734 1540 2795 Verbum,
1576 2751 1685 2787 non
1717 2744 1800 2789 est
1829 2737 2075 2792 additum

492 2835 719 2894 propter
748 2825 897 2893 quid.
936 2829 1002 2877 At
1028 2840 1149 2877 cum
1196 2824 1331 2894 legis
1367 2841 1381 2878 :
1426 2824 1649 2879 Verbum
1693 2843 1818 2880 cara
1875 2829 2076 2898 factum

490 2934 593 2979 est,
630 2910 761 2969 tunc
797 2928 850 2969 et
882 2931 1100 2968 causam
1132 2917 1284 2968 audis
1308 2927 1529 2985 propter
1555 2933 1738 2985 qttam,
1769 2935 1983 2990 nempe,
2013 2918 2080 2974 Et

2166 1924 2294 1960 των.
2333 1907 2446 1960 Καὶ
2486 1905 2647 1958 τοῦτο
2685 1906 2809 1969 ἔθος
2845 1908 2970 1960 ἐστὶ
3033 1912 3099 1979 τῇ
3145 1909 3266 1979 θείᾳ
3318 1910 3528 1979 Γραφῇ.
3564 1910 3741 1962 Ὅταν

2173 1998 2272 2066 μὲν
2309 1998 2418 2067 γὰρ
2458 1996 2701 2069 σημαίνῃ
2752 1998 2851 2068 τὴν
2909 2000 3053 2053 κατὰ
3116 2001 3296 2069 σάρκα
3343 2001 3596 2069 γέννησιν
3642 2000 3739 2054 τοῦ

2169 2091 2370 2158 Λόγου,
2395 2088 2579 2159 τίθησι
2615 2090 2710 2142 καὶ
2763 2092 2862 2162 τὴν
2915 2092 3117 2155 αίτίαν,
3149 2093 3219 2146 δι’
3267 2096 3333 2164 ἢν
3364 2094 3592 2161 γέγονεν
3648 2095 3745 2148 ἄν-

2172 2179 2388 2247 Θρωπος
2412 2196 2425 2209 ’
2456 2179 2586 2231 ὅταν
2623 2180 2680 2232 δὲ
2715 2182 2842 2250 περί
2893 2181 2993 2250 τῆς
3038 2181 3290 2252 Θεότητος
3352 2183 3525 2239 αὐτοῦ
3580 2186 3745 2247 αὐτὸς

2171 2269 2344 2341 λέγῃ,
2390 2266 2503 2324 καί
2559 2272 2608 2322 οἰ
2662 2271 2854 2324 τούτου
2918 2272 3249 2342 θεράποντες
3323 2275 3738 2343 ἀπαγγέλλωσι,

2174 2363 2350 2415 πάντα
2377 2362 2521 2432 ἁπλῇ
2549 2362 2714 2427 λέξει,
2751 2363 3133 2438 ἀπολελυμένη
3151 2369 3220 2437 τῇ
3252 2366 3460 2438 διανοίᾳ
3482 2410 3497 2433 ,
3534 2370 3631 2421 καὶ
3654 2368 3747 2419 οὑ·-

2172 2454 2227 2506 es
2256 2455 2395 2523 μετά
2430 2457 2950 2527 συμπεπραγμένης
3006 2459 3185 2521 αἰτίας
3225 2462 3463 2527 λέγεται.
3498 2460 3605 2511 Τοῦ
3640 2460 3747 2530 γὰρ

2174 2547 2387 2616 Πατρός
2409 2549 2555 2599 ἐστιν
2584 2547 2945 2617 ἀπαύγασμα.
2987 2549 3193 2617 Ὠσπερ
3244 2551 3351 2619 γὰρ
3402 2554 3429 2603 ὁ
3463 2552 3653 2622 [latim
3683 2552 3744 2604 οὐ

2174 2637 2263 2690 διά
2286 2654 2408 2689 τινα
2439 2639 2621 2690 αἰτίαν
2653 2639 2821 2698 ἐστὶν,
2851 2637 3027 2698 οὕτως
3057 2639 3198 2692 οὐδὲ
3236 2641 3330 2693 τοῦ
3366 2642 3746 2709 ἀπαυγάσμα-

2177 2743 2270 2788 τος
2297 2728 2493 2779 τούτου
2524 2728 2634 2798 χρὴ
2657 2727 2840 2795 ζητεῖν
2871 2729 3073 2784 αἰτίαν.
3122 2730 3223 2783 Ἐν
3248 2731 3406 2799 ἀρχῇ
3448 2728 3529 2801 ἦν
3564 2735 3599 2787 ό
3634 2735 3749 2788 Δό-

2178 2836 2306 2888 γος,
2332 2817 2431 2871 καὶ
2458 2820 2490 2871 ὀ
2514 2819 2708 2887 Λόγος
2729 2815 2807 2890 ἦν
2824 2820 2974 2885 πρὸς
3006 2821 3114 2873 τὸν
3138 2822 3305 2882 Θεὸν,
3319 2822 3419 2877 καί
3441 2823 3586 2890 Θεὸς
3616 2820 3697 2893 ἦν·
3717 2827 3751 2878 d

2178 2914 2393 2979 Λόγος,
2425 2912 2757 2982 γέγραπται,
2788 2914 3002 2964 καὶούκ
3027 2912 3140 2982 ἔχει
3168 2914 3228 2966 τὸ
3261 2913 3425 2967 δατί.
3458 2915 3593 2968 Ὅτε
3619 2916 3680 2968 δὲ
3719 2918 3749 2969 ὁ

494 3010 752 3062 habitavit
786 3010 840 3061 in
868 3008 1030 3060 nobis.
1071 3008 1305 3062 Rursum
1366 3010 1654 3077 Apostolus
1710 3012 1917 3078 dicens,
1977 3014 2073 3078 Qui

2179 3002 2349 3069 Λόγος
2386 3001 2522 3070 σὰρξ
2546 3002 2785 3069 ἐγένετο,
2816 3004 2940 3056 τότε
2971 3005 3066 3057 καὶ
3098 3004 3196 3074 τὴν
3227 3007 3409 3059 αίτίαν
3440 3007 3647 3078 τίθησι,
3675 3007 3748 3061 δι’

496 3123 615 3157 cum
640 3107 694 3157 in
725 3105 894 3173 [arma
934 3104 1027 3157 Dei
1060 3115 1208 3169 esset,
1246 3120 1354 3158 non
1397 3107 1544 3160 addit
1572 3122 1812 3172 causam,
1845 3117 1900 3163 at
1950 3124 2073 3163 cum

2182 3094 2249 3163 ἢν
2278 3095 2491 3161 γέγονε,
2519 3096 2717 3162 λέγων,
2765 3097 2876 3151 Καὶ
2896 3097 3258 3165 ἐσκήνωσεν
3279 3099 3348 3153 ἐν
3384 3100 3553 3169 ἡμῖν.
3579 3101 3749 3155 Πάλιν

496 3200 660 3253 dicit:
684 3197 829 3252 Sert-i
846 3201 1072 3268 formam
1096 3198 1318 3266 accepit,
1344 3208 1469 3251 tunc
1493 3214 1609 3252 eam
1641 3199 2076 3266 subjicitﬂumi-

494 3292 668 3353 liavit,
708 3291 979 3359 inquiens,
1011 3291 1348 3357 senmipsum
1376 3305 1539 3359 usque
1569 3296 1639 3343 ad
1671 3301 1910 3353 mortem,
1932 3308 2078 3345 mor-

496 3393 603 3435 tem
646 3391 821 3435 autem
882 3383 1050 3434 crucis
1090 3380 1129 3434 ¹.
1182 3382 1391 3434 Idcirco
1442 3382 1671 3435 enimet
1742 3383 1942 3437 factum
1997 3394 2083 3439 est

499 3487 651 3536 caro,
684 3481 735 3526 et
767 3471 910 3524 servi
962 3471 1192 3525 formam
1261 3473 1575 3541 assumpsit.
1636 3472 1701 3525 Et
1729 3473 1842 3542 ipse
1898 3473 2080 3528 Domi-

502 3577 606 3616 nus
682 3554 859 3615 multa
939 3563 1315 3629 parabolarum
1403 3562 1701 3617 involucris
1788 3564 2079 3634 tegit,|de

501 3671 560 3712 se
596 3667 775 3711 autem
806 3669 1037 3724 loquens
1070 3665 1260 3722 aperte
1294 3653 1425 3707 dicit
1458 3670 1472 3706 :
1533 3655 1641 3724 Ego
1675 3658 1730 3709 in
1792 3656 1977 3724 Patre,
2029 3668 2078 3712 et

500 3749 665 3804 Pater
691 3752 744 3803 in
770 3766 848 3803 me
877 3751 897 3779 ²
934 3766 947 3813 ;
973 3757 1067 3800 et:
1104 3745 1209 3816 Ego
1233 3754 1279 3798 et
1306 3742 1470 3798 Pater
1484 3763 1645 3800 unum
1675 3750 1925 3815 sumus”;
1978 3758 2035 3803 et
2065 3766 2079 3804 :

502 3845 604 3911 Qui
628 3847 753 3899 vidit
787 3860 887 3906 me,
913 3844 1037 3896 vidit
1068 3840 1284 3895 Patrem
1315 3841 1358 3909 ις
1395 3852 1449 3897 et
1480 3861 1493 3895 :
1531 3841 1643 3912 Ego
1668 3859 1784 3896 sum
1808 3843 1899 3898 tua:
1923 3860 2080 3897 mun-

503 3939 556 3990 di
586 3938 605 3968 ⁵
642 3953 658 4003 ;
704 3946 754 3989 et
779 3954 791 3988 :
826 3932 937 4005 Ego
954 3950 1069 3987 sum
1096 3934 1284 3987 veritas
1312 3934 1478 3988 °.Nec
1506 3934 1732 4005 singulis
1764 3935 1923 3990 dictis
1952 3951 2083 3990 cau-

505 4043 617 4081 sam
643 4027 907 4095 adjungit,
944 4040 1013 4078 ne
1045 4026 1314 4094 posterior
1343 4025 1450 4079 illis
1495 4039 1727 4093 quorum
1758 4040 1919 4080 causa
1953 4026 2077 4092 fuit,

505 4134 627 4172 esse
664 4119 931 4171 videatur.
974 4116 1206 4171 Necesse
1230 4117 1373 4169 enim
1403 4126 1507 4180 est,
1534 4124 1591 4169 ut
1619 4132 1782 4169 causa
1806 4133 1935 4186 prter
1953 4118 2081 4172 edat

508 4212 584 4275 id,
605 4211 747 4278 quod
772 4211 876 4262 nisi
899 4219 1117 4276 pmpter
1136 4224 1327 4277 Ipsam,
1345 4225 1452 4261 non
1482 4207 1672 4263 fuisset
1699 4212 1919 4263 factum.
1944 4209 2081 4264 Pau-

507 4302 592 4353 lus
619 4299 833 4367 qnidem
861 4307 1177 4367 segregatus
1215 4299 1268 4351 in
1321 4298 1696 4368 Evangelium,
1749 4300 1892 4367 quod
1944 4311 2075 4354 ante

510 4394 834 4463 promiserat
867 4389 1126 4444 Dominus
1158 4406 1255 4459 per
1279 4391 1595 4459 prophetas,
1640 4391 1873 4445 habebat
1902 4393 2079 4447 Evan-

509 4483 706 4553 gelium
736 4491 861 4534 ante
892 4495 971 4543 se,
1000 4482 1156 4549 cujus
1186 4480 1463 4548 Evangelii
1496 4480 1743 4534 minister
1774 4494 1853 4536 est
1884 4482 2079 4550 factus,

510 4584 566 4627 et
597 4572 836 4627 Joannes
859 4572 1120 4633 delectus,
1154 4578 1211 4625 ut
1246 4571 1466 4640 praeiret
1499 4582 1624 4627 ante
1650 4572 1959 4639 Dominum,
1988 4590 2085 4629 an-

511 4676 564 4721 te
595 4681 653 4720 se
679 4664 963 4718 Dominum
998 4663 1207 4716 habuit.
1246 4663 1509 4716 Dominus
1538 4678 1685 4731 vero,
1740 4666 1829 4733 qui
1879 4667 2082 4720 nullam

514 4760 677 4812 liabet
699 4769 827 4810 ante
853 4770 909 4809 se
938 4769 1185 4819 causam,
1219 4762 1277 4808 ut
1322 4752 1560 4809 Verbum
1622 4756 1718 4820 sit,
1776 4757 1877 4809 nisi
1939 4758 2084 4826 quod

511 4849 691 4903 Patris
724 4860 803 4902 est
832 4846 1027 4912 Filius,
1082 4854 1139 4900 et
1195 4847 1477 4917 unigenita
1529 4848 1821 4915 sapientia,
1868 4850 2086 4917 quando

516 4942 576 4993 ﬁt
606 4940 790 5001 homo,
835 4948 963 4993 tunc
1012 4938 1171 4992 aﬂ‘ert
1222 4953 1466 5003 causam,
1534 4950 1753 5008 prepter
1809 4956 1969 5008 quam
2013 4950 2095 4995 est

517 5045 737 5085 carnem
797 5039 1133 5101 gestaturus.
1184 5030 1491 5098 Antequam
1554 5032 1699 5082 enim
1764 5031 1927 5084 homo
1980 5030 2092 5093 ﬁat,

520 5122 779 5193 pracedit
810 5123 1093 5176 hominum
1135 5121 1364 5187 uttlitas,
1400 5121 1519 5175 sine
1545 5137 1652 5190 qua
1703 5136 1922 5174 carnem
1981 5139 2092 5176 non

515 5213 803 5267 induisset.
829 5213 960 5277 Quae
988 5224 1169 5266 autem
1203 5214 1369 5265 fuerit
1401 5227 1588 5275 causa,
1635 5223 1854 5280 propter
1917 5226 2081 5280 quam

514 5303 689 5359 factus
720 5315 801 5360 est
837 5310 1018 5369 homo,
1038 5305 1276 5357 declarat
1303 5307 1417 5372 ipse
1455 5322 1469 5360 ε
1495 5305 1766 5371 θεδςεηάὶ,
1801 5305 2082 5372 inquiens,

512 5397 577 5449 de
602 5398 747 5460 cazlo,
780 5412 882 5449 non
904 5407 957 5449 ut
990 5397 1215 5463 facerem
1254 5396 1568 5449 voluntatem
1619 5412 1808 5457 meam,
1862 5394 1951 5447 sed
2005 5410 2089 5446 υυ-

2108 4434 2158 4493 D

2185 3185 2241 3237 δὲ
2266 3190 2293 3238 ὁ
2331 3185 2655 3250 ’Δπόστολος
2682 3186 2880 3255 λέγων,
2917 3191 3023 3255 Ὃς
3046 3189 3119 3242 ἐν
3137 3190 3346 3259 μορφῇ
3378 3190 3534 3246 Θεοῦ
3561 3191 3750 3260 ὑπάρο

2184 3293 2326 3343 χιον,
2366 3278 2466 3331 οὐκ
2523 3279 2690 3349 ἔθηκε
2736 3279 2835 3348 τὴν
2865 3282 3069 3347 αἰτίαν,
3100 3284 3150 3335 εί
3180 3285 3254 3352 μὴ
3285 3284 3374 3336 ὅτε
3402 3286 3502 3354 τὴν
3534 3287 3750 3356 μορφὴν

2181 3369 2340 3421 ἔλαϐε
2364 3369 2455 3421 τοῦ
2484 3369 2696 3425 δούλου.
2750 3371 2885 3422 Τότε
2923 3374 3033 3443 γὰρ
3064 3376 3315 3444 ἐπιφέρει
3348 3378 3545 3445 λέγων.
3586 3380 3750 3432 Ἐτα-

2182 3463 2488 3515 πείνωσεν
2536 3461 2756 3516 ἑαυτὸν
2800 3462 2977 3533 μέχρι
3025 3465 3319 3532 θανάτου,
3370 3468 3629 3525 θανάτου
3682 3471 3753 3524 δὲ

2181 3553 2474 3620 σταυροῦ.
2509 3555 2607 3605 Διά
2666 3553 2840 3607 ταῦτα
2906 3556 3018 3627 γὰρ
3047 3559 3140 3611 καὶ
3172 3559 3309 3629 σὰρξ
3369 3561 3609 3628 ἐγένετο,
3652 3566 3752 3616 καὶ

2182 3646 2403 3714 μορφὴν
2434 3645 2597 3698 ἔλαϐε
2627 3644 2839 3701 δούλου.
2861 3648 3034 3712 Αὐτός
3067 3665 3126 3701 τε
3156 3651 3184 3701 ὁ
3208 3651 3413 3721 Κύριος
3447 3653 3621 3706 πολλά
3642 3657 3747 3724 μὲν

2183 3737 2241 3787 ὲν
2274 3736 2605 3806 Παροιμίαις
2659 3738 2948 3808 λελάληκε,
2976 3741 3103 3809 περὶ
3134 3740 3192 3794 δὲ
3239 3744 3432 3797 ἑαυτοῦ
3465 3746 3756 3816 σημαίνων

2182 3828 2600 3899 ἀπολελυμένως
2634 3830 2884 3902 εἴρηκεν,
2929 3832 3076 3902 Ἐγὼ
3113 3834 3185 3888 ἐν
3211 3834 3290 3900 τῷ
3336 3840 3545 3906 Πατρί,
3577 3840 3675 3893 καί
3721 3843 3758 3895 ό

2188 3922 2394 3988 Πατὴρ
2427 3922 2496 3975 ἐν
2519 3923 2681 3990 ἐμοί’
2704 3922 2821 3987 καὶ,
2856 3924 3004 3994 Ἐγὼ
3024 3928 3123 3980 καὶ
3140 3930 3174 3983 d
3206 3929 3410 3998 Πατὴρ
3435 3933 3505 3985 ἐν
3534 3933 3756 4002 ἐσμεν·

2183 4016 2299 4079 καὶ,
2357 4016 2416 4067 '0
2456 4015 2727 4083 ἑωρακὼς
2776 4016 2880 4087 ἐμὲ
2928 4019 3148 4087 ἑώρακε
3200 4021 3309 4075 τὸν
3342 4024 3604 4092 Πατέρα·
3638 4028 3758 4092 καὶ,

2194 4109 2340 4176 Ἐγώ
2364 4110 2479 4176 εἰμι
2501 4109 2566 4160 τὸ
2590 4110 2716 4178 φῶς
2750 4111 2857 4164 τοῦ
2888 4114 3125 4182 κόσμου
3148 4130 3162 4144 '
3213 4120 3328 4183 καὶ,
3374 4117 3521 4188 Ἐγώ
3558 4123 3671 4190 ειμι
3715 4124 3756 4190 ἡ

2188 4199 2464 4269 ἀλήθεια,
2510 4202 2569 4252 οὺ
2630 4202 2799 4265 τιθεὶς
2839 4204 2925 4273 ἐφ’
2981 4207 3213 4261 ἑκάστου
3268 4211 3367 4281 τὴν
3402 4213 3600 4277 αἰτίαν,
3637 4216 3760 4268 οὐδὲ

2188 4293 2248 4342 τὸ
2306 4290 2469 4352 διατί,
2522 4292 2608 4343 ἵνα
2659 4294 2734 4361 μὴ
2795 4294 3051 4361 δεύτερος
3081 4300 3308 4353 ἐκείνων
3367 4304 3647 4374 φαίνηται,
3677 4300 3759 4361 ὧν

2187 4382 2347 4452 χάριν
2378 4384 2472 4435 καὶ
2499 4385 2745 4452 γέγονεν.
2792 4386 3029 4457 Ἀνάγκη
3085 4392 3194 4461 γὰρ
3244 4396 3610 4464 προηγεῖσθαι
3658 4399 3764 4469 τὴν

2186 4475 2367 4527 αἰτίαν
2390 4475 2602 4541 τούτου,
2642 4472 2709 4547 ἧς
2737 4476 2867 4532 ἄνευ
2896 4481 2996 4534 οὐκ
3030 4482 3095 4535 ἂν
3127 4484 3245 4535 οὐδὲ
3278 4488 3441 4549 αὐτὸς
3492 4490 3762 4556 ἐγεγόνει.

2192 4566 2404 4629 Παῦλος
2436 4567 2567 4635 γοῦν
2604 4572 2989 4641 ἀφωρισμένος
3047 4576 3127 4637 εἰς
3163 4576 3506 4644 εὐαγγέλιον,
3560 4580 3588 4632 ὂ
3617 4598 3763 4650 πρε-

2189 4660 2554 4728 επηγγείλατο
2579 4662 2605 4713 ὁ
2634 4662 2835 4732 Κύριος
2862 4664 2949 4717 διὰ
2984 4666 3092 4719 τῶν
3150 4672 3477 4739 προψητών,
3504 4668 3617 4741 εἶχε
3647 4676 3762 4744 πρὸ

2191 4749 2385 4802 ἑαυτοῦ
2420 4752 2479 4804 τὸ
2501 4752 2843 4822 εὐαγγέλιον,
2868 4750 2929 4810 οὗ
2959 4759 3052 4812 καὶ
3108 4759 3301 4828 γέγονε
3354 4762 3624 4829 διάκονος.
3647 4767 3766 4820 Καὶ

2205 4841 2455 4912 Ἰωάννης
2488 4844 2587 4914 μὲν
2614 4848 3023 4917 προχειρισθεὶς
3072 4852 3152 4913 εἰς
3200 4854 3263 4905 τὸ
3292 4856 3619 4925 προοδεῦσαι
3656 4858 3761 4911 τοῦ

2194 4933 2418 5001 Κυρίου,
2453 4935 2559 5004 πρὸ
2592 4936 2787 4990 ἑαυτοῦ
2837 4935 2951 5008 εἶχε
2980 4940 3074 4994 τὸν
3114 4944 3342 5014 Κύριον.
3381 4946 3439 5000 '0
3472 4949 3529 5000 δὲ
3561 4950 3768 5019 Κύριος

2191 5026 2290 5076 οὐκ
2326 5027 2464 5095 ἔχων
2492 5028 2599 5097 πρὸ
2624 5029 2820 5083 ἑαυτυῦ
2849 5031 3031 5085 αἰτίαν
3061 5033 3157 5086 τοῦ
3205 5032 3344 5089 εἶναι
3370 5040 3562 5106 Λόγος,
3596 5040 3629 5109 ἦ
3662 5042 3766 5109 μό·

2191 5133 2299 5178 νον,
2332 5119 2413 5170 ὃτι
2441 5118 2533 5170 τοῦ
2580 5120 2788 5189 Πατρός
2823 5122 2942 5175 ἐστι
2976 5124 3242 5196 γέννημα,
3277 5130 3372 5180 καὶ
3403 5130 3565 5197 cost;
3605 5148 3763 5199 μονο-

2192 5209 2376 5276 γενὴς,
2404 5211 2531 5262 ὅταν
2560 5210 2848 5281 ἄνθρωπος
2876 5217 3126 5284 γένηται,
3162 5219 3281 5270 τότε
3315 5223 3412 5273 καὶ
3436 5220 3535 5291 τὴν
3574 5223 3759 5276 αἰτίαν

2190 5300 2395 5370 τίθησι,
2423 5300 2492 5353 δι’
2515 5302 2583 5373 ἣν
2616 5302 2801 5371 μέλλει
2835 5308 3016 5373 σάρκα
3053 5310 3260 5377 φορεῖν.
3296 5310 3763 5383 Προηγείταιγὰρ

2196 5390 2289 5442 τοῦ
2352 5394 2606 5459 γενέσθαι
2639 5396 2804 5447 αὐτὸν
2871 5398 3160 5469 ἄνθρωπον
3231 5403 3263 5471 ὴ
3317 5406 3425 5454 τῶν
3456 5403 3764 5471 ἀνθρώπων

518 5487 773 5541 luntatem
800 5488 933 5552 eius,
972 5485 1060 5556 qui
1096 5487 1233 5537 misit
1296 5501 1398 5549 me,
1456 5494 1509 5538 ut
1564 5500 1713 5536 omne
1758 5483 1894 5553 quod
1949 5482 2067 5534 dedi

2196 5482 2372 5551 χρεία,
2410 5479 2476 5553 ἧς
2502 5483 2633 5536 ἄνευ
2665 5485 2765 5538 οὐκ
2801 5484 2867 5539 ἂν
2918 5488 3206 5540 ἐνεδύσατο
3259 5491 3458 5558 σάρκα.
3501 5492 3594 5553 Τίς
3620 5493 3678 5545 δὲ
3728 5497 3763 5564 ἠ

518 5579 646 5632 mihi
676 5579 860 5645 Pater,
895 5595 994 5633 non
1029 5578 1245 5648 perdant
1277 5593 1337 5631 ρει
1384 5593 1462 5640 eo,
1489 5576 1577 5629 sed
1606 5577 1845 5628 suscitem
1878 5574 2009 5626 illud
2040 5576 2073 5626 it

2200 5576 2381 5645 χρεία,
2414 5574 2481 5628 δι’
2506 5576 2572 5646 ἢν
2593 5577 2815 5646 γέγονεν
2840 5578 3146 5651 ἄνθρωπος,
3185 5583 3343 5646 αὐτὸς
3380 5584 3476 5653 μὲι
3497 5587 3525 5636 ὁ
3557 5585 3768 5653 Κύριος

612 5714 627 5746 ³
664 5712 903 5784 Philipp.
945 5729 1003 5780 ll,
1039 5713 1159 5770 6-8.
1232 5716 1251 5745 ¹
1288 5711 1444 5770 Joan.
1484 5728 1589 5782 xiv,
1626 5712 1713 5766 10.
1790 5714 1811 5744 ⁸
1840 5709 1997 5767 Joan.
2024 5728 2078 5783 ι,
2102 5713 2193 5771 30.
2270 5711 2291 5742 ⁸
2318 5712 2475 5773 Joan.
2510 5730 2621 5783 xiv,
2642 5715 2694 5770 9.
2771 5719 2790 5749 ⁸
2822 5714 2981 5772 Joan.
3024 5733 3137 5784 wit,
3172 5718 3256 5773 l2.
3338 5720 3359 5752 ⁸
3390 5718 3548 5775 Joan.
3572 5733 3685 5786 XIV,
3713 5720 3771 5771 6.
