4102 6298
375 395 487 462 393

1342 391 1720 454 PANOPLIA
1761 387 2228 450 DOGMATICA.
2262 409 2327 423 -··
2366 383 2518 446 ΤΙΤ.
2561 385 2666 443 Χι,

3531 381 3641 444 394

373 509 664 579 σημαίνων
716 507 868 576 ἔλεγε
915 506 1119 577 ταύτην
1143 522 1154 536 °
1206 505 1588 572 Καταϐέϐηκα
1611 506 1680 558 ἐκ
1704 503 1814 557 τοῦ
1847 506 1948 556 οὺ-

2078 502 2332 554 ιουὶεεὶιπο
2362 499 2468 552 die.
2524 503 2647 552 "(re
2683 507 2754 548 est
2787 497 2922 549 enim
2985 495 3222 547 voluntas
3279 493 3464 547 Patri:
3516 497 3668 556 ηεξ..

361 599 583 670 ρανοῦ,
622 601 735 665 οὺχ
766 598 868 650 ἳνα
897 597 1049 650 ποιῶ
1085 596 1152 650 τὸ
1199 595 1432 664 θέλημα
1467 599 1533 648 τὸ
1582 595 1753 664 ἐμὸν,
1788 592 1951 648 ἀλλὰ

371 691 446 746 τὸ
472 691 707 757 θέλημα
739 688 848 742 τοῦ
878 688 1237 758 πέμψαντός
1281 705 1374 756 με,
1399 688 1500 741 ἵνα
1526 687 1650 743 πᾶν
1674 687 1705 740 ὃ
1729 685 1954 739 δέδωκέ

367 800 499 853 μοι,
547 781 636 851 μὴ
699 781 982 834 ἀπολέσω
1016 780 1086 843 ἐξ
1145 779 1359 845 αὐτοῦ,
1402 778 1566 834 ἀλλὰ
1620 777 1952 844 ἀναστήσω

371 877 524 930 αὐτὸ
560 878 632 929 ἐν
659 873 734 942 τῇ
759 873 992 941 ἐσχάτῃ
1020 872 1234 942 ἡμέρᾳ.
1265 872 1451 927 Τοῦτο
1473 872 1586 940 γὰρ
1613 871 1680 925 τὸ
1721 869 1954 939 θέλημα

372 970 484 1023 τοῦ
523 968 758 1034 Πατρός
787 985 927 1036 μου,
984 968 1084 1019 ἵνα
1120 964 1240 1031 πᾶς
1289 968 1322 1019 ό
1355 965 1592 1031 θεωρῶν
1649 964 1758 1016 τὸν
1793 965 1952 1026 Πὸν,

373 1062 474 1113 καί
507 1059 808 1112 πιστεύων
837 1061 924 1123 εις
961 1057 1174 1118 αὑτὸν,
1231 1055 1343 1125 ἐκη
1379 1054 1533 1123 ζωὴν
1563 1055 1824 1119 αἰώνιον,
1857 1053 1957 1106 καί

377 1152 496 1220 ἐγὼ
529 1153 865 1218 ἀναστήσω
901 1149 1096 1205 αὐτόν
1123 1150 1194 1202 ἐν
1243 1147 1316 1216 τῇ
1347 1147 1574 1216 ἐσχάτη
1601 1147 1810 1214 ἡμέρᾳ.
1850 1148 1956 1198 Καὶ

379 1245 578 1298 πάλιν·
621 1242 769 1311 Ἐγὼ
797 1242 924 1310 φῶς
946 1244 1033 1307 είς
1067 1241 1179 1294 τὸν
1222 1243 1458 1308 κόσμον
1501 1240 1795 1306 ἐλήλυθα,
1857 1238 1958 1290 ἶνα

377 1336 503 1404 πᾶς
529 1341 560 1390 ό
586 1337 891 1390 πιστεύων
917 1337 1006 1398 εὶς
1036 1334 1143 1403 ἑμέ
1168 1335 1236 1386 ἐν
1264 1331 1338 1401 τῇ
1366 1333 1584 1400 σκοτίᾳ
1627 1333 1713 1401 μὴ
1753 1329 1952 1399 μείνῃ.

378 1432 488 1483 Καὶ
523 1429 686 1482 πάλιν
719 1429 776 1481 ἐν
811 1427 890 1498 τῷ
945 1427 1089 1480 κατᾶ
1126 1427 1384 1496 Ἰωάννην
1434 1426 1600 1494 φησίν
1626 1441 1642 1456 ⁹
1684 1423 1832 1492 Ἐγὼ
1868 1424 1958 1486 είς

375 1521 557 1574 τοῦτο
597 1519 942 1588 γεγένημαι,
970 1518 1064 1571 καὶ
1095 1519 1175 1581 είς
1201 1517 1390 1570 τοῦτο·
1438 1515 1837 1584 Ἑλήλυθαείς
1855 1516 1958 1569 τὸν

377 1615 638 1680 κόσμον,
716 1611 820 1665 ἵνα
874 1609 1240 1680 μαρτυρήσω
1308 1609 1384 1678 τῇ
1454 1609 1726 1675 ἀληθείᾳ.
1787 1608 1847 1659 '0
1899 1606 1958 1661 δὲ

391 1705 650 1772 Ἰωάννης
704 1704 948 1772 ἔγραψεν
978 1720 992 1734 ·
1030 1705 1134 1765 Εἰς
1159 1701 1339 1756 τοῦτο
1369 1701 1716 1771 ἐφανερώθη
1749 1704 1781 1755 ό
1825 1700 1960 1765 Υἱὸς

2055 605 2110 647 ut
2162 593 2336 647 omnis
2370 593 2459 661 qui
2495 593 2629 644 videt
2657 589 2878 644 Filium.
2907 598 2955 641 et
2986 589 3148 642 credit
3186 590 3238 640 in
3286 604 3422 651 eum,
3450 589 3642 642 habeat

2054 687 2217 738 vitam
2266 694 2536 744 retentam,
2581 692 2625 735 et
2658 698 2751 750 ego
2795 680 3037 734 suscitem
3091 696 3206 732 eum
3259 680 3313 732 in
3365 681 3644 734 novissimo

2055 778 2138 830 die
2173 775 2300 829 '.Et
2327 789 2542 828 rursum
2583 789 2597 824 :
2637 771 2769 842 Ego,
2829 772 3028 840 inquit,
3065 773 3178 824 ueni
3235 771 3327 824 tua:
3389 773 3442 824 in
3487 787 3643 825 mun-

2055 872 2201 932 dum,
2233 877 2289 922 ut
2315 869 2484 921 omnis
2529 867 2618 936 qui
2639 866 2801 919 credit
2823 866 2879 918 in
2914 880 2997 918 me
3025 879 3127 918 non
3163 875 3374 917 maneat
3410 865 3464 916 in
3499 874 3645 916 tene-

2057 962 2164 1016 bris
2191 962 2231 1013 '.
2293 959 2358 1014 Et
2405 974 2622 1012 rursum
2689 959 2741 1011 in
2801 957 3100 1026 Evangelio
3161 956 3440 1011 Joannis:
3507 955 3643 1026 Ego,

2057 1055 2257 1123 inquit,
2288 1035 2358 1107 ad
2391 1053 2488 1105 hoc
2521 1061 2680 1104 natus
2723 1066 2866 1113 sum,
2907 1060 2956 1103 et
2994 1049 3064 1102 ad
3092 1050 3184 1104 hoc
3213 1050 3347 1110 veni,
3381 1058 3439 1102 ut
3493 1051 3645 1101 testi-

2057 1147 2291 1201 monium
2343 1144 2642 1215 perhibeam
2674 1143 2952 1197 veritati’.
3006 1141 3247 1197 Joannes
3273 1151 3451 1196 autem
3507 1145 3650 1196 scri-

2055 1241 2166 1310 psit
2213 1259 2226 1294 :
2269 1241 2554 1305 PrOpterea
2602 1241 2850 1308 apparuit
2882 1239 3052 1293 Filius
3109 1238 3226 1304 Dei,
3285 1249 3341 1292 ut
3402 1238 3648 1292 dissolvat

2062 1350 2220 1404 opera
2282 1333 2481 1387 diaboli
2519 1333 2562 1386 ⁸.
2601 1333 2671 1388 Ut
2699 1333 3069 1388 testimonium
3111 1332 3275 1404 igitur
3312 1333 3645 1402 perhiberet,

2059 1435 2112 1478 et
2173 1435 2404 1479 mortem
2439 1441 2536 1494 pro
2593 1425 2750 1478 nobis
2817 1425 3046 1489 subiret,
3091 1434 3146 1477 et
3200 1424 3436 1479 solveret
3480 1440 3644 1494 opera

2060 1517 2295 1582 diaboli',
2325 1517 2473 1570 venit
2519 1519 2798 1570 Servator.
2855 1514 2977 1570 Haec
3035 1527 3120 1570 est
3170 1530 3332 1570 causa
3383 1517 3649 1570 adventus

2060 1612 2178 1680 ejus
2221 1610 2274 1663 in
2305 1623 2488 1663 carne.
2530 1607 2880 1663 Besurrectio
2912 1607 3058 1661 enim
3120 1622 3229 1661 non
3285 1608 3504 1672 fuisset,
3539 1606 3644 1661 nisi

2070 1701 2268 1755 fuisset
2317 1713 2483 1760 mors,
2511 1711 2610 1751 nec
2648 1712 2817 1762 mors,
2843 1696 2947 1751 nisi
2971 1711 3170 1766 corpus
3199 1699 3430 1752 mortale
3459 1713 3650 1752 susce-

377 1794 489 1848 τοῦ
510 1793 688 1858 Θεοῦ,
710 1795 812 1846 ἳνα
838 1794 1004 1862 λύσῃ
1034 1793 1108 1846 τὰ
1126 1795 1271 1862 ἔργα
1296 1791 1401 1846 τοῦ
1433 1792 1744 1846 διαϐόλου.
1771 1791 1871 1844 Διὰ
1899 1791 1961 1844 τὸ

2078 1794 2258 1848 ἡδείῃ.
2306 1791 2364 1844 id
2397 1791 2465 1844 ab
2526 1790 2648 1859 ipso
2682 1788 2950 1842 didicerat
2986 1789 3303 1858 Apostolus,
3351 1796 3652 1858 propterea

382 1849 742 1957 μαρτυρῆσαι
774 1887 906 1956 ἀρα,
934 1849 1032 1938 καὶ
1058 1849 1214 1955 ὑπέρ.
1253 1885 1414 1956 ήμῶν
1444 1883 1810 1949 ἀναδέξασθαι
1865 1883 1959 1938 θά-

2078 1883 2204 1938 iixit
2233 1898 2248 1937 :
2296 1883 2557 1948 Quoniam
2597 1883 2743 1950 pueri
2758 1883 3042 1951 participes
3074 1885 3419 1936 erantcarnis
3447 1892 3494 1935 et
3525 1897 3656 1935 san-

381 1997 569 2042 νατον,
596 1981 691 2032 καὶ
718 1978 805 2031 διὰ
858 1978 920 2031 τὸ
972 1974 1280 2049 ἀναστῆσαι
1335 1977 1462 2042 τοὺς
1488 1977 1830 2048 ἀνθρώπους,
1866 1977 1961 2031 καὶ

2078 1976 2259 2046 guinis,
2301 1985 2348 2028 et
2382 1976 2492 2044 ipse
2531 1974 2774 2029 similiter
2805 1975 2981 2028 carnis
3039 1983 3088 2027 et
3143 1974 3417 2044 sanguinis
3481 1974 3656 2042 parti-

377 2071 546 2123 λῦσαι
571 2071 639 2125 τά
670 2071 808 2140 ἔργα
835 2069 931 2122 τοῦ
951 2069 1206 2124 διαϐόλου
1236 2069 1497 2140 ἐλήλυθεν
1532 2071 1559 2123 ό
1609 2070 1825 2140 Σωτήρ.
1853 2070 1962 2122 Καὶ

2078 2086 2183 2139 :eps
2219 2071 2389 2138 [actus
2420 2076 2516 2131 est,
2545 2077 2600 2121 ut
2634 2083 2727 2136 per
2780 2075 2997 2121 morlem
3051 2066 3340 2121 destrueret
3401 2082 3518 2119 eum
3565 2067 3658 2136 qui

383 2162 529 2232 αὕτη
565 2163 772 2232 ἑστὶνὴ
804 2163 954 2216 αἰτία
981 2163 1079 2233 τῆς
1109 2164 1379 2234 ὲνσάρκου
1411 2164 1722 2234 παρουσίας
1773 2162 1960 2218 αὐτοῦ.

387 2255 602 2311 ’Ἄλλως
637 2253 746 2323 γὰρ
779 2255 1077 2317 ἀνάστασις
1107 2255 1208 2307 οὐκ
1245 2255 1313 2307 ἂν
1342 2256 1583 2320 ἐγένετο,
1646 2257 1695 2308 εί
1737 2253 1812 2324 μὴ
1864 2254 1963 2308 θά-

391 2365 552 2410 νατος
587 2347 854 2415 ἐγεγόνει.
902 2347 1144 2409 Θάνατος
1185 2347 1243 2399 δὲ
1273 2346 1392 2410 πῶς
1424 2348 1692 2414 ἐγεγόνει,
1721 2349 1769 2399 εί
1805 2347 1878 2417 μὴ
1906 2347 1966 2398 τὸ

395 2440 744 2509 ἀποθνῆσκον
799 2442 1025 2508 ἐσχήκει
1089 2439 1286 2508 σῶμας
1347 2438 1518 2492 Τοῦτο
1579 2439 1769 2508 μαθὼν
1831 2441 1964 2510 παρ’

392 2531 566 2583 αὑτοῦ
595 2533 688 2583 καὶ
712 2532 740 2582 ό
780 2531 1102 2593 Ἀπόστολος
1134 2530 1320 2598 ἔλεγεν
1340 2548 1354 2561 ·
1401 2529 1565 2584 Ἐπεί
1599 2527 1714 2587 οὖν
1733 2531 1805 2586 τὰ
1833 2547 1969 2585 παι-

389 2623 494 2676 δία
525 2623 922 2690 κεκοινώνηκε
948 2623 1201 2690 σαρκός,
1225 2623 1322 2677 καὶ
1360 2623 1630 2691 αἵματος,
1663 2623 1761 2676 καὶ
1787 2625 1969 2690 αὐτὸς

388 2717 833 2782 παραπλησίως
857 2716 1116 2784 μετέσχε
1134 2714 1251 2767 τῶν
1269 2713 1490 2780 αὐτῶν,
1505 2715 1606 2768 ἵνα
1627 2714 1726 2768 διὰ
1749 2716 1856 2770 τοῦ
1873 2720 1971 2771 θα-

2067 2161 2289 2214 ltabebat
2360 2161 2543 2212 mortis
2620 2159 2918 2228 imperium,
3005 2158 3059 2211 id
3131 2167 3230 2221 est,
3282 2157 3555 2211 diabolum
3611 2160 3656 2210 '.

2071 2251 2226 2318 Quod
2245 2253 2286 2306 si
2319 2260 2549 2321 propter
2574 2265 2695 2314 nos,
2726 2266 2835 2304 uon
2861 2259 3043 2305 autem
3073 2259 3298 2320 propter
3317 2265 3376 2304 se
3409 2259 3654 2314 creatur,

2073 2347 2188 2414 ipse
2217 2354 2433 2400 creatus
2466 2360 2572 2398 non
2606 2352 2709 2408 est,
2736 2345 2830 2397 sed
2862 2359 3081 2398 carnem
3115 2353 3358 2419 nostram
3417 2356 3657 2400 creatam

2073 2440 2301 2495 indutus
2344 2440 2458 2494 haec
2489 2439 2642 2493 dicit.
2679 2437 3148 2504 Quemadmodum
3173 2437 3316 2492 enim
3367 2437 3660 2490 inﬁrmita-

2077 2541 2160 2587 tes
2188 2541 2406 2586 nostras
2435 2531 2761 2600 suscipiens,
2794 2529 2997 2584 dicitur
3030 2529 3147 2599 ipse
3205 2529 3481 2596 infirmus,
3531 2544 3657 2585 cum

2076 2635 2261 2680 tamen
2282 2624 2532 2678 inﬁrmus
2558 2631 2610 2678 et
2667 2622 2974 2678 imbecillus
3016 2638 3124 2678 non
3166 2623 3258 2689 sit,
3312 2623 3514 2692 quippe
3565 2611 3658 2694 qui

2076 2718 2253 2772 virtus
2283 2727 2366 2770 est
2392 2716 2510 2783 Dei,
2536 2724 2592 2770 et
2626 2724 2910 2785 peccatum
2944 2731 3043 2785 pro
3077 2715 3234 2769 nobis
3266 2716 3444 2770 factus
3476 2725 3580 2780 est,
3605 2725 3663 2770 et

389 2811 586 2864 νιὶτου
605 2809 956 2878 καταργήσῃ
976 2809 1084 2862 τὸν
1103 2810 1170 2861 τὸ
1193 2807 1408 2876 κράτος
1425 2809 1647 2876 ἔχοντα
1666 2809 1772 2862 τοῦ
1795 2810 1974 2862 θανά-

2078 2809 2451 2871 maledictum,
2477 2823 2601 2862 cum
2636 2817 2815 2861 tamen
2848 2808 2966 2878 ipse
3020 2825 3130 2863 non
3176 2811 3502 2878 peccaverit,
3564 2811 3660 2864 sed

392 2920 526 2966 του,
543 2902 818 2956 τουτέστι
836 2903 942 2954 τὸν
961 2900 1264 2954 διάϐολον.
1290 2901 1351 2953 Ei
1373 2901 1426 2953 δὲ
1441 2899 1500 2952 οὐ
1519 2901 1586 2954 δι’
1604 2903 1816 2964 ἑαυτὸν,
1839 2903 1974 2956 ἀλλὰ

2078 2908 2300 2969 peccata
2331 2910 2385 2954 et
2400 2899 2806 2955 maledictiones
2825 2913 3038 2957 nostras
3056 2901 3168 2972 ipse
3193 2904 3394 2966 tulerit,
3438 2903 3517 2956 sic
3549 2917 3662 2955 non

393 2994 464 3045 δι’
499 2994 647 3062 ἡμᾶς
666 2990 1048 3056 inﬂuenti):
1079 2990 1227 3042 ἔστιν
1255 2990 1364 3059 ἄρα
1391 2991 1554 3053 αὐτὸς
1584 2992 1816 3061 κτίσμα,
1838 2993 1974 3046 ἀλλὰ

2080 2993 2136 3046 in
2156 2993 2337 3062 seipso
2349 3006 2540 3050 creans
2555 2993 2686 3047 dicit
2707 3012 2719 3047 :
2739 2993 2870 3047 Dom
2880 2993 3202 3064 inus_creavit
3219 3011 3319 3060 me,
3334 3010 3457 3049 cum
3480 3005 3664 3048 tamen

394 3087 501 3154 τὴν
528 3084 690 3153 ἡμῶν
725 3083 1090 3154 ἐνδυσάμενος
1139 3083 1320 3153 σάρκα
1352 3083 1526 3138 ταῦτα
1552 3083 1728 3152 λέγει.
1763 3087 1974 3157 Ὥσπερ

2084 3089 2202 3156 ipse
2230 3093 2447 3140 creatus
2478 3101 2588 3139 non
2611 3087 2705 3142 sit.

392 3179 510 3249 γὰρ
550 3177 652 3240 τὰς
699 3178 989 3240 ἀσθενείας
1021 3177 1181 3247 ἡμῶν
1215 3179 1506 3248 δεχόμενος
1570 3179 1790 3247 λέγεται
1849 3181 2014 3245 αὐτὸς
2049 3181 2322 3249 ἀσθενεῖν,
2393 3182 2572 3236 καίτοι
2640 3179 2718 3250 μὴ
2765 3178 3007 3233 ἀσθενῶν
3043 3179 3226 3246 αὐτὸς,
3261 3181 3488 3252 δύναμις
3553 3180 3664 3250 γάρ

395 3272 519 3323 ἐστι
551 3269 646 3322 τοῦ
674 3268 834 3333 Θεσῦ,
890 3268 1139 3338 ἁμαρτία
1171 3286 1231 3321 τε
1282 3269 1419 3339 ὑπὲρ
1453 3270 1612 3340 ήμῶν
1640 3272 1855 3339 γέγονε,
1908 3273 2002 3326 καὶ
2041 3274 2278 3344 κατάρα,
2349 3275 2527 3328 καίτοι
2577 3273 2653 3344 μὴ
2685 3273 3014 3343 ἁμαρτήσας
3041 3273 3226 3338 αὐτὸς,
3281 3273 3396 3326 ἀλλ’
3428 3274 3509 3327 ὃτι
3565 3275 3665 3337 τὰς

394 3362 682 3432 ἁμαρτίας
711 3361 894 3432 ἡμῶν,
924 3362 1020 3414 καὶ
1075 3361 1175 3431 τὴν
1205 3362 1455 3431 κατάραν
1489 3363 1792 3418 ἐϐάστασεν
1821 3365 1984 3430 αὑτός
2011 3382 2027 3397 ο

391 3473 498 3527 με,
532 3453 712 3506 καίτοι
741 3455 944 3522 κτίσμα
977 3453 1053 3522 μὴ
1081 3453 1156 3505 ὢν
1182 3455 1366 3517 αὑτός.

844 3547 946 3600 Ἐκ
979 3547 1088 3602 τοῦ
1111 3547 1298 3602 αὐτοῦ
1331 3554 1546 3618 Λοτου.

475 3642 542 3694 Et
571 3641 668 3710 μὲν
703 3643 769 3709 τῇ
805 3639 968 3707 φύσει
998 3639 1093 3691 καὶ
1145 3643 1208 3710 τῇ
1244 3639 1403 3710 οὐσίᾳ
1459 3640 1666 3711 κτίσμα
1721 3643 1750 3696 ό
1778 3642 1974 3712 Λόγος,

397 3737 501 3788 καὶ
538 3736 613 3803 μὴ
648 3733 883 3802 διαφορὰ
912 3727 980 3802 ἦν
1001 3731 1095 3785 τοῦ
1127 3734 1468 3802 γεννήματος
1500 3733 1640 3804 πρὸς
1666 3735 1730 3787 τὸ
1746 3734 1977 3806 κτίσμα,

397 3827 508 3880 οὐκ
543 3826 608 3878 ἂν
639 3825 889 3895 ἐπήγαγε
945 3823 1007 3875 τὸ
1055 3822 1255 3892 Γεννᾷ
1315 3841 1407 3890 με,
1459 3824 1579 3879 ἀλλ’
1625 3827 1853 3896 ἠρκεῖτο
1899 3825 1980 3896 τῷ

398 3920 670 3982 ἔκτισεν,
717 3918 793 3981 ὡς
839 3917 942 3986 τῆς
991 3917 1192 3980 λέξεως
1242 3917 1447 3986 ταύτης
1499 3919 1878 3987 σημαινούσης
1921 3920 1982 3972 τὸ

399 4011 730 4080 ἐγέννησεν·
790 4008 886 4062 νῦν
935 4009 994 4062 δὲ
1049 4010 1324 4081 εἰρηκώςο
1363 4010 1612 4064 Ἐκτισέ
1655 4027 1733 4080 με
1783 4010 1984 4080 ἀρχὴν

397 4100 566 4158 ὁδῶν
599 4101 789 4156 αὑτοῦ
817 4103 906 4167 είς
943 4101 1089 4170 ἔργα
1115 4101 1326 4169 αὐτοῦ,
1353 4103 1632 4172 ἐπήγαγεν
1662 4103 1761 4173 οὐχ
1793 4103 1982 4166 ἁπλῶς

403 4196 472 4248 τὸ
504 4193 704 4263 Γεννᾷ
721 4211 820 4265 με,
843 4194 982 4248 ἀλλὰ
1032 4193 1172 4264 μετὰ
1231 4190 1556 4265 συμπλοκῆς
1582 4195 1698 4261 τοῦ,
1733 4195 1822 4261 δὲ,
1853 4212 1981 4250 συν-

407 4287 640 4356 δέσμου,
677 4286 753 4349 ὡς
811 4285 1256 4356 ἀσφαλιζόμενος
1289 4290 1346 4340 ἐν
1377 4287 1556 4356 τούτῳ
1597 4289 1698 4355 τὴν
1760 4288 1823 4340 ἐκ
1883 4288 1978 4341 τοῦ

402 4382 617 4434 ἔκτισε
673 4380 823 4444 λέξιν
893 4381 1104 4448 λέγων·
1161 4379 1282 4448 Πρὸ
1338 4379 1405 4432 δὲ
1448 4380 1692 4433 πάντων
1741 4378 1986 4444 ,βουνῶν

405 4470 599 4543 γεννᾷ
632 4488 725 4540 με.
753 4473 824 4524 Τὸ
850 4473 960 4543 γὰρ
999 4474 1162 4543 γεννᾷ
1192 4490 1258 4541 με
1289 4471 1365 4542 τῷ
1395 4454 1985 4540 ἕκτισίσυμπεπλεγ-

407 4567 588 4636 μένως
654 4567 1070 4637 ἐπιφερόμενον,
1143 4565 1271 4634 μίαν
1341 4567 1486 4617 ποιεῖ
1567 4565 1666 4633 τὴν
1702 4565 1982 4618 διάνοιαν·

403 4660 504 4709 καὶ
533 4656 832 4722 δεὶκνυσιν,
867 4658 948 4710 ὅτι
978 4656 1041 4709 τὸ
1077 4656 1175 4726 μὲν
1205 4655 1411 4711 ἔκτισε
1467 4657 1556 4710 διά
1588 4675 1640 4709 τι
1679 4657 1891 4727 εἴρηκε,
1928 4656 1988 4709 τὸ

403 4749 466 4801 δὲ
499 4748 680 4818 γεννᾷ
703 4767 781 4818 με
806 4751 914 4819 πρὸ
939 4748 1032 4802 τοῦ
1065 4750 1310 4803 ἕκτισέν
1331 4749 1526 4803 ἐστιν.
1558 4749 1742 4820 Ωσπερ
1775 4751 1882 4820 γὰρ
1906 4750 1985 4812 εἰς

406 4841 650 4910 ἔμπαλιν
685 4842 901 4910 είρήκει
953 4841 1170 4908 Κύριος
1219 4837 1405 4908 γεννᾷ
1447 4856 1546 4906 με,
1598 4840 1692 4892 καὶ¹
1723 4839 1982 4908 ἐπέφερε,

410 4933 535 4998 Πρὸ
569 4934 638 4985 δὲ
667 4917 1182 4997 πάντων-,βουνῶν
1207 4929 1413 4985 ἕκτισέ
1439 4947 1538 5000 με,
1579 4931 1799 4993 πάντως
1855 4948 1991 5001 προ-

406 5028 604 5096 ηγεῖτο
631 5026 723 5077 τοῦ
753 5025 1050 5093 ἐγέννησε
1094 5025 1162 5078 τὸ
1199 5024 1477 5088 ἐκτισεν,
1528 5020 1700 5086 οὕτως
1747 5022 1987 5092 εἰρηκὼς

407 5119 633 5184 πρῑιτον
658 5116 924 5181 ἔκτισεν,
959 5111 1076 5169 εἶτα
1111 5113 1408 5185 ἐπαγαγών
1432 5131 1446 5146 ο
1483 5116 1600 5183 Πρὸ
1643 5114 1710 5168 δὲ
1744 5114 1989 5168 πάντων

400 5206 660 5275 βουνῶν
690 5208 874 5278 γεννᾷ
903 5226 1000 5278 με,
1052 5209 1111 5274 ἐξ
1146 5210 1394 5279 ἀνάγκης
1451 5208 1696 5260 δείκνυσι
1726 5208 1990 5276 προηγεῖ-

410 5296 542 5350 σθαι
564 5299 621 5350 τὸ
649 5302 908 5367 ἐγέννησε
941 5300 1032 5352 τοῦ
1063 5301 1270 5354 ἔκτισε.
1338 5299 1444 5353 Καὶ
1503 5298 1610 5368 γὰρ
1649 5299 1743 5352 καὶ
1773 5297 1947 5365 λέγων
1975 5313 1988 5327 ·

412 5391 538 5458 Πρό
581 5391 824 5445 πάντων
853 5391 1038 5462 γεννᾷ
1062 5409 1160 5461 με,
1191 5391 1352 5445 ἄλλον
1387 5388 1527 5444 εἶναι
1563 5389 1756 5443 ἑαυτὸν
1794 5388 1996 5466 σημαί-

409 5499 498 5536 νει
525 5484 636 5536 τῶν
664 5485 883 5538 πάντων
910 5502 924 5516 ’
953 5486 1094 5538 Ἀλλ’
1118 5487 1210 5537 ἐπὶ
1229 5485 1329 5555 μὲν
1357 5484 1461 5538 τοῦ-
1481 5484 1663 5537 ἔκτισε
1689 5487 1864 5538 κεῖται
1895 5485 1997 5552 ἁρ-

411 5575 542 5645 χὴν
587 5575 766 5638 ὁδῶν,
811 5577 903 5628 ἐπὶ
935 5563 991 5630 δὲ
1033 5577 1127 5630 τοῦ
1171 5577 1357 5646 γεννᾷ
1374 5595 1473 5646 με,
1515 5577 1578 5630 οὐ
1605 5579 1787 5630 κεῖτιι
1819 5576 1995 5647 ἀρχὴν

411 5668 587 5739 γεννᾷ
643 5683 732 5738 με,
782 5669 917 5722 ἀλλὰ
958 5671 1063 5740 πρὸ
1095 5672 1320 5725 πάντων
1372 5673 1536 5742 γεννᾷ
1571 5687 1660 5740 με.
1711 5669 1769 5722 Ὀ
1796 5670 1852 5721 δὲ
1884 5669 1991 5739 πρὸ

496 5805 512 5834 ¹
557 5802 716 5858 Joan.
752 5791 1044 5866 “.5840.
1127 5811 1172 5840 ·²
1211 5809 1370 5863 Joan.
1405 5827 1504 5874 xu,
1535 5812 1620 5864 46.
1703 5814 1718 5842 ³
1746 5811 1772 5864 ,Ι
1798 5830 1902 5865 van.
1971 5828 1974 5838 ν

2086 5828 2121 5880 ι,
2155 5813 2218 5866 37
2322 5814 2340 5844 ⁵
2375 5809 2574 5865 Ηιι.ιιι.
2619 5828 2701 5881 ιιι,
2730 5813 2780 5869 8.
2860 5816 2878 5844 ⁵
2924 5815 3089 5871 licbr.
3121 5831 3179 5882 ιι,
3220 5815 3302 5868 Η.

745 5901 1014 5962 PATRHL.
1063 5905 1177 5965 (ιιι.
1221 5905 1468 5967 CXXX.

2070 3367 2243 3432 οὕτως
2265 3369 2415 3439 ἡμᾶς
2444 3367 2504 3422 ὲν
2531 3367 2715 3438 ἑαυτῷ
2737 3367 2939 3432 κτίζων
2977 3365 3127 3436 λέγει
3155 3383 3168 3396 ·
3204 3368 3419 3437 Κύριος
3458 3357 3666 3422 ἐκτισέ

2635 3550 2718 3606 Ea:
2748 3553 2930 3606 eodem
2961 3551 3112 3608 libro.

2151 3646 2206 3701 Si
2241 3657 2434 3701 natura
2466 3657 2630 3716 atque
2659 3645 2900 3700 essentia
2933 3643 3170 3699 Verbum
3208 3655 3355 3701 esset
3400 3663 3486 3702 res
3539 3663 3668 3718 pro-

2081 3749 2284 3806 creata,
2319 3749 2372 3794 et
2406 3740 2550 3793 inter
2588 3754 2706 3794 rem
2775 3748 3120 3808 procreatam
3168 3747 3222 3792 et
3278 3737 3478 3793 Filium
3526 3741 3665 3795 nihil

2084 3829 2405 3896 interesset,
2434 3845 2546 3884 non
2577 3829 2881 3884 addidisset
2909 3828 3038 3882 illud
3078 3846 3092 3882 :
3145 3829 3320 3898 Gignit
3357 3847 3475 3896 me;
3498 3831 3592 3885 sed
3616 3843 3663 3884 ei

2083 3919 2281 3974 fuisset
2332 3919 2469 3975 satis
2491 3919 2699 3973 dixisse
2734 3934 2747 3970 :
2781 3918 2990 3974 Creavit
3057 3935 3158 3974 me.
3213 3917 3496 3989 Siquidem
3550 3924 3670 3977 haec

2086 4027 2190 4066 vox
2259 4011 2426 4066 etiam
2507 4011 2762 4081 gignendi
2820 4009 3281 4080 signiﬁcationem
3329 4013 3666 4069 contineret.

2087 4104 2245 4159 Nunc
2263 4112 2442 4158 autem
2464 4119 2586 4156 cum
2611 4103 2810 4157 dixerit
2842 4118 2856 4154 :
2887 4103 3097 4157 Creavit
3125 4119 3204 4157 me
3228 4103 3437 4158 initium
3461 4107 3670 4159 viarum

2091 4215 2314 4253 suarum
2355 4199 2424 4250 ad
2469 4214 2626 4268 opera
2648 4215 2766 4263 sua,
2801 4197 2950 4253 addit
2986 4214 2999 4250 :
3039 4197 3215 4268 Gignit
3248 4215 3347 4252 me.
3375 4199 3561 4268 Neque
3617 4200 3670 4253 id

2088 4293 2436 4362 simpliciter,
2461 4293 2556 4347 sed
2584 4291 2651 4345 ad
2681 4292 3028 4344 muniendam
3069 4307 3254 4348 vocem
3283 4293 3428 4346 illam
3455 4309 3469 4346 :
3503 4292 3672 4348 Crea-

2088 4384 2183 4449 vit,
2230 4386 2330 4437 hoc
2372 4383 2536 4437 veluti
2599 4383 2874 4436 vinculum
2917 4383 3242 4438 subnectit:
3281 4385 3416 4439 Ante
3485 4402 3668 4440 omnes

2089 4476 2247 4530 colles
2275 4477 2438 4545 gignit
2465 4491 2566 4529 me.
2617 4475 2731 4529 Hoc
2754 4477 2897 4529 enim
2934 4493 2945 4527 :
2990 4475 3169 4546 Gignit
3229 4494 3330 4540 me,
3377 4480 3501 4532 cum
3554 4479 3670 4541 illo,

2091 4569 2295 4626 Creavit
2325 4586 2425 4636 me,
2447 4571 2738 4639 conjuncte
2765 4569 3030 4637 prolatam
3062 4569 3202 4624 hanc
3239 4570 3403 4623 habet
3464 4570 3675 4642 signiti-

2090 4663 2383 4726 cationem,
2406 4671 2463 4716 ut
2499 4674 2552 4717 et
2584 4662 2816 4724 Creavit,
2844 4673 3064 4731 propter
3089 4663 3295 4732 aliquid
3318 4663 3527 4718 dictum
3578 4667 3672 4730 sit,

2090 4767 2146 4810 et
2190 4755 2391 4827 Cignit,
2421 4755 2856 4811 antecedatillud
2890 4772 2905 4809 :
2939 4755 3170 4810 Creavit.
3205 4754 3674 4820 Quemadmodum

2094 4849 2241 4902 enim
2267 4849 2310 4903 si
2343 4848 2614 4914 dixisset,
2659 4847 2835 4917 Gignit
2890 4864 2972 4900 me
3008 4863 3026 4900 :
3058 4847 3256 4902 deinde
3302 4850 3626 4920 subjecisset
3659 4871 3672 4905 ε

2093 4941 2230 4993 Ante
2269 4955 2446 4994 omnes
2474 4939 2630 4992 colles
2661 4941 2850 4992 creavit
2883 4955 2983 4992 me.
3016 4939 3445 5010 intelligeremus
3494 4946 3676 4998 omni-

2089 5047 2184 5092 no.
2215 5031 2319 5085 hoc
2353 5030 2588 5093 Creavit,
2623 5032 2724 5094 illi,
2765 5030 2966 5100 Gignit,
2992 5031 3356 5099 antecedere;
3407 5035 3486 5090 sic
3546 5050 3672 5090 cum

2091 5122 2293 5177 dixerit
2344 5122 2517 5189 prius,
2580 5120 2812 5185 Creavit,
2872 5121 3071 5176 deinde
3113 5122 3476 5190 adiunxerit:
3541 5124 3676 5177 Ante

2094 5229 2269 5266 omnes
2293 5212 2448 5266 colles
2468 5212 2631 5283 gignit
2664 5229 2764 5287 me,
2791 5213 2894 5267 hoc
2917 5213 3115 5284 Gignit,
3147 5215 3221 5268 illi
3279 5215 3488 5268 Creavit
3542 5229 3681 5282 prte-

2096 5302 2292 5357 eedere
2319 5302 2632 5356 necessario
2662 5303 3090 5374 demonstratur,
3127 5291 3262 5358 Nam
3293 5319 3416 5367 cum
3477 5302 3623 5356 dicat
3659 5319 3676 5356 :

2104 5394 2239 5448 Ante
2278 5410 2454 5448 omnes
2481 5396 2646 5465 gignit
2675 5411 2775 5459 me,
2811 5395 3083 5466 signiﬁcat
3111 5408 3170 5448 se
3198 5393 3343 5448 aliud
3377 5407 3496 5448 esse
3513 5408 3678 5463 quam

2105 5501 2295 5541 omnes
2329 5486 2457 5540 sint.
2483 5488 2686 5542 Atcum
2708 5487 2841 5542 dicit
2877 5504 2890 5540 :
2922 5485 3134 5540 Creauit
3158 5501 3259 5549 me,
3284 5483 3678 5555 subjicit:lni-

2105 5579 2466 5632 tiumviarum
2495 5596 2738 5632 suarum.
2794 5579 2948 5645 Quod
3009 5578 3085 5631 illi
3125 5577 3340 5648 :Cignit
3404 5594 3506 5644 me,
3566 5591 3681 5634 non

2101 5680 2185 5726 est
2219 5672 2554 5743 adjunctum,
2574 5672 2666 5726 sed
2694 5672 2874 5740 potius
2895 5672 3138 5728 additum
3163 5681 3280 5728 est:
3315 5672 3447 5728 Ante
3478 5686 3680 5728 omnes.

3285 5906 3354 5969 13
