4032 6288
418 372 526 436 395
625 364 628 367 ’

1657 367 2049 429 EUTHYMll
2088 369 2455 432 ZlGABENI

3549 375 3641 439 396

421 481 575 544 Quod
605 489 788 534 autem
822 490 946 534 ante
981 492 1173 533 omnes
1200 488 1440 542 est,non
1495 486 1581 533 est
1623 476 1838 533 initium
1885 490 2008 532 om-

2112 480 2331 534 πάντων
2362 479 2462 546 ὢν,
2495 481 2594 534 οὐκ
2618 477 2767 534 ἐστιν
2793 477 2937 551 ἁρχὴ
2960 479 3069 534 τῶν
3089 478 3322 545 πάντων,
3352 478 3482 534 ἀλλὰ
3496 481 3638 548 ἄλλος

425 574 576 626 nium
608 572 678 626 ita
701 581 762 626 ut
795 587 961 626 unum
993 586 1057 625 ex
1094 569 1199 624 illis
1226 569 1316 634 sit,
1368 569 1464 623 Sed
1509 570 1576 624 ab
1618 569 1877 625 omnibus
1917 569 2004 626 di-

427 682 663 721 versum.
685 665 842 731 Quod
873 666 916 718 si
945 665 1013 717 ab
1041 663 1297 717 omnibus
1314 661 1593 717 diversum
1627 670 1733 727 est,
1763 663 1820 716 in
1877 662 2004 731 qui-

429 759 532 813 bus
585 766 638 810 et
667 757 880 810 initium
941 753 1186 806 omnium
1245 753 1588 824 intelligitur,
1654 753 2002 824 perspicuum

425 861 511 906 est
533 853 602 906 ab
630 849 884 902 omnibus
909 847 1070 901 rebus
1089 845 1386 915 procreatis
1403 846 1680 901 diversum
1701 860 1844 900 esse.
1870 844 1907 899 S
1923 845 2003 900 ic-

419 953 487 997 .ut
524 943 671 996 enim
708 939 956 994 homines
976 939 1068 990 Dei
1103 938 1366 1008 Spiritum
1405 938 1758 1006 accipientes,
1798 951 1897 1008 per
1923 938 2003 1008 ip-

428 1050 547 1088 sum
569 1029 1336 1102 Spiritum[iuntfilitDei,sic
1375 1030 1468 1083 Dei
1505 1029 1741 1084 Verbum
1781 1044 2001 1084 carnem

431 1126 712 1177 hominum
734 1119 964 1173 induens
982 1129 1036 1173 et
1053 1118 1225 1172 creari
1245 1127 1298 1172 et
1319 1117 1433 1171 ﬁeri
1456 1119 1675 1173 dicitur.
1697 1119 1754 1171 in
1772 1133 1881 1187 quo
1923 1127 2002 1172 ta-

434 1230 555 1268 men
587 1213 986 1284 primogenitus
1013 1226 1043 1264 e
1074 1209 1231 1263 nobis
1252 1219 1497 1273 vocatur,
1526 1220 1578 1264 ct
1608 1219 1711 1264 est.
1744 1209 2003 1275 Quando-

420 1306 651 1376 quidem
687 1303 944 1359 omnibus
977 1301 1292 1356 hominibus
1327 1311 1550 1369 propter
1577 1300 1769 1355 Adami
1805 1316 2002 1370 pecca—

430 1413 542 1453 tum
573 1396 866 1462 damnatis,
903 1406 957 1448 et
1005 1393 1386 1464 pereuntibus,
1420 1407 1546 1446 caro
1595 1393 1764 1459 illius,
1816 1401 2003 1462 utpote

425 1489 590 1542 Verbi
620 1502 818 1555 corpus
855 1484 1067 1549 ell'ecta,
1101 1485 1274 1554 prima
1306 1498 1372 1538 ex
1402 1483 1659 1537 omnibus
1694 1465 1910 1538 servata
1947 1491 2004 1538 et

429 1581 656 1634 liberata
686 1589 789 1632 est.
827 1576 934 1630 Nos
968 1585 1148 1628 autem
1184 1575 1452 1643 deinceps
1489 1573 1566 1626 uti
1602 1573 1853 1643 corporis
1882 1574 2004 1643 ejus

429 1677 711 1727 consortes
756 1683 1059 1724 servantur.
1102 1666 1240 1721 Cum
1300 1665 1390 1720 illo
1418 1680 1656 1734 namque
1691 1679 1922 1734 corpore
1951 1673 2006 1720 et

428 1764 536 1817 dux
572 1769 760 1815 noster
798 1760 1060 1814 Dominus
1093 1758 1144 1809 in
1175 1771 1405 1826 regnum
1436 1755 1700 1809 caelorum
1727 1755 2005 1826 ingressus

427 1864 530 1918 est,
557 1860 612 1906 et
645 1851 710 1905 ad
743 1850 960 1904 Patrem
982 1863 1140 1902 suum
1173 1845 1407 1912 accedit,
1429 1843 1540 1913 Ego
1564 1860 1704 1908 sum,
1736 1844 2006 1913 inquiens,

427 1948 535 2010 via,
570 1953 616 1997 et
646 1943 863 2004 ostium,
890 1950 939 1995 et
967 1955 1060 2008 per
1093 1954 1174 1992 me
1207 1947 1410 2006 Oportet
1444 1952 1620 1990 omnes
1646 1937 1885 1991 introire.

872 2121 933 2175 In
968 2122 1206 2175 eamdem
1253 2121 1594 2175 sententiam.

495 2217 764 2286 Quoniam
800 2215 1034 2285 per’erat
1055 2213 1230 2284 prima
1288 2214 1376 2267 illa
1436 2229 1532 2283 per
1579 2214 1846 2269 Adamum
1901 2215 2009 2280 via,

427 2327 530 2367 nec
555 2309 789 2380 amplius
817 2308 871 2362 in
891 2306 1207 2378 paradisum
1225 2305 1606 2370 tendebamus,
1634 2307 1730 2360 sed
1755 2306 1823 2362 ad
1859 2321 2010 2361 mor-

427 2417 534 2460 tem
567 2403 989 2464 deﬂexeramus,
1026 2399 1514 2470 audieramusque,
1571 2402 1729 2453 Terra
1762 2415 1838 2464 es,
1880 2411 1927 2454 et
1957 2400 2011 2452 in

427 2511 623 2553 terram
685 2494 957 2550 reverteris
999 2494 1056 2560 ¹;
1125 2492 1331 2547 idcirco
1379 2491 1870 2546 clementissimum
1915 2490 2009 2546 Dei

423 2590 681 2652 Verbum,
715 2587 936 2642 volente
962 2583 1140 2646 Patre,
1173 2593 1415 2638 creatam
1448 2598 1673 2638 carnem
1705 2582 1916 2648 induit,
1952 2591 2012 2637 ut

423 2696 586 2750 quam
621 2678 830 2748 primus
863 2676 1050 2739 homo,
1094 2673 1296 2728 violata
1341 2674 1478 2745 lege,
1518 2686 1697 2728 morte
1733 2672 2008 2740 affecerat,

426 2771 646 2831 eidem,
709 2765 794 2820 sui
858 2764 1110 2834 corporis
1174 2763 1464 2834 sanguine,
1525 2763 1690 2818 vitam
1759 2764 2012 2819 redderet

423 2861 674 2930 nobisque
694 2858 836 2912 viam
870 2872 1052 2910 novam
1084 2866 1130 2909 et
1167 2856 1418 2910 viventem
1446 2873 1540 2926 per
1568 2857 1825 2921 velamen,
1847 2865 1906 2911 ut
1935 2856 2011 2911 ait

425 2958 718 3029 Apostolus
743 2957 788 3030 ξ,
840 2956 892 3010 id
943 2962 1026 3010 est
1084 2969 1180 3024 per
1229 2965 1452 3006 carnem
1492 2965 1669 3014 suam,
1701 2948 2008 3005 innovarct.

425 3051 576 3117 Quod
631 3051 773 3104 idem
835 3047 960 3102 alibi
1019 3047 1103 3100 his
1147 3045 1324 3099 verbis
1356 3042 1624 3114 significat
1661 3060 1674 3095 :
1729 3041 1787 3098 Si
1819 3060 1923 3113 qua
1953 3045 2007 3096 in

429 3147 637 3200 Christo
657 3161 788 3198 nova
818 3151 1087 3206 creatura,
1108 3149 1283 3194 vetera
1307 3139 1650 3200 transierunt,
1685 3153 1799 3191 ecce
1833 3138 2007 3191 omnia
2037 3149 2084 3212 ο

428 3251 559 3287 nova
585 3234 728 3302 facta
751 3240 871 3284 sunt
916 3231 956 3282 ³.
997 3230 1052 3283 Si
1083 3243 1249 3298 porro
1280 3243 1418 3280 nova
1447 3236 1697 3280 creatura
1729 3225 1868 3280 facta
1900 3236 2002 3290 est,

430 3340 564 3379 sane
608 3326 752 3377 inter
782 3337 953 3376 novas
995 3321 1094 3374 has
1137 3335 1224 3374 res
1254 3327 1468 3373 creatas
1505 3319 1742 3388 primum
1775 3317 2008 3386 aliquem

429 3431 552 3470 esse
604 3413 849 3484 oportuit
903 3427 917 3463 :
971 3408 1121 3478 atqui
1181 3423 1364 3461 merus
1422 3407 1585 3460 homo
1632 3406 2010 3460 tantummodo

427 3507 738 3581 terrestris,
761 3505 948 3573 quales
979 3517 1079 3556 nos
1111 3509 1232 3570 post
1259 3499 1521 3554 violatam
1549 3498 1722 3568 legem
1763 3497 1889 3552 facti
1920 3512 2011 3550 su-

434 3616 582 3666 mus,
636 3601 680 3653 is
707 3611 827 3652 esse
856 3610 967 3649 non
999 3602 1232 3662 poterat.
1287 3591 1530 3660 Namque
1561 3590 1615 3642 in
1650 3590 1823 3658 prima
1857 3603 2010 3642 crea-

431 3694 579 3748 tione
612 3687 855 3744 inlideles
887 3685 1015 3739 facti
1043 3695 1172 3738 sunt
1209 3682 1481 3744 homines,
1510 3696 1574 3734 ac
1610 3696 1706 3749 per
1736 3694 1831 3733 eos
1857 3679 2008 3748 prior
2090 3711 2097 3714 —

429 3783 515 3839 via
568 3781 752 3854 periit.
819 3777 936 3832 Alio
995 3776 1160 3846 igitur
1205 3789 1345 3844 Opus
1402 3771 1641 3841 eratqni
1683 3781 1738 3826 et
1778 3769 2010 3840 primam

435 3886 745 3940 renovaret,
792 3883 847 3930 et
879 3887 1074 3928 novam
1130 3871 1326 3924 factam
1385 3873 1764 3922 conservaret.
1823 3863 2013 3934 Itaque

441 3986 552 4026 non
604 3967 800 4038 aliquis
871 3966 1031 4030 alius,
1090 3963 1187 4018 sed
1259 3960 1523 4014 Dominus
1576 3957 1711 4011 mira
1771 3956 2016 4025 benigni—

439 4073 549 4118 tate
615 4061 948 4132 principium
1030 4072 1186 4112 nova:
1269 4063 1535 4107 creatura:
1609 4060 1825 4105 creatur
1884 4050 2010 4115 via;

439 4156 582 4210 unde
627 4155 754 4224 jure
787 4151 985 4204 merito
1014 4148 1126 4201 ait:
1174 4145 1432 4198 Dominus
1463 4142 1656 4194 creavit
1686 4158 1766 4193 me
1815 4141 2015 4208 princi-

435 4248 582 4316 pium
633 4244 842 4296 viarum
886 4253 1105 4292 suurum
1159 4237 1209 4287 in
1245 4249 1404 4300 opera
1457 4249 1551 4285 sua
1575 4230 1617 4295 ‘,
1651 4239 1712 4284 ut
1767 4245 1878 4283 non
1903 4230 2013 4297 jam

443 4334 743 4390 secundum
786 4331 1022 4399 priorem
1065 4327 1212 4379 illam
1257 4325 1405 4376 vivat
1438 4322 1623 4383 homo,
1650 4319 1744 4374 sed
1789 4328 1848 4372 ut
1874 4317 2016 4371 exsi-

445 4427 756 4496 stentejam
791 4420 1062 4493 principio
1094 4432 1250 4472 novae
1299 4423 1587 4476 creatum,
1630 4411 2014 4477 Christumque

440 4524 559 4593 ejus
589 4520 796 4573 viarum
843 4511 1174 4585 principium
1209 4510 1494 4570 habentes,
1539 4506 1716 4574 ipsum
1757 4503 2017 4571 deinceps

444 4627 737 4684 sequamur
763 4608 1033 4664 dicentem
1068 4621 1081 4657 :
1122 4602 1232 4672 Ego
1263 4616 1380 4653 sum
1410 4598 1490 4650 via
1520 4598 1566 4650 ⁵.
1589 4595 1646 4650 ld
1680 4595 1796 4664 ipse
1821 4594 2018 4648 beatus

442 4697 978 4772 (locetApostolusin
1000 4692 1243 4764 Epistola
1279 4691 1344 4743 ad
1378 4688 1754 4750 Colossenses,
1785 4684 2016 4740 dicens:

442 4797 562 4864 Ipse
613 4803 687 4845 est
759 4799 916 4858 caput
973 4785 1206 4853 corporis
1265 4779 1529 4843 Ecclesiae,
1581 4777 1670 4845 qui
1723 4783 1798 4828 est
1861 4774 2017 4843 prin-

447 4886 664 4956 cipium,
725 4879 1107 4948 primogenitus
1149 4890 1214 4928 ea:
1248 4871 1495 4932 mortuis,
1527 4877 1584 4921 ut
1615 4869 1684 4922 sit
1707 4870 1761 4920 in
1782 4865 2021 4920 omnibus

441 4979 552 5048 ipse
567 4975 856 5045 primatum
872 4981 1046 5023 tenens
1063 4964 1248 5020 '.Cum
1267 4962 1410 5016 enim
1433 4959 1679 5014 Salvator
1693 4960 1794 5013 hac
1810 4959 2022 5012 ratione

447 5065 750 5123 secundum
783 5075 1007 5116 carnem
1066 5066 1285 5111 creatus
1343 5053 1436 5116 sit,
1469 5063 1772 5119 eorumque
1801 5049 1889 5117 qui
1932 5062 2020 5100 re-

446 5168 702 5216 creantur
733 5155 910 5208 factus
955 5149 1124 5204 fuerit
1165 5145 1515 5217 principium,
1549 5158 1612 5198 ac
1642 5151 1893 5196 nostrum
1926 5137 2022 5190 ha-

442 5255 568 5308 beat
617 5247 911 5320 primitias,
967 5243 1260 5297 humanam
1317 5236 1522 5291 scilicet
1583 5247 1804 5289 carnem
1859 5245 2022 5300 quam

443 5339 734 5412 assumpsit
761 5355 776 5406 ;
807 5334 1200 5392 convenienter
1221 5337 1342 5401 post
1365 5329 1540 5397 ipsum
1561 5325 1778 5380 futurus
1799 5331 2016 5378 creatur

442 5435 694 5506 populus,
723 5431 791 5485 de
820 5442 928 5498 quo
959 5427 1033 5480 ait
1057 5422 1224 5478 David
1261 5439 1275 5475 :
1311 5419 1624 5475 Scribuntur
1651 5418 1760 5470 hac
1782 5417 1836 5468 in
1859 5429 2016 5485 gene-

445 5524 969 5587 rationemalteram,
1001 5530 1048 5573 et
1080 5517 1300 5587 papulas
1336 5515 1426 5586 qui
1459 5513 1747 5572 creabitur.
1773 5508 2014 5562 laudabit

444 5601 813 5680 Dominum’;
872 5625 926 5669 et
983 5626 1173 5666 rursus
1227 5608 1438 5680 psalmo
1485 5606 1748 5660 vicesimo
1815 5601 2013 5671 primo,

2105 574 2223 627 ἐστὶ
2241 573 2348 627 τών
2379 574 2697 628 πάντων.Εί
2722 573 2779 626 δὲ
2803 573 2961 637 ἄλλος
2985 574 3100 626 ἐστὶ
3119 572 3225 626 τῶν
3251 575 3476 639 πάντων,
3498 576 3550 628 έν
3568 570 3640 642 οἷς

2103 667 2194 720 καὶ
2219 668 2251 730 ἡ
2269 667 2412 736 ἀρχὴ
2433 667 2543 719 τῶν
2569 668 2790 721 πάντων
2813 666 3165 735 σημαίνεται,
3193 664 3366 735 δῆλον.
3395 667 3473 720 ὅτι
3495 667 3638 730 ἄλλος

2105 757 2226 810 ἐστὶ
2257 758 2365 810 τῶν
2404 758 2743 825 κτισμάτων.
2771 757 2980 829 Ὠσπερ
3007 757 3118 827 γὰρ
3145 759 3191 810 οἱ
3223 757 3494 826 ἄνθρωποι
3517 757 3642 826 λαμ-

2105 850 2364 912 ϐάνοντες
2392 850 2451 904 τὸ
2487 849 2712 920 Πνεῦμα
2747 848 2845 904 τοῦ
2872 849 3009 904 Θεοῦ
3041 851 3282 918 γίνονται
3311 849 3472 903 τέκνα
3518 851 3643 904 Θεοῦ

2103 943 2170 996 δι’
2204 943 2426 1008 ἑαυτοῦ,
2461 941 2636 1006 οὕτως
2660 942 2690 992 δ
2719 942 2894 1010 Λόγος
2930 941 3025 994 τοῦ
3049 939 3208 1004 Θεοῦ,
3264 941 3352 994 ὅτε
3382 942 3473 994 καὶ
3495 943 3643 1006 αὐτὸς

2105 1034 2392 1088 ἐνεδύσατο
2416 1033 2522 1089 τῶν
2545 1034 2850 1105 ἀνθρώπων
2877 1034 2976 1104 τὴν
3017 1033 3219 1102 σάρκα,
3273 1033 3392 1086 τότε
3440 1032 3647 1102 λέγεται

2105 1129 2198 1182 καὶ
2227 1129 2535 1194 κτίζεσθαι,
2577 1130 2673 1184 καὶ
2699 1130 3054 1200 πεποιῆσθαι.
3098 1127 3261 1182 Ἀλλὰ
3284 1129 3379 1183 καὶ
3402 1131 3456 1180 ὲν
3492 1127 3652 1198 τούτῳ

2105 1223 2454 1291 πρωτότοκος
2483 1223 2723 1291 λέγεται,
2744 1223 2840 1275 καὶ
2861 1221 3008 1276 ἔστιν
3034 1224 3065 1292 ἡ
3075 1222 3212 1292 μῶν,
3236 1221 3426 1290 ἐπειδὴ
3449 1221 3652 1274 πάντων

2103 1317 2215 1370 τὼν
2245 1315 2551 1386 ἀνθρώπων
2603 1314 2995 1384 ἀπολλυμένων
3042 1314 3185 1367 κατὰ
3213 1312 3311 1384 τὴν
3360 1311 3656 1382 παράϐασιν

2104 1410 2198 1464 τοῦ
2233 1410 2428 1480 Ἀδὰμ,
2482 1407 2676 1480 πρώτη
2708 1407 2818 1462 τῶν
2851 1407 3024 1461 ἄλλων
3065 1406 3267 1475 ἐσώθη,
3328 1404 3422 1458 καὶ
3452 1403 3656 1474 ἠλευθε-

2109 1503 2259 1575 ρώθη
2291 1503 2324 1572 ἡ
2353 1502 2563 1556 ἐκείνου
2630 1499 2791 1572 σὰρξ.
2836 1500 2914 1563 ὡς
2973 1497 3141 1552 αὑτοῦ
3176 1497 3272 1550 τοῦ
3303 1497 3479 1565 Λόγου
3510 1496 3660 1565 σῶμα

2106 1595 2425 1666 γενομένου.
2481 1593 2594 1649 Καὶ
2633 1593 2817 1647 λοιποί⁵
2871 1595 3033 1663 ἡμεῖς
3065 1591 3141 1656 ὡς
3167 1590 3448 1658 σύσσωμοι
3471 1588 3656 1656 τυγχά-

2108 1704 2292 1750 νοντες
2323 1686 2445 1741 κατ’
2465 1687 2676 1739 ἐκεῖνον
2705 1684 3019 1754 σωζόμεθα.
3037 1685 3126 1738 Ἐν
3162 1684 3358 1753 ἐκείνῳ
3375 1681 3481 1752 γὰρ
3511 1681 3657 1752 ἡμῶν

2109 1780 2204 1833 καὶ
2232 1779 2423 1848 ὁδηγὸς
2453 1777 2702 1847 ὁΚύριος
2733 1777 2813 1838 είς
2839 1775 2938 1846 τὴν
2974 1774 3259 1844 βασιλείαν
3289 1773 3396 1826 τῶν
3413 1771 3662 1840 οὐρανῶν,

2113 1872 2209 1925 καὶ⁵
2233 1871 2371 1942 πρὸς
2401 1860 2495 1923 ⁸ιῖὸν
2523 1869 2722 1924 ἑαυτοῦ
2753 1868 2976 1940 Πατέρα
3005 1868 3241 1936 γίνεται,
3274 1866 3449 1932 λέγων
3476 1881 3492 1898 θ
3529 1863 3666 1933 Ἐγώ

2113 1964 2229 2031 ειμι
2252 1963 2290 2030 ἡ
2319 1961 2480 2030 ὀδθς,
2527 1961 2627 2016 καὶ
2661 1961 2834 2031 θύρα,
2859 1960 2957 2015 καὶ
3003 1959 3080 2014 δι’
3124 1957 3276 2029 ἐμοῦ
3322 1956 3418 2012 δεῖ
3450 1953 3664 2026 πάντας

2111 2050 2434 2109 εἰσελθεῖν.

2597 2147 2700 2214 Είς
2723 2145 2792 2200 τὸ
2809 2145 2958 2202 αὐτὸ
2973 2144 3184 2214 ῥητόν.

2195 2242 2526 2314 Ἐπειδήπτρ
2556 2243 2588 2312 ἡ
2624 2239 2815 2312 πρώτη
2865 2239 2981 2302 ὁδὸς
3005 2240 3038 2308 ἠ
3073 2238 3163 2292 διὰ
3189 2236 3288 2290 τοῦ
3323 2235 3495 2306 mea
3526 2233 3673 2288 ἀπώ-

2112 2335 2254 2399 λετο,
2292 2335 2387 2388 καὶ
2420 2335 2544 2389 ἀντὶ
2571 2334 2664 2387 τοῦ
2724 2332 3057 2403 παραδείσου
3092 2329 3458 2399 ἑξεκλίναμεν
3488 2330 3566 2390 είς
3587 2327 3672 2381 τὸν

2113 2430 2364 2492 θάνατον,
2393 2426 2709 2498 ἠκούσαμέν
2736 2443 2818 2488 τε,
2839 2424 2928 2493 Γῆ
2957 2423 3030 2487 εἷ,
3057 2424 3266 2488 παίεις
3286 2421 3406 2494 γῆν
3423 2421 3672 2477 ἀπελεύ-

2112 2537 2216 2589 σῃ,
2247 2519 2336 2574 διὰ
2365 2520 2525 2572 τοῦτο
2550 2521 2577 2571 ὀ
2605 2516 2991 2587 φιλάνθρωπος
3034 2515 3128 2569 τοῦ
3159 2514 3302 2568 Θεοῦ
3346 2514 3518 2582 Λόγος
3557 2511 3673 2581 βου-

2111 2615 2266 2684 λήσει
2321 2613 2416 2666 τοῦ
2482 2611 2696 2682 Πατρὺς
2767 2610 3138 2664 ὲνδιδύσκεται
3199 2608 3299 2678 τὴν
3367 2606 3672 2659 κτισθεῖσαν

2114 2707 2314 2776 σάρκα,
2355 2705 2438 2758 ἵνα
2469 2706 2535 2775 ἢν
2558 2705 2861 2774 ὲνέκρωσεν
2905 2704 2932 2755 ὁ
2990 2701 3237 2764 τοιοῦτος
3283 2699 3570 2770 ἄνθρωπος
3594 2695 3676 2748 διὰ

2109 2801 2210 2873 τῆς
2242 2799 2633 2869 παραϐάσεως,
2671 2796 2874 2867 ταύτην
2905 2796 3070 2858 αὐτὸς
3101 2797 3159 2848 ὲν
3184 2795 3267 2863 τῷ
3333 2793 3530 2862 αἵματι
3589 2785 3675 2840 τοῦ

2116 2896 2249 2949 ίδίου
2273 2893 2526 2964 σώματος
2557 2891 2890 2962 ζωοποιήσῃ,
2919 2891 3013 2942 καὶ
3065 2889 3362 2960 ἐγκαινίσῃ
3402 2886 3535 2956 ἡμῖν
3563 2882 3675 2936 ὁδὸν

2115 2988 2428 3062 πρόσφατον
2450 2985 2545 3038 καὶ
2577 2983 2780 3047 ζῶσαν,
2810 2982 2886 3044 ὼς
2914 2981 3138 3052 εἴρηκεν
3160 2980 3189 3032 δ
3227 2976 3574 3041 Ἀπόστολος,
3592 2972 3676 3026 διὰ

2113 3082 2206 3135 τοῦ
2235 3077 2756 3147 καταπετάσματος,
2790 3073 3036 3127 τουτέστι
3075 3071 3162 3124 διὰ
3208 3072 3315 3142 τῆς
3353 3069 3554 3141 σαρκὸς
3582 3067 3680 3122 αὐ-

2115 3175 2232 3241 τοῦ,
2259 3176 2398 3246 ὅπερ
2425 3173 2518 3226 καὶ
2543 3172 2600 3224 ἐν
2630 3168 2804 3238 ἑτέρῳ
2828 3165 3108 3236 σημαίνων
3123 3165 3316 3234 φησὶν,
3344 3163 3510 3215 Ὥστε
3538 3159 3682 3220 εἴτις

2111 3271 2167 3322 ὲν
2189 3266 2410 3338 Χριστῷ
2445 3263 2606 3334 καινὴ
2636 3262 2833 3323 κτίσις,
2883 3259 2952 3312 τὰ
2980 3257 3181 3328 ἀρχαῖα
3240 3253 3547 3328 παρῆλθεν,
3581 3251 3686 3306 ἰδοὺ

2111 3366 2307 3431 γέγονε
2342 3361 2412 3414 τὰ
2446 3341 2626 3411 πάντα
2681 3353 2865 3409 καινά.
2910 3353 2973 3405 El
3006 3350 3062 3403 δὲ
3089 3349 3252 3419 καινὴ
3323 3347 3506 3409 κτίσις
3539 3343 3690 3412 γέγο-

2112 3473 2223 3518 νεν,
2266 3452 2377 3506 ἔδει
2412 3450 2620 3519 ταύτης
2649 3449 2746 3518 τῆς
2778 3446 3008 3508 κτίσεως
3036 3441 3262 3513 πρῶτόν
3332 3457 3459 3493 τινα
3527 3431 3689 3490 εἷναι.

2118 3543 2438 3616 Ἀνθρωπος
2468 3538 2568 3611 μὲν
2617 3533 2713 3592 οὖν
2771 3534 2930 3606 ψιλὸς
2985 3534 3078 3586 καὶ⁵
3144 3534 3312 3603 μόνον
3347 3528 3553 3602 χοῖκὺς,
3592 3520 3727 3580 οἷοι.

2115 3636 2418 3706 γεγόναμεν
2453 3633 2617 3703 ἡμεῖς
2651 3631 2716 3682 ὲκ
2760 3627 2860 3696 τῆς
2881 3624 3279 3696 παραϐάσεως,
3317 3622 3424 3675 ούκ
3458 3620 3691 3691 ἠδύνατο

2114 3726 2276 3785 εἶναι.
2311 3727 2420 3782 Καὶ
2445 3726 2554 3795 γὰρ
2595 3726 2652 3778 ὲν
2681 3725 2748 3794 τῇ
2781 3724 2974 3792 πρώτῃ
2998 3719 3175 3772 κτίσει
3206 3719 3441 3771 ἄπιστοι
3463 3711 3693 3782 γεγόνα-

2117 3843 2201 3877 σιν
2227 3825 2274 3876 οἱ
2298 3822 2597 3890 ἄνθρωποι,
2644 3817 2740 3870 καὶ
2781 3815 2851 3868 δι’
2909 3810 3088 3866 αὐτῶν
3125 3810 3388 3866 ἀπώλετο
3428 3809 3464 3879 ή
3493 3806 3687 3874 πρώτη

2113 3922 2148 3991 ἡ
2181 3918 2320 3980 ὁδός.
2357 3913 2532 3984 Χρεία
2564 3912 2621 3966 δὲ
2683 3905 2752 3980 ἦν
2811 3907 2976 3962 ἄλλου
3043 3901 3138 3958 τοῦ
3170 3901 3544 3962 ἁνανεοῦντος
3584 3897 3682 3966 τὴν

2118 4011 2368 4082 πρώτην,
2410 4009 2506 4060 καὶ
2555 4005 2656 4074 τὴν
2691 4001 2884 4068 καινὴν
2939 3997 3239 4067 γενομένην
3286 3990 3698 4063 διατηροῦντος.

2117 4079 2326 4160 Obston
2401 4101 2504 4168 οὐχ
2569 4095 2758 4166 ἕτερός
2815 4109 2942 4156 τις.
3005 4089 3119 4144 ἀλλ’
3185 4089 3216 4140 ὁ
3275 4087 3496 4156 Κύριος
3553 4079 3697 4151 ἁρχὴ

2116 4198 2214 4268 τῆς
2256 4193 2451 4262 καινῆς
2498 4191 2726 4250 κτίσεως
2789 4185 3055 4249 κτίζεται,
3103 4183 3199 4235 καὶ
3247 4181 3400 4243 ὁδός.
3459 4177 3572 4230 Καὶ
3625 4176 3702 4226 εἰσ

2117 4264 2294 4352 κύτως
2345 4288 2495 4354 λέγει
2533 4301 2549 4315 ·
2604 4284 2820 4350 Κύριος
2881 4276 3086 4332 ἐκτισέ
3136 4290 3216 4344 με
3277 4271 3492 4341 ἀρχὴν
3552 4264 3707 4322 ὁδῶν

2117 4385 2326 4446 αὐτοῦ,
2376 4384 2465 4434 ῖνα
2494 4379 2568 4448 μὴ
2607 4379 2748 4431 κατὰ
2800 4373 2895 4443 τὴν
2956 4369 3180 4442 πρώτην
3241 4368 3478 4436 ἐκείνην
3535 4366 3565 4418 ὁ
3617 4361 3711 4416 ἇν-

2050 4479 2338 4548 υθρωπος
2394 4471 2766 4540 πολιτεύηται,
2820 4464 2938 4520 ἀλλ’
2985 4465 3063 4527 ὡς
3107 4462 3290 4532 ἀρχῆς
3350 4458 3532 4526 οὔσης
3585 4471 3708 4548 και-

2118 4571 2218 4640 νῆς
2272 4568 2528 4628 κτίσεως.
2602 4563 2713 4617 Καὶ
2777 4560 2872 4612 τδν
2937 4555 3174 4626 Χριστὸν
3233 4554 3468 4622 ἔχοντες
3537 4547 3714 4618 ἀρχὴν

2119 4637 2276 4727 ὁδῶν,
2326 4661 2499 4731 τούτῳ
2550 4657 2738 4710 λοιπὸν
2784 4649 3187 4718 ἁκολουθοῦμεν
3233 4647 3467 4716 λέγοντι
3503 4659 3520 4674 ·
3573 4637 3714 4707 Ἐγὼ

2120 4761 2234 4829 ειμι
2279 4758 2313 4826 ἡ
2353 4755 2486 4816 ὁδός.
2522 4749 2693 4804 Τοῦτο
2722 4747 2831 4818 γὰρ
2872 4746 2968 4797 καὶ
3003 4743 3031 4793 ὁ
3062 4740 3342 4811 μακάριος
3383 4733 3716 4792 Ἀπόστολος

2121 4823 2385 4906 διδάσκων
2438 4847 2498 4898 έν
2549 4843 2614 4910 τῇ
2662 4839 2797 4911 πρὸς
2850 4833 3180 4893 Κολοσσαεῖς
3231 4829 3432 4897 ἔλεγεν
3470 4845 3489 4861 ο
3525 4823 3717 4886 Αὐτός

2119 4946 2291 4998 ἐστιν
2314 4941 2350 5007 ἡ
2379 4935 2614 5006 κεφαλὴ
2639 4932 2743 4987 τοῦ
2771 4929 3044 4998 σώματος
3068 4922 3176 4992 τῆς
3206 4921 3630 4988 Ἐκκλησῐας,
3655 4914 3719 4980 ὅς

2120 5040 2292 5092 ἐστιν
2324 5033 2480 5102 ἁρχὴ
2515 5029 2888 5098 πρωτότοκος
2915 5025 2983 5076 ἐκ
3017 5021 3136 5074 τῶν
3165 5016 3434 5086 νεκρῶν,
3472 5017 3578 5069 ἵνα
3614 5010 3720 5102 τέ-

2120 5145 2298 5199 νηται
2325 5101 2394 5180 ἐκ
2425 5125 2614 5179 πᾶσιν
2643 5119 2821 5182 αὐτὸς
2856 5115 3191 5184 πρωτεύων.
3229 5110 3345 5162 Τοῦ
3386 5108 3504 5178 γὰρ
3536 5101 3718 5170 Σωτῆ.

2123 5240 2216 5293 ρος
2265 5219 2409 5274 οὕτω
2460 5216 2600 5270 κατὰ
2653 5214 2833 5282 σάρκα
2873 5207 3208 5269 κτισθέντες,
3261 5204 3368 5254 καὶ
3411 5199 3596 5269 ἀρχῆς
3632 5210 3722 5262 γε·

2127 5316 2358 5386 νομένου
2399 5311 2508 5364 τῶν
2543 5303 3003 5373 ἀνακτιζομένων,
3040 5301 3136 5353 καὶ
3165 5297 3396 5365 ἔχοντος
3435 5294 3601 5366 ἡμῶν
3628 5289 3724 5357 τὴν

2124 5383 2402 5475 ἀπαρχὴν,
2446 5401 2512 5473 ἣν
2558 5395 2891 5470 προσέλαϐεν
2934 5390 3284 5462 ἀνθρωπίνην
3330 5387 3556 5454 σάρκα,
3593 5383 3724 5433 dxe-

2123 5498 2328 5560 λούθως
2379 5494 2498 5564 μετ’
2550 5492 2733 5555 αὑτὸν,
2791 5487 2884 5541 καὶ
2923 5488 2951 5538 ὁ
2999 5484 3206 5554 μέλλων
3256 5479 3396 5542 λαὸς
3453 5476 3725 5540 κτίζεται.

2124 5595 2374 5660 λέγοντος
2423 5585 2515 5640 τοῦ
2564 5582 2766 5637 Δαϐίδ·
2803 5579 3096 5648 Γραφήτω
3148 5574 3302 5639 αὕτη
3360 5575 3454 5636 εὶς
3508 5567 3728 5639 γενεὰν

508 5774 522 5802 ⁸
566 5775 761 5823 lienes.
795 5785 877 5829 ιιι,
911 5765 995 5818 19.
1074 5768 1093 5796 ³
1137 5763 1298 5816 Hebr.
1359 5780 1408 5824 κ,
1445 5761 1533 5814 εο.
1615 5757 1706 5811 ³11
1745 5756 1870 5811 Cor.
1908 5758 2007 5820 v.1

2151 5758 2170 5788 ⁸
2207 5754 2360 5807 Prov.
2395 5746 2628 5812 “H.212.
2706 5745 2725 5775 ⁵
2757 5743 2919 5797 Joan.
2955 5757 3061 5803 xrv,
3089 5739 3140 5791 6.
3222 5734 3242 5764 ‘
3278 5735 3506 5788 (Ioloss.
3558 5745 3598 5795 ι,
3635 5726 3723 5779 l8.

445 5843 464 5873 ν
502 5839 644 5896 Psal.
677 5853 747 5898 Cl,
785 5838 868 5888 19.
