4102 6298
371 359 479 424 3G7

1339 372 1712 434 PANOPLIA
1751 376 2210 440 DUGMATICA.
2241 405 2309 416 -
2350 381 2498 444 TI'l'.
2531 385 2641 446 ΧΙ.

3515 399 3618 457 3.8

368 474 622 544 ἑτέραν,
662 476 759 570 καί
791 479 940 545 λαὸς
976 482 1009 534 ό
1048 479 1386 551 κτιζόμενος
1422 486 1647 541 air-east
1686 488 1793 542 τὸν
1827 491 1941 544 Κύ-

2063 492 2456 550 lnnuntiabitur
2490 497 2709 552 Domino
2738 504 3006 570 generatio
3045 512 3288 569 ventura,
3321 516 3370 558 et
3407 524 3621 562 eumm-

359 583 522 636 ριον.
585 569 696 622 Καὶ
728 569 890 624 πάλιν
919 573 979 626 ιν
1029 573 1108 644 τῷ
1129 582 1212 628 κα⁹
1266 577 1503 648 ψαλμῷ,
1555 581 1952 652 Ἀναγγελήσε-

365 674 460 712 ται
498 658 578 728 τῷ
609 661 798 731 Κυρίῳ
835 664 998 730 γενεὰ
1037 664 1074 734 ἡ
1107 666 1413 738 ἐρχομένη,
1455 669 1550 722 καὶ
1587 671 1950 739 ἀναγγελοῦσι

366 749 474 820 τὴν
533 750 882 824 δικαιοσύνην
931 757 1098 811 αὐτοῦ
1147 759 1259 828 λαῷ
1309 763 1388 829 τῷ
1438 763 1846 834 τεχθησομένῳ,
1892 767 1952 818 ὂν

367 841 628 912 ἐποίησεν
660 845 688 896 6
723 844 946 913 Κύριος.
973 849 1087 902 Οὐκ
1121 849 1200 903 ἔτι
1239 851 1347 925 γὰρ
1364 854 1709 923 ἀκουσόμεθα
1735 872 1754 889 ο
1792 850 1872 929 ¹ᾙ
1899 857 1954 910 δ’

369 937 449 989 ἂν
495 940 686 1008 ἡμέρᾳ
723 941 1001 1011 φάγησθε
1042 946 1145 1000 ἀπ’
1191 949 1402 1016 αὐτοῦ,
1449 952 1682 1020 θανάτῳ
1731 954 1956 1009 ἀποθα-

368 1029 576 1083 νεῖσθε
603 1048 618 1062 ·
656 1033 774 1084 ἀλλ’
802 1034 996 1089 Ὅπου
1034 1037 1151 1106 εἶμί
1185 1039 1302 1109 ἐγὼ
1324 1079 1338 1104 ,
1376 1043 1474 1096 καὶ
1509 1044 1679 1112 ὑμεῖς
1712 1046 1950 1100 ἔσεσθε.

375 1119 543 1174 Ὥστε
573 1122 752 1190 λέγειν
777 1125 944 1194 ἡμᾶς,
963 1129 1132 1182 Αὑτοῦ
1155 1132 1264 1202 γάρ
1287 1135 1452 1203 ἐσμεν
1471 1136 1594 1206 ποίη
1607 1153 1680 1206 μα
1706 1135 1952 1190 κτισθέν·

284 1283 290 1288 δ
375 1227 470 1275 τες
504 1212 596 1265 ὑπ’
621 1215 784 1268 αὑτοῦ
813 1217 906 1270 ἐπὶ
926 1217 1111 1289 ἔργοις
1133 1223 1380 1288 ἀγαθοῖς.
1414 1226 1581 1279 Πάλιν
1605 1227 1864 1297 δὲέπειδὴ
1893 1227 1954 1282 τὸ

284 1341 288 1344 .
378 1302 543 1372 ἔργον
574 1303 668 1357 τοῦ
701 1306 861 1370 Θεοῦ,
894 1311 1172 1366 τουτέστιν
1202 1315 1230 1364 6
1275 1315 1560 1381 ἄνθρωπος
1598 1318 1803 1382 τέλειος
1833 1335 1954 1371 κτι-

377 1396 547 1459 σθεὶς,
582 1397 807 1468 ἐλλιπὴς
837 1400 1027 1468 γέγονε
1060 1403 1148 1457 διὰ
1180 1407 1279 1476 τῆς
1311 1408 1667 1476 παραϐάσεως
1687 1448 1702 1472 ,
1734 1410 1827 1464 καὶ
1858 1409 1951 1476 γέ.

372 1503 501 1553 γονε
557 1491 623 1558 τῇ
678 1489 924 1563 ἁμαρτίᾳ
981 1496 1192 1563 νεκρὸς,
1247 1499 1493 1568 ἀπρεπὲς
1543 1500 1601 1554 δὲ
1652 1496 1721 1571 ἦν
1773 1502 1954 1570 μένειν

373 1579 437 1630 τὸ
467 1578 630 1649 ἔργον
665 1583 759 1634 τοῦ
796 1583 930 1638 Θεοῦ
960 1587 1170 1652 ἀτελὲς,
1203 1589 1284 1642 διὸ
1311 1592 1405 1643 καὶ
1436 1592 1641 1646 ἐδέοντο
1670 1594 1868 1658 πάντες
1902 1595 1952 1647 oi

377 1672 530 1739 ἅγιοι
584 1675 715 1744 περὶ
767 1675 957 1731 τούτου
1018 1679 1266 1746 λέγοντες
1316 1685 1372 1735 ἐν
1429 1684 1508 1754 τῷ
1570 1686 1677 1753 ρλζ¹
1707 1685 1906 1758 ψαλμῷ
1937 1704 1950 1718 ·

2058 587 2268 641 tiabunt
2324 589 2589 654 iustitiam
2631 592 2745 661 ejus
2793 594 2984 662 populo
3030 596 3119 666 qui
3147 609 3409 661 nascetur,
3468 615 3624 669 quem

2055 678 2176 746 fecit
2207 678 2462 732 Dominus
2493 680 2534 736 ί.
2598 679 2712 736 Nec
2769 685 2910 735 enim
2940 685 3172 753 amplius
3229 687 3462 741 audituri
3527 703 3622 743 su-

2057 783 2174 821 mus
2207 785 2224 815 2
2259 768 2580 842 Quacunque
2605 773 2689 826 die
2721 775 3045 828 romederitis
3078 793 3140 830 ea:
3184 794 3264 842 eo,
3297 788 3462 831 morte
3512 797 3624 833 mo-

2054 862 2266 914 riemini
2290 862 2310 891 ¹
2345 880 2358 928 ;
2396 863 2511 928 sed,
2563 864 2657 918 Ubi
2703 881 2815 917 sum
2841 883 2953 936 ego,
2999 876 3046 920 et
3081 884 3167 921 vos
3201 871 3345 922 eritis
3375 870 3434 925 ':
3483 871 3620 925 adeo

2053 960 2116 1006 ut
2158 953 2267 1023 jam
2299 955 2482 1011 dicere
2535 957 2694 1012 liceat
2729 975 2744 1015 :
2784 958 2956 1028 Ipsius
3008 961 3145 1013 enim
3178 962 3387 1032 factura
3419 980 3621 1030 sumus,

2055 1047 2222 1101 creati
2292 1049 2347 1100 in
2405 1049 2642 1117 operibus
2693 1051 2841 1104 bonis
2873 1051 2920 1104 ⁸.
2995 1051 3269 1108 Praeterea
3334 1062 3622 1124 postquam

2054 1153 2192 1208 opus
2222 1138 2337 1206 Dei,
2371 1140 2422 1195 id
2473 1151 2557 1196 est
2581 1141 2764 1208 homo,
2799 1142 3072 1212 perfectus
3119 1154 3356 1210 creatus,
3415 1161 3621 1214 praeva-

2057 1229 2321 1285 ricatione
2349 1231 2507 1301 inops
2537 1232 2768 1286 eﬂ'ectus
2807 1239 2911 1293 est,
2971 1241 3026 1287 et
3063 1242 3291 1303 peccato
3331 1244 3620 1297 mortuus;

2056 1333 2181 1374 cum
2209 1321 2341 1375 item
2390 1321 2680 1377 dedeceret
2705 1337 2843 1394 opus
2893 1322 2986 1378 Dei
3017 1304 3398 1393 imperfectum
3449 1339 3627 1377 remn-

2059 1425 2214 1476 nere,
2264 1413 2410 1468 unde
2437 1413 2496 1467 (tt
2530 1423 2590 1468 ut
2632 1429 2825 1468 omnes
2856 1414 3028 1469 sancti
3084 1415 3294 1484 psalmo
3324 1416 3625 1470 centesimo
3695 1484 3703 1492 _

2057 1506 2334 1578 trigesimo
2377 1510 2610 1579 septimo
2655 1510 2822 1564 Deum
2878 1511 2977 1563 hac
3033 1509 3100 1563 de
3153 1523 3213 1562 re
3266 1508 3338 1561 ita
3395 1522 3625 1576 precen—

2059 1605 2167 1663 tur,
2217 1598 2462 1664 Domine,
2525 1600 2774 1654 retribues
2830 1615 2924 1668 pro
2977 1614 3060 1652 me
3122 1613 3141 1662 ;
3186 1598 3427 1661 Domine,
3466 1613 3626 1665 opera

2055 1706 2310 1744 manuum
2372 1699 2585 1745 tuarum
2641 1707 2704 1745 ne
2754 1691 3012 1761 despicias
3059 1691 3080 1722 '
3143 1707 3159 1744 :
3231 1690 3438 1744 idcirco
3503 1704 3632 1758 per-

371 1763 572 1830 Κύριε,
605 1766 677 1818 τὰ
705 1766 849 1837 ἔργα
881 1768 1000 1822 τῶν
1029 1774 1242 1840 χειρῶν
1268 1791 1385 1829 σου
1414 1776 1499 1844 μὴ
1533 1777 1789 1846 παρίδῃς
1809 1820 1824 1844 ,
1863 1779 1952 1833 διὰ

2063 1779 2260 1833 fectum
2296 1779 2387 1833 Dei
2447 1781 2711 1846 Verbum,
2742 1796 2940 1846 corpus
2995 1780 3374 1849 imperfectum
3410 1779 3630 1842 induit;

369 1853 535 1906 τοῦτο
561 1856 587 1907 6
616 1853 820 1918 τέλειος
849 1857 942 1910 τοῦ
981 1859 1116 1913 Θεοῦ
1157 1863 1326 1929 Λόγος
1364 1865 1424 1916 τὸ
1456 1866 1642 1928 ἀτελὲς
1677 1845 1951 1938 περιτεθει-

2063 1877 2217 1939 atque
2249 1871 2302 1924 in
2335 1887 2501 1941 opera
2557 1871 2732 1927 creari
2768 1845 2989 1936 dicitur,
3032 1845 3088 1924 ut
3120 1885 3218 1940 pro
3255 1870 3414 1924 nobis
3447 1869 3634 1925 debito

370 1961 466 1997 ται
502 1945 680 2016 σῶμα,
726 1949 819 2002 καὶ
848 1949 1064 2016 λέγεται
1096 1954 1174 2015 είς
1211 1955 1277 2008 τὰ
1320 1957 1456 2025 ἔργα
1500 1957 1819 2025 κτίξεσθαι,
1866 1960 1952 2014 ἵνα

375 2035 501 2088 ἀνθ’
536 2037 693 2104 ἡμῶν
723 2039 822 2110 τὴν
854 2041 1071 2112 ὀφειλὴν
1098 2044 1327 2108 ἀποδοὺς
1367 2049 1432 2101 τὰ
1462 2047 1717 2104 λείποντα
1751 2051 1829 2120 τῷ
1858 2054 1953 2105 ἀνι

375 2126 584 2195 θρώπῳ
612 2126 680 2179 δι’
712 2128 907 2182 ἑαυτοῦ
937 2131 1198 2203 τελειώσῃ
1220 2173 1234 2194 ,
1275 2133 1454 2188 ἔλειπε
1488 2137 1544 2190 δὲ
1585 2137 1729 2209 αὑτῷ
1763 2140 1793 2210 ή
1825 2140 1956 2193 ἀθα-

374 2217 564 2280 νασία,
601 2221 692 2271 καὶ
721 2220 752 2288 ή
785 2219 865 2283 είς
894 2220 985 2274 τὸν
1020 2223 1346 2293 παράδεισον
1373 2225 1506 2288 ὁδός.
1529 2227 1635 2280 Καὶ
1664 2228 1821 2282 τοῦτό
1841 2232 1957 2284 ἐστι

381 2308 445 2358 τὸ
486 2309 775 2378 λεγόμενον
824 2311 974 2383 παρὰ
1022 2313 1114 2366 τοῦ
1159 2315 1412 2386 Σωτῆρος
1443 2332 1460 2351 ο
1490 2318 1556 2370 Τὸ
1612 2319 1788 2388 ἔργον
1838 2321 1960 2374 ἐτε-

388 2399 645 2466 λείωσα,
675 2401 707 2454 ὃ
739 2400 1008 2470 δέδωκάς
1030 2423 1133 2474 μοι
1154 2448 1168 2472 ,
1198 2408 1299 2460 ἵνα
1333 2407 1584 2474 ποιήσω.
1619 2411 1726 2464 Καὶ
1760 2413 1920 2466 πάλιν
1940 2430 1954 2444 ο

388 2490 468 2543 Τὰ
495 2491 654 2560 ἔργα,
701 2492 740 2547 d
783 2493 1008 2550 δέδωκέ
1053 2515 1160 2567 μοι
1197 2501 1230 2553 ό
1270 2501 1496 2567 Πατὴρ,
1528 2502 1630 2554 ἵνα
1665 2503 1960 2556 τελειώσω

383 2583 562 2649 αὐτὰ,
599 2585 785 2639 ταῦτα
813 2588 885 2642 τὰ
913 2588 1058 2658 ἔργα
1098 2589 1136 2643 ἁ
1167 2589 1281 2660 ἐγὼ
1312 2591 1480 2657 ποιῶ,
1509 2594 1802 2664 μαρτυρεῖ
1823 2598 1956 2664 περὶ

376 2674 554 2741 ἐμοῦ.
592 2677 653 2727 ’Δ
689 2676 746 2728 δὲ
778 2677 925 2746 λέγει
962 2678 1197 2733 ἐνταῦθα
1229 2679 1366 2750 ἔργα
1397 2682 1686 2738 δεδωκέναι
1724 2685 1815 2738 τὸν
1844 2687 1960 2739 Ila-

376 2765 514 2834 τέρα
547 2767 628 2830 είς
650 2767 947 2835 τελείωσιν,
969 2769 1144 2824 ταῦτα
1169 2772 1314 2826 ἐστιν
1341 2775 1418 2837 εἰς
1440 2773 1474 2828 ἃ
1499 2775 1757 2840 κτίζεται,
1789 2776 1962 2846 λέγων

377 2858 436 2908 ἐν
468 2859 980 2929 ταεςίἶαροιμίαιςο
1011 2860 1228 2931 Κύριος
1257 2863 1462 2919 ἔκτισέ
1481 2883 1558 2935 με
1584 2867 1780 2936 ἀρχὴν
1809 2869 1964 2924 ὁδῶν

377 2949 573 3002 αὐτοῦ
593 2991 604 3012 ,
637 2952 724 3017 είς
751 2952 895 3022 ἔργα
933 2954 1142 3009 αὐτοῦ.
1177 2957 1320 3009 Ἴσον
1351 2959 1457 3028 γάρ
1487 2961 1664 3024 ἐστιν,
1695 2961 1741 3013 εί
1773 2957 1959 3014 εἶπενο

384 3041 600 3094 Ἔδωκέ
634 3060 723 3111 μοι
753 3045 782 3096 6
814 3045 1001 3116 Πατὴρ
1031 3048 1100 3100 τὰ
1129 3047 1265 3118 ἔργα
1293 3051 1374 3110 είς
1403 3050 1461 3104 τὸ
1489 3051 1793 3106 τελειῶσαι.
1827 3054 1962 3107 Τότε

378 3136 494 3204 γὰρ
532 3135 618 3188 διὰ
647 3137 706 3188 τὸ
748 3137 1081 3209 γεγενῆσθαι
1117 3139 1205 3193 διὰ
1243 3142 1341 3211 τῆς
1381 3142 1741 3212 παραϐάσεως
1796 3147 1960 3218 ἀτελῆ

382 3229 482 3282 καὶ
511 3228 663 3298 χωλά
690 3230 758 3282 τὰ
785 3229 942 3299 ἔργα,
973 3232 1188 3299 λέγεται
1219 3235 1566 3300 σωματικῶς,
1597 3235 1678 3289 ὅτι
1697 3236 1959 3302 κτίζεται,

384 3320 478 3373 ἵνα
519 3319 812 3386 τελειώσας
852 3323 1023 3388 αὐτὰ,
1055 3327 1150 3376 καὶ
1182 3323 1452 3398 ὁλόκληρα
1486 3328 1751 3397 ποιήσας,
1785 3345 1962 3398 παρα-

384 3411 568 3484 στήσῃ
598 3413 675 3481 τῷ
711 3413 884 3485 “arpi.
914 3415 1013 3484 τὴν
1059 3413 1387 3486 Ἐκκλησίαν
1406 3457 1421 3480 ,
1452 3418 1526 3480 ὡς
1555 3415 1706 3472 εἶπεν
1731 3421 1759 3472 6
1805 3419 1964 3472 Ἀπό-

381 3503 594 3563 στολος,
623 3501 697 3574 μὴ
718 3503 916 3574 ἔχουσα
932 3507 1138 3572 σπῖλον,
1162 3510 1192 3576 ἢ
1221 3509 1408 3578 ῥυτίδα
1431 3510 1464 3581 ἦ
1487 3527 1536 3562 τι
1555 3509 1662 3562 τῶν
1683 3511 1960 3578 τοιούτων,

383 3593 507 3646 ἀλλ’
529 3595 612 3646 ἵνα
691 3597 820 3663 ἁγία
841 3599 932 3651 καὶ
957 3598 1206 3669 ἄμωμος.
1232 3601 1587 3655 Τετελείωται
1609 3600 1701 3656 οὖν
1721 3607 1777 3656 ἐν
1793 3605 1961 3674 αὐτῷ,

383 3687 483 3740 καὶ
526 3689 943 3762 ἀποκατεστάθη
984 3691 1172 3763 ὥσπερ
1219 3689 1303 3764 ἦν,
1337 3698 1430 3746 καὶ
1473 3696 1613 3748 κατά
1652 3696 1750 3767 τὴν
1791 3697 1964 3767 ἀρχὴν

382 3782 615 3848 γεγονὸς
660 3782 720 3835 τὸ
775 3783 1116 3854 ἀνθρώπινον
1155 3787 1331 3852 γένος,
1381 3787 1476 3841 καὶ
1519 3787 1715 3877 μεῖζον
1767 3789 1966 3857 μᾶλλον

389 3874 601 3945 χάριτι.
639 3876 1000 3941 Ἀναστάντες
1031 3877 1139 3949 γὰρ
1173 3879 1235 3930 ἐκ
1268 3879 1497 3950 νεκρῶν,
1523 3874 1632 3934 ὀὐκ
1661 3879 1740 3933 ἔτι
1771 3881 1968 3950 φοὸοὗ-

391 3965 536 4034 μεθα
557 3964 799 4025 θάνατον,
828 3966 943 4019 ἀλλ’
969 3969 1026 4020 ὲν
1047 3965 1266 4038 Χριστῷ
1286 3966 1638 4036 βασιλεύομεν
1662 3954 1748 4021 ἀεὶ
1773 3970 1831 4020 ἐν
1855 3971 1968 4031 τοῖς

382 4059 664 4125 οὐρανοῖς.
689 4060 859 4113 Τοῦτο
889 4061 945 4113 δὲ
972 4060 1218 4128 γέγονεν,
1247 4059 1434 4129 ἐπειδὴ
1466 4059 1628 4123 αὐτὸς
1659 4061 1688 4113 6
1713 4059 1804 4114 1:06
1831 4060 1965 4114 Θεοῦ

385 4151 562 4218 Λόγος
593 4151 722 4214 ἴδιος
751 4153 845 4205 καὶ
871 4153 934 4206 ἐκ
958 4153 1052 4206 τοῦ
1085 4152 1295 4223 Πατρὸς
1326 4151 1419 4216 ῶν,
1445 4152 1732 4206 ἐνεδύσατο
1767 4153 1962 4223 σάρκα,

387 4241 484 4294 καὶ
519 4241 742 4308 γέγονεν
767 4240 1074 4312 ἄνθρωπος.
1106 4243 1168 4295 Εἰ
1199 4243 1310 4314 γὰρ
1339 4242 1550 4312 κτίσμα
1583 4242 1657 4294 ὢν
1680 4283 1694 4306 ,
1726 4243 1968 4310 ἐγεγόνει

381 4332 899 4403 ἄνθρωποςλμενεν
923 4335 1073 4388 οὐδὲν
1096 4329 1257 4407 ἦττον
1284 4339 1312 4390 6
1336 4336 1640 4407 ἄνθρωπος,
1661 4337 1810 4391 ὥσπε
1819 4355 1850 4407 ρ
1876 4337 1970 4391 καὶ

2057 1959 2256 2022 soluto,
2284 1975 2344 2014 ea
2373 1975 2494 2029 quae
2521 1961 2730 2014 homini
2765 1961 3012 2023 deerant,
3048 1975 3145 2029 per
3170 1959 3409 2029 seipsum
3439 1959 3628 2027 exple-

2058 2061 2141 2104 ret
2174 2061 2336 2119 atque
2382 2050 2686 2118 perﬁceret.
2717 2051 3144 2105 Deerantautem
3171 2050 3379 2104 homini
3410 2051 3636 2104 immor-

2061 2141 2238 2196 talitas
2261 2150 2315 2196 et
2333 2142 2414 2196 via
2450 2143 2516 2197 ad
2545 2143 2879 2211 paradisum.
2914 2141 3026 2196 Hoc
3054 2141 3231 2211 ipsum
3265 2140 3516 2195 Salvator
3545 2141 3631 2194 his

2057 2234 2241 2288 verbis
2288 2234 2492 2288 indicat
2529 2254 2542 2287 :
2571 2233 2680 2306 Ego
2704 2243 2752 2287 te
2776 2233 3066 2303 gloriﬁcaui
3087 2235 3140 2285 in
3171 2235 3348 2292 terrai:
3367 2249 3494 2298 opus
3515 2247 3636 2298 per-

2059 2318 2159 2386 feci
2187 2321 2323 2387 quod
2351 2321 2646 2388 faciendum
2675 2321 2801 2373 mihi
2831 2320 3019 2374 dediin
3037 2319 3078 2372 ⁸.
3109 2319 3389 2374 Etiterum
3417 2335 3430 2370 :
3459 2321 3634 2386 Opera

2059 2426 2178 2478 qua:
2205 2409 2367 2474 Pater
2399 2411 2526 2463 mihi
2576 2411 2897 2480 perﬁcienda
2944 2411 3085 2464 dedit
3117 2427 3135 2464 :
3173 2412 3291 2478 ipsa
3322 2418 3480 2477 opera
3518 2425 3636 2477 qme

2061 2501 2221 2568 facio,
2251 2502 2603 2555 testimonium
2648 2503 2913 2571 perhibent
2943 2502 3005 2556 de
3061 2518 3143 2556 me
3176 2503 3219 2555 ".
3266 2502 3442 2571 Opera
3475 2516 3637 2571 porro

2059 2610 2180 2664 qua:
2205 2595 2303 2650 sibi
2347 2596 2557 2650 Patrem
2597 2597 2928 2666 perﬁcienda
2960 2595 3177 2652 dedisse
3205 2597 3471 2658 declarat,
3512 2596 3632 2664 ipsa

2063 2685 2148 2740 illa
2179 2693 2307 2740 sunt
2339 2686 2391 2739 in
2423 2702 2544 2755 qua:
2579 2696 2822 2750 creatur,
2859 2695 2918 2741 ut
2947 2687 3001 2740 in
3026 2684 3331 2742 Proverbiis
3371 2687 3447 2742 ait
3487 2705 3498 2739 :
3535 2686 3640 2738 Do-

2073 2775 2248 2829 minus
2301 2776 2495 2828 creauit
2556 2791 2636 2828 me
2685 2775 3000 2845 principium
3042 2775 3254 2828 viarum
3306 2789 3530 2827 suarum
3583 2775 3642 2826 in

2063 2879 2219 2931 opera
2265 2883 2385 2919 sua.
2436 2866 2567 2920 Nam
2622 2865 2766 2921 idem
2796 2876 2877 2921 est
2907 2866 3110 2930 dicere,
3145 2865 3289 2918 dedit
3319 2865 3446 2918 mihi
3473 2864 3638 2918 Pater

2064 2973 2245 3025 opera,
2285 2968 2362 3019 et,
2389 2959 2584 3011 creavit
2615 2973 2694 3010 me
2721 2957 2974 3010 Dominus
3007 2957 3064 3010 in
3101 2972 3279 3026 opera.
3305 2955 3459 3009 Tunc
3489 2955 3639 3008 enim

2062 3046 2207 3116 quod
2238 3061 2403 3115 opera
2433 3046 2748 3115 imperfecta
2770 3055 2826 3100 et
2856 3046 3045 3100 mutila
3078 3054 3302 3115 peccato
3339 3046 3480 3099 facta
3514 3045 3640 3098 fue-

2067 3143 2210 3201 rant,
2247 3137 2419 3192 creari
2453 3137 2753 3191 secundum
2793 3151 2994 3206 corpus
3021 3136 3244 3200 dicitur,
3284 3144 3343 3189 ut
3376 3136 3482 3190 illis
3513 3151 3643 3205 per-

2069 3232 2227 3287 fectis
2281 3240 2444 3301 atque
2476 3232 2531 3286 in
2565 3232 2838 3302 integrum
2874 3241 3076 3285 statum
3111 3229 3403 3293 restitutis,
3459 3228 3643 3285 Eccle—

2065 3324 2198 3380 siam
2223 3322 2368 3378 Patri
2421 3323 2710 3378 exhiberet
2738 3340 2840 3377 non
2862 3324 3135 3376 habentem
3168 3321 3454 3384 maculam,
3488 3331 3544 3374 ut
3568 3321 3644 3373 ait

2063 3416 2381 3485 Apostolus,
2407 3427 2498 3467 aut
2531 3431 2739 3485 rugam,
2773 3424 2868 3468 aut
2897 3414 3102 3484 aliquid
3125 3412 3448 3482 hujusmodi,
3475 3413 3565 3465 sed
3589 3423 3645 3466 ut

2065 3509 2133 3561 sit
2163 3518 2352 3562 sancta
2391 3516 2440 3560 et
2475 3507 2827 3560 immaculata
2850 3542 2859 3552 .
2879 3503 2924 3560 ⁸.
2975 3505 3037 3559 In
3065 3505 3157 3559 illo
3186 3519 3316 3575 ergo
3343 3502 3645 3571 perlectum

2065 3599 2460 3654 est.hominum
2493 3614 2682 3668 genus.
2721 3599 2987 3667 qualeque
3010 3597 3169 3651 initio
3203 3595 3408 3650 factum
3469 3594 3646 3649 fuerat

2067 3690 2151 3744 vel
2182 3691 2364 3760 potius
2419 3691 2685 3758 ampliore
2725 3705 2848 3743 cum
2901 3689 3074 3760 gratia
3105 3687 3420 3742 restitutum
3474 3697 3639 3754 atque

2069 3791 2376 3851 reparatum
2401 3790 2506 3836 est.
2548 3781 2831 3851 Siquidem
2855 3795 2922 3835 ex
2956 3779 3188 3834 mortuis
3222 3777 3466 3842 excitati,
3496 3793 3647 3830 mor-

2069 3885 2181 3928 tem
2242 3888 2352 3928 non
2409 3873 2643 3942 amplius
2673 3870 3135 3941 pertimescimus,
3183 3869 3278 3924 sed
3329 3869 3382 3922 in
3424 3868 3646 3922 Christo

2069 3978 2284 4033 semper
2313 3964 2368 4018 in
2385 3964 2534 4018 caelis
2574 3979 2765 4018 sumus
2791 3961 3090 4030 regnaturi.
3113 3960 3270 4026 Quod
3297 3959 3418 4014 ideo
3453 3974 3630 4013 conse-

2070 4055 2319 4125 quimur,
2354 4053 2502 4124 quod
2545 4054 2727 4124 ipsum
2759 4053 2852 4107 Dei
2879 4053 3119 4109 Verbum
3159 4051 3446 4121 proprium
3484 4057 3647 4120 atque

2071 4163 2138 4201 ex
2189 4157 2343 4217 parte
2375 4148 2620 4218 genitum
2651 4160 2868 4200 carnem
2904 4145 3084 4198 induit
3131 4144 3416 4212 factusque
3477 4143 3647 4196 homo

2073 4247 2176 4292 est.
2206 4236 2338 4291 Nam
2378 4237 2421 4292 si
2457 4244 2697 4292 creatam
2732 4251 2856 4290 cum
2899 4234 3126 4289 haberet
3156 4243 3432 4297 naturam,
3467 4230 3649 4285 factus

2072 4338 2263 4398 postea
2322 4327 2520 4381 fuisset
2579 4327 2765 4389 homo,
2840 4325 2982 4379 idem
3016 4325 3265 4394 profecto
3313 4322 3460 4394 quod
3490 4331 3646 4377 antea

385 4423 458 4496 ἦν
479 4466 492 4490 ,
535 4428 592 4478 οὺ
633 4426 928 4493 συναφθεὶς
955 4427 1032 4499 τῷ
1059 4428 1199 4500 Θεῷ.
1232 4427 1354 4493 Πῶς
1383 4429 1491 4499 γὰρ
1520 4429 1584 4482 ἂν
1626 4429 1835 4500 ποίημα
1888 4427 1959 4483 ὢν

2075 4422 2360 4475 mansisset
2387 4418 2668 4475 hominum
2691 4432 2882 4488 genus,
2911 4432 3089 4486 neque
3108 4431 3231 4471 cum
3263 4415 3377 4470 Deo
3405 4415 3645 4484 eonjun~

385 4517 479 4569 διὰ
531 4517 832 4586 ποιήματος
880 4519 1209 4573 συνάπτοιτο
1248 4519 1326 4589 τῷ
1381 4520 1664 4586 κτίσαντι;
1717 4523 1787 4574 Ἢ
1833 4523 1959 4576 ποία

2068 4525 2213 4569 ctum
2234 4513 2448 4568 fuisset.
2487 4511 2596 4577 Qui
2632 4511 2780 4565 enim
2845 4526 2934 4564 res
2964 4509 3112 4564 facta
3155 4524 3254 4577 per
3283 4523 3399 4562 rem
3445 4507 3647 4561 factam

389 4607 617 4678 βοήθεια
651 4609 806 4677 παρὰ
843 4609 950 4662 τῶν
990 4609 1188 4679 ὁμοίων
1231 4613 1341 4672 τοῖς
1379 4611 1585 4679 ὁμοίοις
1633 4612 1827 4679 γένοιτ’
1873 4611 1961 4677 ἂν,

377 4696 656 4768 δεομένων
674 4700 764 4752 καὶ
791 4699 971 4752 αὐτῶν
1001 4703 1100 4770 τῆς
1124 4699 1292 4767 αὐτῆς
1313 4700 1565 4771 βοηθείας
1589 4719 1602 4766 ;
1635 4701 1760 4765 Πῶς
1784 4702 1862 4764 δὲ,
1887 4703 1964 4753 εἴ·

391 4808 504 4863 περ
526 4792 726 4863 κτίσμα
749 4788 815 4863 ἦν
843 4794 868 4844 6
889 4793 1078 4860 Λόγος,
1104 4793 1201 4862 τὴν
1225 4793 1500 4862 ἀπόφασιν
1527 4794 1621 4847 τοῦ
1647 4795 1781 4847 Θεοῦ
1806 4795 1962 4847 λῦσαι

387 4881 618 4942 δυνατὸς
645 4877 732 4949 ἦν,
761 4878 857 4933 καὶ
885 4882 1099 4945 ἀφεῖναι
1129 4882 1226 4943 τὰς
1251 4881 1546 4951 ἁμαρτίας,
1575 4883 1962 4951 γεγραμμένου

391 4975 550 5041 παρὰ
581 4973 693 5036 τοῖς
728 4973 1060 5042 προφήταις,
1085 4974 1164 5025 ὅτι
1193 4971 1349 5026 τοῦτο
1377 4972 1512 5026 Θεοῦ
1548 4976 1698 5040 sort;
1735 4975 1829 5040 Τίς
1859 4973 1966 5046 γὰρ

392 5063 566 5127 Θεὸς,
595 5062 800 5130 ὥσπερ
828 5062 932 5125 σὺ,
950 5063 1204 5132 ἐξαίρων
1228 5063 1536 5131 ἁμαρτίας,
1563 5064 1658 5117 καί
1696 5065 1969 5132 ὑπερϐαί-

381 5175 514 5212 νων
537 5158 789 5226 ἀνομίας
812 5175 827 5223 ;
860 5157 921 5210 Ὀ
944 5157 1041 5225 μὲν
1062 5156 1171 5226 γὰρ
1199 5157 1328 5220 Θεὸς
1349 5152 1468 5209 εἷπε
1488 5174 1502 5188 ο
1529 5156 1617 5224 Γῆ
1648 5153 1723 5222 εἶ,
1753 5157 1852 5209 καὶ
1876 5158 1966 5223 είς

385 5250 511 5322 γῆν
531 5252 845 5318 ἁπελεύσῃ
868 5267 880 5280 ·
904 5253 952 5303 oi
976 5251 1030 5303 δὲ
1049 5249 1322 5318 ἄνθρωποι
1343 5250 1596 5317 γεγόνασι
1623 5250 1820 5318 θνητοί.
1847 5249 1968 5311 Πῶς

387 5344 577 5395 τοίνυν
597 5340 708 5395 οἷόν
730 5359 788 5395 τε
810 5339 877 5414 ἦν
903 5343 1054 5412 παρὰ
1076 5342 1181 5394 τῶν
1205 5341 1446 5412 γενητῶν
1469 5341 1693 5410 λυθῆναι
1715 5342 1811 5411 τὴν
1833 5341 1966 5394 ἀπό-

389 5453 589 5504 φασιν;
626 5437 858 5489 Ἐλυσεν
884 5435 976 5488 06v
1005 5435 1172 5504 αὐτὴν
1195 5437 1222 5488 6
1249 5435 1469 5505 Κύριος,
1500 5434 1575 5496 ὡς
1605 5431 1760 5487 εἶπεν
1783 5433 1962 5495 αὐτός’

2071 4622 2194 4661 cum
2242 4606 2498 4659 Creatore
2557 4603 2811 4674 conjungi
2854 4603 3075 4672 posset?
3119 4601 3228 4655 Aut
3273 4600 3404 4668 quid
3460 4599 3648 4652 auxilii

2071 4694 2344 4749 similibus
2373 4694 2693 4763 possetdari
2725 4709 2755 4745 a
2787 4692 3084 4753 similibus,
3116 4705 3241 4744 eum
3295 4689 3411 4758 ipsa
3452 4688 3648 4741 eodem

2071 4785 2271 4839 auxilio
2302 4784 2620 4854 indigeant?
2653 4783 2755 4848 Qui
2790 4798 2941 4841 vero.
2989 4783 3032 4834 si
3068 4779 3304 4834 Verbum
3342 4792 3428 4832 res
3465 4789 3648 4832 creata

2070 4885 2232 4937 esspt,
2277 4887 2462 4945 posset
2496 4875 2589 4928 Dei
2628 4873 2958 4926 sententiam
2999 4872 3298 4940 abrogare,
3333 4877 3650 4938 peccatum.

2062 4984 2168 5037 que
2199 4965 2493 5028 dimittere,
2547 4980 2670 5020 cum
2706 4965 2808 5017 hoc
2833 4963 2924 5016 Dei
2949 4961 3229 5031 proprium
3261 4975 3385 5015 esse
3412 4962 3652 5030 scripse-

2063 5063 2172 5114 rint
2211 5057 2536 5126 prophetm?
2583 5054 2744 5119 Nam,
2795 5053 2945 5118 Quis,
2988 5054 3146 5119 Deus,
3191 5052 3384 5108 simriis
3423 5053 3524 5116 tui,
3556 5053 3651 5121 qui

2063 5155 2238 5220 aufers
2271 5159 2507 5218 peccata,
2541 5157 2591 5201 et
2615 5147 2942 5202 trauscendis
2972 5148 3294 5218 iniquitates
3336 5147 3357 5178 θ
3384 5145 3406 5198 ’ί
3465 5144 3650 5213 Siqui-

2062 5244 2182 5297 dem
2207 5240 2348 5295 Deus
2369 5240 2506 5294 dixit
2538 5257 2551 5292 :
2591 5239 2756 5293 Terra
2789 5255 2864 5305 es,
2883 5249 2930 5292 et
2954 5240 3009 5292 in
3033 5249 3229 5292 terram
3256 5237 3528 5292 reverteris
3575 5236 3644 5299 ‘°,

2073 5349 2246 5402 eaque
2267 5347 2430 5388 causa
2458 5341 2542 5387 est
2567 5348 2664 5388 cur
2686 5333 2939 5387 homines
2964 5330 3091 5386 facti
3119 5330 3378 5385 mortales
3406 5328 3647 5384 fuerint:

2075 5425 2348 5496 quomodo
2414 5425 2746 5480 sententiam
2834 5425 2977 5478 hanc
3061 5430 3285 5492 possent
3342 5435 3430 5475 res
3494 5418 3650 5474 facta:

381 5529 536 5584 Ἐὰν
550 5528 634 5597 μὴ
649 5532 681 5582 ὀ
696 5527 826 5593 Υίὸς
844 5525 991 5595 ὑμᾶς
1017 5523 1414 5593 ἐλευθερώσῃ,
1433 5526 1530 5580 καλ⁵
1543 5523 1740 5591 ἔδειξεν
1755 5525 1959 5593 ἀληθῶς

2075 5522 2330 5577 solvere?
2364 5519 2562 5575 Verum
2596 5521 2716 5589 ipse
2751 5519 2913 5574 solvit
2950 5517 3234 5581 Dominus,
3266 5524 3324 5568 ut
3351 5513 3492 5568 idem
3532 5513 3650 5581 ipse

380 5629 410 5680 6
432 5626 561 5688 Υἱὸς
581 5618 978 5691 ὲλεῦθερώσας,
1004 5621 1204 5674 ὅτιούκ
1228 5619 1344 5672 ἔστι
1362 5619 1590 5689 κτίσμα,
1615 5619 1733 5672 οὐδὲ
1759 5618 1864 5670 τῶν
1885 5635 1959 5687 γε·

2083 5618 2200 5672 ait:
2236 5614 2359 5669 Nisi
2394 5615 2558 5668 Filius
2591 5631 2680 5668 vos
2715 5613 3013 5668 liberaverit
3059 5611 3376 5679 “,vereque
3415 5605 3653 5662 ostendit

466 5743 482 5774 ¹
515 5739 660 5795 Psal.
705 5756 820 5802 xxI,
850 5739 940 5792 '52.
1014 5740 1034 5770 ’
1065 5736 1264 5792 Genes.
1296 5752 1354 5790 ιι.
1396 5735 1485 5788 Π.
1564 5735 1585 5766 ³
1611 5732 1768 5790 Joan.
1806 5750 1913 5799 xw,
1951 5734 2006 5788 5.
2084 5735 2104 5766 ⁸
2143 5733 2344 5800 Ephes.
2396 5747 2454 5791 ιι,
2490 5732 2573 5784 il).
2632 5731 2670 5802 γ’
2700 5729 3101 5802 Psal.cxxxvl_t,_
3131 5725 3182 5781 8.
3265 5725 3285 5756 ⁸
3311 5722 3470 5778 Joan.
3512 5736 3648 5781 xvn,

387 5815 441 5869 ι.
519 5797 909 5877 ⁷]ολιι,ν,’56.
981 5808 1230 5880 οιξριιοε.
1275 5807 1443 5870 v,27.
1545 5797 1954 5869 οιιιςιι.νιι,ἰ

2098 5805 2139 5836 ¹⁰
2181 5797 2315 5858 Gen.
2351 5818 2434 5870 ιιι,
2457 5802 2547 5857 29.
2627 5801 2664 5831 ¹¹
2697 5800 2854 5856 Joan.
2885 5815 3004 5862 Vlll,
3036 5797 3122 5851 '56.
