4102 6298
508 392 619 451 ζ9ἷ)

1736 364 2125 430 ΕυΤΙΙῩΜΙΙ
2156 362 2520 426 ZIGABENI

3610 343 3698 410 400

507 506 679 561 Filius
739 502 1001 556 liberator
1055 511 1112 551 sc
1142 507 1244 548 nec
1266 497 1511 546 creatum
1544 500 1647 541 nec
1702 484 1906 538 tactum
1943 493 2089 544 esse,
2103 508 2113 542 Α

2207 500 2376 570 ητῶν,
2424 495 2560 552 ἀλλά
2592 493 2747 558 ἴδιος,
2788 490 2884 543 καὶ
2928 485 3094 541 εἰκὼν
3132 487 3230 554 τῆς
3273 481 3361 534 τοῦ
3418 482 3611 549 “argi;
3635 483 3710 534 οὺ-

506 599 603 656 sed
638 605 850 651 naturae
879 591 1078 652 Patris,
1105 586 1195 656 qui
1230 583 1555 639 sententiam
1592 578 1739 632 illam
1798 574 1953 628 initio
1988 580 2082 625 tu.

2182 600 2326 659 σίας,
2355 592 2450 647 τοῦ
2502 591 2595 644 καὶ
2644 586 2789 641 κατά
2835 585 2936 654 τὴν
2993 579 3166 650 ἀρχὴν
3209 574 3609 642 ἀποφηναμένου
3635 574 3712 627 καὶ

508 690 671 754 lerat,
719 686 981 752 solusque
1027 686 1253 750 peccata
1287 673 1583 731 condonat,
1619 667 1899 738 proprium
1957 678 2080 719 esse

2207 690 2434 757 ιφίεντος
2466 684 2629 753 μόνου
2654 682 2752 741 τὰς
2783 678 3081 747 ἁμαρτίας.
3121 667 3340 737 Ἐπειδὴ
3381 666 3486 735 γὰρ
3529 664 3713 734 εἴρηται

509 781 748 835 Verbum
781 788 837 832 et
866 774 1179 844 imaginem.
1215 771 1349 823 Cum
1384 770 1531 821 enim
1565 771 1618 818 in
1661 763 1838 818 Verbo
1870 759 2078 813 dictum

510 877 697 938 fuerit,
731 874 894 928 Terra
927 888 979 924 cs
1032 879 1080 922 et
1113 869 1167 921 in
1194 876 1389 919 terram
1416 860 1710 920 reverteris,
1753 855 1910 909 valde
1954 866 2083 907 con-

512 976 770 1039 gruenter
793 980 891 1035 per
921 963 1065 1017 idem
1111 962 1293 1031 ipsum
1323 956 1568 1012 Verbum
1626 962 1791 1020 atque
1841 948 1899 1001 in
1964 944 2083 1014 ipso

2182 785 2241 835 ὲν
2272 782 2349 849 τῷ
2379 780 2559 847 Λόγῳ.
2591 774 2679 840 Γῆ
2726 770 2784 826 εἷ
2840 770 2937 823 καὶ
2982 769 3071 832 εἰς
3101 762 3219 833 γῆν
3256 760 3575 824 ἀπελεύσῃ,
3607 759 3717 809 ἁκο-

2183 844 2389 935 λούθως
2423 844 2491 924 δι’
2512 844 2696 921 ἀὐτοῦ
2735 864 2829 917 τοῦ
2860 862 3040 928 Λόγου
3070 859 3164 910 καὶ
3210 856 3268 907 ἐν
3301 848 3448 919 αὐτῷ
3478 850 3510 913 ἡ
3536 844 3721 899 ὲλευθέι

2188 969 2280 1039 pla
2309 966 2403 1019 καὶ
2433 967 2463 1034 ἡ
2489 962 2645 1024 λύσις
2664 958 2761 1028 τῆς
2794 951 3182 1022 κατακρίσεως
3222 944 3524 1015 γεγένηται.

513 1062 738 1117 libertas
766 1069 823 1115 ct
850 1057 1048 1113 solutio
1080 1052 1450 1109 damnationis
1482 1050 1619 1103 facta
1650 1052 1754 1100 est.

588 1152 797 1221 Atqui,
875 1149 1135 1218 inquiunt
1167 1185 1182 1211 ,
1248 1141 1464 1200 etiamsi
1541 1138 1794 1193 Salvator
1874 1137 2092 1186 creatus

506 1251 674 1305 esset,
713 1246 927 1309 poterat
963 1235 1112 1289 Deus
1151 1228 1534 1287 tantummodo
1569 1227 1777 1289 dicere,
1815 1232 1981 1292 atque
2018 1221 2092 1274 ita

508 1336 720 1389 solvere
767 1327 1235 1383 maledictionem.
1288 1322 1358 1375 At
1407 1317 1573 1374 simili
1621 1315 1786 1370 modo
1835 1312 1970 1381 ipsis
2019 1310 2093 1364 ita

508 1423 728 1480 occurri
759 1420 973 1491 possit:
1013 1416 1187 1469 Etiam
1221 1414 1341 1469 sine
1375 1412 1487 1466 ullo
1519 1409 1638 1479 ejus
1675 1407 1909 1461 adventu
1944 1410 2095 1472 pote-

510 1527 596 1571 rat
619 1516 763 1569 Deus
795 1509 1176 1568 tantummodo
1208 1508 1407 1569 dicere,
1439 1512 1603 1572 atque
1633 1501 1706 1556 ita
1733 1499 1944 1555 solvere
1974 1509 2093 1548 ma-

508 1606 883 1662 ledictionem.
923 1600 1125 1655 Verum
1167 1598 1443 1653 attendere
1470 1600 1686 1663 Oportet
1721 1588 1852 1659 quid
1899 1587 1970 1643 sit
1997 1585 2095 1639 ho-

510 1699 753 1753 minibus
787 1695 941 1761 utile,
976 1707 1086 1747 non
1129 1702 1312 1745 autem
1355 1687 1484 1758 quid
1526 1686 1579 1739 in
1627 1682 1883 1739 omnibus
1925 1677 2096 1749 possit

509 1790 677 1844 Deus.
720 1786 969 1855 Namque
989 1784 1155 1839 etiam
1178 1792 1306 1837 ante
1329 1779 1443 1833 Noe
1473 1792 1678 1843 arcam,
1712 1773 1964 1829 homines
2003 1768 2096 1839 qui

508 1888 875 1953 peccaverant
913 1884 1123 1946 poterat
1165 1872 1512 1927 interimere:
1553 1878 1735 1922 tamen
1778 1865 1829 1920 id
1880 1860 2096 1917 nonnisi

508 1982 638 2043 post
685 1986 869 2026 arcam
917 1968 1065 2025 fecit.
1110 1967 1331 2022 Poterat
1382 1976 1602 2033 quoque
1644 1960 1851 2027 absque
1893 1953 2096 2024 Moyse,

486 2060 494 2067 ’
511 2064 862 2121 solummodo
879 2062 1083 2128 dicere,
1102 2058 1477 2129 populumque
1497 2053 1728 2108 educere
1748 2064 1814 2103 ex
1834 2044 2096 2115 Egypto:

512 2167 572 2212 at
603 2157 655 2211 id
695 2170 793 2225 per
829 2153 1069 2225 Moysem
1114 2151 1232 2205 ﬁeri
1284 2143 1665 2204 conveniebat.
1709 2136 2100 2194 Poterat-item

514 2247 665 2303 Deus
697 2246 962 2317 populum
996 2244 1114 2299 sine
1138 2238 1420 2312 judicibus
1451 2244 1780 2290 conservare
1805 2247 1820 2285 :
1859 2239 2048 2282 verum
2071 2238 2103 2279 e

512 2355 573 2395 re
613 2315 801 2409 populi
851 2344 969 2391 erat
1013 2334 1226 2404 judices
1267 2344 1367 2400 pro
1417 2337 1663 2396 tempore
1700 2321 1922 2377 habere.
1958 2315 2102 2383 Quin

513 2433 678 2486 etiam
707 2432 824 2500 ipse
860 2428 1114 2483 Salvator
1140 2431 1352 2494 poterat
1383 2420 1451 2474 ab
1487 2418 1647 2472 initio
1690 2414 1947 2469 advenire
1973 2429 1988 2477 ;
2020 2411 2104 2466 vel

2278 1122 2424 1187 ’Δλλ’,
2464 1117 2729 1189 ἠδύνατο,
2779 1112 2949 1183 φασὶ,
2984 1109 3079 1165 καὶ
3132 1106 3429 1171 κτίσματος
3473 1100 3610 1159 ὄντος
3645 1092 3724 1149 τοῦ

2192 1185 2463 1274 Σωτῆρος,
2489 1185 2652 1272 μόνον
2681 1199 2855 1252 εἰπεῖν
2876 1197 2904 1247 6
2923 1193 3053 1257 Θεὸς
3084 1192 3180 1246 καὶ
3204 1190 3363 1244 λῦσαι
3382 1189 3477 1260 τὴν
3498 1185 3725 1256 κατάραν.

2194 1299 2266 1351 Τὸ
2293 1297 2422 1352 αὐτὸ
2445 1296 2488 1349 δ’
2515 1296 2578 1349 ἂν
2607 1293 2898 1348 ἀκούσαιεν
2924 1291 3018 1345 καὶ
3044 1289 3200 1343 αὐτοὶ
3222 1288 3352 1357 παρ’
3376 1284 3550 1355 ἐτέρου
3576 1282 3730 1349 λέγον-

2191 1405 2311 1452 τος·
2358 1386 2615 1439 Ἠδύνατο
2644 1384 2738 1438 καὶ
2774 1382 2894 1453 μηδ’
2923 1381 3061 1442 ὅλως
3104 1377 3532 1447 ἐπιδημήσαντος
3570 1368 3728 1431 αὑτοῦ,

2198 1481 2357 1551 μόνον
2397 1479 2569 1530 εἰπεῖν
2610 1479 2639 1529 6
2675 1476 2805 1538 Θεὸς
2842 1474 2936 1527 καὶ
2976 1470 3134 1524 λῦσαι
3167 1468 3267 1539 τὴν
3302 1465 3560 1536 κατάραν.
3600 1460 3731 1513 Ἀλλὰ

2198 1574 2419 1625 σκοπεῖν
2447 1569 2527 1622 δεῖ
2571 1567 2631 1620 τὸ
2651 1569 2762 1630 τοῖς
2804 1561 3110 1636 ἀνθρώποις
3154 1556 3463 1613 λυσιτελοῦν
3490 1554 3575 1607 καὶ
3598 1555 3662 1621 μὴ
3686 1552 3732 1602 ὲν

2197 1665 2330 1718 πᾶσι
2356 1662 2416 1715 τὸ
2446 1660 2671 1715 δυνατὸν
2703 1657 2797 1711 τοῦ
2821 1655 2955 1710 Θεοῦ
2990 1652 3328 1723 λογίζεσθαι·
3363 1650 3483 1703 ἐπεὶ
3631 1642 3735 1713 ἡδύ-

2133 1747 2174 1802 Β
2201 1773 2328 1809 νατο
2353 1754 2447 1809 καὶ
2471 1753 2576 1825 πρὸ
2604 1753 2701 1823 τῆς
2724 1750 2845 1803 Νῶε
2875 1745 3111 1801 κιϐωτοῦ
3130 1746 3256 1808 τοὺς
3281 1743 3403 1796 τότε
3426 1737 3736 1809 παραϐάντας

2198 1846 2517 1919 ἀνθρώπους
2545 1843 2840 1898 ἀπολέσαι·
2866 1838 3001 1893 ἀλλά
3027 1834 3165 1909 μετά
3184 1834 3283 1906 τὴν
3308 1830 3533 1887 κιϐωτὸν
3554 1826 3739 1896 πεποίη-

2200 1958 2315 1994 κεν.
2369 1936 2629 1991 Ἢδύνατο
2657 1935 2752 1986 καὶ
2783 1930 2953 2002 χωρὶς
2989 1928 3233 1989 Μωσέως
3265 1926 3361 1978 καὶ
3399 1923 3548 1994 μόνον
3572 1921 3739 1979 εἰπεῖν,

2200 2032 2291 2085 καὶ
2317 2031 2604 2096 ἐξαγαγεῖν
2637 2025 2727 2078 τὸν
2762 2023 2888 2077 λαὸν
2919 2022 2977 2087 ἐξ
3004 2018 3313 2087 Αἰγύπτουο
3362 2013 3494 2069 ἀλλά
3517 2011 3742 2080 συνέφερε

2199 2123 2287 2177 διὰ
2320 2116 2860 2181 Μωσέωςίιδύνατο
2888 2112 2981 2166 καὶ
3012 2109 3181 2181 χωρὶς
3207 2107 3319 2160 τῶν
3355 2104 3548 2178 κριτῶν
3583 2100 3743 2164 σώζειν

2200 2215 2292 2269 τὸν
2317 2212 2443 2265 λαὸν
2469 2214 2495 2265 6
2519 2210 2649 2272 Θεός
2670 2224 2682 2237 ·
2716 2205 2851 2259 ἀλλά
2882 2203 3147 2272 συνέφερε
3174 2202 3290 2263 τοῖς
3318 2199 3466 2260 λαοῖς
3629 2188 3747 2245 κατὰ

2203 2306 2394 2376 καιρὸν
2432 2299 2740 2373 ἐγείρεσθαι
2779 2295 2970 2369 κριτὴν
3023 2295 3225 2355 αὐτοῖς.
3292 2290 3548 2344 Ἦδύνατο
3581 2284 3664 2337 καὶ
3701 2280 3748 2347 ἐξ

2204 2397 2375 2469 ἀρχῆς
2401 2397 2429 2448 6
2450 2392 2637 2465 Σωτὴρ
2663 2387 3033 2459 ἐπιδημῆσαι,
3063 2385 3096 2455 ἢ
3126 2382 3294 2439 ἐλθὼν
3324 2381 3397 2453 μὴ
3422 2376 3748 2450 παραδοθῆναι

2206 2463 2423 2557 Πιλάτῳ
2442 2502 2455 2514 ·
2480 2463 2618 2538 ἀλλά
2634 2484 2727 2536 καὶ
2758 2481 2849 2534 ἐπὶ
2896 2484 2901 2487 “
3023 2476 3303 2546 συντελείᾳ
3324 2475 3430 2529 τῶν
3459 2472 3651 2525 αἰώνων
3675 2463 3751 2536 ἧλ-

2207 2580 2265 2633 θε
2285 2620 2301 2644 ,
2332 2579 2428 2633 καὶ
2463 2575 2791 2649 ζητούμενος
2824 2567 2974 2625 εἶπεν
2995 2589 3009 2602 ο
3056 2568 3202 2639 Ἐγώ
3228 2570 3349 2638 εἰμι
3371 2584 3384 2598 ·
3434 2566 3462 2618 ὃ
3496 2562 3596 2632 γὰρ
3617 2560 3750 2618 misi.

2205 2669 2363 2726 τοῦτο
2410 2670 2504 2724 καὶ
2534 2666 2802 2738 συμφέρει
2839 2666 2950 2725 τοῖς
2980 2660 3325 2732 ἀνθρώποις,
3363 2659 3455 2712 καὶ
3487 2656 3646 2717 ἄλλως
3673 2651 3753 2703 οὐκ

518 2530 815 2591 postquam
840 2517 1082 2581 advenit,
1102 2520 1317 2585 poterat
1343 2525 1451 2565 non
1476 2507 1615 2563 tradi
1644 2505 1848 2559 Pilato:
1868 2511 2103 2558 attamen

516 2590 575 2668 in
620 2613 727 2667 line
767 2610 1095 2665 saeculorum
1132 2603 1374 2667 advenit,
1418 2610 1473 2656 et
1505 2598 1769 2669 quaesitus
1797 2594 1954 2659 dixit,
1992 2590 2104 2661 Ego

516 2720 639 2759 sum
682 2706 721 2756 '.
755 2700 915 2769 Quod
944 2700 1089 2755 enim
1127 2696 1218 2769 ille
1243 2694 1394 2759 facit,
1427 2692 1480 2747 id
1522 2687 1836 2744 hominibus
1869 2683 2104 2754 expedit,

519 2746 639 2759 η...
708 2746 721 2756 .
757 2746 915 2769 ,μν-
946 2746 1089 2755 ----._
1127 2746 1215 2752 --η
1458 2746 1461 2747 ν
1939 2746 1958 2754 _
2090 2746 2099 2749 _

519 2808 622 2850 nec
663 2793 821 2847 aliter
857 2791 977 2846 ﬁeri
1023 2766 1244 2843 decuit:
1280 2784 1426 2856 quod
1477 2790 1659 2835 autem
1704 2788 1758 2833 et
1798 2775 2015 2847 expedit
2054 2783 2110 2831 et

2208 2763 2416 2837 ἔπρεπε
2448 2758 2704 2831 γενέσθαι
2723 2773 2736 2787 ⁸
2769 2758 2863 2809 καὶ
2890 2756 3026 2827 ὅπερ
3053 2754 3110 2806 δὲ
3140 2753 3411 2823 συμφέρει
3443 2750 3532 2803 καὶ
3563 2746 3752 2816 πρέπει,

519 2834 622 2850 ..νυ
663 2834 812 2847 .....ν.
857 2834 975 2846 ..νη
1026 2834 1244 2843 ηπ---
1284 2834 1426 2856 γη
1869 2834 1885 2847 _

519 2890 696 2952 decet,
734 2887 785 2941 id
822 2887 941 2955 ipse
962 2891 1119 2939 curat
1144 2890 1196 2936 et
1224 2878 1486 2950 providet.
1521 2871 1678 2929 Venit
1705 2872 1888 2941 itaque
1912 2882 2023 2924 non
2049 2874 2111 2923 ut

2207 2855 2512 2911 τούτουκαὶ
2532 2853 2789 2923 πρόνοιαν
2808 2851 3063 2902 ποιεῖται.
3080 2841 3254 2899 *Ηλθε
3274 2844 3430 2911 γοῦν,
3454 2841 3545 2909 οὐχ
3563 2839 3641 2891 ἵνα
3663 2834 3755 2887 δια-

2349 2948 2407 2955 “”“
2490 2945 2593 2955 ⁸⁸⁸⁵
2626 2945 2647 2955 ⁵⁵
2748 2945 2772 2955 ⁸⁵
2943 2941 2953 2955 ¹
3178 2938 3191 2955 \
3235 2936 3276 2955 ξ’
3324 2954 3327 2955 ν
3369 2932 3518 2955 1.-.".-.
3551 2925 3755 2955 ι-.,,ι,..,.,

519 2925 696 2952 um...
734 2925 785 2941 η.
822 2925 941 2955 ,γον
963 2925 1119 2939 ......η
1146 2925 1196 2936 ν-
1224 2925 1486 2950 γαπ---
1795 2925 1816 2941 κ,

519 2981 601 3037 illi
632 2980 1067 3040 ministraretur,
1107 2974 1199 3029 sed
1234 2981 1291 3027 ut
1323 2971 1438 3041 ipse
1466 2966 1804 3023 ministraret
1838 2970 1891 3027 ',
1930 2970 1983 3016 et
2010 2974 2110 3014 no-

2211 2948 2412 3022 κονηθῇ
2434 2987 2447 3011 ,
2479 2945 2593 3000 ἀλλ’
2626 2945 2713 2998 ἵνα
2744 2941 3037 3009 διακονήσῃ
3060 2978 3074 3001 ,
3107 2938 3201 2990 καὶ
3227 2936 3328 3006 τὴν
3367 2932 3518 3006 ἡμῶν
3549 2925 3756 2999 ἐργάσηο

519 3018 601 3037 ...ι
632 3018 1067 3040 ........,...........,
1107 3018 1199 3029 η..
1235 3018 1291 3027 ..-
1323 3018 1437 3041 τ--
1466 3018 1578 3023 _____
1608 3018 1651 3021 γ
1694 3018 1717 3019 η
1764 3018 1771 3019 ,
1879 3018 1891 3027 ,

518 3076 607 3131 bis
642 3074 958 3129 restitueret
990 3069 1245 3124 salutem.
1276 3064 1436 3120 Certe
1465 3058 1683 3116 tametsi
1714 3056 1885 3127 legem
1911 3070 1943 3108 e
1971 3052 2110 3109 caelo

2213 3059 2301 3097 ται
2327 3018 2621 3110 σωτηρίαν.
2670 3033 2885 3105 Ἀμέλει
2917 3031 3212 3100 δυνάμενος
3381 3024 3487 3078 ἀπὸ
3516 3019 3601 3075 τοῦ
3623 3018 3758 3087 ούρα-

2280 3134 2306 3143 -
2340 3134 2356 3143 ι
2410 3132 2467 3143 υ-
2639 3130 2653 3143 .
2772 3127 2783 3140 ο
2968 3118 3092 3143 μμ,
3167 3122 3239 3143 ..._,
3269 3118 3534 3143 η,,,,,,,,τ
3556 3115 3654 3143 ,ὦ
3683 3111 3758 3143 λη,-

522 3111 607 3131 ...σ
645 3111 958 3129 “suum.-.
990 3111 1245 3124 υ......ν....
1282 3111 1431 3120 π.--
1768 3111 1798 3127 υ

519 3176 735 3239 poterat
750 3163 1062 3227 enuntiare,
1082 3159 1217 3214 vidit
1242 3168 1420 3211 tamen
1470 3148 1785 3208 hominibus
1807 3146 2113 3202 conducere

2215 3134 2309 3189 νοῦ
2340 3132 2573 3202 λαλῆσαι
2604 3130 2696 3181 τὸν
2727 3127 2919 3197 νόμον,
2954 3118 3093 3176 εἶδεν
3116 3162 3129 3185 ,
3163 3122 3244 3175 ὅτι
3269 3118 3534 3172 λυσιτελεῖ
3556 3115 3654 3175 rei;
3682 3111 3758 3163 ἁν-

2218 3226 2243 3239 Α
2304 3223 2316 3239 ι
2488 3224 2499 3239 9
2560 3221 2575 3239 \
2620 3218 2703 3239 κίε-ν
2736 3217 2863 3239 v--.2
2899 3213 3122 3239 κηλεῖ--.
3176 3208 3265 3239 ...Α
3301 3207 3458 3239 ..εζητ-Α
3479 3200 3757 3239 πεηηῖτηγξν-

522 3200 1062 3239 Ιιυιῠιαινιιιιιιιιιιιν,
1091 3200 1217 3214 ιιυι-
1243 3200 1420 3211 ,νη-...η-
1470 3200 1707 3208 ..-ν-------ή
1729 3200 1739 3201 κ
1768 3200 1780 3203 ν
1820 3200 1831 3202 ,

522 3273 643 3311 eam
675 3272 705 3311 e
732 3263 919 3310 monte
955 3252 1089 3306 Sina
1128 3247 1399 3318 proferri:
1438 3244 1584 3314 quod
1624 3239 1844 3311 quidem
1891 3236 2017 3291 fecit
2060 3242 2113 3289 ut

2217 3223 2453 3297 θρώποις
2476 3221 2585 3276 ἀπὸ
2612 3218 2707 3272 τοῦ
2736 3217 2866 3270 Σινᾶ
2899 3213 3151 3283 λαλῆσαι,
3176 3208 3272 3262 καὶ⁴
3301 3207 3459 3262 τοῦτο
3479 3200 3757 3270 πεποίηκεν,

2221 3317 2226 3318 ⁷
2409 3314 2419 3318 -
2465 3313 2520 3318 --
2606 3310 2632 3318 -
2734 3308 2746 3318 ·
2833 3306 2891 3318 ιη·
3026 3303 3049 3318 ει
3159 3300 3218 3318 n~
3283 3300 3450 3318 ηιηπν
3477 3313 3515 3318 ,,
3688 3286 3757 3318 .4“,

523 3286 643 3311 CilIIl
675 3286 705 3311 ε
733 3286 919 3310 ιιιυιιιῦ
956 3286 1089 3306 unua
1128 3286 1360 3318 γινιυιιι
1386 3289 1399 3299 .
1439 3286 1584 3314 Ὶυνι-
1626 3286 1844 3311 ιιι-..μνη-
1891 3286 2017 3291 ---η
2066 3286 2069 3287 ν
2102 3286 2113 3289 -
2254 3286 2265 3297 ,
2438 3286 2445 3287 κ

523 3359 579 3403 et
622 3346 836 3415 Moyses
875 3350 1059 3413 posset
1095 3338 1414 3401 ascendere,
1463 3344 1519 3388 et
1549 3334 1646 3398 illi,
1685 3330 1853 3385 verba
1892 3326 2118 3397 prepius
2218 3317 2305 3370 ἵνα
2338 3314 2432 3367 καὶ
2464 3310 2674 3380 Μωσῆς
2724 3306 2990 3375 ἀναδῆναι
3023 3300 3246 3371 δυνηθῇς
3278 3300 3521 3353 κάκεῖνοι
3688 3286 3760 3339 τδν

2217 3408 2232 3415 -
2263 3409 2272 3415 .
2398 3408 2409 3415 .
2512 3404 2559 3415 ..ι
2662 3404 2672 3415 .
2767 3400 2778 3415 ι
2985 3393 3178 3415 σαρκὶ--.
3207 3388 3485 3415 -----π-...
3512 3381 3755 3415 ληιιιῆιτιηι

525 3440 836 3503 audiendo,
881 3434 1100 3489 facilius
1137 3432 1442 3487 crederent.
1484 3427 1877 3481 Verumtamen
1913 3429 2119 3491 quanta

526 3548 653 3586 cum
695 3529 907 3583 ratione
936 3526 989 3580 id
1029 3523 1233 3587 factum
1276 3520 1460 3581 fuerit,
1501 3534 1567 3572 ex
1602 3514 2020 3585 hispcrspicere
2056 3512 2121 3564 li-

528 3631 635 3675 cet.
682 3617 739 3672 Si
780 3616 924 3670 Deus
971 3630 1071 3684 pro
1114 3628 1213 3667 sua
1257 3609 1501 3681 polentia
1541 3606 1791 3669 dixisset,
1836 3603 2122 3671 solutaque

528 3718 675 3765 esset
704 3705 1050 3762 maledictio:
1102 3702 1451 3772 apparuisset
1491 3696 1712 3767 quidem
1750 3692 1995 3763 jubentis
2028 3707 2123 3760 po-

528 3813 724 3865 testas,
750 3800 984 3867 talisque
1019 3795 1196 3851 factus
1218 3793 1415 3848 luisset
1434 3791 1600 3844 homo
1626 3788 1804 3858 qualis
1828 3784 2120 3839 fuit'Adam

2218 3317 2305 3370 ἵνα
2338 3314 2432 3367 καὶ
2464 3310 2674 3380 Μωσῆς
2724 3306 2990 3375 ἀναϐῆναι
3023 3300 3246 3371 δυνηθῇ,
3278 3300 3521 3353 κάκεῖνοι

2217 3408 2374 3477 λόγον
2396 3404 2625 3475 ἐγγύθεν
2650 3400 2959 3460 ἀκούοντες,
2981 3393 3178 3465 μᾶλλον
3204 3388 3489 3445 πιστεῦσαι
3512 3381 3760 3454 δυνηθῶσι.

2220 3474 2365 3570 Πλὴν
2414 3474 2506 3551 καὶ
2542 3496 2602 3549 τὸ
2635 3492 2851 3561 εὔλογον
2883 3488 2977 3542 τοῦ
3009 3484 3297 3556 γενομένου
3333 3481 3551 3551 θεωρεῖν
3590 3474 3762 3539 ἔξεστιν

2221 3563 2470 3643 ἐντεῦθεν
2489 3605 2501 3617 ·
2534 3587 2596 3639 El
2624 3584 2712 3637 διὰ
2733 3583 2793 3636 τὸ
2817 3578 3040 3635 δυνατὸν
3065 3577 3296 3649 εἰρήκει,
3332 3574 3426 3628 καὶ
3586 3563 3761 3621 ἐλέλυτο

2222 3682 2255 3751 ἡ
2283 3680 2524 3749 κατάρα·
2555 3675 2647 3730 τοῦ
2686 3675 2783 3745 μὲν
2805 3670 3158 3731 κελεύσαντος
3182 3668 3216 3737 ἠ
3244 3664 3475 3733 δύναμις
3498 3655 3765 3714 ἐπεδείκνυ·

2222 3792 2302 3838 το,
2339 3775 2365 3826 ὁ
2404 3772 2586 3842 μέντοι
2614 3767 2899 3838 ἄνθρωπος
2927 3761 3166 3824 τοιοῦτος
3200 3759 3414 3826 ἐγίνετο
3434 3795 3448 3819 ,
3481 3748 3584 3814 οἷος
3608 3745 3666 3819 ἦν
3690 3742 3765 3797 καὶ

2222 3866 2249 3916 6
2279 3834 2451 3932 tiae}.
2619 3834 2845 3929 aperi};
2869 3852 3251 3924 παραϐάσεως,
3281 3846 3479 3912 ἔξωθεν
3502 3839 3664 3895 λαϐὼν
3686 3834 3766 3904 τὴν

531 3899 662 3941 ante
698 3893 1008 3956 peccatum,
1051 3882 1145 3952 qui
1200 3878 1461 3934 nimirum
1505 3874 1736 3945 gratiam
1780 3870 2123 3925 extrinsecus

531 3979 846 4049 acciperet,
890 3992 989 4029 nec
1059 3987 1180 4026 eam
1247 3967 1464 4039 corpori
1521 3977 1821 4033 connexum
1880 3960 2121 4015 haberet.

532 4071 828 4125 Enimvero
861 4082 988 4122 cum
1017 4061 1330 4119 istiusmodi
1362 4066 1510 4114 esset
1550 4056 1745 4121 Adam,
1784 4053 1836 4106 in
1866 4050 2124 4122 paradiso

534 4173 619 4219 est
669 4162 1008 4217 collocatus:
1047 4158 1159 4211 imo
1196 4168 1326 4207 vero
1372 4150 1514 4204 forte
1562 4148 1715 4218 pejor
1768 4144 1945 4199 factus
2005 4151 2121 4204 est,

537 4257 740 4324 quippe
784 4252 877 4320 qui
920 4263 1145 4319 peccare
1193 4244 1466 4300 didicerit.
1507 4239 1664 4305 Quod
1705 4238 1783 4299 si,
1833 4251 1956 4289 cum
2005 4233 2126 4286 talis

540 4346 755 4401 fuisset.
788 4341 1107 4411 contigisset
1136 4351 1357 4408 quoque
1399 4343 1457 4387 ut
1493 4348 1522 4386 a
1560 4337 1810 4399 serpente
1845 4326 2125 4394 decipere-

2224 3926 2424 4027 χάριν,
2467 3952 2561 4005 καὶ
2615 3926 2688 4021 μῆ
2732 3944 3185 4018 συνηρμοσμένην
3220 3942 3363 4012 ἔχων
3398 3937 3561 4008 αὐτὴν
3586 3932 3655 4001 τῷ
3681 3926 3765 3980 σώ-

2230 4062 2385 4118 ματι·
2419 4042 2659 4105 τοιοῦτος
2685 4041 2793 4112 γάρ
2822 4040 2895 4092 ὢν
2928 4041 3020 4093 καὶ
3050 4038 3172 4090 τότε
3208 4035 3420 4088 τέθειτο
3445 4032 3500 4083 ὲν
3529 4026 3600 4098 τῷ
3622 4036 3767 4092 παρα·

2225 4117 2387 4208 δείσῳ
2405 4154 2417 4167 ·
2460 4136 2598 4205 τάχα
2631 4135 2687 4187 δὲ
2722 4135 2815 4187 καὶ
2840 4132 3037 4203 χείρων
3066 4129 3273 4197 ἐγίνετο
3293 4168 3307 4189 ,
3339 4127 3420 4179 ὅτι
3584 4117 3665 4172 καὶ
3684 4127 3767 4165 πα-

2230 4202 2508 4305 ραϐαίνειν
2531 4202 2882 4300 μεμάθηκεν.
2935 4202 3037 4274 ῨὪν
3086 4220 3263 4275 τοίνυν
3307 4215 3582 4276 τοιοῦτος,
3626 4209 3668 4260 εί
3693 4202 3767 4257 καὶ

2230 4294 2644 4396 amputemus-co
2689 4294 2793 4372 ὑπὸ
2823 4318 2917 4368 τοῦ
2960 4315 3137 4383 ὄφεως
3157 4353 3170 4375 ,
3223 4310 3437 4378 ἐγίνετο
3465 4304 3616 4358 πάλιν
3643 4294 3770 4369 χρεία

542 4388 755 4401 ¹“’“’“’“⁴’“
791 4388 1106 4411 "'""D""'
1141 4388 1309 4408 1"1’
1342 4388 1349 4390 ‘
1652 4388 1667 4399 ι
1970 4388 1986 4394 -

542 4453 651 4504 tur,
690 4437 862 4490 Deum
894 4436 1092 4488 iterum
1126 4432 1322 4502 jubere
1360 4439 1413 4483 et
1441 4423 1880 4480 maledictionem
1913 4418 2113 4472 solvere

2225 4415 2527 4488 προστάξαι
2547 4412 2636 4466 τὸν
2659 4411 2789 4463 Θεὸν
2811 4407 2906 4462 καὶ
2924 4406 3083 4459 λῦσαι
3104 4404 3203 4473 τὴν
3226 4401 3473 4471 κατάραν
3492 4416 3503 4427 ·
3528 4394 3613 4447 καὶ
3630 4388 3771 4447 οὕτως

2664 4501 2672 4504 -
2840 4500 2851 4504 -
3008 4496 3017 4504 -
3194 4494 3206 4504 ι
3287 4491 3359 4504 ..ιι
3437 4484 3463 4504 τ
3629 4482 3665 4504 ,ι
3699 4476 3770 4504 ι...

542 4548 681 4604 opus
712 4530 928 4595 fuisset,
964 4542 1141 4596 eoque
1180 4523 1342 4579 modo
1375 4520 1584 4575 nullum
1624 4518 1787 4572 ﬁnem
1824 4519 2120 4568 consecuta

540 4634 687 4684 esset
716 4621 1035 4684 necessitas,
1091 4613 1451 4677 hominesque
1481 4602 1838 4658 nihilominus
1866 4598 1943 4649 rei
1970 4606 2094 4645 man
2114 4616 2127 4627 -

545 4720 770 4779 sissent,
811 4728 875 4768 ac
918 4716 1142 4781 peccato
1185 4700 1523 4758 serviissent.
1565 4693 1639 4747 lta
1688 4696 1869 4743 autem
1917 4695 2131 4749 semper

548 4806 856 4880 peccando,
895 4815 1113 4870 semper
1152 4794 1496 4853 eondonante
1525 4799 1665 4855 Opus
1694 4778 2037 4835 habuissent,
2070 4785 2135 4824 ac

551 4862 782 4970 proinde
808 4862 1088 4963 nunquam
1128 4888 1365 4943 fuissent
1391 4877 1628 4941 liberati,
1662 4888 1787 4928 cum
1820 4884 1889 4924 ex
1930 4882 1989 4921 se
2035 4862 2136 4917 toti

554 4992 668 5045 sint
700 4986 909 5050 carnei,
950 4993 1115 5051 atque
1146 4980 1216 5034 ob
1236 4974 1419 5032 carnis
1440 4967 1814 5025 inﬁrmitatem
1849 4957 1953 5029 legi
1989 4968 2138 5011 sem-

554 5094 653 5150 per
692 5074 1074 5133 succumbant.

755 5186 1025 5240 Praeterea
1063 5182 1109 5234 si
1140 5178 1311 5233 Filius
1340 5190 1428 5230 res
1456 5181 1638 5227 creata
1666 5173 1832 5227 esset,
1863 5163 2030 5216 homo
2069 5156 2146 5211 ni-

562 5280 864 5339 hilominus
899 5274 1147 5331 mortalis
1189 5273 1517 5331 remaneret,
1545 5269 1733 5330 utpote
1766 5256 1991 5312 minime
2019 5265 2157 5306 cum.

563 5376 675 5432 Deo
699 5372 1008 5444 copulatus.
1038 5365 1147 5421 Nec
1170 5362 1317 5418 enim
1348 5376 1436 5415 res
1469 5358 1653 5425 aliqua
1685 5360 1869 5407 creata
1900 5362 1988 5403 res
2013 5344 2149 5399 alias

564 5477 778 5524 creatas
813 5479 940 5521 cum
978 5459 1089 5515 Deo
1118 5464 1301 5528 potest
1327 5451 1680 5521 conjungere,
1724 5457 1851 5498 cum
1877 5440 1994 5510 ipsa
2020 5452 2151 5492 con-

565 5563 876 5631 jungentcm
940 5556 1178 5624 aliquem
1245 5555 1474 5619 quaerat.
1539 5539 1727 5610 Neque
1782 5549 1912 5606 pars
1970 5530 2153 5599 aliqua

571 5660 764 5706 creatae
793 5657 1002 5703 natura:
1027 5645 1257 5701 salutem
1287 5641 1363 5695 illi
1396 5646 1581 5708 posset
1613 5632 1809 5687 aﬂerre
1848 5665 1864 5691 ,
2028 5635 2155 5679 cum

672 5811 685 5838 ¹
716 5811 874 5866 Joan.
909 5822 1063 5865 xvur.
1100 5809 1150 5860 5.
1226 5808 1243 5837 ²
1281 5802 1466 5858 Matth.
1498 5815 1587 5860 xx.
1612 5798 1702 5854 28.

2227 4476 2305 4571 εἰς
2330 4476 2555 4576 ἄπειρον
2589 4501 2796 4570 ἐγίνετο
2829 4500 2862 4568 ἡ
2899 4496 3057 4568 χρεία
3078 4535 3091 4558 ,
3125 4494 3217 4546 καὶ⁵
3247 4491 3401 4545 οὐδὲν
3434 4484 3585 4560 ἦττον
3626 4482 3667 4533 οἱ
3696 4476 3770 4576 άν-

2236 4595 2442 4665 θρωποι
2472 4590 2660 4660 ἔμενον
2690 4583 2979 4639 ὑπεύθυνοι
3007 4622 3020 4641 ,
3056 4578 3399 4637 δουλεύοντες
3426 4576 3489 4643 τῇ
3533 4563 3769 4638 ἁμαρτίᾳ·

2236 4656 2325 4741 ἀεὶ
2356 4684 2412 4736 δὲ
2441 4656 2840 4753 ἁμαρτάνοντες
2860 4714 2874 4737 ,
2918 4673 3003 4726 ἀεὶ
3030 4670 3239 4724 ἐδέοντο
3262 4667 3359 4720 τοῦ
3390 4656 3772 4733 συγχωροῦντος.

2241 4778 2334 4833 καὶ⁹
2360 4774 2614 4829 οὐδέποτε
2648 4766 3065 4841 ἠλευθεροῦντο,
3276 4761 3476 4831 σάρκες
3511 4755 3647 4812 ὄντες
3677 4741 3773 4799 καθ’

2244 4867 2468 4928 ἑαυτοὺς
2489 4906 2502 4929 ,
2550 4863 2643 4916 καὶ
2673 4833 2763 4915 ἀεὶ
2790 4833 3093 4929 ἡττώμενοι
3136 4852 3215 4924 τῷ
3247 4852 3397 4921 νόμῳ
3425 4846 3510 4901 διὰ
3534 4845 3624 4913 τὴν
3648 4833 3775 4892 6:66-

2241 4977 2389 5014 νειαν
2421 4956 2520 5026 τῆς
2548 4952 2773 5025 σαρκός.

2426 5154 2593 5209 Πάλιν
2621 5170 2679 5206 τε
2709 5153 2757 5204 εἰ
2786 5149 2993 5219 κτίσμα
3031 5144 3099 5219 ἦν
3135 5150 3163 5200 6
3205 5145 3363 5207 Υἱὸς,
3422 5141 3602 5211 ἔμενεν
3640 5132 3663 5184 ὁ
3702 5124 3774 5219 ἂνξ

2241 5253 2456 5323 θρωπος
2510 5246 2662 5300 οὐδὲν
2704 5239 2867 5315 ἧττον
2910 5212 3123 5311 θνητὸς,
3172 5238 3246 5308 μὴ
3297 5230 3676 5300 συναπτόμενυς
3714 5212 3774 5315 τῷ

2241 5304 2360 5413 Θεῷ
2399 5354 2414 5371 ·
2439 5304 2455 5312 ⁷
2569 5340 2630 5391 οὐ
2675 5304 2784 5406 γάρ
2810 5304 3018 5404 κτίσμα
3061 5304 3297 5401 συνῆπτε
3346 5328 3413 5381 τὰ
3445 5323 3697 5413 κτίσματῆ
3714 5304 3774 5374 τῷ

2242 5403 2360 5503 Qui;
2379 5475 2393 5499 ,
2419 5429 2614 5501 ζητοῦν
2642 5403 2735 5504 κά)
2754 5403 2894 5480 ἀὐτὸ
2914 5403 3005 5477 τὸν
3034 5422 3370 5476 συνάπτοντα
3393 5435 3404 5447 ·
3427 5415 3541 5468 οὐδὲ
3568 5410 3623 5462 τὸ
3646 5403 3775 5476 μέρος

2385 5499 2616 5584 κτίσεως
2652 5499 2895 5590 σώτηρία
2926 5516 3024 5586 τῆς
3056 5514 3287 5575 κτίσεως
3327 5510 3391 5564 ἂν
3420 5508 3502 5576 εἴη
3523 5546 3535 5569 ,
3567 5499 3775 5566 δεόμενον

2248 5618 2337 5672 καὶ
2363 5616 2492 5670 αὐτὸ
2518 5612 2810 5683 σωτηρίας.
2839 5610 2957 5664 Ἵνα
2987 5602 3080 5661 οῦν
3114 5604 3248 5677 μηδὲ
3281 5601 3437 5657 τοῦτο
3557 5591 3773 5655 γέντιταιν
