4102 6298
364 417 466 488 ἀοι

1347 416 1728 478 PANOPLIA
1785 417 2245 481 DOGMATICA.
2283 442 2344 453 -
2380 418 2654 480 TlT.Xl.

3514 416 3620 483 402

347 530 561 601 πέμπει
592 527 685 582 τὸν
727 527 921 581 ἑαυτοῦ
974 526 1133 593 Υίὸν,
1190 529 1284 581 καὶ
1331 529 1539 597 γίνεται
1574 529 1689 592 υίὸς
1724 527 1935 600 ἀνθρὼ-

2048 523 2161 594 ipsa
2196 522 2372 580 salute
2400 539 2621 596 quoque
2666 523 2922 598 indigeat.
2968 523 3125 592 Quod
3173 539 3239 579 ne
3277 526 3446 590 ﬁeret,
3485 523 3627 578 Deus

345 636 452 674 που
473 660 488 684 ,
523 619 623 690 τὴν
672 618 894 690 κτιστὴν
947 618 1128 690 σάρκα
1177 617 1391 673 λαϐών·
1450 619 1550 682 ἶν’,
1586 620 1774 691 ἐπειδὴ
1803 620 1938 675 πάν-

351 729 438 775 εες
470 712 608 764 εἰσὶν
641 709 932 764 ὑπεύθυνοι
967 710 1046 782 τῷ
1080 709 1329 782 θανάτῳ,
1365 709 1525 776 ἄλλος
1555 711 1634 764 ὢν
1663 711 1772 764 τῶν
1807 711 1939 765 πάν-

343 821 457 858 των
477 845 492 869 ,
524 804 685 867 αὐτὸς
713 803 856 874 ὑπὲρ
885 803 1102 856 πάντων
1139 803 1200 856 τὸ
1242 804 1372 858 ῐδιον
1405 804 1565 875 σῶμα
1601 802 1679 874 τῷ
1719 803 1934 873 Θανάτῳ

345 896 693 968 προσενέγκῃ
714 935 728 960 ,
775 895 868 948 καὶ
896 893 1081 949 λοιπὸν
1101 934 1116 958 ,
1145 895 1221 959 ὡς
1252 896 1468 949 πάντων
1501 897 1568 949 δι’
1601 895 1766 949 αὑτοῦ
1801 897 1938 949 ἀπο-

343 985 640 1051 θανόντων,
657 988 687 1039 6
713 986 810 1057 μὲν
829 985 984 1054 λόγος
1005 987 1104 1058 τῆς
1126 987 1452 1057 ἀποφάσεως
1481 986 1742 1059 πληρωθῇ
1783 986 1942 1057 (πάν-

341 1096 438 1142 ¹τες
466 1079 575 1150 γὰρ
606 1077 876 1131 ἀπέθανον
909 1079 968 1131 ὲν
1001 1077 1244 1150 Χριστῷ)
1263 1098 1280 1114 ο
1429 1078 1630 1143 πάντες
1653 1079 1710 1133 δὲ
1740 1079 1808 1132 δι’
1839 1080 1938 1132 αὐ-

343 1169 440 1224 ·ιοῦ
465 1168 730 1239 γένωνται
760 1168 944 1222 λοιπὸν
972 1168 1248 1240 ἐλεύθεροι
1277 1169 1376 1240 μὲν
1400 1170 1508 1224 ἀπὸ
1533 1170 1632 1242 τῆς
1665 1171 1939 1242 ἁμαρτίας

345 1261 442 1314 καὶ
466 1261 566 1330 τῆς
585 1261 655 1313 δι’
685 1259 854 1332 αὐτὴν
877 1260 1145 1331 κατάρας,
1169 1260 1384 1331 ἀληθῶς
1402 1261 1460 1315 δὲ
1600 1263 1938 1333 διαμείνωσιν

343 1353 522 1407 εἰσαεί¹
579 1352 911 1416 ἀναστάντες
964 1353 1029 1405 ὲκ
1084 1352 1327 1425 νεκρῶν,
1359 1353 1453 1405 καὶ
1505 1352 1804 1408 ἀθανασίαν
1845 1353 1939 1406 καὶ

345 1442 661 1515 ἀφθαρσίαν
691 1443 1063 1512 ἐνδυσάμενοι.
1095 1443 1202 1496 Τοῦ
1236 1443 1346 1514 γὰρ
1365 1442 1539 1511 Λόγου
1571 1443 1938 1514 ὲνδυσαμένου

342 1537 447 1606 τὴν
475 1536 675 1607 σάρκα,
694 1535 877 1599 καθὼς
898 1534 1158 1599 πολλάκις
1183 1535 1470 1600 δέδεικται,
1499 1536 1606 1588 πᾶν
1632 1533 1731 1605 μὲν
1753 1535 1937 1606 δῆγμα

339 1628 440 1682 τοῦ
471 1628 646 1697 ὄφεως
673 1627 740 1681 δι’
773 1626 896 1680 ὅλου
929 1625 1328 1679 κατεσϐέννυτο
1360 1626 1454 1678 ἀπ’
1481 1625 1676 1696 αὐτῆς·
1713 1620 1770 1677 εἴ
1789 1643 1842 1678 τι
1873 1627 1938 1680 ὲκ

341 1723 454 1777 τῶν
490 1721 770 1794 σαρκικῶν
798 1719 1113 1789 κινημάτων
1141 1716 1404 1786 ἀνεφύετο
1428 1717 1618 1781 κακὸν,
1649 1715 1937 1782 ὲξεκόπτε-

340 1830 440 1880 το,
469 1814 563 1867 καὶ
593 1813 946 1883 συνανῃρεῖτο
1068 1809 1278 1872 τούτοις
1311 1810 1339 1861 6
1365 1809 1468 1878 τῆς
1505 1808 1783 1880 ἁμαρτίας
1809 1808 1940 1861 ἀκό-

2043 616 2130 670 sui
2162 616 2335 686 ipsius
2364 615 2565 671 Filium
2591 616 2762 684 misit,
2797 617 2892 688 qui
2935 626 3118 673 creata
3145 631 3312 673 carne
3345 627 3627 685 assumpta

2043 705 2224 762 iactus
2271 717 2354 763 est
2407 708 2554 764 ﬁlius
2589 708 2849 776 hominis,
2891 718 2952 764 ut
2999 710 3263 779 quoniam
3311 725 3506 764 omnes
3552 710 3631 764 rei

2037 804 2231 852 essent
2261 799 2476 866 mortis,
2511 797 2602 854 ille
2631 799 2723 869 qui
2758 799 2899 855 alius
2927 809 3015 854 est
3060 799 3130 854 ab
3173 799 3453 865 omnibus,
3501 813 3629 869 prn-

2039 889 2218 958 priuin
2250 904 2452 960 corpus
2482 906 2580 961 pro
2606 893 2862 946 omnibus
2898 893 3058 946 morti
3091 891 3330 956 oﬂ'errct,
3363 903 3526 962 atque
3556 894 3629 944 ita

2040 983 2302 1038 omnibus
2335 984 2504 1039 veluti
2531 999 2626 1054 per
2657 985 2835 1055 ipsum
2870 987 3126 1051 mortuis,
3161 996 3215 1040 tl.
3244 987 3511 1040 sententia
3533 987 3630 1040 ad-

2042 1092 2258 1130 versum
2328 1093 2430 1132 nos
2478 1078 2586 1134 lata
2635 1079 3005 1149 compleretur
3067 1081 3298 1148 (omnes
3359 1080 3500 1134 enim
3574 1079 3628 1133 in

2040 1168 2259 1223 Christo
2291 1171 2493 1225 mortui
2525 1173 2704 1241 sunt),
2746 1183 2799 1225 et
2828 1186 3019 1226 omnes
3057 1172 3312 1241 deinceps
3347 1188 3376 1224 a
3407 1180 3630 1241 peccato

2040 1265 2093 1309 et
2131 1257 2534 1325 maledictione,
2571 1275 2693 1329 quae
2721 1277 2784 1314 ex
2824 1277 2891 1316 eo
2922 1271 3108 1316 secuta
3154 1271 3256 1327 est,
3303 1277 3397 1331 per
3449 1262 3629 1332 ipsum

2040 1348 2236 1403 ﬁerent
2271 1350 2448 1415 liberi,
2489 1367 2722 1421 vereque
2755 1353 2807 1404 in
2849 1362 3171 1422 perpetuum
3221 1365 3627 1422 permanerent,

2041 1439 2458 1496 immortalitate
2507 1452 2561 1497 et
2587 1445 3018 1514 incorruptione,
3058 1456 3347 1514 postquam
3385 1461 3634 1501 resurre-

2041 1532 2270 1598 xissent,
2301 1534 2498 1590 induti.
2533 1534 2781 1606 Namque
2812 1546 3100 1606 p0stquam
3141 1539 3375 1593 Verbum
3408 1554 3631 1594 carnem

2041 1625 2240 1692 induit,
2272 1635 2330 1681 ut
2353 1643 2496 1698 saepe
2526 1627 2734 1683 dictum
2761 1637 2865 1694 est,
2899 1630 2967 1683 ah
2987 1645 3048 1683 ea
3081 1630 3385 1685 exstinctus
3417 1632 3633 1700 penitus

2040 1729 2125 1772 est
2149 1720 2418 1788 serpentis
2454 1733 2696 1783 morsus,
2732 1730 2786 1774 et
2817 1719 3084 1790 quidquid
3122 1721 3252 1775 mali
3282 1721 3636 1776 exoriebatur

2039 1825 2104 1865 ex
2138 1810 2325 1865 carnis
2367 1811 2627 1876 motibus,
2667 1813 2957 1881 praecisum
2987 1813 3213 1866 omnino
3248 1822 3351 1879 est,
3381 1829 3448 1868 ac
3477 1815 3635 1869 deni-

341 1904 534 1968 λουθος
559 1902 810 1966 θάνατος,
835 1901 912 1965 ὼς
945 1900 1108 1964 αὐτὸς
1128 1903 1156 1954 6
1190 1900 1396 1972 Κύριός
1423 1917 1589 1971 φησιν
1607 1917 1621 1931 θ
1661 1901 1937 1968 Ἔρχεται

2048 1917 2144 1972 que
2173 1902 2291 1972 ipsa
2321 1920 2470 1959 mors
2503 1905 2711 1975 peccati
2741 1919 2927 1962 comes
2955 1906 3059 1961 fuit
3087 1907 3249 1962 simul
3287 1909 3634 1978 interempta,

343 2001 378 2053 ὀ
433 1997 638 2066 ἅρχων
681 1993 789 2048 τοῦ
828 1995 1061 2063 κόσμου
1095 1993 1339 2056 τούτου,
1380 1991 1481 2046 καὶ
1532 1989 1715 2047 οὐδὲν
1773 1993 1936 2060 εὑρί-

341 2104 482 2142 σκει
598 2085 669 2140 ἐν
694 2085 843 2154 ἐμοί·
871 2084 985 2150 καὶ,
1009 2084 1111 2149 Εἰς
1139 2082 1314 2136 τοῦτο
1341 2080 1452 2153 γὰρ
1476 2081 1839 2152 ἐφανερώθη,
1861 2080 1937 2145 ὡς

341 2176 587 2250 ἔγραψεν
619 2178 648 2229 ὁ
689 2175 941 2245 Ἰωάννης
964 2217 979 2242 ,
1023 2174 1124 2229 ἵνα
1148 2174 1313 2243 λύσῃ
1342 2173 1416 2228 τὰ
1436 2173 1582 2244 ἔργα
1613 2174 1718 2228 τοῦ
1749 2174 1938 2229 διαϐό-

341 2275 482 2328 λου.
504 2269 722 2323 Τούτων
752 2269 808 2323 δὲ
939 2267 1206 2322 λυθέντων
1229 2267 1338 2320 ἀπὸ
1361 2268 1460 2338 τῆς
1487 2267 1711 2339 σαρκὸς,
1736 2269 1938 2332 πάντες

345 2365 492 2418 οὕτω
549 2362 688 2417 κατά
720 2361 818 2432 τὴν
845 2359 1162 2429 συγγένειαν
1195 2359 1296 2429 τῆς
1329 2358 1535 2431 σαρκὸς
1562 2359 1940 2431 ἠλευθερώθη-

353 2475 480 2530 μεν,
506 2457 597 2511 καὶ
613 2456 798 2510 λοιπὸν
829 2454 1073 2526 συνήφθη
1083 2470 1182 2525 μεν
1203 2455 1299 2508 καὶ
1325 2456 1490 2525 ἡμεῖς
1515 2455 1594 2526 τῷ
1608 2456 1786 2527 Λόγῳ.
1807 2456 1942 2511 Συν-

348 2549 615 2620 αφθέντες
647 2550 702 2602 δὲ
734 2547 814 2619 τῷ
867 2547 986 2618 Θεῷ
1007 2589 1022 2614 ,
1056 2546 1240 2599 οὐκέτι
1276 2548 1374 2617 μὲν
1407 2547 1500 2600 ἐπὶ
1533 2547 1638 2618 γῆς
1669 2547 1942 2618 ἀπομένο-

348 2659 455 2713 μεν
482 2679 498 2708 ,
624 2642 738 2697 ἀλλ’
767 2641 842 2706 ὡς
871 2639 1034 2704 αὐτὸς
1059 2632 1236 2706 εἶπεν,
1263 2638 1400 2693 ὅπου
1436 2639 1598 2704 αὐτὸς
1617 2678 1632 2704 ,
1666 2639 1760 2694 καὶ
1779 2642 1941 2712 ¹ἡμεῖς

345 2732 606 2804 ἐσόμεθα.

866 2809 1020 2881 ’Ἔτι
1052 2830 1138 2895 εις
1159 2828 1224 2882 τὸ
1263 2830 1431 2884 αὐτό.

447 2913 512 2968 Ei
537 2915 717 2970 τοίνυν
739 2919 802 2988 τῇ
833 2919 993 2990 σοφίᾳ
1033 2921 1066 2990 ἠ
1095 2921 1168 2990 γῆ
1215 2921 1630 2990 τεθεμελίωται.
1664 2923 1780 2987 πῶς
1803 2924 1832 2976 6
1859 2925 1947 2978 θεο

375 3004 584 3074 μελιῶν
607 3005 987 3074 θεμελιοῦταις
1029 3010 1189 3062 Ἀλλά
1217 3013 1600 3080 παροιμιωδῶς
1625 3015 1773 3066 ἐστιν
1802 3017 1952 3084 είρη-

368 3092 534 3162 μένον
552 3093 643 3146 καὶ
660 3091 831 3148 τοῦτο’
856 3095 948 3149 καὶ
961 3096 1042 3149 δεῖ
1060 3097 1152 3150 καὶ
1168 3097 1354 3150 τούτου
1367 3097 1457 3151 τὸν
1475 3098 1599 3150 νοῦν
1749 3099 1952 3169 ζητεῖν,

2039 2002 2098 2046 ut
2125 1992 2238 2062 ipse
2275 1993 2538 2050 Dominus
2581 1995 2894 2065 hujusmodi
2937 1998 3120 2053 verbis
3157 1997 3435 2054 declarat:
3481 1996 3635 2052 Venit

2039 2086 2278 2154 princeps
2298 2087 2454 2156 hujus
2491 2089 2695 2154 mundi,
2718 2100 2766 2144 et
2789 2090 2922 2144 nihil
2949 2091 3000 2144 in
3033 2108 3113 2145 me
3139 2092 3334 2146 invenit
3391 2095 3429 2145 ⁸.
3452 2094 3545 2148 Et:
3570 2091 3636 2147 In

2041 2178 2138 2231 hoc
2170 2181 2311 2233 enim
2343 2182 2614 2250 apparuit,
2647 2183 2726 2237 uti
2749 2183 3252 2254 scripsitloannes,
3294 2194 3348 2238 ut
3378 2185 3638 2241 dissolvat

2043 2287 2198 2339 opera
2228 2271 2432 2326 diaboli
2477 2280 2518 2327 ί.
2550 2271 2647 2329 ilis
2681 2285 2866 2330 autem
2900 2290 3066 2331 carne
3107 2277 3410 2344 dissolutis,
3443 2292 3636 2332 omnes

2042 2373 2262 2433 propter
2289 2364 2472 2419 carnis
2493 2367 2878 2434 cognationem
2910 2367 3127 2422 liberati
3154 2383 3371 2435 sumus,
3401 2369 3632 2440 jamque

2042 2469 2146 2510 nos
2173 2455 2338 2509 etiam
2363 2471 2487 2510 cum
2529 2455 2709 2512 Verbo
2749 2458 2990 2528 c0pulati
3025 2458 3253 2515 fuimus.
3306 2459 3478 2515 Porro
3511 2477 3636 2516 cum

2043 2545 2156 2602 Dco
2183 2548 2498 2617 conjuncti,’
2518 2565 2627 2604 non
2662 2551 2901 2620 amplius
2931 2551 2983 2605 in
3024 2561 3166 2607 terra
3197 2554 3633 2616 remanebimus,

2043 2640 2162 2707 sed,
2199 2650 2260 2696 ut
2297 2641 2414 2712 ipse
2447 2641 2586 2697 dixit
2629 2641 2674 2707 ³,
2713 2642 2804 2697 ubi
2836 2642 2925 2699 ille
2972 2644 3096 2711 erit,
3131 2660 3230 2701 nos
3259 2659 3477 2715 quoque
3526 2646 3638 2699 eri-

2043 2745 2188 2788 mus.

2565 2832 2632 2882 In
2669 2827 2907 2883 eumdem
2943 2831 3135 2882 locum.

2130 2925 2183 2981 Si
2248 2923 2411 2994 igitur
2472 2920 2738 2989 sapientia
2803 2929 3002 2971 terram
3054 2915 3318 2975 fundarit,
3365 2916 3456 2984 qui
3516 2910 3634 2966 lieni

2056 3023 2230 3085 potest
2286 3023 2342 3068 ut
2405 3011 2453 3066 is
2509 3008 2603 3080 qui
2661 3008 2885 3070 fundat,
2949 3007 3252 3060 l'undetur?
3307 3004 3507 3059 Verum
3577 3005 3636 3055 ιιι

2055 3095 2217 3149 etiam
2247 3095 2522 3164 proverbii
2572 3095 2745 3149 instar
2787 3096 2992 3150 uictum
3047 3105 3164 3161 est,
3199 3095 3425 3165 ejusque
3472 3096 3631 3150 nobis

367 3182 459 3236 ἵνα
494 3181 871 3254 γινώσκωμεν,
909 3186 990 3239 ὅτι
1017 3189 1083 3257 τῇ
1115 3187 1211 3257 μὲν
1239 3189 1401 3258 σοφίᾳ
1427 3189 1454 3240 ὁ
1483 3189 1673 3261 Πατὴρ
1702 3191 1945 3263 δημιουρ

2057 3187 2346 3257 qumrenda
2380 3185 2704 3256 signiﬁcatio
2736 3198 2860 3251 εει,
2897 3196 2958 3242 ut
2987 3203 3385 3260 cognoscamus
3412 3187 3628 3243 Patrem

364 3275 475 3338 γεῖ,
503 3273 596 3325 καὶ
621 3273 858 3343 θεμελιοῖ
881 3275 977 3346 τὴν
998 3275 1100 3345 γῆν
1123 3277 1201 3340 εἰς
1225 3276 1287 3329 τὸ
1308 3271 1446 3330 εἶναι
1471 3279 1692 3349 ἑδραίαν
1718 3280 1813 3332 καὶ
1837 3279 1954 3332 δια-

369 3365 559 3433 μένειν
590 3365 760 3435 αὑτήν
781 3381 794 3395 ·
826 3366 963 3437 αὑτὴ
991 3365 1047 3419 δὲ
1089 3369 1120 3438 ἠ
1167 3367 1327 3437 σοφία
1355 3369 1698 3440 ἐθεμελιοῦτο
1874 3374 1956 3436 εἰς

365 3457 542 3525 ἡμᾶς,
566 3456 653 3510 ἵνα
673 3456 814 3529 ἀρχὴ
830 3458 922 3511 καὶ
937 3457 1184 3528 θεμέλιος
1207 3461 1304 3531 τῆς
1328 3462 1520 3532 καινῆς
1542 3464 1573 3534 ἠ
1583 3463 1698 3534 μῶν
1724 3463 1953 3528 κτίσεως

369 3548 469 3600 καὶ
501 3547 891 3612 ἀνακαινίσεως
925 3547 1169 3618 γένηται.
1228 3550 1341 3604 Οὐκ
1373 3552 1559 3623 εἴρηκε
1587 3552 1717 3622 γοῦν
1747 3553 1867 3606 οὐδὲ
1897 3554 1954 3608 ὲν

369 3636 584 3701 τούτοις
614 3675 629 3703 ,
767 3639 880 3710 Πρὸ
908 3639 1001 3693 τοῦ
1020 3638 1214 3703 αίῶνος
1236 3641 1456 3713 Λόγονῆ
1479 3643 1607 3696 Υίόν
1638 3659 1706 3714 με
1723 3642 1955 3716 πεποίη-

373 3745 472 3782 κεν
492 3767 507 3792 ,
540 3729 626 3782 ἵνα
661 3728 735 3800 μὴ
761 3730 835 3792 ὠς
868 3731 1040 3801 ἀρχὴν
1065 3730 1160 3803 ἔχῃ
1190 3731 1284 3785 τοῦ
1315 3733 1613 3787 ποιεῖσθαι·
1662 3734 1822 3788 τοῦτο
1844 3734 1954 3807 γὰρ

371 3822 484 3894 πρὸ
511 3822 727 3876 πάντων
747 3823 828 3877 δεῖ
855 3824 1055 3894 ζητεῖν,
1088 3827 1136 3878 εί
1167 3826 1294 3890 Υἱός
1320 3826 1456 3890 ἐστι,
1488 3827 1582 3880 καὶ
1609 3828 1738 3899 περὶ
1759 3826 1952 3881 τούτου

365 3910 473 3974 τὰς
505 3910 727 3981 Γραφάς
759 3913 1182 3984 προηγουμένως
1215 3917 1457 3987 ὲρευνᾷν.
1495 3905 1674 3971 ΙΤοὖτο
1843 3916 1951 3989 γὰρ

364 4003 590 4058 καὶτῶν
604 4003 915 4060 ἀποστόλων
943 4005 1323 4077 ἐρωτηθέντων
1341 4008 1369 4060 6
1391 4008 1594 4080 Πέτρος
1625 4009 1955 4080 ἀπεκρίνατο

362 4094 542 4163 λέγων
559 4111 575 4128 ο
598 4094 684 4151 Σὺ
711 4091 768 4149 εἷ
790 4098 823 4149 ὁ
855 4096 1128 4166 Χριστὸς,
1162 4101 1194 4151 ὀ
1228 4097 1359 4164 Υἱός
1382 4099 1488 4153 τοῦ
1511 4099 1658 4154 Θεοῦ
1688 4100 1795 4154 τοῦ
1815 4099 1953 4162 ζῶν-

360 4203 471 4251 τος
503 4201 520 4218 ⁸
687 4187 846 4241 τοῦτο
880 4189 989 4259 γάρ
1023 4191 1117 4243 καὶ
1143 4190 1171 4243 6
1203 4192 1386 4262 πατὴρ
1411 4191 1512 4261 τῆς
1555 4190 1841 4263 Ἀρειανῆς
1872 4193 1951 4247 αι-

368 4276 577 4346 ρὲσεως
599 4277 658 4330 ὲν
686 4277 925 4350 πρώτοις
947 4278 1249 4351 ἠρώτησεν,
1296 4283 1364 4335 El
1399 4281 1530 4348 Υἱὸς
1555 4278 1611 4336 εἷ
1629 4282 1738 4336 τοῦ
1778 4283 1945 4336 Θεοῦ.

2057 3278 2323 3348 sapientia
2355 3292 2544 3332 creare
2577 3286 2631 3332 et
2661 3277 2890 3333 fundare
2917 3287 3146 3344 terram,
3184 3287 3242 3332 ut
3267 3277 3420 3332 ﬁrma
3444 3288 3494 3333 et
3519 3287 3630 3332 sta-

2057 3371 2181 3427 bilis
2239 3378 2555 3440 permaneat
2613 3389 2626 3424 :
2692 3369 2864 3438 ipsam
2917 3385 3046 3424 vero
3094 3369 3410 3438 sapientiam
3457 3372 3628 3425 nostri

2056 3477 2221 3518 causa
2244 3477 2367 3518 esse
2389 3460 2692 3529 fundatam,
2718 3471 2777 3515 ut
2801 3461 3048 3516 videlicet
3074 3469 3274 3515 nostra:
3297 3475 3450 3514 novae
3475 3476 3630 3515 crea-

2056 3549 2221 3606 tionis
2270 3558 2325 3604 et
2369 3550 2742 3605 renovationis
2788 3549 3115 3619 principium
3152 3548 3302 3603 ﬁeret
3333 3559 3388 3603 et
3439 3549 3633 3604 fundu-

2055 3649 2319 3696 mentum.
2351 3639 2490 3696 llinc
2511 3656 2612 3697 nec
2645 3655 2710 3696 eo
2742 3641 2794 3694 in
2827 3641 2948 3695 loco
2981 3641 3091 3695 ait:
3127 3640 3266 3695 Ante
3300 3656 3474 3695 aevum
3506 3640 3560 3694 ν.
3581 3658 3632 3694 r-

2056 3732 2184 3787 bum
2213 3732 2300 3788 vel
2337 3731 2537 3786 Filium
2586 3747 2672 3786 me
2718 3732 2880 3796 fecit,
2916 3747 2984 3786 ne
3021 3731 3179 3800 quasi
3235 3729 3482 3798 initium,
3523 3748 3634 3802 quo

2055 3822 2171 3877 ﬁeri
2199 3823 2481 3893 cepisset,
2522 3824 2722 3879 habere
2748 3824 3078 3878 crederetur.
3121 3821 3366 3894 Namque
3411 3825 3464 3878 id
3505 3834 3636 3879 ante

2055 3913 2239 3968 omnia
2270 3913 2625 3984 quaerendum
2659 3923 2774 3978 est,
2805 3913 2851 3968 si
2903 3929 3098 3983 nempe
3141 3913 3311 3970 Filius
3362 3914 3476 3983 ipse
3510 3926 3626 3976 est,

2054 4017 2228 4073 eaque
2260 4004 2328 4058 de
2352 4019 2408 4057 re
2439 4003 2735 4072 Scriptura:
2766 4011 2894 4058 sunt
2915 4004 3184 4074 praecipue
3214 4006 3541 4059 scrutandae.
3572 4004 3630 4059 ld

2055 4093 2200 4146 enim
2231 4107 2355 4147 cum
2398 4092 2867 4161 interrogarentur
2899 4101 2954 4147 et
2999 4093 3100 4161 ipsi
3133 4093 3398 4162 apostoli,
3433 4092 3629 4148 Petrus

2053 4185 2126 4238 ita
2150 4183 2458 4253 respondit:
2491 4182 2566 4238 Tu
2598 4201 2650 4238 es
2681 4182 2946 4250 Christus,
2976 4182 3152 4237 Filius
3187 4183 3286 4237 Dei
3320 4186 3534 4238 viventis
3579 4189 3625 4234 ‘3

2053 4271 2198 4328 ldcm
2257 4289 2385 4328 vero
2440 4282 2494 4327 et
2546 4274 2663 4344 ipse
2692 4282 2844 4344 pater
2891 4273 3108 4329 Arianae
3146 4273 3368 4329 haeresis
3418 4275 3472 4329 in
3519 4277 3630 4344 pri-

367 4371 528 4442 ᾜδει
556 4371 666 4444 γάρ
685 4411 700 4436 ,
731 4372 812 4426 ὅτι
837 4372 992 4426 τοῦτό
1020 4374 1166 4429 ἐστιν
1193 4377 1226 4446 ἠ
1253 4374 1474 4447 ἀλήθεια
1502 4413 1516 4436 ,
1565 4374 1658 4429 καὶ
1677 4375 1738 4428 τὸ
1764 4375 1945 4446 κύριον

2054 4368 2156 4422 mis
2185 4375 2574 4436 percunctatus
2602 4375 2718 4433 est,
2744 4366 2804 4422 Si
2831 4366 3010 4422 Filius
3038 4367 3137 4422 Dei
3167 4384 3221 4422 es
3279 4369 3317 4422 '.
3345 4366 3459 4423 Hoc
3482 4369 3626 4423 enim

363 4462 468 4533 τῆς
490 4463 727 4527 πίστεως
745 4463 901 4535 ἡμῶν
916 4481 929 4494 ·
951 4465 1044 4518 καὶ
1058 4465 1159 4530 ὃτι,
1179 4465 1271 4518 ὲάν
1292 4466 1392 4537 μὲν
1410 4465 1570 4529 αὐτὸς
1589 4461 1662 4540 ᾗό
1778 4464 1906 4529 Υἱὸς
1931 4507 1944 4529 ,

363 4552 522 4616 τέλος
549 4552 659 4619 ἔξει
683 4555 716 4625 ἡ
743 4554 1021 4628 διαδολικὴ
1050 4558 1329 4628 τυραννίς’
1356 4557 1450 4612 ἐὰν
1475 4559 1530 4612 δὲ
1554 4558 1760 4630 κτίσμα
1783 4554 1840 4632 ᾖ,
1870 4554 1951 4624 εἷς

363 4642 490 4696 ἔστι
517 4645 610 4698 καὶ
648 4645 812 4709 αὐτὸς
854 4644 963 4698 τῶν
993 4646 1058 4698 ὲκ
1100 4646 1192 4700 τοῦ
1247 4647 1418 4719 Ἀδὰμ
1441 4646 1534 4701 τοῦ
1580 4649 1950 4720 ἀπατηθέντος

366 4735 508 4802 παρ’
537 4733 703 4788 αὑτοῦ
730 4773 748 4801 ,
928 4738 1022 4791 καὶ
1050 4738 1272 4809 οὐδεμία
1305 4741 1522 4812 φροντὶς
1561 4736 1627 4812 ἦν
1657 4739 1822 4811 αὐτῷ.
1854 4742 1950 4795 Διά

365 4824 528 4877 τοῦτο
553 4825 648 4878 καὶ
673 4827 724 4879 οἱ
753 4825 873 4880 τότε
904 4827 1142 4883 Ἰουδαῖοι
1170 4832 1533 4899 ἠγανάκτουν,
1563 4833 1642 4886 ὅτι
1688 4833 1716 4886 6
1744 4834 1949 4907 Κύριος

364 4913 502 4966 Υίὸν
519 4913 652 4968 Θεοῦ
679 4915 870 4970 ἑαυτὸν
892 4917 986 4972 καὶ
1014 4919 1235 4990 Πατέρα
1258 4921 1386 4975 ἴδιον
1410 4920 1596 4991 ἔλεγεν
1758 4923 1949 4977 ἑαυτοῦ

364 4999 513 5058 εἶναι
541 5007 631 5060 τὸν
659 5006 812 5062 Θεόν.
845 5010 907 5062 Ei
935 5010 1043 5082 γὰρ
1077 5007 1144 5084 ἦν
1165 5013 1354 5066 ἑαυτὸν
1387 5012 1482 5065 ἕνα
1503 5012 1608 5065 τῶν
1635 5012 1949 5082 κτισμάτων

364 5095 608 5166 εἰρηκὼς
627 5137 642 5162 ,
681 5098 714 5170 ἢ
740 5100 821 5153 ὅτι
846 5101 1066 5173 Ποίημά
1094 5105 1210 5173 εἰμι
1231 5143 1245 5167 ,
1277 5105 1376 5157 οὐκ
1405 5103 1951 5172 ἐξενίζοντσάκούον-

362 5205 496 5252 τες,
530 5191 650 5243 οὐδὲ
687 5191 1035 5265 βλασφημίαν
1064 5195 1310 5266 ἐνόμιζον
1343 5195 1412 5249 τὰ
1442 5193 1665 5250 τοιαῦτα
1705 5197 1944 5268 ῥήματα,

363 5279 570 5344 ειδότες
605 5284 701 5336 καὶ
731 5285 977 5354 ἀγγέλων
1006 5287 1302 5359 ἐπιδημίαν
1327 5289 1623 5359 γενομένην
1656 5289 1791 5360 πρὸς
1821 5289 1946 5352 τοὺς

364 5371 616 5442 πατέρας
636 5390 648 5403 ·
677 5374 790 5427 ἀλλ’
815 5375 1002 5446 ἐπειδὴ
1035 5377 1160 5432 Υίδν
1184 5379 1376 5432 ἑαυτὸν
1411 5378 1594 5447 ἔλεγεν
1618 5420 1634 5448 ,
1787 5377 1948 5432 ἐθεώ-

368 5478 505 5534 ρουν
537 5461 612 5534 μὴ
634 5461 930 5532 κτίσματος
960 5459 1101 5518 εἶναι
1127 5478 1189 5519 το
1213 5464 1784 5538 τοιοῦτονγνώρισμα,
1811 5466 1948 5522 ἀλλὰ

367 5555 627 5627 θεότητος
653 5555 748 5610 καὶ
774 5555 990 5626 φύσεως
1020 5559 1315 5631 πατρικῆς.

448 5823 464 5855 ¹
498 5821 657 5882 «ιοιιη.
692 5841 804 5892 xw,
829 5826 916 5883 50.
997 5827 1059 5884 'l
1089 5825 1245 5886 Joan.
1278 5847 1358 5898 ut,
1393 5832 1446 5888 8.
1525 5835 1544 5866 ³
1575 5832 1732 5891 Joan.
1770 5851 1880 5902 xiv,
1914 5837 1966 5891 5.

2052 4460 2339 4513 veritatem
2369 4467 2423 4512 et
2453 4459 2788 4529 praecipuum
2820 4468 3019 4515 nostra:
3050 4459 3172 4514 ﬁdei
3214 4457 3625 4514 fundamentum

2052 4566 2174 4607 esse
2206 4565 2314 4605 non
2349 4551 2673 4622 ignorabat,
2707 4561 2793 4615 et,
2831 4551 2878 4607 si
2912 4552 3026 4620 ipse
3059 4562 3204 4606 esset
3235 4549 3429 4617 Filius,
3465 4550 3626 4604 linem

2054 4642 2360 4696 habituram
2393 4656 2518 4697 esse
2548 4642 2874 4697 diabolicam
2909 4643 3250 4714 tyrannidem
3286 4661 3301 4698 :
3329 4645 3413 4697 sin
3445 4653 3627 4696 autem

2053 4745 2271 4790 creatus
2309 4745 2497 4804 esset,
2533 4751 2702 4790 unum
2761 4750 2979 4805 quoque
3033 4751 3159 4788 eum
3212 4750 3334 4790 esse
3375 4750 3441 4790 ex
3498 4735 3630 4789 Athe

2054 4829 2288 4898 posteris
2328 4843 2490 4897 quem
2526 4827 2657 4881 olim
2682 4826 2932 4896 decepit,
2974 4826 3311 4897 proindeque
3350 4826 3480 4880 nihil
3525 4827 3629 4881 hoc

2055 4921 2356 4973 curandum
2380 4935 2520 4974 esse.
2542 4918 2616 4971 Ea
2643 4917 2894 4973 similiter
2917 4917 2984 4971 de
3007 4932 3173 4972 causa
3189 4916 3360 4972 Judaei
3384 4919 3629 4989 indigna:

2053 5011 2251 5064 bantur
2273 5049 2287 5073 ,
2324 5011 2469 5079 quod
2495 5009 2760 5063 Dominus
2793 5024 2852 5064 se
2881 5007 3078 5064 Filium
3105 5008 3234 5075 Dei,
3259 5019 3312 5065 et
3337 5009 3504 5066 Deum
3541 5014 3628 5065 sui

2052 5101 2334 5171 proprium
2368 5100 2582 5156 Patrem
2611 5102 2836 5156 diceret.
2872 5099 3006 5155 Nam
3040 5103 3084 5158 si
3123 5117 3180 5157 se
3214 5117 3378 5157 unam
3414 5119 3444 5158 e
3475 5119 3630 5157 crea-

2054 5194 2120 5246 tis
2144 5192 2307 5246 rebus
2334 5192 2416 5246 vel
2445 5190 2647 5246 factum
2677 5207 2798 5248 esse
2845 5193 3103 5259 dixisset,
3162 5183 3298 5249 nihil
3355 5195 3477 5250 illos
3507 5209 3628 5262 per-

2054 5285 2369 5338 turbassent
2404 5283 2720 5353 hujusmodi
2742 5285 2938 5347 verba,
2971 5299 3070 5340 nec
3122 5286 3290 5355 impia
3322 5301 3442 5340 esse
3487 5284 3629 5352 judi-

2052 5385 2297 5441 casscnt,
2334 5383 2525 5444 utpote
2557 5374 2757 5447 quibus
2788 5390 2894 5431 non
2923 5375 3122 5431 latebat
3145 5375 3369 5444 angelos
3403 5373 3530 5426 olim
3557 5373 3625 5426 ad

2051 5481 2184 5524 suos
2207 5474 2388 5537 patres
2420 5464 2738 5520 accessisse.
2770 5463 2968 5518 Verum
2999 5465 3127 5533 quia
3157 5477 3215 5516 se
3247 5461 3444 5516 Filium
3470 5461 3621 5517 dice-

2054 5562 2166 5623 but,
2207 5560 2257 5612 id
2296 5572 2400 5611 non
2437 5559 2513 5611 rei
2561 5565 2778 5621 creatae,
2813 5555 2906 5610 sed
2939 5554 3240 5609 divinitatis
3293 5569 3356 5609 ac
3387 5563 3628 5624 paterna:

2055 5663 2263 5705 naturae
2299 5660 2477 5703 notam
2511 5662 2633 5702 esse
2663 5646 3080 5715 perspiciebant.

2044 5837 2065 5868 ⁸
2102 5836 2291 5890 ΜειΗι.
2326 5851 2436 5897 xw,
2483 5835 2565 5888 l6.
2644 5836 2664 5867 ⁸
2698 5835 2887 5891 Matth.
2929 5851 3002 5898 tv.
3035 5837 3089 5894 6.
