4032 6288
481 359 585 423 4θ3

670 472 777 527 Par
815 472 1005 542 itaque
1026 480 1140 526 crat
1164 469 1399 524 Arianos
1431 468 1620 523 saltem
1647 484 1808 523 suum
1851 470 2052 525 imitari
2083 472 2131 527 Δ

475 576 682 636 patrem
701 564 1002 628 diabolum,
1019 563 1259 633 quidque
1284 562 1359 615 rei
1376 570 1521 617 esset
1542 560 1836 630 inquirere,
1863 562 1935 615 ita
1971 571 2048 626 ut,

474 660 522 713 si
554 659 781 713 dixisset
803 657 1042 726 quidem,
1085 653 1315 708 Verbum
1343 653 1424 709 vel
1455 652 1652 707 Filium
1679 668 1765 707 me
1782 651 2052 718 fundavit,

474 749 618 803 idem
656 748 918 803 sentirent
952 754 1115 814 atque
1142 761 1286 799 nunc
1304 746 1548 800 sentiunt
1574 764 1586 800 :
1613 755 1667 799 at
1702 745 1747 799 si
1795 761 1902 799 non
1939 746 2053 800 hrec

473 839 594 910 ejus
627 846 811 894 essent
837 838 1003 892 verba
1025 878 1039 902 ,
1073 854 1138 892 ea
1170 852 1388 907 quoque
1413 853 1535 907 qure
1578 854 1684 892 non
1720 846 1903 891 essent
1940 854 2049 891 non

473 929 1039 983 comminiscerentur.
1094 929 1207 983 Nec
1258 928 1400 982 enim
1455 928 1625 994 dixit,
1679 928 1818 982 Ante
1877 943 2050 982 aevum

472 1020 713 1076 Verbum
750 1020 833 1074 vel
872 1019 1070 1074 Filium
1106 1035 1191 1074 me
1216 1018 1499 1089 fundavit,
1534 1019 1627 1075 sed
1664 1027 1897 1084 tantum,
1931 1019 2053 1087 fun-

472 1117 618 1169 davit
642 1132 751 1180 me,
814 1123 869 1168 ut
912 1114 1172 1167 nimirum
1232 1113 1529 1175 indicaret,
1584 1112 2095 1180 quemadmodum-

467 1206 579 1274 jam
602 1204 883 1257 observavi
906 1242 919 1266 ,
942 1218 1048 1256 non
1080 1212 1298 1271 propter
1329 1220 1408 1267 se,
1442 1203 1535 1256 sed
1565 1211 1782 1271 propter
1810 1203 1931 1256 illos
1957 1204 2050 1271 qui

471 1311 635 1364 super
666 1296 843 1365 ipsum
866 1294 1203 1349 aediﬁcantur
1224 1335 1237 1357 ,
1270 1295 1404 1360 haec,
1438 1293 1711 1363 proverbii
1739 1294 1931 1361 instar,
1972 1294 2051 1349 lo-

470 1398 654 1441 rutum
689 1401 828 1441 esse.
868 1385 920 1438 ld
945 1385 1146 1454 Optime
1194 1385 1527 1454 intelligebat
1582 1384 1875 1455 Apostolus
1923 1399 2048 1439 cum

470 1478 544 1532 ita
573 1477 793 1547 scripsit
834 1496 846 1529 :
896 1475 1321 1529 Fundamentum
1362 1473 1515 1527 aliud
1570 1490 1718 1529 nemo
1757 1482 1923 1544 potest
1956 1489 2050 1543 po-

469 1585 627 1632 nere,
660 1577 851 1638 prazter
892 1567 943 1621 id
982 1568 1119 1637 quod
1153 1568 1380 1637 positum
1427 1574 1538 1633 est,
1578 1567 1716 1635 quod
1770 1577 1845 1619 est
1892 1563 2045 1618 Iesus

2149 1568 2421 1633 βλεπέτω
2432 1608 2446 1633 ,
2500 1566 2626 1633 πῶς
2678 1565 3072 1635 ἐποικοδομεῖ.

470 1659 732 1714 Christus.
786 1656 1149 1727 Unusquisque
1196 1666 1371 1709 autent
1437 1656 1607 1709 videat
1651 1656 1910 1724 quomodo
1952 1672 2045 1708 su-

468 1748 788 1821 peradi/icet
840 1752 879 1803 ¹.
913 1748 1083 1801 Porro
1128 1762 1350 1802 necesse
1384 1756 1465 1802 est
1513 1757 1572 1801 ut
1597 1746 1703 1801 tale
1746 1749 1817 1801 sit
1848 1746 2045 1800 fomla-

470 1852 713 1897 mentum
737 1841 919 1912 qualia
944 1850 1071 1895 sunt
1106 1855 1228 1909 qum
1257 1855 1423 1910 super
1452 1840 1631 1909 ipsum
1666 1839 2007 1893 aediﬁcantur
2028 1879 2042 1903 ,

468 1946 530 1988 ut
558 1934 699 1989 inter
728 1948 786 1989 se
826 1933 1042 2003 possint
1073 1940 1195 2003 apte
1240 1946 1559 2001 congruere.
1598 1931 1759 2000 Atqui
1800 1941 1857 1984 ut
1909 1930 2044 1985 Ver-

468 2027 637 2091 bum,
669 2024 1039 2095 tales,qualis
1286 2032 1339 2078 et
1383 2024 1497 2093 ipse
1539 2032 1657 2083 est,
1706 2023 1797 2092 qui
1858 2037 2043 2077 secum

468 2116 797 2173 conveniant
832 2116 1031 2170 habere
1084 2129 1191 2168 non
1234 2123 1451 2184 potest,
1511 2114 1750 2182 quippe,
1800 2128 1924 2168 cum
1975 2114 2047 2167 sit

467 2206 799 2279 unigenitus.
836 2208 905 2259 At
934 2204 1111 2259 factus
1143 2205 1305 2259 homo
1333 2203 1540 2258 similes
1582 2204 1779 2268 habet,
1804 2219 2043 2273 quorum

466 2300 717 2356 videlicet
750 2298 981 2353 similem
1018 2312 1238 2351 carnem
1264 2294 1587 2364 assumpsit.
1620 2293 1808 2364 Itaque
1842 2310 2043 2350 secun-

466 2396 594 2449 dum
630 2402 880 2448 naturam
922 2390 1218 2444 humanam
1248 2386 1544 2453 fundatur,
1588 2397 1646 2441 ut
1687 2395 1742 2442 et
1772 2402 1873 2443 nos
1918 2400 2043 2443 tan-

466 2498 628 2553 quam
655 2483 860 2551 lapides
890 2479 1106 2549 pretiosi
1139 2494 1300 2549 super
1332 2479 1512 2546 ipsum
1561 2478 1818 2533 aediﬁcari
1862 2478 2041 2549 possi-

466 2591 591 2629 mus
618 2616 631 2640 ,
657 2582 710 2629 et
740 2572 1001 2641 templum
1034 2570 1332 2627 efﬁciamur
1356 2571 1528 2625 sancti
1569 2570 1809 2641 Spiritus
1851 2571 1906 2625 in
1945 2585 2045 2625 no-

465 2667 551 2721 bis
584 2665 898 2719 habitantis.
926 2663 1191 2717 C'eterum
1225 2672 1282 2716 ut
1305 2663 1420 2731 ipse
1464 2661 1880 2717 fundamentum
1920 2671 2005 2717 est
2027 2703 2042 2730 ,

466 2774 569 2814 nos
602 2769 781 2813 autem
811 2772 1005 2812 sumus
1042 2757 1134 2827 qui
1165 2772 1328 2826 super
1360 2756 1537 2825 ipsum
1561 2754 1898 2810 aediﬁcamur
1928 2774 1940 2809 :
1969 2755 2042 2809 ita

466 2851 630 2905 etiam
655 2850 794 2904 idem
824 2848 938 2917 ipse
974 2848 1098 2902 vitis
1132 2856 1244 2911 est,
1288 2862 1389 2901 nos
1421 2855 1603 2900 autem
1648 2846 1814 2900 veluti
1846 2846 2045 2916 palmic

469 2953 549 2998 tes
577 2942 945 3005 coluerentes,
982 2954 1089 2993 non
1130 2938 1349 3009 quidem
1390 2939 1691 2993 secundum
1744 2939 2041 2996 divinitatis

464 3041 718 3087 naturam
744 3073 758 3096 ,
794 3046 917 3084 nam
953 3030 1057 3083 hoc
1082 3028 1195 3082 ﬁeri
1222 3029 1443 3099 nequit,
1486 3029 1579 3085 sed
1603 3030 1901 3084 secundum
1938 3046 2040 3085 na-

468 3108 645 3178 turam
677 3123 972 3177 humanam
1024 3123 1267 3187 (necesse
1325 3123 1470 3176 enim
1526 3130 1610 3178 est
1660 3124 1787 3178 vitis
1834 3122 2042 3179 similes

464 3232 587 3270 essu
614 3216 907 3285 palmites),
939 3214 1065 3284 quia
1099 3229 1200 3269 uos
1232 3213 1439 3270 scilicet
1470 3215 1768 3269 secundum
1823 3230 2041 3269 carnem

467 3307 676 3361 similes
704 3306 849 3360 illius
876 3320 1086 3359 sumus.
1122 3304 1392 3369 Quoniam
1450 3321 1581 3359 vero
1634 3306 1873 3359 haeretici
1908 3306 2044 3360 nihil

467 3400 572 3454 nisi
609 3400 903 3452 humanum
936 3398 1184 3466 sapiunt,
1219 3398 1360 3450 haud
1391 3397 1487 3452 abs
1518 3412 1575 3450 re
1606 3396 1773 3451 fuerit
1805 3412 1899 3452 eos
1945 3398 2047 3451 hu-

466 3490 645 3544 mauis
681 3490 946 3557 exemplis
977 3489 1166 3543 eodem
1195 3505 1257 3542 ex
1313 3489 1432 3543 loco
1462 3488 1797 3557 depromptis
1854 3487 2048 3543 confu-

463 3595 603 3637 tare.
643 3581 830 3651 ltaque
856 3596 962 3636 non
1000 3580 1157 3645 dixit,
1185 3578 1618 3635 Fundamentum
1653 3595 1739 3634 me
1784 3578 1939 3644 fecit,
1982 3595 2048 3635 ne

464 3675 591 3728 inde
617 3690 739 3728 eum
773 3690 885 3727 rem
922 3672 1118 3727 factam
1153 3688 1275 3727 esse
1320 3682 1483 3743 atque
1511 3683 1667 3729 ortus
1713 3672 2038 3743 principium

463 3769 723 3823 habuisse
773 3768 1032 3837 suspicati
1066 3768 1329 3832 haeretici,
1368 3768 1665 3837 impietatis
1705 3768 2043 3823 stabiliendae

463 3856 808 3909 occasionem
842 3853 1181 3922 impudenter
1204 3853 1540 3921 arriperent;
1573 3853 1663 3909 sed
1691 3852 1865 3908 dixit:
1892 3851 2040 3905 Fun-

473 3948 617 4000 davit
654 3962 752 3999 me.
788 3943 957 3997 Porro
1009 3944 1151 4013 quod
1210 3943 1498 4007 fundatur,
1562 3944 1829 4012 lapidibus
1879 3959 2041 4013 super

473 4038 651 4106 ipsum
685 4035 940 4105 proiectis
972 4034 1230 4088 fundatur
1249 4076 1262 4096 ,
1300 4035 1443 4104 quod
1471 4035 1691 4105 quidem
1716 4048 1822 4088 non
1846 4036 2041 4104 quovis

472 4125 636 4179 modo
671 4124 947 4192 perﬁcitur
967 4163 981 4185 ,
1009 4123 1102 4176 sed
1129 4138 1249 4177 cum
1284 4123 1419 4192 lapis
1446 4138 1475 4177 e
1504 4132 1689 4177 monte
1725 4124 2040 4189 translatus,

1680 363 1724 421 E
1737 363 1781 421 U
1796 360 1995 420 [lith
2010 361 2063 417 ll
2128 361 2167 418 Ζ
2180 358 2303 417 lGA
2314 356 2493 417 BENI.

2349 467 2496 521 Ἔδει
2521 466 2699 520 τοίνυν
2730 467 2855 530 τοὺς
2901 467 3240 538 Ἀρειανοὺς,
3283 466 3380 522 κᾶν
3402 468 3488 522 τδν
3511 477 3692 548 πατέρα

2156 558 2362 613 ἑαυτῶν
2391 558 2481 612 τὸν
2510 558 2754 611 διάϐολον
2800 558 3169 629 μιμουμένους
3193 598 3208 622 ,
3240 560 3694 629 περιεργάζεσθαι·

2155 651 2250 704 καὶ
2278 651 2327 702 εί
2364 649 2462 721 μὲν
2493 650 2681 720 εἴρηκε
2702 688 2717 713 ,
2746 649 2916 716 Λόγον
2939 648 2971 719 ἢ
2998 648 3125 701 Υἱόν
3158 664 3224 719 με
3386 649 3697 721 ἐθεμελίωσε,

2157 744 2408 813 φρονεῖν,
2461 740 2537 804 ὡς
2568 739 2901 811 φρονοῦσιντ
2948 740 2995 793 εί
3040 739 3097 793 δὲ
3146 739 3220 810 μὴ
3272 738 3441 804 οὕτως
3491 742 3659 814 εἴρηκε
3685 789 3697 811 ,

2158 834 2231 905 μὴ
2259 833 2490 887 ἐπινοεῖν
2520 833 2728 895 ἑαυτοῖς
2897 829 2967 884 τὰ
2999 830 3073 900 μὴ
3105 830 3252 883 ὅντα.
3289 831 3360 883 Ού
3389 831 3491 903 γὰρ
3514 835 3699 906 εῐρηκε,

2153 928 2267 999 Πρὸ
2309 926 2401 981 τοῦ
2438 926 2630 989 αἰῶνος
2667 924 2840 992 Λόγον
2872 923 2904 995 ἢ
2935 923 3061 976 Υἱόν
3095 939 3161 991 με
3191 920 3569 992 ἐθεμελίωσεν·
3604 928 3701 980 ἀλλ’

2155 1018 2373 1084 ἁπλῶς,
2420 1015 2776 1081 ἐθεμελίωσέ
2797 1032 2903 1084 με,
2939 1014 3025 1066 ἵνα
3056 1013 3203 1083 δείξῃ
3240 1012 3428 1077 πάλιν,
3477 1015 3703 1088 καθάπερ

2152 1108 2305 1165 εἷπον
2325 1150 2340 1176 ,
2371 1110 2452 1163 ὅτι
2481 1109 2543 1163 οὐ
2574 1108 2638 1161 δι’
2671 1107 2863 1160 ἑαυτὸν
2881 1148 2895 1172 ,
2924 1105 3014 1158 διὰ
3041 1104 3098 1157 δέ
3124 1105 3248 1167 τοὺς
3281 1105 3701 1176 ἐποικοδομουμέ-

2152 1220 2275 1266 νους
2484 1202 2570 1254 ἐπ’
2602 1200 2763 1253 αὐτὸν
2806 1195 3194 1270 παροιμιωδῶς
3224 1199 3318 1251 καὶ
3362 1197 3513 1251 τοῦτο
3555 1199 3700 1267 λέγει.

2152 1292 2322 1345 Τοῦτο
2346 1290 2454 1362 γὰρ
2479 1290 2635 1355 εἰδὼς
2674 1290 2769 1343 καὶ
2806 1293 2833 1343 ὁ
2873 1289 3192 1352 Ἀπόστολος
3215 1289 3415 1359 γράφει
3444 1304 3459 1319 ·
3618 1292 3705 1342 08-

2146 1384 2363 1453 μέλιον
2382 1383 2491 1453 γὰρ
2519 1382 2713 1436 ἄλλον
2745 1380 2940 1447 οὐδεὶς
2967 1381 3214 1434 δύναται
3241 1380 3424 1434 θεῖναι
3446 1378 3594 1447 παρὰ
3614 1379 3706 1432 τὸν

2154 1477 2448 1547 κείμενον,
2483 1475 2550 1541 ὅς
2577 1476 2748 1528 ἐστιν
2783 1474 3022 1543 Ἰησοῦς
3050 1476 3325 1543 Χριστός.
3355 1474 3632 1539 Ἕκαστος
3648 1473 3706 1526 δὲ

3286 1564 3519 1632 Ἀνάγκη
3548 1563 3599 1617 δὲ
3626 1564 3705 1617 τὸν

2150 1661 2397 1732 θεμέλιον
2433 1658 2673 1712 τοιοῦτον
2704 1655 2863 1723 εἶναι,
2894 1652 2983 1711 οἷα
3017 1658 3111 1711 καὶ
3140 1657 3210 1711 τὰ
3236 1657 3707 1728 ἐποικοδομούμενα

2149 1754 2315 1814 ἐστιν,
2347 1751 2433 1805 ἵνα
2461 1752 2553 1805 καὶ
2582 1749 3103 1822 συναρμολογεῖσθαι
3150 1749 3375 1820 δυνηθῇ.
3428 1750 3588 1817 Λόγος
3623 1750 3706 1819 μὲν

2148 1838 2240 1895 οὖν
2268 1842 2343 1896 ὢν
2362 1884 2376 1898 .
2468 1841 2637 1910 Λόγος
2671 1832 2848 1901 ἐστίν,
2876 1842 2976 1895 οὐκ
3006 1841 3118 1912 ἔχει
3142 1840 3417 1904 τοιούτους
3438 1880 3453 1904 ,
3481 1836 3582 1905 οἷός
3608 1842 3707 1893 ἐστι

2148 1934 2243 1987 καὶ
2271 1933 2428 1997 αὐτὸς
2452 1972 2471 1998 ,
2631 1933 2755 1996 τοὺς
2785 1933 3393 2005 συναρμολογουμένους
3421 1933 3592 2004 αὐτῷ’
3623 1951 3705 2004 μοι

2147 2025 2370 2097 νογενὴς
2401 2026 2509 2097 γάρ
2537 2026 2684 2079 ἐστιν
2704 2042 2715 2055 ⁸
2746 2024 3031 2096 ἄνθρωπος
3052 2026 3109 2078 δὲ
3158 2024 3450 2095 γενόμενος
3471 2024 3576 2094 ἔχει
3599 2025 3708 2086 τοὺς

2146 2118 2397 2187 ὁμοίους,
2440 2111 2514 2171 ὧν
2561 2118 2655 2171 καὶ
2695 2117 2793 2188 τὴν
2832 2117 3024 2188 όμοίαν
3068 2116 3357 2170 ἐνεδύσατο
3530 2117 3706 2188 σάρκα.

2148 2208 2355 2263 Οὐκοῦν
2374 2209 2513 2263 κατὰ
2532 2210 2592 2263 τὸ
2608 2209 2945 2281 ἀνθρώπινον
2962 2208 3330 2280 θεμελιοῦται,
3353 2209 3439 2262 ἵνα
3458 2208 3548 2261 καὶ
3569 2210 3710 2277 ἡμεῖς

2147 2303 2234 2355 ἐπ’
2255 2302 2416 2356 αὐτὸν
2444 2303 2518 2365 ὡς
2548 2302 2683 2355 λίθοι
2708 2303 2878 2373 τίμιοι
2902 2300 3377 2372 ἐποικοδομεῖσθαι
3396 2299 3709 2370 δυνηθῶμεν,

2147 2394 2240 2448 καὶ
2267 2393 2553 2465 γενώμεθα
2584 2394 2711 2457 ναὸς
2736 2393 2829 2447 τοῦ
2860 2394 2916 2447 ὲν
2943 2395 3075 2463 ἡμῖν
3259 2390 3534 2454 οἰκοῦντος
3572 2390 3710 2458 ἁγίου

2146 2485 2481 2557 Πνεύματος.
2518 2486 2727 2556 Ὥσπερ
2753 2484 2809 2537 δέ
2839 2485 3087 2556 θεμέλιος
3112 2485 3300 2548 αὐτὸς,
3333 2486 3491 2554 ἡμεῖς
3516 2482 3570 2536 δὲ
3589 2481 3711 2534 λίθοι

2146 2576 2657 2649 ἐποικοδομούμενοι
2680 2578 2767 2630 ἐπ’
2799 2578 2993 2630 αύτόνο
3029 2576 3203 2641 οὕτως
3237 2577 3405 2640 αὐτὸς
3434 2575 3588 2629 πάλιν
3616 2573 3710 2644 ἄμ-

2148 2666 2307 2731 πελός
2330 2669 2495 2732 ἐστιν,
2527 2670 2685 2739 ἡμεῖς
2708 2668 2763 2721 δὲ
2786 2669 2862 2731 ὠς
2890 2667 3146 2740 κλήματα
3305 2669 3633 2738 συνημμένα,
3657 2667 3710 2718 ού

2146 2759 2288 2813 κατὰ
2329 2759 2426 2830 τὴν
2465 2758 2653 2812 οὐσίαν
2688 2759 2787 2829 τῆς
2821 2758 3073 2831 θεότητος
3094 2776 3106 2788 ·
3146 2759 3412 2813 ἀδύνατον
3436 2758 3540 2828 γὰρ
3572 2755 3711 2809 τοῦτό

2146 2866 2238 2918 γε’
2263 2849 2398 2904 ἀλλὰ
2428 2850 2587 2903 πάλιν
2611 2851 2751 2904 κατὰ
2782 2851 2842 2904 τὸ
2864 2850 3203 2923 ἀνθρώπινον
3227 2868 3240 2882 ·
3265 2850 3433 2921 ὃμοια
3461 2849 3562 2919 γὰρ
3588 2842 3712 2900 εἶναι

2145 2944 2225 2998 δεῖ
2257 2942 2324 2997 τὰ
2358 2943 2612 3015 κλήματα
2657 2946 2724 3015 τῇ
2770 2943 3027 3013 ἀμπέλῳ·
3076 2942 3196 2995 ἐπεὶ
3230 2942 3330 2996 καὶ
3366 2943 3523 3012 ἡμεῖς
3554 2941 3712 3011 ὅμοιοι

2149 3035 2290 3089 κατὰ
2334 3036 2433 3107 τὴν
2463 3034 2641 3107 σάρκα
2674 3036 3014 3106 τυγχάνομεν
3044 3034 3195 3099 ὄντες
3226 3032 3422 3088 αὑτοῦ.
3600 3028 3715 3082 Ἀλ-

2148 3126 2255 3191 λως
2267 3145 2324 3180 τε
2343 3125 2657 3199 ἀνθρώπινα
2678 3127 3008 3198 φρονοῦντας
3029 3128 3154 3190 τοὺς
3174 3126 3507 3197 αἱρετικοίις,
3524 3120 3714 3191 ἀνθρω-

2150 3218 2323 3281 πίνοις
2346 3218 2747 3289 παραδείγμασι
2777 3218 3070 3289 διελέγχειν
3092 3218 3363 3289 προσήκει
3388 3215 3476 3270 διὰ
3498 3212 3600 3267 τῶν
3622 3212 3713 3265 αύι-

2145 3309 2255 3364 τῶν
2279 3309 2471 3377 λόγων.
2535 3311 2649 3363 Οὐκ
2676 3309 2865 3381 εἴρηκε
2892 3310 3042 3378 γοῦν,
3077 3311 3158 3363 ὅτι
3193 3308 3459 3381 Θεμέλιόν
3654 3321 3713 3375 με

2145 3402 2465 3473 πεποίηκεν,
2496 3403 2582 3455 ἴνα
2613 3402 2722 3473 μὴ,
2749 3402 2824 3465 ὡς
2866 3403 3167 3473 ποιήματος
3193 3403 3293 3455 καὶ
3320 3400 3494 3473 ἀρχὴν
3518 3400 3715 3471 ἔχοντος

2145 3492 2310 3546 αὐτοῦ
2340 3492 2434 3545 τοῦ
2461 3492 2733 3561 γίνεσθαι,
2769 3492 2870 3545 κᾶν
2904 3493 2962 3545 ἐν
2992 3492 3163 3563 τούτῳ
3191 3493 3468 3565 πρόφασιν
3498 3489 3714 3560 εὕρωσιν

2145 3585 2494 3655 ἀναίσχυντον
2515 3584 2651 3655 πρὸς
2672 3585 2924 3637 ἀσέϐειαν
2948 3602 2961 3614 ·
2991 3584 3103 3638 ἀλλ’
3121 3587 3202 3638 ὅτι
3227 3579 3612 3654 Ἐθεμελίωσέ
3625 3595 3710 3649 με.

2148 3675 2221 3727 Τὸ
2245 3673 2302 3726 δὲ
2321 3672 2568 3743 θεμελιού
2577 3690 2734 3743 μενον
2761 3672 3101 3743 θεμελιοῦται
3133 3673 3231 3743 μὲν
3252 3674 3345 3728 διὰ
3365 3675 3491 3736 τοὺς
3510 3667 3715 3723 ἐπιϐαλ-

2147 3765 2404 3835 λομένους
2434 3765 2519 3816 ἐπ’
2540 3764 2668 3817 αὐτὸ
2837 3764 3016 3827 λίθους
3038 3781 3050 3794 ο
3079 3765 3289 3833 γίνεται
3311 3766 3368 3819 δὲ
3395 3765 3493 3834 οὐχ
3520 3758 3712 3820 ἁπλῶς,

2152 3853 2265 3907 ἀλλ’
2294 3853 2421 3907 ὃταν
2455 3851 2516 3916 ἐξ
2543 3851 2699 3923 ὅρους
2733 3850 3023 3923 μετενεχθῇ
3053 3850 3218 3914 λίθος,
3252 3851 3352 3904 καὶ
3379 3852 3456 3913 είς
3478 3850 3538 3901 τὸ
3565 3847 3715 3917 βάθος

2153 3944 2253 4014 τῆς
2272 3943 2374 4014 γῆς
2394 3942 2682 4013 κατατεθῇ.
2704 3942 2813 3994 Καὶ
2835 3941 2939 4004 ἕως
2963 3942 3059 4011 μὲν
3070 3942 3140 4009 ,ἐν
3164 3938 3239 4009 τῷ
3255 3939 3378 4011 ὄρει
3398 3938 3540 4000 λίθος
3562 3936 3719 3997 ἐστὶν,

2132 4036 2302 4088 οὔπω
2330 4033 2715 4105 τεθεμελίωται
2733 4052 2746 4064 ·
2785 4033 3005 4086 ἐπειδὰν
3033 4032 3089 4085 δὲ
3111 4032 3144 4102 ἡ
3170 4032 3333 4101 χρεία
3358 4031 3582 4098 ἀπαιτῇ,
3636 4026 3722 4079 καὶ

2157 4126 2447 4199 μετενεχθῇ
2468 4168 2484 4195 ,
2653 4126 2745 4178 καὶ
2776 4123 3134 4195 περιϐάληται
3162 4123 3221 4175 τὸ
3268 4122 3436 4193 βάθος
3464 4121 3563 4189 τῆς
3594 4118 3717 4187 γῆς·

474 4216 530 4269 in
572 4214 696 4267 imis
728 4214 885 4266 terris
916 4213 1233 4265 collocatur.
1264 4210 1399 4265 Nam
1424 4212 1665 4281 quandiu
1696 4212 1835 4281 lapis
1878 4220 1962 4267 est
1987 4212 2042 4266 in

2151 4218 2271 4270 τότε
2297 4216 2480 4269 λοιπὸν
2500 4256 2514 4281 ,
2555 4218 2602 4269 εί
2631 4215 2784 4268 λάϐοι
2815 4215 2997 4284 φωνὴν
3026 4215 3053 4265 6
3086 4213 3231 4276 λίθος
3253 4254 3268 4277 ,
3309 4213 3457 4265 εἴποι
3490 4213 3552 4265 ἄν
3571 4227 3583 4239 ο
3618 4206 3721 4260 Νῦν

472 4314 689 4366 monte,
727 4304 971 4356 nondum
1004 4304 1214 4371 positus
1234 4311 1316 4358 est
1348 4305 1401 4357 in
1432 4302 1868 4358 fundamentum.
1904 4303 2041 4357 Cum

473 4409 604 4449 vero
632 4394 883 4464 exigente
925 4408 1124 4458 causa,
1176 4396 1472 4450 translatus
1520 4393 1720 4459 fuerit,
1773 4405 1828 4450 et
1888 4404 2045 4450 terra:

470 4484 739 4555 profundo
763 4494 1079 4555 conpertus,
1118 4494 1245 4541 tunc
1276 4487 1323 4541 si
1356 4502 1459 4541 vox
1480 4487 1642 4556 lapidi
1664 4487 1905 4551 daretur,
1930 4487 2045 4542 haec

472 4578 660 4646 utique
690 4585 873 4646 posset
898 4576 1111 4630 dicere:
1142 4575 1244 4641 Qui
1277 4592 1364 4631 me
1399 4577 1505 4632 hnc
1535 4577 1857 4647 :transtulit,
1899 4592 2046 4631 nunc

469 4665 719 4719 fundavit
745 4680 847 4717 me.
883 4663 1051 4734 Igitur
1076 4664 1190 4732 ipse
1216 4680 1435 4735 quoque
1463 4664 1755 4731 Dominus,
1787 4680 1893 4719 non
1916 4676 2046 4721 tunc

468 4771 591 4809 esse
637 4755 831 4824 C(Bpit,
883 4772 1004 4809 cum
1062 4753 1321 4811 fundatus
1378 4764 1463 4810 est
1514 4755 1823 4827 (siquidem
1889 4763 2046 4809 antea

467 4855 587 4901 erat
618 4845 920 4915 Verbum),
957 4847 1049 4903 sed
1080 4857 1368 4918 postquam
1406 4855 1655 4903 nostrum
1694 4847 1870 4902 induit
1924 4862 2045 4901 cor-

469 4952 572 5005 pus
598 4977 611 4999 ,
642 4939 787 5005 quod
821 4954 886 4993 ex
908 4938 1078 4993 Maria
1113 4941 1388 4995 desectum
1422 4939 1663 5009 accepit,
1713 4947 1841 4993 tunc
1873 4938 2042 5003 dixit,

470 5028 738 5084 Fundarit
792 5048 869 5084 me
903 5049 919 5084 :
959 5034 1099 5102 quod
1137 5034 1274 5087 idrm
1318 5043 1402 5089 est
1451 5049 1515 5087 ac
1563 5033 1608 5087 si
1637 5032 1840 5087 diceret
1874 5051 1885 5085 :
1919 5031 1999 5085 Me
2027 5070 2041 5094 ,

467 5121 561 5188 qui
594 5136 712 5174 sum
750 5121 984 5174 Verbum
1023 5140 1036 5175 ε
1071 5131 1287 5177 terreno
1333 5138 1563 5193 corpore
1618 5123 1917 5192 cooperuit.
1954 5120 2043 5175 Sic

2154 4306 2476 4378 ἐθεμελίωσέ
2495 4323 2581 4377 με,
2719 4308 2747 4358 6
2763 4305 2820 4371 ἐξ
2839 4298 3106 4375 ὅρουςῶδε
3124 4302 3399 4374 μεταθείς.
3418 4299 3619 4356 Οὐκοῦν
3633 4297 3722 4365 οὐχ

2153 4400 2181 4451 ό
2206 4397 2406 4469 Κύριος
2434 4398 2528 4449 καὶ
2559 4397 2646 4450 ὅτε
2676 4394 3095 4465 τεθεμελίωται,
3114 4394 3288 4465 ἀρχὴν
3319 4394 3432 4464 ἔχει
3465 4390 3558 4446 τοῦ
3596 4387 3724 4442 εἶναι

2154 4485 2253 4560 (ἦν
2278 4488 2385 4558 γὰρ
2409 4488 2502 4541 καὶ
2529 4486 2634 4558 πρὸ
2661 4486 2850 4539 τούτου
2880 4485 3070 4555 Λόγος)
3087 4503 3099 4515 ο
3133 4485 3246 4538 ἀλλ’
3273 4487 3365 4538 ὅτε
3386 4486 3448 4536 τὸ
3471 4483 3721 4555 ἡμέτερον

2153 4578 2436 4633 ἐνεδύσατο
2464 4576 2642 4647 σῶμα,
2667 4577 2813 4651 ,ὅπερ
2836 4577 2901 4629 ἐκ
2930 4576 3149 4647 Μαρίας
3173 4575 3383 4645 τμηθὲν
3411 4572 3590 4637 ἔλαϐε,
3611 4569 3722 4622 τότε

2152 4671 2335 4742 φησιν,
2500 4666 2885 4736 Ἐθεμελίωσέ
2910 4683 3015 4736 με·
3053 4667 3164 4718 ἴσον
3193 4665 3270 4735 τῷ
3299 4666 3478 4717 εἰπεῖν
3498 4680 3511 4693 ·
3560 4660 3721 4726 Λόγον

2150 4761 2279 4813 ὄντα
2306 4777 2371 4830 με
2398 4757 2689 4830 περιέϐαλε
2720 4757 2891 4828 γηΐνῳ
2918 4755 3149 4827 σώματι.
3184 4755 3342 4808 Οὕτω
3366 4754 3473 4826 γὰρ
3497 4753 3561 4805 δι’
3585 4751 3723 4822 ἡμᾶς

2151 4848 2487 4921 θεμελιοῦται
2507 4889 2520 4913 ,
2550 4848 2619 4901 τὰ
2650 4848 2807 4918 ἡμῶν
2841 4845 3261 4915 ἀναδεχόμενος,
3310 4844 3401 4896 ἵνα,
3426 4843 3585 4913 ἡμεῖς
3607 4878 3621 4902 ,
3653 4836 3721 4897 ὡς

2152 4941 2431 5011 σύσσωμοι
2465 4936 3018 5010 συναρμολογούμενοι
3048 4935 3142 4989 καὶ
3170 4932 3519 4994 συνδεθέντες
3549 4932 3602 4982 ἐν
3633 4926 3721 4981 αύ-

2148 5034 2226 5104 τῷ
2341 5032 2538 5102 διὰτῆς
2552 5029 2863 5103 ὁμοιώσεως
2876 5029 2973 5099 τῆς
2995 5027 3216 5098 σαρκὸς,
3234 5027 3314 5088 εἰς
3336 5025 3508 5094 ἄνδρα
3528 5020 3719 5074 τέλειον

2149 5126 2601 5197 καταντήσαντες,
2637 5121 2893 5174 ἀθάνατοι
2926 5119 3019 5172 καὶ
3047 5117 3314 5188 ἄφθαρτοι
3337 5113 3716 5185 διαμείνωμεν.

473 5217 618 5274 enim
674 5216 779 5277 ille,
819 5216 909 5285 qui
973 5222 1155 5269 nostra
1195 5217 1445 5285 suscipit,
1506 5216 1679 5270 nostri
1732 5231 1896 5269 causa
1948 5215 2227 5278 fundatur,
2279 5221 2339 5266 ut
2388 5225 2510 5275 nos,
2560 5209 2652 5280 qui
2702 5207 2883 5263 simile
2946 5207 3209 5262 habemus
3262 5220 3493 5274 corpus,
3543 5199 3716 5256 carnis

475 5314 830 5371 sunalitudine
859 5312 911 5365 in
945 5311 1037 5365 illo
1070 5312 1237 5380 aptati
1299 5324 1351 5366 ct
1382 5312 1644 5380 colligati,
1676 5312 1730 5365 in
1758 5313 1932 5365 virum
1989 5308 2288 5381 perfectum
2345 5322 2699 5362 occurramus
2732 5306 2775 5370 ³,
2828 5304 3278 5370 immortalesque
3330 5309 3385 5353 et
3422 5293 3711 5363 incorrupti

480 5424 817 5465 maneamus.

548 5505 718 5557 Nemo
763 5516 888 5556 vero
945 5500 1028 5553 his
1080 5502 1242 5552 etiam
1291 5499 1545 5567 loquendi
1604 5500 1778 5556 modis
1827 5509 2048 5554 contur—

728 5597 860 5648 Ante
923 5610 1121 5661 rerum,
1157 5606 1203 5647 et
1233 5635 1245 5658 ,
1286 5593 1603 5662 Priusquam
1660 5604 1850 5647 terram
1910 5595 2050 5663 {ace-

482 5598 633 5650 hctur
677 5614 688 5648 :

555 5776 771 5832 'ltlor.
814 5778 1129 5846 “511,10.
1207 5784 1224 5812 ²
1258 5782 1456 5848 Ephcs.
1488 5795 1559 5841 ιν,
1598 5770 1678 5832 l3.

2225 5498 2297 5548 Τὸ
2338 5493 2417 5559 δὲ,
2475 5494 2594 5560 Πρὸ
2655 5493 2759 5545 τοῦ
2800 5489 3038 5553 αἰῶνος,
3062 5490 3174 5554 καὶ,
3198 5486 3319 5555 Πρὸ
3353 5485 3462 5542 τοῦ
3487 5491 3598 5553 τὴν
3614 5477 3718 5550 γῆν

2157 5587 2428 5657 ποιῆσαι,
2460 5588 2574 5651 καὶ,
2630 5585 2750 5654 Πρὸ
2788 5583 2893 5638 τοῦ
2928 5582 3035 5651 ὅρη
3086 5577 3485 5651 ἑδρασθῆναι,
3531 5574 3723 5646 μηδένα
