4102 6298
419 389 531 455 405

409 507 733 578 ταραττέτω
761 518 779 537 ⁸

409 600 490 670 τῷ
509 640 523 662 ,
551 597 938 666 ἐθεμελίωσε,
967 597 1063 649 καὶ
1089 593 1167 666 τῷ
1185 635 1200 661 ,
1245 594 1450 650 ἔκτισε
1469 611 1482 624 ·
1515 595 1673 648 τοῦτο
1698 594 1807 666 γὰρ
1833 593 1994 648 πάλιν

409 687 512 755 τῆς
546 685 687 739 κατά
727 683 906 754 σάρκα
933 684 1244 755 οἰκονομίας
1291 683 1544 736 ἅπτεται.
1609 683 1674 736 Ἡ
1703 682 1812 755 γὰρ
1843 683 1996 754 παρά

408 777 505 829 τοῦ
538 777 790 846 Σωτῆρος
816 777 896 840 εἰς
925 777 1071 846 ἡμᾶς
1099 775 1362 846 γενομένη
1382 775 1559 847 χάρις,
1585 776 1708 847 ἄρτι
1739 775 1834 846 μὲν
1861 776 1990 827 ὲπε-

411 867 558 938 φάνη
584 911 598 933 ,
630 869 706 932 ὡς
733 863 885 921 εἶπεν
919 869 947 920 6
989 867 1328 932 Ἀπόστολος,
1359 869 1453 920 καὶ
1481 868 1701 936 γέγονεν
1727 868 1994 939 ἐπιδημή-

412 977 604 1023 σαντος
626 960 787 1013 αὐτοῦ
804 975 819 991 ο
840 961 1240 1038 προητοίμαστο
1255 959 1310 1011 δὲ
1330 957 1469 1029 αὕτη
1486 959 1580 1012 καὶ
1598 959 1724 1029 πρὶν
1743 955 1994 1026 γενέσθαι

407 1055 594 1124 ἡμᾶς,
627 1053 825 1124 μᾶλλον
869 1053 1049 1107 δὲκαὶ
1093 1053 1199 1124 πρὸ
1399 1051 1500 1121 τῆς
1548 1050 1852 1120 καταϐολῆς
1899 1049 1993 1104 τοῦ

410 1143 652 1212 κόσμου·
703 1142 857 1213 καὶὴ
915 1141 1063 1195 αἰτία
1115 1143 1325 1214 χρηστὴ
1379 1141 1473 1195 καὶ
1532 1141 1820 1210 θαυμαστή
1879 1138 1995 1202 πώς

409 1235 576 1288 ἐστιν.
613 1234 726 1286 Οὐκ
759 1232 965 1302 ἔπρεπε
983 1233 1073 1286 τὸν
1095 1231 1226 1286 Θεὸν
1252 1231 1474 1303 ὕστερον
1515 1231 1643 1302 περὶ
1665 1230 1823 1301 ἡμῶν
1875 1226 1998 1300 βου-

407 1323 686 1385 λεύεσθαι,
723 1325 810 1377 ἵνα
839 1324 912 1396 μὴ
945 1323 1020 1387 ὡς
1045 1322 1254 1392 ἀγνοῶν
1279 1323 1350 1376 τὰ
1374 1323 1497 1376 καθ’
1533 1325 1680 1394 ἡμᾶς
1711 1323 1989 1393 φαίνηται.

407 1414 624 1479 Κτίζων
651 1414 828 1468 τοίνυν
867 1417 1014 1486 ἡμᾶς
1041 1414 1127 1468 διά
1160 1413 1252 1468 τοῦ
1298 1415 1427 1468 ἰδίου
1459 1413 1631 1482 Λόγου
1661 1415 1690 1467 6
1719 1412 1828 1467 τῶν
1859 1413 1994 1466 ὅλων

405 1505 571 1570 Θεὸς,
603 1507 698 1559 καὶ
723 1505 879 1570 είδὼς
919 1506 985 1560 τὰ
1017 1506 1176 1577 ἡμῶν
1208 1507 1347 1580 ὑπὲρ
1381 1508 1527 1577 ἡμᾶς
1549 1545 1562 1570 ,
1601 1505 1993 1577 προγινώσκων

405 1616 490 1660 τε,
527 1599 628 1661 ὅτι,
657 1595 812 1651 καλοὶ
838 1598 1117 1668 γενόμενοι
1145 1638 1159 1660 ,
1197 1598 1419 1670 ὕστερον
1445 1597 1755 1670 παραϐάται
1779 1597 1877 1668 τῆς
1900 1598 1990 1650 ὲν-

404 1689 568 1760 τολῆς
593 1689 845 1759 ἐσόμεθα,
867 1690 960 1743 καὶ
986 1692 1049 1743 ἐκ
1068 1691 1160 1744 τοῦ
1183 1691 1510 1762 παραδείσου
1536 1689 1987 1762 ἐκῢληθησόμεθα

403 1779 496 1833 διὰ
521 1780 622 1849 τὴν
649 1779 932 1851 παρακοὴν
960 1818 977 1844 ,

405 1868 796 1942 προετοιμάζει
819 1871 877 1923 ὲν
1037 1869 1115 1941 τῷ
1140 1871 1253 1940 ἰδίῳ
1268 1871 1446 1940 Λόγῳ,
1471 1869 1536 1924 δι’
1560 1865 1620 1925 οὗ
1654 1871 1749 1924 καὶ
1775 1871 1989 1925 ἔκτισεν

401 1961 578 2030 ἡμᾶς,
611 1960 712 2032 τὴν
739 1960 992 2032 περὶτῆς
1023 1953 1296 2032 σωτηρίας
1323 1961 1479 2032 ήμῶν
1510 1961 1840 2031 οἰκονομίαν,
1877 1962 1987 2026 ῐνα,

403 2052 516 2106 κᾶν
541 2051 910 2124 ἀπατηθέντες
934 2050 1086 2122 παρά
1109 2051 1201 2104 τοῦ
1230 2051 1406 2119 ὄφεως
1427 2051 1771 2122 ἐκπέσωμεν,
1800 2053 1874 2125 μὴ
1903 2054 1992 2106 τέο

400 2142 528 2196 λεον
559 2141 942 2212 ἀπομείνωμεν
971 2140 1192 2212 νεκροὶ,
1241 2140 1355 2194 ἀλλ’
1381 2140 1596 2211 ἔχοντες
1634 2145 1691 2195 ὲν
1719 2140 1796 2212 τῷ
1830 2141 1988 2213 Λόγῳ

401 2236 508 2308 τὴν
531 2235 1046 2306 προητοιμασμένην
1088 2237 1220 2306 ἡμῖν
1268 2233 1535 2306 λύτρωσίν
1583 2235 1760 2288 τεκαὶ
1811 2252 1987 2306 σωτη-

407 2329 559 2400 ρίαν,
594 2329 753 2382 πάλιν
778 2329 1125 2394 ἀναστάντες,
1163 2325 1419 2381 ἀθάνατοι
1443 2326 1831 2396 διαμείνωμεν,
1861 2326 1988 2380 ὅταν

407 2420 572 2483 αὐτὸς
602 2420 739 2491 ὑπὲρ
763 2422 795 2492 ἡ
806 2420 921 2491 μῶν
953 2419 1094 2493 ἀρχὴ
1125 2418 1233 2473 τῶν
1255 2418 1390 2472 ὁδῶν
1423 2417 1636 2489 κτισθῇ,
1667 2417 1761 2471 καὶ
1785 2420 1813 2471 ὁ
1838 2435 1986 2490 πρω-

411 2512 627 2576 τότοκος
674 2512 773 2582 τῆς
824 2510 1054 2574 κτίσεως
1085 2511 1309 2581 γένηται
1347 2509 1690 2581 πρωτότοκος
1719 2509 1985 2578 ἀδελφῶν,

408 2603 506 2656 καὶ
539 2602 699 2665 αὐτὸς
731 2602 953 2674 ἀπαρχὴ
977 2600 1094 2655 ’τῶν
1127 2601 1336 2674 νεκρῶν
1370 2601 1595 2672 ἀναστῇ.
1631 2599 1803 2653 Τοῦτο
1831 2598 1980 2653 Παῦ-

401 2693 498 2757 λος
525 2694 554 2746 6
592 2693 858 2765 μακάριος
883 2693 1178 2756 ἀπόστολος
1364 2691 1591 2763 γράφων
1616 2690 1855 2745 διδάσκει
1875 2707 1890 2722 ο
1921 2689 1983 2744 τὸ

390 2791 508 2860 γὰρ
541 2789 598 2841 ὲν
625 2789 743 2850 ταῖς
773 2783 1122 2856 Παροιμίαις,
1152 2779 1274 2849 Πρὸ
1302 2779 1408 2833 τοῦ
1438 2781 1674 2843 αἰωνος,
1704 2776 1818 2842 καὶ,
1849 2775 1972 2845 Πρὸ

391 2879 508 2934 τοῦ
530 2877 644 2946 τὴν
662 2876 778 2947 γῆν
797 2874 1097 2945 γενέσθαι,
1119 2869 1508 2942 διερμηνεύων,
1525 2868 1666 2922 οὕτω
1685 2869 1818 2939 φησί
1837 2869 1974 2940 πρὸς

397 2969 503 3040 μὲν
557 2965 850 3037 Τιμόθεον*
903 2958 1454 3031 Συγκακοπάθησον
1490 2956 1571 3022 τῷ
1611 2956 1972 3027 Εὐαγγελίφ,

393 3059 554 3114 κατὰ
583 3057 836 3124 δύναμιν
857 3052 1004 3107 Θεοῦ
1025 3051 1131 3106 τοῦ
1153 3049 1466 3115 σώσαντος
1493 3045 1649 3117 ἡμᾶς
1674 3048 1772 3101 καί
1800 3047 1978 3101 καλέ-

393 3169 626 3215 σαντος
662 3147 879 3215 κλήσει
911 3145 1074 3216 ἁγίᾳ·
1107 3145 1178 3198 οὐ
1207 3141 1355 3197 κατὰ
1381 3142 1453 3195 τὰ
1476 3142 1618 3210 ἔργα

395 3241 563 3297 ἀλλὰ
609 3239 758 3294 κατὰ
802 3236 916 3306 τὴν
966 3235 1124 3288 ἰδίαν
1159 3235 1444 3302 πρόθεσιν
1472 3231 1568 3285 καὶ
1599 3229 1805 3299 χάριν,
1863 3229 1976 3298 τὴν

395 3333 684 3389 δοθεῖσαν-
711 3329 854 3400 ἡμῖν
881 3330 952 3382 ἐν
968 3326 1198 3397 Χριστῷ
1237 3324 1429 3393 Ἰησοῦ
1451 3323 1559 3390 πρὸ
1591 3323 1826 3392 χρόνων
1847 3322 1978 3374 αἰωο

396 3427 581 3488 νίων,
629 3418 1074 3492 φανερωθεῖσαν
1113 3415 1181 3469 δὲ
1207 3415 1323 3470 νῦν
1355 3413 1452 3467 διὰ
1491 3410 1598 3480 τῆς
1628 3410 1978 3480 ἐπιφανείας

397 3517 510 3571 τοῦ
535 3514 809 3582 Σωτῆρος
840 3509 1011 3580 ἡμῶν
1048 3505 1242 3576 Ἰησοῦ
1268 3504 1546 3574 Χριστοῦ,
1575 3499 1980 3582 καταργήσαν-

398 3626 507 3673 τος
518 3606 632 3674 μὲν
647 3581 752 3658 τὸν
767 3601 1042 3666 θάνατον,
1057 3599 1428 3668 φωτίσαντος
1453 3595 1520 3648 δὲ
1538 3581 1652 3663 την
1805 3590 1974 3660 ζωήν.

400 3698 549 3768 Πρὸς
601 3696 658 3748 δὲ
712 3695 837 3756 τοὺς
882 3689 1194 3762 Ἐφεσίους·
1243 3685 1589 3755 Εὐλογητὸς
1627 3687 1660 3738 ό
1692 3681 1836 3747 Θεὸς
1874 3681 1976 3734 καὶ

401 3784 608 3852 Πατὴρ
641 3783 747 3838 τοῦ
775 3783 995 3850 Κυρίου
1021 3777 1189 3849 ἡμῶν
1222 3777 1424 3845 Ἰησοῦ
1449 3775 1727 3844 Χριστοῦ,
1753 3777 1784 3827 ό
1808 3775 1998 3842 εὐλοο,

400 3877 602 3948 γήσας
631 3875 788 3945 ἡμᾶς
818 3875 888 3928 ἐν
914 3871 1080 3942 πάσῃ
1103 3870 1345 3939 εὐλογίᾳ
1366 3863 1739 3936 πνευματικῇ
1766 3865 1836 3918 ἐν
1856 3863 1980 3928 τοῖς

400 3967 783 4037 ἐπουρανίοις
813 3965 882 4018 ἐν
901 3961 1131 4033 Χριστῷ
1166 3958 1360 4028 Ἰησοῦ
1391 3968 1406 3986 ⁶
1566 3955 1759 4020 καθὼς
1778 3951 1982 4017 ἐξελέ-

404 4061 555 4126 ξατο
595 4055 751 4127 ἡμᾶς
778 4056 848 4109 ἐν
871 4053 1030 4118 αὐτῷ
1055 4050 1170 4120 πρὸ
1207 4046 1544 4115 καταϐολῆς
1569 4046 1799 4113 κόσμου
1829 4038 1982 4097 εἶναι

403 4149 566 4221 ἡμᾶς
589 4149 794 4219 ἁγίους
821 4145 919 4199 καὶ
944 4143 1221 4214 ἀμώμους
1254 4141 1378 4194 κατ’
1415 4138 1672 4192 ἐνώπιον
1701 4135 1886 4189 αὐτοῦ
1914 4133 1985 4187 ὲν

1445 391 1828 454 PANOPLIA
1872 387 2335 450 DOGMATICA.
2373 410 2442 420 —
2470 386 2621 448 TlT.
2663 387 2771 447 XI.

967 505 1108 559 πάνυ
1138 504 1243 576 γὰρ
1277 502 1549 558 καὶτοῦτο
1582 501 1762 566 καλῶς
1793 502 1987 572 συνῆψε

2095 509 2192 564 ret,
2247 507 2322 564 et,
2363 498 2658 568 Antequam
2708 498 3343 553 montescollocarentnr
3419 506 3456 557 ί.
3505 503 3668 561 Recte

3559 387 3684 451 406'

2093 591 2238 646 enim
2269 592 2371 646 ista
2394 591 2679 661 conjunxit
2706 606 2832 646 cum
2869 591 3080 656 verbis,
3121 592 3362 659 fundavit
3382 635 3396 661 ,
3428 591 3658 651 et'crea-

2094 684 2187 736 vit.
2227 681 2472 754 Namque
2498 685 2616 739 haec
2643 683 2762 754 ejus
2789 684 3087 739 secundum
3124 699 3341 740 carnem
3383 688 3668 758 dispensa-

2099 775 2302 829 tionem
2333 783 2599 844 spectant.
2634 773 2846 831 Etenim
2881 776 3054 846 gratia
3080 792 3201 846 qua:
3229 777 3388 834 nobis
3420 794 3449 833 a
3481 779 3668 836 Salva-

2097 877 2211 922 tore
2259 867 2460 922 donata
2492 877 2612 932 est,
2667 868 2830 923 modo
2883 867 3097 938 quidem
3143 872 3432 940 apparuit,
3473 882 3541 928 vut
3591 876 3668 929 ait

2094 959 2388 1030 Apostolus
2440 962 2486 1026 ',
2521 969 2821 1031 exortaque
2847 969 2930 1015 est
2949 969 3236 1031 postquam
3268 961 3382 1032 ipse
3408 963 3664 1020 advenit:

2093 1067 2284 1108 verum
2310 1061 2600 1122 antequam
2648 1069 2746 1108 nos
2777 1069 3124 1109 nasceremur
3152 1095 3166 1120 ,
3205 1055 3283 1108 vel
3318 1057 3500 1126 potius
3544 1069 3668 1114 ante

2092 1143 2288 1199 mundi
2335 1145 2780 1199 constitutionem
2833 1158 3135 1215 praeparata
3181 1145 3312 1212 fuit,
3364 1147 3523 1217 cujus
3553 1149 3671 1205 haec

2099 1250 2267 1290 causa
2295 1245 2350 1290 et
2394 1245 2540 1290 recta
2576 1244 2660 1291 est
2707 1244 2760 1290 et
2799 1236 3138 1290 admiranda.
3189 1238 3358 1292 Deum
3390 1237 3457 1293 de
3510 1241 3688 1296 nobis-

2093 1327 2370 1398 posterius
2399 1327 2702 1382 deliberare
2757 1327 2978 1381 minime
3002 1328 3257 1394 decebat,
3312 1345 3379 1384 ne
3426 1346 3513 1386 res
3570 1347 3682 1385 no--

2094 1428 2238 1473 stras
2275 1419 2530 1490 ignorare
2567 1419 2863 1473 videretur.
2904 1417 3170 1486 Quocirca
3199 1436 3323 1475 cum
3349 1437 3450 1476 nos
3482 1438 3664 1477 rerum

2093 1510 2474 1564 universarum
2498 1507 2640 1565 Deus
2657 1525 2752 1579 per
2775 1509 3054 1580 pr0prium
3082 1509 3313 1566 Verbum
3343 1522 3588 1578 crearet,
3615 1525 3668 1569 et

2093 1612 2192 1662 ea,
2217 1613 2338 1668 qua:
2377 1597 2444 1652 ad
2474 1613 2576 1654 nos
2607 1599 2909 1668 pertinent,
2947 1616 3110 1670 supra
3143 1617 3244 1655 nos
3291 1607 3656 1673 prospiceret,

2089 1698 2561 1759 praenosceretque
2587 1706 2686 1746 nos
2718 1700 3004 1760 postquam
3032 1693 3159 1748 boni
3191 1693 3318 1748 facti
3345 1695 3662 1764 fuissemus,

1128 1780 1508 1852 φιλάνθρωπος
1537 1781 1630 1834 καὶ
1657 1780 1859 1850 ἀγαθὸς
1889 1781 1984 1846 ῶν,

2093 1778 2262 1848 legem
2299 1778 2594 1834 violaturos
2615 1821 2629 1846 ,
2661 1788 2824 1849 atque
2850 1780 3054 1836 idcirco
3104 1795 3136 1836 e
3191 1783 3448 1851 paradiso
3478 1789 3665 1857 expel-

2089 1869 2282 1924 lendos
2314 1887 2327 1924 :
2362 1869 2453 1925 ille
2487 1871 2580 1940 qui
2628 1871 3001 1940 perhumanus
3043 1880 3098 1927 et
3141 1872 3408 1945 benignus
3444 1886 3555 1944 est,
3609 1879 3662 1932 in

2089 1960 2313 2032 proprio
2350 1959 2562 2026 Verbo,
2595 1977 2693 2031 per
2724 1963 2868 2032 quod
2898 1979 2999 2019 nos
3029 1965 3255 2032 creavit,
3463 1977 3665 2024 nostrae

2091 2053 2286 2108 salutis
2315 2049 2796 2123 dispensationem
2858 2056 3216 2126 praeparavit,
3257 2065 3316 2112 ut
3376 2059 3660 2126 videlicet,

2093 2143 2307 2200 etiamsi
2336 2145 2678 2215 contingeret
2698 2155 2758 2200 ut
2782 2145 2813 2199 ιι
2844 2145 3091 2203 daemone
3119 2147 3481 2204 circumventi
3506 2152 3664 2206 cadco

2091 2249 2314 2301 remus,
2367 2252 2436 2291 ne
2484 2237 2686 2292 mortui
2727 2238 2946 2308 penitus
2996 2254 3438 2307 remaneremus,
3479 2243 3572 2297 sed
3608 2253 3665 2298 ut

2088 2325 2517 2395 redemptionem
2547 2335 2602 2382 et
2625 2327 2856 2382 salutem
2903 2328 2958 2382 in
2996 2326 3176 2384 Verbo
3204 2331 3364 2386 nobis
3402 2347 3663 2403 praepara-

2089 2423 2200 2471 tam
2236 2416 2531 2484 habentes,
2556 2418 3006 2474 revivisceremus
3044 2428 3097 2474 ct
3140 2420 3474 2479 immortales
3521 2439 3662 2479 esse-

2091 2522 2246 2573 mus,
2282 2515 2572 2577 postquam
2597 2508 2716 2579 ipse
2746 2523 2848 2578 pro
2882 2509 3044 2565 nobis
3081 2509 3412 2582 principium
3446 2515 3664 2569 viarum.

2086 2605 2172 2654 est
2203 2606 2419 2653 creatus
2438 2640 2453 2665 ,
2481 2607 2535 2654 et
2559 2599 2652 2668 qui
2679 2607 2945 2654 creaturae
2968 2600 3365 2673 primogenitus
3412 2614 3521 2669 est,
3555 2604 3662 2659 fra-

2087 2699 2230 2746 trum
2256 2689 2433 2747 factus
2461 2689 2565 2745 fuit
2594 2689 3022 2760 primogenitus,
3045 2699 3101 2747 et
3130 2691 3276 2762 ipse,
3321 2704 3658 2750 mortuorum

2093 2786 2381 2860 primitite,
2405 2780 2621 2837 revixit.
2653 2777 2782 2846 Haec
2809 2778 2926 2847 ipsa
2958 2784 3042 2830 est
3071 2773 3214 2828 beati
3249 2773 3480 2842 apostoli
3515 2772 3663 2826 Pauli

2092 2876 2337 2933 doctrina
2357 2915 2372 2939 ,
2406 2872 2501 2942 qui
2534 2871 2624 2924 illa
2656 2866 3075 2922 Proverbiorum
3107 2863 3303 2929 verba,
3326 2871 3446 2915 ante
3475 2878 3662 2924 aeuum,

2092 2977 2168 3036 et,
2200 2975 2482 3036 antequam
2520 2973 2660 3016 terra
2690 2962 2865 3030 fieret,
2899 2959 2972 3011 ita
3012 2955 3254 3026 Epistola
3297 2955 3363 3008 ad
3394 2953 3664 3008 Timothe-

2092 3075 2184 3114 um
2220 3060 2604 3126 interpretatur
2647 3052 2667 3084 ³
2698 3071 2711 3106 :
2754 3049 3038 3105 Collabora
3069 3046 3352 3116 Evangelia
3378 3047 3674 3098 secundum

1775 3137 1977 3208 ἡμῶν,
2011 3146 2054 3205 C
2092 3149 2191 3203 Dei
2219 3149 2495 3210 virtutem,
2527 3145 2616 3213 qui
2650 3143 2820 3197 salvos
2874 3157 2966 3195 nos
3013 3140 3138 3209 fecit
3166 3149 3215 3194 et
3273 3139 3472 3193 vocavit
3513 3153 3666 3191 voca-

2093 3241 2232 3294 tione
2265 3248 2481 3295 sancta,
2520 3252 2620 3288 non
2655 3233 2940 3288 secundum
2982 3248 3139 3302 opera
3173 3241 3391 3297 nostra,
3439 3232 3528 3284 sed
3583 3246 3665 3284 se-

2093 3331 2319 3384 cundum
2345 3329 2617 3398 proprium
2651 3326 2975 3396 propositum
2995 3335 3042 3377 et
3074 3324 3301 3392 gratiam
3323 3363 3337 3386 ,
3373 3338 3489 3392 qua:
3515 3320 3662 3375 nobis

2091 3426 2221 3476 data
2247 3431 2322 3476 est
2353 3421 2406 3474 in
2467 3419 2676 3473 Christo
2715 3417 2842 3471 Jesu
2891 3425 3011 3468 ante
3058 3425 3257 3468 (eterna
3305 3422 3569 3480 tempora,
3613 3420 3662 3465 et

2095 3530 2228 3566 nunc
2255 3513 2499 3581 apparuit
2532 3527 2624 3580 per
2671 3511 2948 3563 adventum
2994 3503 3286 3561 Saluatoris
3327 3505 3495 3559 nostri
3534 3502 3663 3558 Iesu

2091 3604 2319 3671 Christi,
2351 3603 2440 3673 qui
2477 3590 2695 3655 mortem
2725 3601 2935 3671 quidem
2962 3599 3224 3654 destruxit
3249 3637 3263 3658 ,
3293 3598 3457 3650 vitam
3487 3603 3662 3647 autem

2090 3693 2437 3748 illuminavit.
2499 3690 2564 3745 Et
2608 3691 2673 3744 ad
2729 3688 3037 3758 Ephesios:
3070 3685 3384 3740 Benedictus
3431 3683 3572 3736 Deus
3611 3691 3666 3735 et

2092 3784 2259 3839 Pater
2292 3784 2502 3838 Domini
2525 3783 2692 3836 nostri
2719 3780 2847 3835 Iesu
2867 3781 3089 3845 Christi,
3112 3780 3200 3849 qui
3225 3777 3485 3832 benedixit
3512 3775 3662 3829 nobis

2092 3876 2148 3929 in
2175 3876 2317 3929 omni
2379 3874 2735 3928 benedictione
2785 3870 3088 3941 spirituali,
3147 3871 3203 3922 in
3247 3866 3574 3929 cwlcstibus,
3605 3866 3661 3918 in

2092 3965 2305 4022 Christo
2341 3965 2468 4020 Jesu
2492 4009 2506 4032 ,
2545 3968 2683 4020 sicut
2722 3964 2877 4034 elegit
2927 3979 3020 4017 nos
3068 3963 3124 4015 in
3163 3963 3277 4030 ipso
3319 3969 3441 4013 ante
3479 3957 3668 4010 mundi

2093 4058 2539 4121 constitutionem,
2582 4067 2638 4110 ut
2676 4071 2905 4110 essemus
2952 4053 3123 4108 sancti
3151 4059 3196 4105 et
3239 4047 3573 4103 immaculati
3604 4049 3659 4101 in

2093 4155 2369 4218 conspectu
2405 4147 2518 4217 ejus
2546 4149 2599 4202 in
2623 4147 2903 4213 charitate,
2943 4145 3034 4216 qui
3059 4142 3448 4213 praedestinavit
3477 4148 3569 4194 nos
3600 4141 3656 4193 in

404 4237 975 4310 ἀγάπῃ,προορίσας
1002 4232 1160 4304 ἡμᾶς
1195 4233 1283 4300 εἰς
1303 4229 1613 4284 υἱοθεσίαν
1645 4226 1744 4280 διὰ
1783 4223 1985 4291 Ἰησοῦ

2093 4243 2421 4312 adoptionem
2451 4257 2543 4311 per
2563 4239 2746 4295 Iesum
2781 4239 3050 4295 Christum
3081 4238 3141 4291 in
3161 4237 3334 4310 ipsum
3379 4237 3424 4288 δ’.

411 4331 672 4405 Χριστοῦ
693 4333 781 4396 εὶς
810 4329 1016 4384 αὐτόν.

595 4442 720 4506 Πῶς
747 4435 838 4494 οὖν
863 4437 1163 4507 ἐξελέξατο,
1195 4435 1326 4508 πρὶν
1342 4432 1594 4504 γενέσθαι
1617 4433 1783 4504 ἡμᾶς,
1817 4431 1864 4483 εἰ
1889 4431 1984 4501 μὴ,

400 4539 480 4601 ὡς
503 4536 662 4598 αὐτὸς
700 4533 920 4604 εἴρηκεν
941 4571 955 4596 ,
1005 4533 1064 4585 ὲν
1094 4528 1242 4600 αὐτῷ
1277 4524 1419 4600 ἦμεν
1469 4524 1985 4598 προτετυπωμένοι;

403 4629 532 4691 Πῶς
555 4628 610 4680 δὲ
635 4626 792 4689 ὅλως,
823 4625 950 4695 πρὶν
971 4621 1288 4694 ἀνθρώπους
1311 4618 1616 4689 κτισθῆναι,
1644 4618 1790 4687 ἡμᾶς
1812 4613 1991 4687 προώ-

413 4735 566 4791 ρισεν
595 4719 675 4780 εἰς
703 4714 972 4769 υἱοθεσίαν
999 4749 1016 4776 ,
1180 4712 1228 4764 εἰ
1260 4710 1335 4782 μὴ
1367 4709 1529 4773 αὐτὸς
1552 4711 1580 4762 ὁ
1605 4707 1730 4770 Υἱὸς
1762 4707 1868 4778 πρὸ
1894 4705 1990 4760 τοῦ

411 4811 609 4873 αἰῶνος
652 4805 1046 4878 τεθεμελίωτο,
1095 4801 1487 4880 ἀναδεξάμενος
1524 4799 1621 4872 τὴν
1663 4800 1802 4870 ὑπὲρ
1834 4799 1991 4870 ἡμῶν

413 4901 752 4973 οἰκονομίαν;
781 4902 852 4954 Ἢ
878 4898 1014 4963 πῶς,
1034 4897 1109 4960 ὡς
1129 4894 1382 4965 ἐπιφέρει
1405 4893 1576 4962 λέγων
1597 4895 1625 4946 6
1653 4891 1990 4956 Ἀπόστολος,

411 4993 836 5062 ἐκληρώθημεν
859 4987 1333 5058 προορισθέντες,
1354 4988 1401 5039 εἰ
1428 4986 1502 5057 μὴ
1531 4983 1691 5049 αὐτὸς
1716 4987 1744 5038 6
1767 4984 1991 5056 Κύριος,

415 5086 526 5158 πρὸ
546 5085 638 5139 τοῦ
667 5085 859 5149 αἰῶνος
884 5080 952 5156 ἦν
979 5079 1347 5153 θεμελιωθεὶς,
1376 5079 1518 5132 ὥστε
1547 5077 1707 5132 αὐτὸν
1737 5077 1994 5150 πρόθεσιν

415 5179 561 5247 ἔχειν
596 5177 736 5247 ὑπὲρ
781 5177 813 5246 ἡ
824 5177 938 5244 μῶν
982 5175 1161 5227 πάντα
1191 5173 1282 5225 τὸν
1320 5170 1441 5225 καθ’
1477 5170 1633 5242 ἡμῶν
1677 5169 1872 5240 κλῆρον
1902 5169 1996 5222 τοῦ

415 5266 686 5339 κρίματος
864 5263 1222 5332 ἀναδέξασθαι
1251 5263 1338 5317 διὰ.
1369 5263 1468 5333 τῆς
1499 5261 1701 5334 σαρκὸς
1721 5300 1735 5324 ,
1769 5260 1861 5313 καὶ
1887 5259 1994 5312 λοι-

415 5362 522 5412 πὸν
560 5359 708 5428 ἡμᾶς
751 5360 808 5412 ὲν
851 5357 1001 5428 αὐτῷ
1040 5355 1485 5429 ζωποιηθῆναι;
1511 5351 1634 5416 Πῶς
1667 5351 1726 5406 δὲ
1753 5349 1847 5404 καὶ
1891 5349 1997 5419 πρὸ

415 5453 628 5522 χρόνων
652 5451 888 5506 αἰωνίων
912 5449 1290 5519 ἐλαμϐάνομεν
1317 5449 1670 5520 χάριν,μήπω
1691 5442 1996 5514 γεγονότες,

415 5544 470 5595 εἰ
505 5543 580 5613 μὴ
611 5545 667 5596 ἐν
697 5541 774 5613 τῷ
799 5539 1020 5612 Χριστῷ
1047 5537 1114 5614 ἦν
1139 5539 1478 5610 ἀποκειμένη
1511 5539 1543 5607 ἡ
1570 5539 1649 5600 εἰς
1679 5536 1826 5606 ἡμᾶς
1863 5534 1999 5605 φθά-

519 5747 534 5774 ¹
574 5745 734 5800 Prov.
776 5757 892 5804 rm,
925 5739 1112 5797 23-25.
1232 5743 1257 5772 ⁸
1293 5739 1400 5794 Tit.
1433 5754 1492 5806 ιι,
1535 5738 1617 5791 ιι.

1731 5739 1749 5769 ³
1795 5739 1834 5793 ιι
1869 5736 2008 5794 Tim.
2037 5753 2073 5801 ι,
2106 5737 2254 5792 8-10.

2274 4442 2562 4509 Quomodo
2585 4455 2712 4512 ergo
2736 4455 2837 4496 nos
2873 4438 3038 4508 elegit
3067 4448 3356 4506 antequam
3385 4448 3658 4495 essemus,

2094 4536 2226 4600 nisi,
2275 4543 2335 4589 ut
2380 4535 2498 4604 ipse
2534 4531 2689 4597 dixit,
2726 4532 2779 4585 in
2809 4531 2928 4601 ipso
2971 4527 3267 4584 fuissemus
3301 4523 3614 4595 prsesignati
3642 4522 3673 4575 ’ἰ

2095 4626 2200 4693 Qui
2227 4641 2355 4681 vero
2390 4624 2506 4679 ﬁeri
2554 4621 2766 4694 potuit,
2800 4629 2860 4676 ut
2887 4635 3006 4684 nos,
3049 4618 3370 4688 priusquam
3411 4613 3666 4668 homines

2093 4727 2451 4782 crearentur,
2503 4715 2555 4769 in
2599 4713 2944 4783 adoptionem
2996 4704 3500 4780 prwdestinaverit,
3557 4703 3663 4757 nisi

2095 4810 2210 4879 ipse
2260 4807 2432 4862 Filius
2485 4813 2610 4860 ante
2648 4818 2824 4857 aevum
2856 4800 3114 4855 fundatus
3159 4801 3341 4858 esset,
3373 4799 3623 4860 suscepta
3647 4829 3662 4855 ,

2095 4901 2270 4957 nostri
2323 4899 2495 4970 gratia
2529 4939 2543 4962 ,
2592 4890 3041 4966 dispensatione?
3094 4888 3191 4942 Vel
3239 4884 3514 4956 quomodo
3548 4923 3562 4947 ,
3605 4889 3666 4934 ut

2099 4993 2320 5063 subjicit
2371 4990 2666 5060 Apostolus
2693 5028 2708 5053 ,
2751 4997 2893 5041 sorte
2937 4997 3119 5037 sumus
3171 4975 3546 5050 prwdestinati,
3596 4976 3618 5008 ⁸
3649 5015 3662 5038 ,

2095 5087 2203 5142 nisi
2238 5085 2351 5154 ipse
2380 5082 2642 5138 Dominus
2677 5087 2802 5133 ante
2830 5091 3004 5134 aevum
3039 5072 3305 5127 fundatus
3329 5069 3540 5132 fuisset,
3586 5065 3660 5117 ita

2098 5188 2159 5233 ut
2187 5177 2284 5246 ipsi
2312 5174 2650 5244 propositum
2683 5170 2846 5225 fuerit
2875 5182 3092 5224 omnem
3135 5163 3328 5236 iudicii
3377 5161 3663 5216 adversum

2098 5283 2198 5324 nos
2224 5268 2316 5322 lati
2351 5273 2552 5321 sortem
2595 5277 2758 5318 carne
2798 5260 3096 5329 suscipere,
3133 5272 3244 5326 quo
3279 5269 3378 5308 nos
3412 5250 3666 5316 deinceps

2102 5347 2159 5402 in
2192 5347 2311 5415 ipso
2339 5344 2772 5400 viviﬁcaremur?
2791 5343 3276 5411 Quomodoautem
3310 5349 3365 5396 et
3390 5348 3515 5393 ante
3543 5347 3676 5392 tein-

2103 5455 2233 5513 pora
2261 5437 2537 5494 saecularia
2568 5439 2791 5509 gratiam
2833 5437 3247 5506 accepissemus,
3301 5432 3389 5501 qui
3427 5431 3670 5485 nondum

2108 5549 2348 5596 eramus,
2379 5531 2482 5586 nisi
2517 5531 2690 5603 gratia
2719 5530 2909 5584 fuisset
2939 5528 2991 5581 in
3033 5526 3246 5580 Christo
3288 5524 3523 5594 reposita
3555 5539 3675 5592 qua:

2381 5730 2400 5760 ⁸
2439 5732 2638 5800 Eplies.
2676 5748 2714 5792 1,
2758 5731 2874 5786 5-5.
2993 5731 3011 5761 ⁸
3053 5730 3184 5785 ibid.
3222 5731 3332 5784 li.‘
