4032 6288
447 298 553 362 407

1692 240 2077 362 ΕΗΓΠΥΞΠΙ
2116 303 2444 363 ZIGABEN
2453 305 2481 364 Ι

3585 310 3674 375 408

451 418 517 472 ad
547 431 648 472 nos
696 428 814 472 erat
850 427 1177 486 perventura
1208 420 1231 471 ?
1260 418 1397 475 llinc
1429 418 1518 474 ille
1548 423 1601 473 ln
1634 419 1864 490 judicio,
1901 435 2025 475 cum

2136 439 2295 476 νουσα
2318 438 2512 493 χαρις;
2540 421 2632 475 Διὸ
2660 421 2753 476 καὶ
2777 420 2835 475 ὲν
2862 422 2928 492 τῇ
2962 419 3138 490 κρίσει
3168 420 3295 474 ὅταν
3314 421 3530 492 ἕκαστος
3555 435 3676 485 κατὰ

453 508 829 578 unusquisque
860 524 959 577 pro
986 509 1099 563 suis
1132 509 1288 563 factis
1312 511 1622 565 mercedem
1656 519 1738 565 est
1768 520 2027 581 acceptu-

2130 515 2228 584 τὴν
2265 514 2465 585 πρᾶξιν
2495 513 2892 586 ἀπολαμϐάνει,
2936 514 3133 583 φήσει·
3169 513 3346 567 Δεῦτε
3374 518 3426 569 οί
3456 520 3679 592 εὐλογη-

455 616 570 661 rus,
599 600 738 654 dicet
774 616 789 652 :
834 598 1037 665 Venite,
1065 600 1324 652 benedicti
1358 597 1541 653 Patris
1578 601 1679 653 mei
1716 614 1732 651 :
1769 601 2029 666 possidete

2136 605 2296 673 μένοι
2321 607 2427 659 τοῦ
2447 607 2677 673 Πατρός
2707 624 2850 673 μου,
2872 605 3371 673 κληρονομήσατε
3393 608 3501 674 τὴν
3542 612 3678 677 ἡτοι-

453 701 705 759 paratum
757 690 895 742 vobis
954 704 1169 759 regnum
1236 705 1267 741 a
1328 690 1701 744 constitutione
1759 692 2025 746 mundi’.

454 783 740 849 Quomodo
790 782 971 851 igitur,
1022 781 1107 835 vel
1142 781 1195 833 in
1229 796 1358 849 quo,
1414 790 1707 853 antequam
1757 798 2026 850 essemus,

455 883 703 944 paratum
742 884 847 938 est,
876 872 979 927 nisi
1018 873 1069 926 in
1111 871 1361 935 Domino,
1394 875 1485 943 qui
1545 883 1673 929 ante
1703 890 1881 930 aevum
1908 890 2028 929 eam

452 965 523 1018 ob
572 978 789 1018 causam
825 963 1086 1017 fundatus
1118 971 1222 1028 est,
1265 972 1325 1017 ut
1357 979 1454 1018 nos
1485 979 1652 1035 super
1680 964 1856 1034 ipsum
1908 973 2028 1018 tan-

451 1071 613 1125 quam
646 1054 895 1109 aedificati
918 1097 933 1119 ,
988 1056 1113 1110 vitae
1143 1066 1194 1111 et
1227 1055 1411 1126 gratia:
1442 1070 1562 1125 quas
1612 1057 1680 1110 ab
1708 1056 1799 1109 illo
1830 1057 2027 1121 oritur,

451 1146 600 1200 velut
623 1144 731 1215 apti
761 1144 991 1214 lapides,
1046 1144 1341 1215 participes
1370 1160 1619 1202 essemus
1643 1146 1666 1199 ἲ
1694 1145 1883 1216 Itaque
1906 1149 2031 1218 jure

450 1237 647 1291 merito
709 1235 946 1291 Verbum
996 1236 1048 1290 in
1103 1246 1345 1291 nostram
1399 1237 1628 1292 veniens
1679 1252 1922 1301 carnem,
1974 1238 2029 1290 in

451 1344 625 1399 caque
670 1329 1002 1398 principium
1060 1331 1264 1383 viarurn
1305 1332 1357 1383 in
1404 1346 1568 1400 opera
1621 1346 1719 1385 sua
1755 1339 2026 1394 creatum,

449 1427 553 1479 bac
584 1427 817 1487 ratione,
848 1437 907 1479 ut
933 1434 1051 1478 erat
1078 1426 1128 1477 in
1163 1425 1279 1493 ipso
1316 1424 1491 1479 Patris
1529 1426 1802 1487 voluntas,
1835 1425 2031 1479 funda-

452 1529 561 1581 tur,
614 1517 774 1569 sicuti
832 1525 1318 1569 commemoratum
1372 1523 1490 1579 est,
1545 1527 1673 1568 ante
1723 1530 1920 1579 aevum,
1977 1521 2031 1566 et

452 1617 742 1675 antequam
798 1613 944 1659 terra
998 1604 1170 1670 ﬁeret,
1221 1616 1277 1659 et
1339 1616 1551 1659 montes
1606 1606 2027 1671 collocarentur,

451 1703 740 1770 fontesque
808 1702 1197 1765 scaturirent’,
1270 1715 1338 1754 ne
1388 1700 1635 1763 scilicet,
1676 1715 1800 1754 cum
1858 1709 2029 1763 terra,

2124 700 2448 766 μασμένην
2462 698 2606 768 ὑμῖν·
2615 699 2946 762 ,βασιλείαν
2967 699 3087 753 ἀπὸ
3103 699 3439 767 καταϐολῆς
3451 704 3680 771 κόσμου.

2130 788 2253 850 Πῶς
2282 788 2397 854 οὖν,
2425 791 2456 859 ἢ
2489 793 2545 843 ὲν
2579 790 2684 843 τίνι
2707 791 2835 859 πρὶν
2863 788 3126 857 γενέσθαι
3153 791 3302 860 ἡμᾶς
3332 791 3615 864 ἡτοιμάσοη
3642 797 3684 849 εί

2133 879 2209 949 μὴ
2246 879 2302 930 ὲν
2334 878 2409 949 τῷ
2446 879 2635 949 Κυρίῳ
2670 879 2745 948 τῷ
2781 880 2886 950 πρὸ
2916 879 3113 942 αἰῶνος
3147 881 3228 943 είς
3260 879 3415 933 τοῦτο
3444 880 3686 950 θεμελιωο

2131 969 2297 1033 θέντι,
2365 970 2430 1021 ἵν’
2484 972 2648 1039 ἡμεῖς
2707 969 2782 1033 ὡς
2842 970 2929 1023 ἐπ’
2982 970 3146 1023 αὐτὸν
3195 971 3686 1041 ἐποικοδομούμενοι

2136 1062 2532 1130 μεταλάϐωμεν
2577 1062 2651 1125 ὼς
2689 1062 2826 1116 λίθοι
2871 1062 3200 1133 εὐάρμοστοι
3251 1063 3346 1133 τῆς
3390 1063 3515 1134 παρ’
3558 1066 3689 1135 αὐτῷ

2139 1154 2286 1224 ζωῆς
2315 1171 2373 1206 τε
2413 1155 2505 1206 καὶ
2541 1154 2801 1225 χάριτος;
2841 1153 3054 1207 Οὐκοῦν
3091 1154 3319 1218 εἰκότως
3361 1155 3692 1211 ὲπιϐαίνωνὸ

2131 1245 2301 1311 Λόγος
2336 1244 2415 1305 είς
2445 1244 2541 1311 τὴν
2574 1247 2849 1316 ἡμετέραν
2884 1246 3096 1316 σάρκα,
3132 1245 3227 1297 καὶ
3260 1246 3319 1299 ὲν
3357 1246 3491 1317 αὐτῇ
3531 1250 3691 1311 κτιζό-

2135 1351 2315 1402 μῖνος,
2352 1334 2493 1404 ἁρχὴ
2518 1335 2651 1388 ὁδῶν
2685 1338 2764 1398 είς
2792 1335 2929 1406 ἔργα
2960 1337 3125 1390 αὐτοῦ
3152 1336 3497 1405 θεμελιοῦται
3520 1337 3690 1403 οὕτως,

2131 1427 2320 1496 ῶσπερ
2353 1422 2420 1497 ἦν
2452 1428 2508 1479 ὲν
2532 1428 2678 1492 αύτῷ
2705 1429 2763 1481 τὸ
2791 1428 3038 1500 βούλημα
3064 1429 3158 1483 τοῦ
3197 1429 3429 1497 Πατρδς,
3464 1429 3691 1499 καθάπερ

2132 1520 2371 1591 εἴρηται,
2425 1522 2531 1591 προ
2588 1521 2683 1575 τοῦ
2738 1522 2955 1587 αίῶνος,
3015 1523 3109 1576 καὶ
3160 1522 3265 1594 πρὸ
3316 1523 3408 1577 τοῦ
3465 1522 3558 1593 τὴν
3603 1525 3693 1591 γῆν

2132 1610 2408 1676 γενέσθαι,
2442 1612 2535 1663 καὶ
2569 1611 2673 1681 πρὸ
2707 1610 2798 1662 τοῦ
2828 1612 2928 1681 δρη
2961 1610 3320 1680 ἑδρασθῆναι,
3360 1613 3453 1666 καὶ
3484 1614 3583 1682 πρὸ
3608 1612 3692 1664 τοῦ

2132 1702 2229 1762 τὰς
2261 1692 2447 1770 πηγὰς
2479 1698 2782 1771 προελθεῖν.
2812 1701 2928 1752 Ἵνα
2952 1700 3108 1771 κᾶνή
3139 1702 3231 1771 γῆ,
3260 1700 3441 1754 καὶτὰ
3469 1701 3585 1770 ὅρη,
3613 1701 3695 1753 καὶ

448 1804 687 1860 montes,
714 1809 1006 1863 rerumque
1029 1795 1409 1863 apparentium
1452 1794 1636 1861 ﬁgurae
1665 1793 1716 1845 in
1747 1794 1853 1846 fine
1888 1808 2029 1861 prae.-

2140 1795 2207 1846 τὰ
2240 1794 2495 1862 σχήματα
2525 1792 2635 1844 τῶν
2669 1793 3012 1861 φαινομένων
3052 1791 3305 1863 παρέλθῃ
3341 1794 3395 1845 ὲν
3429 1795 3493 1863 τῇ
3526 1809 3695 1846 συντε-

450 1886 621 1941 sentis
655 1887 752 1940 aevi
787 1885 1173 1955 praeterierint,
1219 1901 1342 1946 nos,
1390 1885 1665 1949 similiter,
1700 1895 1759 1939 ut
1791 1885 1903 1947 illa,
1938 1902 2031 1938 ve-

450 1987 652 2030 tustate
701 1976 1138 2042 conﬁceremur;
1193 1978 1287 2031 sed
1321 1980 1504 2046 potius
1536 1986 1594 2030 ut
1629 1977 1792 2029 etiam
1838 1984 2027 2045 postea

448 2069 633 2121 Vivere
685 2068 1015 2131 valeremus,
1054 2077 1244 2138 utpote
1279 2068 1372 2137 qui
1413 2067 1570 2122 nobis
1599 2076 1728 2121 ante
1792 2081 1879 2121 res
1912 2066 2031 2121 illas

445 2170 810 2231 praeparatam
862 2162 919 2215 in
980 2162 1100 2232 ipso
1146 2160 1325 2216 Verbo
1377 2161 1678 2215 habeamus
1726 2163 2029 2215 secundum

446 2253 766 2307 electionem
814 2251 983 2307 vitam
1045 2261 1101 2307 et
1166 2251 1608 2307 benedictionem
1662 2251 2029 2321 spiritualem.

446 2345 539 2399 Sic
581 2345 726 2399 enim
786 2345 953 2399 vitam
997 2345 1224 2399 minime
1271 2344 1472 2398 ﬂuxam
1504 2344 1691 2398 licebit
1734 2343 2026 2413 consequi,

445 2448 867 2509 constanterque
904 2439 956 2493 in
990 2437 1211 2493 Christo
1260 2440 1531 2503 vivemus,
1579 2438 1838 2507 quoniam
1901 2446 2031 2492 ante

445 2530 534 2583 illa
577 2530 762 2583 omnia
796 2530 907 2582 vita
964 2538 1151 2582 nostra
1205 2529 1257 2582 in
1292 2528 1515 2583 Christo
1552 2526 1681 2581 Jesu
1714 2526 1938 2583 fundata
1974 2534 2029 2580 et

444 2633 631 2691 parata
665 2621 850 2675 fuerit.
906 2620 1018 2675 Nec
1050 2621 1197 2674 enim
1246 2621 1297 2673 in
1352 2620 1463 2673 alio
1491 2634 1653 2687 quam
1688 2619 1740 2671 iu
1798 2617 2029 2672 Domino

442 2716 535 2783 qui
561 2724 647 2769 est
679 2725 807 2768 ante
845 2714 1065 2777 saecula,
1105 2722 1157 2766 et
1211 2728 1307 2781 per
1335 2727 1494 2781 quem
1523 2710 1663 2764 facta
1695 2719 1822 2763 sunt
1854 2725 2028 2765 saecu-

442 2807 491 2860 la
518 2807 559 2867 ³,
597 2807 763 2859 vitam
802 2816 1046 2860 nostram
1101 2804 1314 2859 fundari
1360 2819 1459 2873 par
1490 2813 1629 2861 erat,
1665 2808 1742 2864 ut,
1785 2816 1907 2854 cum
1941 2801 2031 2854 illa

442 2902 496 2952 in
520 2900 642 2969 ipso
666 2900 833 2954 veluti
860 2909 1028 2963 esset,
1060 2915 1157 2953 nos
1192 2900 1354 2953 etiam
1384 2906 1604 2951 aeterna:
1638 2894 1761 2949 vita:
1788 2895 2031 2948 literedes

440 3005 563 3045 esse
590 3005 896 3060 possemus.

440 3082 697 3151 Ejusdem
716 3082 924 3137 exiibro
943 3085 1093 3136 tertio
1110 3085 1164 3136 in
1188 3083 1433 3146 Arianos,
1466 3084 1517 3133 in
1564 3098 1623 3133 ea
1650 3080 1804 3134 verba
1834 3097 1851 3134 :
1889 3098 1904 3129 ι
1925 3078 2032 3149 Ego

856 3164 904 3208 et
921 3153 1085 3207 Pater
1114 3169 1275 3206 unum
1311 3168 1491 3205 sumus
1529 3156 1567 3203 ".
1608 3170 1626 3201 ι

510 3247 664 3302 Illam
677 3247 875 3303 deinde
892 3245 1214 3301 sentent'am
1232 3242 1443 3296 Domini
1463 3256 1685 3310 carpere.
1701 3249 1978 3309 cmpurunt
2017 3256 2031 3292 :

438 3340 553 3410 Ego
586 3340 639 3392 in
668 3339 849 3399 Patre,
888 3348 934 3391 et
963 3337 1123 3390 Pater
1154 3337 1209 3389 in
1240 3352 1319 3389 me
1340 3338 1380 3388 ⁵.
1414 3334 1697 3400 Quomodo
1716 3340 1914 3403 potest.
1954 3332 2037 3385 in-

439 3433 656 3502 quiunt,
689 3432 778 3486 hic
804 3431 858 3484 in
879 3430 970 3484 ΠΙ.»
989 3444 1133 3494 esse,
1164 3437 1257 3483 aut
1277 3427 1364 3481 ille
1378 3427 1447 3481 ab
1470 3427 1572 3481 hoc
1598 3425 1991 3495 comprehendi
2016 3425 2039 3478 ?

441 3522 732 3587 Quomodo
768 3531 949 3591 petest
972 3520 1155 3583 Pater,
1185 3520 1278 3589 qui
1320 3520 1497 3588 major
1521 3528 1625 3583 est,
1651 3518 1705 3571 in
1744 3515 1900 3581 Filio,
1942 3517 2035 3585 qui

442 3617 750 3679 minorest,
785 3614 1010 3669 inesse?
1039 3612 1263 3666 Scilicet
1310 3611 1508 3665 mirum
1570 3619 1675 3673 est,
1724 3610 1919 3665 Filium
1980 3608 2036 3661 in

442 3709 604 3763 Patre
633 3722 779 3774 esse,
831 3722 954 3761 cum
986 3706 1053 3761 de
1102 3706 1261 3760 nobis
1315 3705 1480 3759 etiam
1524 3705 1791 3774 scriptum
1838 3703 1909 3758 sit
1942 3702 2039 3757 ειη

457 3816 553 3869 pso
608 3801 852 3865 vivimus,
902 3814 1170 3853 movemur
1206 3808 1253 3851 et
1290 3813 1471 3851 sumus
1514 3798 1556 3849 °.
1620 3795 1812 3850 Merito
1857 3804 2038 3849 tamen

440 3892 549 3947 hoc
582 3892 690 3947 illis
721 3891 942 3957 accidit,
977 3907 1078 3961 pro
1109 3906 1273 3962 prava
1316 3891 1556 3961 ipsorum
1602 3898 1803 3947 mente.
1834 3890 2039 3958 quippe

434 3986 531 4055 qui
562 3984 735 4040 Deum
764 3998 886 4040 esse
902 3998 1104 4052 corpus
1145 3982 1485 4042 existiment.
1519 3996 1622 4035 nec
1662 3981 1753 4049 qui
1778 3980 1846 4034 sit
1875 3993 2039 4033 verus

438 4075 623 4143 Pater,
644 4084 738 4131 aut
766 4089 929 4131 verus
946 4068 1249 4140 Filius,aut
1281 4075 1371 4127 lux
1404 4072 1716 4136 invisibilis,
1742 4081 1836 4126 aut
1860 4071 2040 4140 Splen-

434 4173 786 4227 dorzeternus
804 4169 974 4238 ipsius
994 4168 1301 4227 invisibilis.
1322 4175 1415 4221 aut
1431 4166 1671 4220 essentia
1695 4165 2036 4239 incorporea,

436 4274 492 4318 et
518 4261 1046 4327 l'ormaincorporea,
1070 4259 1316 4328 etimago
1345 4259 1534 4327 ipsius,
1581 4255 2035 4310 animadvertant.

437 4356 555 4410 Non
590 4354 839 4418 cnim,ut
870 4352 945 4404 iiii
980 4350 1294 4420 opinantur,
1329 4351 1449 4419 quia
1485 4349 1686 4403 dictum
1733 4356 1816 4402 est
1857 4364 1868 4399 :
1929 4346 2039 4414 Ego

2140 1884 2262 1954 λεία
2306 1882 2401 1936 τοῦ
2453 1883 2670 1945 αἰῶνος,
2719 1883 2794 1953 μὴ
2835 1882 2955 1935 κατ’
3002 1882 3143 1936 αύτά
3190 1882 3582 1952 παλαιωθῶμεν
3616 1885 3695 1935 καὶ

2138 1978 2323 2045 ἡμεῖς,
2345 1974 2481 2029 ἀλλά
2505 1975 2829 2045 δυνηθῶμεν
2860 1974 2955 2027 καὶ
2982 1977 3122 2044 μετά
3151 1975 3326 2027 ταῦτα
3358 1975 3476 2044 ζῇν,
3506 1975 3698 2044 ἔχοντες

2135 2070 2235 2139 τὴν
2263 2069 2367 2139 πρὸ
2395 2070 2601 2121 τούτων
2627 2067 3043 2137 ἐτοιμασθεῖσαν
3062 2069 3191 2138 ἡμῖν
3215 2070 3272 2120 ὲν
3298 2067 3444 2137 αὒτῷ
3467 2067 3539 2137 τῷ
3561 2067 3699 2136 Λόγῳ

2135 2156 2255 2211 κατ’
2298 2158 2531 2229 ἐκλογὴν
2580 2158 2727 2230 ζωήν
2771 2176 2829 2212 τε
2872 2161 2963 2211 καὶ
3015 2159 3267 2227 εὐλογίαν
3320 2160 3698 2227 πνευματικήν.

2133 2248 2292 2303 Οὕτω
2313 2250 2423 2320 γὰρ
2438 2250 2780 2322 δυνησόμεθα
2802 2251 2878 2321 μὴ
2903 2250 3039 2321 πρὸς
3061 2251 3255 2318 καιρὸν
3274 2251 3420 2321 ἔχειν
3438 2250 3528 2321 τὴν
3550 2248 3702 2319 ζωὴν,

2136 2340 2275 2396 ἀλλὰ
2313 2344 2407 2395 καὶ
2445 2342 2585 2413 μετὰ
2618 2343 2787 2396 ταῦτα
2830 2343 3104 2413 διαμεῖναι
3140 2342 3347 2407 ζῶντες
3378 2346 3433 2397 ὲν
3478 2342 3701 2413 Χριστῷ.

2150 2427 2373 2501 Ἐπειδὴ
2417 2435 2508 2485 καὶ
2541 2433 2646 2502 πρὸ
2683 2432 2888 2486 τούτων
2919 2435 2951 2501 ἡ
2986 2431 3100 2501 ζωὴ
3137 2433 3296 2502 ἡμῶν
3325 2431 3704 2501 τεθεμελίωτο,

2141 2523 2235 2576 καὶ
2266 2522 2567 2593 ἡτοίμαστο
2590 2525 2648 2575 έν
2674 2523 2915 2594 Χριστῷ.
2941 2522 3075 2578 Ούδὲ
3104 2525 3211 2595 γὰρ
3242 2525 3368 2578 οὐδὲ
3396 2528 3451 2577 ἐν
3478 2524 3614 2593 ἄλλῳ
3635 2522 3706 2575 θε·

2138 2616 2474 2686 μελιωθῆναι
2515 2616 2611 2687 τὴν
2652 2617 2797 2685 ζωὴν
2841 2617 2999 2687 ἡμῶν
3034 2617 3277 2687 ἔπρεπεν
3328 2618 3376 2669 εἰ
3420 2617 3493 2687 μὴ
3545 2618 3598 2669 ὲν
3636 2616 3705 2685 τῷ

2137 2709 2325 2780 Κυρίῳ
2360 2709 2437 2777 τῷ
2467 2711 2573 2779 πρὸ
2601 2710 2814 2763 αἰώνων
2844 2709 2980 2773 ὄντι,
3012 2710 3079 2763 δι’
3111 2703 3171 2761 οὗ
3200 2710 3297 2763 καὶ
3332 2712 3380 2763 οἱ
3411 2710 3597 2769 αίὼνες
3625 2724 3707 2775 γε·

2135 2803 2375 2870 γόνασιν,
2406 2802 2474 2854 ἵν’
2498 2802 2571 2866 ὡς
2597 2804 2654 2855 ἐν
2684 2803 2832 2873 αὐτῷ
2859 2803 3030 2871 αὐτῆς
3058 2802 3245 2874 οὔσης,
3277 2802 3595 2875 δυνηθῶμεν
3624 2800 3708 2854 καὶ

2138 2894 2297 2961 ἡμεῖς
2332 2893 2549 2946 αίὼνιον
2588 2894 2994 2964 κληρονομῆσαι
3031 2893 3191 2963 ζωήν.

2151 3079 2259 3132 Τοῦ
2290 3080 2475 3132 αὑτοῦ
2507 3082 2571 3132 ἐκ
2606 3080 2710 3133 τοῦ
2739 3078 2889 3133 κατὰ
2936 3079 3253 3148 Ἀρειανῶν
3284 3080 3490 3147 τρίτου
3516 3080 3708 3147 λόγου,

2307 3154 2395 3215 εἰς
2426 3155 2492 3204 τό
2533 3170 2551 3200 ι
2599 3151 2745 3219 Ἐγὼ
2774 3152 2871 3203 καὶ
2907 3153 2938 3204 ὀ
2972 3150 3176 3218 Πατὴρ
3209 3149 3277 3203 ἓν
3309 3154 3511 3220 ἐσμεν.
3549 3169 3565 3199 ι

2218 3244 2491 3312 Ἤρξαντο
2524 3245 2708 3296 λοιπὸν
2736 3243 3012 3313 διασύρειν
3044 3242 3104 3295 τὸ
3136 3243 3240 3296 ὑπὸ
3270 3243 3372 3297 τοῦ
3405 3240 3605 3312 Κυρίου
3634 3240 3711 3291 λε-

2140 3336 2372 3406 γόμενον
2391 3352 2405 3367 ·
2440 3335 2587 3404 Ἐγὼ
2604 3336 2673 3389 ἐν
2702 3335 2779 3400 τῷ
2801 3334 3005 3411 Πατρὶ,
3041 3336 3140 3389 καὶ
3174 3338 3206 3390 d
3240 3334 3450 3403 Πατὴρ
3479 3335 3547 3386 ἐν
3575 3329 3707 3403 ἐμοί,

2140 3428 2409 3496 λέγοντες,
2450 3428 2572 3490 Πῶς
2602 3428 2823 3482 δύναται
2857 3422 3013 3491 οὗτος
3043 3430 3100 3481 ὲν
3128 3427 3349 3496 ἐκείνῳ,
3389 3428 3635 3487 κάκεῖνος
3663 3426 3711 3474 ἐν

2140 3520 2313 3591 τούτῳ
2337 3523 2568 3591 χωρεῖν;
2601 3521 2669 3571 Ἦ
2694 3521 2808 3584 πῶς
2835 3520 2973 3584 ὅλως
3000 3521 3224 3574 δύναται
3249 3523 3276 3574 ὁ
3310 3521 3501 3590 Πατὴρ
3526 3518 3711 3588 μείζων

2141 3615 2216 3668 ῶν
2268 3617 2326 3669 ἐν
2355 3616 2432 3686 τῷ
2460 3616 2574 3687 Υἱῷ
2616 3618 2858 3670 ἐλάττονι
2884 3616 2997 3670 ὄντι
3028 3618 3262 3686 χωρείν;
3304 3616 3496 3669 Καίτοι
3523 3613 3572 3665 τί
3600 3613 3711 3665 01v-

2145 3708 2370 3779 μαστὸν,
2394 3711 2443 3762 εί
2471 3710 2591 3771 Υί“ις
2619 3712 2673 3760 ὲν
2700 3708 2777 3778 τῷ
2806 3708 2978 3777 Πατρί
3004 3724 3019 3774 ;
3049 3708 3184 3760 ὅπου
3209 3723 3273 3774 γε
3303 3706 3542 3774 καὶπερὶ
3568 3703 3710 3773 ἡμῶν

2142 3800 2483 3868 γέγραπται’
2526 3802 2622 3852 Ἑν
2659 3801 2817 3865 αὐτῷ
2852 3801 2962 3870 γὰρ
2998 3799 3201 3868 ζῶμεν,
3242 3798 3345 3852 καί
3379 3796 3709 3863 κινούμεθα,

2142 3892 2241 3946 καὶ
2274 3892 2481 3963 ἐσμέν.
2525 3894 2800 3962 Πάσχουσι
2836 3894 2891 3945 δὲ
2924 3892 3081 3944 τοῦτο
3111 3892 3423 3953 ἀκολούθως
3458 3893 3521 3959 τῇ
3556 3905 3711 3942 κακο-

2142 3983 2260 4053 νοίᾳ
2297 3983 2531 4049 ἑαυτῶν,
2584 3984 2744 4054 σῶμα
2797 3984 3109 4053 νομίζοντες
3142 3978 3283 4035 εἶναι
3313 3983 3405 4034 τὸν
3436 3982 3585 4045 Θεὸν,
3628 3975 3711 4031 χλι

2146 4077 2221 4146 μὴ
2261 4076 2527 4141 νοοῦντες.
2571 4077 2712 4147 μήτε
2753 4077 2836 4140 τίς
2868 4077 3016 4130 ἐστιν
3062 4074 3317 4144 ἀληθινὸς
3364 4072 3573 4143 Πατὴρ,
3624 4068 3710 4123 καὶ

2143 4169 2394 4239 ἀληθινὸς
2418 4169 2564 4235 Υἱὸς,
2597 4170 2730 4238 μήτε
2758 4170 2838 4231 τίς
2863 4171 2977 4221 ἐστι.
3000 4168 3115 4236 φῶς
3144 4169 3403 4238 ἀόρατον,
3432 4165 3527 4219 καὶ
3555 4162 3709 4216 ἀΐδιον

2146 4265 2491 4334 ἀπαύγασμα
2520 4264 2682 4317 αὐτοῦ
2716 4265 2969 4336 ἀόρατον,
3003 4265 3142 4335 μήτε
3166 4264 3220 4315 τί
3252 4265 3405 4317 ἐστιν
3434 4259 3711 4327 ἀσώματος

2143 4356 2461 4418 ὑπόστασις,
2500 4356 2594 4408 καί
2625 4354 2914 4425 χαρακτὴρ
2947 4353 3263 4423 ἀσώματος,
3299 4354 3396 4406 καὶ
3427 4348 3592 4405 εἰκῶν
3620 4345 3712 4401 αὐ-

435 4452 494 4502 t'n
521 4447 699 4509 Patre,
724 4454 770 4499 et
806 4444 961 4497 Pater
988 4444 1041 4495 in
1084 4459 1182 4500 me.
1214 4442 1285 4495 ita
1337 4451 1644 4495 commeant
1695 4441 1836 4494 inter
1865 4454 1945 4501 se,
1977 4448 2029 4492 ut

2140 4450 2261 4519 τῆς.
2294 4448 2367 4502 Οὐ
2399 4448 2505 4518 γὰρ
2533 4446 2606 4509 ὼς
2628 4448 2824 4499 ἐκεῖνοι
2855 4444 3168 4516 νομίζουσιν
3196 4442 3714 4515 ἀντεμϐιόαζὸμενοι

434 4543 683 4597 videmus
703 4540 1041 4607 contingere,
1077 4551 1198 4589 cum
1224 4550 1345 4589 vasa
1372 4534 1551 4588 inania
1572 4534 1832 4600 vicissim,
1858 4549 2024 4588 unum

433 4651 499 4688 ex
526 4634 633 4687 alio
664 4632 963 4701 replentur.
984 4627 1231 4683 UtFilius
1257 4628 1308 4680 id
1330 4626 1472 4696 quod
1507 4626 1558 4679 in
1590 4625 1751 4679 Patre
1792 4642 2024 4681 vacuum

437 4736 543 4790 est,
572 4737 627 4781 et
670 4727 827 4780 Pater
868 4722 918 4778 id
947 4722 1089 4791 quod
1123 4724 1175 4774 in
1211 4720 1347 4774 Filio
1385 4720 1624 4774 vicissim
1657 4729 1739 4774 est
1768 4735 2020 4781 vacuum,

433 4820 674 4888 impleat,
699 4828 751 4871 et
779 4827 974 4872 neuter
1020 4830 1207 4869 eorum
1255 4814 1466 4884 plenus,
1535 4822 1695 4883 atque
1754 4813 2026 4883 perfectus

432 4914 523 4968 sit.
568 4911 679 4965 Iioc
715 4909 861 4963 enim
903 4919 987 4963 est
1017 4924 1307 4977 corporum
1348 4906 1647 4975 proprium.
1680 4906 2025 4976 Quapropter

432 5003 551 5057 hac
574 5000 659 5056 Vel
682 5000 859 5054 dicere
875 5000 1053 5054 scelus
1076 5010 1157 5052 est
1183 4998 1480 5067 impietatis
1528 4999 1763 5066 plenum.
1829 4999 2027 5052 Plenus

429 5092 578 5152 enim
619 5102 783 5160 atque
802 5091 1074 5158 perfectus
1105 5098 1187 5145 est
1209 5088 1387 5142 Pater.
1415 5088 1472 5140 Et
1500 5088 1672 5144 Filius
1720 5088 2029 5143 Divinitntis

430 5193 517 5241 est
544 5180 845 5252 plenitudo.
868 5178 1049 5246 Neque
1082 5176 1243 5241 Deus,
1280 5188 1338 5231 ut
1369 5194 1517 5241 vasa,
1552 5179 1594 5232 si
1617 5182 1667 5231 in
1703 5179 1807 5233 illis
1858 5188 2027 5243 eSset,

432 5274 805 5333 conﬁrmaret,
826 5270 1018 5323 eodem
1054 5269 1217 5322 modo
1254 5269 1538 5323 conﬁrmat
1588 5269 1807 5324 Filium.
1856 5270 2028 5323 Filius

434 5366 576 5419 enim
609 5375 691 5420 est
721 5363 895 5418 Patris
930 5364 1099 5417 virtus
1140 5374 1192 5415 et
1241 5363 1504 5431 sapientia
1528 5364 1566 5415 ⁷.
1588 5367 1663 5419 Ac
1683 5382 1770 5420 res
1810 5367 2027 5433 quidem

436 5468 758 5527 procreatae,
785 5466 1059 5526 quatenus
1092 5454 1385 5524 participes
1436 5454 1581 5509 illius
1616 5466 1764 5521 sunt,
1826 5459 2020 5527 spiritu

432 5559 633 5603 sanctae
664 5550 951 5618 liuut,ipse
976 5557 1158 5601 autem
1202 5545 1368 5600 Filius
1400 5563 1504 5600 non
1568 5553 1861 5619 particeps,
1924 5551 2018 5605 sed

507 5662 739 5737 ‘lllattlt.
780 5678 904 5737 ξεν,
935 5662 1001 5714 5i
1077 5666 1095 5694 ¹
1124 5665 1283 5719 Prov.
1309 5680 1424 5726 vm,
1458 5664 1649 5719 ‘23-'23.
1725 5666 1744 5697 ³
1774 5665 1931 5720 Ilcbr.
1966 5684 2000 5733 ι,
2035 5667 2089 5723 2.
2168 5667 2364 5723 "Joan.
2396 5685 2447 5737 κ,
2470 5666 2557 5721 50.

429 5731 505 5787 "1
541 5734 641 5787 αυτ
712 5748 744 5797 t,
779 5733 865 5783 ξίέ.

2134 4546 2215 4607 είς
2261 4541 2522 4612 ἀλλήλους
2578 4542 2714 4592 είσίν
2768 4541 2824 4592 ὲν
2873 4539 2950 4608 τῷ
3000 4537 3254 4604 λέγεσθαι
3291 4553 3306 4567 ο
3347 4536 3499 4605 Ἐγὼ
3537 4534 3603 4587 ἐν
3642 4529 3715 4595 τῷ

2134 4634 2334 4703 Ματρί,
2367 4634 2461 4687 καὶ
2505 4637 2537 4688 ό
2585 4632 2788 4701 Πατὴρ
2835 4632 2904 4685 ἐν
2971 4632 3123 4700 ἐμοὶ,
3158 4631 3351 4702 ῶσπερ
3384 4633 3440 4682 ὲν
3479 4625 3713 4695 ἀγγείοις

2135 4731 2313 4790 κενοῖς
2348 4727 2405 4790 ἐξ
2436 4726 2676 4796 ἀλλήλων
2710 4726 3129 4795 πληρουμένοις,
3158 4723 3300 4776 ὥστε
3334 4724 3427 4776 τὸν
3471 4721 3567 4791 μὲν
3600 4718 3711 4770 ι’ίδν

2134 4819 2377 4889 πληροῦν
2402 4821 2461 4870 τὸ
2490 4817 2645 4871 κενὸν
2672 4817 2761 4869 τοῦ
2787 4818 3019 4887 Πατρδς,
3043 4818 3134 4868 τὸν
3163 4816 3218 4867 δὲ
3241 4817 3463 4884 Πατέρα
3481 4807 3711 4880 πληροῦν

2130 4910 2191 4963 τὸ
2234 4910 2407 4963 κοῖλον
2452 4909 2545 4962 τοῦ
2592 4908 2744 4972 Υίοῦ,
2785 4910 2878 4961 καὶ
2919 4908 3179 4978 ἑκάτερον
3232 4907 3423 4968 αὐτοῖς
3464 4903 3539 4974 μὴ
3580 4895 3708 4953 εἶναι

2128 5004 2312 5073 πλήρη
2337 5002 2427 5055 καὶ
2460 5002 2679 5056 τέλειον.
2707 4999 2983 5069 Σωμάτων
3014 5000 3121 5068 γὰρ
3166 4996 3297 5052 ἴδιον
3320 4997 3485 5050 τοῦτό
3514 5011 3596 5063 γε.
3625 4991 3707 5043 Διὸ

2127 5098 2217 5149 καὶ
2258 5096 2318 5157 τὸ
2364 5095 2524 5164 μόνον
2557 5094 2727 5146 είπεῖν
2766 5091 2922 5144 τοῦτο
2960 5089 3243 5144 ἀνάπλεών
3280 5091 3401 5142 ἐστι
3440 5083 3705 5144 ἀσεϐείας.

2131 5190 2349 5259 Πλήρης
2368 5186 2474 5255 γὰρ
2507 5184 2599 5240 καὶ
2628 5182 2829 5246 τέλειός
2862 5185 3008 5235 ἐστιν
3030 5181 3279 5249 dilati-,9,
3312 5180 3412 5233 καὶ
3445 5178 3707 5247 πλήρωμα

2133 5280 2386 5351 θεότητός
2420 5281 2566 5330 ἐστιν
2598 5277 2625 5329 ὀ
2661 5276 2808 5337 Υἱός.
2844 5274 2967 5326 Οὐδ’
2998 5273 3064 5327 αὖ
3099 5274 3260 5326 πάλιν
3291 5273 3488 5341 ῶσπερ
3517 5272 3574 5322 ἐν
3601 5266 3704 5327 τοῖς

2133 5374 2310 5440 ἁγίοις
2352 5372 2635 5441 γινόμενος
2676 5371 2702 5422 ὁ
2737 5368 2871 5429 Θεὸς
2917 5366 3241 5436 ἐνεδυνάμου
3282 5364 3506 5425 αὐτοὺς,
3541 5356 3703 5417 οὕτως

2131 5467 2247 5518 ἐστὶ
2278 5466 2369 5517 καὶ
2400 5466 2456 5516 ὲν
2489 5463 2566 5530 τῷ
2598 5461 2709 5530 Υίῷ
2737 5477 2751 5491 ο
2783 5460 2943 5521 attito;
2978 5458 3087 5529 γάρ
3120 5460 3265 5510 ἐστιν
3301 5459 3334 5525 ἡ
3372 5453 3466 5508 τοῦ
3504 5448 3704 5519 Ηατρδς

2129 5557 2357 5626 δύναμις
2390 5555 2483 5607 καὶ
2518 5554 2698 5622 σοφία.
2735 5550 2843 5603 Καὶ
2876 5554 2943 5603 τὰ
2977 5550 3075 5620 μὲν
3104 5551 3309 5621 γενητὰ
3346 5548 3550 5619 μετοχῇ
3586 5541 3704 5593 τού-

2660 5666 2680 5696 ⁸
2708 5664 2863 5720 Joan.
2891 5679 2979 5718 τιν
3002 5705 3017 5730 ,
3052 5664 3140 5719 10.
3229 5662 3393 5718 “Act.
3442 5674 3574 5723 xw,
3617 5654 3702 5710 28-
