4102 6298
331 376 444 441 409

1297 391 1674 452 PANOPLIA
1719 393 2180 454 DOGMATICA.
2218 419 2282 428 --
2329 394 2478 454 TlT.
2526 395 2630 453 X1.

3481 388 3589 447 4M

324 508 424 545 του
459 491 517 544 ἐν
553 493 824 562 Πνεὺματι
859 496 1177 564 ἁγιάζεται,
1207 502 1366 564 αὐτὸς
1398 503 1454 555 δὲ
1487 507 1515 557 6
1546 505 1672 568 Υἰὺς
1703 507 1758 558 ὲν
1791 524 1888 574 με·-

2006 505 2271 574 proprinm
2295 514 2380 558 est
2410 503 2584 558 Patris
2617 517 2858 574 germen.
2888 499 3252 568 Quamobrem
3273 513 3393 551 eum
3424 496 3589 549 dixis-

322 584 518 654 τουσίᾳ
553 584 674 645 Υἱός
722 587 867 640 ἐστιν
889 629 901 645 .
935 590 1068 642 ἀλλὰ
1113 592 1354 662 γέννημα
1401 594 1492 648 τοῦ
1528 595 1737 666 Πατρὶς
1771 598 1900 651 ἰδιόν

322 674 469 728 ἐστι.
496 674 594 727 Διά
623 675 781 728 τοῦτο
814 677 921 747 γὰρ
951 682 1042 732 καὶ
1074 682 1267 736 εἰκότω
1329 685 1569 753 εἰρηκὼς
1602 689 1863 758 πρότερον
1883 703 1900 719 ο

334 763 483 830 Ἐγὼ
507 765 604 817 καὶ
639 769 671 818 ὁ
691 768 892 834 Πατὴρ
921 769 985 822 ἔγ
1016 771 1224 838 ἐσμεν,
1261 776 1506 843 ἐπήγαγε
1533 793 1594 828 το
1617 794 1630 808 ·
1663 777 1810 846 Ἐγὼ
1836 780 1904 832 ἐν

320 853 410 918 τῷ
460 855 666 922 Πατρί,
699 861 793 911 καί
839 862 873 913 ό
914 863 1114 929 Πατὴρ
1138 863 1207 917 ἐν
1245 865 1396 933 ἐμοὶ,
1433 866 1519 920 ἰνα
1562 867 1638 938 τῷ
1673 869 1773 936 μὲν
1802 871 1900 938 τὴν

319 949 634 1018 ταυτότητα
663 950 759 1017 τῆς
794 951 1070 1024 θεότητος,
1103 957 1179 1026 τῷ
1211 958 1267 1011 δὲ
1299 958 1398 1029 τὴν
1429 961 1658 1030 ἑνότητα
1685 962 1782 1030 τῆς
1814 963 1903 1015 οὐ·

322 1037 451 1099 σίας
485 1039 652 1111 δείξῃ.
693 1043 788 1094 Ἐν
814 1046 922 1114 γάρ
951 1047 1108 1112 εἰσιν,
1142 1049 1238 1118 οὐχ
1271 1049 1348 1112 ὡς
1378 1051 1494 1112 ἐνὸς
1524 1052 1600 1114 εἰς
1637 1051 1729 1104 δύο
1763 1053 1900 1122 μέρη

321 1131 712 1200 διαιρεθέντος,
757 1137 850 1187 καὶ
880 1137 1047 1206 μηδὲν
1075 1138 1244 1191 ὄντων
1292 1142 1429 1211 πλὴν
1471 1143 1588 1205 ἐνὸς
1613 1181 1628 1203 ,
1680 1146 1800 1197 οὐδὲ
1829 1145 1902 1208 ὡς

323 1220 424 1272 τοῦ
448 1223 552 1273 ὲνὺ.
589 1223 667 1285 δὶς
693 1225 722 1275 ὀ
738 1224 1116 1294 .›ομαζομένου,
1138 1229 1258 1282 οὐδὲ
1274 1230 1411 1283 ὥστε
1428 1233 1517 1283 τὸν
1535 1233 1696 1284 αὑτὸν
1715 1233 1903 1286 ἄλλοτε

326 1311 430 1380 μὲν
465 1313 700 1382 Πατέρα,
733 1315 920 1368 ἄλλοτε
951 1317 1005 1369 δὲ
1039 1317 1164 1370 Υἰὺν
1198 1319 1393 1371 ἑαυτοῦ
1424 1320 1668 1386 γίνεσθαι
1695 1337 1709 1352 ο
1744 1321 1904 1374 τοῦτο

323 1401 438 1470 γὰρ
467 1402 755 1466 Σαόέλλιος
784 1407 1080 1476 φρονήσας,
1113 1409 1384 1478 αἰρετικὸς
1412 1409 1602 1480 ὲκρίθη
1623 1427 1638 1442 ο
1662 1409 1797 1464 ἀλλὰ
1813 1409 1904 1461 δύο

325 1493 429 1563 μέν
456 1494 618 1556 εἰσιν,
650 1495 732 1548 ὅτι
761 1498 786 1548 6
821 1496 1008 1567 Πατὴρ
1060 1500 1248 1569 Πατήρ
1279 1501 1415 1564 ἔστι,
1441 1501 1534 1552 καὶ
1562 1500 1659 1567 οὐχ
1688 1501 1716 1552 6
1743 1499 1905 1562 αὐτὸς

324 1585 455 1648 Υἰὸς
511 1587 650 1649 ἐστι,
693 1589 790 1640 καὶ
826 1590 853 1641 ὁ
890 1588 1014 1652 Υἰδς
1045 1591 1175 1654 Υἱός
1217 1592 1354 1657 ἐστι,
1407 1594 1501 1645 καὶ
1535 1593 1631 1661 οὐχ
1675 1593 1701 1644 6
1746 1592 1905 1654 αὐτὸς

324 1676 525 1745 Πατήρ
579 1679 716 1730 ἐστι.
779 1678 896 1733 Μία
944 1679 1001 1732 δὲ
1059 1683 1089 1750 ἡ
1147 1682 1330 1749 φύσις,
1383 1683 1463 1736 ὅτι
1508 1684 1607 1735 οὐκ
1649 1682 1905 1752 ἀνόμοιον

320 1767 383 1817 τὸ
418 1767 665 1836 γέννημα
691 1768 783 1820 τοῦ
812 1772 1190 1840 γεννήσαντος.
1217 1772 1391 1826 Εἰκὼν
1418 1774 1521 1844 γάρ
1545 1776 1691 1826 ἐστιν
1717 1774 1902 1834 αὑτοῦ,

2006 603 2088 648 set
2121 609 2133 645 :
2174 590 2286 662 Ego
2311 602 2358 644 et
2400 591 2563 645 Pater
2600 609 2762 644 unum
2797 608 3000 651 sumus,
3061 591 3254 643 merito
3308 584 3586 654 subjecit:

2007 682 2117 750 Ego
2139 684 2193 735 in
2217 685 2396 742 Patre,
2429 693 2476 736 et
2507 683 2670 735 Pater
2690 683 2744 734 in
2766 698 2864 734 me.
2899 678 2967 734 Ut
3001 676 3104 733 illis
3133 677 3313 732 verbis
3343 676 3586 728 eamdem

2004 775 2306 829 divinitatis
2353 775 2642 834 rationem,
2695 772 2778 825 his
2843 769 3283 839 conjnm-tionem
3338 767 3590 820 essentia“.

2004 867 2321 920 declararet.
2357 865 2540 920 Unum
2576 866 2720 918 enim
2747 863 2902 922 dixit,
2937 876 3045 914 non
3078 870 3142 912 ut-
3170 875 3334 912 ιιιιιιιιι
3362 857 3416 909 ἰιι
3451 857 3588 908 duas

2004 966 2185 1027 partes
2217 966 2449 1019 secetur,
2483 971 2604 1024 quae
2653 953 2872 1008 nonnisi
2928 967 3093 1005 unum
3142 951 3248 1004 sint
3278 989 3291 1010 ,
3319 961 3493 1014 neque
3529 955 3590 998 ut

2006 1065 2172 1102 unum
2202 1048 2283 1102 bis
2322 1047 2666 1110 nominetur;
2697 1060 2874 1112 neque
2920 1053 2980 1097 ut
3014 1057 3179 1095 unum
3208 1041 3367 1093 modo
3428 1037 3588 1090 Pater

2004 1139 2094 1197 sit.
2116 1137 2277 1191 modo
2297 1137 2462 1191 Filius
2487 1137 2608 1204 ejus
2627 1136 2736 1188 ﬁat.
2765 1135 2853 1187 Sic
2875 1133 3020 1188 enim
3041 1131 3311 1185 Snbellius
3342 1133 3588 1183 sentiens

1999 1228 2273 1297 judicatus
2330 1237 2413 1281 est
2439 1227 2747 1280 hareticus.
2774 1225 2878 1279 Sed
2905 1227 2976 1277 ita
3011 1224 3116 1277 duo
3162 1231 3310 1284 sunt,
3349 1221 3589 1273 ntl’aler

2003 1317 2224 1383 quidem
2251 1317 2321 1369 sit
2357 1316 2537 1378 Pater,
2563 1331 2671 1368 non
2707 1325 2885 1368 autem
2907 1314 3046 1367 idem
3079 1312 3266 1366 Filius.
3301 1311 3366 1364 Et
3399 1309 3590 1372 Filius,

2004 1421 2113 1460 non
2150 1414 2330 1459 autem
2363 1405 2505 1460 idem
2545 1406 2723 1459 Pater.
2760 1403 2964 1458 Natura
3002 1418 3130 1455 vero
3181 1417 3286 1454 una
3313 1410 3415 1464 est,
3464 1399 3591 1467 quia

2003 1499 2221 1569 genitus
2249 1514 2355 1552 non
2385 1507 2469 1552 est
2497 1498 2725 1567 genitori
2757 1495 3061 1550 dissimilis.
3101 1495 3196 1546 Est
3229 1493 3374 1546 enim
3407 1492 3582 1557 imago

2006 1591 2145 1660 ejus.
2180 1591 2244 1644 Et
2273 1591 2478 1655 omnia,
2508 1605 2628 1658 quae
2645 1588 2821 1642 Patris
2874 1595 3019 1650 sunt,
3063 1592 3192 1637 sunt
3242 1584 3406 1635 etiam
3443 1579 3587 1632 Filii.

2007 1683 2347 1752 Quapropter
2383 1682 2556 1735 Filius
2583 1695 2692 1734 non
2717 1689 2800 1734 est
2823 1678 2961 1731 alius
2989 1677 3150 1730 Deus.
3199 1673 3387 1742 Neque
3436 1673 3584 1724 enim

2007 1775 2349 1828 extrinsecus
2379 1773 2480 1825 fuit
2501 1772 2852 1838 cxcogitatus,
2888 1782 2993 1836 qua
3011 1767 3228 1835 quidem
3259 1774 3507 1822 externa,
3529 1772 3586 1815 et

321 1860 420 1912 καὶ
451 1858 633 1912 πάντα
660 1859 756 1912 τοῦ
787 1862 997 1932 Πατρὸς
1027 1863 1120 1915 τοῦ
1153 1864 1280 1916 rio-3
1313 1867 1452 1920 ἐστι.
1477 1866 1567 1917 Διὸ
1593 1865 1710 1917 οὐδὲ
1747 1865 1903 1926 ἄλλος

2009 1865 2318 1936 peregrina,
2345 1873 2398 1917 et
2427 1862 2629 1916 aPatre
2663 1863 2838 1915 aliena
2863 1860 3149 1914 divinitate
3181 1857 3334 1910 multi
3364 1855 3591 1908 omnino

319 1950 455 2015 Θεὸς
488 1952 517 2004 6
547 1950 672 2014 Υἰδς
696 1991 712 2016 ,
742 1952 803 2005 οὐ
834 1953 941 2022 γὰρ
969 1953 1166 2018 ἔξωθεν
1203 1957 1465 2026 ἐπενοήθη
1487 1996 1502 2018 ,
1537 1959 1659 2009 ἐπεὶ
1689 1957 1902 2019 πάντως

320 2043 418 2094 καὶ
468 2042 677 2108 πολλοὶ,
726 2042 882 2114 ξένης
919 2045 1071 2114 παρὰ
1113 2045 1204 2098 τοῦ
1259 2047 1467 2116 Ματρὸς
1511 2047 1903 2116 ὲπινοτυμένης

321 2133 604 2203 θεότητος.
667 2133 730 2188 Εἰ
779 2137 884 2207 γὰρ
939 2137 1034 2190 καὶ
1088 2137 1273 2208 ἕτερόν
1321 2139 1468 2192 ἐστιν
1523 2138 1600 2202 ὡς
1655 2140 1904 2209 γέννημα

318 2226 349 2278 ὁ
384 2224 538 2291 Υἱὸς,
558 2224 691 2278 ἀλλὰ
723 2226 916 2280 ταυτόν
944 2228 1091 2281 ἐστιν
1119 2227 1192 2292 ὡς
1209 2228 1340 2293 Θεὸς
1368 2229 1462 2283 καὶ
1490 2227 1548 2280 ἐν
1581 2230 1717 2281 εἰσιν
1742 2228 1902 2291 αὐτὸς

320 2316 419 2366 καὶ
447 2315 476 2368 6
506 2315 694 2387 Πατὴρ
724 2318 787 2387 τῇ
822 2317 1040 2387 ἰδιότητι
1099 2320 1192 2370 καὶ
1219 2319 1514 2388 οἰκειότητι
1539 2317 1636 2387 τῆς
1667 2317 1905 2388 φύσεως,

327 2407 426 2457 καὶ
459 2409 523 2476 τῇ
551 2408 836 2476 ταυτότητι
867 2411 963 2474 τῆς
999 2411 1123 2478 μιᾶς
1154 2408 1424 2480 θεότητος,
1450 2408 1639 2479 ὥσπερ
1665 2409 1897 2478 εἴρηται.

327 2499 442 2550 Καὶ
478 2500 579 2569 γὰρ
615 2501 709 2552 καὶ
737 2503 798 2552 τὸ
830 2499 1172 2571 ἀπαύγασμα
1207 2501 1321 2571 φῶς
1354 2503 1518 2564 ἐστιν,
1553 2502 1615 2554 οὐ
1651 2501 1904 2570 δεύτερον

321 2588 421 2642 τοῦ
464 2589 634 2660 ἡλίου,
675 2591 794 2645 οὐδὲ
835 2591 1020 2666 ἕτερον
1060 2594 1173 2662 φῶς
1199 2633 1215 2658 ,
1272 2592 1393 2646 οὐδὲ
1431 2594 1571 2647 κατὰ
1615 2595 1902 2662 μετουσίαν

320 2681 517 2745 αὑτοῦ,
571 2682 689 2736 ἀλλ’
741 2682 869 2736 ίδιον
914 2683 1077 2737 αὐτοῦ
1127 2684 1396 2755 γέννημα.
1447 2683 1519 2736 Τὸ
1569 2684 1624 2737 δὲ
1664 2683 1903 2736 τοιοῦτον

319 2773 572 2844 γέννημα
604 2773 662 2837 ἐξ
692 2773 934 2843 ἀνάγκης
971 2775 1085 2826 ἐστὶ
1124 2775 1260 2842 φῶς,
1295 2775 1388 2827 καὶ
1418 2775 1517 2828 οὐκ
1549 2774 1612 2828 ἄν
1645 2790 1726 2836 τις
1756 2773 1903 2826 εἴποι

319 2866 416 2918 δύο
443 2866 598 2934 φῶτα
623 2861 764 2920 εἶναι
791 2866 986 2931 ταῦτα,
1010 2866 1143 2919 ἀλλὰ
1170 2866 1262 2919 δύο
1283 2867 1404 2936 μὲν,
1435 2866 1584 2936 ἣλιον
1607 2865 1701 2919 καὶ
1726 2864 1903 2918 ἀπαύ-

325 2971 518 3024 γασμα
540 2995 556 3022 ,
587 2954 645 3008 ἓν
677 2955 732 3008 δὲ
759 2956 820 3008 τὸ
847 2957 907 3022 ἐξ
930 2956 1084 3026 ἡλίου
1119 2955 1232 3024 φῶς
1256 2994 1270 3018 ,
1306 2958 1362 3008 ἐν
1392 2955 1467 3024 τῷ
1505 2955 1902 3024 ἁπαυγὰσματι

323 3048 632 3114 φωτίζοντα
647 3048 945 3118 πανταχοῦ.
971 3047 1126 3102 Οὕτω
1153 3051 1247 3102 καὶ
1270 3049 1304 3119 ἡ
1329 3047 1575 3102 τοῦιΥίοῦ
1597 3048 1790 3118 θεότης
1806 3047 1901 3101 τοῦ

323 3139 544 3209 Πατρός
579 3141 746 3195 ἐστιν.
780 3140 942 3194 Ὅθεν
975 3141 1067 3194 καί
1099 3141 1400 3212 ἀδιαίρετός
1429 3142 1576 3207 ἐστι,
1606 3121 1700 3196 καὶ
1728 3142 1902 3204 οὕτως

319 3227 403 3293 εἷς
460 3231 615 3294 Θεὸς,
648 3230 741 3283 καὶ
787 3233 885 3284 οἰικ
932 3231 1076 3284 ἔστιν
1125 3232 1282 3296 ἄλλος
1323 3234 1459 3304 πλὴν
1510 3231 1694 3287 αὑτοῦ.
1747 3231 1904 3286 Οὕτω

319 3323 457 3389 γοῦν
486 3321 544 3373 ἓν
579 3321 758 3375 αὐτῶν
791 3321 991 3387 ὄντων,
1022 3323 1116 3375 καὶ
1143 3325 1270 3391 μιᾶς
1296 3322 1460 3395 οὔσης
1491 3323 1588 3393 τῆς
1614 3322 1864 3393 θεότητος
1885 3361 1900 3388 ,

317 3418 390 3466 τὰ
420 3413 564 3466 αὐτὰ
592 3413 810 3480 λέγεται
830 3413 960 3484 περὶ
981 3413 1074 3466 τοῦ
1104 3413 1255 3480 Υἰοῦ,
1284 3417 1384 3469 ὅσα
1414 3415 1632 3484 λέγεται
1657 3416 1750 3468 καὶ
1776 3415 1904 3485 περὶ

317 3505 417 3558 τοῦ
452 3505 682 3574 ιιατρὸς,
713 3508 880 3576 χωρὶς
909 3504 1002 3558 τοῦ
1034 3506 1284 3573 λέγεσθαι
1309 3508 1519 3576 Πατὴρο
1544 3506 1747 3560 Πάντα
1769 3507 1901 3575 τὰρ,

319 3595 491 3665 φησὶν
525 3595 686 3659 αὐτὸς
721 3596 749 3647 6
783 3594 933 3660 Υἰὸς,
963 3595 1079 3648 ὅσα
1111 3595 1236 3664 ἔχει
1268 3598 1301 3648 ό
1335 3595 1537 3664 Πατὴρ
1566 3593 1679 3664 ἐμά
1711 3594 1904 3657 ἐστιν.

329 3687 394 3741 '0
420 3688 476 3740 δὲ
507 3688 716 3742 ἁκούων
738 3687 808 3740 τὰ
830 3685 922 3740 τοῦ
950 3686 1162 3753 Πατρὸς
1187 3687 1451 3756 λεγόμενα
1481 3685 1567 3754 ἐφ’
1597 3685 1728 3738 Υἱοῦ
1780 3684 1905 3753 ὅψε-

320 3799 418 3836 ται
471 3782 565 3834 καὶ
593 3775 747 3843 οὗτος
792 3781 882 3833 τὸν
917 3779 1136 3848 Πατέρα
1171 3780 1226 3831 ὲν
1273 3779 1349 3849 τῷ
1384 3778 1516 3849 Υἰῴ.
1545 3777 1825 3846 Θεωρήσει
1849 3776 1904 3828 δὲ

317 3875 420 3928 καὶ
463 3873 552 3926 τὸν
597 3871 722 3925 Υίδν
773 3872 830 3926 ἐν
874 3871 951 3942 τῷ
997 3870 1174 3942 Πατρὶ
1217 3870 1344 3922 ὅταν
1389 3869 1459 3922 τὰ
1507 3868 1773 3937 λεγόμενα
1821 3867 1905 3932 ἐφ’

319 3965 459 4018 Υἰοῦ
501 3965 676 4018 ταῦτα
713 3963 942 4033 λέγηται
983 3963 1078 4016 καὶ
1126 3962 1216 4014 ἐπὶ
1252 3960 1484 4029 Πατρός.
1544 3959 1632 4011 Ἐν
1676 3959 1784 4027 γὰρ
1827 3955 1906 4026 τῷ

321 4056 442 4125 Υίῷ
473 4058 506 4125 ὴ
536 4056 779 4124 πατρική
811 4053 1098 4123 θεωρεῖται
1133 4050 1344 4116 θεότης.
1375 4049 1546 4102 Τοῦτο
1573 4048 1630 4101 δὲ
1665 4048 1763 4100 καὶ
1796 4046 1905 4099 ἀπὸ

319 4149 422 4202 τοῦ
457 4147 901 4218 παραδείγματος
929 4145 1025 4213 τῆς
1050 4143 1256 4204 εἰκόνος
1286 4139 1380 4193 τοῦ
1413 4138 1676 4208 βασιλέως
1707 4154 1906 4207 προσε-

321 4238 588 4310 χέστερόν
611 4254 691 4300 τις
721 4237 1004 4289 κατανοεῖν
1034 4235 1345 4303 δυνήσεται.
1390 4231 1478 4284 Ἐν
1504 4233 1608 4301 γὰρ
1636 4232 1700 4300 τῇ
1733 4231 1904 4282 εἰκόνι

318 4332 418 4384 τοῦ
458 4327 722 4396 βασιλέως
748 4326 808 4378 τὸ
839 4320 1102 4387 εἷὸοςκαὶ
1131 4327 1164 4393 ἡ
1197 4322 1378 4394 μορφή
1412 4322 1528 4372 ἔστι
1553 4336 1566 4350 ’
1603 4320 1700 4372 καὶ
1733 4323 1791 4372 ὲν
1824 4317 1902 4388 τῷ

322 4422 540 4494 βασιλεῖ
561 4415 618 4473 δὲ
643 4419 703 4472 τὸ
729 4419 786 4470 ἐν
811 4420 874 4486 τῇ
898 4417 1067 4469 εἰκόνι
1095 4413 1234 4478 εἶδός
1255 4415 1423 4482 ἐστιν.
1459 4410 1905 4482 ’Δπαράλλακτος

2004 1965 2152 2010 sunt.
2181 1955 2437 2020 Quamvis
2481 1954 2628 2008 enim
2661 1953 2806 2006 aliud
2855 1951 2926 2005 sit
2957 1958 3224 2019 quatenus
3268 1947 3479 2017 genitus
3509 1955 3592 1997 est

2003 2045 2196 2109 Filius,
2220 2045 2362 2098 idem
2397 2053 2575 2096 tamen
2622 2051 2726 2105 est,
2753 2051 3022 2108 quatenus
3084 2039 3248 2091 Deus.
3285 2037 3349 2089 Et
3414 2050 3580 2087 unum

2003 2135 2310 2191 suntFilius
2326 2146 2376 2188 et
2397 2134 2573 2196 Pater,
2594 2133 2874 2201 quoniam,
2900 2128 3230 2190 utdiximns,
3248 2143 3351 2179 una
3374 2125 3591 2194 propria

2005 2229 2301 2296 eademque
2316 2235 2530 2286 natura,
2555 2233 2610 2278 et
2634 2223 2889 2276 divinitas
2907 2230 3008 2275 est.
3038 2221 3316 2288 Siquidem
3339 2218 3590 2286 etsplen-

2005 2320 2105 2375 dor
2131 2319 2220 2372 lux
2243 2326 2329 2373 est
2355 2332 2465 2371 non
2499 2316 2612 2371 sole
2637 2315 2959 2383 posteriore,
2997 2326 3174 2379 neque
3199 2311 3316 2364 luce
3339 2309 3591 2362 diversus

2007 2426 2037 2464 a
2069 2410 2203 2474 sole,
2242 2422 2419 2477 neque
2446 2407 2716 2476 particeps
2738 2405 2880 2458 illius
2911 2404 3007 2457 sed
3030 2401 3309 2471 proprium
3343 2413 3589 2469 germen.

2005 2501 2157 2568 Quod
2186 2501 2400 2570 quidem
2431 2514 2651 2570 germen
2675 2500 2897 2552 omnin.»
2924 2497 3015 2550 lux
3046 2504 3152 2556 est,
3197 2509 3374 2562 neque
3415 2493 3590 2546 lucem

2004 2593 2272 2663 duplicem
2300 2591 2394 2646 sed
2433 2606 2557 2645 cum
2589 2590 2696 2644 duo
2727 2591 2856 2653 sint,
2890 2588 2970 2644 sol
3001 2595 3058 2642 et
3109 2585 3389 2655 splendor,
3422 2597 3584 2636 unam

2006 2694 2184 2740 tamen
2221 2699 2252 2738 e
2278 2684 2394 2738 solo
2421 2683 2596 2737 lucem
2630 2681 2855 2746 dixeris,
2886 2680 3175 2750 splendore
3229 2677 3592 2730 illustrantem

2004 2779 2208 2832 omnia.
2241 2776 2329 2831 Sic
2344 2786 2398 2830 et
2425 2773 2545 2828 Filii
2568 2774 2826 2829 divinitas
2844 2772 3020 2826 Patris
3043 2779 3148 2835 est,
3184 2771 3413 2838 ideoque
3427 2767 3590 2820 dividi

2005 2887 2113 2926 non
2153 2875 2354 2938 potest.
2377 2866 2468 2923 Sic
2496 2883 2638 2922 unus
2663 2876 2746 2922 est
2772 2865 2936 2929 Deus,
2955 2873 3010 2919 et
3034 2880 3143 2918 non
3176 2872 3261 2919 est
3289 2863 3426 2916 alius
3459 2875 3596 2929 prie-

2008 2970 2087 3014 ter
2129 2961 2294 3014 hunc.
2339 2961 2527 3028 Itaque
2552 2974 2676 3014 cum
2711 2974 2877 3012 unum
2911 2957 3040 3018 sint.
3075 2967 3130 3010 et
3162 2970 3269 3010 una
3304 2955 3371 3008 sit
3400 2966 3593 3006 eorum

2007 3052 2294 3116 divinitas,
2327 3066 2446 3120 qua:
2475 3051 2733 3105 dicuntur
2755 3049 2822 3103 de
2842 3047 3003 3112 Filio,
3032 3047 3222 3101 eadem
3255 3043 3509 3098 dicuntur
3529 3041 3596 3094 de

2007 3145 2166 3200 Patre
2193 3152 2440 3210 excepto,
2466 3141 2612 3210 quod
2649 3139 2805 3193 Pater
2829 3139 2938 3203 hic,
2989 3137 3157 3190 Fdius
3191 3137 3278 3189 ille
3331 3133 3594 3187 duntaxat

2007 3235 2249 3290 dicitur:
2281 3234 2472 3287 Omnia
2499 3234 2656 3296 enim,
2686 3231 2865 3301 inquit
2894 3232 3009 3300 ipse
3055 3230 3243 3290 Filius,
3281 3242 3398 3296 qua:
3434 3223 3597 3276 Pater

2003 3328 2174 3388 habet,
2207 3342 2322 3380 mea
2341 3335 2460 3379 sunt
2513 3327 2549 3376 ι.
2582 3323 2699 3378 Jam
2727 3323 2819 3393 qui
2843 3322 2994 3376 audit
3013 3337 3073 3375 ea
3098 3335 3217 3389 qua:
3247 3317 3420 3372 Patris
3445 3325 3594 3375 sunt.

2005 3420 2074 3476 de
2099 3418 2235 3473 Filio
2256 3418 2384 3483 dici,
2412 3417 2618 3471 videbit
2650 3424 2704 3470 et
2738 3417 2851 3484 ipse
2867 3415 3082 3469 Patrem
3117 3414 3170 3466 in
3201 3409 3358 3464 Filio.
3387 3408 3592 3462 Etcum

2007 3511 2278 3579 intelliget
2307 3525 2369 3564 ea
2399 3525 2518 3578 quae
2541 3510 2607 3562 de
2633 3507 2772 3562 Filio
2799 3508 3076 3569 dicuntur,
3127 3504 3194 3558 de
3227 3501 3388 3556 Patre
3430 3501 3594 3554 etiam

2007 3604 2136 3669 dici,
2167 3605 2360 3659 Filium
2394 3604 2450 3656 in
2482 3602 2642 3657 Patre
2670 3601 2958 3670 spectabit.
2991 3601 3049 3653 In
3078 3596 3216 3651 Filio
3248 3597 3392 3648 enim
3415 3593 3594 3647 cerni-

2007 3707 2099 3752 tur
2128 3696 2388 3754 divinitas
2405 3694 2600 3748 Patris.
2618 3693 2729 3747 Hoc
2747 3704 2928 3757 autem
2958 3689 3385 3760 regiaeimaginis
3409 3701 3594 3739 exe-ui-

2007 3790 2100 3860 plo
2132 3789 2348 3844 facilius
2391 3787 2622 3857 intelligi
2652 3785 2873 3855 poterit.
2928 3783 2986 3836 In
3029 3783 3262 3852 imagine
3315 3780 3462 3833 enim
3513 3788 3597 3833 est

2006 3880 2238 3951 species,
2256 3887 2313 3934 et
2327 3879 2499 3933 forma
2519 3878 2682 3947 regis.
2698 3878 2764 3931 Et
2777 3877 2832 3930 in
2848 3878 2966 3945 ipso
2981 3891 3103 3946 rege
3121 3873 3331 3942 species
3345 3871 3599 3941 imaginis

2008 3982 2113 4028 est.
2132 3971 2404 4026 Constans
2417 3971 2564 4025 enim
2580 3978 2667 4024 est
2686 3969 2741 4022 in
2773 3967 3008 4037 imagine
3024 3967 3164 4036 regis
3185 3965 3505 4020 similitudo.
3525 3962 3597 4018 Ut

2006 4064 2102 4134 qui
2137 4063 2541 4130 contemplatur
2569 4061 2884 4130 imaginem,
2921 4060 2977 4112 in
3017 4058 3134 4127 ipsa
3207 4071 3388 4126 regem
3433 4071 3600 4125 agno-

2009 4163 2132 4212 scat
2167 4165 2223 4210 et
2259 4155 2456 4208 videat.
2497 4153 2566 4207 Et
2605 4167 2819 4208 rursum
2850 4151 2943 4220 qui
2981 4165 3162 4220 regem
3210 4149 3427 4219 aspicit,
3474 4165 3598 4202 eum

2005 4263 2147 4312 esse,
2175 4255 2455 4318 agnoscat,
2489 4245 2584 4316 qui
2617 4245 2673 4299 in
2702 4244 2942 4314 imagine
2973 4243 3333 4298 cernebatur.
3397 4241 3601 4308 Quam-

2007 4340 2198 4394 obrem
2227 4340 2299 4394 ob
2328 4347 2532 4392 certam
2559 4347 2615 4391 et
2635 4336 2771 4390 nihil
2800 4335 3147 4391 dilferentem
3175 4333 3597 4389 similitudinem

2006 4433 2057 4485 ei
2089 4430 2183 4499 qui
2237 4445 2397 4500 persp
2421 4439 2518 4484 -cta
2571 4431 2808 4499 imagine
2854 4427 3092 4481 voluerit
3137 4441 3317 4496 regem
3365 4425 3593 4484 intueri.

320 4515 432 4584 γάρ
461 4516 609 4566 ἐστιν
635 4513 668 4582 ἡ
697 4511 754 4562 ἑν
774 4511 838 4580 τῇ
869 4509 1037 4562 εἰκόνι
1060 4507 1152 4560 τοῦ
1179 4506 1441 4576 βασιλέως
1456 4507 1732 4574 ὁμοιότης,
1759 4504 1903 4556 ὥστε

2009 4522 2239 4591 imagine
2257 4522 2461 4590 poterit
2507 4519 2579 4574 ita
2609 4519 2802 4582 dicere,
2830 4517 2980 4586 :IEgo
2998 4524 3054 4571 et
3077 4531 3170 4569 rex
3198 4530 3366 4570 unum
3387 4530 3598 4568 sumus.

319 4607 413 4659 τὸν
445 4604 717 4674 ἐνορῶντα
747 4605 815 4670 τῇ
841 4601 1010 4653 εἰκόνι
1030 4599 1160 4670 ὁρᾷν
1179 4600 1235 4651 ἐν
1261 4599 1396 4670 αὐτῇ
1427 4599 1518 4650 τὸν
1543 4597 1786 4668 βασιλέα,
1809 4599 1903 4649 καὶ

320 4699 414 4750 τὸν
449 4697 608 4751 πάλιν
635 4698 847 4766 ὁρωντα
887 4695 977 4746 τὸν
1004 4693 1234 4763 βασιλέα
1264 4691 1668 4760 ἐπιγινώσκειν,
1693 4692 1776 4743 ὅτι
1811 4686 1905 4742 οὗ·

318 4791 414 4853 τός
463 4791 612 4842 ἔστιν
647 4792 674 4842 6
706 4789 764 4841 ὲν
806 4789 872 4858 τῇ
899 4786 1088 4840 εἰκόνι.
1136 4785 1231 4837 Ἐκ
1259 4783 1316 4837 δὲ
1359 4781 1454 4837 τοῦ
1491 4783 1566 4853 μὴ
1598 4782 1906 4836 διαλάττειν

317 4885 423 4954 τὴν
455 4883 755 4952 ὁμοιότητα
783 4882 859 4952 τῷ
889 4881 1096 4934 θέλοντι
1129 4879 1268 4948 μετὰ
1292 4878 1389 4950 τὴν
1416 4878 1600 4932 εἰκόνα
1626 4877 1904 4947 θεωρῆσαι

317 4977 414 5031 τὸν
448 4974 694 5045 βασιλέα,
725 4973 868 5028 είποι
903 4974 970 5028 ἂν
999 4974 1031 5043 ἡ
1063 4974 1229 5027 εἰκών
1251 4989 1264 5004 ·
1297 4969 1440 5040 Ἐγὼ
1467 4971 1560 5025 καὶ
1592 4971 1620 5021 6
1651 4971 1904 5041 βασιλεὺς

319 5071 386 5124 ἐν
409 5070 599 5137 ἐσμεν.
632 5070 774 5137 Ἐγὼ
793 5069 902 5137 γὰρ
924 5068 980 5119 ὲν
1010 5065 1204 5136 ἐκείνῳ
1230 5065 1368 5135 εἰμὶ,
1397 5065 1648 5128 κάκεῖνος
1673 5066 1732 5118 ὲν
1757 5066 1903 5134 ἐμοὶ,

319 5163 420 5216 καὶ
456 5161 484 5215 ὃ
516 5163 650 5232 ὁρᾷς
687 5162 746 5216 ἐν
772 5160 918 5232 ἐμοὶ,
955 5159 1113 5213 τοῦτο
1142 5159 1203 5211 ὲν
1236 5157 1430 5228 ἐκείνῳ
1464 5156 1702 5228 βλέπεις.
1738 5158 1849 5212 Καὶ
1877 5156 1908 5210 6

323 5253 586 5325 ἑώρακας
625 5255 684 5306 ὲν
716 5252 934 5324 ἐκείνῳ,
965 5250 1124 5306 τοῦτο
1153 5250 1374 5322 βλέπεις
1401 5250 1461 5303 ὲν
1493 5251 1639 5320 ἐμοι.
1681 5249 1741 5304 '0
1773 5249 1906 5317 γοῦν

319 5346 652 5416 προσκυνῶν
707 5343 809 5414 τὴν
867 5342 1055 5398 εἰκόνα
1142 5345 1199 5395 ἐν
1258 5340 1397 5412 αὐτῇ
1459 5342 1760 5412 προσκυνεῖ
1817 5340 1907 5393 τὸν

321 5436 572 5510 βασιλέα.
619 5434 686 5488 Ἦ
719 5433 830 5505 γὰρ
860 5435 1069 5488 ἐκείνου
1105 5433 1288 5505 μορφὴ
1313 5475 1326 5493 ,
1361 5435 1457 5488 καὶ
1489 5434 1552 5486 τὸ
1586 5427 1727 5495 είδός
1758 5433 1907 5488 ἐστιν

317 5531 357 5599 ἡ
399 5524 587 5582 εἰκών.
643 5527 797 5580 Ἑπεί
839 5526 1020 5581 τοίνυν
1064 5527 1158 5579 καὶ
1195 5529 1223 5581 6
1268 5525 1393 5589 Υἱὸς
1437 5524 1621 5579 είκών’
1647 5527 1761 5578 ἔστι
1813 5526 1908 5578 τοῦ

322 5618 581 5691 Πατρδς,
640 5617 702 5683 ἐξ
752 5617 999 5688 ἀνάγκης
1051 5619 1169 5672 ἐστὶ
1231 5619 1409 5683 νοεῖν,
1466 5617 1545 5671 ὅτι
1605 5618 1638 5687 ή
1693 5617 1906 5686 θεότης,

319 5711 422 5768 καὶ
457 5711 491 5779 ἡ
511 5709 711 5781 ἰδιότης
739 5709 832 5764 τοῦ
862 5711 1074 5782 Πατρδς
1102 5713 1162 5764 τὸ
1192 5707 1331 5765 εἰναι
1359 5711 1451 5764 τοῦ
1485 5711 1614 5765 Υἰοῦ
1644 5713 1780 5775 ἐστι,
1815 5713 1908 5767 καὶ

399 5831 412 5864 ³
447 5826 606 5887 Joan.
654 5847 760 5898 xw,
803 5830 884 5884 l5.
962 5831 981 5862 ³
1011 5829 1218 5900 Philipp
1259 5847 1316 5897 ιι,
1345 5830 1394 5884 6.

2006 4609 2120 4682 Ego
2143 4613 2291 4665 enim
2325 4611 2379 4664 in
2409 4611 2498 4663 illo
2519 4625 2666 4672 sum,
2695 4619 2750 4662 et
2769 4608 2859 4661 ille
2884 4609 3066 4661 inme.
3093 4607 3158 4660 Et
3180 4606 3323 4674 quod
3345 4605 3524 4658 cernis
3545 4604 3599 4656 in

2006 4719 2118 4769 me,
2142 4704 2284 4759 idem
2319 4704 2372 4758 in
2393 4718 2459 4757 eo
2482 4700 2812 4771 conspicies,
2835 4709 2891 4754 et
2916 4698 3060 4768 quod
3095 4699 3150 4750 in
3175 4697 3266 4749 illo
3299 4695 3598 4762 conspicis,

2010 4794 2156 4849 idem
2177 4809 2372 4849 cernes
2393 4793 2446 4847 in
2470 4809 2575 4846 me.
2594 4791 2694 4857 Qui
2715 4807 2844 4861 ergo
2867 4790 3053 4843 adorat
3070 4787 3384 4856 imaginem,
3409 4785 3463 4838 in
3487 4786 3602 4854 ipsa

2005 4901 2187 4956 regem
2220 4887 2434 4942 adorat.
2455 4884 2590 4938 Nam
2631 4885 2751 4952 ejus
2773 4882 2980 4953 eﬂigics
2997 4889 3050 4935 et
3081 4879 3254 4933 forma
3283 4880 3461 4949 imago
3498 4889 3602 4932 est.

2005 4979 2273 5045 Quoniam
2317 4979 2480 5048 igitur
2498 4977 2671 5032 Filius
2697 4984 2784 5031 est
2813 4976 2990 5045 imago
3023 4973 3215 5037 Patris,
3251 4971 3606 5042 intelligimus

2004 5071 2324 5128 necessario
2351 5069 2694 5124 divinitatem
2725 5077 2782 5122 et
2841 5068 3229 5137 proprietatem
3265 5065 3440 5120 Patris
3481 5080 3604 5118 esse

2003 5164 2300 5220 essentiam
2315 5159 2462 5217 Filii.
2476 5163 2651 5230 Atque
2671 5159 2775 5214 hoc
2791 5160 2923 5215 illud
2939 5160 3175 5230 estquod
3195 5160 3426 5235 caverba
3445 5159 3607 5228 signi-

2007 5258 2172 5311 ﬁcant
2199 5253 2336 5319 {Qui
2357 5269 2477 5306 cum
2495 5255 2737 5324 informa
2765 5253 2859 5307 Dei
2874 5263 3004 5308 esset
3030 5256 3072 5308 ².
3112 5251 3283 5307 Porro
3301 5250 3605 5306 divinitatis

2006 5348 2182 5404 forma
2195 5361 2304 5401 non
2323 5360 2388 5399 ex
2405 5345 2564 5400 Patre
2577 5354 2684 5410 est,
2704 5345 2800 5398 sed
2817 5345 3116 5400 divinitatis
3135 5344 3308 5397 Patris
3323 5341 3606 5412 plenitudo

2014 5447 2100 5494 est
2117 5438 2353 5493 essentia
2375 5437 2517 5502 Filii,
2543 5435 2852 5491 etVerbum
2875 5437 3016 5492 Dens
3044 5446 3129 5490 est
3163 5434 3355 5488 Filius.
3395 5431 3604 5496 Quam-

2016 5533 2208 5587 obrem
2263 5530 2490 5601 mqualis
2524 5532 2797 5585 exsistens
2849 5545 2951 5583 non
3009 5529 3255 5596 rapinam
3306 5524 3604 5579 arbitratus

2018 5631 2119 5687 est,
2161 5637 2269 5677 em
2300 5637 2356 5677 se
2390 5621 2648 5691 a'qualem
2676 5620 2808 5675 Deo.
2848 5622 2911 5674 Et
2940 5621 3067 5689 quia
3092 5617 3214 5674 Filii
3267 5617 3522 5674 divinitas
3548 5623 3605 5670 et

2020 5713 2233 5785 species
2261 5729 2370 5768 non
2400 5713 2558 5776 alius,
2594 5711 2698 5767 nisi
2734 5709 2908 5765 Patris
2959 5721 3064 5774 εει,
3117 5710 3240 5766 ideo
3271 5709 3405 5766 dixit
3434 5724 3448 5763 :
3490 5707 3602 5778 Ego
