4032 6288
506 317 604 380 411

1776 303 2163 364 ΕυῚῊΥΜΙΙ
2201 304 2560 367 ZIGABENI

3626 318 3714 382 412

505 433 561 483 in
598 429 754 480 Putre
785 442 919 477 mm.
953 422 1039 477 Sic
1075 422 1208 474 Deus
1242 426 1354 472 erat
1386 419 1439 469 in
1469 416 1678 471 Christo
1714 417 1964 469 mundum
2001 431 2085 468 re-

2200 416 2344 469 τοῦτό
2390 419 2539 470 ἐστιν
2565 434 2579 448 ο
2612 420 2715 484 Ὃς
2766 419 2835 473 ἐν
2861 419 3063 490 μορφῇ
3110 421 3257 475 Θεοῦ
3296 423 3579 493 ὑπάρχων.
3620 432 3714 484 Οὐκ

508 519 793 572 concilians
852 517 1021 569 sibi'.
1072 512 1358 580 Proprium
1411 510 1554 563 enim
1598 509 1775 563 Patris
1828 508 2082 562 essentia:

508 607 678 659 Filius
707 616 807 663 est.
842 604 894 656 in
936 618 1042 669 quo
1098 599 1335 654 mundus
1372 600 1482 652 Deo
1534 598 1937 654 reconciliatur.
1991 596 2082 650 Sic

507 712 627 764 qua:
666 695 826 747 Pilius
861 694 988 761 agit,
1023 691 1196 744 Patris
1243 700 1372 743 sunt
1399 705 1584 758 opera.
1634 690 1725 742 Sic
1768 690 1858 757 qui
1887 687 2078 741 Filium

510 790 676 853 videt,
706 788 917 841 Patrem
964 786 1128 837 videt.
1156 782 1213 836 In
1248 793 1471 851 paterna
1499 783 1645 836 enim
1667 783 1953 836 divinitate
1994 781 2083 834 Fi-

509 880 614 932 lius
645 886 729 932 est
785 888 837 931 et
867 884 1160 944 spectatur.
1222 876 1287 928 Et
1313 886 1536 944 paterna
1580 890 1700 943 quae
1726 875 1781 927 in
1811 875 1930 937 ipso
1958 888 2083 942 spe-

512 973 623 1023 cies
659 978 761 1025 est.
797 969 850 1019 in
885 982 951 1019 eo
986 965 1199 1019 Patrem
1230 966 1487 1025 ostendit,
1519 976 1575 1020 et
1604 965 1681 1018 sic
1725 973 1810 1017 est
1832 964 1993 1018 Pater
2029 963 2083 1014 in

512 1063 669 1115 Filio.
707 1060 769 1113 Et
802 1058 1103 1126 proprietas
1120 1066 1281 1125 atque
1300 1057 1557 1111 divinitas
1588 1072 1655 1109 ex
1677 1054 1836 1108 Patre
1868 1055 1921 1107 in
1949 1054 2084 1107 Filio

511 1156 588 1207 sic
626 1152 862 1206 ostendit
889 1149 1083 1203 Filium
1128 1148 1181 1202 in
1206 1148 1385 1212 Patre,
1411 1158 1468 1201 ut
1499 1148 1565 1202 ab
1604 1162 1667 1201 eo
1700 1147 1939 1215 separari
1975 1160 2085 1198 non

512 1246 703 1313 possit.
749 1243 850 1308 Qui
892 1258 1021 1296 vero
1054 1243 1225 1306 audit,
1269 1251 1323 1295 et
1369 1241 1519 1295 videt
1551 1256 1612 1295 ea
1651 1255 1772 1308 quae
1828 1240 2086 1293 dicuntur

509 1339 576 1390 de
603 1337 784 1399 Patre,
815 1335 881 1389 de
905 1334 1041 1387 Filio
1074 1335 1201 1387 item
1232 1332 1359 1396 dici,
1386 1348 1496 1385 non
1525 1331 1669 1401 quod
1712 1348 1807 1400 per
1856 1332 2084 1400 gratiam

514 1429 590 1481 sit
636 1441 826 1481 eorum
866 1425 1161 1496 particeps,
1190 1435 1353 1493 atque
1384 1424 1455 1478 ita
1494 1424 1691 1477 habeat
1721 1423 1809 1475 illa
1843 1422 1999 1475 insita
2031 1423 2087 1474 in

513 1521 755 1574 essentia
794 1534 915 1582 sua,
945 1518 1038 1572 sed
1079 1517 1221 1586 quod
1254 1517 1425 1585 ipsius
1450 1515 1570 1570 Filii
1598 1514 1835 1569 essentia
1859 1515 1929 1567 sit
1960 1528 2087 1582 pro-

511 1614 691 1681 prium
715 1609 968 1665 essentia:
1003 1617 1243 1678 paterna:
1268 1620 1490 1675 germen
1514 1605 1580 1669 is,
1629 1602 2087 1674 quemadmodum

512 1715 642 1759 ante
674 1704 807 1768 dixi,
845 1703 1100 1772 praeclare
1125 1700 1378 1770 intelligit
1423 1699 1631 1753 dictum
1666 1696 1798 1750 illud
1829 1714 1842 1749 :
1879 1695 1988 1764 Ego
2034 1697 2086 1745 in

2188 509 2251 560 ὲκ
2309 508 2507 577 μέρους
2559 510 2616 562 δὲ
2674 512 2707 579 ἡ
2759 512 2857 581 τῆς
2915 511 3174 582 (θεότητος
3231 514 3446 581 μορφὴ,
3503 516 3624 570 ἀλλὰ
3666 519 3718 573 τὸ

2189 597 2462 668 πλήρωμα
2509 600 2609 668 τῆς
2661 600 2754 653 τοῦ
2810 603 3023 669 Πατρὸς
3077 602 3329 671 θεότητός
3400 606 3512 658 ἐστι
3554 609 3608 659 τὸ
3654 607 3717 662 εἴ.

2189 708 2279 743 ναι
2308 692 2402 744 τοῦ
2436 692 2587 747 Υίοῦ.
2625 695 2735 747 Καὶ
2760 694 2877 757 ὅλος
2922 695 3057 755 Θεὸς
3085 696 3232 747 ἐστιν
3254 697 3280 747 6
3309 696 3450 757 Υἱός.
3476 698 3565 751 Διὰ
3583 700 3718 754 τοῦτο

2189 784 2283 835 καὶ
2315 783 2404 837 ἴσα
2447 784 2564 850 Θεῷ
2600 785 2695 852 ὢν,
2742 788 2838 857 οὐχ
2894 788 3188 857 ἁρπαγμὸν
3224 787 3282 838 τὸ
3330 786 3463 841 εἶναι
3512 791 3595 843 lca
3621 794 3722 862 Θεῷ

2190 876 2447 944 ἡγήσατο.
2481 877 2591 929 Καὶ
2630 878 2791 932 πάλιν
2838 880 3025 949 ἐπειδὴ
3077 878 3169 931 τσῦ
3208 877 3337 930 Υίοῦ
3375 881 3406 949 ή
3446 879 3620 951 θεότης
3644 890 3721 939 καὶ

2190 965 2250 1016 τὸ
2288 961 2426 1027 εἶδος
2463 965 2677 1028 οὐδενὸς
2724 965 2882 1019 ἄλλου
2925 966 3077 1037 ἥτοῦ
3129 969 3344 1037 Πατρός
3402 971 3537 1033 ἐστι,
3584 975 3725 1029 τοῦτο

2194 1055 2337 1106 ἐστιν
2364 1056 2498 1125 ὅπερ
2535 1053 2709 1121 εἶπεν,
2744 1058 2826 1110 ὅτι
2875 1058 3024 1127 Ἐγὼ
3054 1058 3125 1111 ἐν
3174 1057 3254 1122 τῷ
3279 1061 3478 1125 Πατρί.
3511 1061 3678 1125 Οὕτως
3704 1067 3730 1118 6

2192 1145 2322 1207 Θεὸς
2352 1143 2418 1216 ἦν
2450 1149 2505 1200 ἐν
2530 1148 2769 1218 Χριστῷ,
2805 1151 3011 1218 κόσμον
3043 1151 3224 1220 ἑαυτῷ
3251 1152 3641 1209 καταλλάσσων.
3668 1158 3730 1208 Τὸ

2195 1236 2303 1305 γὰρ
2345 1238 2478 1291 ἴδιον
2505 1240 2602 1306 τῆς
2630 1240 2725 1292 τοῦ
2753 1242 2964 1308 Πατρὸς
2990 1242 3177 1306 οὐσίας
3207 1243 3357 1296 ἐστὶν
3391 1244 3418 1296 6
3444 1244 3583 1309 Υἱὸς,
3613 1249 3663 1300 ἐν
3696 1242 3733 1316 ᾧ

2192 1332 2225 1399 ἡ
2259 1331 2437 1393 κτίσις
2493 1334 2632 1400 πρὸς
2679 1333 2771 1385 τὸν
2816 1334 2949 1386 Θεὸν
2993 1335 3424 1405 κατηλλάσσετο.
3481 1338 3650 1403 Οὕτως
3704 1341 3735 1395 ἃ.

2197 1422 2488 1488 ἐργάζεται
2536 1425 2562 1473 6
2604 1423 2750 1487 Υἱὸς,
2778 1425 2874 1478 τοῦ
2909 1427 3120 1496 Πατρός
3152 1429 3301 1479 ἐστιν
3356 1428 3508 1496 ἔργα.
3544 1432 3611 1483 Τὸ
3640 1432 3734 1501 γὰρ

2196 1511 2334 1574 εἶδος
2362 1515 2458 1582 τῆς
2488 1514 2579 1567 τοῦ
2614 1517 2825 1585 Πατρὸς
2880 1518 3130 1587 θεότητός
3187 1520 3339 1572 ἐστιν
3380 1523 3407 1573 6
3439 1521 3580 1583 Υἱὸς,
3608 1524 3737 1587 ὅστις

2197 1606 2486 1674 ἐργάζεται
2517 1607 2587 1660 τὰ
2616 1609 2772 1677 ἔργα.
2803 1608 2962 1664 Οὕτω
2989 1610 3044 1663 δὲ
3076 1613 3102 1664 6
3137 1611 3355 1679 βλέπων
3388 1614 3479 1667 τὸν
3512 1613 3629 1667 Υἱὸν
3653 1616 3740 1687 ὁρᾷ

2196 1698 2288 1751 τὸν
2328 1698 2573 1767 Πατέρα.
2608 1700 2694 1751 Ἐν
2717 1701 2826 1768 γὰρ
2852 1703 2917 1772 τῇ
2960 1700 3191 1773 πατρῴᾳ
3224 1703 3442 1770 θεότητί
3472 1705 3607 1770 ἐστι,
3661 1707 3741 1759 καὶ

516 1799 697 1863 Putre,
727 1809 771 1850 et
802 1798 960 1850 Pater
978 1797 1029 1849 in
1058 1812 1175 1859 me;
1208 1804 1263 1848 et
1297 1794 1425 1847 iLlud
1456 1812 1467 1846 ε
1502 1791 1610 1863 Ego
1647 1802 1695 1844 et
1727 1790 1888 1843 Pater
1927 1805 2090 1842 unum

2200 1790 2479 1861 θεωρεῖται
2510 1794 2537 1845 6
2588 1794 2733 1855 Υίός.
2781 1795 2891 1847 Καὶ
2921 1795 2981 1847 τὸ
3008 1797 3067 1849 ὲν
3117 1797 3268 1865 αὐτῷ
3326 1798 3589 1867 πατρικὸν
3619 1795 3742 1862 εἶδος

510 1905 713 1941 sumus.
754 1888 849 1941 Est
874 1888 1020 1940 enim
1056 1885 1245 1949 Filius,
1279 1884 1456 1955 qualis
1488 1883 1665 1949 Pater,
1695 1883 1954 1951 quoniam
1976 1895 2093 1934 om—

512 1983 625 2042 nia,
661 1997 779 2048 quae
812 1980 988 2034 Patris
1013 1991 1158 2041 sunt,
1188 1978 1372 2033 habet.
1400 1977 1579 2043 Quare
1604 1976 1765 2031 simul
1787 1976 1946 2029 etiam
1966 1989 2089 2029 cum

515 2069 676 2122 Patre
710 2068 1065 2137 signiﬁcatur.
1092 2066 1283 2121 Nullus
1312 2068 1478 2130 enim,
1509 2066 1609 2119 nisi
1665 2064 1803 2119 ﬁlius
1846 2065 2090 2129 exsistat,

512 2173 722 2228 patrem
766 2161 1070 2229 appellarit.
1118 2159 1249 2213 Nam
1273 2161 1362 2229 qui
1400 2161 1567 2213 Deum
1598 2158 1909 2212 effectorem
1941 2157 2092 2220 dicit,

515 2270 625 2308 non
651 2269 713 2307 ea
748 2254 1009 2308 continuo
1032 2268 1150 2321 quae
1181 2254 1319 2306 facta
1359 2262 1509 2318 sunt,
1534 2253 1792 2305 ostendit.
1829 2250 1925 2305 Est
1944 2250 2093 2303 enim

516 2348 762 2412 cll‘vctor,
803 2358 859 2402 et
892 2348 1070 2417 opifex
1101 2349 1262 2402 etiam
1292 2355 1583 2415 antequam
1619 2346 1707 2399 illa
1729 2346 1860 2400 sint.
1892 2344 1962 2399 At
2002 2341 2094 2412 qui

516 2441 730 2495 Patrem
782 2440 934 2504 dicit,
983 2441 1167 2494 statim
1214 2439 1483 2505 signiﬁcat
1511 2449 1565 2493 et
1602 2439 1895 2492 essentiam
1942 2435 2089 2490 Filii.

515 2533 697 2597 Quare
724 2533 815 2601 qui
847 2532 1019 2585 credit
1046 2532 1099 2584 in
1121 2530 1345 2592 Filium,
1371 2531 1533 2584 etiam
1565 2529 1619 2582 in
1649 2529 1864 2583 Patrem
1897 2528 2092 2583 credit.

514 2626 703 2679 Credit
727 2624 878 2677 enim
910 2624 965 2677 in
994 2622 1168 2676 Patris
1193 2622 1450 2676 essentiae
1477 2622 1889 2690 proprietatem.
1920 2621 2095 2688 Atque

515 2722 589 2773 ita
647 2735 755 2772 una
799 2728 883 2773 est
916 2718 1049 2771 ﬁdes
1079 2719 1130 2769 in
1163 2732 1332 2770 unum
1363 2703 1653 2769 lleunt.'Et
1679 2714 1770 2783 qui
1800 2714 2012 2777 adorat,
2041 2720 2097 2767 et

514 2812 645 2865 colit
669 2809 886 2871 Filium,
920 2810 973 2862 in
1011 2809 1143 2863 Filio
1166 2808 1383 2864 Putrem
1417 2808 1583 2861 etiam
1642 2806 1833 2860 adorat
1860 2814 1913 2859 et
1943 2804 2092 2858 colit.

513 2904 632 2959 Una
666 2905 812 2958 enim
844 2911 928 2958 est
950 2903 1298 2968 divinitas,et
1327 2900 1531 2955 idcirco
1549 2914 1688 2953 unus
1723 2908 1805 2952 est
1830 2898 2024 2961 honor,
2041 2904 2097 2951 et

516 3012 625 3049 una
657 2995 900 3050 adoratio
928 2996 981 3048 in
1019 2994 1175 3056 Filio,
1200 3001 1255 3047 et
1278 3007 1375 3063 per
1396 2992 1590 3046 Filium
1611 2989 1904 3043 exhibetur
1925 2986 2091 3041 Patri.

520 3088 583 3144 Et
606 3090 695 3158 qui
723 3090 801 3143 sic
819 3088 1071 3149 adorant,
1110 3100 1279 3140 unum
1321 3084 1512 3138 adorat
1542 3082 1735 3136 Deum.
1768 3081 1919 3137 Unus
1948 3080 2093 3134 enim
2124 3110 2169 3171 ο

519 3182 660 3235 Deus
676 3192 780 3243 est,
800 3190 854 3233 et
873 3195 981 3233 non
1002 3187 1087 3233 est
1103 3179 1242 3232 alius
1262 3186 1460 3245 praeter
1483 3178 1682 3245 ipsum.
1705 3175 1770 3228 Et
1793 3174 1955 3227 verba
1974 3172 2090 3226 illa:

518 3271 629 3342 Ego
648 3289 785 3333 sum,
810 3281 857 3324 et
885 3280 1073 3340 pra’tcr
1100 3285 1178 3321 me
1200 3285 1301 3322 non
1332 3277 1407 3321 est
1431 3268 1569 3320 alius
1597 3267 1734 3320 Deus
1780 3267 1837 3327 ¹;
1866 3273 1955 3318 et:
1983 3262 2094 3336 Ego

517 3365 719 3432 primus
744 3364 799 3427 ³;
847 3371 902 3416 et
935 3360 1082 3429 :Ego
1113 3368 1228 3429 post
1258 3361 1368 3412 hac
1390 3357 1433 3425 ‘,
1465 3365 1616 3411 recte
1637 3357 1917 3411 dicuntur.
1950 3354 2096 3410 Deus

516 3457 664 3511 enim
708 3469 871 3519 unus,
900 3464 955 3508 et
1001 3453 1169 3516 solus,
1225 3462 1280 3505 et
1328 3450 1537 3521 primus
1580 3456 1682 3504 est.
1745 3448 1855 3502 Nec
1899 3447 2097 3502 tollunt

516 3552 711 3605 Filium
745 3551 859 3604 haec
888 3549 1076 3603 verba.
1108 3547 1284 3602 Absit!
1323 3546 1418 3601 Est
1444 3544 1591 3600 enim
1616 3554 1671 3599 et
1694 3544 1811 3614 ipse
1841 3542 2013 3597 Filius
2040 3543 2094 3595 in

520 3660 650 3709 uno,
680 3653 733 3698 ct
768 3642 904 3706 solo,
932 3651 984 3695 et
1020 3639 1219 3712 primo.
1260 3637 1329 3693 Ut
1374 3638 1465 3708 qui
1497 3638 1679 3703 unius,
1704 3645 1759 3691 et
1803 3635 1997 3701 solius,
2040 3644 2099 3693 et

516 3737 677 3805 primi
714 3735 863 3789 solus
896 3743 982 3787 est
1016 3731 1281 3794 Verbum,
1306 3738 1362 3783 et
1395 3729 1685 3799 sapientia,
1715 3735 1771 3782 et
1815 3726 2091 3794 splendor.

517 3828 633 3883 Non
660 3827 821 3899 igitur
849 3834 908 3879 ttt
937 3824 1157 3879 tollatur
1191 3822 1382 3889 Filius,
1418 3822 1533 3876 haec
1564 3821 1706 3876 dicta
1746 3831 1895 3887 sunt,
1919 3822 2015 3876 sed
2038 3829 2099 3875 ut

517 3922 860 3979 Ostendatur,
897 3932 1005 3971 non
1032 3930 1150 3971 esse
1195 3916 1385 3979 alium,
1439 3914 1615 3983 qualis
1663 3921 1748 3968 est
1796 3911 1979 3979 Pater,
2042 3923 2098 3968 et

517 4012 678 4080 quale
723 4022 807 4065 εει
862 4006 1124 4062 Verbum.
1189 4005 1425 4068 Etenim,
1477 4006 1732 4073 quoniam
1789 4005 1881 4072 qti
1931 4004 2101 4059 falsos

518 4109 747 4159 adorant
767 4102 920 4161 deos,
951 4116 981 4153 a
1014 4114 1143 4153 vero
1161 4097 1271 4152 Deo
1305 4098 1609 4157 deciscunt.
1644 4096 1786 4149 Deus
1816 4096 1909 4164 qui
1940 4096 2099 4149 beni-

520 4212 658 4267 guns
690 4204 794 4253 est,
821 4202 874 4246 et
910 4192 1161 4244 homines
1208 4198 1385 4251 curat,
1416 4201 1680 4240 revocans
1733 4195 1788 4239 et
1845 4194 2100 4238 avertens

518 4304 616 4347 eos
641 4288 707 4340 ab
723 4299 906 4339 errore
929 4300 946 4337 :
979 4281 1109 4351 Ego,
1138 4282 1331 4349 inquit,
1356 4280 1491 4333 Deus
1509 4278 1687 4341 solus;
1709 4287 1765 4331 et
1791 4294 1803 4331 :
1835 4277 1945 4345 Ego
1960 4293 2098 4343 sum,

520 4392 569 4442 ct
602 4389 792 4447 praster
823 4393 904 4431 me
949 4392 1052 4431 non
1087 4384 1159 4428 est
1205 4374 1370 4439 Deus,
1406 4381 1462 4427 et
1490 4373 1593 4428 alia
1635 4372 1924 4440 ejusmodi.
1967 4370 2101 4435 Quae

2193 1884 2467 1937 δείκνυσιν
2515 1886 2574 1937 ὲν
2614 1886 2765 1956 αὐτῷ
2803 1887 2893 1939 τὸν
2924 1887 3162 1958 Πατέρα.
3207 1889 3321 1943 Καὶ
3369 1888 3539 1949 οὕτως
3566 1892 3747 1944 ἐστὶνὸ

2198 1974 2383 2045 Πατὴρ
2410 1977 2467 2028 ὲν
2491 1976 2569 2045 τῷ
2597 1977 2732 2045 Υίῷ.
2771 1979 2880 2031 Καὶ
2913 1979 2945 2047 ή
2988 1980 3052 2032 ὲκ
3082 1978 3177 2031 τοῦ
3232 1980 3454 2051 Πατρὸς
3481 1980 3536 2033 δὲ
3568 1984 3622 2035 ὲν
3646 1982 3748 2052 Υἱῷ

2197 2066 2395 2137 ἰδιότης
2418 2068 2513 2121 καί⁵
2559 2068 2748 2139 θεότης
2776 2069 3020 2123 δείκνυσι
3050 2070 3142 2124 τὸν
3198 2070 3333 2126 Υιὸν
3367 2072 3425 2124 ὲν
3464 2073 3540 2142 τῷ
3572 2073 3748 2143 Πατρί,

2195 2157 2290 2209 καὶ
2346 2158 2433 2209 ἀεὶ
2482 2158 2790 2228 ἀδιαίρετον
2841 2160 3032 2214 αὐτοῦ.
3072 2163 3179 2215 Καὶ
3214 2165 3242 2216 6
3284 2163 3502 2216 ἁκούων
3550 2164 3637 2230 δὲ,
3670 2164 3751 2216 καὶ

2196 2248 2413 2317 βλέπων
2449 2252 2516 2305 τὰ
2534 2251 2803 2320 λεγόμενα
2842 2253 3089 2323 περὶτοῦ
3125 2255 3366 2325 Πατρδς,
3398 2256 3570 2309 ταῦτα
3612 2255 3754 2324 λεγό-

2197 2360 2336 2412 μενα
2383 2346 2512 2413 περὶ
2542 2344 2635 2398 τοῦ
2666 2346 2822 2411 Υίοῦ,
2856 2348 2918 2399 οὐ
2946 2349 3086 2401 κατὰ
3115 2349 3301 2419 χάριν,
3332 2350 3365 2421 ἢ
3398 2350 3627 2421 μετοχὴν
3648 2352 3755 2404 ἑπι-

2194 2436 2456 2506 γινόμενα
2479 2441 2544 2506 τῇ
2581 2438 2740 2509 οὐσίᾳ
2759 2438 2949 2505 αὑτοῦ,
2977 2439 3095 2493 ἀλλ’
3133 2442 3216 2495 ὅτι
3249 2442 3388 2495 αὐτὸ
3426 2442 3488 2495 τὸ
3516 2436 3651 2496 εἶναι
3675 2441 3757 2495 τοῦ

2197 2528 2351 2591 Υίοῦ,
2406 2530 2537 2582 ἴδιον
2592 2530 2695 2598 τῆς
2727 2534 3004 2602 πατρικῆς
3063 2534 3254 2599 οὐσίας
3316 2536 3436 2589 ἐστὶ
3503 2536 3756 2605 γέννημα,

2194 2622 2375 2689 νοήσει
2436 2622 2615 2683 καλῶς
2652 2624 2712 2676 τὸ
2743 2626 3054 2695 εἰρημένον,
3109 2627 3251 2682 καθὰ
3289 2632 3553 2697 προεῖπον
3584 2645 3596 2659 ·
3637 2627 3761 2695 Ἐγὼ

2194 2712 2263 2765 ἐν
2284 2712 2361 2776 τῷ
2394 2714 2597 2781 Πατρὶ,
2616 2714 2715 2769 καὶ
2748 2715 2780 2768 ὀ
2809 2716 3011 2785 Πατὴρ
3030 2718 3098 2771 ἐν
3113 2719 3266 2787 ἐμοί·
3301 2722 3417 2774 καίο
3435 2721 3600 2789 Ἐγὼ,
3625 2720 3715 2773 καί
3733 2721 3763 2772 ό

2195 2804 2401 2873 Πατὴρ
2424 2807 2495 2859 ἕν
2517 2809 2725 2877 ἐσμεν.
2771 2808 2927 2865 Ἔστι
2956 2809 3066 2883 γὰρ
3108 2812 3137 2863 6
3166 2813 3323 2880 Υίὸς,
3366 2810 3478 2878 οἷος
3509 2816 3536 2867 6
3570 2812 3764 2881 Πατὴρ,

2196 2896 2274 2967 τῷ
2303 2898 2481 2952 πάντα
2506 2900 2576 2953 τὰ
2614 2901 2708 2954 τοῦ
2746 2902 2959 2973 Πατρὸς
2988 2905 3155 2975 ἔχειν.
3207 2906 3307 2959 Διδ
3352 2908 3450 2961 καὶ
3504 2884 3637 2977 μετὰ
3679 2904 3765 2957 τοῦ

2199 2993 2414 3063 Πατρὸς
2440 2994 2786 3064 σημαίνεται.
2822 2996 3045 3065 Πατέρα
3098 2997 3209 3068 γὰρ
3266 2999 3373 3053 οὐκ
3405 2998 3472 3053 ἄν
3500 3016 3582 3062 τις
3614 2998 3767 3060 εἴποι,

2204 3084 2277 3154 μὴ
2312 3085 2649 3155 ὑπάρχοντος
2688 3085 2836 3143 Υἱοῦ.
2886 3088 2944 3141 Ὀ
2997 3089 3179 3157 μέντοι
3208 3090 3451 3161 ποιητὴν
3482 3091 3649 3160 λέγων
3689 3090 3769 3143 τὸν

2200 3175 2332 3227 Θεὸν
2388 3177 2447 3227 οὐ
2475 3176 2691 3239 πάντως
2724 3178 2814 3231 καὶ
2851 3178 2917 3231 τὰ
2946 3179 3211 3247 γενόμενα
3236 3180 3418 3252 δηλοῖ.
3473 3182 3626 3236 Ἐστι
3675 3182 3772 3252 γὰρ

2202 3268 2295 3318 καὶ
2330 3266 2434 3338 πρὸ
2490 3268 2599 3321 τῶν
2636 3270 2958 3338 ποιημάτων
3010 3275 3275 3343 ποιητής.
3349 3275 3410 3327 '0
3451 3275 3509 3327 δὲ
3570 3276 3774 3345 Πατέρα

2201 3357 2375 3426 λέγων
2414 3359 2579 3422 εὐθὺς
2607 3360 2749 3429 μετὰ
2770 3359 2865 3414 τοῦ
2900 3362 3115 3430 Πατρὸς
3151 3365 3421 3434 σημαίνει
3452 3366 3546 3420 καὶ
3576 3369 3671 3437 τὴν
3690 3363 3775 3418 τοῦ

2202 3449 2332 3503 Υἱοῦ
2390 3449 2649 3520 ὕπαρξιν.
2705 3451 2806 3504 Διά
2834 3452 2996 3506 τοῦτο
3050 3456 3143 3507 καλ⁹
3174 3458 3200 3507 6
3254 3457 3546 3510 πιστεύων
3578 3460 3655 3520 εἰς
3692 3456 3777 3509 τὸν

2202 3539 2331 3593 Υίὸν
2359 3544 2436 3604 εἰς
2484 3543 2577 3595 τὸν
2625 3544 2844 3614 Πατέρα
2895 3547 3165 3599 πιστεύει.
3208 3549 3324 3601 Καὶ
3350 3548 3496 3602 οὕτω
3525 3549 3617 3619 μία
3643 3549 3776 3601 ἐστὶν

2203 3634 2237 3703 ἠ
2273 3637 2455 3697 πίστις
2482 3637 2562 3699 είς
2587 3635 2683 3689 ἕνα
2708 3636 2859 3690 Θεόν.
2897 3641 3004 3691 Καὶ
3030 3641 3058 3692 6
3090 3642 3428 3710 προσκυνῶν
3467 3643 3546 3702 δὲ,
3584 3644 3673 3695 καὶ
3702 3659 3779 3693 τι·

2207 3725 2324 3795 μῶν
2350 3727 2444 3779 τὸν
2487 3727 2625 3793 Γίὸν,
2657 3731 2713 3781 ἐν
2740 3729 2856 3800 Υίῷ
2887 3734 3188 3800 προσκυνεῖ
3240 3735 3338 3786 καὶ
3383 3736 3525 3805 τιμᾷ
3561 3735 3651 3787 τὸν
3680 3735 3782 3786 lla-

2202 3817 2359 3885 τέρα.
2406 3817 2520 3871 Mla
2576 3819 2683 3889 γάρ
2720 3823 2868 3873 ἐστιν
2901 3823 2934 3891 ἠ
2967 3821 3159 3894 θεότης
3185 3864 3200 3889 ,
3244 3826 3349 3879 καὶ
3400 3826 3493 3879 διὰ
3515 3827 3671 3880 τοῦτο
3697 3823 3786 3890 μία

2203 3910 2360 3979 τιμὴ,
2391 3912 2484 3966 καὶ
2534 3912 2630 3980 μία
2678 3914 2797 3966 ἐστὶ
2846 3913 3224 3983 προσκύνησις
3281 3919 3343 3970 ὲν
3400 3917 3556 3986 Υίῷ,
3599 3920 3688 3969 καὶ
3721 3913 3782 3966 δι’

2205 4001 2373 4055 αὐτοῦ
2420 4002 2679 4073 γινομένη
2714 4002 2791 4072 τῷ
2830 4004 3030 4075 Πατρί.
3065 4007 3175 4059 Καὶ
3205 4007 3235 4058 6
3264 4008 3416 4061 οὕτω
3472 4006 3785 4077 προσκυνῶν

2206 4093 2304 4146 ’ἐνα
2348 4093 2480 4147 Θεὸν
2528 4098 2847 4163 προσκυνεῖ.
2903 4090 2995 4157 Εἷς
3045 4098 3154 4167 γὰρ
3212 4098 3356 4162 Θεός
3402 4100 3544 4162 ἔστι,
3577 4100 3666 4150 καὶ
3696 4097 3787 4149 οὔκ

2206 4184 2351 4239 ἔστιν
2380 4185 2535 4249 ἄλλος
2561 4187 2700 4257 πλὴν
2741 4186 2929 4241 αὐτοῦ.
2964 4190 3070 4241 Καὶ
3116 4189 3177 4241 τὸ
3217 4190 3375 4259 Ἐγώ
3402 4194 3545 4259 ειμι,
3581 4189 3789 4243 καὶούκ

2205 4274 2431 4328 Eorum
2443 4275 2517 4338 ὴν
2544 4275 2688 4343 ἐμοῦ
2715 4276 2903 4343 ἄλλος
2930 4278 3094 4345 Θεός’
3122 4278 3217 4331 καὶ
3250 4279 3338 4331 τό’
3379 4279 3535 4350 Ἐγὼ
3555 4278 3791 4347 πρῶτος,

2208 4366 2390 4419 καὶτὸ
2433 4367 2578 4436 Ἐγὼ
2622 4369 2771 4438 μετὰ
2812 4369 3000 4423 ταῦτα
3026 4370 3206 4434 καλῶς
3260 4373 3518 4440 λέγεται.
3558 4369 3651 4436 Εἷς
3694 4371 3796 4439 γὰρ

478 4530 481 4531 ν
518 4474 741 4542 quidem
766 4471 947 4525 omnia
978 4467 1240 4537 loquitur,
1273 4475 1333 4519 ut
1355 4480 1417 4518 ea
1446 4480 1567 4533 qua:
1595 4479 1701 4517 non
1738 4472 1886 4525 sunt,
1915 4461 2095 4530 expel-

2202 4456 2335 4520 Θεὸς
2367 4459 2459 4511 καὶ
2489 4462 2671 4527 μόνος,
2701 4462 2794 4513 καὶ
2818 4460 3034 4530 πρῶτός
3058 4464 3227 4517 ἐστιν.
3256 4464 3379 4516 Οὐκ
3409 4466 3493 4526 είς
3526 4462 3797 4531 ἀναίρεσιν

521 4567 614 4629 lat,
652 4576 703 4618 et
732 4577 924 4617 omnes
956 4560 1203 4615 homines
1229 4559 1297 4613 ad
1323 4572 1380 4613 se
1411 4564 1708 4610 convertat.
1738 4556 1813 4608 Ac
1836 4554 2100 4623 quemad-

524 4660 745 4714 modum
786 4659 831 4711 si
870 4657 992 4725 quis
1022 4668 1145 4708 cum
1175 4652 1295 4706 dies
1322 4659 1488 4712 esset,
1517 4658 1572 4703 et
1611 4650 1688 4702 sol
1728 4648 2095 4711 illucesceret,

523 4757 727 4823 lignum
785 4750 1101 4817 simpliciter
1137 4746 1402 4815 pingeret,
1436 4755 1538 4794 nec
1573 4741 1679 4793 ulla
1730 4739 1870 4794 lucis
1916 4740 2103 4794 habita

527 4846 738 4903 ratione
786 4842 1013 4905 diceret,
1051 4840 1315 4909 picturam
1347 4835 1495 4888 illam
1524 4848 1648 4887 esse
1694 4831 1831 4885 lucis
1862 4846 2103 4895 causam,

526 4935 607 4990 sol
654 4940 834 4985 autem
881 4947 939 4985 re
992 4939 1277 5000 perspecta
1324 4928 1630 4982 clamaret:
1664 4923 1793 4992 Ego,
1826 4924 2101 4992 inquiens,

526 5043 645 5087 sum
676 5028 767 5079 lux
793 5026 920 5086 diei,
951 5039 1054 5079 nec
1083 5023 1229 5076 aliud
1257 5021 1423 5075 ullum
1452 5030 1533 5075 est
1562 5020 1672 5075 diei
1699 5022 1880 5074 lumen
1910 5028 2106 5088 praeter

531 5133 735 5183 meum,
778 5117 823 5170 si
870 5116 1049 5170 solita
1081 5115 1418 5182 loqueretur,
1456 5129 1568 5166 non
1605 5128 1671 5166 eo
1713 5120 2006 5182 spectaret,
2047 5121 2106 5165 ut

530 5211 875 5282 splendorem
932 5222 1112 5271 suum,
1162 5206 1256 5260 sed
1308 5215 1368 5258 ut
1403 5219 1645 5259 errorem
1692 5214 1749 5258 et
1794 5204 2082 5258 stuititiant

530 5306 697 5366 illius,
752 5301 839 5369 qui
878 5298 1009 5369 ligni
1060 5296 1297 5366 speciem
1347 5296 1708 5365 depinxisset,
1765 5296 2105 5359 excluderet,

530 5400 610 5451 sic
642 5398 782 5450 Dens
809 5410 826 5448 :
856 5392 988 5462 Ego,
1019 5389 1215 5457 inquit,
1246 5404 1398 5455 sum;
1449 5399 1502 5443 et
1532 5407 1543 5442 :
1573 5387 2028 5459 Ego‘Deussolus,
2063 5397 2112 5442 et

532 5505 633 5543 non
666 5499 737 5540 est
786 5485 922 5540 alius
953 5493 1146 5553 prater
1199 5496 1299 5546 me,
1326 5490 1386 5534 ut
1442 5480 1694 5534 homines
1741 5496 1770 5532 a
1804 5479 1956 5533 falsis
1990 5479 2109 5533 deis

536 5581 780 5635 co‘end.s
811 5586 1082 5633 averteret
1131 5584 1188 5631 et
1248 5582 1526 5639 avocaret,
1576 5582 1632 5627 et
1675 5572 1743 5626 ad
1802 5585 1864 5627 se
1922 5586 2115 5626 verum

614 5720 625 5748 '
661 5717 699 5770 ll
736 5716 863 5770 Cur.
890 5717 1051 5779 v,19.
1129 5716 1149 5746 ¹
1191 5713 1294 5769 lszl.
1336 5727 1480 5775 των,
1516 5712 1568 5766 6.
1647 5711 1668 5742 ³
1693 5711 1825 5766 ibid.
1903 5712 1922 5740 ‘
1955 5711 2086 5765 ibid.

2202 4550 2261 4604 δὲ
2299 4549 2394 4602 τοῦ
2445 4550 2578 4603 Υίοῢ
2622 4552 2768 4620 λέγει
2814 4554 3009 4615 ταῦτα,
3063 4554 3140 4624 μὴ
3200 4555 3427 4622 γένοιτο
3460 4574 3473 4588 ·
3542 4557 3659 4608 ἔστι
3700 4555 3799 4621 γὰρ

2207 4647 2302 4699 καὶ
2333 4645 2496 4707 αὐτὸς
2527 4647 2585 4698 ὲν
2611 4645 2689 4715 τῷ
2714 4646 2815 4709 ἑνὶ,
2851 4649 2949 4699 καὶ
2983 4646 3153 4717 μόνῳ.
3180 4649 3283 4701 καὶ
3335 4651 3578 4719 πρώτῳ,
3619 4648 3691 4709 ὡς
3714 4645 3799 4697 τοῦ

2207 4738 2325 4800 ἑνὸς
2355 4740 2448 4790 καὶ
2484 4738 2674 4806 μόνου,
2723 4737 2816 4789 καὶ
2844 4738 3064 4805 πρώτου
3110 4738 3275 4807 μόνος
3338 4741 3547 4807 Λόγος,
3601 4739 3694 4791 καὶ
3723 4754 3806 4787 σο-

2208 4829 2327 4897 φία,
2354 4829 2448 4880 καὶ
2483 4828 2825 4898 ἀπαύγασμα
2876 4829 2984 4883 ὢν·
3012 4828 3209 4884 οὔκουν
3249 4831 3324 4884 δι’
3364 4832 3537 4885 αὐτὸν
3578 4832 3800 4901 εἴρηται,

2212 4921 2329 4972 ἀλλ’
2358 4921 2437 4983 είς
2464 4921 2746 4990 ἀναίρεσιν
2797 4924 2892 4973 τοῦ
2948 4922 3023 4992 μὴ
3055 4917 3192 4975 εἶναι
3221 4922 3450 4993 ἕτερον,
3490 4920 3608 4986 οἷός
3664 4924 3803 4977 ἔστιν

2208 5014 2237 5065 6
2266 5013 2476 5081 Πατὴρ,
2526 5014 2622 5065 καὶ
2652 5016 2678 5065 ὀ
2705 5014 2895 5065 τούτου
2926 5014 3118 5081 Λόγος.
3167 5014 3401 5085 Ἐπειδὴ
3426 5017 3540 5085 γὰρ
3569 5016 3621 5067 οί
3652 5026 3804 5078 προσ-

2207 5107 2449 5175 κείμενοι
2504 5109 2617 5168 τοῖς
2665 5105 3046 5176 ψευδωνύμοις
3119 5107 3275 5171 Θεοῖς
3340 5109 3681 5177 ἀφίστανται
3717 5102 3802 5156 τοῦ

2211 5198 2470 5269 ἀληθινοῦ
2497 5199 2655 5263 Θεοῦ,
2693 5199 2782 5252 διὰ
2810 5199 2966 5253 τοῦτο
2994 5199 3198 5267 ἀγαθὸς
3234 5199 3343 5262 ὣν,
3382 5206 3482 5256 καὶ
3522 5202 3805 5273 κηδόμενος

2218 5296 2326 5348 τῶν
2358 5296 2663 5365 ἀνθρώπων
2688 5296 2716 5347 6
2743 5295 2898 5359 Θεὸς,
2951 5296 3414 5365 ἀνακαλούμενος
3446 5300 3577 5361 τοὺς
3615 5297 3809 5361 πλανη-

2221 5387 2432 5450 θέντας,
2466 5386 2629 5456 φησίν
2656 5401 2670 5416 ·
2717 5385 2866 5454 Ἐγὼ
2915 5387 3060 5451 Θεὸς
3080 5388 3301 5454 μόνος,
3338 5390 3441 5440 καὶ
3504 5385 3652 5456 Ἐγώ
3676 5387 3807 5450 ειμι»

2223 5478 2321 5531 καὶ
2356 5478 2523 5541 πλὴν
2557 5477 2705 5545 ἐμοῦ
2746 5479 2857 5530 οὐκ
2891 5478 3023 5530 ἐστι
3077 5476 3244 5540 Θεὸς,
3310 5480 3413 5530 καὶ
3458 5478 3558 5531 ὅσα
3596 5471 3809 5528 τοιαῦτα

2228 5570 2389 5640 ῥητὰ,
2426 5570 2513 5622 ἴνα
2565 5572 2630 5620 τὰ
2673 5568 2773 5638 μὲν
2809 5568 2883 5638 μὴ
2927 5567 3055 5621 ὄντα
3102 5566 3368 5638 διαϐάλῃ,
3428 5565 3734 5636 ἐπιστρέψῃ
3758 5559 3808 5612 δὲ
