  <div class='ocr_page' id='page_1' title='image "/cluster/home/n/w/nwhite01/storage/ocr_20150623/130/mdp.39015078384255/214.png"; bbox 0 0 4102 6298; ppageno 0'>
   <div class='ocr_carea' id='block_1_1' title="bbox 385 387 495 449">
    <p class='ocr_par' dir='ltr' id='par_1_1' title="bbox 385 387 495 449">
     <span class='ocr_line' id='line_1_1' title="bbox 385 387 495 449; baseline 0.009 -1"><span class='ocrx_word' id='word_1_1' title='bbox 385 387 495 449; x_wconf 79' lang='lat'><strong>413</strong></span> 
     </span>
    </p>
   </div>
   <div class='ocr_carea' id='block_1_2' title="bbox 1366 393 2675 462">
    <p class='ocr_par' dir='ltr' id='par_1_2' title="bbox 1366 393 2675 462">
     <span class='ocr_line' id='line_1_2' title="bbox 1366 393 2675 462; baseline 0.006 -9"><span class='ocrx_word' id='word_1_2' title='bbox 1366 393 1746 457; x_wconf 80' lang='lat' dir='ltr'><strong>PANOPLIA</strong></span> <span class='ocrx_word' id='word_1_3' title='bbox 1787 395 2239 460; x_wconf 80' lang='lat' dir='ltr'><strong>DOGMATICA.</strong></span> <span class='ocrx_word' id='word_1_4' title='bbox 2284 422 2352 433; x_wconf 89' lang='lat'><strong><em>—</em></strong></span> <span class='ocrx_word' id='word_1_5' title='bbox 2383 400 2529 460; x_wconf 89' lang='lat' dir='ltr'><strong>TlT.</strong></span> <span class='ocrx_word' id='word_1_6' title='bbox 2568 401 2675 462; x_wconf 79' lang='lat' dir='ltr'><strong>XI.</strong></span> 
     </span>
    </p>
   </div>
   <div class='ocr_carea' id='block_1_3' title="bbox 3527 409 3632 474">
    <p class='ocr_par' dir='ltr' id='par_1_3' title="bbox 3527 409 3632 474">
     <span class='ocr_line' id='line_1_3' title="bbox 3527 409 3632 474; baseline 0.019 -2"><span class='ocrx_word' id='word_1_7' title='bbox 3527 409 3632 474; x_wconf 75' lang='lat' dir='ltr'><strong>4M</strong></span> 
     </span>
    </p>
   </div>
   <div class='ocr_carea' id='block_1_4' title="bbox 388 497 1943 582">
    <p class='ocr_par' dir='ltr' id='par_1_4' title="bbox 388 497 1932 580">
     <span class='ocr_line' id='line_1_4' title="bbox 388 497 1932 580; baseline 0.008 -30"><span class='ocrx_word' id='word_1_8' title='bbox 388 500 573 552; x_wconf 79' lang='grc' dir='ltr'>πάντα</span> <span class='ocrx_word' id='word_1_9' title='bbox 602 497 681 562; x_wconf 83' lang='grc' dir='ltr'><strong>εἰς</strong></span> <span class='ocrx_word' id='word_1_10' title='bbox 709 498 922 555; x_wconf 84' lang='grc' dir='ltr'>ἑαυτόν.</span> <span class='ocrx_word' id='word_1_11' title='bbox 957 501 1068 555; x_wconf 78' lang='grc' dir='ltr'><strong>Καὶ</strong></span> <span class='ocrx_word' id='word_1_12' title='bbox 1111 501 1300 573; x_wconf 81' lang='grc' dir='ltr'>ὥσπερ</span> <span class='ocrx_word' id='word_1_13' title='bbox 1323 502 1420 558; x_wconf 79' lang='grc' dir='ltr'><strong>ὲάν</strong></span> <span class='ocrx_word' id='word_1_14' title='bbox 1470 523 1578 572; x_wconf 88' lang='grc' dir='ltr'>τις,</span> <span class='ocrx_word' id='word_1_15' title='bbox 1610 509 1824 580; x_wconf 77' lang='grc' dir='ltr'>ἡμέρας</span> <span class='ocrx_word' id='word_1_16' title='bbox 1870 509 1932 564; x_wconf 76' lang='grc' dir='ltr'>οὗ</span> 
     </span>
    </p>
   </div>
   <div class='ocr_carea' id='block_1_5' title="bbox 2045 497 3630 582">
    <p class='ocr_par' dir='ltr' id='par_1_5' title="bbox 2071 509 3630 582">
     <span class='ocr_line' id='line_1_5' title="bbox 2071 509 3630 582; baseline 0.012 -20"><span class='ocrx_word' id='word_1_17' title='bbox 2071 509 2240 564; x_wconf 87' lang='lat' dir='ltr'><strong>Deum</strong></span> <span class='ocrx_word' id='word_1_18' title='bbox 2295 512 2731 582; x_wconf 76' lang='lat' dir='ltr'><strong>cognoscendum</strong></span> <span class='ocrx_word' id='word_1_19' title='bbox 2800 521 2855 568; x_wconf 93' lang='lat' dir='ltr'><strong>et</strong></span> <span class='ocrx_word' id='word_1_20' title='bbox 2917 512 3247 570; x_wconf 86' lang='lat' dir='ltr'><strong>adorandum</strong></span> <span class='ocrx_word' id='word_1_21' title='bbox 3315 519 3630 582; x_wconf 87' lang='lat' dir='ltr'><strong>adduceret.</strong></span> 
     </span>
    </p>
   </div>
   <div class='ocr_carea' id='block_1_6' title="bbox 386 591 1949 670">
    <p class='ocr_par' dir='ltr' id='par_1_6' title="bbox 386 591 1949 670">
     <span class='ocr_line' id='line_1_6' title="bbox 386 591 1949 670; baseline 0.011 -29"><span class='ocrx_word' id='word_1_22' title='bbox 386 606 511 658; x_wconf 87' lang='grc' dir='ltr'>σης,</span> <span class='ocrx_word' id='word_1_23' title='bbox 534 591 630 644; x_wconf 77' lang='grc' dir='ltr'>καὶ</span> <span class='ocrx_word' id='word_1_24' title='bbox 657 591 809 662; x_wconf 73' lang='grc' dir='ltr'>ἡλίου</span> <span class='ocrx_word' id='word_1_25' title='bbox 845 593 1150 662; x_wconf 82' lang='grc' dir='ltr'>φαίνοντος,</span> <span class='ocrx_word' id='word_1_26' title='bbox 1187 595 1508 670; x_wconf 81' lang='grc' dir='ltr'>ζωγραφείη</span> <span class='ocrx_word' id='word_1_27' title='bbox 1558 598 1716 663; x_wconf 82' lang='grc' dir='ltr'>ξύλον</span> <span class='ocrx_word' id='word_1_28' title='bbox 1743 603 1949 668; x_wconf 81' lang='grc' dir='ltr'>ἁπλῶς,</span> 
     </span>
    </p>
   </div>
   <div class='ocr_carea' id='block_1_7' title="bbox 383 680 1954 764">
    <p class='ocr_par' dir='ltr' id='par_1_7' title="bbox 383 680 1954 764">
     <span class='ocr_line' id='line_1_7' title="bbox 383 680 1954 764; baseline 0.01 -32"><span class='ocrx_word' id='word_1_29' title='bbox 383 680 508 734; x_wconf 77' lang='grc' dir='ltr'>οὐδὲ</span> <span class='ocrx_word' id='word_1_30' title='bbox 548 681 657 734; x_wconf 73' lang='grc' dir='ltr'>κᾶν</span> <span class='ocrx_word' id='word_1_31' title='bbox 721 683 1021 750; x_wconf 80' lang='grc' dir='ltr'><strong>φαντασίαν</strong></span> <span class='ocrx_word' id='word_1_32' title='bbox 1067 685 1206 755; x_wconf 77' lang='grc' dir='ltr'><strong>ἔχων</strong></span> <span class='ocrx_word' id='word_1_33' title='bbox 1247 689 1446 756; x_wconf 79' lang='grc' dir='ltr'>φωτὸς,</span> <span class='ocrx_word' id='word_1_34' title='bbox 1509 690 1603 743; x_wconf 82' lang='grc' dir='ltr'>καὶ</span> <span class='ocrx_word' id='word_1_35' title='bbox 1661 690 1810 758; x_wconf 85' lang='grc' dir='ltr'>λέγοι</span> <span class='ocrx_word' id='word_1_36' title='bbox 1851 693 1954 764; x_wconf 82' lang='grc' dir='ltr'>τὴν</span> 
     </span>
    </p>
   </div>
   <div class='ocr_carea' id='block_1_8' title="bbox 381 773 1952 854">
    <p class='ocr_par' dir='ltr' id='par_1_8' title="bbox 381 773 1952 854">
     <span class='ocr_line' id='line_1_8' title="bbox 381 773 1952 854; baseline 0.007 -28"><span class='ocrx_word' id='word_1_37' title='bbox 381 773 570 827; x_wconf 83' lang='grc' dir='ltr'>εἰκόνα</span> <span class='ocrx_word' id='word_1_38' title='bbox 624 775 830 845; x_wconf 79' lang='grc' dir='ltr'>ταύτην</span> <span class='ocrx_word' id='word_1_39' title='bbox 863 777 1044 830; x_wconf 86' lang='grc' dir='ltr'>αἰτίαν</span> <span class='ocrx_word' id='word_1_40' title='bbox 1069 774 1208 831; x_wconf 82' lang='grc' dir='ltr'>εῖναι</span> <span class='ocrx_word' id='word_1_41' title='bbox 1270 780 1366 832; x_wconf 81' lang='grc' dir='ltr'>τοῦ</span> <span class='ocrx_word' id='word_1_42' title='bbox 1415 783 1619 850; x_wconf 79' lang='grc' dir='ltr'>φωτὸς,</span> <span class='ocrx_word' id='word_1_43' title='bbox 1650 784 1679 836; x_wconf 76' lang='grc' dir='ltr'>ὁ</span> <span class='ocrx_word' id='word_1_44' title='bbox 1706 782 1764 836; x_wconf 87' lang='grc' dir='ltr'>δὲ</span> <span class='ocrx_word' id='word_1_45' title='bbox 1797 785 1952 854; x_wconf 76' lang='grc' dir='ltr'>ἥλιος</span> 
     </span>
    </p>
   </div>
   <div class='ocr_carea' id='block_1_9' title="bbox 379 865 1953 944">
    <p class='ocr_par' dir='ltr' id='par_1_9' title="bbox 379 865 1953 944">
     <span class='ocr_line' id='line_1_9' title="bbox 379 865 1953 944; baseline 0.008 -27"><span class='ocrx_word' id='word_1_46' title='bbox 379 865 546 918; x_wconf 84' lang='grc' dir='ltr'>τοῦτο</span> <span class='ocrx_word' id='word_1_47' title='bbox 577 865 789 936; x_wconf 78' lang='grc' dir='ltr'>βλέπων</span> <span class='ocrx_word' id='word_1_48' title='bbox 817 869 966 936; x_wconf 80' lang='grc' dir='ltr'>λέγοι</span> <span class='ocrx_word' id='word_1_49' title='bbox 1001 885 1016 900; x_wconf 76' lang='grc' dir='ltr'><strong>ο</strong></span> <span class='ocrx_word' id='word_1_50' title='bbox 1058 869 1201 938; x_wconf 86' lang='grc' dir='ltr'><strong>Ἐγὼ</strong></span> <span class='ocrx_word' id='word_1_51' title='bbox 1258 871 1420 942; x_wconf 83' lang='grc' dir='ltr'><strong>μόνος</strong></span> <span class='ocrx_word' id='word_1_52' title='bbox 1456 873 1573 943; x_wconf 76' lang='grc' dir='ltr'>εἰμὶ</span> <span class='ocrx_word' id='word_1_53' title='bbox 1619 875 1682 928; x_wconf 79' lang='grc' dir='ltr'>τὸ</span> <span class='ocrx_word' id='word_1_54' title='bbox 1713 875 1830 944; x_wconf 82' lang='grc' dir='ltr'>φῶς</span> <span class='ocrx_word' id='word_1_55' title='bbox 1855 876 1953 944; x_wconf 80' lang='grc' dir='ltr'>τῆς</span> 
     </span>
    </p>
   </div>
   <div class='ocr_carea' id='block_1_10' title="bbox 380 958 1953 1040">
    <p class='ocr_par' dir='ltr' id='par_1_10' title="bbox 380 958 1953 1040">
     <span class='ocr_line' id='line_1_10' title="bbox 380 958 1953 1040; baseline 0.004 -31"><span class='ocrx_word' id='word_1_56' title='bbox 380 958 622 1028; x_wconf 79' lang='grc' dir='ltr'>ἡμέρας,</span> <span class='ocrx_word' id='word_1_57' title='bbox 665 961 760 1012; x_wconf 77' lang='grc' dir='ltr'>καὶ</span> <span class='ocrx_word' id='word_1_58' title='bbox 793 961 893 1012; x_wconf 78' lang='grc' dir='ltr'>οὐκ</span> <span class='ocrx_word' id='word_1_59' title='bbox 948 960 1096 1014; x_wconf 75' lang='grc' dir='ltr'>ἐστιν</span> <span class='ocrx_word' id='word_1_60' title='bbox 1133 963 1260 1017; x_wconf 82' lang='grc' dir='ltr'>ἄλλο</span> <span class='ocrx_word' id='word_1_61' title='bbox 1285 963 1399 1031; x_wconf 82' lang='grc' dir='ltr'>φῶς</span> <span class='ocrx_word' id='word_1_62' title='bbox 1425 965 1524 1040; x_wconf 79' lang='grc' dir='ltr'>τῆς</span> <span class='ocrx_word' id='word_1_63' title='bbox 1561 965 1775 1036; x_wconf 83' lang='grc' dir='ltr'>ἡμέρας</span> <span class='ocrx_word' id='word_1_64' title='bbox 1812 965 1953 1038; x_wconf 77' lang='grc' dir='ltr'>πλὴν</span> 
     </span>
    </p>
   </div>
   <div class='ocr_carea' id='block_1_11' title="bbox 381 1049 1952 1126">
    <p class='ocr_par' dir='ltr' id='par_1_11' title="bbox 381 1049 1952 1126">
     <span class='ocr_line' id='line_1_11' title="bbox 381 1049 1952 1126; baseline 0.005 -25"><span class='ocrx_word' id='word_1_65' title='bbox 381 1049 541 1118; x_wconf 68' lang='grc' dir='ltr'>ἐμοῦ,</span> <span class='ocrx_word' id='word_1_66' title='bbox 582 1051 641 1103; x_wconf 87' lang='grc' dir='ltr'>οὺ</span> <span class='ocrx_word' id='word_1_67' title='bbox 676 1051 811 1120; x_wconf 78' lang='grc' dir='ltr'>πρὸς</span> <span class='ocrx_word' id='word_1_68' title='bbox 848 1053 909 1105; x_wconf 82' lang='grc' dir='ltr'>τὸ</span> <span class='ocrx_word' id='word_1_69' title='bbox 939 1053 1133 1106; x_wconf 77' lang='grc' dir='ltr'>ἑαυτοῦ</span> <span class='ocrx_word' id='word_1_70' title='bbox 1163 1055 1506 1124; x_wconf 79' lang='grc' dir='ltr'>ἀπαύγασμα</span> <span class='ocrx_word' id='word_1_71' title='bbox 1534 1055 1752 1126; x_wconf 82' lang='grc' dir='ltr'>βλέπων</span> <span class='ocrx_word' id='word_1_72' title='bbox 1779 1056 1952 1110; x_wconf 85' lang='grc' dir='ltr'>ταῦτα</span> 
     </span>
    </p>
   </div>
   <div class='ocr_carea' id='block_1_12' title="bbox 377 1141 1954 1219">
    <p class='ocr_par' dir='ltr' id='par_1_12' title="bbox 377 1141 1954 1219">
     <span class='ocr_line' id='line_1_12' title="bbox 377 1141 1954 1219; baseline 0.008 -27"><span class='ocrx_word' id='word_1_73' title='bbox 377 1141 552 1210; x_wconf 85' lang='grc' dir='ltr'>λέγει,</span> <span class='ocrx_word' id='word_1_74' title='bbox 593 1143 731 1196; x_wconf 82' lang='grc' dir='ltr'>ἀλλὰ</span> <span class='ocrx_word' id='word_1_75' title='bbox 766 1145 901 1214; x_wconf 73' lang='grc' dir='ltr'>πρὸς</span> <span class='ocrx_word' id='word_1_76' title='bbox 926 1146 1023 1216; x_wconf 76' lang='grc' dir='ltr'>τὴν</span> <span class='ocrx_word' id='word_1_77' title='bbox 1055 1147 1262 1214; x_wconf 81' lang='grc' dir='ltr'>πλάνην</span> <span class='ocrx_word' id='word_1_78' title='bbox 1301 1148 1387 1201; x_wconf 85' lang='grc' dir='ltr'>διὰ</span> <span class='ocrx_word' id='word_1_79' title='bbox 1409 1147 1508 1219; x_wconf 80' lang='grc' dir='ltr'>τὴν</span> <span class='ocrx_word' id='word_1_80' title='bbox 1525 1150 1710 1202; x_wconf 87' lang='grc' dir='ltr'>είκόνα</span> <span class='ocrx_word' id='word_1_81' title='bbox 1739 1150 1831 1203; x_wconf 84' lang='grc' dir='ltr'>τοῦ</span> <span class='ocrx_word' id='word_1_82' title='bbox 1864 1149 1954 1216; x_wconf 81' lang='grc' dir='ltr'><strong>ξύ-</strong></span> 
     </span>
    </p>
   </div>
   <div class='ocr_carea' id='block_1_13' title="bbox 378 1235 1953 1310">
    <p class='ocr_par' dir='ltr' id='par_1_13' title="bbox 378 1235 1953 1310">
     <span class='ocr_line' id='line_1_13' title="bbox 378 1235 1953 1310; baseline 0.005 -25"><span class='ocrx_word' id='word_1_83' title='bbox 378 1235 496 1300; x_wconf 85' lang='grc' dir='ltr'>λου,</span> <span class='ocrx_word' id='word_1_84' title='bbox 527 1239 618 1288; x_wconf 82' lang='grc' dir='ltr'><strong>καὶ</strong></span> <span class='ocrx_word' id='word_1_85' title='bbox 647 1237 1006 1307; x_wconf 78' lang='grc' dir='ltr'>ἀνομοιότητα</span> <span class='ocrx_word' id='word_1_86' title='bbox 1047 1241 1145 1309; x_wconf 85' lang='grc' dir='ltr'>τῆς</span> <span class='ocrx_word' id='word_1_87' title='bbox 1201 1241 1437 1308; x_wconf 84' lang='grc' dir='ltr'>ματαίας</span> <span class='ocrx_word' id='word_1_88' title='bbox 1489 1242 1822 1310; x_wconf 79' lang='grc' dir='ltr'>φαντασίας·</span> <span class='ocrx_word' id='word_1_89' title='bbox 1860 1242 1953 1294; x_wconf 75' lang='lat' dir='ltr'><strong>oi&#39;i-</strong></span> 
     </span>
    </p>
   </div>
   <div class='ocr_carea' id='block_1_14' title="bbox 379 1328 1949 1402">
    <p class='ocr_par' dir='ltr' id='par_1_14' title="bbox 379 1328 1949 1402">
     <span class='ocr_line' id='line_1_14' title="bbox 379 1328 1949 1402; baseline 0.007 -24"><span class='ocrx_word' id='word_1_90' title='bbox 379 1344 489 1388; x_wconf 89' lang='grc' dir='ltr'>τως</span> <span class='ocrx_word' id='word_1_91' title='bbox 508 1328 624 1380; x_wconf 79' lang='grc' dir='ltr'>ἐστὶ</span> <span class='ocrx_word' id='word_1_92' title='bbox 650 1330 742 1382; x_wconf 79' lang='grc' dir='ltr'>καὶ</span> <span class='ocrx_word' id='word_1_93' title='bbox 759 1331 839 1381; x_wconf 81' lang='grc' dir='ltr'>τό·</span> <span class='ocrx_word' id='word_1_94' title='bbox 875 1331 1020 1399; x_wconf 81' lang='grc' dir='ltr'>Ἐγώ</span> <span class='ocrx_word' id='word_1_95' title='bbox 1039 1334 1154 1400; x_wconf 81' lang='grc' dir='ltr'>ειμι</span> <span class='ocrx_word' id='word_1_96' title='bbox 1184 1335 1277 1385; x_wconf 79' lang='grc' dir='ltr'>καὶ</span> <span class='ocrx_word' id='word_1_97' title='bbox 1297 1335 1377 1387; x_wconf 80' lang='grc' dir='ltr'>τό·</span> <span class='ocrx_word' id='word_1_98' title='bbox 1417 1333 1564 1402; x_wconf 80' lang='grc' dir='ltr'><strong>Ἐγὼ</strong></span> <span class='ocrx_word' id='word_1_99' title='bbox 1582 1336 1727 1399; x_wconf 85' lang='grc' dir='ltr'><strong>Θεὸς</strong></span> <span class='ocrx_word' id='word_1_100' title='bbox 1746 1335 1949 1402; x_wconf 84' lang='grc' dir='ltr'><strong>μόνος,</strong></span> 
     </span>
    </p>
   </div>
   <div class='ocr_carea' id='block_1_15' title="bbox 379 1417 1952 1495">
    <p class='ocr_par' dir='ltr' id='par_1_15' title="bbox 379 1417 1952 1495">
     <span class='ocr_line' id='line_1_15' title="bbox 379 1417 1952 1495; baseline 0.007 -27"><span class='ocrx_word' id='word_1_101' title='bbox 379 1417 475 1469; x_wconf 78' lang='grc' dir='ltr'>καὶ</span> <span class='ocrx_word' id='word_1_102' title='bbox 505 1417 606 1470; x_wconf 78' lang='grc' dir='ltr'>οὐκ</span> <span class='ocrx_word' id='word_1_103' title='bbox 635 1417 782 1471; x_wconf 75' lang='grc' dir='ltr'>ἔστιν</span> <span class='ocrx_word' id='word_1_104' title='bbox 810 1420 966 1482; x_wconf 81' lang='grc' dir='ltr'>ἄλλος</span> <span class='ocrx_word' id='word_1_105' title='bbox 990 1423 1128 1493; x_wconf 83' lang='grc' dir='ltr'>πλὴν</span> <span class='ocrx_word' id='word_1_106' title='bbox 1158 1423 1313 1492; x_wconf 78' lang='grc' dir='ltr'>ἐμοῦ,</span> <span class='ocrx_word' id='word_1_107' title='bbox 1343 1423 1428 1477; x_wconf 74' lang='grc' dir='ltr'>ἵνα</span> <span class='ocrx_word' id='word_1_108' title='bbox 1448 1426 1558 1478; x_wconf 85' lang='grc' dir='ltr'><strong>τῶν</strong></span> <span class='ocrx_word' id='word_1_109' title='bbox 1585 1425 1952 1495; x_wconf 79' lang='grc' dir='ltr'>ψευδωνύμων</span> 
     </span>
    </p>
   </div>
   <div class='ocr_carea' id='block_1_16' title="bbox 377 1509 1951 1586">
    <p class='ocr_par' dir='ltr' id='par_1_16' title="bbox 377 1509 1951 1586">
     <span class='ocr_line' id='line_1_16' title="bbox 377 1509 1951 1586; baseline 0.006 -26"><span class='ocrx_word' id='word_1_110' title='bbox 377 1509 674 1580; x_wconf 70' lang='grc' dir='ltr'><strong>ἀποστήσει)</strong></span> <span class='ocrx_word' id='word_1_111' title='bbox 695 1512 818 1574; x_wconf 83' lang='grc' dir='ltr'>τοὺς</span> <span class='ocrx_word' id='word_1_112' title='bbox 847 1512 1188 1582; x_wconf 74' lang='grc' dir='ltr'>ἀνθρώπους,</span> <span class='ocrx_word' id='word_1_113' title='bbox 1216 1514 1311 1568; x_wconf 74' lang='grc' dir='ltr'>καὶ</span> <span class='ocrx_word' id='word_1_114' title='bbox 1343 1516 1555 1586; x_wconf 82' lang='grc' dir='ltr'>μάθωσι</span> <span class='ocrx_word' id='word_1_115' title='bbox 1575 1518 1758 1569; x_wconf 78' lang='grc' dir='ltr'>λοιπὸν</span> <span class='ocrx_word' id='word_1_116' title='bbox 1789 1517 1951 1571; x_wconf 83' lang='grc' dir='ltr'>αὑτὸν</span> 
     </span>
    </p>
   </div>
   <div class='ocr_carea' id='block_1_17' title="bbox 375 1600 1954 1680">
    <p class='ocr_par' dir='ltr' id='par_1_17' title="bbox 375 1600 1954 1680">
     <span class='ocr_line' id='line_1_17' title="bbox 375 1600 1954 1680; baseline 0.008 -30"><span class='ocrx_word' id='word_1_117' title='bbox 375 1601 471 1652; x_wconf 74' lang='grc' dir='ltr'>τὸν</span> <span class='ocrx_word' id='word_1_118' title='bbox 505 1600 758 1671; x_wconf 85' lang='grc' dir='ltr'>ἀληθινὸν</span> <span class='ocrx_word' id='word_1_119' title='bbox 786 1604 937 1658; x_wconf 87' lang='grc' dir='ltr'>Θεόν.</span> <span class='ocrx_word' id='word_1_120' title='bbox 992 1605 1146 1658; x_wconf 83' lang='grc' dir='ltr'>Ἀλλά</span> <span class='ocrx_word' id='word_1_121' title='bbox 1182 1606 1318 1677; x_wconf 76' lang='grc' dir='ltr'>πρὸς</span> <span class='ocrx_word' id='word_1_122' title='bbox 1365 1609 1535 1662; x_wconf 77' lang='grc' dir='ltr'>ταῦτα</span> <span class='ocrx_word' id='word_1_123' title='bbox 1557 1607 1717 1662; x_wconf 85' lang='grc' dir='ltr'>πάλιν</span> <span class='ocrx_word' id='word_1_124' title='bbox 1745 1610 1954 1680; x_wconf 78' lang='grc' dir='ltr'>ἐπιχει-</span> 
     </span>
    </p>
   </div>
   <div class='ocr_carea' id='block_1_18' title="bbox 376 1687 1950 1768">
    <p class='ocr_par' dir='ltr' id='par_1_18' title="bbox 376 1687 1950 1768">
     <span class='ocr_line' id='line_1_18' title="bbox 376 1687 1950 1768; baseline 0.006 -24"><span class='ocrx_word' id='word_1_125' title='bbox 376 1687 537 1760; x_wconf 69' lang='grc' dir='ltr'>ροῦσι</span> <span class='ocrx_word' id='word_1_126' title='bbox 571 1694 894 1761; x_wconf 75' lang='grc' dir='ltr'>φιλονεικεῖν</span> <span class='ocrx_word' id='word_1_127' title='bbox 935 1700 1054 1758; x_wconf 86' lang='grc' dir='ltr'>ταῖς</span> <span class='ocrx_word' id='word_1_128' title='bbox 1098 1697 1257 1761; x_wconf 79' lang='grc' dir='ltr'>ἰδίαις</span> <span class='ocrx_word' id='word_1_129' title='bbox 1291 1698 1723 1768; x_wconf 83' lang='grc' dir='ltr'>μοθοπλαστίαις</span> <span class='ocrx_word' id='word_1_130' title='bbox 1763 1699 1950 1767; x_wconf 83' lang='grc' dir='ltr'>λέγον-</span> 
     </span>
    </p>
   </div>
   <div class='ocr_carea' id='block_1_19' title="bbox 373 1785 1946 1862">
    <p class='ocr_par' dir='ltr' id='par_1_19' title="bbox 373 1785 1946 1862">
     <span class='ocr_line' id='line_1_19' title="bbox 373 1785 1946 1862; baseline 0.006 -25"><span class='ocrx_word' id='word_1_131' title='bbox 373 1803 468 1848; x_wconf 88' lang='grc' dir='ltr'><strong>τες</strong></span> <span class='ocrx_word' id='word_1_132' title='bbox 524 1789 597 1856; x_wconf 85' lang='grc' dir='ltr'>μὴ</span> <span class='ocrx_word' id='word_1_133' title='bbox 649 1786 825 1850; x_wconf 77' lang='grc' dir='ltr'>οὕτως</span> <span class='ocrx_word' id='word_1_134' title='bbox 887 1785 1025 1842; x_wconf 62' lang='grc' dir='ltr'>εἶ’-αι</span> <span class='ocrx_word' id='word_1_135' title='bbox 1064 1791 1154 1842; x_wconf 81' lang='grc' dir='ltr'>τὸν</span> <span class='ocrx_word' id='word_1_136' title='bbox 1203 1791 1330 1843; x_wconf 86' lang='grc' dir='ltr'>Υίὸν</span> <span class='ocrx_word' id='word_1_137' title='bbox 1363 1792 1458 1845; x_wconf 78' lang='grc' dir='ltr'><strong>καὶ</strong></span> <span class='ocrx_word' id='word_1_138' title='bbox 1503 1793 1595 1844; x_wconf 88' lang='grc' dir='ltr'>τὸν</span> <span class='ocrx_word' id='word_1_139' title='bbox 1623 1793 1838 1862; x_wconf 83' lang='grc' dir='ltr'>Πατέρα</span> <span class='ocrx_word' id='word_1_140' title='bbox 1868 1791 1946 1858; x_wconf 82' lang='grc' dir='ltr'>ἓν,</span> 
     </span>
    </p>
   </div>
   <div class='ocr_carea' id='block_1_20' title="bbox 2063 601 3627 677">
    <p class='ocr_par' dir='ltr' id='par_1_20' title="bbox 2063 601 3627 677">
     <span class='ocr_line' id='line_1_20' title="bbox 2063 601 3627 677; baseline 0.008 -19"><span class='ocrx_word' id='word_1_141' title='bbox 2063 601 2260 658; x_wconf 78' lang='lat' dir='ltr'><strong>Verum</strong></span> <span class='ocrx_word' id='word_1_142' title='bbox 2296 603 2410 658; x_wconf 72' lang='lat' dir='ltr'><strong>haec</strong></span> <span class='ocrx_word' id='word_1_143' title='bbox 2469 604 2555 658; x_wconf 88' lang='lat' dir='ltr'><strong>isti</strong></span> <span class='ocrx_word' id='word_1_144' title='bbox 2591 619 2807 660; x_wconf 91' lang='lat' dir='ltr'><strong>rursum</strong></span> <span class='ocrx_word' id='word_1_145' title='bbox 2843 607 3002 677; x_wconf 77' lang='lat' dir='ltr'><strong>nugis</strong></span> <span class='ocrx_word' id='word_1_146' title='bbox 3053 608 3376 676; x_wconf 87' lang='lat' dir='ltr'><strong>quibusdam</strong></span> <span class='ocrx_word' id='word_1_147' title='bbox 3421 617 3537 671; x_wconf 83' lang='lat' dir='ltr'><strong>suis</strong></span> <span class='ocrx_word' id='word_1_148' title='bbox 3574 618 3627 671; x_wconf 92' lang='lat' dir='ltr'><strong>in</strong></span> 
     </span>
    </p>
   </div>
   <div class='ocr_carea' id='block_1_21' title="bbox 2060 694 3629 768">
    <p class='ocr_par' dir='ltr' id='par_1_21' title="bbox 2060 694 3629 768">
     <span class='ocr_line' id='line_1_21' title="bbox 2060 694 3629 768; baseline 0.01 -22"><span class='ocrx_word' id='word_1_149' title='bbox 2060 694 2484 749; x_wconf 85' lang='lat' dir='ltr'><strong>controversiam</strong></span> <span class='ocrx_word' id='word_1_150' title='bbox 2509 704 2720 750; x_wconf 87' lang='lat' dir='ltr'><strong>vocant.</strong></span> <span class='ocrx_word' id='word_1_151' title='bbox 2757 695 2823 749; x_wconf 87' lang='lat' dir='ltr'><strong>Et</strong></span> <span class='ocrx_word' id='word_1_152' title='bbox 2850 695 3059 752; x_wconf 87' lang='lat' dir='ltr'><strong>Patrem</strong></span> <span class='ocrx_word' id='word_1_153' title='bbox 3089 710 3250 768; x_wconf 88' lang='lat' dir='ltr'><strong>atque</strong></span> <span class='ocrx_word' id='word_1_154' title='bbox 3275 701 3492 768; x_wconf 85' lang='lat' dir='ltr'><strong>Filium,</strong></span> <span class='ocrx_word' id='word_1_155' title='bbox 3519 722 3629 761; x_wconf 89' lang='lat' dir='ltr'><strong>non</strong></span> 
     </span>
    </p>
   </div>
   <div class='ocr_carea' id='block_1_22' title="bbox 2060 783 3625 860">
    <p class='ocr_par' dir='ltr' id='par_1_22' title="bbox 2060 783 3625 860">
     <span class='ocr_line' id='line_1_22' title="bbox 2060 783 3625 860; baseline 0.01 -25"><span class='ocrx_word' id='word_1_156' title='bbox 2060 783 2516 850; x_wconf 83' lang='lat' dir='ltr'><strong>quemadmodum</strong></span> <span class='ocrx_word' id='word_1_157' title='bbox 2537 785 2777 840; x_wconf 85' lang='lat' dir='ltr'><strong>Ecclesia</strong></span> <span class='ocrx_word' id='word_1_158' title='bbox 2797 788 3073 855; x_wconf 64' lang='lat' dir='ltr'><strong>prmdicat,</strong></span> <span class='ocrx_word' id='word_1_159' title='bbox 3097 790 3188 843; x_wconf 87' lang='lat' dir='ltr'><strong>sed</strong></span> <span class='ocrx_word' id='word_1_160' title='bbox 3217 804 3271 844; x_wconf 88' lang='lat' dir='ltr'><strong>ut.</strong></span> <span class='ocrx_word' id='word_1_161' title='bbox 3299 794 3395 860; x_wconf 87' lang='lat' dir='ltr'><strong>ipsi</strong></span> <span class='ocrx_word' id='word_1_162' title='bbox 3417 796 3625 859; x_wconf 84' lang='lat' dir='ltr'><strong>volunt,</strong></span> 
     </span>
    </p>
   </div>
   <div class='ocr_carea' id='block_1_23' title="bbox 2059 875 3630 950">
    <p class='ocr_par' dir='ltr' id='par_1_23' title="bbox 2059 875 3630 950">
     <span class='ocr_line' id='line_1_23' title="bbox 2059 875 3630 950; baseline 0.006 -22"><span class='ocrx_word' id='word_1_163' title='bbox 2059 889 2227 929; x_wconf 85' lang='lat' dir='ltr'><strong>unum</strong></span> <span class='ocrx_word' id='word_1_164' title='bbox 2251 889 2370 931; x_wconf 89' lang='lat' dir='ltr'><strong>esse</strong></span> <span class='ocrx_word' id='word_1_165' title='bbox 2395 876 2750 930; x_wconf 89' lang='lat' dir='ltr'><strong>contendunt.</strong></span> <span class='ocrx_word' id='word_1_166' title='bbox 2796 875 3062 941; x_wconf 84' lang='lat' dir='ltr'><strong>Quoniam</strong></span> <span class='ocrx_word' id='word_1_167' title='bbox 3098 881 3263 943; x_wconf 89' lang='lat' dir='ltr'><strong>enim,</strong></span> <span class='ocrx_word' id='word_1_168' title='bbox 3307 898 3428 950; x_wconf 80' lang='lat' dir='ltr'><strong>quae</strong></span> <span class='ocrx_word' id='word_1_169' title='bbox 3469 883 3630 938; x_wconf 85' lang='lat' dir='ltr'><strong>Pater</strong></span> 
     </span>
    </p>
   </div>
   <div class='ocr_carea' id='block_1_24' title="bbox 2057 967 3628 1046">
    <p class='ocr_par' dir='ltr' id='par_1_24' title="bbox 2057 967 3628 1046">
     <span class='ocr_line' id='line_1_24' title="bbox 2057 967 3628 1046; baseline 0.006 -25"><span class='ocrx_word' id='word_1_170' title='bbox 2057 967 2260 1032; x_wconf 88' lang='lat' dir='ltr'><strong>vult,ea</strong></span> <span class='ocrx_word' id='word_1_171' title='bbox 2285 967 2400 1022; x_wconf 90' lang='lat' dir='ltr'><strong>vult</strong></span> <span class='ocrx_word' id='word_1_172' title='bbox 2422 967 2585 1024; x_wconf 83' lang='lat' dir='ltr'><strong>etiam</strong></span> <span class='ocrx_word' id='word_1_173' title='bbox 2606 967 2795 1031; x_wconf 87' lang='lat' dir='ltr'><strong>Filius,</strong></span> <span class='ocrx_word' id='word_1_174' title='bbox 2819 985 2924 1025; x_wconf 90' lang='lat' dir='ltr'><strong>nec</strong></span> <span class='ocrx_word' id='word_1_175' title='bbox 2939 972 3181 1026; x_wconf 85' lang='lat' dir='ltr'><strong>consiliis</strong></span> <span class='ocrx_word' id='word_1_176' title='bbox 3199 982 3254 1026; x_wconf 91' lang='lat' dir='ltr'><strong>et</strong></span> <span class='ocrx_word' id='word_1_177' title='bbox 3274 975 3487 1042; x_wconf 76' lang='lat' dir='ltr'><strong>iudiciis</strong></span> <span class='ocrx_word' id='word_1_178' title='bbox 3509 977 3628 1046; x_wconf 88' lang='lat' dir='ltr'><strong>ejus</strong></span> 
     </span>
    </p>
   </div>
   <div class='ocr_carea' id='block_1_25' title="bbox 2057 1058 3627 1133">
    <p class='ocr_par' dir='ltr' id='par_1_25' title="bbox 2057 1058 3627 1133">
     <span class='ocr_line' id='line_1_25' title="bbox 2057 1058 3627 1133; baseline 0.006 -20"><span class='ocrx_word' id='word_1_179' title='bbox 2057 1058 2396 1124; x_wconf 72' lang='lat' dir='ltr'><strong>adversatur,</strong></span> <span class='ocrx_word' id='word_1_180' title='bbox 2429 1061 2524 1114; x_wconf 91' lang='lat' dir='ltr'><strong>sed</strong></span> <span class='ocrx_word' id='word_1_181' title='bbox 2575 1059 2629 1113; x_wconf 93' lang='lat' dir='ltr'><strong>in</strong></span> <span class='ocrx_word' id='word_1_182' title='bbox 2659 1061 2914 1116; x_wconf 91' lang='lat' dir='ltr'><strong>omnibus</strong></span> <span class='ocrx_word' id='word_1_183' title='bbox 2936 1077 3058 1116; x_wconf 90' lang='lat' dir='ltr'><strong>cum</strong></span> <span class='ocrx_word' id='word_1_184' title='bbox 3087 1065 3202 1133; x_wconf 88' lang='lat' dir='ltr'><strong>ipso</strong></span> <span class='ocrx_word' id='word_1_185' title='bbox 3226 1067 3500 1130; x_wconf 75' lang='lat' dir='ltr'><strong>convenit,</strong></span> <span class='ocrx_word' id='word_1_186' title='bbox 3533 1084 3627 1122; x_wconf 83' lang='lat' dir='ltr'><strong>ea-</strong></span> 
     </span>
    </p>
   </div>
   <div class='ocr_carea' id='block_1_26' title="bbox 2059 1150 3629 1228">
    <p class='ocr_par' dir='ltr' id='par_1_26' title="bbox 2059 1150 3629 1228">
     <span class='ocr_line' id='line_1_26' title="bbox 2059 1150 3629 1228; baseline 0.006 -25"><span class='ocrx_word' id='word_1_187' title='bbox 2059 1150 2292 1220; x_wconf 88' lang='lat' dir='ltr'><strong>demque</strong></span> <span class='ocrx_word' id='word_1_188' title='bbox 2328 1151 2568 1214; x_wconf 85' lang='lat' dir='ltr'><strong>decreta,</strong></span> <span class='ocrx_word' id='word_1_189' title='bbox 2591 1161 2649 1207; x_wconf 88' lang='lat' dir='ltr'><strong>et</strong></span> <span class='ocrx_word' id='word_1_190' title='bbox 2691 1161 3113 1208; x_wconf 88' lang='lat' dir='ltr'><strong>consentaneam</strong></span> <span class='ocrx_word' id='word_1_191' title='bbox 3144 1165 3305 1226; x_wconf 90' lang='lat' dir='ltr'><strong>atque</strong></span> <span class='ocrx_word' id='word_1_192' title='bbox 3326 1174 3629 1228; x_wconf 84' lang='lat' dir='ltr'><strong>congruen-</strong></span> 
     </span>
    </p>
   </div>
   <div class='ocr_carea' id='block_1_27' title="bbox 2061 1241 3632 1314">
    <p class='ocr_par' dir='ltr' id='par_1_27' title="bbox 2061 1241 3632 1314">
     <span class='ocr_line' id='line_1_27' title="bbox 2061 1241 3632 1314; baseline 0.005 -18"><span class='ocrx_word' id='word_1_193' title='bbox 2061 1252 2170 1296; x_wconf 92' lang='lat' dir='ltr'><strong>tem</strong></span> <span class='ocrx_word' id='word_1_194' title='bbox 2191 1243 2455 1297; x_wconf 70' lang='lat' dir='ltr'><strong>doctrinae</strong></span> <span class='ocrx_word' id='word_1_195' title='bbox 2504 1241 2681 1298; x_wconf 90' lang='lat' dir='ltr'><strong>Patris</strong></span> <span class='ocrx_word' id='word_1_196' title='bbox 2722 1244 2992 1299; x_wconf 85' lang='lat' dir='ltr'><strong>rationem</strong></span> <span class='ocrx_word' id='word_1_197' title='bbox 3043 1247 3218 1312; x_wconf 75' lang='lat' dir='ltr'><strong>docet,</strong></span> <span class='ocrx_word' id='word_1_198' title='bbox 3273 1248 3398 1303; x_wconf 82' lang='lat' dir='ltr'><strong>inde</strong></span> <span class='ocrx_word' id='word_1_199' title='bbox 3425 1252 3504 1314; x_wconf 83' lang='lat' dir='ltr'><strong>ﬁt,</strong></span> <span class='ocrx_word' id='word_1_200' title='bbox 3545 1251 3632 1304; x_wconf 92' lang='lat' dir='ltr'><strong>in-</strong></span> 
     </span>
    </p>
   </div>
   <div class='ocr_carea' id='block_1_28' title="bbox 2057 1331 3628 1403">
    <p class='ocr_par' dir='ltr' id='par_1_28' title="bbox 2057 1331 3628 1403">
     <span class='ocr_line' id='line_1_28' title="bbox 2057 1331 3628 1403; baseline 0.009 -21"><span class='ocrx_word' id='word_1_201' title='bbox 2057 1331 2274 1400; x_wconf 91' lang='lat' dir='ltr'><strong>qniunt,</strong></span> <span class='ocrx_word' id='word_1_202' title='bbox 2327 1341 2386 1384; x_wconf 89' lang='lat' dir='ltr'><strong>ut</strong></span> <span class='ocrx_word' id='word_1_203' title='bbox 2418 1331 2576 1403; x_wconf 79' lang='lat' dir='ltr'><strong>Pater</strong></span> <span class='ocrx_word' id='word_1_204' title='bbox 2612 1341 2668 1386; x_wconf 92' lang='lat' dir='ltr'><strong>et</strong></span> <span class='ocrx_word' id='word_1_205' title='bbox 2714 1332 2886 1388; x_wconf 87' lang='lat' dir='ltr'><strong>Filius</strong></span> <span class='ocrx_word' id='word_1_206' title='bbox 2936 1350 3105 1389; x_wconf 87' lang='lat' dir='ltr'><strong>unum</strong></span> <span class='ocrx_word' id='word_1_207' title='bbox 3160 1338 3290 1392; x_wconf 88' lang='lat' dir='ltr'><strong>sint.</strong></span> <span class='ocrx_word' id='word_1_208' title='bbox 3337 1338 3460 1394; x_wconf 76' lang='lat' dir='ltr'><strong>llaec</strong></span> <span class='ocrx_word' id='word_1_209' title='bbox 3516 1357 3628 1396; x_wconf 90' lang='lat' dir='ltr'><strong>non</strong></span> 
     </span>
    </p>
   </div>
   <div class='ocr_carea' id='block_1_29' title="bbox 2057 1422 3632 1499">
    <p class='ocr_par' dir='ltr' id='par_1_29' title="bbox 2057 1422 3632 1499">
     <span class='ocr_line' id='line_1_29' title="bbox 2057 1422 3632 1499; baseline 0.008 -25"><span class='ocrx_word' id='word_1_210' title='bbox 2057 1423 2232 1474; x_wconf 87' lang='lat' dir='ltr'><strong>solum</strong></span> <span class='ocrx_word' id='word_1_211' title='bbox 2261 1422 2462 1482; x_wconf 85' lang='lat' dir='ltr'><strong>dicere.</strong></span> <span class='ocrx_word' id='word_1_212' title='bbox 2491 1423 2582 1476; x_wconf 83' lang='lat' dir='ltr'><strong>sed</strong></span> <span class='ocrx_word' id='word_1_213' title='bbox 2610 1424 2846 1478; x_wconf 85' lang='lat' dir='ltr'><strong>scribere</strong></span> <span class='ocrx_word' id='word_1_214' title='bbox 2873 1426 3087 1493; x_wconf 83' lang='lat' dir='ltr'><strong>quidam</strong></span> <span class='ocrx_word' id='word_1_215' title='bbox 3111 1429 3231 1482; x_wconf 86' lang='lat' dir='ltr'><strong>ausi</strong></span> <span class='ocrx_word' id='word_1_216' title='bbox 3263 1439 3410 1490; x_wconf 88' lang='lat' dir='ltr'><strong>sunt.</strong></span> <span class='ocrx_word' id='word_1_217' title='bbox 3433 1433 3632 1499; x_wconf 80' lang='lat' dir='ltr'><strong>quibus</strong></span> 
     </span>
    </p>
   </div>
   <div class='ocr_carea' id='block_1_30' title="bbox 2057 1509 3626 1580">
    <p class='ocr_par' dir='ltr' id='par_1_30' title="bbox 2057 1509 3626 1580">
     <span class='ocr_line' id='line_1_30' title="bbox 2057 1509 3626 1580; baseline 0.008 -19"><span class='ocrx_word' id='word_1_218' title='bbox 2057 1509 2193 1562; x_wconf 86' lang='lat' dir='ltr'><strong>nihil</strong></span> <span class='ocrx_word' id='word_1_219' title='bbox 2226 1511 2394 1580; x_wconf 79' lang='lat' dir='ltr'><strong>magis</strong></span> <span class='ocrx_word' id='word_1_220' title='bbox 2423 1510 2739 1576; x_wconf 85' lang='lat' dir='ltr'><strong>absurdum,</strong></span> <span class='ocrx_word' id='word_1_221' title='bbox 2784 1522 2879 1566; x_wconf 90' lang='lat' dir='ltr'><strong>aut</strong></span> <span class='ocrx_word' id='word_1_222' title='bbox 2909 1529 2936 1564; x_wconf 74' lang='grc' dir='ltr'><strong>ιι</strong></span> <span class='ocrx_word' id='word_1_223' title='bbox 2977 1514 3188 1568; x_wconf 79' lang='lat' dir='ltr'><strong>ratione</strong></span> <span class='ocrx_word' id='word_1_224' title='bbox 3237 1517 3473 1571; x_wconf 82' lang='lat' dir='ltr'><strong>alienum</strong></span> <span class='ocrx_word' id='word_1_225' title='bbox 3521 1520 3626 1574; x_wconf 92' lang='lat' dir='ltr'><strong>dici</strong></span> 
     </span>
    </p>
   </div>
   <div class='ocr_carea' id='block_1_31' title="bbox 2058 1602 3628 1672">
    <p class='ocr_par' dir='ltr' id='par_1_31' title="bbox 2058 1602 3628 1672">
     <span class='ocr_line' id='line_1_31' title="bbox 2058 1602 3628 1672; baseline 0.007 -18"><span class='ocrx_word' id='word_1_226' title='bbox 2058 1610 2258 1670; x_wconf 79' lang='lat' dir='ltr'><strong>potest.</strong></span> <span class='ocrx_word' id='word_1_227' title='bbox 2291 1602 2422 1655; x_wconf 86' lang='lat' dir='ltr'><strong>Nam</strong></span> <span class='ocrx_word' id='word_1_228' title='bbox 2445 1604 2493 1656; x_wconf 89' lang='lat' dir='ltr'><strong>si</strong></span> <span class='ocrx_word' id='word_1_229' title='bbox 2529 1611 2752 1672; x_wconf 83' lang='lat' dir='ltr'><strong>propter</strong></span> <span class='ocrx_word' id='word_1_230' title='bbox 2783 1604 2924 1658; x_wconf 88' lang='lat' dir='ltr'><strong>hanc</strong></span> <span class='ocrx_word' id='word_1_231' title='bbox 2949 1619 3170 1659; x_wconf 83' lang='lat' dir='ltr'><strong>causam</strong></span> <span class='ocrx_word' id='word_1_232' title='bbox 3201 1607 3358 1662; x_wconf 88' lang='lat' dir='ltr'><strong>Pater</strong></span> <span class='ocrx_word' id='word_1_233' title='bbox 3384 1619 3436 1663; x_wconf 90' lang='lat' dir='ltr'><strong>et</strong></span> <span class='ocrx_word' id='word_1_234' title='bbox 3461 1610 3628 1665; x_wconf 86' lang='lat' dir='ltr'><strong>Filius</strong></span> 
     </span>
    </p>
   </div>
   <div class='ocr_carea' id='block_1_32' title="bbox 2058 1697 3626 1771">
    <p class='ocr_par' dir='ltr' id='par_1_32' title="bbox 2058 1697 3626 1771">
     <span class='ocr_line' id='line_1_32' title="bbox 2058 1697 3626 1771; baseline 0.01 -26"><span class='ocrx_word' id='word_1_235' title='bbox 2058 1708 2226 1746; x_wconf 87' lang='lat' dir='ltr'><strong>unum</strong></span> <span class='ocrx_word' id='word_1_236' title='bbox 2251 1706 2402 1759; x_wconf 89' lang='lat' dir='ltr'><strong>sunt,</strong></span> <span class='ocrx_word' id='word_1_237' title='bbox 2445 1697 2572 1750; x_wconf 89' lang='lat' dir='ltr'><strong>etsi</strong></span> <span class='ocrx_word' id='word_1_238' title='bbox 2606 1697 2773 1751; x_wconf 86' lang='lat' dir='ltr'><strong>Filius</strong></span> <span class='ocrx_word' id='word_1_239' title='bbox 2804 1698 2907 1753; x_wconf 91' lang='lat' dir='ltr'><strong>hoc</strong></span> <span class='ocrx_word' id='word_1_240' title='bbox 2937 1701 3098 1754; x_wconf 90' lang='lat' dir='ltr'><strong>modo</strong></span> <span class='ocrx_word' id='word_1_241' title='bbox 3137 1701 3279 1755; x_wconf 83' lang='lat' dir='ltr'><strong>Patri</strong></span> <span class='ocrx_word' id='word_1_242' title='bbox 3310 1703 3502 1758; x_wconf 81' lang='lat' dir='ltr'><strong>similis</strong></span> <span class='ocrx_word' id='word_1_243' title='bbox 3523 1715 3626 1771; x_wconf 85' lang='lat' dir='ltr'><strong>est,</strong></span> 
     </span>
    </p>
   </div>
   <div class='ocr_carea' id='block_1_33' title="bbox 2056 1786 3630 1864">
    <p class='ocr_par' dir='ltr' id='par_1_33' title="bbox 2056 1786 3630 1864">
     <span class='ocr_line' id='line_1_33' title="bbox 2056 1786 3630 1864; baseline 0.01 -26"><span class='ocrx_word' id='word_1_244' title='bbox 2056 1786 2200 1849; x_wconf 89' lang='lat' dir='ltr'><strong>vide,</strong></span> <span class='ocrx_word' id='word_1_245' title='bbox 2235 1802 2302 1840; x_wconf 91' lang='lat' dir='ltr'><strong>ne</strong></span> <span class='ocrx_word' id='word_1_246' title='bbox 2328 1788 2419 1856; x_wconf 90' lang='lat' dir='ltr'><strong>qui</strong></span> <span class='ocrx_word' id='word_1_247' title='bbox 2446 1788 2604 1842; x_wconf 85' lang='lat' dir='ltr'><strong>nobis</strong></span> <span class='ocrx_word' id='word_1_248' title='bbox 2630 1791 2943 1859; x_wconf 84' lang='lat' dir='ltr'><strong>superiores</strong></span> <span class='ocrx_word' id='word_1_249' title='bbox 2972 1805 3123 1858; x_wconf 90' lang='lat' dir='ltr'><strong>sunt,</strong></span> <span class='ocrx_word' id='word_1_250' title='bbox 3146 1794 3358 1864; x_wconf 79' lang='lat' dir='ltr'><strong>Angeli,</strong></span> <span class='ocrx_word' id='word_1_251' title='bbox 3387 1807 3443 1851; x_wconf 92' lang='lat' dir='ltr'><strong>et</strong></span> <span class='ocrx_word' id='word_1_252' title='bbox 3470 1797 3630 1852; x_wconf 84' lang='lat' dir='ltr'><strong>Prin-</strong></span> 
     </span>
    </p>
   </div>
   <div class='ocr_carea' id='block_1_34' title="bbox 375 1871 1943 1953">
    <p class='ocr_par' dir='ltr' id='par_1_34' title="bbox 375 1879 1943 1953">
     <span class='ocr_line' id='line_1_34' title="bbox 375 1879 1943 1953; baseline 0.005 -23"><span class='ocrx_word' id='word_1_253' title='bbox 375 1879 516 1948; x_wconf 81' lang='grc' dir='ltr'>μηδὲ</span> <span class='ocrx_word' id='word_1_254' title='bbox 548 1881 755 1948; x_wconf 86' lang='grc' dir='ltr'>ὅμοιον,</span> <span class='ocrx_word' id='word_1_255' title='bbox 789 1879 862 1938; x_wconf 72' lang='grc' dir='ltr'>ὡς</span> <span class='ocrx_word' id='word_1_256' title='bbox 896 1883 927 1950; x_wconf 86' lang='grc' dir='ltr'><strong>ἡ</strong></span> <span class='ocrx_word' id='word_1_257' title='bbox 971 1881 1266 1951; x_wconf 77' lang='grc' dir='ltr'><strong>Ἐκκλησία</strong></span> <span class='ocrx_word' id='word_1_258' title='bbox 1290 1883 1570 1953; x_wconf 84' lang='grc' dir='ltr'>κηρύττει,</span> <span class='ocrx_word' id='word_1_259' title='bbox 1601 1885 1717 1937; x_wconf 80' lang='grc' dir='ltr'>ἀλλ’</span> <span class='ocrx_word' id='word_1_260' title='bbox 1756 1885 1829 1948; x_wconf 82' lang='grc' dir='ltr'>ὡς</span> <span class='ocrx_word' id='word_1_261' title='bbox 1855 1887 1943 1938; x_wconf 87' lang='grc' dir='ltr'><strong>αὺ-</strong></span> 
     </span>
    </p>
   </div>
   <div class='ocr_carea' id='block_1_35' title="bbox 2045 1871 3628 1953">
    <p class='ocr_par' dir='ltr' id='par_1_35' title="bbox 2054 1877 3628 1944">
     <span class='ocr_line' id='line_1_35' title="bbox 2054 1877 3628 1944; baseline 0.01 -15"><span class='ocrx_word' id='word_1_262' title='bbox 2054 1878 2286 1944; x_wconf 83' lang='lat' dir='ltr'><strong>cipatus.</strong></span> <span class='ocrx_word' id='word_1_263' title='bbox 2326 1888 2382 1931; x_wconf 88' lang='lat' dir='ltr'><strong>et</strong></span> <span class='ocrx_word' id='word_1_264' title='bbox 2418 1877 2745 1944; x_wconf 87' lang='lat' dir='ltr'><strong>Potestates,</strong></span> <span class='ocrx_word' id='word_1_265' title='bbox 2778 1892 2832 1935; x_wconf 89' lang='lat' dir='ltr'><strong>et</strong></span> <span class='ocrx_word' id='word_1_266' title='bbox 2883 1882 3084 1938; x_wconf 83' lang='lat' dir='ltr'><strong>&#39;l‘hroni</strong></span> <span class='ocrx_word' id='word_1_267' title='bbox 3133 1895 3186 1939; x_wconf 90' lang='lat' dir='ltr'><strong>et</strong></span> <span class='ocrx_word' id='word_1_268' title='bbox 3217 1885 3628 1944; x_wconf 87' lang='lat' dir='ltr'><strong>Dominationes</strong></span> 
     </span>
    </p>
   </div>
   <div class='ocr_carea' id='block_1_36' title="bbox 373 1969 1943 2048">
    <p class='ocr_par' dir='ltr' id='par_1_36' title="bbox 373 1971 1943 2047">
     <span class='ocr_line' id='line_1_36' title="bbox 373 1971 1943 2047; baseline 0.006 -25"><span class='ocrx_word' id='word_1_269' title='bbox 373 1975 454 2023; x_wconf 77' lang='grc' dir='ltr'>τοὶ</span> <span class='ocrx_word' id='word_1_270' title='bbox 483 1971 720 2026; x_wconf 78' lang='grc' dir='ltr'>θέλουσι.</span> <span class='ocrx_word' id='word_1_271' title='bbox 760 1972 894 2024; x_wconf 71' lang='grc' dir='ltr'>Φασὶ</span> <span class='ocrx_word' id='word_1_272' title='bbox 925 1973 1030 2040; x_wconf 71' lang='grc' dir='ltr'>γὰρ</span> <span class='ocrx_word' id='word_1_273' title='bbox 1064 1975 1186 2026; x_wconf 72' lang='grc' dir='ltr'>ἐπεὶ</span> <span class='ocrx_word' id='word_1_274' title='bbox 1219 1974 1253 2028; x_wconf 79' lang='grc' dir='ltr'>ἂ</span> <span class='ocrx_word' id='word_1_275' title='bbox 1283 1974 1424 2028; x_wconf 86' lang='grc' dir='ltr'>θέλει</span> <span class='ocrx_word' id='word_1_276' title='bbox 1463 1978 1491 2028; x_wconf 90' lang='grc' dir='ltr'><strong>ὁ</strong></span> <span class='ocrx_word' id='word_1_277' title='bbox 1528 1977 1736 2047; x_wconf 84' lang='grc' dir='ltr'>Πατὴρ,</span> <span class='ocrx_word' id='word_1_278' title='bbox 1779 1976 1943 2032; x_wconf 82' lang='grc' dir='ltr'>ταῦτα</span> 
     </span>
    </p>
   </div>
   <div class='ocr_carea' id='block_1_37' title="bbox 2045 1969 3630 2048">
    <p class='ocr_par' dir='ltr' id='par_1_37' title="bbox 2050 1969 3630 2048">
     <span class='ocr_line' id='line_1_37' title="bbox 2050 1969 3630 2048; baseline 0.009 -28"><span class='ocrx_word' id='word_1_279' title='bbox 2050 1969 2182 2029; x_wconf 85' lang='lat' dir='ltr'><strong>sint.</strong></span> <span class='ocrx_word' id='word_1_280' title='bbox 2225 1978 2283 2022; x_wconf 87' lang='lat' dir='ltr'><strong>ut</strong></span> <span class='ocrx_word' id='word_1_281' title='bbox 2311 1969 2419 2033; x_wconf 89' lang='lat' dir='ltr'><strong>ille,</strong></span> <span class='ocrx_word' id='word_1_282' title='bbox 2448 1970 2567 2035; x_wconf 89' lang='lat' dir='ltr'><strong>lilii,</strong></span> <span class='ocrx_word' id='word_1_283' title='bbox 2600 1981 2656 2025; x_wconf 85' lang='lat' dir='ltr'><strong>et</strong></span> <span class='ocrx_word' id='word_1_284' title='bbox 2684 1972 2752 2026; x_wconf 88' lang='lat' dir='ltr'><strong>de</strong></span> <span class='ocrx_word' id='word_1_285' title='bbox 2789 1973 2875 2027; x_wconf 92' lang='lat' dir='ltr'><strong>his</strong></span> <span class='ocrx_word' id='word_1_286' title='bbox 2907 1974 3036 2027; x_wconf 89' lang='lat' dir='ltr'><strong>item</strong></span> <span class='ocrx_word' id='word_1_287' title='bbox 3065 1976 3172 2030; x_wconf 91' lang='lat' dir='ltr'><strong>dici</strong></span> <span class='ocrx_word' id='word_1_288' title='bbox 3225 1981 3415 2044; x_wconf 68' lang='lat' dir='ltr'><strong>possit,</strong></span> <span class='ocrx_word' id='word_1_289' title='bbox 3444 1978 3546 2048; x_wconf 81' lang='lat' dir='ltr'><strong>Ipsi</strong></span> <span class='ocrx_word' id='word_1_290' title='bbox 3571 1990 3630 2035; x_wconf 88' lang='lat' dir='ltr'><strong>et</strong></span> 
     </span>
    </p>
   </div>
   <div class='ocr_carea' id='block_1_38' title="bbox 372 2059 1943 2143">
    <p class='ocr_par' dir='ltr' id='par_1_38' title="bbox 372 2064 1943 2143">
     <span class='ocr_line' id='line_1_38' title="bbox 372 2064 1943 2143; baseline 0.007 -27"><span class='ocrx_word' id='word_1_291' title='bbox 372 2064 522 2117; x_wconf 80' lang='grc' dir='ltr'>ϐέλει</span> <span class='ocrx_word' id='word_1_292' title='bbox 553 2065 644 2116; x_wconf 79' lang='grc' dir='ltr'><strong>καὶ</strong></span> <span class='ocrx_word' id='word_1_293' title='bbox 675 2066 702 2117; x_wconf 86' lang='grc' dir='ltr'><em>ὀ</em></span> <span class='ocrx_word' id='word_1_294' title='bbox 758 2065 922 2128; x_wconf 81' lang='grc' dir='ltr'>Υἱὸς,</span> <span class='ocrx_word' id='word_1_295' title='bbox 966 2069 1061 2118; x_wconf 80' lang='grc' dir='ltr'>καὶ</span> <span class='ocrx_word' id='word_1_296' title='bbox 1125 2065 1247 2120; x_wconf 78' lang='grc' dir='ltr'>οὔτε</span> <span class='ocrx_word' id='word_1_297' title='bbox 1295 2070 1404 2130; x_wconf 85' lang='grc' dir='ltr'>τοῖς</span> <span class='ocrx_word' id='word_1_298' title='bbox 1445 2071 1726 2140; x_wconf 80' lang='grc' dir='ltr'>νοήμασιν,</span> <span class='ocrx_word' id='word_1_299' title='bbox 1773 2074 1804 2143; x_wconf 76' lang='grc' dir='ltr'><strong>ἢ</strong></span> <span class='ocrx_word' id='word_1_300' title='bbox 1840 2076 1943 2138; x_wconf 78' lang='grc' dir='ltr'>τοῖς</span> 
     </span>
    </p>
   </div>
   <div class='ocr_carea' id='block_1_39' title="bbox 2045 2059 3624 2143">
    <p class='ocr_par' dir='ltr' id='par_1_39' title="bbox 2052 2059 3624 2143">
     <span class='ocr_line' id='line_1_39' title="bbox 2052 2059 3624 2143; baseline 0.01 -31"><span class='ocrx_word' id='word_1_301' title='bbox 2052 2059 2212 2114; x_wconf 88' lang='lat' dir='ltr'><strong>Pater</strong></span> <span class='ocrx_word' id='word_1_302' title='bbox 2247 2077 2413 2116; x_wconf 86' lang='lat' dir='ltr'><strong>unum</strong></span> <span class='ocrx_word' id='word_1_303' title='bbox 2443 2073 2592 2127; x_wconf 90' lang='lat' dir='ltr'><strong>sunt,</strong></span> <span class='ocrx_word' id='word_1_304' title='bbox 2622 2073 2676 2118; x_wconf 82' lang='lat' dir='ltr'><strong>et</strong></span> <span class='ocrx_word' id='word_1_305' title='bbox 2711 2067 3082 2136; x_wconf 76' lang='lat' dir='ltr'><strong>Unusquisque</strong></span> <span class='ocrx_word' id='word_1_306' title='bbox 3116 2083 3306 2123; x_wconf 87' lang='lat' dir='ltr'><strong>eorum</strong></span> <span class='ocrx_word' id='word_1_307' title='bbox 3350 2073 3528 2143; x_wconf 79' lang='lat' dir='ltr'><strong>imago</strong></span> <span class='ocrx_word' id='word_1_308' title='bbox 3571 2084 3624 2127; x_wconf 90' lang='lat' dir='ltr'><strong>et</strong></span> 
     </span>
    </p>
   </div>
   <div class='ocr_carea' id='block_1_40' title="bbox 371 2157 1948 2232">
    <p class='ocr_par' dir='ltr' id='par_1_40' title="bbox 371 2157 1948 2232">
     <span class='ocr_line' id='line_1_40' title="bbox 371 2157 1948 2232; baseline 0.006 -23"><span class='ocrx_word' id='word_1_309' title='bbox 371 2157 639 2225; x_wconf 74' lang='grc' dir='ltr'>κρίμασιν</span> <span class='ocrx_word' id='word_1_310' title='bbox 667 2157 986 2222; x_wconf 83' lang='grc' dir='ltr'>ἀντίκειται,</span> <span class='ocrx_word' id='word_1_311' title='bbox 1024 2157 1137 2210; x_wconf 83' lang='grc' dir='ltr'>ἀλλ’</span> <span class='ocrx_word' id='word_1_312' title='bbox 1179 2161 1237 2212; x_wconf 80' lang='grc' dir='ltr'>ὲν</span> <span class='ocrx_word' id='word_1_313' title='bbox 1290 2161 1454 2213; x_wconf 85' lang='grc' dir='ltr'>πᾶσίν</span> <span class='ocrx_word' id='word_1_314' title='bbox 1491 2165 1607 2215; x_wconf 80' lang='grc' dir='ltr'>ἐστι</span> <span class='ocrx_word' id='word_1_315' title='bbox 1663 2163 1948 2232; x_wconf 82' lang='grc' dir='ltr'>σύμφωνος</span> 
     </span>
    </p>
   </div>
   <div class='ocr_carea' id='block_1_41' title="bbox 371 2245 1950 2321">
    <p class='ocr_par' dir='ltr' id='par_1_41' title="bbox 371 2245 1950 2321">
     <span class='ocr_line' id='line_1_41' title="bbox 371 2245 1950 2321; baseline 0.007 -24"><span class='ocrx_word' id='word_1_316' title='bbox 371 2245 547 2316; x_wconf 65' lang='grc' dir='ltr'>αιτῷ,</span> <span class='ocrx_word' id='word_1_317' title='bbox 580 2246 676 2317; x_wconf 85' lang='grc' dir='ltr'>τὴν</span> <span class='ocrx_word' id='word_1_318' title='bbox 715 2250 1014 2318; x_wconf 84' lang='grc' dir='ltr'>ταυτότητα</span> <span class='ocrx_word' id='word_1_319' title='bbox 1051 2249 1159 2303; x_wconf 84' lang='grc' dir='ltr'>τῶν</span> <span class='ocrx_word' id='word_1_320' title='bbox 1200 2251 1516 2321; x_wconf 79' lang='grc' dir='ltr'>δογμάτων,</span> <span class='ocrx_word' id='word_1_321' title='bbox 1574 2255 1666 2305; x_wconf 77' lang='grc' dir='ltr'>καὶ</span> <span class='ocrx_word' id='word_1_322' title='bbox 1701 2255 1792 2307; x_wconf 77' lang='grc' dir='ltr'><strong>τὸν</strong></span> <span class='ocrx_word' id='word_1_323' title='bbox 1820 2255 1950 2308; x_wconf 85' lang='grc' dir='ltr'>ἀκό-</span> 
     </span>
    </p>
   </div>
   <div class='ocr_carea' id='block_1_42' title="bbox 372 2336 1946 2419">
    <p class='ocr_par' dir='ltr' id='par_1_42' title="bbox 372 2336 1946 2419">
     <span class='ocr_line' id='line_1_42' title="bbox 372 2336 1946 2419; baseline 0.008 -32"><span class='ocrx_word' id='word_1_324' title='bbox 372 2336 582 2401; x_wconf 82' lang='grc' dir='ltr'>λουθον,</span> <span class='ocrx_word' id='word_1_325' title='bbox 610 2341 706 2393; x_wconf 73' lang='grc' dir='ltr'>καὶ</span> <span class='ocrx_word' id='word_1_326' title='bbox 727 2345 1129 2413; x_wconf 85' lang='grc' dir='ltr'>συνηρτημένον</span> <span class='ocrx_word' id='word_1_327' title='bbox 1151 2349 1214 2416; x_wconf 80' lang='grc' dir='ltr'>τῇ</span> <span class='ocrx_word' id='word_1_328' title='bbox 1261 2347 1354 2400; x_wconf 80' lang='grc' dir='ltr'>τοῦ</span> <span class='ocrx_word' id='word_1_329' title='bbox 1389 2347 1597 2418; x_wconf 68' lang='grc' dir='ltr'>Πειτρὸς</span> <span class='ocrx_word' id='word_1_330' title='bbox 1629 2348 1946 2419; x_wconf 74' lang='grc' dir='ltr'>διδασκαλίᾳ</span> 
     </span>
    </p>
   </div>
   <div class='ocr_carea' id='block_1_43' title="bbox 377 2429 1947 2506">
    <p class='ocr_par' dir='ltr' id='par_1_43' title="bbox 377 2429 1947 2506">
     <span class='ocr_line' id='line_1_43' title="bbox 377 2429 1947 2506; baseline 0.006 -25"><span class='ocrx_word' id='word_1_331' title='bbox 377 2429 658 2493; x_wconf 78' lang='grc' dir='ltr'>ἀποδιδοὺς</span> <span class='ocrx_word' id='word_1_332' title='bbox 710 2431 881 2499; x_wconf 79' lang='grc' dir='ltr'>λόγον,</span> <span class='ocrx_word' id='word_1_333' title='bbox 937 2433 1027 2486; x_wconf 67' lang='grc' dir='ltr'><strong>διὰ</strong></span> <span class='ocrx_word' id='word_1_334' title='bbox 1065 2434 1221 2486; x_wconf 81' lang='grc' dir='ltr'>τοῦτο</span> <span class='ocrx_word' id='word_1_335' title='bbox 1259 2435 1420 2497; x_wconf 78' lang='grc' dir='ltr'>αὐτὸς</span> <span class='ocrx_word' id='word_1_336' title='bbox 1452 2438 1546 2489; x_wconf 75' lang='grc' dir='ltr'>καὶ</span> <span class='ocrx_word' id='word_1_337' title='bbox 1582 2440 1610 2489; x_wconf 89' lang='grc' dir='ltr'><strong>ό</strong></span> <span class='ocrx_word' id='word_1_338' title='bbox 1668 2438 1854 2506; x_wconf 76' lang='grc' dir='ltr'>Πατὴρ</span> <span class='ocrx_word' id='word_1_339' title='bbox 1887 2439 1947 2490; x_wconf 80' lang='grc' dir='ltr'>ἓν</span> 
     </span>
    </p>
   </div>
   <div class='ocr_carea' id='block_1_44' title="bbox 373 2521 1943 2598">
    <p class='ocr_par' dir='ltr' id='par_1_44' title="bbox 373 2521 1943 2598">
     <span class='ocr_line' id='line_1_44' title="bbox 373 2521 1943 2598; baseline 0.006 -27"><span class='ocrx_word' id='word_1_340' title='bbox 373 2524 502 2574; x_wconf 77' lang='grc' dir='ltr'>εἱσι.</span> <span class='ocrx_word' id='word_1_341' title='bbox 545 2521 727 2574; x_wconf 82' lang='grc' dir='ltr'>Ταῦτα</span> <span class='ocrx_word' id='word_1_342' title='bbox 759 2523 814 2575; x_wconf 88' lang='grc' dir='ltr'>δὲ</span> <span class='ocrx_word' id='word_1_343' title='bbox 840 2525 900 2576; x_wconf 83' lang='grc' dir='ltr'>οὐ</span> <span class='ocrx_word' id='word_1_344' title='bbox 930 2527 1086 2593; x_wconf 87' lang='grc' dir='ltr'>μόνον</span> <span class='ocrx_word' id='word_1_345' title='bbox 1117 2527 1309 2591; x_wconf 84' lang='grc' dir='ltr'>εἰπεῖν,</span> <span class='ocrx_word' id='word_1_346' title='bbox 1339 2527 1473 2579; x_wconf 75' lang='grc' dir='ltr'>ἀλλὰ</span> <span class='ocrx_word' id='word_1_347' title='bbox 1511 2528 1602 2581; x_wconf 79' lang='grc' dir='ltr'>καὶ</span> <span class='ocrx_word' id='word_1_348' title='bbox 1624 2530 1832 2598; x_wconf 72' lang='grc' dir='ltr'>γράψαι</span> <span class='ocrx_word' id='word_1_349' title='bbox 1865 2547 1943 2581; x_wconf 88' lang='grc' dir='ltr'>τι-</span> 
     </span>
    </p>
   </div>
   <div class='ocr_carea' id='block_1_45' title="bbox 371 2615 1941 2694">
    <p class='ocr_par' dir='ltr' id='par_1_45' title="bbox 371 2615 1941 2694">
     <span class='ocr_line' id='line_1_45' title="bbox 371 2615 1941 2694; baseline 0.005 -28"><span class='ocrx_word' id='word_1_350' title='bbox 371 2617 461 2676; x_wconf 65' lang='lat' dir='ltr'><strong>vs,</strong></span> <span class='ocrx_word' id='word_1_351' title='bbox 489 2615 875 2686; x_wconf 69' lang='grc' dir='ltr'>τετολμήκασι.</span> <span class='ocrx_word' id='word_1_352' title='bbox 918 2618 1117 2670; x_wconf 81' lang='grc' dir='ltr'>Τούτου</span> <span class='ocrx_word' id='word_1_353' title='bbox 1143 2619 1198 2671; x_wconf 83' lang='grc' dir='ltr'>δὲ</span> <span class='ocrx_word' id='word_1_354' title='bbox 1230 2619 1284 2671; x_wconf 89' lang='grc' dir='ltr'><strong>τί</strong></span> <span class='ocrx_word' id='word_1_355' title='bbox 1307 2619 1370 2674; x_wconf 82' lang='grc' dir='ltr'>ἄν</span> <span class='ocrx_word' id='word_1_356' title='bbox 1407 2638 1488 2683; x_wconf 86' lang='grc' dir='ltr'><strong>τις</strong></span> <span class='ocrx_word' id='word_1_357' title='bbox 1522 2622 1862 2694; x_wconf 75' lang='grc' dir='ltr'>ἀτοπώτερον</span> <span class='ocrx_word' id='word_1_358' title='bbox 1908 2623 1941 2694; x_wconf 74' lang='grc' dir='ltr'>ἢ</span> 
     </span>
    </p>
   </div>
   <div class='ocr_carea' id='block_1_46' title="bbox 369 2705 1940 2780">
    <p class='ocr_par' dir='ltr' id='par_1_46' title="bbox 369 2705 1940 2780">
     <span class='ocr_line' id='line_1_46' title="bbox 369 2705 1940 2780; baseline 0.004 -20"><span class='ocrx_word' id='word_1_359' title='bbox 369 2705 714 2777; x_wconf 76' lang='grc' dir='ltr'>ἀλογώτερον</span> <span class='ocrx_word' id='word_1_360' title='bbox 746 2711 920 2774; x_wconf 69' lang='lat' dir='ltr'><strong>sinat;</strong></span> <span class='ocrx_word' id='word_1_361' title='bbox 956 2709 1016 2762; x_wconf 82' lang='lat' dir='ltr'><strong>Ei</strong></span> <span class='ocrx_word' id='word_1_362' title='bbox 1048 2711 1156 2780; x_wconf 86' lang='grc' dir='ltr'>γὰρ</span> <span class='ocrx_word' id='word_1_363' title='bbox 1178 2711 1270 2764; x_wconf 82' lang='grc' dir='ltr'>διὰ</span> <span class='ocrx_word' id='word_1_364' title='bbox 1300 2711 1470 2765; x_wconf 83' lang='grc' dir='ltr'>ταῦτα</span> <span class='ocrx_word' id='word_1_365' title='bbox 1525 2713 1583 2764; x_wconf 76' lang='grc' dir='ltr'>ἓν</span> <span class='ocrx_word' id='word_1_366' title='bbox 1615 2714 1753 2766; x_wconf 82' lang='grc' dir='ltr'>εἰσιν</span> <span class='ocrx_word' id='word_1_367' title='bbox 1781 2715 1940 2767; x_wconf 76' lang='grc' dir='ltr'>ὁΠα-</span> 
     </span>
    </p>
   </div>
   <div class='ocr_carea' id='block_1_47' title="bbox 363 2798 1941 2878">
    <p class='ocr_par' dir='ltr' id='par_1_47' title="bbox 363 2798 1941 2878">
     <span class='ocr_line' id='line_1_47' title="bbox 363 2798 1941 2878; baseline 0.007 -29"><span class='ocrx_word' id='word_1_368' title='bbox 363 2798 476 2868; x_wconf 82' lang='grc' dir='ltr'>τὴρ</span> <span class='ocrx_word' id='word_1_369' title='bbox 507 2801 596 2852; x_wconf 78' lang='grc' dir='ltr'>καὶ</span> <span class='ocrx_word' id='word_1_370' title='bbox 623 2801 650 2852; x_wconf 89' lang='grc' dir='ltr'><em>ὁ</em></span> <span class='ocrx_word' id='word_1_371' title='bbox 681 2800 822 2864; x_wconf 72' lang='grc' dir='ltr'>Υἱὸς,</span> <span class='ocrx_word' id='word_1_372' title='bbox 851 2801 941 2854; x_wconf 85' lang='grc' dir='ltr'>καὶ</span> <span class='ocrx_word' id='word_1_373' title='bbox 979 2802 1027 2854; x_wconf 85' lang='grc' dir='ltr'><strong>εί</strong></span> <span class='ocrx_word' id='word_1_374' title='bbox 1055 2801 1229 2866; x_wconf 73' lang='grc' dir='ltr'>οὕτως</span> <span class='ocrx_word' id='word_1_375' title='bbox 1254 2803 1439 2873; x_wconf 85' lang='grc' dir='ltr'>ὅμοιός</span> <span class='ocrx_word' id='word_1_376' title='bbox 1479 2805 1624 2857; x_wconf 76' lang='grc' dir='ltr'>ἐστιν</span> <span class='ocrx_word' id='word_1_377' title='bbox 1653 2807 1680 2858; x_wconf 87' lang='grc' dir='ltr'>ὁ</span> <span class='ocrx_word' id='word_1_378' title='bbox 1708 2807 1832 2870; x_wconf 82' lang='grc' dir='ltr'>Υἱὸς</span> <span class='ocrx_word' id='word_1_379' title='bbox 1863 2806 1941 2878; x_wconf 83' lang='grc' dir='ltr'>τῷ</span> 
     </span>
    </p>
   </div>
   <div class='ocr_carea' id='block_1_48' title="bbox 369 2892 1940 2967">
    <p class='ocr_par' dir='ltr' id='par_1_48' title="bbox 369 2892 1940 2967">
     <span class='ocr_line' id='line_1_48' title="bbox 369 2892 1940 2967; baseline 0.006 -23"><span class='ocrx_word' id='word_1_380' title='bbox 369 2892 572 2961; x_wconf 79' lang='grc' dir='ltr'>Πατρὶ,</span> <span class='ocrx_word' id='word_1_381' title='bbox 613 2894 731 2962; x_wconf 82' lang='grc' dir='ltr'>ὥρα</span> <span class='ocrx_word' id='word_1_382' title='bbox 763 2893 854 2946; x_wconf 78' lang='grc' dir='ltr'>καὶ</span> <span class='ocrx_word' id='word_1_383' title='bbox 882 2894 1006 2957; x_wconf 80' lang='grc' dir='ltr'>τοὺς</span> <span class='ocrx_word' id='word_1_384' title='bbox 1028 2895 1312 2963; x_wconf 81' lang='grc' dir='ltr'>ἀγγέλους,</span> <span class='ocrx_word' id='word_1_385' title='bbox 1341 2897 1434 2949; x_wconf 76' lang='grc' dir='ltr'>καὶ</span> <span class='ocrx_word' id='word_1_386' title='bbox 1458 2895 1523 2949; x_wconf 84' lang='grc' dir='ltr'>τὰ</span> <span class='ocrx_word' id='word_1_387' title='bbox 1541 2896 1673 2949; x_wconf 80' lang='grc' dir='ltr'>ἄλλα</span> <span class='ocrx_word' id='word_1_388' title='bbox 1693 2899 1758 2951; x_wconf 82' lang='grc' dir='ltr'>τὰ</span> <span class='ocrx_word' id='word_1_389' title='bbox 1786 2900 1940 2967; x_wconf 83' lang='grc' dir='ltr'>ήμῶν</span> 
     </span>
    </p>
   </div>
   <div class='ocr_carea' id='block_1_49' title="bbox 367 2987 1936 3061">
    <p class='ocr_par' dir='ltr' id='par_1_49' title="bbox 367 2987 1936 3061">
     <span class='ocr_line' id='line_1_49' title="bbox 367 2987 1936 3061; baseline 0.004 -24"><span class='ocrx_word' id='word_1_390' title='bbox 367 2987 770 3056; x_wconf 67' lang='grc' dir='ltr'>ὑπερκείμενα,</span> <span class='ocrx_word' id='word_1_391' title='bbox 802 2987 1000 3056; x_wconf 81' lang='grc' dir='ltr'>Ἀρχὰς</span> <span class='ocrx_word' id='word_1_392' title='bbox 1018 3005 1098 3051; x_wconf 89' lang='grc' dir='ltr'><strong>τε,</strong></span> <span class='ocrx_word' id='word_1_393' title='bbox 1126 2990 1218 3041; x_wconf 78' lang='grc' dir='ltr'>καὶ</span> <span class='ocrx_word' id='word_1_394' title='bbox 1251 2989 1548 3056; x_wconf 67' lang='grc' dir='ltr'>Ἐξουσίαξ,</span> <span class='ocrx_word' id='word_1_395' title='bbox 1570 2993 1666 3043; x_wconf 79' lang='grc' dir='ltr'>καὶ</span> <span class='ocrx_word' id='word_1_396' title='bbox 1681 2990 1936 3061; x_wconf 66' lang='grc' dir='ltr'>Θρόνους,</span> 
     </span>
    </p>
   </div>
   <div class='ocr_carea' id='block_1_50' title="bbox 367 3072 1936 3149">
    <p class='ocr_par' dir='ltr' id='par_1_50' title="bbox 367 3072 1936 3149">
     <span class='ocr_line' id='line_1_50' title="bbox 367 3072 1936 3149; baseline 0.003 -20"><span class='ocrx_word' id='word_1_397' title='bbox 367 3078 468 3129; x_wconf 69' lang='grc' dir='ltr'><strong>καὶ</strong></span> <span class='ocrx_word' id='word_1_398' title='bbox 498 3077 839 3146; x_wconf 70' lang='grc' dir='ltr'>Κυριότητας</span> <span class='ocrx_word' id='word_1_399' title='bbox 872 3072 1010 3129; x_wconf 79' lang='grc' dir='ltr'>εἰναι</span> <span class='ocrx_word' id='word_1_400' title='bbox 1039 3080 1130 3131; x_wconf 82' lang='grc' dir='ltr'><strong>καὶ</strong></span> <span class='ocrx_word' id='word_1_401' title='bbox 1160 3078 1378 3144; x_wconf 82' lang='grc' dir='ltr'>αὐτοὺς,</span> <span class='ocrx_word' id='word_1_402' title='bbox 1417 3079 1490 3142; x_wconf 83' lang='grc' dir='ltr'>ὡς</span> <span class='ocrx_word' id='word_1_403' title='bbox 1523 3081 1614 3134; x_wconf 78' lang='grc' dir='ltr'>καὶ</span> <span class='ocrx_word' id='word_1_404' title='bbox 1649 3082 1741 3133; x_wconf 83' lang='grc' dir='ltr'>τὸν</span> <span class='ocrx_word' id='word_1_405' title='bbox 1788 3081 1936 3149; x_wconf 84' lang='grc' dir='ltr'>Υἰδν,</span> 
     </span>
    </p>
   </div>
   <div class='ocr_carea' id='block_1_51' title="bbox 2051 2152 3622 2233">
    <p class='ocr_par' dir='ltr' id='par_1_51' title="bbox 2051 2152 3622 2233">
     <span class='ocr_line' id='line_1_51' title="bbox 2051 2152 3622 2233; baseline 0.008 -29"><span class='ocrx_word' id='word_1_406' title='bbox 2051 2152 2272 2206; x_wconf 83' lang='lat' dir='ltr'><strong>verbum</strong></span> <span class='ocrx_word' id='word_1_407' title='bbox 2303 2164 2385 2208; x_wconf 85' lang='lat' dir='ltr'><strong>est</strong></span> <span class='ocrx_word' id='word_1_408' title='bbox 2413 2153 2611 2209; x_wconf 87' lang='lat' dir='ltr'><strong>Patris.</strong></span> <span class='ocrx_word' id='word_1_409' title='bbox 2669 2153 2802 2208; x_wconf 86' lang='lat' dir='ltr'><strong>Nam</strong></span> <span class='ocrx_word' id='word_1_410' title='bbox 2833 2173 2954 2226; x_wconf 73' lang='lat' dir='ltr'><strong>qua:</strong></span> <span class='ocrx_word' id='word_1_411' title='bbox 3003 2160 3118 2214; x_wconf 90' lang='lat' dir='ltr'><strong>vult</strong></span> <span class='ocrx_word' id='word_1_412' title='bbox 3173 2161 3338 2224; x_wconf 89' lang='lat' dir='ltr'><strong>Deus,</strong></span> <span class='ocrx_word' id='word_1_413' title='bbox 3405 2174 3459 2217; x_wconf 91' lang='lat' dir='ltr'><strong>et</strong></span> <span class='ocrx_word' id='word_1_414' title='bbox 3516 2165 3622 2233; x_wconf 77' lang='lat' dir='ltr'><strong>ipsi</strong></span> 
     </span>
    </p>
   </div>
   <div class='ocr_carea' id='block_1_52' title="bbox 2046 2243 3621 2318">
    <p class='ocr_par' dir='ltr' id='par_1_52' title="bbox 2046 2243 3621 2318">
     <span class='ocr_line' id='line_1_52' title="bbox 2046 2243 3621 2318; baseline 0.007 -21"><span class='ocrx_word' id='word_1_415' title='bbox 2046 2243 2259 2307; x_wconf 78' lang='lat' dir='ltr'><strong>Volunt,</strong></span> <span class='ocrx_word' id='word_1_416' title='bbox 2288 2259 2390 2298; x_wconf 90' lang='lat' dir='ltr'><strong>nec</strong></span> <span class='ocrx_word' id='word_1_417' title='bbox 2430 2247 2739 2310; x_wconf 82' lang='lat' dir='ltr'><strong>sententiis,</strong></span> <span class='ocrx_word' id='word_1_418' title='bbox 2782 2263 2883 2302; x_wconf 89' lang='lat' dir='ltr'><strong>nec</strong></span> <span class='ocrx_word' id='word_1_419' title='bbox 2929 2250 3146 2318; x_wconf 82' lang='lat' dir='ltr'><strong>judiciis</strong></span> <span class='ocrx_word' id='word_1_420' title='bbox 3202 2251 3480 2318; x_wconf 72' lang='lat' dir='ltr'><strong>dim-runt,</strong></span> <span class='ocrx_word' id='word_1_421' title='bbox 3528 2256 3621 2308; x_wconf 79' lang='grc' dir='ltr'>ειι]</span> 
     </span>
    </p>
   </div>
   <div class='ocr_carea' id='block_1_53' title="bbox 2045 2335 3620 2408">
    <p class='ocr_par' dir='ltr' id='par_1_53' title="bbox 2045 2335 3620 2408">
     <span class='ocr_line' id='line_1_53' title="bbox 2045 2335 3620 2408; baseline 0.008 -21"><span class='ocrx_word' id='word_1_422' title='bbox 2045 2335 2301 2387; x_wconf 74' lang='lat' dir='ltr'><strong>omnibus</strong></span> <span class='ocrx_word' id='word_1_423' title='bbox 2330 2336 2384 2388; x_wconf 89' lang='lat' dir='ltr'><strong>in</strong></span> <span class='ocrx_word' id='word_1_424' title='bbox 2416 2336 2578 2390; x_wconf 88' lang='lat' dir='ltr'><strong>rebus</strong></span> <span class='ocrx_word' id='word_1_425' title='bbox 2611 2352 2712 2390; x_wconf 87' lang='lat' dir='ltr'><strong>suo</strong></span> <span class='ocrx_word' id='word_1_426' title='bbox 2757 2339 3137 2408; x_wconf 75' lang='lat' dir='ltr'><strong>obtemperant</strong></span> <span class='ocrx_word' id='word_1_427' title='bbox 3181 2341 3447 2396; x_wconf 73' lang='lat' dir='ltr'><strong>eﬂectori.</strong></span> <span class='ocrx_word' id='word_1_428' title='bbox 3502 2344 3620 2399; x_wconf 83' lang='lat' dir='ltr'><strong>Non</strong></span> 
     </span>
    </p>
   </div>
   <div class='ocr_carea' id='block_1_54' title="bbox 2044 2423 3622 2501">
    <p class='ocr_par' dir='ltr' id='par_1_54' title="bbox 2044 2423 3622 2501">
     <span class='ocr_line' id='line_1_54' title="bbox 2044 2423 3622 2501; baseline 0.006 -25"><span class='ocrx_word' id='word_1_429' title='bbox 2044 2425 2188 2476; x_wconf 89' lang='lat' dir='ltr'><strong>enim</strong></span> <span class='ocrx_word' id='word_1_430' title='bbox 2225 2423 2478 2494; x_wconf 75' lang='lat' dir='ltr'><strong>ingloria</strong></span> <span class='ocrx_word' id='word_1_431' title='bbox 2515 2428 2850 2481; x_wconf 69' lang='lat' dir='ltr'><strong>tnunsissvttt</strong></span> <span class='ocrx_word' id='word_1_432' title='bbox 2892 2443 3013 2490; x_wconf 90' lang='lat' dir='ltr'><strong>sua,</strong></span> <span class='ocrx_word' id='word_1_433' title='bbox 3053 2431 3159 2484; x_wconf 90' lang='lat' dir='ltr'><strong>nisi</strong></span> <span class='ocrx_word' id='word_1_434' title='bbox 3202 2447 3264 2486; x_wconf 88' lang='lat' dir='ltr'><strong>ea</strong></span> <span class='ocrx_word' id='word_1_435' title='bbox 3299 2447 3418 2501; x_wconf 70' lang='lat' dir='ltr'><strong>quae</strong></span> <span class='ocrx_word' id='word_1_436' title='bbox 3466 2432 3622 2486; x_wconf 77' lang='lat' dir='ltr'><strong>Pater</strong></span> 
     </span>
    </p>
   </div>
   <div class='ocr_carea' id='block_1_55' title="bbox 2047 2515 3618 2592">
    <p class='ocr_par' dir='ltr' id='par_1_55' title="bbox 2047 2515 3618 2592">
     <span class='ocr_line' id='line_1_55' title="bbox 2047 2515 3618 2592; baseline 0.007 -26"><span class='ocrx_word' id='word_1_437' title='bbox 2047 2515 2158 2567; x_wconf 88' lang='lat' dir='ltr'><strong>vult</strong></span> <span class='ocrx_word' id='word_1_438' title='bbox 2183 2525 2238 2567; x_wconf 86' lang='lat' dir='ltr'><strong>et</strong></span> <span class='ocrx_word' id='word_1_439' title='bbox 2271 2515 2372 2583; x_wconf 84' lang='lat' dir='ltr'><strong>ipsi</strong></span> <span class='ocrx_word' id='word_1_440' title='bbox 2409 2517 2627 2569; x_wconf 77' lang='lat' dir='ltr'><strong>vellent.</strong></span> <span class='ocrx_word' id='word_1_441' title='bbox 2659 2518 2776 2572; x_wconf 69' lang='lat' dir='ltr'><strong>Non</strong></span> <span class='ocrx_word' id='word_1_442' title='bbox 2807 2523 2953 2574; x_wconf 87' lang='lat' dir='ltr'><strong>enim</strong></span> <span class='ocrx_word' id='word_1_443' title='bbox 2981 2522 3034 2573; x_wconf 92' lang='lat' dir='ltr'><strong>in</strong></span> <span class='ocrx_word' id='word_1_444' title='bbox 3065 2538 3158 2576; x_wconf 86' lang='lat' dir='ltr'><strong>eos</strong></span> <span class='ocrx_word' id='word_1_445' title='bbox 3184 2525 3272 2592; x_wconf 85' lang='lat' dir='ltr'><strong>qui</strong></span> <span class='ocrx_word' id='word_1_446' title='bbox 3301 2535 3618 2592; x_wconf 79' lang='lat' dir='ltr'><strong>paruerunt,</strong></span> 
     </span>
    </p>
   </div>
   <div class='ocr_carea' id='block_1_56' title="bbox 2043 2610 3622 2682">
    <p class='ocr_par' dir='ltr' id='par_1_56' title="bbox 2043 2610 3622 2682">
     <span class='ocr_line' id='line_1_56' title="bbox 2043 2610 3622 2682; baseline 0.007 -23"><span class='ocrx_word' id='word_1_447' title='bbox 2043 2612 2139 2660; x_wconf 77' lang='lat' dir='ltr'><strong>sed</strong></span> <span class='ocrx_word' id='word_1_448' title='bbox 2171 2610 2226 2659; x_wconf 89' lang='lat' dir='ltr'><strong>in</strong></span> <span class='ocrx_word' id='word_1_449' title='bbox 2259 2622 2386 2660; x_wconf 87' lang='lat' dir='ltr'><strong>eum</strong></span> <span class='ocrx_word' id='word_1_450' title='bbox 2461 2625 2550 2676; x_wconf 87' lang='lat' dir='ltr'><strong>qut</strong></span> <span class='ocrx_word' id='word_1_451' title='bbox 2593 2621 2883 2663; x_wconf 63' lang='lat' dir='ltr'><strong>contumax</strong></span> <span class='ocrx_word' id='word_1_452' title='bbox 2928 2614 3050 2676; x_wconf 78' lang='lat' dir='ltr'><strong>fuit,</strong></span> <span class='ocrx_word' id='word_1_453' title='bbox 3093 2615 3299 2667; x_wconf 85' lang='lat' dir='ltr'><strong>dictum</strong></span> <span class='ocrx_word' id='word_1_454' title='bbox 3319 2627 3402 2670; x_wconf 90' lang='lat' dir='ltr'><strong>est</strong></span> <span class='ocrx_word' id='word_1_455' title='bbox 3433 2637 3446 2669; x_wconf 92' lang='lat'><strong>:</strong></span> <span class='ocrx_word' id='word_1_456' title='bbox 3481 2618 3622 2682; x_wconf 76' lang='lat' dir='ltr'><strong>Quo-</strong></span> 
     </span>
    </p>
   </div>
   <div class='ocr_carea' id='block_1_57' title="bbox 2041 2698 3618 2772">
    <p class='ocr_par' dir='ltr' id='par_1_57' title="bbox 2041 2698 3618 2772">
     <span class='ocr_line' id='line_1_57' title="bbox 2041 2698 3618 2772; baseline 0.01 -22"><span class='ocrx_word' id='word_1_457' title='bbox 2041 2698 2194 2750; x_wconf 88' lang='lat' dir='ltr'><strong>modo</strong></span> <span class='ocrx_word' id='word_1_458' title='bbox 2220 2698 2402 2752; x_wconf 80' lang='lat' dir='ltr'><strong>cecidit</strong></span> <span class='ocrx_word' id='word_1_459' title='bbox 2433 2715 2459 2752; x_wconf 83' lang='lat' dir='ltr'><strong>c</strong></span> <span class='ocrx_word' id='word_1_460' title='bbox 2495 2699 2620 2754; x_wconf 73' lang='lat' dir='ltr'><strong>caelo</strong></span> <span class='ocrx_word' id='word_1_461' title='bbox 2649 2700 2858 2770; x_wconf 79' lang='lat' dir='ltr'><strong>lurifer,</strong></span> <span class='ocrx_word' id='word_1_462' title='bbox 2889 2705 2978 2772; x_wconf 85' lang='lat' dir='ltr'><strong>qui</strong></span> <span class='ocrx_word' id='word_1_463' title='bbox 3008 2721 3162 2759; x_wconf 82' lang='lat' dir='ltr'><strong>mane</strong></span> <span class='ocrx_word' id='word_1_464' title='bbox 3185 2708 3454 2761; x_wconf 83' lang='lat' dir='ltr'><strong>oriebatur</strong></span> <span class='ocrx_word' id='word_1_465' title='bbox 3483 2710 3524 2766; x_wconf 80' lang='grc'><strong>⁸.</strong></span> <span class='ocrx_word' id='word_1_466' title='bbox 3561 2711 3618 2766; x_wconf 86' lang='lat' dir='ltr'><strong>Si</strong></span> 
     </span>
    </p>
   </div>
   <div class='ocr_carea' id='block_1_58' title="bbox 2040 2789 3618 2870">
    <p class='ocr_par' dir='ltr' id='par_1_58' title="bbox 2040 2789 3618 2870">
     <span class='ocr_line' id='line_1_58' title="bbox 2040 2789 3618 2870; baseline 0.008 -26"><span class='ocrx_word' id='word_1_467' title='bbox 2040 2789 2156 2845; x_wconf 67' lang='lat' dir='ltr'><strong>haec</strong></span> <span class='ocrx_word' id='word_1_468' title='bbox 2181 2790 2254 2844; x_wconf 88' lang='lat' dir='ltr'><strong>ita</strong></span> <span class='ocrx_word' id='word_1_469' title='bbox 2309 2791 2534 2856; x_wconf 87' lang='lat' dir='ltr'><strong>habent,</strong></span> <span class='ocrx_word' id='word_1_470' title='bbox 2584 2809 2683 2847; x_wconf 91' lang='lat' dir='ltr'><strong>cur</strong></span> <span class='ocrx_word' id='word_1_471' title='bbox 2731 2795 2883 2849; x_wconf 90' lang='lat' dir='ltr'><strong>solus</strong></span> <span class='ocrx_word' id='word_1_472' title='bbox 2935 2794 3107 2850; x_wconf 87' lang='lat' dir='ltr'><strong>Filius</strong></span> <span class='ocrx_word' id='word_1_473' title='bbox 3171 2800 3502 2870; x_wconf 75' lang='lat' dir='ltr'><strong>unigenitus,</strong></span> <span class='ocrx_word' id='word_1_474' title='bbox 3564 2814 3618 2859; x_wconf 90' lang='lat' dir='ltr'><strong>et</strong></span> 
     </span>
    </p>
   </div>
   <div class='ocr_carea' id='block_1_59' title="bbox 2041 2878 3616 2953">
    <p class='ocr_par' dir='ltr' id='par_1_59' title="bbox 2041 2878 3616 2953">
     <span class='ocr_line' id='line_1_59' title="bbox 2041 2878 3616 2953; baseline 0.01 -21"><span class='ocrx_word' id='word_1_475' title='bbox 2041 2878 2302 2946; x_wconf 76' lang='lat' dir='ltr'><strong>Verbum,</strong></span> <span class='ocrx_word' id='word_1_476' title='bbox 2330 2890 2385 2934; x_wconf 90' lang='lat' dir='ltr'><strong>et</strong></span> <span class='ocrx_word' id='word_1_477' title='bbox 2414 2881 2681 2951; x_wconf 89' lang='lat' dir='ltr'><strong>sapientia</strong></span> <span class='ocrx_word' id='word_1_478' title='bbox 2717 2886 2836 2940; x_wconf 83' lang='lat' dir='ltr'><strong>est?</strong></span> <span class='ocrx_word' id='word_1_479' title='bbox 2864 2887 2972 2938; x_wconf 85' lang='lat' dir='ltr'><strong>Aut</strong></span> <span class='ocrx_word' id='word_1_480' title='bbox 2998 2901 3116 2953; x_wconf 89' lang='lat' dir='ltr'><strong>cur,</strong></span> <span class='ocrx_word' id='word_1_481' title='bbox 3149 2904 3272 2943; x_wconf 82' lang='lat' dir='ltr'><strong>cum</strong></span> <span class='ocrx_word' id='word_1_482' title='bbox 3307 2899 3415 2946; x_wconf 87' lang='lat' dir='ltr'><strong>tam</strong></span> <span class='ocrx_word' id='word_1_483' title='bbox 3463 2896 3616 2948; x_wconf 92' lang='lat' dir='ltr'><strong>multi</strong></span> 
     </span>
    </p>
   </div>
   <div class='ocr_carea' id='block_1_60' title="bbox 2038 2972 3616 3050">
    <p class='ocr_par' dir='ltr' id='par_1_60' title="bbox 2038 2972 3616 3050">
     <span class='ocr_line' id='line_1_60' title="bbox 2038 2972 3616 3050; baseline 0.008 -23"><span class='ocrx_word' id='word_1_484' title='bbox 2038 2972 2147 3027; x_wconf 82' lang='lat' dir='ltr'><strong>sint</strong></span> <span class='ocrx_word' id='word_1_485' title='bbox 2168 2972 2314 3027; x_wconf 85' lang='lat' dir='ltr'><strong>Patri</strong></span> <span class='ocrx_word' id='word_1_486' title='bbox 2338 2972 2563 3040; x_wconf 85' lang='lat' dir='ltr'><strong>similes,</strong></span> <span class='ocrx_word' id='word_1_487' title='bbox 2597 2975 2747 3032; x_wconf 87' lang='lat' dir='ltr'><strong>solus</strong></span> <span class='ocrx_word' id='word_1_488' title='bbox 2810 2976 2896 3033; x_wconf 87' lang='lat' dir='ltr'><strong>hic</strong></span> <span class='ocrx_word' id='word_1_489' title='bbox 2927 2979 3102 3050; x_wconf 75' lang='lat' dir='ltr'><strong>imago</strong></span> <span class='ocrx_word' id='word_1_490' title='bbox 3129 2982 3251 3035; x_wconf 88' lang='lat' dir='ltr'><strong>est?</strong></span> <span class='ocrx_word' id='word_1_491' title='bbox 3280 2982 3422 3048; x_wconf 86' lang='lat' dir='ltr'><strong>Quin</strong></span> <span class='ocrx_word' id='word_1_492' title='bbox 3455 2987 3616 3040; x_wconf 86' lang='lat' dir='ltr'><strong>etiam</strong></span> 
     </span>
    </p>
   </div>
   <div class='ocr_carea' id='block_1_61' title="bbox 2037 3065 3620 3141">
    <p class='ocr_par' dir='ltr' id='par_1_61' title="bbox 2037 3065 3620 3141">
     <span class='ocr_line' id='line_1_61' title="bbox 2037 3065 3620 3141; baseline 0.008 -21"><span class='ocrx_word' id='word_1_493' title='bbox 2037 3079 2101 3120; x_wconf 78' lang='lat' dir='ltr'><strong>ex</strong></span> <span class='ocrx_word' id='word_1_494' title='bbox 2141 3065 2456 3120; x_wconf 88' lang='lat' dir='ltr'><strong>hominibus</strong></span> <span class='ocrx_word' id='word_1_495' title='bbox 2500 3067 2657 3122; x_wconf 87' lang='lat' dir='ltr'><strong>multi</strong></span> <span class='ocrx_word' id='word_1_496' title='bbox 2699 3070 2844 3123; x_wconf 83' lang='lat' dir='ltr'><strong>Patri</strong></span> <span class='ocrx_word' id='word_1_497' title='bbox 2893 3071 3100 3125; x_wconf 85' lang='lat' dir='ltr'><strong>similes</strong></span> <span class='ocrx_word' id='word_1_498' title='bbox 3133 3073 3507 3141; x_wconf 81' lang='lat' dir='ltr'><strong>invenientur,</strong></span> <span class='ocrx_word' id='word_1_499' title='bbox 3560 3089 3620 3132; x_wconf 90' lang='lat' dir='ltr'><strong>ut</strong></span> 
     </span>
    </p>
   </div>
   <div class='ocr_carea' id='block_1_62' title="bbox 365 3161 3616 3266">
    <p class='ocr_par' dir='ltr' id='par_1_62' title="bbox 365 3161 3616 3266">
     <span class='ocr_line' id='line_1_62' title="bbox 365 3161 3616 3266; baseline 0.005 -46"><span class='ocrx_word' id='word_1_500' title='bbox 365 3169 547 3232; x_wconf 73' lang='grc' dir='ltr'>υἱοὺς,</span> <span class='ocrx_word' id='word_1_501' title='bbox 588 3169 838 3237; x_wconf 84' lang='grc' dir='ltr'>λέγεσθαί</span> <span class='ocrx_word' id='word_1_502' title='bbox 867 3187 925 3223; x_wconf 86' lang='grc' dir='ltr'>τε</span> <span class='ocrx_word' id='word_1_503' title='bbox 972 3171 1066 3222; x_wconf 73' lang='grc' dir='ltr'>καὶ</span> <span class='ocrx_word' id='word_1_504' title='bbox 1097 3171 1467 3241; x_wconf 77' lang='grc' dir='ltr'>περὶτούτων,</span> <span class='ocrx_word' id='word_1_505' title='bbox 1514 3173 1595 3224; x_wconf 79' lang='grc' dir='ltr'>δτι</span> <span class='ocrx_word' id='word_1_506' title='bbox 1635 3173 1729 3225; x_wconf 78' lang='grc' dir='ltr'><strong>και</strong></span> <span class='ocrx_word' id='word_1_507' title='bbox 1761 3173 1934 3231; x_wconf 79' lang='grc' dir='ltr'>αὐτοὶ.</span> <span class='ocrx_word' id='word_1_508' title='bbox 1963 3203 2008 3266; x_wconf 76' lang='lat' dir='ltr'><strong>C</strong></span> <span class='ocrx_word' id='word_1_509' title='bbox 2041 3167 2328 3266; x_wconf 45' lang='lat' dir='ltr'><strong>martyres.</strong></span> <span class='ocrx_word' id='word_1_510' title='bbox 2356 3169 2414 3211; x_wconf 83' lang='grc' dir='ltr'>υι</span> <span class='ocrx_word' id='word_1_511' title='bbox 2443 3161 2748 3261; x_wconf 57' lang='lat' dir='ltr'><strong>prophetae.</strong></span> <span class='ocrx_word' id='word_1_512' title='bbox 2779 3162 3110 3266; x_wconf 66' lang='lat' dir='ltr'><strong>ulapoftoli.</strong></span> <span class='ocrx_word' id='word_1_513' title='bbox 3171 3172 3230 3216; x_wconf 85' lang='grc' dir='ltr'>υι</span> <span class='ocrx_word' id='word_1_514' title='bbox 3272 3166 3616 3234; x_wconf 64' lang='lat' dir='ltr'><strong>patriarchae.</strong></span> 
     </span>
    </p>
   </div>
   <div class='ocr_carea' id='block_1_63' title="bbox 368 3262 1940 3331">
    <p class='ocr_par' dir='ltr' id='par_1_63' title="bbox 368 3262 1940 3331">
     <span class='ocr_line' id='line_1_63' title="bbox 368 3262 1940 3331; baseline 0.004 -19"><span class='ocrx_word' id='word_1_515' title='bbox 368 3263 466 3312; x_wconf 80' lang='grc' dir='ltr'>καὶ</span> <span class='ocrx_word' id='word_1_516' title='bbox 507 3264 535 3314; x_wconf 84' lang='grc' dir='ltr'>ὁ</span> <span class='ocrx_word' id='word_1_517' title='bbox 577 3262 762 3331; x_wconf 74' lang='grc' dir='ltr'>Πατὴρ</span> <span class='ocrx_word' id='word_1_518' title='bbox 813 3263 871 3315; x_wconf 75' lang='grc' dir='ltr'>ἓν</span> <span class='ocrx_word' id='word_1_519' title='bbox 933 3263 1060 3325; x_wconf 89' lang='grc' dir='ltr'>εἰσι,</span> <span class='ocrx_word' id='word_1_520' title='bbox 1101 3264 1195 3316; x_wconf 77' lang='grc' dir='ltr'>καὶ</span> <span class='ocrx_word' id='word_1_521' title='bbox 1245 3265 1326 3317; x_wconf 84' lang='grc' dir='ltr'>ὅτι</span> <span class='ocrx_word' id='word_1_522' title='bbox 1359 3264 1588 3328; x_wconf 73' lang='grc' dir='ltr'>ἕκαστος</span> <span class='ocrx_word' id='word_1_523' title='bbox 1622 3265 1809 3330; x_wconf 87' lang='grc' dir='ltr'>εἰκὼν,</span> <span class='ocrx_word' id='word_1_524' title='bbox 1847 3268 1940 3318; x_wconf 79' lang='grc' dir='ltr'>καὶ</span> 
     </span>
    </p>
   </div>
   <div class='ocr_carea' id='block_1_64' title="bbox 365 3354 1940 3427">
    <p class='ocr_par' dir='ltr' id='par_1_64' title="bbox 365 3354 1940 3427">
     <span class='ocr_line' id='line_1_64' title="bbox 365 3354 1940 3427; baseline 0.005 -22"><span class='ocrx_word' id='word_1_525' title='bbox 365 3354 529 3420; x_wconf 79' lang='grc' dir='ltr'>λόγος</span> <span class='ocrx_word' id='word_1_526' title='bbox 569 3357 683 3407; x_wconf 78' lang='grc' dir='ltr'>ἐστὶ</span> <span class='ocrx_word' id='word_1_527' title='bbox 717 3355 810 3408; x_wconf 85' lang='grc' dir='ltr'>τοῦ</span> <span class='ocrx_word' id='word_1_528' title='bbox 844 3356 1072 3425; x_wconf 83' lang='grc' dir='ltr'>Πατρός.</span> <span class='ocrx_word' id='word_1_529' title='bbox 1111 3357 1176 3409; x_wconf 79' lang='grc' dir='ltr'><strong>Ἀ</strong></span> <span class='ocrx_word' id='word_1_530' title='bbox 1208 3357 1316 3427; x_wconf 82' lang='grc' dir='ltr'>γὰρ</span> <span class='ocrx_word' id='word_1_531' title='bbox 1349 3357 1492 3411; x_wconf 79' lang='grc' dir='ltr'>θέλει</span> <span class='ocrx_word' id='word_1_532' title='bbox 1523 3361 1554 3412; x_wconf 84' lang='grc' dir='ltr'><strong>ό</strong></span> <span class='ocrx_word' id='word_1_533' title='bbox 1586 3357 1739 3424; x_wconf 83' lang='grc' dir='ltr'>Θεὸς,</span> <span class='ocrx_word' id='word_1_534' title='bbox 1767 3358 1940 3413; x_wconf 73' lang='grc' dir='ltr'>ταῦτα</span> 
     </span>
    </p>
   </div>
   <div class='ocr_carea' id='block_1_65' title="bbox 366 3446 1941 3518">
    <p class='ocr_par' dir='ltr' id='par_1_65' title="bbox 366 3446 1941 3518">
     <span class='ocr_line' id='line_1_65' title="bbox 366 3446 1941 3518; baseline 0.003 -20"><span class='ocrx_word' id='word_1_535' title='bbox 366 3446 587 3499; x_wconf 80' lang='grc' dir='ltr'>θέλουσι</span> <span class='ocrx_word' id='word_1_536' title='bbox 612 3449 703 3499; x_wconf 77' lang='grc' dir='ltr'>καὶ</span> <span class='ocrx_word' id='word_1_537' title='bbox 724 3447 895 3513; x_wconf 77' lang='grc' dir='ltr'>αὐτοὶ,</span> <span class='ocrx_word' id='word_1_538' title='bbox 929 3450 1021 3501; x_wconf 78' lang='grc' dir='ltr'>καὶ</span> <span class='ocrx_word' id='word_1_539' title='bbox 1047 3447 1172 3502; x_wconf 73' lang='grc' dir='ltr'>οὔτε</span> <span class='ocrx_word' id='word_1_540' title='bbox 1209 3453 1319 3512; x_wconf 83' lang='grc' dir='ltr'>τοῖς</span> <span class='ocrx_word' id='word_1_541' title='bbox 1353 3449 1638 3518; x_wconf 87' lang='grc' dir='ltr'>δόγμασιν,</span> <span class='ocrx_word' id='word_1_542' title='bbox 1665 3451 1790 3503; x_wconf 80' lang='grc' dir='ltr'>οὕτε</span> <span class='ocrx_word' id='word_1_543' title='bbox 1827 3453 1941 3511; x_wconf 84' lang='grc' dir='ltr'>τοῖς</span> 
     </span>
    </p>
   </div>
   <div class='ocr_carea' id='block_1_66' title="bbox 365 3539 1940 3612">
    <p class='ocr_par' dir='ltr' id='par_1_66' title="bbox 365 3539 1940 3612">
     <span class='ocr_line' id='line_1_66' title="bbox 365 3539 1940 3612; baseline 0.003 -22"><span class='ocrx_word' id='word_1_544' title='bbox 365 3539 605 3608; x_wconf 79' lang='grc' dir='ltr'>κρίμασι</span> <span class='ocrx_word' id='word_1_545' title='bbox 623 3539 1000 3607; x_wconf 64' lang='grc' dir='ltr'>διαφωνοῦσιν,</span> <span class='ocrx_word' id='word_1_546' title='bbox 1036 3540 1149 3592; x_wconf 86' lang='grc' dir='ltr'>ἀλλ’</span> <span class='ocrx_word' id='word_1_547' title='bbox 1184 3542 1240 3593; x_wconf 80' lang='grc' dir='ltr'>ὲν</span> <span class='ocrx_word' id='word_1_548' title='bbox 1263 3541 1427 3594; x_wconf 83' lang='grc' dir='ltr'>πᾶσίν</span> <span class='ocrx_word' id='word_1_549' title='bbox 1447 3543 1583 3594; x_wconf 90' lang='grc' dir='ltr'>είσιν</span> <span class='ocrx_word' id='word_1_550' title='bbox 1603 3541 1834 3610; x_wconf 86' lang='grc' dir='ltr'>ὑπήκοοι</span> <span class='ocrx_word' id='word_1_551' title='bbox 1862 3542 1940 3612; x_wconf 84' lang='grc' dir='ltr'><strong>τῷ</strong></span> 
     </span>
    </p>
   </div>
   <div class='ocr_carea' id='block_1_67' title="bbox 368 3630 1935 3704">
    <p class='ocr_par' dir='ltr' id='par_1_67' title="bbox 368 3630 1935 3704">
     <span class='ocr_line' id='line_1_67' title="bbox 368 3630 1935 3704; baseline 0.001 -22"><span class='ocrx_word' id='word_1_552' title='bbox 368 3633 718 3697; x_wconf 71' lang='grc' dir='ltr'>πεποιηκότι.</span> <span class='ocrx_word' id='word_1_553' title='bbox 753 3632 863 3684; x_wconf 74' lang='grc' dir='ltr'><strong>Οὐκ</strong></span> <span class='ocrx_word' id='word_1_554' title='bbox 911 3632 975 3683; x_wconf 81' lang='grc' dir='ltr'>ἂν</span> <span class='ocrx_word' id='word_1_555' title='bbox 1011 3631 1119 3700; x_wconf 79' lang='grc' dir='ltr'><strong>γὰρ</strong></span> <span class='ocrx_word' id='word_1_556' title='bbox 1161 3630 1382 3701; x_wconf 78' lang='grc' dir='ltr'>ἔμειναν</span> <span class='ocrx_word' id='word_1_557' title='bbox 1412 3634 1470 3684; x_wconf 80' lang='grc' dir='ltr'>ὲν</span> <span class='ocrx_word' id='word_1_558' title='bbox 1492 3635 1556 3702; x_wconf 78' lang='grc' dir='ltr'>τῇ</span> <span class='ocrx_word' id='word_1_559' title='bbox 1584 3634 1762 3704; x_wconf 80' lang='grc' dir='ltr'>οἰκείᾳ</span> <span class='ocrx_word' id='word_1_560' title='bbox 1789 3633 1935 3703; x_wconf 76' lang='grc' dir='ltr'>δόξῃ,</span> 
     </span>
    </p>
   </div>
   <div class='ocr_carea' id='block_1_68' title="bbox 365 3724 1930 3797">
    <p class='ocr_par' dir='ltr' id='par_1_68' title="bbox 365 3724 1930 3797">
     <span class='ocr_line' id='line_1_68' title="bbox 365 3724 1930 3797; baseline 0.003 -23"><span class='ocrx_word' id='word_1_561' title='bbox 365 3725 416 3774; x_wconf 88' lang='grc' dir='ltr'><strong>εί</strong></span> <span class='ocrx_word' id='word_1_562' title='bbox 455 3725 530 3792; x_wconf 84' lang='grc' dir='ltr'>μὴ</span> <span class='ocrx_word' id='word_1_563' title='bbox 578 3725 719 3792; x_wconf 74' lang='grc' dir='ltr'>ἅπερ</span> <span class='ocrx_word' id='word_1_564' title='bbox 743 3724 931 3794; x_wconf 72' lang='grc' dir='ltr'>ἤθελεν</span> <span class='ocrx_word' id='word_1_565' title='bbox 955 3728 981 3778; x_wconf 81' lang='grc' dir='ltr'>ὁ</span> <span class='ocrx_word' id='word_1_566' title='bbox 1017 3725 1224 3797; x_wconf 78' lang='grc' dir='ltr'>Πατὴρ,</span> <span class='ocrx_word' id='word_1_567' title='bbox 1258 3725 1428 3778; x_wconf 80' lang='grc' dir='ltr'>ταῦτα</span> <span class='ocrx_word' id='word_1_568' title='bbox 1459 3728 1550 3780; x_wconf 81' lang='grc' dir='ltr'>καὶ</span> <span class='ocrx_word' id='word_1_569' title='bbox 1587 3728 1741 3780; x_wconf 79' lang='grc' dir='ltr'>αὐτοὶ</span> <span class='ocrx_word' id='word_1_570' title='bbox 1781 3728 1930 3779; x_wconf 80' lang='grc' dir='ltr'>ἐϐού-</span> 
     </span>
    </p>
   </div>
   <div class='ocr_carea' id='block_1_69' title="bbox 365 3815 1938 3887">
    <p class='ocr_par' dir='ltr' id='par_1_69' title="bbox 365 3815 1938 3887">
     <span class='ocr_line' id='line_1_69' title="bbox 365 3815 1938 3887; baseline 0.001 -21"><span class='ocrx_word' id='word_1_571' title='bbox 365 3815 544 3866; x_wconf 84' lang='grc' dir='ltr'>λοντο.</span> <span class='ocrx_word' id='word_1_572' title='bbox 598 3815 804 3867; x_wconf 76' lang='grc' dir='ltr'>Οὐκοῦν</span> <span class='ocrx_word' id='word_1_573' title='bbox 855 3819 882 3868; x_wconf 87' lang='grc' dir='ltr'>ὁ</span> <span class='ocrx_word' id='word_1_574' title='bbox 937 3820 1011 3884; x_wconf 84' lang='grc' dir='ltr'>μὴ</span> <span class='ocrx_word' id='word_1_575' title='bbox 1049 3818 1268 3886; x_wconf 81' lang='grc' dir='ltr'>μείνας,</span> <span class='ocrx_word' id='word_1_576' title='bbox 1321 3817 1455 3870; x_wconf 81' lang='grc' dir='ltr'><strong>ἀλλά</strong></span> <span class='ocrx_word' id='word_1_577' title='bbox 1507 3820 1938 3887; x_wconf 79' lang='grc' dir='ltr'>παραφρονήσας</span> 
     </span>
    </p>
   </div>
   <div class='ocr_carea' id='block_1_70' title="bbox 364 3905 1936 3976">
    <p class='ocr_par' dir='ltr' id='par_1_70' title="bbox 364 3905 1936 3976">
     <span class='ocr_line' id='line_1_70' title="bbox 364 3905 1936 3976; baseline 0.001 -20"><span class='ocrx_word' id='word_1_578' title='bbox 364 3907 572 3976; x_wconf 71' lang='grc' dir='ltr'>ἢκουσε</span> <span class='ocrx_word' id='word_1_579' title='bbox 609 3921 625 3937; x_wconf 78' lang='grc' dir='ltr'><strong>ο</strong></span> <span class='ocrx_word' id='word_1_580' title='bbox 657 3905 788 3972; x_wconf 86' lang='grc' dir='ltr'><strong>Πῶς</strong></span> <span class='ocrx_word' id='word_1_581' title='bbox 825 3907 1046 3960; x_wconf 80' lang='grc' dir='ltr'>ἔπεσεν</span> <span class='ocrx_word' id='word_1_582' title='bbox 1075 3908 1141 3960; x_wconf 81' lang='grc' dir='ltr'>ἐκ</span> <span class='ocrx_word' id='word_1_583' title='bbox 1182 3907 1288 3960; x_wconf 86' lang='grc' dir='ltr'>τοῦ</span> <span class='ocrx_word' id='word_1_584' title='bbox 1331 3908 1592 3974; x_wconf 82' lang='grc' dir='ltr'>οὐρανοῦ</span> <span class='ocrx_word' id='word_1_585' title='bbox 1631 3910 1663 3960; x_wconf 83' lang='grc' dir='ltr'><strong>ό</strong></span> <span class='ocrx_word' id='word_1_586' title='bbox 1707 3906 1936 3974; x_wconf 62' lang='grc' dir='ltr'><strong>ἑωσφό-</strong></span> 
     </span>
    </p>
   </div>
   <div class='ocr_carea' id='block_1_71' title="bbox 359 3995 1937 4068">
    <p class='ocr_par' dir='ltr' id='par_1_71' title="bbox 359 3995 1937 4068">
     <span class='ocr_line' id='line_1_71' title="bbox 359 3995 1937 4068; baseline -0.002 -17"><span class='ocrx_word' id='word_1_587' title='bbox 359 4018 494 4068; x_wconf 81' lang='grc' dir='ltr'>ρος,</span> <span class='ocrx_word' id='word_1_588' title='bbox 545 4001 577 4051; x_wconf 86' lang='grc' dir='ltr'><strong>ό</strong></span> <span class='ocrx_word' id='word_1_589' title='bbox 636 4000 782 4067; x_wconf 78' lang='grc' dir='ltr'>πρωὶ</span> <span class='ocrx_word' id='word_1_590' title='bbox 827 3999 1208 4064; x_wconf 71' lang='grc' dir='ltr'>ἀνατέλλωνς</span> <span class='ocrx_word' id='word_1_591' title='bbox 1250 3999 1372 4060; x_wconf 86' lang='grc' dir='ltr'><strong>Πῶς</strong></span> <span class='ocrx_word' id='word_1_592' title='bbox 1401 3995 1494 4050; x_wconf 80' lang='grc' dir='ltr'>οὖν</span> <span class='ocrx_word' id='word_1_593' title='bbox 1538 3997 1704 4050; x_wconf 79' lang='grc' dir='ltr'>ὄντων</span> <span class='ocrx_word' id='word_1_594' title='bbox 1735 3997 1937 4049; x_wconf 83' lang='grc' dir='ltr'>τούτων</span> 
     </span>
    </p>
   </div>
   <div class='ocr_carea' id='block_1_72' title="bbox 363 4087 1936 4162">
    <p class='ocr_par' dir='ltr' id='par_1_72' title="bbox 363 4087 1936 4162">
     <span class='ocr_line' id='line_1_72' title="bbox 363 4087 1936 4162; baseline -0.003 -18"><span class='ocrx_word' id='word_1_595' title='bbox 363 4091 534 4157; x_wconf 82' lang='grc' dir='ltr'>οὕτω,</span> <span class='ocrx_word' id='word_1_596' title='bbox 559 4093 716 4160; x_wconf 80' lang='grc' dir='ltr'>μόνος</span> <span class='ocrx_word' id='word_1_597' title='bbox 745 4094 772 4144; x_wconf 87' lang='grc' dir='ltr'><strong>ὀ</strong></span> <span class='ocrx_word' id='word_1_598' title='bbox 803 4091 926 4154; x_wconf 76' lang='grc' dir='ltr'>Υἱὸς</span> <span class='ocrx_word' id='word_1_599' title='bbox 956 4092 1268 4162; x_wconf 80' lang='grc' dir='ltr'>μονογενὴς,</span> <span class='ocrx_word' id='word_1_600' title='bbox 1294 4091 1387 4142; x_wconf 79' lang='grc' dir='ltr'>καὶ</span> <span class='ocrx_word' id='word_1_601' title='bbox 1412 4089 1602 4157; x_wconf 83' lang='grc' dir='ltr'>Λόγος,</span> <span class='ocrx_word' id='word_1_602' title='bbox 1629 4090 1722 4140; x_wconf 73' lang='grc' dir='ltr'>καὶ</span> <span class='ocrx_word' id='word_1_603' title='bbox 1776 4087 1936 4156; x_wconf 83' lang='grc' dir='ltr'>σοφία</span> 
     </span>
    </p>
   </div>
   <div class='ocr_carea' id='block_1_73' title="bbox 364 4181 1938 4252">
    <p class='ocr_par' dir='ltr' id='par_1_73' title="bbox 364 4181 1938 4252">
     <span class='ocr_line' id='line_1_73' title="bbox 364 4181 1938 4252; baseline -0.004 -14"><span class='ocrx_word' id='word_1_604' title='bbox 364 4187 518 4238; x_wconf 76' lang='grc' dir='ltr'>ἐστίν</span> <span class='ocrx_word' id='word_1_605' title='bbox 538 4203 552 4251; x_wconf 91' lang='lat'><strong>;</strong></span> <span class='ocrx_word' id='word_1_606' title='bbox 585 4185 654 4237; x_wconf 85' lang='grc' dir='ltr'>Ἢ</span> <span class='ocrx_word' id='word_1_607' title='bbox 682 4185 797 4245; x_wconf 84' lang='grc' dir='ltr'>πῶς</span> <span class='ocrx_word' id='word_1_608' title='bbox 819 4185 1089 4237; x_wconf 76' lang='grc' dir='ltr'>τοσούτων</span> <span class='ocrx_word' id='word_1_609' title='bbox 1111 4183 1282 4236; x_wconf 76' lang='grc' dir='ltr'>ὄντων</span> <span class='ocrx_word' id='word_1_610' title='bbox 1305 4181 1504 4252; x_wconf 82' lang='grc' dir='ltr'>ὁμοίων</span> <span class='ocrx_word' id='word_1_611' title='bbox 1527 4182 1603 4252; x_wconf 82' lang='grc' dir='ltr'>τῷ</span> <span class='ocrx_word' id='word_1_612' title='bbox 1622 4181 1814 4250; x_wconf 73' lang='grc' dir='ltr'>Πατρὶ.</span> <span class='ocrx_word' id='word_1_613' title='bbox 1843 4181 1938 4250; x_wconf 86' lang='grc' dir='ltr'>μό-</span> 
     </span>
    </p>
   </div>
   <div class='ocr_carea' id='block_1_74' title="bbox 362 4272 1936 4344">
    <p class='ocr_par' dir='ltr' id='par_1_74' title="bbox 362 4272 1936 4344">
     <span class='ocr_line' id='line_1_74' title="bbox 362 4272 1936 4344; baseline -0.004 -14"><span class='ocrx_word' id='word_1_614' title='bbox 362 4296 454 4339; x_wconf 78' lang='grc' dir='ltr'><strong>νος</strong></span> <span class='ocrx_word' id='word_1_615' title='bbox 487 4272 638 4338; x_wconf 74' lang='grc' dir='ltr'>οὗτος</span> <span class='ocrx_word' id='word_1_616' title='bbox 671 4277 834 4329; x_wconf 84' lang='grc' dir='ltr'>εἰκών</span> <span class='ocrx_word' id='word_1_617' title='bbox 889 4277 1042 4342; x_wconf 68' lang='lat' dir='ltr'><strong>iam;</strong></span> <span class='ocrx_word' id='word_1_618' title='bbox 1086 4277 1194 4329; x_wconf 78' lang='lat' dir='ltr'><strong>Kal</strong></span> <span class='ocrx_word' id='word_1_619' title='bbox 1231 4277 1339 4344; x_wconf 72' lang='grc' dir='ltr'>γὰρ</span> <span class='ocrx_word' id='word_1_620' title='bbox 1372 4275 1464 4327; x_wconf 79' lang='grc' dir='ltr'>καὶ</span> <span class='ocrx_word' id='word_1_621' title='bbox 1520 4275 1579 4326; x_wconf 79' lang='grc' dir='ltr'>ὲν</span> <span class='ocrx_word' id='word_1_622' title='bbox 1630 4273 1936 4344; x_wconf 84' lang='grc' dir='ltr'>ἀνθρώποις</span> 
     </span>
    </p>
   </div>
   <div class='ocr_carea' id='block_1_75' title="bbox 363 4366 1935 4440">
    <p class='ocr_par' dir='ltr' id='par_1_75' title="bbox 363 4366 1935 4440">
     <span class='ocr_line' id='line_1_75' title="bbox 363 4366 1935 4440; baseline -0.003 -18"><span class='ocrx_word' id='word_1_623' title='bbox 363 4371 754 4440; x_wconf 75' lang='grc' dir='ltr'>εὑρεθήσονται</span> <span class='ocrx_word' id='word_1_624' title='bbox 785 4369 1059 4437; x_wconf 82' lang='grc' dir='ltr'>ὅμοιοιτῷ</span> <span class='ocrx_word' id='word_1_625' title='bbox 1091 4368 1284 4438; x_wconf 70' lang='grc' dir='ltr'>Πατρὶ,</span> <span class='ocrx_word' id='word_1_626' title='bbox 1315 4368 1557 4420; x_wconf 87' lang='grc' dir='ltr'>πλεῖστοι</span> <span class='ocrx_word' id='word_1_627' title='bbox 1594 4366 1692 4435; x_wconf 77' lang='grc' dir='ltr'>μὲν</span> <span class='ocrx_word' id='word_1_628' title='bbox 1725 4366 1935 4436; x_wconf 68' lang='grc' dir='ltr'><strong>μάρτυ⁸</strong></span> 
     </span>
    </p>
   </div>
   <div class='ocr_carea' id='block_1_76' title="bbox 367 4459 1933 4534">
    <p class='ocr_par' dir='ltr' id='par_1_76' title="bbox 367 4459 1933 4534">
     <span class='ocr_line' id='line_1_76' title="bbox 367 4459 1933 4534; baseline -0.001 -20"><span class='ocrx_word' id='word_1_629' title='bbox 367 4481 460 4534; x_wconf 85' lang='grc' dir='ltr'><strong>ρες</strong></span> <span class='ocrx_word' id='word_1_630' title='bbox 492 4465 797 4530; x_wconf 69' lang='grc' dir='ltr'>γενόμενος,</span> <span class='ocrx_word' id='word_1_631' title='bbox 852 4463 945 4514; x_wconf 76' lang='grc' dir='ltr'>καὶ</span> <span class='ocrx_word' id='word_1_632' title='bbox 997 4460 1103 4531; x_wconf 76' lang='grc' dir='ltr'>πρὸ</span> <span class='ocrx_word' id='word_1_633' title='bbox 1141 4461 1320 4513; x_wconf 84' lang='grc' dir='ltr'>αὐτῶν</span> <span class='ocrx_word' id='word_1_634' title='bbox 1350 4461 1400 4512; x_wconf 76' lang='lat' dir='ltr'><strong>oi</strong></span> <span class='ocrx_word' id='word_1_635' title='bbox 1432 4459 1730 4529; x_wconf 74' lang='grc' dir='ltr'>προφῆται,</span> <span class='ocrx_word' id='word_1_636' title='bbox 1764 4459 1859 4512; x_wconf 69' lang='grc' dir='ltr'>καὶ</span> <span class='ocrx_word' id='word_1_637' title='bbox 1885 4459 1933 4512; x_wconf 75' lang='lat' dir='ltr'><strong>oi</strong></span> 
     </span>
    </p>
   </div>
   <div class='ocr_carea' id='block_1_77' title="bbox 2045 3249 3616 3322">
    <p class='ocr_par' dir='ltr' id='par_1_77' title="bbox 2045 3249 3616 3322">
     <span class='ocr_line' id='line_1_77' title="bbox 2045 3249 3616 3322; baseline 0.006 -20"><span class='ocrx_word' id='word_1_638' title='bbox 2045 3249 2200 3303; x_wconf 82' lang='lat' dir='ltr'><strong>Multi</strong></span> <span class='ocrx_word' id='word_1_639' title='bbox 2273 3251 2378 3304; x_wconf 90' lang='lat' dir='ltr'><strong>hoc</strong></span> <span class='ocrx_word' id='word_1_640' title='bbox 2437 3252 2602 3306; x_wconf 87' lang='lat' dir='ltr'><strong>etiam</strong></span> <span class='ocrx_word' id='word_1_641' title='bbox 2651 3261 2895 3322; x_wconf 86' lang='lat' dir='ltr'><strong>tempore</strong></span> <span class='ocrx_word' id='word_1_642' title='bbox 2948 3254 3253 3310; x_wconf 85' lang='lat' dir='ltr'><strong>Servatoris</strong></span> <span class='ocrx_word' id='word_1_643' title='bbox 3299 3259 3616 3314; x_wconf 85' lang='lat' dir='ltr'><strong>mandatum</strong></span> 
     </span>
    </p>
   </div>
   <div class='ocr_carea' id='block_1_78' title="bbox 2043 3343 3617 3419">
    <p class='ocr_par' dir='ltr' id='par_1_78' title="bbox 2043 3343 3617 3419">
     <span class='ocr_line' id='line_1_78' title="bbox 2043 3343 3617 3419; baseline 0.007 -25"><span class='ocrx_word' id='word_1_644' title='bbox 2043 3343 2396 3397; x_wconf 86' lang='lat' dir='ltr'><strong>observantes</strong></span> <span class='ocrx_word' id='word_1_645' title='bbox 2421 3343 2810 3400; x_wconf 89' lang='lat' dir='ltr'><strong>misericordes</strong></span> <span class='ocrx_word' id='word_1_646' title='bbox 2829 3346 3180 3409; x_wconf 81' lang='lat' dir='ltr'><strong>exstiterunt,</strong></span> <span class='ocrx_word' id='word_1_647' title='bbox 3215 3356 3273 3401; x_wconf 91' lang='lat' dir='ltr'><strong>ut</strong></span> <span class='ocrx_word' id='word_1_648' title='bbox 3304 3348 3484 3414; x_wconf 74' lang='lat' dir='ltr'><strong>Pater,</strong></span> <span class='ocrx_word' id='word_1_649' title='bbox 3522 3352 3617 3419; x_wconf 85' lang='lat' dir='ltr'><strong>qui</strong></span> 
     </span>
    </p>
   </div>
   <div class='ocr_carea' id='block_1_79' title="bbox 2041 3433 3616 3495">
    <p class='ocr_par' dir='ltr' id='par_1_79' title="bbox 2041 3433 3616 3495">
     <span class='ocr_line' id='line_1_79' title="bbox 2041 3433 3616 3495; baseline 0.005 -8"><span class='ocrx_word' id='word_1_650' title='bbox 2041 3443 2127 3487; x_wconf 90' lang='lat' dir='ltr'><strong>est</strong></span> <span class='ocrx_word' id='word_1_651' title='bbox 2169 3433 2229 3487; x_wconf 89' lang='lat' dir='ltr'><strong>in</strong></span> <span class='ocrx_word' id='word_1_652' title='bbox 2263 3435 2438 3489; x_wconf 72' lang='lat' dir='ltr'><strong>oculis.</strong></span> <span class='ocrx_word' id='word_1_653' title='bbox 2479 3435 2844 3492; x_wconf 87' lang='lat' dir='ltr'><strong>Observantes</strong></span> <span class='ocrx_word' id='word_1_654' title='bbox 2870 3447 2924 3491; x_wconf 89' lang='lat' dir='ltr'><strong>et</strong></span> <span class='ocrx_word' id='word_1_655' title='bbox 2954 3438 3086 3492; x_wconf 89' lang='lat' dir='ltr'><strong>illud</strong></span> <span class='ocrx_word' id='word_1_656' title='bbox 3115 3456 3130 3492; x_wconf 84' lang='lat'><strong>:</strong></span> <span class='ocrx_word' id='word_1_657' title='bbox 3159 3438 3342 3494; x_wconf 80' lang='lat' dir='ltr'><strong>Estote</strong></span> <span class='ocrx_word' id='word_1_658' title='bbox 3378 3442 3616 3495; x_wconf 67' lang='lat' dir='ltr'><strong>imitato-</strong></span> 
     </span>
    </p>
   </div>
   <div class='ocr_carea' id='block_1_80' title="bbox 2040 3521 3612 3592">
    <p class='ocr_par' dir='ltr' id='par_1_80' title="bbox 2040 3521 3612 3592">
     <span class='ocr_line' id='line_1_80' title="bbox 2040 3521 3612 3592; baseline 0.006 -18"><span class='ocrx_word' id='word_1_659' title='bbox 2040 3537 2121 3575; x_wconf 87' lang='lat' dir='ltr'><strong>res</strong></span> <span class='ocrx_word' id='word_1_660' title='bbox 2150 3521 2412 3585; x_wconf 81' lang='lat' dir='ltr'><strong>Dei,sicut</strong></span> <span class='ocrx_word' id='word_1_661' title='bbox 2441 3524 2540 3592; x_wconf 78' lang='lat' dir='ltr'><strong>ﬁlii</strong></span> <span class='ocrx_word' id='word_1_662' title='bbox 2568 3524 2884 3588; x_wconf 76' lang='lat' dir='ltr'><strong>c/iarissimi,</strong></span> <span class='ocrx_word' id='word_1_663' title='bbox 2913 3537 2961 3580; x_wconf 84' lang='lat' dir='ltr'><strong>et</strong></span> <span class='ocrx_word' id='word_1_664' title='bbox 2984 3528 3254 3582; x_wconf 79' lang='lat' dir='ltr'><strong>ambulate</strong></span> <span class='ocrx_word' id='word_1_665' title='bbox 3286 3531 3341 3583; x_wconf 80' lang='lat' dir='ltr'><strong>in</strong></span> <span class='ocrx_word' id='word_1_666' title='bbox 3373 3531 3612 3585; x_wconf 65' lang='lat' dir='ltr'><strong>dilectio.</strong></span> 
     </span>
    </p>
   </div>
   <div class='ocr_carea' id='block_1_81' title="bbox 2040 3614 3615 3678">
    <p class='ocr_par' dir='ltr' id='par_1_81' title="bbox 2040 3614 3615 3678">
     <span class='ocr_line' id='line_1_81' title="bbox 2040 3614 3615 3678; baseline 0.006 -11"><span class='ocrx_word' id='word_1_667' title='bbox 2040 3631 2122 3676; x_wconf 82' lang='lat' dir='ltr'><strong>ne,</strong></span> <span class='ocrx_word' id='word_1_668' title='bbox 2151 3616 2283 3668; x_wconf 80' lang='lat' dir='ltr'><strong>sicut</strong></span> <span class='ocrx_word' id='word_1_669' title='bbox 2314 3625 2361 3669; x_wconf 88' lang='lat' dir='ltr'><strong>et</strong></span> <span class='ocrx_word' id='word_1_670' title='bbox 2395 3614 2630 3670; x_wconf 78' lang='lat' dir='ltr'><strong>Christus</strong></span> <span class='ocrx_word' id='word_1_671' title='bbox 2655 3618 2838 3672; x_wconf 70' lang='lat' dir='ltr'><strong>dilexit</strong></span> <span class='ocrx_word' id='word_1_672' title='bbox 2857 3635 2948 3672; x_wconf 87' lang='lat' dir='ltr'><strong>nos</strong></span> <span class='ocrx_word' id='word_1_673' title='bbox 2989 3621 3034 3672; x_wconf 80' lang='grc'><strong>³.</strong></span> <span class='ocrx_word' id='word_1_674' title='bbox 3097 3622 3162 3674; x_wconf 66' lang='lat' dir='ltr'><strong>lit</strong></span> <span class='ocrx_word' id='word_1_675' title='bbox 3208 3620 3356 3675; x_wconf 85' lang='lat' dir='ltr'><strong>Pauli</strong></span> <span class='ocrx_word' id='word_1_676' title='bbox 3389 3624 3615 3678; x_wconf 80' lang='lat' dir='ltr'><strong>fucrunt</strong></span> 
     </span>
    </p>
   </div>
   <div class='ocr_carea' id='block_1_82' title="bbox 2038 3707 3610 3773">
    <p class='ocr_par' dir='ltr' id='par_1_82' title="bbox 2038 3707 3610 3773">
     <span class='ocr_line' id='line_1_82' title="bbox 2038 3707 3610 3773; baseline 0.006 -13"><span class='ocrx_word' id='word_1_677' title='bbox 2038 3707 2342 3760; x_wconf 89' lang='lat' dir='ltr'><strong>imitatores</strong></span> <span class='ocrx_word' id='word_1_678' title='bbox 2393 3709 2571 3773; x_wconf 89' lang='lat' dir='ltr'><strong>multi,</strong></span> <span class='ocrx_word' id='word_1_679' title='bbox 2635 3710 2777 3763; x_wconf 87' lang='lat' dir='ltr'><strong>sicut</strong></span> <span class='ocrx_word' id='word_1_680' title='bbox 2829 3718 2882 3762; x_wconf 79' lang='lat' dir='ltr'><strong>et</strong></span> <span class='ocrx_word' id='word_1_681' title='bbox 2926 3709 3020 3764; x_wconf 89' lang='lat' dir='ltr'><strong>ille</strong></span> <span class='ocrx_word' id='word_1_682' title='bbox 3069 3712 3296 3768; x_wconf 82' lang='lat' dir='ltr'><strong>Christi.</strong></span> <span class='ocrx_word' id='word_1_683' title='bbox 3358 3716 3610 3770; x_wconf 82' lang='lat' dir='ltr'><strong>Attamen</strong></span> 
     </span>
    </p>
   </div>
   <div class='ocr_carea' id='block_1_83' title="bbox 2039 3800 3617 3876">
    <p class='ocr_par' dir='ltr' id='par_1_83' title="bbox 2039 3800 3617 3876">
     <span class='ocr_line' id='line_1_83' title="bbox 2039 3800 3617 3876; baseline 0.006 -22"><span class='ocrx_word' id='word_1_684' title='bbox 2039 3815 2227 3854; x_wconf 86' lang='lat' dir='ltr'><strong>eorum</strong></span> <span class='ocrx_word' id='word_1_685' title='bbox 2257 3800 2436 3854; x_wconf 88' lang='lat' dir='ltr'><strong>nullus</strong></span> <span class='ocrx_word' id='word_1_686' title='bbox 2476 3816 2650 3870; x_wconf 86' lang='lat' dir='ltr'><strong>neque</strong></span> <span class='ocrx_word' id='word_1_687' title='bbox 2677 3800 2934 3866; x_wconf 70' lang='lat' dir='ltr'><strong>Verbum,</strong></span> <span class='ocrx_word' id='word_1_688' title='bbox 2970 3818 3072 3857; x_wconf 90' lang='lat' dir='ltr'><strong>nec</strong></span> <span class='ocrx_word' id='word_1_689' title='bbox 3107 3805 3420 3876; x_wconf 79' lang='lat' dir='ltr'><strong>unigenitus</strong></span> <span class='ocrx_word' id='word_1_690' title='bbox 3445 3807 3617 3863; x_wconf 77' lang='lat' dir='ltr'><strong>Filius</strong></span> 
     </span>
    </p>
   </div>
   <div class='ocr_carea' id='block_1_84' title="bbox 2038 3889 3608 3961">
    <p class='ocr_par' dir='ltr' id='par_1_84' title="bbox 2038 3889 3608 3961">
     <span class='ocr_line' id='line_1_84' title="bbox 2038 3889 3608 3961; baseline 0.006 -17"><span class='ocrx_word' id='word_1_691' title='bbox 2038 3906 2137 3944; x_wconf 86' lang='lat' dir='ltr'><strong>nec</strong></span> <span class='ocrx_word' id='word_1_692' title='bbox 2161 3889 2336 3959; x_wconf 78' lang='lat' dir='ltr'><strong>imago</strong></span> <span class='ocrx_word' id='word_1_693' title='bbox 2366 3903 2471 3946; x_wconf 90' lang='lat' dir='ltr'><strong>est.</strong></span> <span class='ocrx_word' id='word_1_694' title='bbox 2495 3892 2682 3961; x_wconf 85' lang='lat' dir='ltr'><strong>Neque</strong></span> <span class='ocrx_word' id='word_1_695' title='bbox 2701 3894 2915 3946; x_wconf 89' lang='lat' dir='ltr'><strong>illorum</strong></span> <span class='ocrx_word' id='word_1_696' title='bbox 2933 3894 3071 3948; x_wconf 90' lang='lat' dir='ltr'><strong>ullus</strong></span> <span class='ocrx_word' id='word_1_697' title='bbox 3094 3912 3258 3951; x_wconf 83' lang='lat' dir='ltr'><strong>ausus</strong></span> <span class='ocrx_word' id='word_1_698' title='bbox 3274 3908 3358 3954; x_wconf 90' lang='lat' dir='ltr'><strong>est</strong></span> <span class='ocrx_word' id='word_1_699' title='bbox 3387 3902 3568 3954; x_wconf 87' lang='lat' dir='ltr'><strong>dicere</strong></span> <span class='ocrx_word' id='word_1_700' title='bbox 3595 3919 3608 3954; x_wconf 89' lang='lat'>:</span> 
     </span>
    </p>
   </div>
   <div class='ocr_carea' id='block_1_85' title="bbox 2039 3981 3611 4056">
    <p class='ocr_par' dir='ltr' id='par_1_85' title="bbox 2039 3981 3611 4056">
     <span class='ocr_line' id='line_1_85' title="bbox 2039 3981 3611 4056; baseline 0.007 -21"><span class='ocrx_word' id='word_1_701' title='bbox 2039 3981 2152 4052; x_wconf 81' lang='lat' dir='ltr'><strong>Ego</strong></span> <span class='ocrx_word' id='word_1_702' title='bbox 2203 3993 2251 4037; x_wconf 80' lang='lat' dir='ltr'><strong>el</strong></span> <span class='ocrx_word' id='word_1_703' title='bbox 2295 3983 2459 4038; x_wconf 85' lang='lat' dir='ltr'><strong>Pater</strong></span> <span class='ocrx_word' id='word_1_704' title='bbox 2505 4000 2668 4038; x_wconf 81' lang='lat' dir='ltr'><strong>unum</strong></span> <span class='ocrx_word' id='word_1_705' title='bbox 2709 4000 2920 4048; x_wconf 85' lang='lat' dir='ltr'><strong>sumus;</strong></span> <span class='ocrx_word' id='word_1_706' title='bbox 2947 3995 3059 4050; x_wconf 83' lang='lat' dir='ltr'><strong>aut,</strong></span> <span class='ocrx_word' id='word_1_707' title='bbox 3088 3986 3199 4056; x_wconf 78' lang='lat' dir='ltr'><strong>Ego</strong></span> <span class='ocrx_word' id='word_1_708' title='bbox 3237 3990 3292 4042; x_wconf 81' lang='lat' dir='ltr'><strong>in</strong></span> <span class='ocrx_word' id='word_1_709' title='bbox 3336 3989 3516 4056; x_wconf 76' lang='lat' dir='ltr'><strong>Patre,</strong></span> <span class='ocrx_word' id='word_1_710' title='bbox 3563 4003 3611 4046; x_wconf 81' lang='lat' dir='ltr'><strong>et</strong></span> 
     </span>
    </p>
   </div>
   <div class='ocr_carea' id='block_1_86' title="bbox 2037 4074 3614 4146">
    <p class='ocr_par' dir='ltr' id='par_1_86' title="bbox 2037 4074 3614 4146">
     <span class='ocr_line' id='line_1_86' title="bbox 2037 4074 3614 4146; baseline 0.006 -19"><span class='ocrx_word' id='word_1_711' title='bbox 2037 4074 2203 4128; x_wconf 80' lang='lat' dir='ltr'><strong>Pater</strong></span> <span class='ocrx_word' id='word_1_712' title='bbox 2226 4075 2277 4127; x_wconf 85' lang='lat' dir='ltr'><strong>in</strong></span> <span class='ocrx_word' id='word_1_713' title='bbox 2308 4090 2410 4128; x_wconf 85' lang='lat' dir='ltr'><strong>me.</strong></span> <span class='ocrx_word' id='word_1_714' title='bbox 2445 4075 2551 4128; x_wconf 84' lang='lat' dir='ltr'><strong>Sed</strong></span> <span class='ocrx_word' id='word_1_715' title='bbox 2577 4079 2642 4128; x_wconf 86' lang='lat' dir='ltr'><strong>de</strong></span> <span class='ocrx_word' id='word_1_716' title='bbox 2679 4076 2763 4128; x_wconf 87' lang='lat' dir='ltr'><strong>his</strong></span> <span class='ocrx_word' id='word_1_717' title='bbox 2781 4076 3040 4130; x_wconf 90' lang='lat' dir='ltr'><strong>omnibus</strong></span> <span class='ocrx_word' id='word_1_718' title='bbox 3068 4079 3272 4136; x_wconf 83' lang='lat' dir='ltr'><strong>dictum</strong></span> <span class='ocrx_word' id='word_1_719' title='bbox 3317 4089 3400 4135; x_wconf 85' lang='lat' dir='ltr'><strong>est</strong></span> <span class='ocrx_word' id='word_1_720' title='bbox 3438 4099 3451 4136; x_wconf 92' lang='lat'><strong>:</strong></span> <span class='ocrx_word' id='word_1_721' title='bbox 3485 4083 3614 4146; x_wconf 76' lang='lat' dir='ltr'><strong>Quis</strong></span> 
     </span>
    </p>
   </div>
   <div class='ocr_carea' id='block_1_87' title="bbox 2037 4166 3610 4241">
    <p class='ocr_par' dir='ltr' id='par_1_87' title="bbox 2037 4166 3610 4241">
     <span class='ocr_line' id='line_1_87' title="bbox 2037 4166 3610 4241; baseline 0.005 -21"><span class='ocrx_word' id='word_1_722' title='bbox 2037 4167 2225 4222; x_wconf 85' lang='lat' dir='ltr'><strong>similis</strong></span> <span class='ocrx_word' id='word_1_723' title='bbox 2248 4167 2340 4220; x_wconf 83' lang='lat' dir='ltr'><strong>tibi</strong></span> <span class='ocrx_word' id='word_1_724' title='bbox 2375 4168 2428 4219; x_wconf 85' lang='lat' dir='ltr'><strong>in</strong></span> <span class='ocrx_word' id='word_1_725' title='bbox 2468 4168 2591 4230; x_wconf 86' lang='lat' dir='ltr'><strong>diis,</strong></span> <span class='ocrx_word' id='word_1_726' title='bbox 2619 4166 2885 4220; x_wconf 83' lang='lat' dir='ltr'><strong>Domine?</strong></span> <span class='ocrx_word' id='word_1_727' title='bbox 2933 4170 3035 4220; x_wconf 75' lang='lat' dir='ltr'><strong>Aut</strong></span> <span class='ocrx_word' id='word_1_728' title='bbox 3064 4171 3178 4238; x_wconf 87' lang='lat' dir='ltr'><strong>quis</strong></span> <span class='ocrx_word' id='word_1_729' title='bbox 3216 4176 3610 4241; x_wconf 81' lang='lat' dir='ltr'><strong>comparabitur</strong></span> 
     </span>
    </p>
   </div>
   <div class='ocr_carea' id='block_1_88' title="bbox 2038 4258 3610 4336">
    <p class='ocr_par' dir='ltr' id='par_1_88' title="bbox 2038 4258 3610 4336">
     <span class='ocr_line' id='line_1_88' title="bbox 2038 4258 3610 4336; baseline 0.005 -22"><span class='ocrx_word' id='word_1_730' title='bbox 2038 4261 2130 4314; x_wconf 83' lang='lat' dir='ltr'><strong>tibi</strong></span> <span class='ocrx_word' id='word_1_731' title='bbox 2157 4263 2212 4316; x_wconf 81' lang='lat' dir='ltr'><strong>in</strong></span> <span class='ocrx_word' id='word_1_732' title='bbox 2239 4260 2368 4329; x_wconf 76' lang='lat' dir='ltr'><strong>ﬁliis</strong></span> <span class='ocrx_word' id='word_1_733' title='bbox 2398 4259 2494 4313; x_wconf 84' lang='lat' dir='ltr'><strong>Dei</strong></span> <span class='ocrx_word' id='word_1_734' title='bbox 2541 4260 2584 4314; x_wconf 85' lang='grc'><strong>³.</strong></span> <span class='ocrx_word' id='word_1_735' title='bbox 2621 4258 2697 4313; x_wconf 86' lang='lat' dir='ltr'><strong>De</strong></span> <span class='ocrx_word' id='word_1_736' title='bbox 2733 4261 2849 4329; x_wconf 90' lang='lat' dir='ltr'><strong>ipso</strong></span> <span class='ocrx_word' id='word_1_737' title='bbox 2871 4270 3074 4328; x_wconf 85' lang='lat' dir='ltr'><strong>autem,</strong></span> <span class='ocrx_word' id='word_1_738' title='bbox 3109 4263 3257 4318; x_wconf 89' lang='lat' dir='ltr'><strong>solus</strong></span> <span class='ocrx_word' id='word_1_739' title='bbox 3286 4264 3461 4336; x_wconf 79' lang='lat' dir='ltr'><strong>imago</strong></span> <span class='ocrx_word' id='word_1_740' title='bbox 3485 4284 3610 4322; x_wconf 84' lang='lat' dir='ltr'><strong>vera</strong></span> 
     </span>
    </p>
   </div>
   <div class='ocr_carea' id='block_1_89' title="bbox 2037 4351 3604 4428">
    <p class='ocr_par' dir='ltr' id='par_1_89' title="bbox 2037 4351 3604 4428">
     <span class='ocr_line' id='line_1_89' title="bbox 2037 4351 3604 4428; baseline 0.004 -20"><span class='ocrx_word' id='word_1_741' title='bbox 2037 4363 2093 4409; x_wconf 87' lang='lat' dir='ltr'><strong>et</strong></span> <span class='ocrx_word' id='word_1_742' title='bbox 2135 4353 2400 4407; x_wconf 86' lang='lat' dir='ltr'><strong>naturalis</strong></span> <span class='ocrx_word' id='word_1_743' title='bbox 2444 4363 2527 4407; x_wconf 89' lang='lat' dir='ltr'><strong>est</strong></span> <span class='ocrx_word' id='word_1_744' title='bbox 2563 4352 2757 4406; x_wconf 85' lang='lat' dir='ltr'><strong>Patris.</strong></span> <span class='ocrx_word' id='word_1_745' title='bbox 2808 4351 2961 4406; x_wconf 85' lang='lat' dir='ltr'><strong>Licet</strong></span> <span class='ocrx_word' id='word_1_746' title='bbox 3013 4355 3159 4407; x_wconf 89' lang='lat' dir='ltr'><strong>enim</strong></span> <span class='ocrx_word' id='word_1_747' title='bbox 3203 4356 3268 4410; x_wconf 93' lang='lat' dir='ltr'><strong>ad</strong></span> <span class='ocrx_word' id='word_1_748' title='bbox 3316 4357 3604 4428; x_wconf 78' lang='lat' dir='ltr'><strong>imaginem</strong></span> 
     </span>
    </p>
   </div>
   <div class='ocr_carea' id='block_1_90' title="bbox 2037 4443 3604 4512">
    <p class='ocr_par' dir='ltr' id='par_1_90' title="bbox 2037 4443 3604 4512">
     <span class='ocr_line' id='line_1_90' title="bbox 2037 4443 3604 4512; baseline 0.004 -13"><span class='ocrx_word' id='word_1_749' title='bbox 2037 4447 2166 4499; x_wconf 76' lang='lat' dir='ltr'><strong>laeti</strong></span> <span class='ocrx_word' id='word_1_750' title='bbox 2209 4444 2382 4498; x_wconf 87' lang='lat' dir='ltr'><strong>simus</strong></span> <span class='ocrx_word' id='word_1_751' title='bbox 2413 4457 2468 4497; x_wconf 86' lang='lat' dir='ltr'><strong>et</strong></span> <span class='ocrx_word' id='word_1_752' title='bbox 2499 4443 2673 4512; x_wconf 74' lang='lat' dir='ltr'><strong>imago</strong></span> <span class='ocrx_word' id='word_1_753' title='bbox 2711 4453 2768 4496; x_wconf 92' lang='lat' dir='ltr'><strong>ct</strong></span> <span class='ocrx_word' id='word_1_754' title='bbox 2816 4445 2985 4512; x_wconf 74' lang='lat' dir='ltr'><strong>gloria</strong></span> <span class='ocrx_word' id='word_1_755' title='bbox 3023 4445 3115 4500; x_wconf 83' lang='lat' dir='ltr'><strong>Dei</strong></span> <span class='ocrx_word' id='word_1_756' title='bbox 3167 4461 3442 4511; x_wconf 79' lang='lat' dir='ltr'><strong>vocemur,</strong></span> <span class='ocrx_word' id='word_1_757' title='bbox 3497 4468 3604 4505; x_wconf 92' lang='lat' dir='ltr'><strong>non</strong></span> 
     </span>
    </p>
   </div>
   <div class='ocr_carea' id='block_1_91' title="bbox 363 4527 1943 4619">
    <p class='ocr_par' dir='ltr' id='par_1_91' title="bbox 363 4550 1928 4619">
     <span class='ocr_line' id='line_1_91' title="bbox 363 4550 1928 4619; baseline -0.004 -13"><span class='ocrx_word' id='word_1_758' title='bbox 363 4553 678 4616; x_wconf 81' lang='grc' dir='ltr'>ἀπόστολοι,</span> <span class='ocrx_word' id='word_1_759' title='bbox 720 4552 812 4603; x_wconf 73' lang='grc' dir='ltr'>καὶ</span> <span class='ocrx_word' id='word_1_760' title='bbox 869 4551 1030 4603; x_wconf 81' lang='grc' dir='ltr'>πάλιν</span> <span class='ocrx_word' id='word_1_761' title='bbox 1063 4550 1169 4619; x_wconf 81' lang='grc' dir='ltr'>πρὸ</span> <span class='ocrx_word' id='word_1_762' title='bbox 1225 4550 1430 4602; x_wconf 84' lang='grc' dir='ltr'>τούτων</span> <span class='ocrx_word' id='word_1_763' title='bbox 1469 4550 1520 4601; x_wconf 81' lang='lat' dir='ltr'><strong>oi</strong></span> <span class='ocrx_word' id='word_1_764' title='bbox 1564 4550 1928 4619; x_wconf 81' lang='grc' dir='ltr'>πατριάρχαι·</span> 
     </span>
    </p>
   </div>
   <div class='ocr_carea' id='block_1_92' title="bbox 2045 4527 3605 4619">
    <p class='ocr_par' dir='ltr' id='par_1_92' title="bbox 2045 4535 3605 4605">
     <span class='ocr_line' id='line_1_92' title="bbox 2045 4535 3605 4605; baseline 0.003 -14"><span class='ocrx_word' id='word_1_765' title='bbox 2045 4548 2216 4591; x_wconf 81' lang='lat' dir='ltr'><strong>[auten</strong></span> <span class='ocrx_word' id='word_1_766' title='bbox 2264 4545 2479 4604; x_wconf 80' lang='lat' dir='ltr'><strong>propter</strong></span> <span class='ocrx_word' id='word_1_767' title='bbox 2526 4549 2644 4600; x_wconf 90' lang='lat' dir='ltr'><strong>nos,</strong></span> <span class='ocrx_word' id='word_1_768' title='bbox 2691 4535 2786 4588; x_wconf 89' lang='lat' dir='ltr'><strong>sed</strong></span> <span class='ocrx_word' id='word_1_769' title='bbox 2837 4545 3060 4605; x_wconf 88' lang='lat' dir='ltr'><strong>propter</strong></span> <span class='ocrx_word' id='word_1_770' title='bbox 3101 4538 3497 4594; x_wconf 86' lang='lat' dir='ltr'><strong>inhabitantem</strong></span> <span class='ocrx_word' id='word_1_771' title='bbox 3549 4545 3605 4596; x_wconf 90' lang='lat' dir='ltr'><strong>in</strong></span> 
     </span>
    </p>
   </div>
   <div class='ocr_carea' id='block_1_93' title="bbox 364 4640 1933 4711">
    <p class='ocr_par' dir='ltr' id='par_1_93' title="bbox 364 4640 1933 4711">
     <span class='ocr_line' id='line_1_93' title="bbox 364 4640 1933 4711; baseline -0.003 -15"><span class='ocrx_word' id='word_1_772' title='bbox 364 4645 554 4696; x_wconf 74' lang='grc' dir='ltr'>πολλοὶ</span> <span class='ocrx_word' id='word_1_773' title='bbox 582 4643 638 4694; x_wconf 83' lang='grc' dir='ltr'>δὲ</span> <span class='ocrx_word' id='word_1_774' title='bbox 667 4641 759 4694; x_wconf 83' lang='grc' dir='ltr'>καὶ</span> <span class='ocrx_word' id='word_1_775' title='bbox 783 4642 876 4695; x_wconf 78' lang='grc' dir='ltr'>νῦν</span> <span class='ocrx_word' id='word_1_776' title='bbox 903 4641 1175 4711; x_wconf 78' lang='grc' dir='ltr'>ἐφύλαξαν</span> <span class='ocrx_word' id='word_1_777' title='bbox 1199 4643 1296 4708; x_wconf 79' lang='grc' dir='ltr'>τὴν</span> <span class='ocrx_word' id='word_1_778' title='bbox 1328 4640 1421 4693; x_wconf 81' lang='grc' dir='ltr'><strong>τοῦ</strong></span> <span class='ocrx_word' id='word_1_779' title='bbox 1456 4641 1660 4708; x_wconf 83' lang='grc' dir='ltr'>Πατρδς</span> <span class='ocrx_word' id='word_1_780' title='bbox 1693 4641 1933 4711; x_wconf 74' lang='grc' dir='ltr'>ἐντολὴν,</span> 
     </span>
    </p>
   </div>
   <div class='ocr_carea' id='block_1_94' title="bbox 362 4732 1938 4804">
    <p class='ocr_par' dir='ltr' id='par_1_94' title="bbox 362 4732 1938 4804">
     <span class='ocr_line' id='line_1_94' title="bbox 362 4732 1938 4804; baseline -0.003 -17"><span class='ocrx_word' id='word_1_781' title='bbox 362 4735 651 4804; x_wconf 85' lang='grc' dir='ltr'>γενόμενοι</span> <span class='ocrx_word' id='word_1_782' title='bbox 681 4737 1046 4802; x_wconf 78' lang='grc' dir='ltr'>οἰκτίρμονες,</span> <span class='ocrx_word' id='word_1_783' title='bbox 1103 4735 1175 4794; x_wconf 78' lang='grc' dir='ltr'>ὡς</span> <span class='ocrx_word' id='word_1_784' title='bbox 1213 4733 1242 4784; x_wconf 83' lang='grc' dir='ltr'>ὁ</span> <span class='ocrx_word' id='word_1_785' title='bbox 1281 4732 1471 4802; x_wconf 83' lang='grc' dir='ltr'>Πατὴρ</span> <span class='ocrx_word' id='word_1_786' title='bbox 1505 4732 1709 4802; x_wconf 80' lang='grc' dir='ltr'><strong>ἡμῶνὸ</strong></span> <span class='ocrx_word' id='word_1_787' title='bbox 1741 4734 1798 4784; x_wconf 82' lang='grc' dir='ltr'>ὲν</span> <span class='ocrx_word' id='word_1_788' title='bbox 1827 4734 1938 4794; x_wconf 86' lang='grc' dir='ltr'>τοῖς</span> 
     </span>
    </p>
   </div>
   <div class='ocr_carea' id='block_1_95' title="bbox 362 4817 1936 4894">
    <p class='ocr_par' dir='ltr' id='par_1_95' title="bbox 362 4817 1936 4894">
     <span class='ocr_line' id='line_1_95' title="bbox 362 4817 1936 4894; baseline -0.003 -16"><span class='ocrx_word' id='word_1_789' title='bbox 362 4827 424 4878; x_wconf 66' lang='lat'><strong>0&#39;3</strong></span> <span class='ocrx_word' id='word_1_790' title='bbox 437 4825 635 4894; x_wconf 83' lang='grc' dir='ltr'>ρανοῖς,</span> <span class='ocrx_word' id='word_1_791' title='bbox 667 4823 1005 4894; x_wconf 81' lang='grc' dir='ltr'>τηρήσαντες</span> <span class='ocrx_word' id='word_1_792' title='bbox 1034 4822 1120 4874; x_wconf 80' lang='grc' dir='ltr'>τό-</span> <span class='ocrx_word' id='word_1_793' title='bbox 1153 4823 1406 4876; x_wconf 76' lang='grc' dir='ltr'>Γίνεσθε</span> <span class='ocrx_word' id='word_1_794' title='bbox 1438 4817 1802 4890; x_wconf 75' lang='grc' dir='ltr'>οὗνμιμηταί</span> <span class='ocrx_word' id='word_1_795' title='bbox 1829 4819 1936 4875; x_wconf 88' lang='grc' dir='ltr'>τοῦ</span> 
     </span>
    </p>
   </div>
   <div class='ocr_carea' id='block_1_96' title="bbox 366 4913 1938 4983">
    <p class='ocr_par' dir='ltr' id='par_1_96' title="bbox 366 4913 1938 4983">
     <span class='ocr_line' id='line_1_96' title="bbox 366 4913 1938 4983; baseline -0.005 -11"><span class='ocrx_word' id='word_1_796' title='bbox 366 4917 520 4972; x_wconf 85' lang='grc' dir='ltr'>Θεοῦ</span> <span class='ocrx_word' id='word_1_797' title='bbox 541 4917 620 4981; x_wconf 82' lang='grc' dir='ltr'>ὡς</span> <span class='ocrx_word' id='word_1_798' title='bbox 651 4916 829 4970; x_wconf 73' lang='grc' dir='ltr'>τέκνα</span> <span class='ocrx_word' id='word_1_799' title='bbox 859 4916 1150 4983; x_wconf 80' lang='grc' dir='ltr'>ἀγαπητὰ,</span> <span class='ocrx_word' id='word_1_800' title='bbox 1180 4916 1278 4969; x_wconf 80' lang='grc' dir='ltr'>καὶ</span> <span class='ocrx_word' id='word_1_801' title='bbox 1312 4913 1683 4982; x_wconf 81' lang='grc' dir='ltr'>περιπατεῖτε</span> <span class='ocrx_word' id='word_1_802' title='bbox 1701 4914 1771 4967; x_wconf 77' lang='grc' dir='ltr'><strong>ἐν</strong></span> <span class='ocrx_word' id='word_1_803' title='bbox 1797 4913 1938 4981; x_wconf 78' lang='grc' dir='ltr'>ἀγά-</span> 
     </span>
    </p>
   </div>
   <div class='ocr_carea' id='block_1_97' title="bbox 364 5004 1932 5078">
    <p class='ocr_par' dir='ltr' id='par_1_97' title="bbox 364 5004 1932 5078">
     <span class='ocr_line' id='line_1_97' title="bbox 364 5004 1932 5078; baseline -0.003 -16"><span class='ocrx_word' id='word_1_804' title='bbox 364 5027 475 5077; x_wconf 76' lang='grc' dir='ltr'>πῃ,</span> <span class='ocrx_word' id='word_1_805' title='bbox 503 5009 694 5075; x_wconf 71' lang='grc' dir='ltr'>καθὼς</span> <span class='ocrx_word' id='word_1_806' title='bbox 721 5012 752 5064; x_wconf 88' lang='grc' dir='ltr'><strong>ό</strong></span> <span class='ocrx_word' id='word_1_807' title='bbox 782 5009 1034 5078; x_wconf 76' lang='grc' dir='ltr'>Χριστὸς</span> <span class='ocrx_word' id='word_1_808' title='bbox 1062 5007 1378 5077; x_wconf 77' lang='grc' dir='ltr'>ἠγάπησεν</span> <span class='ocrx_word' id='word_1_809' title='bbox 1397 5006 1572 5076; x_wconf 82' lang='grc' dir='ltr'>ὑμᾶς.</span> <span class='ocrx_word' id='word_1_810' title='bbox 1610 5004 1858 5075; x_wconf 76' lang='grc' dir='ltr'>Μιμηταὶ</span> <span class='ocrx_word' id='word_1_811' title='bbox 1875 5004 1932 5058; x_wconf 76' lang='grc' dir='ltr'>δὲ</span> 
     </span>
    </p>
   </div>
   <div class='ocr_carea' id='block_1_98' title="bbox 362 5095 1930 5172">
    <p class='ocr_par' dir='ltr' id='par_1_98' title="bbox 362 5095 1930 5172">
     <span class='ocr_line' id='line_1_98' title="bbox 362 5095 1930 5172; baseline -0.004 -18"><span class='ocrx_word' id='word_1_812' title='bbox 362 5103 624 5172; x_wconf 77' lang='grc' dir='ltr'>γεγόνασι</span> <span class='ocrx_word' id='word_1_813' title='bbox 655 5103 748 5154; x_wconf 66' lang='grc' dir='ltr'>καὶ</span> <span class='ocrx_word' id='word_1_814' title='bbox 787 5102 879 5154; x_wconf 81' lang='grc' dir='ltr'>τοῦ</span> <span class='ocrx_word' id='word_1_815' title='bbox 939 5101 1152 5154; x_wconf 79' lang='grc' dir='ltr'>Παύλου</span> <span class='ocrx_word' id='word_1_816' title='bbox 1203 5097 1410 5162; x_wconf 72' lang='grc' dir='ltr'>πολλοὶ,</span> <span class='ocrx_word' id='word_1_817' title='bbox 1455 5098 1531 5160; x_wconf 85' lang='grc' dir='ltr'><strong>ὡς</strong></span> <span class='ocrx_word' id='word_1_818' title='bbox 1557 5099 1806 5160; x_wconf 85' lang='grc' dir='ltr'>κάκεῖνος</span> <span class='ocrx_word' id='word_1_819' title='bbox 1837 5095 1930 5149; x_wconf 82' lang='grc' dir='ltr'>τοῦ</span> 
     </span>
    </p>
   </div>
   <div class='ocr_carea' id='block_1_99' title="bbox 362 5186 1930 5264">
    <p class='ocr_par' dir='ltr' id='par_1_99' title="bbox 362 5186 1930 5264">
     <span class='ocr_line' id='line_1_99' title="bbox 362 5186 1930 5264; baseline -0.008 -13"><span class='ocrx_word' id='word_1_820' title='bbox 362 5194 631 5264; x_wconf 80' lang='grc' dir='ltr'>Χριστοῦ,</span> <span class='ocrx_word' id='word_1_821' title='bbox 683 5196 775 5248; x_wconf 77' lang='grc' dir='ltr'>καὶ</span> <span class='ocrx_word' id='word_1_822' title='bbox 817 5195 964 5263; x_wconf 77' lang='grc' dir='ltr'>ὅμως</span> <span class='ocrx_word' id='word_1_823' title='bbox 994 5193 1169 5255; x_wconf 69' lang='grc' dir='ltr'>οὐδεὶς</span> <span class='ocrx_word' id='word_1_824' title='bbox 1212 5191 1416 5244; x_wconf 87' lang='grc' dir='ltr'>τούτων</span> <span class='ocrx_word' id='word_1_825' title='bbox 1446 5188 1569 5243; x_wconf 78' lang='grc' dir='ltr'>οὕτε</span> <span class='ocrx_word' id='word_1_826' title='bbox 1593 5191 1784 5258; x_wconf 79' lang='grc' dir='ltr'>Λόγος,</span> <span class='ocrx_word' id='word_1_827' title='bbox 1809 5186 1930 5242; x_wconf 74' lang='grc' dir='ltr'>οὔτε</span> 
     </span>
    </p>
   </div>
   <div class='ocr_carea' id='block_1_100' title="bbox 364 5279 1928 5358">
    <p class='ocr_par' dir='ltr' id='par_1_100' title="bbox 364 5279 1928 5358">
     <span class='ocr_line' id='line_1_100' title="bbox 364 5279 1928 5358; baseline -0.006 -16"><span class='ocrx_word' id='word_1_828' title='bbox 364 5290 549 5358; x_wconf 83' lang='grc' dir='ltr'>σοφία,</span> <span class='ocrx_word' id='word_1_829' title='bbox 576 5287 700 5341; x_wconf 76' lang='grc' dir='ltr'>οὔτε.</span> <span class='ocrx_word' id='word_1_830' title='bbox 727 5285 1017 5356; x_wconf 81' lang='grc' dir='ltr'>μονογενὴς</span> <span class='ocrx_word' id='word_1_831' title='bbox 1063 5285 1204 5348; x_wconf 78' lang='grc' dir='ltr'>Υἱὸς,</span> <span class='ocrx_word' id='word_1_832' title='bbox 1255 5283 1378 5335; x_wconf 78' lang='grc' dir='ltr'>οὗτε</span> <span class='ocrx_word' id='word_1_833' title='bbox 1418 5281 1578 5334; x_wconf 84' lang='grc' dir='ltr'>εἰκών</span> <span class='ocrx_word' id='word_1_834' title='bbox 1604 5285 1773 5345; x_wconf 77' lang='grc' dir='ltr'>ἐστιν,</span> <span class='ocrx_word' id='word_1_835' title='bbox 1805 5279 1928 5332; x_wconf 79' lang='grc' dir='ltr'>οὒτε</span> 
     </span>
    </p>
   </div>
   <div class='ocr_carea' id='block_1_101' title="bbox 362 5373 1929 5445">
    <p class='ocr_par' dir='ltr' id='par_1_101' title="bbox 362 5373 1929 5445">
     <span class='ocr_line' id='line_1_101' title="bbox 362 5373 1929 5445; baseline -0.008 -11"><span class='ocrx_word' id='word_1_836' title='bbox 362 5399 450 5443; x_wconf 87' lang='grc' dir='ltr'><strong>τις</strong></span> <span class='ocrx_word' id='word_1_837' title='bbox 479 5379 682 5433; x_wconf 87' lang='grc' dir='ltr'>τούτων</span> <span class='ocrx_word' id='word_1_838' title='bbox 719 5377 1100 5445; x_wconf 86' lang='grc' dir='ltr'>ἀπετόλμησεν</span> <span class='ocrx_word' id='word_1_839' title='bbox 1147 5377 1322 5428; x_wconf 84' lang='grc' dir='ltr'>εἰπεῖν</span> <span class='ocrx_word' id='word_1_840' title='bbox 1346 5390 1359 5404; x_wconf 92' lang='grc'><strong>·</strong></span> <span class='ocrx_word' id='word_1_841' title='bbox 1390 5373 1532 5441; x_wconf 88' lang='grc' dir='ltr'><strong>Ἐγὼ</strong></span> <span class='ocrx_word' id='word_1_842' title='bbox 1563 5379 1656 5426; x_wconf 73' lang='grc' dir='ltr'>καὶ</span> <span class='ocrx_word' id='word_1_843' title='bbox 1681 5377 1707 5426; x_wconf 84' lang='grc' dir='ltr'><strong>ό</strong></span> <span class='ocrx_word' id='word_1_844' title='bbox 1742 5373 1929 5443; x_wconf 81' lang='grc' dir='ltr'>Πατὴρ</span> 
     </span>
    </p>
   </div>
   <div class='ocr_carea' id='block_1_102' title="bbox 360 5463 1931 5540">
    <p class='ocr_par' dir='ltr' id='par_1_102' title="bbox 360 5463 1931 5540">
     <span class='ocr_line' id='line_1_102' title="bbox 360 5463 1931 5540; baseline -0.006 -16"><span class='ocrx_word' id='word_1_845' title='bbox 360 5475 424 5530; x_wconf 77' lang='grc' dir='ltr'>ἓν</span> <span class='ocrx_word' id='word_1_846' title='bbox 467 5473 630 5540; x_wconf 78' lang='grc' dir='ltr'>ἐσμεν</span> <span class='ocrx_word' id='word_1_847' title='bbox 657 5511 670 5534; x_wconf 93' lang='grc'><strong>,</strong></span> <span class='ocrx_word' id='word_1_848' title='bbox 711 5469 742 5540; x_wconf 81' lang='grc' dir='ltr'>ἢ</span> <span class='ocrx_word' id='word_1_849' title='bbox 805 5468 948 5536; x_wconf 66' lang='grc' dir='ltr'><strong>Ἐγὼ</strong></span> <span class='ocrx_word' id='word_1_850' title='bbox 991 5471 1048 5521; x_wconf 84' lang='grc' dir='ltr'>ἐν</span> <span class='ocrx_word' id='word_1_851' title='bbox 1096 5469 1174 5537; x_wconf 77' lang='grc' dir='ltr'>τῷ</span> <span class='ocrx_word' id='word_1_852' title='bbox 1219 5467 1413 5536; x_wconf 79' lang='grc' dir='ltr'>Πατρὶ,</span> <span class='ocrx_word' id='word_1_853' title='bbox 1463 5467 1555 5517; x_wconf 75' lang='grc' dir='ltr'>καὶ</span> <span class='ocrx_word' id='word_1_854' title='bbox 1583 5468 1610 5518; x_wconf 80' lang='grc' dir='ltr'><strong>ό</strong></span> <span class='ocrx_word' id='word_1_855' title='bbox 1660 5463 1847 5532; x_wconf 83' lang='grc' dir='ltr'>Πατὴρ</span> <span class='ocrx_word' id='word_1_856' title='bbox 1873 5466 1931 5515; x_wconf 78' lang='grc' dir='ltr'>ὲν</span> 
     </span>
    </p>
   </div>
   <div class='ocr_carea' id='block_1_103' title="bbox 361 5556 1933 5631">
    <p class='ocr_par' dir='ltr' id='par_1_103' title="bbox 361 5556 1933 5631">
     <span class='ocr_line' id='line_1_103' title="bbox 361 5556 1933 5631; baseline -0.006 -16"><span class='ocrx_word' id='word_1_857' title='bbox 361 5561 512 5631; x_wconf 82' lang='grc' dir='ltr'>ἐμοί.</span> <span class='ocrx_word' id='word_1_858' title='bbox 552 5560 716 5613; x_wconf 83' lang='grc' dir='ltr'>Ἀλλά</span> <span class='ocrx_word' id='word_1_859' title='bbox 751 5560 882 5628; x_wconf 75' lang='grc' dir='ltr'>περὶ</span> <span class='ocrx_word' id='word_1_860' title='bbox 937 5558 1034 5628; x_wconf 76' lang='grc' dir='ltr'>μὲν</span> <span class='ocrx_word' id='word_1_861' title='bbox 1061 5559 1285 5611; x_wconf 81' lang='grc' dir='ltr'>πάντων</span> <span class='ocrx_word' id='word_1_862' title='bbox 1334 5558 1569 5627; x_wconf 71' lang='grc' dir='ltr'>εἴρηται,</span> <span class='ocrx_word' id='word_1_863' title='bbox 1615 5557 1712 5618; x_wconf 88' lang='grc' dir='ltr'>Τίς</span> <span class='ocrx_word' id='word_1_864' title='bbox 1748 5556 1933 5623; x_wconf 82' lang='grc' dir='ltr'>ὅμοιός</span> 
     </span>
    </p>
   </div>
   <div class='ocr_carea' id='block_1_104' title="bbox 362 5648 1934 5723">
    <p class='ocr_par' dir='ltr' id='par_1_104' title="bbox 362 5648 1934 5723">
     <span class='ocr_line' id='line_1_104' title="bbox 362 5648 1934 5723; baseline -0.006 -15"><span class='ocrx_word' id='word_1_865' title='bbox 362 5671 450 5708; x_wconf 90' lang='grc' dir='ltr'><strong>σοι</strong></span> <span class='ocrx_word' id='word_1_866' title='bbox 483 5657 539 5706; x_wconf 83' lang='grc' dir='ltr'>ἐν</span> <span class='ocrx_word' id='word_1_867' title='bbox 565 5651 727 5718; x_wconf 78' lang='grc' dir='ltr'>θεοῖς,</span> <span class='ocrx_word' id='word_1_868' title='bbox 757 5651 957 5722; x_wconf 83' lang='grc' dir='ltr'>Κύριε;</span> <span class='ocrx_word' id='word_1_869' title='bbox 989 5651 1022 5722; x_wconf 82' lang='grc' dir='ltr'>ἢ</span> <span class='ocrx_word' id='word_1_870' title='bbox 1050 5652 1129 5714; x_wconf 74' lang='grc' dir='ltr'><strong>τίς</strong></span> <span class='ocrx_word' id='word_1_871' title='bbox 1173 5651 1565 5723; x_wconf 79' lang='grc' dir='ltr'>δμοιωθήσεταί</span> <span class='ocrx_word' id='word_1_872' title='bbox 1613 5666 1696 5702; x_wconf 92' lang='grc' dir='ltr'><strong>σοι</strong></span> <span class='ocrx_word' id='word_1_873' title='bbox 1722 5650 1780 5700; x_wconf 83' lang='grc' dir='ltr'>ὲν</span> <span class='ocrx_word' id='word_1_874' title='bbox 1799 5648 1934 5710; x_wconf 80' lang='grc' dir='ltr'>υἱοῖς</span> 
     </span>
    </p>
   </div>
   <div class='ocr_carea' id='block_1_105' title="bbox 2039 4628 3602 4698">
    <p class='ocr_par' dir='ltr' id='par_1_105' title="bbox 2039 4628 3602 4698">
     <span class='ocr_line' id='line_1_105' title="bbox 2039 4628 3602 4698; baseline 0.002 -16"><span class='ocrx_word' id='word_1_875' title='bbox 2039 4629 2199 4682; x_wconf 90' lang='lat' dir='ltr'><strong>nobis</strong></span> <span class='ocrx_word' id='word_1_876' title='bbox 2233 4628 2544 4698; x_wconf 80' lang='lat' dir='ltr'><strong>imaginem,</strong></span> <span class='ocrx_word' id='word_1_877' title='bbox 2577 4636 2632 4680; x_wconf 89' lang='lat' dir='ltr'><strong>et</strong></span> <span class='ocrx_word' id='word_1_878' title='bbox 2685 4642 2868 4680; x_wconf 81' lang='lat' dir='ltr'><strong>veram</strong></span> <span class='ocrx_word' id='word_1_879' title='bbox 2918 4628 3147 4697; x_wconf 77' lang='lat' dir='ltr'><strong>gloriam</strong></span> <span class='ocrx_word' id='word_1_880' title='bbox 3200 4629 3458 4698; x_wconf 52' lang='grc' dir='ltr'>Ποίημα</span> <span class='ocrx_word' id='word_1_881' title='bbox 3512 4631 3602 4688; x_wconf 88' lang='lat' dir='ltr'><strong>Dei</strong></span> 
     </span>
    </p>
   </div>
   <div class='ocr_carea' id='block_1_106' title="bbox 2049 4717 3606 4787">
    <p class='ocr_par' dir='ltr' id='par_1_106' title="bbox 2049 4717 3606 4787">
     <span class='ocr_line' id='line_1_106' title="bbox 2049 4717 3606 4787; baseline 0.001 -15"><span class='ocrx_word' id='word_1_882' title='bbox 2049 4719 2288 4772; x_wconf 80' lang='lat' dir='ltr'><strong>Verbum</strong></span> <span class='ocrx_word' id='word_1_883' title='bbox 2314 4730 2418 4777; x_wconf 86' lang='lat' dir='ltr'><strong>est,</strong></span> <span class='ocrx_word' id='word_1_884' title='bbox 2450 4717 2595 4785; x_wconf 92' lang='lat' dir='ltr'><strong>quod</strong></span> <span class='ocrx_word' id='word_1_885' title='bbox 2652 4727 2870 4786; x_wconf 86' lang='lat' dir='ltr'><strong>propter</strong></span> <span class='ocrx_word' id='word_1_886' title='bbox 2928 4733 3030 4772; x_wconf 89' lang='lat' dir='ltr'><strong>nos</strong></span> <span class='ocrx_word' id='word_1_887' title='bbox 3079 4719 3277 4772; x_wconf 83' lang='lat' dir='ltr'><strong>iactum</strong></span> <span class='ocrx_word' id='word_1_888' title='bbox 3325 4728 3408 4773; x_wconf 87' lang='lat' dir='ltr'><strong>est</strong></span> <span class='ocrx_word' id='word_1_889' title='bbox 3456 4737 3606 4787; x_wconf 86' lang='lat' dir='ltr'><strong>caro,</strong></span> 
     </span>
    </p>
   </div>
   <div class='ocr_carea' id='block_1_107' title="bbox 2041 4809 3607 4878">
    <p class='ocr_par' dir='ltr' id='par_1_107' title="bbox 2041 4809 3607 4878">
     <span class='ocr_line' id='line_1_107' title="bbox 2041 4809 3607 4878; baseline 0.003 -14"><span class='ocrx_word' id='word_1_890' title='bbox 2041 4811 2200 4878; x_wconf 83' lang='lat' dir='ltr'><strong>hujus</strong></span> <span class='ocrx_word' id='word_1_891' title='bbox 2229 4810 2466 4863; x_wconf 84' lang='lat' dir='ltr'><strong>nominis</strong></span> <span class='ocrx_word' id='word_1_892' title='bbox 2495 4810 2720 4878; x_wconf 69' lang='lat' dir='ltr'><strong>gratiam</strong></span> <span class='ocrx_word' id='word_1_893' title='bbox 2784 4810 3114 4878; x_wconf 73' lang='lat' dir='ltr'><strong>accepimus.</strong></span> <span class='ocrx_word' id='word_1_894' title='bbox 3162 4809 3394 4864; x_wconf 68' lang='lat' dir='ltr'><strong>NereSse</strong></span> <span class='ocrx_word' id='word_1_895' title='bbox 3423 4825 3607 4868; x_wconf 88' lang='lat' dir='ltr'><strong>autem</strong></span> 
     </span>
    </p>
   </div>
   <div class='ocr_carea' id='block_1_108' title="bbox 2040 4901 3607 4971">
    <p class='ocr_par' dir='ltr' id='par_1_108' title="bbox 2040 4901 3607 4971">
     <span class='ocr_line' id='line_1_108' title="bbox 2040 4901 3607 4971; baseline 0.002 -15"><span class='ocrx_word' id='word_1_896' title='bbox 2040 4913 2143 4966; x_wconf 86' lang='lat' dir='ltr'><strong>est,</strong></span> <span class='ocrx_word' id='word_1_897' title='bbox 2172 4911 2230 4956; x_wconf 89' lang='lat' dir='ltr'><strong>ut</strong></span> <span class='ocrx_word' id='word_1_898' title='bbox 2253 4902 2553 4956; x_wconf 84' lang='lat' dir='ltr'><strong>similitudo</strong></span> <span class='ocrx_word' id='word_1_899' title='bbox 2577 4911 2633 4956; x_wconf 87' lang='lat' dir='ltr'><strong>et</strong></span> <span class='ocrx_word' id='word_1_900' title='bbox 2656 4902 2832 4957; x_wconf 80' lang='lat' dir='ltr'><strong>unitas</strong></span> <span class='ocrx_word' id='word_1_901' title='bbox 2858 4903 2924 4956; x_wconf 86' lang='lat' dir='ltr'><strong>ad</strong></span> <span class='ocrx_word' id='word_1_902' title='bbox 2953 4904 3124 4971; x_wconf 87' lang='lat' dir='ltr'><strong>ipsam</strong></span> <span class='ocrx_word' id='word_1_903' title='bbox 3158 4901 3278 4956; x_wconf 77' lang='lat' dir='ltr'><strong>Filii</strong></span> <span class='ocrx_word' id='word_1_904' title='bbox 3311 4915 3494 4958; x_wconf 77' lang='lat' dir='ltr'><strong>essent</strong></span> <span class='ocrx_word' id='word_1_905' title='bbox 3516 4921 3607 4961; x_wconf 88' lang='lat' dir='ltr'><strong>am</strong></span> 
     </span>
    </p>
   </div>
   <div class='ocr_carea' id='block_1_109' title="bbox 2042 4993 3610 5064">
    <p class='ocr_par' dir='ltr' id='par_1_109' title="bbox 2042 4993 3610 5064">
     <span class='ocr_line' id='line_1_109' title="bbox 2042 4993 3610 5064; baseline 0.003 -17"><span class='ocrx_word' id='word_1_906' title='bbox 2042 4995 2228 5048; x_wconf 80' lang='lat' dir='ltr'><strong>ducat.</strong></span> <span class='ocrx_word' id='word_1_907' title='bbox 2259 4993 2414 5060; x_wconf 86' lang='lat' dir='ltr'><strong>Quod</strong></span> <span class='ocrx_word' id='word_1_908' title='bbox 2461 4995 2567 5049; x_wconf 88' lang='lat' dir='ltr'><strong>nisi</strong></span> <span class='ocrx_word' id='word_1_909' title='bbox 2622 4995 2736 5055; x_wconf 80' lang='lat' dir='ltr'><strong>ﬁat,</strong></span> <span class='ocrx_word' id='word_1_910' title='bbox 2808 4993 2944 5047; x_wconf 87' lang='lat' dir='ltr'><strong>nihil</strong></span> <span class='ocrx_word' id='word_1_911' title='bbox 3001 4995 3251 5061; x_wconf 87' lang='lat' dir='ltr'><strong>amplius,</strong></span> <span class='ocrx_word' id='word_1_912' title='bbox 3297 5011 3458 5064; x_wconf 87' lang='lat' dir='ltr'><strong>quam</strong></span> <span class='ocrx_word' id='word_1_913' title='bbox 3518 5013 3610 5051; x_wconf 66' lang='grc' dir='ltr'>ηε</span> 
     </span>
    </p>
   </div>
   <div class='ocr_carea' id='block_1_110' title="bbox 2037 5084 3604 5156">
    <p class='ocr_par' dir='ltr' id='par_1_110' title="bbox 2037 5084 3604 5156">
     <span class='ocr_line' id='line_1_110' title="bbox 2037 5084 3604 5156; baseline 0.002 -20"><span class='ocrx_word' id='word_1_914' title='bbox 2037 5096 2356 5153; x_wconf 68' lang='lat' dir='ltr'><strong>procreatae,</strong></span> <span class='ocrx_word' id='word_1_915' title='bbox 2387 5093 2447 5138; x_wconf 88' lang='lat' dir='ltr'><strong>ut</strong></span> <span class='ocrx_word' id='word_1_916' title='bbox 2469 5085 2674 5138; x_wconf 88' lang='lat' dir='ltr'><strong>dictum</strong></span> <span class='ocrx_word' id='word_1_917' title='bbox 2717 5092 2818 5147; x_wconf 87' lang='lat' dir='ltr'><strong>est,</strong></span> <span class='ocrx_word' id='word_1_918' title='bbox 2861 5085 3060 5138; x_wconf 86' lang='lat' dir='ltr'><strong>habere</strong></span> <span class='ocrx_word' id='word_1_919' title='bbox 3089 5084 3382 5150; x_wconf 84' lang='lat' dir='ltr'><strong>videbitur,</strong></span> <span class='ocrx_word' id='word_1_920' title='bbox 3431 5101 3604 5156; x_wconf 77' lang='lat' dir='ltr'><strong>neque</strong></span> 
     </span>
    </p>
   </div>
   <div class='ocr_carea' id='block_1_111' title="bbox 2038 5175 3598 5238">
    <p class='ocr_par' dir='ltr' id='par_1_111' title="bbox 2038 5175 3598 5238">
     <span class='ocr_line' id='line_1_111' title="bbox 2038 5175 3598 5238; baseline 0.001 -8"><span class='ocrx_word' id='word_1_921' title='bbox 2038 5175 2181 5230; x_wconf 87' lang='lat' dir='ltr'><strong>Patri</strong></span> <span class='ocrx_word' id='word_1_922' title='bbox 2206 5178 2313 5228; x_wconf 89' lang='lat' dir='ltr'><strong>erit</strong></span> <span class='ocrx_word' id='word_1_923' title='bbox 2330 5175 2543 5238; x_wconf 89' lang='lat' dir='ltr'><strong>similis,</strong></span> <span class='ocrx_word' id='word_1_924' title='bbox 2568 5175 2662 5229; x_wconf 90' lang='lat' dir='ltr'><strong>sed</strong></span> <span class='ocrx_word' id='word_1_925' title='bbox 2689 5175 2878 5228; x_wconf 89' lang='lat' dir='ltr'><strong>similis</strong></span> <span class='ocrx_word' id='word_1_926' title='bbox 2897 5178 3000 5229; x_wconf 88' lang='lat' dir='ltr'><strong>erit</strong></span> <span class='ocrx_word' id='word_1_927' title='bbox 3034 5176 3378 5231; x_wconf 82' lang='lat' dir='ltr'><strong>decretorum</strong></span> <span class='ocrx_word' id='word_1_928' title='bbox 3410 5177 3598 5236; x_wconf 81' lang='lat' dir='ltr'><strong>Patris.</strong></span> 
     </span>
    </p>
   </div>
   <div class='ocr_carea' id='block_1_112' title="bbox 2036 5268 3601 5339">
    <p class='ocr_par' dir='ltr' id='par_1_112' title="bbox 2036 5268 3601 5339">
     <span class='ocr_line' id='line_1_112' title="bbox 2036 5268 3601 5339; baseline -0.001 -15"><span class='ocrx_word' id='word_1_929' title='bbox 2036 5284 2067 5324; x_wconf 84' lang='lat' dir='ltr'><strong>a</strong></span> <span class='ocrx_word' id='word_1_930' title='bbox 2100 5269 2254 5323; x_wconf 90' lang='lat' dir='ltr'><strong>Patre</strong></span> <span class='ocrx_word' id='word_1_931' title='bbox 2283 5282 2463 5322; x_wconf 90' lang='lat' dir='ltr'><strong>autem</strong></span> <span class='ocrx_word' id='word_1_932' title='bbox 2499 5268 2700 5334; x_wconf 81' lang='lat' dir='ltr'><strong>diﬂ‘ert,</strong></span> <span class='ocrx_word' id='word_1_933' title='bbox 2729 5271 2853 5339; x_wconf 88' lang='lat' dir='ltr'><strong>quia</strong></span> <span class='ocrx_word' id='word_1_934' title='bbox 2886 5269 3044 5326; x_wconf 84' lang='lat' dir='ltr'><strong>Pater</strong></span> <span class='ocrx_word' id='word_1_935' title='bbox 3067 5272 3283 5339; x_wconf 90' lang='lat' dir='ltr'><strong>quidem</strong></span> <span class='ocrx_word' id='word_1_936' title='bbox 3315 5281 3398 5325; x_wconf 90' lang='lat' dir='ltr'><strong>est</strong></span> <span class='ocrx_word' id='word_1_937' title='bbox 3420 5271 3601 5334; x_wconf 87' lang='lat' dir='ltr'><strong>Pater,</strong></span> 
     </span>
    </p>
   </div>
   <div class='ocr_carea' id='block_1_113' title="bbox 2032 5361 3600 5426">
    <p class='ocr_par' dir='ltr' id='par_1_113' title="bbox 2032 5361 3600 5426">
     <span class='ocr_line' id='line_1_113' title="bbox 2032 5361 3600 5426; baseline 0.001 -10"><span class='ocrx_word' id='word_1_938' title='bbox 2032 5361 2252 5416; x_wconf 81' lang='lat' dir='ltr'><strong>decreta</strong></span> <span class='ocrx_word' id='word_1_939' title='bbox 2279 5370 2460 5414; x_wconf 85' lang='lat' dir='ltr'><strong>autem</strong></span> <span class='ocrx_word' id='word_1_940' title='bbox 2493 5372 2548 5414; x_wconf 78' lang='lat' dir='ltr'><strong>et</strong></span> <span class='ocrx_word' id='word_1_941' title='bbox 2598 5362 2845 5415; x_wconf 88' lang='lat' dir='ltr'><strong>doctrina</strong></span> <span class='ocrx_word' id='word_1_942' title='bbox 2897 5371 3024 5416; x_wconf 90' lang='lat' dir='ltr'><strong>sunt</strong></span> <span class='ocrx_word' id='word_1_943' title='bbox 3075 5361 3272 5417; x_wconf 80' lang='lat' dir='ltr'><strong>Patris.</strong></span> <span class='ocrx_word' id='word_1_944' title='bbox 3325 5364 3502 5426; x_wconf 80' lang='lat' dir='ltr'><strong>Quare</strong></span> <span class='ocrx_word' id='word_1_945' title='bbox 3555 5366 3600 5417; x_wconf 85' lang='lat' dir='ltr'><strong>si</strong></span> 
     </span>
    </p>
   </div>
   <div class='ocr_carea' id='block_1_114' title="bbox 2033 5451 3602 5522">
    <p class='ocr_par' dir='ltr' id='par_1_114' title="bbox 2033 5451 3602 5522">
     <span class='ocr_line' id='line_1_114' title="bbox 2033 5451 3602 5522; baseline 0.002 -17"><span class='ocrx_word' id='word_1_946' title='bbox 2033 5462 2296 5521; x_wconf 86' lang='lat' dir='ltr'><strong>quantum</strong></span> <span class='ocrx_word' id='word_1_947' title='bbox 2324 5452 2390 5506; x_wconf 86' lang='lat' dir='ltr'><strong>ad</strong></span> <span class='ocrx_word' id='word_1_948' title='bbox 2418 5451 2671 5506; x_wconf 89' lang='lat' dir='ltr'><strong>instituta</strong></span> <span class='ocrx_word' id='word_1_949' title='bbox 2696 5453 3109 5521; x_wconf 79' lang='lat' dir='ltr'><strong>doctrinamque</strong></span> <span class='ocrx_word' id='word_1_950' title='bbox 3143 5455 3381 5522; x_wconf 89' lang='lat' dir='ltr'><strong>pertinet.</strong></span> <span class='ocrx_word' id='word_1_951' title='bbox 3408 5454 3602 5508; x_wconf 87' lang='lat' dir='ltr'><strong>similis</strong></span> 
     </span>
    </p>
   </div>
   <div class='ocr_carea' id='block_1_115' title="bbox 2033 5541 3602 5612">
    <p class='ocr_par' dir='ltr' id='par_1_115' title="bbox 2033 5541 3602 5612">
     <span class='ocr_line' id='line_1_115' title="bbox 2033 5541 3602 5612; baseline 0.002 -15"><span class='ocrx_word' id='word_1_952' title='bbox 2033 5553 2118 5597; x_wconf 85' lang='lat' dir='ltr'><strong>est</strong></span> <span class='ocrx_word' id='word_1_953' title='bbox 2147 5541 2290 5596; x_wconf 84' lang='lat' dir='ltr'><strong>Patri</strong></span> <span class='ocrx_word' id='word_1_954' title='bbox 2329 5542 2518 5606; x_wconf 82' lang='lat' dir='ltr'><strong>Filius,</strong></span> <span class='ocrx_word' id='word_1_955' title='bbox 2547 5543 2814 5612; x_wconf 89' lang='lat' dir='ltr'><strong>sequitur,</strong></span> <span class='ocrx_word' id='word_1_956' title='bbox 2844 5552 2904 5596; x_wconf 91' lang='lat' dir='ltr'><strong>ut</strong></span> <span class='ocrx_word' id='word_1_957' title='bbox 2927 5543 3148 5596; x_wconf 87' lang='lat' dir='ltr'><strong>nomine</strong></span> <span class='ocrx_word' id='word_1_958' title='bbox 3194 5550 3400 5596; x_wconf 88' lang='lat' dir='ltr'><strong>tantum</strong></span> <span class='ocrx_word' id='word_1_959' title='bbox 3441 5543 3602 5601; x_wconf 81' lang='lat' dir='ltr'><strong>Pater</strong></span> 
     </span>
    </p>
   </div>
   <div class='ocr_carea' id='block_1_116' title="bbox 2034 5633 3607 5723">
    <p class='ocr_par' dir='ltr' id='par_1_116' title="bbox 2034 5633 3607 5723">
     <span class='ocr_line' id='line_1_116' title="bbox 2034 5633 3607 5723; baseline 0.001 -35"><span class='ocrx_word' id='word_1_960' title='bbox 2034 5633 2127 5700; x_wconf 88' lang='lat' dir='ltr'><strong>sit,</strong></span> <span class='ocrx_word' id='word_1_961' title='bbox 2161 5633 2328 5690; x_wconf 85' lang='lat' dir='ltr'><strong>Filius</strong></span> <span class='ocrx_word' id='word_1_962' title='bbox 2363 5641 2545 5689; x_wconf 87' lang='lat' dir='ltr'><strong>autem</strong></span> <span class='ocrx_word' id='word_1_963' title='bbox 2575 5649 2686 5688; x_wconf 92' lang='lat' dir='ltr'><strong>non</strong></span> <span class='ocrx_word' id='word_1_964' title='bbox 2724 5633 2883 5688; x_wconf 90' lang='lat' dir='ltr'><strong>modo</strong></span> <span class='ocrx_word' id='word_1_965' title='bbox 2940 5647 3089 5696; x_wconf 87' lang='lat' dir='ltr'><strong>vera,</strong></span> <span class='ocrx_word' id='word_1_966' title='bbox 3115 5641 3177 5723; x_wconf 76' lang='lat' dir='ltr'><strong>ct</strong></span> <span class='ocrx_word' id='word_1_967' title='bbox 3217 5643 3367 5695; x_wconf 85' lang='lat' dir='ltr'><strong>certa</strong></span> <span class='ocrx_word' id='word_1_968' title='bbox 3423 5633 3607 5699; x_wconf 76' lang='lat' dir='ltr'><strong>Patris</strong></span> 
     </span>
    </p>
   </div>
   <div class='ocr_carea' id='block_1_117' title="bbox 441 5789 2080 5862">
    <p class='ocr_par' dir='ltr' id='par_1_117' title="bbox 441 5789 2080 5862">
     <span class='ocr_line' id='line_1_117' title="bbox 441 5789 2080 5862; baseline -0.003 -14"><span class='ocrx_word' id='word_1_969' title='bbox 441 5795 453 5824; x_wconf 87' lang='grc'>¹</span> <span class='ocrx_word' id='word_1_970' title='bbox 487 5793 504 5848; x_wconf 91' lang='grc' dir='ltr'><strong>ι</strong></span> <span class='ocrx_word' id='word_1_971' title='bbox 543 5809 591 5844; x_wconf 78' lang='lat' dir='ltr'><strong>:i.</strong></span> <span class='ocrx_word' id='word_1_972' title='bbox 629 5806 736 5860; x_wconf 77' lang='lat' dir='ltr'><strong>xw,</strong></span> <span class='ocrx_word' id='word_1_973' title='bbox 771 5791 854 5844; x_wconf 74' lang='lat' dir='ltr'><strong>l2.</strong></span> <span class='ocrx_word' id='word_1_974' title='bbox 933 5792 952 5822; x_wconf 84' lang='grc'>⁸</span> <span class='ocrx_word' id='word_1_975' title='bbox 981 5791 1173 5862; x_wconf 80' lang='lat' dir='ltr'><strong>Ephes.</strong></span> <span class='ocrx_word' id='word_1_976' title='bbox 1212 5807 1259 5857; x_wconf 74' lang='grc' dir='ltr'><strong>ν,</strong></span> <span class='ocrx_word' id='word_1_977' title='bbox 1304 5794 1350 5856; x_wconf 86' lang='lat' dir='ltr'><strong>t,</strong></span> <span class='ocrx_word' id='word_1_978' title='bbox 1379 5789 1433 5843; x_wconf 66' lang='grc' dir='ltr'><strong>Ξ.</strong></span> <span class='ocrx_word' id='word_1_979' title='bbox 1513 5790 1533 5820; x_wconf 86' lang='grc'><strong><em>³</em></strong></span> <span class='ocrx_word' id='word_1_980' title='bbox 1567 5790 1705 5844; x_wconf 78' lang='lat' dir='ltr'><strong>Psal.</strong></span> <span class='ocrx_word' id='word_1_981' title='bbox 1740 5805 2004 5856; x_wconf 71' lang='lat' dir='ltr'><strong>Lxxxvm,</strong></span> <span class='ocrx_word' id='word_1_982' title='bbox 2033 5789 2080 5843; x_wconf 86' lang='lat'><strong>7.</strong></span> 
     </span>
    </p>
   </div>
  </div>
