4102 6298
543 350 645 417 415
1794 350 2163 415 EUTIIYMII

2118 352 2178 411 Il
2217 351 2578 413 ZlGABENI
3650 356 3728 417 416

544 462 721 531 imago
775 477 883 515 non
932 461 1026 526 sit,
1066 462 1256 516 sedne
1308 460 1693 531 proprietatem
1746 459 1964 528 quidem
2020 464 2164 521 aut}

2111 497 2115 510 .
2143 464 2189 521 Α
2215 456 2353 511 Θεοῦ
2377 474 2393 524 ;
2417 458 2548 529 περὶ
2581 454 2641 510 δὲ
2671 453 2861 522 αὐτοῦ,
2908 455 2992 509 ὅτι
3018 454 3177 524 μόνος
3218 453 3379 509 εἰκὼν
3405 454 3628 529 ἀληθινὴ,
3656 466 3731 517 καὶ

544 553 952 607 similitudinem
981 552 1156 607 Patris
1191 552 1355 605 ullam
1412 552 1614 604 habere
1663 549 1931 603 videatur.
1984 548 2117 614 Qum

2111 571 2117 601 ι
2219 553 2379 616 φύσει
2397 549 2492 602 τοῦ
2530 550 2745 617 Πατρός
2773 548 2944 602 ἐστιν.
2976 547 3038 600 ΕΙ
3072 547 3182 617 γάρ
3210 548 3303 600 καὶ
3330 550 3446 600 κατ’
3473 550 3636 606 εἰκόνα
3656 570 3731 621 γε·

544 645 687 697 enim
733 644 828 704 illi,
878 644 921 698 si
966 643 1364 697 commutabilis
1414 654 1515 705 est,
1554 659 1677 697 cum
1706 641 1864 697 Patre
1919 644 2115 697 simili-

2107 671 2115 684 -
2216 640 2474 709 γόναμεν,
2503 642 2598 692 καὶ
2621 638 2808 704 εἰκὼν,
2837 639 2935 691 καὶ
2973 638 3101 704 δόξα
3131 638 3265 692 Θεοῦ
3308 641 3727 712 ἐχρηματίσαμεν,

546 734 715 786 tudo?
743 733 805 786 Et
834 732 1032 786 Paulus
1057 734 1285 787 docebat
1312 748 1502 786 eorum
1530 735 1748 797 similia,
1772 750 1891 802 qum
1915 734 2117 787 docue-

2113 763 2117 773 ι
2215 732 2333 785 ἀλλ’
2371 731 2431 783 οὐ
2465 731 2533 784 δι’
2562 731 2792 793 ἑαυτοὺς
2842 729 3028 795 πάλιν,
3084 729 3174 782 διὰ
3198 730 3255 782 δὲ
3300 731 3398 800 τὴν
3425 734 3733 804 ἐνοικήσασαν

548 834 630 877 rat
672 824 943 885 Servator,
986 838 1086 877 nec
1127 832 1307 877 tamen
1370 825 1420 879 ei
1465 825 1658 878 similis
1703 837 1820 878 erat
1857 827 2112 879 essentia.

2214 823 2348 891 ἡμῖν
2384 822 2590 883 εἰκόνα,
2637 823 2731 874 καὶ
2768 820 2943 891 ἀληθῆ
2975 820 3133 885 δόξαν
3176 820 3269 872 τοῦ
3295 821 3446 885 Θεοῦ,
3476 823 3588 892 ἣτις
3616 824 3733 878 ἐστὶν

546 917 823 982 Ejusmodi
864 925 989 969 Sunt
1040 917 1267 968 istorum
1309 932 1488 985 nugas.
1551 919 1619 970 At
1647 917 1814 969 Filius
1847 927 1897 971 et
1952 916 2114 971 Pater

2215 913 2243 963 6
2282 912 2451 979 Λόγος
2488 910 2583 963 τοῦ
2628 910 2796 975 Θεοῦ,
2842 910 2961 962 δδι’
3017 911 3164 978 ἡμᾶς
3217 908 3440 977 ὕστερον
3488 912 3735 979 γενόμενος

543 1022 570 1060 s
592 1022 621 1059 c
652 1021 817 1058 unum
845 1014 991 1070 sunt,
1024 1015 1081 1059 ut
1111 1004 1306 1059 Filium
1337 1022 1458 1059 cum
1483 1005 1658 1069 Patre,
1686 1016 1741 1059 et
1761 1007 2111 1075 splendorem

2219 1000 2377 1069 σὰρξ,
2407 999 2612 1069 ταύτην
2641 1002 2742 1070 τῆς
2764 1000 3009 1071 κλήσεως
3033 998 3229 1068 ἔχομεν
3251 998 3346 1068 τὴν
3378 1001 3549 1071 χάριν.
3578 1002 3737 1070 Ἀνάγ-

543 1112 664 1150 cum
693 1095 807 1150 sole
840 1113 1006 1148 unum
1052 1110 1175 1150 esse
1222 1097 1622 1165 cognoscimus.
1668 1096 1740 1149 Ex
1773 1114 1880 1165 quo
1932 1097 2009 1153 lit.
2057 1107 2116 1151 ut

2114 1138 2116 1147 ι
2216 1110 2285 1161 κη
2319 1093 2375 1145 δὲ
2428 1092 2526 1163 τὴν
2548 1092 2817 1161 ὁμοίωσιν
2856 1092 2951 1146 καὶ
2983 1093 3079 1163 τὴν
3109 1093 3334 1161 ἑνότητα
3365 1094 3450 1145 ἐπ’
3481 1095 3631 1165 αὐτὴν
3657 1096 3734 1167 τὴν

542 1196 733 1255 agente
779 1185 919 1239 Filio
948 1185 1108 1239 Pater
1141 1196 1284 1256 agat,
1319 1198 1371 1240 et
1403 1188 1653 1241 veniente
1706 1189 1841 1242 Filio
1881 1192 1945 1241 ad
1993 1204 2116 1241 san-

2109 1218 2116 1227 .
2216 1183 2404 1235 οὐσίαν
2426 1182 2519 1235 τοῦ
2553 1181 2685 1235 Υίοῦ
2723 1182 2935 1252 φέρειν.
2984 1185 3042 1235 Et
3070 1183 3177 1253 γὰρ
3215 1185 3289 1253 μὴ
3317 1183 3455 1237 οῦτω
3492 1201 3569 1248 τις
3591 1186 3729 1253 λέγει,

542 1290 681 1343 ctos,
726 1278 885 1332 Pater
920 1280 973 1331 in
1005 1280 1145 1332 Filio
1184 1283 1386 1333 veniat.
1436 1281 1669 1348 linagine
1697 1282 1841 1333 enim
1873 1282 2116 1335 cernitur

2114 1300 2116 1309 ι
2216 1273 2338 1325 οὔτε
2365 1274 2522 1326 πλέον
2541 1291 2593 1326 τι
2633 1274 2741 1326 τῶν
2789 1273 3030 1340 γενητῶν
3074 1274 3212 1343 ἔχων
3241 1275 3551 1343 φανήσεται,
3580 1273 3734 1343 ὥσπερ

541 1367 723 1432 Pater,
746 1380 801 1421 et
833 1368 884 1419 in
910 1368 1198 1436 splendoie
1222 1369 1313 1423 lux
1338 1379 1444 1423 est.
1476 1370 1840 1443 QuaprOptcr,
1863 1377 1921 1421 ut
1952 1370 2113 1439 paulo

2217 1365 2452 1433 εἴρηται,
2483 1364 2605 1417 οὔτε
2629 1364 2720 1417 τοῦ
2753 1365 2963 1435 Πατρὸς
2985 1367 3170 1434 ὅμοιος
3188 1364 3365 1428 ἔσται,
3389 1365 3519 1418 ἀλλὰ
3543 1366 3639 1418 τῶν
3657 1367 3733 1417 τοῦ

518 1466 668 1514 .ante
693 1458 949 1519 diximus,
983 1458 1140 1511 Patre
1193 1462 1416 1528 gratiam
1464 1469 1515 1511 et
1574 1475 1762 1528 pacem
1827 1461 2111 1529 largiente,

2216 1454 2329 1506 Πατ
2341 1457 2429 1523 ρος
2462 1455 2645 1523 ὅμοιος
2675 1454 2830 1507 ἔσται
2858 1455 3165 1523 δογμάτων,
3202 1456 3298 1508 καὶ
3320 1454 3413 1509 τοῦ
3442 1456 3632 1524 Πατρδς
3649 1456 3741 1508 δια-

539 1567 661 1602 eam
693 1550 917 1618 largitur
952 1549 1142 1614 Filius,
1170 1560 1226 1602 ut
1272 1552 1471 1604 Paulus
1499 1553 1551 1603 in
1586 1552 1837 1605 omnibus
1860 1551 2112 1620 Epistolis

2217 1547 2394 1615 φέρει.
2431 1545 2550 1599 Ὀτι
2589 1545 2688 1614 μὲν
2724 1546 2911 1616 Πατὴρ
2942 1548 3130 1616 Πατήρ
3162 1548 3304 1611 ἐστι,
3331 1548 3399 1600 τὰ
3434 1547 3488 1600 δὲ
3514 1548 3738 1617 δόγματα,

540 1642 656 1693 suis
701 1640 971 1709 signiﬁcat
1018 1658 1031 1693 :
1070 1641 1255 1696 Gratia
1318 1643 1481 1706 vobis,
1526 1642 1799 1709 inquiens,
1844 1652 1892 1695 et
1945 1658 2109 1710 paxa

2216 1638 2311 1688 καὶ
2336 1638 2368 1706 ἡ
2392 1636 2708 1690 διδασκαλία
2740 1637 2836 1690 τοῦ
2872 1638 3083 1707 Πατρός
3132 1640 3300 1691 ἐστιν.
3328 1640 3388 1691 El
3420 1638 3589 1692 τοίνυν
3629 1640 3741 1693 κατὰ

540 1732 649 1783 Deo
690 1731 853 1785 Patre
902 1746 1075 1786 nos/ro
1122 1744 1168 1786 et
1209 1734 1429 1785 Domino
1478 1734 1606 1786 Jcsu
1654 1732 1859 1787 Christo
1890 1733 1931 1786 ¹.
1992 1733 2109 1787 Una

2216 1726 2285 1777 τὰ
2311 1725 2559 1794 δόγματα
2611 1728 2707 1779 καὶ
2734 1727 2834 1796 τὴν
2863 1727 3211 1782 διδασκαλίαν
3232 1728 3418 1797 ὅμοιός
3442 1731 3577 1781 ἐστιν
3600 1730 3623 1781 6
3644 1729 3740 1791 Υἱὸς

539 1822 688 1874 enim
723 1832 778 1875 et
805 1822 992 1875 eadem
1033 1832 1115 1876 est
1147 1824 1315 1891 gratia
1349 1839 1378 1876 a
1413 1822 1569 1875 Patre.
1614 1824 1666 1875 in
1706 1823 1865 1885 Filio,
1896 1834 1954 1877 ut
2003 1839 2108 1877 una
2144 1802 2159 1858 1

2144 1802 2183 1858 Β
2213 1819 2306 1871 τοῦ
2346 1819 2575 1888 Πατρδς,
2602 1820 2629 1871 ὁ
2660 1820 2762 1888 μὲν
2796 1820 2989 1889 Πατὴρ
3023 1820 3143 1872 κατ’
3171 1821 3371 1884 αὐτοὺς
3421 1821 3626 1891 ὀνόματι
3653 1823 3741 1875 Πα-

542 1913 633 1965 lux
662 1921 744 1965 est
778 1914 911 1966 solis
940 1923 992 1966 et
1027 1914 1349 1980 splendoris.
1384 1914 1621 1968 Rursum
1653 1915 1717 1968 ad
1752 1914 2107 1969 Thessaloni-

2213 1911 2317 1978 τήρ
2343 1910 2515 1973 ἐστιν,
2550 1910 2577 1961 ὁ
2604 1910 2661 1963 δὲ
2690 1910 2818 1972 Υἱὸς
2843 1914 2945 1963 οὐκ
2971 1910 3392 1978 ἀπαράλλακτος
3423 1912 3597 1975 εἰκὼν,
3627 1913 3739 1980 μᾶλα

542 2017 737 2056 censes
771 2003 1038 2061 scribens.
1084 2016 1337 2071 precatur
1383 2021 1398 2057 :
1452 2006 1589 2073 Ipse,
1639 2004 1917 2070 inquiens,
1972 2006 2108 2057 Deus

2214 2000 2304 2051 λον
2334 1999 2391 2051 δὲ
2449 1999 2573 2052 οὐδὲ
2603 1999 2741 2061 ὅλως
2775 1999 3033 2071 ἰδιότητα,
3065 2000 3378 2071 ἢόμοίωσίν
3406 2020 3518 2055 τινα
3556 2001 3640 2053 τοῦ
3661 2002 3747 2054 [11-

540 2104 735 2153 nOster,
782 2104 829 2147 et
887 2094 1137 2147 Dominus
1197 2106 1367 2149 noster
1415 2096 1564 2148 Iesus
1614 2095 1853 2149 Christus
1918 2097 2110 2163 dirigat

2214 2089 2341 2158 τρὸς
2372 2088 2510 2159 ἔχων
2538 2090 2863 2159 φανήσεται.
2898 2091 3032 2143 Ποία
3053 2092 3161 2160 γάρ
3184 2093 3443 2161 ὁμοίωσις
3472 2092 3559 2144 καὶ
3582 2092 3746 2161 ἰδιότης

539 2191 679 2241 viam
706 2198 940 2241 nostram
967 2190 1036 2241 ad
1073 2206 1157 2242 vos
1187 2190 1232 2244 ³.
1269 2189 1326 2242 ln
1357 2203 1463 2256 quo
1502 2186 1719 2256 quidem
1772 2187 1891 2239 loco
1940 2188 2115 2239 anim-

2220 2181 2299 2250 τῷ
2326 2182 2833 2253 παρεξηλλαγμένῳ
2865 2181 2959 2235 τοῦ
3003 2184 3212 2252 Πατρός
3240 2201 3254 2249 ;
3306 2186 3419 2238 Καὶ
3445 2186 3548 2254 γάρ
3575 2185 3599 2236 6
3630 2183 3746 2236 Παῦ-

534 2283 931 2335 advertendum
1015 2291 1121 2346 est,
1190 2282 1365 2350 ipsum
1421 2295 1529 2334 non
1576 2280 1757 2333 dicere
1793 2295 1807 2331 :
1844 2278 2111 2347 Dirigant,

2218 2274 2307 2335 λος
2337 2275 2498 2342 ὅμοια
2529 2273 2606 2344 τῷ
2642 2272 2821 2344 Ila-cpi
2851 2274 3138 2338 διδάσκων,
3192 2275 3293 2328 οὐκ
3349 2272 3415 2345 ἦν
3449 2275 3562 2328 κατ’
3594 2276 3750 2328 οὐσίαν

536 2371 657 2434 sed,
726 2370 958 2440 Dirigat,
1003 2380 1062 2424 ut
1090 2386 1201 2424 non
1226 2380 1478 2439 tanquam
1523 2386 1549 2420 a
1579 2368 1793 2423 duobus
1838 2368 2107 2438 duplicem

2215 2366 2397 2434 ὅμοιος
2428 2366 2597 2435 αύτῷ.
2642 2366 2868 2420 Ἐκεῖνοι
2911 2367 3011 2437 μὲν
3041 2363 3136 2421 οὖν
3166 2369 3394 2421 τοιαῦτα
3423 2367 3745 2437 φλυαροῦσιν·

535 2466 788 2531 gratiam,
837 2463 931 2516 sed
989 2472 1045 2516 ut
1090 2466 1159 2517 ab
1205 2478 1314 2515 uno
1357 2462 1585 2530 gratiam
1647 2476 1808 2514 unam
1852 2460 1971 2514 dari
2009 2460 2109 2512 de-

2214 2457 2241 2507 6
2266 2456 2320 2508 δὲ
2348 2457 2472 2518 Υἱὸς
2503 2458 2596 2509 καὶ
2621 2457 2649 2507 6
2693 2458 2884 2527 Πατὴρ
2908 2457 3081 2521 οὕτως
3119 2458 3260 2510 εἰσὶν
3286 2457 3366 2522 ἓν,
3386 2460 3459 2521 ὼς
3480 2460 3612 2511 ἔστιν
3631 2458 3750 2517 ἰδεῖν,

538 2564 824 2609 monstret.
884 2556 1155 2620 Quoniam
1212 2553 1374 2608 Pater
1422 2553 1563 2605 illam
1610 2568 1708 2622 per
1754 2551 1946 2606 Filium
1993 2552 2106 2610 dat.

2216 2548 2312 2601 καὶ
2362 2550 2501 2600 νοεῖν
2540 2548 2665 2600 Υίδν
2713 2549 2850 2616 πρὸς
2886 2550 3133 2620 Πατέρα,
3184 2551 3279 2603 καὶ
3335 2550 3396 2603 τὸ
3450 2550 3751 2617 ἀπαύγασμα

536 2644 672 2709 Quae
710 2648 868 2715 plane
902 2661 987 2700 res
1013 2645 1189 2699 Patris
1223 2652 1276 2698 et
1310 2644 1430 2698 Filii
1466 2644 1670 2697 indicat
1716 2643 2002 2696 unitatem.

2216 2639 2352 2710 πρὸς
2403 2642 2493 2692 τὸν
2543 2640 2714 2709 ἥλιον.
2772 2641 2870 2694 Διὰ
2902 2642 3011 2711 γὰρ
3040 2642 3099 2695 τὸ
3128 2640 3305 2706 οὕτως
3336 2660 3472 2696 ειναι
3517 2643 3601 2696 τὸν
3629 2641 3749 2719 Υίδν⁸

537 2737 903 2806 ἐργαζομένου
933 2735 1027 2789 τοῦ
1064 2736 1217 2799 Υίοῦ,
1258 2738 1285 2788 ὁ
1319 2735 1502 2805 Πατὴρ
1540 2732 1874 2802 ἐργάζεται,
1909 2734 2004 2786 καὶ
2050 2732 2345 2801 ἐρχομένου
2384 2731 2477 2784 τοῦ
2548 2732 2679 2786 Υίοῦ
2718 2734 2855 2805 πρὸς
2895 2734 3022 2799 τοὺς
3078 2734 3294 2803 άγίους,
3336 2735 3363 2785 ό
3395 2734 3577 2804 Πατήρ
3635 2733 3753 2786 ἐστιν

536 2835 565 2882 ὸ
597 2829 884 2898 ἐρχόμενος
908 2827 1065 2896 ἐντῷ
1088 2828 1224 2893 Υίῷ,
1258 2828 1348 2879 Ἐν
1372 2828 1479 2896 γὰρ
1524 2829 1588 2895 τῇ
1629 2828 1799 2877 εικόνι
1827 2824 2112 2893 θεωρεῖται
2150 2824 2179 2875 6
2249 2823 2460 2894 Πατὴρ,
2493 2825 2586 2878 καὶ
2635 2828 2692 2879 ἐν
2714 2825 2791 2896 τῷ
2834 2826 3234 2895 άπαυγάσματί
3283 2829 3401 2881 ἐστι
3443 2827 3502 2880 τὸ
3534 2825 3754 2895 (primam

535 2922 718 2987 τοῦτο,
744 2922 884 2974 καθὰ
924 2921 1107 2991 μικρῷ
1144 2922 1374 2991 πρόσθεν
1425 2920 1675 2990 εἴπομεν,
1735 2920 1967 2982 διδόντος
2018 2918 2108 2972 τοῦ
2150 2919 2363 2990 Πατρὸς
2428 2920 2589 2989 χάριν
2621 2922 2716 2975 καὶ
2766 2923 3010 2993 εἰρήνην,
3080 2922 3288 2993 ταύτην
3319 2924 3347 2976 6
3398 2922 3523 2986 Υἱὸς
3552 2921 3753 2982 δίδωσιν,

534 3011 612 3073 ὼς
648 3012 674 3062 6
708 3010 916 3071 Παῦλος
956 3008 1381 3079 ἐπισημαίνεται
1436 3008 1524 3060 διὰ
1583 3007 1764 3075 πάσης
1819 3008 2110 3077 ἐπιστολῆς
2166 3009 2417 3079 γράφων,
2472 3010 2655 3079 Χάρις
2714 3013 2858 3083 ὑμῖν
2907 3014 3006 3068 καί
3080 3015 3291 3082 εἰρήνη
3331 3014 3450 3069 ἀπὸ
3482 3014 3621 3068 Θεοῦ
3656 3017 3754 3067 Πα.

537 3105 676 3170 τρὸς
713 3101 901 3170 ἡμῶν»
969 3102 1069 3154 καὶ
1101 3101 1323 3168 κυρίου
1360 3100 1565 3168 Ἰησοῦ
1603 3099 1882 3167 Χριστοῦ·
1910 3100 2023 3153 Μία
2080 3101 2188 3171 γὰρ
2222 3102 2375 3173 καὶὴ
2429 3104 2568 3173 αὑτὴ
2622 3106 2782 3175 χάρις
2829 3106 2949 3159 ἐστὶ
3000 3106 3155 3176 παρὰ
3188 3108 3405 3176 Πατρός
3437 3108 3493 3160 ἐν
3544 3106 3749 3176 Υίῷ.ὠε

536 3197 684 3247 ἐστιν
711 3195 769 3246 ἓν
803 3195 862 3248 τὸ
892 3194 1009 3263 φῶς
1032 3194 1126 3247 τοῦ
1183 3194 1358 3263 ἡλίου,
1409 3192 1626 3247 καὶτοῦ
1681 3192 2137 3261 ὰπαυγάσματος.
2182 3195 2350 3249 Πάλιν
2390 3194 2482 3250 οὖν
2544 3198 2908 3267 ἐπευχόμενος
2950 3199 3413 3254 Θεσσαλονικεῦσι
3458 3201 3548 3253 καὶ
3590 3199 3751 3265 λέγων’

535 3289 730 3353 Αὐτός
757 3289 826 3340 δὲ
854 3293 885 3341 o'
916 3290 1061 3354 Θεὸς
1099 3289 1198 3341 καί
1243 3289 1447 3356 Πατὴρ
1498 3288 1667 3356 ἡμῶν
1726 3287 1827 3340 καὶ
1888 3290 1920 3341 ό
1967 3289 2184 3355 Κύριος
2219 3291 2387 3359 ἡμῶν
2455 3293 2695 3361 Ἰησοῦς
2719 3292 2973 3361 Χριστός
3027 3295 3457 3348 κατευθύναιεγ
3487 3294 3593 3361 τὴν
3641 3292 3756 3345 έδίν

537 3381 709 3451 ἡμῶν
747 3383 897 3450 πρὸς
923 3382 1099 3452 ὑμᾶς,
1140 3385 1239 3452 τὴν
1268 3385 1493 3450 ἑνότητα
1515 3382 1609 3434 τοῦ
1639 3383 1852 3451 Πατρδς
1882 3382 1977 3435 καὶ
2017 3384 2110 3435 τοῦ
2150 3386 2281 3439 Υἱοῦ
2316 3388 2598 3455 ἐφύλαξεν.
2633 3388 2707 3442 Οὐ
2766 3388 2872 3457 γὰρ
2903 3384 3026 3441 εἷπε
3091 3388 3505 3450 κατευθύναιεν,
3529 3387 3597 3448 ὡς
3632 3385 3755 3451 παρὰ

536 3472 629 3527 δύο
651 3473 952 3540 διδομένης,
983 3474 1132 3540 παρὰ
1167 3472 1359 3523 τούτου
1410 3474 1504 3525 καὶ
1529 3470 1722 3525 τούτου
1783 3470 1979 3540 διπλῆς
2038 3473 2282 3544 χάριτος,
2332 3478 2469 3530 άλλὰ
2499 3480 2880 3541 κατευθύναι,
2935 3478 3022 3531 ἵνα
3083 3478 3252 3548 δείξῃ,
3299 3480 3382 3532 ὅτι
3422 3480 3450 3530 ό
3483 3478 3655 3546 Πατὴρ
3686 3474 3754 3527 διὶ

539 3568 629 3619 τοῦ
662 3564 790 3619 Υἱοῦ
821 3564 1003 3617 δίδωτι
1026 3564 1249 3633 ταύτην.
1303 3566 1410 3618 Καὶ
1446 3567 1479 3634 ἡ
1520 3566 1665 3627 δόσις
1699 3563 1838 3635 αὕτη
1868 3564 2106 3619 δείκνυσι
2146 3571 2244 3638 τὴν
2274 3573 2504 3642 ἑνότητα
2532 3573 2627 3626 τοῦ
2663 3572 2876 3641 Πατρός
2907 3574 2998 3625 καὶ
3022 3572 3114 3625 τοῦ
3139 3572 3295 3628 Υῑοῦ.

1073 3655 1156 3709 Ea:
1191 3658 1366 3710 eodem
1401 3658 1552 3711 libro.
2143 3668 2189 3725 ο
2670 3667 2693 3716 ’.

2143 3668 2189 3725 C
2670 3667 2772 3717 Ἕκ
2799 3664 2904 3718 τοῦ
2937 3665 3124 3720 αὐτοῦ
3155 3665 3369 3726 λόγου.

611 3752 813 3805 Beatus
834 3747 1074 3803 Joannes
1104 3747 1327 3802 brevius
1377 3756 1431 3801 et
1457 3749 1754 3817 perfectius
1794 3766 1955 3821 quam
1992 3766 2112 3817 nos,

2307 3756 2363 3807 ‘0
2389 3754 2652 3825 μακάριος
2692 3755 2944 3826 Ἰωάνσης
2976 3759 3038 3808 ἐκ
3069 3754 3165 3824 τῆς
3196 3755 3485 3825 ἐπιστολῆς
3515 3755 3567 3807 ἐν
3586 3752 3756 3819 ὀλίγοις

545 3845 738 3897 horum
760 3842 1045 3895 verborum
1098 3854 1317 3894 sensum
1371 3841 1703 3909 explanabit,
1750 3851 1807 3896 et
1841 3845 2117 3911 cohibebi;

2222 3849 2318 3901 καὶ
2338 3848 2662 3917 τελεώτερον
2707 3850 2908 3918 μᾶλλον
2938 3850 3095 3919 ἡμῶν
3122 3850 3287 3915 δείξει
3318 3851 3429 3905 τῶν
3472 3849 3756 3922 γεγραμμέ-

536 3934 786 3997 Arianos,
826 3947 893 3986 ne
922 3931 1150 4001 amplius
1204 3945 1263 3985 se
1310 3930 1466 3997 tales,
1526 3933 1702 4001 qualis
1764 3944 1849 3989 est
1904 3935 2112 4001 Filius,

2222 3953 2333 3991 νων»
2367 3939 2458 3991 τὸν
2488 3939 2631 4004 νοῦν,
2684 3942 2776 3993 καὶ
2826 3940 3031 3993 παύσει
3085 3942 3271 3995 λοιπὸν
3311 3945 3438 4007 τοὺς
3476 3942 3756 4013 ’Δρειανοὺς

534 4023 844 4091 opinentur.
939 4022 1189 4090 Alioquin
1288 4022 1390 4091 ipsi
1477 4038 1695 4093 quoque
1777 4025 1909 4080 illud
2014 4042 2116 4080 au-

2223 4033 2420 4101 μηκέτι
2465 4032 2708 4101 νομίζειν
2757 4033 2986 4095 ἑαυτοὺς
3028 4034 3246 4087 ἔσεσθαι
3285 4036 3365 4098 ὡς
3393 4037 3484 4089 τὸν
3516 4036 3653 4100 Υίὸν,
3683 4033 3752 4085 ἴνα

535 4114 730 4168 dient:
773 4113 856 4167 Tu
908 4129 968 4168 es
1016 4114 1200 4178 homo,
1246 4122 1303 4167 et
1348 4128 1460 4168 non
1506 4112 1668 4168 Deus.
1702 4113 1769 4168 Et
1794 4118 1931 4181 noli,
1989 4132 2113 4171 cum

2221 4122 2297 4192 μὴ
2343 4124 2438 4175 καὶ
2479 4124 2633 4176 αὐτοὶ
2680 4123 2987 4176 ἀκούσωσι·
3022 4125 3106 4178 Σὺ
3138 4120 3196 4178 εἷ
3220 4124 3535 4194 ἅνθρωπος
3573 4125 3660 4178 καὶ
3698 4124 3755 4176 οὐ

534 4220 739 4273 pauper
795 4203 892 4268 sis,
925 4214 976 4256 te
1003 4219 1127 4255 cum
1160 4203 1329 4257 divite
1380 4203 1458 4256 uti
1521 4205 1787 4273 aequalem
1833 4221 2115 4275 compara-

2219 4210 2382 4275 Θεὸς,
2407 4211 2504 4265 καὶ
2522 4212 2607 4280 μὴ
2628 4213 3150 4282 συμπαρεκτείνου
3172 4212 3367 4281 πένης
3384 4214 3470 4268 ὢν
3494 4211 3752 4274 πλουσίῳ.

534 4312 616 4349 re.
642 4295 733 4349 Sic
765 4295 929 4363 igitur
969 4293 1206 4347 Joannes
1252 4294 1563 4349 scribit:1n
1608 4296 1702 4349 hoc
1733 4299 2107 4367 cognoscimus,

2216 4304 2423 4374 Γράφει
2478 4304 2657 4358 τοίνυν
2689 4305 2718 4357 6
2759 4306 3010 4376 Ἰωάννης
3039 4305 3183 4359 οὕτω
3216 4305 3395 4375 λέγων
3420 4343 3441 4362 .
3469 4306 3572 4361 'Er
3598 4304 3758 4367 τούτῳ

534 4386 747 4453 quodin
777 4385 888 4453 ipso
919 4400 1188 4436 manemus
1233 4394 1281 4438 et
1314 4386 1493 4453 ipsein
1526 4389 1695 4452 nobis,
1755 4391 1999 4459 quoniam
2048 4399 2112 4445 de

2215 4394 2607 4465 γινώσκομεν,
2640 4395 2727 4449 ὅτι
2749 4396 2820 4450 ἐν
2848 4398 3009 4463 αὐτῷ
3057 4396 3345 4467 μένομεν,
3376 4399 3476 4452 καί
3502 4397 3670 4462 αὐτὸς
3700 4394 3755 4447 ἐν

534 4477 744 4544 Spiritu
764 4490 859 4529 suo
878 4475 1022 4528 nobis
1040 4476 1178 4528 dedit
1204 4475 1245 4529 ³.
1296 4481 1474 4541 Quare
1496 4488 1718 4548 propter
1737 4482 1962 4549 gratiam
1986 4480 2110 4551 Spi-

2214 4484 2380 4554 ήμῑν,
2407 4486 2496 4539 ὅτι
2526 4486 2597 4539 ἐκ
2620 4486 2728 4540 τοῦ
2756 4488 3104 4555 Πνεύματος
3125 4488 3314 4542 αὐτοῦ
3339 4488 3595 4542 δέδωκεν
3617 4485 3753 4554 ἡμῖν.

532 4569 672 4622 ritus
704 4567 862 4622 nobis
885 4567 1240 4635 impertitam,
1269 4577 1324 4621 et
1352 4584 1451 4622 nos
1490 4571 1542 4622 in
1576 4571 1695 4639 ipso
1748 4587 2033 4628 manemus
2055 4584 2110 4630 et

2214 4576 2421 4630 Οὐκοῦν
2466 4577 2554 4631 διὰ
2596 4579 2696 4647 τὴν
2723 4577 3017 4647 δεδομένην
3049 4580 3183 4648 ἡμῖν
3210 4580 3375 4651 χάριν
3407 4580 3499 4633 τοῦ
3537 4576 3753 4645 Πνεύμα-

534 4656 731 4726 ipsein
758 4656 938 4710 nobis.
976 4655 1041 4709 Et
1069 4656 1325 4724 quoniam
1375 4655 1611 4725 Spiritus
1674 4658 1767 4713 Dei
1822 4670 1924 4725 est,
1956 4676 2022 4715 eo
2052 4662 2106 4715 in

2211 4679 2301 4725 τος
2334 4666 2494 4733 ἡμεῖς
2514 4681 2573 4719 τε
2601 4667 2660 4719 ἐν
2687 4666 2836 4735 αὐτῷ
2875 4668 3161 4736 γινόμεθα,
3204 4675 3298 4721 καὶ
3330 4670 3496 4732 αὐτὸς
3539 4671 3593 4722 ὲν
3623 4669 3750 4737 ἡμῖν.

531 4746 686 4800 nobis
723 4746 1037 4808 exsistente,
1076 4759 1177 4798 nos
1213 4745 1339 4799 item
1368 4747 1461 4814 qui
1532 4746 1681 4802 illum
1732 4748 2019 4812 habemus,
2050 4751 2105 4805 in

2211 4754 2321 4807 Kal
2348 4756 2538 4827 ἐπειδὴ
2576 4757 2637 4810 τὸ
2688 4758 2912 4827 Πνεῦμα
2955 4759 3050 4811 τοῦ
3105 4759 3242 4812 Θεοῦ
3281 4761 3427 4826 ἐστι,
3487 4762 3572 4814 διὰ
3617 4758 3752 4812 τοῦτο

533 4836 643 4888 Deo
703 4850 824 4889 csse
856 4834 1248 4889 existimamur.
1289 4833 1357 4888 Et
1386 4836 1463 4889 sic
1504 4845 1582 4890 est
1644 4836 1787 4891 Deus
1819 4838 1872 4890 in
1928 4840 2101 4905 nobis,

2209 4845 2398 4899 τούτου
2462 4848 2747 4915 γινομένου
2804 4852 2860 4902 ἐν
2915 4852 3068 4919 ἡμῖν,
3125 4852 3353 4916 εἰκότως
3413 4853 3618 4923 ἔχοντες
3677 4848 3750 4901 καὶ

532 4939 638 4977 non
667 4932 724 4975 ut
739 4935 819 4977 est
848 4925 1011 4979 Filius
1032 4925 1093 4978 rin
1116 4925 1294 4981 Patre.
1315 4924 1432 4980 Non
1463 4927 1605 4981 enim
1631 4926 1799 4981 Filius
1831 4930 2103 4999 particeps

2208 4939 2371 5006 ἡμεῖς
2408 4939 2468 4990 τὸ
2496 4938 2739 5007 Πνεῦμα,
2772 4940 3109 5010 νομιζόμεθα
3136 4943 3194 4995 ἐν
3218 4944 3295 5009 τῲ
3344 4944 3465 5011 Θεῷ
3501 4938 3746 5009 γενέσθαι.

533 5015 792 5081 Spiritus,
821 5025 878 5066 ut
906 5031 1004 5083 per
1033 5015 1183 5068 illum
1218 5018 1273 5069 in
1303 5016 1462 5071 Patre
1498 5018 1589 5082 sit,
1638 5034 1814 5088 neque
1846 5022 1961 5090 ipse
1984 5022 2106 5090 Spi-
2139 5019 2153 5074 l

2139 5019 2183 5074 D
2212 5028 2321 5080 Kal
2343 5026 2514 5091 οὕτως
2543 5030 2695 5083 ἐστὶν
2719 5034 2746 5083 6
2778 5031 2910 5095 Θεὸς
2934 5034 2991 5084 ἐν
3017 5034 3173 5103 ἡμῖν,
3207 5033 3304 5085 οὐκ
3330 5035 3442 5103 ἄρα
3480 5035 3551 5096 ὼς
3578 5034 3704 5084 ἔστιν
3729 5029 3749 5079 6

534 5117 694 5161 ritum
723 5106 941 5174 accipit,
973 5107 1066 5160 sed
1094 5107 1242 5160 illum
1285 5112 1465 5177 potius
1500 5111 1752 5165 omnibus
1796 5113 2101 5181 dilargitur.

2210 5115 2335 5179 Υἱὸς
2361 5118 2415 5168 ἐν
2438 5117 2515 5184 τῷ
2546 5118 2738 5188 Πατρί.
2777 5120 2850 5171 Οὐ
2879 5120 2985 5189 γὰρ
3020 5121 3115 5173 καὶ
3162 5121 3188 5173 6
3224 5121 3351 5184 Υἱὸς
3390 5123 3622 5190 μετέχων
3654 5114 3748 5169 ἐστὶ

528 5194 638 5249 Nec
665 5194 902 5263 Spiritus
924 5195 1463 5265 conjungit'Verbum
1500 5215 1622 5253 cum
1652 5202 1833 5264 Patre,
1864 5203 1956 5256 sed
1988 5203 2102 5271 ipse

2206 5208 2299 5261 τοῦ
2340 5208 2676 5277 Πνεύματος,
2735 5210 2821 5263 ἵνα
2876 5211 2961 5263 διὰ
3012 5211 3170 5264 τοῦτο
3221 5214 3317 5266 καὶ
3353 5217 3412 5265 ἐν
3476 5212 3549 5280 τῷ
3598 5209 3746 5273 Πατρὶ

529 5287 713 5357 potius
739 5302 766 5339 a
804 5285 981 5341 Verbo
1007 5288 1060 5342 id
1093 5288 1311 5358 accipit.
1339 5291 1401 5344 Et
1430 5291 1600 5345 Filius
1631 5294 1848 5362 quidem
1867 5296 1919 5349 in
1941 5296 2101 5350 Patre

2208 5299 2457 5367 γένηται,
2514 5300 2636 5351 οὐδὲ
2668 5300 2961 5369 λαμϐάνων
2985 5302 3102 5354 ἐστὶ
3132 5303 3191 5354 τὸ
3218 5303 3465 5373 Πνεῦμα,
3492 5303 3618 5355 ἀλλὰ
3635 5297 3746 5367 μᾶλ-

528 5387 714 5444 est,ut
741 5378 971 5434 Verbum
1006 5382 1309 5451 preprium,
1341 5391 1397 5435 et
1442 5383 1696 5451 Splendor
1744 5384 1933 5452 ipsius.
1990 5382 2100 5438 Nos

2204 5389 2295 5442 λον
2323 5390 2482 5453 αὐτὸς
2514 5390 2625 5451 τοῖς
2653 5391 2786 5444 πᾶσι
2818 5390 2976 5444 τοῦτο
2999 5394 3355 5462 χορηγεῖ,καὶ
3383 5395 3445 5447 οὐ
3468 5394 3527 5445 τὸ
3557 5387 3746 5453 Πνεῦμα

528 5479 706 5524 autem
750 5473 869 5526 sine
925 5473 1152 5542 Spiritu,
1183 5484 1240 5526 ut
1289 5474 1562 5544 peregrini
1619 5484 1674 5528 et
1697 5474 1880 5539 alieni,
1939 5476 2099 5545 longe

2207 5481 2469 5533 συνάπτει
2521 5481 2612 5534 τὸν
2676 5482 2847 5550 Λόγον
2901 5484 2981 5553 τῷ
3026 5486 3236 5555 Πατρὶ,
3290 5485 3428 5538 ἀλλὰ
3489 5481 3672 5553 μᾶλλον
3694 5475 3744 5525 τὸ

529 5563 845 5617 absumusa
872 5563 1002 5630 Deo,
1040 5564 1277 5634 Spiritus
1317 5574 1499 5619 autem
1548 5567 1934 5621 communione
1973 5582 2096 5620 cum

2207 5568 2432 5637 Πνεῦμα
2462 5570 2554 5623 διὰ
2575 5571 2669 5625 τοῦ
2708 5572 2883 5643 Λόγου
2922 5574 3085 5629 τοῦτο
3135 5576 3428 5647 λαμϐάνει.
3462 5575 3568 5630 Καὶ
3597 5573 3622 5624 ὁ
3662 5566 3742 5639 μὲν

610 5698 624 5728 ¹
659 5696 675 5749 l
708 5698 831 5754 Cor.
858 5720 893 5763 ι,
919 5705 950 5757 5
974 5714 1027 5760 et
1058 5704 1184 5761 alibi
1215 5707 1436 5776 passim.
1514 5710 1533 5739 ¹
1561 5707 1576 5759 l
1608 5706 1802 5763 Thess.
1839 5726 1920 5778 ιιι,
1961 5709 2045 5763 ll.
2128 5710 2148 5743 ³
2174 5711 2193 5765 l
2215 5710 2374 5769 Joan.
2416 5728 2489 5779 tv,
2518 5714 2603 5769 l3.
