4102 6298
359 383 466 447 «ii'l

1334 382 1705 444 PANOPLIA
1749 380 2209 443 DOGMATICA.
2242 408 2310 419 -·
2348 385 2494 445 ΤΙΤ.
2533 386 2634 446 Xl.

3507 386 3615 451 418

358 495 493 557 Υἱὸς
527 496 586 546 ὲν
618 493 695 562 τῷ
727 491 898 564 "arpi
946 492 1116 556 ἐστιν,
1151 490 1226 553 ὡς
1269 490 1439 558 Λόγος
1469 489 1598 553 ἴδιος
1631 494 1723 545 καὶ
1754 492 1933 546 ἀπαύ-

2040 490 2321 546 divinitate
2347 491 2672 561 capulamur
2706 511 2716 545 :
2746 500 2803 547 ut
2847 493 2991 562 quod
3048 494 3207 549 simul
3236 497 3287 550 lu
3346 496 3527 569 Patre,
3559 498 3615 556 id

358 599 552 654 γασμα
583 581 775 646 αὐτοῦ,
810 583 971 651 ἡμεῖς
994 580 1050 634 δὲ
1077 583 1244 651 χωρὶς
1266 581 1365 651 μὲν
1391 581 1484 635 τοῦ
1520 582 1729 651 Πατρός
1764 581 1930 649 ξένοι,

358 676 460 730 καὶ
494 674 712 744 μακράν
760 674 929 742 ἐσμεν
972 675 1066 726 τοῦ
1093 673 1251 738 Θεοῦ,
1290 675 1353 743 τῇ
1384 673 1441 727 δέ
1486 674 1581 726 τοῦ
1612 673 1933 742 Πνεύματος

362 770 571 838 μετοχῇ
616 764 999 835 συναπτόμεθα
1052 768 1118 835 τῇ
1163 766 1401 834 Θεότητι.
1469 767 1633 818 Ὥστε
1694 766 1754 818 τὸ
1790 764 1932 820 εἶναι

358 862 515 929 ἡμᾶς
566 862 622 912 ἐν
653 857 731 927 τῷ
767 858 942 928 Πατρὶ
997 856 1073 927 μὴ
1124 858 1396 926 ἡμέτερον
1445 855 1607 921 εἶναι,
1671 858 1809 910 ἀλλὰ
1840 856 1931 911 τοῦ

360 948 683 1017 Πνεύματος
729 947 820 1000 τοῦ
864 948 921 998 ἐν
956 949 1089 1017 ἡμῖν
1122 947 1295 1011 ὄντος,
1329 946 1424 1000 καὶ
1470 949 1527 1001 ἐν
1567 949 1699 1016 ἡμῖν
1742 948 1933 1016 μένον-

358 1056 477 1104 τος,
501 1040 605 1101 ἓως
642 1038 774 1091 αὐτὸ
796 1039 861 1107 τῇ
892 1037 1155 1108 ὁμολογία
1180 1037 1526 1106 φυλάττομεν
1550 1039 1606 1090 ἐν
1642 1039 1794 1108 ἡμῖν.
1830 1038 1935 1091 Λέ-

356 1147 551 1198 γοντος
573 1128 629 1181 δὲ
660 1128 821 1181 πάλιν
847 1127 941 1180 τοῦ
986 1128 1230 1181 Ἰωάννου
1252 1144 1268 1159 ο
1300 1130 1403 1194 ’ος
1452 1128 1529 1181 ἂν
1557 1127 1930 1197 ὁμολογήσῃ,

362 1224 457 1276 ὅτι
474 1222 711 1291 Ἰησοῦς
737 1222 909 1276 ἐστιν
939 1223 972 1275 ό
1005 1220 1139 1286 Υἱὸς
1160 1220 1267 1275 τοῦ
1286 1219 1453 1285 Θεοῦ,
1478 1224 1510 1274 ό
1530 1220 1674 1285 Θεὸς
1690 1221 1760 1274 ἐν
1774 1220 1936 1286 αὐτῷ

356 1313 555 1382 μένει,
587 1312 683 1366 καὶ
707 1312 891 1377 αὐτὸς
938 1312 1007 1365 ἐν
1057 1311 1138 1377 τῷ
1194 1314 1338 1377 Θεῷ,
1370 1312 1501 1365 ποία
1538 1311 1815 1382 ὁμοιότης,
1840 1312 1933 1365 καὶ

359 1407 497 1457 ποία
555 1405 737 1472 ἰσότης
788 1404 947 1473 ἡμῶν
988 1402 1125 1472 πρὸς
1183 1404 1276 1456 τὸν
1319 1403 1487 1467 Υῐόν;
1550 1403 1618 1454 Ἢ
1670 1403 1787 1465 πῶς
1834 1405 1935 1456 οὐκ

359 1494 679 1563 ἐλέγχονται
717 1494 1049 1563 πανταχόθεν
1103 1496 1153 1546 oi.
1190 1494 1460 1564 Ἀρειανοὶ
1485 1532 1499 1555 ,
1541 1494 1636 1545 καὶ
1696 1494 1936 1564 μάλιστα

359 1587 518 1654 παρὰ
548 1584 642 1638 τοῦ
682 1584 949 1648 Ἰωάννου,
980 1587 1064 1639 ὅτι
1110 1584 1285 1647 ἄλλως
1341 1586 1440 1655 μὲν
1477 1585 1626 1639 ἐστιν
1669 1588 1695 1639 6
1719 1587 1846 1649 Υἱὸς
1877 1588 1935 1639 ἐν

356 1677 441 1745 τῷ
470 1677 665 1744 Πιτρὶ,
698 1675 873 1739 ἄλλως
906 1675 962 1729 δὲ
998 1676 1160 1745 ἡμεῖς
1202 1677 1259 1727 ἐν
1297 1675 1447 1745 αὐτῷ
1488 1676 1789 1746 γινόμεθα;
1824 1678 1935 1730 Καὶ

357 1770 488 1823 οὔτε
512 1772 673 1841 ἡμεῖς
714 1770 790 1831 ὡς
839 1772 1041 1832 ἐκεῖνος
1072 1768 1306 1838 ἐσόμεοοὶ
1337 1786 1489 1832 ποτε.
1534 1768 1659 1823 οὕτε
1707 1770 1737 1820 6
1761 1771 1935 1839 Λόγος

357 1863 435 1924 ὡς
460 1864 621 1932 ἡμεῖς
660 1858 1038 1930 τυγχάνειῶν,
1081 1862 1129 1913 ei
1185 1860 1258 1931 μὴ
1288 1862 1396 1931 ἄρα
1428 1860 1699 1929 τολμῶσιν
1755 1860 1829 1923 ὡς
1874 1863 1932 1913 ἐν

357 1954 501 2006 πᾶσι
550 1953 645 2005 καὶ
676 1950 769 2004 νῦν
794 1952 992 2013 εἰπεῖν,
1023 1950 1105 2002 ὅτι
1139 1952 1166 2002 6
1206 1950 1332 2012 Υἱὸς
1370 1951 1571 2019 μετοχῇ
1624 1948 1720 2002 τοῦ
1763 1947 1934 2001 Πνεύ-

361 2062 558 2113 ματος,
591 2044 684 2096 καὶ
716 2041 1000 2111 βελτιώσει
1032 2039 1281 2110 πράξεως
1309 2041 1500 2108 γέγονε
1534 2042 1629 2094 καὶ
1677 2039 1839 2102 αὐτὸς
1873 2040 1931 2090 ἐν

358 2137 443 2205 τῷ
491 2134 687 2205 Πατρε.
727 2133 891 2187 Ἀλλά
937 2133 1034 2185 καὶ
1083 2133 1239 2185 τοῦτο
1287 2133 1450 2185 πάλιν
1490 2132 1755 2201 ὑπερλίαν
1783 2131 1932 2182 ἐστὶν

357 2227 583 2290 ἀσεϐὲς,
617 2226 721 2279 κᾶν
754 2224 891 2285 ὅλως
931 2225 1007 2285 εἰς
1039 2222 1336 2293 ἐνθύμησιν
1368 2223 1572 2275 λαϐεῖν.
1602 2223 1772 2285 Λύτδς
1800 2223 1928 2293 γὰρ,

357 2320 555 2390 ὥσπερ
581 2316 819 2387 εἴρηται,
849 2315 909 2367 τὸ
944 2315 1167 2382 Πνεῦμα
1198 2314 1405 2375 δίδωσι,
1462 2316 1556 2366 καὶ
1582 2314 1683 2366 ὅσα
1708 2314 1821 2385 ἔχει
1872 2312 1934 2363 τὸ

364 2408 611 2478 Πνεῦμα,
636 2406 810 2459 ταῦτα
832 2405 981 2473 παρὰ
997 2404 1092 2457 τοῦ
1109 2405 1282 2472 Λόγου
1304 2405 1439 2473 ἔχει.
1460 2404 1666 2458 Οὐκοῦν
1689 2407 1715 2455 ὁ
1745 2405 1934 2475 Πατὴρ

362 2503 542 2567 λέγων
569 2497 697 2569 περὶ
724 2498 882 2568 ἡμῶν
909 2497 969 2550 τό
994 2512 1013 2531 ο
1046 2496 1249 2562 Καθὼς
1278 2497 1383 2560 σὺ,
1419 2497 1630 2564 Πάτερ.
1671 2497 1740 2549 ἐν
1783 2496 1932 2564 ἐμοὶ,

362 2592 532 2662 κάγὼ
558 2592 628 2645 ἐν
658 2591 782 2657 σοι,
807 2591 910 2643 ἵνα
951 2590 1052 2643 καὶ
1085 2590 1256 2643 αὐτοὶ
1311 2591 1377 2642 ἐν
1405 2589 1547 2657 ἡμῖν
1580 2590 1651 2641 ἐν
1674 2585 1847 2654 ὦσιν,
1873 2590 1933 2641 οὐ

359 2686 467 2755 τὴν
518 2688 824 2750 ταυτότητα
852 2684 1002 2752 ἡμᾶς
1061 2683 1320 2752 μένοντας
1371 2686 1429 2733 ἐν
1468 2682 1613 2751 αὑτῷ
1656 2682 1802 2750 ἔχειν
1836 2697 1936 2751 ση-

365 2776 576 2848 μαίνει,
627 2774 762 2830 ἀλλὰ
795 2775 1016 2839 ἀξίωσις
1048 2777 1165 2827 ἐστι
1216 2776 1351 2839 πρὸς
1384 2757 1473 2827 τὸν
1514 2774 1753 2843 Πατέρα,
1805 2775 1880 2829 ὡς
1910 2777 1937 2826 ὁ

377 2868 635 2941 Ἰωάννης
664 2867 925 2938 ἔγραψεν,
959 2866 1046 2919 ἵνα
1072 2865 1133 2919 τὸ
1160 2866 1381 2934 Πνεῦμα
1412 2868 1703 2937 χαρίσηται
1736 2865 1804 2918 δι’
1836 2867 1937 2917 a6-

367 2959 467 3013 τοῦ
506 2962 620 3023 τοῖς
648 2958 985 3021 πιστεύουσι,
1017 2958 1085 3010 δι’
1124 2953 1186 3011 οῦ
1216 2959 1308 3010 καὶ
1335 2958 1601 3026 δοκοῦμεν
1634 2960 1691 3009 ἐν
1713 2957 1791 3025 τῷ
1819 2956 1936 3026 Θεῷ

367 3049 636 3119 γίνεσθαι,
668 3049 762 3103 καὶ
797 3048 937 3101 κατὰ
966 3048 1123 3101 τοῦτο
1147 3048 1509 3101 συνάπτεσθαι
1548 3049 1715 3117 αὐτῷ.
1754 3049 1937 3103 Ἐπει-

2034 599 2142 637 non
2175 584 2277 653 ipsi
2306 584 2480 647 nobis,
2514 586 2609 638 sed
2640 584 2861 654 Spiritui
2898 587 2947 638 in
2980 586 3134 640 nobis
3162 590 3445 644 exsistenti
3482 593 3611 647 etin

2037 675 2197 730 nobis
2217 677 2454 730 manenti
2476 685 2758 745 acceptum
2782 678 3103 733 referamus.
3131 680 3198 733 At
3227 695 3349 735 cum
3379 682 3617 739 Joannes

2036 766 2177 820 idem
2212 767 2350 821 dicat
2390 784 2403 820 :
2439 766 2541 829 Qui
2591 768 2865 835 conﬁtetur
2921 769 3097 822 Jesum
3140 787 3247 823 esse
3278 771 3474 825 Filium
3497 775 3613 840 Dei,

2035 855 2175 910 Deus
2193 858 2245 909 in
2268 858 2383 925 ipso
2402 868 2593 920 manet,
2621 868 2669 911 et
2691 862 2801 927 ipse
2826 862 2878 912 in
2921 860 3023 914 Deo
3052 862 3066 890 ‘
3093 900 3108 924 ,
3157 877 3401 931 quamam
3423 865 3617 919 simili-

2036 948 2189 1011 tudo,
2209 959 2301 1003 aut
2326 951 2604 1019 mqualitas
2631 952 2783 1005 nobis
2816 966 2935 1004 cum
2962 951 3143 1006 Filio?
3177 953 3367 1008 Nonne
3418 958 3609 1010 Ariani

2038 1041 2298 1110 undique,
2333 1052 2386 1097 et
2420 1059 2447 1095 a
2472 1042 2680 1099 Joanne
2709 1045 3049 1115 potissimum
3087 1044 3351 1100 confutati
3389 1049 3610 1102 tandem

2037 1133 2478 1188 animadvertunt
2518 1135 2679 1189 aliter
2730 1149 2849 1190 esse
2872 1136 3069 1191 Filium
3098 1138 3151 1190 in
3176 1135 3356 1201 Patre,
3378 1147 3430 1191 et
3459 1138 3619 1191 aliter

2035 1238 2137 1277 nos
2170 1224 2223 1278 in
2248 1227 2383 1294 ipso,
2417 1237 2664 1296 etneque
2694 1242 2795 1281 nos
2831 1244 3064 1297 unquam
3109 1237 3161 1281 ut
3218 1227 3451 1282 Verbum
3479 1227 3618 1292 fore,

2036 1330 2215 1385 neque
2234 1315 2470 1371 Verbum
2498 1328 2557 1370 ut
2590 1332 2689 1372 nos
2718 1316 2894 1380 ?Nisi,
2916 1327 2973 1371 ut
2996 1308 3182 1371 eorum
3205 1333 3318 1372 mos
3341 1328 3444 1381 est,
3476 1334 3621 1371 nunc

2037 1407 2197 1460 etiam
2229 1408 2467 1467 audeant
2518 1409 2699 1463 dicere
2729 1411 3116 1464 communione
3144 1408 3396 1475 Spiritus,
3428 1416 3481 1462 et
3510 1412 3620 1461 vir-

2040 1497 2172 1550 tutis
2192 1511 2481 1568 progressu
2513 1498 2706 1552 Filium
2751 1500 2911 1553 etiam
2962 1500 3138 1569 ipsum
3173 1502 3223 1552 in
3270 1499 3426 1553 Patre
3476 1515 3619 1554 esse.

2040 1587 2194 1653 Quod
2227 1589 2445 1657 quidem
2484 1590 2536 1642 in
2573 1591 2761 1659 primis
2803 1592 3030 1661 impium
3060 1601 3144 1645 cst
3173 1592 3255 1645 Vri
3288 1595 3543 1663 cog'tare.
3574 1594 3617 1647 si

2039 1679 2257 1747 quidem
2288 1680 2424 1748 ipse,
2444 1690 2502 1734 ut
2528 1682 2731 1735 dictum
2756 1692 2861 1744 est,
2884 1683 3142 1751 Spiritum
3174 1683 3378 1744 tribuit,
3397 1693 3451 1736 et
3474 1692 3617 1752 quod

2039 1772 2208 1826 habet
2246 1772 2482 1840 Spiritus
2544 1772 2595 1825 id
2628 1774 2696 1826 ab
2728 1788 2793 1826 eo
2832 1774 3018 1829 habet.
3081 1773 3445 1837 Quamobrem
3498 1794 3620 1829 cum

1969 1837 2007 1892 Β
2040 1863 2300 1917 Servator
2329 1864 2395 1917 de
2424 1864 2581 1917 nobis
2618 1865 2744 1917 dicit
2781 1882 2793 1917 :
2832 1865 2984 1919 Sicut
3014 1875 3090 1928 tu,
3120 1866 3301 1929 Pater,
3329 1867 3383 1918 in
3426 1883 3525 1929 me,
3574 1875 3622 1920 ει

2036 1969 2128 2022 ego
2150 1954 2205 2005 in
2235 1962 2303 2017 te,
2331 1953 2468 2006 sicet
2492 1954 2593 2021 ipsi
2616 1955 2668 2005 in
2686 1953 2834 2006 nobis
2859 1956 2966 2006 sint
3002 1955 3045 2019 ¹,
3074 1969 3180 2007 non
3218 1957 3623 2007 Oblelldilenm‘

2036 2046 2158 2099 dem
2186 2058 2289 2098 nos
2322 2060 2443 2098 cum
2470 2045 2602 2113 ipsis
2647 2045 2941 2097 essentiam
2975 2046 3193 2098 habere.
3258 2046 3363 2099 Sed
3402 2047 3621 2099 Patrem

2036 2136 2648 2205 o:at,quemadmodum
2662 2136 2900 2190 Joannes
2930 2137 3140 2201 scribit,
3168 2145 3225 2189 ut
3268 2138 3619 2190 credentibus

2040 2226 2306 2295 Spiritum
2347 2241 2441 2294 per
2463 2240 2520 2279 se
2550 2226 2823 2294 largiatur,
2861 2242 2959 2294 per
2990 2243 3148 2294 quem
3169 2227 3223 2278 in
3272 2228 3379 2280 Deo
3404 2242 3541 2290 (ese,
3569 2240 3625 2282 et

2039 2319 2246 2373 idcirco
2276 2335 2397 2371 cum
2437 2320 2554 2388 ipso
2585 2318 2839 2386 conjungi
2885 2319 3183 2371 videamur.
3238 2318 3447 2372 Etenim
3496 2319 3623 2386 quia

2038 2411 2276 2465 Verbum
2321 2409 2482 2463 estin
2526 2410 2689 2463 Patre
2715 2420 2766 2462 et
2806 2409 3054 2479 ’Spiritus
3109 2426 3172 2464 ex
3209 2411 3384 2465 Verbo
3438 2412 3620 2476 datur,

2040 2502 2161 2553 vult
2192 2498 2533 2568 ulSpiritum
2582 2499 2933 2568 accipiamus,
2969 2509 3027 2551 ut
3076 2511 3423 2569 posteaquam
3468 2517 3623 2555 acce—

2054 2593 2315 2660 perimus,
2339 2592 2604 2645 habentes
2624 2589 2889 2659 Spiritum
2913 2591 3072 2645 \'erbi
3106 2592 3157 2645 in
3178 2591 3337 2645 Patre
3357 2594 3625 2646 exsisten-

2049 2682 2451 2746 tis,videamur
2481 2692 2536 2735 et
2578 2698 2680 2736 nos
2703 2698 2802 2752 per
2846 2682 3106 2751 Spiritum
3158 2699 3278 2736 esse
3333 2699 3499 2737 unum
3570 2684 3623 2735 in

2044 2775 2244 2838 Verbo,
2276 2784 2331 2828 et
2363 2790 2459 2843 per
2488 2773 2726 2829 Verbum
2755 2776 2810 2829 in
2844 2774 3017 2829 Patre.
3076 2775 3210 2830 lllud
3230 2787 3432 2841 autem,
3490 2777 3625 2828 sicut

2055 2883 2144 2921 nos
2167 2868 2471 2923 nihilaliud
2510 2868 2797 2936 signiﬁcat,
2827 2868 2933 2922 nisi
2961 2878 3017 2922 ut
3066 2884 3125 2921 ea
3159 2871 3328 2935 gratia
3391 2868 3625 2936 Spirnus

2040 2959 2097 3013 in
2127 2960 2424 3029 discipulos
2454 2961 2745 3015 distributa
2780 2974 3055 3028 nunquam
3080 2961 3314 3022 excidat,
3346 2956 3623 3025 nunquam

2039 3051 2329 3107 adimatur.
2363 3052 2418 3106 ld
2449 3053 2592 3121 quod
2626 3052 2922 3121 Apostolus
2974 3052 3146 3114 novit,
3195 3067 3319 3104 cum
3362 3052 3572 3104 diceret
3604 3066 3620 3103 :

364 3144 435 3214 δὴ
469 3142 578 3213 γὰρ
600 3144 628 3195 6
656 3143 829 3212 Λόγος
849 3144 997 3195 ἐστὶν
1023 3144 1080 3194 ἐν
1105 3142 1183 3211 τῷ
1217 3143 1414 3210 Πατρὶ,
1441 3142 1501 3194 τὸ
1535 3141 1590 3193 δὲ
1622 3143 1844 3210 Πνεῦμα
1872 3143 1936 3193 ἐκ

2041 3141 2169 3206 Quis
2193 3158 2282 3194 nos
2300 3144 2565 3209 separabit
2613 3160 2643 3195 a
2670 3143 2927 3195 charitate
2952 3142 3046 3195 Dei
3076 3143 3095 3174 ³
3116 3142 3137 3194 ?
3160 3140 3443 3209 Nunquam
3473 3142 3620 3193 enim

363 3235 468 3288 τοῦ
496 3238 670 3302 Λόγου
697 3234 915 3295 δίδοται,
964 3232 1109 3286 θέλει
1140 3232 1325 3286 λαϐεῖν
1376 3234 1525 3302 ἡμᾶς
1576 3232 1635 3284 τὸ
1690 3233 1936 3301 Πνεῦμα,

368 3328 481 3391 ἵνα,
512 3326 642 3379 ὅταν
675 3327 855 3379 ἐκεῖνο
897 3325 1175 3394 λόιὸωμεν,
1203 3323 1326 3377 τότε
1373 3325 1587 3394 ἔχοντες
1617 3324 1677 3377 τὸ
1711 3325 1939 3393 Πνεῦμα

366 3416 465 3470 τοῦ
522 3417 700 3484 Λόγου
736 3415 829 3467 τοῦ
884 3414 1036 3476 ὄντος
1085 3416 1142 3466 ἐν
1185 3414 1262 3484 τῷ
1305 3415 1516 3484 Πατρὶ,
1557 3415 1798 3484 δόξωμεν
1845 3417 1939 3468 καὶ

371 3511 535 3579 ἡμεῖς
576 3509 663 3562 διὰ
694 3507 754 3560 τὸ
778 3507 1001 3575 Πνεῦμα
1041 3506 1098 3558 ἐν
1127 3506 1380 3573 γενέσθαι
1407 3507 1464 3557 ἐν
1502 3506 1577 3574 τῷ
1613 3508 1791 3577 Λόγῳ,
1846 3510 1940 3559 καὶ

369 3599 443 3653 δι’
473 3596 666 3651 ἐαυτοῦ
698 3598 755 3649 ἐν
782 3597 857 3665 τῷ
882 3596 1079 3666 Πατρί.
1108 3596 1179 3648 Τὸ
1198 3595 1255 3648 δὲ
1279 3595 1452 3663 ἡμεῖς
1484 3596 1577 3649 ἐὰν
1607 3596 1764 3668 λέγῃ,
1788 3598 1939 3653 οὐδὲν

370 3691 564 3760 ἓτερον
594 3688 755 3742 πάλιν
785 3690 950 3753 ἐστὶν,
991 3688 1022 3753 ἢ
1048 3688 1134 3740 ἵνα
1166 3689 1198 3757 ή
1231 3688 1485 3757 γινομένη
1522 3689 1744 3759 τοιαύτη
1779 3690 1941 3759 χάρις

372 3784 456 3844 εἰς
508 3780 637 3842 τοὺς
688 3778 935 3849 μαθητὰς
984 3778 1319 3841 ἀδιάπτωτος
1377 3778 1471 3831 καὶ
1532 3780 1940 3850 ἀμεταμέλητος

372 3876 626 3944 γένηται·
656 3873 794 3941 ὅπερ
843 3874 870 3925 6
912 3871 1237 3933 ’Λπόστολος
1268 3871 1550 3940 γινώσκων
1602 3871 1754 3937 ἔλεγε
1792 3888 1807 3903 ⁸
1846 3871 1944 3937 Τίς

372 3967 533 4038 ἡμᾶς
586 3968 825 4035 χωρίσει
877 3967 995 4019 ἀπὸ
1046 3964 1155 4033 τῆς
1209 3965 1447 4033 ἀγάπης
1504 3966 1609 4018 τοῦ
1649 3965 1945 4032 Χριστοῦ;

388 4061 814 4131 Ἀμεταμὲλητα
862 4060 971 4129 γὰρ
1018 4059 1088 4111 τὰ
1119 4059 1433 4128 χαρίσματα
1464 4058 1557 4110 τοῦ
1599 4056 1757 4121 Θεοῦ,
1790 4058 1882 4109 καὶ
1912 4059 1944 4125 ἡ

2046 3234 2276 3303 paenitet
2296 3233 2461 3287 Deum
2483 3247 2708 3288 munera
2728 3248 2823 3285 sua
2845 3232 3089 3302 largitum
3120 3246 3260 3295 esse,
3281 3241 3337 3284 et
3384 3230 3624 3284 vocatio-

2046 3328 2131 3380 nis
2153 3326 2379 3396 gratiam
2405 3326 2682 3380 tribuisse.
2707 3324 2946 3395 Spiritus
2977 3325 3122 3378 enim
3173 3331 3275 3388 est,
3310 3323 3403 3391 qui
3427 3324 3478 3376 in
3513 3321 3621 3375 Deo

2046 3420 2280 3484 exsistit,
2316 3434 2425 3472 non
2448 3430 2623 3473 autem
2644 3433 2745 3472 nos
2799 3433 2895 3486 per
2921 3432 3044 3470 nos.
3075 3418 3138 3469 Et
3165 3415 3618 3483 quemadmodum

2048 3513 2139 3567 lilii
2159 3520 2217 3567 et
2246 3513 2319 3567 dii
2347 3512 2609 3566 eﬁicimur
2630 3512 2699 3564 ob
2722 3510 2956 3564 Verbum
2980 3509 3125 3578 quod
3154 3510 3206 3561 in
3237 3508 3393 3561 nobis
3417 3516 3518 3565 est.
3543 3508 3619 3559 sic

2045 3620 2144 3675 per
2166 3603 2426 3673 Spiritum
2447 3605 2499 3657 in
2534 3603 2689 3657 nobis
2716 3604 3093 3665 exsistentem,
3118 3602 3206 3668 qui
3234 3611 3317 3654 est
3341 3602 3392 3652 in
3420 3600 3616 3660 Verbo,

2047 3697 2192 3767 quod
2222 3707 2307 3751 est
2330 3699 2383 3749 in
2418 3695 2598 3757 Patre,
2625 3709 2792 3747 unum
2818 3695 2872 3747 in
2903 3694 3038 3746 Filio
3062 3702 3115 3746 et
3149 3692 3305 3745 Patre
3332 3694 3534 3745 eritnus
3568 3702 3621 3743 et

2047 3788 2626 3843 esseexistimabimur.
2652 3785 2879 3851 Quando
2899 3784 3058 3851 igitur
3078 3784 3272 3852 aliquis
3306 3797 3401 3850 per
3424 3796 3623 3849 prcca-

2044 3890 2157 3935 tum
2186 3880 2399 3949 aliquod
2436 3879 2634 3934 excidit
2666 3895 2693 3931 a
2728 3879 2955 3947 Spititu,
2984 3875 3031 3930 is
3055 3892 3159 3928 non
3201 3884 3282 3929 cst
3310 3874 3541 3941 amplius
3568 3873 3620 3925 in

2043 3969 2614 4037 Deo,quaudoquidem
2635 3969 2702 4022 ab
2728 3984 2791 4022 eo
2810 3970 3033 4021 recessit
3053 3965 3290 4034 Spiritus
3326 3974 3548 4018 sanctus
3571 3973 3624 4016 et

2041 4065 2372 4121 consolator,
2425 4061 2519 4113 sed
2555 4062 2659 4113 erit
2690 4061 2742 4112 in
2800 4059 2891 4112 illo
2924 4060 3011 4111 cui
3066 4060 3305 4125 seipsqu
3346 4055 3623 4124 peccando

374 4155 540 4224 χάρις
558 4153 661 4222 τῆς
694 4152 958 4221 κλήσεως.
996 4148 1072 4203 Τὸ
1124 4149 1233 4217 γὰρ
1263 4146 1488 4216 Πνεῦμά
1526 4149 1643 4199 ἐστι
1691 4145 1752 4199 τὸ
1776 4149 1833 4199 ἐν
1869 4148 1936 4212 τᾷ

2045 4150 2296 4217 Sulujecit.
2317 4149 2780 4215 Quemadmodum
2807 4151 2952 4203 Sauli
2988 4149 3235 4217 contigit,
3255 4163 3282 4199 a
3315 4162 3421 4214 quo
3444 4160 3622 4198 reces-

376 4246 502 4316 Θεῷ
528 4245 820 4317 τυγχάνον,
881 4246 978 4297 καὶ
1029 4244 1126 4310 οὐχ
1183 4243 1343 4311 ἡμεῖς
1382 4240 1505 4293 καθ’
1555 4240 1806 4303 ἑαυτούς.
1839 4241 1936 4293 Καῖ

2048 4242 2119 4294 sit
2162 4242 2399 4311 Spiritus
2454 4243 2564 4305 Dei,
2604 4252 2658 4296 et
2687 4242 2914 4296 vexabat
2966 4256 3090 4294 eunt
3151 4239 3381 4307 Spiritus
3427 4236 3623 4288 malus.

379 4337 573 4407 ὥσπερ
622 4337 727 4389 υἱοὶ
756 4339 852 4388 καὶ
917 4334 1029 4386 θεοὶ
1070 4334 1159 4386 διὰ
1209 4333 1300 4384 τὸν
1345 4332 1403 4383 ἐν
1467 4332 1812 4400 ἡμῖν·λόγον,
1844 4331 2017 4392 οὕτως
2058 4333 2114 4383 ἐν
2150 4334 2225 4402 τῷ
2254 4333 2367 4402 Υἱῷ
2400 4334 2581 4385 καὶηέν
2609 4333 2687 4402 τῷ
2726 4334 2886 4400 [Imp
2929 4330 3188 4398 ἐσόμεθα,
3241 4328 3332 4379 καὶ
3366 4322 3624 4395 νομισθη-

380 4428 592 4498 σόμεθα
631 4427 688 4478 ἓν
730 4425 1096 4494 γεγενῆσθαι,
1160 4422 1245 4475 διὰ
1296 4421 1356 4474 τὸ
1413 4422 1469 4473 ἐν
1511 4424 1645 4491 ἡμῖν
1703 4418 1846 4474 εἶναι
1893 4422 1951 4473 τὸ
1994 4421 2238 4490 Πνεῦμα,
2289 4423 2479 4493 ὥσπερ
2529 4426 2673 4475 ἐστὶν
2726 4425 2783 4475 ἐν
2833 4422 2911 4490 τῷ
2967 4422 3121 4486 Λόγῳ
3161 4419 3238 4487 τῷ
3280 4418 3392 4471 ὄντι
3425 4418 3481 4466 ἐν
3546 4416 3623 4482 τῷ

379 4520 579 4592 Πατρε.
607 4519 738 4572 Ὅτε
770 4515 901 4580 γοῦν
932 4516 1189 4569 ἐκπίπτει
1240 4531 1327 4576 τις
1359 4513 1465 4566 ἀπὸ
1513 4512 1606 4565 τοῦ
1640 4514 1955 4581 Πνεῦματος
2003 4515 2092 4567 διά
2113 4531 2234 4567 τινα
2263 4516 2480 4577 κακίαν.
2518 4517 2615 4568 οὐκ
2650 4514 2730 4567 ἔτι
2763 4515 2819 4565 ἐν
2862 4514 2938 4582 τῷ
2967 4513 3085 4581 Θεῷ
3123 4514 3270 4563 ἐστιν
3326 4512 3532 4567 ἐκεῖνος
3596 4511 3623 4559 ὁ

381 4613 589 4675 πεσὼν,
618 4612 705 4665 διὰ
729 4610 791 4662 τὺ
842 4608 1147 4678 ἀποστῆναι
1194 4606 1289 4660 ἀπ’
1337 4605 1504 4658 αὑτοῦ
1543 4605 1604 4657 τὸ
1629 4608 1684 4657 ἐν
1708 4604 1783 4674 τῷ
1828 4605 1946 4674 Θεῷ
1987 4605 2141 4671 ἆγιον
2160 4609 2250 4659 καὶ
2279 4609 2628 4675 παράκλητον
2658 4607 2917 4673 Πνεῦμα·
2948 4605 3063 4657 am
3096 4609 3150 4654 ἐν
3206 4602 3398 4670 ἐκείνῳ
3451 4601 3622 4667 ἔσται,

380 4704 425 4776 ᾧ
462 4706 654 4759 ἐαυτὸν
712 4698 976 4765 ὑπέταξεν
1034 4698 1389 4767 ἁμαρτάνων,
1433 4698 1510 4759 ὡς
1547 4697 1640 4749 ἐπὶ
1705 4696 1801 4748 τοῦ
1843 4696 2015 4750 Σαοὺλ
2055 4699 2293 4765 γέγονεν.
2352 4698 2584 4766 Ἀπέστη
2639 4699 2747 4766 γὰρ
2799 4696 2893 4747 ἀπ’
2946 4693 3108 4748 αὐτοῦ
3145 4693 3205 4744 τὸ
3262 4690 3488 4759 Πνεῦμα
3524 4688 3622 4741 τοῦ

381 4798 546 4860 Θεοῦ,
578 4797 674 4849 καὶ
698 4794 907 4847 ἐθλιδεν
937 4792 1100 4844 αὐτὸν
1139 4790 1357 4859 πνεῦμα
1388 4790 1644 4858 πονηρόν.

820 4890 921 4943 Ἐκ
944 4888 1053 4941 τοῦ
1079 4884 1262 4940 αὑτοῦ
1301 4886 1508 4952 λόγου.

2594 4877 2677 4930 Ex
2713 4877 2892 4928 eodem
2924 4874 3077 4926 libro.

460 4982 584 5039 Πῶς
630 4980 851 5033 δύναται
893 4980 921 5031 6
954 4978 1080 5037 Υἱὸς
1123 4979 1187 5028 ἐκ
1232 4975 1324 5028 τοῦ
1375 4975 1586 5045 Πατρὸς
1630 4970 1927 5042 εῖναιφύσε

2133 4968 2236 5035 Qui
2278 4969 2393 5023 ﬁeri
2425 4976 2624 5037 potest,
2667 4968 2864 5034 inquit,
2915 4974 2974 5018 ut
3010 4963 3180 5019 Filius
3213 4965 3285 5019 sit
3326 4975 3517 5021 natura
3558 4985 3625 5023 ex

388 5076 483 5128 καὶ
519 5074 700 5141 ὅμοιος
738 5071 887 5138 αὐτῷ
924 5070 1047 5123 κατ’
1077 5069 1264 5122 οὐσίαν
1293 5070 1321 5120 ό
1347 5067 1518 5135 λέγων
1544 5082 1558 5096 ο
1612 5065 1821 5133 Ἐδόθη
1850 5082 1936 5133 po.

2059 5062 2239 5123 Patre.
2264 5062 2347 5114 vel
2394 5059 2538 5113 Patri
2587 5058 2883 5113 secundum
2934 5066 3182 5110 naturam
3235 5058 3446 5123 similis,
3499 5074 3624 5112 cum

384 5169 560 5222 πᾶσα
581 5164 833 5227 ἐξουσία
857 5179 877 5227 ;
912 5161 1006 5215 καί
1032 5178 1046 5193 ο
1078 5162 1136 5214 Ὀ
1167 5158 1354 5229 Πατὴρ
1385 5159 1573 5211 οὐδένα
1592 5158 1787 5229 κρίνει,
1817 5155 1936 5208 ἁ).λά

2059 5152 2177 5222 ipse
2227 5153 2415 5206 dicat:
2450 5150 2589 5204 Data
2628 5156 2703 5204 est
2755 5149 2881 5202 mihi
2942 5151 3107 5203 omnis
3158 5158 3385 5216 potestas
3416 5150 3471 5212 δ;
3529 5158 3623 5202 et:

382 5260 490 5328 τὴν
529 5257 711 5325 κρίσιν
741 5257 925 5309 πᾶσαν
945 5253 1179 5307 δέδωκεν
1207 5252 1286 5321 τῷ
1316 5250 1458 5320 Υἱῷ;
1498 5249 1594 5302 καί
1622 5263 1638 5279 ο
1680 5250 1739 5301 '0
1766 5249 1936 5319 Πατὴρ

2063 5247 2227 5299 Pater
2283 5245 2536 5297 neminem
2576 5242 2818 5311 judicat,
2848 5244 2935 5295 sed
2984 5258 3135 5295 omne
3183 5242 3442 5309 judicium
3488 5241 3629 5292 dedit

382 5350 580 5418 ἀγαπᾷ
628 5348 721 5401 τὸν
770 5346 921 5411 Υεὺν,
971 5345 1063 5396 καὶ
1113 5343 1292 5396 πάντα
1340 5340 1572 5393 δέδωκεν
1621 5342 1678 5393 ἐν
1709 5343 1774 5410 τῇ
1805 5341 1936 5411 χωρ’

2059 5334 2192 5388 Filio
2223 5335 2244 5365 ⁸
2278 5343 2369 5398 et,
2411 5331 2569 5385 Pater
2629 5331 2800 5400 diligit
2862 5329 3061 5385 Filium
3104 5339 3153 5383 et
3191 5330 3367 5381 omnia
3408 5328 3629 5379 tradidit

380 5415 587 5505 αὐτοῦ-ς
618 5437 714 5490 καὶ
743 5436 939 5489 πάλιν·
978 5434 1180 5487 Πάντα
1203 5449 1301 5501 μοι
1353 5430 1652 5498 παρεδόθη
1683 5430 1800 5483 ὑπὸ
1850 5429 1936 5482 τοὶ

2058 5429 2113 5479 in
2172 5442 2332 5479 manu
2399 5425 2536 5489 eius.
2594 5422 2662 5478 Et
2715 5424 2956 5477 iterum:
3011 5420 3197 5475 Omnia
3256 5418 3381 5470 mihi
3429 5415 3625 5469 tradita

380 5534 621 5599 Πατρός
643 5546 787 5600 μου;
819 5530 911 5582 καὶ
939 5527 1104 5583 πάλιν
1133 5542 1149 5557 ο
1173 5523 1302 5579 Πᾶν
1340 5522 1370 5575 ὃ
1403 5521 1622 5575 δέδωκέ
1656 5539 1757 5587 μοι
1784 5523 1816 5573 ό
1846 5524 1960 5573 Hu-

382 5624 501 5690 τὴρ
542 5623 691 5691 πρὸς
727 5620 833 5690 ἐμὲ
866 5618 1021 5687 ἣξει.
1061 5614 1191 5669 Εἶτα
1223 5613 1587 5682 ἐπιλέγουσιν,
1650 5611 1712 5662 Et
1743 5605 1831 5679 ἧν,
1882 5608 1957 5670 ὡς

464 5758 661 5812 'Joan.
700 5775 771 5821 tv,
811 5759 894 5813 15.
994 5757 1013 5786 ¹
1051 5754 1205 5810 Joan.
1246 5768 1376 5817 wn,
1438 5751 1525 5804 Ξῖ.

386 5848 464 5893 Vt,
498 5831 583 5883 ὅτ’.

1630 5747 1649 5777 ³
1671 5746 1820 5800 Rem.
1846 5762 1960 5805 van,

2063 5528 2183 5571 sunt
2235 5535 2264 5569 a
2330 5515 2491 5568 Patre
2525 5532 2638 5569 meo
2664 5532 2682 5568 :
2713 5525 2766 5569 et
2796 5530 2986 5568 rursus
3019 5532 3031 5566 :
3084 5510 3245 5565 Omne
3308 5510 3444 5579 quod
3488 5511 3630 5564 dedit

2063 5608 2187 5661 mihi
2218 5606 2401 5668 Pater,
2438 5607 2508 5658 ad
2560 5622 2641 5658 me
2705 5606 2867 5658 rcuiet
2909 5605 2950 5658 '.
3017 5600 3155 5655 Tum
3189 5601 3266 5655 ita
3300 5599 3631 5656 ratiocinan-

2167 5743 2187 5775 ’⁸
2219 5740 2407 5797 Matth.
2463 5756 2649 5805 xan,
2691 5742 2773 5797 -I8.
2877 5743 2895 5773 ⁸
2923 5741 3079 5797 Joan.
3124 5757 3190 5805 ν,
3227 5737 3317 5794 22.
3426 5736 3626 5793 ‘Joan.
