4032 6288
489 337 597 401 ΗΟ

1728 336 2114 397 EUTHYMII
2159 336 2521 399 ZIGABENI
3622 347 3712 413 490

487 460 577 506 tur
608 467 622 505 :
659 445 713 503 Si
746 446 867 502 talis
901 455 1092 502 natura
1125 455 1269 501 esset
1304 444 1493 511 Filius,
1535 444 1750 515 qualem
1789 461 1886 500 vos
1914 444 2061 499 allir-

2185 445 2408 515 .ἐγεται,
2451 447 2579 511 Υἱὸς
2610 446 2751 500 κατᾶ
2781 447 2963 516 φύσιν,
2989 448 3051 501 οὐ
3088 446 3278 517 χρείαν
3305 444 3411 516 εἶχε
3436 434 3615 510 λαϐεῖν,
3646 457 3706 511 Ἦ

488 545 673 603 matis,
709 554 1050 609 nequaquam
1118 538 1195 591 illi
1227 553 1364 607 opus
1416 537 1613 591 luisset
1644 537 1746 591 ista
1801 537 2073 606 accipere.

487 634 590 700 Qui
651 632 779 685 item
844 630 1104 685 naturalis
1165 640 1221 684 et
1282 644 1407 683 vera
1482 629 1662 684 Patris
1726 628 1900 682 virtus
1953 642 2077 682 esse

487 733 664 793 potest
717 725 761 776 is
810 723 921 790 qui,
981 722 1068 776 ubi
1117 722 1354 789 patiendi
1402 732 1617 792 tempus
1665 722 1903 785 advenit,
1959 722 2073 775 ait:

498 816 655 868 Nunc
680 815 862 867 anima
895 830 1009 866 mea
1043 813 1259 866 turbata
1293 821 1367 867 est
1411 830 1430 867 :
1462 824 1508 868 et
1550 815 1676 883 quid
1704 814 1877 867 dicam
1906 815 1930 866 ?
1961 813 2072 867 Pa-

492 922 587 977 ter,
646 922 794 957 serva
829 922 910 957 me
933 921 995 957 ex
1024 905 1122 956 hac
1154 907 1281 957 liora
1311 920 1329 958 :
1399 906 1489 958 sed
1540 915 1818 974 propterea
1868 906 1983 959 veni
2018 906 2076 957 in

492 997 680 1047 horam
722 994 880 1046 hanc.
941 993 1122 1053 Pater.
1172 994 1407 1063 gloriﬁca
1453 992 1647 1047 Filium
1682 1004 1852 1048 tuum.
1925 993 2077 1049 Venit

491 1105 611 1156 ergo
648 1104 742 1140 vox
764 1088 826 1140 de
862 1087 1006 1142 caelo.
1038 1086 1106 1141 Et
1139 1089 1433 1159 glorificavi
1455 1128 1468 1152 ,
1500 1097 1547 1142 et
1580 1092 1771 1143 iterum
1802 1090 2074 1159 gloriﬁca-

492 1181 554 1232 bo
596 1182 635 1231 ί.
674 1179 880 1233 Similia
940 1196 1132 1234 rursus
1183 1182 1311 1235 alibi
1360 1181 1567 1251 profert
1601 1198 1615 1237 :
1648 1182 1832 1244 Pater,
1870 1184 1917 1235 si
1959 1182 2076 1250 ﬁeri

2187 536 2301 599 πῶς
2352 537 2577 591 δύναται
2615 538 2845 608 δύναμις
2893 533 3033 592 εἶναι
3065 540 3226 608 φύσει
3268 539 3361 592 καὶ
3397 541 3605 614 ἀληθινὴ
3630 548 3708 601 τοῦ

2183 625 2396 695 Πατρὸς
2422 628 2451 678 ό
2474 627 2627 696 παρὰ
2653 627 2745 681 τὸν
2780 630 2973 697 καιρὸν
3008 628 3102 681 τοῦ
3150 627 3354 691 πάθους
3376 629 3537 695 λέγων
3562 648 3576 664 ο
3600 635 3709 688 Νῦν

2182 720 2218 785 ἡ
2248 717 2420 786 ψυχή
2451 736 2570 787 μου
2597 719 2970 785 τετάρακται,
2989 719 3160 772 καὶτί
3186 719 3372 783 slum;
3403 720 3597 789 Πάτερ.
3617 724 3715 778 σῶ-

2179 813 2297 864 σόν
2319 827 2394 878 με
2419 810 2487 863 ἐκ
2514 811 2625 877 τῆς
2653 810 2809 878 ὧρας
2839 813 3059 879 ταύτης
3084 827 3098 841 ο
3119 813 3281 865 ἀλλὰ
3311 812 3407 865 διὰ
3429 815 3591 869 τοῦτο
3622 814 3714 886 ἦλ-

2179 906 2287 957 θον
2313 906 2400 969 είς
2428 904 2544 973 τὴν
2558 906 2718 972 ὤραν
2738 906 2984 972 ταύτην.
3008 905 3218 973 Πάτερ,
3235 905 3494 969 δόξασόν
3506 924 3611 962 σου
3629 913 3719 963 τεν

2190 998 2345 1050 Υἱόν.
2381 991 2611 1051 ’Ἦλθεν
2625 992 2738 1052 οὖν
2769 996 2937 1066 φωνὴ
2973 998 3042 1050 ἐκ
3067 997 3173 1051 τοῦ
3196 999 3472 1064 οὐραγοῦ,
3491 1000 3579 1053 καὶ
3609 1001 3722 1056 ἐδό-

2181 1088 2362 1152 ξασα,
2388 1089 2485 1142 καὶ
2506 1088 2694 1143 πάλιν
2719 1089 2980 1154 δοξάσω.
3009 1088 3178 1147 Πάλιν
3201 1106 3260 1142 τε
3287 1088 3349 1141 τὸ
3373 1089 3550 1158 ὅμοιον
3569 1090 3720 1159 ἔλεγε·

2179 1179 2390 1247 Πάτερ,
2421 1182 2471 1232 el
2499 1179 2785 1245 δυνατὸν,
2811 1182 3154 1249 παρελθέτω
3181 1182 3281 1235 ἀπ’
3318 1180 3457 1250 ἐμοῦ
3478 1183 3539 1237 τὸ
3560 1185 3723 1253 ποτή-

490 1279 677 1338 potest,
707 1280 938 1326 transeat
977 1272 1121 1325 calix
1179 1275 1279 1327 iste
1306 1275 1363 1339 ¹;
1422 1284 1476 1327 et
1503 1291 1516 1328 :
1544 1273 1680 1329 Cum
1714 1277 1825 1328 haec
1859 1276 2076 1328 dixisset

2185 1287 2305 1324 οιον
2332 1271 2527 1325 τοῦτο.
2569 1274 2701 1337 Καὶ,
2724 1272 2910 1325 Ταῦτα
2938 1271 3374 1341 είπὼνόΊησοῦς
3386 1275 3643 1344 ἐταράχθη
3658 1277 3725 1346 τῷ

489 1364 641 1416 Jesus
677 1364 919 1416 turbatus
953 1371 1029 1417 est
1051 1365 1264 1431 spiritu,
1283 1374 1330 1417 et
1349 1373 1667 1418 contestatur
1693 1375 1792 1426 est,
1820 1376 1868 1419 et
1892 1366 2027 1418 dixit
2051 1379 2072 1419 :

494 1454 683 1511 Amen.
718 1471 870 1507 amen
901 1456 1016 1507 dico
1050 1455 1208 1521 vobis,
1244 1472 1380 1508 unus
1410 1473 1473 1509 ex
1502 1457 1639 1510 vobis
1664 1473 1741 1507 me
1775 1458 2072 1511 traditurus

494 1557 572 1599 est
630 1546 670 1598 ³.
716 1544 792 1599 Ex
850 1545 1048 1614 quibus
1109 1548 1179 1601 ita
1238 1548 1477 1616 perversi
1528 1548 1864 1601 concludunt
1926 1566 1939 1601 :

495 1638 670 1689 virtus
718 1635 805 1690 ille
845 1638 957 1691 sive
1010 1640 1252 1705 potentia
1302 1638 1517 1701 fuisset,
1568 1654 1674 1693 non
1711 1638 1956 1707 profecto
2001 1639 2071 1692 ti-

505 1726 754 1791 muissrt,
781 1729 874 1781 sed
903 1728 1015 1796 ipse
1044 1729 1223 1797 potius
1258 1730 1374 1783 aliis
1403 1730 1508 1783 vim
1531 1740 1586 1784 et
1611 1730 1907 1799 potentiam
1936 1747 2070 1800 prae-

2179 1362 2474 1432 πνεύματι,
2494 1364 2589 1416 καὶ
2606 1364 2986 1434 ιμαρτύρησε,
3010 1366 3105 1419 καὶ
3128 1361 3284 1417 εἶπεν
3307 1381 3323 1395 ο
3362 1366 3563 1434 Ἀμὴν,
3584 1368 3728 1436 ἀμὴν

2173 1453 2327 1523 λέγω
2349 1454 2515 1522 ὑμῖν,
2538 1450 2625 1520 εἷς
2641 1456 2709 1518 ἐξ
2728 1453 2897 1524 ὑμῶν
2913 1455 3255 1524 παραδώσει
3276 1473 3373 1524 με.
3389 1459 3497 1509 Καὶ
3514 1459 3598 1511 ἐπὶ
3623 1459 3730 1512 τοὺ-

2014 1546 2071 1600 Si
2173 1564 2251 1618 τῳ
2276 1549 2440 1616 φασιν
2458 1548 2507 1601 σί
2532 1549 2890 1618 κακόφρονες·
2915 1552 2975 1603 Et
2994 1545 3441 1621 δύναμιςῆν,οὺκ
3458 1550 3521 1603 ἂν
3534 1551 3731 1604 ὲδειλία·

2175 1656 2288 1702 σεν,
2316 1638 2451 1692 ἀλλὰ
2485 1639 2688 1709 μᾶλλον
2722 1639 2819 1692 καὶ
2845 1640 3056 1709 ἑτέροις
3093 1640 3155 1694 τὸ
3184 1641 3449 1695 δύνασθαι
3466 1645 3725 1712 παρεῖχεν.

2176 1727 2313 1787 Εἶτά
2342 1747 2508 1799 φασιν
2531 1748 2543 1761 ·
2570 1732 2632 1784 Εἰ
2650 1733 2818 1800 σοφία
2834 1726 2902 1801 ἦν
2928 1733 3089 1801 φύσει
3121 1732 3356 1803 ἀληθινὴ
3401 1735 3493 1786 καὶ
3524 1734 3623 1786 ἰδία
3651 1734 3731 1787 τοῦ

498 1819 725 1872 huisset.
780 1819 1003 1873 Addunt
1042 1821 1167 1873 item
1202 1840 1213 1873 ε
1245 1820 1299 1874 Si
1329 1830 1526 1875 natura
1574 1838 1701 1877 vera
1745 1833 1801 1877 et
1848 1825 2069 1893 propria

2185 1824 2415 1893 Ιιατρὸς,
2436 1824 2553 1886 πῶς
2575 1826 2891 1894 γέγραπται
2913 1841 2929 1858 ο
2967 1824 3029 1879 '0
3056 1825 3125 1879 δὲ
3161 1827 3400 1891 Ἰησοῦς
3432 1826 3735 1894 προέκοπτε

497 1909 677 1964 Patris
736 1912 999 1979 sapientia
1050 1921 1187 1975 erat,
1231 1928 1327 1965 cur
1382 1914 1543 1984 igitur
1598 1915 1861 1984 scriptum
1929 1928 2012 1971 est
2058 1932 2078 1971 ι

503 2002 568 2054 Et
612 2000 763 2054 Jews
806 2003 1104 2070 proficiebat
1148 2005 1433 2070 sapientia,
1491 2014 1540 2058 et
1624 2016 1780 2061 celate
1821 2017 1870 2060 et
1899 2010 2076 2078 gratia

498 2095 639 2159 apud
672 2092 838 2145 Deum
865 2104 912 2146 et
963 2096 1194 2149 homines
1220 2096 1242 2127 ⁸
1283 2116 1297 2150 :
1334 2097 1586 2167 idemque
1616 2115 1736 2152 cum
1761 2100 2002 2155 venisset
2023 2102 2079 2156 in

461 2240 464 2243 Α
499 2200 533 2252 p
570 2172 679 2237 rtes
691 2184 947 2239 (ἔξοδοι-δερ
964 2184 1215 2258 Philippi,
1239 2188 1898 2260 interrogavitdiscipulos
1915 2208 2078 2263 quem

503 2291 561 2329 se
607 2291 727 2330 esse
747 2277 991 2332 dicerent
1012 2279 1260 2335 homines
1289 2281 1313 2336 ἦ
1339 2299 1353 2336 :
1376 2296 1498 2335 cum
1522 2282 1648 2337 item
1672 2283 1727 2337 in
1756 2283 2077 2340 Bethaniam

501 2368 830 2433 advenisset,
880 2370 1192 2427 sciscitatus
1239 2381 1326 2427 est
1373 2374 1591 2429 ubinam
1640 2377 1850 2444 jaceret
1911 2378 2079 2433 Laza-

503 2476 596 2513 rus
621 2462 641 2492 ⁶
681 2482 692 2512 ;
729 2471 986 2524 praeterea
1047 2464 1329 2533 discipulis
1370 2466 1446 2519 ait
1478 2483 1492 2518 :
1526 2467 1666 2531 Quot
1715 2485 1876 2536 panes
1921 2470 2079 2524 habe-

504 2554 570 2605 tis
617 2554 633 2583 τ
659 2553 681 2604 Ἰ
712 2552 813 2616 Qui
870 2554 1048 2623 igitur,
1107 2557 1381 2621 inquiunt.
1417 2557 1528 2612 ﬁeri
1562 2567 1763 2628 potest,
1800 2570 1859 2613 ut
1892 2562 1979 2615 ille
2008 2561 2081 2617 sit

503 2646 793 2714 sapientia,
818 2647 907 2714 qui
934 2647 987 2700 in
1013 2648 1279 2718 sapientia
1314 2651 1549 2719 prolicit,
1572 2662 1626 2706 et
1663 2666 1725 2707 ea
1760 2655 1937 2709 nescit
1960 2670 2080 2725 quae

505 2739 573 2793 ab
602 2740 722 2793 aliis
755 2747 904 2808 optat
929 2740 1183 2795 discere?
1232 2742 1291 2797 ld
1323 2744 1485 2797 etiam
1518 2744 1680 2798 iidem
1716 2746 1907 2799 dicunt
1938 2748 2079 2813 :Qui

506 2837 685 2898 potest
717 2830 806 2884 ille
838 2831 1119 2900 pr0prium
1153 2833 1331 2888 Patris
1364 2833 1603 2889 Verbum
1638 2851 1778 2898 esse,
1822 2839 1943 2893 sine
1972 2856 2081 2908 quo

507 2939 619 2977 non
650 2923 752 2978 l'uit
774 2925 1067 2994 aliquando
1098 2925 1276 2990 Pater,
1306 2934 1362 2980 et
1394 2942 1490 2996 per
1519 2933 1663 2997 quod
1689 2932 1871 2984 omnia
1895 2930 2078 2995 etlicit,

507 3026 666 3071 utest
690 3027 866 3071 vestra
912 3019 1206 3084 sententia,
1236 3019 1328 3088 qui
1351 3019 1402 3072 in
1426 3034 1588 3075 cruce
1606 3021 1872 3075 clamabat
1902 3044 1913 3076 :
1941 3022 2081 3077 Deus

2180 1915 2493 1983 σοφίᾳ,καὶ
2511 1914 2738 1982 ἡλικίᾳ,
2759 1915 2853 1970 καὶ
2875 1915 3073 1983 χάριτι
3096 1918 3259 1984 παρὰ
3281 1916 3407 1981 Θεῷ
3425 1917 3518 1969 καὶ
3533 1914 3735 1982 ἀνθρώ·

2180 2024 2357 2073 ποις;
2380 2008 2488 2061 Καὶ
2526 2006 2699 2061 ἐλθὼν
2723 2010 2805 2069 εἰς
2828 2009 2896 2062 τὰ
2919 2008 3058 2078 μέρη
3083 2008 3426 2078 Καισαρείας
3452 2008 3550 2077 τῆς
3575 2008 3741 2060 Φιλίπ-

2182 2117 2285 2154 που
2333 2099 2659 2153 ὲπυνθάνετο
2704 2099 2855 2170 παρὰ
2892 2099 3000 2152 τῶν
3041 2099 3300 2170 μαθητῶν
3345 2100 3467 2153 τίνα
3512 2099 3738 2167 λέγουσιν

2180 2192 2343 2246 αὑτὸν
2370 2192 2419 2244 ot
2438 2191 2724 2261 ,ἄνθρωποι
2749 2188 2907 2244 εἶναι.
2942 2191 3035 2253 Εἰς
3066 2189 3124 2244 δὲ
3150 2190 3248 2261 τὴν
3282 2190 3550 2258 Βηθανίαν
3578 2204 3740 2258 παρα-

2179 2284 2472 2353 γενόμενος
2505 2284 2705 2353 ἐρωτᾷ,
2739 2282 2841 2335 ποῦ
2877 2281 3129 2353 Λάζαρος
3161 2284 3344 2335 κεῖται
3366 2298 3381 2315 ο
3411 2281 3562 2348 ἔλεγε
3585 2280 3641 2333 δὲ
3664 2279 3746 2332 καὶ

2179 2378 2294 2439 τοῖς
2322 2376 2833 2447 μαθηταῖς,Πόσους
2862 2376 3062 2442 ἄρτους
3091 2374 3242 2443 ἔχετε
3270 2393 3286 2434 ;
3317 2373 3440 2436 Πῶς
3465 2372 3555 2426 οὖν
3577 2387 3745 2461 φασινζ

2179 2462 2333 2532 οὗτος
2371 2462 2532 2536 σοφία
2558 2468 2617 2519 ὲν
2643 2467 2804 2537 σοφίᾳ
2838 2466 3185 2535 προκόπτων,
3212 2464 3311 2518 καὶ
3340 2463 3549 2531 ἀγνοῶν
3576 2462 3609 2516 ἃ
3632 2478 3730 2527 παρ

2181 2558 2384 2627 ἑτέρων
2412 2555 2703 2626 μανθάνειν
2733 2554 2922 2624 ἠξίους
2956 2554 3079 2608 Ἐτι
3099 2554 3157 2607 δὲ
3189 2553 3287 2607 καὶ
3320 2552 3478 2606 τοῦτο
3510 2550 3633 2621 παρ’
3657 2550 3745 2603 aii-

2181 2649 2290 2702 τῶν
2328 2647 2644 2719 λεγόμενον,
2674 2648 2798 2711 Πῶς
2837 2647 3060 2703 δύναται
3104 2646 3278 2715 Λόγος
3311 2647 3443 2711 ῐδιος
3484 2641 3617 2699 εἶναι
3664 2643 3746 2698 τοῦ

2181 2741 2417 2811 Πατρὸς,
2456 2737 2517 2795 οὗ
2546 2740 2676 2795 ἄνευ
2713 2740 2815 2793 οὐκ
2842 2735 2910 2811 ἦν
2945 2756 3074 2793 ποτε
3105 2740 3299 2809 Πατὴρ
3322 2779 3338 2798 .
3369 2738 3466 2792 καὶ
3495 2737 3560 2792 δι’
3593 2731 3652 2791 οὗ
3687 2736 3747 2790 τὰ

2182 2834 2364 2885 πάντα
2410 2830 2604 2893 ἐποίει,
2655 2832 2731 2894 ὼς
2791 2831 2950 2901 ὑμεῖς
2999 2833 3248 2899 φωνεῖτε,
3296 2832 3327 2884 ὁ
3375 2831 3470 2885 ἐπὶ
3526 2831 3620 2899 μὲν
3664 2827 3749 2881 τοῦ

2182 2923 2427 2994 Σταυροῦ
2459 2924 2631 2991 λέγων
2652 2941 2664 2953 ·
2684 2924 2785 2977 Θεέ
2818 2923 3058 2994 μου,Θεὲ
3083 2941 3206 2992 μου,
3239 2923 3388 2977 τνατί
3422 2940 3489 2992 με
3538 2925 3748 2990 ἐγκατέ-

2182 3013 2370 3077 λειπες
2396 3031 2412 3080 ;
2438 3014 2551 3084 Πρὸ
2585 3014 2641 3067 δὲ
2677 3013 2869 3068 τούτου
2903 3013 3193 3082 εὐχόμενος
3213 3027 3230 3045 ο
3261 3013 3503 3077 Δόξασόν
3543 3029 3633 3065 σου
3672 3011 3752 3062 τὸν

508 3125 675 3171 meus,
731 3125 897 3178 quare
934 3110 1255 3179 dereliquisti
1307 3126 1388 3163 me
1410 3110 1476 3163 °?
1513 3109 1603 3164 Sic
1632 3113 1796 3165 etiam
1829 3122 2080 3184 precatus

2188 3108 2316 3161 Υίὸν
2334 3123 2347 3136 ·
2365 3107 2460 3160 καί
2483 3106 2741 3192 ’Δοξασόν
2772 3124 2840 3176 με
2863 3107 2953 3172 σὺ,
2973 3105 3176 3176 Πάτερ,
3194 3108 3260 3176 τῇ
3280 3106 3431 3177 δόξῃ,
3506 3104 3643 3176 εἶχον
3660 3105 3752 3175 πρὸ

508 3211 622 3255 erat
638 3220 648 3252 :
664 3200 914 3270 Gloriﬁca
939 3202 1128 3255 Filium
1147 3211 1293 3256 tuum
1313 3204 1333 3235 ⁸
1355 3221 1370 3270 ;
1403 3213 1485 3257 et:
1512 3202 1765 3274 ϐίονὶρω
1779 3223 1880 3275 me,
1902 3206 2084 3271 Pater,

506 3294 678 3365 gloria
726 3302 885 3363 quam
932 3295 1089 3347 habui
1143 3298 1285 3363 apud
1363 3305 1430 3358 te,
1479 3297 1787 3363 priusquam
1861 3308 2085 3352 mundus

509 3387 659 3454 ﬁeret
690 3386 760 3437 ”.
815 3385 1075 3439 Precatus
1120 3386 1248 3439 item
1301 3395 1388 3440 est
1442 3388 1496 3441 in
1548 3389 1888 3442 solitudine:
1924 3391 2086 3445 disci-

512 3478 775 3546 pulosque
803 3485 889 3529 est
926 3475 1176 3530 hortatus
1208 3477 1274 3530 ad
1309 3478 1598 3542 orandum,
1630 3495 1699 3533 ne
1731 3481 1999 3535 intrarent
2031 3482 2085 3535 in

512 3568 892 3620 tentationem.
923 3565 988 3620 Et
1025 3584 1039 3622 :
1073 3568 1304 3637 Spiritus
1331 3570 1561 3639 quidem,
1589 3571 1790 3636 aiebat,
1818 3582 2087 3641 promptus

511 3670 604 3719 est,
647 3676 770 3712 caro
812 3670 989 3714 autem
1022 3661 1234 3729 inﬁrma
1266 3662 1332 3714 “.
1383 3661 1444 3715 Et
1475 3679 1489 3716 :
1516 3661 1590 3716 De
1615 3663 1701 3717 die
1728 3673 1777 3717 et
1827 3665 1957 3717 liora
1990 3665 2085 3718 illa

515 3769 662 3805 nemo
692 3753 851 3813 novit,
888 3768 1051 3822 neque
1076 3753 1271 3823 angeli,
1303 3770 1467 3824 neque
1494 3754 1661 3808 Filius
1681 3755 1746 3808 ".
1784 3755 1860 3810 Ex
1888 3756 2088 3827 quibus

516 3846 742 3902 locisita
801 3847 1035 3919 improbi
1066 3858 1519 3919 argumentantur
1546 3866 1562 3903 :
1598 3848 1677 3913 Si,
1711 3858 1770 3903 ut
1802 3864 1900 3905 vos
1932 3860 2088 3920 puta-

517 3941 605 4005 tis,
653 3954 869 4010 semper
897 3940 1069 3996 Filius
1124 3942 1267 4010 apud
1318 3939 1533 3996 Patrem
1574 3941 1897 4006 exstitisset,
1942 3942 2087 3996 diem

518 4033 670 4086 illum
700 4035 927 4089 minime
958 4035 1254 4105 ignoraret.
1294 4035 1389 4089 sed
1419 4044 1676 4103 tauquam
1718 4034 1953 4089 Verbum
1996 4050 2089 4089 co-

515 4136 805 4196 gnosceret
843 4144 855 4187 :
906 4141 1009 4181 nec
1034 4126 1164 4180 item
1195 4142 1224 4180 a
1282 4127 1438 4179 Patre
1469 4125 1963 4195 derelinqueretur,
1995 4125 2087 4192 qui

519 4232 627 4271 una
679 4232 801 4271 cum
836 4218 956 4287 ipso
984 4218 1295 4281 exsisteret;
1354 4231 1457 4271 nec
1494 4217 1718 4286 gloriam
1762 4217 2086 4286 postularet,

517 4309 753 4377 quamin
787 4308 946 4361 Patre
973 4308 1217 4374 haberet;
1252 4322 1355 4361 nec
1387 4307 1623 4377 denique
1652 4323 1873 4377 prorsus
1900 4324 2090 4378 preca-

519 4408 691 4462 retur,
723 4401 921 4468 quippe
945 4398 1059 4468 qui.
1088 4408 1146 4453 ut
1179 4398 1436 4465 Verbum,
1470 4400 1614 4454 nulla
1655 4400 1880 4454 omnino
1912 4415 1971 4454 re
2000 4399 2087 4453 iu-

2192 3198 2286 3253 τοῦ
2317 3199 2410 3253 τὸν
2445 3197 2650 3268 κόσμον
2681 3191 2825 3250 εἶναι
2864 3196 3015 3267 παρὰ
3048 3199 3163 3263 σοὶ,
3200 3200 3300 3250 καὶ
3337 3198 3535 3268 ηὔχετο
3565 3200 3620 3250 ἐν
3646 3197 3753 3257 ταῖς

2192 3292 2440 3359 ἐρήμοις,
2477 3290 2571 3342 καὶ
2592 3288 2933 3360 παρήγγελλε
2951 3290 3064 3353 τοῖς
3097 3289 3375 3359 μαθηταῖς
3408 3288 3656 3359 εὔχεσθαι
3688 3288 3754 3359 μὴ

2193 3379 2452 3433 εἰσελθεῖν
2465 3381 2544 3445 εἰς
2576 3379 2906 3450 πειρασμὸν,
2937 3380 3030 3432 καί
3056 3396 3068 3410 ⁸
3090 3380 3164 3433 Τὸ
3187 3381 3290 3449 μὲν
3321 3381 3542 3452 πνεῦμα
3570 3380 3758 3451 πρόθυ-

2197 3491 2297 3542 μον
2337 3473 2541 3541 ἑλεγεν,
2582 3474 2615 3541 ἡ
2660 3472 2718 3524 δὲ
2763 3471 2896 3542 σὰρξ
2930 3472 3200 3543 ἀσθενήςο
3225 3475 3326 3528 καὶ
3365 3476 3488 3527 ὅτιο
3518 3474 3644 3544 Περὶ
3669 3473 3756 3541 τῆς

2192 3564 2411 3634 ὴμέρας
2438 3565 2654 3634 ἐκείνης
2673 3604 2687 3629 ,
2720 3564 2815 3616 καὶ
2848 3566 2947 3633 τῆς
2974 3562 3124 3634 ὥρας
3155 3565 3334 3628 οὐδεὶς
3359 3561 3500 3619 οἶδεν
3521 3605 3535 3631 ,
3568 3564 3684 3618 οὔτε
3713 3564 3756 3616 oi

2194 3656 2441 3724 ἄγγελοι,
2470 3654 2594 3708 οὔτε
2627 3658 2654 3708 ὁ
2684 3655 2811 3717 Υἱός
2837 3672 2852 3719 ;
2888 3651 3021 3708 Εἶτα
3050 3655 3212 3709 πάλιν
3242 3658 3416 3724 φασὶν
3448 3658 3541 3710 ἐπὶ
3567 3655 3757 3717 τούτοις

2194 3750 2244 3802 οἱ
2272 3748 2527 3802 δείλαιοι·
2549 3748 2611 3801 Et
2637 3742 2705 3819 ἦν
2730 3746 2871 3800 κατά
2898 3747 2997 3818 τὴν
3024 3748 3300 3819 ὑμετέραν
3330 3749 3572 3803 διάνοιαν
3589 3748 3757 3810 arato;

2195 3843 2455 3913 ὑπάρχων
2495 3841 2631 3912 πρὸς
2667 3840 2760 3895 τὸν
2791 3840 2958 3907 Θεὸν,
2992 3839 3115 3894 οὔτε
3149 3841 3214 3895 ἂν
3245 3841 3490 3911 ἠγνόησε
3524 3840 3649 3910 περὶ
3671 3840 3759 3907 τῆς

2195 3932 2431 4003 ἡμέρας,
2455 3930 2569 3985 ἀλλ’
2599 3930 2892 3999 ἐγίνωσκεν
2917 3931 2992 3994 ὡς
3014 3931 3187 3999 Λόγος
3206 3948 3221 3961 ’
3242 3931 3362 3985 οὐδ’
3381 3932 3450 3985 ἂν
3468 3924 3761 3998 ἐγκατελεί-

2195 4040 2326 4076 πετο
2354 4022 2430 4080 ὡς
2458 4021 2851 4092 συνυπάρχων,
2882 4020 3006 4076 οὔτε
3036 4020 3194 4087 δόξαν
3223 4021 3352 4092 ᾔτει
3381 4021 3568 4075 λαϐεῖν
3586 4060 3602 4087 ,
3633 4018 3760 4088 ἔχων

2195 4117 2363 4188 αὐτὴν
2411 4117 2469 4169 ἐν
2494 4115 2573 4184 τῷ
2610 4117 2809 4185 Πατρὶ,
2836 4115 2960 4169 οὕτε
2979 4115 3118 4178 ὅλως
3154 4114 3386 4184 ηῠχετο·
3412 4113 3625 4174 οὐδενὸς
3662 4108 3761 4177 γὰρ

2193 4208 2268 4271 ὡς
2306 4209 2477 4276 Λόγος
2514 4205 2589 4259 ὢν
2627 4207 2823 4260 ἐδέετο·
2860 4204 2974 4257 ἀλλ’
3004 4207 3127 4258 ἐπεὶ
3165 4205 3382 4275 κτίσμα
3415 4204 3535 4257 ἐστὶ
3561 4202 3654 4256 καὶ
3688 4194 3763 4261 εἷς

2192 4301 2301 4353 τῶν
2330 4298 2595 4372 γενητῶν,
2624 4297 2711 4351 διὰ
2736 4297 2893 4350 τοῦτο
2920 4295 3141 4351 τοιαῦτα
3165 4295 3345 4364 ἔλεγε,
3379 4297 3477 4349 καὶ
3505 4294 3673 4347 ἐδέετο
3695 4283 3763 4344 ὧν

2194 4392 2294 4446 οὐκ
2314 4388 2445 4462 εἶχε.
2470 4389 2797 4459 κτισμάτων
2818 4388 2925 4458 γὰρ
2946 4388 3075 4441 ἴδιον
3088 4386 3149 4440 τὸ
3170 4387 3424 4457 χρῄζειν,
3450 4387 3546 4439 καὶ
3562 4381 3764 4437 δέεσθαι

519 4490 749 4558 digeret.
779 4488 981 4544 Verum
1013 4491 1139 4560 quia
1167 4500 1222 4545 et
1252 4499 1469 4546 creatus
1502 4502 1617 4547 erat
1642 4502 1699 4546 et
1729 4506 1838 4545 una
1863 4505 1893 4545 e
1927 4492 2080 4546 rebus

2192 4475 2267 4535 ὧν
2299 4482 2399 4535 οὐκ
2428 4479 2630 4550 έχουσι.
2662 4477 2901 4532 Τοιαῦτα
2934 4477 3033 4548 μὲν
3057 4475 3149 4529 οὖν
3177 4476 3226 4527 ol
3262 4474 3488 4536 ἀσεϐεῖς
3516 4474 3762 4541 ἐξάρχον-

521 4582 701 4646 factis,
750 4581 879 4637 hinc
931 4582 1008 4636 ita
1054 4583 1393 4652 loquebatur,
1426 4582 1620 4651 hisque
1664 4582 1935 4651 indigebat
1967 4599 2080 4652 quae

2191 4590 2284 4626 ται
2300 4572 2498 4625 λαλεῖν.
2527 4571 2673 4623 Ἔδει
2693 4570 2753 4623 δὲ
2774 4569 2948 4623 ταῦτα
2970 4568 3358 4636 λογιζομένους
3377 4569 3559 4621 εἰπεῖν
3583 4563 3767 4623 αὐτοὺς

522 4690 632 4729 non
658 4675 775 4745 ipse
802 4674 1052 4730 habebat.
1093 4674 1376 4745 Siquidem
1402 4688 1587 4728 rerum
1621 4681 1927 4729 creatarum
1958 4688 2080 4743 pro-

2192 4666 2287 4720 καὶ
2311 4663 2726 4735 τολμηρότερον⁹
2750 4662 2901 4715 Διατὶ
2926 4661 3060 4722 ὅλως
3088 4658 3224 4728 σὰρξ
3250 4660 3510 4727 ἐγένετος
3543 4658 3651 4711 Καὶ
3673 4655 3768 4709 πά-

526 4770 700 4839 prium
746 4778 831 4825 est
884 4770 970 4823 his
1050 4768 1295 4838 indigere
1345 4782 1467 4836 quae
1517 4781 1629 4821 non
1677 4765 1900 4819 habent.
1968 4764 2080 4819 Haec

2192 4758 2276 4811 λιν
2300 4756 2547 4809 ἐπειπεῖν
2567 4767 2581 4782 ⁶
2613 4753 2736 4815 Πῶς
2756 4751 2865 4821 γὰρ
2884 4750 3113 4821 ἠδύνατο
3133 4749 3264 4812 Θεὸς
3294 4748 3375 4803 ὢν
3403 4749 3657 4819 γενέσθαι
3685 4746 3768 4801 ἀν-

527 4862 689 4931 igitur
732 4872 1011 4932 suntquae
1061 4862 1215 4932 impii
1263 4860 1593 4916 insaniendo
1624 4860 1935 4931 proferunt.
1988 4859 2080 4925 Qui

2198 4850 2413 4919 θρωπος
2440 4863 2455 4913 ;
2489 4848 2558 4899 "H
2584 4845 2698 4907 πῶς
2728 4844 2963 4915 ἠδύνατο
2987 4843 3278 4913 ἀσώματος
3309 4843 3477 4912 σῶμα
3511 4840 3763 4911 φορέσαι;

524 4952 771 5020 quidem,
792 4969 913 5007 cum
938 4970 1024 5008 res
1049 4954 1359 5024 huiusmodi
1387 4955 1649 5023 cogitent,
1681 4963 1904 5024 possent
1931 4952 2080 5007 etiau

2201 4941 2267 4995 Ἢ
2318 4943 2411 4995 καὶ
2461 4936 2896 5006 Ἰουδαῖκὼτερον
2939 4937 3081 4989 κατὰ
3128 4934 3221 4988 τὸν
3268 4934 3541 5002 Καῖάφαν
3568 4931 3771 4985 εἰπεῖν’

524 5041 785 5097 audacius
818 5044 1192 5113 interrogare:
1223 5046 1401 5110 Quare
1435 5045 1666 5099 omnino
1702 5043 1936 5098 Verbum
1970 5059 2080 5098 cart

2198 5036 2352 5090 Διατί
2392 5034 2525 5094 ὅλως
2566 5030 2850 5101 ἄνθρωπος
2871 5027 2946 5082 ὢν
2979 5027 3112 5082 Θεὸν
3144 5024 3337 5080 ἑαυτὸν
3380 5026 3563 5089 ποιεῖς
3597 5023 3769 5075 Ταῦτα

527 5137 730 5190 factum
786 5134 889 5199 sit;
925 5144 1147 5205 tumque
1181 5136 1509 5207 subiungere
1553 5153 1566 5188 :
1632 5136 1920 5201 Quomodo
1951 5138 2080 5190 enin

2198 5129 2307 5199 γὰρ
2342 5128 2436 5181 καὶ
2478 5124 2545 5179 τὰ
2584 5123 2795 5185 τούτοις
2828 5121 3186 5193 παραπλήσια
3225 5120 3353 5172 τότε
3387 5118 3491 5187 μὲν
3544 5114 3770 5207 Ἰουδαῖοι

529 5227 621 5281 ille
648 5226 737 5296 qui
771 5226 909 5283 Deus
936 5204 1074 5289 erat,
1100 5229 1262 5281 homo
1290 5204 1443 5298 potui
1506 5228 1685 5282 ﬁerit?
1714 5227 1807 5282 Vel
1828 5227 2080 5297 quomodt

2202 5221 2485 5291 βλέποντες
2547 5214 2876 5285 ἐγόγγυζον,
2936 5212 3029 5267 νῦν
3084 5212 3143 5266 δὲ
3202 5210 3676 5278 ἀναγινώσκοντες
3722 5204 3767 5255 οί

531 5321 622 5374 ille
660 5309 750 5389 qui
780 5322 1024 5390 corporis
1042 5335 1237 5391 expers
1269 5329 1373 5378 est.
1409 5335 1611 5390 corpus
1641 5322 1818 5391 potuit
1851 5329 2064 5391 gestare

2203 5312 2610 5385 ’Λρειομανίται
2645 5306 2956 5370 ἀπιστοῦσι,
2981 5306 3073 5359 καὶ
3105 5305 3185 5365 εἰς
3216 5302 3583 5374 βλασφημίαν
3619 5300 3773 5352 ἐκπε-

534 5413 646 5467 lino
677 5414 809 5481 quin
832 5411 1052 5467 Iudaeos
1085 5414 1266 5482 potius
1322 5413 1612 5467 imitentur
1650 5423 1707 5468 et
1740 5429 1863 5468 cum
1890 5412 2080 5484 Caiph:

2206 5406 2508 5462 πτώκασιν.
2540 5402 2609 5458 Et
2627 5419 2712 5465 τις
2737 5396 2830 5455 οὖν
2858 5400 2924 5452 ὲκ
2949 5396 3295 5467 παραλλήλου
3330 5395 3403 5448 τὰ
3430 5392 3651 5455 τούτων,
3685 5403 3774 5439 κα-

3249 5598 3270 5630 ⁵
3300 5595 3505 5651 Mattb.
3545 5613 3653 5659 ενι,
3690 5592 3771 5647 13.

3252 5682 3316 5722 ιι.
3354 5671 3410 5722 5.
3518 5668 3560 5700 ¹⁸
3591 5667 3771 5722 Matth.

3643 5683 3774 5721 attn.

2686 5606 2708 5639 ⁸
2792 5606 2923 5661 Luc.
2955 5621 3017 5667 ιι,
3051 5603 3138 5656 52.

650 5623 668 5654 ⁸
712 5623 871 5677 Joan.
905 5640 1004 5690 xu,
1032 5623 1124 5687 27,
1154 5620 1243 5675 28.
1357 5624 1380 5656 ’
1432 5620 1619 5677 Matth.
1658 5635 1804 5677 xxw.
1839 5620 1925 5672 50.
2042 5620 2062 5647 ³

650 5708 734 5731 mn
791 5709 841 5731 τι
898 5695 963 5731 42
1061 5695 1078 5724 ’1
1137 5691 1277 5731 Μαι-ρ
1329 5709 1378 5731 ιιι
1444 5692 1511 5731 32
1631 5691 1652 5722 ⁸
1702 5688 1867 5731 Matth
1924 5703 2080 5731 \‘tvtt.

2185 5627 2274 5667 an.
2320 5628 2436 5676 xm,
2480 5620 2572 5664 '21.
2686 5620 2708 5639 '
2792 5620 2923 5661 Luc.
2955 5621 3017 5667 11,
3051 5620 3138 5656 az.
3249 5620 3269 5630 '
3300 5620 3410 5651 mal

2185 5685 2218 5731 ἲ.
2312 5687 2332 5717 ⁸
2391 5682 2547 5731 Joan.
2579 5695 2676 5731 xu.
2707 5677 2800 5731 28.
2897 5676 2943 5707 ¹⁰
2972 5676 3130 5729 Joan.
3178 5682 3316 5731 X‘t’llr
3354 5671 3410 5722 5-

533 5697 554 5724 ⁸
602 5694 757 5749 Joan.
791 5709 865 5757 ιι,
898 5695 983 5746 l8.
1061 5695 1078 5724 ⁷
1135 5691 1298 5745 Marc.
1329 5709 1401 5751 vr.
1444 5692 1531 5745 38.

538 5781 682 5826 xuii,
735 5762 822 5813 ιι.
898 5763 939 5791 ¹²
972 5762 1136 5816 Marc.
1204 5777 1321 5823 xm,
1363 5764 1451 5816 52.

1357 5624 1380 5656 θ
1432 5620 1619 5677 Matth.
1658 5635 1804 5677 xxw,
1839 5617 1925 5672 50.
2042 5617 2062 5647 ³
2116 5613 2274 5668 Joan.
2320 5628 2436 5676 xm,
2480 5612 2572 5664 ει.
2686 5612 2708 5639 ⁸

1365 5709 1401 5743 ι.
1444 5692 1531 5743 58.
1631 5691 1652 5722 ⁸
1701 5688 1891 5743 Matth.
1924 5703 2090 5743 xxvn.
2127 5684 2218 5739 46.
2312 5687 2332 5717 ⁹
2391 5682 2547 5737 Joan.
2579 5695 2676 5743 xu,
2707 5677 2777 5733 28

1755 5706 1891 5746 altu.
1924 5706 2090 5751 XXV/ll,
2127 5706 2218 5739 ἰυ-
2314 5706 2330 5717 ’
2391 5706 2547 5737 Juau.
2580 5706 2676 5746 ιιι,
2711 5706 2800 5733 ιο.
