4102 6298
311 392 413 459 ιιι

1310 393 1684 454 PANOPLIA
1725 393 2181 458 DOGMATICA.
2221 419 2290 431 ··-
2323 395 2472 456 TlT.
2499 395 2604 456 XI.

3463 391 3570 458 422

312 507 509 562 κείνων
532 506 772 572 ἐξετάζοι
796 511 1036 580 ῥήματα,
1069 507 1288 578 εὑρήσει
1317 508 1534 568 πάντως
1561 509 1641 571 είς
1665 506 1762 577 τὴν
1792 506 1888 559 αὑ-

1991 509 2226 565 clament
2250 527 2263 564 ι
2293 509 2403 564 Cur
2421 507 2692 571 Christus,
2713 505 2802 575 qui
2825 506 2990 561 homo
3016 514 3119 572 est,
3139 505 3377 574 seipsum
3397 503 3566 560 Deum

309 598 410 671 τὴν
446 597 646 662 αὐτοὺς
686 601 1062 663 συναντῶντας
1100 600 1381 666 ἀπιστίαν,
1424 599 1520 650 καὶ
1563 600 1685 668 ἴσην
1717 598 1897 652 αὐτῶν

310 691 412 758 τῆς
442 689 695 752 ἀσεϐείας
737 690 834 759 τὴν
866 691 1090 760 τόλμαν,
1127 691 1221 744 καὶ
1264 691 1450 760 κοινὴν
1497 691 1678 744 αὐτῶν
1731 690 1898 744 οὖσαν

308 782 408 851 τὴν
437 781 574 850 πρὸς
602 781 748 850 ἡμᾶς
782 782 982 851 μάχην.
1020 783 1263 834 Ἰουδαῖοι
1295 783 1391 852 μὲν
1409 784 1516 852 γὰρ
1538 782 1751 850 ἔλεγον·
1773 781 1896 844 Πῶς

313 871 631 943 Ἀνθρωπος
659 871 756 938 ὣν,
783 874 1002 927 δύναται
1033 875 1163 937 Θεὸς
1187 872 1326 928 εῖναι
1354 891 1368 939 ;
1419 876 1686 946 ’Apstavoi
1701 875 1758 928 δέ
1783 890 1796 904 ·
1833 875 1896 927 Εἰ

309 966 442 1028 Θεὸς
485 962 556 1037 ἦν
591 967 838 1037 ἀληθινὸς
881 970 946 1020 ὲκ
989 968 1077 1020 τοῦ
1123 969 1280 1031 Θεοῦ,
1333 969 1565 1040 ἠδύνατο
1610 969 1896 1033 ἄνθρωπος

310 1059 593 1123 γενέσθαις
631 1060 724 1112 καὶ
769 1059 1012 1112 Ἰουδαῖοι
1043 1059 1514 1124 ἐσκανδαλίζοντο,
1551 1060 1646 1113 καὶ
1680 1058 1896 1129 Eximio:

311 1150 404 1212 ζον
425 1150 697 1218 λέγοντες·
723 1153 835 1206 Οὐκ
856 1152 922 1206 ἂν
946 1145 1006 1206 οὗ
1023 1170 1124 1218 ;ος,
1142 1155 1191 1207 εί
1218 1150 1284 1225 ἦν
1306 1154 1390 1206 Υί“
1407 1172 1433 1216 ς
1455 1153 1612 1219 Θεοῦ,
1635 1153 1892 1223 ὑπέμεινε

311 1243 562 1309 σταυρόν.
610 1244 875 1313 ’Λρειανοὶ
913 1243 970 1296 δὲ
1015 1246 1097 1308 είς
1143 1246 1204 1297 τὸ
1246 1246 1580 1316 καταντικρὺ
1605 1247 1894 1315 στήκοντες

308 1334 492 1384 αὐτῶν
530 1335 830 1401 φάσκουσιν
858 1337 989 1404 ἡμῖν
1012 1376 1026 1399 ,
1087 1337 1208 1398 Πῶς
1240 1337 1474 1405 τολμᾶτε
1505 1337 1684 1404 λέγειν
1720 1338 1891 1403 Λόγον

311 1424 445 1476 ἴδιον
477 1422 614 1478 εἶναι
641 1426 739 1492 τῆτ
768 1427 862 1479 τοῦ
897 1429 1106 1497 Πατρὸς
1135 1429 1324 1491 οὐσίας
1355 1430 1444 1481 τὸν
1475 1431 1668 1498 ἔχοντα
1699 1428 1887 1497 σῶμα;

321 1508 458 1568 Εἶτα
494 1516 600 1566 τῶν
653 1517 922 1570 Ἰουδαίων
955 1519 1262 1587 ζητούντων
1294 1520 1616 1580 ἀποκτεῖναι
1647 1520 1737 1572 τὸν
1773 1520 1888 1571 Κύ-

318 1622 455 1674 ριον,
503 1607 583 1660 ’ὁτι
634 1608 852 1677 Πατέρα
893 1609 986 1661 τὸν
1023 1609 1155 1662 Θεὸν
1193 1610 1378 1678 ἔλεγεν
1423 1611 1551 1663 ἴδιον
1589 1605 1750 1673 εἶναι,
1792 1609 1888 1664 καὶ

313 1697 427 1748 ἴσον
449 1697 641 1750 ἑαυτὸν
663 1700 836 1751 ἐποίει
866 1700 1228 1769 ἐργαζόμενος
1251 1701 1286 1754 ἃ.
1309 1703 1600 1770 ἐργάζεται
1627 1703 1653 1753 ὁ
1674 1702 1883 1772 Πατὴρ,

309 1787 516 1854 ἔμαθον
538 1790 586 1841 οί
611 1789 881 1858 Ἀρειανοὶ
906 1792 1084 1857 λέγειν
1108 1793 1198 1845 καὶ
1224 1793 1400 1856 αὐτοὶ,
1419 1793 1499 1845 ὅτι
1519 1791 1643 1845 οὔτε
1675 1793 1786 1856 ἴσος
1809 1793 1886 1863 τῷ

2000 603 2132 658 fecit
2165 603 2180 634 ¹
2217 603 2239 655 ?
2292 603 2379 656 his
2433 601 2580 655 enim
2611 609 2666 654 et
2697 599 2968 654 similibus
3015 597 3362 653 sermonibus
3392 597 3564 653 Judaei

1997 695 2131 751 olim
2179 693 2586 762 obstrepebant,
2639 706 2762 745 cum
2801 691 2918 744 haec
2953 690 3224 750 viderent,
3253 704 3374 758 qua:
3413 705 3562 744 nunc

1995 785 2182 840 Ariani
2235 785 2496 854 legentes,
2554 782 2750 834 nolunt
2803 780 3051 844 credere,
3085 778 3180 834 sed
3211 781 3276 834 ad
3313 780 3566 847 blasphe-
3677 819 3680 822 .

1997 879 2138 932 mias
2187 875 2392 944 delapsi
2457 882 2606 927 sunt.
2667 872 2721 924 Si
2757 872 2880 939 quis
2945 871 3112 939 igitur
3157 869 3471 925 Iudaeorum
3510 876 3567 922 et

1993 970 2320 1022 Arianorum
2375 966 2540 1020 verba
2577 965 2717 1018 inter
2748 979 2806 1017 se
2851 963 2980 1015 velit
3024 961 3296 1024 conferre,
3326 961 3374 1014 is
3408 960 3565 1014 facile

1993 1059 2290 1130 perspiciet
2313 1059 2432 1113 illos
2456 1058 2510 1111 in
2543 1056 2794 1111 eamdem
2817 1054 3042 1110 omnino
3073 1053 3447 1108 inﬁdelitatem
3482 1055 3567 1106 in-

1992 1168 2238 1216 currere,
2268 1165 2567 1222 paremque
2595 1163 2788 1204 eorum
2822 1147 3153 1216 impietatem
3177 1156 3230 1201 et
3256 1145 3563 1210 audaciam,

1992 1259 2056 1298 ac
2092 1257 2440 1298 communem
2475 1241 2587 1296 illis
2619 1248 2812 1295 contra
2843 1253 2943 1292 nos
2972 1251 3096 1292 esse
3135 1252 3394 1306 pugnam.
3425 1233 3563 1288 Nam

1989 1335 2164 1392 Judzei
2213 1335 2432 1406 quidem
2491 1335 2754 1388 aiebant:
2824 1330 2927 1398 Qui
2985 1330 3100 1384 ﬁeri
3133 1337 3314 1399 potest
3380 1337 3439 1382 ut
3475 1328 3565 1383 ille

1989 1430 2082 1500 qui
2117 1431 2279 1484 homo
2308 1440 2413 1489 est,
2464 1427 2604 1482 Deus
2636 1427 2745 1480 sit?
2793 1425 2980 1479 Ariani
3007 1438 3137 1477 vero
3167 1440 3181 1475 :
3217 1422 3274 1475 Si
3301 1422 3441 1474 Deus
3473 1435 3562 1474 ve-

1991 1537 2085 1576 rus
2132 1530 2300 1576 estex
2358 1521 2485 1581 Deo,
2517 1534 2624 1587 quo
2661 1526 2820 1588 pacto
2857 1517 3035 1586 potuit
3065 1513 3179 1568 ﬁeri
3209 1512 3374 1565 homo
3409 1511 3431 1564 ?
3461 1510 3562 1564 Ju-

1987 1614 2085 1670 daei
2121 1621 2380 1682 praeterea
2417 1611 2733 1666 scandalum
2753 1609 3117 1686 patiebantur,
3142 1603 3564 1674 hujustnodique

1989 1704 2384 1759 cavillabantur
2413 1701 2597 1758 verbis
2631 1719 2643 1755 :
2683 1699 2742 1754 Si
2783 1699 2950 1754 Filius
2983 1697 3075 1752 Dei
3107 1705 3254 1752 esset
3284 1697 3408 1758 iste,
3438 1709 3564 1747 cru-

1989 1811 2108 1850 cem
2140 1811 2249 1850 non
2279 1795 2584 1850 tolerasset.
2607 1792 2686 1846 Ex
2717 1792 2942 1846 adversa
3005 1798 3188 1844 autem
3220 1796 3372 1858 parte
3402 1786 3564 1839 Aria-

313 1878 436 1948 Θεῷ
466 1880 636 1944 ἐστιν,
667 1880 790 1933 οὕτε
827 1882 1019 1952 Πατὴρ
1051 1884 1179 1946 ἴδιός
1204 1886 1315 1936 ἐστι
1351 1883 1443 1936 καὶ¹
1472 1883 1632 1953 φύσει
1661 1883 1755 1937 τοῦ
1783 1861 1889 1938 Δόξ-

1992 1885 2049 1936 ni
2081 1883 2196 1937 haec
2227 1898 2326 1936 nos
2347 1884 2685 1951 interrogant
2736 1899 2750 1934 :
2782 1881 2963 1944 Quare
3008 1892 3324 1933 asseverare
3351 1876 3566 1931 audetis

312 1986 414 2032 Υου
450 1973 479 2021 ὁ
510 1971 644 2033 Θεός
667 1988 679 2001 ·
737 1974 872 2025 ἀλλὰ
903 1975 1028 2036 τοὺς
1063 1974 1130 2028 τά
1166 1974 1392 2027 τοιαῦτα
1425 1976 1754 2044 φρονοῦντας
1789 1977 1889 2047 ζη-

305 2061 498 2114 τοῦσιν
525 2063 864 2119 ἀποκτεῖναι.
893 2065 1060 2119 Πάλιν
1086 2083 1144 2119 τε
1171 2066 1276 2119 τῶν
1305 2066 1577 2122 Ἰουδαίων
1596 2068 1885 2136 λεγόντων·

304 2155 433 2222 οὐχ
457 2150 635 2219 οὗτός
665 2157 837 2211 ἐστιν
876 2158 1157 2225 Ἰησοῦςό
1184 2159 1314 2224 Υἱὸς
1359 2159 1596 2228 Ἰωσὴφ,
1615 2156 1687 2216 οὗ
1712 2159 1888 2228 ἡμεῖς

307 2246 562 2316 οἴδαμεν
579 2249 685 2303 τὸν
710 2250 956 2319 πατέρα,
975 2253 1076 2306 καὶ
1100 2251 1215 2318 τὴν
1232 2253 1488 2320 μητέρα;
1508 2253 1632 2314 Πῶς
1656 2247 1772 2307 οὖν
1789 2252 1891 2306 λέ-

309 2355 403 2405 γει
426 2356 438 2368 ·
467 2343 620 2408 Πρὶν
668 2342 925 2412 Ἀϐραὰμ
954 2344 1232 2413 γενέσθαι
1257 2345 1372 2414 ἐγώ
1392 2347 1529 2413 ειμι,
1557 2345 1654 2398 καί
1677 2345 1747 2398 ἐκ
1777 2344 1884 2398 τοῦ

311 2432 576 2498 οὐρανοῦ
619 2437 1033 2502 καταϐέϐηκα;
1079 2437 1218 2489 ΟίἊ
1230 2437 1435 2506 ρειανοὶ
1459 2434 1884 2489 ἐπακολουθοῦσι

311 2525 407 2576 καὶ
429 2525 582 2578 αὐτοὶ
607 2525 668 2591 ἐξ
683 2527 802 2579 ἴσου
823 2527 1075 2595 λέγοντες
1097 2545 1111 2560 ο
1135 2527 1257 2590 Πῶς
1282 2527 1506 2581 δύναται
1533 2526 1701 2593 Λόγος
1719 2520 1881 2590 εἶναι,

306 2616 341 2685 ἢ
367 2616 504 2679 Θεὸς
526 2617 554 2668 6
578 2618 920 2689 κοιμώμενος
949 2619 1024 2683 ὡς
1046 2619 1351 2688 ἄνθρωπος,
1399 2619 1495 2672 καὶ
1527 2617 1751 2677 κλαίων.
1788 2617 1885 2669 καὶ

309 2705 716 2777 πυνθανὸμενος
741 2725 756 2773 ;
800 2710 1124 2779 Ἀμφότεροι
1158 2709 1250 2762 οῦν
1278 2711 1340 2762 ὲκ
1368 2709 1477 2762 τῶν
1506 2706 1882 2776 ἀνθρωπίνων,

307 2787 389 2848 ὧν
425 2795 714 2865 ὑπέμεινεν
750 2800 778 2850 ὁ
812 2799 1004 2868 Σωτὴρ
1032 2797 1097 2851 δι’
1127 2800 1192 2869 ἦν
1226 2795 1337 2868 εἶχε
1371 2797 1569 2868 σάρκα,
1594 2794 1883 2866 ἀρνοῦνται

309 2887 414 2955 τὴν
441 2885 723 2958 άῖδιότητα
754 2891 848 2942 καὶ
881 2890 1107 2958 θεὸτητα
1141 2889 1234 2942 τοῦ
1265 2890 1463 2957 Λόγου.

311 2972 480 3048 igitur
531 2979 698 3044 dicit,
734 2982 1050 3050 Priusquam
1089 2982 1356 3035 Abraham
1418 2983 1586 3050 fieret,
1621 2996 1713 3050 ego
1741 2989 1956 3042 sum,ret
1999 2981 2062 3033 de
2109 2979 2236 3033 coelo
2271 2978 2517 3032 descendi
2541 2979 2582 3031 '.
2613 2977 2820 3032 Judaais
2855 2973 3212 3030 consentiunt
3243 2970 3454 3030 Ariani,
3489 2975 3564 3020 ει·
3717 3009 3725 3018 .

199 3125 201 3127 ,
308 3086 420 3138 que
455 3071 556 3128 ista
591 3073 796 3138 pariter
813 3076 1150 3130 decantant:
1193 3076 1295 3142 Qui
1358 3076 1474 3130 fieri
1511 3085 1689 3143 potest
1723 3082 1782 3127 ut
1812 3072 1904 3126 ille
1943 3072 2015 3125 sit
2075 3072 2307 3126 Verbum
2369 3071 2458 3125 vel
2515 3071 2677 3135 Deus,
2707 3070 2800 3138 qui
2858 3067 3080 3130 dormit,
3117 3073 3178 3118 ut
3235 3063 3418 3124 homo,
3475 3063 3564 3127 qui
3621 3062 3624 3066 ’

1989 1975 2142 2028 illum
2194 1975 2473 2044 proprium
2519 1981 2730 2026 naturae
2773 1971 2953 2025 Patris
2991 1969 3228 2024 Verbum
3284 1982 3426 2030 csse,
3471 1967 3564 2034 qui

2000 2079 2199 2134 corpus
2232 2065 2377 2133 quod
2412 2063 2522 2134 pati
2553 2063 2730 2132 possit
2763 2060 2968 2115 habet?
3018 2058 3190 2113 Judaei
3220 2057 3348 2111 item
3383 2055 3566 2108 Domi-

1991 2172 2119 2210 num
2156 2155 2462 2210 necandum
2495 2154 2829 2224 quaerebant,
2863 2151 3008 2220 quod
3037 2150 3228 2213 Deum,
3257 2163 3415 2202 suum
3443 2161 3569 2202 esse

1987 2247 2202 2302 Patrem
2237 2247 2464 2311 diceret,
2489 2247 2650 2315 eique
2683 2260 2743 2299 se
2773 2257 2957 2312 parem
2995 2241 3222 2305 faceret,
3255 2253 3378 2293 cum
3410 2253 3468 2291 se
3501 2253 3567 2291 ea

1989 2352 2150 2408 agere
2200 2352 2321 2406 quae
2351 2336 2440 2391 ille
2471 2335 2584 2406 agit
2618 2343 2926 2389 testaretur.
2961 2331 3162 2386 Eadem
3217 2343 3434 2400 quoque
3482 2336 3568 2382 est

1989 2428 2323 2481 Arianorum
2369 2427 2640 2489 doctrina,
2694 2424 2850 2478 illum
2897 2437 3099 2492 nempe
3147 2435 3327 2490 neque
3379 2434 3566 2488 parere

1990 2535 2112 2574 esse
2171 2519 2301 2582 Deo,
2361 2532 2542 2586 neque
2595 2515 2764 2571 Deum
2812 2514 3093 2584 preprium
3141 2527 3206 2566 ac
3260 2510 3567 2565 naturalem

1993 2611 2152 2666 Verbi
2183 2611 2400 2665 Patrem
2430 2624 2553 2664 esse
2599 2626 2613 2662 ι
2665 2607 2798 2677 quin
2821 2607 2984 2661 etiam
3035 2605 3174 2669 illos,
3209 2603 3296 2673 qui
3332 2603 3404 2656 ita
3440 2617 3570 2655 sen-

1991 2701 2156 2763 tiunt,
2192 2701 2257 2756 ad
2284 2715 2477 2756 necem
2511 2700 2857 2770 perquirunt.
2905 2695 3133 2766 Insuper
3171 2697 3218 2748 is
3257 2703 3374 2749 erat
3399 2693 3564 2747 etiam

1991 2794 2302 2849 Judteorum
2351 2809 2532 2848 sermo
2588 2811 2602 2847 :
2662 2791 2849 2846 Nonne
2894 2791 2976 2845 hic
3005 2799 3078 2844 est
3110 2787 3284 2842 Filius
3345 2786 3564 2854 Josepli,

1995 2886 2146 2955 cujus
2190 2901 2285 2940 nos
2326 2896 2534 2955 patrem
2581 2892 2630 2938 et
2689 2896 2916 2937 matrem
2966 2881 3240 2935 nouimus?
3295 2879 3567 2944 Quomodo

307 3165 405 3221 ﬂet
460 3176 516 3222 et
574 3169 910 3242 interrogat?
970 3171 1194 3226 Scilicet
1226 3172 1464 3240 utrique,
1503 3171 1774 3223 humanas
1804 3177 2026 3237 propter
2086 3167 2427 3228 aﬂ‘ectioncs,
2486 3165 2690 3234 quibus
2745 3178 2844 3231 pro
2899 3162 3102 3227 carnis,
3144 3171 3308 3228 quam
3367 3154 3564 3216 induit,

303 3259 613 3316 conditioni
642 3275 700 3316 se
732 3263 967 3333 subjecit
1005 3262 1277 3327 Salvator,
1325 3262 1488 3318 Verbi
1519 3262 1906 3332 preprietatem
1938 3268 1994 3313 et
2020 3257 2362 3314 divinitatem
2393 3256 2674 3328 rejieiunt.

322 3403 428 3456 Ἐκ
477 3402 586 3456 τοῦ
634 3403 821 3457 αὐτοῦ
869 3405 1056 3473 λόγου
1115 3403 1247 3473 περὶ
1300 3403 1406 3458 τοῦ
1469 3403 1705 3473 σκοποῦ
1763 3401 1874 3468 τῆς

1990 3401 2066 3456 Ea:
2095 3403 2270 3455 eodem
2295 3399 2449 3453 libro.
2469 3378 2706 3473 Sanctia
2738 3409 2787 3451 et
2814 3396 3006 3473 dirimi}
3037 3393 3325 3473 Scriptura:
3373 3405 3566 3473 propo-

382 3473 558 3540 ἁγίας
580 3473 678 3525 καὶ
706 3475 868 3539 θείας
902 3470 1296 3542 Γραρῆςίὸτι
1336 3473 1564 3541 διπλῆν
1603 3470 1725 3526 οἶδε
1762 3475 1878 3539 τὴν

380 3541 516 3609 περὶ
567 3543 673 3596 τοῦ
723 3544 995 3612 Σωτῆρος
1035 3541 1426 3612 ἐπαγγελίαν.
1481 3544 1597 3606 τὴν
1648 3543 1764 3610 μὲν
1802 3543 1882 3607 ὠς

381 3613 582 3667 ἀϊδίου
612 3613 746 3666 Υὶοῦ
776 3615 873 3666 aal
907 3613 1077 3672 Θεοῦ,
1105 3614 1220 3680 τὴν
1247 3614 1316 3666 δὲ
1341 3615 1421 3678 ὡς
1445 3613 1701 3681 ὕστερον
1736 3615 1884 3680 άλη-

383 3681 498 3748 θῶς
532 3683 631 3737 καί
656 3684 896 3749 τελείως
926 3683 1530 3752 ὲνανθρωπήσαντος.

386 3799 602 3862 Σκοπὸς
642 3799 822 3852 τοίνυν
871 3789 1028 3862 οὗτος
1080 3800 1172 3853 καὶ
1225 3798 1513 3870 χαρακτὴρ
1574 3798 1675 3867 τῆς
1727 3798 1893 3864 ἁγίας

311 3889 563 3955 Γραφῆς,
585 3885 658 3949 ὠς
688 3883 947 3946 πολλάκις
968 3882 1221 3952 εἴπομεν,
1251 3881 1444 3952 διπλῆν
1473 3877 1613 3935 εἶναι
1641 3881 1740 3952 τὴν
1767 3880 1896 3951 περὶ

310 3969 414 4025 τοῦ
447 3970 696 4041 Σωτῆρος
739 3971 1071 4040 ἐπαγγελίαν
1269 3971 1326 4023 ὲν
1370 3971 1503 4040 αὐτῇ
1525 3987 1539 4002 ·
1575 3971 1657 4023 ὅτι
1700 3987 1760 4022 τε
1804 3970 1894 4024 ἀεὶ

310 4061 453 4126 Θεὸς
472 4057 540 4133 ἦν
559 4064 650 4116 καὶ
675 4063 803 4126 Υἱός
836 4065 971 4128 ἐστι,
1002 4063 1174 4130 Λόγος
1197 4060 1273 4116 ὣν
1300 4061 1396 4116 καὶ
1423 4061 1765 4133 ἀπαύγασμα
1798 4063 1895 4117 καὶ

311 4151 484 4221 σοφία
508 4150 602 4204 τοῦ
636 4151 878 4224 Πατρός·
911 4152 1006 4207 καὶ
1029 4153 1112 4206 ὅτι
1144 4151 1400 4223 ὕστερον,
1434 4151 1501 4205 δι’
1528 4153 1676 4223 ἡμᾶς
1713 4153 1894 4224 σάρκα

309 4238 498 4294 λαϐὼν
527 4241 592 4293 ὲκ
623 4241 902 4311 Παρθένου
934 4234 1037 4312 τῆς
1066 4242 1331 4295 Θεοτόκου
1433 4287 1435 4289 .
1515 4242 1756 4313 Μαρίας,
1801 4244 1894 4298 άν-

311 4327 534 4398 ορωπος
561 4329 772 4398 γέγονε.
808 4331 917 4384 Καὶ
938 4330 1052 4384 ἔστι
1076 4332 1173 4402 μὲν
1189 4330 1379 4384 τοῦτον
1408 4332 1586 4404 εὑρεῖν
1601 4331 1688 4384 διὰ
1712 4333 1892 4403 πάσης

307 4417 415 4488 τῆς
445 4416 802 4472 θεοπνεύστου
832 4421 1054 4492 Γραφῆς
1093 4423 1511 4492 σημαινόμενον,
1561 4423 1638 4486 ὡς
1668 4423 1830 4487 αὐτὸς
1862 4425 1891 4478 ὀ

2048 3482 2208 3525 suum
2241 3478 2448 3533 esse,ut
2513 3469 2791 3536 dupliciter
2845 3467 2908 3519 de
2963 3463 3238 3536 Servalore
3289 3462 3562 3536 loquatur,

2052 3551 2161 3594 tum
2184 3551 2240 3593 ut
2267 3541 2330 3592 de
2359 3529 2674 3602 sempiterno
2709 3537 2840 3591 Filio
2868 3543 2918 3589 et
2949 3535 3074 3597 Deo,
3105 3544 3213 3585 tum
3238 3541 3293 3584 ut
3331 3533 3393 3583 de
3448 3529 3561 3593 illo,

2049 3613 2139 3678 qui
2168 3621 2351 3681 postea
2387 3625 2506 3662 vere
2533 3608 2860 3677 perfecteque
2890 3606 3064 3674 [uetus
3082 3605 3150 3656 sit
3182 3603 3357 3655 homo.

2054 3794 2155 3850 llic
2221 3793 2386 3864 igitur
2451 3805 2653 3861 scopus
2727 3798 2784 3844 et
2859 3788 3148 3843 character
3203 3792 3288 3839 est
3367 3791 3569 3837 sancta:

1996 3874 2308 3944 Scripturee,
2347 3877 2420 3931 uti
2447 3893 2588 3945 saepe
2612 3879 2874 3940 diximus,
2913 3894 3105 3948 nempe
3134 3883 3190 3932 ut
3220 3876 3330 3930 duo
3357 3875 3423 3930 de
3449 3873 3570 3929 Sal-

1993 3974 2182 4018 vatore
2231 3965 2595 4031 demonstret,
2659 3966 2811 4020 illum
2860 3968 3066 4022 scilicet
3121 3967 3289 4022 Deum
3353 3977 3570 4034 semper

1996 4053 2186 4122 fuisse,
2221 4065 2274 4111 et
2313 4055 2511 4110 Filium
2557 4072 2698 4124 esse,
2735 4058 2933 4127 quippe
2963 4074 3084 4112 cum
3119 4060 3190 4114 sit
3223 4058 3399 4113 Patris
3437 4052 3568 4110 Ver-

1993 4147 2123 4202 bum
2167 4148 2530 4217 splendorque
2583 4157 2636 4204 et
2679 4148 2977 4218 sapientia,
3035 4150 3320 4221 ipsumque
3377 4161 3564 4220 postea

1992 4248 2212 4308 prepler
2245 4254 2368 4302 nos,
2414 4254 2583 4295 carne
2627 4255 2692 4294 ex
2743 4233 2962 4310 Virgine
3005 4241 3233 4310 Deipara
3267 4242 3433 4297 Maria
3475 4257 3565 4299 as-

1992 4339 2228 4400 sumpta,
2253 4331 2529 4386 hominem
2557 4331 2756 4388 factum
2786 4348 2930 4389 esse.
2961 4335 3145 4403 Atque
3172 4334 3316 4390 hunc
3341 4336 3560 4405 quidem

1991 4435 2215 4489 scopum
2263 4435 2361 4490 per
2399 4421 2708 4478 universam
2755 4423 3018 4478 divinitus
3061 4425 3380 4494 inspiratam
3415 4425 3562 4482 Scri-

309 4507 520 4580 Κύριος
558 4509 777 4580 εἴρηκεν
804 4528 816 4543 ·
863 4511 1176 4578 Ἐρευνᾶτε
1218 4512 1325 4578 τὰς
1364 4513 1630 4582 Γραφὰς,
1661 4513 1752 4567 ὅτι
1790 4514 1889 4568 αὺ-

1991 4521 2208 4580 pturam
2243 4512 2503 4568 inculcari
2530 4514 2932 4583 deprehendere
2963 4525 3073 4582 est,
3101 4519 3560 4587 quemadmodum

307 4597 414 4649 ταί
434 4599 594 4651 εἰσιν
771 4600 831 4652 al
863 4600 1280 4668 μαρτυροῦσαι
1323 4600 1457 4669 περὶ
1493 4601 1671 4670 ἐμοῦ·
1708 4601 1797 4654 ἵνα
1831 4601 1890 4656 δὲ

310 4689 415 4760 μὴ,
447 4689 624 4743 πάντα
647 4689 718 4743 τά
748 4691 887 4762 ῥητὰ
922 4692 1167 4760 συνάγων
1209 4735 1226 4760 ,
1360 4693 1528 4757 πολὺς
1552 4694 1609 4747 ὲν
1634 4692 1710 4764 τῷ
1751 4694 1889 4764 γρά-

308 4794 438 4846 φειν
469 4781 735 4851 γένωμαι,
764 4780 1120 4853 άρκεσθῶμεν
1153 4782 1228 4846 ὡς
1251 4782 1466 4836 πάντων
1496 4784 1888 4854 μνημονεῦσαι,

303 4868 406 4922 τοῦ
433 4870 529 4939 μὲν
573 4871 818 4924 Ἰωάννου
842 4871 1092 4940 λέγοντος
1113 4889 1125 4901 ·
1171 4871 1275 4926 Ἐν
1309 4872 1468 4942 ἀρχῇ
1499 4869 1578 4944 ἦν
1607 4877 1640 4927 ὁ
1674 4876 1884 4945 Λόγος,

303 4958 415 5015 καὶ
437 4962 470 5013 ὁ
501 4961 689 5032 Λόγος
715 4959 794 5032 ἦν
822 4962 971 5031 πρὸς
996 4963 1103 5016 τὸν
1133 4963 1301 5028 Θεὸν,
1329 4965 1427 5018 καὶ
1453 4965 1596 5031 Θεὸς
1621 4961 1701 5036 ἧν
1725 4969 1758 5020 ὀ
1776 4968 1889 5021 Λό-

301 5066 419 5119 γος
441 5065 455 5080 ο
488 5050 666 5117 οὗτος
693 5047 774 5122 ἦν
799 5051 870 5105 ἐν
895 5049 1054 5120 ἀρχῇ
1083 5051 1233 5119 πρὸς
1260 5053 1367 5106 τὸν
1389 5053 1556 5107 Θεόν.
1583 5054 1784 5110 Πάντα
1809 5056 1885 5109 δι’

300 5140 500 5194 αὐτοῦ
530 5140 789 5211 ἐγένετο,
817 5141 916 5196 καὶ
947 5141 1120 5209 χωρὶς
1153 5135 1344 5196 αὐτοῦ
1366 5142 1600 5210 ἐγένετο
1632 5144 1774 5198 οὐδὲ
1792 5145 1882 5200 ἓν.

302 5227 449 5285 Εἶτα
482 5246 496 5262 ⁸
661 5232 771 5287 Kal
802 5234 836 5287 ὀ
865 5233 1054 5301 Λόγος
1082 5232 1239 5300 σὰρξ
1276 5230 1533 5302 ἐγένετο,
1576 5235 1672 5288 καὶ
1704 5234 1887 5303 ἐσκή-

297 5337 509 5376 νωσεν
539 5322 608 5376 ἐν
649 5322 827 5393 ἡμῖν,
867 5325 963 5377 καὶ
1007 5323 1378 5393 ἐθεασάμεθα
1411 5323 1526 5392 τὴν
1562 5323 1751 5389 δόξαν
1780 5328 1888 5380 αὐ-

297 5413 440 5477 τοῦ,
473 5413 660 5479 δόξαν
695 5415 776 5480 ὡς
809 5415 1178 5486 μονογενοῦς
1216 5415 1377 5483 παρὰ
1407 5416 1638 5482 Πατρός
1663 5432 1676 5447 ο
1705 5415 1800 5470 τοῦ
1827 5417 1884 5470 δὲ

299 5503 526 5560 Παύλου
583 5506 886 5576 γράφοντος
920 5522 935 5536 ο
979 5509 1116 5573 Ὃς,
1151 5507 1220 5560 ἐν
1256 5505 1460 5574 μορφῇ
1502 5507 1648 5561 Θεοῦ
1697 5507 1885 5577 ὑπάρ-

296 5608 480 5661 χων,
549 5596 660 5662 οὺχ
732 5593 1044 5663 ἁρπαγμὸν
1103 5593 1374 5662 ἡγήσατο
1439 5595 1506 5649 τὸ
1565 5591 1716 5650 εἶναι
1779 5597 1885 5652 τινα

1991 4612 2219 4659 testatur
2247 4605 2362 4673 ipse
2396 4603 2660 4661 Dominus
2691 4606 2779 4661 his
2807 4607 3029 4663 verbis:
3055 4607 3382 4662 Scrulamini
3415 4607 3563 4663 Scri-

1989 4704 2196 4762 pturns,
2221 4695 2344 4764 quia
2373 4694 2485 4750 illic
2509 4705 2630 4749 sunt
2669 4712 2787 4766 (μιαν
2813 4698 3168 4751 testimonium
3196 4698 3461 4766 perhibent
3495 4699 3563 4754 de

1990 4799 2070 4837 me
2117 4784 2158 4837 ³.
2195 4781 2390 4838 Verum
2435 4801 2539 4846 ne,
2577 4785 2761 4839 omnia
2808 4785 2930 4840 loca
2969 4786 3306 4848 adducenda.
3356 4789 3565 4845 multus

1988 4872 2090 4928 bac
2121 4875 2176 4928 in
2207 4891 2262 4929 re
2288 4876 2560 4944 probanda
2591 4877 2794 4942 \idear,
2817 4892 2900 4942 ea,
2934 4892 3053 4946 quae
3083 4887 3405 4946 sequuntur,
3441 4885 3562 4937 vice

1989 4967 2230 5020 omnium
2258 4966 2450 5020 aﬂ‘erre
2474 4968 2606 5023 satis
2631 4966 2813 5021 fuerit.
2842 4966 2967 5022 Haec
2991 4968 3152 5038 igitur
3175 4978 3301 5024 sunt
3333 4969 3562 5028 Joannis

1987 5059 2147 5111 verba
2190 5077 2201 5110 :
2251 5057 2315 5110 In
2355 5058 2615 5126 principio
2644 5067 2757 5110 erat
2809 5057 3048 5124 Verbum,
3084 5068 3134 5113 et
3182 5057 3406 5114 Verbum
3444 5073 3560 5117 erat

1987 5151 2127 5218 apud
2158 5149 2344 5215 Deum,
2373 5159 2420 5202 et
2458 5148 2595 5202 Deus
2628 5158 2742 5202 erat
2779 5148 3041 5205 Verbum:
3068 5151 3162 5206 hoc
3187 5163 3302 5206 erat
3332 5155 3386 5206 in
3415 5156 3562 5222 prin-

1987 5241 2124 5308 cipio
2157 5240 2298 5309 apud
2333 5240 2515 5294 Deum.
2551 5239 2742 5295 Omnia
2783 5259 2876 5311 per
2922 5244 3096 5312 ipsum
3132 5245 3278 5314 facta
3322 5257 3462 5310 sunt,
3506 5256 3559 5299 et

1985 5333 2095 5385 sine
2130 5332 2242 5400 ipso
2295 5331 2495 5400 factum
2534 5343 2613 5388 est
2645 5334 2775 5388 nihil
2823 5335 2863 5389 ‘.
2900 5333 3103 5392 Deinde
3142 5353 3157 5389 :
3207 5335 3275 5390 Et
3335 5337 3558 5391 Verbum

1985 5440 2110 5476 caro
2142 5424 2344 5492 factum
2379 5434 2488 5491 est,
2533 5434 2583 5478 et
2630 5424 2888 5480 habitauit
2920 5428 2975 5480 in
3004 5427 3173 5492 nobis,
3223 5435 3272 5480 et
3324 5427 3556 5483 vidimus

1984 5515 2208 5586 gloriam
2257 5515 2393 5581 eius,
2447 5515 2672 5586 gloriam
2722 5520 2876 5586 quasi
2930 5519 3185 5587 unigeniti
3228 5536 3260 5572 ο
3304 5517 3462 5572 Patre
3509 5521 3552 5573 ⁸.

1985 5604 2186 5660 Paulus
2219 5615 2398 5660 autem
2448 5606 2522 5661 ita
2565 5607 2790 5662 scribit:
2831 5608 2936 5675 Qui
2973 5625 3093 5663 cum
3140 5609 3194 5663 in
3241 5609 3413 5680 {arma
3455 5610 3554 5666 Dei

385 5775 400 5804 ¹
436 5772 597 5826 han.
633 5790 682 5833 x,
719 5773 803 5826 53.
865 5776 882 5803 ¹
913 5771 1070 5827 Joan.
1110 5789 1180 5834 vr,
1211 5773 1317 5839 42;
1352 5788 1468 5838 vm,
1495 5774 1580 5828 58.
1649 5772 1668 5804 ’
1697 5769 1854 5826 Joan.
1879 5789 1932 5838 v,
1956 5771 2043 5829 39.
2105 5773 2126 5807 ⁸
2151 5771 2306 5827 Joan.
2335 5789 2375 5838 ι,
2411 5774 2433 5828 l
2469 5773 2523 5828 2.
2592 5771 2766 5829 l'ibid.
2794 5773 2880 5831 Η.
