4032 6288
504 346 610 411 423

1710 344 2085 405 EUTiIYMll

2207 341 2478 403 lGABEN
2487 341 2515 401 Ι
3629 348 3715 411 424

505 482 663 536 esset,
710 488 813 525 non
859 473 1101 542 rapinam
1133 470 1422 524 arbitratus
1466 481 1541 524 est
1582 488 1691 524 esse
1729 488 1784 525 se
1825 471 2079 541 wqualem

2207 463 2321 528 Θεῷ
2345 480 2359 494 °
2407 464 2543 519 ἀλλ’
2570 463 2790 518 ἑαυτὸν
2818 463 3099 530 ἐκένωσε,
3128 464 3367 535 μορφὴν
3395 466 3597 525 δούλου
3624 478 3714 529 λα-

507 563 637 629 Deo,
666 564 755 617 sed
783 566 1114 631 semetipsum
1135 563 1445 626 exinanivit,
1469 563 1640 631 forma
1676 565 1809 616 serui
1843 572 2076 631 accepta,

507 656 563 708 in
595 654 995 708 similitudinem
1026 655 1294 706 hominum
1322 654 1517 722 factus,
1555 664 1604 707 et
1637 656 1809 723 ﬁgura
1840 655 2078 706 inventus

509 756 565 798 ut
612 748 785 797 homo.
832 743 1147 797 Humiliavit
1205 745 1573 811 semetipsum,
1621 745 1794 814 factus
1839 744 2077 796 obedienc

508 853 668 907 usque
711 836 780 889 ad
816 846 1056 900 mortem,
1100 846 1319 890 mortem
1364 847 1537 890 autem
1578 838 1747 890 crucis
1799 831 1836 888 ⁸.
1878 834 1953 887 Ex
1993 835 2080 888 his

510 941 691 995 porro,
728 927 773 980 si
819 926 943 995 quis
977 927 1163 981 eadem
1212 928 1420 981 ratione
1475 928 1784 981 universam
1838 924 2079 994 Scriptu-

509 1032 622 1067 raln
657 1015 987 1083 perlustrare
1020 1016 1272 1081 voluerit,
1308 1017 1456 1071 clare
1481 1018 1741 1087 percipiet
1768 1032 1937 1087 quare
1970 1015 2077 1068 ini-

2197 552 2337 618 ϐὼν,
2375 554 2444 607 ὲν
2471 553 2785 623 ὁμοιώματι
2811 553 3134 621 ἀνθρώπων
3155 557 3463 626 γενόμενος
3499 606 3512 631 ,
3634 566 3718 621 καί

2197 643 2460 714 σχήματι
2502 644 2761 713 εὑρεθεὶς
2812 646 2893 711 ὡς
2939 644 3267 713 ἄνθρωπος.
3337 648 3719 710 Ἐταπείνωσεν

2196 735 2433 802 ἑαυτὸν,
2472 738 2792 805 γενόμενος
2819 736 3087 803 ὑπήκοος
3125 735 3299 806 μέχρι
3345 740 3600 806 θανάτου,
3634 749 3721 801 θα.

2194 828 2378 883 νάτου
2404 829 2471 882 δὲ
2494 829 2784 898 σταυροῦ.
2834 829 2966 881 Ἀπὸ
2993 829 3195 882 τούτων
3222 830 3345 903 γὰρ,
3375 836 3437 905 τῇ
3461 836 3586 907 αὐτῇ
3623 838 3722 891 δια-

2195 922 2314 993 νοίᾳ
2344 922 2688 993 διερχόμενός
2708 940 2789 985 τις
2824 924 3004 974 πᾶσαν
3033 922 3132 994 τὴν
3166 923 3405 993 Γραφὴν,
3424 926 3598 994 δψεται
3627 928 3726 993 πῶς

2195 1015 2252 1067 ὲν
2274 1014 2413 1084 ἀρχῇ
2455 1015 2550 1084 μὲν
2580 1010 2697 1067 εἷπε
2744 1013 2916 1083 τούτῳ
2948 1015 2976 1064 6
3022 1015 3210 1083 Πατήρ
3230 1030 3242 1043 ·
3273 1015 3573 1081 Γενηθήτω
3599 1018 3726 1086 φῶς,

512 1110 587 1163 tio
613 1108 772 1161 Pater
797 1108 874 1160 illi
906 1108 1045 1161 dixit
1076 1125 1089 1160 :
1127 1105 1255 1160 Fiat
1289 1106 1383 1159 lux
1437 1106 1476 1170 ³,
1510 1115 1585 1170 et,
1626 1106 1751 1160 Fiat
1778 1108 2088 1175 ﬁrmamen-

2207 1106 2304 1168 ιαὶ,
2333 1106 2652 1174 Γενηθήτω
2684 1104 3005 1176 στερέωμα,
3034 1110 3146 1171 καὶ,
3184 1108 3528 1178 Ποιήσωμεν
3549 1112 3737 1183 ἄνθρω-

503 1210 623 1254 tum
663 1204 708 1261 ³,
739 1206 811 1263 et,
856 1197 1142 1251 Faciamus
1182 1198 1447 1250 hominem
1497 1199 1518 1230 ⁸
1544 1215 1559 1252 :
1590 1213 1690 1252 cur
1720 1198 1850 1252 item
1877 1212 2001 1251 eum
2035 1196 2089 1248 in

513 1290 618 1344 line
659 1291 982 1344 saeculorum
1024 1290 1075 1343 in
1109 1289 1373 1342 mundum
1405 1288 1640 1351 miserit,
1678 1304 1789 1343 non
1832 1299 1893 1342 ut
1936 1304 2096 1341 mun-

511 1381 641 1435 dum
691 1382 983 1450 judicaret,
1028 1379 1121 1435 sed
1164 1388 1224 1433 ut
1262 1378 1500 1433 mundus
1535 1394 1630 1447 per
1680 1380 1860 1448 ipsum
1911 1378 2095 1434 salvus

513 1473 665 1527 ﬁeret
698 1473 717 1503 '
759 1489 774 1526 :

712 1557 817 1622 Qui
845 1556 1010 1626 igitur
1039 1555 1277 1609 divinam
1321 1555 1661 1624 Scripturam
1689 1555 1900 1623 legerit,
1928 1554 2099 1609 discat

516 1649 735 1717 quidem
775 1649 936 1702 verba
966 1663 1032 1702 ex
1064 1648 1257 1702 Vetere
1280 1646 1652 1711 Testamento,
1690 1648 1782 1700 sed
1826 1664 1891 1701 ex
1920 1645 2098 1699 Evan-

515 1740 656 1809 gelio
719 1741 961 1794 attendat
1015 1738 1305 1794 Dominum
1364 1741 1639 1794 hominem
1699 1739 1900 1794 factum
1955 1754 2097 1793 esse.

516 1832 674 1897 Nam,
721 1831 962 1896 Verbum,
992 1832 1187 1900 inquit,
1221 1850 1343 1887 caro
1380 1833 1581 1902 factum
1605 1841 1716 1891 est,
1752 1842 1802 1885 et
1840 1830 2097 1884 habitavit

517 1925 570 1975 in
598 1924 748 1976 nobis
803 1918 843 1977 ⁸.
891 1922 1087 1987 Homo,
1126 1924 1371 1992 inquam,
1410 1922 1585 1977 factus
1610 1932 1713 1987 est,
1760 1937 1868 1975 non
1914 1930 2100 1975 autem

521 2014 573 2065 in
606 2012 882 2066 hominem
911 2014 1079 2067 venit.
1112 2012 1165 2067 Id
1205 2013 1349 2067 enim
1380 2015 1524 2067 scire
1555 2015 1718 2067 etiam
1750 2028 1971 2067 necesse
1996 2021 2099 2078 est,

518 2119 588 2158 ne
621 2102 762 2158 forte
793 2105 848 2157 in
885 2104 1197 2174 hujusmodi
1238 2106 1568 2161 sententiam
1610 2105 1957 2160 deﬂectentes
1995 2105 2100 2159 im-

518 2193 613 2262 pii,
650 2193 868 2263 aliquos
907 2172 1201 2263 decipiant,
1236 2194 1424 2263 illique
1467 2195 1801 2261 existiment,
1828 2195 2096 2264 quemad-
2129 2172 2174 2230 Β

519 2285 738 2339 modum
773 2285 902 2339 olim
935 2284 1173 2340 Verbum
1210 2287 1264 2340 in
1295 2302 1739 2358 unumquemque
1783 2296 2101 2341 sanctorum

517 2377 832 2443 descendit,
866 2377 938 2431 ita
980 2378 1143 2432 etiam
1182 2379 1235 2431 in
1264 2380 1540 2434 hominem
1588 2381 1842 2447 venisse,
1872 2390 1930 2435 ut
1975 2394 2102 2434 eum

518 2476 771 2521 sanctum
819 2467 1086 2532 redderet,
1123 2477 1178 2523 et
1208 2468 1260 2522 in
1287 2470 1406 2538 ipso
1444 2478 1752 2539 appareret,
1789 2470 1868 2523 uti
1900 2469 1955 2522 in
1981 2469 2104 2524 aliis

517 2558 767 2628 contigit.
801 2557 857 2612 Si
889 2560 1035 2613 enim
1082 2559 1156 2612 ita
1200 2575 1259 2614 se
1288 2575 1376 2614 res
1406 2561 1668 2627 haberet,
1708 2568 1763 2615 et
1792 2562 1845 2614 in
1884 2561 2105 2615 homine

522 2649 901 2704 tantummodo
932 2651 1311 2719 apparuisset:
1340 2652 1472 2705 nihil
1504 2668 1637 2706 sane
1664 2660 1810 2708 esset
1831 2652 1977 2722 quod
2006 2653 2103 2706 ad-

523 2742 868 2794 mirationem
898 2750 1080 2809 posset
1125 2757 1363 2807 movere,
1404 2759 1504 2797 nec
1545 2744 1639 2812 qui
1671 2759 1793 2797 eum
2029 2745 2106 2799 vi-

522 2832 743 2896 debant,
776 2831 1136 2900 obstupefacti
1172 2833 1473 2889 dixissent:
1496 2835 1778 2889 Undenam
1804 2835 1907 2891 iste
1927 2845 2008 2891 est
2040 2836 2058 2865 ⁷
2084 2837 2106 2890 ἳ

523 2931 599 2987 et,
623 2921 803 2975 Curtu
825 2922 987 2975 homo
1003 2938 1127 2975 cum
1156 2923 1254 2987 sis,
1284 2924 1515 2992 teipsum
1551 2922 1685 2979 facis
1703 2924 1873 2978 Deum
1921 2924 2107 2977 l’?.\u--

522 3013 641 3067 dire
657 3011 925 3081 siquidem
956 3013 1034 3065 illi
1060 3028 1490 3077 consueverant:
1516 3014 1737 3070 Factum
1768 3026 1851 3071 est
1869 3014 2103 3071 Verbum

520 3104 743 3158 Domini
785 3104 850 3158 ad
887 3104 1130 3174 singulos
1170 3107 1483 3175 prophetas.
1532 3104 1689 3177 Nunc
1740 3116 1917 3162 autem
1962 3119 2108 3177 post—

525 3208 691 3262 quam
745 3191 838 3245 Dei
884 3191 1144 3260 Verbum,
1192 3210 1288 3263 per
1338 3196 1483 3261 quod
1536 3175 1719 3249 omnia
1771 3195 1910 3250 facta
1959 3175 2105 3260 sunt,

526 3289 688 3341 etiam
727 3286 868 3340 filius
914 3286 1153 3341 hominis
1184 3288 1300 3342 ﬁeri
1344 3304 1451 3342 non
1502 3291 1702 3354 renuit,
1734 3304 1899 3359 seque
1932 3291 2107 3359 ipsum

526 3377 858 3441 humiliavit,
885 3378 1026 3431 servi
1057 3377 1233 3431 forma
1270 3390 1488 3448 accepta
1522 3398 1533 3431 :
1569 3381 1772 3435 idcirco
1800 3398 1931 3435 crux
1958 3381 2111 3435 Chri-

529 3466 601 3522 sti
629 3464 830 3521 Judteis
859 3474 944 3521 est
972 3468 1313 3536 scandalum,
1347 3469 1504 3525 nobis
1535 3480 1715 3525 autem
1738 3472 1991 3528 Christus
2016 3471 2106 3527 Dei

528 3557 704 3612 virtus
746 3565 801 3611 et
847 3557 941 3612 Dei
977 3559 1242 3628 sapientia
1272 3570 1356 3616 est
1416 3567 1457 3615 θ.
1492 3561 1626 3616 Nam
1664 3561 1907 3629 Verbum,
1950 3574 2007 3619 ut
2036 3566 2113 3619 ait

528 3648 805 3712 Joannes,
847 3666 970 3703 caro
1022 3650 1224 3718 factum
1276 3662 1354 3706 est
1397 3651 1456 3706 '°.
1524 3651 1805 3723 Siquidem
1855 3672 1974 3711 mos
2028 3666 2112 3711 est

532 3738 828 3809 Scriptura?
856 3757 1026 3795 sacrm
1065 3744 1337 3798 hominem
1379 3760 1596 3798 carnem
1642 3748 1934 3816 appellare.
1976 3747 2113 3802 Hinc

531 3831 670 3896 apud
703 3828 905 3883 Joelem
940 3834 1256 3901 prophetam
1287 3835 1485 3888 dicitur
1517 3852 1530 3887 :
1569 3836 1856 3904 Effundam
1892 3839 1954 3891 de
1986 3838 2111 3906 Spi-

530 3924 641 3976 ritu
672 3940 784 3976 meo
819 3925 874 3976 in
906 3941 1110 3977 omnem
1153 3941 1363 3978 carnem
1393 3922 1455 3981 ¹¹.
1498 3925 1627 3980 Item
1670 3927 1858 3983 Daniel
1888 3930 2111 4001 Astyagi

531 4013 669 4066 dixit
697 4032 709 4067 :
749 4012 857 4082 Ego
880 4014 1025 4066 idola
1054 4015 1364 4084 nzanufacta
1391 4032 1494 4069 non
1523 4016 1657 4080 colo,
1688 4020 1777 4071 sed
1828 4020 1993 4073 Deum
2036 4021 2114 4073 ri-

532 4113 761 4165 ventem,
805 4105 894 4172 qui
932 4105 1120 4157 caelum
1151 4117 1200 4158 et
1244 4117 1440 4159 terram
1482 4110 1697 4173 creavit,
1730 4121 1776 4163 et
1808 4111 1861 4163 in
1908 4128 2112 4165 omnem

533 4207 748 4244 carnem
788 4192 1121 4245 dominatum
1173 4192 1325 4245 habet
1351 4193 1413 4245 ¹¹.
1448 4193 1549 4248 Hic
1582 4196 1748 4259 enim,
1792 4206 1849 4250 ut
1887 4209 1940 4251 et
1972 4197 2109 4267 Joel,

535 4279 818 4333 hominum
851 4296 1021 4347 genus
1049 4281 1231 4335 carnis
1264 4283 1484 4335 nomine
1512 4285 1801 4354 signiﬁcat.

736 4366 874 4420 Olim
918 4369 1081 4437 igitur
1127 4370 1192 4422 ad
1232 4371 1476 4441 singulos
1522 4385 1740 4429 sanctos
1792 4375 1993 4432 factum
2031 4386 2114 4433 est

543 4455 800 4521 Verbum,
828 4472 1033 4527 eosque
1054 4499 1069 4525 ,
1106 4461 1197 4528 qui
1229 4461 1404 4530 ipsum
1441 4464 1600 4535 digne
1630 4478 2010 4536 susceperunt,
2031 4469 2113 4523 ef-

535 4547 663 4604 fecit
702 4559 919 4604 sanetos
950 4567 963 4603 :
1000 4566 1100 4604 nec
1129 4561 1308 4606 tamen
1348 4568 1473 4607 cum
1507 4556 1582 4609 illi
1617 4573 1989 4625 nascerentur,
2025 4564 2110 4615 di-

535 4650 680 4694 ctum
728 4650 812 4694 est
858 4641 1034 4709 ipsum
1090 4640 1368 4695 hominem
1408 4642 1611 4699 factum
1646 4664 1787 4714 esse,
1837 4666 1937 4706 nec
1986 4669 2111 4707 cum

534 4738 865 4797 paterentur,
897 4744 1117 4797 passum
1153 4744 1293 4784 esse.
1327 4732 1462 4785 Cum
1492 4744 1674 4790 autem
1715 4740 1767 4794 in
1803 4740 1909 4795 ﬁne
1941 4757 2113 4798 saecu-

535 4819 710 4872 lorum
743 4820 810 4872 ad
848 4820 1233 4875 destruendum
1269 4834 1552 4892 peccatum
1591 4843 1656 4882 ex
1703 4830 1871 4886 Maria
1914 4837 2103 4904 prodiit

2221 4855 2390 4911 μησεν
2424 4835 2569 4901 ἅπαξ

535 4910 629 4977 (ita
652 4910 796 4963 enim
818 4909 959 4962 Patri
980 4912 1153 4965 visum
1175 4922 1260 4968 est
1276 4931 1434 4970 suum
1455 4919 1670 4976 mittere
1684 4922 1881 4978 Filium
1904 4926 2103 4980 factum

541 5018 607 5057 ex
627 5001 874 5064 muliere,
891 5000 1094 5054 factum
1111 5002 1212 5054 sub
1239 5000 1436 5070 lege",
1459 5009 1587 5054 tunc
1606 5001 1808 5055 dictum
1820 5011 1903 5056 est
1929 5001 2104 5070 ipsum

542 5109 706 5151 carne
756 5103 1035 5161 assumpta
1067 5092 1343 5145 hominem
1383 5090 1587 5145 factum
1619 5107 1761 5155 esse,
1809 5101 1971 5160 atque
2012 5106 2108 5160 pro

544 5190 698 5243 nobis
719 5189 772 5242 in
798 5202 859 5241 ea
887 5201 1005 5240 esse
1025 5200 1262 5253 passuvn,
1286 5194 1344 5238 ut
1373 5184 1443 5236 ait
1465 5182 1656 5238 Petrus
1681 5200 1694 5237 ς
1718 5182 1927 5238 Christo
1947 5185 2112 5253 igitur

539 5299 634 5350 pro
662 5280 806 5333 nobis
834 5293 989 5346 passo
1019 5278 1243 5329 iucarne
1268 5277 1332 5339 “,
1364 5288 1420 5329 ut
1450 5275 1658 5329 scilicet
1689 5276 1906 5344 planum
1938 5276 2108 5340 ﬁeret,

540 5387 844 5440 omnesque
906 5370 1249 5424 crederemus
1300 5382 1424 5421 eum
1488 5369 1699 5434 ipsum,
1748 5367 1839 5436 qui
1897 5382 2112 5436 semper

541 5464 684 5518 Deus
713 5465 834 5529 iuit,
866 5473 920 5518 et
955 5477 1072 5530 eos,
1104 5460 1171 5515 ad
1202 5476 1339 5531 quos
1373 5461 1624 5527 acoessit,
1657 5468 1877 5516 sanctos
1906 5460 2103 5527 effecit,

613 5627 630 5695 ἕ
666 5626 855 5695 Philip.
892 5641 951 5687 tl,
991 5624 1022 5678 6
1054 5624 1105 5678 8.
1138 5693 1148 5695 4
1183 5626 1203 5655 ³
1237 5625 1371 5679 Gen.
1411 5623 1534 5695 1,6.
1611 5623 1630 5654 ³
1661 5622 1791 5695 ibid.
1829 5624 1882 5677 6.
1958 5624 1979 5656 ⁸
2015 5624 2103 5677 ihit

2207 5621 2272 5695 ιϐ.
2313 5624 2371 5695 _'
2396 5622 2553 5677 Joan.
2581 5639 2665 5695 ιιι,
2701 5624 2789 5695 i7.
2866 5628 2886 5657 ⁸
2914 5624 3072 5679 Joan.
3106 5642 3143 5683 ι,
3184 5626 3201 5677 l
3230 5628 3276 5679 ι.

542 5696 563 5727 ⁸
590 5693 745 5746 szn.
805 5693 853 5755 ᾗ,
893 5696 981 5748 55.

545 5767 586 5793 ¹³
616 5766 634 5817 i
659 5764 698 5817 Ρ
736 5777 803 5817 tr.
838 5782 906 5829 tv,
947 5767 993 5816 ι.

1082 5693 1307 5748 Ἰϐ.ιι·.
1364 5711 1400 5757 ι,
1456 5693 1544 5745 ‘24.
1657 5695 1701 5725 ¹⁶
1733 5690 1887 5747 Joan.
1942 5710 1977 5759 ι,
2029 5695 2117 5747 Η.

2196 1211 2313 1250 πον
2336 1216 2345 1225 °
2379 1199 2472 1251 ἐπὶ
2493 1199 2550 1251 δὲ
2578 1200 2856 1271 συντελείᾳ
2879 1201 2986 1252 τῶν
3027 1200 3239 1279 αἰώνων
3265 1202 3570 1255 ἀπέστειλεν
3594 1206 3735 1262 αὐτὸν

2196 1288 2276 1351 εἰς
2303 1288 2393 1342 τὸν
2426 1291 2650 1361 κόσμον,
2691 1293 2789 1361 οὐχ
2832 1293 2918 1345 ἵνα
2952 1294 3112 1364 κρίνῃ
3139 1293 3229 1344 τὸν
3257 1293 3476 1363 κόσμον,
3520 1296 3624 1349 ἀλλ’
3662 1298 3737 1376 iv:

2200 1380 2344 1452 σωθῇ
2379 1382 2488 1453 (84)
2513 1384 2541 1435 6
2571 1383 2774 1454 κόσμος
2800 1384 2865 1436 δι’
2896 1384 3061 1436 αὑτοῦ
3084 1401 3096 1413 ο

2418 1552 2477 1606 '0
2518 1552 2697 1606 τοίνυν
2734 1552 3073 1621 ἐντυγχάνων
3116 1554 3182 1622 τῇ
3232 1551 3354 1623 θείᾳ
3397 1552 3609 1624 Γραφῇ,
3652 1554 3743 1606 ἀπὸ

2204 1644 2305 1713 μὲν
2331 1642 2438 1698 τῶν
2472 1642 2723 1696 Παλαιῶν
2753 1641 2823 1695 τὰ
2856 1642 2994 1714 ῥητὰ
3022 1641 3480 1711 καταμανθανέτω
3515 1679 3528 1702 ,
3655 1642 3746 1696 ἀπο

2202 1735 2259 1788 δὲ
2295 1734 2404 1787 τῶν
2448 1732 2795 1801 Εὑαγγελίων
2826 1732 3099 1803 Θεωρείτω
3131 1732 3223 1785 τὸν
3254 1731 3455 1802 Κύριον
3490 1733 3745 1803 γενόμενον

2203 1826 2521 1899 ἄνθρωπον·
2569 1826 2631 1878 '0
2665 1826 2855 1894 Λόγος
2916 1826 3047 1894 γὰρ,
3098 1824 3271 1894 φησὶ,
3323 1824 3477 1892 σὰρξ
3519 1823 3744 1894 ἐγένετο,

2204 1919 2303 1972 καὶ
2335 1916 2691 1984 ἐσκήνωσεν
2714 1917 2783 1970 ἐν
2810 1916 2977 1986 ἡμῖν.
3012 1916 3335 1986 ’Ἄνθρωπος
3366 1914 3422 1967 δὲ
3453 1914 3649 1984 γέγονε,
3672 1917 3750 1971 καὶ

2203 2009 2304 2061 οὐκ
2342 2010 2421 2071 εἰς
2463 2007 2747 2079 ἄνθρωπον
2786 2003 2916 2078 ἦλθε
2942 2023 2955 2038 ο
3009 2007 3103 2061 καὶ
3136 2005 3297 2059 τοῦτο
3334 2006 3442 2078 γὰρ
3487 2006 3752 2074 ἀναγκαῖον

2206 2100 2431 2154 εἰδέναισ
2466 2102 2677 2171 μήποτε
2716 2101 2830 2162 καὶ,
2866 2101 2946 2163 εἰς
2978 2098 3137 2152 τοῦτο
3164 2099 3426 2163 πεσόντες
3458 2101 3504 2153 οἱ
3544 2098 3752 2165 ἀσεϐεῖς,

2204 2193 2526 2263 ἁπατήσωσί
2591 2210 2777 2257 τινας,
2828 2192 3070 2245 κάκεῖνοι
3122 2191 3425 2261 νομίσωσιν
3467 2232 3484 2258 ,
3652 2190 3754 2254 ὅτι,

2203 2284 2395 2356 ὥσπερ
2430 2286 2485 2337 ἐν
2524 2286 2635 2347 τοῖς
2670 2282 2979 2354 ἔμπροσθεν
3026 2282 3238 2353 χρόνοις
3285 2284 3365 2347 εἰς
3408 2281 3626 2334 ἕκαστον
3665 2280 3759 2336 τῶν

2206 2375 2376 2443 ἁγίων
2407 2374 2636 2442 ἐγίνετο,
2680 2373 2823 2427 οὕτω
2854 2375 2948 2426 καὶ
2992 2372 3087 2427 νῦν
3124 2373 3204 2436 εἰς
3255 2371 3544 2442 ἄνθρωπον
3584 2370 3758 2441 ἐπεδή-

2206 2482 2380 2537 μησεν
2411 2467 2439 2517 ό
2476 2465 2647 2533 Λόγος
2675 2463 2915 2533 ἁγιάζων
2943 2464 3040 2518 καὶ
3065 2462 3284 2526 τοῦτον,
3323 2462 3417 2515 καὶ⁸
3444 2459 3759 2531 φανερούμε-

2205 2576 2294 2621 νος
2316 2558 2507 2629 ὥσπερ
2528 2557 2622 2611 καὶ
2655 2559 2712 2610 ὲν
2743 2559 2854 2620 τοῖς
2894 2556 3094 2619 ἄλλοις.
3143 2555 3206 2607 Εἰ
3230 2554 3344 2625 γὰρ
3378 2553 3549 2615 οὕτως
3571 2547 3652 2623 ἦν,
3680 2551 3763 2604 καὶ

2208 2654 2368 2722 μόνον
2394 2652 2453 2703 ὲν
2470 2649 2566 2703 ἀνθ
2576 2648 2740 2720 ρώπῳ
2763 2648 2952 2718 φανεὶς
2972 2642 3223 2717 ἧν,οὐδὲν
3239 2641 3316 2717 ἦν
3342 2645 3634 2716 παράδοξον
3750 2683 3765 2711 ,

2207 2740 2329 2795 οὔτε
2366 2743 2416 2794 οἱ
2454 2740 2690 2812 ὁρῶντες
2734 2738 3034 2805 ἐξενίξοντο
3061 2738 3351 2807 λέγοντες·
3399 2735 3640 2798 Data-m6;
3675 2735 3766 2804 ἄρα

2208 2834 2354 2886 ἐστὶν
2387 2827 2578 2897 οὗτος;
2625 2831 2743 2896 καὶ,
2792 2830 2894 2884 Διὰ
2932 2830 2986 2883 τί
3020 2831 3119 2895 σὺ,
3164 2829 3460 2901 ἅνθρωπος
3490 2828 3583 2893 ὢν,
3617 2830 3768 2889 ποιεῖς

2210 2924 2434 2979 σεαυτὸν
2464 2922 2637 2990 Θεόν;
2675 2920 2834 2994 Εἶχον
2873 2922 2983 2995 γὰρ
3021 2922 3119 2994 τὴν
3155 2921 3450 2995 συνήθειαν
3483 2919 3767 2980 ἀκούοντες

2209 3018 2320 3069 Καὶ
2349 3016 2565 3084 ἐγένετο
2589 3016 2760 3083 Λόγος
2782 3015 2986 3086 Κυρίου
3016 3016 3152 3086 πρὸς
3180 3016 3418 3069 ἕκαστον
3442 3013 3547 3068 τῶν
3577 3029 3770 3083 προφη-

2209 3108 2335 3163 τῶν.
2372 3108 2488 3163 Νῦν
2518 3108 2598 3173 δὲ,
2638 3107 2825 3178 ἐπειδὴ
2850 3108 2879 3159 6
2910 3106 3005 3160 τοῦ
3031 3106 3165 3159 Θεοῦ
3193 3106 3397 3175 Λόγος,
3422 3106 3487 3159 δι’
3513 3098 3572 3158 οὗ
3600 3104 3770 3173 γέγονε

2208 3200 2279 3254 τὰ
2320 3200 2518 3264 πάντα,
2556 3200 2816 3269 ὑπέμεινε
2856 3198 2951 3251 καὶ
2998 3198 3126 3250 Υἱὸν
3173 3196 3474 3268 ἀνθρώπου
3521 3194 3773 3266 γενέσθαι,

2211 3292 2305 3345 καὶ
2336 3289 2696 3344 ἐταπείνωσεν
2729 3288 2943 3349 ἑαυτὸν,
2978 3285 3156 3339 λαϐὼν
3185 3286 3382 3340 δούλου
3434 3290 3669 3358 μορφήν·
3699 3286 3775 3339 διὰ

2209 3380 2368 3436 τοῦτο
2406 3381 2681 3444 Ἰουδαίοις
2709 3380 2805 3452 μὲν
2837 3378 3131 3434 σκάνδαλόν
3161 3381 3317 3433 ἐστιν
3352 3381 3382 3433 6
3422 3379 3517 3433 τοῦ
3562 3376 3776 3450 Χριστοῦ

2215 3471 2463 3543 σταυρὸς,
2497 3472 2629 3543 ἡμῖν
2649 3470 2706 3523 δὲ
2733 3468 2967 3541 Χριστὸς
2994 3467 3128 3521 Θεοῦ
3156 3468 3396 3541 δύναμις
3422 3469 3518 3522 καὶ
3550 3468 3677 3522 Θεοῦ
3697 3483 3778 3520 σο-

2214 3566 2348 3635 φία·
2391 3564 2444 3616 '0
2478 3565 2668 3633 Λόγος
2699 3561 2847 3632 γὰρ,
2896 3560 2972 3623 ὡς
3011 3557 3164 3614 εἶπεν
3203 3562 3231 3612 6
3307 3561 3601 3631 Ἰωάννης,
3641 3555 3779 3627 σὰρξ

2212 3656 2449 3729 ἐγένετο
2468 3673 2481 3687 ·
2507 3655 2606 3725 τῆς
2637 3653 2675 3704 Γ
2682 3654 2858 3724 ραφῆς
2884 3651 3003 3715 ἔθος
3029 3652 3267 3723 ἐχούσης
3294 3652 3481 3721 λέγειν
3506 3654 3677 3722 σάρκα
3701 3648 3781 3701 τὸν

2211 3749 2515 3821 ἄνθρωπον,
2535 3747 2609 3810 ὠς
2636 3746 2726 3799 διὰ
2750 3746 2904 3817 Ἰωὴλ
2932 3743 3026 3797 τοῦ
3056 3746 3343 3815 προφήτου
3370 3744 3554 3816 φησιν’
3587 3737 3781 3811 Ἐκχεῶ

2212 3841 2330 3897 ἀπὸ
2360 3840 2467 3894 τοῦ
2504 3838 2850 3907 Πνεύματός
2879 3854 2997 3906 μου
3027 3836 3124 3889 ἐπὶ
3156 3836 3375 3891 πᾶσαν
3414 3836 3611 3903 σάρκα
3636 3851 3649 3864 '
3698 3830 3782 3886 ut

2212 3934 2287 3997 ὡς
2479 3930 2678 4001 Δανιὴλ
2722 3930 2910 4000 εἴρηκε
2952 3928 3029 3999 τῷ
3075 3929 3391 3999 Ἀστυάγῃ·
3432 3930 3514 3981 Οὐ
3558 3925 3784 3994 σέϐομαι

2211 4026 2431 4081 εἴδωλα
2459 4023 2863 4093 χειροποίητα,
2906 4021 3067 4075 ἀλλὰ
3094 4020 3203 4073 τὸν
3248 4020 3444 4081 ζῶντα
3484 4018 3787 4082 agdn-ter

2211 4114 2646 4182 κτίσανταγτὸν
2676 4113 2937 4181 οὐρανὸν
2969 4111 3068 4165 καὶ
3101 4111 3217 4179 τὴν
3255 4112 3408 4182 γῆν,
3456 4111 3554 4165 καί
3585 4111 3786 4180 ἔχοντα

2213 4205 2416 4272 πάσης
2447 4180 2676 4271 σαρκὸς
2705 4180 2950 4270 κορείαν
2978 4219 2990 4231 ·
3027 4202 3208 4271 σάρκα
3403 4204 3503 4256 καὶ
3529 4195 3679 4264 οὗτος
3707 4200 3788 4253 καὶ

2225 4297 2379 4368 Ἰωὴλ
2406 4296 2467 4348 τὸ
2490 4294 2598 4347 τῶν
2626 4293 2927 4364 ἀνθρώπων
2950 4293 3105 4361 γένος
3128 4292 3410 4360 λέγουσιν.

2404 4387 2581 4441 Πάλαι
2635 4387 2729 4457 μὲν
2765 4382 2856 4437 οὖν
2902 4384 3038 4455 πρὸς
3077 4384 3313 4437 ἕκαστον
3494 4383 3603 4436 τῶν
3638 4382 3793 4449 ἁγίων

2212 4474 2443 4543 ἐγίνετο,
2470 4476 2563 4527 καὶ
2590 4473 2783 4544 ήγίαζε
2813 4472 2909 4542 μὲν
2939 4472 3063 4533 τοὺς
3090 4473 3339 4541 γνησίως
3363 4473 3686 4543 δεχομένους
3708 4469 3792 4522 αό-

2213 4566 2323 4619 τὸν·
2345 4565 2467 4619 οὔτε
2489 4566 2566 4630 δὲ,
2607 4563 2961 4634 γεννωμένων
2984 4562 3229 4626 ἐκείνων,
3261 4563 3512 4635 εἴρηται,
3535 4567 3613 4618 ὃτι
3649 4560 3793 4622 αὐτὸς

2214 4659 2503 4729 γεγένηται
2553 4657 2856 4727 ἅνθρωπος.
2891 4654 3034 4718 οὔτε,
3073 4656 3407 4724 πασχόντων
3443 4657 3687 4717 ἐκείνων,
3729 4651 3795 4704 εί-

2220 4763 2410 4819 ρηται’
2454 4745 2729 4801 Πέπονθεν
2760 4746 2944 4809 αὐτός.
2984 4746 3111 4798 Ὅτε
3151 4745 3207 4798 δὲ
3248 4747 3319 4799 ὲκ
3370 4747 3597 4818 Μαρίας
3622 4742 3797 4812 ἐπεδὴ-

2749 4837 2843 4888 ὲπὶ
2871 4836 3149 4906 συντελείᾳ
3168 4835 3283 4887 τῶν
3321 4836 3544 4891 αἰώνων
3575 4838 3652 4897 είς
3680 4831 3791 4887 ἀθέ-

2214 4946 2369 4999 τησιν
2435 4927 2708 5000 ἁμαρτίας
2760 4925 2941 4997 (οὕτω
3006 4925 3117 4997 γὰρ
3170 4927 3495 4997 εὐδοκήσας
3547 4930 3578 4981 6
3626 4922 3797 4989 Πατὴρ

2213 5003 2429 5073 ἔπεμψε
2456 5005 2543 5055 τὸν
2568 5005 2764 5059 ἑαυτοῦ
2804 5006 2929 5060 Υίὸν
2957 5010 3249 5077 γενόμενον
3299 5013 3369 5064 ὲκ
3398 5012 3681 5080 γυναικὸς,
3711 5025 3795 5074 γε·

2214 5094 2436 5163 νόμενον
2467 5095 2571 5147 ὑπδ
2597 5096 2805 5165 νόμον),
2834 5098 2955 5151 τότε
3003 5100 3245 5170 εἴρηται,
3301 5104 3392 5156 ὅτι
3427 5104 3611 5173 σάρκα
3642 5114 3795 5170 apo:-

2214 5186 2395 5240 λαϐὼν
2432 5188 2725 5259 γεγένηται
2762 5190 3069 5260 ἄνθρωπος,
3098 5195 3190 5245 καὶ
3217 5197 3281 5246 ἐν
3330 5196 3516 5268 ταύτῃ
3550 5193 3797 5248 πέπονθεν

2216 5277 2356 5347 ὑπὲρ
2384 5279 2562 5348 ήμῶν,
2590 5280 2665 5342 ὡς
2700 5275 2853 5333 εἶπεν
2882 5282 2909 5334 6
2943 5282 3151 5353 Πέτρος
3174 5302 3189 5315 ο
3226 5287 3509 5352 Χριστοῦ
3549 5281 3662 5341 οὖν
3702 5299 3801 5336 πα-

2212 5370 2424 5435 θόντος
2457 5371 2611 5440 ὑπὲρ
2648 5371 2818 5441 ἡμῶν
2860 5376 3045 5443 σαρκί
3068 5391 3082 5406 ο
3130 5376 3213 5427 ἵνα
3276 5378 3501 5450 δειχθῇ,
3532 5380 3629 5431 καὶ
3676 5377 3801 5427 πάν-

2216 5478 2307 5527 τες
2356 5464 2762 5533 πιστεύσωμεν,
2792 5466 2898 5530 ὅτι,
2948 5469 3033 5520 ἀεὶ
3070 5466 3145 5521 ὢν
3196 5468 3364 5537 Θεὸς,
3411 5472 3513 5527 καὶ
3562 5467 3813 5538 ἁγιάζων,

3361 5628 3383 5659 ⁷
3410 5626 3576 5681 Joan.
3610 5638 3719 5681 xu.
3746 5620 3795 5674 9.

2224 5694 2263 5726 “
2303 5691 2444 5749 Joel.
2484 5708 2544 5758 ιι,
2571 5693 2661 5749 23.
2768 5694 2810 5728 ⁶¹
2839 5695 2972 5751 Dan.
3006 5712 3112 5758 xw,
3146 5697 3196 5750 4.
3309 5696 3355 5728 ¹³
3383 5697 3567 5751 Gaiat.
3627 5710 3699 5757 ιν,
3747 5690 3796 5744 4.

2768 5694 2810 5728 ⁶¹
2839 5695 2972 5751 Dan.
3006 5712 3112 5761 xw,
3146 5697 3196 5750 4.
