4032 6288
292 400 384 465 425
1228 391 1609 455 PANOPLIA
1656 389 1802 453 DOG
1816 392 1884 453 Μ.

1991 391 2119 451 [ΟΛ.
2145 415 2214 428 --
2242 388 2397 449 ΤΙΤ.
2442 386 2544 452 XI.
3480 383 3583 449 4‘26

291 513 417 576 ποὺς
457 506 550 573 οὓς
582 506 835 574 ιγένετο,
882 500 1201 573 διακοσμῶν
1238 518 1299 555 τι
1348 500 1490 555 κατά
1516 499 1578 554 τὸ
1622 496 1877 569 βούλημα

1989 493 2280 565 omnisque
2329 491 2489 565 juxta
2557 492 2739 551 Patris
2797 493 3131 552 voluntatem
3209 496 3581 572 administrat,

290 578 377 659 τοῦ
402 604 516 658 Πατ
527 602 617 674 pb;
653 600 724 653 τὰ
750 600 955 664 πάντα,
983 596 1110 651 hers
1121 613 1215 668 ρον
1242 594 1336 648 καὶ
1366 593 1434 648 δι’
1464 594 1615 665 ἡμᾶς
1647 591 1876 662 γέγονεν

1984 598 2212 661 propter
2253 602 2355 644 nos
2386 588 2666 643 hominem
2702 598 2892 658 postea
2938 589 3145 645 factum
3193 592 3363 650 fuisse
3389 605 3576 667 atque,

292 695 590 765 ἄνθρωπος,
618 692 718 745 καὶ
747 688 1102 759 σωματικῶς,
1135 687 1211 752 ὥς
1246 704 1414 759 φησιν
1452 688 1482 742 ὀ
1527 685 1879 755 ’Δπόστολος,

1987 692 2047 738 ιιι
2099 680 2345 753 loquitur
2370 679 2687 751 Apostolus,
2737 680 3077 737 divinitatem
3126 686 3487 755 corporaliter
3522 688 3579 743 in

293 785 604 857 κατῴκησεν
632 778 688 853 ’ἡ
715 782 911 852 θεότης
938 782 998 833 ὲν
1048 780 1115 850 τῇ
1154 778 1365 848 σαρκί·
1406 779 1523 831 ῐσον
1574 776 1656 848 τῷ
1685 777 1881 847 φάναι,

1987 789 2156 830 carne
2200 772 2475 829 habitasse
2511 774 2553 838 ‘,
2587 774 2734 844 quod
2792 774 2932 830 idem
2986 785 3070 832 est
3120 792 3185 833 ac
3240 778 3289 834 si
3346 778 3575 847 diceret,

293 879 417 941 eis;
453 874 552 939 ὢν,
608 874 743 929 ῐδιυν
796 874 923 945 ἔσχε
976 871 1163 942 σῶμα,
1206 872 1304 926 καὶ
1358 868 1537 941 τούτῳ
1592 869 1879 940 χρώμενος

1987 866 2126 920 Cum
2158 863 2304 920 Deus
2346 875 2515 931 esset,
2549 866 2833 937 proprium
2885 868 3076 924 habuit
3106 884 3330 942 corpus,
3370 890 3481 944 quo
3516 884 3575 932 ut

293 970 525 1041 ὀργάνῳ,
566 968 793 1038 γέγονεν
822 968 1110 1038 ἄνθρωπος
1142 964 1211 1018 δι’
1242 966 1414 1036 ημᾶς.

1983 958 2351 1013 instrumento
2380 967 2562 1023 utens,
2593 957 2757 1013 homo
2788 968 3014 1029 propter
3040 976 3142 1018 nos
3168 960 3350 1020 factus
3377 976 3484 1021 est.

709 1060 826 1130 Τῆς
859 1059 1053 1129 αὐτῆς
1078 1060 1471 1125 ἀκολουθίας.

2455 1050 2529 1106 De
2570 1052 2753 1107 eodem
2778 1064 3112 1123 argumento.

357 1153 469 1223 Τῆς
530 1152 734 1225 σαρκὸς
796 1148 1136 1218 πασχούσης,
1187 1148 1287 1201 οὐκ
1337 1142 1406 1219 ἦν
1464 1145 1622 1209 ἐκτὸς
1672 1145 1878 1217 ταύτης

2056 1143 2198 1199 Hinc
2249 1159 2375 1200 cum
2431 1160 2561 1200 caro
2606 1154 2906 1217 pateretur,
2928 1157 3079 1202 extra
3117 1164 3239 1205 eam
3290 1166 3401 1207 non
3458 1162 3578 1213 erat

295 1245 322 1295 ὁ
387 1246 562 1311 Λόγος
598 1258 614 1275 ·
670 1242 759 1296 διὰ
807 1240 966 1294 τοῦτο
1008 1242 1119 1310 γὰρ
1173 1238 1340 1293 αὑτοῦ
1387 1236 1609 1305 λέγεται
1665 1237 1761 1288 καὶ
1813 1236 1877 1290 τὸ

1986 1235 2240 1300 Verbum,
2282 1252 2403 1306 quae
2432 1252 2596 1291 causa
2632 1246 2720 1293 est
2741 1254 2838 1292 cur
2867 1240 2988 1308 ejus
3033 1254 3153 1297 esse
3194 1242 3377 1312 passio
3428 1246 3578 1301 dica-

294 1321 487 1383 πάθος⁵
521 1318 618 1372 καὶ
655 1318 850 1382 θεῖκῶς
882 1320 939 1372 δὲ
973 1320 1251 1384 ποιοῦντος
1289 1322 1455 1376 αὑτοῦ
1494 1323 1563 1377 τὰ
1588 1322 1725 1395 ἔργα
1754 1322 1852 1377 τοῦ

2006 1342 2109 1385 tur.
2160 1328 2296 1382 Cum
2338 1327 2463 1381 item
2507 1326 2622 1397 ipse
2670 1323 2850 1381 Patris
2889 1340 3052 1394 opera
3097 1328 3278 1382 divine
3320 1328 3575 1384 elliceret.

290 1413 516 1483 Πατρὸς,
549 1413 648 1464 οὐκ
672 1409 740 1483 ἧν
759 1412 956 1477 ἔξωθεν
989 1412 1153 1466 αὑτοῦ
1179 1415 1212 1484 η
1242 1414 1416 1485 σάρξ·
1446 1414 1561 1468 ἀλλ’
1601 1417 1660 1472 ἐν
1703 1415 1853 1489 αὐτῷ

2000 1429 2153 1473 extra
2182 1421 2357 1489 ipsum
2394 1435 2502 1474 non
2527 1430 2644 1474 erat
2670 1434 2821 1483 caro,
2852 1420 2945 1474 sed
2970 1419 3022 1474 in
3058 1420 3175 1489 ipso
3206 1434 3435 1490 corpore
3464 1422 3577 1478 haec

286 1503 361 1572 τῷ
384 1502 594 1572 σώματι
633 1503 802 1556 ταῦτα
826 1503 989 1558 πάλιν
1024 1504 1053 1556 ὁ
1086 1504 1287 1577 Κύριος
1322 1506 1498 1560 ἐποίει
1518 1522 1532 1536 ·
1565 1506 1656 1561 διὰ
1691 1507 1854 1562 τοῦτο

2001 1509 2265 1565 eiliciebat
2297 1509 2577 1566 Dominus.
2610 1510 2815 1565 Idcirco
2856 1512 3001 1564 enim
3039 1510 3214 1567 factus
3258 1512 3422 1567 homo
3468 1514 3577 1569 aie-

289 1592 395 1663 γὶιρ
420 1592 513 1643 καὶ
535 1589 820 1660 ἄνθρωπος
849 1587 1137 1658 γενόμενος
1166 1588 1351 1655 ἔλεγεν
1372 1604 1385 1617 ·
1419 1590 1489 1641 El
1510 1590 1579 1642 οὐ
1604 1588 1751 1641 ποιῶ
1784 1590 1858 1642 τὰ

1990 1594 2124 1648 bat:
2156 1593 2213 1647 Si
2247 1593 2422 1646 Patris
2451 1594 2549 1646 mei
2574 1610 2729 1662 opera
2759 1610 2861 1647 non
2894 1594 3055 1662 facio,
3094 1595 3223 1648 mihi
3246 1595 3454 1649 credere
3477 1611 3574 1650 no-

284 1686 427 1753 ἕρτα
455 1682 560 1737 τοῦ
586 1682 818 1749 Πατρός
855 1698 999 1750 μου,
1034 1679 1124 1750 μὴ
1166 1678 1477 1735 πιστεύετέ
1497 1697 1600 1750 μοι
1638 1696 1652 1710 ’
1692 1681 1747 1735 εί
1785 1677 1856 1736 δὲ

1988 1682 2079 1738 lite
2111 1700 2130 1738 :
2164 1685 2211 1738 si
2247 1694 2422 1738 autem
2460 1684 2634 1752 facio,
2670 1686 2717 1737 si
2752 1684 2889 1747 mihi
2914 1684 3124 1738 credere
3164 1686 3369 1753 nolitis,
3395 1687 3570 1756 operi-

284 1774 447 1840 ποιῶ,
483 1773 601 1827 κᾶν
635 1772 764 1843 ἐμοὶ
800 1773 889 1841 μὴ
928 1773 1285 1840 πιστεύητε,
1332 1772 1458 1838 τοῖς
1508 1772 1708 1843 ἔργοις
1759 1788 1856 1827 κι-

1989 1777 2083 1830 bus
2107 1776 2296 1831 saltem
2318 1777 2534 1842 credite,
2565 1787 2620 1829 ut
2649 1777 2974 1847 cognoscatis
3006 1776 3223 1830 Patrem
3250 1778 3304 1831 in
3333 1793 3410 1831 me
3436 1792 3566 1839 esse,

282 1867 545 1928 στεύστε,
573 1866 675 1919 Ira
700 1865 1034 1934 γινώσκητε
1065 1900 1082 1927 ,
1201 1863 1293 1919 ὅτι
1313 1864 1384 1918 ἐν
1410 1864 1539 1933 ἐμοὶ
1564 1866 1598 1918 ό
1626 1863 1853 1933 Πατὴρ,

1988 1879 2140 1925 etme
2168 1870 2225 1924 in
2260 1870 2357 1925 illo
2406 1877 2447 1924 ι.
2485 1868 2645 1926 Certe
2683 1884 2809 1925 cum
2852 1884 2990 1940 opus
3035 1868 3135 1925 fuit
3176 1886 3393 1926 socrum
3424 1868 3569 1931 Petri

280 1958 439 2028 κάγὼ
465 1958 539 2011 ἐν
568 1956 748 2022 αὐτῷ.
795 1956 1011 2026 Ἀμέλει
1054 1957 1144 2010 ὅτε
1179 1955 1337 2028 χρεία
1372 1956 1564 2026 γέγονε
1595 1955 1693 2028 τὴν
1722 1973 1854 2010 πενε-

1989 1961 2122 2020 l'ebri
2172 1962 2507 2017 laborantem
2553 1975 2749 2017 curare
2797 1965 2842 2028 ³,
2878 1960 3119 2016 humano
3167 1963 3385 2032 quidem
3422 1977 3568 2020 more

281 2048 444 2119 θερὰν
462 2047 558 2101 τοῦ
588 2048 796 2119 Πέτρου
819 2047 1200 2113 πυρέσσουσαν
1237 2048 1467 2120 ἐγεῖραι,
1497 2047 1853 2119 ἀνθρωπίνως

1989 2074 2212 2116 manum
2250 2058 2511 2123 extendit,
2560 2063 2656 2114 sed
2692 2056 2945 2112 morbum
2984 2057 3248 2113 divinitus
3288 2054 3562 2125 repressit.

281 2142 375 2211 μὲν
402 2141 639 2205 ὲξέτεινε
666 2140 762 2212 τὴν
789 2142 969 2211 χεῖρα,
1006 2139 1204 2205 θεῖκῶς
1237 2141 1293 2195 δὲ
1318 2136 1389 2214 ἦν
1417 2140 1606 2195 παύων
1642 2141 1741 2211 τὴν
1767 2140 1857 2195 νό-

1988 2149 2251 2205 Similiter
2305 2164 2431 2204 cum
2470 2163 2673 2205 caecum
2719 2158 2907 2203 natum
2960 2148 3212 2214 sanavit,
3265 2149 3566 2201 humanum

279 2251 384 2285 σον.
412 2234 525 2288 Καὶ
558 2232 650 2285 ἐπὶ
676 2232 774 2303 μὲν
804 2231 899 2286 τοῦ
932 2234 994 2285 ὲκ
1021 2233 1247 2304 γενετῆς
1396 2232 1598 2302 τυφλοῦ
1640 2230 1855 2305 ἀνθρώο

1987 2248 2209 2311 sputum
2252 2254 2283 2295 e
2328 2254 2494 2296 carne
2535 2240 2736 2306 emisit,
2772 2239 2865 2294 sed
2896 2254 2992 2309 per
3020 2240 3194 2294 lutum
3228 2239 3417 2294 oculos
3450 2238 3568 2307 ejus

275 2341 428 2377 πινον
460 2324 575 2377 ἀπὸ
613 2322 714 2393 τῆς
762 2323 965 2395 σαρκὸς
1002 2324 1153 2393 ἠφίει
1180 2324 1243 2377 τὸ
1281 2324 1526 2395 πτύσμα,
1569 2323 1765 2387 θεῖκῶς
1796 2323 1856 2377 δὲ

1984 2329 2168 2386 divine
2217 2331 2444 2400 aperuit.
2473 2330 2529 2385 ln
2564 2329 2770 2386 Lazaro
2817 2345 3036 2401 quoque
3081 2346 3113 2385 a
3161 2330 3391 2385 mortuis
3418 2332 3565 2385 exci-

278 2417 396 2479 τοὺς
430 2414 749 2486 ὀφθαλμοὺς
773 2417 958 2487 ἤνοιγε
998 2415 1087 2470 διὰ
1123 2414 1217 2469 τοῦ
1265 2415 1471 2487 πηλοῦ·
1513 2418 1606 2470 ἐπὶ
1653 2416 1712 2470 δὲ
1760 2414 1857 2471 τοῦ

1987 2419 2153 2475 tando
2183 2420 2480 2475 humanam
2515 2420 2734 2489 quidem
2788 2434 2998 2487 vocem,
3036 2427 3095 2473 ut
3137 2419 3325 2485 homo,
3355 2418 3564 2474 edidit:

270 2506 527 2579 Λαζάρου
552 2506 736 2577 φωνὴν
760 2507 878 2577 μὲν,
903 2507 978 2570 ὡς
1000 2507 1305 2579 ἄνθρωπος,
1322 2507 1669 2579 ἀνθρωπίνην
1684 2506 1854 2577 ἠφίειο

1984 2511 2077 2566 sed
2109 2510 2313 2576 divine,
2357 2518 2418 2567 ut
2459 2509 2622 2578 Deus,
2655 2508 2925 2565 Lazarum
2968 2509 3035 2563 ad
3070 2496 3235 2564 vitam
3269 2508 3564 2564 revocavit.

267 2600 467 2663 Baianis;
491 2600 572 2663 δὲ,
603 2600 680 2663 ὡς
714 2599 867 2663 Θεὸς,
896 2599 986 2653 τὸν
1012 2599 1262 2671 Λάζαρον
1286 2601 1506 2672 ἤγειρεν
1531 2600 1595 2653 ὲκ
1624 2599 1855 2670 νεκρῶν.

1984 2600 2111 2659 Hec
2136 2612 2321 2658 autem
2362 2602 2566 2658 idcirco
2618 2602 2692 2656 ita
2749 2602 2927 2671 palam
2981 2601 3195 2667 liehant,
3255 2603 3400 2671 quod
3455 2616 3564 2656 non

263 2693 457 2745 Ταῦτα
481 2693 544 2746 δὲ
577 2692 750 2755 οὕτως
782 2691 994 2760 ἐγίνετο
1032 2723 1048 2751 υ
1176 2694 1270 2746 καὶ
1309 2692 1604 2756 ἐδείκνυτο,
1648 2690 1732 2745 ὅτι
1779 2688 1855 2763 μὴ

1984 2694 2165 2764 specie
2208 2694 2303 2750 sed
2343 2708 2532 2750 revera
2570 2709 2769 2765 corpus
2804 2693 3048 2748 haberet.
3099 2690 3302 2762 Nempe
3341 2692 3565 2747 decebat

265 2786 551 2857 φαντασίᾳ
588 2784 724 2839 ἀλλὰ
761 2783 975 2855 ἀληθῶς
1013 2779 1083 2855 ἦν
1125 2784 1265 2856 ἔχων
1305 2785 1498 2857 σῶμα·
1544 2784 1753 2857 ἔπρεπε
1796 2784 1855 2837 δι

1988 2786 2306 2852 Dominum,
2356 2786 2651 2841 humanam
2704 2801 2924 2841 carnem
2985 2786 3339 2851 induentem,
3395 2793 3562 2839 totam

274 2879 361 2930 τον
392 2878 626 2950 Κύριον,
659 2876 1095 2948 ὲνδιδυσκόμενον
1123 2878 1471 2950 ἀνθρωπίνην
1496 2878 1696 2950 σάρκα,
1732 2878 1857 2931 ταύ-

1981 2893 2101 2933 eam
2150 2893 2273 2933 cum
2317 2878 2553 2948 propriis
2588 2877 2969 2933 alfectionibus
3004 2876 3247 2937 induere,
3281 2884 3339 2928 ut
3371 2891 3530 2945 quem
3551 2904 3565 2913 -

283 2985 373 3037 την
423 2967 567 3038 μετά
611 2968 721 3022 τῶν
766 2966 909 3020 ἰδίων
960 2968 1151 3022 παθῶν
1198 2969 1368 3040 αὐτῆς
1408 2969 1536 3040 ὅλην
1697 2966 1850 3021 ἐνδύ-

1982 2967 2275 3023 admodum
2316 2969 2596 3038 proprium
2630 2968 2751 3037 ejus
2799 2982 2919 3023 esse
2959 2981 3159 3035 corpus
3202 2965 3457 3028 dicimus,
3491 2964 3560 3017 ita

287 3059 505 3125 σασθαι,
558 3061 674 3125 ἶνα,
724 3060 912 3133 ὥσπερ
958 3060 1088 3114 ἴδιον
1133 3061 1299 3115 αὐτοῦ
1354 3062 1584 3133 λέγομεν
1622 3058 1855 3116 εἶναιτὸ

1981 3060 2145 3114 etiam
2186 3065 2431 3129 corporis
2480 3059 2819 3124 all‘ectiones,
2848 3058 3091 3127 ejusdem
3120 3057 3299 3112 solum
3332 3056 3557 3125 proprii

288 3148 458 3219 σῶμα,
492 3149 636 3203 οὕτω
668 3151 762 3203 καὶ
792 3151 861 3204 τὰ
905 3150 1000 3203 τοῦ
1050 3151 1300 3222 σώματος
1338 3151 1484 3222 πάθη
1539 3151 1646 3204 ῐδια
1694 3150 1855 3222 μόνον

1979 3164 2104 3206 esse
2146 3149 2481 3215 dicerentur,
2513 3150 2725 3204 tametsi
2762 3148 2881 3217 ejus
2908 3162 3015 3201 non
3045 3146 3384 3217 attingebant
3426 3145 3564 3199 divi~

289 3240 442 3294 αὖτοῦ
473 3241 721 3311 λέγηται,
762 3242 810 3294 εί
850 3242 943 3295 καὶ
984 3242 1058 3314 μὴ
1092 3244 1297 3313 ἥπτετο
1436 3243 1578 3297 κατὰ
1611 3243 1711 3315 τὴν
1740 3241 1855 3297 θοό-

1981 3240 2227 3295 nitatem.
2256 3239 2443 3309 Itaque
2471 3241 2515 3295 si
2549 3239 2775 3293 alterius
2803 3246 2948 3294 esset
2972 3248 3194 3306 corpus,
3222 3237 3371 3289 illius
3396 3235 3559 3290 etiam

290 3348 420 3400 τητα
450 3305 636 3386 αὐτού.
672 3305 733 3384 El
771 3332 870 3403 μὲν
908 3305 1001 3385 οὖν
1024 3305 1211 3405 ἑτέρου
1238 3330 1306 3405 ἧν
1337 3333 1401 3387 τὸ
1430 3332 1609 3405 σῶμα,
1639 3305 1852 3390 ἐκείνου

1979 3346 2102 3387 esse
2142 3330 2457 3388 all‘ectiones
2497 3331 2851 3387 dicerentur:
2892 3329 2986 3385 sed
3040 3329 3085 3384 si
3129 3327 3285 3381 Verbi
3318 3341 3447 3382 caro
3480 3339 3560 3380 est

292 3421 357 3475 ἂν
382 3422 585 3492 λέγοιτο
626 3425 720 3477 καὶ
753 3423 821 3477 τὰ
863 3424 1039 3495 πάθη·
1086 3426 1137 3477 εί
1178 3425 1235 3478 δὲ
1280 3424 1377 3478 τοῦ
1422 3424 1595 3494 Λόγου
1640 3426 1674 3497 ἡ
1716 3425 1854 3500 σὰρξ

1982 3419 2239 3493 (Verbum
2271 3422 2415 3477 enim
2450 3438 2575 3476 caro
2597 3422 2801 3492 factum
2834 3430 2911 3475 est
2951 3418 2969 3449 ⁸
3001 3420 3042 3490 ),
3076 3433 3297 3475 necesse
3327 3426 3409 3472 est
3436 3433 3559 3471 car-

292 3516 355 3581 (d
378 3515 475 3585 γὰρ
501 3517 690 3586 Λόγυς
718 3517 875 3586 σὰρξ
916 3516 1210 3587 ἐγένετο),
1247 3516 1460 3587 ἀνάγκη
1644 3518 1738 3572 καὶ
1780 3518 1852 3574 τὰ

1982 3513 2067 3569 nis
2097 3513 2410 3569 affectiones
2445 3515 2591 3571 illius
2613 3515 2724 3570 dici
2751 3514 2910 3584 cujus
2957 3514 3073 3584 ipsa
3100 3527 3229 3569 caro
3254 3521 3358 3567 est.
3392 3511 3561 3582 Cujus

288 3605 383 3676 τῆς
428 3609 625 3679 σαρκὸς
676 3608 822 3678 πάθη
869 3607 1123 3677 λέγεσθαι
1154 3608 1344 3675 αὐτοῦ,
1390 3603 1451 3662 οὗ
1496 3608 1594 3663 καὶ
1634 3611 1668 3681 ἡ
1712 3610 1850 3682 σάρξ

1982 3618 2145 3676 porro
2194 3606 2454 3661 dicuntur
2490 3606 2830 3671 aﬂ‘ectiones,
2861 3607 3051 3677 quales
3090 3606 3144 3661 in
3176 3605 3367 3677 primis
3398 3615 3559 3670 sunt,

287 3698 446 3752 ἐστιν.
476 3692 549 3754 Οὖ
577 3700 636 3753 δὲ
665 3700 883 3769 λέγεται
921 3700 991 3756 τὰ
1022 3701 1193 3772 πάθη,
1226 3699 1317 3757 οἷά
1348 3703 1466 3756 ἐστι
1624 3699 1856 3771 μάλιστα

1981 3699 2374 3765 condemnari,
2396 3698 2625 3770 ﬂagellis
2657 3699 2825 3763 caedi,
2858 3698 3033 3764 sitire,
3065 3698 3215 3755 cruci
3243 3697 3404 3767 alligi,
3440 3712 3560 3752 mo—

287 3787 351 3840 τδ
373 3790 779 3863 κατακριθῆναι,
813 3792 876 3846 τὸ
909 3792 1338 3865 μαστιγωθῆναι,
1390 3793 1452 3847 τὸ
1494 3793 1674 3865 ᾶιψᾷν,
1703 3794 1797 3849 καὶ
1822 3796 1853 3848 ὁ

1980 3791 2050 3858 ri,
2082 3791 2311 3861 aliasque
2347 3792 2598 3861 corporis
2637 3792 3006 3857 inﬁrmitates,
3055 3792 3298 3858 ejusdem
3341 3804 3560 3859 quoque

288 3884 528 3954 σταυρὸς,
550 3885 647 3938 καὶ
675 3887 704 3939 ὁ
742 3884 999 3951 θάνατος,
1034 3884 1130 3940 καὶ
1168 3889 1226 3940 αι
1268 3887 1426 3941 ἄλλαι
1461 3887 1557 3941 τοῦ
1599 3887 1851 3959 σώματος

1978 3889 2110 3936 sunt
2131 3890 2250 3936 tum
2281 3882 2539 3952 praeclare
2565 3892 2716 3949 gesta
2753 3890 2866 3936 tum
2910 3881 3103 3950 gratia.
3137 3880 3267 3934 Eam
3302 3880 3464 3948 igitur
3489 3877 3559 3933 oh

280 3972 571 4039 ἀσθένειαι,
617 3975 809 4028 τούτου
850 3976 946 4028 καὶ
987 3976 1048 4029 τὸ
1094 3977 1428 4050 κατόρθωμα
1476 3978 1573 4031 καὶ
1613 3979 1646 4049 ἡ
1690 3978 1851 4049 χάρις

1977 3986 2093 4029 rem
2143 3981 2509 4043 congruenter
2557 3981 2614 4027 et
2653 3969 3037 4027 convenienter
3074 3971 3388 4041 hujusmodi
3423 3970 3556 4027 οσο-

282 4064 412 4119 ὲστί.
442 4066 537 4121 Διά
570 4066 731 4121 τοῦτο
758 4068 936 4121 τοίνυν
958 4068 1265 4133 ἀκολούθως
1287 4071 1382 4123 καὶ
1412 4070 1728 4139 πρεπόντως
1749 4069 1849 4123 οὐκ

1979 4062 2188 4117 etiones
2230 4075 2340 4116 non
2371 4060 2625 4125 alterius,
2657 4060 2753 4116 sed
2788 4058 3002 4114 Domini
3035 4073 3157 4114 esse
3186 4059 3465 4127 dicuntur,
3498 4067 3556 4115 ut

282 4157 455 4225 ἄλλου,
483 4158 616 4212 ἀλλά
643 4158 738 4212 τοῦ
776 4159 984 4227 Κυρίου
1032 4158 1248 4228 λέγεται
1288 4160 1357 4213 τὰ
1402 4159 1626 4213 τοιαῦτα
1659 4158 1805 4232 πάθη
1830 4175 1845 4191 '

1977 4159 2039 4205 et
2058 4152 2233 4221 gratia
2261 4151 2332 4206 ab
2361 4151 2453 4206 illo
2488 4151 2590 4218 sit,
2632 4160 2689 4207 et
2727 4151 2930 4207 nullius
2961 4152 3133 4217 alius,
3164 4151 3259 4207 sed
3296 4166 3420 4207 vere
3461 4151 3554 4208 Dei

284 4246 367 4297 ἵνα
398 4250 486 4301 καὶ
515 4250 548 4319 ἡ
591 4248 752 4320 χάρις
786 4249 914 4319 παρ’
954 4248 1118 4302 αὑτοῦ
1146 4244 1181 4322 ᾖ
1213 4249 1305 4302 καὶ
1342 4250 1416 4319 μὴ
1458 4232 1631 4303 ἄλλον
1654 4249 1846 4320 λάτραι

1978 4241 2214 4299 cultores
2243 4257 2522 4306 essemus,
2555 4243 2754 4313 quippe
2785 4242 2876 4311 qui
2908 4243 3111 4297 nullam
3149 4258 3179 4297 e
3211 4243 3373 4297 rebus
3400 4242 3555 4297 factis

286 4337 549 4409 γινώμεθα
592 4375 607 4399 ,
754 4338 891 4393 ἀλλά
932 4340 1146 4410 ἀληθῶς
1186 4341 1488 4406 θεοσεϐεῖς,
1521 4342 1604 4395 ὅτι
1644 4342 1847 4413 μηδένα

1976 4346 2081 4388 nec
2106 4333 2384 4404 vulgarem
2420 4333 2657 4403 aliquem
2690 4334 2989 4400 hominem,
3022 4335 3114 4388 sed
3145 4349 3332 4388 verum
3377 4344 3429 4389 et
3457 4350 3556 4389 na-

288 4426 387 4480 τῶν
412 4432 682 4501 γενητῶν,
718 4432 852 4502 μηδὲ
892 4432 1069 4485 κοινόν
1103 4450 1225 4487 τινα
1257 4433 1565 4506 ἄνθρωπον,
1597 4434 1733 4488 ἀλλά
1753 4434 1846 4491 τὸν

1977 4433 2099 4479 tura
2131 4439 2198 4479 ex
2237 4423 2347 4480 Deo
2392 4426 2634 4494 genitum
2684 4424 2880 4480 Filium
2921 4425 3261 4492 invocemus,
3291 4427 3383 4495 qui
3417 4425 3554 4479 idem

291 4518 349 4570 ἐκ
370 4522 453 4575 τοῦ
485 4522 621 4575 Θεοῦ
653 4522 811 4591 φύσει
836 4524 931 4577 καὶ
958 4524 1209 4595 ἀληθινὸν
1236 4525 1365 4579 Υἱδν
1532 4527 1721 4580 τοῦτον
1751 4527 1846 4582 καὶ

1980 4516 2195 4571 tametsi
2240 4514 2416 4569 factus
2462 4524 2543 4571 est
2593 4516 2782 4580 homo,
2816 4516 3173 4572 nihilominus
3212 4526 3266 4571 et
3296 4516 3572 4571 Dominus-

294 4612 556 4682 γενόμενον
596 4613 905 4685 ἄνθρωπον,
937 4615 1088 4669 οὐδὲν
1118 4612 1280 4689 ἦττον
1312 4619 1517 4691 Κύριον
1546 4621 1708 4675 αὑτὸν
1750 4621 1846 4678 καὶ
1976 4615 2028 4661 εί
2064 4606 2205 4662 Deus
2229 4615 2285 4661 ει
2311 4605 2559 4661 salvam"
2584 4614 2690 4661 εει·

292 4698 406 4752 Θεὸν
433 4705 522 4755 καὶ
545 4704 775 4773 Σωτῆρα
804 4706 1228 4776 ὲπικαλούμεθα.
1887 4698 1927 4751 υ

369 4787 609 4841 Τοῦιοδὲ
651 4786 735 4848 τίς
771 4787 870 4839 οὐκ
900 4787 970 4840 ἂν
1018 4786 1388 4859 θαυμάσειενς
1442 4789 1474 4859 ἢ
1520 4807 1603 4854 τις
1645 4792 1746 4846 οὐκ
1792 4793 1859 4847 ἂν

2034 4788 2137 4844 Cui
2180 4804 2341 4860 porro
2386 4789 2441 4845 id
2469 4790 2791 4847 admirabile
2838 4788 3274 4853 nonvidebitur,
3303 4786 3382 4841 vel
3410 4787 3535 4857 quis

305 4876 531 4931 σύνθοιτο
579 4880 724 4933 θετον
756 4878 973 4949 ἀληθῶς
1017 4876 1159 4933 εἶναι
1213 4880 1274 4933 τὸ
1326 4883 1596 4951 πρᾶγμας
1632 4884 1694 4937 El
1749 4884 1858 4955 γὰρ

1969 4894 2081 4935 rem
2119 4896 2243 4936 vere
2271 4881 2512 4938 divinam
2547 4896 2671 4940 esse
2704 4897 2811 4941 non
2846 4881 3220 4938 consenserit?
3253 4878 3368 4936 Nisi
3395 4880 3540 4935 eiiim

301 4968 362 5019 τὰ
386 4971 477 5039 τῆς
507 4970 759 5039 θεότητος
802 4970 897 5023 τοῦ
928 4971 1105 5039 Λόγου
1138 4970 1276 5042 ἔργα
1306 4973 1381 5043 μὴ
1410 4973 1497 5029 διὰ
1543 4974 1637 5027 τοῦ
1667 4976 1857 5045 σῶμα·

1965 4973 2270 5030 divinitatis
2321 4973 2485 5030 Verbi
2526 4988 2690 5045 opera
2727 4988 2821 5044 per
2874 4988 3078 5042 corpus
3132 4982 3312 5029 essent
3371 4971 3537 5036 facta,

300 5074 385 5121 τος
435 5050 679 5130 ιγίνετο,
732 5063 833 5116 οὐκ
887 5063 955 5117 ἀν
1011 5063 1333 5137 ἑθεοποιήθη
1389 5066 1714 5137 ἄνθρωπος’
1767 5068 1859 5121 καὶ

1967 5081 2247 5136 nunquam
2306 5066 2469 5120 homo
2532 5065 2752 5121 divinus
2797 5064 3027 5120 ell'ertus
3068 5064 3307 5120 fuisset:
3350 5074 3403 5119 et
3454 5064 3537 5118 vi-

303 5150 471 5213 πᾶλιν,
509 5153 556 5205 εί
605 5155 675 5207 τά
705 5154 816 5206 ίδια
848 5156 948 5225 τῆς
999 5156 1203 5226 σαρκὸς
1244 5159 1346 5211 οὐκ
1374 5158 1593 5225 ιλέγετο
1636 5159 1731 5213 τοῦ
1760 5159 1861 5215 Δό-

1966 5158 2154 5213 cissim
2207 5158 2311 5214 nisi
2358 5172 2485 5227 quae
2529 5157 2711 5213 carnis
2744 5158 2967 5228 propria
3014 5167 3165 5224 sunt,
3220 5156 3379 5211 Verbi
3420 5169 3542 5211 esse

300 5258 412 5309 γου,
459 5248 557 5300 οὐκ
601 5247 669 5302 ἂν
711 5248 1060 5319 ἠλευθερώθη
1111 5248 1395 5313 παντελῶς
1434 5251 1543 5304 ἀπὸ
1590 5252 1797 5306 τούτων
1832 5255 1861 5307 ὁ

1966 5250 2300 5312 dicerentur,
2358 5250 2428 5305 ab
2482 5249 2569 5306 his
2606 5252 2772 5304 homo
2820 5264 2929 5305 non
2974 5250 3190 5319 penitus
3239 5246 3436 5302 fuisset
3481 5245 3541 5299 li-

299 5334 575 5407 ἄνθρωπος
599 5357 614 5370 ·
654 5339 771 5393 ἀλλ’
795 5342 843 5394 sl
878 5342 986 5412 ἀρα
1019 5344 1157 5413 πρὸς
1185 5340 1363 5411 ὀλίγον
1397 5343 1498 5414 μὲν
1527 5345 1857 5413 ἀνεπαύετο,

1967 5344 2211 5398 beralus.
2267 5342 2466 5398 Verum
2521 5343 2568 5398 si
2637 5342 2860 5413 aliquod
2924 5353 3136 5412 tempus
3205 5344 3538 5401 cessassent,

307 5429 455 5481 πάλιν
484 5432 539 5484 δὲ
588 5431 783 5502 εμενεν
828 5435 861 5504 ἡ
892 5436 1142 5503 ἁμαρτία
1184 5435 1244 5487 ιν
1268 5435 1418 5506 αὐτῷ
1465 5438 1560 5491 καὶ
1595 5439 1627 5508 ἡ
1659 5438 1857 5509 φθορὰ,

1967 5452 2163 5491 rursus
2218 5444 2403 5492 tamen
2453 5436 2506 5490 in
2542 5436 2763 5493 homine
2814 5440 3101 5505 peccatum
3154 5437 3209 5484 et
3259 5428 3540 5498 corruptio

304 5517 477 5591 ὥσπερ
508 5525 602 5576 ἐπὶ
646 5524 759 5578 τῶν
811 5525 1121 5597 ἔμπροσθεν
1168 5526 1471 5599 ἀνθρώπων
1503 5528 1718 5597 γέγονε,
1763 5532 1859 5583 καὶ

1966 5529 2340 5593 remansisset,
2400 5531 2476 5584 uti
2533 5536 2690 5582 antea
2737 5526 2962 5596 comigit
3021 5520 3379 5577 hominibus:
3437 5534 3538 5575 ne.

304 5612 450 5667 τοῦτο
494 5615 792 5672 δείκνυται.
844 5618 1035 5671 Πολλοὶ
1081 5618 1212 5687 γοῦν
1265 5619 1411 5690 ἅγιοι
1458 5620 1715 5690 γεγόνασι
1765 5622 1861 5677 καὶ

1963 5634 2072 5690 que
2102 5622 2156 5677 id
2185 5622 2417 5693 probatu
2446 5630 2533 5679 est
2574 5619 2809 5677 ditilcile.
2848 5615 3002 5672 Multi
3051 5628 3246 5687 nempe
3284 5613 3453 5671 sancti
3486 5620 3539 5669 et

373 5797 388 5827 '
420 5795 630 5855 Coloss.
666 5814 724 5865 ιι,
756 5798 809 5854 9.
886 5803 905 5833 '
938 5799 1099 5857 Joan.
1132 5817 1187 5865 ι,
1223 5804 1312 5871 57,
1336 5804 1427 5860 '58.
1503 5807 1524 5839 ³
1554 5802 1746 5862 llatth.
1783 5819 1904 5873 vm,
1934 5801 1957 5855 l

894 5803 905 5833 '
938 5799 1099 5857 Joan.
1132 5817 1187 5865 ι,
1223 5804 1312 5871 57,
1336 5804 1427 5860 '58.
1503 5807 1524 5839 ³
1554 5802 1746 5862 llatth.
1783 5819 1904 5873 vm,
1934 5801 2021 5859 14.
2095 5803 2116 5839 ⁵
2140 5802 2297 5861 Joau.
2333 5803 2486 5871 1,“.

674 5899 942 5961 Ριτιιοι..
981 5901 1103 5963 Gs.
1137 5902 1395 5965 CXXX.

2986 5898 3057 5963 11s
