4102 6298
1905 272 1961 282 ..μ’

415 374 520 438 ιῖἶὸ

1457 375 1832 437 PANOPLIA
1873 373 2432 437 DOGMATICR.“
2471 377 2601 436 TI’T
2668 377 2767 437 XI.

3583 369 3683 429 iiii

412 507 474 560 τό
509 505 626 577 φῶς
664 507 941 576 φωτίζεινο
971 508 1062 562 καὶ
1082 510 1183 563 οὐκ
1214 509 1309 564 ἀπ’
1345 511 1581 582 ἐμαυτοῦ
1612 513 1850 583 φωτίζω,
1883 513 1998 568 ἀλλ’

2108 505 2334 572 habens,
2363 519 2393 558 a
2427 503 2586 557 Patre
2625 501 2802 556 habet.
2847 498 3019 555 Porro
3062 499 3220 554 Pater
3269 495 3358 552 illa
3404 514 3432 551 a
3468 498 3682 553 nemine

409 595 489 661 ὥς
520 597 582 650 τό
609 597 726 666 φῶς
762 597 1028 668 βούλεται’
1057 597 1214 653 τοῦτο
1250 599 1306 652 δὲ
1335 600 1493 670 λέγον
1517 635 1533 659 ,
1687 602 1747 654 οὐ
1782 603 1999 657 τόποτε

415 690 491 760 μὴ
523 689 669 760 ἔχειν
697 691 854 744 ἑαυτὸ
884 690 1154 745 δείκνυσιν
1175 733 1190 758 ,
1239 692 1353 746 ἀλλ’
1382 695 1469 748 ὃτι
1512 694 1614 748 τοῦ
1663 697 1838 765 φωτὸς
1873 698 2001 752 ἴδιόν

411 781 552 850 εἰμι,
585 781 681 834 καὶ
709 781 776 834 τὰ
827 781 1039 835 ἐκείνου
1076 783 1254 838 πάντα
1313 786 1421 854 ὲμά
1470 787 1638 840 ἐστιν.
1689 786 1873 852 Οὕτως
1905 789 2000 842 καὶ

411 869 578 922 πλέον
744 871 836 923 ἐπὶ
869 870 962 923 τοῦ
987 871 1118 924 Υἱοῦ
1155 875 1295 925 νοεῖν
1323 871 1521 939 ἔξεστι.
1553 874 1663 926 Καὶ
1685 873 1794 947 γὰρ
1824 876 2002 932 πάντα

409 960 661 1026 δεδωκὼς
693 964 720 1016 6
750 963 941 1034 Πατὴρ
970 962 1046 1034 τῷ
1077 963 1211 1034 Υἱῷ,
1259 966 1437 1019 πάντα
1473 965 1636 1020 πάλιν
1662 969 1690 1019 6
1724 968 1915 1041 Πατὴρ
1943 968 2001 1023 ὲν

411 1055 494 1126 τῷ
531 1053 648 1126 Υἱῷ
673 1055 808 1126 ἔχει·
837 1056 932 1109 καὶ
957 1056 1050 1110 τοῦ
1086 1057 1216 1110 Υἱοῦ
1263 1058 1319 1111 δὲ
1351 1058 1585 1130 ἔχοντος,
1641 1060 1802 1114 πάλιν
1829 1062 1859 1114 6
1889 1063 2002 1114 Πα-

414 1145 519 1216 τὴρ
566 1143 707 1197 αὐτά
736 1144 870 1214 ἔχει.
1061 1146 1130 1200 Ἦ
1163 1146 1272 1219 γὰρ
1335 1146 1430 1201 τοῦ
1473 1147 1602 1201 Υἱοῦ
1658 1148 1848 1220 θεότης
1905 1147 2000 1203 τοῦ

416 1238 628 1309 ιῐατρὸς
652 1236 844 1308 Θεότης
875 1237 1009 1290 ἑστί-
1062 1239 1154 1292 καὶ
1203 1239 1376 1303 οὕτως
1411 1242 1440 1292 6
1468 1240 1660 1312 Πατὴρ
1690 1242 1746 1295 ὲν
1779 1241 1856 1312 τῷ
1888 1239 2002 1314 Υἱῷ

413 1329 525 1383 τῶν
555 1330 775 1383 πάντων
795 1329 896 1400 τὴν
930 1331 1186 1402 πρόνοιαν
1216 1335 1470 1386 ποιεῖται.

2107 601 2291 664 habet,
2325 599 2417 654 sed
2449 597 2618 652 Filius
2646 597 2806 650 habet
2846 613 2875 649 a
2901 593 3078 648 Patre.
3118 590 3252 645 Nam
3289 598 3347 645 ut
3380 588 3682 660 splendoris

2107 691 2356 762 exemplo
2391 699 2534 756 utar,
2566 688 2610 743 si
2638 689 2751 757 ipse
2783 685 3039 756 splendor
3070 685 3142 738 ita
3161 685 3476 753 loqueretur
3506 703 3518 737 :
3553 681 3674 736 Om-

2108 800 2232 840 nem
2258 784 2438 838 locum
2474 780 2603 834 mihi
2639 779 2727 834 lux
2759 778 2822 832 ad
2854 777 3271 832 illuminandum
3303 774 3471 838 dedit,
3505 789 3682 844 neque

2106 891 2170 931 ex
2207 875 2414 945 meipso
2440 872 2709 933 illumino,
2738 869 2832 925 sed
2870 878 2929 923 ut
2958 868 3062 924 luci
3096 869 3312 937 placet:
3354 881 3487 921 sane
3533 865 3683 921 hisce

2105 967 2286 1022 verbis
2331 982 2436 1020 non
2486 963 2748 1017 indicaret
2799 974 2857 1014 se
2902 958 3194 1028 aliquando
3236 972 3344 1011 non
3403 957 3681 1022 habuisse,

2107 1061 2201 1114 sed
2237 1059 2414 1128 potiUs
2455 1072 2518 1111 ea
2561 1062 2702 1109 esset
2729 1052 2997 1108 sententia
3031 1050 3186 1121 :Ego
3227 1051 3365 1105 I‘ueis
3391 1067 3513 1106 sum
3550 1067 3680 1122 pro-

2108 1151 2278 1221 prius,
2311 1149 2539 1218 ejusque
2589 1145 2771 1201 omnia
2815 1159 2934 1198 mea
2973 1151 3119 1198 sunt.
3160 1139 3302 1197 Idem
3353 1143 3604 1199 similiter
3627 1154 3682 1199 et

2109 1234 2279 1297 multo
2313 1243 2485 1311 magis
2511 1240 2576 1294 de
2601 1240 2736 1294 Filio
2764 1237 3171 1306 intelligendum
3197 1245 3279 1291 est
3323 1235 3515 1291 Omnia
3537 1236 3680 1290 enim

2109 1333 2270 1388 Pater
2319 1333 2458 1387 Filio
2501 1332 2666 1396 dedit,
2713 1340 2767 1385 et
2815 1346 3006 1385 rursus
3053 1330 3192 1383 idem
3229 1328 3388 1383 Pater
3419 1327 3680 1382 omniain

416 1423 554 1480 Filio
587 1425 766 1479 habet.
801 1423 938 1480 Filio
970 1426 1096 1479 item
1131 1426 1382 1488 habente,
1431 1427 1619 1483 eadem
1646 1443 1866 1498 quoque
1905 1427 2068 1484 Pater
2103 1428 2286 1484 habet.
2320 1427 2596 1497 Siquidem
2641 1426 2762 1481 Filii
2793 1424 3070 1488 divinitas,
3098 1422 3274 1480 Patris
3290 1433 3373 1479 est
3400 1425 3682 1486 divinitas.

413 1524 583 1586 atque
606 1517 679 1571 ita
705 1515 944 1572 Pater'in
984 1517 1120 1571 Filio
1159 1532 1247 1571 res
1279 1533 1467 1573 omnes
1499 1519 1835 1588 providentia
1858 1520 1995 1590 gerit
2029 1529 2083 1576 et
2112 1519 2476 1576 administrat.
3219 1499 3240 1520 χ

618 1611 740 1665 Τῶν
771 1611 870 1683 μὲν
903 1607 996 1666 οὖν
1025 1611 1282 1666 τοιούτων
1308 1613 1488 1685 ῥητῶν
1519 1608 1758 1678 τοιοῦτος
1789 1616 1825 1669 δ
1850 1615 1993 1679 νοῦς·

415 1702 553 1772 περὶ
581 1701 646 1755 δὲ·
661 1701 770 1755 τῶν
793 1701 1148 1772 ἀνθρωπίνως
1161 1701 1480 1772 λεγομένων
1493 1701 1620 1772 περὶ
1633 1700 1726 1755 τοῦ
1886 1703 1998 1755 Σω-

416 1795 604 1865 τῆρος,
650 1795 745 1847 καὶ
782 1791 955 1847 ταῦτα
1007 1793 1168 1847 πάλιν
1208 1792 1404 1863 εὗσεϐἦ
1449 1792 1552 1864 τὴν
1590 1791 1830 1846 διάνοιαν
1859 1791 1992 1863 ἔχει.

417 1885 522 1938 Διά
545 1883 706 1938 τοῦτο
723 1883 832 1957 γάρ
854 1885 948 1937 καῖ

417 1977 530 2039 ἵνα,
557 1975 653 2028 ὲάν
683 1975 1003 2044 ἀκούσωμεν
1035 1973 1420 2045 ἐπερωτῶντος
1447 1971 1634 2036 αὑτοῦ,
1689 1971 1792 2024 ποῦ
1815 1972 1996 2037 Λάζα-

421 2084 514 2138 ρος
536 2069 732 2130 κεῖται,
761 2067 854 2120 καὶ
880 2067 1007 2120 ὅταν
1038 2067 1118 2129 εἰς
1147 2064 1218 2119 τά
1263 2064 1404 2138 μέρη
1445 2064 1785 2135 Καισαρείας
1827 2061 1998 2118 ἐλθὼν

420 2155 756 2208 πυνθάνεται
796 2188 813 2213 .

417 2242 608 2310 efren;
635 2245 752 2308 καὶ,
783 2245 1025 2306 Πόσους
1051 2241 1221 2310 ἔχετε
1247 2239 1502 2307 ἀρτους;
1531 2239 1644 2303 καὶ,
1702 2238 1768 2293 Τί
1797 2239 2003 2294 θέλετε

417 2338 524 2389 ἵνα
546 2333 780 2400 ποιήσω
800 2332 967 2402 ὐμῖν;
981 2329 1339 2400 γινώσκωμεν
1367 2331 1430 2382 ὲκ
1452 2329 1562 2383 τῶν
1590 2333 2004 2402 προειρημένων

418 2429 522 2498 τὴν
554 2425 722 2498 ὀρθὴν
750 2423 858 2478 τῶν
885 2421 1064 2496 ῥητῶν
1092 2421 1350 2485 διάνοιαν,
1384 2422 1478 2474 καὶ
1528 2419 1602 2492 μὴ
1633 2419 2002 2483 σκανδαλιζώ-

423 2519 566 2589 μεΘα
591 2517 733 2571 κατὰ
790 2518 916 2578 τοὺς
968 2514 1366 2586 χριπομάχους
1409 2512 1737 2584 Ἀρειανούς.
1779 2512 2004 2583 Πρῶτον

423 2609 528 2678 μὲν
553 2603 646 2661 οὖν
818 2608 931 2668 τοῖς
961 2605 1219 2658 ἀσεϐοῦσι
1271 2603 1428 2657 τοῦτο
1469 2603 1680 2674 ῥητέον,
1724 2601 1888 2655 πόθεν
1915 2619 2004 2655 νο-

424 2700 676 2771 μίζουσιν
705 2699 916 2766 ἀγνοεῖν
944 2696 1103 2749 αὐτόν
1127 2712 1143 2760 ς
1174 2696 1248 2750 Οὐ
1273 2695 1381 2767 γάρ
1403 2695 1443 2747 6'-
1466 2693 1759 2766 ἐπερωτῶν
1783 2692 2004 2756 πάντως

421 2792 522 2844 καὶ
547 2789 756 2858 ἀγνοῶν
785 2787 1058 2858 ἐπερωτᾷ·
1084 2785 1200 2840 ἀλλ’
1227 2785 1518 2850 ἔξεστι-τὸν
1542 2783 1722 2838 εἰδότα
1746 2785 1842 2837 καὶ
1868 2786 2007 2854 ὲρω-

417 2883 525 2952 τᾷν
554 2916 572 2944 ι
713 2880 841 2951 περὶ
869 2872 942 2932 ὧν
973 2878 1281 2932 ἐπίσταται.
1328 2876 1542 2948 ’Λμέλει
1569 2875 1666 2930 καὶ
1688 2877 1718 2928 6
1754 2875 2006 2944 Ἰωάννης

422 2970 792 3042 ἐπερωτῶντα
819 2969 911 3023 τὸν
927 2969 1182 3041 Χριστὸν,
1198 2967 1438 3033 Πόσους
1463 2967 1679 3036 ἄρτους
1689 2968 1877 3036 ἔχετε,
1895 2961 2004 3019 οἶδε

426 3064 505 3134 μὴ
525 3061 841 3132 ἀγνοοῦντα,
862 3059 1389 3129 ἀλλά-γινώσκονται
1405 3058 1546 3128 φησι
1559 3057 1689 3130 γὰρ,
1728 3056 1908 3112 Τοῦτο
1935 3055 2007 3109 δὲ

420 3157 600 3224 ἔλεγε
630 3151 1046 3222 πειράζωντὸν
1064 3153 1386 3206 Φίλιππον-⁸
1417 3152 1601 3215 αὐτὸς
1631 3149 1740 3220 γὰρ
1769 3149 1920 3218 ᾔδει,
1948 3148 2007 3202 τι

2317 1615 2445 1672 Haec
2481 1614 2645 1686 igitur
2678 1622 2763 1669 est
2805 1613 3025 1669 illorum
3049 1612 3336 1668 verborum
3391 1609 3677 1666 sententia.

2103 1707 2234 1774 Quae
2271 1709 2473 1778 pariter
2512 1707 2579 1761 de
2605 1705 2886 1760 Salvatore
2933 1704 3171 1758 humano
3209 1716 3358 1756 more
3402 1700 3678 1761 dicuntur,

2061 1823 2064 1826 ’
2101 1790 2290 1855 eorum
2321 1812 2538 1869 quoque
2570 1797 2659 1868 pia
2688 1807 2771 1851 est
2801 1793 3148 1866 signiﬁcatio.
3183 1791 3389 1848 Idcirco
3418 1790 3561 1846 enim
3590 1793 3684 1848 illa

1120 1882 1570 1955 πφεξητάσαμεν
1617 1883 1688 1936 τὰ
1735 1884 1993 1947 τοιαῦτα,

2106 1894 2252 1962 prius
2284 1890 2597 1947 examinare
2617 1889 2794 1944 visum
2828 1895 2930 1953 est,
2952 1894 3028 1953 ut,
3063 1886 3107 1942 si
3139 1886 3426 1940 Dominum
3447 1887 3681 1940 interro-

2100 1993 2316 2056 gantem
2367 1981 2724 2048 audierimus,
2757 1979 2846 2036 ubi
2886 1977 3127 2034 Lazarus
3151 1978 3364 2048 jaceat'
3395 1999 3406 2034 :
3434 1990 3487 2035 et
3529 1995 3674 2044 cum,

2102 2073 2194 2129 ubi
2226 2075 2280 2127 in
2315 2082 2495 2144 partes
2509 2071 2771 2128 Ciesarere
2797 2071 2944 2127 venit
2969 2077 3368 2141 percunctatur,
3405 2071 3568 2137 Quem
3597 2088 3678 2125 me

951 2150 1091 2204 Τίνα
1137 2164 1216 2218 με
1257 2149 1548 2215 λέγουσιν
1596 2149 1652 2198 ot
1703 2145 2000 2211 ἄνθρωποι

2106 2150 2336 2202 nomines
2369 2167 2478 2204 esse
2515 2151 2785 2206 dicunt‘?
2807 2160 2882 2216 et,
2924 2151 3063 2217 Quot
3112 2153 3504 2224 paneslmbetis
3530 2154 3594 2206 ’Ἰ
3625 2163 3678 2208 et

2100 2242 2438 2309 Quidmultis
2469 2253 2528 2298 ut
2563 2243 2759 2311 faciam
2793 2243 2935 2298 vobis
2963 2242 2986 2276 ⁵
3009 2244 3033 2298 ἵ
3057 2258 3124 2298 ex
3169 2243 3256 2298 liis
3282 2257 3404 2312 quae
3439 2243 3676 2313 explica-

2101 2337 2302 2400 vimus,
2336 2334 2441 2390 ista
2477 2334 2641 2390 etiam
2666 2341 2812 2389 recte
2845 2335 3122 2405 possimus
3161 2335 3481 2404 intelligere,
3511 2336 3676 2388 mini-

2102 2441 2316 2494 meque,
2350 2436 2409 2481 ut
2439 2425 2534 2481 Dei
2563 2425 2746 2482 hostes
2778 2427 2988 2491 Ariani,
3023 2427 3343 2482 scandalum
3381 2429 3672 2498 patiamur.

2101 2516 2291 2588 Itaque
2313 2518 2547 2587 primum
2593 2519 2662 2574 ab
2697 2519 2860 2588 impie
2904 2519 3261 2575 sentientibus
3290 2519 3674 2589 requirendum

2099 2617 2202 2674 est,
2233 2609 2503 2663 undenam
2533 2625 2657 2664 eum
2693 2609 2945 2679 ignorare
2979 2610 3351 2664 arbitrentur?
3387 2608 3496 2666 Nec
3533 2611 3676 2664 enim

2101 2713 2247 2764 eum,
2275 2701 2369 2770 qui
2401 2700 2719 2770 interrogat,
2749 2715 2972 2756 necesse
2997 2709 3080 2757 est
3112 2702 3361 2772 ignorare
3387 2702 3452 2756 de
3480 2703 3681 2772 quibus

2103 2789 2442 2861 interrogat:
2475 2807 2662 2847 verum
2695 2792 2822 2847 licet
2851 2793 3014 2847 etiam
3053 2793 3313 2847 scientem
3351 2795 3416 2848 de
3443 2795 3529 2849 his
3559 2813 3682 2864 qum

2102 2884 2381 2952 cognoscit
2403 2883 2696 2939 sciscitari.
2715 2883 2874 2938 Certe
2900 2884 3018 2954 ipse
3040 2883 3275 2940 Joannes
3302 2887 3579 2941 Christum
3600 2890 3672 2940 in.

2103 2981 2489 3044 terrogantem,
2541 2975 2677 3043 Quot
2718 2990 2878 3045 panes
2922 2976 3146 3043 habetis,
3197 2993 3303 3031 non
3352 2979 3679 3033 nescientem

2104 3065 2198 3122 sed
2247 3065 2509 3122 scientem
2547 3067 2812 3136 agnoscit,
2853 3067 2976 3121 hinc
3015 3068 3160 3121 enim
3189 3068 3266 3122 ait
3299 3086 3311 3121 :
3359 3063 3470 3120 Hoc
3505 3078 3681 3121 autem

2102 3157 2309 3213 dicebat
2343 3165 2550 3212 lentam
2597 3155 2908 3227 Philippum
2945 3173 2962 3210 :
3001 3158 3109 3226 ipse
3147 3157 3285 3210 eni‘m
3320 3157 3516 3210 sciebat
3555 3157 3682 3225 quid

419 3246 647 3315 ἔμελλε
699 3243 911 3298 ποιεῖν.
972 3244 1042 3296 Ei.
1097 3242 1156 3296 δὲ
1201 3241 1316 3312 ᾔδει
1355 3242 1493 3310 ὅπερ
1544 3241 1742 3304 ἐποίει,
1767 3241 1869 3294 οὐκ
1896 3241 2006 3313 ἄρα

2106 3257 2236 3303 esset
2265 3249 2504 3316 facturus
2529 3244 2573 3302 ⁸.
2607 3246 2762 3314 Quod
2799 3249 2844 3304 si
2889 3256 3119 3302 noverat
3155 3247 3285 3318 quid
3322 3246 3543 3312 faceret,
3574 3237 3690 3301 non

421 3335 660 3404 ἀγνοῶν,
688 3335 824 3388 ἀλλὰ
844 3333 1138 3402 γινώσκων
1151 3332 1425 3403 ἐπερωτᾷ.
1619 3332 1752 3386 Ἀπὸ
1788 3330 1846 3384 δὲ
1877 3330 2006 3384 τού-

421 3446 523 3484 του
551 3429 644 3483 καὶ
683 3427 761 3482 τά.
798 3429 961 3496 ὃμοια
1000 3428 1136 3480 νοεῖν
1183 3424 1410 3489 ἔξεστιν,
1459 3423 1564 3488 ὅτι,
1597 3425 1725 3478 ὅταν
1752 3425 1932 3495 ἐρωτᾷ
1974 3425 2004 3478 6

425 3521 632 3591 Κύριος
662 3558 681 3584 ,
817 3518 917 3572 οὑκ
971 3515 1202 3586 ἀγνοῶν,
1232 3513 1335 3570 ποῦ
1360 3515 1605 3586 Λάζαρος
1657 3517 1854 3577 κεῖται,
1883 3514 2006 3568 οὐδὲ

419 3612 548 3664 τίνα
578 3609 825 3678 λέγωσιν
873 3608 1036 3662 αὐτὸν
1081 3604 1221 3661 εἶναι
1273 3607 1324 3662 οῖ
1383 3606 1680 3679 ἂνθρωποι,
1730 3608 2004 3677 ἐπερωτᾷ,

420 3702 562 3758 ἀλλά
587 3700 870 3770 γινώσκων
893 3701 1032 3769 ὅπερ
1077 3697 1262 3770 ἠρώτα
1310 3697 1493 3761 αὐτὸς,
1527 3696 1683 3761 εἰδὼς
1719 3698 1773 3752 τι
1822 3698 2006 3784 μέλλε

391 3797 617 3871 ,ποιεῖν’
647 3794 742 3847 καὶ
777 3791 986 3861 ταχέως
1019 3791 1115 3861 μὲν
1147 3789 1326 3844 αὐτῶν
1359 3789 1501 3844 οὕτω
1531 3790 1593 3844 τὸ
1624 3791 1784 3858 σοφὸν
1811 3790 2010 3871 ὲκὸἀλέ

421 3886 594 3938 λεται.
625 3885 722 3937 Ἂν
749 3883 807 3936 δὲ
827 3881 1200 3951 φιλονεικῶσιν
1382 3879 1464 3934 ἔτι
1487 3879 1575 3935 διά
1618 3881 1680 3933 τὸ
1699 3867 2006 3953 ὲπεροηᾷνέ

419 3973 792 4036 ἀκουέτωσαν,
827 3975 910 4026 ὅτι
934 3975 993 4026 ὲν
1020 3972 1119 4042 μὲν
1158 3975 1226 4043 τῇ
1256 3971 1468 4042 θεότητι
1494 3973 1594 4025 οὐκ
1621 3971 1768 4026 ἔστιν
1791 3974 2004 4042 ἄγνοια,

420 4065 525 4135 τῆς
554 4063 612 4117 δὲ
650 4062 852 4132 σαρκὸς
878 4061 1008 4116 ἴδιόν
1044 4061 1160 4114 ἐστι
1193 4061 1252 4114 τὸ
1300 4061 1534 4129 ἀγνοεῖν,
1567 4059 1818 4132 καθάπερ
1850 4061 2012 4134 εἴρη-

419 4173 536 4210 ται.
572 4154 683 4208 Καὶ
713 4155 796 4208 ὅτι
815 4153 968 4206 τοῦτο
988 4151 1185 4223 ἀληθές
1215 4154 1385 4215 ἐστιν,
1417 4152 1520 4223 δρα
1573 4152 1690 4216 πῶς
1735 4155 1765 4206 6
1803 4153 2008 4224 Κύριος

422 4252 456 4302 6
624 4245 1046 4316 πυνθανόμενος,
1073 4243 1183 4299 ποῦ.
1193 4243 1440 4315 Λάζαρος
1467 4247 1662 4310 κεῖται,
1688 4245 1852 4309 αὐτὸς
1885 4242 2012 4316 εἶπε,

426 4341 505 4409 μὴ
536 4337 747 4409 παρὼν,
789 4335 926 4390 ἀλλὰ
965 4336 1060 4389 καὶ
1109 4335 1326 4408 μακρὰν
1349 4334 1446 4402 ὢνς
1472 4336 1720 4408 Λάζαρος
1744 4336 2006 4403 ἀπέθανε,

422 4431 522 4484 καὶ
550 4428 652 4482 ποῦ
703 4427 994 4492 ἀπέθανεν.
1070 4428 1126 4480 '0
1171 4427 1228 4480 δὲ
1275 4428 1394 4480 κατ’
1419 4428 1626 4492 αὐτοὺς,
1654 4427 2006 4500 νομιζόμενος

421 4521 660 4588 ἀγνοεῖν,
694 4519 856 4582 αὐτός
878 4519 1024 4571 ἐστιν
1062 4518 1091 4571 6
1130 4518 1254 4580 τοὺς
1283 4517 1666 4589 διαλογισμοὺς
1694 4519 1803 4573 τῶν
1834 4519 2010 4591 μαθη-

2108 3345 2273 3414 igitur
2298 3343 2544 3399 nesciens
2577 3343 2670 3398 sed
2702 3341 2883 3398 sciens
2928 3341 3316 3412 interrogabat.
3353 3339 3468 3394 Hoc
3501 3349 3681 3394 autem

2106 3453 2174 3490 ex
2214 3436 2341 3491 loco
2384 3435 2488 3490 alia
2516 3449 2810 3504 possumus
2847 3431 3169 3502 intelligere.
3211 3432 3326 3486 Nec
3351 3431 3493 3485 enim
3526 3432 3682 3502 igno-

2105 3541 2234 3581 rans
2252 3524 2515 3579 Dominus
2536 3523 2924 3592 interrogabat,
2949 3520 3173 3576 ubinam
3196 3517 3401 3590 jaceret
3418 3516 3678 3582 Lazarus,

2111 3617 2681 3686 neque,quenripsum
2701 3614 2952 3668 homines
2973 3611 3236 3676 dicerent,
3255 3611 3349 3666 sed
3370 3610 3474 3664 hoc
3501 3611 3679 3680 ipsum

2107 3706 2254 3776 quod
2282 3705 2648 3775 interrogabat
2673 3718 3031 3775 cognoscens,
3064 3702 3354 3772 sciensque
3377 3701 3508 3772 quid
3539 3710 3683 3756 esset

2110 3799 2358 3853 facturus
2379 3815 2393 3851 :
2416 3806 2580 3866 atque
2613 3796 2687 3851 ita
2722 3795 2976 3850 facillime
3213 3802 3433 3848 acutum
3464 3792 3681 3846 illorum

2106 3889 2391 3957 sophisma
2416 3887 2666 3942 diluitur.
2701 3885 2858 3951 Quod
2885 3887 2932 3942 si
2965 3885 3018 3938 in
3047 3899 3133 3950 eo,
3161 3885 3308 3955 quod
3349 3885 3684 3955 interrogare

2105 3980 2326 4041 dicitur,
2344 3978 2514 4034 velint
2558 3979 2844 4042 insistere,
2894 3977 3122 4032 audiant
3167 3977 3372 4032 nullam
3405 3976 3684 4030 iudivini-

2107 4081 2217 4126 tate
2263 4069 2622 4139 ignorantiam
2677 4082 2836 4134 esse,
2863 4068 2956 4122 sed
2997 4068 3282 4137 preprium
3331 4082 3453 4122 esse
3504 4068 3694 4122 carnis

2108 4165 2399 4234 ignorare,
2463 4163 2542 4218 uti
2591 4162 2795 4218 dictum
2861 4170 2962 4216 est.
3013 4159 3170 4227 Quod
3220 4161 3452 4230 quidem
3493 4176 3687 4215 verum

2105 4275 2228 4316 esse
2256 4259 2582 4328 comperies,
2611 4258 2660 4314 si
2683 4259 2941 4314 observes
2971 4270 3081 4326 quo
3103 4265 3264 4327 pacto
3299 4255 3563 4313 Dominus
3589 4259 3700 4326 qui'

2107 4350 2461 4420 interrogavit
2494 4350 2586 4405 ubi
2622 4349 2831 4420 iaceret
2868 4345 3133 4411 Lazarus,
3165 4348 3416 4417 ipse-non
3445 4357 3692 4418 pmsens‘

2107 4443 2203 4498 sed
2231 4441 2421 4512 procul
2459 4441 2659 4496 absens
2699 4438 2898 4495 dixerit
2937 4436 3203 4491 Lazarum
3238 4447 3512 4493 mortuum
3543 4454 3684 4500 esse.

2108 4547 2288 4602 quove
2320 4531 2376 4584 in
2396 4531 2518 4585 loco
2537 4539 2792 4584 mortuus
2811 4536 2975 4583 esset.
3003 4527 3079 4581 Et
3094 4543 3222 4583 vero
3252 4528 3341 4582 ille
3371 4529 3699 4597 ipse,quenr

417 4612 535 4665 τῶν
573 4609 982 4682 προγινώσκων,
1004 4609 1274 4673 καὶείδὼς
1296 4609 1369 4662 τὰ
1409 4611 1468 4664 ὲν
1491 4612 1558 4680 τῇ
1597 4611 1830 4665 ἑκάστου
1875 4629 2006 4684 καρ-

2110 4624 2358 4695 ignarum
2377 4637 2500 4678 esse
2513 4623 2850 4685 existimant,
2871 4621 2918 4675 is
2934 4629 3018 4674 est
3051 4620 3144 4688 qui
3173 4619 3532 4688 cogitationes
3552 4634 3698 4688 praei

418 4702 533 4772 δίᾳ,
557 4703 650 4754 καὶ
679 4701 730 4754 τί
761 4703 908 4753 ἐστιν
935 4702 993 4752 ὲν
1040 4699 1118 4770 τῷ
1147 4698 1440 4770 ἀνθρώπων
1467 4701 1562 4754 καὶ
1586 4700 1650 4753 τό
1691 4717 1756 4769 γε
1803 4704 2008 4772 μεῖζον,

421 4790 591 4854 αὐτὸς
621 4790 778 4862 μόνος
807 4789 1067 4858 γινώσκει
1115 4787 1207 4841 τὸν
1248 4789 1489 4862 Πατέρα,
1522 4792 1615 4844 καὶ
1647 4789 1813 4867 λέγει’
1864 4791 2010 4863 Ἐγὼ

418 4883 495 4934 ἐν
527 4878 606 4945 τῷ
633 4879 835 4948 Πατρὶ,
867 4881 966 4932 καὶ
999 4883 1030 4934 ό
1056 4878 1258 4950 Πατὴρ
1425 4881 1495 4934 ἐν
1517 4881 1669 4951 ἐμοι.

621 5080 830 5136 Οὐκοῦν
853 5081 1016 5136 παντὶ
1041 5080 1201 5135 τοῦτο
1244 5081 1402 5152 δῆλόν
1432 5085 1599 5146 ἐστιν,
1645 5085 1727 5138 ὅτι
1765 5086 1864 5156 τῆς
1911 5086 2022 5156 plu:

423 5175 630 5244 σαρκός
657 5177 770 5228 ἐστι
807 5175 869 5226 τὸ
889 5175 1124 5243 ἀγνοεῖν,
1170 5175 1332 5238 αὐτὸς
1377 5176 1433 5228 δὲ
1466 5177 1496 5228 6
1538 5177 1731 5245 Λόγος,
1840 5179 2022 5246 Λόγος

421 5265 566 5328 ἐστὶ,
596 5263 664 5318 τὰ
691 5265 872 5320 πάντα
914 5265 1010 5318 καὶ
1064 5266 1192 5336 πρὶν
1245 5265 1514 5333 γενέσεως
1559 5267 1836 5334 γινώσκει.
1873 5270 2011 5323 οὐδὲ

421 5357 540 5426 γὰρ
582 5396 598 5418 ,
739 5356 928 5426 ἐπειδὴ
969 5355 1192 5422 γέγονεν
1247 5356 1553 5428 ἄνθρωπος,
1602 5359 1877 5416 πέπαυται
1915 5361 2028 5415 τοῦ·

423 5441 569 5499 εἶναι
593 5446 746 5509 Θεός·
775 5446 915 5508 οὐδὲ,
949 5446 1138 5519 ἐπειδὴ
1170 5448 1304 5510 Θεός
1328 5448 1466 5512 ἐστι,
1496 5448 1685 5519 φεύγει
1715 5451 1776 5504 τὸ
1798 5451 2012 5522 ἀνθρώ-

426 5554 606 5591 πινον·
651 5539 725 5607 μὴ
752 5538 990 5606 γένοιτοῑ
1021 5539 1158 5594 ἀλλά
1191 5540 1388 5611 μᾶλλον
1424 5541 1557 5606 Θεδς
1583 5541 1680 5607 ὢν,
1708 5545 2016 5617 προσελάμ-

427 5629 566 5684 6ανε
732 5629 831 5700 τὴν
859 5632 1060 5702 σάρκα,
1086 5634 1181 5687 καὶ
1224 5636 1282 5686 ὲν
1307 5635 1472 5705 σαρκὶ
1502 5633 1580 5688 ὣν
1605 5634 1871 5690 ὲθεοποίει
1915 5637 2014 5708 τὴν

475 5760 526 5809 ’ί
563 5771 720 5832 Joan.
750 5793 822 5842 xi,
851 5776 944 5832 51.
1017 5773 1040 5806 ⁹
1068 5770 1258 5827 Matth.
1292 5766 1516 5833 “1,13.
1593 5766 1618 5800 ³
1644 5765 1810 5824 Marc.
1849 5786 1919 5836 νι,
1943 5771 2033 5827 58.

2111 4715 2294 4770 noscit
2333 4713 2747 4784 discipulorum,
2789 4720 2846 4766 et
2881 4727 3004 4783 qua:
3047 4712 3101 4765 in
3145 4709 3486 4780 singulorum
3523 4712 3688 4766 corde

2110 4817 2393 4878 geruntur,
2423 4806 2667 4876 quidque
2703 4805 2776 4860 sit
2803 4804 2858 4858 in
2883 4803 3101 4858 homine
3129 4811 3383 4856 accurate
3410 4803 3598 4858 novit:
3631 4813 3704 4858 et-

2109 4900 2262 4971 quod
2277 4899 2457 4969 majus
2481 4907 2586 4961 est,
2605 4898 2754 4952 solus
2775 4898 2891 4966 ipse
2911 4894 3126 4950 Patrem
3153 4895 3442 4964 cognoscit
3452 4902 3507 4949 et
3524 4895 3652 4951 dicit
3670 4915 3684 4950 :

2115 4991 2226 5064 Ego
2255 5009 2321 5046 ιη
2341 4992 2526 5056 Patre,
2553 4999 2602 5043 et
2635 4989 2798 5043 Pater
2820 4989 2874 5040 in
2901 5003 2982 5041 me
3010 4995 3088 5040 est
3119 4991 3162 5042 ‘.

2301 5079 2490 5150 Itaque
2514 5079 2770 5135 omnibus
2798 5077 3162 5148 perspicuum
3177 5085 3269 5130 est
3290 5075 3688 5146 ignorationem

2115 5177 2180 5230 ad
2205 5189 2425 5230 carnem
2453 5174 2742 5246 pertinere,
2777 5172 2955 5242 ipsum
2997 5180 3173 5225 autem
3209 5169 3467 5232 Verbum,
3495 5173 3690 5236 quate-

2116 5284 2220 5323 nus
2244 5265 2481 5322 Verbum
2510 5274 2616 5331 est,
2645 5264 2829 5320 omnia
2852 5263 3005 5333 prius
3043 5263 3207 5318 etiam
3241 5276 3405 5330 quam
3445 5258 3694 5312 oriantur

2117 5355 2600 5428 cognoscere..Nec
2629 5357 2775 5411 enirn
2795 5370 2861 5411 eo
2889 5355 3034 5426 quod
3060 5354 3224 5408 homo
3244 5353 3418 5405 factus
3443 5349 3532 5413 sit,
3556 5347 3696 5402 Deus

2118 5467 2238 5507 esse
2253 5451 2416 5505 desiit
2443 5469 2458 5505 :
2484 5465 2662 5519 neque
2683 5449 2812 5518 quia
2842 5447 2986 5502 Deus
3005 5457 3109 5512 est,
3133 5446 3185 5499 id
3217 5441 3364 5512 quod
3393 5441 3712 5493 humanunr

2119 5553 2202 5599 est
2231 5543 2403 5613 fugit:
2432 5541 2611 5608 absit;
2641 5542 2735 5596 sed
2764 5540 2947 5610 potius
2965 5538 3106 5592 Deus
3131 5551 3256 5590 cum
3290 5537 3457 5593 esset,
3477 5544 3696 5584 carnem

2120 5636 2439 5707 assumpsit,
2473 5644 2525 5690 ct
2568 5650 2697 5690 cum
2739 5639 2886 5687 esset
2931 5631 2996 5682 in
3029 5641 3217 5692 carne,
3262 5631 3491 5680 carnem
3522 5621 3714 5700 ipsam

2108 5772 2128 5802 ⁸
2154 5769 2342 5828 Matth.
2375 5791 2464 5842 xx,
2494 5773 2584 5830 5‘2.
2662 5773 2682 5804 ⁸
2713 5770 2872 5826 Joau.
2903 5787 2976 5837 v1,
3012 5771 3064 5825 6.
3145 5771 3163 5801 '
3189 5768 3345 5825 Juan.
3384 5781 3494 5831 xxv,
3539 5767 3646 5822 10.-
