4032 6288
484 235 586 298 43)

1716 245 2059 306 EUI‘HYMI
2070 245 2094 303 Ι
2134 245 2494 310 ZIGABENI

3590 263 3689 329 440

480 348 665 401 statim
716 348 956 418 subjecit
991 367 1006 405 :
1050 349 1275 420 Vigilate
1305 353 1490 424 igitur,
1532 356 1654 424 quia
1678 356 1906 420 nescitis,
1941 372 2044 425 qua

2164 357 2370 425 ἱγνοιαν
2401 362 2669 431 παραθεὶς
2697 364 2859 429 εὐθὺς
2886 364 3134 436 ἐπήγαγε
3159 383 3171 397 ’
3202 367 3539 435 Γρηγορεῖτε
3560 369 3688 439 οὖν,

481 433 611 488 hora
675 432 928 491 Dominus
966 447 1135 493 vester
1177 447 1421 494 venturus
1454 440 1522 495 sit
1559 442 1598 494 ‘.
1673 442 1739 496 Et
1786 456 2045 508 rursum;

483 525 603 593 Qua
629 527 759 581 hora
789 544 891 582 non
924 531 1124 600 putatis
1146 528 1314 583 Filius
1348 532 1572 586 hominis
1600 533 1762 587 veniet
1791 533 1837 588 '.
1890 531 2045 599 Quod

480 623 525 675 si
574 624 651 677 uti
680 624 818 679 D‘eus
843 626 1163 693 ignorasset,
1186 626 1480 683 dicendum
1504 637 1652 684 erat:
1677 628 1908 699 Vigilate
1945 629 2050 701 igi-

478 717 587 774 tur,
616 711 738 779 quia
753 712 955 773 nescio,
980 722 1037 766 et
1065 727 1172 782 qua
1219 714 1353 769 hora
1378 730 1488 769 non
1536 723 1688 786 puto.
1718 716 1836 771 Non
1863 725 2044 773 autem

480 797 552 851 ita
571 797 727 861 dixit,
764 798 878 861 sed,
924 797 1062 862 Quia
1094 803 1302 854 nescitis
1353 818 1460 867 vos,
1497 812 1573 868 et,
1604 803 1723 869 Qua
1751 804 1880 859 hora
1945 822 2048 859 non

479 892 698 957 putatis,
742 891 1144 947 utostenderet
1206 894 1482 949 hominum
1552 912 1672 952 esse
1762 898 2045 969 proprium

476 981 748 1054 ignorare.
764 986 1106 1057 QuaprOpter
1129 1004 1319 1044 eorum
1353 1000 1409 1046 et
1435 992 1551 1063 ipse
1571 1009 1789 1048 carnem
1813 994 2047 1051 similem

477 1074 707 1139 habens,
742 1086 819 1133 ct
843 1078 1007 1133 homo
1035 1078 1213 1135 factus
1235 1081 1469 1149 diccbat,
1523 1083 1602 1138 Ne
1634 1085 1804 1140 Filius
1829 1085 2047 1155 quidem

475 1166 647 1222 novit.
678 1167 809 1222 Nam
829 1178 882 1224 et
911 1171 978 1225 de
1006 1173 1121 1226 Noe
1155 1188 1260 1226 non
1288 1173 1444 1239 dixit,
1476 1173 1590 1228 Non
1626 1176 1897 1247 cognovit,
1930 1176 2045 1241 scd,

475 1256 603 1311 Non
676 1273 1072 1331 cognoverunt,
1151 1266 1316 1318 donec
1398 1265 1651 1320 diluvium
1700 1268 1834 1321 venit
1857 1268 1898 1321 ³.
1967 1267 2049 1323 llli

477 1350 623 1405 enim
656 1369 765 1409 non
800 1357 1220 1427 cognoscebant,
1258 1357 1376 1427 ipse
1428 1367 1610 1413 autem
1645 1359 1911 1415 diluvium
1966 1358 2048 1415 in-

480 1440 691 1497 ducens
736 1448 1120 1515 cognoscebat.
1183 1446 1549 1513 Quamobrem
1577 1459 1631 1505 et
1685 1451 1801 1505 Noe
1867 1450 2043 1507 dixit:

476 1532 752 1603 Ingredere
800 1545 874 1602 tu,
917 1549 966 1591 et
989 1537 1087 1601 ﬁlii
1113 1539 1188 1591 tui
1247 1540 1325 1592 tui
1379 1540 1437 1593 in
1487 1557 1667 1595 arcam
1694 1540 1739 1596 ⁸.
1789 1540 1846 1596 Si
1901 1542 2048 1597 enim

479 1626 801 1697 ignorasset,
877 1643 985 1683 non
1062 1629 1406 1699 praedixisset
1464 1628 1580 1685 Noe
1615 1649 1627 1685 :
1662 1630 1896 1702 Septimo
1983 1633 2046 1688 ab

2162 449 2251 505 ὅτι
2279 453 2390 506 οὐκ
2422 453 2621 509 οῖδατε
2648 457 2791 524 ποίᾳ
2820 455 2941 525 ὥρᾳ
2967 459 3000 511 ό
3029 458 3241 524 Κύριος
3267 457 3433 526 ὑμῶν
3458 460 3689 529 ἔρχεται.

2159 542 2268 595 Καὶ
2291 543 2455 597 πάλιν
2475 559 2489 573 ⁶
2510 538 2585 616 ’ῌ
2618 548 2688 600 οὐ
2711 545 2938 600 δοκεῖτε
2975 546 3095 614 ὥρᾳ
3113 549 3147 601 δ
3190 547 3322 614 Υἱὸς
3357 549 3460 603 τοῦ
3492 552 3692 620 ἀνθρὼ-

2157 648 2275 686 nov
2304 632 2558 702 ἔρχεται.
2584 637 2728 690 Ἔδει
2761 636 2840 701 δὲ,
2871 638 3025 708 εἴπερ
3056 634 3124 709 ἦν
3158 638 3363 707 ἀγνοῶν
3394 639 3598 704 θεῖκῶς,
3629 647 3695 696 ει.

2157 724 2303 790 πεῖν,
2337 725 2665 798 Γρηγορεῖτε
2698 723 2815 796 οὖν,
2852 729 2935 783 ὅτι
2973 729 3072 783 οὐκ
3108 724 3246 794 οἶδα,
3286 731 3379 784 καὶ
3480 732 3538 783 οὐ
3568 732 3693 785 δοκῶ

2157 812 2297 885 ὥρᾳ.
2314 815 2429 869 Νῦν
2449 816 2504 870 δὲ
2523 819 2679 871 τοῦτο
2697 820 2795 889 μὲν
2810 820 2909 872 οὐκ
2926 819 3100 885 εἶπεν,
3119 820 3353 890 εἰρηκὼς
3367 820 3441 884 δὲ,
3458 822 3535 875 ὅτι
3555 841 3572 874 ι
3595 825 3696 878 Οὐκ

2155 906 2330 960 οίδατε
2362 909 2538 978 ὑμεῖς,
2572 929 2590 963 ι
2616 911 2729 976 καὶ,
2761 930 2779 963 ι
2863 912 2922 964 οὐ
2956 912 3161 965 δοκεῖτε
3188 911 3328 982 ὥρᾳ,
3350 930 3369 964 ι
3397 911 3601 978 ἔδειξεν,
3626 915 3696 968 ὅτι

2155 998 2265 1053 τῶν
2290 1000 2590 1072 ἀνθρώπων
2620 1002 2737 1056 ἐστὶ
2759 1008 2817 1056 τὸ
2846 1004 3080 1073 ἀγνοεῖν,
3111 1004 3178 1056 δι’
3192 1002 3286 1067 οὓς
3316 1005 3408 1057 καὶ
3437 1004 3589 1068 αὐτὸς
3613 1005 3698 1077 τὴν

2155 1089 2347 1159 ὁμοίαν
2378 1091 2559 1148 αὐτῶν
2590 1094 2728 1163 ἔχων
2760 1095 2959 1167 σάρκα,
2993 1098 3085 1151 καὶ
3117 1096 3403 1166 ἄνθρωπος
3430 1098 3700 1167 γενόμενος

2156 1180 2361 1249 ἔλεγεν,
2394 1184 2478 1237 ὅτι
2514 1184 2667 1239 Οὐδὲ
2696 1189 2729 1240 ό
2758 1187 2889 1253 Υἱὸς
2921 1185 3065 1241 οἶδε.
3099 1187 3209 1240 Καὶ
3246 1186 3352 1257 γὰρ
3383 1188 3474 1239 καὶ
3504 1187 3587 1238 ἐπὶ
3615 1187 3696 1239 τοῦ

2155 1273 2279 1326 Νῶε
2309 1274 2410 1328 οὐκ
2438 1271 2742 1343 είπεν,οὐκ
2771 1276 2939 1345 ἔγνω,
2967 1278 3082 1331 ἀλλ’
3100 1278 3200 1331 οὒκ
3228 1277 3466 1344 ἔγνωσαν
3493 1278 3586 1338 ἕως
3609 1273 3691 1347 ἧλ-
3754 1322 3755 1325 η

2157 1362 2248 1417 θεν
2279 1366 2306 1418 6
2336 1366 2739 1436 κατακλυσμός.
2769 1370 2831 1423 Οί
2867 1368 2966 1438 μὲν
2995 1370 3102 1439 γὰρ
3132 1369 3233 1422 οὐκ
3265 1368 3574 1437 ἐγίνωσκον,
3599 1370 3624 1421 6
3651 1370 3702 1423 δὲ

2154 1456 2247 1509 τὸν
2285 1457 2671 1530 κατακλυσμὸν
2706 1460 2927 1528 ἐπάγων
2963 1460 3249 1529 ἐγίνωσκε.
3298 1459 3397 1513 Διά
3433 1459 3584 1513 τοῦτο
3620 1461 3704 1512 καὶ

2153 1546 2231 1616 τῷ
2265 1549 2384 1602 Νῶε
2416 1550 2636 1621 εἴρηκεν
2656 1568 2669 1581 ο
2689 1551 2963 1618 Είσελθε,
2995 1552 3078 1607 σὺ
3108 1553 3207 1607 καὶ
3238 1556 3293 1607 οἱ
3325 1552 3447 1606 υίοί
3476 1567 3586 1605 σου
3628 1555 3705 1617 εἱς

2154 1638 2272 1708 τὴν
2305 1642 2576 1697 κιϐωτόν.
2608 1642 2672 1695 Εἰ
2708 1643 2815 1713 γὰρ
2851 1639 2917 1713 ἦν
2951 1643 3196 1712 ἀγνοῶν,
3232 1644 3335 1696 οὐκ
3372 1643 3436 1697 ἂν
3470 1642 3703 1712 προέλεγε

477 1717 595 1771 hinc
634 1720 717 1773 die
740 1719 987 1773 inducam
1037 1722 1267 1787 pluviam
1321 1739 1477 1790 super
1516 1732 1712 1776 terram
1741 1723 1782 1778 '.
1852 1722 2055 1789 Quem-

2164 1705 2236 1802 τῷ
2264 1731 2409 1795 Νῶε,
2436 1732 2559 1785 Ἔτι
2592 1705 2972 1803 γὰρ-ἡμερῶν
2998 1705 3150 1788 eum
3178 1733 3296 1803 ἐγὼ
3323 1705 3523 1803 ἐπάγοι
3548 1705 3706 1787 ὑετόν

477 1808 769 1865 admodum
830 1813 976 1867 enim
1057 1814 1219 1868 homo
1289 1813 1465 1869 factus
1540 1829 1664 1870 cum
1729 1814 2047 1870 hominibus

478 1904 672 1967 esurit,
702 1912 752 1959 et
788 1905 921 1968 sitit.
946 1915 1003 1961 et
1055 1907 1282 1976 patitur,
1339 1907 1418 1962 sic
1440 1922 1565 1961 cnm
1618 1906 1934 1963 hominibus
1995 1917 2055 1962 ut

480 1996 645 2049 homo
676 2011 783 2051 non
816 1997 987 2053 novit.
1010 1997 1274 2054 Divinitas
1301 2009 1481 2055 autem
1509 2000 1564 2053 in
1592 1999 1755 2055 Patre
1778 2001 2050 2057 exsistens

481 2094 537 2141 et
572 2085 807 2142 Verbum
840 2099 892 2145 et
931 2090 1196 2161 sapientia
1220 2092 1393 2157 novit,
1425 2101 1481 2147 et
1521 2090 1658 2146 nihil
1697 2090 1931 2164 ignorat.
1962 2091 2056 2148 Sic

481 2189 538 2236 et
570 2180 638 2237 de
663 2180 868 2236 Lazaro
886 2192 945 2237 ut
978 2184 1140 2238 homo
1174 2192 1586 2255 percunctatur,
1615 2184 1709 2256 qui
1744 2195 2056 2251 venerat,ut

482 2285 608 2327 eum
641 2271 695 2327 in
736 2272 900 2328 vitam
929 2283 1231 2341 revocaret,
1252 2276 1455 2345 quique
1481 2286 1730 2343 noverat,
1756 2277 1899 2332 unde
1923 2278 2045 2331 ani-

482 2378 625 2419 mam
653 2364 773 2435 eius
827 2364 1049 2421 acciret.
1074 2365 1248 2435 Majus
1273 2376 1456 2423 autem
1480 2377 1564 2423 est
1587 2369 1752 2435 scire,
1782 2369 1875 2423 ubi
1913 2380 2058 2425 esset

480 2456 662 2510 anima
688 2456 827 2526 ejus,
855 2472 1016 2527 quam
1059 2473 1242 2525 nosse,
1290 2460 1383 2516 ubi
1411 2461 1646 2516 cadaver
1692 2462 1914 2532 iaceret.
1980 2463 2056 2519 lta

483 2549 784 2619 discipulos
815 2551 977 2605 etiam
1012 2550 1330 2622 interrogat,
1363 2568 1488 2607 cum
1518 2554 1758 2611 venisset
1799 2556 1852 2610 in
1880 2567 2058 2627 partes

481 2640 767 2707 Caesarem,
800 2650 855 2698 et
883 2644 1051 2698 sciret
1080 2652 1372 2714 antequam
1422 2643 1618 2700 Petrus
1673 2647 2055 2717 responderet.

484 2735 619 2789 Nam
644 2734 687 2792 si
711 2750 796 2798 ea,
816 2735 883 2790 de
912 2716 1112 2805 quibus
1137 2736 1398 2791 Dominus
1417 2716 1869 2808 percontabatur,
1898 2724 2059 2793 Pater

484 2827 649 2883 Petro
677 2827 955 2888 revelavit.
986 2827 1337 2898 perspicuum
1361 2836 1447 2883 est
1466 2828 1520 2883 id
1546 2844 1642 2899 per
1662 2828 1860 2884 Filium
1889 2828 2060 2885 fuisse

486 2920 687 2975 factum
718 2938 731 2973 :
760 2918 923 2974 Nemo
947 2919 1085 2973 enim
1122 2917 1322 2973 Filium
1363 2921 1502 2974 novit
1526 2921 1629 2974 nisi
1667 2919 1851 2988 Pater,
1892 2918 2060 2995 neque

2154 1820 2253 1875 ἐπὶ
2280 1820 2395 1890 τὴν
2422 1821 2560 1892 γῆν.
2581 1823 2800 1895 Ὠσπερ
2825 1824 2933 1895 γὰρ
2960 1825 3249 1896 ἄνθρωπος
3275 1823 3561 1894 γενόμενος
3586 1823 3707 1893 μετὰ

2155 1910 2459 1982 ἀνθρώπων
2485 1912 2644 1982 πεινᾷ
2663 1951 2679 1977 ,
2710 1913 2805 1966 καὶ
2830 1912 2994 1985 διψᾷ,
3025 1915 3120 1968 nat
3150 1914 3388 1984 πάσχει,
3422 1913 3559 1966 οὕτω
3587 1911 3709 1981 μετά

2159 2001 2258 2071 μὲν
2287 2001 2588 2071 ἀνθρώπων
2618 2003 2694 2066 ὡς
2727 2001 3014 2073 ἄνθρωπος
3044 2002 3145 2056 οὐκ
3179 1996 3322 2067 οῐδε,
3356 2001 3545 2065 θεῖκῶς
3576 2000 3628 2054 δὲ
3661 2003 3709 2052 ἐν

2156 2092 2234 2164 τῷ
2273 2092 2450 2164 Πατρὶ
2487 2091 2563 2147 ὣν
2602 2092 2678 2156 ὡς
2718 2093 2891 2162 Λόγος
2932 2091 3025 2147 καὶ
3064 2092 3228 2162 σοφία
3271 2088 3403 2157 οἵδε,
3444 2092 3536 2146 καὶ
3574 2090 3710 2144 οὐδέν

2156 2187 2304 2239 ἐστιν
2340 2184 2368 2238 ὃ
2406 2187 2614 2255 ἀγνοεῖ.
2647 2185 2805 2239 Οὖτω
2844 2186 2936 2238 καὶ
2976 2186 3106 2258 περὶ
3142 2185 3402 2257 Λαζάρου
3440 2184 3595 2239 πάλιν
3627 2185 3712 2236 ἀν-

2159 2278 2444 2348 θρωπίνως
2479 2278 2810 2333 πυνθάνεται
2841 2281 2867 2332 6
2898 2278 3154 2333 ἀπελθὼν
3180 2280 3398 2350 ἐγεῖραι
3425 2279 3599 2340 αὑτὸν,
3628 2276 3713 2328 καὶ

2159 2369 2316 2432 εἰδὼς
2346 2367 2510 2422 πόθεν
2538 2368 2930 2423 ἀνακαλέσεται
2957 2369 3056 2439 τὴν
3083 2368 3341 2440 Λαζάρου
3368 2367 3557 2438 ψυχήν.
3587 2366 3704 2419 Μεῖ-

2157 2461 2251 2526 ζον
2286 2460 2343 2516 δὲ
2379 2460 2441 2515 τὸ
2485 2461 2681 2515 εἰδέναι
2724 2460 2827 2514 ποῦ
2874 2458 2942 2533 ἦν
2985 2459 3197 2532 ἡψυχὴ
3256 2458 3356 2513 τοῦ
3402 2456 3593 2511 ειδέναι
3619 2453 3711 2507 ποῦ

2164 2551 2344 2605 ἔκειτο
2370 2553 2432 2605 τὸ
2461 2551 2640 2621 σῶμα.
2670 2551 2827 2605 Οὕτω
2856 2553 2950 2605 καὶ
2974 2551 3083 2605 τῶν
3115 2550 3379 2622 μαθητῶν
3406 2550 3713 2604 πυνθάνεται

2160 2644 2331 2697 ἐλθὼν
2372 2645 2454 2709 είς
2491 2644 2559 2697 τὰ
2605 2646 2748 2715 μέρη
2793 2644 3155 2714 Καισαρείας,
3192 2643 3400 2715 καίπερ
3440 2641 3589 2706 εἰδὼς
3630 2639 3714 2695 καὶ

2164 2737 2297 2807 πρὶν
2343 2736 2745 2808 ἀποκρίνασθαι
2791 2737 2880 2790 τὸν
2925 2737 3153 2808 Πέτρον.
3201 2737 3265 2789 Et
3320 2736 3427 2808 γὰρ
3473 2736 3501 2788 6
3546 2734 3716 2805 Πατὴρ

2161 2829 2481 2901 ἀπεκάλυψε
2508 2829 2585 2900 τῷ
2614 2831 2807 2900 Πέτρῳ
2832 2830 2962 2900 περὶ
2990 2822 3065 2883 ὧν
3092 2829 3120 2883 6
3152 2829 3361 2899 Κύριος
3386 2826 3715 2891 ἐπυνθάνετο,

2160 2921 2317 2991 δῆλόν
2341 2923 2511 2986 ἐστιν,
2537 2922 2621 2975 ὅτι
2649 2921 2738 2974 διὰ
2762 2921 2856 2975 τοῦ
2885 2920 3012 2973 Υἱοῦ
3044 2921 3271 2990 γέγονεν
3301 2922 3334 2990 ἡ
3366 2917 3715 2987 ἀποκάλυψις.

480 3008 709 3066 Patrem
759 3012 1034 3082 quisquam
1090 3012 1255 3075 novit,
1313 3012 1414 3065 nisi
1472 3009 1667 3076 Filius,
1722 3024 1771 3067 et
1821 3015 1910 3070 Cui
1969 3029 2058 3068 vo-

2164 3012 2377 3078 οὐδεὶς
2397 3013 2507 3083 γὰρ
2536 3008 2662 3067 οἶδε
2686 3013 2792 3066 τὸν
2818 3014 2955 3065 Υιὸν
2980 3013 3031 3067 εί
3059 3010 3145 3081 μὴ
3169 3015 3202 3065 ό
3219 3011 3447 3078 Πατὴρ,
3465 3011 3603 3065 οὐδὲ
3623 3010 3719 3062 τὸν

488 3105 649 3161 tuerit
689 3103 853 3158 Filius
907 3104 1138 3160 revelare
1166 3103 1207 3158 ⁸.
1271 3103 1423 3169 Quod
1478 3105 1520 3159 si
1592 3105 1769 3161 Patris
1830 3106 2058 3177 Filiique

2168 3109 2397 3178 Πατέρα
2411 3126 2499 3174 τις
2520 3104 2685 3161 οἶδεν
2702 3107 2751 3160 ei
2769 3106 2855 3176 μὴ
2875 3109 2906 3159 ό
2927 3106 3080 3171 Υἱὸς,
3102 3106 3200 3159 καὶ
3219 3097 3269 3170 ᾧ
3286 3102 3365 3160 ἂν
3382 3105 3525 3173 θέλῃ
3546 3107 3576 3159 ὁ
3604 3100 3721 3167 Υἱὸς

490 3197 731 3267 Cognitio
762 3212 859 3266 per
881 3194 1078 3251 Filium
1106 3195 1184 3257 ﬁt.
1219 3212 1327 3251 non
1369 3206 1453 3251 est
1485 3197 1733 3259 dubium,
1781 3198 1911 3268 quin
1944 3200 2062 3268 ipse

489 3288 755 3342 Dominus
783 3288 1124 3358 interrogans
1182 3288 1333 3356 prius
1370 3288 1685 3356 patefecerit
1711 3290 1899 3350 Petro.
1944 3304 2064 3357 qua:

489 3377 706 3433 aPatre
755 3385 1059 3447 acceperat,
1089 3376 1286 3431 deinde
1334 3383 1513 3430 autem
1565 3377 1912 3449 interrogarit
1960 3377 2061 3433 hu-

488 3486 659 3527 mano
699 3485 876 3533 more,
915 3479 973 3523 ut
1013 3469 1099 3524 hic
1128 3467 1291 3523 etiam
1342 3467 1657 3523 ostenderet
1726 3482 1786 3523 se
1843 3469 1935 3539 qui
2008 3481 2068 3526 ut

494 3566 659 3620 homo
686 3563 1004 3633 interrogat,
1037 3568 1097 3614 ut
1121 3558 1293 3615 Deum
1332 3558 1496 3626 scire,
1536 3574 1656 3628 qua:
1704 3558 1897 3615 Petrus
1924 3571 2069 3621 esset

493 3670 881 3727 responsurus.
938 3654 1177 3709 Noverat
1234 3652 1482 3724 profecto
1516 3652 1705 3719 Filius,
1731 3653 1825 3723 qui
1850 3655 2068 3708 Patrem

493 3748 882 3821 cognoscebat,
916 3762 1022 3817 qua
1047 3747 1266 3812 quidem
1290 3745 1601 3816 cognitione
1623 3759 1727 3799 nec
1759 3746 1937 3816 majus
1968 3761 2072 3801 nec

492 3841 794 3914 perfectius
837 3840 1131 3911 quidquam
1164 3853 1287 3894 esse
1336 3847 1540 3909 potest.

564 3935 859 4005 Apostolus
880 3933 935 3988 in
957 3932 1197 3988 secunda
1222 3932 1287 3988 ad
1302 3932 1617 3987 Corinthios
1634 3930 1870 4000 Epistola
1893 3950 1906 3986 :
1931 3931 2071 3995 Scio,

494 4028 691 4099 inquit,
723 4028 983 4081 hominem
1017 4025 1073 4079 in
1106 4023 1318 4079 Christo
1345 4032 1468 4077 ante
1487 4039 1653 4077 annos
1679 4024 2073 4094 quatuordecim

493 4122 601 4177 sive
615 4119 672 4173 in
698 4133 913 4188 corpore
952 4118 1147 4178 nescio,
1180 4116 1285 4169 sive
1305 4123 1454 4168 extra
1470 4129 1658 4181 corpus
1674 4114 1848 4167 nescio
1873 4130 1894 4180 ;
1929 4114 2072 4169 Deus

494 4214 593 4269 scit
626 4211 666 4266 ’.
702 4210 843 4275 Quid
897 4207 1121 4263 dicitis?
1148 4204 1381 4259 Novitne
1404 4204 1696 4274 Apostolus
1735 4220 1854 4274 quae
1900 4205 1956 4260 in
2006 4220 2070 4260 ea

496 4303 706 4358 visione
733 4299 807 4354 illi
852 4297 1189 4362 acciderunt,
1257 4294 1505 4364 quamvis
1547 4294 1714 4358 dicat,
1748 4295 1965 4361 Nescio,
1999 4311 2069 4350 an

2164 3197 2576 3265 ἀποκαλύψαι.
2605 3194 2726 3249 Εξδὲ
2760 3194 2826 3249 δι’
2854 3192 3036 3266 Υἱοῦἧ
3058 3212 3117 3248 τε
3147 3194 3240 3249 τοῦ
3281 3194 3491 3265 Πατρδς
3524 3192 3612 3246 καὶ
3637 3192 3719 3253 τοῦ

2168 3289 2299 3343 Υίοῦ
2346 3289 2550 3359 γνῶσις
2597 3286 3078 3350 ἀποκαλύπτεται,
3125 3286 3226 3340 οὐκ
3279 3286 3614 3357 ἀμφίϐολον,
3656 3284 3721 3346 ὡς

2170 3380 2331 3446 αὐτὸς
2358 3381 2387 3434 6
2417 3380 2823 3449 πυνθανόμενος
2852 3379 3056 3448 Κύριος
3086 3379 3363 3449 πρότερον
3388 3374 3722 3444 ἀποκαλύψας

2168 3470 2247 3540 τῷ
2277 3471 2466 3542 Πέτρῳ
2490 3470 2558 3524 τὰ
2585 3469 2736 3539 παρά
2763 3466 2853 3522 τοῦ
2887 3468 3101 3539 Πατρδς
3130 3467 3362 3537 ὕστερον
3390 3464 3723 3538 ἀνθρωπίνως

2170 3562 2531 3627 ἐπυνθάνετο,
2574 3562 2660 3614 ἵνα
2697 3561 2792 3615 καὶ
2828 3561 2885 3613 ὲν
2920 3558 3095 3630 τούτῳ
3127 3559 3278 3631 δείξῃ
3302 3601 3316 3627 ,
3353 3558 3435 3613 ὅτι
3468 3555 3725 3627 σαρκικῶς

2171 3655 2594 3725 πυνθανόμενος,
2630 3653 2744 3725 ᾔδει
2762 3652 2958 3717 θεῖκῶς
2976 3652 3012 3707 ἀ
3029 3651 3219 3721 ἔμελλε
3240 3651 3426 3720 λέγειν
3465 3653 3491 3704 6
3511 3648 3721 3720 Πέτρος.

2172 3743 2331 3804 Οἶδεν
2371 3748 2522 3818 ἅραδ
2559 3748 2688 3811 Υίδς
2730 3745 3027 3817 γινώσκων
3043 3746 3134 3800 τὸν
3171 3746 3373 3800 ἑαυτοῦ
3418 3745 3649 3814 Πατέρα,
3667 3735 3728 3813 ἦς

2173 3843 2424 3911 γνώσεως
2452 3839 2576 3894 οὔτε
2608 3839 2809 3909 μεῖζον,
2834 3837 2958 3893 οὔτε
2981 3837 3320 3910 τελειότερον
3342 3837 3408 3893 ἀν
3434 3855 3486 3892 τι
3504 3836 3721 3907 γένοιτο.

2254 3934 2315 3987 '0
2370 3931 2689 3995 Ἀπόστολος
2739 3932 2797 3984 ιν
2840 3932 2909 4001 τῇ
2961 3929 3188 4010 δευτέρα
3238 3928 3380 4001 πρὸς
3425 3924 3727 3999 Κορινθίους

2174 4023 2706 4093 Ἐπιστολῇξγράφων
2731 4016 3063 4090 φησὶνρῖδα
3087 4020 3408 4088 ἄνθρωπον
3429 4020 3497 4072 ἐν
3520 4012 3729 4085 Χριστῷ

2178 4118 2293 4185 πρὸ
2322 4114 2472 4170 ἐτῶν
2503 4113 2595 4181 ιδ’,
2627 4114 2748 4168 εἴτε
2774 4114 2843 4167 ἐν
2870 4113 3096 4182 σώματι
3125 4114 3235 4166 οὐκ
3259 4109 3416 4177 οἶδα,
3442 4112 3559 4166 alte
3577 4106 3731 4173 ἐκτὸς

2176 4209 2287 4263 τοῦ
2330 4206 2603 4276 σώματος
2639 4206 2753 4259 οὐκ
2790 4203 2940 4259 οἴδα.
2994 4204 3048 4257 Ὀ
3085 4203 3245 4271 Θεὸς
3274 4200 3420 4259 οἶδε.
3465 4202 3529 4255 Τί
3572 4198 3733 4252 τοίνυν

2180 4301 2351 4373 (pars;
2387 4296 2541 4354 Οίδν
2568 4299 2596 4351 6
2632 4298 2954 4358 ’Λπόστολος
2981 4296 3008 4350 6
3030 4296 3298 4350 πέπονθεν
3322 4299 3380 4351 ὲν
3403 4299 3467 4367 τῇ
3500 4290 3734 4359 ὀπτασίᾳ,

498 4410 610 4451 non
647 4391 833 4448 novit?
879 4388 934 4445 Si
960 4403 1082 4443 eum
1109 4387 1321 4458 negatis
1346 4401 1526 4452 nosse,
1558 4388 1758 4453 videte,
1797 4401 1889 4453 ne,
1924 4401 2058 4443 erro-

2182 4394 2284 4449 κᾶν
2305 4393 2463 4467 λέγῃ,
2490 4393 2604 4445 Οὶκ
2646 4387 2786 4457 οἶδα,
2829 4391 2987 4462 ἢούκ
3024 4387 3201 4455 οἳδεν;
3244 4391 3308 4443 El
3354 4389 3455 4461 μὲν
3492 4388 3587 4440 οὐκ
3616 4381 3732 4445 οἶδε,

499 4490 656 4544 ribus
684 4485 911 4548 assueti,
957 4486 1011 4539 in
1054 4483 1325 4553 Phrygum
1359 4480 1696 4549 impietatem
1736 4481 2071 4536 delabamini

497 4582 592 4654 qui
622 4591 735 4636 tum
764 4579 1059 4650 prapbetas
1088 4584 1199 4629 tum
1241 4574 1377 4628 alios
1400 4572 1562 4629 Verbi
1592 4571 1872 4626 ministros
1902 4586 2070 4642 nega-

498 4676 633 4730 bant
652 4673 815 4737 scire,
846 4684 968 4740 qua:
995 4669 1080 4723 vel
1120 4666 1386 4728 facerent,
1414 4663 1498 4718 vel
1553 4663 1903 4718 nuntiarent.
1975 4662 2071 4717 Sin

499 4768 653 4822 novit
671 4766 880 4829 dicens,
915 4761 1036 4816 Non
1068 4759 1216 4824 novi,
1239 4757 1365 4828 quia
1384 4756 1664 4810 Christum
1694 4755 1751 4809 in
1778 4770 1839 4809 se
1889 4755 2073 4810 omnia

499 4858 603 4916 sibi
645 4856 1060 4928 patelacientem
1101 4850 1355 4914 habebat,
1412 4860 1599 4901 nonne
1652 4860 1748 4917 per
1788 4845 2071 4901 Christum

502 4950 939 5023 impngnantium
977 4961 1074 5001 cor
1124 4958 1252 4998 vere
1296 4941 1583 5002 evertitur,
1615 4951 1671 4995 et
1722 4954 1821 5009 per
1850 4954 1910 4995 se
1943 4954 2079 4994 con-

501 5046 812 5105 demnatur,
845 5040 934 5109 qui
975 5050 1097 5092 cum
1124 5034 1444 5105 Apostolum
1465 5032 1761 5097 dicentem,
1785 5031 1907 5085 Non
1935 5032 2079 5097 novi,

502 5150 668 5193 nosse
693 5130 1026 5193 concedant,
1058 5126 1333 5182 Christum
1386 5126 1679 5186 dicentem,
1743 5123 1865 5177 Non
1935 5123 2081 5182 novi,

2182 4486 2376 4537 σκοπεῖ
2407 4499 2435 4536 ε
2464 4483 2537 4552 μὴ
2566 4481 2924 4552 μανθάνοντες
2952 4481 3190 4547 πίπτειν,
3217 4482 3421 4551 πέσητε
3452 4479 3538 4532 καὶ
3566 4478 3636 4535 είς
3651 4472 3737 4543 τὴν

2179 4575 2411 4647 ⁴Ιιρυγῶν
2468 4574 2817 4645 παρανομίαν
2848 4573 2957 4626 τῶν
2991 4574 3256 4641 λεγόντων
3296 4573 3373 4642 μὴ
3408 4573 3600 4625 εἰδέναι
3629 4565 3740 4626 τοὺς

2178 4664 2488 4735 προφήτας,
2520 4661 2655 4732 μηδὲ
2687 4660 2812 4724 τοὺς
2835 4660 3029 4722 ἄλλους
3054 4660 3182 4723 τοὺς
3209 4661 3630 4727 διακονήσαντας
3660 4653 3740 4705 τὸν

2176 4758 2369 4826 Λόγον,
2395 4757 2531 4826 μήτε
2552 4752 2588 4808 6.
2616 4753 2847 4819 ποιοῦσι,
2870 4752 3006 4822 μήτε
3027 4750 3155 4820 περὶ
3178 4750 3340 4805 τίνων
3372 4747 3732 4817 ἀπαγγέλλου-

2178 4865 2283 4902 σιν.
2306 4846 2365 4900 Εί
2393 4846 2451 4899 δὲ
2483 4842 2615 4910 οἶδε,
2648 4845 2847 4913 λέγων,
2880 4841 2996 4898 Οὺκ
3027 4839 3145 4896 οἴδα
3180 4857 3197 4874 '
3233 4839 3347 4911 εἷχε
3383 4842 3491 4911 γὰρ
3522 4839 3580 4892 ιν
3611 4831 3738 4903 αὐτῷ

2177 4936 2268 4989 τὸν
2290 4933 2526 5003 Χριστὸν
2554 4930 3005 4985 ἀποκαλύπτοντα
3026 4929 3095 4984 τὰ
3123 4931 3299 4985 πάντα
3325 4946 3340 4962 ⁸
3367 4928 3480 4991 πῶς
3505 4927 3596 4980 οὐκ
3624 4925 3741 4991 ἀλη-

2181 5026 2291 5088 θῶς
2341 5023 2756 5094 ὲξεστραμμένη
2783 5022 2890 5075 τῶν
2922 5023 3331 5093 χριστομάχων,
3369 5022 3463 5074 καὶ
3496 5012 3742 5087 αὐτοκράς

2185 5116 2361 5186 τητόςη
2384 5115 2460 5186 (l)
2492 5117 2643 5167 ἐστιν
2674 5115 2706 5183 ἡ
2732 5111 2952 5181 καρδία,
2975 5112 3054 5166 δτι
3080 5111 3173 5164 τδν
3193 5111 3290 5181 μὲν
3327 5110 3642 5165 ’Δπόστολον
3668 5102 3742 5155 λέ-

502 5191 670 5284 nosse
722 5220 958 5296 negent?
994 5191 1288 5290 Apostolus
1327 5218 1494 5288 igitur
1546 5214 1912 5286 patefaciente
1974 5212 2058 5268 sib

2185 5225 2372 5279 γοντα,
2407 5208 2520 5261 Οὐκ
2551 5204 2693 5271 οἶδα,
2724 5204 2970 5274 λέγουσιν
2998 5202 3328 5269 είδὲναι,τδν
3349 5202 3402 5256 δὲ
3436 5200 3629 5269 Κύριον
3662 5191 3742 5246 λὲο

518 5348 519 5351 Ἴ
602 5390 618 5419 ¹
651 5383 839 5442 Matth.
880 5378 1150 5447 11",”.
1253 5377 1274 5406 ¹
1352 5374 1488 5447 μιᾳ.
1524 5368 1747 5447 ιιιμιίξ
1853 5369 1875 5397 ⁸
1932 5365 2122 5422 Matth.
2176 5326 2327 5437 x'xw,
2369 5361 2461 5417 39.
2553 5359 2739 5415 ‘Gen.
2788 5371 2886 5425 vu,
2941 5359 2992 5413 1.

506 5477 585 5526 χι,
636 5440 752 5524 Ξτς
808 5455 940 5510 Luc.
992 5440 1049 5516 ί,
1125 5448 1218 5503 22.
1292 5446 1311 5478 ⁷
1351 5444 1548 5500 lICor.
1580 5456 1678 5505 xu,
1709 5440 1766 5492 2.

3090 5356 3278 5412 'lbid.
3338 5357 3394 5412 4.
3495 5353 3515 5385 ⁸
3570 5347 3740 5405 Malm-

569 5604 642 5664 (t)
670 5602 802 5664 squ.
820 5600 1062 5664 Διιιιιιιηιε.
1091 5590 1427 5664 (ιριηκιίινι,
1451 5586 1549 5656 θοι,
1570 5584 1675 5664 ,ιιι
1695 5584 1778 5664 ἑ),
1815 5579 2057 5664 ξοξοιατά

2169 5577 2219 5634 ὃς
2252 5577 2382 5625 ἔστιν
2403 5574 2562 5623 αὐτῶν
2582 5575 2612 5629 ἠ
2633 5590 2680 5621 κ.
2708 5574 2877 5623 Annon
2899 5584 3073 5624 revera
3097 5583 3358 5635 perversus
3385 5577 3429 5621 et
3457 5561 3748 5619 damnatione

508 5648 1009 5731 purse—dignissimus
1027 5648 1106 5711 est
1125 5655 1210 5708 Dei
1232 5648 1442 5706 hostium
1463 5648 1654 5701 animus
1689 5648 1788 5710 qui,
1818 5652 1921 5694 etc.
