2051 3149
161 160 214 194 441

642 165 828 198 PANOPLIA
847 169 1078 203 DOGMATICA.
1100 184 1133 192 -
1150 173 1225 204 ΤΙΤ.
1244 173 1298 204 XI.

1739 177 1790 208 ΗΞ

160 230 258 257 γοντα,
274 221 331 248 οὐκ
348 219 417 255 οἶδα.
439 222 552 256 λέγουσι
574 222 614 258 μὴ
632 224 749 257 ιίδέναι;
781 225 811 252 '0
829 225 879 260 μὲν
904 224 951 252 οὖν

1006 225 1072 255 Filio
1086 230 1172 262 novit,
1191 230 1258 265 quid
1268 230 1321 258 sibi
1343 232 1483 260 acciderit.
1498 231 1531 260 ει
1550 232 1610 260 idco
1624 233 1713 261 dicit:
1730 233 1790 261 Srio
1814 219 1816 223 ’

167 267 343 300 ’Δπόστολος,
360 268 483 296 ἀποκαλύ
489 277 598 302 πτοντος
612 270 686 305 αὐτῷ
697 271 743 298 τοῦ
757 271 833 301 Υίοῦ.
851 270 921 298 οἶδεν
935 272 949 299 6

160 313 293 342 πέπονθε.
310 314 361 341 Διὰ
377 315 456 342 τοῦτο
470 316 524 350 γάρ
541 324 625 351 φησιν
638 324 647 332 ·
664 315 736 344 Οἶδα
747 316 905 351 ἄνθρωπον
916 319 951 345 ἐν

160 360 287 395 Χριστῷ.
304 362 389 393 Είδὼς
407 362 434 389 δὲ
451 363 497 389 τὶν
510 363 664 399 ἄνθρωπον,
678 363 732 391 οῐδι
743 365 790 391 καὶ
806 364 863 395 πῶς
876 366 890 391 6
904 365 951 392 dv-

161 407 273 441 θρωπος
282 408 405 442 ἡρπάγη.
425 407 455 435 '0
463 408 491 434 δὲ
508 409 656 441 Ἐλισσαῖος
667 410 773 445 βλέπων
784 410 829 437 τὸν
847 410 948 443 Ἠλίαν,

161 451 220 479 οἶδε
246 453 294 479 καὶ
317 453 377 484 πῶς
395 453 545 488 ἀνελήφθη.
575 454 655 482 Ἀλλὰ
676 455 776 490 καίπερ
797 455 949 489 γινώσκων,

160 498 238 533 ὅμως
249 498 303 524 τῶν
317 499 382 525 υίῶν
390 499 444 525 τῶν
456 499 602 535 προφητῶν
612 500 778 534 νομιζόντων
800 500 846 526 τδν
857 500 951 526 Ἠλίαν

163 544 205 575 είς
217 543 245 569 ἓν
256 543 310 570 τῶν
322 543 408 578 ὀρέων
419 544 471 570 ὑπὸ
483 544 531 571 τοῦ
549 544 706 579 Πνεύματος
717 545 854 580 ὶρρίφθαι,
870 546 950 577 αὐτὸς

163 589 214 624 τὴν
228 590 276 624 μιν
290 590 378 625 ἀρχὴν
389 590 532 625 γινώσκων
547 591 561 618 6
574 592 706 627 ἑώρακεν,
723 591 814 619 ἔπειθε
827 592 890 623 τοὺς
904 592 951 619 ἄν-

161 635 240 669 δρας,
260 636 427 671 βιαζομένων
443 637 471 663 δὲ
490 638 602 664 ἐκείνων
617 639 786 676 ecculm-qm,
804 638 853 664 καὶ
885 646 950 664 συνς

162 681 307 717 εχώρησεν
324 682 463 710 ἀπελθεῖν.
480 681 545 718 'Ap‘
559 683 605 710 οὖν
620 684 712 719 ἐπειδὴ
730 683 952 718 σεσώπηκε,οὐιι

161 728 334 761 ἑγίνωσκεν;
359 728 492 763 ἐγίνωσκε
518 730 566 764 μὲν
587 728 643 761 οὖν,
665 730 723 757 ἀλλ’
744 730 782 760 ὠς
802 730 852 757 οὐκ
873 730 952 761 εἰδὼς

161 775 373 810 συνεχώρησαν.
392 776 435 802 ἵνα
451 777 549 803 ἐκείνοι
567 777 724 808 πεισθέντες
744 777 843 811 μηκέτι
859 777 952 804 διστά-

161 829 233 847 σωσι
258 822 322 856 περὶ
346 822 394 856 τῆς
419 822 579 857 ἀναλήψεως
607 822 708 850 Ἡλίου.
731 823 836 851 Οὐκοῦν
861 822 951 857 ¹νιξολλῴ

161 866 266 900 μᾶλλον
280 867 294 892 ό
311 867 428 900 Παῦλος,
441 869 521 899 αὐτὸς
529 868 565 895 ὢν
577 869 590 895 ὁ
607 869 751 903 ἀρπαγεὶς,
765 868 818 895 οἶδε
833 870 878 896 καὶ
892 870 951 900 πῶς

161 912 291 946 ἡρπάγη.
309 913 364 939 Καὶ
380 914 434 949 γὰρ
457 915 549 946 Ἠλίας
566 915 708 947 ἐγίνωσκε,
726 918 773 941 καὶ
791 916 815 941 εί
832 916 951 942 ὲπυνθά-
969 905 989 932 Β

160 958 226 984 νετό
242 966 295 990 τις,
312 957 389 985 εἷπεν
405 959 449 991 ἂν,
469 961 524 990 πῶς
541 960 688 995 ἀνελήφθη.
709 961 790 994 Λέγει
807 961 834 987 δὲ
849 962 924 995 ὅμως
940 960 954 987 6

161 1003 282 1038 Παῦλος,
300 1005 355 1031 οὐκ
372 1004 440 1038 οἶδα,
451 1006 496 1032 δύο
513 1005 613 1032 τούτων
628 1006 715 1042 χάριν,
731 1007 768 1038 ὥς
782 1015 814 1040 γε
832 1007 933 1041 νομίζω
945 1026 952 1038 ,

160 1050 224 1082 ἑνὸς
246 1051 295 1086 μὲν
309 1052 347 1082 ὡς
363 1052 442 1083 αὐτὸς
458 1051 545 1085 εἶπεν,
561 1053 604 1079 ίνα
622 1054 659 1088 μὴ
674 1054 717 1079 διὰ
735 1053 784 1087 τὴν
801 1054 954 1088 ὑπερϐολὴν

160 1096 219 1122 τῶν
235 1097 435 1132 ἀποκαλύψεων
454 1099 547 1132 ἕτερόν
565 1108 605 1129 τις
623 1099 705 1126 αὐτὸν
722 1100 866 1134 λογίσηται
883 1100 954 1134 ὑπὲρ

159 1141 175 1169 ὃ
192 1142 288 1177 βλέπει
302 1151 309 1158 ·
323 1143 417 1179 ἑτέρου
430 1144 468 1177 δὲ,
484 1145 525 1171 ὅτι
540 1146 588 1172 τοῦ
605 1146 731 1180 Σωτῆρος
745 1146 881 1179 εἰπόντος,
897 1146 955 1172 οὐκ

160 1186 234 1221 οἴδα,
250 1188 353 1223 ἔπρεπε
369 1190 415 1216 καὶ
432 1190 512 1216 αὑτὸν
527 1191 626 1224 εἰπεῖν,
640 1189 699 1218 Οὐκ
710 1190 779 1223 οἶδα,
795 1191 838 1218 ἶνα
846 1192 882 1223 μὴ
894 1190 956 1224 φαί-

163 1242 246 1268 νηται
261 1234 351 1267 δοῦλος
367 1234 405 1262 ὢν
424 1235 495 1271 ὑπὲρ
509 1236 554 1262 τδν
570 1236 671 1273 Κύριον
686 1236 768 1264 αὐτοῦ
779 1257 786 1271 ,
806 1238 854 1264 καὶ
870 1237 956 1272 μαθη-

162 1279 213 1315 τὴς
230 1280 301 1315 ὑπὲρ
318 1281 364 1308 τὶν
379 1281 549 1311 διδάσκαλον.

201 1326 309 1353 οὐκοῦν
323 1328 336 1353 6
349 1327 388 1363 τῷ
403 1328 500 1362 Παύλῳ
514 1328 638 1362 δεδωκὼς
660 1328 760 1356 εἰδέναι
778 1330 868 1366 πολλῷ
885 1331 954 1365 μᾶ).-

159 1372 210 1399 λον
235 1373 317 1405 αὐτὸς
328 1372 391 1401 οἵδε.
407 1375 485 1406 Τίνος
500 1376 550 1410 μὲν
565 1375 611 1402 οὖν
624 1376 705 1411 χάριν
724 1373 785 1402 εἶπε
802 1377 874 1409 τότε,
895 1377 952 1403 οὐκ

161 1416 234 1450 οἶδα,
244 1419 268 1445 εί
277 1419 356 1450 αὐτὸς
365 1419 401 1450 ὡς
415 1420 555 1456 Δεσπότης
562 1418 632 1447 οἶδεν
645 1429 653 1452 ς
667 1420 709 1452 '0;
719 1421 747 1446 δὲ
758 1420 954 1455 διερευνῶντας

165 1465 345 1500 στοχάζεσθαι
358 1466 423 1502 χρὴ,
438 1467 488 1501 τῆς
501 1467 579 1501 ἡμῶν
588 1466 670 1493 ἕνεκα
684 1466 861 1497 λυσιτελείας,
873 1466 911 1497 ὥς
922 1474 955 1500 7e

164 1512 280 1546 νομίζω,
306 1512 385 1538 τοῦτο
410 1513 554 1548 πεποίηκε.
569 1514 624 1540 Καὶ
646 1514 700 1548 γὰρ
714 1514 749 1539 τὰ
768 1513 818 1548 μὲν
839 1512 891 1548 πρὸ
906 1511 953 1539 τοῦ

162 1558 260 1589 τέλους
292 1558 453 1585 ἀπαντῶντα
468 1558 629 1593 δεδήλωκεν,
647 1558 702 1590 ἵνα,
718 1558 755 1590 ὡς
770 1556 846 1586 εἶπεν
860 1559 952 1590 αὐτὸς,
969 1576 991 1606 c

164 1604 204 1640 μὴ
220 1604 398 1639 ξενισθῶμεν,
413 1606 563 1640 γινομένων
577 1605 682 1636 αὐτῶν,
699 1605 765 1632 ἀλλὰ
783 1606 830 1632 καὶ
844 1606 877 1632 ὲκ
890 1608 954 1632 τού-

162 1659 221 1678 των
239 1651 269 1677 τὸ
286 1652 356 1686 μετὰ
370 1651 458 1678 ταῦτα
471 1651 546 1683 τέλος
561 1652 768 1687 προσδοκῶμεν.
787 1653 853 1684 Περὶ
864 1652 892 1679 δὲ
906 1654 955 1687 τῆς

163 1698 275 1732 ἡμέρας
287 1697 334 1724 καὶ
346 1698 395 1733 τῆς
408 1698 482 1732 ὥρας
496 1699 546 1725 οὐκ
560 1699 676 1734 ἠθέλησε
692 1699 790 1731 Θεῖκῶς
801 1701 899 1731 εἰπεῖν,
913 1700 953 1726 δτι

163 1740 242 1773 Οἶδα,
260 1743 328 1769 ἀλλὰ
344 1744 493 1777 σαρκικῶς,
507 1743 549 1770 ὅτι
562 1744 619 1770 Οὐκ
633 1741 701 1775 οῖδα,
720 1744 762 1771 ἵνα
778 1744 877 1779 μηκέτι
905 1745 954 1771 ιπ-

163 1789 343 1823 ερωτήσωσιν
357 1789 448 1820 αὑτὸν,
469 1790 516 1816 καὶ
529 1789 648 1825 λοιπὺνῆ
664 1790 700 1825 μὴ
714 1790 832 1825 εἰρηκὼς
847 1791 954 1825 λυπήσῃ

162 1835 229 1865 τοὺς
246 1834 409 1870 paen-rogi
424 1834 541 1870 ιίρηκὼς
556 1835 632 1870 παρὰ
645 1835 676 1862 τὺ
705 1836 843 1871 συμφέρον
862 1837 955 1868 αὐτοῖς

163 1881 216 1907 καὶ
234 1881 318 1908 πᾶσιν
334 1881 399 1916 ἡμῖν
415 1882 527 1916 ποιήσῃ.
544 1882 576 1908 '0
591 1881 646 1916 γὰρ
663 1882 696 1908 ἂν
708 1884 783 1917 ποιῇ,
795 1881 873 1910 τοῦτο
887 1882 956 1910 πάν-

162 1935 222 1958 τως
237 1927 308 1961 ὓπὶρ
322 1926 402 1961 ήμῶν
417 1927 492 1954 ἔστιν
502 1947 510 1958 ,
528 1928 623 1963 ἐπειδὴ
638 1928 685 1954 καὶ
700 1928 733 1954 δι’
749 1928 823 1963 ἡμᾶς
839 1928 854 1954 ὁ
869 1929 956 1962 Λόγος

163 1973 237 2007 σὰρξ
253 1973 373 2006 ἐγένετο.
392 1972 431 2000 Δι’
448 1974 523 2008 ἡμᾶς
538 1974 627 2001 τοίνυν
647 1971 742 2001 εἶπεν·
761 1974 837 2001 οὐδὲ
854 1975 871 2000 ό
889 1975 956 2006 m4-

162 2018 230 2047 οἶδε
242 2040 249 2052 ,
267 2020 314 2046 καὶ
329 2019 392 2046 οὔτε
410 2020 545 2055 ἐψεύσατο
561 2018 690 2055 εἰρηκὼς,
705 2020 884 2055 ἀνθρωπίνως
900 2020 956 2054 γὰρ

161 2065 245 2093 εἶπεν
258 2066 295 2097 ὡς
309 2066 464 2101 ἄνθρωπος,
479 2066 537 2093 Οὐκ
550 2064 618 2098 οἴδα,
637 2065 699 2092 οὔτε
715 2066 807 2100 ἀφῆκε
821 2066 886 2096 τοὺς
902 2074 956 2099 μα-

163 2112 253 2148 θητὰς
279 2112 360 2139 αὐτὸν
386 2111 540 2147 βιάσασθαι.
568 2111 694 2148 Εἰρηκὼς
719 2111 783 2147 γὰρ,
800 2112 857 2138 Οὐκ
885 2109 954 2143 οἴδα,

163 2158 266 2193 ἔστησε
286 2157 422 2184 κάκείνων
438 2157 487 2193 τὴν
505 2157 650 2193 ἐρώτησιν.
673 2157 717 2184 Ἐν
727 2158 792 2192 γοῦν
806 2159 865 2189 ταῖς
880 2158 954 2193 Πρὰ-

165 2203 226 2234 ξεσι
240 2202 294 2228 τῶν
305 2203 461 2229 ἀποστόλων
474 2203 532 2230 ἐστὶ
546 2203 749 2238 γεγραμμένον,
773 2203 813 2230 ὅτι
840 2202 955 2238 ἠρώτων

1003 273 1135 302 hominem
1153 276 1181 302 in
1206 276 1320 305 Christo.
1338 278 1512 312 Cognoscens
1523 283 1614 306 autem
1639 278 1790 311 hominem,

1003 319 1079 346 novit
1100 320 1182 347 etiam
1202 322 1341 356 quomodo
1363 326 1456 357 raptus
1491 322 1583 350 fuerit.
1625 323 1659 350 Et
1680 323 1792 351 Eliswus

1003 365 1155 399 suspiciens
1181 366 1279 398 Eliam,
1317 367 1384 394 vidit
1427 368 1563 401 quomodo
1592 373 1689 402 raptus
1728 369 1790 396 fuit.

1004 411 1131 437 Attamen
1145 410 1171 437 id
1185 412 1276 439 sciens
1309 420 1371 439 cum
1410 412 1473 440 ﬁliis
1505 408 1714 448 prophetarum,
1744 413 1791 448 qui

1004 457 1207 484 arbitrabantur
1237 456 1320 484 Eliam
1339 457 1366 484 iu
1383 458 1501 492 aliquem
1516 464 1635 486 monlem
1653 467 1667 486 a
1686 459 1790 494 Spirilu

1004 502 1156 537 projectum
1170 509 1240 536 esse,
1266 504 1430 537 persuadere
1454 511 1509 531 non
1539 509 1641 539 posset,
1666 506 1731 539 quin
1761 507 1792 533 il-

1004 547 1060 574 lum
1075 548 1187 574 omnino
1202 549 1301 575 vellent
1325 549 1474 583 inquirere,
1503 551 1596 582 tacuit,
1626 555 1653 577 et
1680 551 1792 585 acquie-

1004 593 1043 621 vit
1057 601 1152 621 eorum
1166 594 1290 621 consilio.
1310 593 1379 622 Num
1413 595 1495 630 igitur
1520 596 1583 629 quia
1609 596 1705 628 tacuit,
1729 597 1791 623 ideo

1005 647 1060 666 non
1073 639 1168 667 novit?
1183 640 1266 667 Norat
1295 640 1340 667 ille
1358 640 1478 675 quidem,
1507 641 1554 668 sed
1580 645 1707 675 tanquam
1736 649 1790 668 non

1004 690 1111 719 nosset,
1129 686 1265 713 concessit
1293 690 1322 713 ut
1337 691 1503 720 qumrerent.
1519 694 1554 713 ne
1569 688 1603 714 de
1632 692 1710 721 raptu
1726 687 1791 714 Elim

1005 732 1120 766 amplius
1134 732 1312 767 ambigerem.
1329 732 1406 765 Quod
1430 733 1539 767 quidem
1558 733 1592 760 de
1622 733 1716 764 Paulo.
1742 735 1790 768 qui

1006 777 1063 811 ipse
1082 780 1175 811 raptus
1187 777 1247 808 fuit,
1267 777 1353 804 multo
1367 777 1453 812 magis
1474 777 1651 804 asserendum
1667 782 1719 804 est.
1736 777 1792 804 Nu-

1004 822 1044 849 vit
1069 822 1151 856 igitur
1162 823 1300 857 quomodo
1330 827 1424 858 raptus
1435 823 1497 850 fuit.
1517 822 1582 850 Nam
1600 828 1627 850 et
1654 823 1726 850 Elias
1738 831 1791 850 no-

1005 867 1055 895 vit.
1076 867 1103 894 Si
1117 868 1178 902 quis
1188 873 1289 900 tamen,
1303 869 1437 903 quomodo
1462 874 1555 904 raptus
1570 869 1662 901 fuerit,
1678 869 1790 896 Paulum

1006 913 1194 949 interrogaret,
1221 915 1326 942 duabus
1364 915 1397 942 de
1422 916 1523 947 causis,
1553 919 1582 943 ul
1608 923 1658 951 ego
1682 916 1791 950 quidem

1005 959 1143 993 existimo,
1175 960 1233 986 Non
1252 961 1322 991 novi,
1339 961 1527 995 responderet.
1544 961 1664 988 Primum
1681 969 1715 989 ne
1730 963 1793 996 quis

1007 1009 1121 1040 propter
1157 1006 1347 1033 excellentiam
1378 1006 1575 1033 revelationum
1607 1006 1720 1034 duceret
1753 1007 1793 1040 ip-

1006 1057 1066 1077 sum
1100 1058 1160 1078 esse
1186 1059 1269 1085 supra
1296 1052 1322 1079 id
1347 1052 1420 1086 quod
1445 1052 1562 1079 videret.
1594 1052 1699 1080 Deinde
1728 1053 1793 1087 quia

1006 1095 1153 1123 Servatoro
1169 1101 1295 1132 negante,
1310 1105 1340 1125 se
1356 1105 1449 1131 nosse,
1467 1098 1584 1126 debebat
1596 1102 1624 1125 et
1640 1098 1727 1133 ipsum
1753 1098 1793 1124 di-

1005 1149 1079 1174 cere,
1093 1142 1200 1174 Nescio,
1217 1150 1252 1170 ne
1274 1150 1336 1170 cum
1359 1147 1433 1170 ceset
1456 1150 1553 1170 servus
1575 1148 1603 1170 et
1630 1143 1792 1178 discipulus,

1006 1188 1120 1216 Domino
1132 1193 1159 1216 et
1176 1193 1344 1224 praceptore
1360 1190 1448 1225 major
1466 1190 1615 1218 videretur.

1041 1331 1130 1364 Quare
1145 1332 1191 1366 qui
1216 1331 1299 1359 Paulo
1314 1333 1398 1364 dedit.
1411 1337 1441 1361 ut
1466 1333 1557 1364 sciret,
1591 1334 1678 1361 multo
1709 1335 1794 1369 magis

1006 1377 1063 1411 ipse
1078 1377 1163 1403 novit.
1181 1376 1235 1404 Cur
1246 1377 1329 1412 igitur
1342 1382 1405 1405 tunc
1422 1379 1541 1413 negavit,
1553 1386 1582 1406 se
1597 1387 1690 1411 nosse,
1704 1380 1749 1414 qui
1765 1384 1795 1406 ut

1006 1423 1137 1450 Dominus
1162 1424 1256 1450 novit?
1285 1423 1388 1451 Nostra:
1404 1425 1534 1452 nimirum
1560 1425 1792 1454 utilitatiseausa

1006 1468 1031 1495 id
1047 1469 1123 1501 fecit,
1136 1469 1159 1495 si
1178 1473 1268 1496 tamen
1291 1469 1358 1496 licet
1381 1471 1550 1505 vestigantes
1573 1471 1675 1505 aliquid
1703 1471 1793 1505 conji-

1007 1523 1079 1542 cere.
1093 1514 1159 1542 Nam
1173 1519 1200 1542 et
1212 1519 1345 1542 eventura
1362 1521 1425 1543 ante
1439 1517 1534 1544 mundi
1560 1517 1642 1543 ﬁnem
1657 1516 1794 1551 signiﬁca-

1007 1561 1058 1592 vit,
1075 1568 1110 1588 ne
1131 1568 1194 1587 cum
1217 1568 1248 1587 ea
1272 1561 1473 1595 contingerent,
1505 1569 1555 1589 nos
1582 1565 1610 1588 ut
1635 1561 1794 1596 peregrinos

1005 1612 1033 1634 et
1049 1607 1238 1642 imprudentes
1264 1607 1461 1641 opprimerent,
1487 1607 1534 1634 sed
1554 1612 1584 1634 ut
1605 1615 1637 1634 ex
1657 1607 1718 1639 illis,
1733 1614 1794 1641 qua!

1006 1657 1068 1688 post
1095 1653 1178 1680 etiam
1203 1652 1294 1679 futura
1316 1657 1418 1685 eSSeut,
1448 1658 1682 1688 exspectaremus.
1717 1652 1793 1679 Dicin

1005 1704 1098 1726 autem
1116 1703 1143 1726 et
1160 1699 1255 1725 horam
1271 1698 1359 1725 noluit
1376 1702 1405 1725 ut
1429 1698 1501 1725 Deus
1523 1698 1615 1725 dicere
1642 1706 1671 1725 se
1698 1704 1792 1730 nosse,

1006 1745 1054 1772 sed
1078 1750 1108 1772 ut
1124 1745 1206 1772 homo
1222 1752 1252 1772 se
1266 1744 1376 1780 negavit
1394 1745 1475 1776 scire,
1489 1752 1523 1772 ne
1541 1744 1659 1779 amplius
1675 1743 1795 1771 interro-

1006 1796 1111 1826 garent.
1127 1790 1172 1818 Sic
1185 1791 1267 1826 igitur
1282 1798 1338 1818 rem
1350 1792 1523 1826 temperavit,
1539 1797 1574 1817 ne
1591 1791 1612 1817 si
1630 1791 1671 1817 vel
1683 1790 1795 1817 omnino

1007 1841 1120 1869 laceret,
1135 1836 1246 1864 tristitia
1260 1835 1409 1871 discipulos
1440 1835 1570 1867 alliceret,
1596 1835 1639 1862 vel
1663 1834 1686 1862 si
1713 1835 1795 1869 plane

1006 1883 1183 1918 patefaceret,
1200 1886 1294 1918 ageret
1319 1885 1416 1910 contra
1430 1889 1511 1916 quam
1535 1886 1564 1908 et
1588 1881 1642 1908 illis
1654 1885 1682 1908 et
1714 1880 1795 1909 nobis

1006 1930 1078 1955 t'oret
1091 1928 1169 1955 utile.
1192 1927 1328 1960 Quoniam
1355 1927 1438 1962 igitur
1453 1931 1567 1961 propter
1589 1933 1641 1953 nos
1675 1925 1794 1952 Verbum

1006 1981 1069 2000 caro
1084 1974 1185 2001 factum
1198 1978 1249 2003 est.
1265 1975 1375 2007 propter
1385 1979 1434 1999 nos
1450 1971 1532 1999 etiam
1553 1971 1639 1999 dixit:
1655 1971 1693 1998 Ne
1709 1970 1795 1998 Filius

1007 2019 1118 2054 quidem
1131 2019 1220 2045 novit.
1234 2018 1329 2052 Neque
1343 2018 1380 2044 ita
1407 2017 1502 2045 dicens
1518 2017 1650 2044 mentitus
1667 2021 1718 2044 est.
1737 2017 1795 2044 Hu-

1008 2073 1090 2093 mano
1107 2064 1180 2092 enim
1193 2072 1281 2096 more,
1297 2067 1328 2091 ut
1347 2064 1440 2097 homo,
1459 2064 1568 2099 negavit
1600 2070 1630 2090 se
1646 2064 1727 2096 scire,
1744 2070 1795 2091 nec

1008 2112 1147 2147 permisit,
1163 2116 1193 2138 ut
1211 2111 1337 2145 discipuli
1363 2117 1393 2138 se
1425 2110 1543 2145 amplius
1566 2115 1713 2146 urgerent;
1746 2117 1796 2137 ne-

1007 2158 1097 2194 gando
1110 2157 1184 2185 enim
1214 2165 1244 2184 se
1254 2158 1335 2190 scire,
1356 2156 1422 2184 fecit
1447 2157 1689 2192 interrogationem
1723 2157 1796 2191 ipso-

1008 2210 1068 2230 rum
1085 2202 1252 2229 consistere.
1268 2201 1304 2228 At
1325 2201 1352 2227 in
1366 2207 1399 2227 eo
1411 2200 1492 2233 libro,
1505 2208 1559 2235 quo
1582 2207 1625 2227 res
1639 2201 1672 2226 ab
1684 2204 1795 2234 aposto-

163 2248 248 2274 αὑτὸν
270 2248 351 2275 πάλιν
369 2249 395 2275 ol
417 2250 547 2284 μαθηταὶ,
569 2249 634 2276 πότε
652 2250 682 2276 τὺ
701 2249 777 2282 τέλος
799 2249 886 2280 ἔσται,
909 2250 955 2275 καὶ

1008 2249 1041 2275 lis
1057 2253 1139 2284 gestae
1152 2248 1337 2280 continentur,
1357 2247 1489 2282 scriptum
1512 2252 1562 2279 est,
1576 2247 1725 2281 discipulos
1742 2246 1795 2273 ite-

164 2294 235 2320 πότε
250 2294 402 2329 παραγίνῃ,
420 2295 466 2321 καὶ
481 2294 557 2321 εἶπεν
573 2296 664 2326 αὐτοῖς
680 2294 880 2330 φανερώτερον
894 2295 956 2328 Οὐχ

163 2338 252 2374 ὑμῶν
268 2339 333 2366 ἐστι
347 2339 456 2373 γνῶναι
472 2340 604 2373 χρόνους
617 2340 637 2375 ἢ
652 2341 786 2375 καιροὺς,
801 2341 855 2373 οὒς
868 2342 884 2368 ὁ
899 2342 958 2368 Πα-

163 2386 223 2419 τὴρ
237 2385 321 2412 ἔθετο
337 2385 372 2412 ἐν
389 2384 427 2420 τῇ
447 2386 506 2420 (dict
519 2386 656 2421 ἐξουσίᾳ.
675 2387 730 2414 Καὶ
743 2387 792 2413 οὐκ
808 2385 869 2413 εῐπε
885 2387 956 2418 τότε,

164 2432 227 2459 οὐκ
241 2429 311 2458 οἶδεν
325 2432 386 2458 οὐδὲ
402 2433 416 2458 ό
432 2432 510 2466 Υἱὸς,
529 2433 623 2467 ὥσπερ
640 2433 692 2468 πρὸ
706 2432 802 2459 τούτου
818 2433 956 2468 ἀνθρωπί-

164 2487 233 2509 νως.
253 2478 352 2515 Λοιπὸν
368 2479 423 2514 γὰρ
443 2477 476 2514 ἦν
498 2479 514 2514 ἡ
532 2479 599 2513 σὰρξ
621 2480 771 2513 ἀναστᾶσα,
789 2479 836 2506 καὶ
856 2479 957 2505 ἀποθε-

166 2525 242 2560 μένη
260 2525 310 2560 τὴν
326 2525 478 2560 νέκρωσιν,
495 2526 542 2552 καὶ
559 2526 750 2561 θεοποιηοεῖσα
761 2547 768 2558 ,
789 2526 836 2552 καὶ
850 2525 900 2552 οὐκ
914 2525 954 2552 ἔτι

165 2571 275 2606 ἔπρεπε
297 2571 439 2606 σαρκικῶς
457 2572 539 2598 αὑτὸν
555 2572 754 2607 ἀποκρίνασθαι
774 2572 955 2608 ἀνερχόμενον

165 2618 209 2647 εἰς
226 2616 290 2647 τοὺς
310 2615 453 2650 οὐρανοὺς,
469 2615 537 2642 ἀλλὰ
552 2616 644 2642 λοιπὸν
661 2615 758 2647 θιῖκῶς
776 2615 898 2648 διδάξαι,
913 2615 955 2642 ὅτι

162 2661 229 2694 οὐχ
244 2660 328 2695 ὑμῶν
341 2661 407 2687 ἐστι
418 2660 527 2695 γνῶναι
541 2661 669 2695 χρόνους
694 2661 713 2695 ἢ
727 2661 858 2694 καιροὺς,
873 2659 926 2693 οὓς
939 2661 956 2687 ὁ

165 2706 272 2741 Πατὴρ
289 2706 372 2733 ἔθετο
387 2707 422 2733 ἐν·
433 2707 472 2741 τῇ
487 2707 544 2740 ἰδίᾳ
559 2707 696 2741 ἐξουσίᾳ.
708 2707 756 2738 Τίς
771 2707 799 2734 δὶ
812 2707 828 2742 ὴ
839 2707 955 2742 δύναμις

165 2752 216 2780 τοῦ
229 2753 335 2788 Πατρδς
351 2753 367 2788 ἢ
380 2754 393 2780 6
405 2754 522 2789 Χριστός
534 2762 542 2786 ;
557 2753 673 2789 Χριστὸς
685 2753 739 2788 γὰρ
751 2753 817 2780 Θεοῦ
841 2752 955 2788 δύναμις

165 2800 216 2826 καὶ
235 2798 303 2826 Θεοῦ
324 2800 414 2833 σοφία.

213 2888 293 2916 'Act.
310 2895 329 2920 I,
344 2887 371 2916 7.
410 2890 419 2904 '
433 2888 518 2916 lCur.
537 2898 555 2921 ι,
572 2889 616 2917 24.

1009 2302 1069 2321 ruul
1098 2294 1292 2328 interrogasse,
1327 2293 1437 2328 quando
1462 2293 1524 2319 linis
1550 2296 1622 2319 esset
1650 2297 1793 2323 venturus,

1007 2348 1127 2375 eumque
1141 2340 1241 2367 clarius
1253 2339 1306 2366 illis
1336 2340 1370 2365 ad
1383 2339 1457 2366 hunc
1471 2338 1581 2365 modum
1596 2337 1793 2371 respondisse:

1010 2387 1072 2414 Non
1087 2391 1124 2414 est
1136 2391 1263 2417 vestrum,
1283 2394 1359 2412 nosse
1376 2390 1493 2417 tempora
1517 2384 1558 2411 uel
1579 2387 1720 2415 momenta,
1737 2391 1796 2417 qua:

1010 2435 1091 2463 Pater
1110 2435 1195 2469 posuit
1219 2434 1246 2461 in
1259 2442 1309 2461 sua
1341 2437 1470 2467 potestate
1486 2432 1506 2458 ί.
1530 2431 1588 2458 Non
1616 2432 1685 2459 dixit
1711 2435 1796 2458 tunc:

1010 2477 1049 2505 Ne
1060 2477 1147 2505 Filius
1160 2477 1269 2513 quidem
1292 2477 1377 2509 novit,
1392 2481 1421 2503 ut
1438 2481 1517 2503 antea
1533 2476 1650 2507 dixerat,
1667 2480 1796 2511 tanquam

1012 2516 1105 2551 homo.
1121 2524 1182 2551 Jam
1216 2523 1288 2550 enim
1320 2527 1481 2550 surrexerat
1511 2529 1587 2555 caro,
1618 2522 1797 2557 depositaque

1011 2570 1177 2598 mortalitate
1191 2570 1283 2597 divina
1300 2575 1359 2597 erat
1386 2570 1505 2597 reddita.
1524 2569 1578 2597 Nec
1606 2569 1724 2604 amplius
1750 2569 1798 2596 de-

1011 2616 1100 2646 cebat,
1113 2620 1142 2643 ut
1155 2616 1211 2651 jam
1230 2616 1257 2642 in
1275 2615 1373 2643 cmlum
1390 2616 1479 2642 iturus
1493 2616 1683 2650 responderet,
1698 2620 1728 2642 ut
1746 2615 1795 2641 ho-

1011 2670 1067 2694 mo,
1077 2662 1124 2689 sed
1135 2662 1247 2689 doceret
1259 2667 1289 2689 ut
1305 2662 1385 2692 Deus.
1400 2661 1461 2689 Non
1470 2666 1640 2692 estvestrunt,
1655 2661 1795 2695 inquiens,

1011 2717 1086 2736 noue
1102 2712 1218 2742 tempore
1231 2707 1272 2735 vel
1287 2714 1429 2738 momento,
1440 2716 1498 2743 qua:
1511 2707 1593 2734 Pater
1607 2707 1695 2742 posuit
1709 2706 1736 2732 in
1747 2714 1797 2733 sua

1009 2757 1148 2789 potestate.
1159 2753 1224 2786 Quae
1234 2758 1325 2780 autem
1336 2752 1424 2781 Patris
1439 2757 1571 2788 potestas,
1580 2752 1632 2779 nisi
1647 2752 1775 2780 Christus
1786 2752 1798 2779 3

1009 2800 1137 2827 Christus
1149 2799 1222 2827 enim
1251 2799 1299 2827 Dei
1331 2799 1420 2826 virtus
1445 2802 1472 2826 et
1486 2798 1620 2833 sapientia
1634 2798 1655 2826 '.
