4102 6298
266 333 372 396 445

1240 332 1614 396 PANOPLIA
1658 333 2114 397 DOGMATICA.
2157 362 2222 401 -π
2254 341 2411 401 ΔἸῚΤ.
2451 342 2559 404 Χῐ.

3423 345 3527 410 446

266 443 361 496 τοῦ
395 444 573 510 Λόγου
606 442 928 514 μετέχοντες
962 440 1217 511 βλέπουσι
1246 444 1332 497 διὰ
1363 445 1562 509 παντὸς
1592 445 1651 497 τὸ
1681 445 1846 515 πρόσ-

1967 449 2187 504 Jlantur.
2216 449 2500 515 Quomodo
2530 453 2692 519 igitur
2725 454 2817 524 qui
2840 453 2962 509 aliis
2979 456 3366 525 perfectionem
3391 471 3531 524 pra--

268 555 417 590 ωπον
453 536 640 591 αὐτοῦ.
677 536 798 598 Πῶς
832 532 927 590 οῦν
974 537 1001 588 ὁ
1023 535 1205 600 ἄλλοις
1237 536 1335 607 τὴν
1364 539 1677 607 τελειότητα
1712 555 1849 605 παρ-

269 626 410 699 έχων
468 628 629 691 αὐτὸς
673 625 792 696 μετ’
852 627 1093 689 ὲκείους
1141 629 1483 697 προκόπτεις
1520 627 1704 682 ’Ἄλλοι
1739 629 1850 699 γὰρ

268 722 363 774 καὶ
488 719 807 791 ἀνθρωπίνῃ
850 718 1015 771 αὑτοῦ
1055 721 1638 792 γενέσειδιηκόνησαν,
1670 722 1766 775 καὶ
1789 721 1852 775 τδ

264 798 570 881 λεγόμενον
620 812 770 880 παρὰ
801 810 876 880 τῷ
909 812 1092 882 Λουκᾷ
1126 813 1263 881 μετά
1302 810 1404 881 τὴν
1438 812 1714 866 διακονίαν
1740 811 1851 869 τῶν

270 904 520 973 ἀγγέλων
549 904 784 974 εἴρηται.
821 901 940 966 Πῶς
965 903 1058 957 οὖν
1089 905 1121 975 ἡ
1155 905 1314 973 σοφία
1347 906 1403 957 ὲν
1432 909 1592 974 σοφίᾳ
1620 905 1853 975 προέκοο

272 1014 410 1050 πτεν
437 1014 455 1059 ;
478 996 547 1048 Ἦ
582 995 699 1058 πῶς
728 996 756 1047 ό
785 997 900 1059 τοῖς
934 996 1117 1058 ἄλλοις
1146 996 1242 1058 τὴν
1271 997 1432 1068 χάριν
1460 998 1637 1061 διδοὺς
1671 1000 1720 1065 (ὁ
1745 999 1854 1069 γάρ

277 1088 491 1152 Παῦλος
519 1088 605 1141 διὰ
638 1088 819 1157 πάσης
862 1089 1153 1158 ἐπιστολῆς
1180 1089 1251 1142 δι’
1271 1088 1449 1143 αὑτοῦ
1484 1089 1722 1144 δίδοσθαι
1756 1090 1854 1160 τὴν

275 1180 438 1249 χάριν
461 1178 742 1246 γινώσκων
774 1180 940 1249 φησίν
964 1197 977 1210 ο
1010 1180 1070 1234 Ἠ
1103 1180 1275 1248 χάρις
1300 1181 1406 1234 τοῦ
1434 1181 1656 1248 Κυρίου
1686 1182 1857 1250 ἡμῶν

287 1269 495 1335 Ἰησοῦ
534 1271 794 1340 Χριστοῦ
846 1272 990 1338 μετά
1042 1272 1285 1326 πάντων
1338 1272 1552 1342 ὑμῶν),
1590 1274 1750 1338 αὐτὸς
1798 1278 1857 1328 ἐν

272 1359 459 1429 χάριτι
484 1361 825 1429 προέκοπτεν
851 1378 866 1427 ;
894 1363 963 1415 Ἥ
982 1362 1090 1431 γὰρ
1106 1362 1403 1430 ψεύδεσθαι
1424 1362 1514 1415 τὸν
1533 1362 1856 1416 Ἀπόστολον

268 1452 608 1519 λεγέτωσαν,
643 1452 676 1523 ἢ
722 1454 854 1522 μηδὲ
882 1454 1074 1521 σοφίαν
1104 1451 1244 1508 εἶναι
1274 1454 1449 1522 λέγειν
1472 1455 1560 1508 τὸν
1588 1455 1713 1508 Υἱδν
1735 1454 1858 1507 τολ-

276 1546 563 1614 μάτωταν,
589 1545 620 1613 ἢ
648 1546 696 1597 εί
725 1547 886 1615 σοφία
907 1547 1044 1609 ἐστὶ,
1067 1549 1353 1617 προκοπὴν
1370 1549 1470 1601 οὐκ
1494 1547 1800 1617 ἐπεδέχετο.

349 1636 666 1706 ’Ἄνθρωποι
686 1639 786 1709 μὲν
810 1640 915 1710 γὰρ
939 1640 1213 1710 κτίσματα
1235 1643 1596 1711 τυγχάνοντες
1613 1640 1862 1696 ἐπεκτεί-

269 1725 466 1780 νεσθαί
515 1744 632 1791 πως
685 1729 781 1783 καὶ
835 1731 1164 1799 προκόπτειν
1216 1732 1277 1784 ἐν
1330 1732 1501 1801 ἀρετῇ
1577 1730 1858 1788 δύνανται.

1890 1783 1937 1843 Β

1952 539 2059 602 bet.
2093 539 2207 609 ipse
2230 551 2352 610 post
2383 543 2505 597 illos
2539 544 3032 615 pmliciat?'Angeti
3060 546 3207 599 enim
3236 556 3291 600 et
3323 547 3376 599 in
3403 556 3527 601 ortu

1955 630 2122 699 ipsius
2148 631 2388 687 humano
2416 634 2824 691 ministrabant.
2900 637 2970 691 Et
2998 640 3142 707 quod
3179 654 3209 693 a
3259 639 3399 692 Luca
3450 639 3534 691 di-

1954 732 2102 777 ctum
2138 733 2240 782 est.
2275 733 2399 792 post
2425 725 2741 795 angelorum
2793 727 3156 782 ministerium
3202 729 3324 782 fuit.
3376 727 3526 794 Quo-

1954 816 2118 867 modo
2153 812 2316 882 igitur
2371 815 2418 868 is
2475 814 2571 885 qui
2628 815 2745 886 ipsa
2800 816 3064 885 sapientia
3116 826 3217 878 est,
3271 818 3573 885 sapientia

1957 903 2319 972 proﬁciebat?
2349 906 2458 959 Aut
2490 906 2584 976 qui
2623 906 2854 977 gratiam
2882 908 3001 961 aliis
3066 908 3373 979 elargitur(
3405 924 3532 960 nam

1956 994 2155 1050 Paulus
2181 997 2400 1066 quidem
2434 997 2489 1051 in
2522 999 2782 1052 omnibus
2829 996 3089 1068 Epistolis
3135 998 3250 1052 suis
3298 998 3532 1067 gratiam

1956 1107 2053 1161 per
2085 1091 2262 1160 ipsum
2288 1090 2404 1145 dari
2441 1090 2599 1145 facile
2642 1093 2930 1160 agnoscit:
2975 1092 3187 1154 Gratia,
3252 1092 3532 1161 inquiens.

1961 1182 2172 1236 Domini
2237 1183 2405 1237 nostri
2463 1182 2587 1237 Jesu
2618 1183 2814 1238 Christi
2873 1200 2991 1236 cum
3041 1183 3282 1236 omnibus
3332 1182 3471 1234 vobis
3497 1181 3535 1248 ί)

1961 1274 2078 1342 ipse
2101 1275 2268 1345 gratia
2298 1274 2655 1344 proﬁciebat?
2682 1275 2967 1345 Autigitur
2991 1275 3312 1343 Apostolum
3341 1274 3535 1330 dicant

1959 1365 2092 1419 falsa
2125 1365 2429 1434 scripsisse,
2464 1375 2559 1421 aut
2587 1366 2905 1435 sapientiam
2931 1380 3051 1419 esse
3081 1364 3118 1417 F
3126 1366 3276 1418 ilium
3312 1374 3535 1434 negent;

1959 1465 2054 1510 aut
2082 1457 2124 1510 si
2166 1458 2433 1526 sapientia
2458 1468 2562 1521 est.
2618 1458 2828 1513 nullum
2877 1457 3181 1531 accipiebat
3231 1457 3542 1511 incremen-

1961 1554 2100 1600 tum.

2035 1638 2297 1694 Homines
2327 1640 2495 1705 enim,
2530 1640 2620 1709 qui
2644 1641 2815 1695 creati
2839 1648 2987 1703 sunt,
3053 1654 3323 1701 crescere,
3373 1647 3429 1691 et
3487 1638 3542 1691 in

1962 1732 2185 1788 virtutis
2214 1733 2396 1787 studio
2423 1731 2673 1801 progredi
2695 1742 2943 1799 possunt.
2975 1732 3159 1786 Enoch
3184 1730 3404 1800 quidem
3438 1730 3541 1783 hoc

286 1816 464 1887 Ἑνὼχ
504 1817 636 1884 γοῦν
685 1819 829 1873 οὓτω
872 1821 1160 1891 μετετέθη,
1197 1824 1290 1875 καὶ
1341 1822 1581 1894 Μωῡσῆς
1614 1823 1863 1889 αὐξάνων

1967 1822 2130 1877 modo
2165 1823 2467 1877 translatus
2495 1832 2602 1877 est.
2640 1821 2706 1876 Et
2740 1822 2919 1877 Moses
2975 1836 3235 1877 crescens
3284 1820 3542 1890 proficie-

274 1906 603 1969 ἐτελειοῦτο,
642 1907 827 1963 Ἰσαὰκ
856 1909 913 1963 δὲ
941 1913 1266 1980 προκόπτων
1287 1913 1502 1980 ἐγένετο
1532 1912 1724 1982 μέγας.
1754 1913 1866 1967 Καὶ

274 1996 308 2047 ὁ
364 1997 692 2062 Ἀπόστολος
736 2001 1145 2056 ὲπεκτείνεσθαι
1185 2003 1307 2058 καθ’
1345 2005 1561 2074 ἡμέραν
1602 2006 1715 2067 τοῖς
1763 2003 1864 2074 ἔμ-

276 2093 520 2160 προσθεν
562 2091 766 2162 ἔλεγεν.
816 2090 945 2164 Εἶχε
986 2096 1093 2164 γὰρ
1146 2096 1378 2158 ἕκαστος
1425 2097 1527 2150 ποῦ
1571 2096 1863 2167 προκόψει,

279 2181 502 2251 βλέπων
530 2185 609 2249 είς
646 2186 737 2239 τὸν
773 2186 1081 2257 ἔμπροσθεν
1115 2186 1280 2242 αὐτοῦ
1312 2187 1544 2257 βαθμόν.
1590 2188 1649 2241 Ὀ
1681 2186 1736 2240 δὲ
1769 2187 1867 2241 τοῦ

276 2275 423 2328 Θεοῦ
459 2276 587 2340 Υἱὸς
624 2279 782 2349 μόνος
813 2279 888 2332 ὣν
911 2320 924 2343 ,
958 2281 1015 2333 ἐν
1045 2280 1122 2350 τῷ
1154 2281 1299 2350 μόνῳ
1344 2281 1517 2350 Πατρί
1549 2282 1699 2333 ἐστιν
1720 2319 1736 2345 ,
1772 2279 1866 2349 ἀφ’

276 2359 344 2421 οῦ
373 2366 498 2421 ςὺδὲ
527 2370 919 2437 ἐπεκτείνεται,
950 2372 1065 2425 ἀλλ’
1097 2374 1154 2425 ὲν
1189 2372 1337 2440 αὐτῷ
1370 2372 1548 2442 μένων
1574 2373 1729 2425 ἐστὶν
1757 2373 1869 2426 ἀεί.

309 2460 682 2531 Δνθρωπίνως
713 2459 804 2517 οὖν
837 2465 1051 2535 εἴρηται
1092 2463 1187 2516 καὶ
1220 2464 1459 2518 ἐνταῦθα
1493 2464 1829 2533 προκόπτειν
1849 2503 1866 2530 ,

282 2552 414 2605 tua).
444 2554 538 2605 καὶ
568 2554 672 2605 τῶν
700 2554 1002 2627 ἀνθρώπων
1027 2556 1145 2610 ἐστὶ
1181 2556 1338 2610 πάλιν
1372 2558 1404 2627 ἠ
1447 2558 1721 2627 προγοπή.
1758 2558 1868 2612 Καὶ

277 2642 400 2712 γάρ
434 2644 529 2696 καὶ
556 2644 584 2695 ὁ
620 2646 1014 2716 εὐαγγελιστὴς
1069 2647 1206 2716 μετὰ
1240 2646 1501 2718 ἀκριϐοῦς
1539 2650 1866 2719 παρατηρή-

277 2753 427 2798 σεως
455 2736 652 2804 λέγων,
670 2742 736 2809 τῇ
767 2743 1018 2810 προκοπῇ
1048 2741 1250 2811 συνῆψε
1275 2742 1374 2813 τὴν
1399 2741 1617 2812 ἡλικίαν
1652 2760 1666 2771 ·
1694 2743 1866 2809 Λόγος

277 2828 337 2880 δὲ
374 2828 472 2880 καὶ
504 2830 635 2893 Θεδς
663 2830 847 2901 ἡλικίᾳ
876 2831 937 2883 οὐ
975 2833 1336 2903 μεμέτρηται,
1372 2834 1508 2888 ἀλλὰ
1537 2834 1647 2888 τῶν
1682 2835 1873 2903 σωμάο

283 2936 398 2971 των
431 2921 567 2974 εἰςιν
592 2923 647 2973 at
676 2922 906 2997 ἡλικίαι.
938 2922 1044 2976 Τοῦ
1074 2925 1325 2995 σώματος
1353 2927 1463 2997 άρα
1489 2929 1636 2982 ἐστὶν
1668 2930 1700 2997 ἡ
1728 2944 1868 2997 προ-

287 3010 455 3079 κοπή.
484 3011 659 3064 Αὑτοῦ
690 3014 797 3084 γὰρ
824 3015 1248 3086 προκόπτοντος,
1273 3016 1614 3086 προέκοπτεν
1639 3019 1696 3070 tv
1719 3018 1871 3087 αὑτῷ

1966 1914 2081 1970 bat.
2116 1914 2181 1968 Et
2212 1912 2379 1969 Isaias
2407 1913 2700 1985 proﬁciens
2750 1929 2980 1986 magnus
3011 1913 3238 1969 eﬂ‘ectus
3294 1923 3399 1968 est.
3480 1912 3549 1966 Et

1966 2007 2260 2076 Apostolus
2283 2005 2349 2060 ad
2382 2020 2445 2061 ea
2473 2005 2740 2075 quotidie,
2776 2021 2896 2075 quae
2929 2016 3055 2061 ante
3108 2013 3258 2070 sunt,
3314 2012 3549 2060 conten-

1968 2098 2152 2153 debat.
2187 2097 2393 2152 ﬂorum
2417 2098 2564 2152 enim
2599 2098 2798 2171 singuli
2831 2098 3133 2163 habebant,
3168 2112 3277 2166 quo
3323 2111 3550 2166 progre-

1969 2191 2253 2254 derentur,
2286 2189 2600 2261 superiores
2629 2190 2832 2259 gradus
2858 2191 3161 2244 intuentes.
3203 2189 3273 2242 At
3313 2187 3411 2243 Dei
3456 2188 3550 2242 Fi-

1969 2282 2075 2336 lius
2104 2281 2255 2336 solus
2279 2281 2549 2336 exsistens
2570 2280 2624 2333 in
2648 2281 2766 2335 solo
2826 2280 2984 2336 Patre
3043 2291 3148 2343 est,
3200 2297 3232 2335 a
3281 2296 3391 2350 quo
3432 2295 3544 2333 non

1973 2373 2199 2427 ulterius
2247 2373 2584 2439 extenditur,
2644 2373 2741 2427 sed
2796 2373 2849 2427 in
2904 2373 3024 2443 ipso
3080 2387 3301 2442 semper
3340 2382 3546 2426 manet.

1974 2465 2225 2520 Humana
2257 2481 2388 2535 ergo
2422 2466 2632 2520 ratione
2656 2464 2861 2519 dictum
2893 2472 2997 2530 est,
3033 2462 3381 2519 Proticiebat.
3413 2463 3548 2517 Nam

1974 2557 2262 2611 hominum
2331 2568 2419 2610 est
2476 2554 2751 2626 profectio
2810 2563 2864 2610 ct
2927 2564 3306 2623 augmentum.
3367 2552 3550 2618 Quare

1970 2667 2162 2721 magna
2197 2667 2319 2705 cum
2344 2651 2732 2706 observatione
2755 2659 2975 2704 (etatem
3007 2648 3259 2717 adiunxit
3311 2661 3550 2717 evange-

1967 2743 2113 2807 lista,
2145 2742 2487 2809 Proﬁciebat,
2516 2743 2792 2813 inquiens,
2826 2742 3093 2812 sapientia
3123 2750 3177 2795 et
3209 2748 3387 2794 a-late.
3414 2737 3549 2792 Ver-

1971 2838 2097 2889 bum
2157 2845 2341 2889 autem
2397 2844 2450 2888 et
2485 2834 2627 2887 Deus
2658 2831 2864 2885 nullam
2897 2830 3059 2884 habet
3091 2828 3269 2883 astatis
3317 2841 3544 2880 mensu-

1972 2927 2344 2983 rann/Etates
2373 2927 2519 2981 cnim
2564 2925 2628 2980 ad
2688 2940 2890 2995 corpus
2950 2923 3288 2978 referuntur.
3358 2922 3550 2988 Itaque

1973 3021 2224 3091 corporis
2265 3028 2348 3074 est
2385 2998 2504 3074 haec
2536 3019 2861 3088 progressio.
2906 3020 3151 3085 Corpore
3204 3014 3350 3068 enim
3396 3027 3551 3066 cres-

288 3101 386 3152 καὶ
418 3102 450 3167 ἡ
476 3101 783 3173 φανέρωσις
816 3104 912 3174 τῆς
945 3105 1197 3176 θεότητος
1226 3107 1338 3169 τοῖς
1370 3104 1593 3174 ὁρῶσιν.
1635 3108 1787 3176 Ὀσῳ
1809 3107 1864 3160 δὲ

1973 3127 2135 3173 εειιιε
2169 3114 2477 3170 divinitatis
2509 3110 2810 3166 declaratio
2840 3108 3154 3163 videntibus
3210 3105 3385 3173 major
3439 3101 3552 3156 etii-

284 3191 320 3259 ή
348 3190 545 3261 θεότης
578 3191 1017 3257 άπεκαλύπτετο,
1046 3194 1284 3267 τοσούτῳ
1318 3197 1486 3250 πλέον
1512 3198 1543 3265 ἡ
1579 3198 1739 3267 χάρις
1764 3197 1871 3266 ηὗ-

285 3282 455 3347 ξανεν
488 3284 563 3345 ὡς
595 3284 883 3354 ἀνθρώπου
924 3287 1076 3358 παρά
1110 3290 1274 3342 πᾶσιν
1306 3288 1634 3361 ἀνθρώποις.
1651 3289 1873 3344 Παιδίον

289 3374 392 3444 μὲν
424 3374 534 3442 γὰρ
568 3373 923 3442 ἐϐαστάζετο,
954 3379 1084 3442 παῖς
1113 3379 1168 3432 δὲ
1197 3381 1488 3447 γενόμενος
1520 3383 1781 3453 ἐπέμενεν
1811 3384 1869 3436 ἐν

283 3462 368 3534 τῷ
403 3462 557 3533 ίερῷ,
605 3465 701 3519 καὶ
733 3467 859 3530 τοὺς
899 3469 1079 3538 ίερέας
1106 3470 1358 3541 ἀνέκρινε
1391 3472 1521 3541 περὶ
1553 3473 1645 3526 τοῦ
1679 3473 1868 3543 νόμου.

287 3554 430 3609 Κατ’
463 3556 643 3625 ὀλίγον
669 3557 726 3610 δὲ
760 3557 851 3610 τοῦ
882 3557 1133 3627 σώματος
1158 3561 1500 3627 αὐξάνοντος,
1530 3565 1627 3617 καὶ
1652 3564 1739 3617 τὸν
1767 3566 1873 3618 Λόο

286 3667 389 3717 γον
427 3647 812 3718 φανεροῦντος,
843 3651 1188 3720 ὁμολογεῖται
1223 3653 1411 3708 λοιπὸν
1450 3656 1600 3726 παρὰ
1632 3658 1732 3725 μὲν
1764 3657 1873 3709 Πέ-

286 3759 425 3813 τρου
459 3743 696 3810 πρῶτον,
730 3738 851 3795 εἶτα
883 3744 976 3796 καὶ
1010 3745 1163 3816 παρὰ
1193 3748 1410 3801 πάντων
1442 3748 1550 3803 τῶν
1585 3750 1868 3821 μαθητῶν,

289 3838 375 3889 ὅτι
417 3834 634 3904 ἀληθῶς
659 3835 795 3888 Θεοῦ
825 3836 952 3899 Υἱός
982 3840 1148 3892 ἐστιν.
1184 3838 1246 3893 Εἰ
1281 3839 1385 3910 χρὴ
1416 3840 1473 3893 δὲ
1502 3842 1597 3894 καὶ
1634 3841 1874 3905 πιθανῶς

293 3925 439 3994 μετὰ
457 3925 551 3977 το]
570 3925 800 3994 ἀληθοῦς
821 3927 1016 3991 εἰπεῖν,
1038 3929 1198 3991 αὐτὸς
1227 3933 1283 3984 ὲν
1311 3932 1487 4001 ἐαυτῷ
1516 3936 1872 4002 προέκοπτεν.

300 4015 377 4069 Ἠ
420 4017 611 4084 σοφία
664 4019 771 4086 γὰρ
801 4018 1193 4088 ᾠκοδόμησεν
1242 4022 1434 4092 ἑαυτῇ
1479 4025 1669 4091 οἷκον,
1699 4028 1793 4079 καὶ
1818 4029 1877 4080 ὲν

291 4110 465 4179 ἑαυτῇ
498 4111 828 4179 προκὸπτειν
861 4112 949 4165 τὸν
987 4110 1133 4168 οἷκον
1165 4116 1360 4170 ἐποίει.

368 4220 547 4282 Τίςδέ
577 4223 725 4275 ἐστιν
757 4224 789 4293 ἡ
812 4222 1082 4292 λεγομένη
1108 4226 1378 4297 προκοπὴ,
1415 4225 1558 4280 καθά
1582 4229 1873 4298 προεῖπονς

305 4314 376 4369 Ἦ
424 4312 576 4386 παρὰ
614 4316 713 4385 τῆς
751 4316 944 4384 σοφίας
982 4318 1373 4390 μταδῶομὲνη
1417 4320 1530 4382 τοῖς
1568 4318 1877 4393 ἀνθρώποις

1974 3207 2243 3263 ciebatur.
2272 3204 2497 3271 Quanto
2524 3214 2707 3258 autem
2735 3201 2908 3271 magis
2939 3200 3207 3254 divinitas
3234 3196 3548 3267 pateﬁebat,

1975 3308 2128 3355 tanto
2164 3297 2334 3369 magis
2361 3296 2535 3368 gratia
2571 3295 2894 3365 augebatur,
2922 3306 3119 3359 nempe
3149 3288 3394 3345 hominis
3435 3288 3546 3355 jam

1973 3390 2116 3462 apud
2147 3405 2342 3445 omnes
2396 3388 2672 3442 homines.
2703 3383 2975 3439 Puerulus
3009 3382 3156 3435 enim
3213 3379 3550 3451 gestabalur.

1974 3483 2118 3537 Puer
2146 3497 2277 3537 vero
2300 3481 2503 3536 mansit
2528 3481 2582 3534 in
2616 3477 2843 3546 templo,
2872 3485 2931 3530 et
2990 3490 3114 3531 cum
3174 3470 3555 3528 sacerdotibus

1976 3578 2044 3632 de
2073 3577 2193 3647 lege
2227 3576 2564 3645 disputabat.
2632 3572 2899 3627 Paulatim
2942 3570 3205 3638 deinceps
3269 3573 3553 3619 crescente

1974 3684 2227 3738 corpore,
2263 3677 2320 3722 et
2338 3665 2573 3721 Verbum
2602 3665 3036 3725 demonstraute,
3064 3659 3258 3715 Petrus
3291 3658 3554 3727 primum,

1976 3761 2175 3818 deinde
2194 3759 2394 3829 reliqui
2428 3756 2682 3827 discipuli
2713 3770 2841 3810 eum
2869 3767 3000 3808 vere
3027 3750 3120 3805 Dei
3181 3750 3384 3803 Filium
3428 3762 3560 3800 con—

1979 3854 2217 3909 fitentur.
2251 3850 2412 3917 Quod
2466 3850 2513 3905 si
2574 3847 2855 3919 probabile
2899 3843 3107 3914 aliquid
3152 3856 3279 3898 cum
3325 3840 3558 3894 veritate

1977 3948 2329 4016 coniunctum
2363 3941 2658 3998 dicendum
2693 3949 2799 4003 est,
2836 3939 3030 4009 ipsein
3060 3937 3244 4005 seipse
3304 3931 3557 4003 prolicie-

1979 4040 2091 4095 bat.
2150 4035 2426 4105 Sapientia
2456 4035 2596 4087 enim
2636 4031 2919 4101 aediﬁcavit
2970 4028 3071 4082 sibi
3120 4026 3339 4079 domum
3391 4026 3453 4086 ³,
3508 4028 3565 4074 ει

1982 4132 2037 4184 in
2083 4130 2261 4198 seipsa
2290 4127 2420 4180 fecit
2484 4126 2705 4180 domum
2758 4133 3110 4188 consurgere.

2052 4220 2309 4288 Quaenam
2328 4226 2510 4272 autem
2539 4226 2623 4271 est
2642 4218 2759 4270 haec
2791 4211 3135 4284 progressio,
3163 4207 3467 4263 secundum
3498 4220 3566 4260 ea

1981 4321 2103 4377 qua:
2128 4304 2368 4361 diximus
2387 4304 2409 4357 ’ἒ
2427 4302 2613 4358 Gratia
2633 4301 2845 4356 scilicet
2868 4307 2923 4353 et
2942 4296 3221 4353 deiﬁcatio
3249 4293 3566 4349 hominibus

294 4406 638 4475 θεοποίησις,
670 4408 765 4462 καὶ
791 4408 971 4478 χάρις,
1002 4406 1464 4480 ἐξαφανιζομένης
1495 4411 1554 4463 tv
1577 4390 1758 4471 αὐτοῖς
1778 4409 1864 4479 τῆς

1984 4415 2012 4452 a
2045 4397 2312 4468 sapientia
2342 4394 2644 4465 impertita,
2664 4392 2844 4448 deleto
2868 4390 2925 4444 in
2967 4390 3075 4444 illis
3098 4397 3321 4459 peccato
3366 4395 3421 4441 et
3446 4401 3571 4441 cor-

295 4473 578 4568 άέιαρτίας
609 4499 702 4553 καὶ
751 4473 935 4569 τῆςνὲν
953 4473 1134 4564 αὐτοῖς
1168 4473 1374 4570 φθορᾶς
1394 4473 1537 4555 iace
1562 4501 1660 4573 τὴν
1692 4473 1864 4571 όμοιό·

1990 4490 2271 4559 raptione,
2296 4497 2520 4557 propter
2547 4487 2793 4557 ipsorum
2824 4498 2950 4539 cum
2979 4498 3148 4538 carne
3180 4478 3348 4536 Verbi
3375 4480 3568 4535 simili-

293 4609 440 4660 τητα
482 4591 576 4643 καὶ
626 4591 950 4660 συγγένειαν
979 4592 1078 4662 τῆς
1112 4593 1311 4663 σαρκὸς
1350 4593 1444 4647 τοῦ
1473 4593 1672 4661 Λόγου.
1723 4592 1864 4649 Οὖτις

1990 4583 2234 4637 tudinem
2265 4590 2319 4636 et
2347 4580 2749 4651 cognationem.
2794 4578 2928 4632 Dum
2967 4576 3131 4647 igitur
3166 4588 3370 4642 corpus
3414 4578 3582 4625 wtate

294 4683 412 4754 γάρ
438 4682 764 4748 αὐξάνοντες
793 4686 850 4737 ὲν
875 4684 1057 4755 ἡλικίᾳ
1085 4684 1179 4739 τοῦ
1202 4684 1475 4755 σώματος,
1506 4684 1864 4739 ωνεπεὸίδοτι

1987 4685 2285 4735 cresceret.
2314 4673 2616 4745 augebatur
2664 4671 2721 4724 in
2752 4670 2873 4738 ipso
2901 4667 3207 4721 divinitatis
3252 4663 3583 4726 declaratio,

296 4781 359 4830 ἐν
383 4753 553 4848 αὐτῷ
592 4779 625 4848 ἠ
671 4777 769 4846 τῆς
820 4753 1071 4848 θεότητος
1115 4753 1444 4849 φανέρωσις,
1484 4778 1578 4833 καὶ
1610 4778 1864 4831 ἔδείκνοτι

1988 4784 2095 4838 qua
2129 4765 2533 4837 cognoscebant
2561 4778 2772 4824 omnes,
2805 4760 2982 4829 ipsum
3000 4773 3123 4813 esse
3156 4755 3415 4824 templum
3457 4753 3585 4821 Dei,

299 4870 459 4936 παρὰ
492 4870 682 4932 πᾶσιν,
712 4869 794 4923 ὅτι
823 4868 947 4933 ναὸς
981 4848 1133 4922 Θεοῦ
1158 4848 1297 4933 ἐστι,
1332 4870 1429 4923 καὶ
1464 4869 1596 4932 Θεὸς
1623 4864 1691 4939 ἦν
1722 4871 1778 4922 ἐν
1804 4869 1864 4938 τι]

1988 4872 2045 4919 ει
2096 4863 2264 4917 Deum
2292 4874 2413 4915 esse
2448 4859 2500 4911 in
2532 4871 2784 4926 corpore.
2815 4853 2970 4921 Quod
3012 4852 3056 4906 si
3092 4848 3437 4919 pertinacius
3482 4848 3579 4902 ob-

297 4962 542 5031 σώματι.
604 4960 729 5015 Ἐὰν
777 4961 835 5015 δὲ
872 4961 1270 5030 φιλονεικῶσιν,
1312 4963 1394 5017 ὅσι
1436 4962 1643 5032 Ἰησοῦς
1682 4962 1864 5033 ικλήθη

1992 4955 2253 5018 stiterint,
2282 4953 2531 5007 dicentes
2562 4959 2817 5003 vocatum
2853 4960 2975 5000 esse
3002 4942 3213 5009 Iesum,
3241 4957 3366 4996 cum
3404 4940 3592 4997 factus

298 5053 446 5122 σὰρξ
478 5055 790 5123 γενόμενος,
820 5056 912 5109 καὶ
941 5056 1019 5119 είς
1052 5055 1214 5109 αὐτὸν
1240 5055 1553 5126 ἀναφέρωσι
1581 5056 1641 5108 τὸ
1663 5055 1861 5124 λεγόμε

1993 5059 2082 5104 est
2126 5062 2275 5111 caro,
2330 5052 2387 5098 ct
2451 5042 2585 5097 illud
2635 5039 2945 5111 proﬁciebat
2998 5038 3066 5092 ad
3124 5037 3277 5091 illum
3342 5035 3588 5090 dixerint

294 5162 396 5199 vov
448 5147 845 5213 προέκοπτεν,
898 5148 1269 5210 ἁκουέτωσαν,
1310 5150 1393 5202 ὅτι
1435 5146 1560 5200 οὐδὲ
1604 5146 1764 5200 τοῦτο
1802 5146 1863 5199 νῦ

1997 5156 2119 5198 esse
2150 5136 2529 5199 referendum,
2561 5134 2761 5196 sciant,
2793 5147 2863 5186 ne
2914 5131 2966 5185 id
3016 5131 3241 5201 quidem
3292 5139 3591 5199 paternam

297 5238 526 5291 ἐλαττοῖ
567 5237 627 5290 τὸ
670 5238 936 5307 πατρικὸν
979 5236 1114 5306 φῶς.
1150 5237 1321 5292 Τοῦτο
1356 5240 1471 5308 γάρ
1502 5239 1649 5292 ἔστιν
1684 5239 1712 5291 ὁ
1741 5236 1864 5300 Υἱός

1996 5234 2181 5287 lucem
2215 5227 2562 5282 imminuere.
2594 5225 2691 5278 Est
2719 5229 2864 5279 enim
2897 5221 3090 5277 Filius.
3140 5222 3326 5290 anue
3374 5236 3433 5273 re
3467 5220 3587 5287 pta-

297 5328 557 5384 Δεὶκνυσι
601 5330 655 5383 δὲ
705 5331 887 5401 πάλιν,
929 5331 1010 5383 ὅτι
1053 5332 1274 5399 γέγονεν
1311 5328 1600 5401 ἅνθρωπος
1633 5331 1660 5383 ὁ
1697 5329 1864 5397 Λόγος

2001 5341 2134 5383 num
2173 5324 2254 5386 ﬁt,
2286 5318 2526 5374 Verbum
2568 5333 2690 5373 esse
2716 5317 2919 5372 factum
2944 5317 3247 5378 hominem,
3295 5322 3351 5367 et
3401 5327 3593 5367 veram

301 5422 404 5476 καὶ
428 5421 691 5492 ἀληθινὴν
715 5398 945 5495 ὲφόβεσε
971 5398 1173 5493 σάρκα,
1198 5422 1294 5475 καὶ
1321 5398 1510 5494 ὥσπερ
1534 5422 1780 5490 εἴπομεν,
1809 5421 1864 5474 ὅτ

2001 5432 2225 5475 carnem
2256 5422 2523 5486 gestasse.
2557 5411 2626 5466 Et
2655 5410 3125 5480 quemadmodum
3156 5406 3417 5468 dicimus,
3474 5403 3585 5460 Do-

305 5512 483 5581 σαρκὶ
536 5512 812 5577 πέπονθε,
862 5513 960 5565 καὶ
1017 5513 1180 5583 σαρκὶ
1239 5510 1517 5575 ὲπείνασε,
1572 5509 1670 5565 καὶ
1728 5526 1864 5579 σαρκ

2002 5511 2209 5566 minum
2234 5520 2401 5563 carne
2433 5519 2656 5577 passum
2695 5519 2841 5566 esse,
2872 5511 2929 5558 et
2972 5517 3137 5556 carne
3186 5498 3475 5565 esuriisse,
3534 5506 3600 5556 et

299 5605 609 5661 ἐκοπίασεν
631 5647 648 5674 ,
686 5605 829 5661 οὕτω
858 5605 955 5661 καὶ
983 5606 1212 5670 εἰκότως
1242 5603 1308 5661 ἃν
1338 5603 1551 5674 λέγοιτο
1569 5643 1585 5670 ,
1619 5603 1701 5657 ὅτι
1728 5619 1864 5671 σαρκ

2001 5615 2169 5658 carne
2203 5594 2713 5670 deiatigatumesse,
2743 5594 2823 5650 sic
2840 5593 3006 5649 etiam
3018 5592 3147 5663 jure
3166 5590 3412 5647 dicemus
3431 5603 3601 5648 carne,

386 5776 401 5808 ¹
434 5775 594 5832 Rom.
620 5790 733 5845 ut,
761 5775 961 5842 εο-αιις
996 5774 1047 5828 ll‘
1067 5772 1198 5830 Cor.
1237 5786 1353 5840 sui,
1406 5773 1488 5830 l5.
1564 5773 1585 5804 ¹
1618 5768 1779 5826 Prov.
1840 5783 1917 5836 ιι,
1947 5766 1998 5823 1.
2090 5754 2101 5771 ὰ
