4032 6288
509 362 609 423 Hi

508 483 731 529 auctum
793 482 915 527 esse
990 475 1047 521 et
1105 458 1426 533 profecisse.
1491 455 1609 512 Non
1672 454 1842 525 igitur
1908 450 2075 509 Verbi
2119 458 2159 510 Α

511 571 935 625 incrementum,
960 570 1140 625 neque
1172 568 1300 609 caro
1330 558 1449 605 erat
1475 547 1763 618 sapientia.
1796 546 2089 613 Quaprop-

514 668 619 723 ter,
664 666 729 710 ut
758 664 886 708 ante
907 650 1167 711 diximus,
1200 660 1312 699 nm
1384 642 1503 711 ipsa
1542 656 1639 710 per
1693 653 1752 692 se
1795 636 2093 705 sapientia,

511 759 785 819 quatenus
818 742 1086 813 sapientia
1112 746 1218 803 est,
1240 762 1241 765 η
1262 734 1605 807 proﬁciebat.
1674 730 1780 785 Sed
1813 730 1958 800 quod
1992 728 2097 781 hu-

518 855 743 899 manum
776 846 915 902 erat,
960 834 1016 887 in
1061 828 1331 900 sapientia
1385 825 1732 898 proﬁciebat.
1795 821 2096 876 Humanam

514 937 663 991 enim
760 940 1017 985 naturam
1104 923 1372 995 paulatim
1448 918 1837 989 exsuperabat,
1954 915 2098 970 divi-

513 1041 754 1096 numque
813 1021 1189 1082 efficiebatur,
1252 1027 1306 1071 et
1368 1014 1672 1070 divinitatis
1757 1013 2098 1065 instrumen-

515 1133 630 1174 tum
676 1118 840 1171 liebat
898 1115 964 1169 ad
993 1113 1113 1182 ejus
1168 1112 1416 1166 actiones
1478 1114 1535 1162 et
1583 1106 1930 1177 splendorem
1968 1118 2092 1157 om-

512 1215 675 1265 nibus
745 1212 800 1264 in
886 1209 1053 1263 rebus
1122 1205 1482 1259 ell‘erendum.
1558 1199 1926 1267 Quamobrem
1987 1211 2099 1250 non

511 1302 682 1358 dixit:
733 1300 966 1356 Verbum
1016 1296 1354 1367 proficiebat,
1392 1293 1511 1358 sed,
1552 1290 1711 1345 Jesus
1758 1287 2099 1358 proﬁciebat,

513 1410 621 1462 quo
649 1393 866 1462 quidem
910 1393 1130 1443 nomine
1159 1388 1425 1441 Dominus
1464 1384 1640 1437 lactus
1675 1381 1838 1435 homo
1878 1385 2101 1431 vocatus

514 1498 617 1541 est.
679 1486 746 1540 Ut
777 1497 1127 1556 progressum
1188 1480 1339 1533 illum
1396 1478 1647 1531 humana:
1685 1483 1893 1527 natura:
1934 1470 2102 1524 fuisse

515 1588 754 1642 constet,
810 1572 1274 1645 quemadmodum
1312 1570 1573 1624 diximus.

584 1670 741 1724 Sicut
763 1683 894 1740 ergo
927 1674 1209 1721 crescente
1229 1677 1397 1718 carne
1427 1662 1627 1716 dicitur
1682 1659 1800 1727 ipse
1844 1669 2101 1711 crescere

508 1772 737 1834 propter
761 1760 1011 1831 corporis
1027 1757 1498 1828 conjunctionem,
1517 1755 1597 1808 sic
1628 1767 1694 1806 ca
1716 1766 1837 1819 quae
1858 1759 2101 1818 tempore

512 1832 704 1910 inor-tis
721 1863 1014 1924 appetente
1033 1853 1311 1915 dicuntur,
1330 1859 1387 1902 ut
1409 1844 1639 1909 turbari,
1657 1856 1711 1899 et
1728 1846 1882 1906 (lere,
1901 1844 2095 1895 eodem
2133 1832 2170 1887 Β

510 1963 677 2004 sensu
702 1957 831 2002 sunt
849 1945 1187 2016 accipienda.
1216 1944 1272 1998 Si
1291 1943 1454 2013 igitur
1474 1957 1539 1994 ex
1566 1939 1821 1993 immanis
1848 1933 2093 1989 all'ectio-

512 2043 677 2096 nibus
712 2031 937 2094 humilia
972 2038 1299 2107 abiectaque
1332 2031 1607 2105 cogitandi
1632 2030 1698 2085 de
1720 2027 1834 2083 Deo
1865 2034 2095 2085 sumunt

511 2134 885 2196 occasionem,
949 2131 1087 2185 adeo
1153 2139 1214 2183 ut
1264 2127 1541 2182 hominem
1594 2123 1772 2193 ipsum
1834 2130 2009 2176 totum
2064 2124 2101 2174 ο·

515 2235 679 2288 terra,
719 2239 828 2277 non
863 2234 1045 2277 autem
1068 2236 1098 2276 e
1126 2220 1265 2275 cosio
1308 2227 1516 2287 putem,
1550 2231 1648 2271 cur
1677 2230 1782 2268 non
1818 2213 1985 2268 etiam
2025 2225 2094 2266 ex

510 2316 716 2371 divinis
755 2315 1020 2384 cperibus
1049 2313 1106 2366 in
1131 2312 1294 2366 Patre
1349 2307 1588 2363 Verbum
1645 2314 1976 2377 agnoscunt,
2040 2313 2096 2358 et

516 2406 794 2475 propriam
850 2403 1152 2474 repudiarit
1203 2396 1583 2467 impietatem?
1644 2395 1883 2450 Possunt
1943 2392 2093 2447 enim

514 2501 956 2556 animadvertere
974 2500 1227 2555 eumdem
1259 2494 1507 2565 esse,qui
1531 2492 1714 2548 divina
1741 2505 1905 2560 opera
1936 2502 2095 2543 exse-

512 2593 719 2660 quitur,
768 2601 823 2645 et
853 2593 948 2661 qui
992 2604 1193 2660 corpus
1224 2586 1607 2641 aﬂ'ectionibtts
1653 2581 1955 2637 obnoxium
2002 2594 2095 2634 os-

516 2682 712 2745 tendit,
743 2682 872 2736 dum
898 2681 1193 2751 permittit,
1235 2679 1415 2749 ipsum
1448 2676 1729 2745 lugere,et
1768 2671 2002 2737 esurire,
2039 2678 2095 2726 et

514 2776 568 2830 id
588 2790 761 2844 genus
794 2775 899 2828 alia
936 2773 1165 2843 perpeti.
1195 2771 1275 2825 Ex
1305 2772 1390 2825 his
1418 2770 1567 2824 enim
1594 2767 1854 2821 omnibus
1911 2764 2097 2820 decla-

516 2868 657 2923 ravit
708 2883 788 2929 se,
821 2882 944 2921 cum
982 2866 1126 2920 Deus
1155 2865 1225 2920 sit
1253 2861 1590 2932 impatibilis,
1626 2875 1847 2916 carnem
1893 2858 2095 2928 patibi-

515 2962 621 3014 lem
663 2960 997 3025 stiscepisse.
1044 2961 1117 3013 Ex
1162 2957 1425 3027 operibus
1487 2963 1667 3009 autem
1725 2953 1987 3016 ostendit,
2032 2966 2094 3006 se

518 3049 610 3104 Dei
649 3047 889 3102 Verbum
958 3049 1240 3101 hominem
1300 3057 1424 3100 esse
1482 3044 1685 3097 factum
1720 3058 1735 3096 :
1775 3040 1888 3093 Etsi
1941 3040 2092 3104 mihi,

517 3142 798 3211 inquiens,
833 3157 934 3194 non
953 3141 1191 3203 creditis,
1232 3137 1479 3207 operibus
1532 3134 1747 3198 credite,
1790 3142 1848 3186 ut
1879 3148 2097 3203 cognos-
2124 3169 2168 3224 ο

515 3234 673 3296 catis,
704 3250 787 3286 me
813 3249 923 3286 esse
944 3234 998 3284 in
1026 3231 1207 3291 Patre,
1232 3238 1281 3282 et
1301 3228 1520 3282 Patrem
1551 3229 1605 3280 iu
1636 3241 1716 3280 me
1739 3229 1778 3280 ι.
1796 3224 2098 3279 Audientes

519 3324 743 3395 quidem
810 3326 964 3378 illum
1022 3324 1296 3377 dicentem
1327 3339 1338 3374 :
1388 3320 1501 3390 Ego
1539 3328 1587 3373 et
1622 3317 1789 3375 Pater
1816 3333 1979 3372 unum
2011 3333 2099 3369 su-

520 3434 635 3471 mus
664 3458 678 3481 ,
714 3419 733 3448 ⁸
780 3433 943 3470 unam
985 3430 1051 3470 ex
1086 3416 1420 3485 proprietate
1451 3413 1629 3467 Patris
1660 3426 1760 3482 per
1802 3413 2098 3465 essentiam

521 3505 839 3576 perspicere
900 3504 1245 3559 divinitatem
1304 3502 1591 3571 oportebat
1627 3516 1642 3567 ;
1677 3501 1960 3555 audientes
2005 3514 2102 3551 au-

522 3612 629 3652 tem
693 3612 817 3651 eum
854 3596 1092 3662 ﬂevisse,
1124 3606 1178 3650 et
1218 3595 1427 3664 reliqua
1450 3594 1695 3663 ejusdem
1729 3596 1943 3662 generis
1974 3607 2103 3661 per-

456 3692 479 3709 ‘
524 3691 734 3756 tulisse,
760 3707 820 3744 ea
863 3690 1022 3743 fateri
1080 3703 1204 3743 esse
1249 3689 1499 3757 corporis
1553 3687 1790 3739 maxime
1854 3685 2099 3754 proliria.

522 3784 839 3857 Legitimam
907 3786 1055 3837 enim
1095 3786 1167 3836 ita
1188 3780 1461 3851 cogitandi
1500 3793 1721 3832 causam
1755 3776 1979 3841 habent,
2034 3784 2094 3830 ut

525 3892 589 3931 ea
623 3876 844 3946 quidem
887 3877 956 3929 de
994 3874 1122 3940 Deo,
1151 3877 1264 3927 ltazc
1296 3884 1480 3926 autem
1518 3878 1740 3941 propter
1794 3870 2097 3924 humanum

525 3967 701 4037 ipsius
727 3980 930 4035 corpus
959 3966 1163 4035 scripta
1193 3965 1324 4019 sint.
1368 3963 1544 4017 Homo
1564 3972 1749 4016 autem
1788 3960 1966 4017 iactus
1994 3971 2098 4026 est,

523 4070 580 4114 et
620 4061 734 4114 haec
766 4069 1025 4129 tanquam
1056 4060 1125 4112 ab
1171 4058 1390 4111 homine
1410 4057 1671 4111 dicuntur
1705 4064 1761 4109 et
1818 4054 1975 4118 ﬁunt,
2043 4061 2101 4105 ut

526 4153 609 4206 hu:
648 4167 865 4221 quoque
904 4152 1084 4204 carnis
1124 4150 1440 4205 aﬂeetiones
1480 4149 1637 4202 nobis
1683 4148 1919 4204 leviores
1988 4144 2103 4199 οΠὶ-

527 4245 764 4309 ciantur,
797 4254 853 4298 et
884 4258 983 4297 nos
1024 4244 1093 4296 ab
1118 4243 1226 4296 illis
1260 4243 1416 4295 liberi
1446 4242 1638 4294 simus.
1662 4241 1781 4295 Jam
1816 4240 2100 4305 Dominus,

527 4336 618 4402 qui
639 4348 854 4403 semper
888 4334 942 4386 in
967 4332 1127 4385 Patre
1159 4341 1264 4398 est,
1302 4347 1414 4384 non
1475 4343 1765 4401 antequam
1808 4329 1951 4385 hanc
2004 4346 2099 4385 vo-

526 4442 648 4481 cem
679 4427 1113 4489 emitteret,nec
1184 4434 1543 4495 posteaquam
1606 4426 1754 4479 illam
1804 4425 2013 4489 emisit,
2071 4440 2101 4477 a

530 4520 688 4574 Patre
716 4518 1022 4589 derelinqui
1049 4521 1247 4588 potuit.
1288 4516 1473 4586 Neque
1507 4520 1586 4572 l'as
1622 4527 1707 4571 est
1737 4518 1940 4583 dicere,
1997 4518 2101 4571 Do-
2136 4516 2178 4570 υ

530 4613 739 4667 minttm
775 4613 953 4682 ipsum
984 4612 1322 4674 formidasse,
1381 4624 1543 4680 quem
1593 4611 1789 4665 inferni
1839 4613 2100 4666 custodes

531 4715 836 4760 metuentes
873 4702 1145 4757 infernum
1179 4702 1531 4765 dimiserunt,
1568 4711 1794 4771 propter
1829 4718 1994 4770 quem
2047 4709 2104 4755 et

533 4806 894 4852 monumenta
956 4804 1144 4866 aperta
1201 4804 1353 4861 sunt,
1397 4805 1451 4849 et
1495 4795 1665 4847 multa
1696 4798 1937 4864 ‘lcorpora
1982 4809 2109 4848 san-

535 4903 749 4949 ctorum
784 4900 1168 4947 surrexerunt.
1193 4889 1333 4943 Ecce
1368 4889 1514 4943 enim
1568 4888 1784 4942 dicente
1820 4887 2047 4940 Domino
2086 4903 2102 4939 :

532 4984 640 5036 Cur
680 4983 1003 5054 dereliquisti
1035 4999 1117 5035 me
1149 4981 1211 5034 ’ἲ
1244 4980 1403 5035 Pater
1419 4996 1479 5034 se
1500 4988 1553 5034 et
1581 4995 1797 5049 semper
1822 4989 2022 5034 ettunc
2047 4980 2099 5031 in

534 5075 652 5144 ipso
707 5073 874 5126 fuisse
914 5073 1172 5127 declarat.
1212 5071 1347 5124 Nam
1374 5080 1426 5125 ct
1448 5080 1590 5124 terra
1624 5067 1909 5123 Dominum
1940 5082 2100 5121 suum

534 5169 843 5236 loquentem
891 5178 1193 5234 agnoscens
1241 5165 1426 5216 statim
1491 5161 1734 5216 tremuit.
1802 5160 1867 5214 Et
1919 5161 2101 5215 velunt

533 5262 765 5317 scissum
816 5269 916 5321 est,
944 5269 997 5312 et
1020 5258 1099 5310 sol
1150 5257 1328 5311 radios
1357 5270 1487 5310 suos
1520 5255 1783 5320 contexit,
1824 5264 1881 5309 et
1937 5264 2103 5325 petrae

533 5354 828 5409 confracun
863 5361 1024 5415 sunt;
1052 5360 1107 5404 ct
1139 5348 1283 5417 quod
1318 5347 1701 5401 admirandum
1737 5356 1842 5412 est,
1871 5348 1945 5401 illi
1979 5347 2103 5416 ipsi,

533 5448 624 5517 qui
648 5447 877 5502 aderant
921 5455 974 5498 et
1002 5458 1125 5497 eum
1145 5450 1274 5495 ante
1324 5448 1675 5509 negaverant,
1728 5440 1843 5493 hate
1882 5439 2102 5508 conspi-

534 5539 641 5594 cati
686 5554 813 5593 vere
839 5538 986 5592 hunc
1018 5550 1140 5592 esse
1178 5532 1271 5587 Dei
1322 5531 1515 5587 Filium
1541 5531 1890 5587 conﬁtentur.

611 5806 624 5836 '
657 5805 815 5861 Joan.
849 5822 900 5869 χ,
927 5807 1016 5860 58.
1098 5807 1115 5835 ¹
1140 5803 1275 5860 ibid.
1301 5802 1388 5857 50.
1462 5802 1487 5833 ³
1513 5799 1705 5855 Matth.
1734 5813 1873 5866 xxvi
1908 5800 1993 5855 46.
2034 5750 2059 5777 ⁸

1768 337 2147 400 ΕΠΤΗῩΜΠ
2184 337 2543 398 ZlGAllENl

2194 452 2553 520 προέκοπτεν.
2591 448 2722 503 ῢῦτ⁶
2752 444 2844 502 οὖν
2875 447 2967 502 τοῦ
3012 448 3190 518 Λόγου
3224 451 3255 521 ἠ
3285 451 3559 521 προκοπὴ,
3593 453 3710 507 οὔτε
3754 458 3789 525 ἡ

2202 544 2341 611 σὰρξ
2385 539 2455 614 ἦν
2491 546 2672 611 σοφία,
2716 541 2851 595 ἀλλά
2892 541 2994 612 τῆς
3045 543 3235 610 σοφίας
3284 543 3440 613 σῶμα
3480 544 3699 611 γέγονεν
3755 548 3793 616 ἡ

2202 635 2356 703 σάρξ.
2394 634 2492 687 Διά
2524 634 2682 687 τοῦτο
2711 634 2785 696 ὡς
2814 633 3172 704 προείπομεν,
3206 634 3305 703 οὐχ
3337 634 3368 705 ἠ
3406 635 3590 704 σοφία,
3693 655 3794 691 ao-

2201 729 2300 798 τρία
2342 730 2511 794 ἐστὶν,
2562 729 2701 799 αῦτὴ
2745 727 2865 781 καθ’
2902 728 3104 799 ἑαυτὴν
3137 728 3502 796 προέκοπτεν,
3552 728 3689 782 ἀλλὰ
3734 730 3802 782 τὸ

2201 821 2540 892 ἀνθρώπινον
2576 822 2635 875 ὲν
2663 822 2728 890 τῇ
2764 821 2933 893 σοφία
2958 822 3320 892 προέκοπτεν,
3351 821 3802 893 ῦπεραναϐαἰνον

2202 915 2327 967 κατ’
2361 914 2542 981 ὀλίγον
2572 913 2669 984 τὴν
2697 913 3048 983 ἀνθρωπίνην
3077 912 3238 982 φύσιν
3259 954 3274 979 ,
3309 913 3405 966 καὶ
3432 913 3805 984 θεοποιούμε·

2202 1023 2313 1070 νον,
2338 1006 2437 1059 καὶ
2464 1006 2693 1077 ὄργανον
2719 1005 2889 1074 αὐτῆς
2911 1006 3205 1074 γενόμενον
3227 1005 3361 1076 πρὸς
3384 1006 3479 1076 τὴν
3506 1007 3808 1079 ἐνέργειαν

2201 1098 2299 1165 τῆς
2318 1097 2591 1166 θεότητος,
2623 1099 2715 1151 καὶ
2741 1096 2840 1167 τὴν
2859 1097 3123 1170 ἐλλαμψιν
3148 1096 3317 1166 αὐτῆς
3341 1101 3529 1168 φαῖνον
3556 1100 3613 1152 ὲν
3635 1102 3803 1154 πᾶσι.

2203 1191 2296 1241 Διὸ
2340 1187 2461 1242 οὐδὲ
2494 1184 2671 1252 εἶπεν,
2701 1188 2762 1241 Ὀ
2791 1190 2963 1257 Λόγος
2988 1191 3348 1260 προέκοπτεν,
3374 1190 3529 1255 ἀλλά,
3560 1190 3808 1260 Ἰησοῦς,

2202 1282 2338 1351 ὅπερ
2364 1281 2534 1350 δνομα
2554 1282 2843 1349 γενόμενος
2867 1282 3156 1352 ἄνθρωπος
3181 1283 3208 1334 6
3236 1280 3434 1351 Κύριος
3462 1282 3701 1353 ἐκλήθη,
3725 1281 3809 1344 ὡς

2204 1368 2345 1425 εἶναι
2376 1371 2473 1441 τῆς
2498 1373 2847 1443 ἀνθρωπίνης
2879 1374 3096 1443 φύσεως
3124 1376 3223 1446 τὴν
3254 1375 3560 1445 προκοπήν.
3607 1375 3809 1437 υῦτως

2205 1468 2263 1519 ὲν
2290 1469 2401 1529 τοῖς
2430 1466 2742 1535 ἔμπροσθεν
2764 1466 3015 1537 εἴπομεν.

2286 1648 2497 1701 Οὐκοῦν
2528 1647 2720 1717 ὥσπερ
2767 1651 3185 1718 προκοπτούσης
3213 1649 3312 1719 τῆς
3338 1650 3539 1721 σαρκὸς
3578 1651 3813 1719 λέγεται

2205 1739 2371 1803 αὐτὸς
2398 1740 2731 1809 προκόπτειν
2776 1739 2861 1793 διά
2890 1741 2989 1809 τὴν
3040 1740 3179 1811 πρὸς
3218 1743 3279 1794 τὸ
3333 1741 3493 1811 σῶμα
3528 1743 3809 1815 ἰδιότητα,

2201 1831 2344 1885 οὕτω
2363 1831 2458 1885 καὶ
2483 1831 2553 1885 τά
2589 1833 2738 1901 παρά
2778 1831 2868 1885 τὸν
2894 1832 3083 1904 καιρὸν
3114 1832 3207 1887 τοῦ
3239 1832 3470 1888 θανάτου
3497 1835 3813 1906 λεγόμενα,

2197 1922 2259 1976 τὸ
2290 1922 2622 1993 πραχθῆναι,
2664 1925 2725 1977 τὸ
2750 1923 3008 1992 κλαῦσαι,
3049 1924 3157 1996 χρὴ
3200 1925 3502 1995 λαμϐάνειν
3537 1932 3608 2001 τῇ
3654 1931 3813 2002 αὐτῇ

2197 2013 2427 2084 διανοίᾳ.
2444 2014 2616 2079 Εἴπερ
2630 2014 2721 2068 οῦν
2752 2016 2814 2067 ὲκ
2838 2016 2948 2069 τῶν
2971 2017 3329 2087 ἀνθρωπίνων
3357 2022 3817 2090 προφασίζονται

2196 2105 2265 2159 τά
2290 2106 2522 2158 ταπεινά
2558 2109 2698 2160 νοεῖν
2726 2108 2856 2176 περὶ
2886 2105 2981 2159 τοῦ
3010 2106 3141 2159 Υἱοῦ
3180 2108 3272 2161 τοῦ
3302 2108 3460 2173 Θεοῦ,
3499 2111 3723 2181 μᾶλλον
3756 2114 3817 2165 δὲ

2196 2195 2485 2266 ἄνθρωπον
2537 2197 2699 2251 αὐτὸν
2756 2197 2876 2250 ὅλον
2912 2197 2978 2249 ἐκ
3030 2198 3156 2265 γῆς.
3191 2199 3280 2251 καὶ
3323 2199 3422 2252 οὐκ
3466 2201 3524 2267 ἐξ
3555 2200 3817 2272 οὐρανοῦ

2196 2287 2503 2356 νομίξουσι,
2534 2286 2679 2340 διατι
2735 2287 2812 2359 μὴ
2845 2289 2937 2340 καὶ
2993 2290 3057 2341 ὲκ
3085 2289 3193 2342 τῶν
3224 2290 3422 2343 θεῖκῶν
3448 2291 3633 2364 ἔργων
3664 2295 3815 2348 ὲπι-

2197 2382 2525 2449 γινώσκουσι
2569 2381 2661 2433 τὸν
2707 2383 2765 2433 έν
2820 2380 2897 2452 τῷ
2956 2381 3134 2453 Πατρὶ
3178 2382 3371 2449 Λόγον,
3450 2384 3546 2436 καὶ
3605 2385 3820 2440 λοιπὸν

2197 2472 2489 2541 ἀρνοῦνται
2543 2472 2643 2544 τὴν
2681 2473 2815 2527 ίδίαν
2855 2473 3156 2539 ἀσέϐειανς
3196 2476 3412 2539 Ἔξεστι
3440 2477 3546 2546 γὰρ
3604 2479 3821 2544 αὐτοῖς

2196 2566 2354 2636 ὁρᾷν,
2423 2565 2540 2628 πῶς
2581 2564 2742 2627 αὑτός
2798 2566 2945 2618 ἔστιν
2978 2567 3006 2618 6
3066 2568 3159 2619 καὶ
3211 2568 3277 2619 τὰ
3314 2566 3596 2640 θεοπρεπῆ
3652 2554 3819 2641 ἔργα

2198 2658 2393 2721 ποιῶν,
2423 2660 2451 2711 6
2468 2656 2635 2721 αὑτός
2667 2659 2813 2710 ἐστιν
2836 2659 2863 2709 6
2888 2659 2983 2710 καὶ
3007 2659 3068 2712 τὸ
3110 2659 3268 2730 σῶμα
3294 2661 3536 2731 παθητὸν
3566 2664 3814 2729 δεικνὺς

2198 2749 2255 2802 ἐν
2279 2749 2354 2819 τῷ
2393 2750 2608 2817 ἀφιέναι
2659 2750 2870 2803 κλαίειν
2914 2752 3012 2803 καὶ
3056 2754 3247 2822 πεινᾷν
3281 2754 3431 2821 αὐτὸ,
3460 2756 3554 2807 καὶ
3580 2756 3654 2807 τὰ
3697 2757 3822 2812 ἴδια

2196 2841 2290 2893 τοῦ
2328 2842 2578 2911 σώματος
2618 2844 2675 2895 ὲν
2715 2844 2864 2908 αὐτῷ
2898 2844 3204 2913 φαίνεσθαι.
3251 2845 3346 2898 Ἐκ
3379 2847 3479 2916 μὲν
3524 2849 3641 2918 γάρ
3690 2851 3822 2903 τῶν

2197 2934 2455 2986 τοιούτων
2472 2934 2735 3005 ἐγνώριζε
2766 2936 2954 2999 πᾶσιν,
2998 2937 3080 2989 ὅτι
3109 2936 3239 3000 Θεὸς
3257 2936 3332 2990 ὢν
3366 2938 3585 3003 ἀπαθὴς
3611 2941 3823 3012 σάρκα

2200 3024 2449 3094 παθητὴν
2478 3024 2701 3078 ἔλαϐεν
2738 3027 2803 3078 ὲκ
2835 3026 2890 3078 δὲ
2930 3044 3037 3078 των
3070 3028 3244 3100 ἔργων
3284 3028 3555 3095 ἐδείκνυεν
3587 3033 3818 3088 ἑαυτὸν

2200 3116 2373 3184 Λόγον
2395 3118 2523 3170 ὄντα
2562 3117 2718 3185 Θεοῦ,
2767 3119 2862 3171 καὶ
2903 3118 3132 3189 ὕστερον
3181 3121 3473 3192 γενόμενον
3501 3125 3825 3196 ἄνθρωπον

2201 3209 2374 3275 λέγων
2402 3226 2415 3239 ο
2443 3208 2568 3262 Κᾶν
2596 3209 2726 3278 ἐμοὶ
2754 3210 2841 3279 μὴ
2875 3213 3199 3279 πιστεύητε
3224 3213 3610 3283 ἀνθρώπινον
3633 3235 3826 3287 περι-

2201 3300 2569 3367 ϐεϐλημένον
2599 3299 2792 3370 σῶμα,
2825 3301 2986 3355 ἀλλὰ
3015 3301 3131 3356 κᾶν
3162 3303 3288 3370 τοῖς
3320 3306 3518 3375 ἔργοις
3548 3316 3823 3367 materi-

2200 3405 2371 3451 σατε,
2396 3390 2496 3444 ἵνα
2522 3389 2730 3458 γνῶτε,
2777 3391 2866 3444 ὅτι
2892 3392 3006 3461 ἐγὼ
3036 3393 3104 3447 ἐν
3150 3392 3227 3460 τῷ
3252 3397 3455 3465 Πατρὶ,
3484 3401 3584 3453 καὶ
3615 3404 3650 3455 d
3683 3406 3825 3457 Πα-

2202 3480 2312 3550 τήρ
2363 3481 2433 3533 ἐν
2456 3481 2608 3551 ἐμοί.
2665 3483 2815 3537 Ἔδει
2844 3484 2921 3553 δὲ,
2962 3486 3043 3538 δτι
3072 3487 3373 3551 ἀκούοντας
3426 3491 3523 3559 μὲν
3560 3470 3829 3559 αὐτοὺς,

2219 3571 2375 3639 Ἐγὼ
2406 3573 2504 3624 καὶ
2538 3575 2569 3625 ὀ
2613 3574 2815 3642 Πατὴρ
2844 3575 2915 3629 ἓν
2941 3576 3148 3645 ἐσμεν,
3196 3580 3324 3648 μίαν
3364 3583 3494 3650 ὁρᾷν
3529 3582 3632 3653 τὴν
3679 3586 3824 3640 6εὸ-

2201 3680 2339 3732 τητα
2361 3665 2501 3715 κατά
2534 3663 2594 3716 τὸ
2630 3666 2759 3718 ἴδιον
2786 3667 2886 3736 τῆς
2918 3668 3103 3732 οὐσίας
3138 3669 3229 3722 τοῦ
3265 3672 3473 3741 Πατρός
3507 3691 3520 3705 ·
3559 3676 3826 3733 ἀκούονι

2201 3772 2299 3819 τας
2318 3756 2376 3809 δὲ
2400 3756 2462 3810 τὸ
2491 3759 2759 3813 ἔκλαυσε
2783 3800 2799 3824 ,
2837 3763 2931 3814 καὶ
2956 3762 3021 3815 τά
3047 3763 3229 3832 ὃμοια,
3259 3766 3433 3821 ταῦτα
3466 3768 3559 3821 τοῦ
3604 3772 3824 3843 σώμα-

2202 3863 2292 3909 τος
2321 3847 2427 3899 ἴδια
2470 3847 2653 3913 λέγειν
2715 3850 2973 3917 μάλιστα,
3032 3854 3114 3907 ὅτι
3168 3856 3229 3908 ἐν
3283 3858 3527 3927 ἑκατέρῳ
3579 3860 3823 3918 τούτων

2204 3939 2392 4009 έχουσι
2449 3941 2551 4012 τὴν
2584 3943 2840 4012 ἀφορμὴν
2874 3943 3117 4015 εὔλογον,
3152 3947 3233 4001 ὅτι
3285 3950 3353 4003 τὰ
3401 3951 3502 4018 μὲν
3537 3951 3616 4015 ὠς
3662 3958 3824 4026 περὶ

2202 4029 2341 4082 Θεοῦ
2366 4032 2692 4101 γέγραπται,
2711 4033 2778 4087 τὰ
2805 4034 2862 4087 δὲ
2894 4035 2982 4090 διά
3019 4037 3078 4090 τὸ
3100 4039 3441 4111 ἀνθρώπινον
3476 4043 3645 4096 αὑτοῦ
3684 4046 3819 4099 σῶ-

2206 4138 2282 4193 μα
2334 4122 2572 4191 λέγεται.
2613 4124 2766 4178 Ἐπεὶ
2824 4128 2919 4180 καὶ
2981 4127 3271 4200 ἄνθρωπος
3302 4136 3514 4200 γέγονε,
3576 4136 3680 4188 καὶ
3734 4139 3821 4201 ὡς

2204 4216 2358 4283 παρά
2411 4216 2704 4288 ἀνθρώπου
2757 4222 3003 4288 γίνεται,
3050 4225 3147 4277 καὶ
3204 4226 3421 4293 λέγεται
3455 4228 3664 4296 ταῦτα,
3722 4234 3821 4286 ἵνα

2205 4310 2377 4364 ταῦτα
2429 4310 2498 4364 τὰ
2538 4312 2841 4384 παθήματα
2885 4317 2981 4387 τῆς
3034 4318 3235 4388 σαρκὸς
3290 4322 3551 4390 κουφίσας
3603 4325 3819 4390 αὐτοῖς

2206 4399 2500 4471 ἐλευθέραν
2555 4402 2735 4458 αὐτῶν
2770 4408 2979 4479 ταύτην
3013 4413 3422 4483 κατασκευάσῃ.
3468 4415 3633 4468 Ὅθεν
3666 4420 3817 4473 οὐδὲ

2206 4491 2705 4559 ὲγκαταλείπεσθαι-
2731 4496 2954 4552 δύναται
3009 4503 3162 4571 παρὰ
3208 4503 3302 4556 τοῦ
3352 4505 3561 4575 Πατρδς
3610 4511 3639 4561 6
3682 4512 3818 4565 Κύ-

2213 4603 2346 4655 ριος,
2396 4588 2454 4639 ὲν
2493 4587 2668 4657 ἑαυτῷ
2695 4587 2770 4641 ὢν
2822 4590 2909 4644 ἀεὶ
2954 4595 3047 4644 καὶ
3097 4594 3201 4663 πρὸ
3225 4595 3318 4646 τοῦ
3344 4598 3518 4647 εἰπεῖν
3549 4600 3647 4650 καὶ
3705 4601 3813 4656 ὅτε

2205 4677 2409 4748 ταύτην
2440 4678 2591 4749 ἠφίει
2618 4680 2716 4749 τὴν
2738 4683 2937 4751 φωιήν.
2970 4682 3113 4736 Ἀλλ’
3145 4686 3265 4738 οὐδὲ
3285 4686 3442 4756 θέμις
3472 4690 3652 4741 είπεῖν
3679 4695 3806 4745 πά-

2205 4768 2289 4823 λιν
2312 4770 2515 4840 δειλιᾷν
2544 4772 2635 4823 τὸν
2667 4771 2891 4843 Κύριον,
2921 4774 2982 4827 ὃν
3033 4779 3081 4828 ol
3116 4776 3353 4847 πυλωροὶ
3373 4777 3467 4831 τοῦ
3492 4778 3621 4849 ᾅδου
3652 4786 3807 4835 πτύ-

2208 4857 2396 4923 ξαντες
2431 4859 2714 4931 ὲξαφῆκαν
2748 4862 2839 4915 τὸν
2884 4864 3038 4935 ᾅδην,
3098 4868 3209 4920 Καὶ
3254 4869 3322 4921 τά
3373 4870 3474 4939 μὲν
3522 4872 3804 4940 μνήματα

2205 4953 2432 5023 ἀνέῳγε,
2459 4954 2630 5007 πολλά
2664 4955 2721 5008 δὲ
2757 4957 2982 5025 σώματα
3030 4960 3139 5011 τῶν
3170 4961 3338 5026 ἀγίωι
3385 4964 3609 5033 ἀνέστη.
3650 4965 3798 5020 Ἰδοὺ

2204 5043 2454 5112 λέγοντος
2474 5045 2659 5113 αὑτοῦ,
2702 5046 2877 5100 Ἰνατί
2904 5067 2981 5117 με
3016 5050 3434 5119 ἐγκατέλειπες
3460 5070 3477 5116 ;
3509 5053 3799 5110 ἐδείκνυεν

2202 5136 2231 5187 6
2276 5137 2482 5206 Πατὴρ,
2547 5138 2623 5198 ὠς
2670 5139 2756 5190 ἀεὶ
2797 5142 2891 5191 καὶ
2934 5141 3055 5193 τότε
3106 5137 3174 5211 ἦν
3206 5132 3374 5210 αὐτῷ.
3446 5144 3510 5195 Ἦ
3562 5146 3671 5215 γὰρ
3714 5148 3801 5216 γῆ

2204 5226 2546 5293 γινώσκουσα
2575 5224 2672 5279 τὸν
2713 5228 2977 5282 λαλοῦντα
3034 5232 3319 5302 Δεσπότην
3354 5235 3517 5297 εὐθὺς
3555 5236 3790 5305 ἔτρεμε,

2206 5321 2300 5372 καὶ
2357 5321 2418 5372 τὺ
2467 5323 2869 5392 καταπέτασμα
2926 5325 3191 5393 ἐσχίζετο,
3228 5330 3256 5379 ὁ
3288 5327 3448 5395 ,ἥλιός
3492 5344 3552 5380 τε
3615 5331 3795 5400 ἐκρύ-

2207 5426 2398 5477 πτετο,
2453 5413 2546 5465 καὶ
2616 5413 2673 5465 αἱ
2739 5414 2935 5483 πέτραι
2975 5415 3385 5486 διερρήγνυντο.
3449 5418 3557 5471 Καὶ
3614 5421 3677 5474 τό
3722 5438 3791 5484 γε

2211 5501 2547 5572 θαυμαστὸν,
2587 5504 2669 5556 ὅτι
2709 5506 2759 5557 oi
2816 5507 2935 5558 τότε
2981 5509 3263 5578 παρόντες,
3316 5513 3410 5563 καὶ
3458 5511 3793 5581 ἀρνούμενοι

2210 5593 2371 5646 αὑτὸν
2415 5598 2703 5665 πρότερον,
2762 5596 2988 5668 ὕστερον
3032 5601 3204 5653 ταῦτα
3258 5602 3545 5672 βλέποντες
3590 5608 3791 5674 ὁμολο-

2212 5686 2399 5752 γοῦσιν
2425 5684 2639 5753 ἀληθῶς
2664 5688 2852 5743 τοῦτον
2875 5685 3015 5743 εἶναι
3042 5691 3175 5743 Θεοῦ
3213 5693 3336 5744 Υἱὸν
