4102 6298
288 405 407 466 44.)
1252 404 1340 463 ΡΑ
1352 402 1627 463 ΝΟΡΙ.ἱΛ
1669 402 1908 463 υΟϐΜὲ

1926 404 2132 465 ΤΓΙΕΑ.
2172 428 2235 439 -
2275 405 2423 465 ΤΙΤ.
2458 404 2558 465 Χί.
3443 409 3546 472 4ἓο

367 515 505 585 Περὶ
540 515 594 569 δὲ
624 511 718 568 τοῦ
760 512 937 581 λέγειν
984 503 1148 565 αὐτόν
1174 527 1188 541 ·
1229 514 1296 565 El
1323 511 1615 577 δυνατόν,
1650 514 1873 578 παρελ-
1900 515 1950 575 Α

1922 515 1950 573 ι
2046 512 2167 569 Jam
2193 515 2337 584 quod
2362 515 2601 584 pertinet
2630 513 2697 571 ad
2730 513 2822 570 illa
2850 515 3012 570 verba
3046 532 3060 571 :
3098 515 3157 572 Si
3184 517 3299 586 ﬁeri
3347 532 3542 586 potest,

290 614 444 669 θέτω
471 608 539 664 τὸ
568 607 879 672 ποτήριον,
924 604 1246 675 μαθέτωσαν
1296 605 1463 667 πὼςό
1502 603 1672 656 ταῦτα
1710 605 1865 673 είρηο

1969 614 2263 661 trameata
2305 623 2385 660 me
2443 608 2585 661 calix
2617 609 2658 676 ',
2729 608 3188 674 animadvertant,
3248 614 3546 680 quomodo,

290 704 409 769 κὼς
444 702 684 771 ἐπετίμα
717 699 794 770 τῷ
817 701 1004 770 Πέτρῳ
1030 700 1204 769 λέγων
1226 715 1240 729 ο
1267 699 1348 754 0ιύ
1375 696 1619 765 φρονεῖς
1642 696 1717 750 τὰ
1760 694 1866 749 τοῦ

1966 698 2060 766 qui
2090 698 2373 762 haecdixit.
2408 698 2629 753 Petrum
2665 699 3043 767 increpuerit,
3106 701 3226 755 Non
3257 705 3425 771 capis,
3458 704 3547 757 inv
3576 724 3580 729 ·

291 798 467 853 Θεοῦ.
506 793 701 847 Ἤθελε
733 793 837 862 γὰρ
862 792 890 845 δ
918 794 1239 862 παρῃτεῖτο,
1271 792 1363 844 καὶ
1386 787 1472 841 διὰ
1496 787 1652 841 τοῦτο
1689 783 1756 857 ἦν
1782 785 1868 839 ἐλ-

1967 790 2184 857 qniens.
2222 807 2337 860 qua
2369 791 2465 845 Dei
2492 801 2615 845 sunt
2647 793 2688 844 ’.
2739 791 3283 864 .Volebatsuscipere
3302 795 3375 861 id,
3400 797 3544 866 quod

291 891 424 944 θὼν.
472 888 741 955 Ἐπετίμα
768 886 868 955 μὲν
908 879 1002 939 οὖν
1034 884 1111 955 τῷ
1149 883 1342 953 Πέτρῳ
1403 880 1480 943 ὡς
1520 878 1670 942 Θεὸς,
1721 894 1864 946 παρ-

1967 882 2381 952 deprecabatur,
2435 893 2490 941 et
2522 885 2727 939 idcirco
2749 894 2994 940 venerat.
3025 886 3332 955 increpavit
3380 889 3542 960 igitur

289 983 478 1053 ῃτεῖτό
503 979 559 1031 δέ
609 979 701 1030 τὸν
740 975 971 1029 θάνατον
1004 974 1080 1037 ὡς
1112 975 1421 1042 ἄνθρωπος.
1458 966 1585 1039 Εἶχε
1633 969 1740 1039 γὰρ
1761 971 1867 1021 δει-

1970 974 2185 1030 Petrum
2238 985 2299 1031 ut
2331 977 2490 1042 Deus,
2533 978 2857 1047 deprecatus
2889 986 2972 1032 est
3025 988 3254 1033 mortem
3276 989 3337 1034 ut
3359 974 3541 1037 homo.

292 1073 499 1125 λιῶσαν
535 1070 636 1140 τὴν
678 1068 879 1137 σάρκα,
931 1064 1000 1119 δι’
1026 1065 1094 1136 ἢν
1130 1064 1396 1133 συνεκέρα
1448 1062 1509 1114 τὸ
1547 1061 1742 1115 ἑαυτοῦ
1783 1060 1867 1111 θὲ-

1970 1066 2215 1122 Habebat
2246 1069 2391 1122 enim
2411 1084 2637 1124 carnem
2666 1071 2937 1139 pavidam,
2974 1080 3377 1141 propterquam
3416 1090 3539 1128 cum

300 1166 454 1233 λημα
474 1164 534 1231 τῇ
565 1158 884 1228 ἀνθρωπίνῃ
937 1156 1210 1226 ἀσθενείᾳ,
1243 1155 1331 1207 ἵνα
1366 1155 1460 1207 καὶ
1517 1152 1678 1206 τοῦτο
1706 1151 1866 1205 πάλιν

1970 1155 2203 1212 humana
2229 1158 2595 1215 imbecillitate
2624 1146 2959 1216 voluntatem
2988 1176 3139 1215 suam
3162 1162 3460 1230 conjunxit,
3483 1175 3543 1216 ut

300 1253 587 1321 ἀφανίσας,
625 1249 923 1320 θαρραλέον
944 1246 1032 1298 τὸν
1071 1246 1360 1314 ἄνθρωπον
1414 1245 1551 1315 πρὸς
1578 1244 1669 1297 τὸν
1705 1244 1867 1297 θάνα-

1972 1248 2111 1303 hanc
2135 1251 2263 1303 item
2298 1249 2641 1304 aﬂ‘ectionem
2707 1250 2968 1311 aboleret,
3027 1252 3411 1321 hominemque
3468 1255 3533 1307 ad

294 1361 389 1396 τον
448 1340 855 1410 κατασκευάσῃ.
929 1338 1059 1390 Ἰδοὺ
1119 1337 1227 1404 γὰρ
1286 1338 1518 1405 πρᾶγμα
1565 1333 1869 1406 παράδοξον

1970 1340 2331 1408 appetendam
2362 1350 2595 1395 mortem
2624 1350 2909 1396 strenuum
2968 1349 3021 1394 et
3051 1340 3242 1395 fortem
3282 1341 3541 1397 eiiiceret.

293 1435 536 1503 ἀληθῶς.
591 1434 689 1484 ⁸ον
718 1431 858 1484 κατά
878 1430 1079 1482 δειλίαν
1094 1427 1354 1483 λαλοῦντα
1372 1426 1679 1496 νομίζουσιν
1695 1426 1871 1494 οἱχρι-

1971 1430 2206 1486 Attende
2230 1431 2374 1487 enim
2417 1447 2528 1486 rem
2554 1447 2750 1486 novam
2824 1442 2881 1486 et
2904 1432 3308 1487 admirabilem.
3370 1433 3568 1499 Quem-

294 1530 586 1597 οτομάχοι,
628 1519 785 1584 οὗτος
822 1524 887 1593 τῇ
917 1519 1252 1591 νομιζομένῃ
1304 1519 1477 1587 δειλία
1528 1518 1869 1588 θαρραλέους

1974 1524 2159 1578 timide
2186 1524 2331 1593 loqui
2365 1533 2558 1596 putant
2586 1525 2676 1579 isti
2722 1524 2927 1579 Christi
2952 1524 3158 1591 hostes,
3185 1525 3232 1580 is
3294 1540 3356 1579 ea
3428 1526 3542 1595 ipsa

292 1621 422 1681 τοὺς
448 1614 770 1690 ἀνθρώπους
824 1614 919 1665 καὶ
950 1611 1188 1681 ἀφόϐους
1217 1610 1641 1672 κατασκευάζει.
1672 1610 1733 1661 Οί
1762 1609 1867 1676 γὰρ

1970 1615 2283 1681 affectione,
2312 1632 2474 1685 quam
2500 1616 2603 1686 ipsi
2638 1617 2985 1671 formidinem
3043 1617 3381 1680 existimant.
3427 1618 3529 1671 ho-

296 1711 558 1781 μακάριοι
604 1704 895 1759 ἀπόστολοι
954 1703 1073 1771 μετ’
1105 1703 1288 1766 αὑτὸν,
1327 1702 1420 1755 καὶ
1451 1704 1500 1754 oi
1535 1701 1683 1756 ἄλλοι
1723 1700 1869 1769 ἀγιοι

1970 1704 2149 1760 mines
2226 1706 2493 1761 audentes
2557 1716 2615 1761 et
2677 1706 2981 1775 impavidos
3039 1707 3344 1761 constituit.
3406 1706 3538 1762 Nam

286 1802 579 1871 μάρτυρες
632 1798 808 1861 οὕτως
842 1798 906 1850 ἐκ
948 1796 1057 1848 τῶν
1095 1794 1349 1848 τοιούτων
1378 1794 1573 1863 φωνῶν
1605 1794 1871 1864 κατεφρό-
1904 1854 1906 1871 Ι

1923 1854 1940 1871 ἱ
1973 1795 2115 1850 beati
2146 1805 2266 1865 post
2318 1796 2467 1851 illum
2523 1796 2755 1864 apostoli
2813 1806 2868 1850 et
2905 1797 2997 1851 alii
3053 1797 3226 1852 sancti
3281 1808 3543 1868 martyres

295 1853 398 1871 τη
489 1853 502 1871 ,
559 1853 576 1862 ,
788 1853 803 1861 -
1390 1853 1403 1863 .
1752 1853 1794 1864 ..

295 1911 426 1947 νουν
452 1891 548 1945 τοῦ
589 1889 839 1953 θανάτου,
867 1888 942 1950 ὡς
984 1886 1184 1957 μᾶλλον
1212 1886 1453 1954 νομίζειν
1480 1886 1559 1948 είς
1601 1887 1700 1955 τὴν
1726 1885 1870 1956 ζωὴν
1903 1853 1915 1907 Ι

1923 1854 2194 1957 3propter
2252 1888 2351 1944 has
2408 1902 2569 1941 voces
2619 1889 2755 1943 adeo
2794 1899 3023 1944 mortem
3075 1898 3543 1959 contempserunt,

301 1985 675 2055 μεταϐαίνειν,
697 1984 730 2052 ἢ
750 1982 977 2036 θάνατον
1001 1980 1311 2050 ὑπομένειν.
1342 1979 1462 2042 [ιῶς
1488 1975 1582 2033 οὖν
1612 1980 1715 2032 οὐκ
1748 1979 1871 2033 ἀτο-

1975 1987 2036 2031 ut
2059 1994 2158 2048 per
2186 1992 2303 2032 eam
2361 1993 2421 2033 se
2485 1978 2657 2049 magis
2703 1979 2769 2034 ad
2837 1980 3000 2032 vitam
3068 1980 3321 2042 transire,
3375 1994 3538 2049 quam

298 2096 404 2132 πον
435 2078 542 2132 τῶν
575 2077 673 2147 μὲν
719 2073 1064 2145 θεραπόντων
1092 2072 1184 2125 τοῦ
1218 2072 1392 2139 Λόγου
1424 2070 1724 2141 θαυμάζειν
1773 2072 1872 2141 τὴν

1972 2080 2201 2125 mortem
2229 2071 2413 2126 subire
2446 2071 2840 2131 existimarent.
2874 2070 3044 2137 Quam
3088 2072 3385 2127 absurdum
3445 2072 3546 2142 igi-

298 2170 553 2239 ἀν.δρίαν,
577 2165 741 2219 αὐτὸν
772 2165 827 2217 δὲ
857 2164 948 2216 τὸν
974 2164 1143 2230 Λόγον
1174 2162 1353 2229 λέγειν
1386 2179 1445 2214 τε
1473 2161 1699 2232 δειλιᾷν,
1722 2160 1789 2213 δι’
1812 2160 1872 2212 ὃν

1974 2172 2063 2215 tur
2125 2170 2227 2226 est,
2291 2177 2415 2216 cum
2476 2160 2636 2222 Verbi
2708 2162 3083 2216 ministrorum
3164 2163 3539 2221 fortitudinem

303 2265 550 2314 κάκεῖνοι
592 2258 821 2313 θανάτου
876 2257 1333 2326 κατεφρόνησαν;
1380 2255 1481 2306 Ἐκ
1528 2254 1584 2306 δὲ
1610 2254 1711 2323 τῆς
1762 2250 1872 2305 τῶν

1972 2253 2277 2319 admireris,
2314 2254 2548 2307 Verbum
2587 2254 2762 2322 ipsum
2794 2254 3039 2307 timidum
3093 2254 3295 2321 dicere,
3322 2269 3542 2327 propter

298 2352 477 2419 ἁγίων
526 2348 830 2419 μαρτυρίας
882 2347 1362 2417 καρτερικωτὰτης
1404 2343 1735 2413 προθέσεως,
1784 2343 1874 2395 καὶ

1973 2345 2118 2415 quod
2149 2345 2225 2399 illi
2249 2353 2478 2398 mortem
2507 2359 2614 2398 non
2650 2344 2948 2399 timuerunt
2980 2347 2994 2398 ί
3027 2344 3103 2398 Ex
3128 2345 3424 2402 fortissimo
3446 2348 3547 2419 igi-

302 2443 529 2513 ἀνδρίας
570 2441 864 2506 δείκνυται,
936 2440 1009 2502 ὡς
1058 2440 1159 2492 οὐκ
1202 2433 1270 2509 ἦν
1313 2440 1346 2507 ἡ
1379 2436 1566 2506 θεότης
1598 2435 1870 2495 δειλιῶσα.

1975 2451 2065 2492 tur
2132 2447 2451 2494 sanctorum
2511 2444 2811 2506 martyrum
2864 2438 3143 2506 preposito
3231 2441 3541 2509 virtuteque

299 2537 444 2591 ἀλλὰ
484 2536 584 2604 τὴν
614 2533 773 2603 ἡμῶν
819 2532 1020 2585 δειλίαν
1052 2528 1121 2601 ἦν
1153 2527 1556 2598 ἀφαιρούμενος
1592 2530 1619 2579 ὁ
1651 2527 1868 2597 Σωτήρ.

1974 2538 2185 2583 constat
2236 2528 2577 2584 divinitatem
2612 2527 2834 2583 minime
2892 2527 3234 2594 formidasse,
3292 2530 3387 2586 sed
3431 2530 3546 2584 i‘or—

313 2629 401 2680 '0.
434 2628 542 2696 γὰρ
574 2626 788 2696 θανάτῳ
813 2624 901 2676 τὸν
927 2623 1154 2676 θάνατον
1182 2622 1519 2689 κατήργησε,
1551 2619 1642 2670 καὶ
1665 2618 1875 2687 ἀνθρω-

1975 2623 2232 2677 midinem
2267 2632 2507 2677 nostram
2540 2620 2884 2675 Servatorem
2917 2621 3238 2678 abstulisse.
3266 2624 3541 2690 Quemad—

300 2720 476 2779 πίνως
517 2718 691 2769 πάντα
727 2716 795 2767 τὰ
845 2712 1186 2781 ἀνθρώπινα,
1226 2709 1368 2762 οὕτω
1425 2709 1519 2760 καὶ
1558 2711 1624 2779 τῇ
1655 2713 1871 2770 νομιζο-

1974 2715 2193 2767 modum
2220 2715 2365 2768 enim
2394 2720 2567 2767 morte
2587 2727 2685 2767 sua
2740 2721 2968 2767 mortem
3014 2713 3302 2783 destruxit,
3337 2725 3393 2770 et
3439 2715 3541 2769 hu-

290 2811 446 2883 μένῃ
473 2808 645 2878 δειλίᾳ
669 2806 764 2877 τὴν
790 2805 945 2876 ἡμῶν
969 2804 1172 2857 δειλίαν
1191 2804 1471 2872 ἀφῃρεῖτο,
1488 2802 1580 2854 καὶ
1610 2800 1873 2871 πεποίηκε

1976 2806 2235 2860 manitate
2263 2818 2361 2857 sua
2389 2802 2626 2871 reliquas
2653 2802 2918 2857 humanas
2949 2803 3291 2870 aifectiones,
3349 2806 3431 2859 sic
3485 2817 3540 2860 et

300 2907 510 2975 μηκέτι
574 2900 857 2970 φοϐεῖσθαι
909 2899 1036 2959 τοὺς
1100 2893 1417 2966 ἀνθρώπους
1474 2892 1568 2947 τὸν
1618 2892 1871 2946 θάνατον.

1977 2897 2081 2953 hoc
2101 2896 2193 2965 qui
2222 2906 2398 2950 metus
2453 2894 2681 2957 dicitur,
2742 2904 2952 2949 metum
3012 2905 3258 2951 nostrum
3299 2898 3538 2960 sustulit,

307 2999 534 3065 Ἔλεγεν
581 2994 674 3048 οὖν
730 2992 924 3055 ταῦτα,
970 2992 1066 3045 καὶ
1110 2989 1228 3059 ἅμα
1267 2988 1460 3043 ἐποίει.
1495 2986 1874 3057 κἈνθρὼπινον

1976 2988 2285 3055 effecitque,
2324 3002 2392 3040 ne
2421 2986 2669 3041 homines
2710 2987 2943 3055 amplius
3003 2999 3232 3043 mortem
3282 2990 3540 3067 extimes-

302 3087 404 3154 μὲν
438 3085 545 3154 γὰρ
595 3078 663 3153 ἦν
693 3082 754 3134 τὸ
794 3081 972 3149 λέγειν
994 3094 1011 3110 ο
1032 3078 1376 3145 Παρελθέτω
1412 3077 1481 3132 τὸ
1535 3075 1826 3144 ποτήριον
1856 3092 1871 3107 ·

1981 3088 2189 3135 cerent.
2224 3078 2365 3132 Dixit
2398 3079 2488 3132 ille
2519 3080 2763 3148 quidem,
2800 3087 2856 3132 et
2885 3079 3014 3132 fecit
3038 3078 3174 3133 haec.
3206 3078 3341 3134 Nam
3400 3082 3542 3134 sient

292 3178 394 3229 καί
418 3191 438 3205 ο
482 3175 673 3231 Ἰνατί
722 3190 800 3242 με
850 3173 1309 3242 ἐγκατέλειπες;
1346 3169 1539 3232 θιῖκῶς
1571 3169 1629 3223 δὲ
1665 3170 1692 3222 δ
1718 3168 1875 3229 αὐτὸς
1902 3205 1912 3249 ε

1902 3196 1944 3256 c
1977 3168 2215 3224 hominis
2245 3156 2346 3222 fuit
2375 3169 2553 3222 dicere
2587 3186 2598 3220 :
2637 3168 2898 3222 Transeal
2937 3168 3122 3233 calix;
3164 3179 3220 3224 et
3259 3188 3274 3224 :
3314 3172 3422 3226 Cur
3454 3172 3517 3224 de

296 3266 482 3317 ἐποίει
527 3263 617 3317 τὸν
650 3264 806 3333 ἥλιον
841 3260 1136 3324 ἐκλείπειν,
1179 3260 1274 3313 κα)⁸
1304 3258 1432 3320 τοὺς
1461 3256 1689 3329 νεκροὺς
1726 3256 1870 3325 ἐγεί-

1976 3261 2234 3331 reliquisti
2268 3260 2383 3313 me?
2402 3260 2480 3314 sic
2516 3259 2607 3314 Dei
2635 3260 2983 3325 fuitellicere.
3011 3272 3067 3316 ut
3107 3264 3189 3318 sol
3240 3264 3356 3333 ipse
3414 3265 3545 3317 deti—

298 3357 521 3427 ptaGat.
557 3354 725 3407 Πάλιν
752 3370 809 3407 τε
838 3354 1009 3420 λέγων
1036 3350 1393 3423 ἀνθρωπίνως
1416 3366 1429 3380 ·
1461 3349 1594 3405 Νῦν
1626 3349 1665 3416 ἡ
1698 3347 1869 3417 ψυχή

1973 3367 2141 3419 ceret,
2163 3364 2221 3415 et
2245 3354 2441 3408 mortui
2472 3353 2713 3408 redirent
2742 3353 2794 3407 in
2827 3360 3012 3410 vitam.
3046 3357 3109 3415 Et
3126 3358 3214 3425 qui
3268 3356 3423 3416 dixit.
3471 3367 3532 3410 ut

287 3446 801 3520 μονεετὰρακται,
827 3445 979 3513 ἔλεγε
1004 3443 1199 3506 θεῖκῶς
1226 3460 1242 3477 ο
1264 3440 1583 3507 Ἐξουσίαν
1606 3442 1725 3511 ἔχω
1757 3440 1873 3510 τὴν

1975 3451 2181 3507 homo:
2238 3452 2432 3505 Anima
2463 3465 2575 3502 mea
2601 3449 2811 3505 turbata
2857 3460 2935 3504 est
2974 3450 3014 3513 ³,
3066 3450 3207 3505 idem
3260 3454 3337 3506 uti
3405 3451 3546 3505 Deus

294 3538 514 3607 ψυχήν
553 3552 676 3604 μου
706 3535 918 3600 θεῖναι,
945 3532 1044 3586 καί
1087 3530 1276 3586 πάλιν
1301 3531 1596 3596 ἐξουσίαν
1623 3532 1742 3601 ἔχω
1764 3535 1876 3583 λα-

1972 3544 2148 3599 (ιίιὶιι
2186 3542 2498 3597 l’otestatem
2535 3540 2702 3595 habeo
2717 3543 2937 3609 ponendi
2986 3542 3220 3596 animum
3268 3559 3458 3601 meam.
3499 3558 3542 3595 et

297 3629 431 3683 δεῖν
456 3626 670 3694 αὐτήν.
708 3626 779 3678 Τὸ
813 3627 911 3694 μὲν
961 3625 1071 3695 γὰρ
1097 3622 1459 3695 ταράττεσθαι
1507 3623 1705 3693 σαρκὸς
1740 3622 1871 3675 ῐδιον

1973 3634 2473 3704 potestatem‘ltabeo
2501 3636 2695 3687 iterum
2729 3636 3026 3687 assumendi
3053 3650 3167 3687 eam
3197 3634 3244 3687 ⁸.
3319 3633 3546 3689 Turbati

295 3715 389 3791 ἦν,
418 3718 480 3773 τὸ
507 3718 563 3775 δὲ
606 3717 855 3784 ἐξουσίαν
885 3716 1029 3788 ἔχειν
1067 3714 1239 3768 θεῖναι
1296 3716 1389 3768 καὶ
1411 3713 1598 3767 λαϐεῖν
1636 3713 1722 3765 ὅτε
1746 3711 1841 3781 βού
1861 3741 1874 3751 -

1954 3714 2121 3780 enim
2146 3730 2231 3776 est
2263 3722 2540 3792 proprium
2557 3722 2763 3783 camis.
2796 3720 3004 3776 liabere
3072 3730 3279 3785 autem,
3321 3723 3538 3791 quando

296 3812 577 3884 λεταιτὴν
604 3811 804 3881 ψυχὴν,
845 3810 945 3864 οὐκ
998 3809 1115 3862 ἐστι
1168 3807 1330 3863 τοῦτο
1383 3805 1513 3861 ἴδιον
1561 3802 1872 3875 ἀνθρώπου,

1982 3814 2120 3879 vult,
2195 3813 2427 3885 ponendi
2508 3813 2871 3884 sumendique
2919 3813 3159 3870 animam
3204 3822 3545 3884 potestatem,

298 3906 442 3961 ἀλλὰ
470 3905 569 3976 τῆς
598 3904 693 3956 τοῦ
719 3904 893 3972 Λόγου
916 3900 1197 3971 δυνάμεώς
1219 3902 1388 3957 ἐστιν.
1415 3899 1738 3968 Ἄνθρωπος
1764 3899 1872 3968 γὰρ

1978 3921 2089 3961 non
2133 3916 2217 3962 est
2244 3908 2477 3976 amplius
2501 3907 2738 3962 hominis
2782 3906 3082 3977 proprium,
3141 3907 3235 3963 sed
3275 3906 3345 3962 ad
3386 3907 3546 3961 Verbi

297 3998 361 4050 οὑ
390 3996 513 4050 κατ’
550 3994 691 4049 Βίαν
722 3993 989 4059 ἐξουσίαν,
1031 3992 1144 4047 ἀλλ’
1186 3992 1400 4063 ἀνάγκῃ
1427 3991 1643 4061 φύσεως
1681 3990 1874 4060 καὶμὴ

1976 3999 2565 4071 ροιειιιίαιιιιροηίηοι.
2618 3999 2790 4055 llomo
2811 4001 2958 4055 enim
2989 4015 3100 4055 non
3134 4009 3407 4070 potestate
3426 4016 3544 4065 sua,

298 4089 477 4142 θέλων
503 4086 856 4156 ἀποθνήσκει.
892 4086 951 4139 '0
973 4086 1030 4138 δέ
1068 4084 1269 4156 Κύριος
1300 4085 1563 4144 ἀθάνατος
1605 4081 1702 4149 ὢν,
1738 4081 1873 4151 σάρ-

1974 4094 2076 4151 sed
2100 4101 2310 4148 natura:
2338 4093 2844 4147 necessitateetiam
2880 4093 3078 4146 nolens
3128 4093 3384 4147 moritur.
3444 4093 3548 4145 Dn-

302 4199 376 4235 κα
405 4178 464 4231 δὲ
495 4177 693 4247 θνητὴν
728 4177 887 4246 ἔχων,
928 4176 1016 4229 ἐπ’
1050 4178 1297 4241 ἐξουσίας
1329 4172 1472 4246 εἶχεν
1500 4175 1573 4237 ὼς
1597 4175 1727 4236 Θεὸς
1760 4176 1871 4228 ἀπὸ

1978 4185 2157 4239 minus
2172 4182 2484 4251 autem,qui
2516 4183 2835 4237 immortalis
2863 4196 2970 4245 est,
2994 4196 3278 4237 etearnem
3304 4187 3472 4252 gestal
3494 4196 3548 4239 at

300 4271 399 4324 τοῦ
440 4270 690 4338 σώματος
719 4267 1079 4339 χωρισθῆναι,
1138 4269 1235 4321 καὶ
1266 4266 1422 4321 τοῦτο
1479 4267 1643 4320 πάλιν
1670 4267 1874 4319 ἀναλα-

1977 4273 2288 4337 mortalem,
2317 4285 2376 4329 ut
2404 4273 2546 4328 Deus
2579 4283 2900 4343 potestatem
2932 4275 3190 4338 habebat.
3220 4288 3276 4330 ut
3309 4293 3387 4342 se,
3420 4294 3543 4333 cum

302 4364 422 4415 ϐεἰν
444 4363 534 4414 ὅτε
563 4362 835 4431 βούλεται.
864 4361 1111 4429 Ἔπρεπε
1152 4362 1260 4430 γὰρ
1309 4360 1555 4430 φθαρτὴν
1581 4359 1745 4413 οὖσαν
1774 4359 1875 4431 τὴν

1978 4365 2164 4426 vellet.
2197 4374 2249 4418 et
2275 4380 2305 4419 a
2328 4379 2556 4435 corpore
2589 4374 2891 4433 separaret,
2918 4375 3190 4435 etcorpus
3222 4370 3418 4422 iterum
3448 4384 3543 4424 su-

304 4460 487 4526 σάρκα
516 4455 713 4522 μηκέτι
765 4455 905 4507 κατά
952 4454 1051 4524 τὴν
1100 4455 1299 4524 ἑαυτῆς
1330 4452 1494 4522 φύσιν
1531 4453 1713 4524 μένειν
1746 4452 1875 4521 θνη-
1904 4523 1924 4526 Δ

1982 4464 2178 4511 meret.
2236 4454 2909 4519 Decebatenimmt’earo
2940 4459 3186 4513 mortalis
3241 4469 3295 4513 et
3356 4460 3548 4515 interi-

303 4523 433 4614 τὴν,
463 4546 597 4597 ἀλλά
618 4546 707 4598 διὰ
740 4546 832 4597 τὸν
854 4544 1218 4614 ἐνδυσάμενον
1258 4523 1432 4614 αὐτὴν
1458 4523 1634 4612 Λόγον
1663 4543 1871 4614 ἄρθαρο
1899 4523 1923 4584 Ῑ

1926 4525 1950 4583 )
1980 4547 2059 4602 tui
2083 4548 2444 4602 obnoxianon
2461 4547 2573 4615 jam
2602 4563 2665 4600 ex
2695 4557 2889 4602 natura
2947 4563 3043 4602 sua
3106 4559 3355 4605 maneret
3397 4567 3546 4606 mor-

300 4655 398 4690 τον
424 4638 724 4707 διαμένειν.
760 4638 846 4700 Ὠς
873 4638 980 4708 γὰρ
1009 4638 1167 4700 αὐτὸς
1192 4638 1480 4706 γενόμενος
1526 4639 1584 4689 ἐν
1606 4636 1682 4705 τῷ
1712 4638 1746 4706 ἡ
1757 4637 1872 4705 μῶν

1981 4637 2125 4702 talis,
2171 4637 2266 4693 sed
2301 4648 2522 4708 propter
2555 4639 2983 4708 Verbum,quod
3030 4641 3175 4694 illam
3238 4657 3551 4711 assumpsir-

304 4731 526 4800 σώματι
548 4729 614 4782 τὰ
645 4729 801 4799 ἡμῶν
830 4731 1161 4800 ἐμιμήσατο,
1191 4727 1362 4790 οὕτως
1393 4730 1557 4798 ἡμεῖς
1590 4728 1875 4798 δεξάμενοι

1981 4740 2086 4796 rat,
2137 4731 2460 4785 immortalis
2479 4729 2674 4784 eiIecta
2716 4730 2927 4784 nullum
2980 4731 3215 4800 amplius
3259 4732 3541 4785 interitum

302 4820 497 4874 τοῦτον
513 4823 608 4888 τῆς
640 4822 767 4892 παρ’
798 4821 1006 4874 ἐκείνου
1040 4819 1527 4891 μεταλαμϐάνομεν
1555 4819 1873 4882 ἀθανασίας.

1986 4825 2240 4879 sentiret.
2299 4822 2453 4878 Sicut
2489 4824 2636 4876 enim
2689 4836 2917 4891 corpore
2978 4833 3166 4877 nostro
3194 4837 3314 4892 qua:
3364 4833 3547 4877 nostra

302 4915 504 4981 Μάτην
546 4915 725 4966 τοίνυν
777 4912 1229 4976 σκανδαλίζεσθαι
1289 4910 1736 4980 προσποιοῦνται,
1792 4913 1875 4965 ὅτι

1982 4926 2132 4981 sunt,
2175 4916 2515 4979 imitabatur,
2538 4916 2618 4971 sic
2638 4931 2740 4970 nos
2775 4916 2955 4983 ipsum
2981 4915 3350 4985 suscipientes
3391 4916 3458 4970 ab
3487 4932 3553 4970 eo

308 5006 441 5073 περὶ
470 5001 561 5056 τοῦ
594 5004 769 5071 Λόγου
796 5004 1104 5073 γέγραπται
1138 5020 1149 5031 ·
1172 5002 1497 5073 Ἐταράχθη
1532 5003 1630 5057 καί
1660 5005 1878 5057 ἔκλαυ-

1979 5008 2246 5063 sumimus
2284 5007 2764 5062 immortalitatem.
2808 5007 2991 5074 Itaque
3015 5005 3216 5061 frustra
3249 5023 3307 5062 se
3362 5008 3551 5063 dicunt

300 5113 447 5152 σεν.
527 5096 770 5150 Ἐοίκασι
840 5097 947 5165 γὰρ
1015 5097 1150 5165 μηδὲ
1220 5094 1570 5166 ἀνθρωπίνην
1621 5096 1879 5164 αἴσθησιν

1982 5102 2206 5163 aliendi,
2266 5115 2387 5154 cum
2413 5101 2647 5154 audiunt
2689 5101 2758 5154 de
2788 5097 2963 5153 Verbo
2991 5098 3081 5153 illa
3131 5099 3236 5154 dici
3297 5120 3311 5154 :
3361 5101 3553 5153 Anima

304 5187 480 5257 ἔχειν,
507 5187 830 5253 ἀγνοοῦντες
858 5187 954 5256 τὴν
995 5188 1103 5240 τῶν
1134 5185 1436 5257 ἀνθρώπων
1462 5186 1624 5255 φύσιν
1686 5187 1780 5241 καὶ
1812 5186 1876 5240 τά

1984 5193 2203 5248 turbata
2258 5202 2362 5255 est,
2399 5192 2568 5246 licvit.
2623 5190 2891 5245 Videntur
2919 5192 3083 5246 enim'
3113 5190 3352 5246 humano
3390 5208 3553 5246 sensu

302 5279 519 5332 τούτων
573 5279 698 5332 [δια.
741 5279 958 5332 Μᾶλλον
1005 5280 1111 5347 γὰρ
1151 5279 1260 5331 ἔδει
1320 5278 1644 5348 θαυμάζειν,
1708 5279 1793 5331 ὅτι
1821 5279 1879 5331 ἐν

1979 5291 2260 5346 carere,et
2289 5292 2537 5336 naturam
2594 5283 2880 5337 hominum
2931 5292 2986 5336 et
3008 5282 3323 5338 affectiones
3364 5298 3553 5337 eorum

301 5370 536 5424 τοιαῦτα
573 5370 859 5444 πασχούσῃ
883 5370 1049 5440 σαρκὶ
1084 5367 1152 5442 ἦν
1187 5372 1215 5423 ό
1239 5371 1433 5437 Λόγος,
1476 5372 1568 5422 καὶ
1593 5371 1719 5423 οὕτε
1743 5369 1879 5423 ἐκώ-

1980 5380 2249 5447 ignorare.
2302 5375 2473 5446 Magis
2502 5391 2596 5430 eos
2650 5376 2906 5430 admirari
2957 5376 3258 5441 oportebat,
3316 5374 3552 5429 Verbum

300 5462 435 5514 λυσε
478 5462 605 5524 τοὺς
635 5462 1104 5527 ἐπιϐουλεύοντας,
1153 5461 1276 5516 οὔτε
1319 5462 1547 5528 ἐξεδίκει
1594 5463 1739 5514 κατά
1768 5462 1876 5514 τῶν

1985 5470 2040 5522 in
2086 5482 2276 5533 carne,
2315 5483 2436 5536 qua:
2490 5468 2617 5522 talia
2687 5468 2912 5535 patitur.
2961 5481 3107 5528 esse.
3181 5480 3285 5520 nec
3331 5465 3558 5521 insidias

300 5554 698 5623 ἀναιρούντων,
731 5555 936 5625 καίπερ
970 5553 1294 5623 δυνάμενος.
1339 5556 1367 5607 ὁ
1396 5552 1588 5617 ἄλλους
1629 5554 1878 5615 κωλυσας

1987 5570 2264 5615 struentes
2311 5560 2652 5619 cohibuisse.
2717 5574 2899 5627 neque
2953 5558 3334 5612 interfectores
3385 5556 3557 5612 ultum

299 5645 622 5712 ἀποθανεῖν,
652 5649 745 5701 καὶ
771 5646 1140 5710 ἀποθανόντας
1178 5648 1400 5717 ἐγείρας
1414 5648 1483 5699 ἐκ
1510 5646 1619 5702 τῶν
1649 5645 1879 5717 νεκρῶν,

1988 5665 2135 5718 esse,
2167 5665 2295 5705 cum
2315 5660 2496 5706 tamen
2517 5635 2729 5721 posset,
2783 5649 2987 5719 quippe
3010 5648 3154 5719 quod
3185 5647 3321 5705 alios
3343 5665 3373 5704 a
3410 5664 3562 5705 mor-

380 5811 398 5843 ⁸
433 5808 623 5864 Matth.
649 5825 794 5876 mn,
829 5810 918 5869 39.
998 5809 1019 5842 '
1054 5808 1243 5865 Matth.
1280 5822 1394 5887 ιιι,
1422 5806 1515 5862 23.
1592 5806 1612 5839 ³
1638 5803 1793 5866 ιοιη.
1820 5822 1916 5875 xu,
1943 5807 2035 5862 97.
2105 5806 2267 5861 1’ibid.
2303 5822 2359 5873 ιι,
2391 5806 2478 5862 l8.
