4032 6288
479 400 584 462 ίῖιῦ

1735 389 2119 455 EUTHYMII
2167 384 2535 450 ZiGABENI

3633 371 3743 437 4326

476 510 640 562 sitate
690 514 746 562 et
777 506 982 562 invitus
1008 514 1091 560 est
1118 505 1319 561 bonus.
1350 502 1555 573 Ecquis
1580 512 1765 559 autem
1826 501 1907 556 illi
1961 514 2058 554 ne-

2167 497 2244 559 είς
2296 497 2538 567 ἑκάτερα
2577 495 2679 567 τὴν
2728 494 2901 566 ῥοπὴν
2959 490 3095 561 ἔχει,
3127 488 3223 543 καὶ
3253 485 3479 557 λογικῆς
3517 483 3745 554 φύσεώς

478 600 790 654 ccssitatem
822 600 1049 669 injecit?
1078 598 1233 663 Quod
1261 599 1305 656 si
1330 597 1794 654 absurdissimum
1833 603 1941 659 est,
1990 592 2047 647 in

482 692 591 746 Ι)οο
623 708 746 747 esse
799 692 1187 746 necessitatem
1232 691 1440 756 dicere,
1466 700 1526 747 et
1577 697 1866 761 propterea
1914 700 2053 741 con-

478 784 744 838 ﬁtendum
812 790 918 847 est,
949 797 1072 839 esse
1134 794 1326 839 natura
1371 783 1600 845 bonum,
1648 780 1819 837 multo
1877 777 2050 848 magis

475 884 531 926 et
559 872 739 926 verius
765 872 1061 929 dicendum
1088 883 1193 937 est,
1225 890 1352 929 eum
1401 883 1621 938 natura,
1679 889 1788 929 non
1851 871 2049 928 volun-

479 976 591 1024 tate
629 984 748 1023 esse
777 969 897 1023 Filii
929 969 1167 1024 Patrem.
1193 969 1329 1024 illud
1361 942 1622 1037 praeterea
1648 968 1806 1023 nobis
1821 981 2052 1035 respon-

476 1061 671 1126 deant;
702 1061 825 1113 volo
858 1061 1005 1114 enim
1036 1076 1131 1115 eos
1165 1076 1262 1130 pro
1290 1061 1517 1116 audacia
1550 1062 1790 1131 ipsorum
1818 1061 2055 1114 interro-

477 1165 629 1218 gare,
682 1166 803 1219 qua:
847 1151 1070 1220 quidem
1108 1150 1464 1222 interrogatio
1497 1152 1628 1207 licet
1672 1151 1900 1207 liberior
1948 1149 2051 1215 sit,

475 1239 542 1292 aJ
582 1239 839 1308 pietatem
892 1249 1071 1295 tamen
1099 1242 1382 1311 spectabit.
1409 1241 1686 1309 Propitius
1717 1250 1858 1305 esto,
1886 1240 2053 1303 Deus,

475 1329 868 1399 Respondeant
901 1332 1085 1402 igitur,
1113 1343 1293 1387 utrum
1329 1333 1491 1388 Pater
1522 1335 1639 1403 ipse
1676 1333 1829 1403 prius
1855 1347 2057 1388 consu-

475 1421 668 1483 luerit,
732 1424 930 1479 deinde
989 1424 1259 1487 voluerit,
1318 1433 1441 1494 post
1490 1434 1672 1480 autem
1733 1425 1927 1487 fuerit,
1984 1439 2059 1478 au

476 1514 791 1583 priusquam
823 1516 1160 1570 consuluerit
1203 1515 1294 1571 sit.
1323 1517 1551 1586 Oportet
1578 1518 1749 1577 enim.
1778 1527 1833 1572 ut
1852 1518 2057 1573 cumde

486 1604 664 1659 Verbo
701 1605 824 1661 talia
878 1606 1116 1661 audeant
1152 1608 1326 1677 loqui,
1364 1607 1567 1664 similia
1618 1609 1751 1664 item
1787 1609 1859 1664 de
1896 1609 2060 1664 Patre

478 1694 722 1760 audiant,
783 1704 842 1748 ut
871 1694 1067 1759 sciant,
1119 1694 1281 1750 istam
1328 1696 1572 1767 ipsorum
1602 1695 1959 1766 petulantiam
1990 1699 2059 1752 ad

2152 590 2272 642 ἐστι
2298 589 2359 642 τδ
2386 589 2558 652 πάθος
2586 588 2746 642 τοῦτο
2767 603 2782 618 ⁸
2817 588 2865 639 εί
2895 584 2952 638 δὲ
2988 583 3077 637 διὰ
3101 582 3162 635 τὸ
3191 581 3256 633 ἐκ
3292 579 3501 632 τούτων
3530 577 3747 632 ἄτοπον

2158 678 2261 733 οὐκ
2317 679 2383 732 ὲκ
2436 678 2746 749 βουλήσεως
2806 675 3107 746 οἰκτίρμων
3154 670 3249 726 καὶ
3301 669 3507 738 ἀγαθός
3559 669 3748 731 ἐστιν,

2152 771 2498 826 άκουέτωσαν
2532 770 2677 840 ἅπερ
2704 769 2994 838 εἰρήκασιν
3025 762 3217 818 αὐτοί·
3248 759 3458 815 Οὐκοῦν
3484 758 3746 830 ἀνάγκη,

2154 864 2249 916 καὶ
2285 862 2359 933 μὴ
2391 862 2561 916 θέλων
2615 859 2817 930 ἀγαθός
2866 859 3003 913 ἐστι.
3040 856 3150 910 Καὶ
3173 854 3257 916 τίς
3284 854 3314 906 ό
3345 856 3444 922 τὴν
3476 851 3740 919 ἀνάγκην

2155 954 2427 1010 ἐπιϐαλὼν
2458 953 2607 1024 αὐτῷ
2632 970 2648 1020 ;
2690 953 2751 1006 Εί
2781 951 2839 1004 δὲ
2871 949 3065 1019 ἄλογόν
3100 950 3214 999 ἐστι
3243 945 3421 1014 λέγειν
3472 944 3565 997 ἐπὶ
3596 939 3754 995 Θεοῦ

2155 1048 2428 1117 ἀνάγκην,
2468 1046 2562 1099 καὶ
2591 1045 2680 1099 διὰ
2710 1041 2871 1098 τοῦτο
2897 1041 3057 1112 φύσει
3090 1038 3295 1107 ἀγαθός
3334 1038 3503 1099 ἐστιν,
3531 1034 3621 1104 εἴη
3669 1033 3753 1087 ἂν

2154 1138 2335 1208 πολλῷ
2363 1136 2563 1207 μᾶλλον
2615 1137 2710 1189 καὶ
2737 1133 3100 1204 ἀληθέστερον
3140 1130 3235 1183 τοῦ
3268 1128 3394 1180 Υίοῦ
3428 1128 3609 1197 φύσει,
3634 1127 3753 1181 καὶ

2155 1232 2256 1286 οὐκ
2280 1232 2345 1284 ἐκ
2374 1230 2683 1301 βουλήσεως
2741 1225 2954 1296 Πατήρ.
2996 1224 3326 1277 Είπάτωσαν
3374 1221 3431 1274 δὲ
3464 1223 3600 1291 ἡμῖν
3636 1220 3753 1273 καὶ

2156 1324 2315 1379 τοῦτο
2338 1323 2523 1378 πάλιν.
2548 1321 2688 1391 Πρὸς
2711 1320 2818 1389 γὰρ
2838 1320 2941 1387 τὴν
2964 1315 3357 1386 ἀναισχυντίαν
3386 1314 3568 1367 αὐτῶν
3597 1311 3759 1381 ἱρῶ-

2159 1432 2322 1485 τησιν
2380 1416 2568 1477 αὐτοῖς
2626 1413 2856 1478 ἐπάγειν
2896 1410 2977 1462 ἔτι
3023 1408 3288 1477 βούλομαι
3321 1406 3755 1476 τολμηροτέραν

2163 1509 2284 1579 μὲν,
2314 1508 2619 1577 βλέπουσαν
2670 1505 2727 1558 δὲ
2757 1504 2910 1572 ὅμως
2960 1503 3047 1573 εἰς
3087 1498 3398 1554 εὐσέϐειαν.
3439 1498 3756 1565 Ἱλάσθητι,

2161 1599 2427 1659 Δέσποτα.
2470 1596 2531 1649 '0
2563 1594 2753 1664 [ἰατὴρ
2779 1592 2938 1654 αὐτὸς
2966 1588 3417 1661 βουλευσάμενος.
3446 1589 3611 1659 πρότε
3622 1604 3757 1658 ρον,

2163 1684 2287 1743 εἷτα
2314 1689 2569 1755 θελήσας,
2602 1684 2775 1747 οὕτως
2824 1682 3084 1753 ὑπάρχει,
3145 1679 3178 1751 ἢ
3211 1680 3304 1735 καὶ
3336 1678 3443 1748 πρὸ
3484 1679 3584 1731 τοῦ
3609 1678 3760 1749 βου-

482 1785 694 1838 l‘atrem
744 1799 964 1854 quoque
1012 1785 1328 1855 pervenire.
1390 1784 1446 1842 Si
1496 1787 1763 1855 dixeriut,
1787 1796 1846 1842 et
1876 1788 2057 1858 ipsum

2167 1781 2499 1842 λούσασθαις
2534 1779 2641 1848 χρὴ
2677 1776 2786 1847 γάρ
2844 1772 3094 1847 περὶτοῦ
3145 1773 3321 1841 Λόγου
3352 1770 3582 1826 τοιαῦτα
3616 1770 3763 1824 1:01-

478 1877 695 1931 Patrem
748 1893 813 1931 ex
858 1878 1263 1934 consultatione
1312 1885 1369 1934 et
1404 1878 1683 1935 voluntate
1733 1847 2053 1951 essm-quid

2167 1872 2381 1941 μῶντας
2443 1870 2677 1933 αὐτοὺς,
2741 1867 2969 1922 τοιαῦτα
3030 1863 3129 1918 καὶ
3183 1863 3313 1932 περὶ
3371 1861 3466 1915 τοῦ
3528 1859 3765 1929 [ἰατρὸς

478 1980 597 2024 erat
624 1980 917 2039 antequam
966 1974 1266 2038 consuluit,
1305 1984 1401 2031 aut
1438 1976 1571 2045 quid
1604 1976 1842 2047 amplius
1866 1976 2059 2033 habuit

478 2070 832 2133 posteaquam
900 2064 1220 2120 consuluit?
1274 2064 1432 2133 Quod
1502 2069 1547 2123 si
1578 2067 1849 2137 ejusmodi
1882 2068 2059 2124 inter-

482 2154 691 2233 rogatio
739 2156 978 2212 absurda
1021 2168 1128 2224 est,
1154 2168 1210 2214 et
1248 2160 1440 2229 nequit
1470 2160 1798 2226 consistere,
1852 2170 1910 2216 et
1939 2162 2057 2218 haec

480 2244 669 2303 dicere
713 2249 939 2304 omnino
979 2250 1136 2306 nefas
1162 2260 1267 2319 est,
1295 2266 1422 2307 cum
1452 2253 1591 2308 satis
1617 2253 1710 2317 sit,
1740 2253 1795 2309 id
1828 2268 1929 2309 nos
1956 2270 2056 2309 au-

482 2336 620 2402 dire,
648 2348 702 2393 et
728 2341 890 2405 scire,
925 2351 981 2399 et
1018 2343 1335 2416 intelligere
1364 2344 1433 2399 de
1463 2343 1595 2407 Deo.
1646 2360 1845 2416 nempe
1876 2346 2056 2416 ipsum

483 2444 604 2485 esse
635 2431 807 2495 illum,
846 2434 941 2503 qui
990 2447 1099 2501 est,
1136 2452 1317 2492 nonne
1341 2436 1641 2491 absurdum
1669 2446 1755 2493 est
1784 2439 1946 2493 etiam
1991 2438 2059 2494 de

484 2519 665 2577 Verbo
706 2524 798 2578 Dei
837 2526 916 2581 sic
942 2526 1204 2597 cogitare,
1236 2534 1292 2581 et
1314 2528 1602 2583 consilium
1629 2531 1679 2582 ei
1728 2543 1792 2583 ac
1812 2528 2071 2598 volume--

485 2622 594 2666 tem
628 2617 1012 2685 anteponere?
1040 2616 1191 2672 Satis
1211 2618 1356 2672 enim
1382 2627 1469 2673 est
1499 2620 1629 2673 item
1678 2619 1746 2675 de
1779 2619 1960 2676 Verbo
1992 2621 2060 2675 il-

484 2703 575 2758 iud
610 2708 776 2770 scire,
809 2716 867 2761 et
899 2708 1223 2778 intelligere,
1262 2723 1457 2777 nempe
1489 2709 1667 2780 ipsum
1693 2726 1803 2765 non
1836 2727 1901 2766 ex
1929 2727 2061 2768 con-

487 2796 778 2850 sultatione
829 2808 884 2853 et
948 2799 1228 2855 voluntate
1289 2800 1459 2855 Deum
1510 2815 1654 2865 esse,
1712 2802 1810 2857 sed
1862 2812 2060 2858 natura

488 2886 768 2956 proprium
844 2902 969 2945 esse
1027 2889 1261 2946 Verbqu
1331 2890 1530 2947 Patris.
1603 2891 1759 2958 Quod
1838 2892 2058 2963 quidem

490 2976 731 3034 Verbum
768 2995 894 3035 cum
928 2982 1003 3036 sit
1033 2983 1327 3038 consilium
1371 2993 1428 3039 et
1475 2983 1727 3040 voluntas
1776 2984 1954 3042 Patris
1983 2987 2065 3057 ip-

487 3076 631 3139 sus,
691 3075 963 3142 quomodo
1012 3085 1193 3148 potest
1241 3078 1476 3141 consilio
1532 3087 1589 3133 et
1618 3078 1901 3135 voluntate
1941 3079 2062 3150 ejus

2159 1960 2402 2025 ἀκούειν,
2433 1959 2520 2014 ἵνα
2546 1957 2773 2026 γνῶσιν,
2800 1957 2882 2010 ὅτι
2917 1958 2951 2023 ἡ
2968 1952 3197 2022 τοιαύτη
3228 1950 3410 2006 αὐτῶν
3437 1951 3766 2022 προπέτεια

2159 2055 2254 2109 καὶ
2290 2055 2374 2115 είς
2423 2052 2585 2107 αὑτὸν
2611 2051 2704 2105 τὸν
2754 2049 2970 2120 Πατέρα
2998 2047 3215 2117 φθάνει.
3257 2044 3385 2099 Ἐὰν
3417 2044 3515 2113 μὲν
3544 2042 3645 2097 οὖν
3670 2044 3762 2099 ει-

2160 2161 2362 2206 πωσιν,
2424 2145 2507 2197 ὅτι
2534 2143 2630 2195 καὶ
2662 2140 2820 2203 αὐτὸς
2852 2141 2917 2192 ἐκ
2941 2138 3271 2209 βουλήσεως,
3304 2138 3359 2191 τί
3405 2131 3474 2207 ἦν
3498 2137 3611 2207 πρὸ
3645 2135 3759 2188 τοῦ

2161 2235 2579 2309 βουλεύσασθαι,
2636 2233 2750 2307 ﬁt!
2781 2232 2941 2287 πλέον
2984 2231 3167 2302 ἔσχεν,
3210 2231 3287 2295 ὡς
3339 2230 3495 2299 ὑμεῖς
3527 2228 3760 2295 λέγετε,

2165 2331 2302 2402 μετὰ
2323 2331 2385 2383 τὸ
2420 2326 2811 2399 βουλεύσασθαι
2838 2341 2854 2391 ;
2888 2324 2954 2380 Ei
2985 2324 3041 2378 δὲ
3091 2324 3289 2385 ἄτοπος
3320 2321 3412 2374 καὶ
3437 2317 3761 2379 ἀσύστατός

2161 2424 2310 2475 ἐστιν
2337 2422 2370 2490 ὴ
2397 2418 2622 2486 τοιαύτη
2649 2417 2937 2487 ἐρώτησις,
2956 2415 3053 2469 καὶ
3081 2416 3142 2470 οὐ
3169 2415 3326 2484 θέμις
3351 2413 3487 2476 ὅλως
3508 2410 3764 2465 τοιαῦτα.

2161 2515 2344 2582 λέγειν
2388 2514 2569 2581 (ἀρκεῖ
2598 2510 2706 2580 γὰρ
2745 2508 2845 2564 καὶ
2882 2506 3044 2580 μόνον
3079 2506 3379 2568 ἀκούοντας
3429 2503 3577 2575 ἡμᾶς
3612 2503 3766 2572 περὶ

2162 2606 2296 2661 Θεοῦ
2327 2606 2550 2668 εἰδέναι,
2594 2603 2693 2657 καὶ
2715 2603 2882 2665 νοεῖν,
2927 2602 3009 2654 ὅτι
3040 2600 3204 2663 αὑτός
3227 2600 3373 2651 ἐστιν
3408 2598 3437 2651 ὀ
3467 2594 3590 2665 ὢν),
3625 2593 3763 2657 πῶς

2160 2698 2261 2753 οὐκ
2287 2697 2477 2764 ἄλογον
2506 2695 2573 2749 ἂν
2601 2694 2687 2765 εἴη
2714 2692 2812 2746 καὶ
2842 2690 2971 2762 περὶ
3003 2689 3097 2743 τοῦ
3124 2687 3258 2742 Θεοῦ
3293 2688 3468 2756 Λόγου
3511 2684 3763 2739 τοιαῦτα

2162 2787 2533 2858 ἐνθυμεῖσθαι,
2569 2787 2665 2840 καὶ
2703 2784 2956 2856 βούλησιν
3007 2784 3100 2837 καὶ
3146 2781 3365 2852 θέλησιν
3431 2778 3761 2850 προϐάλλε-

2165 2880 2334 2948 σθαι;
2428 2878 2614 2951 ’Λρκεῖ
2668 2877 2780 2948 γὰρ
2826 2875 2957 2946 περὶ
3011 2873 3107 2928 τοῦ
3160 2873 3335 2940 Λόγου
3386 2871 3583 2925 είξέναι
3650 2870 3764 2923 καλ⁵

2163 2973 2327 3038 νοεῖν,
2354 2972 2436 3026 ὅτι
2460 2971 2489 3023 ὁ
2520 2970 2596 3041 μὴ
2623 2969 2688 3021 εκ
2724 2966 3033 3038 βουλήσεως
3054 2964 3315 3036 ὑπάρχων
3341 2963 3472 3026 Θεὸς
3524 2962 3586 3015 οὺ
3613 2961 3765 3032 βου-

2164 3064 2343 3134 λήσει,
2402 3062 2536 3116 ἀλλὰ
2595 3060 2756 3130 φύσει
2795 3059 2886 3113 τὸν
2917 3057 3048 3112 ἴδιον
3082 3056 3196 3128 ἔχει
3244 3056 3435 3123 Λόγον.
3485 3053 3612 3117 Πῶς
3653 3054 3765 3108 οὖν

488 3162 687 3234 gigni?
737 3166 884 3230 nisi,
936 3144 1173 3223 ut'aute
1238 3169 1390 3230 dixi.
1444 3168 1684 3225 Verbum
1731 3170 1879 3243 gigni
1962 3144 2060 3241 per

2167 3153 2332 3226 βουλὴ
2379 3153 2476 3209 καὶ
2534 3151 2746 3223 θέλημα
2798 3148 2892 3202 τοῦ
2947 3149 3159 3217 Πατρός
3199 3147 3464 3217 ὑπάρχων
3512 3148 3541 3199 ὁ
3569 3144 3766 3213 Λόγος

487 3259 726 3327 scipsum
783 3267 879 3314 aut
926 3273 1024 3330 per
1069 3260 1305 3317 alterum
1354 3261 1593 3318 Verbum
1654 3270 1907 3319 asserant
1960 3264 2062 3320 ho-

489 3351 665 3405 mines
695 3352 894 3407 insani.
934 3352 1087 3420 Quod
1113 3356 1157 3408 si
1178 3355 1560 3424 contlnxeriut,
1591 3365 1647 3411 et
1673 3355 1905 3412 alterum
1931 3356 2060 3413 illud

490 3442 633 3511 gigni
657 3458 873 3499 rursum
892 3460 989 3515 per
1013 3445 1230 3516 aliquod
1242 3447 1390 3503 aliud
1428 3447 1666 3516 Verbum
1692 3462 1917 3509 necesse
1937 3449 2060 3507 erit.

490 3536 668 3603 Atque
687 3534 757 3589 ita
776 3536 1062 3607 multiceps
1078 3537 1369 3608 impiorum
1383 3539 1613 3595 haeresis
1626 3540 2065 3609 deprehendetur

492 3628 658 3683 stulte
688 3633 742 3683 ln
770 3628 1089 3684 immensam
1112 3631 1341 3686 deorum
1364 3630 1773 3687 multitudinem
1802 3633 2064 3696 incidere.

491 3714 621 3769 dum
651 3712 849 3775 Filium
877 3725 1120 3773 creatum
1140 3726 1196 3773 et
1220 3717 1480 3774 exnibilo
1498 3718 1708 3777 factum
1739 3736 1886 3789 esse,
1914 3722 2066 3780 novis

494 3817 713 3864 utentes
757 3808 1004 3875 vocibus,
1065 3810 1228 3879 eique
1273 3811 1563 3875 consilium
1611 3822 1669 3868 et
1726 3814 2066 3873 voluntatem

493 3905 874 3965 pnnponentes
890 3907 1159 3954 conantur
1169 3898 1481 3958 ostendere.
1496 3898 1689 3958 Nonne
1711 3901 1938 3974 impium
1961 3910 2068 3979 est,

495 4004 557 4041 ea
586 4003 707 4058 quas
735 4004 914 4043 rerum
948 4001 1360 4060 procreatarum
1384 4003 1534 4059 sunt,
1574 3995 1631 4051 in
1658 4005 2069 4066 procuratorem

499 4079 818 4136 transferre?
836 4080 1032 4137 Nonne
1054 4083 1377 4140 detestabile
1393 4094 1451 4141 et
1475 4088 1871 4144 exsecrandum
1894 4098 1979 4144 est
1995 4087 2074 4144 di-

496 4188 641 4234 cere.
674 4174 958 4228 consilium
1007 4186 1063 4231 et
1087 4176 1420 4233 voluntatem
1457 4192 1580 4233 esse
1594 4187 1722 4234 ante
1745 4178 1982 4239 Verbum
2017 4179 2078 4235 in

496 4264 653 4319 Patre
678 4264 699 4317 ?
724 4262 779 4318 Si
802 4266 947 4321 enim
983 4266 1230 4322 voluntas
1262 4267 1315 4321 in
1367 4266 1530 4323 Patre
1591 4271 1869 4339 praecedit,
1930 4270 2073 4329 haud

497 4370 622 4410 vera
642 4356 877 4425 loquitur
890 4355 1500 4429 Filius,Ego,inquiens,
1515 4361 1569 4415 in
1583 4361 1763 4427 Patre,
1780 4372 1872 4419 aut
1890 4365 2080 4425 etiam.

498 4448 541 4500 si
567 4448 680 4517 ipse
707 4464 920 4518 quoque
961 4449 1017 4503 in
1050 4448 1205 4505 Patre
1230 4459 1337 4517 est,
1359 4453 1631 4523 posterior
1678 4463 1858 4511 tamen
1886 4459 2077 4514 existi-

499 4539 754 4601 rnabitur,
796 4556 918 4596 cum
961 4542 1212 4598 voluntas
1238 4546 1294 4597 in
1326 4560 1432 4614 qua
1479 4546 1665 4602 omnia
1715 4547 1853 4603 facta
1915 4564 2068 4619 sunt,

496 4629 817 4697 antecedat,
865 4640 921 4686 et
982 4633 1097 4702 ipse
1129 4644 1292 4704 post,
1354 4646 1414 4689 ut
1462 4651 1561 4692 vos
1620 4640 1866 4710 putatis,
1925 4645 2073 4698 exsi-

497 4733 624 4779 stat.
676 4723 825 4778 Licet
871 4725 1017 4779 enim
1071 4726 1242 4795 gloria
1277 4737 1514 4797 praestet,
1546 4740 1731 4786 tamen
1777 4748 1947 4789 unum
1967 4736 2074 4791 erit

495 4828 559 4867 ex
586 4813 649 4868 iis
677 4828 793 4882 qua:
820 4814 1095 4871 voluntate
1125 4816 1264 4871 facta
1300 4826 1449 4873 sunt.
1481 4820 1550 4874 At
1586 4821 1840 4878 homines
1878 4824 2074 4881 nefarii

500 4907 714 4970 nolunt,
747 4905 983 4962 Verbum
1023 4918 1080 4963 et
1134 4912 1426 4965 consilium
1468 4911 1658 4969 vivens
1701 4930 1824 4971 esse
1858 4915 2071 4985 Filium,

497 4996 592 5050 sed
620 4995 964 5065 prudentiam
982 5007 1038 5053 et
1069 5000 1357 5056 consilium
1385 5009 1441 5058 et
1472 5003 1892 5072 sapientiam,ut
1917 5006 2075 5063 habi-

499 5106 587 5150 tus
611 5096 896 5163 quosdam,
914 5099 1007 5166 qui
1028 5098 1208 5155 inesse
1250 5100 1553 5172 abesseque
1578 5103 1809 5172 possint,
1837 5106 2078 5161 humano

418 5185 422 5189 ’
503 5208 657 5249 more
726 5192 838 5247 Deo
889 5194 1159 5250 inhaerere
1206 5200 1723 5269 comminiscuntur,
1789 5213 1844 5259 et
1894 5208 2077 5262 omnia

502 5305 743 5361 movent,
764 5306 822 5350 et
850 5296 1125 5352 Valentini
1176 5300 1454 5355 notionem
1507 5312 1562 5358 et
1587 5304 1922 5362 voluntatem
1959 5308 2079 5366 ideo

504 5407 846 5469 praeponunt,
872 5408 934 5454 ut
963 5399 1157 5455 Filium
1188 5418 1216 5456 a
1236 5404 1398 5457 Patre
1422 5404 1683 5474 dividant,
1713 5424 1949 5480 cumque
1972 5430 2079 5469 nou

505 5501 781 5570 pr0priutn
805 5501 986 5557 Patris
1019 5500 1277 5568 Verbum,
1310 5503 1404 5558 sed
1458 5515 1702 5560 creatum
1736 5523 1856 5565 esse
1874 5512 2077 5570 dicant.

504 5601 798 5669 Apostolus
846 5612 1027 5657 autem
1056 5618 1166 5657 non
1223 5604 1541 5673 voluntatis,
1574 5604 1668 5661 sed
1700 5610 1955 5666 essentia
1989 5628 2082 5682 pa-

506 5710 675 5754 ternae
702 5704 980 5772 proprium
1033 5705 1378 5773 splendorem
1438 5716 1494 5761 et
1517 5704 1745 5777 ﬁguram
1788 5708 2082 5768 Dominum

506 5814 626 5855 esse
652 5802 934 5870 praedicat,
979 5802 1216 5870 Quicum
1234 5807 1324 5875 sit,
1344 5806 1866 5879 inquiens,splendor
1879 5810 2083 5882 gloriaz,

2162 3250 2387 3304 δύναται
2414 3245 2664 3318 γίνεσθαι
2694 3243 2792 3297 καὶ
2831 3242 2994 3306 αὐτὸς
3024 3241 3326 3313 βουλήματι
3354 3240 3450 3293 καὶ
3479 3238 3715 3309 θελήσει
3740 3255 3760 3306 ;

2162 3341 2320 3406 ἐκτὸς
2346 3339 2395 3394 εί
2423 3339 2520 3409 μὴ,
2544 3335 2688 3391 καθὰ
2716 3335 3001 3405 προεῖπον,
3031 3332 3289 3404 μανέντες
3321 3330 3482 3384 πάλιν
3506 3330 3763 3382 είπωσιν

2164 3434 2328 3489 αὑτὸν
2349 3431 2417 3486 δι’
2438 3428 2635 3486 ἑαυτοῦ
2661 3425 2965 3498 γεγονέναι,
2990 3424 3024 3495 ἢ
3050 3424 3123 3479 δι’
3149 3422 3335 3495 ἐτέρου
3362 3424 3528 3484 τινός.
3578 3421 3762 3475 ’Λλλά

2165 3527 2270 3582 κᾶν
2300 3523 2669 3587 πλάσσωνται,
2691 3520 2908 3582 πάντως
2953 3517 3201 3580 κάκεῖνος
3225 3515 3314 3569 διά
3341 3530 3487 3583 τινος
3512 3514 3760 3582 γίνεται.

2168 3618 2277 3675 Καὶ
2315 3617 2503 3672 λοιπον
2526 3613 2699 3676 οὕτως
2745 3609 3206 3683 ἰπιλογιζομένων
3249 3606 3429 3679 ἡμῶν,
3483 3606 3581 3661 καὶ
3611 3607 3767 3660 ἀνα»

2167 3711 2462 3783 κρινόντων
2502 3708 2601 3779 τὴν
2635 3707 2931 3775 ἀλήθειαν,
2985 3703 3303 3772 εὑρίσκεται
3337 3700 3445 3754 τῶν
3496 3699 3685 3754 ἀθέων
3723 3702 3762 3770 ἡ

2169 3795 2538 3866 πολυκέφαλος
2565 3794 2781 3864 αἵρεσις
2819 3794 2899 3855 είς
2932 3784 3298 3861 πολυθεότητα
3347 3789 3622 3842 πίπτουσα
3654 3789 3766 3843 καὶ

2169 3887 2407 3960 ἄμετρον
2460 3886 2676 3958 μανίαν,
2706 3885 2764 3937 ἐν
2796 3880 2829 3959 ᾖ
2861 3883 3071 3954 κτίσμα
3101 3885 3194 3937 καὶ
3230 3881 3295 3949 ἐξ
3316 3883 3417 3936 οὐκ
3446 3881 3618 3955 ὄντων
3662 3882 3767 3936 θέο

2170 3982 2352 4043 λοντες
2386 3975 2525 4033 εἶναι
2559 3977 2650 4032 τὸν
2691 3976 2838 4041 Υἱέιν,
2881 3976 3085 4047 ἑτέρως
3119 3975 3188 4031 τὰ
3216 3974 3359 4029 αὐτὰ
3393 3974 3760 4047 σημαίνουσι,

2175 4070 2433 4141 βούλησιν
2474 4069 2570 4123 καὶ
2621 4068 2838 4137 θέλησιν
2887 4066 3337 4137 προϐαλλόμενοι.
3374 4066 3497 4127 Πῶς
3526 4059 3624 4119 οὗν
3650 4066 3766 4118 οὐκ

2174 4162 2367 4225 ἀσεϐὲς
2395 4164 2464 4216 τὰ
2493 4161 2602 4215 τῶν
2636 4158 2879 4229 γενητῶν
2933 4158 3028 4212 ἐπὶ
3068 4159 3160 4212 τὸν
3191 4156 3541 4229 Δημιουργόν
3577 4173 3762 4227 μετα-

2177 4257 2395 4326 φέρειν;
2433 4253 2505 4306 Ἢ
2534 4251 2650 4314 πῶς
2680 4252 2742 4304 οὐ
2776 4251 3099 4322 βλάσφημον
3136 4248 3323 4318 λέγειν
3350 4249 3611 4320 βούλησιν
3642 4250 3767 4321 πρὸ

2176 4346 2269 4400 τοῦ
2314 4347 2486 4414 Λόγου
2528 4339 2668 4397 εἶναι
2706 4344 2781 4396 ’ὲν
2812 4342 2889 4413 τῷ
2919 4341 3123 4412 Πατρί;
3171 4342 3236 4397 Ei
3282 4341 3390 4411 γὰρ
3424 4343 3772 4413 προηγεῖται

2182 4439 2435 4509 βούλησις
2469 4438 2527 4490 ὲν
2559 4437 2633 4506 τῷ
2666 4436 2863 4506 "arpi,
2895 4436 2994 4489 οὐκ
3031 4435 3285 4504 ἀληθεύει
3312 4435 3489 4504 λέγων
3517 4437 3545 4488 ὁ
3574 4435 3717 4499 Υἱός
3746 4447 3766 4466 ·

2189 4533 2335 4603 Ἐγὼ
2364 4531 2433 4585 ἐν
2456 4527 2537 4595 τῷ
2578 4530 2781 4598 Πατρί.
2817 4529 2888 4581 Ἢ
2913 4529 2963 4581 εί
3005 4529 3103 4580 καὶ
3157 4528 3321 4591 αὐτὸς
3351 4528 3410 4580 ὲν
3458 4528 3536 4598 τῷ
3576 4529 3771 4601 Πιτρί

2174 4625 2342 4688 ἐστιν,
2376 4622 2510 4677 ἀλλὰ
2530 4622 2779 4692 δεύτερον
2806 4620 3210 4694 λογισθήσεται,
3242 4620 3413 4691 οΰσης
3437 4620 3771 4692 βουλήσεως

2174 4716 2281 4789 πρὸ
2314 4715 2503 4780 αὑτοῦ,
2533 4715 2593 4766 ὲν
2647 4708 2681 4789 ᾖ
2720 4713 2898 4769 πάντα
2923 4714 3133 4783 γέγονε,
3190 4714 3283 4766 atat
3340 4714 3501 4777 αὐτὸς
3533 4713 3765 4784 ὑπέστη

2175 4806 2297 4861 καθ’
2328 4806 2496 4876 ὑμᾶς.
2527 4804 2643 4858 Κᾶν
2665 4805 2773 4875 γὰρ
2798 4806 2865 4875 τῇ
2892 4804 3018 4876 δόξῃ
3048 4805 3300 4876 διαφέρῃ,
3336 4804 3452 4859 ἀλλ’
3475 4805 3631 4860 οὐδὲν
3650 4801 3769 4879 ἦτ-

2174 4901 2263 4954 τόν
2289 4902 2437 4957 ἐστιν
2467 4894 2545 4962 εἷς
2570 4898 2677 4953 τῶν
2702 4900 2767 4952 ὲκ
2810 4899 3119 4969 βουλήσεως
3151 4899 3476 4969 γινομένων.
3528 4901 3673 4955 Ἀλλ’
3706 4904 3765 4956 oi

2175 4991 2389 5055 ἀσεϐεῖς
2417 4992 2476 5044 οὐ
2508 4990 2729 5045 θέλουσι
2752 4991 2849 5060 μὲν
2881 4990 3056 5058 Λόγον
3101 4991 3197 5044 καὶ
3230 4989 3429 5063 βουλὴν
3458 4990 3643 5057 ζῶσαν
3678 4988 3767 5047 εἷ-

2178 5100 2263 5137 ναι
2290 5082 2382 5137 τὸν
2406 5082 2555 5148 Υιδν,
2581 5081 2709 5154 περὶ
2731 5082 2789 5135 δὲ
2815 5082 2906 5135 τὸν
2926 5081 3061 5135 Θεὸν
3081 5081 3368 5153 φρόνησιν,
3424 5082 3519 5135 καὶ
3556 5082 3765 5155 βούλη-

2181 5191 2285 5240 σιν,
2351 5173 2445 5226 καὶ
2477 5173 2688 5243 σοφίαν,
2742 5172 2818 5235 ὡς
2867 5173 2979 5238 ἕξιν
3014 5172 3436 5240 συμϐαίνουσαν,
3472 5174 3565 5225 καὶ
3616 5172 3761 5224 ἁπο-

2181 5263 2584 5333 συμϐαίνουσαν
2623 5262 2982 5331 ἀνθρωπίνως
3038 5261 3287 5332 γίνεσθαι
3350 5260 3760 5332 μυθολογοῦσι,

2181 5357 2277 5409 καὶ
2308 5356 2486 5409 πάντα
2518 5352 2752 5419 κινοῦσι,
2784 5354 2879 5406 καὶ
2899 5352 2997 5425 τὴν
3027 5352 3384 5407 Οὐαλεντίνου
3418 5352 3631 5407 ἔννοιαν
3664 5355 3763 5408 καὶ

2182 5445 2400 5517 θέλησιν
2446 5444 2870 5514 προϐάλλονται,
2929 5446 3016 5500 ἵνα
3083 5443 3246 5515 μόνον
3292 5443 3626 5517 διαστήσωσι
3665 5444 3763 5500 τὸν

2185 5536 2311 5590 Υίὸν
2335 5535 2443 5591 άπὸ
2471 5534 2565 5589 τοῦ
2608 5535 2841 5605 Πατρός,
2897 5535 2992 5589 καὶ
3023 5533 3099 5606 μὴ
3147 5533 3379 5589 εἴπωσιν
3429 5534 3562 5591 ίδιον
3592 5533 3763 5591 αὐτὸν

2182 5627 2277 5682 τοῦ
2316 5628 2529 5698 [ἰατρὸς
2570 5622 2709 5681 εἶναι
2744 5626 2952 5697 Λόγον,
2983 5626 3119 5681 ἀλλά
3170 5628 3375 5696 κτίσμα
3406 5642 3423 5658 ·
3456 5628 3554 5682 καὶ
3591 5628 3705 5697 γὰρ
3734 5630 3765 5681 ό

2199 5718 2523 5782 ’Λπόστολος
2575 5721 2637 5772 οὑ
2671 5720 3000 5790 βουλήσεως,
3055 5718 3172 5772 ἀλλ’
3210 5719 3383 5788 αὐτῆς
3414 5719 3513 5788 τῆς
3568 5719 3763 5784 οὐσίας

2187 5814 2286 5882 τῆς
2321 5812 2598 5883 πατρικῆς
2634 5813 2764 5869 ίδιον
2798 5812 3138 5884 ἀπαύγασμα
3191 5814 3283 5868 καὶ
3315 5810 3643 5883 χαρακτῆρα
3671 5813 3764 5867 τὸν
