4032 6288
520 377 622 438 4‘59

510 517 763 571 l‘atrihus
788 516 1209 584 inobsequentes
1235 523 1382 576 sunt,
1412 523 1464 564 et
1499 512 1758 566 adversus
1784 515 2075 567 memnoni-

504 625 627 662 cam
651 608 913 679 synodum
940 607 1255 661 decertant?
1280 603 1372 658 ιιω
1396 619 1574 671 voces,
1599 605 1772 680 aiunt,
1803 624 1820 656 ι
1852 622 1914 659 ex
1942 606 2071 660 sub-

504 700 726 763 stantia,
753 719 770 750 ι
807 708 880 763 et,
932 717 949 747 ι
973 696 1452 760 consubstantiale,
1476 715 1494 747 ι
1525 697 1681 751 nobis
1716 697 1939 751 minime
1964 698 2075 766 pla-

502 801 651 856 cent,
683 789 1006 860 quihusdam
1049 789 1194 843 enim
1225 787 1554 842 oll‘endiculo
1591 788 1763 853 luere,
1804 789 2074 858 plurimos

507 882 924 940 conturbarunt.
951 879 1033 933 Illi
1068 881 1232 949 igitur
1273 881 1494 950 scriptis
1528 881 1643 936 suis
1693 881 1764 935 ita
1819 892 1947 936 sunt
1992 883 2073 938 lo-

507 974 636 1030 cuti.
661 972 856 1026 Verum
880 972 958 1027 sic
987 972 1260 1042 quispiam
1283 972 1392 1027 illis
1415 981 1698 1028 occurrat:
1720 973 1779 1028 Si
1808 988 1935 1041 ergo
1959 975 2074 1027 hate

505 1067 666 1121 verba
693 1081 789 1135 per
808 1081 867 1120 se
893 1065 1000 1120 illis
1031 1064 1348 1120 oﬂ‘ensionis
1376 1080 1539 1119 causa
1568 1063 1739 1129 fuere,
1769 1080 1876 1119 non
1893 1066 2069 1119 solum

505 1159 767 1227 quosdam
795 1157 1015 1221 oll‘endi,
1049 1172 1113 1212 ac
1148 1157 1413 1225 plurimos
1440 1157 1649 1212 turbari
1685 1157 1948 1226 oportuit,
1977 1158 2068 1212 sed

504 1256 556 1300 et
581 1263 681 1302 nos
704 1248 949 1318 aliosque
980 1248 1266 1302 universos
1290 1249 1481 1303 eodem
1519 1249 1741 1305 allectos
1759 1263 1880 1303 esse
1911 1247 2071 1301 modo

505 1353 600 1407 par
628 1337 750 1391 fuit.
791 1338 946 1404 Quod
982 1338 1024 1393 si
1054 1339 1294 1393 universi
1320 1338 1418 1392 has
1440 1353 1602 1393 voces
1625 1339 2027 1407 amplectuntur
2055 1359 2066 1392 :

505 1429 548 1482 si
577 1429 668 1498 qui
713 1430 799 1483 illa
829 1431 1116 1500 scripsere,
1156 1447 1263 1485 non
1293 1431 1544 1498 vulgares
1576 1431 1844 1495 homines,
1877 1432 1971 1486 sed
2005 1447 2068 1484 ex

506 1531 616 1574 toto
657 1520 787 1575 orbe
815 1523 988 1576 coacti
1024 1532 1150 1576 sunt
1185 1540 1199 1587 ;
1245 1523 1291 1576 si
1323 1523 1415 1591 qui
1440 1522 1552 1590 jam
1594 1521 1901 1576 Ariminum
1934 1536 2068 1575 con-

503 1626 698 1666 venere
742 1612 981 1680 episcopi
1024 1612 1143 1681 plus
1192 1612 1608 1682 quadringentis
1643 1628 1708 1666 ea
1755 1613 2070 1668 testimonio

504 1719 604 1757 suo
627 1704 979 1772 comprobant
1002 1722 1016 1771 ;
1047 1719 1227 1758 nonne
1250 1705 1345 1774 qui
1368 1705 1632 1759 adversus
1663 1706 1931 1774 synodum
1959 1706 2071 1760 haec

502 1794 751 1848 cll‘utiu‘nt
778 1795 907 1848 hinc
939 1805 1282 1864 arguuntur,
1335 1811 1442 1850 non
1492 1795 1656 1849 verba
1693 1796 1911 1864 quidem
1955 1797 2071 1850 eul-

497 1886 677 1954 panda
709 1901 830 1941 esse
856 1926 870 1948 ,
908 1887 1000 1940 sed
1041 1901 1230 1940 eorum
1277 1885 1372 1954 qui
1427 1886 1540 1940 hate
1582 1899 1748 1954 prave
1799 1887 2065 1954 interpre-

502 1982 685 2028 tantur
725 1974 1021 2028 malitiam?
1077 1973 1249 2039 Quam
1301 1973 1459 2028 multi
1514 1983 1676 2038 sunt,
1733 1975 1826 2043 qui
1871 1973 2071 2028 divinis

502 2064 800 2134 Seripturis
835 2065 1070 2134 maligne
1103 2065 1257 2119 lectis
1298 2078 1360 2118 ac
1402 2078 1567 2132 prave
1599 2063 1909 2127 intellectis,
1947 2078 2071 2117 san-

494 2166 616 2212 ctos
643 2157 769 2211 hinc
791 2148 1118 2210 insimulant
1150 2158 1162 2209 l
1193 2155 1504 2224 eujusmodi
1534 2155 1688 2210 fuere
1715 2155 1846 2208 olim
1875 2154 2068 2218 Judrei,

499 2247 592 2316 qui
642 2246 934 2300 Dominum
989 2261 1097 2301 non
1132 2257 1474 2316 receperunt,
1529 2256 1584 2301 et
1629 2245 1740 2315 jam
1786 2245 2069 2300 Manicbaci

497 2338 590 2406 qui
626 2337 679 2392 in
735 2338 905 2408 legem
950 2337 1375 2411 hlasphemant;
1412 2339 1571 2406 cujus
1627 2352 1759 2392 sane
1812 2336 1912 2401 rei,
1961 2351 2068 2390 non

501 2430 814 2498 S‘criptwae,
853 2418 1238 2499 sed-ipsorum
1274 2429 1605 2499 perversitas
1651 2442 1818 2482 causa
1851 2427 1970 2481 fuit.
2011 2425 2069 2480 Si

499 2522 681 2589 itaque
733 2521 1023 2576 verborum
1075 2521 1396 2590 pravitatem
1459 2520 1746 2574 ostendere
1793 2519 2021 2586 potestis
2052 2557 2066 2581 ,

493 2612 658 2682 agite,
699 2610 1107 2666 demonstrandi
1153 2611 1293 2665 ratio
1347 2612 1560 2665 ineatur
1595 2629 1608 2675 ;
1658 2625 1760 2663 nec
1792 2609 2068 2677 objiciatis

498 2701 656 2757 nobis
684 2703 800 2757 haec
830 2701 1108 2756 nonnullis
1141 2701 1429 2756 ollensioni
1453 2717 1595 2766 esse,
1627 2715 1695 2756 ne
1718 2699 1861 2754 idem
1888 2699 2066 2763 vobis,

495 2790 640 2858 quod
676 2799 806 2844 tunc
838 2789 1152 2854 Pharisaais,
1175 2789 1403 2844 accidat.
1441 2788 1652 2842 Etenim
1683 2805 1804 2843 cum
1838 2789 1914 2842 illi
1947 2802 2069 2843 sese

496 2880 821 2936 simularent
848 2881 916 2936 de
946 2881 1201 2936 doctrina
1249 2879 1464 2934 Domini
1509 2879 1732 2944 oll‘endi,
1770 2880 1845 2932 ait
1884 2877 2063 2933 Domi-

501 2985 606 3024 nus
655 2970 811 3025 illis:
873 2967 1104 3026 «Omnis
1152 2969 1414 3040 plantatio
1447 2985 1612 3039 quam
1662 2984 1767 3023 non
1801 2968 2068 3038 plantavit

501 3058 658 3116 Pater
678 3075 832 3116 meus
850 3061 1108 3128 ccelestis,
1129 3060 1496 3116 eradicabitur
1536 3065 1572 3112 '.
1588 3080 1605 3113 ι
1626 3060 1721 3118 llis
1746 3069 1926 3115 autem
1951 3074 2068 3114 vero

500 3151 584 3206 bis
622 3152 883 3216 ostendit,
922 3168 1028 3207 non
1073 3153 1250 3208 Patris
1295 3154 1462 3208 verba
1513 3168 1543 3207 a
1590 3169 1648 3207 se
1686 3171 1704 3204 ι
1730 3152 2006 3220 plantata,
2042 3171 2059 3202 ι

499 3243 591 3298 sed
639 3258 857 3312 pravam
929 3259 1087 3299 suam
1142 3254 1289 3299 recte
1328 3244 1601 3298 dictorum
1662 3242 2064 3311 interpretatio-

495 3348 642 3398 nem,
676 3333 1004 3389 olIendieulo
1033 3334 1140 3389 illis
1176 3334 1366 3388 fuisse.
1403 3327 1536 3386 Nam
1568 3333 1603 3386 ii
1632 3333 1726 3402 qui
1757 3333 1886 3387 olim
1916 3332 2062 3401 Apo-

494 3424 619 3478 stoli
655 3425 918 3493 epistolas
963 3425 1279 3494 culpabant,
1332 3440 1441 3479 non
1467 3423 1645 3490 Pauli,
1689 3423 1782 3478 sed
1819 3423 2059 3492 ipsorum

493 3516 878 3587 ignorantiam,
921 3525 974 3570 et
1010 3529 1325 3584 perversum
1360 3517 1601 3568 animum
1650 3515 1825 3584 palam
1863 3514 2058 3568 fecere.

493 3611 739 3674 ἑαυτούς.
780 3611 929 3662 Ἐπεὶ
962 3611 1053 3663 καὶ
1077 3612 1126 3662 οἱ
1155 3608 1465 3679 αἰτιώμενοι
1493 3609 1612 3662 τότε
1644 3609 1741 3672 τὰς
1768 3608 2055 3674 ἐπιστολὰς

492 3707 728 3778 ἀμαθίας
760 3707 852 3760 καὶ
885 3705 1144 3777 στρεϐλῆς
1169 3705 1404 3770 διανοίας
1433 3705 1790 3778 κατηγόρουν

698 3796 802 3852 Sed
833 3798 943 3866 jam
987 3797 1308 3866 respondete
1362 3799 1579 3868 (operae
1624 3797 1855 3866 pretium
1907 3797 2050 3849 enim

494 3889 656 3943 fuerit
685 3889 786 3944 hoc
825 3890 892 3944 ah
934 3890 1041 3946 illis
1074 3890 1345 3960 quaerere)
1375 3890 1597 3960 quinam
1642 3899 1790 3955 sunt,
1821 3903 1962 3962 quos
1993 3888 2058 3941 de

492 3982 599 4035 illis
626 3980 823 4035 oll'endi
870 3992 1032 4050 atque
1073 3979 1281 4034 turbari
1323 3979 1665 4035 causamini?
1709 3977 1869 4034 Certe
1899 3993 2058 4032 nemo

494 4087 681 4126 eorum
715 4070 804 4140 qui
837 4071 924 4140 pie
967 4070 1034 4124 de
1071 4070 1291 4126 Christo
1327 4072 1592 4135 sentiunt,
1631 4073 1830 4140 quippe
1871 4071 1964 4144 qui
1993 4084 2055 4122 ea

492 4161 783 4216 defendant
829 4173 1209 4231 asserantque.
1254 4163 1409 4227 Quod
1451 4163 1498 4217 si
1545 4162 1733 4215 Ariani
1785 4170 1912 4217 sunt
1963 4160 2055 4228 qui

494 4251 608 4305 haec
648 4251 866 4321 indigne
896 4250 1097 4315 ferunt,
1131 4251 1261 4319 quid
1303 4251 1502 4304 mirum
1539 4251 1586 4304 si
1626 4251 1936 4326 irascuntur
1971 4237 2056 4304 iis

492 4343 584 4409 qui
615 4356 801 4394 eorum
839 4341 1068 4395 haaresin
1097 4342 1164 4395 de
1207 4343 1385 4395 medio
1415 4340 1648 4394 tollunt?
1676 4339 1795 4394 Non
1821 4340 1966 4395 enim
1994 4355 2054 4400 ea

429 4451 434 4458 ί
494 4432 655 4484 verba
691 4429 797 4485 illis
825 4429 1081 4484 seandalo
1119 4438 1265 4495 sunt,
1293 4431 1388 4484 sed
1421 4431 1618 4496 dolori,
1645 4429 1789 4500 quod
1817 4429 2053 4517 quasirin

1755 387 2141 446 EU'l'llYMll
2182 386 2540 447 ZlGABENI

3661 384 3778 444 4(ῗο

2109 533 2147 580 Α
2180 519 2507 586 γραμμένων
2529 557 2542 580 ,
2578 518 2820 582 ἀπειθεῖς
2849 522 2946 590 μὲν
2987 522 3203 588 γονεῦσι
3239 524 3519 591 γεγόνασι,
3567 526 3760 597 διαμά

2175 625 2356 679 χονται
2513 609 2570 662 δὲ
2599 610 2733 682 πρὸς
2753 613 3135 685 οίκουμενικὴν
3156 615 3370 668 σύνοδον
3390 633 3403 680 ;
3427 617 3500 691 Τ
3529 637 3547 668 ι
3575 619 3650 670 ὲκ
3676 618 3791 691 τῆς

2175 699 2382 762 οὐσίας,
2415 717 2432 749 ι
2483 695 2650 770 φησὶ,
2701 701 2794 752 καὶ
2847 700 2908 753 τὸ
2965 720 2983 752 ι
3013 703 3296 772 ὁμοούσιον
3327 723 3346 754 ›
3411 685 3512 759 οὐξι
3568 685 3792 777 ἤρεσεν

2174 792 2330 860 ἡμῖν.
2501 790 2686 843 Ταῦτα
2714 791 2820 862 γάρ
2853 809 3005 855 τινας
3033 793 3384 848 ὲσκανδάλισε
3411 797 3504 848 καὶ
3533 797 3791 858 πολλοὺς

2174 879 2524 950 ἐθορύϐησεν.
2563 882 2792 934 Ἐκεῖνοι
2831 883 2928 953 μὲν
2961 879 3054 936 οὖν
3085 884 3227 938 οὕτω
3261 887 3568 957 γράφοντες
3623 890 3784 958 sipri-

2175 988 2332 1025 κασιν
2375 991 2388 1004 ·
2423 973 2753 1045 ἀπαντήσειε
2783 976 2829 1027 δ’
2854 976 2917 1029 ἄν
2951 993 3033 1038 τις
3058 977 3242 1041 αὐτοῖς
3273 978 3511 1047 εὐλόγως
3547 980 3751 1043 οὕτως
3778 998 3792 1010 ·

2174 1061 2235 1113 Εἰ
2267 1062 2364 1131 μὲν
2392 1058 2484 1114 οὖν
2506 1063 2646 1116 αὐτὰ
2666 1064 2734 1116 τὰ
2757 1067 2978 1134 ῥήματα
3004 1066 3127 1118 καθ’
3159 1067 3328 1120 ἑαυτὰ
3503 1073 3802 1138 τυγχάνει

2173 1152 2300 1206 ὄντα
2327 1153 2475 1206 αἴτια
2496 1154 2706 1218 τούτοις
2731 1159 2812 1219 είς
2837 1157 3152 1223 σκάνδαλον,
3178 1158 3283 1211 ἔδει
3309 1163 3380 1230 μή
3411 1178 3572 1224 τινας
3607 1179 3799 1214 σκαν-

2174 1244 2508 1308 δαλίζεσθαι,
2573 1244 2706 1315 μηδὲ
2759 1245 2988 1310 πολλοὺς
3036 1247 3414 1317 θορυϐεῖσθαι,
3473 1249 3626 1302 ἀλλὰ
3693 1252 3798 1304 καὶ

2173 1333 2319 1402 ἡμᾶς
2522 1335 2616 1385 καὶ
2663 1333 2789 1396 τοὺς
2836 1333 3028 1397 ἄλλους
3073 1335 3279 1398 πάντας
3311 1336 3501 1389 ταυτὸν
3530 1339 3797 1402 ἐκείνοις

2177 1423 2401 1492 πάσχειν
2437 1422 2496 1487 ἐξ
2545 1423 2752 1476 αὐτῶν·
2790 1425 2836 1476 εί
2873 1424 2928 1476 δὲ
2961 1427 3010 1476 οί
3046 1426 3144 1495 μὲν
3175 1427 3374 1488 πάντες
3400 1428 3690 1495 ἀγαπῶσι
3723 1430 3797 1482 τὰ

2175 1514 2392 1583 ῥήματα
2411 1551 2424 1575 ,
2453 1514 2502 1565 οἱ
2521 1512 2578 1564 δὲ
2604 1513 2776 1566 ταῦτα
2807 1514 3114 1585 γράψαντες
3136 1515 3232 1583 οὐχ
3256 1516 3305 1567 οί
3333 1517 3617 1585 τυχόντες,
3665 1518 3796 1570 ἀλλ’

2172 1606 2220 1656 οί
2265 1605 2329 1657 ὲκ
2377 1603 2554 1673 πάσης
2587 1606 2685 1674 τῆς
2722 1604 3045 1675 οἰκουμένης
3076 1605 3420 1669 συνελθόντες
3459 1608 3576 1659 εἰσὶ
3600 1649 3619 1671 ,
3695 1610 3799 1661 καὶ

2173 1695 2380 1759 τ;ύτοις
2410 1695 2876 1768 ἐπιμαρτυροῦσιν
2903 1696 2952 1747 oi
2977 1695 3071 1750 νῦν
3113 1697 3171 1749 ὲν
3210 1699 3273 1767 τῇ
3323 1699 3610 1769 Ἀριμήνῳ
3653 1717 3796 1751 συν-

2174 1786 2415 1848 ελθόντες
2465 1785 2749 1838 ἐπίσκοποι
2782 1785 2825 1837 υ¹
2853 1786 2946 1837 καὶ
2979 1784 3213 1846 πλείους·
3242 1784 3358 1847 πῶς
3527 1787 3646 1838 οὐκ
3691 1789 3794 1840 ἆν-

2101 1876 2141 1930 Β
2169 1895 2357 1947 τικρυς
2407 1878 2616 1947 ἐλέγχει
2661 1876 2817 1928 τοῦτο
2853 1876 2976 1938 τοὺς
3008 1874 3148 1928 κατὰ
3180 1875 3279 1945 τῆς
3313 1874 3534 1928 συνόδου
3571 1877 3792 1943 λέγον-

2170 1985 2289 2030 τας,
2327 1968 2400 2031 ὡς
2431 1969 2491 2020 οὐ
2516 1967 2583 2019 τὰ
2617 1967 2836 2038 ῥήματά
2867 1968 3011 2019 ἐστιν
3039 1966 3186 2018 αὔτια
3212 2005 3226 2029 ,
3277 1964 3391 2016 ἀλλ’
3421 1966 3454 2034 ἡ
3489 1966 3800 2020 κακόνοια

2171 2059 2276 2111 τῶν
2308 2059 2802 2129 παρεξηγουμένων
2829 2056 2898 2110 τὰ
2928 2054 3187 2119 τοιαῦτα;
3218 2055 3378 2109 Πόσοι
3403 2095 3416 2119 ,
3443 2056 3659 2119 κακῶς
3699 2058 3797 2110 ὲν·-

2170 2148 2525 2217 τυγχάνοντες
2543 2151 2661 2210 ταῖς
2685 2147 2857 2211 θείαις
3015 2147 3260 2217 Γραφαίς
3287 2147 3381 2200 καὶ
3409 2148 3800 2218 παρανοοῦν-

2169 2257 2259 2302 τες
2287 2239 2486 2302 ταύτας
2505 2279 2520 2303 ,
2551 2239 2921 2310 κατηγοροῦσι
2952 2238 3058 2292 τῶν
3093 2240 3295 2306 ἁγίωνῐ
3329 2233 3431 2292 οἷοι
3460 2240 3801 2308 γεγόνασιν

2171 2332 2218 2383 οἱ
2251 2332 2347 2401 μὲν
2379 2331 2500 2383 τότε
2541 2331 2799 2396 Ἰουδαῖοι,
2827 2331 2902 2401 μὴ
2938 2330 3217 2401 δεξάμενοι
3243 2330 3333 2382 τὸν
3362 2330 3594 2400 Κύριον,
3637 2334 3706 2384 οἱ
3736 2333 3803 2385 δὲ

2170 2422 2263 2474 νῦν
2290 2423 2576 2492 Μανιχαῐοι
2611 2421 3052 2492 βλασφημοῦντες
3091 2422 3180 2474 τὸν
3210 2421 3401 2491 νόμον-
3439 2423 3532 2474 καὶ
3558 2423 3692 2492 οὐχ
3736 2426 3801 2476 αἱ

2170 2513 2208 2563 Γ
2216 2513 2384 2584 ραφαὶ
2428 2514 2712 2580 γεγόνασιν
2745 2514 2927 2575 αὐτοῖς
2955 2511 3146 2578 αἴτιαι,
3176 2512 3288 2565 ἀλλ’
3330 2515 3362 2582 ἠ
3389 2512 3541 2582 σφῶν
3576 2513 3805 2566 αὐτῶν

2170 2604 2573 2673 κακοφροσύνη.
2633 2605 2696 2656 Εἰ
2733 2604 2829 2672 μὲν
2856 2600 2948 2657 οῦν
2982 2604 3257 2667 ἀποδεῖξαι
3286 2603 3514 2656 δύνασθε
3547 2604 3629 2657 τὰ
3681 2607 3800 2676 ῥή-

2172 2711 2314 2764 ματα
2347 2693 2521 2761 φαῦλα
2547 2733 2561 2756 ,
2595 2694 2751 2746 τοῦτο
2784 2698 2984 2747 ποιεῖτε
3013 2730 3028 2756 ,
3195 2695 3290 2746 καὶ⁸
3318 2694 3472 2762 λόγος
3507 2697 3807 2764 ἡγείσθω

2167 2790 2266 2859 τῆς
2300 2788 2624 2855 ἀποδείξεως
2647 2805 2658 2816 °
2699 2789 2790 2840 καὶ
2821 2788 2896 2856 μὴ
2924 2787 3321 2858 προφασίζεσθε
3346 2787 3471 2848 τοὺς
3515 2787 3803 2840 σκανδα-

2168 2880 2482 2951 λιζομένους
2503 2919 2516 2941 ,
2566 2881 2654 2933 ἵνα
2687 2880 2760 2950 μὴ
2798 2879 2992 2931 ταυτὸν
3045 2878 3252 2946 πάθητε
3289 2880 3398 2941 τοῖς
3429 2879 3556 2930 τότε
3584 2880 3805 2950 Φαρι-

2151 2972 2360 3034 σαίοις.
2421 2970 2527 3022 Καὶ
2554 2969 2662 3041 γὰρ
2694 2970 2958 3024 κάκείνων
2987 2968 3469 3040 προφασιζομένων
3511 2970 3804 3023 σκανδα-

2167 3061 2408 3128 λίζεσθαι
2430 3063 2522 3114 ἐπὶ
2545 3064 2664 3124 ταῖς
2689 3061 2781 3114 τοῦ
2813 3062 3017 3132 Κυρίου
3043 3061 3302 3130 διδαχαῖς,
3339 3059 3521 3127 ἔλεγεν
3564 3061 3806 3126 αὐτοῖς

2167 3158 2194 3210 ὁ
2218 3154 2419 3227 Κύριος
2439 3171 2451 3184 ·
2493 3174 2510 3205 ι
2539 3155 2696 3206 Πᾶσα
2722 3154 2936 3221 φυτεία,
2967 3156 3031 3223 ἣν
3058 3154 3158 3205 οὐκ
3181 3153 3474 3222 ἐφύτευσεν
3495 3155 3527 3204 ὁ
3560 3154 3805 3226 Πατήρ

2172 3258 2270 3310 μου
2323 3244 2349 3293 ὁ
2379 3241 2657 3311 οὐράνιος,
2699 3240 3149 3311 ἐκριζωθήσεται.
3185 3260 3202 3290 ι
3265 3241 3434 3293 Τοῦτο
3469 3240 3530 3293 δὲ
3578 3240 3800 3310 λέγων

2169 3331 2439 3384 ἐδείκνυεν
2458 3372 2472 3394 ,
2512 3332 2585 3394 ὡς
2615 3332 2674 3384 οὐ
2705 3332 2772 3384 τὰ
2795 3332 2890 3384 τοῦ
2915 3331 3126 3403 Πατρὸς
3159 3332 3224 3384 δι’
3258 3331 3418 3384 αὐτοῦ
3477 3349 3494 3381 ι
3521 3334 3802 3398 φυτευό-

2173 3440 2307 3494 μενα
2335 3443 2353 3474 ι
2408 3425 2626 3494 ῥήματα
2670 3423 2965 3478 σκάνδαλον
2997 3421 3137 3496 ἦσαν
3172 3426 3387 3486 αὐτοῖς,
3431 3423 3550 3477 ἀλλ’
3597 3426 3801 3479 αὐτοὶ

2168 3514 2352 3576 κακῶς
2395 3516 2734 3586 ἐκδεχόμενοι
2762 3515 2828 3569 τὰ
2857 3515 3034 3578 καλῶς
3068 3515 3332 3585 λεγόμενα
3361 3514 3800 3580 ὲσκανδάλιζον

2094 3607 2185 3662 τοῦ
2243 3609 2598 3672 ’Λποστόλου,
2647 3612 2708 3664 οὐ
2757 3609 2849 3662 τοῦ
2901 3610 3114 3663 Παύλου
3140 3650 3155 3674 ,
3209 3609 3344 3663 ἀλλὰ
3392 3610 3491 3679 τῆς
3537 3611 3798 3666 ἑαυτῶν

2383 3791 2531 3842 Ἐπεὶ
2585 3791 2779 3860 (καλὸν
2843 3791 2950 3862 γὰρ
3013 3792 3209 3854 αὐτοὺς
3258 3791 3477 3862 ἐρέσθαι
3524 3791 3792 3865 τοῦτο,)

2165 3885 2374 3945 εἴπατε,
2436 3883 2578 3944 τίνες
2625 3883 2793 3944 εἰσὶν,
2858 3882 2952 3944 οὓς
3005 3881 3400 3951 προφασίζεσθε
3458 3885 3796 3942 σκανδαλί-

2166 3974 2351 4038 ζεσθαι
2386 3973 2480 4026 καὶ
2522 3973 2862 4042 θορυϐεῖσθαι
2914 3976 3005 4028 ἐπὶ
3043 3975 3285 4040 τούτοις;
3328 3976 3446 4028 Τῶν
3492 3977 3596 4046 μὲν
3649 3982 3790 4053 γὰρ

2164 4064 2527 4118 εὐσεϐούντων
2573 4067 2652 4127 εἰς
2695 4065 2784 4117 τὸν
2809 4066 3040 4135 Χριστὸν
3065 4066 3238 4141 οὐδεὶς
3263 4105 3277 4129 ,
3327 4066 3465 4120 αὐτὰ
3646 4073 3789 4144 γὰρ

2164 4157 2522 4228 πρεσϐεύουσι
2576 4156 2669 4208 καὶ
2710 4155 3033 4209 ὲκδικοῦσιν.
3087 4157 3150 4209 Εἰ
3195 4157 3248 4208 δὲ
3294 4158 3399 4210 τῶν
3445 4159 3786 4228 Ἀρειανῶν

2163 4249 2298 4300 εἰσιν
2325 4249 2372 4299 οἱ
2394 4246 2551 4299 τοῦτο
2594 4245 2892 4315 πάσχοντες
2911 4286 2924 4310 ,
2954 4247 3006 4299 τί
3035 4247 3342 4316 θαυμαστὸν
3362 4287 3376 4311 ,
3406 4249 3455 4300 εί
3493 4250 3588 4301 ἐπὶ
3637 4256 3784 4318 τοῖς

2163 4338 2474 4408 ἀναιροῦσιν
2533 4337 2710 4390 αὐτῶν
2769 4337 2868 4408 τὴν
2914 4339 3123 4408 αἵρεσιν
3169 4337 3586 4408 ἄχθονται;-Οὐ
3641 4347 3780 4417 γάρ

2163 4435 2308 4484 ἐστιν
2357 4431 2536 4493 αὐτοῖς
2562 4429 2853 4483 σκάνδαλον
2873 4429 2940 4481 τὰ
2965 4430 3218 4500 ῥήματα·
3251 4431 3386 4484 ἀλλὰ
3491 4428 3496 4433 ’
3551 4431 3720 4502 λύπη
3755 4479 3773 4498 ,

493 4525 650 4595 cippo
681 4524 948 4593 insculpta
993 4537 1146 4577 suam
1190 4523 1421 4578 haeresin
1471 4522 1774 4578 traducant.
1818 4513 2058 4604 Desinite

2166 4524 2240 4574 ὅτι
2269 4519 2639 4591 στηλογραφία
2668 4519 2808 4572 κατὰ
2827 4520 2923 4589 τῆς
2939 4520 3187 4583 ἀσεϐείας
3215 4520 3392 4574 αὐτῶν
3413 4523 3583 4574 ἐστιν.
3605 4525 3771 4578 Οὐκ-

495 4623 658 4693 igitur
685 4621 946 4676 adversus
976 4619 1168 4674 Patres
1199 4629 1418 4674 nostros
1659 4618 1762 4671 hac
1796 4618 1861 4671 de
1893 4631 2057 4680 causa

495 4717 908 4774 obmurmurare
942 4729 953 4764 :
995 4710 1197 4780 alioqui
1233 4719 1430 4776 restat,
1465 4717 1525 4762 ut
1575 4723 1792 4762 crucem
1841 4722 2060 4782 quoque

498 4805 834 4860 Dominicam
869 4804 1183 4872 \‘ituperetis
1206 4845 1219 4868 ,
1263 4801 1407 4870 quod
1445 4814 1509 4854 ea
1545 4797 1752 4854 Judaeis
1794 4800 1864 4853 sit
1899 4813 2059 4853 scan-

496 4894 702 4960 dalum,
726 4894 974 4963 gentibus
1012 4899 1190 4946 autem
1217 4890 1468 4958 stultitia,
1497 4901 1556 4946 ut
1587 4890 1723 4944 dixit
1741 4889 2055 4959 Apostolus.

488 4982 693 5040 'Verum
732 4987 1187 5054 quemadmodum
1227 5001 1358 5040 crux
1395 4988 1537 5039 mala
1585 5002 1691 5041 non
1737 4995 1853 5046 est,
1902 4986 2057 5038 nobis

493 5066 634 5118 enim
667 5066 756 5134 qui
786 5065 1078 5129 credimus,
1113 5083 1128 5114 ι
1170 5064 1423 5119 Christus
1457 5075 1536 5120 est
1561 5063 1652 5117 Dei
1684 5065 1856 5118 virtus
1883 5074 1936 5118 et
1971 5063 2063 5117 Dei

495 5153 758 5222 sapientia
789 5153 809 5182 '
843 5194 856 5218 ,
899 5173 918 5205 ι
956 5152 1166 5207 etiamsi
1198 5152 1365 5207 Judaei
1397 5154 1708 5219 insaniant;
1743 5155 1811 5207 ita
1847 5168 2065 5222 quoque

493 5244 714 5298 Patrum
747 5244 909 5298 verba
941 5259 1046 5297 non
1078 5259 1352 5312 perversa,
1400 5246 1490 5298 sed
1527 5244 1677 5299 utilia
1712 5255 1835 5300 sunt
1867 5246 1934 5300 iis
1973 5245 2064 5314 qui
2117 5291 2122 5300 .

494 5350 652 5403 teque
681 5334 865 5388 animo
899 5349 962 5387 ea
1012 5332 1236 5401 legunt,
1295 5335 1520 5403 ipsaque
1573 5351 1790 5388 onmem
1840 5335 2065 5388 omnino

495 5425 780 5479 destruunt
831 5423 1195 5493 impietatem:
1250 5423 1500 5493 quamvis
1551 5423 1738 5478 Ariani
1791 5424 2066 5486 multoties

495 5497 926 5585 disrumpantur,
964 5513 1110 5583 quod
1133 5529 1252 5568 sese
1273 5513 1342 5566 ab
1367 5512 1475 5567 illis
1507 5513 1794 5566 damnatos
1824 5511 2061 5566 videant.

495 5603 936 5660 Demonstratum
976 5607 1159 5676 itaque
1185 5613 1270 5659 est
1306 5600 1451 5658 illam
1505 5604 1744 5659 scandali
1781 5619 1941 5673 quam
1986 5600 2066 5655 af-

575 5761 593 5792 ί
632 5760 822 5815 Matth.
852 5776 941 5827 xv,
977 5761 1065 5815 13.
1142 5764 1161 5793 ¹
1197 5760 1213 5815 Ι
1243 5761 1368 5817 Cor.
1406 5778 1443 5825 ι,
1472 5760 1565 5814 21.

2163 4611 2256 4665 οῦν
2288 4610 2568 4664 παύσασθε
2611 4610 2968 4679 γογγύζοντες
3013 4611 3152 4664 κατὰ
3197 4611 3304 4662 τῶν
3331 4611 3618 4680 Πατέρων,
3658 4616 3775 4666 καὶ

2161 4704 2384 4757 τοιαῦτα
2409 4702 2909 4776 προφασιζόμενοι·
2946 4704 3066 4756 ἐπεὶ
3103 4702 3220 4772 ὥρα
3261 4703 3402 4773 ὑμᾶς
3445 4705 3770 4774 καταμέμ-

2163 4796 2356 4865 φεσθαι
2395 4797 2490 4850 καὶ
2526 4795 2602 4865 τῷ
2627 4794 2874 4866 κυριακῴ
2897 4795 3112 4865 σταυρῷ
3145 4829 3160 4854 .
3317 4795 3399 4846 ὅτι
3462 4793 3765 4860 Ἰουδαίοις

2165 4889 2263 4958 μὲν
2293 4888 2584 4942 σκάνδαλόν
2619 4891 2800 4953 ἐστιν,
2837 4875 3017 4939 ἔθνεσι.
3043 4886 3098 4952 δὲ
3141 4885 3320 4956 μωρία
3345 4882 3378 4950 ,Α
3401 4885 3476 4948 ὡς
3515 4878 3683 4937 εἶπεν
3723 4891 3764 4942 ὀ

2173 4980 2508 5042 Ἀπόστολος.
2556 4979 2693 5031 Ἀλλ’
2718 4980 2904 5047 ὥσπερ
2935 4978 2992 5030 οὐ
3018 4976 3266 5045 φαῦλοςὸ
3298 4978 3528 5038 σταυρὸς
3552 4995 3565 5006 ·
3604 4979 3759 5046 ἡμῖν

2158 5060 2265 5131 γὰρ
2296 5061 2404 5122 τοῖς
2448 5059 2789 5114 πιστεύουσίν
2837 5063 2952 5120 ἐστι
2986 5079 3002 5109 ι
3041 5061 3274 5131 Χριστὸς
3311 5060 3444 5115 Θεοῦ
3485 5060 3755 5130 δύναμις,

2159 5150 2251 5201 καὶ
2284 5147 2414 5201 Θεοῦ
2442 5149 2622 5217 σοφία,
2657 5169 2674 5200 ι
2705 5149 2804 5202 κᾶν
2843 5151 3080 5203 Ἰουδαῖοι
3116 5150 3434 5220 μαίνωνται·
3471 5151 3649 5213 οὕτως
3681 5153 3753 5202 οὐ

2159 5238 2336 5306 φαῦλα
2369 5240 2434 5290 τὰ
2456 5239 2561 5291 τῶν
2588 5239 2845 5309 Πατέρων
2887 5241 3130 5310 ῥήματα,
3166 5240 3280 5294 ἀλλ’
3325 5239 3581 5309 ὠφέλιμα
3630 5243 3756 5303 τοῖς

2159 5331 2393 5400 γνησίως
2427 5331 2830 5400 ἐντυγχάνουσι,
2889 5333 2979 5384 καὶ
3029 5331 3348 5404 ἀναιρετικὰ
3397 5331 3580 5402 πάσης
3624 5333 3749 5384 ciss-

2159 5421 2309 5484 ϐείας
2337 5422 2473 5484 ἐστὶ,
2503 5422 2603 5476 κᾶν
2624 5425 2672 5475 οἱ
2719 5422 2984 5494 Ἀρειανοὶ
3029 5424 3289 5488 πολλάκις
3327 5423 3750 5494 διαρῤηγνύων-

2158 5530 2267 5575 ται,
2301 5514 2748 5583 κατακρινόμενοι
2785 5515 2914 5584 παρ’
2939 5515 3138 5569 αὐτῶν.
3171 5516 3300 5568 ’Ότε
3330 5515 3507 5567 τοίνυν
3548 5515 3582 5585 ὴ
3614 5513 3754 5584 περὶ

2159 5604 2266 5657 τῶν
2327 5603 2826 5675 σκανδαλιζομένων
2892 5605 3156 5669 ἀπίθανος
3203 5605 3472 5658 δέδεικται
3530 5605 3757 5675 πρόφα-
