4032 6288
257 399 334 464 ibi
1207 395 1580 463 PANOI’LIA
1629 402 2082 464 DOGMATiCA.
2129 426 2191 435 -
2228 401 2376 461 ΊῚΤ.
2409 400 2507 459 XI.

3367 391 3470 460 £62

255 553 320 598 σις
352 574 366 595 .
480 534 668 589 εἴπατε
693 535 876 589 λοιπὸν
905 537 1080 608 ὑμεῖς,
1113 539 1229 602 πῶς
1254 542 1354 594 οὐκ
1383 541 1682 612 ἀρέσκεσθε
1705 541 1796 612 τῷ,

1907 537 2087 594 ferunt
2128 541 2395 592 rationem
2450 537 2651 592 nullius
2684 531 2805 591 esse
2846 534 3268 605 probabilitatis.
3305 535 3476 590 Caete-'

255 627 347 724 «ἐκ
503 623 714 687 οὐσίας,
747 642 766 674 ι
790 625 1013 695 ὀνόματι
1034 643 1049 689 ;
1073 625 1243 680 Τοῦτο
1273 628 1382 700 γὰρ
1413 631 1624 701 πρῶτον
1649 632 1806 698 ἀναγ-

250 715 380 764 καῖον
408 715 693 785 ἁῦακρῖναι
713 729 728 743 ·
763 715 939 768 καίτοι
971 715 1065 768 καὶ
1109 717 1267 786 ὑμεῖς
1305 719 1579 789 ἐγράψατε
1616 723 1679 774 ὲκ
1712 721 1804 776 τοῦ

249 803 440 872 Πατρὸς
476 803 833 873 γεγεννῆσθαι
997 805 1089 858 τὸν
1110 806 1277 874 Υίόν;
1307 809 1369 861 Ei
1419 809 1517 880 μὲν
1568 805 1659 863 οὖν
1716 811 1805 862 τὸν

252 894 450 964 Πατέρα
466 895 842 964 ὀνομάζοντες,
870 895 903 966 ἢ
937 896 1018 962 τὸ,
1053 916 1070 949 ι
1101 898 1252 963 Θεὸς,
1288 919 1306 951 ι
1342 900 1514 970 δνομα
1535 901 1804 970 λέγοντες,

263 985 344 1036 οὐκ
371 985 555 1037 οὐσίαν
585 985 898 1054 σημαίνετε,
929 988 1047 1041 οὐδὲ
1073 991 1232 1044 αὑτὸν
1260 992 1350 1044 τὸν
1378 992 1506 1046 ὄντα
1525 994 1657 1066 ὅπερ
1691 995 1808 1045 ἐστὶ

271 1078 367 1130 κατ’
391 1077 576 1130 οὐσίαν
597 1081 789 1144 νοεῖτε,
825 1079 939 1133 ἀλλ’
978 1081 1162 1152 ἕτερόν
1208 1099 1258 1134 τι
1292 1083 1419 1152 περὶ
1452 1083 1644 1148 αὐτὸν,
1685 1083 1717 1154 ἢ
1749 1084 1810 1136 τὸ

273 1167 375 1235 γοῦν
406 1169 605 1240 χεῖρον,
637 1169 726 1224 ἵνα
756 1171 830 1242 μὴ
859 1173 988 1243 παρ’
1033 1171 1168 1242 ἐμοῦ
1193 1172 1448 1243 λέγηται,
1485 1174 1575 1228 διὰ
1607 1176 1808 1229 τούτων

247 1271 254 1306 τ
272 1259 526 1329 σημαίνετε
553 1297 566 1321 ,
695 1259 801 1313 ἔδει
821 1261 894 1332 μὴ
909 1262 1137 1332 γράφειν
1154 1264 1296 1332 ὑμᾶς
1312 1265 1374 1317 ὲκ
1392 1263 1483 1318 τοῦ
1502 1266 1711 1335 Πατρὸς
1721 1266 1808 1319 τὸν

246 1350 384 1418 ,λ’ἱὸν,
419 1349 532 1402 ἀλλ’
581 1351 647 1404 ὲκ
694 1351 802 1405 τῶν
844 1355 971 1425 περὶ
999 1355 1158 1406 αὐτὸν
1188 1355 1220 1426 ἢ
1252 1355 1359 1408 τῶν
1407 1358 1463 1409 ἐν
1511 1357 1658 1426 αὐτῷ
1679 1375 1692 1387 °
1723 1359 1807 1411 ἵνα

262 1439 518 1508 φεύγοντες
540 1440 722 1510 λέγειν
744 1443 962 1514 ἀληθῶς
992 1446 1209 1517 Πατέρα
1244 1448 1335 1500 τὸν
1358 1447 1490 1500 Θεὸν
1513 1487 1526 1510 ,
1557 1448 1806 1501 σύνθετον

261 1532 306 1583 δὲ
332 1531 410 1584 τὸν
441 1531 660 1594 ἁπλοῦν,
716 1535 810 1586 καὶ
868 1537 1190 1606 σωματικῶς
1235 1539 1396 1592 αὑτὸν
1443 1539 1800 1604 ἐπινοοῦντες,

261 1623 542 1693 καινοτέρας
566 1623 914 1696 βλασφημίας
939 1628 1228 1699 ὲφευρεταὶ
1264 1630 1513 1700 γένησθε.
1560 1630 1714 1683 Οὕτω
1746 1631 1802 1683 δὲ

260 1715 489 1780 νοοῦντες,
521 1718 579 1781 ἐξ
599 1717 848 1790 ἀνάγκης
877 1721 969 1773 καὶ
993 1720 1084 1773 τὸν
1109 1722 1298 1790 Λόγον,
1334 1724 1425 1775 καὶ
1456 1723 1516 1774 τὸ
1542 1723 1687 1788 Υἱὸς,
1705 1724 1802 1775 οὐκ

263 1806 420 1859 οὐσίαν
461 1845 476 1872 ,

264 1896 393 1967 ἄχρις
421 1897 690 1967 ὀνομάτων
720 1899 869 1970 ἔχετε
899 1902 996 1972 τὴν
1021 1905 1226 1956 ἑαυτῶν
1261 1906 1557 1974 φαντασίαν
1576 1923 1588 1936 “
1648 1908 1738 1959 καὶ
1767 1906 1800 1960 ἃ

262 1987 436 2055 λέγετε,
486 1991 583 2043 οὐκ
638 1987 776 2045 εἶναι
819 1992 1120 2057 πιστεύετε,
1159 1995 1292 2048 ἀλλὰ
1353 1996 1427 2065 μὴ
1472 1993 1608 2050 εἶναι
1657 2015 1791 2068 φρο-

266 2089 378 2132 νειτε
385 2117 398 2132 ι

416 2347 582 2404 Τοῦτο
618 2351 678 2405 δὲ
725 2350 1094 2404 Σαδδουκαίων
1137 2352 1336 2422 μᾶλλον
1379 2353 1474 2404 καὶ
1517 2352 1625 2405 τῶν
1673 2356 1794 2423 παρ’

261 2442 452 2514 Titii-,ct
483 2442 780 2512 λεχθέντων
814 2441 985 2495 ἀθέων
1153 2444 1268 2496 ἐστὶ
1302 2445 1363 2496 τὸ
1389 2445 1665 2516 τόλμημα.
1707 2448 1797 2499 Διὸ

261 2537 356 2588 οὐδὲ
375 2537 466 2606 τὴν
497 2536 674 2590 κτίσιν
702 2534 867 2588 αὐτοῦ
916 2535 1007 2588 τοῦ
1051 2537 1200 2599 ὄντος
1241 2535 1375 2590 Θεοῦ
1412 2538 1798 2610 δημιούργημα

263 2620 373 2676 εἶναι
403 2625 598 2694 φήσετε
619 2642 632 2654 ο
667 2626 724 2678 εί
737 2640 806 2693 γε
831 2624 892 2677 τὸ
920 2625 1109 2696 Πατὴρ
1133 2627 1226 2678 καὶ
1251 2626 1310 2678 τὸ
1335 2626 1470 2688 Θεὸς
1499 2629 1598 2681 οὐκ
1629 2629 1795 2700 αὐτὴν

262 2715 342 2784 τὴν
360 2715 442 2767 τοῦ
483 2716 636 2780 ὄντος
673 2716 864 2769 οὐσίαν
911 2715 1265 2786 σημαίνουσιν
1288 2758 1304 2782 ,
1339 2717 1456 2770 ἀλλ’
1495 2718 1678 2789 ἕτερόν
1720 2737 1793 2785 τι,

265 2806 372 2876 ὅπερ
394 2807 542 2876 ὑμεῖς
572 2807 963 2861 ἀναπλάττετε.
1012 2807 1172 2861 Ἀλλὰ
1199 2806 1357 2862 τοῦτο
1395 2809 1651 2873 δυσσεϐὲς
1703 2813 1796 2864 καὶ

269 2893 359 2948 λίαν
385 2897 624 2968 ἀπρεπές
648 2899 765 2951 ἐστι
788 2898 883 2951 καὶ
915 2898 1072 2968 μόνον
1102 2897 1472 2969 ἐνθυμεῖσθαι.
1499 2902 1562 2954 Ei
1592 2901 1648 2955 δὲ
1670 2903 1795 2955 ὅταν

269 2985 494 3056 ἀκούομεν
541 3004 557 3020 ·
710 3007 730 3040 ‹
781 2987 922 3056 Ἑγώ
950 2991 1062 3060 εἰμι
1092 2993 1120 3043 6
1143 2989 1246 3044 ὤν’
1288 3010 1306 3040 ο
1345 2993 1460 3055 καὶ,
1493 3010 1510 3042 ι
1533 2994 1620 3046 Ἐν
1655 2994 1796 3065 ἀρχῇ

262 3075 480 3146 ἐποίησεν
529 3077 559 3130 6
607 3077 740 3142 Θεὸς
767 3079 860 3132 τὸν
904 3081 1130 3150 οὐρανὸν
1185 3081 1280 3132 καὶ
1307 3080 1405 3150 τὴν
1456 3081 1594 3151 γῆνο
1622 3101 1640 3132 ι
1682 3084 1794 3148 καὶ,

265 3169 483 3234 ι’Δκουε,
532 3169 747 3240 Ἰσραὴλ
778 3204 794 3230 ,

257 3253 322 3320 εἷς
341 3261 476 3312 ἐστι·
518 3280 536 3311 ι
569 3260 682 3325 καὶ,
716 3279 735 3312 ‹
771 3260 906 3313 Τάδε
939 3259 1086 3330 λέγει
1116 3263 1318 3335 Κύριος
1343 3265 1789 3334 παντοκράτωρ»

255 3349 336 3419 οὐχ
355 3351 527 3421 ἔτερόν
550 3368 601 3404 τι
625 3351 739 3404 ἀλλ’
764 3353 932 3424 αὐτὴν
954 3352 1050 3423 τὴν
1076 3353 1251 3424 ἁπλῆν
1277 3354 1373 3408 καὶ
1401 3354 1676 3426 μακαρίαν
1703 3356 1794 3407 καὶ

257 3439 603 3511 ἀκατάληπτον
622 3442 715 3495 τοῦ
739 3441 888 3506 ὅντος
907 3444 1093 3498 οὐσίαν
1122 3443 1348 3515 νοοῦμεν
1368 3462 1381 3476 ·
1411 3445 1512 3498 κᾶν
1538 3445 1646 3518 γὰρ
1673 3446 1796 3498 ἀδυ-

257 3530 404 3594 νάτως
449 3531 659 3601 ἔχωμεν
705 3531 1046 3612 καταλαϐεῖν,
1093 3533 1122 3585 ὃ
1172 3549 1223 3584 τι
1279 3534 1409 3585 ποτέ
1463 3534 1644 3598 ἐστιν,
1681 3535 1794 3588 ἀλλ’

254 3618 505 3684 ἀκούοντες
530 3624 610 3685 τὸ,
646 3621 854 3692 Πατὴρ,
885 3623 977 3675 καὶ
1008 3623 1068 3675 τὸ
1091 3664 1105 3689 ,
1140 3623 1290 3689 Θεὸς,
1321 3625 1412 3677 καὶ
1445 3625 1538 3686 τὸ,
1593 3627 1794 3680 Παντο-

252 3709 466 3780 κράτωρ,
490 3712 587 3780 οὐχ
618 3712 804 3781 ἕτερόν
833 3729 909 3778 τι,
943 3710 1055 3764 ἀλλ’
1078 3712 1244 3783 αὐτὴν
1275 3713 1370 3783 τὴν
1399 3714 1492 3766 τοῦ
1533 3715 1681 3780 ὕντος
1705 3719 1795 3770 οὐ-

251 3800 356 3853 σίαν
380 3803 775 3874 σημαινομένην
804 3802 1051 3874 νοοῦμεν.
1086 3805 1356 3874 Εἰρήκατε
1389 3806 1445 3858 δὲ
1487 3808 1579 3860 καὶ
1638 3810 1794 3877 ὑμεῖς

249 3888 304 3939 ἑκ
337 3889 420 3942 τοῦ
452 3890 585 3944 Θεοῦ
611 3893 702 3945 τὸν
751 3892 876 3945 Υἱὸν
902 3931 918 3955 ,
953 3893 1192 3963 δηλονότι
1223 3895 1289 3946 ὲκ
1473 3895 1574 3965 τῆς
1605 3897 1791 3958 οὐσίας

247 3979 326 4031 τοῦ
352 3983 550 4054 Πατρὸς
575 3986 738 4038 αὐτὸν
764 3986 1040 4056 εἰρήκατε.
1076 3987 1291 4057 Ἐπειδὴ
1312 3987 1368 4040 δὲ
1394 3989 1486 4040 καὶ
1509 3989 1613 4056 πρὸ
1637 3987 1789 4057 ὑμῶν

247 4070 470 4138 λέγουσιν
493 4077 546 4128 αὶ
569 4076 784 4147 Γραφαὶ
810 4077 902 4132 τὸν
929 4079 1131 4148 Κύριον
1161 4078 1288 4132 Υἱὸν
1319 4080 1413 4132 τοῦ
1447 4080 1676 4149 Πατρὸς,
1700 4079 1793 4130 καὶ

249 4161 342 4230 πρὸ
359 4164 548 4229 αὐτῶν,
583 4166 741 4228 αὐτὸς
781 4169 810 4217 6
852 4167 1041 4236 Πατὴρ
1067 4166 1317 4236 εἴρηκεν·
1359 4188 1376 4218 ι
1431 4160 1598 4229 Οὗτός
1647 4169 1792 4219 ἐστιν

248 4251 273 4301 6
301 4251 413 4315 Υἱός
439 4271 536 4324 μου
568 4258 597 4308 6
626 4257 908 4326 ἀγαπητός
932 4275 944 4286 ·
972 4277 991 4309 i
1031 4262 1059 4309 Ι
1077 4259 1153 4322 ἰὸς
1179 4259 1235 4312 δὲ
1265 4259 1412 4312 οὐδὲν
1439 4260 1622 4330 ἕτερόν
1645 4261 1791 4313 ἐστιν

246 4338 276 4405 ἢ
298 4339 351 4392 τὸ
381 4342 439 4394 ἐκ
456 4342 547 4396 τοῦ
571 4345 780 4414 Πατρὸς
805 4346 1051 4418 γέννημα
1071 4362 1086 4376 ·
1118 4349 1233 4412 πῶς
1285 4352 1345 4402 οὐ
1382 4351 1660 4417 φαίνονται
1690 4369 1790 4406 κα-

245 4431 340 4498 λῶς
367 4438 640 4510 εἰρηκότες
665 4438 715 4490 οἱ
748 4439 992 4510 Πατέρες
1022 4443 1084 4494 ὲκ
1108 4441 1206 4511 τῆς
1238 4443 1422 4505 οὐσίας
1451 4441 1545 4496 τοῦ
1587 4445 1798 4513 Πατρὸς

245 4523 325 4577 τὸν
369 4527 509 4594 Υἱὸν,
567 4531 913 4600 λογισάμενοι
968 4532 1164 4585 ταυτὸν
1217 4528 1352 4586 εἶναι
1399 4533 1458 4585 τὸ

242 4613 498 4687 ὀρθῶς,ὲκ
524 4619 619 4674 τοῦ
653 4620 808 4686 Θεοῦ,
827 4622 919 4674 καὶ
947 4621 1006 4674 τὸ
1028 4625 1219 4686 εἰπεῖν,
1251 4625 1315 4676 ἐκ
1343 4627 1440 4694 τῆς
1471 4624 1682 4688 οὐσίας
1715 4624 1794 4677 Τὰ

242 4707 329 4774 μὲν
357 4711 459 4783 γὰρ
483 4713 761 4782 κτίσματσ.
791 4713 992 4777 πάντα,
1037 4715 1138 4768 κᾶν
1181 4719 1244 4767 ἐκ
1274 4714 1366 4766 τοῦ
1402 4715 1534 4767 Θεοῦ
1573 4717 1794 4786 λέγηται

236 4803 586 4871 γεγενῆσθαι,
620 4803 743 4857 ἀλλ’
776 4805 872 4873 οὐχ
899 4805 975 4867 ὡς
1013 4807 1040 4857 ὁ
1078 4805 1206 4868 Υἱός
1232 4807 1367 4858 εἰσιν
1400 4809 1464 4858 ἐκ
1500 4805 1591 4858 τοῦ
1620 4807 1753 4860 Θεοῦ
1776 4825 1788 4836 ·

231 4889 290 4940 οὐ
318 4892 422 4962 γὰρ
452 4895 788 4964 γεννήματα,
843 4893 980 4947 ἀλλὰ
1010 4897 1288 4965 ποιήματά
1332 4898 1436 4949 εἰσι
1465 4897 1562 4966 τὴν
1608 4897 1787 4965 φύσιν.

235 4995 255 5027 t
278 4979 361 5034 Ἐν
381 4983 514 5054 ἀρχῇ
545 4983 679 5052 γοῦν
699 4987 728 5036 6
753 4984 884 5048 Θεὸς
917 5005 934 5035 i
952 4987 1050 5037 οὐκ
1072 4985 1380 5056 ἐγέννησεν,
1399 4987 1511 5040 ἀλλ’
1532 5006 1548 5038 ι
1572 4988 1791 5057 ἐποίησε

226 5069 315 5122 τὸν
339 5075 558 5144 οὐρανὸν
583 5077 681 5131 καὶ
728 5077 826 5146 τὴν
856 5078 980 5146 γῆν,
1024 5079 1116 5130 καὶ
1144 5078 1321 5130 πάντα
1343 5079 1409 5130 τὰ
1437 5082 1493 5132 ὲν
1525 5080 1734 5144 αὐτοῖς,
1769 5100 1786 5132 ι

229 5161 453 5232 εἴρηται.
641 5169 752 5221 Καὶ
779 5171 875 5238 οὐχ
904 5173 931 5222 6
955 5171 1176 5236 γεννῶν,
1213 5171 1322 5223 ἀλλ’
1360 5191 1376 5220 ι
1419 5175 1445 5223 ὁ
1468 5175 1633 5225 ποιῶν
1665 5174 1792 5237 τοὺς

226 5253 480 5323 ἀγγέλους
504 5260 671 5314 αὐτοῦ
699 5261 1003 5331 πνεύματα,
1031 5263 1122 5314 καὶ
1157 5266 1282 5327 τοὺς
1323 5265 1790 5336 λειτουργοὺς”αὐ-

227 5342 314 5395 τοῦ
339 5348 503 5418 πυρὸς
526 5350 722 5419 φλόγα.
756 5371 775 5403 ›
803 5351 864 5404 Εἰ
886 5351 942 5402 δὲ
974 5355 1000 5404 ὁ
1039 5353 1358 5416 Ἀπόστολος
1385 5358 1620 5425 εἴρηκεν,
1649 5377 1663 5406 ι
1698 5353 1792 5419 Εἷς

228 5431 372 5503 Θεὸς,
400 5439 457 5504 ἐξ
481 5433 542 5495 οὗ
576 5442 645 5495 τὰ
679 5442 876 5501 πάντα,
909 5461 926 5491 ι
955 5442 1067 5494 ἀλλ’
1093 5443 1153 5493 οὐ
1182 5441 1270 5494 τὸν
1294 5443 1418 5496 Υἱὸν
1448 5445 1790 5514 συναριῢμῶν

228 5528 331 5589 tbi;
362 5534 513 5596 πᾶσι,
546 5533 706 5586 τοῦτό
739 5551 902 5602 φησιν
927 5550 938 5561 ’
973 5533 1085 5585 ἀλλ’
1139 5535 1325 5603 ἐπειδὴ
1373 5536 1480 5587 τῶν
1524 5536 1790 5605 Ἑλλήνων

302 5722 319 5750 ¹
355 5719 521 5778 Exod.
563 5739 646 5782 in.
686 5725 770 5778 Η.
843 5724 1028 5779 'Gen.
1077 5740 1115 5790 ι,
1148 5726 1198 5778 Ι.

242 5801 346 5856 cm,
377 5795 426 5848 ι.
500 5796 522 5826 ⁸
552 5795 567 5848 l
597 5795 724 5850 Cor.
763 5809 879 5860 vin,
906 5795 959 5848 6.

1277 5727 1296 5758 ³
1326 5723 1483 5780 Deut.
1512 5742 1586 5791 γι,
1621 5727 1674 5781 σί.
1751 5727 1768 5757 ⁴
1800 5727 1931 5782 Gen.
1969 5744 2100 5794 xvu,
2145 5729 2195 5784 1.

1907 645 2025 684 rum
2073 629 2394 697 respondete
2424 627 2600 690 nobis,
2628 643 2726 682 cur
2761 627 2914 681 vobis
2947 627 3051 680 hoc
3077 623 3316 688 dictum,
3351 642 3373 676 ι
3410 639 3475 678 ex

1908 719 2234 781 substantia,
2279 738 2297 769 ι
2335 718 2556 773 minime
2581 717 2753 781 placet
2778 715 2802 768 ?
2830 716 2888 769 Id
2917 716 3062 770 enim
3091 716 3269 785 primo
3300 716 3478 784 inqui-

1907 811 2135 864 rendum
2167 819 2249 864 est
2280 829 2294 864 :
2338 808 2488 879 atqui
2526 825 2622 863 vos
2654 809 2753 878 ipsi
2784 808 3080 876 scripsistis
3102 822 3168 861 ex
3211 806 3370 862 Patre
3395 823 3480 877 ge-

1909 903 2082 956 nitum
2121 900 2319 956 Filium
2351 901 2524 957 esse?
2574 900 2629 953 Si
2659 899 2824 968 igitur
2871 916 2994 953 cum
3035 898 3251 953 Patrem
3301 899 3480 953 norni-

1911 993 2074 1059 natis,
2119 1005 2213 1046 aut
2247 994 2388 1047 hanc
2415 1007 2623 1056 vocem,
2663 1010 2681 1043 ε
2707 990 2851 1046 Deus
2872 1009 2918 1054 ι,
2945 990 3338 1060 pronuntiatis,
3369 1003 3480 1043 non

1911 1085 2269 1138 substantiam
2302 1083 2646 1153 signiﬁcatis,
2694 1095 2871 1153 neque
2902 1084 3082 1152 ipsum
3115 1083 3212 1153 qui
3243 1080 3478 1146 exsistit,

1913 1185 1968 1228 ut
1994 1185 2076 1230 cst
2107 1177 2407 1229 secundum
2443 1175 2807 1229 substantiam
2838 1173 3172 1243 intelligitis;
3204 1173 3299 1227 sed
3330 1171 3478 1224 aliud

1911 1271 2054 1323 circa
2089 1268 2289 1337 ipsum,
2321 1276 2415 1320 aut
2443 1264 2644 1335 aliquid
2677 1264 2849 1334 pejus,
2877 1265 3024 1334 quod
3059 1279 3090 1317 a
3129 1278 3218 1317 me
3263 1262 3474 1315 dictum

1913 1359 2099 1426 nolim,
2127 1375 2223 1429 per
2263 1361 2376 1412 haec
2413 1356 2663 1411 indicatis
2699 1375 2710 1410 :
2757 1355 2912 1409 vobis
2955 1369 3085 1425 ergo
3123 1353 3474 1408 scribendum

1911 1468 2017 1505 non
2052 1450 2171 1515 fuit,
2197 1464 2261 1504 ex
2289 1447 2448 1502 Patre
2473 1445 2666 1499 Filium
2699 1461 2858 1510 esse;
2888 1445 2980 1498 sed
2998 1460 3060 1498 ex
3090 1444 3156 1497 iis
3185 1459 3307 1512 qua:
3333 1443 3478 1497 circa

1910 1544 2086 1611 ipsum
2131 1543 2210 1596 vel
2264 1543 2317 1594 in
2357 1541 2474 1608 ipso
2531 1548 2693 1592 sunt:
2751 1546 2808 1590 ut
2865 1538 2991 1590 hinc
3043 1536 3276 1588 vitantes
3308 1534 3477 1587 Deum

1908 1653 2033 1691 vere
2071 1635 2285 1690 Patrem
2327 1636 2528 1697 dicere,
2553 1645 2789 1699 eumque
2827 1631 2918 1698 qui
2958 1645 3082 1683 vere
3112 1629 3343 1695 simplex
3370 1636 3476 1690 est,

1905 1728 2264 1796 compositum
2320 1735 2756 1794 corporeumque
2817 1721 3222 1790 intelligentes,
3285 1731 3475 1771 recen-

627 1809 744 1861 ἀλλ’
789 1809 959 1881 ὄνομα
993 1812 1149 1882 μόνον
1181 1815 1448 1882 νομίζετε,
1490 1815 1582 1866 καὶ
1619 1815 1796 1868 λοιπὸν

1906 1820 2060 1873 tioris
2101 1816 2450 1886 blasphemia:
2507 1817 2818 1868 inventores
2862 1811 3075 1864 essetis.
3127 1808 3264 1863 Cum
3308 1823 3471 1876 porro

1903 1912 1983 1966 sic
2023 1909 2353 1978 intelligatis,
2394 1922 2614 1962 necesse
2655 1916 2737 1960 est
2781 1915 2840 1958 ut
2882 1903 3119 1957 Verbum
3161 1913 3212 1955 et
3254 1900 3472 1962 Filium,

1904 2020 2011 2058 non
2051 1999 2409 2056 substantiam
2444 1997 2537 2050 sed
2565 2010 2776 2050 merum
2809 2009 3005 2048 nomen
3034 1990 3382 2052 existimetis,
3408 2003 3472 2042 ac

1900 2095 2118 2148 demum
2156 2091 2374 2145 nomine
2427 2097 2606 2148 tenus,
2651 2100 2886 2139 vesu'am
2932 2082 3214 2138 retineatis
3261 2080 3473 2150 opinio-

1903 2200 2060 2237 nem:
2101 2197 2165 2236 ac
2201 2196 2319 2250 quae
2367 2177 2548 2232 dicitis
2587 2175 2735 2228 nullo
2784 2175 2944 2228 modo
2968 2187 3088 2226 esse
3117 2180 3173 2224 et
3199 2181 3472 2238 nusquam

1899 2285 2113 2328 exstare
2155 2271 2422 2325 sentiatis.

2097 2363 2220 2417 Haec
2249 2361 2694 2420 Sadducaeorum,
2731 2358 2841 2410 imo
2870 2358 3052 2424 potius
3091 2367 3282 2406 eorum
3323 2351 3472 2419 quia

1900 2454 2100 2509 Graecis
2124 2451 2272 2506 athei
2297 2455 2583 2510 vocantur,
2625 2446 2853 2500 scelesta
2906 2451 2990 2496 est
3041 2439 3248 2509 opinio.
3295 2437 3472 2504 Atque

1903 2545 2028 2597 hinc
2081 2543 2347 2610 reliquum
2381 2548 2466 2593 est
2497 2547 2557 2592 ut
2588 2542 2874 2591 creaturas
2907 2532 3000 2586 Dei
3047 2531 3162 2584 veri
3191 2528 3467 2598 opiﬁcium

1897 2652 2017 2692 esse
2069 2633 2278 2688 inﬁcias
2311 2632 2471 2696 eatis,
2503 2628 2773 2697 siquidem
2826 2626 2939 2680 haec
2967 2621 3254 2684 vocabula,
3289 2619 3472 2681 Pater,

1896 2737 1970 2792 et,
2006 2725 2169 2790 Deus,
2192 2739 2297 2778 non
2334 2725 2505 2792 ipsam
2530 2692 2847 2774 exsistentis
2871 2713 3234 2771 substantiam
3259 2711 3437 2778 signiﬁ
3454 2742 3471 2750 -

1896 2826 2058 2881 cant,
2101 2816 2196 2870 sed
2256 2814 2402 2868 aliud
2459 2811 2739 2881 quidpiam
2807 2807 2955 2877 quod
3012 2805 3311 2860 commenti
3375 2815 3472 2855 vos

1896 2909 2048 2964 estis.
2085 2906 2189 2961 Sed
2219 2906 2322 2960 hoc
2353 2905 2435 2957 vel
2471 2903 2647 2958 solum
2680 2901 2944 2970 cogitare,
2971 2898 3200 2967 impium
3242 2909 3470 2965 prorsus

1897 3009 2060 3070 atque
2082 2997 2458 3068 turpissimum
2491 3005 2595 3050 est.
2641 2994 2739 3048 Sin
2791 3003 2972 3047 autem
3007 3006 3130 3044 cum
3165 2988 3419 3043 audimus
3453 3003 3466 3037 :

1903 3113 1921 3144 ε
1960 3092 2072 3162 Ego
2115 3106 2233 3146 sum
2275 3091 2366 3158 qui
2421 3103 2539 3142 sum
2599 3089 2650 3151 ';
2694 3107 2708 3136 I
2751 3096 2834 3148 ct,
2877 3102 2894 3135 ι
2934 3083 2989 3136 In
3036 3079 3304 3151 principio
3345 3078 3472 3133 fecit

982 3170 1185 3242 Κύριος
1214 3173 1243 3224 6
1270 3170 1404 3235 Θεός
1455 3189 1548 3225 σου
1594 3173 1796 3244 Κύριος

1900 3183 2036 3238 Deus
2061 3181 2258 3236 caelum
2284 3188 2332 3233 et
2369 3190 2570 3231 terram
2614 3180 2634 3209 '
2670 3194 2684 3241 ;
2727 3197 2745 3228 ›
2774 3186 2846 3238 et,
2889 3193 2907 3225 ε
2942 3172 3102 3235 Audi,
3146 3169 3334 3229 Israel,
3362 3165 3469 3221 Do-

1897 3272 2078 3326 minus
2106 3269 2249 3323 Deus
2273 3278 2398 3321 tuus
2427 3265 2689 3318 Dominus
2717 3279 2858 3317 unus
2889 3271 2975 3316 est
3008 3262 3027 3291 ³
3079 3277 3092 3324 ;
3131 3279 3149 3311 ο
3195 3267 3270 3322 ct,
3297 3276 3315 3307 ι
3342 3254 3469 3310 llaec

1895 3357 2303 3414 dicitDominus
2335 3356 2680 3424 omnipotens
2719 3354 2742 3382 δ
2767 3369 2814 3416 ;i
2846 3366 2953 3404 non
2989 3350 3138 3404 aliud
3161 3348 3263 3402 nisi
3289 3347 3464 3415 ipsam

1897 3447 2218 3516 simplicem,
2253 3446 2499 3507 beatam,
2534 3440 3142 3510 incompreliensibilem
3184 3437 3338 3506 ejus,
3371 3435 3465 3504 qui

1894 3545 1997 3598 est,
2031 3533 2389 3588 substantiam
2423 3531 2817 3601 intelligimus;
2852 3527 3106 3597 quamvis
3141 3527 3285 3580 enim
3307 3523 3466 3592 quid-

1898 3641 2022 3679 nam
2060 3625 2150 3678 ille
2178 3624 2248 3678 sit
2277 3622 2732 3691 comprehendere
2761 3680 2766 3685 _
2795 3632 3130 3688 nequeamus
3157 3655 3172 3679 ,
3223 3624 3462 3668 attamen

1895 3732 2018 3772 cum
2054 3716 2153 3769 has
2179 3729 2340 3768 voces
2371 3712 2646 3773 audimus,
2678 3711 2857 3774 Pater,
2885 3709 3050 3773 Deus,
3084 3705 3462 3774 Omnipotens,

1897 3806 2032 3858 nihil
2063 3805 2206 3858 aliud
2229 3819 2392 3873 quam
2421 3803 2558 3871 ejus,
2585 3801 2678 3870 qui
2707 3809 2809 3860 est,
2837 3798 3199 3852 substantiam
3234 3794 3463 3850 indicari

1894 3895 2253 3962 concipimus.
2283 3893 2507 3946 Dixistis
2545 3907 2640 3945 vos
2680 3890 2842 3944 etiam
2871 3904 2937 3942 ex
2965 3887 3076 3943 Deo
3097 3886 3292 3940 Filium
3320 3900 3461 3949 esse,

1897 3999 1959 4036 ac
1982 3988 2377 4049 consequenter
2424 3996 2491 4032 ex
2523 3980 2696 4033 Patris
2723 3978 3028 4033 substantia
3085 3977 3265 4044 ipsum
3297 3989 3418 4029 esse
3446 3991 3461 4033 ;

1895 4088 2020 4126 cum
2063 4086 2195 4140 ergo
2226 4079 2279 4124 et
2328 4079 2452 4140 ante
2485 4083 2583 4123 vos
2612 4068 2909 4136 Scriptura:
2936 4067 3124 4120 dicant
3171 4064 3462 4117 Dominum

1894 4178 2016 4218 esse
2041 4161 2219 4215 Patris
2247 4139 2468 4222 Filium,
2491 4170 2545 4212 et
2572 4167 2696 4212 ante
2723 4156 3031 4226 Scripturas
3054 4153 3216 4208 Pater
3245 4155 3462 4217 dixerit,

1901 4277 1918 4307 ‹
1960 4256 2058 4311 llic
2083 4264 2168 4310 est
2217 4253 2386 4309 Filius
2430 4270 2581 4309 meus
2605 4253 2837 4307 dilectus
2874 4255 2893 4285 ⁵
2940 4269 2953 4316 ;
2999 4271 3017 4303 ι
3060 4251 3232 4306 Filius
3281 4260 3485 4304 autem

1891 4349 2024 4403 nihil
2051 4348 2196 4402 aliud
2240 4349 2310 4402 sit
2343 4362 2506 4416 quam
2539 4345 2716 4401 Patris
2747 4345 2922 4411 fetus;
2958 4361 3089 4416 qua,
3126 4357 3335 4416 quaeso,
3375 4356 3462 4394 ra-

1896 4439 2042 4494 tione
2070 4436 2259 4498 Patres
2289 4451 2396 4490 non
2421 4446 2568 4491 recte
2598 4437 2763 4491 locuti
2789 4437 3138 4501 videbuntur,
3184 4433 3274 4487 ubi
3307 4431 3460 4484 dixe~

1629 4534 1796 4585 εἰπεῖν
1822 4527 1864 4581 Ι)
1897 4527 2004 4582 rint
2034 4525 2229 4580 Filium
2263 4544 2384 4582 esse
2420 4543 2484 4582 ex
2527 4528 2831 4582 substantia
2867 4527 3078 4587 Patris,
3117 4526 3219 4578 rati
3256 4526 3463 4578 Scilicet

1895 4619 2038 4671 idem
2068 4634 2188 4672 esse
2221 4621 2432 4673 sincera
2457 4627 2634 4673 mente
2661 4619 2864 4680 dicere,
2897 4634 2959 4671 ex
2997 4619 3123 4674 Deo.
3170 4632 3232 4668 ac
3257 4617 3457 4675 dicere,

1894 4726 1956 4763 ex
1989 4711 2332 4767 substantia?
2367 4711 2500 4766 Nam
2533 4723 2798 4768 creaturae
2849 4728 3058 4776 omnes,
3093 4710 3343 4780 quamvis
3395 4726 3460 4763 ex

1899 4799 2008 4854 Deo
2067 4804 2343 4858 exstitisse
2393 4804 2664 4868 dicantur,
2701 4803 2796 4858 sed
2846 4819 2952 4857 non
2998 4785 3458 4871 quemadmodum

1897 4891 2086 4950 Filius.
2120 4912 2184 4948 ex
2217 4894 2322 4949 Deo
2350 4904 2478 4949 sunt
2503 4897 2626 4958 illas,
2654 4911 2768 4949 non.
2793 4895 2936 4948 enim
2973 4909 3060 4949 res
3087 4893 3314 4963 genita),
3365 4894 3460 4947 sed

1896 4983 2065 5043 factm,
2092 4995 2283 5039 natura
2303 5002 2401 5040 sua
2423 4996 2569 5040 sunt.
2602 5007 2620 5037 ι
2637 4986 2689 5038 In
2710 4984 2974 5055 principio
2997 5008 3014 5035 I
3038 4986 3199 5055 igitur
3227 4983 3451 5051 «Deus,»

1897 5090 2000 5127 non
2036 5077 2240 5142 genuit,
2271 5078 2364 5130 sed
2405 5096 2422 5126 ι
2459 5076 2586 5132 fecit
2607 5078 2805 5131 cwiutn
2838 5087 2890 5131 et
2917 5093 3144 5141 terram,
3182 5088 3235 5134 el.
3275 5080 3456 5132 omnia

1896 5182 2014 5231 qua:
2049 5167 2100 5218 in
2134 5168 2210 5221 cis
2241 5178 2367 5221 sunt
2422 5175 2472 5231 ⁸,
2514 5189 2532 5219 i
2573 5181 2632 5221 ut
2667 5170 2926 5238 scriptum
2951 5179 3052 5224 est.
3084 5170 3193 5226 Nec
3220 5188 3348 5226 vero
3377 5173 3459 5224 di-

1894 5257 2054 5318 citur,
2091 5259 2182 5326 qui
2217 5259 2406 5328 gignit,
2441 5260 2533 5315 sed
2575 5280 2591 5310 ‹
2639 5264 2729 5329 qui
2760 5261 2886 5317 facit
2919 5265 3137 5332 angelos
3179 5279 3308 5316 suos
3351 5262 3460 5329 spi-

1894 5350 2050 5413 ritus,
2085 5356 2136 5401 et
2168 5349 2445 5405 ministros
2479 5366 2608 5406 suos
2643 5352 2913 5408 [laminam
2949 5355 3088 5422 ignis
3143 5359 3188 5404 ν.
3224 5372 3241 5401 ›
3303 5350 3457 5416 Quod

1894 5442 1936 5493 Si
1974 5443 2264 5511 Αιιοειοιυε
2295 5445 2448 5506 dixit,
2481 5447 2667 5501 «Unus
2691 5447 2830 5502 Deus
2864 5462 3136 5516 perquem
3158 5445 3339 5496 omnia
3373 5443 3452 5504 ’,ι

1893 5549 2000 5586 non
2029 5550 2092 5588 c0
2128 5551 2259 5590 sane
2293 5537 2422 5592 illud
2462 5539 2619 5594 dixit.
2653 5541 2795 5608 quod
2818 5539 3012 5592 Filium
3038 5535 3260 5599 reliquis
3283 5534 3458 5588 omni-

2272 5729 2290 5760 ⁵
2319 5727 2510 5784 Matth.
2541 5743 2622 5792 ιιι,
2655 5728 2742 5783 i7.
2821 5729 2840 5759 ⁸
2865 5727 3001 5781 Gen.
3042 5745 3084 5792 ι,
3122 5733 3172 5788 1.
3251 5732 3270 5763 ⁷
3307 5729 3451 5789 Psal.
