4032 6288
640 367 746 430 4ϋ3

642 516 743 568 lius
776 523 1202 568 annumeraret:
1245 512 1336 567 sed
1375 509 1633 579 quoniam
1681 506 1834 560 multi
1885 522 1946 558 ex
2004 505 2206 557 Circeis
2240 499 2277 548 Α
2306 485 2352 533 οἱ

640 605 956 660 existimant
989 603 1234 664 fortuito,
1261 612 1315 656 et
1337 618 1399 655 ex
1432 610 1740 656 atomorum
1979 597 2198 663 compli-

638 699 872 760 catione,
918 710 982 748 ac
1010 709 1073 748 ex
1117 691 1450 747 similaribns
1483 689 1728 761 partibtts
1774 694 1968 756 sponte
2019 701 2201 739 rerum

640 795 891 841 naturam
925 785 1197 838 coaluisse
1221 823 1236 848 ,
1285 798 1460 852 neque
1503 793 1780 836 auctorem
1843 779 2062 832 habere.
2101 775 2205 829 Alii

640 889 817 933 autem
848 877 917 931 ab
943 876 1126 945 aliqua
1149 891 1314 931 causa
1351 889 1449 928 nec
1479 881 1655 927 tamen
1692 887 1785 942 per
1815 871 2050 924 Verbum
2083 883 2204 921 eam

639 967 914 1023 conditam
948 965 1304 1019 arbitrantur.
1347 962 1590 1032 Quisque
1627 969 1806 1014 autem
1837 973 1900 1012 ex
1937 954 2206 1010 liazreticis

639 1059 906 1114 arbitratu
931 1072 1030 1112 suo
1059 1072 1144 1112 res
1171 1054 1602 1110 comminiscitur
1625 1060 1678 1106 et
1698 1051 1764 1104 de
1796 1063 1978 1104 rerum
2011 1053 2205 1100 natura

641 1151 936 1206 fabulatur.
998 1148 1338 1218 Quapropter
1385 1162 1454 1201 ex
1533 1143 1856 1199 necessitate
1915 1139 2208 1208 Apostolus

638 1245 777 1299 dixit
809 1286 824 1310 ,
862 1269 880 1296 ι
913 1260 977 1298 ex
1007 1242 1114 1297 Deo
1169 1241 1183 1268 ‘
1215 1279 1229 1303 ,
1269 1260 1286 1291 ι
1313 1248 1372 1294 ιιι
1401 1237 1659 1293 factorem
1693 1243 1880 1289 notum
1912 1231 2132 1296 faceret,
2154 1241 2208 1286 et

640 1337 885 1391 omnium
913 1335 1241 1389 creationem
1267 1349 1334 1386 ex
1361 1331 1481 1400 ejus
1499 1330 1776 1384 voluntate
1806 1326 2004 1381 factam
2030 1326 2207 1380 decla»

641 1438 804 1482 raret.
853 1428 1045 1482 Statim
1072 1441 1199 1495 ergo
1227 1424 1421 1478 infert:
1459 1442 1478 1476 ι
1502 1421 1568 1477 Ει
1597 1435 1739 1476 unus
1764 1419 2026 1474 Dominus
2051 1416 2210 1472 Jesus

645 1520 1034 1587 Christus,per
1060 1532 1219 1587 quem
1255 1515 1439 1570 omnia
1480 1518 1534 1578 ³,
1577 1532 1595 1564 ι
1642 1519 1701 1566 ιη
1737 1527 1802 1565 ex
1837 1510 2089 1564 omnibus
2122 1506 2212 1561 Fi-

645 1610 776 1664 lium
804 1609 1075 1677 exciperet
1099 1623 1114 1672 ;
1146 1620 1267 1674 quae
1291 1603 1436 1658 enim
1456 1600 1550 1656 Dei
1579 1615 1701 1655 esse
1724 1598 1998 1660 dicuntur,
2028 1595 2210 1650 omnia

645 1716 741 1770 per
774 1698 971 1753 Filium
1003 1697 1140 1752 facta
1164 1703 1292 1751 sunt
1324 1712 1338 1749 :
1375 1708 1475 1748 nec
1511 1692 1625 1746 ﬁeri
1655 1698 1829 1759 pott‘st
1871 1697 2084 1742 creatas
2123 1701 2213 1741 res

641 1791 908 1857 eamdem,
939 1805 1099 1859 quam
1134 1794 1454 1847 creatorem,
1479 1784 1675 1837 habere
1697 1781 2096 1851 generationem
2122 1795 2135 1843 ;
2164 1785 2217 1833 et
2253 1837 2290 1859 η
2316 1764 2402 1859 ῖνξι
2429 1780 2458 1814 τ

645 1893 704 1938 ιιι
725 1837 1121 1942 doceret‘illud,
1148 1899 1167 1930 ι
1189 1894 1252 1933 ex
1282 1875 1413 1942 Deo,
1435 1894 1454 1927 ι
1475 1875 1618 1944 quod
1641 1837 1731 1928 m2
1756 1872 1976 1936 dicitur,
1997 1871 2100 1925 alia
2133 1885 2218 1924 ra-

2327 1853 2423 1908 τῶν
2445 1849 2764 1920 ποιημάτων
2792 1845 2921 1898 αὐτὸ

647 1975 794 2030 tione
839 1973 906 2027 de
949 1970 1210 2041 opiﬁciis,
1244 1969 1348 2022 alia
1377 1967 1445 2022 de
1476 1964 1616 2020 Filio
1651 1964 1895 2033 intelligi.
1932 1962 2066 2016 Nam
2127 1962 2217 2017 hic

645 2067 846 2136 proles,
882 2063 972 2118 illa
1024 2078 1172 2126 vero,
1205 2060 1414 2130 qpiticia
1463 2065 1610 2114 sunt.
1667 2054 1898 2125 Ideoque
1933 2054 2101 2109 Filius
2134 2063 2217 2108 est

648 2150 901 2226 preprius
953 2150 1273 2209 substantiae
1318 2149 1480 2216 fctus,
1537 2148 1626 2203 illa
1667 2157 1884 2211 autem,
1921 2144 2215 2200 voluntatis

649 2257 932 2302 creaturae.

839 2334 966 2392 llazc
1014 2336 1290 2404 eumipsa
1333 2333 1574 2406 synodus
1628 2331 2103 2396 animadverteret,
2155 2345 2219 2385 ac

649 2441 992 2502 perspectum
1029 2429 1253 2483 haberet
1271 2426 1515 2497 ejusdem
1541 2423 1793 2480 vocabuli
1821 2423 2067 2478 diversas
2099 2437 2220 2477 esse

651 2521 1102 2591 signiﬁcationes;
1162 2533 1229 2571 ne
1287 2517 1508 2586 quidam
1565 2515 1976 2583 suspicarentur
2025 2511 2216 2565 Filium

654 2611 745 2664 Dci
779 2627 842 2664 ex
880 2608 990 2664 Deo
1033 2608 1141 2662 dici
1189 2606 1410 2675 perinde
1452 2614 1615 2673 atque
1665 2612 1968 2669 creaturas,
2022 2603 2220 2658 clarius

654 2701 943 2770 scripsere,
959 2697 1158 2752 Filium
1181 2711 1247 2750 ex
1277 2696 1582 2750 substantia
1609 2694 1702 2747 Dei
1725 2709 1847 2749 esse
1870 2710 1884 2746 :
1919 2695 2045 2748 hinc
2068 2709 2221 2747 nam-

655 2808 759 2862 que
792 2807 918 2846 vere
973 2804 1290 2860 germanum
1332 2787 1510 2842 Patris
1538 2801 1658 2841 esse
1695 2785 1892 2840 Filium
1927 2785 2220 2840 indicatur.

655 2883 734 2937 Ex
761 2898 826 2937 eo
845 2891 1024 2936 autem
1043 2881 1184 2950 quod
1210 2877 1756 2946 simpliciterdicitnr,
1783 2896 1801 2927 ‹
1826 2891 1890 2929 ex
1911 2874 2041 2940 Deo,
2077 2896 2094 2928 ι
2126 2891 2223 2930 vo-

647 2968 828 3020 luntas
863 2965 1125 3018 creatoris
1147 2961 1202 3014 in
1225 2959 1462 3014 creando
1495 2957 1855 3026 signiﬁcatur.
1886 2955 2014 3015 Sed,
2039 2957 2214 3015 aiunt,

648 3059 765 3112 haec
792 3054 995 3125 scripta
1019 3069 1127 3108 non
1159 3060 1307 3112 sunt,
1347 3065 1611 3120 vocesque
1645 3049 1782 3112 illas,
1816 3047 1960 3116 quod
1994 3047 2046 3099 in
2076 3046 2222 3099 Scri-

647 3148 824 3219 pturis
852 3161 960 3201 non
994 3145 1317 3206 habeantur,
1360 3143 1658 3212 reiicimus.
1701 3139 1804 3193 Sed
1851 3138 1991 3193 hanc
2028 3137 2100 3190 illi
2133 3152 2221 3190 ca-

650 3237 983 3291 villationem
1003 3233 1472 3303 impudentissime
1494 3230 1795 3300 proferunt.
1815 3228 1868 3282 Si
1891 3227 2036 3281 enim
2064 3226 2226 3279 verba

649 3346 760 3385 non
790 3330 994 3398 scripta
1034 3335 1228 3396 putant
1275 3326 1587 3393 rejicienda,
1618 3337 1786 3393 quare
1833 3323 1959 3374 Ario
1990 3336 2099 3373 non
2125 3320 2227 3373 ob-

651 3422 882 3482 sistunt,
909 3419 996 3488 qui
1027 3426 1106 3471 tot
1127 3417 1572 3471 sententiolarum
1592 3430 1710 3482 qttae
1733 3415 1784 3466 in
1804 3411 2098 3481 Scripturis
2121 3425 2227 3462 non

651 3511 920 3565 habentur
944 3507 1226 3563 colluviem
1251 3505 1608 3575 excogitavit:
1639 3505 1826 3574 quales
1848 3512 1994 3564 sunt,
2026 3499 2099 3554 Ex
2119 3514 2228 3551 non

653 3600 1032 3664 exstantibus;
1081 3608 1154 3664 et,
1185 3597 1300 3651 Non
1350 3606 1466 3651 erat
1505 3597 1672 3651 Filius
1711 3609 1996 3663 antequam
2043 3595 2230 3662 gigne-

653 3704 807 3747 retur
833 3709 848 3756 ;
880 3699 954 3753 et,
989 3690 1113 3743 Erat
1160 3698 1370 3757 tempus
1395 3703 1501 3756 quo
1530 3687 1643 3741 Non
1671 3695 1822 3751 erat;
1856 3696 1933 3747 et,
1962 3684 2231 3737 Mutabilis

651 3793 774 3849 est;
809 3795 884 3848 et,
922 3773 1216 3836 IneiIabilis
1243 3790 1300 3834 et
1321 3779 1608 3834 invisibilis
1646 3788 1732 3833 est
1763 3779 1920 3833 Pater
1949 3775 2118 3837 Filio;
2152 3782 2226 3836 et,

656 3875 825 3929 Filius
878 3889 988 3928 non
1039 3874 1192 3927 novit
1244 3888 1396 3928 suam
1446 3872 1826 3933 substantiam,
1876 3878 1928 3924 et
1962 3870 2235 3938 quaslibtt

653 3963 785 4017 alias
814 3963 935 4032 ejus
962 3962 1279 4027 sententias,
1297 3976 1432 4030 quas
1465 3961 1520 4014 in
1554 3959 1782 4014 ridicula
1817 3968 1874 4014 et
1899 3959 2064 4028 impia
2090 3959 2234 4012 Tha-

657 4054 722 4106 lia
751 4067 848 4106 sua
870 4051 1274 4116 evomuit;imo
1302 4051 1482 4119 potius
1501 4065 1594 4104 eas
1621 4051 1695 4104 illi
1725 4058 2092 4120 propugnant,
2117 4066 2235 4118 qua:

657 4159 818 4198 causa
851 4144 958 4198 illis
1017 4151 1097 4197 est
1132 4152 1193 4196 ut
1240 4158 1364 4196 cum
1397 4142 1647 4196 Patribus
1677 4143 1838 4196 etiam
1873 4140 1986 4195 suis
2045 4141 2238 4195 decer-

659 4241 791 4286 tent.
827 4232 934 4286 Aut
978 4247 1097 4294 cur,
1127 4247 1252 4286 cum
1283 4232 1335 4284 in
1362 4231 1656 4294 Encteniis,
1691 4240 1750 4285 ut
1789 4239 2005 4293 vocant,
2050 4231 2228 4286 verbis

658 4339 724 4377 ex
744 4321 1022 4390 Scriptura
1043 4335 1152 4375 non
1171 4322 1474 4390 desumptis
1501 4323 1581 4376 usi
1610 4322 1840 4376 Aeacius
1859 4331 1912 4375 et
1939 4321 2224 4386 Eusebius,

661 4413 896 4467 dixerint
931 4413 1355 4482 primogenitum
1385 4424 1644 4468 creaturae
1675 4427 1796 4467 esse
1843 4414 1962 4466 sine
1996 4413 2236 4467 dissimi-

665 4502 896 4558 litudine
926 4502 1216 4574 imaginem
1251 4503 1593 4569 substantia,
1622 4504 1901 4573 potentite,
1925 4503 2144 4557 consilii
2187 4509 2243 4556 et

1879 350 2193 414 EUTHYM
2209 350 2256 407 ll
2304 347 2472 406 ZIGA
2486 343 2656 402 BENI

3721 343 3807 401 464

2403 482 2498 549 μὲν
2536 478 2811 547 νομίζουσι
2869 474 3006 527 κατᾶ
3061 472 3226 541 τύχην
3272 470 3359 523 καὶ
3405 471 3461 535 ἐξ
3630 477 3810 547 ἀτόμων

2310 573 2642 642 συμπλοκῆς,
2677 570 2766 622 καὶ
2799 565 3135 637 ὁμοιομερῶς
3168 567 3231 616 ἐκ
3252 565 3570 634 ταυτομάτου
3602 573 3815 623 συνεστά-

2305 684 2392 718 ναι
2441 665 2535 735 τὴν
2586 664 2780 726 κτίσιν,
2834 661 2927 714 καὶ
2965 660 3037 728 μὴ
3074 657 3213 727 ἔχειν
3256 656 3342 707 τὸν
3378 658 3572 710 αἴτιον*
3609 661 3653 711 οἱ
3697 663 3746 714 δὲ
3769 665 3817 728 ἐξ

2305 758 2474 810 αἰτίου
2506 757 2602 827 μὲν
2642 754 2809 822 αὐτὴν
2837 750 3135 820 γεγονέναι,
3164 748 3223 799 οὐ
3259 747 3362 817 μὴν
3397 749 3484 800 καὶ
3524 748 3603 802 διὰ
3629 751 3710 802 τοῦ
3739 754 3820 804 Δό-

2304 865 2399 914 γου
2421 864 2432 876 ⁸
2465 845 2572 898 τῶν
2621 844 2678 897 δὲ
2709 841 3000 914 αἱρετικῶν
3035 840 3284 899 ἕκαστος,
3343 837 3415 892 ὡς
3471 838 3707 908 ἠθέλησεν
3743 844 3820 894 ἀν·-

2304 937 2592 999 επλάσατο,
2631 936 2724 986 καὶ
2770 932 2897 1003 περὶ
2925 932 3022 1001 τῆς
3072 929 3299 988 κτίσεως
3337 927 3630 996 μυθολογεί·
3668 929 3823 983 τούτου

2305 1031 2462 1102 χάριν
2498 1030 2526 1081 6
2569 1024 2888 1084 Ἀπόστολος
2930 1019 3238 1089 ἀναγκαίως
3295 1017 3570 1088 συνείρηκε
3611 1020 3694 1083 τὸ,
3729 1040 3743 1072 ι
3774 1024 3825 1074 ὲκ

2304 1123 2398 1176 τοῦ
2423 1119 2557 1174 Θεοῦ
2582 1137 2596 1150 ·
2634 1138 2652 1169 ι
2686 1119 2774 1170 ἵνα
2806 1115 2899 1168 καὶ
2918 1113 3008 1166 τὸν
3037 1111 3264 1182 ποιητὴν
3279 1110 3534 1180 γνωρίσῃ,
3565 1111 3649 1162 καὶ
3674 1112 3754 1181 τὴν
3777 1113 3829 1166 ἐκ

2305 1213 2396 1267 τοῦ
2433 1210 2592 1282 βουλή
2603 1225 2768 1280 ματος
2790 1205 2953 1259 αὐτοῦ
2985 1204 3092 1256 τῶν
3131 1202 3344 1255 πάντων
3369 1200 3701 1270 δημιουργίαν
3725 1205 3828 1255 ἀπο-

2306 1305 2454 1376 δείξῃ
2472 1319 2484 1332 ’
2515 1302 2674 1363 εὐθὺς
2699 1297 2828 1367 γοῦν
2851 1295 3121 1366 ἐπιφέρει,
3148 1312 3164 1343 ‹
3190 1292 3302 1345 Καὶ
3334 1285 3411 1354 εἷς
3439 1291 3629 1363 Κύριος
3661 1292 3830 1359 Ἰησοῦς

2309 1395 2562 1469 Χριστὸς,
2596 1394 2662 1447 δι’
2689 1384 2749 1445 οὗ
2774 1390 2844 1444 τὰ
2877 1389 3073 1450 πάντα,
3117 1405 3134 1436 ι
3171 1385 3256 1437 ἵνα
3298 1382 3403 1435 τῶν
3454 1383 3653 1436 πάντων
3697 1383 3833 1455 ἐξάρῃ

2308 1488 2398 1542 τὸν
2425 1487 2551 1541 Υίόν
2571 1503 2583 1515 ·
2608 1484 2674 1538 τὰ
2707 1484 2815 1554 γὰρ
2845 1480 2939 1535 τοῦ
2972 1477 3106 1532 Θεοῦ
3139 1476 3409 1546 λεγόμενα
3434 1515 3447 1538 ,
3496 1475 3658 1527 πάντα
3696 1475 3835 1527 ταῦτα

2310 1581 2374 1634 δι’
2408 1578 2536 1632 Υἱοῦ
2561 1577 2781 1646 γέγονε·
2813 1572 2904 1627 καὶ
2937 1573 3036 1641 οὐχ
3069 1566 3178 1623 οἷόν
3218 1585 3280 1620 τε
3326 1565 3452 1636 μίαν
3602 1565 3743 1637 ἔχειν
3782 1565 3837 1618 τὰ

2312 1669 2784 1743 δημιουργούμενα
2811 1664 2888 1734 τῷ
2915 1659 3337 1735 δημιουργοῦντι
3365 1659 3462 1728 τὴν
3507 1657 3699 1726 γένεσιν
3722 1674 3733 1686 ·
3765 1658 3840 1709 καὶ
3877 1731 3884 1736 _

2461 1762 2509 1824 6,
2551 1779 2567 1810 ι
2611 1763 2675 1813 ὲκ
2712 1756 2804 1810 τοῦ
2838 1754 2992 1817 Θεοῦ,
3030 1773 3048 1803 ›
3079 1751 3373 1820 λεγόμενον
3401 1741 3518 1810 ὦδε,
3571 1747 3726 1810 ἄλλως
3769 1748 3841 1799 ἐπὶ

3105 1839 3469 1912 σημαίνεσθαι
3505 1836 3694 1908 διδάξῃ,
3728 1836 3757 1906 ἢ
3785 1836 3844 1898 ὼς

2318 1943 2410 1997 ἐπὶ
2438 1939 2568 1993 Υἱοῦ
2597 1937 2889 2006 λεγόμενον
2913 1935 3132 1986 νοεῖται.
3179 1932 3236 1983 Ὀ
3280 1929 3378 1999 μὲν
3399 1929 3508 1998 γὰρ
3527 1926 3765 1996 γέννημα,
3793 1925 3847 1976 τὰ

2317 2035 2372 2088 δὲ
2409 2031 2688 2102 ποιήματά
2709 2016 2846 2080 ἐστὶ.
2877 2025 2967 2077 Διὸ
2995 2023 3086 2076 καὶ
3107 2024 3134 2073 6
3162 2020 3262 2092 μὲν
3283 2018 3408 2082 Υίὸς
3433 2017 3558 2070 ἴδιον
3582 2016 3669 2085 τῆς
3697 2013 3848 2076 οὐσίας

2318 2125 2583 2194 γέννημα,
2611 2124 2677 2174 τὰ
2709 2119 2765 2171 δὲ
2802 2116 3138 2186 βουλήματος
3315 2108 3763 2180 δημιουργήματα.

2512 2327 2695 2382 Ταῦτα
2751 2324 2900 2393 καὶὴ
2958 2319 3169 2382 σύνοδος
3225 2315 3535 2388 συνορῶσα,
3589 2313 3675 2366 καὶ
3715 2311 3856 2364 εἰδυῖα

2317 2424 2420 2495 τὴν
2449 2422 2513 2475 ὲκ
2542 2420 2640 2489 τῆς
2664 2413 2978 2488 ὁμωνυμίας
3005 2410 3303 2480 διαφορίαν
3347 2445 3363 2470 ,
3511 2405 3644 2475 ὑπὲρ
3683 2393 3767 2455 τῖιῦ
3798 2401 3856 2495 μή

2320 2493 2472 2577 τινας
2511 2513 2754 2565 ὑπονοεῖν
2789 2505 2926 2559 κατὰ
2975 2504 3074 2574 τὴν
3107 2502 3293 2554 κτίσιν
3323 2498 3466 2552 οὕτω
3515 2494 3751 2563 λέγεσθαι
3788 2493 3862 2544 καὶ

2319 2605 2411 2659 τὸν
2444 2603 2567 2655 Υίὺν
2614 2603 2678 2652 ἐκ
2733 2597 2825 2650 τοῦ
2877 2594 3033 2657 Θεοῦ,
3067 2591 3398 2661 λευκότερον
3425 2588 3659 2658 ἔγραψαν
3703 2587 3760 2636 ὲκ
3785 2583 3862 2651 τῆς

2319 2697 2506 2758 οὐσίας
2539 2694 2630 2746 τὸν
2656 2691 2801 2743 Υίόν..
2835 2689 2927 2740 Ἐκ
2956 2687 3052 2755 μὲν
3077 2684 3184 2754 γὰρ
3225 2681 3426 2733 τούτου
3445 2679 3506 2731 τὸ
3533 2679 3737 2746 γνήσιον
3760 2672 3864 2739 ἀληο

2321 2789 2429 2852 θῶς
2458 2784 2590 2839 Υίοῦ
2641 2782 2779 2854 πρὸς
2811 2780 2902 2833 τὸν
2943 2777 3162 2846 Πατέρα
3197 2770 3570 2841 γνωρίζεται·
3624 2769 3682 2818 ὲκ
3715 2764 3765 2817 δὲ
3792 2761 3864 2814 τοῦ

2322 2878 2568 2946 λέγεσθαι
2585 2853 2770 2934 ἁπλῶς
2787 2870 2877 2921 ιὲκ
2890 2864 2981 2919 τοῦ
2997 2863 3149 2926 Θεοῦ,
3163 2881 3181 2912 ›
3201 2862 3273 2914 τὸ
3289 2859 3537 2946 βούλημα
3551 2853 3871 2946 τῆςδημιουρ-

2329 2945 2454 3018 γίας
2482 2951 2576 3004 τοῦ
2613 2951 2890 3013 κτίζοντος
2932 2947 3284 3016 σημαίνεται.
3324 2945 3465 2997 Ἀλλ’
3499 2946 3559 2996 οὐ
3607 2945 3871 3012 γέγραπται

2328 3043 2523 3106 ταῦτα,
2560 3042 2745 3110 φασὶν,
2783 3040 2876 3093 καὶ
2906 3040 2981 3101 ὡς
3021 3038 3314 3106 ἀγράφους
3353 3037 3456 3100 τὰς
3509 3035 3685 3104 φωνάς
3709 3031 3870 3085 ἐκϐάλ-

2327 3135 2515 3202 λομεν.
2561 3134 2724 3186 Ἀλλὰ
2755 3132 2848 3185 καλ⁸
2895 3129 3057 3183 τοῦτο
3091 3131 3257 3183 πάλιν
3306 3128 3586 3198 πρόφασίς
3623 3129 3760 3178 ἐστιν
3798 3122 3874 3175 αὖ·

2264 3203 2303 3259 C
2331 3231 2441 3289 τοῖς
2467 3227 2839 3296 ἀναίσχυντος.
2875 3226 2936 3277 Et
2964 3223 3070 3293 γὰρ
3102 3221 3382 3292 ὲκόλητέα
3435 3220 3706 3290 νομίζουσι
3731 3216 3791 3268 τά
3817 3212 3876 3281 μὴ

2330 3320 2711 3388 γεγραμμένα,
2758 3317 2846 3369 διὰ
2873 3315 2924 3368 τί
2973 3315 3080 3366 τῶν
3136 3315 3268 3383 περὶ
3299 3315 3525 3382 Ἀρειον
3557 3310 3618 3373 ἐξ
3653 3307 3874 3375 ἀγράφων

2331 3411 2730 3480 ἐπινοησάντων
2775 3408 3024 3461 τοσοῦτον
3057 3406 3345 3473 ῥηματίων
3392 3403 3676 3472 συρφετὸν,
3708 3399 3780 3457 τὸ,
3807 3393 3880 3457 Ἐξ

2332 3504 2432 3555 οὐκ
2481 3503 2672 3561 ὄντων,
2709 3499 2803 3552 καὶ
2838 3499 2919 3557 τὺ,
2959 3499 3071 3550 Οὐκ
3098 3492 3166 3566 ἦν
3203 3497 3232 3547 ὁ
3291 3497 3422 3557 Tib;
3476 3495 3603 3562 πρὶν
3646 3487 3881 3558 γεννηθῇ·

2334 3596 2446 3654 καὶ,
2480 3590 2588 3646 ’Ἦν
2621 3609 2770 3653 ποτε,
2808 3592 2894 3643 ὅτε
2928 3589 3028 3641 οὐκ
3063 3583 3130 3657 ἦν
3153 3603 3167 3616 ·
3207 3584 3599 3652 καὶ,Τρεπτός
3617 3583 3762 3634 ἐστι·
3792 3576 3883 3636 καὶ,

2336 3687 2606 3757 Ἀρῤητος
2637 3684 2730 3736 καὶ
2757 3683 2988 3750 ἀόρατος
3018 3679 3045 3729 6
3067 3675 3260 3746 Πατὴρ
3281 3683 3364 3745 τῷ
3384 3676 3502 3744 Υίῷ
3523 3691 3536 3704 ⁵
3565 3673 3676 3735 καὶ,
3706 3670 3758 3721 '0
3787 3666 3886 3757 Υἱὸς

2335 3778 2434 3830 οὐκ
2482 3771 2622 3829 οἶδεν
2674 3773 2796 3826 οὐδὲ
2845 3772 2944 3840 τὴν
2985 3769 3202 3835 ἑαυτοῦ.
3229 3767 3432 3845 οὐσίαν
3467 3781 3482 3797 ο
3513 3764 3605 3818 καὶ
3636 3758 3811 3815 δσά’ὲν
3837 3755 3889 3821 τῇ

2334 3866 2528 3935 γελοίῳ
2568 3866 2663 3918 καὶ
2709 3863 2900 3916 ἀσεϐεῖ
2929 3862 3101 3931 Θαλία
3145 3858 3354 3913 ἑαυτοῦ
3410 3855 3626 3926 φρονῶν
3662 3851 3892 3918 ἐξήμεσεν

2339 3959 2554 4026 Ἄρειος
2601 3954 2702 4008 οὐκ
2749 3955 3162 4023 ἀπειρήκασιν,
3205 3949 3352 4026 ἀλλὰ
3405 3948 3501 4000 καὶ
3552 3943 3742 4012 μᾶλλον
3779 3935 3892 4026 ὑπὲρ

2335 4048 2514 4103 αὐτῶν
2547 4045 2922 4112 ἀγωνίζονται,
2953 4043 3047 4096 καὶ
3071 4042 3160 4096 διὰ
3198 4019 3382 4093 ταύτά
3429 4038 3566 4107 πρὸς
3599 4033 3717 4093 τοὺς
3753 4025 3895 4082 Πατέ-

2342 4153 2441 4206 ρας
2471 4135 2683 4188 ἑαυτῶν
2720 4133 3098 4202 διαμάχονται.
3129 4132 3200 4182 ’Ἡ
3239 4130 3364 4192 πῶς
3399 4130 3461 4181 ὲν
3484 4128 3595 4188 τοῖς
3623 4119 3896 4206 λεγομένοις

2347 4201 2692 4296 Ἒγκαινίοις.
2734 4201 3002 4290 ἀγράφοις
3050 4221 3402 4292 χρησάμενοι
3472 4217 3676 4280 λέξεσιν
3712 4213 3756 4262 oi
3798 4201 3900 4296 περ

2349 4318 2599 4373 ’Δκάκιον
2633 4315 2725 4369 καὶ
2761 4313 3036 4378 Εὐσέϐιον,
3068 4311 3161 4364 καὶ
3206 4311 3471 4372 εἰπόντες
3524 4304 3704 4364 οὐσίας
3745 4314 3795 4350 τε
3824 4292 3902 4346 tul

2348 4408 2648 4478 δυνάμεως,
2681 4407 2778 4460 καὶ
2821 4405 3039 4474 βουλῆς»
3066 4401 3162 4456 κοτ-ὶ
3189 4402 3364 4470 δόξης
3413 4397 3817 4467 ἀπαράλλπκτον
3843 4388 3902 4478 ei:

2351 4475 2598 4550 κύνα-τὸν
2624 4495 2963 4564 πρωτότοκον
2993 4492 3092 4561 τῆς
3133 4491 3400 4553 κτίσεως,
3434 4487 3762 4557 γογγύζουσι
3789 4475 3902 4534 κατὰ

664 4595 870 4664 glorias,
901 4594 1162 4650 adversus
1213 4595 1401 4650 Patres
1445 4594 1556 4664 jam
1611 4596 2052 4656 obmurmurant,
2098 4611 2224 4664 quor

2349 4588 2456 4641 τῶν
2486 4589 2766 4656 Πατὲρων,
2797 4587 2872 4646 ὼς
2899 4586 3166 4654 ἀγράφων
3198 4584 3394 4637 αὐτῶν
3451 4575 3906 4650 μνημονευσάντων

665 4687 957 4742 verborum
1003 4700 1125 4755 qua:
1173 4687 1228 4740 in
1263 4684 1542 4754 Scriptura
1577 4701 1688 4740 non
1741 4697 1958 4741 exstant
2006 4689 2241 4742 mentio-

664 4796 791 4836 nem
824 4779 1478 4846 fecerint,etsubstantiaa
1524 4792 1709 4834 vocem
1757 4781 2114 4850 usurparint?
2145 4781 2246 4834 Par

615 4948 623 4956 _
667 4869 769 4926 i'nit
804 4871 950 4926 enim
989 4885 1083 4925 eos
1117 4880 1210 4924 aut
1256 4878 1445 4924 contra
1492 4883 1550 4924 se
1590 4869 1735 4940 ipsos
1803 4872 2242 4940 obmurmurare,

626 4959 639 4965 “
665 4969 761 5015 aut
792 4961 925 5014 nihil
960 4960 1143 5015 Patres
1171 4961 1471 5016 criminari.

743 5046 802 5102 Si
835 5049 1000 5120 igitur
1042 5051 1261 5119 quidam
1295 5050 1385 5105 alii
1434 5066 1500 5106 ex
1555 5052 1744 5122 synodi
1785 5053 1964 5110 verbis
2001 5055 2244 5110 occasio.

669 5156 795 5196 nem
837 5141 1163 5210 arriperent,
1218 5143 1456 5212 suspicio
1489 5152 1633 5198 esset
1679 5158 1773 5199 eos
1824 5145 1906 5199 vel
1943 5147 2245 5216 ignorantia

670 5235 757 5289 vel
795 5234 1055 5302 religione
1086 5234 1137 5287 id
1185 5232 1404 5301 facere;
1435 5249 1615 5304 neque
1649 5249 1777 5290 vero
1824 5237 1914 5291 hic
1940 5252 2122 5292 sermo
2148 5238 2246 5292 ha-

671 5327 832 5382 betur
869 5324 936 5380 de
991 5321 1220 5396 Georgio
1266 5323 1606 5393 Cappadoce,
1634 5327 1730 5396 qui
1781 5325 2108 5383 Alexandria
2155 5344 2246 5383 ex-

673 5427 827 5474 actus
863 5424 968 5479 est,
999 5415 1116 5470 viro
1165 5415 1257 5485 qui
1294 5430 1396 5470 nee
1449 5431 1512 5470 ex
1546 5419 1816 5486 praeterita
1865 5420 1985 5475 vitae
2033 5422 2246 5475 ratione

673 5509 1106 5573 commendatur,
1142 5524 1245 5564 nec
1283 5509 1392 5564 ullo
1435 5510 1594 5565 modo
1626 5511 1965 5568 Christianus
1991 5523 2115 5568 est:
2150 5515 2244 5569 sed

675 5609 898 5672 propter
926 5599 1406 5670 opportunitatem,
1439 5599 1732 5658 Christiani
1771 5616 1966 5658 nomen
1994 5604 2246 5660 simulate

753 5778 769 5808 ¹
808 5777 828 5830 ι
869 5777 990 5834 Cor.
1030 5795 1144 5842 vm,
1181 5782 1230 5833 6.
1309 5783 1327 5812 ²
1369 5781 1498 5836 ibid.

2350 4678 2568 4744 λέξεων,
2597 4679 2691 4732 καὶ
2720 4677 2911 4739 οὐσίας
2953 4675 3502 4746 μνημονευσάντωνς
3549 4673 3695 4726 Ἔδει
3722 4668 3815 4735 γὰρ
3838 4662 3910 4712 αὐ·

2351 4771 2475 4831 τοὺς
2504 4770 2538 4841 ἢ
2576 4769 2696 4822 καθ’
2737 4768 2946 4821 ἑαυτῶν
2990 4765 3391 4838 γογγύζειν,·ἦ
3424 4765 3596 4836 μηδὲν
3625 4762 3743 4821 τοὺς
3767 4752 3911 4809 Πατί-

2356 4875 2453 4926 ρας
2478 4857 2775 4912 αἰτιᾶσθαι.

2433 5059 2493 5112 Εἰ
2555 5060 2650 5129 μὲν
2683 5058 2779 5112 οὖν
2824 5057 2976 5112 ἄλλοι
3028 5057 3172 5119 τινὲς
3219 5057 3669 5130 ὲπροφασίζοντο
3701 5054 3788 5113 τὰς
3826 5044 3911 5110 τῆς

2355 5149 2573 5202 συνόδου
2631 5148 2826 5212 λέξεις,
2881 5147 3144 5211 ὴδύναντό
3193 5144 3348 5212 πῶς’
3377 5151 3412 5220 ἢ
3454 5147 3674 5216 ἀγνοίας
3713 5144 3742 5214 ἢ
3784 5139 3918 5192 εὐλο-

2354 5240 2509 5303 6είας
2547 5239 2804 5294 ὑπόνοιαν
2853 5237 2999 5308 ἔχειν
3027 5254 3039 5269 ο
3087 5239 3181 5292 καὶ
3222 5242 3372 5311 περῒ
3403 5241 3508 5311 μὲν
3560 5235 3810 5308 Γεωργίου
3836 5224 3914 5277 τοῦ

2357 5332 2725 5394 Καππάδοκος
2774 5329 2869 5384 τοῦ
2924 5329 3314 5399 ὲκΰληθέντος-
3367 5333 3483 5385 ἀπὸ
3549 5332 3648 5396 τῆς
3705 5322 3920 5385 Ἀλεξαν⁸

2354 5425 2536 5498 δρείας
2566 5423 2727 5493 λόγος
2745 5422 2919 5486 οὐδείς
2951 5438 2966 5456 ·
3005 5421 3303 5492 ἀνθρώπου
3352 5425 3497 5494 μήτε
3525 5425 3587 5475 ἐκ
3625 5421 3920 5491 προάγοντος

2357 5516 2473 5587 βίου
2507 5516 2610 5587 τὴν
2653 5507 2960 5588 μαρτυρίαν
2996 5514 3238 5582 ἔχοντος,
3270 5519 3418 5586 μήτε
3458 5517 3600 5578 ὅλως
3629 5503 3921 5584 Χριστιανοῦ

2356 5590 2736 5678 τυγχάνοντοξ,
2765 5607 2900 5662 ἀλλὰ
2928 5607 3086 5680 μόνον
3113 5605 3574 5678 ὑποκριναμένου
3609 5606 3695 5659 διά
3718 5603 3798 5656 τὸν
3825 5613 3921 5651 7.1:-
