4032 6288
587 455 697 521 457

1833 452 2216 514 EUTlIYMlI
2259 451 2618 512 ΖΙὈΛΒΕΝΙ

3683 462 3766 528 «ίίε

589 573 795 628 habitat
865 570 1046 628 omnis
1125 567 1404 641 plenitudo
1481 564 1783 622 divinitatis
1856 564 2153 635 corporali-

2277 580 2399 630 1.5V;
2431 581 2449 612 ι
2481 561 2602 622 Πῶς
2637 561 2724 612 τὶν
2769 560 3045 630 ’Λρειανδν
3098 564 3304 617 Ἀέτιον
3343 562 3412 629 ὡς
3440 565 3673 637 αἱρετικὶν
3701 575 3770 626 ὲκ·

591 673 670 715 ter
725 662 764 727 ¹,
805 681 822 712 ›
857 669 931 725 et,
981 678 999 709 ι
1028 675 1091 714 ex
1132 658 1466 730 plenitudine
1504 658 1624 728 ejus
1649 673 1750 714 nos
1777 671 1966 712 omnes
2008 670 2163 711 acce—

539 779 541 781 ι
593 753 773 822 pimus
827 751 894 803 '?
935 768 952 801 ι
1012 749 1123 804 Cur
1171 749 1432 804 Arianum
1487 748 1700 802 Aetium
1746 755 1804 800 ut
1849 747 2160 801 hmreticum

592 846 809 914 ejicitis,
832 843 958 897 licet
984 857 1046 896 ca
1077 843 1191 911 ipsa
1225 857 1346 910 qute
1369 842 1454 895 ille
1484 839 1824 911 loquamini?
1853 838 1972 893 Tibi
1993 837 2162 900 enim,

591 935 778 998 Aeaci,
807 934 1019 988 amicus
1050 941 1153 995 est,
1182 931 1539 1002 Eudoxioque
1568 933 1733 1002 hujus
1761 931 2018 1002 magister
2063 931 2164 982 im-

591 1026 810 1094 pietatis
844 1023 968 1090 fuit,
997 1025 1050 1078 in
1081 1025 1238 1092 cujus
1263 1025 1492 1092 gratiam
1521 1039 1644 1078 eum
1677 1023 1935 1078 Leontius
1955 1022 2165 1091 episco-

593 1132 696 1186 pus
719 1115 1008 1170 diaconum
1041 1115 1347 1183 ordinavit;
1378 1125 1458 1178 ιιι,
1494 1116 1648 1186 quasi
1680 1115 1795 1170 ovis
1839 1115 2164 1168 vestimento

592 1210 916 1264 diaconatus
944 1208 1167 1263 nomine
1212 1224 1366 1270 usus,
1398 1206 1749 1276 blasphemiae
1789 1205 1948 1261 verba
1999 1205 2165 1258 libere

592 1308 776 1368 posset
807 1312 1079 1352 evomere.

785 1388 920 1456 Quid
950 1389 1113 1458 igitur
1142 1389 1299 1442 vobis
1322 1387 1512 1453 suasit,
1536 1398 1594 1442 ut
1618 1385 1773 1441 vobis
1817 1386 1946 1455 ipsis
1975 1385 2164 1439 adver—

595 1482 815 1548 semini,
845 1491 1166 1552 tantumque
1194 1480 1478 1536 dedecoris
1505 1479 1793 1534 referatis?
1838 1477 1997 1533 Certe
2026 1476 2164 1532 nihil

594 1573 791 1627 rationi
845 1579 1273 1628 consentaneum
1329 1571 1487 1626 vobis
1543 1568 1833 1625 dicendum
1886 1566 2161 1637 suppetit:

596 1665 812 1734 hocque
835 1664 1012 1718 solum
1044 1663 1448 1733 intelligendum
1484 1661 1830 1732 relinquitur,
1883 1676 1982 1716 vos
2019 1658 2165 1714 nulla

594 1771 704 1811 non
731 1754 1100 1820 simulatione,
1129 1754 1277 1808 nullo
1341 1768 1448 1808 non
1501 1760 1810 1808 commento
1845 1751 1922 1805 uti
1952 1761 2168 1820 propter

594 1847 898 1904 Constantii
926 1846 1313 1918 patrocinium,
1341 1846 1665 1915 lucrumque
1689 1843 1831 1909 quod
1857 1843 1985 1897 hinc
2010 1841 2162 1896 vobis

2267 667 2508 731 ϐάλλετε,
2541 667 2714 721 καίτοι
2744 669 2811 721 τὰ
2854 669 2994 722 αὐτὰ
3035 669 3226 741 ἐκείνῳ
3255 671 3517 738 λέγοντεςς
3559 675 3654 729 Καὶ
3683 680 3770 752 γὰρ

2269 759 2362 811 σοῦ
2390 759 2510 828 μὲν,
2545 754 2590 812 ὦ
2629 761 2849 814 Ἀκάκιε
2882 795 2897 822 ,
3041 763 3251 832 ἑταῖρός
3284 761 3444 826 ἐστιν,
3480 764 3695 832 Εύδοξίου
3731 770 3777 824 δὲ

2268 848 2580 912 διδάσκαλος
2614 852 2693 913 είς
2730 850 2827 922 τὴν
2861 852 3116 920 τοιαύτην
3167 851 3414 905 ἀσέϐειαν
3467 855 3678 922 γέγονεν,
3725 857 3778 933 ἧς

2271 939 2432 991 ἓνεκα
2461 941 2554 992 καὶ
2584 942 2829 1005 Λεόντιος
2857 943 3018 995 αὑτὸν
3054 945 3082 995 ὁ
3113 943 3406 1006 ἐπίσκοπος
3435 943 3651 1001 διάκονον
3675 967 3782 1004 κατ-

2273 1029 2496 1100 έστησεν
2517 1048 2528 1059 ·
2568 1031 2674 1094 ἵνα,
2711 1032 2786 1095 ὡς
2815 1032 3071 1102 ἐνδύματι
3216 1034 3479 1104 προϐάτου
3508 1037 3577 1107 τῷ
3598 1040 3782 1110 ὀνόματι

2269 1118 2369 1187 τῆς
2397 1119 2670 1184 διακονίας
2695 1121 2996 1192 χρώμενος,
3032 1127 3116 1178 ἐπ’
3151 1124 3334 1188 ἀδείας
3366 1127 3566 1198 ἐξεμεῖν
3604 1131 3786 1204 δύνηται

2271 1208 2337 1261 τὰ
2361 1211 2460 1281 τῆς
2486 1211 2833 1283 βλασφημίας
2865 1217 3098 1285 ῥήματα.

2465 1385 2529 1438 Τί
2560 1383 2652 1440 οῦν
2688 1389 2829 1457 ὑμᾶς
2868 1389 2977 1458 ἄρα
3005 1391 3242 1443 τοιοῦτον
3280 1392 3525 1457 ἔπεισεν,
3567 1395 3690 1448 ὥστε
3717 1401 3792 1452 καὶ

2272 1478 2482 1540 ἑαυτοῖς
2509 1480 2586 1540 εἰς
2614 1478 2674 1530 τὸ
2708 1479 2946 1531 ἐναντίον
2969 1485 3308 1552 περιπεσεῖν,
3332 1484 3428 1536 καὶ
3464 1487 3704 1557 τοσαύτην
3729 1491 3796 1541 αἱ-

2273 1566 2472 1637 σχύνην
2491 1568 2896 1636 ἀπενέγκασθαι
2917 1587 2931 1634 ;
2957 1571 3069 1624 ἀλλ’
3099 1571 3249 1624 οὐδὲν
3271 1572 3491 1642 εὔλογον
3516 1574 3577 1627 ἂν
3592 1576 3765 1630 εἴποιτε
3784 1595 3795 1609 ·

2270 1657 2424 1711 τοῦτο
2475 1659 2530 1712 δὲ
2573 1661 2730 1731 μόνον
2770 1662 3139 1733 περιλείπεται
3185 1666 3323 1717 νοεῖν
3346 1705 3360 1730 ,
3417 1666 3496 1719 ὅτι
3527 1668 3687 1722 πάντα
3724 1669 3801 1723 νῦν

2271 1746 2666 1818 ὑποκρίνεσθε,
2711 1751 2803 1802 καὶ
2856 1751 3034 1805 πάντα
3076 1753 3533 1825 προσποιούμενοι
3581 1757 3807 1811 πλάττετε

2270 1836 2357 1890 διὰ
2389 1837 2484 1906 τὴν
2520 1839 2668 1910 παρὰ
2697 1843 3072 1897 Κωνσταντίου
3253 1847 3609 1917 προστασίαν,
3651 1849 3734 1902 καὶ
3758 1849 3808 1902 τὸ

594 1937 794 1992 evenit.
819 1938 994 2007 Atque
1013 1937 1067 1990 in
1099 1944 1349 2006 promptu
1373 1935 1526 1989 vobis
1547 1943 1631 1990 est
1652 1932 1837 1988 Patres
1867 1933 2122 1987 incusare
2146 1951 2160 1998 ;

2277 1931 2423 2001 παρὰ
2454 1931 2546 1983 τοῦ
2576 1931 2814 1986 τοιούτου
2844 1935 3056 2004 κέρδος.
3085 1937 3193 1988 Καὶ
3242 1941 3594 2009 κατηγορεῖτε
3629 1939 3718 2009 μὲν
3740 1941 3813 1992 εύ-

593 2037 902 2096 temereque
927 2025 1188 2096 objicitis,
1243 2039 1350 2079 non
1406 2023 1594 2078 haberi
1638 2038 1698 2078 ea
1734 2022 1892 2076 verba
1927 2022 1979 2075 in
2021 2020 2167 2075 Scri-

593 2118 768 2186 pturis
793 2117 966 2172 sacris
1003 2133 1017 2169 :
1069 2125 1124 2170 et
1152 2123 1209 2169 ut
1249 2115 1510 2184 scriptum
1570 2123 1672 2175 est,
1727 2133 1744 2164 ‹
1787 2128 1944 2168 crura
1975 2113 2167 2166 divari-

593 2209 760 2263 castis
794 2208 942 2262 omni
972 2207 1273 2262 transeunti
1322 2207 1376 2272 3;
1410 2225 1428 2257 ι
1461 2206 1532 2260 ita
1566 2215 1620 2260 ttt
1649 2205 1807 2260 toties
1842 2205 2164 2258 sententiam

592 2298 956 2364 eommutetis,
995 2297 1212 2367 quoties
1250 2296 1417 2352 velint
1456 2296 1489 2349 ii
1540 2296 1631 2366 qui
1691 2311 1786 2352 vos
1820 2296 2063 2350 mercede
2115 2305 2166 2349 et

593 2389 816 2460 praemio
870 2387 1205 2454 conducunt.
1270 2383 1594 2456 Quanquam
1653 2386 1788 2440 nihil
1839 2388 2083 2448 interest,
2120 2386 2164 2440 si

536 2487 544 2499 '
593 2481 716 2550 quis
748 2495 856 2534 non
891 2479 1120 2549 scriptas
1143 2492 1304 2533 voces
1356 2475 1616 2546 proferat,
1662 2476 1789 2531 dum
1822 2477 1965 2545 piam
1991 2486 2167 2531 servet

593 2569 938 2623 sententiam.
999 2565 1294 2620 [hereticus
1353 2573 1535 2618 autem
1597 2564 1704 2630 vir,
1739 2564 1866 2618 licet
1927 2565 2166 2620 verbise

595 2659 874 2728 Scriptura
920 2656 1251 2726 depromptis
1296 2662 1502 2720 utatur,
1533 2654 1701 2708 nihilo
1745 2663 1920 2709 tamen
1953 2655 2158 2719 minus,

595 2758 883 2819 suspectus
911 2764 976 2805 ac
1012 2755 1196 2802 mente
1255 2754 1542 2816 corruptus
1572 2761 1694 2800 cum
1751 2746 1842 2812 sit,
1895 2762 1925 2800 a
1961 2744 2162 2815 Spiritu

593 2851 783 2897 sancto
805 2840 986 2896 audiet
1018 2858 1030 2893 ε
1061 2857 1077 2889 ι
1101 2835 1280 2905 Quare
1310 2847 1364 2892 tu
1391 2853 1615 2892 enarras
1649 2837 1891 2908 justitias
1924 2848 2164 2906 meas,et

593 2930 828 2986 assumis
853 2915 1233 2986 testamentum
1263 2943 1440 2982 meum
1463 2942 1558 2996 per
1579 2943 1639 2983 os
1667 2937 1816 2986 tuum
1872 2927 1968 2982 ‘1?»
1989 2927 2166 2994 Quare

592 3023 812 3077 diabolo
857 3022 984 3076 licet
1042 3036 1108 3075 ex
1173 3019 1469 3090 Seripturis
1521 3019 1760 3090 loquenti
1804 3033 1866 3075 os
1914 3035 1944 3073 a
1973 3017 2162 3074 Salva-

594 3124 712 3170 tore
749 3113 1063 3169 obturatum
1093 3120 1195 3167 est.
1231 3110 1430 3166 Beatus
1457 3119 1635 3165 autem
1667 3109 1888 3175 Paulus,
1913 3109 2164 3180 quamvis

591 3221 656 3258 ex
690 3203 935 3273 profanis
966 3203 1217 3272 loquatur
1254 3220 1267 3256 :
1324 3221 1341 3253 ι
1380 3201 1666 3256 Cretenses
1697 3215 1912 3271 semper
1938 3200 2162 3254 menda-

593 3309 683 3349 ces
731 3295 791 3360 ³;
829 3313 846 3344 ›
897 3301 983 3346 et:
1018 3281 1244 3361 (Ipsius
1277 3291 1420 3344 enim
1447 3306 1616 3360 genus
1661 3305 1853 3345 sumus
1922 3293 1972 3356 6;
2009 3309 2029 3340 ι
2067 3298 2159 3343 et:

599 3402 618 3434 ι
653 3384 1026 3452 Corrumpunt
1056 3398 1234 3437 mores
1294 3383 1465 3436 bonos
1498 3381 1768 3449 colloquia
1817 3395 1985 3450 prava
2044 3383 2102 3448 ⁷;

594 3483 829 3528 attamen
855 3483 1074 3528 sanctus
1100 3488 1220 3527 cum
1260 3473 1351 3537 sit,
1385 3473 1526 3541 piam
1561 3472 1758 3526 retinet
1786 3472 2112 3527 sententiam
2148 3488 2161 3524 :

592 3573 796 3617 etcum
823 3562 1024 3615 Christi
1075 3569 1308 3618 mentem
1362 3559 1580 3626 habeat,
1620 3560 1869 3629 gentibus
1911 3561 2164 3630 magister

591 3665 674 3707 est
700 3655 818 3707 lidei
845 3662 898 3706 et
926 3653 1188 3718 veritatis,
1238 3661 1292 3705 et
1329 3668 1451 3706 cum
1495 3654 1695 3722 pietate
1751 3666 1962 3721 semper
1989 3652 2162 3721 loqui-

593 3755 702 3797 tur.
739 3741 1075 3812 Ecquidnam
1108 3741 1212 3796 ﬁde
1241 3742 1462 3812 dignum
1504 3743 1643 3797 inest
1694 3741 1963 3797 Arianicis
1997 3757 2162 3796 vocu-

590 3834 678 3888 lis.
714 3834 912 3904 quibus
934 3847 1096 3888 eruca
1123 3841 1176 3886 et
1206 3833 1412 3888 locusta
1461 3834 1727 3888 Salvatori
1792 3834 2156 3904 anteponitur,

591 3924 801 3992 ipsique
826 3923 938 3977 hzec
968 3923 1208 3978 convicia
1243 3923 1529 3978 dicuntur:
1563 3924 1868 3993 Aliquando
1892 3941 1998 3978 non
2015 3939 2157 3986 eras,

591 4025 642 4069 et
667 4023 883 4070 creatus
907 4030 986 4080 es,
1019 4015 1345 4084 alienusque
1369 4031 1429 4069 es
1465 4031 1492 4068 a
1531 4015 1639 4069 Deo
1688 4017 1988 4071 secundum
2032 4017 2159 4071 sub-

591 4106 844 4160 stantiam
869 4124 881 4159 ε
902 4105 1216 4174 nullamque
1236 4108 1452 4159 domum
1483 4121 1588 4158 non
1614 4105 1894 4176 proferunt
1919 4107 2161 4173 blasphe-

595 4194 793 4248 miam?
827 4193 1104 4262 Propalam
1129 4202 1275 4247 certe
1294 4193 1521 4255 faciunt,
1545 4206 1602 4245 se
1626 4193 1768 4246 nulla
1788 4193 1889 4246 alia
1913 4193 1978 4245 de
2006 4206 2167 4244 causa

595 4302 718 4341 eum
748 4301 940 4354 magna
979 4281 1185 4354 synodo
1233 4298 1496 4352 pugnare,
1529 4299 1691 4352 quam
1725 4287 1866 4352 quod
1915 4283 2169 4335 Arianam

597 4375 939 4430 damnaverit
970 4373 1242 4428 haeresim.
1285 4375 1359 4444 Ea
1394 4375 1555 4429 etiam
1591 4375 1696 4428 illis
1737 4390 1896 4427 causa
1927 4382 2010 4427 est
2038 4389 2170 4425 cnn-

600 4467 970 4532 substantialis
1011 4481 1196 4519 vocem
1236 4467 1557 4521 criminandi
1608 4469 1675 4520 de
1707 4483 1808 4536 qua
1853 4465 1954 4534 ipsi
2011 4480 2174 4536 prave

601 4561 867 4624 sentiunt.
913 4555 968 4619 Si
1006 4572 1236 4627 namque
1281 4568 1426 4612 recte
1453 4559 1761 4614 crederent.
1803 4555 2015 4610 Patrem
2051 4571 2176 4609 vere

2271 2020 2445 2092 χερῶς
2475 2022 2580 2074 τῶν
2615 2024 2890 2094 Πατέρων,
2919 2025 3319 2096 προφασίζεσθε
3343 2028 3399 2081 δὲ
3434 2029 3610 2093 ἁπλῶς
3637 2030 3723 2094 τὰς
3749 2031 3813 2083 λέ-

2272 2111 2403 2176 ξεις,
2431 2112 2506 2176 ὡς
2538 2116 2817 2185 ἀγράφους
2844 2134 2855 2146 ·
2891 2119 2984 2170 καὶ
3012 2119 3154 2171 κατὰ
3190 2120 3254 2172 τὸ
3288 2121 3684 2192 γεγραμμένον,
3711 2140 3728 2173 t
3754 2123 3818 2175 δι·-

2273 2204 2512 2256 ετείνατε
2552 2203 2617 2257 τὰ
2649 2205 2812 2275 σκέλη
2842 2208 3003 2260 παντὶ
3033 2209 3253 2280 παρόδῳ
3279 2226 3291 2238 ·
3319 2230 3337 2260 ι
3359 2209 3500 2264 ὥστε
3527 2212 3816 2274 τοσαυτάκις

2273 2295 2415 2365 ὑμᾶς
2453 2296 2901 2366 μεταϐάλλεσθαι,
2933 2299 3121 2364 ὁσάκις
3151 2300 3217 2353 ἃν
3241 2302 3392 2371 ὑμᾶς
3415 2303 3465 2354 oi
3508 2302 3823 2373 μισθούμενοι

2272 2387 2364 2439 καὶ
2416 2387 2774 2458 χορηγοῦντες
2821 2390 2948 2460 ὑμῖν
2992 2391 3295 2460 βούλονται.
3430 2413 3436 2418 ·
3505 2395 3690 2449 Καίτοι
3739 2393 3824 2446 κᾶν

2271 2475 2550 2546 ἀγράφους
2565 2493 2648 2537 τις
2669 2476 2800 2548 λαλῇ
2822 2476 3018 2543 λέξεις,
3047 2478 3200 2531 οὐδὲν
3231 2479 3507 2551 διαφέρει,
3531 2482 3633 2546 ἕως
3657 2481 3828 2539 εὐσεδῆ

2270 2568 2371 2637 τὴν
2395 2567 2631 2621 διάνοιαν
2650 2569 2781 2638 ἔχει.
2827 2570 2885 2621 Ὀ
2916 2569 2972 2622 δὲ
3000 2570 3280 2641 αἱρετικὸς
3316 2571 3422 2640 ivi;
3434 2589 3484 2642 ρ,
3508 2571 3608 2624 κᾶν
3633 2572 3721 2635 τὰς
3740 2572 3830 2624 ἀπὸ

2271 2658 2380 2711 τῶν
2412 2659 2643 2729 Γραφῶν
2677 2662 2944 2731 χρήσηται
2979 2660 3170 2727 λέξεις,
3227 2662 3388 2715 οὐδὲν
3415 2657 3579 2734 ἦττον
3620 2662 3834 2725 ὕποπτος

2271 2747 2366 2811 ὢν,
2394 2749 2486 2800 καὶ
2516 2749 2606 2800 τὸν
2635 2749 2760 2802 νοῦν
2792 2749 3205 2820 διεφθαρμένος,
3242 2752 3546 2806 ἀκούσεται
3590 2750 3731 2822 παρὰ
3756 2749 3836 2802 τοῦ

2274 2839 2588 2910 Πνεύματος
2614 2857 2627 2870 ο
2676 2858 2694 2891 ι
2731 2841 2847 2894 Ἵνα
2874 2840 2925 2892 τί
2954 2841 3017 2892 σὺ
3047 2842 3208 2912 διηγῇ
3418 2842 3490 2896 τὰ
3521 2839 3844 2908 δικαιώματά

2276 2949 2397 3000 μου,
2428 2933 2520 2984 καὶ
2555 2932 2955 3002 ἁναλαμϐάνεις
2982 2931 3080 3003 τὴν
3115 2931 3395 3004 διαθήκην
3431 2951 3534 3005 μου
3555 2934 3643 2987 διὰ
3670 2934 3843 3002 στόμα-

2275 3022 2364 3084 τός
2412 3039 2580 3087 σου;›
2617 3022 2799 3085 Οὕτως
2845 3025 2872 3074 ό
2913 3022 3009 3093 μὲν
3038 3022 3318 3088 διάϐολος,
3349 3025 3537 3080 καίτοι
3561 3025 3733 3080 λαλῶν
3757 3025 3846 3078 ἀπὺ

2273 3113 2381 3166 τῶν
2429 3113 2678 3184 Γραφῶν,
2733 3114 3043 3183 πεφίμωνται
3078 3113 3231 3186 παρὰ
3263 3116 3364 3170 τοῦ
3401 3118 3655 3190 Σωτῆρος
3680 3135 3691 3147 ·
3739 3120 3764 3171 ὀ
3799 3117 3846 3171 δὲ

2279 3205 2542 3275 μακάριος
2568 3205 2799 3268 Παῦλος,
2835 3205 2936 3259 κᾶν
2969 3209 3033 3260 ἐκ
3058 3207 3167 3260 τῶν
3199 3207 3415 3272 ἔξωθεν
3452 3208 3594 3279 λαλῇ
3613 3227 3626 3239 ·
3670 3227 3688 3260 ι
3714 3207 3848 3279 Κρῆ-

2276 3311 2367 3358 τες
2397 3295 2482 3347 ἀεὶ
2509 3296 2768 3364 ψεῦσταιο
2802 3315 2819 3346 ι
2869 3298 2962 3350 καὶ
2985 3337 3002 3362 ,
3061 3317 3080 3349 ι
3113 3296 3220 3350 Τοῦ
3267 3299 3386 3369 γὰρ
3584 3300 3678 3351 καὶ
3719 3297 3852 3365 γένος

2139 3400 2157 3433 ι
2203 3377 2244 3433 C
2275 3388 2473 3458 ἑσμξνι
2521 3405 2537 3438 ι
2577 3388 2691 3448 καὶ,
2734 3406 2751 3437 ι
2782 3386 3098 3457 Φθείρουσιν
3129 3387 3238 3458 ἢθη
3269 3389 3498 3460 χρηστὰ
3530 3389 3731 3459 ὁμιλίαι
3771 3403 3854 3441 και

2275 3476 2366 3529 καί
2388 3493 2399 3506 ·
2429 3497 2447 3527 ι
2473 3476 2584 3529 ἀλλ’
2611 3477 2780 3546 ὅμως,
2807 3476 2959 3544 ἅγιος
2988 3474 3084 3540 ὢν,
3111 3475 3226 3546 ἔχει
3254 3479 3364 3548 τὴν
3383 3478 3632 3532 διάνοιαν
3661 3476 3857 3543 εύσεόῑγ

2273 3569 2369 3621 καὶ
2394 3566 2488 3620 τοῦ
2522 3567 2756 3636 Χριστοῦ
2785 3567 2908 3623 νοῦν
2941 3566 3080 3637 ἔχων
3103 3607 3118 3630 ,
3152 3567 3494 3634 διδάσκαλός
3540 3571 3685 3622 ἐστιν
3715 3566 3861 3620 tam

2276 3657 2334 3707 ὲν
2363 3655 2542 3708 πίστει
2586 3656 2680 3708 καὶ
2721 3653 2979 3725 ἀληθείᾳ·
3029 3656 3122 3708 καὶ
3160 3654 3194 3708 ἃ
3221 3654 3411 3720 λαλεῖ,
3449 3657 3574 3727 μετ’
3607 3654 3867 3716 εὐσεϐείας

2277 3745 2588 3814 φθέγγεται.
2615 3747 2750 3799 Ποία
2788 3747 2966 3800 τοίνυν
2991 3749 3050 3801 ἐν
3073 3751 3186 3810 τοῖς
3231 3749 3552 3820 Ἀρειανοῖς
3712 3749 3847 3818 ρημα

2277 3838 2411 3898 τίοις
2457 3837 2559 3889 κᾶν
2592 3836 2882 3907 πιθανότης
2933 3839 3098 3900 ἐστὶν,
3130 3838 3187 3889 ὲν
3245 3836 3338 3902 οἷς
3400 3839 3744 3908 προτιμᾶται
3790 3833 3871 3886 τοῦ

2280 3927 2527 3996 Σωτῆρος
2561 3929 2593 3996 ἡ
2627 3928 2819 3998 κάμπη
2852 3929 2943 3981 καὶ
2978 3929 3010 3998 ἡ
3044 3929 3234 3999 ἀκρίς,
3269 3931 3375 3984 καὶ
3406 3930 3733 4002 λοιδορεῖται
3762 3925 3872 3993 παρ’

2278 4014 2484 4067 αὐτῶν·
2523 4015 2636 4067 Οὐκ
2683 4011 2750 4084 ἦς
2779 4033 2930 4080 ποτε,
2987 4018 3080 4070 καὶ
3111 4018 3393 4089 ἐκτίσθης
3418 4061 3434 4084 ,
3480 4020 3634 4084 ξένος
3664 4035 3721 4070 τε
3774 4013 3876 4066 κατ’

2278 4105 2462 4158 οὐσίαν
2511 4105 2604 4158 τοῦ
2655 4106 2787 4158 Θεοῦ
2816 4108 3131 4175 τυγχάνεις·
3171 4110 3275 4162 καὶ
3321 4111 3472 4173 ὅλως
3505 4110 3663 4163 οὐδὲν
3694 4108 3878 4170 δυσφητ

2275 4188 2398 4257 μίας
2421 4190 2474 4240 ὲν
2515 4189 2694 4250 αὐτοῖς
2724 4187 3177 4257 παραλέλειπται.
3204 4191 3511 4261 Φανεροὺς
3540 4189 3636 4244 οὖν
3668 4188 3876 4247 ἑαυτοὺς

2275 4281 2408 4332 πᾶσι
2435 4280 2786 4339 καθιστῶσιν.
2814 4283 2892 4333 ὅτι
2920 4282 2985 4334 δι’
3021 4282 3174 4335 οὐδὲν
3199 4283 3416 4355 ἕτερον
3457 4285 3727 4355 μάχονται
3755 4279 3876 4348 πρὸς

2273 4373 2370 4441 τὴν
2409 4371 2624 4425 σύνοδον
2661 4373 2877 4439 ἐκείνην
2901 4374 3003 4443 τὴν
3031 4374 3314 4442 μεγάλην,
3342 4377 3379 4447 ἢ
3415 4378 3508 4431 ὅτι
3544 4379 3646 4448 τὴν
3681 4377 3880 4445 ’Ᾱρεια-

2276 4463 2371 4528 νὴν
2406 4462 2616 4531 αἵρεσιν
2663 4463 2972 4534 κατέκρινε.
3011 4465 3108 4517 Διὰ
3151 4465 3333 4520 τοῦτο
3383 4471 3504 4538 γὰρ
3534 4472 3629 4521 καὶ
3677 4469 3771 4536 τὴν
3800 4463 3882 4516 τοῦ

2278 4556 2566 4622 ὀμοουσίου
2602 4556 2743 4620 λέξιν
2775 4555 3142 4618 διαϐάλλουσι,
3181 4558 3400 4625 κακῶς
3442 4563 3611 4615 αὐτοὶ
3647 4558 3888 4631 φρονοῦνο

601 4650 818 4705 Patrem
864 4648 1301 4706 confiterentur;
1344 4647 1539 4700 Filium
1579 4664 1703 4702 vero
1752 4648 2045 4716 genuinum
2089 4645 2167 4699 Fi-

2280 4661 2367 4705 τες
2399 4647 2494 4697 καὶ
2528 4648 2653 4716 περὶ
2679 4647 2869 4714 αὐτῆς.
2896 4648 2957 4699 Εἰ
2981 4647 3088 4718 γὰρ
3112 4650 3431 4705 ἐπίστευον
3455 4654 3668 4723 ὀρθῶς.
3703 4653 3791 4704 καὶ
3811 4651 3890 4700 τὸν

603 4744 758 4804 lium,
786 4749 842 4794 et
863 4749 1056 4802 natura
1079 4752 1265 4792 verum
1287 4742 1573 4791 crederent
1597 4737 1856 4801 Verbum,
1883 4748 1935 4790 et
1959 4739 2180 4807 Sapien-

607 4833 735 4888 tiam
786 4831 983 4886 Patris.
1041 4829 1198 4897 Quod
1254 4838 1434 4895 autem
1469 4829 1682 4888 dicitur
1727 4845 1794 4884 ex
1847 4829 1955 4883 Deo
1983 4829 2178 4884 Filium

607 4938 751 4985 esse.
785 4925 831 4977 si
862 4939 969 4980 non
1007 4933 1065 4977 ut
1097 4924 1164 4977 de
1185 4912 1450 4978 creaturis
1484 4920 1700 4984 dicitur,
1727 4920 1798 4974 ita
1828 4920 1893 4974 de
1921 4920 2011 4974 illo
2039 4919 2183 4972 atiir-

613 5022 858 5081 marem;
895 5015 992 5068 sed
1017 5013 1167 5068 illum
1193 5013 1515 5072 substantiae
1545 5011 1721 5066 Patris
1752 5011 2029 5082 propriam
2062 5027 2184 5065 esse

611 5105 820 5176 prolem
849 5105 1232 5175 intelligerent,
1255 5104 1712 5176 quemadmodum
1736 5104 1991 5174 splendor
2014 5117 2041 5156 a
2067 5103 2188 5156 luce

610 5209 791 5251 ortum
831 5194 1014 5258 habet,
1043 5209 1383 5265 nequaquam
1416 5195 1613 5266 singuli
1663 5209 1848 5260 eorum
1884 5194 2072 5251 Patres
2109 5193 2190 5246 in—

609 5297 917 5352 cusassent,
968 5301 1032 5340 ac
1065 5288 1244 5356 potius
1293 5287 1523 5344 ﬁdenter
1558 5287 1822 5346 dixissent
1865 5287 2003 5340 bene
2033 5300 2192 5355 syno-

613 5381 744 5436 dum
803 5378 1110 5450 scripsisse,
1147 5386 1201 5433 et
1254 5392 1372 5433 eam
1425 5391 1548 5434 esse
1594 5387 1794 5432 rectam
1847 5379 1915 5434 de
1960 5379 2188 5433 Domino

615 5483 803 5528 nostro
824 5471 953 5532 Jesu
986 5470 1202 5531 Christo
1235 5470 1415 5525 tidem.

694 5733 707 5763 ¹
738 5731 945 5785 Coloss.
981 5747 1040 5791 tt,
1076 5732 1126 5784 9.

1226 5736 1243 5765 ³
1277 5733 1612 5798 Joan.t,16.
1711 5737 1728 5765 ³
1764 5735 1960 5791 Ezeelt.
2001 5753 2111 5799 χιιι,
2147 5740 2234 5792 2’5.

623 5798 643 5832 ν
673 5799 690 5854 Ι
721 5801 849 5865 Cor.
887 5815 974 5864 xv,
1010 5800 1094 5854 55.

2285 4737 2383 4804 μὲν
2417 4738 2630 4804 Πατέρα.
2662 4737 2878 4806 Πατέρα
2908 4737 3120 4807 ἀληθῶς
3157 4739 3539 4810 ὡμολόγουν,
3573 4747 3668 4797 τὸν
3697 4743 3752 4796 δὲ
3779 4741 3894 4793 Υίόν

2284 4825 2504 4895 γνήσιον
2531 4825 2657 4877 Υίξν
2690 4827 2782 4880 καὶ
2832 4827 2988 4894 φύσει
3018 4827 3289 4896 ἀληθινὸν
3326 4835 3543 4900 Λόγον,
3575 4837 3668 4886 καὶ
3719 4831 3898 4896 Σοφίαν

2285 4917 2566 4968 ἐπίστευον
2598 4911 2736 4969 εἶναι
2782 4919 2877 4970 τοῦ
2911 4920 3118 4989 Πατρός
3141 4934 3152 4946 ·
3197 4923 3268 4974 τό
3319 4941 3387 4977 τε
3419 4927 3490 4979 ὲκ
3521 4925 3622 4979 τοῦ
3668 4922 3799 4979 Θεοῦ
3822 4921 3901 4972 λέ-

2287 5023 2404 5074 γειν
2425 5009 2515 5059 τὸν
2551 5009 2697 5071 Υἱδν,
2739 5012 2786 5061 εί
2823 5011 2918 5078 μὴ,
2954 5010 3142 5080 ὥσπερ
3193 5012 3451 5082 λέγεται
3486 5021 3626 5089 περὶ
3666 5019 3770 5069 τῶν
3799 5031 3902 5065 κτιο

2293 5098 2533 5165 σμάτων,
2563 5096 2734 5160 οὕτως
2763 5099 2949 5167 ἔλεγον
2982 5102 3076 5152 καὶ
3103 5103 3249 5170 περὶ
3285 5106 3501 5168 αὑτοῦ,
3540 5105 3683 5160 ἀλλὰ
3714 5104 3806 5174 τῆς
3827 5100 3906 5152 ού-

2294 5189 2414 5249 σίας
2450 5187 2542 5240 τοῦ
2593 5189 2803 5258 Πατρὸς
2844 5190 2972 5242 ἴδιον
3002 5189 3164 5243 αὑτὸν
3201 5194 3416 5250 ἐνόουν
3453 5195 3604 5250 εἶναι
3657 5199 3905 5265 γέννημα,

2293 5281 2366 5343 ὡς
2391 5279 2503 5332 ἔστι
2532 5279 2589 5333 τὸ
2609 5279 2948 5350 ἀπαύγασμα
2969 5284 3032 5334 ὲκ
3055 5282 3149 5335 τοῦ
3184 5288 3394 5353 φωτός
3426 5307 3441 5320 ·
3463 5292 3577 5343 οὐκ
3602 5289 3669 5343 ἂν
3697 5287 3910 5344 ἕκαστος

2294 5375 2474 5429 αὐτῶν
2506 5376 2800 5445 κατηγόρει
2846 5376 2951 5430 τῶν
2987 5378 3265 5448 Πατέρων
3289 5399 3306 5411 ’
3359 5385 3490 5437 ἀλλ’
3527 5386 3817 5455 ἐθάρρουν,
3841 5380 3914 5430 ὅτι

2295 5469 2475 5528 καλῶς
2518 5467 2755 5536 ἔγραψεν
2786 5469 2817 5538 ἡ
2863 5469 3080 5528 σύνοδος
3107 5486 3120 5499 ·
3162 5476 3276 5525 καὶ
3305 5475 3504 5541 οὕτως
3541 5479 3698 5530 ἐστὶν
3733 5475 3767 5544 ἡ
3793 5468 3917 5539 ὀρθὴ

2296 5559 2423 5627 περὶ
2456 5559 2550 5612 τοῦ
2588 5559 2793 5629 Κυρίου
2825 5560 2982 5628 ἡμῶν
3031 5561 3224 5627 Ἰησοῦ
3267 5568 3539 5639 Υριστοῦ
3581 5571 3790 5630 πίστις.

2377 5739 2493 5794 l‘sal
2556 5755 2698 5804 xmx,
2758 5743 2834 5794 l6.
2917 5744 2933 5773 ⁵
2971 5742 3075 5796 Tit.
3114 5759 3153 5804 ι,

3232 5747 3324 5800 l-Z.
3417 5755 3436 5782 ε
3473 5753 3603 5806 Aet.
3662 5763 3797 5815 xvtt,
3841 5745 3921 5802 23.
