4102 6298
337 425 450 492 469

1315 431 1692 493 PANOPLIA
1728 433 2184 495 DOGMATICA.
2233 463 2300 474 ·--
2335 431 2485 501 ΤΙΤ.
2530 441 2616 500 XI

3484 443 3596 509 4ἷύ

424 544 569 598 Ἀλλ’
629 543 866 615 ἀσαφὴς,
933 544 1116 614 φασὶν,
1178 543 1326 598 ἐστὶν
1389 547 1520 616 ἡμῖν
1573 547 1682 599 τῶν
1741 547 1917 600 τοιού-

2092 549 2220 612 Sed,
2273 550 2448 617 aiunt,
2501 553 2730 608 obscura
2785 555 2943 610 nobis
3003 562 3088 611 est
3145 554 3339 611 horum
3396 556 3593 612 verb-)-

327 653 448 691 των
503 636 704 702 λέξεων
748 636 782 707 ή
823 636 1048 692 διάνοια.
1085 637 1198 691 Καὶ
1249 636 1408 692 τοῦτο
1450 639 1560 708 γὰρ
1616 639 1915 707 προεφασί-

343 748 529 794 σαντο,
559 731 810 800 λέγοντες
831 771 844 794 ,
872 733 984 794 ὃτι,
1031 732 1104 802 μὴ
1147 731 1428 802 δυνάμενοι
1462 731 1785 785 καταλαϐεῖν
1817 731 1913 800 τὴν

343 821 644 891 ἑρμηνείαν
690 821 898 885 αὐτῶν,
957 822 1288 894 ἐκϐάλλομεν
1318 822 1520 886 ταύτας
1568 823 1665 886 τὰς
1722 821 1912 885 λέξεις.

343 912 520 964 Τοῦτο
553 911 610 964 δέ
636 912 685 964 εί
719 910 932 980 ἀληθῶς
967 913 1148 981 ἔλεγον
1172 954 1185 978 ,
1212 913 1310 966 οὐκ
1347 913 1454 966 ἔδει
1492 912 1668 982 λέγειν
1697 914 1911 976 αὐτοὺς,

359 1000 728 1070 Ἐκόάλλομεν
759 989 992 1064 ταύτᾶςο
1027 1002 1140 1056 ἀλλ’
1179 1003 1364 1072 ἠξίουν
1543 1002 1731 1072 μαθεῖν
1765 1003 1914 1076 παρὰ

348 1090 459 1143 τῶν
481 1090 876 1161 ἐπισταμένων,
905 1093 1025 1145 ἐπεὶ
1056 1092 1325 1162 ὀφείλουσι
1357 1110 1442 1162 γε,
1469 1094 1560 1147 καὶ
1590 1094 1731 1165 ἅπερ
1755 1093 1820 1146 ἂν
1857 1094 1914 1146 ἐν

348 1183 471 1244 ταῖς
496 1181 666 1244 θείαις
692 1183 933 1253 Γραφαῖς
961 1181 1033 1254 μὴ
1062 1184 1322 1254 νοήσωσιν
1350 1184 1646 1248 ἐκϐάλλειν,
1668 1186 1759 1237 καὶ
1782 1201 1914 1237 κατ-

345 1274 568 1341 ηγορεῖν
615 1274 740 1335 τοὺς
795 1272 1109 1343 γράψαντας
1326 1275 1487 1329 αὐτά.
1547 1274 1706 1327 Ἀλλά
1761 1274 1917 1328 τοῦτο

349 1361 555 1432 μᾶλλον
587 1362 898 1430 αἱρετικῶν,
927 1365 1020 1418 καὶ
1047 1365 1144 1434 οὐχ
1173 1363 1327 1434 ἡμῶν
1347 1364 1454 1416 τῶν
1491 1364 1831 1435 Χριστιανῶν
1858 1363 1918 1417 τὸ

341 1452 623 1523 τόλμημα.
659 1453 728 1505 Ἀ
759 1455 867 1526 γὰρ
889 1455 1186 1526 ἀγνοοῦμεν
1220 1457 1277 1508 ἐν
1308 1458 1419 1518 τοῖς
1438 1455 1633 1524 λογίοις
1652 1497 1666 1522 ,
1692 1457 1791 1509 οὐκ
1823 1459 1916 1508 ἐκ-

343 1542 640 1614 ϐάλλομεν,
669 1544 804 1598 ἀλλὰ
831 1545 1098 1617 ζητοῦμεν
1127 1546 1219 1609 οὒς
1242 1547 1586 1616 ἀπεκάλυψεν
1744 1549 1773 1599 6
1803 1546 1916 1600 Κύ-

345 1651 489 1704 ριος,
517 1636 610 1688 καὶ
636 1636 766 1706 παρ’
800 1637 976 1690 αὐτῶν
1001 1636 1287 1706 μανθάνειν
1312 1637 1586 1707 ἀξιοῦμεν.
1619 1637 1834 1706 Ἐπειδὴ
1861 1637 1918 1690 δὲ

343 1723 448 1776 καὶ
486 1723 627 1777 οὕτω
655 1725 1080 1796 προφασίζονται
1103 1726 1200 1797 τὴν
1224 1726 1489 1795 ἀσάφειαν
1521 1725 1628 1778 τῶν
1661 1726 1917 1778 τοιούτων

340 1813 548 1879 λέξεων
571 1856 585 1880 ,
622 1816 1053 1886 ὁμολογείτωσαν
1090 1816 1219 1886 γοῦν
1243 1816 1311 1869 τὰ
1335 1816 1492 1880 εὐθὺς
1529 1819 1916 1888 ἐπιφερόμενα,

326 1334 338 1390 i

2021 655 2141 694 rum
2195 643 2488 699 sententia.
2527 643 2600 698 Ea
2633 645 2777 699 enim
2827 645 2929 701 fuit
2968 647 3142 703 futilis
3188 649 3471 705 hominum
3502 666 3596 704 ex-

2027 726 2240 781 cusatio
2274 741 2288 780 :
2322 742 2446 783 cum
2483 743 2590 782 non
2616 730 2890 798 possimus
2942 729 3230 785 verborum
3262 731 3586 801 interpreta-

2029 817 2228 871 tionem
2257 819 2495 889 assequi,
2525 819 2613 873 illa
2645 821 2944 890 rejicimus.
2974 821 3042 874 At
3077 820 3121 874 si
3155 821 3368 875 sincero
3395 821 3585 891 loque-

2030 917 2216 963 rentur
2254 911 2457 976 animo,
2489 926 2594 965 non
2623 910 2827 966 dictum
2866 911 3127 980 oportuit,
3160 910 3247 964 illa
3274 911 3588 979 rejicimus;

2024 999 2117 1055 sed
2340 1001 2663 1057 sciscitaturi
2698 1012 2854 1056 erant
2880 1010 2939 1056 ut
2970 1019 2997 1054 a
3034 1002 3222 1071 peritis
3250 1003 3587 1056 ediscerent:

2026 1091 2230 1161 alioqui
2269 1093 2516 1162 rejiciant
2549 1095 2809 1164 quidquid
2829 1095 2883 1148 in
2908 1094 3204 1164 Scripturis
3259 1093 3456 1149 divinis
3482 1109 3587 1148 non

2027 1181 2351 1254 intelligunt,
2382 1199 2586 1255 eosque
2615 1187 2704 1256 qui
2766 1187 2857 1241 illa
2893 1186 3159 1255 scripsere
3210 1184 3586 1239 criminentur.

2027 1274 2130 1329 Sed
2157 1275 2527 1331 haereticorum
2557 1279 2736 1346 potius
2769 1293 2931 1347 quam
2975 1286 3223 1331 nostrum
3245 1276 3587 1331 Christiano-

2026 1382 2145 1420 rum
2188 1367 2350 1422 fuerit
2379 1369 2604 1423 audacia
2647 1369 2936 1439 ejusmodi.
2983 1369 3115 1434 Quae
3156 1369 3301 1422 enim
3337 1369 3388 1422 in
3419 1370 3590 1423 sacris

2024 1458 2254 1526 eloquiis
2284 1474 2390 1513 non
2432 1461 2802 1531 intelligimus,
2833 1477 2940 1515 non
2985 1461 3104 1514 ideo
3134 1460 3434 1529 rejicimus,
3495 1461 3587 1512 sed

2025 1550 2093 1604 ab
2127 1549 2193 1603 iis
2220 1552 2538 1620 quaerimus,
2581 1553 2650 1606 ab
2681 1554 2746 1606 iis
2773 1553 3016 1606 ediscere
3051 1551 3416 1620 postulamus,
3468 1550 3588 1619 qui-

2025 1643 2126 1696 bus
2151 1641 2410 1698 Dominus
2443 1643 2714 1696 revelavit.
2746 1643 2962 1707 Verum,
2986 1642 3112 1710 quia
3146 1657 3264 1696 eam
3296 1640 3587 1694 verborum

2023 1736 2406 1790 obscuritatem
2441 1743 2760 1804 praetexunt,
2797 1733 3068 1790 fateantur
3091 1748 3220 1805 ergo
3245 1749 3365 1802 quae
3405 1734 3588 1788 statim

2025 1827 2351 1890 inferuntur,
2412 1835 2465 1882 et
2521 1827 2865 1882 anathemate
2905 1829 3160 1883 damnent
3202 1841 3296 1881 eos
3324 1825 3417 1895 qui
3467 1842 3590 1879 scn-

341 1906 442 1960 καὶ
467 1905 1006 1977 ἀναθεματιζέτωσαν
1028 1908 1154 1973 τούς
1176 1906 1524 1980 φρονοῦντας,
1551 1908 1608 1974 ἐξ
1627 1909 1727 1960 οὐκ
1750 1907 1918 1961 ὄντων

2027 1903 2181 1978 liunt,
2202 1933 2266 1972 ex
2292 1934 2399 1973 non
2433 1921 2772 1975 exstantibus
2797 1935 2918 1976 esse
2947 1919 3167 1987 Filium,
3192 1930 3246 1973 et
3284 1932 3392 1972 non
3421 1915 3590 1973 fuisse

342 1993 490 2050 εἶναι
518 1997 608 2052 τὸν
642 1998 791 2064 Υίὸν,
842 2001 954 2064 καὶ,
987 2002 1098 2053 Οὐκ
1124 1996 1192 2071 ἦν
1239 2000 1365 2072 πρὶν
1395 2001 1662 2070 γεννηθῇ,
1704 1999 1798 2053 καὶ
1836 2000 1917 2052 ὅτι

343 2089 556 2158 κτίσμα
587 2089 682 2142 καὶ
725 2090 934 2160 ποίημά
974 2092 1120 2144 ἐστιν
1152 2093 1179 2144 6
1217 2092 1310 2145 τοῦ
1357 2091 1490 2144 Θεοῦ
1536 2091 1704 2160 Λόγος
1733 2109 1745 2122 ⁶
1803 2091 1916 2156 καὶ,

346 2181 599 2250 Τρεπτός
631 2181 748 2233 ἐστι
929 2183 994 2252 τῇ
1026 2183 1216 2251 φύσει’
1261 2183 1386 2246 καί,
1427 2184 1514 2249 Ἐξ
1553 2183 1741 2252 ἐτέρας
1783 2184 1916 2238 ὐπο-

348 2271 596 2333 στάσεως
619 2289 630 2300 ·
660 2272 753 2324 καὶ
781 2272 916 2336 ὅλως
941 2273 1479 2342 ἀναθεματιζέτωσαν
1503 2292 1602 2344 την
1641 2274 1918 2346 Ἀρειανὴν

347 2363 586 2432 αἵρεσιν,
614 2361 711 2432 τὴν
735 2363 1070 2433 ἐφευροῦσαν
1092 2363 1186 2433 τὴν
1216 2361 1466 2434 τοιαύτην
1650 2361 1920 2417 ἀσέϐειαν.

347 2452 465 2504 Καὶ
501 2451 685 2505 λοιπὸν
711 2451 807 2522 ’μὴ
844 2452 1170 2521 λεγέτωσαν,
1210 2452 1570 2524 Ἐκϐά-λλομεν
1606 2453 1703 2518 τὰς
1727 2453 1918 2521 λέξεις,

345 2539 471 2593 ἀλλ’
497 2541 577 2592 ὅτι
598 2539 763 2593 Οὔπω
791 2541 1016 2612 νοοῦμεν
1043 2541 1210 2604 αὐτάς
1228 2556 1242 2569 ·
1267 2540 1354 2594 ἵνα
1380 2539 1522 2594 οὓτω
1543 2540 1773 2612 πιθανήν
1801 2557 1924 2594 τινα

348 2632 626 2701 πρόφασιν
653 2631 816 2701 ἔχωσι
849 2631 941 2685 τοῦ
961 2631 1341 2702 παραιτεῖσθαι
1372 2631 1592 2694 ταύτας.
1623 2627 1696 2684 Εὖ
1724 2631 1780 2683 δὲ
1802 2627 1918 2686 οἶδα

348 2721 450 2774 καὶ
482 2720 802 2791 πέπεισμαι,
838 2722 929 2774 καὶ
958 2722 1109 2775 αὐτοὶ⁵
1141 2721 1198 2775 δέ
1228 2720 1384 2774 τοῦτο
1428 2721 1808 2790 γινώσκουσιν,
1839 2723 1920 2775 ὅτι

344 2811 526 2864 ταῦτα
576 2811 672 2864 ἐὰν
735 2811 1131 2882 ὁμολογήσωσι,
1189 2814 1281 2866 καὶ
1333 2813 1765 2883 ἀναθεματίσωσι
1823 2815 1920 2886 τὴν

363 2902 646 2974 Ἀρειανὴν
679 2902 913 2972 αἵρεσιν,
945 2903 1045 2955 οὐκ
1064 2902 1387 2973 ἀρνήσονται
1411 2902 1664 2966 κάκείνας
1697 2902 1794 2966 τὰς
1823 2905 1921 2973 τῆς

353 2995 572 3047 συνόδου
606 2993 798 3058 λέξεις.
826 2995 922 3047 Διὰ
946 2994 1104 3047 τοῦτο
1128 2993 1236 3066 γὰρ
1265 2996 1358 3047 καὶ⁵
1387 2997 1434 3047 oi
1464 2994 1702 3066 Πατέρες
1722 3036 1738 3060 ,
1768 2998 1920 3067 είρη·

348 3086 510 3149 κότες
535 3087 599 3138 ἐκ
622 3087 720 3156 τῆς
751 3087 936 3148 οὐσίας
960 3086 1213 3158 γεννητὸν
1240 3086 1330 3139 τὸν
1363 3086 1493 3139 Υίὸν
1537 3087 1815 3157 ὁμοούσιον
1844 3087 1922 3158 τῷ

350 3175 553 3245 Πατρὶ,
584 3175 744 3237 εὐθὺς
763 3175 1041 3243 ἐπήγαγον
1063 3190 1077 3205 ·
1113 3174 1237 3237 τοὺς
1263 3172 1320 3225 δὲ
1358 3173 1612 3240 λέγοντας
1644 3173 1711 3226 τὰ
1743 3189 1918 3242 προει-

2023 2019 2311 2079 antequam
2347 2012 2677 2081 gigneretur,
2729 2022 2783 2066 ct
2834 2021 3143 2068 creaturam
3198 2011 3589 2081 opiﬁciumque

2023 2118 2143 2158 esse
2180 2103 2269 2157 Dei
2317 2102 2601 2163 Verbum:
2648 2117 2842 2162 natura
2894 2109 3156 2163 mutabile
3220 2123 3363 2171 esse,
3433 2116 3486 2161 et
3520 2122 3583 2161 ex

2024 2195 2128 2248 alia
2157 2195 2457 2250 substantia
2485 2215 2498 2263 ;
2525 2196 2855 2266 demumque
2900 2197 3156 2251 Arianam
3189 2198 3450 2250 damnent
3481 2197 3588 2250 hae-

2023 2289 2187 2344 resim
2229 2303 2350 2357 qua
2390 2289 2701 2358 bujusmodi
2749 2288 3076 2356 impietatem
3134 2287 3480 2357 excogitavit.
3514 2285 3592 2340 Ne

2023 2379 2500 2447 dicantdeinccps,
2537 2377 2611 2431 Ea
2648 2377 2807 2432 verba
2841 2377 3114 2446 rejicimus
3143 2394 3157 2443 ;
3194 2377 3308 2442 sed,
3338 2375 3587 2430 Nondum

2026 2473 2114 2526 illa
2146 2469 2532 2540 intelligimus;
2568 2477 2628 2523 ut
2675 2469 2754 2524 sic
2786 2469 3134 2524 verisimilem
3188 2483 3249 2523 ea
3304 2468 3589 2522 recusandi

2024 2575 2242 2615 causam
2273 2557 2516 2613 aﬁ‘erant.
2549 2556 2721 2619 Probe
2773 2557 2888 2612 scio
2929 2566 3109 2612 autem
3156 2571 3220 2611 ac
3250 2557 3591 2626 eXploratum

2027 2653 2218 2716 habeo,
2255 2652 2398 2721 quod
2440 2651 2540 2720 ipsi
2597 2665 2811 2720 quoque
2839 2664 2944 2703 non
2996 2649 3267 2718 ignorant,
3300 2664 3395 2704 eos
3417 2651 3462 2703 si
3492 2650 3590 2704 ista

2026 2743 2386 2800 conﬁteantur
2412 2751 2466 2797 et
2504 2742 2762 2795 Arianam
2796 2740 3025 2793 haeresin
3074 2739 3418 2792 anathemate
3439 2737 3592 2791 dam-

2027 2845 2176 2902 nent,
2209 2834 2401 2906 synodi
2451 2833 2614 2888 vcrba
2673 2847 2778 2886 non
2836 2840 3149 2898 negaturos.
3208 2828 3414 2884 idcirco
3446 2829 3591 2882 enim

2026 2928 2214 2984 Patres
2237 2943 2360 2983 cum
2393 2926 2662 2982 dixissent
2691 2939 2756 2979 ex
2782 2922 3090 2978 substantia
3140 2919 3318 2975 Patris
3348 2921 3590 2990 genitum

2028 3021 2221 3074 Filium
2251 3033 2372 3072 esse
2400 3016 2549 3070 Patri
2579 3014 3121 3076 consubstantialem,
3173 3012 3357 3066 statim
3395 3011 3599 3066 intule-

2029 3119 2154 3167 runt
2185 3131 2197 3165 :
2225 3110 2346 3164 Eos‘
2363 3119 2543 3164 autem
2565 3108 2660 3178 qui
2683 3107 2933 3177 praedicta
2960 3105 3050 3159 illa
3083 3104 3298 3157 Arianae
3321 3103 3594 3156 hzerescos

2026 3200 2192 3256 verba
2241 3201 2450 3261 dicunt,
2489 3197 2830 3252 anathemate
2879 3195 3206 3250 damnamus
3241 3211 3256 3258 ;
3317 3202 3378 3247 ut
3409 3199 3594 3247 osten-

347 3268 598 3340 ρημένα,
631 3269 777 3340 ἅπερ
815 3270 934 3321 ἐστὶ
961 3268 1060 3336 τῆς
1099 3269 1384 3339 Ἀρειανῆς
1416 3269 1701 3338 αἱρέσεως,
1733 3269 2230 3338 ἅναθεματίζομεν.

901 3364 998 3417 Ἐκ
1019 3361 1126 3430 τῆς
1154 3363 1363 3430 αὐτῆς.

2660 3367 2742 3422 Ea:
2765 3365 2968 3422 eadem.

433 3463 578 3531 Πρὸς
594 3463 652 3516 δέ
675 3463 802 3525 τοὺς
816 3462 1242 3531 ἀποδεχομένους
1263 3464 1335 3515 τὰ
1356 3461 1451 3531 μὲν
1468 3463 1601 3517 ἄλλα
1621 3464 1801 3517 πάντα
1816 3465 1922 3518 τῶν

2100 3464 2261 3521 Viros
2286 3473 2467 3522 autem
2495 3467 2588 3536 qui
2615 3468 2718 3521 alia
2747 3468 2960 3535 quidem
2977 3466 3158 3521 omnia
3175 3465 3368 3521 Niczea‘.
3388 3471 3588 3534 scripta

350 3557 416 3607 ἐν
445 3553 656 3624 Νικαίᾳ
688 3552 1037 3620 γραφέντων,
1067 3551 1200 3620 περὶ
1223 3551 1278 3604 δέ
1322 3553 1482 3619 μόνον
1533 3553 1596 3605 τὸ
1636 3553 1922 3621 ὁμοούσιοι

349 3643 948 3715 ἀμφιΰάλλοντας,χρὴ
977 3643 1049 3711 μὴ
1073 3643 1146 3705 ὡς
1170 3643 1306 3712 προς
1337 3644 1566 3712 ἐχθροὺς
1594 3646 1919 3700 διακεῖσθαι·

351 3739 454 3791 καὶ
480 3739 587 3806 γὰρ
610 3737 706 3790 καὶ
727 3738 893 3805 ἡμεῖς
913 3737 1015 3804 οὐχ
1030 3733 1104 3796 ὡς
1123 3735 1261 3804 πρὸς
1279 3735 1711 3804 Ἀρειομανίτας,
1727 3734 1922 3801 οὐδ’ὡξ

353 3817 693 3888 μαχομένους
721 3817 854 3886 πρὸς
885 3817 1009 3879 τοὺς
1033 3816 1281 3886 Πατέρας
1313 3816 1659 3886 ἐνιστάμεθα,
1701 3816 1813 3868 ἀλλ’
1848 3815 1922 3876 ὡς

349 3905 572 3973 ἀδελφοὶ⁸
605 3904 740 3973 πρὸς
763 3903 1021 3971 ἀδελφοὺς
1053 3902 1412 3972 διαλεγόμεθα
1435 3945 1450 3967 ,
1482 3905 1576 3972 τὴν
1619 3903 1788 3972 αὐτὴν
1824 3903 1923 3972 μὲν

350 3998 488 4065 ἡμῖν
515 3995 748 4049 διάνοιαν
773 3994 1014 4063 ἔχοντας,
1047 3993 1175 4064 περὶ
1196 3993 1252 4047 δὲ
1272 3992 1333 4045 τὸ
1364 3992 1533 4062 ὄνομα
1563 3992 1720 4062 μόνον
1743 3993 1924 4046 διστά-

351 4083 570 4147 ζοντας.
599 4082 708 4135 Καὶ
731 4081 839 4151 γὰρ
862 4079 1244 4152 ὁμολογοῦντες
1271 4081 1336 4134 ἐκ
1365 4080 1463 4150 τῆς
1486 4080 1672 4144 οὐσίας
1697 4079 1790 4132 τοῦ
1821 4081 1925 4133 Παρ

349 4172 485 4242 τρὸς
510 4168 667 4235 εἶναι,
701 4171 794 4223 καὶ
821 4170 894 4239 μὴ
927 4168 987 4235 ἐξ
1033 4167 1223 4240 ἐτέρας
1256 4167 1605 4228 ὑποστάσεως
1651 4166 1740 4219 τὸν
1772 4167 1922 4230 Υίὸν,

351 4261 560 4330 κτίσμα
593 4278 650 4313 τε
678 4260 751 4330 μὴ
776 4255 935 4324 εἶναι,
966 4259 1101 4329 μηδὲ
1134 4259 1344 4328 ποίημα
1375 4256 1536 4309 αὐτὸν
1556 4297 1570 4320 ,
1613 4254 1749 4309 ἀλλὰ
1789 4257 1920 4325 γνή-

352 4370 470 4405 σιον
493 4352 585 4404 καὶ
611 4352 768 4419 φύσει
794 4350 1035 4421 γέννημα
1059 4349 1242 4412 ἀϊδίως
1271 4365 1330 4402 τε
1500 4348 1660 4400 αὐτὸν
1689 4349 1923 4399 συνεῖναι

350 4444 434 4514 τῷ
458 4445 632 4515 Πατρὶ
662 4444 831 4510 Λόγον
868 4443 996 4495 ὅντα
1030 4443 1122 4494 καὶ
1165 4442 1363 4510 Σοφίαν
1383 4484 1398 4506 ,
1439 4442 1497 4494 οὐ
1539 4442 1754 4512 μακράν
1788 4442 1923 4492 εἰσιν

350 4535 712 4600 ἀποδέξασθαι
737 4535 830 4588 καὶ
849 4534 944 4604 τὴν
973 4534 1064 4586 τοῦ
1233 4537 1393 4604 ὁμοου
1403 4534 1515 4586 σίου
1540 4531 1703 4596 λέξιν.
1739 4531 1924 4583 Τοιοῦ-

350 4645 446 4690 τος
468 4627 521 4679 δέ
549 4629 662 4680 ἐστι
693 4626 968 4688 Βασίλειος
997 4628 1026 4677 6
1058 4625 1166 4677 ἀπὸ
1206 4624 1508 4697 Ἀγκύρας,
1541 4623 1754 4696 γράψας
1801 4623 1928 4694 περὶ

353 4718 616 4780 πίστεως.
643 4717 714 4770 Τὸ
741 4717 838 4787 μὲν
867 4715 974 4787 γὰρ
995 4717 1174 4786 ὅμοιον
1207 4717 1362 4786 μόνον
1392 4715 1570 4782 λέγειν
1595 4716 1712 4768 κατ’
1741 4715 1927 4766 οὐσίαν

352 4809 419 4862 οὐ
445 4809 658 4872 πάντως
689 4809 942 4879 σημαίνει
966 4809 1060 4862 καὶ
1082 4809 1143 4860 τὸ
1171 4811 1236 4860 ἐκ
1259 4808 1355 4878 τῆς
1379 4807 1584 4870 οὐσίας,
1620 4807 1678 4872 ἐξ
1711 4801 1770 4861 οῦ
1795 4806 1928 4876 μᾶλ-
1961 4807 2002 4862 D

356 4900 472 4964 λον,
497 4901 572 4962 ὡς
603 4902 696 4954 καὶ
740 4899 895 4953 αὐτοὶ
940 4900 1213 4970 εἰρήκασι,
1264 4897 1582 4967 σημαίνεται
1614 4898 1672 4950 τὺ
1710 4899 1928 4968 γνήσιον

354 4990 454 5043 τοῦ
502 4991 630 5044 Υἱοῦ
680 4992 814 5063 πρὸς
868 4991 960 5044 τὸν
1006 4989 1242 5059 Πατέρα.
1289 4989 1396 5042 Καὶ
1447 4989 1554 5060 γάρ
1612 4991 1928 5060 κασσίτερος

352 5083 538 5152 ὅμοιός
723 5085 838 5135 ἐστι
893 5081 1048 5152 μόνον
1098 5079 1174 5150 τῷ
1226 5079 1483 5151 ἀργύρῳ,
1523 5080 1618 5131 καὶ
1667 5079 1824 5142 λύκος
1851 5080 1929 5148 τῷ

356 5172 505 5235 κυνὶ,
541 5173 634 5225 καὶ
651 5171 849 5243 χαλκὸς
875 5169 1142 5240 χρυσίζων
1169 5167 1247 5238 τῷ
1277 5167 1516 5238 ἀληθινῴ
1556 5167 1771 5238 χρυσῷ,
1805 5167 1928 5220 οὐτε

354 5265 415 5316 δὲ
455 5263 773 5335 κασσίτερος
798 5265 862 5316 ἐκ
885 5261 976 5314 τοῦ
1000 5260 1240 5332 ἀργύρου
1273 5260 1564 5330 τυγχάνει,
1613 5259 1737 5312 οὐτε
1770 5259 1930 5324 λύκος

353 5354 433 5417 ὡς
474 5355 585 5416 υίὸς
630 5354 724 5407 τοῦ
769 5352 928 5416 κυνὸς
958 5352 1023 5406 ἂν
1062 5350 1363 5422 νομισθείη.
1397 5351 1615 5420 Ἐπειδὴ
1654 5350 1708 5402 δὲ
1750 5350 1841 5402 καὶ
1868 5353 1931 5404 ἐκ

356 5447 456 5516 τῆς
479 5445 662 5508 οὐσίας
711 5446 806 5498 καὶ
840 5441 1172 5514 όμοιοούσιον
1354 5440 1514 5494 αὐτὸν
1561 5441 1812 5511 εἰρήκασι
1837 5483 1850 5505 ,
1880 5441 1931 5493 τί

354 5535 546 5605 ἕτερον
593 5535 946 5605 σημαίνουσιν
992 5535 1056 5586 ἐκ
1099 5531 1302 5585 τούτων
1333 5531 1365 5601 ἢ
1393 5530 1452 5583 τὸ
1478 5531 1792 5600 ὁμοούσιον;
1822 5533 1932 5584 Καὶ

357 5625 471 5694 γὰρ
489 5623 675 5694 ὥσπερ
714 5626 741 5676 6
767 5623 938 5691 λέγων
972 5622 1128 5692 μόνον
1157 5620 1489 5692 ὀμοιοούσιον
1512 5621 1570 5672 οὐ
1602 5620 1817 5682 πάντως
1839 5622 1932 5674 καὶ

357 5719 422 5768 τὸ
453 5717 515 5769 ἐκ
547 5717 646 5786 τῆς
674 5716 860 5779 οὐσίας
882 5713 1160 5785 γνωρίζει,
1189 5711 1359 5776 οὕτως
1385 5715 1414 5764 ὁ
1445 5711 1618 5779 λέγων
1652 5711 1932 5782 όμοούσιον

361 5809 706 5880 ἀμφοτέρων,
755 5807 845 5861 τοῦ
891 5825 948 5860 τε
988 5805 1322 5877 ὁμοιοουσίου
1368 5805 1458 5858 καὶ
1492 5803 1680 5860 τοῦοέκ
1714 5804 1810 5874 τῆς
1845 5805 1934 5857 οὐ·

2028 3559 2320 3630 recipiunt,
2349 3559 2417 3614 de
2455 3559 2574 3614 solo
2599 3569 2779 3614 autem
2809 3558 3298 3615 consubstantialis
3325 3558 3589 3612 vocabulo

2030 3649 2330 3720 ambigunt,
2363 3664 2470 3704 non
2505 3659 2566 3704 ut
2590 3652 2843 3706 inimicos
2873 3655 3104 3718 spectari
3138 3665 3233 3715 par
3275 3659 3376 3704 est.
3404 3649 3588 3718 Neque

2029 3737 2172 3791 enim
2216 3739 2363 3793 velut
2395 3738 2785 3804 Ariomanitas,
2842 3749 2934 3792 aut
2963 3738 3188 3792 Patrum
3215 3740 3586 3800 adversarios,

2025 3821 2273 3876 homines
2327 3822 2674 3891 aggredimur
2707 3841 2720 3886 ;
2759 3823 2852 3878 sed
2906 3823 3248 3891 disputamus
3292 3822 3453 3875 veluti
3481 3822 3582 3877 fra-

2025 3918 2134 3963 tres
2161 3924 2286 3962 cum
2311 3907 2590 3972 fratribus,
2643 3910 2736 3978 qui
2779 3910 2967 3964 eadem
3003 3926 3110 3979 qua
3147 3925 3247 3963 nos
3286 3919 3414 3964 sunt
3467 3927 3586 3964 sen-

2023 3999 2212 4064 tentia,
2235 3999 2352 4053 solo
2382 3999 2599 4052 nomine
2630 3999 2682 4051 in
2719 4000 3144 4054 controversiam
3180 4000 3430 4054 adducto.
3451 3999 3587 4054 Cum

2023 4091 2168 4146 enim
2200 4090 2563 4145 conﬁteantur
2596 4105 2662 4144 ex
2711 4090 3018 4144 substantia
3075 4089 3251 4145 Patris
3295 4103 3348 4144 et
3382 4105 3488 4145 non
3521 4106 3588 4146 ex

2023 4182 2128 4235 alia
2151 4180 2447 4236 substantia
2473 4195 2591 4236 esse
2623 4177 2840 4246 Filium,
2870 4196 2970 4234 nec
3007 4191 3310 4236 creaturam
3361 4183 3444 4236 vel
3475 4182 3590 4251 opi-

2024 4273 2206 4327 ﬁcium
2271 4271 2422 4326 illum
2465 4287 2636 4327 esse:
2694 4272 2787 4326 sed
2842 4274 3132 4341 genuinam
3181 4272 3590 4341 naturalemque

2023 4366 2253 4435 prolem,
2289 4375 2342 4418 et
2365 4364 2432 4418 ab
2460 4373 2661 4418 mterno
2684 4379 2787 4417 una
2817 4378 2940 4417 cum
2969 4361 3127 4418 Patre
3156 4362 3392 4416 Verbum
3416 4374 3468 4417 et
3492 4362 3591 4418 Sa-

2025 4458 2283 4526 pientiam
2311 4456 2594 4521 exsistere,
2649 4471 2756 4510 non
2787 4456 2945 4525 longe
2973 4455 3172 4510 absunt
3216 4471 3247 4508 a
3285 4455 3590 4523 recipienda

2025 4547 2506 4603 consubstantialis
2533 4560 2685 4601 voce.
2709 4547 2856 4601 Talis
2877 4556 2963 4601 est
2992 4545 3223 4617 Basilius
3246 4546 3476 4614 Ancyrze
3495 4546 3588 4612 qui

2026 4639 2092 4693 de
2114 4639 2217 4694 ﬁde
2251 4640 2488 4708 scripsit.
2520 4639 2677 4703 Nam,
2705 4639 2750 4695 si
2778 4638 2972 4695 similis
3008 4645 3213 4691 tantum
3266 4636 3477 4690 dicatur
3508 4651 3593 4690 se-

2029 4732 2267 4785 cundum
2301 4731 2686 4796 substantiam,
2717 4730 2768 4784 id
2799 4745 2905 4784 non
2954 4729 3094 4783 idem
3130 4742 3354 4796 prorsus
3384 4725 3592 4795 signiﬁ-

2030 4831 2299 4891 catatque
2327 4823 2456 4877 illud
2491 4839 2595 4877 :ex
2627 4820 2962 4886 substantia;
3026 4833 3134 4888 quo
3183 4818 3349 4873 verbo
3394 4820 3593 4889 magis,

2029 4922 2088 4968 ut
2120 4914 2219 4982 ipsi
2246 4915 2450 4977 dixere,
2483 4911 2658 4967 Patris
2689 4926 3004 4982 germanum
3037 4909 3231 4964 Filium
3265 4911 3437 4978 ipsum
3474 4927 3594 4966 esse

2031 5006 2385 5076 signiﬁcatur.
2425 5004 2558 5058 Nam
2587 5013 2840 5058 staunum
2871 5012 2953 5056 est
2990 5010 3213 5071 argento
3249 5001 3446 5066 simile,
3494 5018 3586 5058 ca-

2030 5097 2114 5150 nis
2140 5096 2290 5164 lupo,
2329 5094 2698 5150 aurichalcum
2738 5108 2865 5147 vero
2910 5106 3066 5155 auro,
3099 5107 3199 5146 nec
3241 5100 3417 5146 tamen
3447 5100 3595 5145 stan-

2032 5202 2160 5240 num
2191 5202 2256 5240 ex
2292 5195 2515 5256 argento
2541 5193 2646 5249 est,
2688 5200 2789 5240 nec
2832 5185 2994 5256 lupus
3039 5184 3190 5239 canis
3228 5185 3372 5239 ﬁlius
3407 5183 3594 5238 haberi

2031 5286 2227 5346 potest.
2257 5276 2704 5345 Quandoquidem
2758 5289 2939 5332 autem
2975 5288 3030 5331 et
3080 5293 3146 5330 ex
3182 5277 3508 5338 substantia,
3541 5284 3596 5330 et

2032 5369 2350 5424 substantiae
2392 5369 2624 5422 similem
2654 5384 2778 5423 eum
2811 5383 2930 5424 esse
2977 5369 3250 5430 dixerunt,
3287 5368 3414 5436 quid
3450 5367 3592 5419 aliud

2035 5460 2119 5514 his
2152 5460 2460 5530 signiﬁcant
2507 5475 2670 5528 quam
2701 5475 2823 5514 eum
2871 5475 2994 5515 esse
3040 5457 3597 5513 consubstantialem?

2035 5551 2267 5616 Etenim,
2299 5552 2440 5607 sicut
2466 5554 2560 5621 qui
2582 5553 2711 5607 dicit
2735 5560 2962 5614 tantum,
2994 5549 3309 5603 substantiae
3339 5547 3592 5612 similem,

2035 5658 2141 5697 non
2174 5657 2394 5710 prorsus
2424 5643 2625 5697 indicat
2673 5657 2796 5696 cum
2847 5657 2913 5694 ex
2962 5637 3262 5694 substantia
3313 5652 3472 5702 esse;
3518 5638 3597 5691 sic
3641 5625 3643 5628 ’

2035 5734 2124 5804 qtti
2165 5734 2316 5798 dicit,
2345 5734 2882 5795 consubstantialem,
2913 5731 3196 5797 utriusque
3224 5729 3352 5782 dicti
3376 5738 3593 5783 scntcu-

2037 5827 2165 5880 tiam
2222 5821 2614 5891 complectitur,
2672 5830 2747 5886 ct,
2791 5821 3108 5884 substantia:
3173 5819 3388 5878 similis.
3423 5829 3494 5883 et,
3529 5834 3592 5871 cx
