4032 6288
547 376 645 446 471

550 622 679 662 num
713 621 835 662 esse
865 617 1193 666 creaturam,
1226 616 1276 659 et
1322 615 1522 675 negant
1575 608 1814 676 genitum
1849 623 1968 661 esse
2017 607 2110 662 Fi-

550 698 708 764 lium,
734 713 798 751 ex
834 697 1086 750 humanis
1143 696 1404 765 exemplis
1460 697 1552 750 lilii
1585 713 1647 750 ac
1689 700 1857 766 patris
1886 716 1982 751 sua
2013 698 2110 751 ad-

549 803 766 843 versum
804 787 926 840 illos
967 795 1285 854 argumenta
1312 788 1540 840 mutuati
1608 797 1754 853 sunt,
1803 790 1902 842 hac
1935 799 2111 843 tamen

547 877 884 943 exceptione,
915 873 1056 941 quod
1092 873 1232 927 Deus
1261 889 1367 927 nou
1405 875 1474 928 sit
1510 885 1567 929 ut
1592 877 1773 942 homo,
1805 892 1979 947 neque
2008 878 2112 931 litt-

547 969 694 1022 mani
921 976 1110 1036 partus
1144 967 1332 1022 similis
1387 970 1457 1022 sit
1509 969 1630 1022 Filii
1677 973 1969 1039 generatio,
2019 973 2113 1026 sed

549 1057 673 1111 talis
698 1056 767 1109 sit
793 1057 971 1124 qualis
999 1056 1107 1111 Deo
1132 1059 1404 1124 convenit,
1440 1067 1492 1113 et
1527 1075 1554 1112 a
1580 1061 1736 1115 nobis
1764 1062 1986 1131 intelligi
2016 1063 2110 1117 de-

548 1148 656 1202 bet.
686 1146 820 1200 Nam
858 1159 911 1201 et
931 1146 1145 1202 Patrem
1179 1147 1380 1203 fontem
1430 1153 1708 1219 sapientiae
1746 1156 1930 1207 dixere
1951 1163 2114 1223 atque

549 1238 690 1301 vitta,
716 1237 912 1291 Filium
933 1253 1058 1292 vero
1089 1239 1428 1307 splendorem
1461 1250 1677 1295 aeternae
1720 1243 1874 1308 lucis,
1902 1244 2111 1313 ipsum-

546 1344 652 1396 que
675 1345 794 1381 esse
821 1327 985 1382 fontis
1019 1341 1251 1397 partum,
1279 1331 1369 1398 qui
1408 1332 1479 1384 ait
1503 1352 1513 1384 :
1541 1351 1557 1380 ι
1579 1325 1695 1402 Ego
1727 1350 1846 1387 sum
1879 1335 1986 1388 vita
2021 1340 2036 1368 ³
2060 1355 2107 1397 ,ι

546 1432 619 1485 et,
649 1442 665 1471 ι
694 1421 804 1490 Ego
840 1420 1114 1489 Sapientia
1145 1423 1327 1477 habito
1359 1424 1410 1478 in
1438 1424 1666 1479 consilio
1724 1424 1800 1478 ³.»
1835 1426 2003 1480 Porro
2031 1427 2114 1480 lu-

547 1515 627 1568 eis
649 1515 1014 1582 Splendorem,
1045 1513 1213 1570 fontis
1257 1524 1494 1584 partum,
1526 1515 1702 1572 Patris
1733 1517 1954 1582 Filium,
1977 1534 2114 1587 quo-

548 1605 711 1658 modo
742 1614 864 1673 apte
914 1607 1300 1669 nominaveris,
1360 1610 1503 1671 nisi,
1557 1610 2116 1665 consubstantialem?-

546 1694 779 1766 Ergonc,
805 1698 1227 1753 cumbomiuum
1259 1700 1436 1769 proles
1481 1701 1722 1769 ejusdem
1753 1704 1824 1757 sit
1857 1703 2112 1757 substan-

548 1789 655 1852 tiaz,
691 1803 884 1843 cavere
904 1798 1135 1857 oportet,
1163 1805 1230 1844 ne
1286 1791 1332 1844 is
1374 1793 1465 1860 qui
1516 1792 1684 1846 Filius
1731 1793 1949 1859 dicitur,
1980 1809 2111 1868 conf

548 1882 920 1936 substantialis
951 1893 1005 1936 et
1049 1886 1162 1953 ipse
1207 1886 1539 1951 nominetur,
1583 1896 1642 1940 ut
1676 1888 1953 1941 hominum
1982 1903 2110 1956 pro-

549 1975 625 2027 les
658 1993 669 2026 :
709 1973 892 2027 absit!
929 1989 1268 2043 nequaquam
1317 1991 1376 2032 se
1423 1977 1496 2030 ita
1534 1992 1620 2032 res
1646 1975 1828 2031 habet.
1867 1977 1969 2032 Sed
2007 1978 2112 2032 hoc

542 2063 702 2117 facile
735 2063 991 2128 solvitur;
1039 2063 1208 2119 Filius
1237 2068 1436 2136 quippe
1485 2065 1721 2120 Verbum
1755 2077 1809 2122 et
1838 2066 2109 2137 Sapientia

544 2167 627 2209 est
657 2152 855 2220 Patris,
889 2155 1090 2223 quibus
1151 2155 1328 2211 Patris
1374 2158 1773 2225 generationem
1806 2157 2109 2226 impassibi-

545 2247 648 2299 lem
674 2255 727 2298 et
765 2246 1051 2302 indivisam
1079 2262 1199 2301 esse
1226 2247 1583 2314 signiﬁcatur.
1634 2246 1766 2300 Nam
1817 2262 1884 2301 ne
1935 2248 2106 2301 homi-

543 2354 672 2390 num
699 2337 916 2406 quidem
941 2338 1161 2391 verbum
1211 2353 1339 2406 pars
1370 2353 1556 2392 eorum
1605 2347 1707 2398 est,
1757 2353 1930 2406 neque
1985 2354 2106 2392 cum

543 2411 779 2496 quadam
804 2429 1059 2497 passione
1093 2429 1162 2482 ab
1184 2428 1288 2482 illis
1315 2428 1589 2497 procedit;
1625 2427 1822 2481 nedum
1867 2427 1958 2480 Dei
1987 2426 2106 2480 Ver-

546 2525 698 2583 bum,
728 2523 871 2592 quod
903 2521 1099 2576 Filium
1139 2537 1261 2577 esse.
1303 2537 1463 2576 suum
1507 2520 1665 2575 Pater
1701 2520 2014 2575 declaravit.
2041 2515 2116 2568 Ne

545 2623 726 2668 autem
758 2613 1030 2682 quispiam
1061 2613 1287 2666 audiens
1327 2612 1617 2676 duntaxat,
1643 2608 1905 2672 Verbum,
1931 2608 2116 2664 existi-

549 2713 658 2758 met
680 2702 949 2772 ejusmodi
977 2703 1106 2755 illnd
1138 2717 1259 2756 esse
1301 2701 1462 2769 quale
1486 2709 1569 2753 est
1613 2701 1934 2762 humanum,
1963 2714 2114 2752 nem-

550 2811 614 2863 pe
637 2794 755 2847 sine
779 2792 1117 2858 substantia;
1152 2792 1244 2846 sed
1286 2806 1446 2859 quem
1485 2790 1654 2852 audit,
1689 2790 1918 2852 Filium,
1951 2805 2117 2859 agno-

549 2894 665 2942 scat
697 2899 817 2938 esse
855 2881 1086 2938 Verbum
1115 2884 1324 2947 vivens,
1360 2893 1412 2936 et
1443 2880 1772 2949 Sapientiam
1817 2881 2115 2940 substantia

549 2975 850 3046 praeditam.

733 3156 952 3222 Deinde,
978 3157 1433 3225 quemadmodum
1461 3155 1551 3208 ubi
1589 3170 1710 3208 eum
1747 3155 1950 3224 prolem
1983 3155 2114 3208 dici-
2143 3171 2183 3223 ο

545 3265 686 3313 nius,
725 3249 828 3303 hoc
853 3264 960 3302 non
989 3248 1229 3301 humano
1284 3262 1435 3301 more
1478 3247 1831 3315 intelligimus
1861 3263 1873 3309 ;
1907 3253 1959 3298 et
1990 3260 2114 3299 cum

545 3340 760 3392 Patrem
791 3355 914 3394 esse
944 3339 1112 3392 Deum
1147 3339 1516 3406 agnoscimus,
1561 3353 1666 3390 non
1714 3338 2018 3405 corporalia
2050 3336 2117 3391 de

544 3431 638 3484 illo
659 3431 965 3499 cogitamus
993 3448 1005 3481 :
1036 3430 1130 3483 sed
1163 3429 1291 3480 dum
1344 3429 1431 3481 illa
1463 3428 1716 3481 audimus
1733 3428 1974 3495 exempla
2011 3429 2113 3481 bu-

538 3520 888 3588 jusntodique
921 3521 1104 3581 verba,
1129 3535 1190 3572 ea
1243 3528 1422 3571 tamen
1491 3519 1807 3585 congruenti
1839 3518 1997 3571 modo
2049 3521 2115 3571 de

547 3608 656 3659 Deo
684 3606 1056 3676 intelligimus,
1083 3623 1190 3660 non
1215 3608 1357 3662 enim
1402 3607 1542 3661 Deus
1572 3619 1630 3660 ut
1658 3607 1854 3673 homo;
1888 3608 1966 3662 sic
1989 3624 2111 3661 eum

543 3695 1062 3750 consubstantialem
1109 3695 1382 3756 audimus,
1410 3709 1625 3748 omnem
1676 3707 1896 3747 sensum
1937 3703 2115 3748 trans-

545 3790 776 3843 cendere
823 3788 1102 3849 debemus,
1129 3795 1183 3840 et
1211 3787 1364 3854 juxta
1390 3783 1743 3837 Proverbium
1789 3784 1835 3845 ³,
1868 3785 2114 3851 spiritua-

541 3881 662 3934 liter
684 3880 986 3949 intelligere
1014 3893 1136 3945 qua:
1199 3885 1544 3945 apponuntur
1574 3877 1764 3942 nobis;
1819 3885 1879 3928 ut
1913 3890 2112 3944 cogno-

541 3984 780 4034 scamus,
813 3985 918 4023 non
950 3969 1249 4031 voluntate,
1291 3967 1382 4020 sed
1422 3981 1607 4020 revera
1636 3981 1758 4019 eum
1795 3965 1993 4019 Filium
2043 3981 2107 4018 ex

539 4059 699 4114 Patre
719 4075 1037 4127 germanum
1062 4073 1204 4122 esse,
1237 4058 1395 4126 quasi
1457 4073 1522 4111 ex
1565 4057 1712 4111 fonte
1736 4057 1921 4122 vitam,
1962 4066 2016 4110 et
2044 4073 2106 4110 ex

541 4152 659 4206 lucc
679 4152 1042 4221 splendorem.
1089 4150 1307 4219 Alioqui
1365 4166 1463 4205 cur
1516 4151 1636 4203 illas
1683 4165 1862 4215 voces,
1903 4150 2106 4218 proles,

540 4244 706 4308 lilius,
769 4258 872 4294 non
949 4241 1344 4309 corporaliter,
1400 4241 1868 4294 consubstantiale
1925 4251 2105 4294 autem

537 4334 693 4400 quasi
723 4334 789 4386 de
816 4332 1155 4399 corporibus,
1187 4331 1570 4398 intelligimus:
1601 4347 1730 4386 eum
1763 4331 2105 4401 potissimum

538 4441 644 4477 non
680 4424 746 4477 de
773 4424 880 4477 alio
909 4433 1070 4490 atque
1097 4422 1202 4476 alio
1259 4424 1372 4476 inec
1418 4423 1686 4489 dicantur,
1723 4424 1816 4480 sed
1867 4424 1934 4478 de
1973 4438 2104 4494 quo,

493 4511 741 4585 'proles,
791 4512 859 4569 de
912 4501 1124 4574 endem,
1187 4514 1673 4576 consubstantiale,
1727 4515 1932 4570 dictum
1995 4514 2106 4569 sit?

536 4605 747 4675 Parque
798 4615 881 4659 est
938 4604 1185 4658 eamdem
1251 4605 1576 4658 sententiam
1645 4607 1933 4675 utriusque
1975 4607 2103 4660 dicti

534 4695 678 4750 circa
711 4694 1049 4750 Salvatorem
1072 4695 1328 4762 retinere,
1371 4711 1548 4765 neque
1573 4712 1760 4751 vocem
1787 4699 1956 4760 illam,
1980 4715 2105 4765 pro-

534 4787 632 4850 les,
657 4798 830 4854 recte;
855 4788 1004 4842 illam
1055 4796 1256 4854 autem,
1291 4789 1795 4855 eonsubstantialis,
1839 4791 1996 4845 aliter
2022 4792 2105 4844 in-

535 4881 816 4950 terpretari
850 4898 865 4944 ;
897 4895 1235 4950 consequens
1263 4881 1407 4934 enim
1429 4889 1515 4934 est
1539 4896 1658 4945 vos,
1684 4896 1806 4935 cum
1839 4897 1901 4936 ea
1924 4893 2104 4937 mente

532 4971 716 5025 dicitis
741 4971 935 5026 Filium
975 4971 1152 5040 Patris
1198 4971 1430 5026 Verbum
1476 4982 1529 5026 et
1577 4972 1910 5041 Sapientiam
1959 4990 2099 5039 esse,

533 5061 798 5115 diversam
834 5061 900 5114 de
923 5061 1009 5115 bis
1043 5061 1244 5116 habere
1293 5063 1636 5128 sententiam,
1673 5073 1727 5117 et
1781 5065 1888 5118 alio
1939 5065 2100 5118 modo

539 5152 790 5217 Verbum,
811 5153 915 5206 alio
946 5151 1275 5220 Sapientiam
1306 5155 1621 5225 intelligere.
1642 5157 1710 5209 At
1739 5158 1876 5211 sicut
1906 5157 2100 5210 absur-

532 5245 661 5298 dum
689 5244 821 5298 illud
867 5255 950 5300 est
979 5265 992 5300 :
1027 5263 1263 5317 namque
1286 5248 1458 5304 Filius
1515 5258 1600 5303 est
1625 5248 1861 5304 Verbum
1891 5261 1943 5304 et
2002 5249 2098 5303 Sa-

532 5336 729 5406 pientia
763 5335 958 5401 Patris,
990 5355 1241 5409 unusque
1272 5349 1354 5394 est
1375 5357 1438 5394 ex
1470 5339 1630 5394 Patre
1681 5339 1841 5402 fetus,
1897 5350 1951 5395 ct
1983 5341 2100 5409 ejus

531 5429 848 5484 substantia:
870 5430 1122 5500 proprius
1151 5448 1165 5495 ;
1201 5432 1270 5485 ita
1300 5447 1405 5485 una
1429 5432 1726 5500 eademque
1775 5433 2095 5501 signiﬁcatio

532 5531 613 5574 est
651 5522 815 5590 prolis
844 5531 898 5576 et
921 5521 1439 5577 consubstantialis:
1495 5532 1547 5575 et
1571 5521 1661 5589 qui
1695 5521 2096 5576 CCllSr’lFllluul

533 5626 650 5666 esse
679 5611 868 5675 fetum,
899 5614 945 5668 is
989 5623 1134 5667 recte
1185 5612 1348 5666 sentit
1376 5628 1498 5666 eum
1536 5629 1683 5683 esse
1739 5614 2098 5672 consubstan-

532 5703 733 5755 .ialem.

611 5811 626 5841 ¹
659 5805 814 5863 ἔοίιιι.
846 5828 952 5877 xiv,
979 5813 1031 5867 6.
1112 5815 1132 5845 '
1161 5812 1322 5868 Prov.
1364 5829 1482 5878 \‘lll,
1522 5813 1604 5864 12!.

1778 372 2158 433 EU'l‘llYlIll
2199 373 2561 434 ZIGABENI

549 512 874 570 substantia.
904 513 1211 582 lterumque
1243 514 1362 570 illos
1391 516 1625 583 aggressi
1655 517 1746 584 qui
1776 515 2110 571 dicuntVer-
2143 522 2186 574 Α
2217 501 2335 562 σίας
2391 536 2408 560 ν

1687 5812 1704 5841 ⁸
1739 5814 1895 5869 Prov.
1935 5828 2089 5877 χχιιι,
2122 5813 2167 5865 l.

3645 371 3735 436 4'12

2567 497 2817 572 σημαίνει
2849 496 2945 567 τὴν
2977 496 3235 550 διάνοιαν.
3286 495 3388 549 Καὶ
3441 499 3581 554 αὐτοὶ
3619 505 3729 572 γοῦν

2215 590 2550 660 ἐνιστάμενοι
2582 588 2742 642 πάλιν
2779 589 2910 658 πρὸς
2947 589 3071 651 τοὺς
3100 588 3303 656 κτίσμα
3340 588 3580 657 λέγοντας
3613 591 3729 651 εἶναι

2214 686 2304 736 τὸν
2328 685 2519 752 Λόγον,
2548 683 2640 737 καὶ
2663 682 2735 752 μὴ
2761 680 3008 742 θέλοντας
3039 679 3201 733 αὐτὴν
3225 680 3434 750 γνήσιον
3459 682 3574 736 Υἰὺν
3595 681 3730 752 εἶναι,

2214 775 2272 841 ἐξ
2323 774 2675 845 ἀνθρωπίνων
2733 770 3188 841 παραδειγμάτων
3242 769 3356 823 υἱοῦ
3421 774 3508 826 καὶ
3555 779 3730 848 πατρὸς

2214 869 2462 938 εἰλήφασι
2508 867 2605 928 τὰς
2641 866 2759 917 κατ’
2795 863 2972 916 αὐτῶν
3015 861 3350 927 ἀποδείξεις,
3388 864 3734 937 ὲξαιρουμένον

2213 961 2402 1014 τούτου
2433 999 2451 1023 ,
2591 959 2673 1010 ὅτι
2711 955 2784 1027 μὴ
2803 956 2876 1018 ὼς
2901 955 3184 1025 ἄνθρωπός
3217 957 3362 1006 ἐστιν
3389 958 3416 1008 6
3443 956 3584 1022 θεὸς,
3624 961 3736 1030 μηδὲ

2213 1053 2288 1114 ὡς
2311 1049 2621 1121 ἀνθρωπίνη
2649 1048 2800 1118 γονὴ,
2830 1047 3002 1109 οὕτως
3021 1047 3213 1117 ἐστὶνὴ
3235 1046 3326 1099 τοῦ
3348 1047 3471 1101 Υίοῦ
3499 1051 3737 1122 γέννησις,

2215 1141 2327 1195 ἀλλ’
2344 1142 2418 1204 ὡς
2449 1143 2481 1210 ἡ
2511 1140 2629 1210 Θεῴ
2649 1141 2954 1211 πρέπουσα,
2980 1142 3075 1192 καὶ
3102 1140 3248 1210 ἡμᾶς
3279 1140 3576 1210 ἁρμόζουσα
3602 1148 3736 1197 νοεῖν.
3785 1209 3790 1221 Ι

2215 1237 2324 1289 Καὶ
2354 1234 2462 1306 γὰρ
2483 1236 2576 1287 καὶ
2606 1234 2786 1302 πηγὴν
2823 1233 3077 1304 εἰρήκασι
3109 1232 3200 1284 τὸν
3225 1233 3444 1301 Πατέρα
3465 1235 3555 1304 τῆς
3577 1236 3739 1303 σοφίας

2215 1330 2307 1382 καὶ
2329 1329 2428 1400 τῆς
2457 1327 2623 1395 ςωῆς,
2651 1326 2742 1378 τὸν
2769 1324 2823 1377 δὲ
2848 1324 2976 1378 Υἰὸν
2997 1323 3338 1394 ἀπαύγασμα
3372 1325 3540 1392 φωτὸς
3575 1325 3740 1394 ἀϊδίου,

2215 1423 2309 1473 ναὶ
2339 1420 2500 1472 αὑτὸν
2530 1415 2665 1472 εἶναι
2693 1418 2752 1470 τὸ
2791 1419 2854 1468 ἐκ
2881 1416 2976 1485 τῆς
3026 1416 3205 1485 πηγῆς
3241 1415 3480 1487 γέννημα
3519 1417 3739 1485 λέγοντα·

2219 1533 2237 1563 ε
2281 1512 2420 1579 Ἐγώ
2451 1513 2563 1580 εἰμι
2747 1511 2781 1578 ἡ
2807 1507 2939 1578 ζωὴ,
2968 1528 2984 1558 ι
3011 1509 3124 1572 καὶ,
3148 1527 3164 1556 ι
3204 1506 3342 1574 Ἐγὼ
3371 1509 3404 1577 ὴ
3434 1508 3591 1576 Σοφία
3637 1525 3772 1572 κατ-ε

2214 1605 2498 1672 εσκήνωσα
2551 1601 2765 1671 βουλήν.
2808 1620 2824 1650 ι
2889 1599 2962 1651 Τὸ
2994 1599 3050 1651 δὲ
3093 1600 3156 1651 ὲκ
3207 1598 3380 1666 φωτὸς
3426 1586 3774 1669 diutinam}

2215 1696 2307 1748 καὶ
2335 1697 2398 1749 ἐκ
2423 1694 2603 1762 πηγῆς
2631 1693 2897 1760 γέννημα,
2932 1691 3026 1743 καὶ
3058 1691 3122 1742 ὲκ
3146 1690 3360 1762 Πατρὸς
3382 1690 3526 1755 Υἱὺν,
3559 1690 3662 1754 πῶς
3695 1690 3748 1743 ἂν

2213 1807 2296 1851 τις
2334 1785 2680 1858 ἁρμοζόντως
2724 1783 3042 1852 ὀνομάσειεν
3089 1781 3466 1851 ἢὸμοούσιον;
3518 1777 3633 1850 Ἆρ’
3672 1776 3750 1832 οὖν

2219 1880 2292 1948 μὴ
2320 1920 2333 1940 ,
2365 1876 2553 1945 ἐπειδὴ
2597 1875 2665 1927 τὰ
2711 1873 2769 1938 ἐξ
2816 1873 3117 1944 ἀνθρώπων
3161 1872 3474 1941 γεννήματα
3525 1870 3752 1940 ὁμοούσιὰ

2215 1973 2381 2033 ἐστιν,
2413 1965 2753 2022 εὐλαϐεῖσθαι
2789 1967 2870 2019 δεῖ
2900 1966 2972 2035 μὴ
2999 1964 3092 2017 καὶ
3121 1966 3149 2016 6
3170 1963 3320 2027 Υἱὸς,
3343 1963 3616 2032 λεγόμενος
3634 1963 3747 2031 ὁμο-

2215 2060 2414 2126 ούσιος,
2442 2058 2722 2130 νομισθείη
2740 2060 2834 2111 καὶ
2856 2057 3014 2120 αὐτὸς
3043 2057 3120 2119 ὡς
3147 2049 3485 2125 ἀνθρώπινον
3508 2053 3746 2124 γέννημα;

2220 2155 2293 2224 μὴ
2321 2153 2558 2220 γένοιτοῑ
2596 2153 2695 2204 οὐκ
2727 2151 2871 2202 ἔστιν
2891 2149 3080 2213 οὕτως.
3127 2147 3287 2200 Ἀλλὰ
3321 2147 3412 2200 καὶ
3436 2149 3639 2215 ταχεῖαν
3657 2143 3752 2213 ἔχει

2215 2246 2313 2314 τὴν
2338 2244 2490 2296 λύσιν
2513 2242 2670 2296 τοῦτο
2689 2260 2703 2274 ·
2728 2242 2894 2310 Λόγος
2925 2243 3032 2310 γάρ
3065 2243 3181 2292 ἐστι
3216 2240 3314 2292 καὶ
3344 2239 3510 2307 Σοφία
3545 2236 3631 2290 τοῦ
3657 2237 3753 2289 Πα-

2216 2353 2341 2404 τρος
2369 2337 2396 2387 6
2423 2336 2549 2398 Υἱός
2575 2351 2585 2363 ·
2615 2334 2676 2399 ἐξ
2701 2327 2772 2387 ὧν
2805 2333 2864 2384 τὸ
2903 2332 3109 2393 ἀπαθὲς
3146 2331 3238 2383 καὶ
3265 2329 3330 2382 τὸ
3355 2329 3634 2400 ἀμέριστον
3671 2325 3756 2394 τῆς

2218 2429 2282 2479 ἐκ
2309 2424 2400 2478 τοῦ
2425 2425 2634 2496 Πατρδς
2659 2427 2963 2496 γεννήσεως
2982 2422 3328 2492 γνωρίζεται.
3358 2421 3520 2488 Λόγος
3536 2417 3634 2489 γὰρ
3654 2416 3758 2470 οὐδὲ

2213 2516 2241 2566 6
2415 2514 2522 2566 τῶν
2549 2513 2850 2584 ἀνθρώπων
2878 2510 3044 2580 μέρος
3065 2511 3232 2574 ἐστὶν,
3275 2507 3395 2561 οὐδὲ
3446 2503 3581 2558 κατὰ
3613 2502 3759 2563 πάθος

2217 2607 2276 2670 ἐξ
2303 2605 2480 2659 αὐτῶν
2533 2606 2880 2676 προέρχεται,
2930 2603 3062 2672 μήτι
3099 2618 3162 2667 γε
3194 2602 3223 2653 ὁ
3267 2598 3364 2651 τοῦ
3393 2597 3552 2661 Θεοῦ,
3573 2596 3624 2648 ὃν
3651 2593 3759 2646 Υἰὸν

2217 2695 2354 2750 εἶναι
2377 2697 2566 2750 ἑαυτοῦ
2598 2700 2625 2749 6
2656 2697 2847 2768 Πατὴρ
2878 2695 3174 2765 ἐδήλωσεν·
3221 2693 3314 2746 ἵνα
3365 2690 3437 2761 μὴ
3485 2688 3634 2741 πάλιν
3669 2702 3757 2746 τις,

2217 2789 2428 2842 ἀκούων
2475 2789 2652 2858 μόνον,
2693 2788 2884 2855 Λόγον,
2927 2788 3122 2858 νομίσῃ
3174 2784 3415 2838 τοιοῦτον
3472 2777 3619 2842 εἷναι,
3665 2771 3759 2838 οἷός

2217 2881 2364 2932 ἐστιν
2395 2883 2422 2932 6
2451 2879 2559 2932 τῶν
2592 2878 2914 2950 ἀνθρώπων,
2964 2877 3339 2939 ἀνυπόστατος
3358 2892 3371 2905 ·
3401 2875 3512 2926 ἀλλ’
3551 2870 3758 2931 ἀκούων,

2216 2971 2297 3023 ὅτι
2321 2971 2445 3034 Υἱός
2471 2973 2606 3036 ἐστι,
2625 2970 2864 3041 γινώσκῃ
3017 2968 3201 3022 τοῦτον
3231 2964 3374 3020 εἶναι
3403 2964 3572 3031 ζῶντα
3591 2962 3757 3027 Λόγον,

2217 3062 2311 3114 καὶ
2337 3061 2574 3115 ὲνούσιον
2607 3063 2822 3131 Σοφίαν.

2405 3158 2651 3216 Ἔπειτα,
2683 3155 2871 3224 ὥσπερ
2905 3156 2964 3207 τὸ
2991 3156 3235 3224 γέννημα
3275 3152 3542 3219 λέγοντες,
3565 3145 3656 3199 οὐκ
3683 3145 3762 3197 ἀν-

2216 3253 2502 3324 θρωπίνως
2523 3251 2770 3320 νοοῦμεν,
2805 3249 2897 3302 καὶ
2929 3249 3146 3318 Πατέρα
3178 3247 3274 3300 τὸν
3321 3245 3450 3297 Θεὸν
3479 3242 3681 3302 εἰδότες,
3709 3239 3759 3290 οὐ

2218 3345 2532 3415 σωματικήν
2584 3359 2705 3395 τινα
2763 3343 2890 3414 περὶ
2944 3340 3106 3393 αὐτοῦ
3163 3338 3514 3408 λαμϐάνομεν
3545 3334 3758 3385 ἔννοιαν·

2215 3433 2349 3486 ἀλλὰ
2389 3433 2458 3486 τὰ
2495 3433 2593 3502 μὲν
2627 3431 3044 3503 παραδείγματα
3073 3431 3165 3482 καὶ
3194 3429 3301 3490 τὰς
3325 3427 3572 3488 τοιαύτας
3613 3422 3762 3486 λέξεις
3835 3493 3850 3504 ,

2215 3524 2506 3592 ἀκούομεν,
2538 3522 2885 3594 ἁρμοζόντως
2900 3521 2955 3572 δὲ
2986 3522 3112 3591 περ)¹
3139 3519 3282 3572 Θεοῦ
3311 3518 3532 3589 νοοῦμεν
3550 3535 3561 3546 ο
3592 3516 3647 3568 οὺ
3673 3512 3763 3581 γὰρ

2214 3615 2289 3678 ὡς
2311 3614 2596 3684 ἄνθρωπος
2635 3615 2664 3664 6
2695 3612 2860 3674 Θεός·
2896 3609 3066 3672 οὕτως
3119 3609 3225 3680 ἄρα
3277 3610 3371 3663 καὶ
3402 3609 3462 3660 τὺ
3511 3605 3764 3678 όμοούσιον

2213 3705 2523 3770 ἀκούοντες,
2576 3703 2924 3773 ὑπερϐαίνειν
2957 3692 3243 3769 ὀιίῖείλομεν
3307 3701 3486 3753 πᾶσαν
3517 3695 3760 3764 αἴσθησιν,

2215 3801 2307 3851 καὶ
2339 3798 2476 3850 κατὰ
2497 3797 2596 3867 τὴν
2622 3795 2927 3867 Παροιμίαν
2968 3831 2984 3853 ,
3119 3792 3330 3862 νοητῶς
3364 3793 3501 3844 νοεῖν
3531 3788 3596 3841 τὰ.
3617 3801 3764 3856 παρα-

2213 3892 2467 3961 τιθέμενα
2494 3891 2624 3960 ήμῖν
2649 3907 2658 3917 ·
2693 3887 2833 3940 ὥστε
2870 3886 3053 3956 μέντοι
3082 3883 3394 3952 γινώσκειν,
3419 3882 3500 3934 ὅτι
3533 3881 3602 3950 μὴ
3625 3875 3761 3942 θελή-

2214 4002 2314 4048 σει,
2349 3980 2484 4035 ἀλλὰ
2515 3979 2731 4051 ἀληθῶς
2756 3977 2882 4040 Υἱός
2913 3981 3062 4030 ἐστιν
3100 3977 3165 4028 ἐκ
3196 3973 3416 4046 Πατρδς
3441 3963 3762 4040 γνήσιος,ὠς

2210 4079 2274 4128 ὲκ
2295 4075 2475 4144 πηγῆς
2503 4071 2639 4143 ζωὴ,
2673 4071 2767 4124 καὶ
2787 4069 2962 4138 φωτὸς
2992 4067 3359 4137 ἀπαύγασμα.
3397 4065 3466 4116 Ἢ
3510 4062 3594 4115 διὰ
3629 4057 3677 4110 τί
3709 4053 3761 4106 τὸ

2212 4168 2329 4236 μὲν,
2359 4166 2623 4235 γέννημα,
2652 4163 2744 4216 καὶ
2765 4163 2844 4224 τὸ,
2864 4160 3010 4223 Υἱὸς,
3028 4160 3089 4212 οὐ
3121 4155 3474 4228 σωματικῶς,
3492 4153 3550 4206 τὸ
3575 4150 3629 4204 δὲ
3651 4150 3762 4218 ὁμο-

2207 4258 2405 4322 ούσιον,
2441 4257 2516 4318 ὡς
2550 4255 2641 4307 ἐπὶ
2673 4254 2938 4322 σωμάτων
2966 4247 3362 4317 διανοούμεθα,
3403 4247 3498 4299 καὶ
3532 4241 3760 4313 μάλιπα.

2207 4352 2287 4403 ὅτι
2313 4351 2372 4402 ού
2408 4349 2536 4416 περὶ
2569 4345 2730 4400 ἄλλον
2756 4344 2848 4397 καὶ
2871 4342 3025 4397 ἄλλον
3061 4341 3178 4393 ἐστὶ
3206 4341 3276 4394 τὰ
3322 4339 3608 4408 λεγόμενα,
3643 4327 3763 4384 ἀλλὰ

2167 4488 2178 4495 .
2207 4443 2332 4512 περὶ
2360 4435 2418 4494 οὗ
2447 4441 2506 4492 τὸ
2557 4437 2823 4507 γέννημα,
2877 4435 3002 4504 περὶ
3033 4433 3222 4485 τούτου
3274 4435 3367 4486 καὶ
3395 4429 3456 4482 τὸ
3503 4423 3759 4496 όμοούσιον

2206 4530 2436 4600 ἐλέχθη;
2474 4524 2582 4582 Καὶ
2608 4527 2807 4597 πρέπει
2835 4525 2932 4595 τὴν
2969 4523 3138 4594 αὐτὴν
3183 4523 3426 4575 διάνοιαν
3464 4514 3761 4600 ἀμφοτέρων

2204 4599 2530 4685 τῶνλέξεων
2557 4619 2650 4669 ἐπὶ
2681 4615 2774 4668 τοῦ
2836 4613 3089 4683 Σωτῆρος
3122 4611 3432 4675 διασώζειν,
3476 4608 3568 4662 καὶ
3602 4605 3668 4674 μὴ
3709 4599 3762 4650 τὸ

2206 4714 2304 4784 μὲν
2337 4712 2580 4781 γέννημα
2759 4705 2934 4768 καλῶς
2965 4703 3298 4772 ἐξηγεῖσθαι,
3318 4702 3380 4755 τὸ
3412 4701 3469 4753 δὲ
3505 4693 3761 4768 ὁμοούσιον

2203 4805 2405 4867 ἄλλως·
2468 4802 2591 4855 ἐπεὶ
2644 4797 2934 4852 ἀκόλουθόν
2991 4799 3158 4858 ἐστιν,
3215 4795 3363 4848 οὕτω
3409 4787 3761 4859 διακειμένους

2203 4899 2344 4967 ὑμᾶς
2376 4896 2467 4948 καὶ
2500 4895 2755 4960 λέγοντας
2779 4890 2948 4957 Λόγον
2975 4889 3069 4940 καὶ
3089 4886 3290 4955 Σοφίαν
3321 4885 3420 4938 τοῦ
3455 4877 3656 4949 Πατρὸς
3681 4871 3760 4924 τὸν

2202 4989 2351 5051 Υξὸν,
2384 4987 2640 5056 διάφορον
2669 4984 2811 5052 ἔχειν
2841 4981 2935 5034 καὶ
2961 4979 3089 5050 περὶ
3132 4978 3344 5031 τούτων
3376 4977 3476 5046 τὴν
3520 4973 3756 5025 διάνοιαν,

2201 5084 2294 5135 καὶ
2327 5080 2498 5142 ἄλλως
2543 5078 2640 5148 μὲν
2681 5078 2770 5129 τὸν
2805 5075 2974 5142 Λόγον
3007 5075 3147 5125 νοεῖν
3169 5113 3182 5135 ,
3228 5071 3436 5138 ἑτέρως
3478 5067 3532 5118 δὲ
3563 5061 3652 5130 τὴν
3679 5056 3758 5107 Σο-

2203 5175 2348 5242 φίαν.
2391 5171 2529 5224 ’Λλλ’
2554 5170 2742 5238 ὥσπερ
2764 5167 2959 5220 ἄτοπον
2987 5164 3146 5217 τοῦτο
3170 5178 3182 5190 ⁸
3216 5163 3392 5228 Λόγος
3427 5159 3532 5228 γὰρ
3565 5154 3651 5206 καὶ
3681 5148 3758 5199 Σο·

2204 5238 2300 5332 6i:
2325 5263 2416 5316 τοῦ
2438 5261 2649 5331 Πατρός
2680 5263 2826 5311 ἐστιν
2848 5259 2876 5310 6
2904 5256 3030 5319 Υἱὸς
3051 5296 3064 5318 ,
3098 5254 3190 5307 καὶ
3227 5253 3286 5304 ἓν
3320 5254 3438 5304 ἐστι
3481 5247 3540 5299 τὸ
3568 5246 3628 5294 ἐκ
3664 5238 3758 5332 Ila:-

2200 5356 2323 5425 τρὶς
2346 5355 2611 5423 γέννημα,
2645 5351 2736 5403 καὶ
2768 5349 2895 5401 ἴδιον
2922 5348 3020 5417 τῆς
3054 5346 3240 5405 ούσῑας
3269 5339 3438 5395 αὐτοῦ
3466 5356 3480 5368 ·
3510 5336 3667 5392 οὕτως
3690 5321 3758 5386 εἷς

2201 5448 2345 5497 ἐστιν
2374 5447 2401 5497 6
2426 5443 2548 5504 νοῦς
2720 5440 2814 5493 τοῦ
2841 5439 3176 5509 γεννήματος
3207 5435 3303 5486 καὶ
3333 5429 3428 5483 τοῦ
3466 5422 3755 5518 ὁμοουσέρν⁹

2203 5537 2293 5588 καὶ
2322 5540 2348 5588 6
2374 5535 2584 5604 φρονῶν
2605 5535 2850 5602 γέννημα
2881 5531 2970 5582 τὸν
3003 5528 3129 5582 Υἱδν
3175 5526 3363 5597 φρονεῖ
3396 5519 3578 5575 τοῦτον
3607 5511 3758 5583 ὀρθως

2202 5628 2295 5680 καὶ
2315 5626 2614 5697 ὀμοούσιον.
