4102 6298
334 391 448 459 473

536 532 792 604 Αύτάρκη
820 533 916 602 μὲν
947 527 1040 586 οὖν
1061 529 1229 584 ταῦτα
1255 530 1444 596 δεῖξαι,
1476 527 1584 579 τῶν
1613 524 1911 594 ἀγαπητῶν
1935 529 1974 576 Α

333 623 435 692 τὴν
459 621 698 675 διάνοιαν
730 621 802 690 μὴ
835 620 1138 689 ἀλλοτρίαν,
1179 619 1311 688 μηδέ
1352 616 1568 687 μακρὰν
1611 609 1775 666 οὖσαν
1816 612 1911 665 τοῦ

332 713 643 785 ὁμοουσίου.
686 712 900 781 Ἐπειδὴ
931 711 1008 776 δέ,
1031 711 1106 773 ὡς
1135 711 1286 763 αὐτοί
1321 725 1453 776 φασι
1496 707 1622 775 (τὴν
1650 706 1758 775 γὰρ
1795 709 1911 758 ἐπι-

333 806 530 876 στολὴν
561 805 660 858 οὐκ
691 803 844 873 ἔσχον
881 803 1059 873 ἐγὼ),
1082 803 1132 854 oi
1173 801 1263 854 τὸν
1301 797 1616 868 Σαμοσατέα
1653 795 1909 864 κατακρί-

329 915 526 960 ναντες
557 896 843 949 ἐπίσκοποι
867 895 1167 964 γράφοντες
1203 893 1455 962 εἰρήκασι
1498 888 1571 959 μὴ
1599 883 1736 940 εἶναι
1778 889 1908 955 ὁμο-

329 987 514 1041 ούσιον
541 987 632 1038 τὸν
667 986 791 1039 Υἱὸν
829 985 906 1054 τῷ
938 984 1113 1054 Πατρὶ
1139 1019 1156 1044 ,
1293 983 1385 1036 καὶ
1402 979 1586 1034 λοιπὸν
1614 978 1786 1038 αὐτοὶ,
1809 977 1910 1030 διὰ

331 1078 432 1147 τὴν
493 1077 630 1148 πρὸς
665 1077 790 1138 τοὺς
819 1076 1104 1145 εἰρηκότας
1156 1072 1441 1126 εὐλάϐειάν
1486 1087 1546 1123 τε
1599 1071 1694 1124 καὶ
1725 1070 1905 1138 τιμὴν,

334 1168 478 1232 οὕτω
509 1168 639 1237 περὶ
683 1167 781 1236 τὴν
813 1165 958 1229 λέξιν
1007 1165 1338 1218 διάκεινται·
1386 1161 1548 1215 καλὸν
1585 1165 1700 1233 μετ’
1734 1162 1908 1215 αὐτῶν

340 1260 458 1330 μετ’
487 1257 772 1319 εὐλαϐείας
800 1257 893 1310 καὶ
929 1255 1054 1326 περὶ
1093 1253 1284 1307 τούτου
1327 1247 1739 1321 διασκέψασθαι.
1782 1253 1890 1318 Συγ

337 1348 558 1420 κρούειν
593 1347 690 1418 μέν
715 1346 824 1417 γὰρ
852 1347 1071 1408 τούτους
1229 1345 1363 1415 πρὸς
1382 1344 1618 1406 ἐκείνους
1639 1343 1904 1412 ἀπρεπές·

335 1441 540 1502 πάντες
566 1437 674 1508 γάρ
715 1440 822 1490 εἰσι
867 1437 1136 1507 Πατέρες·
1177 1434 1470 1505 διακρίνειν
1513 1434 1569 1486 δέ
1598 1433 1778 1497 πάλιν,
1835 1434 1909 1497 ὡς

331 1525 484 1583 οὗτοι
513 1529 610 1600 μὲν
654 1527 871 1590 καλῶς,
899 1529 1094 1580 ἐκεῖνοι
1141 1526 1198 1579 δὲ
1250 1523 1554 1578 τούναντίον
1604 1527 1906 1596 εἰρήκασιν,

330 1621 434 1689 οὐχ
475 1620 646 1671 ὅσιονο
697 1619 744 1670 οἱ
781 1619 981 1681 πάντες
1009 1617 1117 1688 γὰρ
1164 1614 1534 1685 ἐκοιμήθησαν
1568 1615 1625 1666 ἐν
1666 1615 1903 1686 Χριστῷ.

333 1711 413 1762 Οὐ
459 1711 563 1781 χρὴ
587 1709 644 1762 δέ
681 1710 1038 1780 φιλονεικεῖν,
1093 1708 1212 1760 ούδέ
1257 1706 1364 1759 τῶν
1415 1705 1772 1759 συνελθόντων
1814 1707 1906 1760 τὸν

332 1801 569 1873 ἀριθμὸν
586 1804 938 1874 συμϐάλλειν,
957 1803 1042 1854 ἵνα
1068 1803 1140 1872 μὴ
1165 1801 1394 1854 δοκῶσιν
1414 1803 1462 1852 oi
1611 1797 1909 1864 τριακόσιοι

331 1885 465 1946 τοὺς
495 1883 780 1945 ἐλάττονας
813 1881 1197 1952 ἐπικρύπτειν·
1229 1877 1336 1930 οὐδ’
1357 1876 1422 1928 ἂν
1464 1876 1624 1927 πάλιν
1656 1877 1746 1928 τὸν
1779 1876 1906 1945 χρό-
1942 1899 1983 1954 Β
2011 1883 2282 1938 metienda

331 1987 426 2025 νον
456 1971 778 2042 άναμετρεῖν
803 2012 817 2036 ,
849 1969 936 2022 ἴνα
959 1969 1032 2039 μὴ
1057 1967 1284 2021 δοκῶσιν
1306 1968 1355 2019 oi.
1387 1963 1744 2035 προλαϐόντες
1765 1967 1911 2034 ἀφα-

331 2059 504 2123 νίζειν
533 2061 659 2122 τοὺς
710 2059 845 2130 μετὰ
883 2057 1049 2112 ταῦτα
1070 2059 1412 2128 γενομένους.
1450 2061 1514 2112 Ol
1543 2058 1741 2120 πάντες
1777 2057 1905 2127 γὰρ,

330 2149 482 2202 καθά
518 2149 856 2221 προείρηται,
888 2150 1127 2220 Πατέρες
1151 2150 1254 2202 είσί
1275 2167 1287 2180 ο
1338 2152 1432 2204 καὶ
1458 2151 1606 2220 ὅμως
1633 2150 1752 2204 οὐδὲ
1781 2151 1829 2202 οἱ
1864 2155 1906 2200 τ’

321 2236 589 2307 νεώτερόν
766 2257 819 2292 τι
845 2241 1207 2310 φρονήσαντες
1239 2240 1482 2312 ἔγραψαν
1501 2281 1515 2305 ,
1548 2241 1668 2292 οὐδὲ
1695 2241 1908 2301 ἐαυτοῖς

331 2330 850 2401 καταθαρσησαντες
877 2373 891 2396 ,
951 2332 1212 2402 ἀγράφων
1268 2333 1606 2402 προέστησαν
1667 2331 1863 2396 λέξεων
1889 2345 1903 2359 ο

328 2418 472 2472 ἀλλὰ
495 2420 560 2471 ἐκ
588 2421 844 2491 Πατέρων
875 2419 1184 2491 ὁρμώμενοι
1209 2422 1299 2472 καὶ
1325 2421 1497 2482 αὐτοὶ,
1539 2421 1652 2481 τοῖς
1686 2419 1906 2471 ἐκείνων

327 2513 635 2583 ἐχρήσαντο
659 2513 882 2582 ῥήμασι.
911 2511 1171 2564 Διονύσιοι
1204 2512 1310 2580 γὰρ
1343 2511 1435 2564 δύο
1476 2512 1759 2578 γεγόνασιν
1809 2510 1906 2580 ἐμ.

327 2601 569 2672 προσθεν
594 2600 726 2654 πολὺ
755 2599 864 2653 τῶν
901 2600 1269 2669 ἐϐδομήκοντα
1427 2600 1534 2652 τῶν
1570 2599 1904 2651 καθελόντων

325 2691 423 2744 τὸν
455 2685 807 2761 Σαμοσατέα’
838 2691 1040 2745 τούτων
1070 2693 1098 2744 ό
1129 2691 1225 2760 μὲν
1257 2690 1357 2759 τῆς
1397 2688 1609 2760 Ῥώμης
1631 2729 1644 2752 ,
1670 2692 1697 2741 ὁ
1723 2689 1779 2741 δὲ
1807 2688 1904 2757 τῆς

341 2784 748 2854 ’Δλεξανδρείας
769 2779 836 2854 ἦν
859 2784 1172 2845 ἐπίσκοπος.
1211 2782 1366 2835 Ἀλλά
1387 2799 1545 2834 τινων
1579 2779 1903 2849 αἰτιασαμέ-

327 2892 439 2929 νων
464 2874 613 2944 παρὰ
630 2873 707 2944 τῷ
729 2875 1009 2944 ἐπισκόπῳ
1031 2871 1250 2942 Ῥώμης
1275 2873 1364 2925 τὸν
1378 2873 1476 2942 τῆς
1505 2870 1904 2940 Ἀλεξανδρείας

332 2965 650 3027 ἐπίσκοπον,
677 2964 752 3028 ὡς
778 2964 1001 3033 λέγοντα
1028 2965 1235 3034 ποίημα
1252 3005 1266 3028 ,
1298 2964 1390 3016 καὶ
1415 2962 1488 3033 μὴ
1507 2961 1788 3032 ὁμοούσιον
1813 2961 1903 3013 τὸν

329 3058 458 3110 Υἰὸν
490 3056 567 3126 τῷ
586 3057 782 3126 Πατρὶ,
813 3059 846 3126 ἡ
875 3057 969 3126 μέν
1004 3057 1144 3110 κατὰ
1195 3055 1412 3127 Ῥώμην
1450 3055 1665 3116 σύνοδος
1701 3052 1904 3122 ἠγανά-

327 3163 531 3216 κτησεν
555 3163 568 3176 ’
599 3148 628 3198 ό
650 3145 706 3200 δέ
724 3146 822 3215 τῆς
848 3145 1062 3217 Ῥώμης
1088 3147 1384 3210 ἐπίσκοπος
1413 3144 1509 3216 τὴν
1532 3145 1744 3199 πάντων
1772 3143 1904 3212 γνὼ-

329 3259 442 3312 μην
469 3241 666 3311 γράφει
699 3239 833 3310 πρὸς
859 3240 949 3293 τὸν
974 3239 1259 3310 ὁμώνυμον
1291 3238 1502 3292 ἐαυτοῦ.
1635 3239 1896 3300 Κάκεῖνος

324 3331 538 3396 λοιπὸν,
592 3329 1058 3401 ἀπολογούμενος,
1110 3331 1173 3383 τὸ
1227 3331 1324 3400 μὲν
1360 3329 1562 3399 βιϐλίον
1606 3327 1900 3398 ἐπιγράφει

341 3424 628 3494 Ἐλέγχου
652 3423 749 3476 καὶ
797 3423 1160 3490 Ἀπολογίας.
1215 3421 1420 3492 Γράφει
1449 3421 1504 3473 δὲ
1545 3419 1716 3473 ταῦτα
1764 3419 1899 3488 πρὸς
1928 3419 2157 3473 ἐκεῖνον.

639 3529 657 3560 ι
691 3511 800 3563 Καὶ
827 3510 893 3563 δι’
924 3508 1087 3577 ἄλλης
1131 3505 1416 3575 ἐπιστολῆς
1474 3502 1706 3573 ἔγραψα,
1737 3501 1794 3551 ἐν
1817 3494 1894 3562 οἷς

326 3603 528 3674 ἧλεγξα
557 3604 650 3657 καὶ
670 3604 698 3656 ὃ
732 3603 1093 3674 προφέρουσιν
1121 3599 1370 3667 ἔγκλημα.
1409 3596 1528 3648 κατ’
1559 3591 1714 3662 ἐμοῦ,
1764 3589 1896 3658 ψεῦ-

326 3699 417 3759 δος
440 3697 516 3760 ὂν,
545 3695 620 3760 ὼς
651 3697 711 3748 ού
737 3695 983 3764 λέγοντος
1014 3694 1104 3745 τὸν
1168 3689 1400 3762 Χριστὸν
1431 3685 1713 3757 ὁμοούσιον
1758 3678 1897 3735 εἶναι

326 3790 408 3859 τῷ
434 3789 570 3859 Θεῷ.
609 3789 670 3841 Εἰ
692 3788 800 3859 γὰρ
826 3788 918 3840 καὶ
939 3785 999 3839 τὸ
1014 3785 1182 3853 ὄνομα
1203 3780 1359 3833 τοῦτό
1399 3795 1538 3848 φημι
1565 3775 1639 3847 μὴ
1671 3772 1898 3844 εὑρηκέ-

326 3899 441 3944 ναι,
479 3881 596 3952 μηδ’
621 3879 983 3948 ἀνεγνωκέναι
1013 3893 1113 3928 που
1136 3875 1242 3927 τῶν
1289 3871 1456 3940 ἁγίων
1485 3866 1736 3938 Γραφῶν,
1763 3863 1900 3916 ἀλλά

327 3991 395 4040 γε
419 3973 488 4024 τὰ
509 3972 751 4041 ἐπιχειρή
764 3969 907 4040 ματά
934 3984 1032 4037 μου
1055 3965 1122 4018 τὰ
1144 3965 1287 4034 ἐξῆς,
1312 3963 1348 4015 ὃ.
1382 3959 1772 4026 σεσιωπήκασι,
1800 3954 1898 4022 τῆς

326 4063 565 4126 διανοίας
595 4062 796 4132 ταύτης
854 4062 951 4114 οὐκ
994 4058 1206 4128 ἀπᾴδει.
1258 4053 1367 4106 Kal.
1427 4051 1534 4119 γὰρ
1694 4045 1900 4115 ἀνθρω-

328 4155 492 4210 πείαν
514 4155 675 4223 γονὴν
725 4151 1059 4222 παρεθέμην,
1110 4148 1263 4218 δῆλον
1307 4146 1380 4208 ὡς
1431 4139 1593 4195 οὖσαν
1644 4137 1897 4208 ὁμογενῆ,

329 4250 511 4316 φήσας
540 4248 753 4308 πάντως
807 4245 934 4307 τοὺς
989 4243 1163 4310 γονεῖς
1195 4239 1348 4308 μόνον
1496 4233 1716 4302 ἐτέρους
1761 4225 1900 4281 εἶναι

331 4337 439 4391 τῶν
469 4337 690 4397 τέκνων,
713 4335 794 4388 ὅτι
825 4332 898 4404 μὴ
931 4331 1082 4384 αὐτοὶ
1110 4326 1215 4382 εἷεν
1244 4328 1313 4380 τὰ
1343 4328 1527 4378 τέκνα·
1551 4323 1584 4391 ἢ
1617 4322 1756 4392 μήτε
1805 4335 1922 4386 γο-.

329 4433 444 4493 νεῖς
466 4429 760 4495 ἀναγκαῖον
782 4424 1046 4496 ὑπάρχειν
1073 4418 1230 4478 εἶναι.
1268 4419 1404 4489 μήτε
1433 4415 1615 4469 τέκνα.
1662 4412 1772 4466 Καὶ
1802 4410 1901 4478 τὴν

334 4522 435 4593 μὲν
467 4518 767 4589 ἐπιστολὴν,
819 4517 894 4578 ὡς
943 4515 1218 4584 προεῖπον,
1266 4509 1353 4563 διὰ
1404 4507 1502 4570 τὰς
1553 4503 1900 4574 περιστάσεις

327 4611 434 4665 οὐκ
460 4610 565 4678 ἔχω
593 4606 942 4678 προκομίσαι·
967 4606 1015 4657 εἰ
1055 4602 1100 4655 δ’
1129 4597 1240 4664 οὖν,
1277 4599 1415 4652 αὑτά
1573 4612 1655 4647 σοι
1680 4593 1749 4645 τὰ
1779 4592 1900 4643 τότε

1297 396 1667 457 ΡΛΝΟΡΙᾸΑ
1710 393 2172 479 ΒΟῦλΙΛἸξΙΟΑ.
2201 417 2268 428 -·-
2307 394 2454 455 ἸῚΤ.
2500 393 2601 454 XI.

3445 387 3508 450 4⁸1
3522 385 3554 449 ι

2184 529 2249 583 Et
2275 530 2406 586 satis
2429 529 2646 598 quidem
2688 530 2801 584 haec
2831 534 2960 583 sunt
2990 524 3057 580 ad
3089 522 3552 591 comprobandum

1989 625 2311 678 dilectorum
2362 620 2687 676 sententiam
2729 634 2836 672 non
2881 618 3135 677 alienam,
3184 629 3358 683 neque
3398 614 3557 681 longe

1989 730 2108 770 esse
2144 731 2173 768 a
2200 712 2671 770 consubstantiali.
2705 711 2970 776 Quoniam
3000 718 3202 772 autem,
3247 718 3303 761 ut
3330 706 3434 775 ipsi
3474 704 3559 758 di-

1994 816 2126 860 cunt
2159 806 2322 875 (nam
2367 804 2595 872 epistola
2633 816 2796 872 penes
2831 817 2917 854 me
2949 814 3053 852 non
3083 797 3228 862 fuit),
3249 795 3339 864 qui
3366 794 3556 848 Samo-

1994 909 2263 954 satensem
2335 897 2662 950 damnarunt
2732 892 2972 963 episcopi
3031 890 3234 958 scripto
3292 886 3559 942 tradidere

1996 990 2190 1045 Filium
2225 988 2319 1042 Dei
2355 1003 2462 1041 non
2489 1001 2607 1040 esse
2633 985 2778 1038 Patri
2804 981 3344 1043 consubstantialem,
3375 993 3438 1031 ac
3467 978 3560 1031 de-

2000 1097 2147 1135 mum
2177 1081 2300 1148 ipsi,
2337 1077 2554 1148 pietatis
2572 1062 2917 1143 liouorisque.
2941 1088 3104 1127 causa
3137 1085 3263 1139 erga
3297 1070 3441 1122 viros
3467 1067 3561 1136 qui

1999 1173 2111 1225 hate
2149 1172 2419 1232 dixerunt,
2450 1170 2528 1224 sic
2576 1182 2672 1236 pro
2705 1181 2765 1221 ea
2804 1180 2934 1219 voce
2975 1172 3102 1218 sunt
3136 1161 3345 1225 allecti,
3381 1172 3560 1226 Opera:

1995 1261 2222 1329 pretium
2253 1258 2415 1312 fuerit
2444 1260 2528 1327 pie
2550 1273 2670 1311 cum
2703 1257 2834 1325 ipsis
2869 1271 2931 1308 ea
2957 1254 3099 1308 dere
3123 1253 3408 1306 disserere.
3440 1247 3558 1300 Non

1996 1353 2146 1405 deret
2174 1353 2370 1421 quippe
2401 1352 2522 1404 illos
2556 1367 2677 1403 cum
2705 1350 2788 1402 his
2807 1347 3176 1402 committere:
3205 1358 3394 1399 omnes
3414 1342 3557 1395 enim

1999 1441 2182 1496 Patres
2201 1450 2358 1502 sunt;
2387 1447 2826 1509 ncque‘sanctum
2845 1444 2989 1492 esset
3009 1435 3232 1489 deﬁnire
3255 1435 3352 1486 hos
3370 1433 3562 1501 probe,

1999 1533 2118 1586 illos
2130 1531 2267 1584 male
2281 1531 2489 1584 locutos
2504 1544 2622 1583 esse
2637 1546 2649 1580 :
2667 1540 2857 1580 omnes
2870 1524 3066 1593 quippe
3079 1522 3360 1575 ianristo
3373 1520 3565 1573 obdor-

2001 1622 2252 1676 mierunt.
2271 1619 2686 1689 Disceptandum
2705 1631 2868 1686 porro
2881 1629 2988 1668 non
3008 1621 3290 1679 est,neque
3305 1623 3565 1663 numerus

2000 1709 2362 1765 eonferendus
2396 1708 2638 1762 virorum
2680 1705 2774 1773 qui
2803 1702 2979 1757 coaeti
3010 1709 3157 1764 sunt,
3187 1715 3253 1753 ne
3282 1698 3566 1752 videantur

2003 1801 2226 1856 trecenti
2277 1799 2357 1853 illi
2402 1797 2685 1868 pauciores
2733 1795 3048 1854 obscurare,
3107 1802 3281 1858 neque
3326 1796 3567 1856 tempora

2489 1887 2637 1942 sunt,
2672 1892 2738 1929 ne
2764 1878 2852 1943 qui
2883 1889 3207 1944 prlecessere
3234 1878 3569 1943 subsequen-

2011 1978 2088 2018 tes
2112 1979 2464 2024 exauctorare
2499 1979 2770 2040 putentur.
2805 1971 3006 2026 Omnes
3051 1970 3194 2024 enim
3223 2010 3236 2036 ,
3271 1968 3349 2022 uti
3405 1983 3568 2036 supra

2007 2057 2210 2110 dictum
2239 2067 2341 2122 est,
2382 2057 2569 2114 Patres
2604 2069 2762 2121 sunt;
2792 2073 2967 2127 neque
3010 2067 3190 2110 tamen
3223 2054 3448 2110 trecenti
3493 2053 3565 2106 illi

2008 2148 2243 2215 aliquam
2279 2164 2472 2203 novam
2499 2151 2765 2218 scripsere
2812 2148 3134 2204 sententiam
3168 2165 3182 2213 ;
3215 2161 3412 2215 neque,
3461 2145 3564 2198 sibi

2008 2241 2141 2309 ipsis
2170 2242 2383 2304 confisi,
2429 2241 2609 2295 verbis
2636 2256 2742 2294 non
2774 2249 2931 2294 antea
2982 2239 3199 2307 scriptis
3241 2237 3564 2306 patrocinati

2006 2343 2168 2396 sunt;
2202 2333 2294 2386 sed
2325 2331 2571 2399 exemplo
2617 2330 2837 2384 Patrum
2884 2331 3110 2394 incitati,
3155 2344 3343 2382 eorum
3403 2328 3564 2380 verba

2005 2433 2358 2492 usurparunt.
2394 2423 2492 2476 Diu
2530 2439 2760 2492 namque
2782 2431 2905 2476 ante
2945 2422 3064 2475 illos
3097 2420 3437 2488 septuaginta
3469 2417 3564 2486 qui

2008 2511 2447 2569 Samosatensem
2481 2514 2868 2582 deposuerunt,
2893 2511 2999 2563 duo
3017 2509 3254 2579 Dionysii
3287 2509 3564 2573 exstitere,

2005 2616 2236 2669 quorum
2263 2602 2396 2656 alter
2423 2601 2608 2655 Beluae
2632 2643 2645 2665 ,
2700 2601 2834 2654 alter
2885 2600 3222 2653 Alexandria:
3276 2600 3564 2668 episcopus

2003 2702 2143 2746 erat.
2166 2692 2298 2747 Cum
2339 2702 2517 2748 autem
2546 2693 2763 2761 quidam
2800 2692 2864 2744 ad
2896 2691 3197 2744 Romanum
3226 2696 3561 2759 episcopum,

2003 2785 2427 2839 Alexandrinum
2461 2785 2800 2844 detulissent,
2826 2783 2966 2852 quod
2993 2781 3186 2834 Filium
3229 2799 3340 2837 rem
3368 2782 3562 2835 factam

2003 2885 2057 2930 et
2088 2874 2235 2928 Patri
2264 2890 2370 2928 non
2407 2873 2922 2928 consubstantialem
2952 2872 3242 2924 allirmaret
3267 2913 3281 2934 ,
3325 2873 3566 2942 synodus

2004 2965 2191 3020 Romae
2219 2975 2406 3020 coacta
2443 2981 2554 3019 rem
2586 2965 2804 3034 indigne
2839 2965 2956 3017 tulit
2987 2983 3000 3026 ;
3051 2966 3329 3018 Romanus
3382 2977 3562 3019 autem

2003 3059 2288 3127 episcopus
2313 3059 2555 3110 omnium
2581 3055 2904 3110 sententiam
2927 3057 3200 3123 rescripsit
3224 3057 3287 3108 ad
3312 3057 3562 3122 gentilcm

2005 3167 2186 3205 suum.
2217 3152 2286 3204 At
2313 3150 2401 3204 ille
2445 3150 2526 3204 sui
2559 3149 2822 3218 purgari-li
2863 3163 3028 3202 causa
3073 3149 3269 3201 librum
3315 3150 3422 3202 edit
3463 3149 3565 3202 huc

1928 3273 1969 3327 C
2001 3242 2176 3308 titulo,
2199 3241 2459 3296 Elenchus
2483 3251 2531 3295 et
2560 3241 2838 3310 Apologia,
2867 3252 2919 3295 et
2948 3240 3031 3293 bis
3063 3239 3241 3294 verbis
3266 3240 3331 3293 ad
3361 3237 3563 3292 Roma-

2003 3347 2130 3385 num
2149 3333 2367 3402 scripsit
2399 3331 2714 3400 episcopum
2744 3349 2756 3383 :

2177 3524 2196 3558 ι
2221 3505 2276 3559 1η
2300 3504 2402 3558 alia
2429 3505 2554 3558 item
2587 3503 2810 3572 epistola
2837 3517 2898 3556 ea
2926 3517 3001 3555 se:
3018 3501 3138 3570 ipsi,
3163 3472 3359 3570 quibus
3378 3500 3564 3554 crimi-

1997 3600 2268 3652 nationem
2316 3595 2748 3651 adversariorum
2781 3595 2985 3662 ~repuli,
3025 3595 3447 3661 mendacemque
3475 3607 3564 3647 os-

1998 3692 2139 3746 tendi
2164 3705 2269 3759 qua
2293 3689 2506 3742 aiebant
2532 3703 2614 3740 me
2639 3685 2910 3740 Christum
2934 3701 3128 3753 negare
3155 3700 3275 3738 esse
3300 3685 3403 3736 Deo
3429 3699 3561 3737 con-

1997 3780 2423 3836 substantialem.
2458 3777 2692 3831 Tametsi
2730 3778 2874 3831 enim
2928 3775 3098 3829 fateor
3135 3791 3220 3828 me
3264 3777 3365 3828 hoc
3405 3789 3563 3828 voca-

1999 3872 2182 3925 bulum
2230 3885 2497 3938 nusquam
2540 3868 2937 3937 Seripturarum
2985 3882 3260 3921 sacrarum
3304 3867 3384 3918 vel
3417 3867 3564 3919 inve-

1998 3963 2146 4016 nisse
2179 3961 2260 4014 vel
2287 3962 2504 4029 legisse,
2545 3969 2780 4013 attamen
2810 3966 3122 4025 argumenta
3149 3971 3264 4009 mea
3295 3972 3413 4024 qua:
3437 3957 3564 4010 sub-

2000 4062 2321 4124 sequuntur,
2345 4068 2573 4123 quaeque
2618 4052 2705 4106 isti
2743 4058 3044 4113 tacuerunt,
3074 4047 3142 4100 ab
3169 4049 3268 4099 hac
3299 4047 3561 4101 sententia

2001 4161 2107 4198 non
2141 4145 2470 4212 discrepant.
2498 4141 2706 4194 Etenim
2742 4141 3032 4194 humanam
3061 4137 3262 4206 prolem
3299 4137 3349 4189 in
3377 4151 3562 4189 exmi-

2001 4238 2147 4306 plum
2177 4234 2354 4302 attuli,
2394 4248 2556 4304 quam
2585 4241 2729 4302 patet
2773 4231 3013 4301 ejusdem
3064 4244 3183 4284 esse
3246 4229 3458 4298 generis
3501 4243 3563 4282 ac

2002 4330 2320 4399 genitorem.
2380 4326 2606 4396 Dixique
2644 4340 2825 4379 revera
2870 4324 2920 4376 in
2953 4325 3055 4377 hoc
3109 4323 3280 4376 solum
3314 4330 3564 4389 parentes

2001 4423 2216 4476 diﬂ‘erre
2241 4436 2270 4473 a
2294 4419 2438 4483 ﬂliis,
2468 4418 2612 4487 quod
2648 4417 2750 4487 ipsi
2783 4432 2889 4471 non
2929 4417 3038 4470 siut
3063 4415 3156 4469 filii
3186 4433 3197 4468 :
3229 4413 3429 4482 alioqui
3467 4428 3562 4465 ne-

2003 4531 2155 4569 cesse
2208 4512 2324 4566 fore
2352 4528 2526 4580 neque
2571 4518 2819 4578 parentes
2875 4508 3154 4568 exsistere,
3199 4519 3373 4574 neque
3405 4505 3562 4557 lilios.

2004 4605 2299 4675 Epistulam
2335 4613 2535 4667 autem,
2563 4610 2620 4655 ut
2652 4611 2774 4655 ante
2794 4600 2926 4660 dixi,
2949 4599 3019 4651 ob
3042 4605 3356 4667 prmscntcm
3385 4610 3562 4648 rerum

332 4705 574 4774 ῥήματα.
605 4700 800 4771 μᾶλλον
831 4699 887 4751 δέ
914 4696 1010 4750 καὶ
1040 4695 1219 4764 πάσης
1241 4690 1528 4759 ἀνέπεμψα
1560 4688 1621 4741 τὸ
1646 4684 1901 4774 ἀντίγρα-

2003 4697 2366 4753 conditionem
2421 4710 2582 4764 penes
2631 4708 2715 4746 me
2746 4707 2852 4746 non
2902 4691 3092 4743 habeo.
3149 4686 3400 4757 Alioquin
3448 4685 3562 4752 ipsa

331 4773 452 4862 φον·
487 4793 622 4862 ὅπερ
679 4789 773 4843 ἐὰν
805 4788 1114 4857 εὐπορήσω,
1153 4784 1381 4853 ποιήσω.
1421 4776 1549 4833 Οἶδα
1594 4777 1651 4830 δὲ
1680 4776 1776 4828 καὶ
1809 4773 1902 4844 μέ-

336 4900 548 4954 μνημαι
581 4879 800 4934 πλείονα
848 4875 1103 4948 προσθεὶς
1150 4873 1257 4927 τῶν
1307 4871 1578 4939 συγγενῶν
1623 4865 1900 4936 ὁμοιώμα-

329 4987 428 5023 τα·
557 4969 664 5022 Καὶ
693 4966 803 5036 γὰρ
840 4967 934 5020 καὶ
982 4963 1144 5032 φυτὸν
1177 4963 1348 5025 εἷπον,
1383 4961 1489 5014 ἀπὸ
1524 4959 1832 5028 σπέρματος
1864 4956 1897 5026 ἢ

333 5061 447 5114 ἀπὸ
479 5059 629 5130 ῥίζης
651 5057 890 5122 ἀνελθὸν,
913 5057 1096 5122 ἕτερον
1129 5050 1265 5106 εἶναι
1297 5052 1390 5105 τοῦ
1427 5052 1546 5104 ὅθεν
1579 5049 1900 5118 ἐϐλάστησε,

333 5153 431 5206 καὶ
463 5151 676 5215 πάντως
710 5151 900 5219 ἐκείνῳ
920 5149 1250 5217 καθέστηκεν
1301 5144 1534 5216 όμοφυές
1555 5161 1568 5175 ·
1603 5145 1696 5196 καὶ
1739 5159 1901 5194 ποτα-

338 5246 442 5317 μὸν
462 5243 569 5297 ἀπὸ
595 5244 776 5314 πηγῆς
805 5242 1014 5312 ρἐντα,
1040 5240 1221 5310 ⁶ἕτερον
1252 5238 1347 5292 καὶ
1394 5236 1574 5305 σχῆμα
1612 5236 1704 5287 καὶ
1735 5234 1902 5300 ὄνομα

337 5335 744 5409 μετειληφέναι·
779 5336 912 5404 μήτε
937 5332 1044 5402 γὰρ
1069 5331 1166 5401 τὴν
1221 5330 1400 5400 πηγὴν
1451 5327 1714 5396 ποταμὸν,
1767 5327 1900 5394 μήτε

331 5429 429 5484 τὸν
464 5429 700 5498 ποταμὸν
741 5425 920 5495 πηγὴν
955 5423 1223 5491 λέγεσθαι,
1281 5423 1374 5474 καὶ
1415 5420 1697 5490 ἀμφότερα
1730 5418 1904 5488 ὑπάρ-

334 5536 476 5591 χειν
505 5519 598 5572 καὶ
624 5519 722 5587 τὴν
756 5518 853 5588 μὲν
877 5517 1054 5584 πηγὴν
1077 5514 1236 5566 οἱονεὶ
1267 5513 1485 5580 Πατέρα
1536 5508 1692 5568 εἶναι,
1729 5511 1816 5562 τὸν
1844 5510 1900 5562 δὲ

334 5605 586 5675 ποταμὸν
636 5601 866 5657 εἶναιτὸ
897 5603 961 5652 ἐκ
1006 5601 1104 5670 τῆς
1147 5596 1328 5668 πηγῆς
1379 5595 1737 5665 γεννώμενον.
1889 5609 1908 5640 ›

339 5695 579 5768 Εἷρηκεν
699 5695 728 5746 ὁ
761 5693 1073 5751 ἐπίσκοπος.

2004 4791 2099 4845 tibi
2131 4805 2252 4858 quae
2301 4796 2428 4842 tunc
2479 4786 2668 4854 scripsi
2723 4783 2907 4848 verba,
2959 4782 3069 4834 imo
3116 4779 3279 4833 totius
3323 4778 3564 4848 epistola:

2004 4871 2276 4947 eitemplar
2311 4879 2602 4934 misissmi.
2635 4875 2950 4941 mittamque
2979 4873 3024 4927 si
3051 4871 3266 4940 quando
3293 4871 3423 4924 mihi
3446 4869 3564 4940 ejus

2005 4972 2159 5040 copia
2192 4969 2371 5024 fuerit.
2405 4968 2528 5021 Scio
2549 4977 2722 5020 autem
2752 4976 2912 5033 atque
2938 4962 3157 5016 memini
3189 4977 3271 5015 me
3303 4963 3564 5031 plurimas

2003 5081 2067 5119 ex
2103 5064 2260 5116 rebus
2285 5063 2419 5114 inter
2440 5076 2496 5112 se
2520 5059 2763 5128 cognatis
2785 5055 3163 5111 similitudines
3191 5055 3560 5123 conglobasse.

2005 5154 2212 5206 Etenim
2246 5153 2504 5219 plantam,
2535 5149 2648 5202 sive
2664 5164 2725 5200 ex
2750 5147 2976 5210 semine,
3001 5146 3111 5200 sive
3139 5161 3204 5199 ex
3231 5147 3411 5200 radice
3441 5161 3562 5200 suc-

2006 5251 2357 5300 crescentem,
2407 5241 2565 5292 aliam
2602 5253 2723 5294 esse
2749 5236 2862 5289 dixi
2895 5239 3051 5289 abeo
3091 5237 3232 5289 unde
3261 5237 3561 5303 pullulavil,

2007 5335 2221 5388 tametsi
2253 5333 2493 5400 ejusdem
2528 5345 2750 5399 prorsus
2786 5338 2868 5382 est
2895 5337 3102 5382 natura:
3131 5346 3143 5380 :
3180 5327 3510 5391 ﬂuviumque
3535 5341 3562 5376 a

2009 5428 2153 5479 fonte
2185 5424 2459 5485 ﬂuentem,
2491 5422 2650 5476 aliam
2687 5421 2914 5472 formam
2949 5427 3002 5471 et
3041 5431 3233 5469 nomen
3271 5416 3514 5482 accipere
3548 5434 3560 5468 :

2010 5535 2180 5587 neque
2204 5518 2346 5569 enim
2373 5524 2464 5568 aut
2497 5515 2692 5566 fontem
2722 5511 2964 5568 ﬂuvium.
2995 5517 3089 5561 aut
3118 5506 3337 5560 ﬂuvium
3365 5505 3564 5560 fontem

2002 5603 2132 5667 dici,
2172 5601 2263 5656 sed
2313 5609 2603 5664 utrumque
2647 5597 2950 5650 exsistere:
2985 5609 3047 5648 ac
3092 5595 3292 5649 fontem
3343 5595 3559 5663 quidem

2005 5693 2161 5760 quasi
2203 5699 2405 5760 patrem
2448 5701 2588 5750 esse,
2630 5685 2850 5739 ﬂuvium
2897 5698 3048 5749 vero,
3083 5699 3280 5754 aquam
3309 5701 3373 5740 ex
3414 5685 3564 5742 fonte

2008 5794 2332 5837 manentem.
2363 5800 2381 5832 ι
2415 5776 2684 5833 llactenus
2713 5777 2999 5845 episcopus
3027 5775 3133 5832 ille.
