4032 6288
461 291 464 293 ’
529 317 636 384 4:5

732 449 785 506 Si
814 454 939 522 quis
966 453 1130 523 igitur
1150 467 1245 509 eos
1271 452 1364 521 qui
1392 453 1583 508 Nicaea:
1614 463 1981 509 convenerunt
2001 469 2087 507 ar-
2116 463 2162 513 Α

529 545 661 610 guit,
690 544 832 611 quod
868 554 1060 613 praeter
1088 544 1358 611 majorum
1393 545 1606 599 decreta
1635 547 1879 614 quazdam
1905 556 2090 614 protu-

531 635 712 697 ierint,
757 634 800 686 is
837 634 959 702 jure
1004 632 1349 701 septuaginta
1380 635 1662 703 episcopos
1713 636 2087 703 reprehendat,

530 723 674 791 quod
705 723 968 792 majorum
995 737 1219 776 suorum
1245 723 1459 777 decreta
1490 739 1596 778 non
1626 726 1914 779 servarint.
1937 725 2090 777 Prius

529 814 726 881 quippe
757 821 910 865 erant
939 812 1099 865 ambo
1129 810 1392 882 DiOnysii,
1424 823 1585 882 atque
1618 815 1652 868 ii
1684 815 1775 884 qui
1803 823 1931 868 tunc
1954 825 2090 868 tem—

530 904 677 970 poris
711 901 895 955 Roma:
927 914 1291 956 convenerant
1330 905 1590 973 episcopi.
1619 905 1730 958 Sed.
1758 918 1979 959 neutros
2011 905 2092 960 fas

527 1001 611 1045 est
656 992 913 1060 culpare:
947 1008 1135 1046 omnes
1184 994 1382 1062 quippe
1434 1011 1520 1048 res
1567 996 1764 1076 Christi
1807 997 2090 1062 curabant,

528 1096 717 1135 omnes
751 1083 922 1135 studia
946 1098 1042 1136 sua
1066 1085 1454 1139 convertebant
1495 1087 1756 1142 adversus
1789 1089 2091 1152 limrcticos,

527 1184 580 1224 et
609 1173 700 1224 alii
731 1172 1191 1240 Samosatensem,
1221 1175 1311 1228 alii
1347 1177 1604 1230 Ariauam
1635 1182 1961 1232 damnarunt
1989 1180 2095 1232 hae-

529 1263 695 1317 resin.
726 1261 890 1316 Recte
921 1274 1100 1317 autem
1126 1279 1196 1318 ac
1235 1259 1403 1333 probe
1440 1267 1656 1335 utrique
1688 1271 1976 1335 scripsere,
2010 1277 2094 1320 at-

527 1369 634 1422 que
675 1363 1038 1424 congruenter
1066 1359 1132 1408 ad
1169 1356 1505 1424 propositum
1537 1368 1939 1424 argumentum.
2006 1359 2095 1413 Et-

529 1447 674 1500 enim
693 1446 1150 1514 quemadmodum
1185 1447 1376 1502 beatus
1393 1449 1688 1516 Apostolus
1719 1451 1784 1506 ad
1822 1450 2096 1505 Romanos

1743 317 2129 375 EUTIlYMll
2171 311 2532 373 ZlGABENI

3629 320 3720 384 576

2380 431 2549 515 Εἴπερ
2574 441 2666 498 οὖν
2694 445 2963 515 μέμφεταί
2999 461 3081 506 τις
3108 445 3218 510 τοῖς
3262 444 3316 495 ἐν
3346 443 3538 516 Nimia
3560 453 3719 504 συνελ-

2195 538 2396 598 θοῦσιν,
2425 537 2500 599 ὼς
2527 539 2770 606 εἰρηκόσι
2801 535 2948 605 παρὰ
2995 535 3063 588 τὰ
3092 534 3313 599 δόξαντα
3498 542 3597 600 τοῖς
3631 542 3722 611 πρὸ

2195 627 2394 688 αὐτῶν,
2425 627 2452 676 ό
2481 627 2640 688 αὐτὸς
2669 627 2929 696 μέμψαιτ’
2971 626 3036 678 ἂν
3067 626 3288 687 εἰκότως
3326 625 3418 678 καὶ
3455 629 3558 688 τοῖς
3595 630 3722 682 ἐϐδο-

2199 720 2463 787 μήκοντα,
2494 719 2573 770 ὅτι
2612 721 2685 788 μὴ
2707 718 2774 769 τὰ
2811 717 2916 769 τῶν
2959 717 3060 788 πρὸ
3102 717 3278 769 αὐτῶν
3337 717 3606 783 ἐφύλαξαν·
3635 720 3726 792 πρὸ

2197 811 2375 862 αὐτῶν
2407 811 2463 861 δὲ
2493 806 2630 880 ἦσαν
2660 811 2709 862 οἰ
2739 809 3021 872 Διονύσιοι,
3073 810 3165 860 καὶ
3195 811 3243 861 οἰ
3284 811 3339 861 ἐν
3374 808 3547 880 Ῥώμῃ
3572 811 3624 862 τὸ
3646 828 3726 882 τη-

2196 901 2423 956 νικαῦτα
2451 902 2790 964 συνελθόντες
2849 902 3154 955 ἐπίσκοποι.
3203 899 3336 952 Ἀλλ’
3369 899 3485 952 οὔτε
3517 901 3726 966 τούτους,

2197 993 2320 1046 οὕτε
2349 993 2588 1056 ἐκείνους
2631 993 2775 1045 ὅσιον
2816 992 3177 1044 αἰτιάσασθαι·
3208 992 3399 1052 πάντες
3447 991 3546 1061 γὰρ
3590 993 3728 1060 ἐπρέ-

2201 1081 2390 1133 σϐευον
2428 1081 2495 1133 τὰ
2529 1079 2785 1151 Χριστοῦ,
2817 1081 2910 1133 καί
2967 1081 3165 1142 πάντες
3218 1078 3444 1148 σπουδὴν
3499 1081 3730 1149 ἐσχήκασι

2201 1171 2340 1224 κατὰ
2378 1170 2484 1222 τῶν
2507 1171 2818 1242 αἱρετικῶν,
2861 1172 2954 1224 καὶ
2981 1172 3030 1223 οἱ
3061 1171 3158 1240 μὲν
3207 1169 3297 1222 τὸν
3342 1170 3656 1238 Σαμοσατέα,
3689 1172 3730 1222 οἰ

2201 1261 2257 1313 δὲ
2289 1261 2386 1331 τὴν
2433 1261 2713 1331 Ἀρειανὴν
2747 1261 2954 1330 αἰρεσιν
2976 1259 3320 1329 κατέκριναν.
3367 1258 3558 1327 Ὀρθῶς
3582 1258 3633 1310 δὲ
3653 1260 3732 1338 και

2201 1345 2343 1404 οὗτοι
2397 1354 2658 1412 κάκεῖνοι,
2710 1352 2802 1404 καὶ
2852 1350 3029 1414 καλῶς
3075 1351 3210 1422 πρὸς
3264 1349 3358 1419 τὴν
3408 1349 3731 1418 ὑποκειμένην

2205 1442 2458 1496 ὑπόθεσιν
2485 1443 2814 1512 γεγράφασι.
2847 1443 2955 1495 Καὶ
3007 1441 3193 1511 ὥσπερ
3224 1442 3251 1492 ὁ
3299 1441 3556 1509 μακάριος
3597 1440 3731 1491 Ἀπό-

531 1540 614 1592 his
645 1536 822 1592 verbis
857 1538 1103 1606 scripsit:
1137 1557 1155 1588 ι
1189 1537 1293 1592 Lex
1328 1540 1626 1607 spiritualis
1658 1549 1740 1594 est
1784 1542 1823 1606 ι,
1849 1562 1864 1592 ι
1888 1539 2096 1594 etcLex

2207 1533 2408 1598 στολος,
2460 1533 2748 1602 Ῥωμαίοις
2779 1533 2875 1602 μὲν
2904 1531 3229 1584 ἐπιστέλλων
3251 1570 3264 1594 ,
3299 1531 3497 1597 ἔλεγεν·
3532 1548 3548 1579 ι
3586 1531 3636 1581 ’0
3665 1530 3731 1580 νό-

531 1635 717 1681 sancta
734 1636 788 1681 et
803 1627 1112 1680 mandatum
1131 1639 1318 1682 sanctu
1329 1645 1400 1695 m,
1416 1639 1468 1683 et
1483 1631 1691 1698 justum
1710 1639 1762 1684 et
1783 1631 1983 1684 bonum
2022 1633 2062 1695 ‘;
2079 1651 2097 1682 ι

531 1728 584 1770 et
619 1718 781 1787 paulo
819 1728 959 1788 post,
1000 1739 1017 1770 ‹
1051 1718 1185 1772 Nam
1220 1721 1364 1788 quod
1403 1721 1735 1789 impossibile
1769 1734 1884 1777 erat
1913 1723 2014 1792 legi
2050 1724 2102 1775 in

533 1825 640 1877 quo
671 1809 1046 1863 infirmabatur
1097 1811 1147 1874 ³;
1172 1830 1189 1860 ›
1224 1813 1290 1864 ad
1332 1812 1582 1866 Hebraeos
1612 1822 1813 1878 autem,
1839 1832 1856 1863 ι
1886 1811 2102 1866 Nullum

534 1898 758 1967 perfecit
970 1900 1054 1954 lex
1099 1901 1154 1964 ἰς
1182 1921 1200 1952 ι
1247 1903 1312 1954 ad
1362 1902 1602 1966 Galatas,
1666 1921 1684 1952 ι
1715 1901 1770 1954 ln
1803 1903 1917 1970 lege
1947 1918 2103 1955 nemo

533 1988 927 2058 justiﬁcabitur
975 1990 1032 2054 5;
1078 2008 1095 2040 ι
1145 1991 1211 2043 ad
1258 1990 1601 2045 Timotheum
1646 2000 1854 2054 autem,
1907 2010 1925 2042 ι
1957 1992 2104 2045 Bona

535 2087 618 2132 est
647 2079 754 2141 lex,
785 2079 830 2131 si
860 2080 984 2144 quis
1007 2095 1068 2132 ea
1093 2079 1328 2148 legitime
1360 2089 1542 2133 utatur
1589 2081 1642 2144 ⁶;
1669 2100 1687 2131 ι
1727 2096 1899 2149 neque
1924 2089 2105 2136 tamen

534 2170 659 2236 quis
697 2179 944 2223 sanctum
991 2170 1167 2224 virum
1214 2172 1535 2226 criminatus
1569 2172 1732 2226 fuerit
1777 2172 1934 2241 quasi
1976 2189 2103 2228 con-

537 2253 700 2309 traria
743 2264 797 2308 et
832 2257 1128 2324 pugnantia
1175 2259 1406 2325 scribat;
1449 2259 1542 2313 sed
1587 2260 1768 2328 potius
1806 2261 2106 2314 admiratus

539 2344 717 2407 fuerit,
748 2344 911 2412 quod,
946 2353 1003 2398 ut
1029 2346 1258 2415 singulis
1284 2355 1709 2402 consentaneum
1739 2359 1874 2413 erat,
1898 2351 2106 2404 scribe-

542 2442 642 2497 ret,
672 2442 728 2485 ut
761 2432 983 2487 Romani
1022 2443 1076 2487 et
1113 2434 1200 2486 alii
1233 2449 1297 2487 ex
1325 2434 1501 2487 littera
1540 2434 1844 2491 ediscerent
1885 2449 2004 2492 sese
2039 2434 2106 2489 ad

546 2523 804 2595 Spiritum
838 2534 1191 2588 convertere;
1231 2523 1438 2581 Hebraei
1470 2539 1600 2581 vero
1625 2537 1678 2580 et
1711 2525 1912 2581 Galatae
1940 2527 2104 2580 doce-

543 2626 749 2681 rentur,
798 2618 986 2670 nonin
1027 2619 1217 2686 legem,
1251 2618 1342 2672 sed
1375 2617 1426 2670 in
1473 2616 1759 2669 Dominum
1799 2618 1893 2686 qui
1936 2617 2106 2685 legem

542 2709 707 2770 dedit,
737 2723 886 2776 spem
915 2707 1113 2764 habere
1135 2727 1146 2761 :
1172 2708 1242 2760 ita
1266 2724 1484 2776 quoque
1507 2709 1607 2762 etsi
1637 2709 1921 2762 ambarum
1946 2723 2107 2778 syno-

541 2798 732 2850 dorum
786 2797 973 2850 Patres
1021 2799 1232 2852 diverse
1281 2799 1346 2852 de
1395 2798 1842 2852 consubstantiali
1879 2799 2109 2852 mentio-

543 2902 663 2940 nem
709 2886 952 2952 fccerint,
995 2889 1299 2942 nullatenus
1349 2896 1526 2942 tamen
1575 2890 1644 2942 ab
1693 2889 1800 2945 illis
1840 2889 2107 2943 dissidere

541 2977 822 3041 debemus,
846 2979 936 3032 sed
953 2978 1166 3030 illorum
1185 2980 1514 3047 perscrutari
1529 2980 1881 3045 sententiam,
1900 2987 1954 3034 et
1979 2989 2108 3035 tunc

541 3071 726 3123 :unbas
748 3071 888 3124 inter
918 3086 975 3124 se
1009 3070 1246 3140 synodos
1275 3071 1586 3125 consentire
1615 3071 2102 3140 deprchendemus.

528 3155 628 3221 Qui
651 3159 793 3210 enim
814 3159 1246 3212 Samosatensem
1269 3160 1590 3227 deposuere.
1616 3158 1803 3209 dixere
1830 3156 2104 3208 Christum

527 3260 635 3296 non
662 3259 782 3298 esse
813 3247 1330 3300 consubstantialem
1362 3264 1374 3298 :
1415 3261 1591 3313 neque
1643 3245 1787 3296 enim
1820 3241 1989 3297 Filius
2031 3243 2104 3295 ita

526 3354 584 3391 se
620 3338 784 3392 habet
809 3349 1055 3407 respectu
1085 3339 1258 3392 Patris
1281 3338 1515 3405 qualiter
1550 3337 1636 3389 ille
1659 3336 1950 3404 cogitabat.
1991 3335 2095 3400 Qui

527 3439 711 3482 autem
769 3430 1023 3483 Arianam
1065 3429 1296 3482 haeresin
1349 3429 1693 3482 anathemate
1745 3427 2095 3493 damnarunt,

524 3536 646 3574 cum
694 3519 842 3574 Pauli
891 3521 1237 3574 calliditatem
1278 3518 1811 3583 animadvertissent,
1845 3526 1902 3574 et
1952 3520 2098 3589 cogi-

527 3619 704 3668 tarent
751 3627 860 3666 non
907 3612 976 3665 ita
1009 3612 1076 3665 de
1123 3611 1478 3680 incorporeis,
1507 3620 1563 3665 et
1599 3609 1831 3664 maxime
1865 3609 1930 3663 de
1957 3610 2088 3671 Deo,

525 3705 1141 3772 consubstantialitatem
1193 3704 1564 3773 accipiendam
1612 3717 1754 3765 esse,
1803 3715 2101 3771 agnoscen-

526 3807 713 3866 tesque
780 3797 1014 3852 Verbum
1071 3813 1179 3851 non
1230 3807 1557 3859 creaturam,
1617 3795 1711 3850 sed
1771 3795 1975 3864 prolem
2032 3808 2095 3846 ex

530 3891 826 3943 substantia
881 3905 1038 3956 esse;
1099 3890 1227 3944 item
1290 3890 1467 3943 Patris
1532 3891 1914 3954 substantiam,
1974 3888 2098 3942 Filii

524 3981 871 4050 principium,
907 3983 1146 4037 radicem
1178 3993 1232 4037 et
1264 3983 1464 4037 fontem
1490 3999 1634 4046 esse,
1666 3998 1789 4037 cum
1824 3982 1951 4036 item
1995 3980 2097 4034 sibi

522 4070 772 4126 faverent
827 4073 1061 4142 Dionysii
1125 4073 1411 4140 exempla,
1469 4072 1632 4127 fontis
1694 4072 1903 4126 scilicet
1971 4085 2096 4133 vox,

522 4167 576 4211 et
615 4161 1091 4216 consubstantialis
1119 4163 1398 4227 defensio,
1451 4173 1503 4217 et
1533 4172 1658 4218 ante
1700 4165 1802 4217 ista
1840 4180 1941 4217 vox
1974 4162 2092 4217 Sal-

2133 2856 2174 2912 C

2207 1642 2305 1694 μος
2339 1623 2706 1692 πνευματικός
2754 1625 2870 1675 ἐστι
2901 1639 2914 1653 ·
2953 1641 2971 1672 ι
3007 1622 3121 1683 καὶ,
3186 1639 3203 1670 ι
3251 1621 3307 1672 ὐ
3359 1621 3510 1690 νόμος
3555 1618 3730 1687 ἆγιος,›

2204 1717 2318 1778 καὶ,
2351 1735 2368 1766 ι
2414 1717 2477 1768 'll
2504 1715 2690 1785 ἐντολὴ
2740 1715 2886 1783 ἁγία,
2925 1716 3019 1768 καὶ
3042 1714 3246 1776 δικαία,
3281 1713 3372 1764 καὶ
3410 1711 3623 1781 ἀγαθή»
3657 1713 3736 1764 καὶ

2208 1807 2325 1876 μετ’
2359 1806 2555 1874 ὀλίγον·
2613 1825 2631 1856 ι
2665 1806 2737 1858 Τὸ
2791 1806 2899 1875 γὰρ
2955 1803 3214 1857 ἀδύνατον
3267 1801 3360 1854 τοῦ
3418 1801 3592 1870 νόμου,
3633 1793 3738 1866 ἐνῷ

2204 1898 2474 1967 ήσθένειί
2520 1897 2791 1966 Ἑϐραίοις
2837 1898 2893 1948 δὲ
2935 1896 3191 1966 ἔγραφεν·
3227 1913 3245 1944 ι
3297 1894 3353 1946 Ὁ
3385 1893 3538 1962 νόμος
3579 1891 3738 1944 οὐδένα

2202 1987 2572 2038 τετελείωκε·ι
2621 1985 2716 2037 καὶ
2764 1985 3029 2045 Γαλάταις
3063 1984 3182 2053 μὲν,
3245 2001 3262 2030 ι
3316 1981 3401 2032 Ἐν
3428 1980 3568 2052 νόμῳ
3593 1976 3738 2037 οὐδεὶς

2203 2075 2523 2129 δικαιοῦται·
2553 2095 2571 2125 ι
2622 2074 2871 2145 Τιμοθέῳ
2929 2073 3004 2137 δὲ,
3036 2074 3117 2126 ὅτι
3153 2092 3170 2122 ι
3211 2071 3386 2133 Καλὸς
3409 2072 3436 2123 ό
3463 2070 3631 2138 νόμος,
3661 2067 3740 2117 ὲάν

2205 2185 2288 2229 τις
2314 2165 2463 2236 αὐτῷ
2512 2165 2758 2235 νομίμως
2794 2165 3009 2234 χρῆται·
3041 2183 3057 2213 ι
3097 2163 3192 2216 καὶ
3231 2163 3329 2215 οὐκ
3386 2161 3447 2213 ἄν
3477 2176 3554 2221 τις
3590 2156 3741 2209 αἰτιά-

2207 2275 2359 2310 σαιτο
2385 2256 2474 2308 τὸν
2495 2256 2647 2324 διγιον
2840 2255 2914 2317 ὡς
2947 2253 3166 2306 ἐναντία
3211 2253 3304 2306 καὶ
3328 2249 3592 2321 μαχόμενα
3623 2248 3741 2318 γράσ

2207 2348 2544 2418 φοντα,άλλὰ
2573 2347 2667 2400 καὶ
2699 2346 2896 2417 μᾶλλον
2922 2345 3253 2416 Θαυμάσειεν
3277 2341 3603 2413 ἁρμοζόντως
3630 2338 3743 2408 πρὸς

2207 2443 2469 2504 ἑκάστους
2494 2439 2894 2501 ἐπιστέλλοντα,
2940 2438 3028 2491 ἵνα
3082 2440 3130 2490 οἰ
3165 2437 3266 2506 μὲν
3298 2436 3546 2504 Ῥωμαῖοι
3592 2431 3681 2484 καὶ
3700 2430 3741 2482 oi

2207 2535 2355 2588 ἄλλοι
2385 2532 2624 2606 μάθωσιν
2654 2531 2769 2585 ἀπὸ·
2810 2529 2904 2583 τοῦ
2959 2529 3285 2602 γράμματος
3328 2524 3652 2597 ἐπιστρέφειν
3675 2524 3740 2584 εἰς

2206 2626 2266 2678 τὸ
2287 2625 2530 2695 Πνεῦμα·
2563 2626 2611 2677 οἰ
2643 2624 2700 2676 δὲ
2743 2622 2986 2691 Ἑϐραῖοι
3013 2623 3106 2675 καὶ
3161 2621 3398 2674 Γαλάται
3431 2615 3742 2676 παιδευθῶσι,

2211 2717 2285 2788 μὴ
2319 2718 2396 2779 εἰς
2422 2715 2514 2768 τὸν
2551 2715 2734 2786 νόμον,
2764 2714 2876 2768 ἀλλ’
2915 2715 2994 2776 εἰς
3025 2714 3115 2766 τὸν
3146 2715 3349 2783 Κύριον
3381 2710 3468 2763 τὸν
3509 2707 3742 2761 δεδωκότα

2206 2808 2296 2860 τὸν
2327 2808 2488 2878 νόμον
2544 2806 2686 2876 ἔχειν
2719 2805 2816 2869 τὰς
2857 2805 3074 2868 ἐλπίδας
3106 2822 3118 2835 ·
3158 2803 3329 2866 οὕτως
3379 2803 3425 2854 εἰ
3457 2797 3743 2870 ἀμφοτέρων

2205 2901 2310 2954 τῶν
2341 2900 2572 2953 συνόδων
2594 2901 2643 2951 οἱ
2673 2899 2912 2969 Πατέρες
2929 2897 3202 2966 διαφόρως
3230 2892 3616 2965 ἐμνημόνευσαν
3640 2888 3742 2957 περί

2205 2993 2298 3044 τοῦ
2325 2992 2631 3062 ὁμοουσίου,
2651 2991 2710 3043 οὐ
2739 2990 2842 3060 χρὴ
2868 2989 3081 3050 πάντως
3101 2989 3250 3056 ἡμᾶς
3273 2982 3604 3054 διαφέρεσθαι
3631 2979 3744 3048 πρὸς

2207 3082 2418 3143 αὐτοὺς,
2461 3080 2595 3132 ἀλλὰ
2625 3078 2723 3147 τὴν
2743 3078 2980 3131 διάνοιαν
3006 3075 3184 3128 αὐτῶν
3211 3075 3456 3144 ὲρευνᾷν,
3491 3068 3578 3123 καὶ
3630 3068 3743 3121 πάν·

2215 3172 2319 3214 τως
2342 3157 2650 3225 εὑρήσομεν
2667 3157 2990 3227 ἀμφοτέρων
3013 3157 3123 3209 τῶν
3150 3159 3384 3212 συνόδων
3405 3161 3500 3229 τὴν
3527 3159 3750 3227 ὁμόνοιαν

2213 3247 2274 3299 Ol
2309 3247 2406 3316 μὲν
2437 3249 2543 3317 γὰρ
2591 3249 2680 3301 τὸν
2713 3249 3036 3319 Σαμοσατέα
3067 3252 3387 3314 καθελόντες
3424 3252 3659 3320 εἰρήκασι
3686 3250 3750 3318 μή

2208 3334 2346 3390 εἶναι
2373 3340 2461 3391 τὸν
2505 3339 2737 3407 Χριστὸν
2765 3335 3050 3408 όμοούσιον
3069 3357 3083 3370 ·
3114 3343 3216 3396 οὐκ
3248 3343 3364 3395 ἔστι
3399 3343 3500 3412 γὰρ
3546 3341 3696 3404 οὕτως
3725 3341 3748 3390 ό

2208 3432 2333 3493 Υἱὸς
2362 3433 2497 3502 πρὸς
2535 3433 2624 3485 τὸν
2663 3433 2902 3502 Πατέρα,
2936 3433 3012 3495 ὡς
3058 3435 3265 3496 ἐκεῖνος
3308 3434 3474 3487 ἐνόει·
3507 3435 3553 3486 οἰ
3591 3431 3642 3484 δὲ
3664 3430 3746 3499 τήν

2215 3523 2502 3594 Ἀρειανήν
2555 3524 2766 3593 αἵρεσιν
2811 3524 3337 3592 ἀναθεματίσαντες,
3408 3524 3747 3592 Θεωρήσαντες

2203 3615 2304 3682 τὴν
2357 3613 2697 3684 πανουργίαν
2739 3613 2834 3665 τοῦ
2878 3615 3112 3677 Παύλου,
3160 3617 3258 3667 καὶ
3309 3616 3637 3682 λογισάμενοι
3684 3610 3746 3678 μή

2205 3702 2378 3765 οὕτως
2422 3705 2512 3756 καὶ
2570 3705 2664 3754 ἐπὶ
2713 3704 3200 3773 τῶνάσωμάτων,
3257 3707 3349 3758 καὶ
3403 3705 3622 3772 μάλιστα
3668 3701 3746 3752 ἐπὶ

2200 3793 2336 3846 Θεοῦ
2363 3797 2423 3846 τὸ
2463 3795 2516 3860 6,.
2538 3795 2746 3847 οούσιον
2793 3796 3172 3865 σημαίνεσθαι,
3210 3797 3564 3864 γινώσκοντες
3598 3811 3651 3847 τε
3679 3792 3744 3861 μὴ

2202 3885 2425 3954 κτίσμα,
2467 3885 2580 3937 ἀλλ’
2616 3890 2676 3938 ἐκ
2715 3885 2816 3954 τῆς
2853 3888 3041 3950 οὐσίας
3090 3890 3338 3957 γέννημα
3382 3884 3515 3940 εἶναι
3543 3889 3627 3937 τὸν
3652 3883 3742 3937 Λό-

2201 3995 2319 4044 γον,
2342 3979 2437 4032 καὶ
2461 3981 2556 4049 τὴν
2576 3981 2763 4033 οὐσίαν
2790 3981 2881 4032 τοῦ
2908 3981 3331 4051 Πατρὸςὰρχὴν,
3359 3983 3448 4034 καὶ
3473 3978 3637 4048 ῥίζαν,
3661 3974 3740 4029 καὶ

2202 4070 2384 4139 πηγὴν
2415 4064 2555 4122 εἰναι
2598 4069 2693 4123 τοῦ
2739 4070 2890 4133 Υἰοῦ,
2921 4071 3134 4140 ἔχοντες
3184 4072 3243 4124 δὲ
3279 4073 3369 4122 καὶ
3410 4073 3476 4121 τὰ
3507 4069 3605 4120 τῶν
3633 4065 3742 4134 περὶ

2203 4155 2476 4208 Διονύσιον
2500 4158 2932 4228 παραδείγματα,
2955 4161 3052 4232 τὴν
3077 4161 3256 4232 πηγὴν
3287 4165 3378 4215 καὶ
3410 4162 3502 4231 τὴν
3523 4161 3640 4229 περὶ
3666 4154 3744 4208 τοῦ

522 4249 728 4302 vatm-is
781 4250 938 4302 index
992 4250 1247 4314 unitatis,
1296 4270 1313 4301 ι
1350 4250 1462 4320 Ego
1507 4261 1556 4305 ct
1601 4250 1761 4304 Pater
1796 4268 1960 4304 unum
1995 4267 2086 4304 su-~

2206 4246 2488 4316 όμοουσίου
2511 4248 2825 4316 ἀπολογίαν,
2877 4251 2982 4320 πρὸ
3010 4252 3066 4304 δὲ
3112 4252 3318 4305 τούτων
3350 4252 3446 4323 τήν
3474 4250 3560 4303 τοῦ
3589 4247 3744 4315 Σωτῆ·

523 4353 647 4391 mus
683 4340 702 4366 ⁷
724 4377 738 4401 ,
768 4357 785 4387 ι
820 4347 901 4404 et,
933 4358 951 4389 ι
977 4338 1077 4403 Qui
1108 4341 1240 4393 vidit
1266 4357 1350 4396 me
1387 4343 1518 4396 Vidit
1537 4351 1590 4396 et
1616 4341 1829 4395 Patrem
1868 4342 1917 4394 δε
1945 4359 1965 4392 ι
2007 4357 2090 4406 ca,

499 4427 771 4505 ‘inquam,
823 4429 885 4480 de
934 4444 1123 4493 causa,
1147 4430 1268 4497 jure
1293 4441 1347 4485 et
1386 4433 1485 4501 ipsi
1510 4431 1705 4486 Filium
1730 4433 2091 4486 consubstan-

496 4511 705 4569 ‘tialem
734 4516 1008 4573 dixerunt.
1039 4517 1104 4572 Et
1135 4522 1298 4579 sicut.
1325 4532 1383 4574 ut
1411 4538 1571 4590 supra
1597 4522 1730 4582 dixi,
1766 4535 1926 4574 nemo
1949 4522 2093 4587 Apo-

498 4596 721 4676 V'stolum
755 4609 1053 4678 culpaverit
1081 4613 1224 4680 quod
1262 4612 1328 4664 de
1351 4613 1465 4682 lege
1493 4611 1751 4664 Romanis
1783 4611 1886 4664 hoc
1911 4611 2090 4673 modo,

524 4697 764 4754 llehreeis
795 4701 900 4756 alio
926 4703 1226 4772 scripserit,
1261 4704 1340 4757 sie
1376 4718 1473 4756 nec
1516 4704 1797 4770 praesentis
1834 4702 2092 4768 temporis

495 4779 769 4847 'homines
816 4794 1024 4862 priscos
1079 4795 1171 4848 illo
1217 4794 1484 4848 criminati
1531 4793 1750 4854 fuerint,
1796 4792 1839 4846 si
1898 4806 2089 4846 eorum

497 4874 868 4937 'cons‘dcrcnt
901 4884 1429 4954 interpretationem;
1459 4898 1632 4952 neque
1651 4883 1813 4950 prisci
1845 4891 2090 4951 posteros

522 4974 968 5044 reprehenderint
991 4978 1034 5028 si
1059 4977 1340 5029 advertant
1361 4989 1466 5044 qua
1497 4975 1760 5029 sententia
1783 4983 1964 5042 etquo
1988 4989 2088 5026 usu

522 5070 592 5120 ita
623 5066 690 5118 de
725 5064 951 5118 Domino
978 5067 1335 5134 scripserunt.
1366 5065 1578 5120 Etenim
1600 5076 1829 5133 utraque
1850 5065 2090 5134 synodus

521 5172 587 5210 ex
629 5155 867 5224 legitima
909 5171 1073 5210 causa
1117 5157 1220 5210 hoc
1264 5156 1424 5212 modo
1473 5158 1598 5222 alia,
1627 5157 1737 5211 alio
1781 5157 1883 5210 alia
1913 5157 2090 5210 locuta

517 5255 620 5300 est.
670 5247 806 5300 Cum
855 5247 1000 5297 enim
1048 5244 1453 5300 Samosatensis
1496 5245 1692 5300 Filium
1727 5247 2088 5300 sentiretnon

518 5352 639 5391 esse
664 5345 789 5390 ante
821 5335 1068 5400 Mariam,
1099 5340 1190 5390 sed
1223 5339 1292 5390 ab
1317 5337 1404 5390 illa
1437 5338 1648 5391 initium
1672 5338 1963 5392 exsisteudi
1995 5351 2088 5391 ac-

519 5429 746 5498 cepissr,
784 5428 987 5484 idcirco
1016 5428 1256 5498 episcopi
1298 5438 1427 5482 tunc
1453 5430 1762 5498 congregati
1807 5429 1956 5482 ἱιιιιιιι
1998 5428 2091 5482 dc-

1190 5620 1209 5648 ²
1246 5617 1375 5674 ibid.
1435 5619 1519 5672 ιε.

1020 5689 1040 5718 ⁸
1069 5685 1225 5743 Joan.
1254 5706 1362 5752 xiv,
1395 5689 1443 5742 9.

600 5618 616 5649 ¹
648 5620 808 5673 Rom.
856 5633 950 5680 vn,
1008 5619 1091 5672 l4.

523 5687 545 5718 "
579 5687 735 5744 Joan.
772 5705 826 5752 x,
855 5687 944 5743 50.

1624 5621 1642 5650 ³
1686 5620 1842 5673 lium.
1874 5634 1991 5684 rm,
2018 5619 2068 5672 3.

2206 4352 2298 4407 ρος
2325 4339 2528 4406 ἑνοειδῆ
2565 4342 2766 4410 φωνήν·
2795 4359 2814 4391 ι
2857 4342 2994 4409 Ἐγὼ
3020 4343 3112 4395 καὶ
3171 4346 3199 4396 ό
3233 4345 3420 4414 Πατὴρ
3460 4343 3514 4395 ἐν
3549 4342 3740 4410 ἐσμεν»

2206 4427 2318 4490 καὶ,
2350 4445 2366 4477 ι
2402 4428 2459 4480 Ὀ
2484 4429 2743 4498 ἑωρακὼς
2769 4431 2868 4500 ἐμὲ
2899 4431 3106 4503 ἑώρακε
3143 4434 3232 4486 τὸν
3261 4435 3493 4505 Πατέρα·
3533 4451 3549 4483 ι
3581 4429 3744 4482 τούτο)

2204 4518 2385 4570 ἕνεκεν
2438 4521 2659 4582 εἰκότως
2716 4522 2968 4590 εἰρήκασι
3021 4524 3112 4576 καὶ
3165 4525 3319 4576 αὐτοὶ
3359 4523 3626 4593 όμοούσιον
3669 4518 3745 4569 τὸν

2206 4609 2349 4661 Υἰόν.
2385 4611 2494 4662 Καὶ
2512 4610 2719 4680 ὥσπερ,
2768 4613 2909 4665 καΟὰ
2937 4617 3214 4684 προεῖπον,
3251 4615 3351 4667 οὐκ
3396 4616 3459 4667 ἄν
3492 4630 3570 4675 τις
3596 4607 3744 4663 αἰτιά-

2205 4715 2354 4753 σαιτο
2376 4701 2465 4752 τὸν
2509 4702 2846 4766 ’Λπόστολον,
2884 4706 2931 4755 εἰ
2978 4706 3103 4775 περὶ
3139 4704 3230 4757 τοῦ
3266 4706 3429 4774 νόμου
3487 4698 3742 4771 Ῥωμαίοις

2205 4793 2301 4862 μὲν
2329 4791 2521 4855 οὕτως,
2557 4793 2824 4862 Ἑϐραίοις
2880 4796 2938 4848 δὲ
2987 4795 3159 4859 οὕτως
3203 4796 3430 4867 ἔγραψε·
3495 4795 3576 4845 τὸν
3605 4786 3742 4843 αὑτὸν

2200 4885 2397 4955 τρόπον
2423 4884 2544 4937 οὔτε
2573 4888 2621 4938 οἰ
2652 4886 2747 4939 νῦν
2775 4889 2888 4950 τοῖς
2931 4889 3216 4959 προτέροις
3260 4888 3618 4956 ἐγκαλέσαιεν,
3642 4878 3741 4950 βλέ-

2201 4994 2389 5040 ποντες
2417 4977 2594 5030 αὐτῶν
2623 4978 2717 5048 τὴν
2767 4979 3077 5050 ἑρμηνείαν·
3103 4979 3226 5033 οὔτε
3258 4982 3307 5032 οἱ
3356 4979 3597 5048 πρότεροι
3635 4971 3740 5030 τοὺς

2207 5071 2325 5139 μετ’
2354 5070 2550 5132 αὐτοὺς
2602 5069 3004 5140 μέμψαιντ’ἂν,
3055 5072 3289 5141 ὁρῶντες
3337 5069 3432 5140 τὴν
3481 5061 3739 5137 ἑρμηνείαν

2200 5160 2397 5224 αὐτῶν,
2429 5163 2522 5214 καὶ
2556 5161 2652 5232 τὴν
2704 5162 2891 5232 χρείαν
2925 5162 2992 5215 δι’
3030 5162 3096 5233 ἢν
3141 5163 3313 5226 οὕτως
3363 5159 3592 5230 ἔγραψαν
3633 5149 3738 5220 περὶ

2201 5253 2293 5306 τοῦ
2324 5253 2547 5324 Κυρίου.
2579 5255 2688 5306 Καὶ
2737 5255 2849 5325 γὰρ
2879 5254 2974 5307 καὶ
3010 5255 3108 5326 τὴν
3165 5255 3344 5308 αἰτίαν
3399 5251 3590 5317 ἑκάστη
3630 5243 3734 5296 σύν-

2200 5343 2315 5406 οδος
2336 5343 2446 5413 (Μ)
2485 5343 2702 5412 εὓλογον
2729 5344 2862 5414 ἔχει,
2895 5345 2960 5398 δι’
2993 5346 3058 5416 ἢν
3091 5348 3139 5399 οἰ
3169 5346 3265 5416 μὲν
3298 5344 3483 5406 οὕτως,
3521 5341 3566 5391 οἱ
3589 5337 3638 5388 δὲ
3663 5331 3737 5383 οὖ-

2201 5453 2306 5497 τως
2335 5436 2635 5505 εἰρήκασιν.
2675 5435 2893 5506 Ἐπειδὴ
2950 5436 3058 5507 γὰρ
3103 5439 3130 5488 ὁ
3181 5433 3519 5505 Σαμοσατεὺς
3552 5423 3734 5496 ἐφρόνει

3348 5614 3408 5668 ⁸1
3452 5612 3578 5665 Tim.
3623 5621 3653 5668 I.
3678 5600 3721 5655 8-

2175 5617 2196 5648 ⁵
2230 5615 2392 5671 Hebr.
2442 5631 2537 5682 vn,
2604 5615 2689 5670 19.
2792 5619 2812 5649 '
2852 5618 3024 5674 Galat.
3079 5636 3165 5686 ιιι,
3202 5618 3249 5672 l.
