4032 6288
387 363 485 427 ιη

1342 363 1725 424 PANOPLIA
1772 363 2239 427 DOGMATICA.
2270 388 2341 400 ·-
2371 364 2520 424 ΤΙΤ.
2561 360 2669 422 XI.

3521 356 3624 419 478

386 483 458 555 μὴ
484 476 623 535 εἶναι
656 479 765 551 πρὸ
813 478 1035 549 Μαρίας
1066 478 1159 533 τὸν
1184 478 1331 548 Υἰὸν,
1367 479 1481 534 ἀλλ’
1525 477 1618 533 ἀπ’
1648 479 1817 549 αὐτῆς
1845 480 1946 550 ἀρ-

2058 489 2378 550 posucrunt.
2421 488 2475 532 et
2515 476 2829 533 haereticum
2867 473 3243 530 declararunt:
3274 473 3341 529 de
3373 472 3495 528 Filii
3524 490 3623 528 anu

381 576 477 645 χὴν
524 571 817 640 ἐσχηκέναι
876 570 972 622 τοῦ
1032 566 1187 631 εἶναι,
1238 568 1432 653 τοῦτου
1482 568 1673 622 ἕνεκεν
1730 570 1777 621 οἱ
1828 569 1947 620 τότε

380 664 753 727 σδνελθόντετ,
808 660 1056 715 καθεῖλον
1121 660 1220 731 μὲν
1288 661 1450 713 αὐτὸν
1510 660 1602 713 καὶ
1671 660 1948 728 αἱρετικὸν

376 757 698 825 ἀπέφηναν·
755 755 882 824 περὶ
911 753 968 805 δὲ
1006 752 1105 821 τῆς
1131 751 1225 804 τοῦ
1270 752 1400 805 Υίοῦ
1454 752 1704 821 θεότητος
1745 753 1947 805 ἁπλού-

375 864 564 917 στερον
591 845 921 915 γράφοντες,
949 844 1010 896 οὐ
1039 844 1396 911 κατεγένοντο
1428 846 1557 914 περὶ
1581 849 1678 913 τὴν
1701 846 1794 896 τοῦ
1821 846 1949 912 ὁμο-

370 940 553 991 ουσίου
605 936 918 1008 ἀκρίϐειαν.
950 935 1061 1005 Τὴν
1110 935 1369 1005 φροντίδα
1421 934 1526 1005 γὰρ
1575 931 1719 1007 εἶχον
1749 938 1954 995 πᾶσαν.

367 1028 501 1098 ἔπερ
526 1026 824 1096 ἐπενόησεν
867 1025 896 1077 ὁ
958 1025 1327 1094 Σαμοσατεὺς,
1362 1022 1592 1085 ἀνελεῖν,
1654 1023 1748 1075 καὶ
1780 1024 1949 1089 δεῖξαι

367 1115 473 1187 πρὸ
504 1116 724 1170 πάντων
759 1110 899 1170 εἶναι
920 1115 1011 1168 τὸν
1028 1115 1176 1178 Υίὸν,
1203 1115 1294 1168 καὶ
1326 1114 1410 1167 ὅτι
1435 1116 1533 1169 οὐκ
1564 1114 1620 1182 ἐξ
1649 1115 1948 1189 ἀνθρώπων

367 1204 557 1274 γέγονε
595 1203 751 1268 Θεὸς,
793 1203 948 1270 ἀλλά,
979 1204 1110 1267 Θεὸς
1136 1203 1232 1268 ὢν,
1275 1204 1563 1258 ἐνεδύσατο
1601 1204 1787 1258 δούλου
1820 1223 1951 1277 μορ-

365 1299 493 1367 φὴν,
523 1293 619 1346 καὶ
643 1293 816 1361 Λόγος
843 1293 937 1357 ὢν,
961 1293 1150 1360 γέγονε
1197 1290 1354 1363 σὰρξ,
1409 1293 1485 1355 ὡς
1530 1291 1681 1346 εἶπεν
1708 1295 1736 1346 ὁ
1771 1294 1951 1347 Ἰωάν-

363 1403 484 1456 νης·
514 1384 610 1439 καὶ
630 1382 775 1438 οὕτω
798 1384 896 1453 μὲν
930 1383 1069 1436 κατά
1102 1383 1202 1453 τῆς
1362 1382 1711 1455 βλασφημίας
1739 1384 1947 1438 Παύλου

366 1478 701 1551 πέπρακται.
749 1477 964 1548 Ἐπειδὴ
1014 1477 1070 1531 δὲ
1118 1478 1212 1530 καὶ
1269 1477 1319 1529 οἱ
1376 1478 1505 1548 περὶ
1564 1478 1819 1531 Εὑσέϐιον
1855 1480 1950 1531 καλ⁹

369 1568 588 1641 Ἄρειον
612 1569 719 1641 πρὸ
762 1568 968 1640 χρόνων
997 1568 1097 1638 μὲν
1149 1564 1287 1621 εἶναι
1332 1568 1423 1621 τὸν
1452 1568 1581 1621 Υἱδν
1618 1568 1822 1636 ἔλεγον,
1856 1588 1951 1623 πε-

366 1653 625 1723 ποιῆσθαι
658 1652 860 1724 μέντοι,
895 1653 988 1707 καὶ
1011 1652 1108 1706 ἕνα
1142 1652 1250 1705 τῶν
1292 1652 1607 1723 κτισμάτων
1643 1654 1804 1707 αὐτὸν
1841 1654 1950 1707 ἐδί-

364 1744 584 1806 δασκον,
617 1743 715 1797 καὶ
738 1744 820 1807 τὸ,
848 1745 912 1796 ἐκ
935 1743 1026 1796 τοῦ
1052 1743 1208 1807 Θεοῦ,
1255 1745 1353 1814 οὐχ
1383 1743 1459 1807 ὠς
1492 1743 1621 1797 Υἱὸν
1643 1744 1706 1797 ἐκ
1735 1745 1951 1816 Πατρὸς

362 1838 609 1905 γνήσιον,
644 1835 947 1888 ἐπίστευον-
977 1834 1090 1887 ἀλλ’
1117 1835 1191 1898 ὡς
1221 1834 1291 1887 τὰ
1342 1835 1636 1905 κτίσματα·
1669 1834 1767 1888 οὔτ
1814 1833 1954 1887 οὕτω
1979 1871 2021 1926 Β

362 1926 460 1980 καὶ
497 1928 585 1979 ἐπ’
621 1925 786 1978 αὐτοῦ
816 1926 877 1978 τὸ
924 1926 987 1977 ὲκ
1037 1925 1130 1978 τοῦ
1183 1925 1317 1978 Θεοῦ
1349 1921 1487 1978 εἶναι
1532 1925 1948 1980 διεϐεϐαιοῦντοο

362 2018 462 2087 τήν
490 2032 554 2069 τε
608 2016 709 2085 τῆς
750 2016 1061 2085 ὁμοιώσεως
1095 2014 1319 2085 ἑνότητα
1370 2015 1463 2067 τοῦ
1509 2014 1638 2068 Υίοῦ
1815 2016 1950 2087 πρὸς

362 2107 453 2159 τὸν
478 2105 706 2176 Πατέρα
741 2106 839 2159 οὐκ
877 2105 1060 2175 ἔλεγον
1094 2104 1234 2157 κατά
1274 2106 1371 2176 τὴν
1398 2105 1604 2170 οὐσίαν,
1650 2093 1767 2160 οὐδὲ
1809 2106 1949 2161 κατά

361 2196 460 2266 τὴν
501 2195 690 2265 φύσιν,
717 2196 792 2258 ὡς
819 2195 963 2249 ἔστιν
989 2195 1103 2258 υίὸς
1133 2195 1315 2264 ὅμοιος
1337 2194 1533 2266 Πατρὶ,
1578 2194 1712 2248 ἀλλά
1735 2195 1821 2248 διὰ
1851 2196 1949 2267 τὴν

365 2287 693 2357 συμφωνίαν
724 2286 832 2339 τῶν
854 2286 1138 2356 δογμάτων
1173 2285 1387 2353 καὶτῆς
1411 2284 1778 2348 διδασκαλίας
1816 2284 1951 2338 ἀλλά

362 2377 472 2449 γὰρ
496 2378 596 2430 καὶ
622 2375 999 2447 ἀπεσχοίνιζον
1030 2377 1124 2429 καὶ
1159 2374 1515 2440 ἀπεξενοῦντο
1672 2374 1950 2437 παντελῶς

362 2470 460 2541 τὴν
484 2469 683 2521 οὐσίαν
703 2468 798 2521 τοῦ
836 2466 960 2520 Υίοῦ
981 2469 1088 2521 ἀπὸ
1113 2469 1205 2521 τοῦ
1238 2469 1449 2540 Πατρὸς
1467 2508 1482 2529 ,
1533 2467 1726 2538 ἑτέραν
1777 2466 1949 2536 ἀρχὴν

362 2557 516 2627 αὐτῷ
547 2556 645 2609 τοῦ
677 2552 817 2609 εἶναι
862 2556 1010 2630 παρά
1039 2556 1128 2610 τὸν
1193 2557 1405 2627 πατέρα
1577 2552 1910 2618 ἐπινοοῦντες
1930 2591 1946 2617 ,

366 2649 459 2701 καὶ
487 2648 576 2711 είς
600 2648 672 2701 τὰ
694 2648 964 2718 κτίσματα
993 2648 1390 2718 καταφέροντες
1417 2645 1599 2700 αὐτόν’
1627 2643 1819 2698 τούτου
1850 2643 1952 2715 χάο

368 2756 451 2810 ριν
470 2741 526 2793 οἱ
557 2743 617 2793 ὲν
644 2739 849 2808 Νικαίᾳ
882 2737 1245 2802 συνελθόντες,
1272 2738 1645 2810 θεωρήσαντες
1674 2737 1772 2808 τὴν
1810 2753 1947 2790 παν-

363 2829 601 2899 ουργίαν
656 2827 767 2880 τῶν
797 2824 939 2880 οὕτω
993 2825 1356 2897 φρονούντων,
1400 2825 1492 2877 καὶ
1708 2839 1948 2891 συναγα-

365 2920 563 2988 γόντες
597 2920 665 2971 ἐκ
689 2916 799 2971 τῶν
822 2916 1049 2988 Γραφῶν
1074 2916 1171 2986 τὴν
1192 2917 1448 2978 διάνοιαν,
1469 2915 1786 2986 λευκότερον
1812 2915 1951 2985 γρά-

366 3027 587 3080 φοντες,
612 3010 866 3080 εἰρήκασι
908 3009 970 3061 τὸ
1024 3009 1323 3077 ὀμοούσιον·
1360 3008 1449 3060 ἵνα
1507 3006 1600 3059 καὶ
1631 3004 1692 3058 τὸ
1731 3005 1949 3075 γνήσιον

366 3099 592 3172 ἀληθῶς
614 3102 681 3152 ὲκ
703 3099 891 3152 τούτου
920 3098 1135 3170 γνωσθῇ
1158 3097 1252 3151 τοῦ
1278 3096 1428 3159 Υἱοῦ,
1457 3097 1550 3150 καὶ
1583 3095 1747 3166 μηδὲν
1775 3093 1950 3147 κοινὸν

366 3191 464 3262 ἔχῃ
498 3190 646 3262 πρὸς
670 3187 855 3243 τοῦτον
875 3189 945 3243 τὰ
967 3189 1191 3260 γενητά.
1374 3189 1436 3241 Ἦ
1483 3187 1589 3258 γὰρ
1619 3187 1716 3257 τῆς
1755 3184 1952 3248 λέξεως

366 3282 582 3350 τιύτης
602 3281 855 3352 ἀκρίϐεια
876 3283 976 3353 τήν
1006 3299 1067 3334 τε
1092 3281 1378 3352 ὑπόκρισιν
1400 3279 1596 3337 αὐτῶν,
1625 3277 1719 3331 ἐὰν
1749 3276 1949 3344 λέγωσι

365 3388 446 3452 sb,
478 3388 553 3439 ὲκ
579 3386 676 3437 τοῦ
700 3382 858 3447 Θεοῦ,
887 3384 1071 3454 ῥητὸν,
1102 3382 1388 3451 διελέγχει,
1436 3382 1531 3434 καὶ
1564 3379 1743 3442 πάσας
1776 3377 1953 3431 αὐτῶν

366 3482 463 3543 τὰς
487 3478 882 3545 πιθανότητας,
906 3475 963 3525 ἐν
980 3469 1065 3534 αἷς
1093 3471 1477 3542 ὑφαρπάζουσι
1496 3473 1621 3533 τοὺς
1641 3469 1954 3539 ἀκεραίους,

370 3570 655 3626 ἐκϐάλλει.
688 3568 870 3621 Πάντα
905 3565 1035 3633 γοῦν
1067 3562 1355 3631 δυνάμενοι
1384 3562 1701 3629 σοφίζεσθαι
1736 3560 1828 3614 καὶ
1861 3578 1953 3629 με-

371 3663 646 3727 ταποιεῖν,
673 3660 751 3722 ὡς
790 3658 1021 3720 θέλουσι,
1068 3654 1274 3721 ταύτην
1327 3653 1495 3722 μόνην
1543 3652 1640 3720 τὴν
1684 3651 1848 3717 λέξιν,
1881 3652 1956 3716 ὡς

2059 582 2163 626 tem
2199 574 2481 627 divinitate
2511 588 2631 627 cum
2665 569 2963 640 simplicius
3006 568 3323 633 scriberent,
3365 567 3431 621 ad
3464 582 3623 622 accn-

2057 674 2222 717 ratam
2257 662 2734 719 consubsmntialis
2764 661 3261 728 interpretationem
3318 673 3423 711 non
3459 658 3625 711 devc-

2053 763 2274 806 urrunt.
2308 752 2440 806 Tota
2473 754 2617 806 enim
2672 768 2861 806 eorum
2906 768 3032 805 cura
3070 751 3121 803 in
3161 766 3227 803 co
3275 749 3445 819 posita
3483 761 3621 813 eral,

2056 854 2112 897 ut
2134 848 2274 914 quod
2303 846 2341 899 S
2361 847 2702 899 unosatensis
2727 854 3066 899 commentus
3094 844 3268 898 fuerat
3291 853 3618 904 everterem,

2053 945 2107 990 et
2136 947 2261 990 ante
2289 938 2467 991 omnia
2496 936 2694 991 Filium
2722 951 2839 990 esse
2869 936 3231 994 declararent,
3263 948 3496 1003 cumque
3528 948 3623 988 ne-

2047 1040 2321 1095 quaquam
2369 1041 2434 1077 εκ
2483 1023 2699 1077 homine
2746 1021 2911 1075 Deum
2950 1020 3148 1075 factum
3186 1036 3324 1085 esse,
3352 1021 3443 1075 sed
3481 1020 3621 1077 Dens

2048 1135 2172 1172 cum
2206 1125 2371 1177 esset,
2405 1114 2636 1169 formam
2663 1113 2805 1168 servi
2843 1112 3086 1166 induisse
3109 1153 3123 1175 ,
3156 1120 3352 1166 etcum
3382 1112 3616 1166 Verbum

2012 1184 2210 1299 .csset,
2242 1208 2443 1263 factum
2475 1221 2714 1267 carnem,
2744 1212 2803 1257 ut
2826 1203 2898 1258 ait
2930 1201 3192 1266 Joannes,
3227 1213 3389 1271 atque
3416 1205 3486 1257 ita
3523 1204 3617 1256 att-

2051 1317 2240 1355 versus
2276 1299 2429 1353 Pauli
2473 1284 2861 1364 blasphemiam
2916 1304 3094 1348 actum
3130 1296 3393 1348 est.(1um
3440 1307 3618 1347 autem

2050 1390 2341 1445 Eusebiani
2387 1399 2440 1444 et
2469 1390 2677 1453 Ariani,
2703 1397 2828 1441 ante
2881 1395 3124 1454 tempora
3164 1385 3381 1453 quidem
3426 1384 3620 1439 Filium

2044 1482 2220 1537 fuisse
2262 1483 2522 1547 dicerent,
2567 1481 2769 1536 factum
2816 1488 2994 1534 tamen
3045 1477 3234 1541 lui~se,
3280 1494 3343 1533 ac
3389 1493 3550 1531 unam
3590 1493 3621 1531 e

2050 1575 2317 1629 creaturis
2360 1590 2481 1629 cum
2516 1589 2637 1649 esse
2669 1573 2946 1636 docerent,
2989 1579 3043 1625 et
3076 1571 3228 1635 illud,
3256 1587 3322 1624 ex
3357 1570 3486 1634 Deo,
3511 1585 3619 1650 non

2048 1658 2240 1714 Filium
2266 1677 2328 1715 ex
2357 1661 2516 1715 Patre
2544 1661 2837 1731 genuinum
2865 1674 2987 1713 esse
3010 1658 3329 1724 crederent;
3359 1659 3450 1714 sed
3479 1669 3620 1714 sicut

2049 1760 2348 1816 creaturas,
2373 1753 2443 1805 ita
2461 1766 2586 1806 eum
2611 1750 2942 1806 afﬁrmarent
2959 1766 3020 1803 ea
3041 1749 3148 1804 Deo
3176 1765 3295 1805 esse
3317 1769 3329 1804 :
3355 1752 3617 1805 unitatem

2049 1851 2228 1895 autem
2249 1842 2623 1897 similitudinis
2641 1840 2760 1895 Filii
2784 1857 2905 1896 cum
2931 1842 3088 1896 Patre
3105 1841 3348 1895 dicerent
3368 1856 3474 1895 non
3500 1856 3619 1896 esse

2050 1930 2346 1985 secundum
2571 1931 2957 1997 substantiam,
2985 1946 3085 1985 nec
3116 1933 3415 1985 secundum
3464 1940 3619 1984 natu-

2050 2035 2188 2083 ram,
2219 2021 2676 2090 quemadmodum
2712 2020 2856 2077 ﬁlius
2886 2031 2967 2076 est
2992 2023 3131 2091 patri
3171 2021 3388 2084 similis,
3413 2021 3507 2076 sed
3550 2021 3620 2075 ob

2050 2096 2231 2165 solum.
2280 2112 2593 2181 dogmatum
2649 2110 3017 2182 doctrinaeque
3081 2126 3449 2167 consensum:
3508 2111 3618 2165 imo

2049 2217 2171 2256 cum
2204 2200 2567 2255 substantiam
2594 2198 2717 2253 Filii
2749 2215 2778 2254 a
2821 2199 2983 2255 Patre
3016 2202 3239 2255 omnino
3301 2210 3617 2271 separarent

2049 2301 2100 2347 ct
2133 2292 2455 2358 alienarem,
2488 2291 2767 2345 diversum
2809 2306 2839 2345 a
2869 2289 3030 2345 Patre
3059 2291 3275 2345 initium
3315 2291 3492 2360 ipsutn
3522 2293 3616 2346 ha-

2050 2384 2177 2438 bere
2202 2384 2515 2449 commenti,
2545 2383 2610 2437 ad
2636 2394 3027 2453 creaturasque
3055 2398 3177 2437 eum
3210 2383 3570 2453 deprimentcs
3600 2403 3613 2438 :

2049 2477 2173 2531 ideo
2202 2474 2297 2545 qui
2325 2472 2518 2529 Nicaeae
2563 2474 2878 2545 congregati
2901 2482 3094 2537 erant,
3154 2488 3343 2527 eorum
3391 2474 3485 2543 qui
3541 2475 3615 2528 ita

2049 2568 2313 2623 sentirent
2371 2566 2643 2622 vafritiem
2707 2564 3042 2634 conspicati,
3098 2564 3616 2634 Scripturarumquc

2049 2671 2231 2714 mente
2271 2659 2521 2723 collecta,
2558 2657 2820 2727 liquidius
2859 2657 3131 2727 scripsere
3175 2656 3613 2712 consubstantia-

2052 2749 2155 2804 lem
2186 2764 2309 2803 eum
2337 2763 2459 2803 esse
2486 2766 2502 2815 ;
2540 2755 2598 2801 ut
2621 2746 2749 2801 hinc
2773 2762 2900 2802 vera
2927 2757 2980 2802 et
3007 2746 3243 2816 genuina
3274 2746 3395 2800 Filii
3423 2758 3614 2801 natura

2049 2841 2332 2910 explorata
2361 2848 2528 2906 esset,
2561 2838 2850 2909 palamque
2884 2836 3025 2893 foret
3059 2837 3275 2906 opiﬁcia
3325 2837 3459 2891 nihil
3493 2853 3615 2892 cum

2049 2946 2115 2984 eo
2161 2943 2451 2983 commune
2507 2928 2727 2983 habere.
2785 2928 3053 2982 Accurata
3086 2925 3229 2980 enim
3264 2925 3429 2996 hujus
3470 2930 3616 2982 vocis

2049 3020 2211 3083 ratio,
2236 3034 2425 3074 eorum
2470 3020 2720 3089 coarguit
2756 3018 3159 3073 simulationem
3194 3031 3300 3085 qua
3332 3016 3470 3070 hanc
3496 3032 3607 3085 pro-

2052 3109 2234 3165 ferunt
2258 3124 2468 3176 vocem,
2493 3123 2559 3163 ex
2587 3107 2717 3175 Deo,
2751 3120 3050 3175 omnesque
3079 3118 3267 3159 eorum
3308 3103 3373 3159 ad
3406 3104 3615 3173 simpli-

1981 3238 2024 3294 Ο
2049 3203 2227 3258 ciores
2256 3201 2598 3258 scducendos
2623 3199 2866 3270 argutias
2889 3197 3107 3253 refellit.
3139 3195 3297 3250 Certe
3327 3211 3451 3250 cum
3492 3212 3616 3250 om-

2049 3296 2138 3352 nia
2165 3294 2376 3363 possint
2415 3308 2512 3362 pro
2563 3290 2788 3345 libidine
2821 3286 3253 3358 sephismatibus
3301 3286 3519 3341 eludere
3556 3302 3616 3340 ac

2055 3375 2399 3441 detorquere,
2449 3371 2589 3423 hanc
2618 3368 2788 3421 solam
2841 3380 3051 3428 vocem,
3088 3375 3275 3432 utpOte
3315 3376 3435 3430 quae
3471 3372 3623 3412 suam

2055 3464 2283 3518 haeresin
2311 3459 2573 3520 confutet.
2614 3458 3001 3523 reformidant;
3034 3469 3195 3525 quam
3237 3451 3444 3515 Patres,
3472 3451 3624 3519 quasi

2056 3552 2519 3624 propugnaculum
2580 3549 2841 3603 adversus
2896 3548 3117 3616 impiam
3172 3560 3385 3600 Omnem
3438 3554 3626 3596 eorum

2057 3649 2461 3719 cogitationem,
2490 3640 2883 3709 conscripsere.

372 3758 761 3825 διελέγχουσαν
788 3752 967 3805 αὐτῶν
991 3750 1092 3820 τὴν
1119 3749 1351 3821 αἵρεσιν,
1387 3748 1649 3801 δεδίασινο
1691 3746 1757 3819 ἢν
1778 3747 1827 3800 οἱ
1859 3743 2101 3815 Πατέρες
2133 3742 2319 3811 ὥσπερ
2348 3736 2705 3805 ἐπιτείχισμα
2743 3730 2881 3787 κατά
2914 3731 3093 3802 πάσης
3125 3730 3356 3788 ἀσεϐοῦς
3383 3730 3629 3794 ἐπινοίας

376 3849 567 3902 αὐτῶν
603 3845 868 3917 ἔγραψαν.
982 3886 995 3911 λ
1596 3894 1599 3897 .

444 3938 764 3995 Πεπαύσθω
810 3935 988 3989 τοίνυν
1021 3936 1171 3989 πᾶσα
1226 3933 1551 3996 φιλονεικία,
1603 3933 1696 3985 καὶ
1756 3930 1954 4000 μηκέτι

379 4016 819 4088 προσκόπτωμεν
882 4015 1064 4084 ἡμεῖς,
1114 4015 1163 4066 εἰ
1210 4011 1483 4081 διαφόρως
1538 4009 1886 4081 ὲξειλήφασιν
1912 4013 1973 4066 ατ

380 4107 593 4161 σύνοδοι
624 4105 722 4175 τὴν
753 4102 849 4160 τοῦ
909 4103 1193 4173 ὁμοουσίου
1237 4103 1401 4171 λέξιν.
1441 4105 1677 4174 Ἔχομεν
1854 4103 1961 4172 γὰρ

380 4203 458 4264 εἰς
486 4199 790 4266 ἀπολογίαν
818 4197 1072 4264 εὐλόγους
1096 4197 1227 4268 napi.
1258 4197 1438 4250 αὐτῶν
1470 4198 1670 4261 αἰτίας,
1704 4196 1803 4261 τὰς
1839 4213 1963 4268 προ-

383 4291 684 4364 ειρημένας
717 4289 838 4360 μὲν,
868 4289 960 4342 καὶ⁸
984 4287 1186 4358 ταύτην
1218 4288 1276 4341 δέ
1304 4305 1317 4319 ·
1359 4288 1420 4341 τὸ
1446 4288 1743 4359 ἀγέννητον
1769 4322 1785 4345 .
1919 4287 1969 4339 εἰ

387 4384 480 4435 καὶ
512 4381 589 4452 μὴ
613 4380 767 4452 παρᾶ
819 4379 927 4432 τῶν
970 4379 1200 4451 Γραφῶν
1250 4379 1669 4451 μεμαθήκαμεν,
1733 4375 1968 4449 οὐδαμοῦ

386 4474 495 4547 γάρ
527 4473 821 4542 ἀγέννητον
852 4470 942 4524 τὸν
969 4471 1099 4523 Θεὸν
1128 4472 1410 4541 εἰρήκασιν
1454 4471 1510 4522 αἱ
1552 4467 1787 4539 Γραφαὶ.
1821 4470 1969 4538 ὅμως

389 4564 580 4635 ἐπειδὴ
614 4565 711 4617 καὶ
746 4562 928 4615 πολλοὶ
965 4561 1073 4614 τῶν
1099 4561 1400 4615 δοκούντων
1434 4560 1846 4631 ἐμνημόνευσαν
1874 4554 1966 4612 τοῦ

2134 3932 2321 3983 cauet
2377 3939 2503 3993 ergo
2537 3928 2717 3980 omnis
2773 3925 3072 3979 contentio.
3106 3937 3205 3973 nec
3261 3920 3399 3972 ultra
3446 3918 3499 3971 in
3534 3928 3632 3970 nos

2065 4009 2257 4052 mutuo
2309 3998 2716 4069 impingamus,
2756 4000 3231 4069 disceptemusquc
3287 4014 3414 4052 num
3462 4000 3633 4056 variis

2071 4089 2244 4143 modis
2297 4090 2488 4157 synodi
2539 4089 3020 4145 consubstantialis
3069 4104 3256 4142 vocem
3304 4090 3614 4158 acceperint

2068 4179 2144 4233 Ad
2177 4179 2548 4234 defensionem
2580 4181 2723 4236 enim
2759 4180 3027 4248 legitimas
3051 4195 3249 4236 causas
3274 4195 3372 4250 pro
3404 4180 3471 4235 iis
3504 4181 3636 4235 alie—

2068 4272 2263 4326 rendas
2314 4271 2610 4336 habemus,
2660 4288 2784 4328 cum
2838 4288 3001 4342 supra
3046 4272 3254 4339 dictas,
3301 4280 3416 4326 tum
3469 4272 3632 4326 etiam
3692 4314 3697 4321 .

2069 4362 2226 4415 istam
2257 4379 2270 4415 :
2303 4377 2516 4430 nempe,
2554 4362 2681 4416 licet
2733 4362 2874 4415 hanc
2919 4376 3106 4416 vocem
3134 4399 3150 4424 ,
3186 4360 3483 4431 ingenitam
3511 4402 3526 4424 ,
3569 4376 3637 4415 ex

2070 4446 2368 4516 Scripturis
2400 4464 2506 4502 non
2555 4449 2931 4516 didicerimus,
2997 4465 3267 4518 nusquam
3310 4451 3455 4503 enim
3491 4449 3640 4504 Scri-

2068 4546 2239 4605 ptura:
2277 4536 2440 4590 Deum
2487 4538 2781 4607 ingenitum
2820 4539 3037 4604 dixere;
3068 4549 3310 4592 attamen
3349 4554 3473 4592 cum
3508 4541 3642 4592 mul-

382 4611 670 4726 ὀνόματος,
703 4654 1231 4723 φιλοπευστήσαντες
1263 4611 1505 4722 ἔγνωμεν
1541 4611 1623 4704 έτι
1686 4651 1780 4704 καὶ
1812 4650 1958 4705 τοῦτε

2071 4631 2104 4683 ti
2140 4630 2383 4700 praeclari
2421 4630 2518 4683 viri
2549 4631 2615 4684 de
2641 4631 2731 4683 illo
2758 4632 2979 4684 nomine
3010 4631 3337 4684 mentionem
3372 4628 3634 4694 fecerint,

387 4750 445 4802 τὸ
472 4749 646 4817 ὄνομα
671 4747 902 4816 διάφορα
928 4744 1042 4814 ἔχει
1089 4743 1159 4798 τὰ
1212 4745 1610 4815 σημαινόμενα⁶
1661 4744 1755 4797 καὶ
1788 4747 1836 4796 οἱ
1871 4744 1968 4814 μὲν

388 4841 445 4889 τδ
466 4837 527 4890 ὃν
551 4836 671 4907 μὲν,
706 4836 846 4907 μήτε
871 4834 927 4886 δὲ
948 4833 1225 4904 γεννηθὲν,
1262 4835 1398 4903 μήτε
1421 4833 1557 4896 ὅλως
1597 4832 1717 4903 ἕχον
1764 4832 1854 4886 τὸν
1885 4832 1970 4886 ai:—

390 4945 519 4993 τιον,
535 4928 787 4997 λέγουσιν
812 4928 1103 4995 ἀγέννητον
1138 4937 1155 4953 ·
1268 4923 1388 4977 οἶδὲ
1404 4923 1462 4977 τὸ
1481 4922 1929 4977 ἄκτιστον.Ὢσπε
1937 4941 1970 4995 ρ

391 5016 483 5073 οὖν
507 5020 713 5074 τούτων
739 5017 883 5072 οὕτω
945 5016 1380 5089 σημαινομένων,
1415 5017 1463 5068 εἰ
1495 5017 1524 5068 ὁ
1556 5015 1655 5085 μέν
1712 5032 1796 5078 τις
1832 5015 1967 5067 ἀπο-

394 5109 602 5164 ϐλέπων
618 5111 701 5173 είς
722 5108 785 5161 τὸ
812 5108 1076 5180 πρότερον
1122 5103 1537 5176 σημαινόμενον,
1580 5102 1661 5166 τὸ,
1723 5102 1799 5172 μὴ
1848 5100 1970 5171 ἔχον

393 5201 486 5255 τὸν
514 5203 708 5266 αἴτιον,
742 5200 896 5268 ἔλεγε
916 5200 1003 5270 ,μὴ
1062 5195 1204 5251 εἶναι
1231 5194 1528 5263 ἀγέννητον
1703 5192 1795 5244 τὸν
1820 5191 1967 5255 Υἱὸν,

394 5291 495 5344 οὑκ
533 5291 600 5345 ἀν
639 5290 937 5362 κατηγόρει
992 5287 1204 5358 βλέπων
1253 5286 1437 5356 ἕτερον
1492 5282 1756 5353 βλέποντα
1781 5284 1859 5346 εἰς
1910 5283 1972 5336 τὸ

401 5381 477 5452 μὴ
504 5377 638 5436 εἶναι
667 5382 878 5453 ποίημα
904 5380 1040 5451 μηδὲ
1081 5381 1305 5449 κτίσμα,
1345 5375 1460 5429 ἀλλ’
1489 5375 1656 5429 ἀΐδιον
1851 5374 1973 5443 γέν-

398 5487 563 5540 νημα,
597 5472 693 5526 καὶ
722 5472 951 5540 λέγοντα
982 5471 1276 5540 ἀγέννητον
1304 5469 1395 5522 τὸν
1445 5467 1593 5521 Υίόν.
1648 5465 1972 5537 Ἀμφότεροι

401 5559 508 5631 γάρ
533 5561 663 5633 πρὸς
688 5560 776 5615 τὸν
798 5561 935 5615 ἴδιον
964 5557 1163 5612 σκοπὸν
1212 5557 1466 5629 ὁρῶντες,
1518 5554 1700 5618 καλῶς
1754 5553 1971 5627 εἰρήκα-

406 5664 505 5700 σιν·
534 5650 701 5713 οὒτως
727 5652 776 5703 εἰ
820 5649 913 5702 xui.
941 5647 1048 5700 τῶν
1100 5648 1352 5718 Πατέρων
1378 5648 1426 5698 οἱ
1473 5644 1571 5715 μὲν
1616 5644 1808 5708 οὕτως,
1838 5646 1887 5697 οἱ
1915 5643 1975 5698 δὲ

404 5737 568 5804 οὕτως
588 5743 841 5809 εἰρήκασι
873 5741 1004 5810 περὶ
1022 5738 1114 5791 τοῦ
1143 5739 1449 5799 ὁαοουσίου,
1482 5738 1556 5807 μὴ
1582 5735 1973 5804 φιλονεικῶμεν

2066 4732 2321 4777 accurate
2352 4723 2418 4777 de
2449 4722 2541 4776 illo
2575 4722 2869 4787 sciscitati,
2903 4721 3226 4791 agnovimus
3279 4721 3383 4774 hoc
3436 4736 3636 4775 nomen

2066 4816 2278 4871 diversa
2312 4815 2620 4886 signiﬁcare
2651 4834 2662 4869 :
2693 4814 2782 4868 alii
2815 4812 2959 4868 enim
3001 4813 3154 4867 aiunt
3188 4811 3486 4881 ingenitum
3514 4827 3640 4866 esse

2068 4909 2118 4961 id
2142 4908 2283 4977 quod
2310 4907 2546 4973 exsistit,
2576 4921 2677 4960 nec
2713 4915 2891 4959 tamen
2919 4905 3160 4975 genitum
3187 4914 3289 4970 est,
3323 4920 3500 4975 neque
3523 4919 3643 4960 om-

2068 5002 2199 5053 nino
2231 5015 2452 5054 causam
2488 4999 2647 5053 habet
2679 5016 2692 5052 :
2725 4998 2814 5052 alii
2841 5013 2987 5065 vero,
3011 4997 3064 5051 id
3099 4998 3240 5069 quod
3264 5009 3504 5054 creatum
3530 5013 3639 5051 non

2067 5099 2167 5145 est.
2237 5089 2294 5144 Si
2340 5088 2467 5160 quis
2499 5090 2662 5160 igitur
2692 5089 2884 5144 harum
2916 5091 3370 5163 signiﬁcationum
3404 5091 3639 5160 priorem

2070 5181 2400 5248 respiciens,
2441 5195 2550 5248 qua
2606 5179 2928 5251 intelligitur
2970 5181 3271 5250 ingenitum
3325 5194 3446 5234 esse
3493 5179 3642 5248 quod

2070 5273 2273 5326 nuliam
2305 5272 2464 5327 habet
2492 5288 2714 5327 causam
2739 5313 2753 5337 ,
2785 5274 2987 5328 diceret
3019 5271 3215 5327 Filium
3253 5286 3359 5325 non
3389 5287 3508 5326 esse
3556 5273 3642 5326 in-

2071 5367 2309 5435 genitum
2338 5382 2352 5431 ;
2411 5380 2521 5419 non
2550 5365 2672 5419 ideo
2700 5365 2745 5419 si
2782 5379 2943 5433 quem
2977 5365 3324 5432 conspicatus
3351 5362 3463 5430 qui,
3486 5362 3640 5433 juxta

2072 5458 2398 5512 sententiam
2427 5472 2550 5528 quae
2581 5459 2656 5512 ait
2715 5459 2891 5527 ipsum
2920 5471 3019 5509 nec
3048 5455 3323 5526 opificium
3356 5469 3455 5510 nec
3496 5471 3646 5511 crea-

2075 5558 2250 5603 turam
2277 5591 2291 5616 ,
2324 5550 2417 5605 sed
2452 5558 2708 5604 aeternam
2740 5547 2947 5617 prolem
2983 5560 3104 5601 esse
3128 5586 3143 5612 ,
3179 5560 3303 5599 cum
3339 5545 3642 5615 ingenitum

2074 5643 2295 5707 diceret,
2326 5642 2473 5694 illum
2498 5650 2778 5709 propterea
2806 5639 3208 5693 criminaretur.
3241 5636 3476 5708 Uterque
3498 5641 3643 5695 enim

2078 5735 2224 5803 iuxta
2264 5733 2544 5804 proprium
2584 5747 2804 5800 scopum
2859 5732 3025 5799 probe
3080 5733 3289 5788 locutus
3335 5743 3504 5788 esset:
3569 5733 3641 5785 ita
