4102 6298
494 380 560 441 79
1680 372 1778 431 EU
1794 369 2066 430 IllYMlI
2103 363 2462 427 ZIGABENI

450 540 665 598 quoque
710 523 755 579 si
791 537 857 576 ex
915 519 1172 575 Patribus
1216 519 1306 572 alii
1347 517 1454 569 alio
1491 515 1653 569 modo
1689 515 1754 567 de
1789 513 2018 568 consub-

452 615 690 671 stantiali
721 613 884 667 locuti
918 619 1078 675 sunt,
1118 623 1185 662 ne
1216 606 1609 661 contendamus
1639 624 1653 658 :
1687 607 1778 659 sed
1809 606 1894 674 pie
1926 620 2016 658 eo-

454 723 573 761 rum
609 707 750 760 dicta
784 702 1147 769 excipiamus,
1205 697 1336 751 dum
1391 697 1630 751 maxime
1681 705 1793 751 toto
1843 697 2020 752 stuuio

454 799 639 870 pietati
671 809 888 865 operam
929 793 1215 846 dederunt.

641 885 876 954 lgnatius
929 891 1094 946 certe,
1143 883 1236 950 qui
1269 891 1391 951 post
1425 880 1697 949 apostolos
1725 879 2024 933 Antiochiae

455 979 742 1047 episcopus
793 974 1125 1029 constitutus
1157 981 1274 1035 est,
1331 973 1554 1040 ipseque
1588 980 1791 1039 martyr
1821 969 2022 1022 Christi

459 1072 578 1133 l'uit,
609 1069 674 1121 de
705 1066 931 1120 Domino
957 1064 1222 1125 scribens,
1248 1061 1383 1116 dixit
1437 1081 1450 1116 :
1568 1080 1585 1110 ι
1612 1059 1764 1114 Unus
1787 1061 2026 1112 medicus

459 1093 578 1133 lllll,
609 1093 674 1121 uc
705 1093 931 1120 υυιιιιιιυ
958 1093 1222 1125 οιιιυιῑιιδ,
1248 1093 1383 1116 unus
1437 1104 1450 1116 .
1568 1093 1585 1110 ι
1616 1093 1764 1114 unua
1787 1093 2024 1112 umunuua

443 1093 539 1226 Lst
570 1158 806 1214 carnalis
847 1165 901 1210 et
941 1155 1263 1224 spiritualis,
1292 1152 1466 1207 factus
1507 1164 1558 1208 et
1587 1170 1692 1206 non
1721 1153 1896 1205 factus
1919 1193 1932 1216 ,
1973 1152 2024 1203 in

441 1233 678 1324 {homine
710 1248 852 1301 Deus
876 1288 889 1309 ,
927 1247 981 1298 in
1018 1256 1191 1298 morte
1221 1244 1326 1296 vita
1359 1259 1481 1296 vera
1507 1283 1522 1308 ,
1553 1253 1605 1297 et
1651 1259 1716 1296 ex
1759 1242 1926 1294 Maria
1974 1250 2026 1293 et

2138 1255 2348 1326 γενητὸς
2382 1254 2473 1306 καὶ
2497 1253 2757 1321 ἀγένητος
2788 1290 2804 1313 ,

452 1358 525 1408 ex
559 1341 684 1391 Deo.
731 1356 749 1388 ι
789 1336 1019 1400 Quidam
1054 1342 1232 1386 autem
1268 1339 1388 1400 post
1430 1330 1691 1400 Ignatiuut
1723 1339 1776 1382 et
1810 1331 1907 1398 ipsi
1962 1345 2025 1381 ex

438 1421 736 1499 fniagistris
772 1429 970 1482 nostris
998 1429 1276 1481 scribunt:
1305 1446 1322 1476 ι
1351 1426 1525 1480 Unum
1556 1440 1659 1477 non
1696 1423 1895 1477 factum
1925 1431 2027 1487 est,

465 1524 672 1576 εεὶὶὲευῑ
712 1519 870 1572 Pater
901 1536 913 1570 ι
947 1526 998 1571 et
1036 1533 1175 1570 unus
1211 1533 1277 1569 ex
1326 1517 1446 1584 ipso
1494 1513 1663 1566 Filius
1713 1527 2027 1580 germanus,

467 1613 644 1681 proles
669 1627 814 1675 vera,
840 1608 1072 1662 Verbum
1107 1618 1160 1661 et
1187 1607 1462 1676 Sapientia
1491 1605 1689 1659 Patris.
1720 1623 1737 1654 ι
1763 1602 1819 1656 Si
1848 1604 2032 1671 itaque

470 1705 575 1757 illis
604 1703 762 1757 etiam
795 1702 1167 1764 adversamur,
1196 1699 1266 1752 sit
1290 1699 1447 1752 nobis
1470 1698 1754 1751 adversum
1797 1694 2033 1764 synodos

470 1810 686 1864 quoque
713 1804 1006 1848 certamen.
1054 1790 1212 1856 Quod
1246 1791 1289 1843 si
1325 1790 1476 1858 gnari
1508 1802 1696 1842 eorum
1731 1787 1785 1838 in
1815 1785 2034 1838 Christo

3609 347 3708 411 480

2047 515 2088 565 Α
2118 501 2296 569 ἡμεῖς,
2329 496 2441 548 ἀλλ’
2479 489 2715 552 εὐσεϐῶς
2748 489 2816 542 τὰ
2851 485 2976 556 παρ’
3007 483 3183 538 αὐτῶν
3236 479 3558 550 δεχώμεθα,
3609 479 3708 542 ἓως

2121 592 2350 662 μαλιστα
2386 587 2482 656 την
2517 581 2747 652 σπουδὴν
2768 576 2911 650 εἶχον
2940 580 3016 640 εἰς
3047 575 3352 630 εὐσέϐειαν.

2325 888 2578 958 Ἰγνάτιος
2611 880 2706 938 οὖν
2739 917 2755 942 ,
2903 884 2931 934 ὁ
2964 881 3102 952 μετὰ
3127 881 3252 942 τούς
3292 879 3638 938 ἀποστόλους
3661 881 3713 931 έν

2137 982 2430 1051 Ἀντιοχείᾳ.
2475 975 2831 1037 κατασταθεὶς
2883 973 3200 1034 ἐπίσκοπος,
3243 972 3344 1023 καὶ
3378 970 3596 1040 μάρτυς
3624 970 3712 1026 τοῦ

2125 1072 2355 1144 Χριστοῦ
2387 1070 2693 1138 γενόμενος,
2723 1066 2948 1136 γράφων
3004 1063 3131 1131 περὶ
3161 1061 3250 1112 τοῦ
3288 1061 3536 1132 Κυρίου,
3567 1062 3713 1130 εἰρη-

2127 1183 2238 1218 κεν·
2281 1183 2298 1214 ι
2333 1157 2424 1225 Εἷς
2483 1160 2661 1232 ἰατρός
2713 1160 2846 1222 ἐστι,
2897 1156 3153 1225 σαρκικὸς
3186 1154 3279 1205 καὶ
3316 1150 3709 1222 πνευματικὸς,

2954 1248 3011 1298 ἑν
3037 1245 3310 1314 ἀνθρώπῳ
3339 1243 3503 1305 Θεὸς,
3537 1246 3594 1296 ὲν
3623 1244 3713 1296 θα-

2127 1351 2270 1418 νάτῳ
2304 1346 2415 1416 ζωὴ
2444 1343 2690 1413 ἀληθινὴ,
2711 1342 2806 1394 καὶ
2836 1341 2900 1392 ἐκ
2928 1339 3146 1409 Μαρίας
3171 1337 3264 1389 καὶ
3288 1339 3357 1389 ἐκ
3395 1335 3559 1388 Θεοῦ.
3585 1355 3605 1386 ›
3625 1337 3712 1389 Τι-

2129 1442 2214 1502 νὲς
2243 1440 2297 1490 δὲ
2325 1438 2418 1490 καὶ
2459 1433 2566 1486 τῶν
2601 1431 2737 1502 μετὰ
2797 1430 3053 1497 Ἰγνάτιον
3083 1427 3398 1479 διδάσκαλοι
3441 1428 3538 1478 καὶ
3568 1427 3714 1478 αὐτοὶ

2128 1533 2446 1602 γράφουσιν⁸
2473 1546 2490 1578 ι
2517 1526 2612 1578 Ἓν
2638 1525 2697 1575 τὸ
2725 1523 2984 1592 ἀγένητον
3147 1521 3174 1571 ὁ
3208 1518 3429 1589 Πατὴρ,
3463 1519 3561 1570 καὶ¹
3589 1512 3665 1580 εἷς
3689 1521 3715 1571 ὁ

2131 1623 2189 1686 ἐξ
2211 1620 2370 1675 αὑτοῦ
2399 1617 2525 1680 Υἱὸς
2545 1617 2785 1686 γνήσιος,
2819 1614 3065 1681 γέννημα
3106 1608 3388 1680 ἀληθινὸν,
3427 1609 3602 1675 Λόγος
3629 1609 3715 1659 καὶ

2133 1697 2300 1781 Σοφία
2344 1710 2437 1763 τοῦ
2467 1707 2728 1778 Πατρός.)
2768 1707 2829 1757 Εἰ
2867 1705 2966 1773 μὲν
3026 1699 3117 1755 οὐν
3174 1703 3266 1754 καὶ
3315 1700 3463 1772 πρὸς
3500 1699 3715 1762 τούτους

2132 1803 2388 1865 ἐναντίως
2443 1799 2779 1870 διακείμεθα,
2815 1797 2953 1848 ἔστω
3007 1795 3102 1847 καὶ
3161 1793 3296 1863 πρὸς
3329 1793 3434 1855 τὰς
3470 1792 3712 1854 συνόδους

473 1889 628 1950 lidei,
665 1899 986 1956 persuasum
1029 1883 1290 1936 habemus
1321 1881 1537 1933 beatum
1572 1878 1733 1932 etiam
1769 1875 2034 1945 lgnatium

2138 1896 2315 1968 ήμῖνή
2349 1894 2514 1964 μάχη.
2551 1893 2613 1944 Εἰ
2651 1890 2726 1954 δὲ,
2773 1889 2872 1959 τὴν
2919 1891 2976 1940 ἐν
3015 1886 3236 1958 Χριστῷ
3291 1885 3486 1936 πίστιν
3543 1882 3711 1968 αὐτῶν

472 1992 618 2036 recte
647 1982 950 2048 scripsisse,
983 1995 1106 2032 cum
1145 1979 1294 2031 illiilli
1327 1978 1508 2031 carnis
1531 1990 1694 2030 causa
1728 1973 1927 2027 factum
1958 1969 2042 2024 di-

478 2073 550 2126 xit
599 2071 869 2141 (Christus
901 2070 1046 2123 enim
1078 2084 1207 2122 caro
1234 2067 1407 2122 factus
1433 2067 1561 2135 est),
1587 2076 1642 2120 et
1674 2063 2039 2125 non—factum,

476 2165 605 2231 quia
631 2178 743 2215 non
785 2177 850 2214 ex
877 2161 1106 2230 opiticiis
1131 2170 1182 2215 et
1231 2161 1392 2214 rebus
1425 2159 1578 2212 factis
1603 2166 1684 2212 est
1703 2198 1717 2220 ,
1745 2157 1838 2211 sed
1873 2153 2042 2208 Filius

477 2272 540 2305 ex
557 2253 716 2306 Patre
745 2268 756 2303 :
789 2269 885 2306 nec
917 2253 1230 2321 ignoramus
1253 2266 1346 2306 eos
1371 2268 1462 2320 qui
1489 2267 1653 2304 unum
1679 2258 2039 2309 non-tactum,

483 2347 691 2401 scilicet
907 2343 1113 2396 Patrem
1147 2344 1352 2407 dixere,
1381 2357 1484 2396 non
1517 2342 1672 2400 quasi
1716 2341 1944 2392 Verbum
1975 2341 2045 2392 sit

479 2450 566 2486 res
603 2433 739 2487 facta
769 2445 860 2486 aut
885 2435 1159 2503 opilicium
1190 2435 1261 2488 ita
1292 2435 1618 2503 scripsisse;
1651 2435 1742 2487 sed
1772 2433 1897 2502 quia
1927 2434 2045 2485 nul-

479 2523 585 2576 lam
626 2522 783 2578 Pater
817 2524 1010 2579 habeat
1040 2542 1298 2591 causam;
1350 2525 1460 2578 imo
1520 2525 1731 2594 potius,
1769 2525 1897 2592 quia
1932 2524 2046 2592 ipse

480 2619 698 2685 quidem
733 2619 890 2672 Pater
924 2620 993 2674 sit
1030 2619 1320 2688 Sapientia:
1344 2660 1358 2682 ,
1397 2619 1609 2686 Opiﬁcia
1641 2629 1820 2672 autem
1863 2619 2044 2670 omnia

481 2711 534 2761 in
565 2710 828 2777 sapientia
861 2709 1081 2776 fecerit;
1112 2727 1210 2764 cur
1240 2726 1347 2764 non
1377 2713 1537 2765 etiam
1563 2710 1771 2773 Patres,
1801 2724 1924 2763 cum
1953 2725 2048 2763 eos

481 2800 575 2866 qui
600 2798 1038 2853 Samosatensem
1067 2801 1388 2868 deposuere,
1413 2811 1527 2852 tum
1553 2815 1646 2853 eos
1677 2800 1766 2868 qui
1790 2799 2045 2851 Arianam

484 2890 733 2943 hzeresim
768 2890 988 2944 infamia
1021 2900 1311 2956 notarunt,
1344 2891 1397 2944 in
1435 2907 1604 2947 unum
1642 2891 1857 2960 pietatis
1889 2900 2047 2944 tuen-

482 2983 563 3036 da:
585 2982 824 3036 studium
852 2983 1258 3052 conjungimus,
1284 2984 1393 3038 imo
1414 2999 1782 3054 segregamus,
1807 2992 1860 3036 et
1880 2998 2047 3051 quare

482 3089 590 3126 non
623 3075 800 3142 potius
830 3073 896 3127 de
935 3075 1041 3130 illis
1072 3083 1213 3128 recte
1238 3075 1507 3130 sentimus
1541 3094 1556 3129 :
1585 3075 2044 3144 quandoquidem,

483 3165 562 3217 uti
587 3165 696 3233 jam
746 3165 893 3228 dixi,
947 3167 1154 3234 priores
1200 3167 1278 3221 illi
1314 3168 1490 3222 solum
1525 3167 1922 3221 Samosatei'isis
1954 3182 2041 3219 so-

483 3257 726 3325 phisma.
757 3267 811 3310 et
857 3259 974 3326 ejus
1005 3260 1506 3327 interpretationem
1539 3268 1876 3328 spectantes,
1909 3258 2048 3311 scri-

491 3360 647 3413 psere
677 3361 782 3398 non
813 3362 934 3400 esse
961 3346 1238 3401 Christum
1263 3349 1814 3403 consubstantialem:
1845 3348 1898 3400 hi
1926 3361 2053 3400 vero

488 3435 654 3488 verba
701 3449 833 3488 sane
873 3435 1229 3504 intelligentes
1256 3479 1270 3503 ,
1322 3439 1507 3492 dixere
1543 3438 1735 3491 Filium
1767 3453 1888 3494 esse
1921 3453 2049 3492 con-

490 3526 939 3579 substantialem?
972 3526 1231 3595 Equidem
1273 3544 1396 3581 cum
1434 3530 1524 3582 tali
1560 3530 1625 3583 de
1652 3530 1755 3598 piis
1781 3530 1891 3584 illis
1924 3545 2050 3599 erga

490 3616 765 3669 Christum
789 3616 923 3670 viris
945 3616 1045 3670 sim
1072 3619 1360 3682 sententia,
1388 3619 1500 3672 hate
1523 3620 1709 3687 paucis
1731 3619 2050 3689 conscripsi.

491 3706 646 3772 Quod
676 3708 722 3760 si
756 3708 1017 3777 epistolae,
1052 3723 1216 3777 quam
1251 3710 1372 3763 illos
1401 3710 1688 3778 scripsisse
1714 3711 1922 3775 dicunt,
1957 3711 2055 3762 mi-

493 3798 546 3850 hi
571 3797 722 3865 c0pia
750 3799 960 3863 fuisset,
990 3799 1242 3853 existimo
1265 3783 1448 3869 plures
1475 3801 1944 3868 deprehensurum
1972 3816 2054 3855 me

493 3890 662 3942 fuisse
696 3905 910 3953 causas,
941 3905 1039 3944 cur
1074 3893 1211 3945 beati
1250 3894 1326 3946 illi
1357 3894 1429 3946 ita
1461 3895 1702 3948 scribere
1727 3894 1901 3948 coacti
1924 3893 2051 3948 sint.

493 3981 597 4036 Par
623 3997 704 4038 est
730 3986 875 4038 enim
911 3985 1171 4055 decetque
1201 4001 1300 4039 nos
1340 3987 1414 4038 ita
1441 3985 1641 4040 sentire
1660 4028 1674 4051 ,
1716 3985 2054 4054 probumque

492 4093 618 4144 erga
666 4076 851 4132 Patres
893 4080 1132 4132 animum
1163 4093 1409 4142 servare,
1441 4077 1486 4132 si
1523 4086 1702 4132 tamen
1732 4079 1901 4147 spurii
1945 4093 2055 4133 non

493 4181 714 4232 sumus,
749 4179 801 4222 et
829 4169 872 4223 si
902 4169 970 4222 ab
998 4169 1102 4223 illis
1135 4170 1453 4223 traditiones
1479 4169 1806 4238 pietatisque
1848 4170 2056 4223 doctri-

494 4277 619 4314 nam
653 4268 912 4314 tenemus.

494 4615 908 4684 credamusque.
951 4615 1062 4684 Age
1096 4628 1224 4667 vero
1259 4629 1474 4668 rursum
1507 4630 1630 4670 cum
1664 4616 1772 4671 illis
1803 4633 1915 4672 rem
1945 4619 2060 4688 pla-

455 4711 458 4734 ³
492 4708 612 4762 cide
640 4719 692 4762 et
724 4707 867 4761 bono
902 4707 1085 4760 animo
1117 4704 1478 4774 inquiramus,
1509 4706 1684 4774 deque
1711 4723 1875 4775 supra
1897 4707 2060 4765 dictis

453 4801 824 4873 :ntentionem
883 4797 1392 4854 faciamuszannon
1460 4813 1644 4852 revera
1696 4798 2059 4856 demonstrari

493 4889 665 4960 possit
715 4889 997 4957 episcopos
1017 4886 1206 4942 Nicaere
1227 4894 1582 4956 congregatos
1614 4896 1759 4940 recte
1782 4887 2020 4947 sensisse
2039 4889 2062 4942 ἲ

496 4980 554 5034 Si
593 4979 822 5034 Verbum
859 4988 940 5032 est
975 4993 1062 5031 res
1095 4977 1235 5032 facta
1257 5019 1271 5042 ,
1317 4987 1370 5031 et
1399 4978 1636 5030 alienum
1665 4994 1694 5031 a
1731 4977 1908 5033 Patris
1930 4980 2060 5034 sub-

493 5073 713 5136 stantia,
739 5071 811 5124 ita
833 5080 943 5124 uta
972 5069 1126 5124 Patre
1143 5079 1472 5139 segregetur,
1499 5069 1608 5122 imo
1633 5085 1696 5124 ea
1719 5072 2059 5139 separatione

493 5180 616 5235 qua:
648 5179 678 5217 a
712 5163 1024 5216 diversitate
1052 5170 1259 5215 natura:
1293 5162 1669 5228 proﬁciscatur
1690 5201 1703 5223 ,
1735 5162 1882 5216 Patri
1911 5173 2059 5218 certe

493 5254 956 5314 consubstantiale
983 5267 1326 5322 nequaquam
1359 5251 1551 5315 fuerit;
1584 5253 1674 5307 sed
1707 5255 1886 5322 potius
1911 5255 2060 5324 ejus-

493 5349 615 5402 dem
646 5355 872 5410 naturze,
910 5344 1065 5414 cujus
1099 5355 1184 5397 res
1220 5341 1396 5406 factze,
1430 5342 1528 5396 etsi
1564 5343 1671 5396 illis
1705 5343 1876 5412 gratia
1910 5353 2053 5397 ante-

492 5441 668 5495 cellat.
702 5438 854 5504 Quod
881 5439 926 5491 si
952 5435 1307 5492 conﬁteantur
1329 5451 1451 5488 eum
1483 5451 1589 5492 non
1613 5449 1734 5489 esse
1760 5435 2056 5502 op'iﬁcium,

493 5533 586 5588 sed
622 5532 906 5600 genuinam
935 5545 1001 5582 ex
1049 5525 1224 5581 Patris
1277 5527 1578 5581 substantia
1609 5525 1836 5596 prolem,
1862 5542 2058 5581 conse-

493 5635 665 5692 quens
697 5635 826 5673 sane
857 5619 1019 5673 fuerit
1048 5635 1172 5673 eum
1204 5619 1620 5688 inseparabilem
1655 5633 1777 5671 esse
1811 5633 1839 5671 a
1878 5616 2057 5682 Patre,

494 5727 619 5766 cum
678 5711 749 5764 sit
775 5709 1018 5778 ejusdem
1057 5721 1261 5764 natura:
1286 5751 1300 5776 ,
1355 5719 1538 5777 utpote
1589 5711 1656 5762 ab
1694 5710 1782 5763 illo
1823 5710 2056 5779 genitus.

496 5801 641 5856 Talis
674 5810 852 5855 autem
876 5814 996 5852 cum
1033 5800 1133 5862 sit,
1166 5800 1285 5868 jure
1316 5800 1792 5856 consubstantialis
1823 5801 2056 5852 dicatur.

679 4521 861 4576 Talem
894 4521 1056 4592 igitur
1077 4520 1297 4575 Patrum
1327 4520 1497 4577 fuisse
1525 4535 1760 4579 mentem
1787 4527 2058 4593 dicamus,
2087 4552 2129 4606 ι)

2134 1967 2508 2052 γινώσκοντες,
2541 1977 2900 2047 πεπείσμεθα,
2931 1978 3012 2028 ὅτι
3042 1975 3135 2026 καὶ
3162 1976 3191 2024 ὁ
3218 1973 3500 2042 μακάριος
3545 1967 3711 2034 Ἰγνά-

2137 2093 2247 2139 τιος
2285 2075 2458 2146 ὀρθῶς
2497 2073 2720 2143 ἔγραψε,
2765 2069 2988 2139 γενητὸν
3043 2065 3203 2118 αὐτὸν
3251 2064 3436 2131 λέγων
3480 2058 3570 2111 διὰ
3624 2057 3716 2124 τὴν

2140 2167 2316 2238 σάρκα
2341 2168 2359 2236 (
2383 2169 2412 2218 ό
2440 2166 2547 2235 γὰρ
2579 2162 2810 2234 Χριστὸς
2845 2160 2981 2231 σὰρξ
3021 2156 3259 2227 ἐγένετο)
3289 2172 3302 2185 ·
3338 2153 3609 2221 ἀγένητον
3640 2148 3710 2209 δὲ,

2137 2259 2216 2310 ὅτι
2253 2259 2326 2327 μὴ
2354 2257 2460 2310 τῶν
2488 2257 2805 2325 ποιημάτων
2836 2257 2928 2307 καὶ
2955 2249 3194 2321 γενητῶν
3250 2248 3425 2308 ἐστιν,
3459 2241 3574 2294 ἀλλ’
3598 2238 3715 2299 ru;

2138 2353 2202 2404 ὲκ
2234 2351 2462 2421 [ἰατρός.
2496 2350 2610 2401 Οὐκ
2643 2346 2941 2415 ἀγνοοῦμεν
2992 2344 3067 2406 δὲ,
3095 2343 3177 2393 ὅτι
3206 2339 3302 2393 καὶ
3352 2340 3403 2390 οἱ
3437 2332 3712 2405 εἰρηκότες

2139 2449 2195 2500 ἐν
2217 2445 2278 2498 τὸ
2301 2446 2562 2513 ἀγένητον
2719 2439 2810 2490 τὸν
2841 2437 3058 2507 Πατέρα
3088 2434 3363 2500 λέγοντες,
3399 2430 3500 2496 οὐχ
3520 2428 3595 2486 ὡς
3623 2442 3707 2490 γε-

2139 2538 2298 2608 νητοῦ
2329 2537 2422 2589 καὶ
2455 2535 2757 2603 ποιήματος
2803 2530 2952 2591 ὄντος
3005 2526 3099 2578 τοῦ
3133 2525 3306 2590 Λόγου
3349 2522 3527 2580 οὕτως
3561 2519 3711 2585 ἔγρα-

2137 2629 2265 2698 ψαν,
2299 2627 2410 2680 ἀλλ’
2433 2626 2514 2677 ὅτι
2566 2623 2640 2692 μὴ
2688 2621 2796 2692 ἔχει
2980 2615 3070 2670 τόν
3125 2616 3317 2668 αἴτιον·
3372 2612 3468 2664 καὶ
3523 2608 3710 2679 μᾶλλον

2140 2697 2302 2781 αὐτὸς
2330 2716 2518 2786 Πατὴρ
2589 2715 2688 2784 μέν
2721 2713 2836 2764 ἐστι
2874 2712 2970 2780 τῆς
3017 2709 3235 2778 Σοφίας,
3296 2705 3367 2757 τὰ
3424 2704 3484 2756 δὲ
3517 2697 3708 2769 γενητὰ

2141 2814 2317 2866 πάντα
2339 2811 2394 2861 ὲν
2425 2807 2582 2876 σοφίᾳ
2619 2804 2903 2874 πεποίηκε·
2957 2802 3045 2854 διὰ
3098 2800 3149 2853 τί
3186 2799 3258 2869 μὴ
3313 2797 3410 2850 καὶ
3594 2789 3708 2849 τοὺς

2140 2903 2406 2973 Πατέρας,
2448 2899 2573 2960 τούς
2616 2915 2676 2950 τε
2735 2896 2823 2948 τὸν
2868 2892 3181 2963 Σαμοσατέα
3238 2888 3589 2947 καθελόντας,
3623 2880 3708 2932 καὶ

2137 2998 2236 3067 τὴν
2283 2991 2561 3062 Ἀρειανὴν
2587 2990 2795 3060 αἵρεσιν
2823 2983 3293 3056 στηλιτεύσαντας,
3329 2982 3410 3043 εἰς
3440 2975 3708 3030 εὐσέϐειαν

2143 3065 2461 3154 συνάγομεν,
2495 3082 2629 3135 ἀλλὰ
2657 3078 3032 3146 διαστέλλομεν
3059 3075 3160 3128 ἀνὰ
3198 3075 3362 3143 μέσον
3397 3067 3594 3131 αὐτῶν,
3625 3065 3706 3116 καὶ

2140 3177 2202 3229 οὐ
2243 3174 2439 3245 μᾶλλον
2502 3170 2676 3241 ὀρθῶς
2733 3169 2860 3237 περὶ
2889 3165 3066 3218 αὐτῶν
3101 3163 3445 3234 φρονοῦμεν;
3483 3160 3564 3212 ὃτι
3614 3154 3707 3206 κά-

2101 3318 2112 3334 ,
2141 3270 2327 3331 κεῖνοι,
2361 3264 2608 3332 καθάπερ
2640 3258 2809 3326 εἷπον,
2841 3258 2974 3329 πρὸς
3013 3257 3074 3309 τό
3108 3257 3348 3324 σόφισμα
3390 3251 3483 3304 τοῦ
3541 3250 3700 3316 Σαμο-

2145 3359 2366 3422 σατέως,
2425 3358 2516 3410 καὶ
2567 3356 2663 3426 τὴν
2722 3352 3015 3424 ἑρμηνείαν
3083 3346 3246 3402 αὐτοῦ
3314 3348 3417 3414 τὴν
3488 3343 3707 3394 διάνοιαν

2144 3450 2373 3519 ἔχοντες,
2403 3447 2666 3518 ἔγραψαν,
2692 3447 2805 3498 Οὐκ
2838 3443 2981 3495 ἐστιν
3011 3439 3312 3510 ὁμοούσιος’
3350 3437 3445 3490 καὶ
3468 3430 3606 3487 οὗτοι
3637 3429 3703 3490 δὲ,

2146 3541 2322 3603 καλῶς
2352 3541 2661 3609 νοήσαντες,
2684 3537 2967 3606 εἰρήκασιν
2993 3531 3274 3601 όμοούσιον
3298 3524 3440 3580 εἶναι
3464 3525 3552 3577 τὸν
3569 3521 3703 3573 Υἱόν.

2145 3633 2252 3684 Καὶ
2277 3632 2385 3700 γὰρ
2417 3627 2570 3696 κάγὼ
2611 3625 2832 3679 τοιαῦτα
2863 3624 2961 3694 μὲν
3007 3622 3144 3675 νοῶν
3341 3617 3472 3687 περὶ
3513 3612 3613 3665 τῶν
3635 3610 3708 3660 εύ-

2147 3724 2444 3776 σεϐούντων
2477 3722 2556 3782 εἰς
2587 3717 2676 3771 τὸν
2723 3716 2954 3782 Χριστόν
3002 3715 3066 3766 δι’
3105 3714 3298 3780 ὀλίγων
3326 3710 3556 3779 ἔγραψα·
3587 3705 3631 3754 εἰ
3657 3701 3705 3751 δὲ

2143 3814 2362 3868 δυνατὸν
2386 3809 2452 3884 ἦν
2485 3810 2784 3881 εὐπορῆσαι
2816 3809 2908 3861 καὶ
2929 3807 3025 3876 τῆς
3050 3803 3355 3872 ἐπιστολῆς,
3395 3802 3461 3870 ἣν
3481 3797 3705 3863 λέγουσιν

2146 3907 2386 3968 ἐκείνους
2565 3901 2916 3972 γεγραφέναι,
2940 3896 3180 3968 ἡγοῦμαι
3230 3893 3449 3956 πλείους
3500 3883 3706 3957 εὑρεθή-

2149 4000 2334 4053 σεσθαι
2382 3999 2481 4060 τὰς
2521 3996 2838 4066 προφάσεις,
2890 3991 2957 4044 δι’
2999 3989 3062 4053 ἃς
3119 3986 3544 4058 ἠναγκάσθησαν
3578 3976 3705 4066 οὔτω

2148 4090 2355 4162 γράψαι
2381 4090 2430 4140 οἱ
2461 4065 2718 4158 μακάριοι
2749 4085 2966 4136 ἐκεῖνοι.
3000 4082 3089 4131 Δεῖ
3116 4079 3224 4149 γὰρ
3281 4078 3430 4148 ἡμᾶς
3460 4071 3550 4126 καὶ
3587 4065 3704 4140 πρέο

2151 4201 2240 4237 πει
2271 4182 2492 4236 τοιαῦτα
2521 4181 2752 4250 φρονεῖν,
2774 4176 3024 4244 τοιαύτην
3052 4189 3110 4225 τε
3141 4169 3330 4233 σώζειν
3360 4165 3566 4235 ἀγαθὴν
3594 4173 3706 4213 ow-

2153 4275 2355 4345 είδησιν
2389 4271 2522 4344 πρὸς
2561 4272 2687 4333 τοὺς
2715 4267 3004 4337 Πατέραςμ
3028 4264 3143 4330 εἴγε
3182 4263 3255 4332 μὴ
3280 4261 3422 4313 νόθοι
3461 4250 3701 4345 τυγχάνοῖ

2156 4335 2272 4434 μεν,
2296 4363 2408 4416 ἀλλ’
2435 4335 2497 4426 ἐξ
2522 4358 2698 4413 αὐτῶν
2726 4335 2918 4426 ἔχομεν
2968 4353 3065 4416 τὰς
3093 4351 3439 4423 παραδόσεις.
3475 4343 3562 4398 καὶ
3591 4335 3698 4407 παρ’

2154 4454 2330 4508 αὐτῶν
2356 4451 2453 4523 τὴν
2477 4451 2575 4520 τῆς
2596 4446 2875 4507 εὐσεϐείας
2903 4441 3269 4496 διδασκαλίαν.

2335 4512 2569 4606 Τοίαύτη
2606 4535 2704 4605 μὲν
2730 4529 2820 4586 οὖν
2853 4534 2886 4603 ὴ
2920 4530 3128 4584 διάνοια
3151 4528 3260 4581 τῶν
3285 4526 3537 4595 Πατέρων
3568 4512 3697 4606 λεγέ-

2154 4629 2267 4685 οθω
2297 4629 2390 4683 καὶ
2420 4603 2772 4680 πιστευέσθω.
2808 4623 2944 4692 Φέρε
2969 4621 3024 4673 δὲ
3055 4618 3150 4672 καὶ¹
3205 4619 3320 4688 μετ’
3359 4611 3534 4668 αὐτῶν
3558 4603 3698 4658 πάλιν

2154 4721 2495 4790 ἐξετάσωμεν
2548 4717 2609 4770 τὸ
2642 4717 2872 4786 πρᾶγμα
2922 4703 3146 4781 πράως,
3184 4709 3280 4762 καὶ
3319 4706 3455 4778 μετὰ
3493 4692 3700 4759 συνειδῆ⁶

2157 4831 2294 4876 σεως
2319 4811 2545 4880 ἀγαθῆς,
2579 4804 3047 4879 μνημονεύσαντες
3202 4801 3294 4853 καὶ
3333 4798 3439 4851 τῶν
3471 4801 3695 4863 προειρη’

2160 4905 2355 4975 μένων·
2393 4903 2440 4954 εἰ
2474 4902 2546 4970 μὴ
2591 4897 2668 4969 τῷ
2685 4897 2798 4950 ὄντι
2827 4894 3127 4947 δείκνυνται
3155 4889 3336 4952 καλῶς
3365 4884 3698 4975 φρονήσαντξς

2157 4964 2206 5047 οἱ
2267 4997 2322 5045 ἐν
2374 4995 2441 5063 τῇ
2475 4964 2700 5060 ’Νικανίᾳ
2754 4986 3094 5047 συνελθόντες
3159 4982 3464 5035 ἐπίσκοποι.
3509 4974 3566 5025 Εἰ
3603 4964 3696 5063 ’μὲν

2160 5087 2370 5156 ποίημά
2398 5057 2546 5137 ἔστιν
2578 5086 2605 5135 ὁ
2641 5057 2831 5149 Λόγος,
2868 5079 2961 5132 καὶ
3013 5075 3289 5145 ἀλλότριος
3342 5072 3441 5140 τῆς
3461 5063 3576 5158 τοῦ-
3599 5057 3695 5158 Βα-

2160 5145 2519 5248 Ιοῦσίας,
2551 5172 2691 5225 ὥστε
2715 5145 2810 5223 καὶ
2829 5165 3156 5240 χωρίζεσθαι
3183 5160 3346 5239 αὐτόν
3372 5156 3477 5213 ἀπὸ
3494 5145 3692 5248 τούΠατ

2159 5239 2286 5341 ’πρὸς
2315 5265 2392 5336 τῷ
2423 5265 2705 5336 ὲτεροιρυεῖ
2763 5239 3046 5332 χωρισμῷ,
3079 5257 3178 5309 οὐκ
3226 5254 3292 5308 ἂν
3331 5252 3415 5321 εἴη
3449 5239 3692 5338 syrmata:

2159 5335 2236 5428 τῶ
2264 5357 2456 5426 Πατρὶ,
2488 5335 2620 5407 ἀλλὰ
2682 5351 2878 5422 μᾶλλον
2911 5346 3172 5419 ὁμογενὴς
3334 5345 3396 5412 τῇ
3426 5339 3568 5428 φύσει
3599 5335 3689 5422 τοξί

2163 5423 2446 5519 ποιήμασι,
2477 5445 2580 5498 κᾶν
2617 5441 2926 5512 ὑπερϐάλλῃ
2949 5442 3016 5510 τῇ
3046 5439 3248 5508 χάριτι·
3287 5437 3333 5487 εἰ
3360 5434 3415 5486 δὲ
3443 5423 3689 5519 ὁμολογοῖ

2168 5517 2372 5611 μεννμὴ
2428 5534 2564 5590 εἶναι
2602 5533 2762 5588 αὐτὸν
2821 5533 3048 5602 ποίημα,
3097 5528 3232 5582 ἀλλὰ
3285 5527 3496 5595 γνήσιον
3525 5517 3580 5611 ἐξ

2164 5604 2471 5693 οὐσίας-τοῦ
2526 5627 2738 5697 Πατρός
2787 5625 3052 5693 γέννημα,
3093 5617 3380 5673 ἀκόλουθον
3431 5613 3492 5666 ἂν
3517 5604 3588 5669 εἴη
3611 5608 3685 5697 1:1"-

2166 5722 2463 5792 ἀχώριστον
2498 5719 2657 5771 αὐτὸν
2691 5713 2826 5768 εἶναι
2851 5714 2943 5767 τοῦ
2971 5710 3201 5783 Πατρός,
3236 5707 3441 5779 ὁμοφυῆ
3482 5699 3592 5792 δνττι
3612 5682 3683 5736 διὰ

2145 5815 2222 5866 "td
2258 5815 2311 5878 ἓξ
2350 5813 2509 5865 αὐτοῦ
2540 5807 2912 5878 γεγεννῆσθαι.
2972 5803 3220 5864 Τοιοῦτο-ς
3269 5801 3323 5852 δὲ
3362 5800 3450 5861 ῶν,
3500 5780 3679 5840 εἰκότως
