4102 6298
439 330 538 394 481

1413 345 1782 407 PANOPLIA
1829 351 2288 416 DOGMATICA.
2325 382 2394 392 —
2431 353 2584 419 TIT.
2618 358 2722 416 XI.

3568 363 3594 422 4
3606 363 3674 424 ἕτῖ

444 474 537 525 καὶ
569 472 848 542 ὁμοούσιος
874 473 937 525 ἂν
953 474 1174 542 λέγοιτο.
1201 477 1426 530 Ἔπειτα
1449 482 1497 532 εἰ
1524 480 1597 552 μὴ
1625 483 1687 533 ἐκ
1721 484 2007 551 μετουσῖας

2116 473 2314 527 Deinde
2349 476 2390 528 si
2419 492 2522 527 non
2559 491 2619 528 ex
2643 478 3062 547 participatione
3091 483 3257 539 Filius
3287 498 3386 553 est,
3420 493 3523 553 sed
3545 497 3674 547 sub-

442 564 586 615 έστὶν
613 563 807 625 ὁΥῐός,
848 563 979 616 ἀλλὰ
1018 567 1080 634 τῇ
1109 565 1263 636 οὐσίᾳ
1312 568 1480 636 Λόγος
1531 571 1646 623 ἐστὶ
1709 573 1798 623 καὶ
1844 573 2007 638 Σοφία

438 656 532 708 τοῦ
567 655 852 726 Πατρὸς,ή
888 655 942 707 δὲ
979 657 1136 708 οὐσία
1171 656 1308 727 αὕτη
1336 658 1434 728 τῆς
1471 660 1658 724 οὐσίας
1688 661 1786 730 τῆς
1811 678 1977 731 ποι-τρι

437 749 541 817 xi];
591 749 703 799 ἐστι
729 747 969 817 γέννημα
1001 749 1092 800 καὶ
1118 750 1368 820 ὁμοιότης
1397 753 1584 821 αὐτῆς,
1620 751 1806 824 ὥσπερ
1832 754 1925 806 καὶ
1947 753 2008 806 τό

437 841 777 909 ἀπαύγασμα
801 839 891 892 τοῦ
917 839 1107 908 φωτός
1140 840 1284 909 λέγει
1311 842 1366 894 δὲ
1396 845 1424 895 6
1445 844 1590 909 Υἱὸς,
1627 865 1644 896 ι
1694 846 1832 916 Ἐγὼ
1865 848 1952 899 καὶ
1977 848 2005 899 6

437 931 630 1000 Πατὴρ
659 931 716 982 έν
745 931 965 1000 ὲσμεν,›
1003 932 1121 994 καὶ,
1154 950 1170 981 ι
1231 931 1288 984 'O
1327 934 1423 1003 ἐμὲ
1455 934 1710 1004 ἑωρακὼς
1899 936 2000 990 ἑώ-

440 1041 572 1094 ρακε
597 1022 686 1074 τὸν
716 1021 985 1092 Πατέρα·›
1019 1022 1135 1084 πῶς
1169 1023 1247 1075 δεῖ
1270 1027 1406 1076 νοεῖν
1435 1025 1636 1089 ταύτας
1658 1027 1756 1089 τὰς
1790 1029 1997 1096 φωνάς

432 1114 466 1181 ἦ
509 1113 624 1174 πῶς
649 1111 816 1174 αὐτὰς
869 1111 1326 1183 ἐκλαμϐάνοντες,
1375 1116 1618 1184 σώσομεν
1674 1116 1734 1168 τὸ
1769 1117 1826 1170 ἓν
1866 1115 2001 1173 εἶναι

431 1199 522 1250 τὸν
561 1198 778 1267 Πατέρα
817 1197 910 1248 καὶ
947 1197 1037 1247 τὸν
1073 1195 1236 1260 Υἱόν;
1277 1195 1339 1247 Εἰ
1368 1196 1464 1265 μὲν
1492 1191 1584 1248 οὐν
1611 1200 1676 1267 τῇ
1723 1199 2014 1271 συμφωνίᾳ.

437 1289 544 1341 τῶν
568 1288 872 1358 δογμάτων,
916 1287 1007 1339 καὶ
1039 1285 1116 1358 τῷ
1151 1288 1226 1360 μὴ
1278 1287 1560 1354 διαφωνεῖν
1595 1287 1730 1360 πρὸς
1769 1290 1861 1342 τὸν
1905 1291 2014 1344 [Ια-

434 1381 588 1450 τέρα,
625 1380 700 1442 ὡς
756 1380 804 1432 oi
865 1379 1130 1449 Ἀρειανοὶ
1172 1379 1406 1447 λέγουσι,
1461 1379 1660 1447 φαῦλος
1708 1382 1736 1432 6
1775 1379 2014 1444 τοιοῦτος

434 1471 579 1533 νοῦς.
615 1471 723 1523 Καὶ
773 1469 882 1539 γὰρ
935 1470 1028 1522 καὶ
1053 1471 1099 1521 οἱ
1128 1468 1271 1536 ἆγιοι
1297 1511 1312 1532 ,
1454 1470 1546 1522 καὶ
1579 1469 1776 1539 μᾶλλόν
1804 1487 1866 1538 γε
1913 1472 2012 1539 ἄγε

433 1565 580 1630 γελοι
621 1563 714 1614 καὶ
736 1561 1084 1632 ἀρχάγγελοι,
1117 1561 1214 1630 τὴν
1239 1559 1490 1635 τοιαύτην
1537 1561 1717 1632 ἔχουσι
1749 1561 1884 1631 πρὸς
1922 1560 2010 1614 τόν

432 1653 567 1706 Θεὸν
611 1653 950 1723 συμφωνίαν,
985 1653 1078 1704 καὶ
1111 1652 1332 1721 οὐδεμία
1375 1654 1502 1722 παρ’
1532 1654 1709 1714 αὐτοῖς
1739 1653 1853 1705 ἐστι
1892 1653 2008 1705 δια-

434 1742 650 1808 φωνίαη
683 1743 741 1793 '0
800 1741 907 1812 γὰρ
938 1741 1280 1808 διαφωνήσας
1315 1741 1556 1804 διάϐολος
1595 1740 1876 1812 ἐθεωρήθη
1920 1742 2009 1793 πί-

2113 566 2309 618 stantia
2349 565 2462 633 ipsa
2511 565 2743 619 Verbum
2775 580 2854 622 est
2900 581 2950 623 et
3001 571 3272 641 Sapientia
3318 577 3493 636 Patris
3519 601 3530 635 :
3561 586 3674 640 huc

2108 667 2286 708 autem
2329 656 2626 709 substantia
2649 698 2662 720 ,
2715 668 2949 725 paternae
2995 666 3309 719 substantiin
3341 670 3479 725 fetus
3507 687 3588 729 est
3620 692 3673 731 et

2107 752 2224 818 ejus
2260 753 2578 815 similitudo,
2607 755 2765 808 w-luti
2803 758 3057 824 splendor
3078 771 3160 814 est
3189 765 3486 821 similitudo
3514 772 3668 838 luris,

2109 842 2379 912 Filiusqne
2408 845 2576 899 dicit:
2612 865 2628 896 ι
2662 845 2772 917 Ego
2818 861 2869 902 et
2910 849 3066 904 Pater
3100 869 3264 908 unum
3317 874 3507 917 sumus
3554 866 3610 928 ¹;
3647 887 3665 916 ι

2104 947 2156 989 et
2185 956 2195 989 :
2238 956 2257 988 ι
2293 935 2394 1002 Qui
2422 938 2553 991 vidit
2582 955 2687 1004 me,
2720 940 2849 994 vidit
2876 952 2928 995 et
2957 942 3168 999 Patrem
3223 949 3279 1014 ’;
3317 969 3334 1001 ι
3397 960 3667 1020 quomoda

2105 1029 2185 1082 ha:
2209 1045 2367 1083 voces
2396 1031 2750 1100 intelligenda:
2773 1035 2938 1089 sunt?
2963 1046 3054 1090 aut
3082 1055 3185 1106 qua
3216 1054 3391 1097 mente
3411 1057 3507 1098 eas
3531 1050 3670 1100 acci-

2103 1120 2328 1188 pientes,
2353 1120 2564 1174 Patrem
2589 1134 2640 1176 et
2660 1123 2852 1178 Filium
2874 1143 3039 1180 unum
3060 1146 3179 1184 esse
3200 1133 3506 1189 tuebimur?
3528 1137 3660 1192 Nam

2105 1219 2152 1274 si
2186 1219 2252 1272 ob
2277 1218 2585 1287 dogmatuin
2616 1230 2944 1270 consensum
2974 1255 2988 1279 ,
3017 1228 3071 1269 et
3099 1218 3241 1284 quod
3274 1215 3432 1269 Pater
3472 1232 3500 1269 a
3534 1215 3672 1268 Filio

2107 1324 2214 1362 non
2247 1307 2552 1370 dissentiat,
2583 1316 2640 1360 ut
2665 1307 2851 1360 dicunt
2877 1307 3086 1368 Ariani,
3115 1322 3276 1372 prava
3301 1322 3432 1359 sane
3456 1314 3536 1359 est
3564 1306 3676 1358 iure

2106 1395 2440 1463 intelligendi
2476 1396 2632 1448 ratio.
2691 1393 2900 1448 Etenim
2933 1395 3145 1458 sancti,
3197 1403 3249 1447 et
3292 1395 3461 1446 multo
3504 1396 3674 1461 magis

2104 1487 2276 1556 angeli
2309 1496 2362 1538 et
2389 1487 2694 1555 archangeli
2724 1527 2739 1549 ,
2784 1485 3094 1553 hujusmodi
3137 1486 3337 1538 habent
3388 1500 3511 1538 cum
3564 1484 3674 1536 Deo

2102 1591 2453 1640 consensum,
2488 1591 2586 1630 nec
2617 1577 2722 1630 nlla
2748 1578 2886 1644 apud
2915 1578 3061 1645 ipsos
3093 1586 3175 1632 est
3203 1577 3509 1641 dissensio;
3546 1592 3671 1628 nam

2101 1671 2192 1736 qui
2228 1668 2435 1722 discors
2463 1668 2564 1721 fuit
2590 1666 2871 1731 diabolus,
2903 1682 2933 1720 e
2968 1668 3108 1721 coelo
3148 1667 3344 1721 radere
3380 1668 3528 1722 visus
3566 1677 3670 1728 est,

2101 1766 2160 1809 ut
2188 1758 2264 1810 ait
2292 1757 2574 1810 Dominus.
2609 1755 2664 1810 Si
2698 1772 2825 1826 ergo
2859 1758 2927 1810 ob
2955 1773 3282 1812 consensum
3314 1757 3473 1810 Pater
3500 1767 3554 1811 et
3585 1757 3672 1809 Fi-

435 1847 582 1883 πτων
612 1833 676 1884 ἐκ
714 1831 818 1884 τῶν
845 1831 1106 1902 οὐρανῶν,
1155 1832 1229 1894 ὡς
1275 1828 1424 1884 εἶπεν
1469 1835 1498 1884 6
1547 1833 1766 1903 Κύριος.
1802 1833 2007 1886 Οὐκοῦν

2100 1847 2206 1901 lius
2234 1862 2402 1901 unum
2440 1855 2606 1911 sunt,
2659 1848 2820 1901 etiam
2865 1848 3078 1915 Opilicia
3128 1863 3248 1915 qum
3288 1848 3359 1900 ita
3409 1864 3530 1901 cum
3563 1847 3670 1900 Deo

432 1923 484 1973 si
511 1922 597 1974 διὰ
627 1922 721 1992 τὴν
756 1924 1071 1993 συμφωνίαν
1104 1923 1161 1976 ἓν
1195 1926 1339 1976 ἐστιν
1363 1927 1391 1976 6
1418 1924 1604 1994 Πατὴρ
1661 1924 1755 1976 καὶ
1777 1927 1804 1978 6
1858 1923 2004 1991 Υίὺς,

431 2013 520 2082 εἴη
550 2012 614 2065 ἂν
641 2014 732 2066 καὶ
764 2014 871 2067 τῶν
897 2015 1138 2086 γενητῶν
1176 2017 1243 2068 τά
1275 2014 1665 2084 συμφωνοῦντα
1693 2016 1834 2068 οὕτω
1874 2019 2007 2088 πρὸς

428 2102 524 2153 τὸν
562 2101 712 2166 Θεὸν,
750 2103 842 2156 καὶ
873 2103 1012 2156 εἴποι
1053 2105 1119 2157 ἂν
1157 2105 1402 2166 ἕκαστος·
1449 2124 1466 2156 ι
1512 2104 1652 2172 Ἐγὼ
1702 2107 1794 2158 καὶ
1840 2109 1868 2159 6
1896 2109 2007 2161 Πα-

429 2191 536 2261 τὴρ
570 2192 626 2243 ἓν
681 2194 909 2261 ἐσμεν.»
972 2195 1032 2246 Εἰ
1073 2195 1128 2246 δὲ
1183 2195 1340 2246 τοῦτο
1400 2196 1616 2248 ἄτοπον·
1663 2196 1859 2248 ἄτοπον
1900 2199 2006 2268 γάρ

429 2282 580 2331 ἐστιν
608 2281 841 2350 άληθῶς·
869 2283 1078 2350 ἀνάγκη
1109 2283 1292 2334 λοιπὸν
1343 2283 1484 2336 κατὰ
1516 2284 1610 2354 τὴν
1643 2284 1828 2337 οὐσίαν
1870 2290 2007 2340 νοεῖν

430 2369 527 2420 καὶ
554 2369 651 2438 τὴν
685 2369 813 2444 ἶέὶοὖ
846 2370 938 2421 καὶ
1003 2370 1209 2438 Πατρὸς
1249 2369 1490 2438 ἑνότητα.
1522 2370 1602 2422 Τά
1655 2371 1751 2439 μὲν
1773 2372 1876 2441 γὰρ
1915 2387 2006 2438 γε-

429 2458 570 2528 νητὰ
610 2459 708 2510 κᾶν
740 2461 1056 2528 συμφωνίαν
1089 2460 1187 2531 ἔχῃ
1221 2461 1355 2530 πρὸς
1381 2461 1470 2511 τὸν
1513 2463 1866 2530 πεποιηκότα,
1893 2462 2005 2514 ἀλλ’

427 2550 489 2599 ὲν
514 2549 721 2618 κινήσει
773 2551 864 2602 καὶ
931 2551 1190 2620 μετουσίᾳ
1242 2550 1334 2601 καὶ
1383 2549 1458 2619 νῷ
1517 2550 1719 2620 ταύτην
1751 2550 1883 2619 ἕχει,
1914 2553 2008 2620 ﬁv-

432 2658 542 2711 περ
725 2643 752 2692 6
808 2641 882 2712 μὴ
923 2641 1160 2708 φυλάξας
1197 2641 1517 2711 ὲκϐέόληται
1580 2641 1688 2694 τῶν
1738 2641 2002 2712 οὐρανῶνο

441 2732 503 2783 '0
535 2731 592 2782 δὲ
623 2731 746 2792 Υἱὸς
787 2732 848 2783 ἐκ
907 2731 1006 2800 τῆς
1050 2733 1235 2794 οὐσίας
1289 2731 1363 2783 ὢν
1412 2732 1688 2802 γέννημα,
1741 2732 1895 2802 οὐσίᾳ
1948 2732 2005 2785 έν

429 2823 581 2873 ἐστιν
755 2821 916 2883 αὐτὸς
941 2823 1031 2874 καὶ
1052 2824 1079 2874 6
1104 2824 1366 2890 γεννήσας
1402 2821 1561 2874 αὐτόν
1593 2824 1801 2892 Πατήρ.

618 2906 717 2958 Διὰ
745 2907 900 2959 τοῦτο
931 2909 1038 2978 γὰρ
1095 2911 1189 2962 καὶ
1235 2910 1296 2961 τὸ
1347 2910 1526 2972 ίσάςον
1578 2909 1687 2980 ἔχει
1748 2910 1882 2980 πρδς
1917 2909 2005 2964 τὸν

427 2998 651 3071 Πατέρα
674 3001 792 3060 ταῖς
822 3000 1074 3051 ένοειδέσι
1100 3003 1323 3068 φωναῖς,
1355 3001 1449 3053 καὶ
1470 3001 1537 3054 τά
1568 3003 1658 3053 ἐπὶ
1681 3001 1773 3053 τοῦ
1796 3001 2005 3070 Πατρὸς

426 3090 719 3160 λεγόμενα,
742 3089 912 3142 ταῦτα
976 3091 1069 3142 καὶ
1089 3091 1180 3142 ἐπὶ
1222 3091 1350 3144 Υἱοῦ
1381 3091 1626 3158 λέγουσιν
1668 3093 1722 3143 αἱ
1771 3093 2003 3162 Γραφαὶ,

430 3183 600 3254 χωρὶς
631 3182 786 3252 μόνον
969 3181 1061 3235 τοῦ
1117 3181 1366 3250 λέγεσθαι
1393 3183 1549 3236 αὐτὸν
1572 3183 1805 3252 Πατέρα.
1838 3179 2008 3243 Αὐτὸς

2099 1939 2468 2003 consentient,
2502 1953 2668 1990 unum
2704 1951 2826 1989 cum
2856 1951 2922 1989 eo
2957 1935 3157 1989 fuerint
3179 1978 3193 2001 ,
3225 1952 3458 2004 (piorum
3496 1937 3668 2004 quod-

2098 2042 2202 2094 que
2225 2027 2402 2080 dicere
2432 2027 2602 2095 possit
2630 2045 2641 2077 :
2675 2045 2692 2076 ι
2726 2025 2834 2094 Ego
2865 2033 2917 2078 ct
2962 2025 3118 2080 Pater
3171 2042 3338 2079 unum
3393 2041 3604 2080 sumus.
3645 2045 3662 2075 ι

2098 2119 2253 2185 Quod
2283 2119 2329 2173 si
2357 2118 2648 2172 absurdum
2689 2119 2788 2172 hoc
2825 2119 2934 2177 sit,
2967 2128 3023 2170 ut
3054 2134 3240 2171 revera
3271 2127 3352 2171 est
3378 2160 3392 2181 ,
3443 2133 3668 2172 necesse

2098 2211 2313 2264 demum
2349 2208 2510 2261 fuerit
2540 2208 2658 2261 Filii
2703 2218 2755 2261 et
2816 2207 2989 2260 Patris
3036 2209 3296 2260 unitatem
3369 2206 3663 2260 secundum

2098 2298 2456 2353 substantiam
2483 2297 2800 2366 intelligere.
2827 2295 2932 2349 Res
2965 2295 3118 2349 facta:
3148 2298 3288 2348 enim
3315 2297 3666 2364 quantumvis

2097 2403 2218 2442 cum
2253 2389 2443 2457 opilice
2472 2403 2571 2442 suo
2594 2401 2919 2442 consensqu
2949 2388 3181 2440 habeant
3213 2405 3226 2440 :
3260 2396 3404 2439 motu
3434 2395 3662 2445 tantum,

2095 2479 2540 2548 participatione,
2573 2487 2627 2531 et
2658 2488 2834 2531 mente
2877 2493 3000 2532 eum
3041 2477 3278 2541 habent,
3334 2493 3494 2545 quem
3538 2493 3661 2531 cum

2097 2569 2184 2622 ille
2213 2583 2321 2620 non
2353 2575 2644 2628 servasset,
2671 2566 2876 2635 ejectus
2900 2582 2962 2619 ex
2993 2565 3130 2619 caelo
3154 2577 3254 2619 est.
3283 2564 3452 2619 Filius
3481 2575 3656 2618 autem

2094 2674 2217 2714 cum
2253 2660 2322 2711 sit
2354 2673 2418 2711 ex
2455 2657 2757 2710 substantia
2787 2656 2947 2721 fetus,
2970 2656 3276 2709 substantia
3303 2671 3518 2725 quoque
3550 2657 3663 2725 ipse

2093 2758 2164 2815 et,
2193 2749 2288 2820 qui
2315 2747 2501 2818 genuit
2533 2761 2680 2810 eum,
2717 2745 2873 2800 Pater
2905 2762 3073 2800 unum
3106 2755 3256 2800 sunt.

2304 2897 2669 2965 Quamobrem
2703 2897 2932 2952 vocibus
2985 2897 3244 2950 unitatem
3297 2897 3662 2950 indicantibus

2093 2991 2451 3065 :equalitatem
2491 3005 2614 3044 cum
2642 2989 2801 3043 Patre
2838 2989 3040 3042 habere
3071 2988 3302 3048 dicitur,
3339 2996 3392 3039 et
3435 2986 3558 3040 hinc
3603 2987 3663 3039 lit

2095 3095 2152 3139 ut
2192 3099 2311 3153 quae
2541 3083 2608 3135 de
2637 3076 2796 3134 Patre
2833 3076 3090 3133 dicuntur
3116 3117 3130 3140 ,
3183 3076 3369 3129 eadem
3411 3075 3477 3128 de
3524 3075 3660 3127 Filio

2096 3175 2386 3242 Scriptura:
2415 3180 2660 3226 asseraut
2687 3187 2701 3222 :
2725 3184 2786 3222 ea
2817 3177 2998 3222 tamen
3025 3165 3342 3234 exceptione
3394 3164 3538 3235 quod
3572 3165 3660 3217 ille

428 3275 543 3344 γάρ
574 3269 724 3326 εἶπεν
747 3274 775 3324 6
809 3272 954 3335 Υίόςο
995 3291 1013 3323 ι
1051 3273 1256 3338 Πάντα,
1305 3275 1404 3326 ὅσα
1438 3273 1548 3343 ἔχει
1584 3276 1612 3326 6
1657 3273 1861 3344 Πατὴρ,
1900 3271 2007 3344 ὲμά

2100 3266 2249 3320 Pater
2271 3265 2504 3318 dicatur.
2558 3261 2680 3330 Ipse
2708 3260 2852 3314 enim
2883 3259 3052 3314 Filius
3078 3260 3191 3313 ait:
3235 3277 3252 3308 ι
3286 3255 3478 3311 Omnia
3512 3273 3661 3326 qua:-

429 3366 602 3417 ὲστι·ι
636 3362 712 3434 τῷ
736 3381 794 3415 τε
822 3363 998 3432 Ila-cpi
1029 3362 1199 3430 ἔλεγε·
1248 3383 1264 3412 ι
1297 3365 1478 3416 Πάντα
1514 3363 1582 3416 τὰ
1634 3364 1740 3432 ὲμὰ
1777 3363 1845 3415 σά
1870 3365 2005 3424 ἐστι,

430 3472 525 3507 και
545 3454 612 3507 τὰ
639 3454 705 3506 σὰ
734 3455 858 3524 ἐμά·
878 3473 894 3503 ι
931 3448 1040 3505 οἷον
1072 3453 1150 3518 τὸ,
1181 3453 1330 3516 Θεός.
1377 3475 1393 3504 ι
1420 3454 1548 3517 Θεὸς
1571 3473 1586 3504 ι
1621 3455 1729 3524 γὰρ
1905 3473 1920 3503 ι
1941 3449 2007 3524 ἦν

2091 3373 2305 3427 cunque
2337 3356 2499 3410 habet
2525 3353 2706 3413 Pater,
2738 3367 2856 3405 mea
2886 3360 3015 3406 sunt
3055 3355 3074 3385 ³
3103 3367 3116 3415 ;
3152 3369 3169 3399 ι
3203 3348 3459 3417 Patrique
3489 3349 3653 3403 dixit:

2097 3467 2115 3499 ι
2144 3447 2334 3501 Omnia
2364 3461 2481 3499 mea
2503 3487 2517 3511 ,
2547 3454 2636 3498 tua
2671 3451 2832 3505 sunt,
2865 3450 2916 3494 et
2943 3449 3031 3494 tua
3056 3455 3174 3492 mea
3213 3441 3254 3491 ⁸.
3291 3457 3308 3489 ι
3339 3437 3658 3506 Huiusmodi

427 3546 458 3596 6
493 3544 708 3612 Λόγοςί
743 3544 822 3607 τὸ,
857 3545 1280 3615 Παντοκράτωρ·
1321 3565 1337 3594 ι
1379 3545 1511 3598 Τάδε
1541 3545 1686 3613 λέγει
1734 3547 1762 3597 ὀ
1787 3545 1882 3607 ὢν,
1916 3543 2007 3596 καὶ

2100 3547 2172 3593 est
2199 3537 2327 3591 illud
2349 3578 2364 3602 ,
2395 3536 2534 3590 Deus
2563 3553 2577 3590 :
2605 3549 2728 3587 nam
2752 3573 2765 3594 ,
2800 3549 2818 3582 ι
2853 3531 2996 3585 Deus
3030 3539 3145 3583 erat
3176 3527 3410 3580 Verbum
3465 3529 3520 3590 ⁸;
3560 3546 3575 3577 ι
3606 3538 3660 3580 et

427 3639 459 3688 6
492 3632 579 3706 ἦν,
614 3637 707 3688 καὶ
724 3638 750 3688 6
770 3636 1058 3706 ἐρχόμενος
1085 3638 1113 3688 6
1143 3635 1557 3706 Πάντοκράτωρο
1575 3656 1591 3685 ι
1612 3637 1670 3688 τὸ
1699 3633 1832 3688 εἶναι
1873 3635 2006 3702 φῶς·

437 3742 458 3775 ι
499 3725 639 3792 Ἐγώ
670 3727 836 3795 εἰμι,ι
871 3724 1024 3794 φησι,
1055 3743 1072 3774 ι
1109 3725 1170 3776 τὸ
1196 3726 1329 3792 φῶς
1359 3743 1377 3775 ι
1421 3725 1480 3776 τὸ
1507 3725 1892 3794 δημιουργικὸν
1921 3725 2005 3777 αι’-

431 3833 565 3870 τιον’
623 3836 641 3868 ι
674 3819 858 3870 Πάντα
916 3816 1024 3887 γὰρ
1084 3815 1152 3868 δι’
1182 3815 1346 3868 αὐτοῦ
1408 3817 1641 3883 ἐγένετο·
1686 3835 1703 3867 ι
1752 3817 1862 3876 καὶ,
1893 3835 1910 3866 ι
1943 3818 2010 3870 Ἀ

435 3906 616 3976 βλέπω
648 3906 737 3958 τὸν
781 3906 998 3975 Πατέρα
1033 3905 1308 3968 ποιοῦντα,
1341 3905 1514 3958 ταῦτα
1545 3905 1698 3973 κάγὼ
1726 3905 1912 3958 ποιῶσι
1949 3904 2011 3957 τὸ

432 3992 571 4048 εἶναι
597 3996 782 4049 άῖδιονο
822 4015 840 4047 ι
884 3997 956 4048 Ἥ
1001 4012 1058 4046 τε
1098 4014 1116 4045 ι
1150 3995 1257 4066 γάρ
1301 4013 1320 4046 ι
1350 3995 1514 4057 ἀΐδιος
1573 3995 1734 4048 αὐτοῦ
1787 3995 2012 4065 δύναμις

433 4088 529 4140 καὶ
555 4086 764 4157 θειότης
797 4127 812 4149 ,
946 4105 964 4137 ι
1002 4086 1114 4149 καὶ,
1151 4105 1168 4135 ι
1193 4085 1280 4138 Ἑν
1305 4087 1445 4156 ἀρχῇ
1484 4081 1550 4156 ἦν
1576 4089 1604 4138 6
1629 4087 1854 4153 Λόγος,ι
1889 4086 2007 4147 καὶ,

443 4199 460 4229 ι
503 4173 608 4230 Ἦν
638 4179 697 4230 τὸ
726 4178 840 4246 φῶς
868 4178 926 4231 τὺ
954 4178 1229 4250 ἀληθινὸν,
1270 4177 1298 4230 ὃ
1329 4177 1550 4246 φωτίζει
1597 4178 1775 4231 πάντα
1803 4177 2012 4247 ἄνθρω-

437 4284 539 4319 πον
569 4267 858 4337 ἐρχόμενον
901 4269 979 4330 εἰς
1032 4266 1124 4319 τὸν
1163 4266 1382 4336 κόσμον·
1412 4283 1429 4316 ι
1479 4265 1540 4318 τὺ
1589 4261 1725 4317 εἶναι
1786 4266 2007 4334 Κύριος’

2092 3628 2242 3689 illud,
2276 3626 2668 3694 Omnipotens:
2703 3642 2721 3674 ι
2757 3621 2884 3677 Hzec
2909 3621 3041 3676 dicit
3070 3621 3160 3689 qui
3193 3629 3296 3682 est,
3321 3628 3374 3671 et
3398 3619 3488 3686 qui
3521 3628 3655 3675 erat,

2089 3728 2143 3772 et
2187 3717 2278 3786 qui
2314 3726 2575 3770 venturus
2607 3722 2688 3768 est
2739 3712 3095 3780 Omnipotens
3135 3714 3155 3744 ⁸
3189 3725 3249 3772 ;ι
3314 3717 3368 3760 et
3412 3707 3553 3775 quod
3589 3710 3658 3758 sit

2092 3810 2182 3862 lux
2218 3825 2230 3859 :
2270 3825 2287 3858 ι
2319 3806 2429 3876 Ego
2449 3819 2591 3869 sum,
2624 3823 2641 3854 ι
2678 3803 2874 3871 inquit,
2912 3821 2927 3850 ι
2960 3802 3052 3854 lux
3079 3799 3097 3827 ⁷
3135 3816 3148 3863 ;
3184 3816 3202 3848 ι
3232 3798 3374 3865 quod
3409 3798 3480 3849 sit
3508 3811 3658 3848 crea-

2093 3898 2195 3950 trix
2220 3910 2406 3957 causa,
2423 3891 2803 3958 nam,¢Omnia
2828 3907 2923 3961 per
2945 3891 3122 3962 ipsum
3143 3887 3281 3942 facta
3308 3895 3435 3942 sunt
3466 3892 3487 3922 ο
3504 3927 3518 3950 ,
3542 3905 3560 3935 ι
3583 3897 3655 3948 et,

2098 4006 2114 4038 ι
2138 3986 2269 4052 Quae
2290 3986 2445 4040 video
2464 3985 2680 4039 Patrem
2707 3983 3009 4044 facientem,
3033 3982 3147 4034 lucc
3175 3988 3230 4034 et
3257 3994 3356 4048 ego
3379 3979 3519 4032 facio
3551 3981 3572 4012 ο
3597 3996 3610 4043 ;
3636 3997 3652 4025 ι
3732 4019 3735 4022 .

2094 4077 2238 4147 quod
2290 4076 2364 4131 sit
2423 4084 2657 4129 aeternus
2687 4087 2702 4124 :
2735 4091 2752 4123 ι
2790 4071 3125 4140 Sempiterna
3158 4091 3176 4122 ι
3207 4071 3350 4123 enim
3388 4089 3404 4120 ι
3445 4085 3658 4136 quoque

2093 4167 2212 4236 ejus
2236 4168 2408 4221 virtus
2439 4173 2494 4220 et.
2526 4163 2781 4218 divinitas
2804 4162 2869 4224 '°,
2904 4179 2922 4212 ι
2983 4171 3055 4225 et,
3101 4179 3118 4211 ι
3155 4161 3210 4213 In
3249 4161 3516 4229 principio
3545 4169 3663 4212 erat

2097 4259 2334 4313 Verbum
2358 4261 2432 4323 u;
2473 4275 2492 4308 ι
2526 4263 2600 4322 et,
2634 4273 2652 4306 ι
2681 4252 2809 4306 Erat
2838 4253 2930 4305 lux
2959 4269 3082 4305 vera
3109 4268 3229 4320 qua:
3261 4253 3528 4304 illuminat
3548 4267 3664 4304 om~

443 4375 461 4407 ι
507 4355 732 4424 Ἐὗρεξε
781 4354 888 4424 γὰρ
912 4354 1112 4424 Κύριος
1142 4354 1280 4406 θεῖον
1325 4355 1418 4406 καὶ
1443 4353 1553 4423 πῦρ
1577 4353 1725 4424 παρὰ
1747 4354 2006 4426 Κυρίουοι

2100 4365 2219 4404 nem
2252 4347 2525 4403 hominem
2555 4346 2860 4399 venientem
2893 4343 2947 4395 in
2974 4343 3234 4395 mundum
3258 4341 3301 4371 “
3328 4359 3342 4403 ;
3381 4359 3398 4390 ι
3426 4342 3568 4408 quod
3594 4343 3665 4394 sit

439 4447 533 4499 καὶ
556 4449 584 4498 ὁ
626 4447 723 4515 μὲν
755 4447 941 4516 Πατήρ
975 4462 1154 4516 φησιν·
1195 4465 1212 4496 ι
1237 4445 1377 4513 Ἐγὼ
1404 4445 1657 4516 Κύριος.»
1688 4446 1801 4508 καὶ,
1821 4462 1840 4495 ι
1869 4444 2007 4498 Τάδε

2100 4437 2362 4492 Dominus
2399 4455 2411 4466 -
2455 4453 2474 4486 ι
2501 4433 2644 4488 Pluit
2669 4432 2813 4486 enim
2849 4429 3112 4484 Dominus
3142 4429 3319 4496 ignem
3348 4437 3400 4480 et
3435 4431 3667 4497 sulphur

437 4536 583 4603 λέγει
617 4535 818 4606 Κύριος
859 4535 886 4586 ὁ
911 4535 1042 4597 Θεὸς
1238 4537 1266 4588 6
1315 4536 1759 4606 παντοκράτωρί
1800 4535 1926 4604 napi
1954 4534 2007 4588 δὲ

2101 4545 2128 4584 a
2182 4527 2414 4582 Domino
2444 4523 2526 4591 ¹³;
2559 4542 2578 4576 ι
2615 4532 2667 4577 et
2693 4520 2851 4576 Pater
2890 4521 3106 4590 quidem
3143 4519 3218 4573 ait
3252 4537 3264 4572 :
3301 4538 3320 4570 ι
3351 4519 3459 4588 Ego
3487 4519 3667 4572 Domi-

438 4625 533 4677 τοῦ
579 4625 708 4677 Υἱοῦ
756 4627 783 4677 6
833 4625 1040 4689 Παῦλός
1093 4643 1274 4696 φησιν’
1337 4645 1356 4678 ι
1401 4624 1498 4690 Εἷς
1544 4628 1746 4698 Κύριος
1807 4625 2007 4697 Ἰησοῦς

2101 4636 2204 4676 nus
2231 4620 2274 4650 ¹⁶
2297 4661 2312 4686 ,
2346 4637 2364 4670 ι
2401 4625 2484 4683 et,
2534 4633 2553 4668 ι
2583 4614 2706 4670 Hac
2738 4614 2869 4669 dicit
2917 4613 3178 4666 Dominus
3227 4610 3366 4665 Deus
3415 4611 3666 4678 omnipo-

438 4713 692 4784 Χριστός,
727 4714 791 4766 δι’
822 4705 882 4766 οὗ
909 4714 976 4766 τά
1023 4715 1248 4768 πάντα.»
1289 4715 1400 4767 Καὶ
1454 4715 1530 4787 τῷ
1585 4717 1682 4786 μὲν
1714 4717 1889 4786 Πατρὶ
1913 4716 2014 4770 λει-

440 4806 760 4877 τουργοῦσιν
789 4805 1027 4873 ἅγγελοιο
1052 4807 1079 4858 6
1111 4805 1167 4858 δὲ
1201 4805 1328 4868 Υἱός
1358 4809 1737 4876 προσκυνεῖται
1765 4809 1890 4875 παρ’
1919 4807 2014 4858 αὐ·-

442 4893 569 4946 τῶν·
606 4911 624 4944 ι
662 4893 768 4945 Καὶ
802 4894 1336 4964 προσκυνησάτωσαν
1369 4894 1516 4964 αὐτῷ
1549 4896 1747 4958 πάντες
1795 4895 2014 4963 ἄγγελοι

441 4979 632 5034 Θεοῦ.ι
671 4981 901 5049 Λέγεται
926 4982 982 5034 δὲ
1022 4978 1159 5036 εἶναι
1351 4984 1446 5037 καὶ
1503 4984 1704 5054 Κύριος
1749 4985 2012 5052 ἀγγέλων·

451 5089 470 5122 ι
508 5072 795 5141 Διηκόνουν
836 5091 853 5121 ι
892 5072 999 5142 γάρ
1031 5092 1048 5121 ι
1093 5072 1241 5143 αὐτῷ
1277 5075 1325 5125 οἱ
1355 5073 1624 5141 άγγελοιί
1663 5075 1774 5137 καὶ,
1803 5093 1820 5122 ι
1855 5075 2015 5126 Ἀπο-

448 5162 624 5214 στελεῖ
651 5163 680 5214 6
712 5163 838 5225 Υἱός
869 5162 962 5215 τοῦ
991 5163 1272 5235 ἀνθρώπου
1318 5166 1441 5227 τοὺς
1485 5165 1745 5232 ἀγγέλους
1779 5163 1960 5216 αὐτοῦ·
1991 5183 2010 5215 ι

440 5252 503 5304 τὸ
526 5253 784 5323 τιμᾶσθαι
815 5255 890 5318 ὡς
914 5255 1001 5308 τόν
1028 5255 1263 5326 Πατέρα·
1303 5275 1320 5306 ι
1346 5257 1459 5308 Ἵνα
1497 5275 1513 5305 ι
1551 5256 1679 5325 γὰρ,
1699 5257 1850 5325 φησι,
1893 5273 1910 5304 ι
1939 5271 2019 5306 τι-

452 5337 597 5406 μῶσι
624 5339 714 5392 τόν
737 5340 884 5403 Υίὸν,
921 5340 1099 5404 καθὼς
1127 5342 1326 5412 τιμῶσι
1357 5343 1446 5395 τὸν
1490 5343 1708 5416 Πατέρα
1744 5363 1760 5393 ι
1799 5343 1857 5396 τὸ
1879 5339 2017 5397 εἶναι

451 5427 546 5481 [ad
576 5428 716 5500 Θεῷ·
752 5449 772 5482 ι
794 5432 904 5501 Οὐχ
1090 5433 1379 5503 ἁρπαγμόν
1414 5435 1654 5505 ἡγήσατο
1678 5435 1738 5487 τὸ
1768 5431 1903 5489 εἶναι
1929 5437 2018 5489 ἶσα

1036 5544 1056 5574 ¹
1084 5542 1242 5596 Joan.
1274 5560 1386 5606 xw,
1435 5543 1489 5596 9.

436 5618 462 5647 "
496 5608 648 5664 Joan.
683 5627 801 5673 vni,
844 5613 926 5665 l2.
1003 5613 1023 5643 ⁸
1055 5611 1211 5665 Joan.
1248 5627 1286 5666 ι.
1312 5615 1368 5667 ’5.
1457 5613 1478 5644 ⁸
1511 5609 1668 5664 Joan.
1693 5628 1746 5670 ν.
1779 5612 1864 5664 l9.

442 5679 536 5732 ει.
619 5680 659 5710 ¹δ
688 5683 923 5735 Malarh.
957 5697 1038 5745 ιιι,
1070 5680 1125 5735 6.
1204 5682 1243 5714 ³⁵
1272 5682 1406 5737 Gen.
1438 5697 1565 5739 ιιι-ιι.
1601 5682 1647 5734 ι.

447 5766 595 5807 utr.
617 5751 706 5806 3|.
785 5753 828 5781 '°
864 5751 1024 5806 Joan.
1056 5767 1108 5815 ν,
1139 5750 1230 5804 ‘25.

513 5542 531 5573 ⁸
560 5535 720 5596 Joan.
764 5558 815 5600 ιι,
849 5542 937 5595 50.

1593 5539 1800 5594 'Jnan.
1851 5557 1962 5595 χιιι.
2014 5541 2097 5594 15.

1959 5611 2002 5644 ¹⁰
2031 5609 2186 5663 Rom.
2228 5626 2263 5667 ι.
2297 5609 2387 5662 20.

1753 5682 1796 5712 ⁸⁸
1827 5679 1845 5731 l
1877 5678 2003 5734 Cor.
2040 5697 2155 5744 vm,
2187 5680 2240 5733 6.

2103 4717 2324 4776 tens";
2359 4728 2378 4760 ι
2405 4709 2472 4762 de
2509 4705 2644 4761 Filio
2677 4715 2857 4760 autem
2927 4704 3104 4772 inquit
3136 4701 3340 4755 Paulus
3390 4719 3402 4755 :
3461 4719 3479 4750 ι
3516 4701 3668 4754 Unus

2104 4801 2370 4856 Dominus
2396 4799 2554 4854 Jesus
2581 4798 2849 4860 Christus,
2881 4810 2976 4864 per
3008 4807 3168 4863 quem
3200 4793 3383 4845 omnia
3405 4791 3471 4846 ".
3509 4809 3525 4840 ι
3562 4791 3668 4844 Pa-

2105 4891 2171 4943 tri
2206 4890 2515 4943 ministrant
2549 4883 2766 4955 angeli',
2799 4882 2970 4936 Filius
3002 4891 3180 4935 autem
3214 4882 3279 4933 ab
3311 4881 3444 4950 ipsis
3476 4880 3670 4934 adora-

2103 4990 2230 5035 tur:
2263 4999 2280 5030 (
2313 4978 2379 5032 Et
2407 4979 2632 5032 adorent
2657 4991 2778 5029 eum
2808 4981 2998 5027 omnes
3027 4972 3202 5042 angeli
3237 4971 3332 5026 Dei
3357 4972 3422 5026 ³⁷.
3457 4989 3475 5023 ι
3529 4970 3667 5024 Diei-

2107 5080 2192 5123 tur
2227 5069 2389 5122 etiam
2423 5082 2545 5122 esse
2582 5065 2845 5120 Dominus
2878 5061 3213 5132 angelorum,
3255 5077 3401 5130 nam,
3439 5080 3457 5112 ι
3482 5061 3669 5130 Angeli

2108 5159 2491 5214 ministrabant
2546 5157 2595 5211 ei
2620 5156 2703 5221 ";
2747 5173 2765 5206 ι
2800 5163 2892 5226 ει,
2960 5173 2978 5205 ι
3013 5154 3184 5208 Mittet
3217 5154 3389 5208 Filius
3434 5152 3672 5206 hominis

2107 5249 2324 5316 angelos
2387 5261 2518 5300 suos
2539 5247 2627 5310 ";
2667 5263 2685 5296 ι
2720 5245 2861 5315 quod
2926 5247 3219 5298 honoretur
3276 5243 3417 5301 sicut
3465 5241 3664 5294 Pater:

2114 5359 2132 5390 ι
2164 5337 2231 5392 Ut
2265 5357 2284 5388 ι
2308 5379 2322 5401 ,
2359 5337 2550 5406 inquit,
2589 5354 2607 5386 ι
2640 5336 2993 5389 honor-ilicem
3025 5332 3244 5396 Filium,
3279 5332 3418 5386 sicut
3450 5329 3640 5383 hono-i

2111 5433 2270 5484 licant
2315 5427 2526 5481 Patrem
2550 5423 2614 5484 '°.
2655 5445 2673 5478 ι
2739 5426 2893 5491 Quod
2929 5425 2998 5478 sit
3031 5425 3252 5492 aequalis
3303 5420 3411 5474 Deo
3448 5438 3460 5472 :
3503 5439 3520 5469 ι
3553 5417 3670 5472 Non

2825 5536 2844 5567 '
2877 5534 3034 5590 Joan.
3074 5547 3110 5590 ι,
3142 5530 3193 5582 1.
3291 5527 3313 5558 ⁸
3355 5530 3520 5593 Apoc.
3553 5543 3590 5590 ι,
3621 5527 3678 5582 8.

2970 5603 3011 5634 "
3044 5600 3174 5653 ibid.
3201 5599 3254 5652 9.
3332 5598 3375 5628 "
3401 5598 3537 5652 Gen.
3570 5613 3683 5657 xnt.

2970 5671 3095 5720 mh.
3131 5684 3206 5720 IV.
3247 5667 3330 5720 ll.
3427 5668 3468 5699 "
3493 5665 3684 5720 Matth.

2205 5541 2225 5568 "
2265 5537 2421 5593 Joan.
2474 5555 2603 5598 xvu,
2644 5538 2728 5592 10.

2485 5609 2521 5638 ¹¹
2548 5607 2705 5660 Joan.
2748 5622 2788 5672 ι,
2822 5606 2871 5657 l.

2322 5681 2359 5710 ”
2399 5677 2561 5731 Hebr.
2600 5693 2636 5742 ι,
2669 5677 2720 5730 6.
2775 5667 2783 5672 ⁷
2825 5674 2864 5704 ¹⁸
2904 5671 3095 5725 Matth.
3131 5684 3206 5734 tv,
3247 5667 3330 5723 Η.
