4032 6288
456 361 566 425 4‘53

1698 356 2074 416 EUTnvun
2120 355 2476 415 ZlGABENl
3571 363 3662 428 434

455 495 699 563 rapinam
735 491 1028 544 arbitratus
1057 499 1137 542 est
1166 503 1285 543 esse.
1319 507 1375 541 se
1424 487 1687 556 aequalem
1735 487 1844 542 Deo
1885 493 1897 520 ¹
1938 507 1951 538 ι
1994 509 2012 542 ι

2136 489 2303 559 Θεῷ-ι
2335 489 2394 542 τὸ
2419 487 2554 543 εἶναι
2580 488 2639 554 ἐξ
2670 488 2925 561 ἀληθινοῦ
2952 488 3229 560 ἀλήθειαν,
3260 490 3348 544 καί
3402 494 3462 547 ἐκ
3494 497 3666 565 ζῶντος

451 585 593 652 quod
615 583 684 637 sit
704 599 764 635 ex
791 597 916 635 vero
940 581 1232 641 veritas,cx
1257 581 1467 633 vivente
1487 582 1615 644 vita,
1640 592 1697 635 ut
1717 581 1810 650 qui
1836 596 2022 636 revera

451 689 516 728 ex
547 675 719 728 Patris
753 673 897 726 fonte
921 671 1252 725 en'ianaverit
1278 689 1290 724 :
1321 668 1464 740 quod
1497 671 1667 725 Filius
1700 670 1931 725 vivilieet
1965 680 2021 725 et

453 765 676 817 suscitet
724 770 968 813 mortuos
1005 761 1145 813 sicut
1175 758 1364 825 Pater,
1407 760 1480 814 ita
1515 760 1658 813 enim
1716 759 1913 830 legitur
1962 761 2016 814 in

453 855 758 922 Evangelio.
793 853 856 905 Et
881 853 946 905 de
981 851 1137 905 Patre
1162 852 1377 920 quidem
1409 851 1672 920 scriptum
1702 859 1784 905 est
1813 869 1826 904 :
1863 869 1881 902 ι
1924 849 2020 906 Do-

452 949 633 1002 minus
658 946 799 999 Deus
825 955 968 1007 tuus,
1001 959 1140 996 unus
1165 942 1426 997 Dominus
1452 951 1534 996 est
1571 945 1592 974 ³
1628 958 1642 1007 ;
1670 961 1688 994 ι
1709 951 1797 996 et:
1836 960 1853 992 ε
1877 939 2018 997 Deus

453 1039 675 1087 deorum
714 1031 973 1085 Dominus
1000 1031 1212 1085 locutus
1237 1040 1338 1096 est,
1359 1039 1411 1084 et
1437 1031 1644 1085 vocavit
1668 1040 1864 1085 terram
1901 1031 1962 1097 ³;
1995 1051 2014 1083 ι

454 1123 519 1175 de
549 1123 683 1176 Filio
706 1133 907 1187 autem,
945 1141 962 1172 (
989 1121 1129 1176 Deus
1154 1120 1416 1176 Dominus
1432 1133 1484 1174 et
1505 1122 1680 1175 illuxit
1708 1123 1864 1176 nobis
1917 1126 1964 1185 ⁵,
1994 1140 2014 1173 ι

454 1226 526 1276 et,
565 1235 580 1264 ι
612 1214 888 1268 Videbitur
916 1213 1054 1267 Dcus
1081 1214 1305 1267 deorum
1337 1213 1388 1265 in
1422 1211 1552 1264 Sion
1599 1213 1640 1264 ⁵.
1671 1231 1688 1262 ι
1714 1210 1778 1264 Ει
1801 1227 2018 1265 rursum

455 1306 520 1358 de
556 1305 662 1358 Deo
693 1305 907 1374 quidem
942 1304 1016 1357 ait
1048 1303 1214 1356 Isaias
1244 1321 1256 1354 :
1291 1321 1307 1351 ι
1334 1301 1468 1366 Quis
1502 1302 1674 1363 Deus,
1719 1310 1778 1354 ut
1810 1311 1887 1362 tu,
1919 1299 2022 1354 tol—

456 1397 574 1449 lens
609 1396 922 1464 iniquitates
942 1434 955 1456 ,
991 1402 1042 1448 et
1073 1408 1336 1462 superans
1365 1392 1657 1462 injustitias
1709 1390 1773 1445 °?
1802 1412 1818 1443 ι
1851 1391 2022 1447 Filius

454 1501 584 1539 vero
631 1486 878 1550 dicebat,
926 1485 1124 1555 quibus
1177 1484 1375 1552 placuit
1428 1484 1527 1552 ipsi
1563 1499 1575 1535 :
1609 1501 1627 1534 ι
1664 1481 2025 1538 Dimittuntur

457 1575 554 1628 tibi
588 1583 806 1644 peccata
835 1583 926 1627 tua
970 1573 990 1603 '
1023 1592 1035 1626 :
1078 1591 1096 1624 ι
1125 1589 1234 1642 quo
1271 1583 1506 1642 tempore
1537 1571 1739 1627 Judaeis
1769 1588 2021 1627 murmu-

459 1666 741 1732 rantibus,
781 1679 944 1734 opere
995 1665 1141 1718 illam
1195 1664 1573 1718 remissionem
1622 1664 2020 1732 comprobavit,

459 1755 646 1810 dicens
703 1755 999 1825 paralytico
1029 1773 1040 1808 :
1078 1773 1096 1804 ι
1123 1754 1329 1824 Surge,
1362 1755 1486 1808 tolle
1525 1754 1813 1821 grabatum
1844 1764 2023 1819 tuum,

2136 579 2300 650 ζωὴν,
2334 580 2409 642 ὡς
2464 579 2570 632 ἀπὸ
2613 582 2794 650 πηγῆς
2841 578 3008 643 ὄντως
3116 591 3133 598 ··
3243 581 3334 633 τοῦ
3368 583 3580 656 Πατρός,
3613 591 3665 642 τὸ

2136 670 2414 734 ζωοποιεῖν
2441 669 2532 723 τὸν
2565 669 2690 723 Υἰὸν
2723 669 2816 723 καὶ
2837 669 3068 740 ἐγείρειν
3096 671 3222 732 τοῦς
3250 675 3465 742 νεκροὺς
3503 675 3669 749 ὥσπερ

2135 763 2164 813 6
2196 761 2417 832 Πατήρο
2459 761 2599 815 οὕτω
2634 761 2743 833 γὰρ
2799 763 2856 814 ὲν
2903 761 2979 832 τῷ
3013 762 3326 832 Εύαγγελίῳ
3370 763 3666 836 γέγραπται.

2135 850 2245 904 Καὶ
2275 850 2401 922 περί
2453 851 2552 921 μὲν
2582 851 2676 905 τοῦ
2734 850 2947 922 Πατρός
2994 852 3319 924 γέγραπται·
3375 871 3392 904 ι
3439 855 3674 925 Κύριοςὸ

2136 939 2268 1004 Θεὸς
2299 958 2412 1005 σου,
2448 940 2651 1012 Κύριος
2697 936 2777 1006 εἷς
2809 943 2943 999 ἐστι·
2971 961 2990 994 ι
3037 939 3149 1005 καὶ,
3202 960 3220 993 ι
3259 941 3387 1006 Θεὸς
3417 943 3544 998 θεῶν
3573 947 3673 1000 Κύ-

2142 1048 2253 1102 ριος
2282 1030 2528 1102 ἐλάλησε,
2576 1030 2670 1085 καὶ
2703 1031 2928 1086 ὲκόιλεσε
2988 1030 3085 1101 τὴν
3111 1030 3235 1099 γῆν·
3265 1049 3284 1082 ι
3331 1032 3452 1101 περὶ
3488 1032 3541 1086 δὲ
3591 1035 3674 1088 τοῦ

2136 1120 2267 1174 Υίοῦ
2316 1121 2445 1186 Θεὸς
2497 1121 2721 1194 Κύριος,
2781 1121 2894 1186 καὶ,
2937 1139 2955 1172 ι
2992 1120 3287 1190 Ἐπέφανεν
3335 1125 3482 1193 ἡμῖν,
3521 1141 3538 1175 ι
3575 1127 3674 1190 καὶ,

2142 1231 2161 1262 ι
2195 1211 2518 1284 Ὀςρθήσεται
2563 1215 2592 1264 6
2619 1211 2749 1275 Θεὸς
2805 1212 2914 1265 τῶν
2949 1211 3086 1264 Θεῶν
3144 1214 3203 1265 ὲν
3257 1211 3422 1264 Σιών
3457 1233 3475 1264 ι
3534 1215 3677 1269 πάλιν

2134 1319 2191 1354 τε
2372 1302 2496 1374 περί
2533 1301 2631 1374 μὲν
2662 1301 2754 1356 τοῦ
2804 1302 2938 1356 Θεοῦ
2972 1320 3132 1374 φησιν
3183 1305 3210 1355 6
3254 1303 3492 1366 Ἡσαΐας·
3547 1325 3564 1355 ι
3598 1306 3681 1369 Τίς

2133 1392 2282 1460 Θεὸς,
2309 1393 2496 1464 ὥσπερ
2535 1395 2622 1458 σὺ,
2669 1394 2900 1465 ἐξαίρων
2936 1393 3184 1464 ἀνομίας,
3219 1393 3314 1447 καὶ
3368 1395 3681 1466 ὑπερϐαίνων

2133 1484 2377 1550 ἀδικίας;
2423 1504 2439 1536 ι
2478 1486 2506 1537 6
2541 1485 2598 1538 δὲ
2637 1484 2765 1548 Υἱὸς
2796 1483 2982 1552 ἔλεγεν
3011 1479 3093 1546 οἷς
3144 1483 3355 1555 ἤθελεν·
3401 1504 3418 1535 ι
3469 1486 3684 1553 Ἀφέων-

2132 1577 2220 1629 ταί
2255 1591 2347 1627 σου
2376 1577 2432 1628 αἰ
2483 1575 2746 1647 ἁμαρτίαι
2797 1588 2814 1604 ⁸
2959 1593 2978 1626 ι
3015 1575 3103 1626 ὅτε
3149 1574 3240 1628 καὶ
3287 1575 3394 1628 τῶν
3439 1576 3682 1630 Ἰουδαίων

2133 1663 2524 1732 γογγυζόντων,
2557 1663 2702 1736 ἔργῳ
2734 1663 2835 1735 τὴν
2887 1664 3078 1732 ἄφεσιν
3115 1664 3376 1731 ἐδείκνυε,
3429 1665 3591 1734 λέγων
3621 1667 3685 1736 τῷ

2133 1755 2504 1825 παραλυτικῷ·
2542 1774 2560 1806 ‹
2599 1756 2868 1826 Ἔγειραι,
2901 1751 3032 1826 ἆρον
3085 1756 3175 1809 τὸν
3235 1756 3540 1824 κράὸϐατόν
3581 1775 3681 1820 σου,

455 1852 510 1897 et
539 1843 670 1897 vade
697 1843 751 1896 in
786 1843 1006 1896 domum
1049 1851 1196 1896 tuam
1244 1845 1288 1896 ⁸.
1324 1861 1342 1892 ι
1399 1843 1469 1896 De
1494 1841 1602 1896 Deo
1635 1859 1854 1912 quoque
1885 1843 2022 1897 dixit

2133 1848 2224 1900 καὶ
2271 1847 2448 1916 ὕπαγε
2485 1850 2564 1912 εἰς
2596 1849 2686 1901 τὸν
2719 1845 2862 1901 οἶκόν
2899 1867 3011 1903 σου.
3049 1870 3067 1901 ι
3133 1849 3243 1904 Καὶ
3287 1849 3413 1921 περί
3452 1849 3546 1920 μὲν
3598 1850 3682 1903 τοῦ

460 1931 702 1986 Paulus:
735 1950 752 1982 ‹
785 1927 915 2001 Regi
947 1933 1268 2016 szeculorum
1310 1936 1331 1966 ο
1363 1949 1377 1997 ;
1415 1951 1432 1982 ι
1465 1932 1532 1988 de
1556 1931 1693 1987 Filio
1715 1941 1892 1986 autem
1922 1934 2024 1986 Da-

461 2019 548 2072 vid
575 2020 799 2073 cecinit:
833 2039 850 2070 ι
876 2019 1117 2074 Attollite
1147 2029 1352 2088 portas,
1379 2021 1672 2089 principes,
1708 2030 1939 2086 vestras,
1973 2031 2027 2074 et

458 2109 778 2171 elevamini,
820 2119 989 2178 porta:
1033 2111 1353 2174 teternales,
1399 2119 1453 2164 et
1479 2111 1724 2164 introibit
1768 2111 1881 2166 Rex
1909 2112 2025 2182 glo-

461 2199 650 2263 riae";
685 2218 702 2250 ι
741 2197 923 2252 Daniel
959 2216 1087 2254 vero
1117 2202 1232 2256 haec
1266 2201 1509 2255 audivit:
1540 2221 1557 2252 ι
1590 2201 1834 2271 Regnum
1885 2203 2024 2270 ejus,
2076 2208 2079 2209 ⁷

459 2303 684 2355 regnum
716 2291 1104 2360 sempiternum
1131 2290 1170 2321 “
1195 2334 1209 2357 ,
1243 2311 1260 2344 ι
1305 2303 1393 2360 et,
1432 2312 1450 2344 ι
1485 2294 1730 2362 Regnum
1766 2295 1884 2362 ejus
1918 2311 2024 2348 non

460 2391 840 2448 corrumpetur
863 2386 924 2435 ".
963 2401 981 2432 ι
1024 2381 1248 2436 Domum
1279 2399 1618 2454 quaecunque
1654 2385 1720 2439 de
1750 2383 1910 2438 Patre
1941 2387 2028 2440 di-

460 2477 547 2522 cta
575 2473 858 2539 repereris,
898 2481 978 2526 tot
1009 2482 1266 2544 tantaque
1295 2476 1360 2529 de
1388 2474 1525 2530 Filio
1555 2477 1698 2530 dicta
1725 2477 2028 2545 deprehen-

461 2559 578 2626 des,
605 2576 668 2614 ea
695 2562 869 2615 solum
905 2565 1243 2632 exceptione,
1267 2565 1410 2634 quod
1439 2565 1555 2634 ipse
1579 2581 1688 2620 non
1733 2568 1804 2622 sit
1845 2566 2028 2635 Pater,

465 2657 523 2704 ut
549 2652 751 2707 dictum
780 2657 1029 2722 superius
1058 2665 1160 2710 est.

535 2845 623 2900 50.
664 2845 719 2899 Si
745 2847 868 2915 quis
909 2848 1074 2918 igitur
1116 2849 1263 2904 aliud
1297 2850 1624 2920 principium
1653 2862 1707 2906 et
1734 2852 1901 2907 alium
1927 2852 2030 2909 Pa-

467 2946 602 2990 trem
635 2938 923 3006 chOgitet,
953 2954 1020 2994 eo
1053 2941 1200 3008 quod
1247 2941 1475 3010 mqualia
1509 2941 1619 2996 sint
1667 2957 1790 3011 quae
1831 2943 2028 2998 dicun-

467 3039 574 3092 tur,
624 3029 874 3084 insanum
921 3038 1067 3086 certe
1119 3032 1251 3087 illud
1311 3041 1699 3087 commentum.
1743 3033 1799 3088 Si
1845 3045 2026 3090 autem

464 3120 594 3188 quia
620 3119 788 3176 Filius
819 3137 884 3176 ex
910 3121 1069 3178 Patre
1097 3132 1200 3189 est,
1229 3124 1412 3178 omnia
1441 3139 1564 3192 quae
1587 3123 1765 3180 Patris
1792 3138 1920 3181 sunt
1949 3129 2030 3195 (ut

465 3213 518 3265 iu
550 3212 784 3283 imagine
816 3225 870 3270 et
901 3215 1235 3285 charactere)
1267 3215 1389 3270 Filii
1422 3225 1551 3271 sunt
1597 3233 1612 3269 :

464 3306 788 3374 cogitemus,
819 3323 944 3360 num
972 3308 1274 3362 substantia
1304 3309 1479 3363 aliena
1509 3324 1540 3363 a
1567 3307 1744 3364 Patris
1774 3309 2031 3364 substan-

463 3396 558 3460 tia,
613 3396 919 3451 istiusmodi
966 3413 1147 3451 rerum
1194 3413 1364 3467 capax
1405 3398 1476 3454 sit
1510 3415 1523 3450 :
1555 3409 1610 3452 et
1655 3399 1734 3462 si,
1768 3401 1860 3468 qui
1908 3402 2032 3455 talis

464 3493 567 3547 est,
595 3485 821 3539 diversa:
845 3497 1071 3550 naturas,
1095 3498 1146 3540 et
1171 3487 1360 3542 aliena:
1388 3487 1704 3542 substantia:
1728 3489 1818 3553 sit,
1845 3498 1899 3543 et
1922 3505 2031 3544 non

465 3575 648 3643 potius
685 3573 833 3629 Patri
867 3577 1368 3632 consubstantialis.
1409 3576 1722 3632 Cavendum
1765 3580 1930 3642 enim,
1965 3595 2033 3633 ne

463 3680 584 3733 quae
603 3664 777 3720 Patris
797 3665 1010 3736 propria
1047 3676 1173 3722 sunt
1207 3666 1588 3722 transferentes
1614 3668 1679 3722 ad
1703 3667 1854 3734 illud,
1890 3670 2032 3737 quod

464 3756 516 3810 ei
559 3758 864 3830 substantia
915 3757 1183 3814 dissimile
1227 3767 1331 3824 est,
1361 3768 1416 3814 et
1450 3774 1516 3813 ne
1560 3760 1613 3813 in
1645 3774 1710 3814 eo
1739 3761 1833 3828 qui
1873 3759 2034 3814 dissi-

465 3843 610 3900 milis
643 3855 860 3912 natura,
889 3857 942 3902 et
969 3847 1181 3904 alienus
1209 3850 1513 3906 substantia
1550 3862 1653 3916 est,
1685 3852 1862 3909 Patris
1891 3854 2032 3908 divi-

467 3935 687 3990 nitatem
726 3937 1106 4008 designantes,
1148 3950 1460 3997 extraneum
1505 3943 1663 3997 aliam
1710 3946 2032 4004 inducamus

399 4029 402 4032 ’
465 4028 849 4094 substantiam,
892 4029 1082 4097 primae
1111 4030 1428 4086 substantia:
1461 4035 1845 4101 proprietatum
1879 4051 2033 4107 capa-

463 4131 625 4170 cem:
666 4118 981 4186 puJoreque
1030 4117 1327 4174 adiciantur
1369 4119 1439 4172 ab
1471 4119 1591 4188 ipso
1644 4119 1754 4176 Deo
1795 4122 2028 4191 dicente,

471 4225 488 4258 ι
515 4206 752 4260 Gloriam
781 4222 956 4260 meam
984 4207 1140 4260 alteri
1171 4223 1278 4260 non
1309 4208 1526 4271 dabo",
1545 4228 1561 4259 ι
1583 4219 1637 4262 et
1666 4211 2027 4279 deprehenda-

466 4312 588 4350 ntur
634 4296 867 4350 alienum
916 4297 1178 4360 adorare,
1210 4297 1450 4364 talesque
1489 4298 1805 4366 habeamur,
1839 4306 2028 4370 quales

467 4385 597 4438 olim
617 4383 1084 4453 luereJudaei,qui
1107 4386 1324 4442 aiebant
1423 4399 1438 4435 :
1537 4388 2033 4458 «Quaretu,homo

473 4489 598 4526 cum
624 4475 720 4537 sis,
755 4474 888 4528 facis
919 4475 1150 4542 teipsum
1182 4473 1353 4529 Deum
1383 4477 1466 4529 “1'
1498 4497 1516 4530 ι
1559 4495 1683 4533 cum
1715 4482 1790 4535 illi
1818 4498 1881 4536 ea
1909 4499 2031 4553 quae

1659 3232 1818 3286 aequo
1846 3218 2031 3272 animo
2057 3233 2099 3287 ρ
2133 3208 2294 3277 κτῆρι
2324 3205 2416 3258 τοῦ
2464 3204 2592 3258 Υίοῦ
2651 3207 2786 3269 ἐστι,
2836 3203 3176 3277 λογισώμεθα

2132 1938 2266 1990 Θεοῦ
2297 1937 2479 2008 ἔλεγεν
2672 1941 2700 1991 6
2729 1939 2962 2002 Παῦλοςο
3024 1959 3042 1991 ι
3102 1940 3204 2010 Τῷ,
3239 1941 3298 1994 δὲ
3351 1941 3555 2011 βασιλεῖ
3590 1942 3687 1994 τῶν

2133 2028 2362 2083 αἰώνωνο
2398 2048 2416 2081 ι
2470 2029 2594 2100 περὶ
2647 2029 2704 2081 δὲ
2737 2031 2828 2082 τοῦ
2881 2029 3009 2083 Υἰοῦ
3054 2032 3082 2084 6
3116 2031 3213 2102 μὲν
3255 2032 3418 2085 Δαϐἰδ
3459 2032 3686 2101 ἔψαλλεν·

2138 2139 2155 2171 ι
2197 2122 2396 2192 Ἀρατε
2429 2121 2622 2186 πύλας,
2655 2124 2703 2174 οἰ
2728 2123 3003 2192 ἄρχοντες,
3057 2122 3208 2191 ὑμῶν
3258 2157 3278 2183 ,
3409 2124 3500 2176 καὶ
3534 2124 3691 2194 ἐπάρ-

2132 2210 2281 2282 θητε,
2307 2213 2468 2266 πύλαι
2501 2213 2724 2278 αἰώνιοι,
2759 2215 2851 2266 καὶ
2877 2213 3240 2267 εἰσελεύσεται
3272 2217 3301 2268 6
3325 2215 3570 2284 βασιλεὺς
3598 2217 3693 2285 τῆς

2130 2304 2339 2375 δόξης»
2380 2308 2409 2357 6
2441 2306 2496 2358 δὲ
2527 2306 2725 2375 Δανιὴλ
2754 2307 3002 2376 ἤκουσεν·
3065 2325 3082 2356 ι
3121 2307 3186 2358 Ἡ
3245 2306 3492 2374 βασιλεία
3539 2305 3692 2358 αὑτοῦ

2134 2395 2376 2462 βασιλεία
2404 2396 2668 2461 αἰώνιος-,ι
2699 2395 2810 2459 καὶ,
2841 2415 2858 2446 ι
2908 2396 2974 2448 Ἦ
3009 2394 3256 2465 βασιλεία
3289 2395 3454 2448 αὐτοῦ
3497 2396 3553 2448 ού
3588 2396 3693 2448 δια-

2132 2485 2486 2556 φθαρήσεται.
2513 2507 2532 2538 ι
2576 2485 2684 2539 Καὶ
2713 2486 2850 2548 ὅλως
2869 2486 2968 2539 ὅσα
2999 2487 3063 2539 ἂν
3095 2486 3276 2556 εὕροις
3311 2487 3438 2556 περὶ
3473 2485 3560 2538 τοῦ
3594 2487 3694 2537 Πα-

2132 2576 2258 2645 τρὸς
2296 2574 2581 2646 λεγόμενα,
2607 2575 2844 2630 τοσαῦτα
2873 2575 2937 2628 ἂν
2971 2575 3151 2646 εὕροις
3182 2576 3281 2630 καί
3314 2578 3440 2646 περὶ
3472 2575 3559 2628 τοῦ
3579 2573 3694 2628 1·ίοῦ

2131 2664 2417 2734 λεγόμενα,
2446 2666 2611 2738 χωρὶς
2642 2667 2798 2737 μόνου
2824 2665 2917 2718 τοῦ
2951 2664 3088 2721 εἶναι
3127 2667 3291 2720 αὐτὸν
3326 2667 3562 2738 Πατέρα,
3609 2683 3698 2718 κα-

2134 2756 2308 2825 θάπερ
2337 2757 2568 2826 εἴρηται.

2207 2847 2294 2900 50.
2319 2848 2380 2897 Εἰ
2404 2847 2500 2916 μὲν
2533 2848 2624 2899 ούν
2681 2846 2843 2915 ἄλλην
2880 2847 3050 2916 ἀρχὴν
3100 2846 3415 2916 ἐνθυμεῖταί
3459 2863 3560 2910 τις,
3614 2845 3700 2897 καὶ

2131 2936 2289 2990 ἄλλον
2321 2936 2541 3006 Πατέρα
2567 2935 2651 2988 διὰ
2670 2936 2730 2988 τὸ
2764 2935 2943 3000 ἰσάζον
2969 2937 3077 2990 τῶν
3119 2937 3451 3007 λεγομένων,
3490 2937 3698 3007 μανικὸν

2130 3027 2189 3080 τὸ
2215 3027 2523 3098 ἐνθύμημα·
2552 3027 2680 3079 εἰδὲ
2709 3027 2796 3080 διὰ
2849 3027 2910 3080 τὸ
2946 3029 3007 3080 ὲκ
3048 3025 3141 3080 τοῦ
3197 3029 3416 3098 Πατρὸς
3448 3022 3582 3080 εἶναι
3619 3025 3701 3079 τὸν

2132 3119 2278 3181 Υίὸν,
2306 3120 2483 3172 πάντα
2505 3117 2572 3170 τὰ
2601 3117 2689 3170 τοῦ
2732 3117 2964 3189 Πατρὸς,
3017 3117 3094 3181 ὡς
3135 3120 3191 3172 ἐν
3219 3120 3391 3171 εἰκόνι
3424 3121 3516 3172 καὶ
3537 3135 3698 3188 χαρα-

3371 3206 3627 3278 εὐμενῶς,
3655 3207 3699 3258 εἰ

2133 3299 2256 3369 ξένη
2289 3299 2442 3352 ούσία
2470 3301 2568 3369 τῆς
2590 3297 2681 3351 τοῦ
2712 3296 2923 3368 Πατρὸς
2951 3297 3135 3360 οὐσίας
3160 3298 3388 3370 δεκτικὴ
3407 3298 3514 3351 τῶν
3540 3297 3700 3350 τοιού-

2129 3410 2236 3445 των
2265 3392 2398 3444 ἐστί·
2441 3393 2535 3444 καὶ
2573 3393 2620 3444 εἰ
2651 3391 2679 3444 6
2698 3389 2932 3453 τοιοῦτος
2955 3390 3250 3461 ἑτεροφυὴς
3286 3393 3382 3445 καὶ
3406 3389 3704 3462 ἁλλοιτριού⁹

2133 3484 2246 3546 σιός
2415 3483 2550 3545 ἐστι,
2603 3483 2697 3535 καὶ
2741 3483 2838 3550 οὐχ
2883 3479 3162 3550 όμοούσιος
3206 3481 3290 3552 τῷ
3319 3481 3513 3553 Πατρί.
3541 3480 3701 3532 Εὐλα-

2132 3575 2323 3646 6ητέον
2357 3575 2462 3644 γὰρ
2487 3573 2560 3644 μὴ
2587 3573 2655 3627 τὰ
2687 3570 2779 3625 τοῦ
2811 3570 3023 3642 Πατρός
3055 3571 3162 3624 ίδια
3197 3574 3593 3643 μεταφέροντες
3618 3570 3704 3623 ἐπὶ

2129 3665 2190 3717 τὸ
2231 3664 2630 3732 ἁνομοιοούσιον
2653 3661 2818 3731 αύτῷ,
2843 3661 2935 3714 καὶ
2986 3663 3044 3713 ὲν
3066 3662 3447 3730 ἀνομοιογενεῖ
3482 3661 3574 3714 καὶ
3617 3659 3703 3713 ἀλ-

2131 3754 2474 3826 λοτριοουσίῳ
2515 3751 3002 3824 χαρακτηρίζοντες
3052 3751 3151 3822 τὴν
3193 3751 3291 3804 τοῦ
3509 3749 3708 3818 Πατρὸς

2133 3846 2381 3916 θεότητα.
2413 3845 2568 3912 ξένην
2603 3844 2698 3912 μὲν
2723 3842 2886 3911 ἄλλην
2925 3839 3224 3911 εἰσάξωμεν
3280 3841 3496 3908 οὐσίαν,
3534 3839 3704 3891 δεκτι-

2133 3940 2234 4007 κὴν
2260 3937 2368 3990 τῶν
2405 3939 2504 4006 τῆς
2536 3933 2756 4006 πρώτης
2787 3932 2971 3994 οὐσίας
3006 3931 3333 4001 ἰδιωμάτων,
3359 3929 3704 4003 ὲντραπῶμεν

2131 4029 2189 4082 δὲ
2218 4030 2306 4080 ὑπ’
2340 4026 2502 4080 αὑτοῦ
2525 4025 2618 4078 τοῦ
2651 4025 2782 4077 Θεοῦ
2854 4024 3121 4091 λέγοντος·
3190 4041 3208 4074 ι
3250 4023 3368 4094 Τὴν
3417 4022 3574 4085 δόξαν
3610 4037 3703 4090 μου

2134 4121 2303 4191 ἑτέρῳ
2326 4121 2384 4171 ού
2413 4117 2586 4171 δώσω·
2622 4137 2639 4167 ι
2680 4115 2771 4169 καὶ
2799 4115 3110 4185 εύρεθῶμεν
3162 4111 3604 4184 προσκυνοῦντες
3634 4107 3705 4179 τῷ

2135 4212 2415 4281 ἀλλοτρίῳ,
2449 4209 2540 4264 καὶ
2569 4207 2912 4278 νομισθῶμεν
2963 4201 3102 4258 εἶναι
3151 4203 3411 4267 τοιοῦτοι,
3444 4201 3548 4256 οἷοι
3575 4198 3706 4272 ἦσαν

2132 4303 2182 4354 οἱ
2213 4301 2331 4354 τότε
2373 4301 2613 4354 Ἰουδαῖοι
2668 4299 2934 4366 λέγοντεςο
2991 4313 3009 4346 ι
3052 4293 3150 4348 Διὰ
3205 4295 3259 4346 τί
3297 4297 3390 4358 σὺ,
3433 4292 3707 4364 ἄνθρωπος

2133 4392 2227 4456 ὣν,
2269 4394 2438 4454 ποιεῖς
2480 4391 2700 4444 σεαυτὸν
2924 4387 3085 4450 Θεόν;
3125 4404 3142 4435 ι
3192 4387 3285 4438 ὅτε
3343 4387 3459 4450 καὶ,
3507 4384 3575 4437 τὰ
3620 4380 3706 4434 τοῦ

2133 4482 2446 4553 Πνεύματος
2509 4481 2933 4552 μεταφέροντες,
2988 4478 3378 4547 εϐλασιρήμουν
3445 4476 3706 4544 λέγοντες,

476 4557 709 4626 Spiritus
754 4569 908 4613 erant
957 4560 1065 4614 alio
1119 4561 1542 4630 transferentes,
1595 4567 2027 4638 blasphemarent

2133 4572 2214 4625 ὅτι
2256 4593 2274 4625 ι
2327 4575 2413 4626 Ἐν
2441 4573 2764 4636 Βεελζεὸοὺλ
2795 4570 3044 4624 ἐκϐάλλει
3072 4570 3140 4623 τὰ
3189 4569 3469 4638 δαιμόνια.
3501 4586 3520 4619 ι
3564 4567 3623 4618 Εἰ
3658 4563 3709 4614 δὲ

473 4648 561 4702 liis
598 4649 819 4704 verbis:
862 4669 880 4700 ι
921 4648 978 4703 ln
1011 4650 1376 4706 Beelzebulem
1409 4655 1554 4722 ejicit
1595 4659 1858 4715 daemonia
1901 4655 1960 4715 ³⁵.
2005 4685 2025 4717 ι

469 4733 623 4800 Quod
657 4736 703 4790 si
749 4736 880 4788 illud
922 4734 1240 4788 indecorum
1274 4745 1356 4786 est
1379 4774 1393 4797 ,
1425 4743 1569 4786 certe
1604 4752 1713 4789 non
1751 4737 2033 4794 dissimilis

468 4825 787 4882 substantia:
818 4825 975 4880 fuerit
1010 4824 1200 4886 Filius,
1237 4828 1328 4881 sed
1356 4829 1838 4885 consubstantialis
1867 4831 2028 4884 Patri.

469 4914 677 4971 Etenim
725 4917 771 4970 si
805 4933 926 4984 qum
968 4917 1144 4973 Patris
1188 4928 1333 4982 sunt,
1373 4920 1693 4974 naturaliter
1733 4920 1853 4974 Filii
1885 4932 2032 4984 sunt,

469 5007 690 5075 ipseque
718 5004 889 5060 Filius
933 5023 997 5061 ex
1032 5008 1189 5064 Patre
1226 5020 1330 5074 est,
1379 5018 1433 5063 et
1465 5021 1682 5078 propter
1721 5011 2032 5080 hujusmodi

469 5099 736 5150 unitatem
771 5097 1071 5153 divinitatis
1099 5111 1151 5154 et
1182 5111 1416 5166 natura},
1457 5103 1570 5170 ipse
1598 5114 1648 5157 et
1675 5103 1832 5157 Pater
1863 5121 2032 5157 unum

466 5196 596 5241 sunt
619 5229 633 5253 ,
665 5196 719 5242 et
747 5189 842 5258 qui
872 5189 1003 5244 vidit
1033 5191 1226 5244 Filium
1259 5193 1388 5246 vidit
1415 5203 1467 5245 et
1497 5192 1744 5258 Patrem,
1783 5195 1972 5247 merito
2001 5211 2030 5246 τι

466 5277 722 5335 Patribus
761 5281 940 5335 dictus
985 5289 1068 5336 est
1102 5281 1581 5338 consubstantialis
1621 5305 1631 5337 :
1689 5300 1860 5353 neque
1888 5285 2032 5337 enim

466 5367 561 5436 qui
609 5369 832 5426 alterius
883 5381 1023 5426 esset
1083 5371 1416 5441 substantias,
1471 5375 1593 5425 talia
1661 5375 1856 5426 habere
1902 5387 2030 5442 pos-

467 5468 568 5513 εει.

539 5603 554 5634 ¹
591 5599 822 5671 Philipp.
857 5619 916 5667 ιι,
949 5605 999 5659 6.
1079 5606 1099 5636 ⁸
1132 5604 1291 5661 Deut.
1320 5621 1395 5672 Vl,
1428 5603 1480 5658 4.
1558 5605 1578 5635 ³
1612 5605 1750 5660 Psal.
1788 5624 1929 5669 ιιιιιι,
1975 5611 2020 5661 I.

466 5670 566 5741 275ζ
634 5673 653 5703 ⁷
684 5670 868 5726 Matth.
904 5689 974 5737 lx,
1005 5676 1058 5730 5.
1137 5679 1158 5708 ⁸
1193 5677 1352 5730 Marc.
1382 5670 1450 5741 ἰι,
1479 5675 1564 5728 ll.

470 5739 513 5770 ¹³
548 5737 647 5794 lsa.
681 5758 805 5810 xui,
837 5745 888 5798 8.
972 5747 1012 5776 “
1041 5747 1196 5800 Joan.
1230 5763 1280 5811 ιι,
1311 5747 1398 5800 5'5.
1439 5737 1447 5741 ⁷
1486 5746 1525 5777 ¹⁵
1559 5743 1691 5800 Luc.
1728 5763 1804 5810 ιι,
1843 5746 1918 5801 15.

2117 5611 2136 5640 ³
2163 5610 2306 5663 Psal.
2345 5623 2510 5673 vatt,
2541 5611 2634 5665 ‘27.

1642 5677 1703 5728 ’l
1742 5677 1884 5730 Tim.
1921 5679 2078 5738 1,17.

2135 4667 2289 4720 τοῦτο
2329 4665 2593 4735 ἀπρεπὲς,
2624 4664 2799 4732 δῆλον,
2829 4663 2910 4715 ὅτι
3087 4661 3184 4713 ούκ
3209 4657 3619 4728 ἀνομοιοούσιος
3649 4654 3706 4705 ἂν

2133 4743 2218 4814 εἰή
2257 4748 2285 4798 6
2305 4744 2450 4809 Υἱὸς,
2477 4746 2608 4800 ἀλλὰ
2634 4743 2914 4814 όμοούσιος
2955 4742 3032 4812 τῷ
3063 4743 3256 4813 Πατρί·
3296 4744 3394 4795 καὶ
3437 4743 3546 4814 γὰρ
3577 4744 3624 4793 εἰ
3650 4740 3712 4792 τὰ

2135 4832 2226 4884 τοῦ
2258 4834 2466 4902 Πατρός
2498 4832 2739 4901 φυσικῶς
2765 4831 2857 4885 τοῦ
2889 4832 3017 4884 Υἱοῦ
3053 4833 3218 4897 ἐστιν,
3253 4833 3424 4896 αὑτός
3452 4851 3510 4885 τε
3547 4836 3572 4886 6
3595 4832 3712 4892 Υίδς

2135 4924 2199 4976 ὲκ
2229 4921 2319 4974 τοῦ
2347 4923 2556 4993 Πατρός
2608 4925 2745 4986 ἐστι,
2780 4924 2875 4974 καὶ
2936 4923 3023 4976 διὰ
3059 4923 3156 4992 τὴν
3186 4923 3454 4995 τοιαύτην
3500 4922 3712 4990 ἑνότητα

2133 5015 2231 5082 τῆς
2264 5013 2513 5082 θεότητος
2543 5014 2756 5082 καὶτῆς
2780 5012 2990 5078 φύσεως
3017 5013 3176 5075 αὐτὸς
3207 5014 3302 5064 καὶ
3332 5016 3362 5066 6
3421 5015 3611 5080 Πατὴρ
3660 5010 3712 5058 ἓν

2133 5105 2260 5164 εἰσι,
2287 5105 2380 5156 καὶ
2421 5107 2448 5155 6
2510 5102 2770 5173 ἑωρακὼς
2796 5103 2886 5155 τὸν
2918 5102 3044 5155 Υἰὸν
3090 5102 3302 5173 ἑώρακε
3346 5102 3442 5156 τδν
3480 5096 3710 5170 Πατέρα,

2132 5194 2352 5255 εἰκότως
2381 5194 2570 5263 ἐλέχῡη
2602 5194 2749 5264 παρὰ
2770 5195 2874 5246 τῶν
2895 5195 3152 5264 Πατέρων
3186 5195 3497 5264 ὸμοούσιος·
3520 5193 3580 5248 οὐ
3613 5192 3711 5259 γὰρ

2134 5287 2462 5354 ἐτεροουσίου
2488 5285 2554 5338 τὰ
2578 5283 2798 5339 τοιαῦτα
2825 5285 2966 5355 ἔχειν
2999 5287 3136 5340 ἐστί.

2738 5610 2760 5642 ³
2794 5609 2937 5664 Psal.
2971 5625 3196 5675 uniti,
3229 5607 3282 5662 8.
3387 5611 3408 5639 '
3442 5607 3544 5661 lsa.
3578 5618 3723 5664 xtl".

2160 5678 2204 5712 "
2229 5682 2366 5735 l‘sal.
2398 5697 2554 5746 χχιιι,
2588 5683 2636 5734 7.
2718 5682 2758 5712 ¹¹
2798 5679 2930 5734 Dan.
2962 5695 3045 5745 ιιι,
3077 5679 3199 5734 100.
3275 5679 3319 5709 ³⁸
3349 5678 3481 5731 Dan.
3513 5692 3609 5742 vn,
3643 5675 3722 5726 li.
