4102 6298
291 351 394 414 635

1269 353 1640 415 PANOPLIA
1691 357 2149 422 DOGMATICA.
2187 382 2254 392 -
2297 358 2445 418 ΤΙΤ.
2483 361 2589 418 XL

3447 363 3550 423 486

365 462 530 516 Πάλιν
563 479 618 516 τε
657 463 725 527 εί,
773 464 908 517 καοὰ
947 464 1294 534 προείπομεν,
1327 465 1426 518 οὐκ
1469 468 1532 518 ὲκ
1569 467 1852 534 μετουσίας

2041 464 2271 519 Rursum
2321 465 2386 522 si.
2426 473 2587 533 prout
2636 479 2799 533 supra
2832 463 3086 528 diximus,
3132 479 3240 518 non
3281 481 3345 520 ex
3379 472 3549 536 parti-

291 557 437 610 ἐστὶν
475 557 502 608 6
537 556 662 616 Υἱός
689 575 702 588 ·
733 557 864 607 ἀλλὰ
898 556 964 607 τὰ
993 557 1092 623 μὲν
1121 557 1325 626 γενητά
1360 557 1536 610 πάντα
1573 559 1638 610 ὲκ
1677 573 1868 625 μετου-

292 650 411 709 σίας
440 647 552 716 ἔχει
585 647 680 714 τὴν
703 648 850 714 παρά
881 646 1013 698 Θεοῦ
1038 647 1218 716 χάριν,
1251 647 1412 710 αὐτὸς
1437 647 1493 699 δὲ
1527 645 1623 699 τοῦ
1657 646 1867 715 Πατρὸς

292 740 452 806 σοφία
478 739 582 794 καὶ,
603 739 770 804 Λόγος
803 739 972 800 ἐστὶν,
1003 731 1064 789 οὐ
1099 739 1317 807 μετέχει
1343 738 1413 791 τὰ
1441 740 1620 792 πάντα
1639 755 1652 768 ·
1685 738 1862 808 δῆλον,

287 831 371 883 ὅτι
399 829 556 891 αὐτᾶς
578 827 652 881 ὢν
679 829 738 879 τὸ
761 829 1002 880 θεοποιὸν
1026 832 1119 882 καὶ
1143 830 1467 898 φωτιστικδν
1497 829 1595 882 τοῦ
1626 831 1865 898 Πατρὸς,

287 923 346 973 ὲν
376 913 419 987 ᾧ
443 923 509 972 τὰ
541 922 717 971 πάντα
757 918 1082 972 θεοποιεῖται
1117 921 1209 972 καὶ
1253 920 1617 984 ζωοποιεῖται,
1648 923 1748 973 οὐκ
1779 921 1868 972 ἀλ-

289 1009 648 1080 λοτριοούσιός
678 1014 793 1060 ἐστι
816 1009 909 1061 τοῦ
942 1011 1174 1080 Πατρὸς,
1200 1010 1313 1062 ἀλλ’
1333 1011 1637 1080 ὁμοούσιος.
1663 1012 1866 1063 Τούτου

290 1105 394 1171 γάρ
421 1101 952 1170 μεταλαμϐάνοντες,
978 1101 1070 1153 τοῦ
1100 1102 1312 1172 [ἰατρὸς
1347 1103 1667 1171 μετέχομεν,
1697 1101 1784 1155 διὰ
1806 1102 1866 1154 τὸ

289 1194 377 1246 τοῦ
411 1193 622 1260 Πατρὺς
645 1189 783 1246 εἶναι
810 1193 939 1245 ῐδιον
968 1193 1058 1245 τὸν
1081 1193 1452 1259 Λόγον.”Οθεν
1475 1195 1522 1246 εί
1550 1189 1616 1262 ἦν
1645 1195 1710 1246 ὲκ
1741 1210 1866 1261 μετ-

284 1286 467 1344 οὐσίας
505 1287 598 1335 καὶ
647 1285 825 1347 αὐτὸς,
857 1285 951 1337 καὶ
988 1284 1062 1354 μὴ
1093 1286 1150 1350 ἐξ
1179 1284 1344 1337 αὑτοῦ
1371 1284 1634 1353 οὐσιὼδης
1668 1285 1860 1351 θεότης

285 1379 374 1428 καὶ
409 1374 572 1427 εἰκὼν
603 1376 693 1427 τοῦ
731 1376 962 1444 Πατρὺς,
985 1377 1082 1428 οὐκ
1110 1376 1178 1431 ἂν
1208 1376 1522 1445 ὲθεοποίησε
1573 1375 1859 1428 θεοποιοῦ-

283 1485 445 1534 μενος
477 1469 568 1519 καὶ
607 1467 789 1528 αὐτός.
818 1468 926 1518 Καὶ
951 1467 1050 1535 τὴν
1076 1467 1260 1520 αἰτίαν
1293 1467 1349 1519 δὲ
1389 1468 1557 1534 ὅμως,
1590 1467 1657 1519 δι’
1681 1468 1746 1536 ἦν
1778 1485 1857 1520 τι-

282 1575 388 1623 νες,
422 1556 498 1620 ὼς
525 1558 764 1623 λέγεται,
806 1557 1194 1627 παραιτοῦνται
1233 1557 1294 1610 τὸ
1332 1557 1634 1628 ὁμοούσιον,
1668 1557 1850 1622 ἐξετά-

275 1653 460 1706 σωμεν
492 1637 725 1707 ἀληθῶς,
766 1639 838 1708 μὴ
861 1639 968 1710 ἄρα
991 1639 1188 1707 μᾶλλον
1218 1643 1281 1692 ἐκ
1327 1642 1527 1711 ταύτης
1572 1643 1852 1711 ὀμοούσιος

275 1729 542 1782 δείκνυται
576 1731 603 1780 6
633 1729 759 1791 Υἱὸς
790 1729 868 1798 τῷ
897 1731 1090 1801 Πατρί.
1137 1733 1273 1784 Φασὶ
1319 1734 1514 1798 τοίνυν,
1568 1735 1641 1799 ὡς
1694 1737 1851 1806 ὑμεῖς

276 1821 573 1890 ἐγράψατε,
604 1820 676 1888 μὴ
707 1823 899 1889 χρῆναι
947 1821 1120 1888 λέγειν
1153 1823 1433 1892 ὁμοούσιον
1473 1827 1560 1880 τὸν
1607 1827 1732 1880 Υίὸν
1773 1825 1852 1896 τῷ

277 1909 472 1976 Πατρὶ,
501 1907 582 1959 ὅτι
605 1909 633 1959 6
660 1908 830 1974 λέγων
855 1909 1134 1978 ὁμοούσιον
1170 1913 1294 1983 τρία
1325 1915 1493 1982 λέγει,
1524 1916 1710 1970 οὐσίαν
1731 1918 1852 1973 τινὰ

277 1997 786 2067 προϋποκειμένην,
854 1999 948 2051 καὶ
1015 2002 1138 2064 τοὺς
1188 2003 1251 2054 ἐκ
1314 2005 1516 2074 ταύτης
1570 2009 1849 2077 γεννωμέ-

273 2103 399 2148 νους
594 2088 908 2156 ὁμοουσίους
964 2085 1124 2142 εἶναι·
1181 2093 1274 2144 καὶ
1327 2095 1684 2163 ἐπιλέγουσιν·
1729 2100 1852 2152 Ἐὰν

273 2172 365 2228 οὖν
408 2178 436 2228 6
468 2175 593 2239 Υἱὸς
649 2177 929 2246 ὁμοσύσιος
1061 2181 1137 2249 τῷ
1194 2184 1402 2251 Πατρὶ,
1454 2187 1664 2258 ἀνάγκη
1722 2207 1853 2260 προ-

276 2265 592 2318 ϋποκεῖσθαι
622 2267 798 2319 αὐτῶν
827 2268 1029 2335 οὐσίαν,
1050 2271 1107 2336 ἐξ
1129 2267 1194 2341 ἧς
1223 2276 1314 2325 καὶ
1345 2276 1726 2348 ἐγεννήθησαν,
1759 2283 1852 2334 καὶ

277 2355 353 2425 μὴ
381 2352 522 2409 εἶναι
543 2357 632 2409 τὸν
657 2359 753 2427 μὲν
789 2361 1024 2431 Πατέρα,
1071 2364 1162 2414 τὸν
1191 2364 1247 2416 δὲ
1285 2366 1426 2430 Υίὸν,
1462 2367 1576 2420 ἀλλ’
1610 2370 1850 2438 ἀμφοτέ-

275 2464 405 2518 ρους
438 2447 713 2515 ἀδελφούς.
753 2449 936 2504 Ταῦτα
965 2453 1013 2502 εί
1063 2453 1156 2504 καὶ
1206 2454 1470 2522 Ἑλλήνων
1495 2457 1632 2510 είσὶν
1678 2460 1850 2528 ἑρμη-

274 2539 436 2597 νεῖαι,
474 2537 564 2588 καὶ
595 2537 694 2589 οὐκ
719 2539 988 2598 ἀναγκαῖα
1022 2541 1150 2609 ἡμῖν
1205 2541 1272 2593 τὰ
1313 2545 1440 2614 παρ’
1467 2545 1706 2599 ἐκείνων
1737 2547 1849 2599 ἀλλ’

277 2624 477 2694 ἴδωμεν
505 2625 574 2678 τὰ
618 2626 880 2696 εἰρημένα
936 2628 1004 2680 τὰ
1032 2629 1305 2697 ὁμοούσια,
1366 2630 1433 2682 τὰ
1483 2633 1546 2684 ἐκ
1585 2633 1682 2700 τῆς
1720 2652 1851 2703 προ-

275 2715 572 2784 νοουμένης
739 2717 927 2779 οὐσίας
949 2716 1172 2787 ἀδελφὰ,
1209 2720 1435 2791 πότερον
1470 2723 1675 2776 ἑαυτῶν
1714 2727 1848 2778 εἰσιν

273 2805 555 2875 ὀμοούσια,
590 2805 622 2875 ἢ
667 2805 764 2873 τῆς
795 2805 982 2868 οὐσίας
1011 2806 1071 2871 ἐξ
1101 2805 1168 2878 ἧς
1230 2810 1324 2862 καὶ
1377 2812 1760 2882 ἐγεννήθησαν
1799 2815 1847 2866 εί

281 2897 375 2966 μὲν
398 2895 508 2966 γὰρ
540 2895 767 2958 ἑαυτῶν,
797 2897 1109 2967 ἑτεροούσια
1153 2900 1246 2952 καὶ⁵
1267 2900 1490 2970 ἀνόμοια
1514 2902 1664 2954 ἔσται
1715 2903 1848 2973 πρὸς

279 2985 372 3054 τὴν
398 2986 739 3053 γεννήσασαν
788 2985 929 3037 αὐτὰ
986 2987 1190 3040 οὐσίανο
1251 2989 1551 3044 ἀντίκειται
1609 2991 1716 3061 γὰρ
1769 2993 1848 3062 τῷ

276 3077 543 3147 ὁμοουσίῳ
565 3076 626 3128 τὸ
653 3076 1006 3147 ὲτεροούσιον·
1055 3080 1105 3130 εἰ
1140 3078 1196 3132 δὲ
1225 3081 1321 3150 τῆς
1348 3084 1683 3153 γεννησάσης
1710 3083 1848 3137 αὐτά

271 3169 461 3231 οὐσίας
482 3169 629 3220 ἐστὶν
670 3169 892 3220 ἕκαστον
917 3169 1215 3238 ὁμοούσιον,
1255 3171 1431 3240 δῆλον,
1460 3174 1540 3226 ὃτι
1701 3175 1759 3226 τὸ
1787 3175 1849 3228 ἐκ

1973 555 2245 625 cipatione
2276 555 2344 609 sit
2387 554 2593 610 Filius:
2626 557 2719 609 sed
2759 557 2974 626 opiticia
3011 555 3232 626 quidem
3275 559 3456 612 omnia
3484 576 3550 613 ex

1973 647 2390 717 participatione
2437 647 2529 700 Dei
2560 647 2786 716 gratiam
2826 648 3081 709 habeant,
3120 652 3238 718 ipse
3287 666 3416 703 vero
3447 649 3548 712 Pa-

1975 738 2072 790 tris
2127 735 2397 804 sapientia
2447 747 2502 789 et
2541 736 2772 789 Verbum
2821 739 2910 801 sit,
2967 738 3186 806 quicum
3236 740 3547 792 communia

1972 829 2134 883 habet
2163 830 2345 882 omnia
2374 846 2389 881 :
2421 839 2570 881 certe
2597 844 2719 882 eum
2755 829 2824 882 sit
2857 829 2972 896 ipse
3011 830 3060 882 id
3091 847 3200 898 quo
3237 830 3391 885 Pater
3426 831 3546 885 dei-

1967 925 2091 978 ﬁeat
2124 932 2180 976 et
2209 923 2497 985 illuminat,
2532 923 2586 974 in
2615 936 2724 989 quo
2763 922 2973 974 scilicet
3011 922 3191 974 omnia
3225 922 3550 976 deiﬁcantnr

1962 1023 2018 1068 et
2073 1013 2432 1075 viviﬁcatttur,
2465 1028 2570 1065 non
2609 1013 2797 1065 aliente
2835 1028 2862 1065 a
2902 1012 3062 1066 Patre
3093 1013 3408 1066 substantiae
3441 1022 3543 1078 est,

1964 1105 2058 1160 sed
2117 1103 2622 1166 cunsubstantialis.
2691 1103 2862 1173 Hujus
2933 1103 3075 1157 enim
3134 1105 3548 1172 participatione

1965 1195 2142 1249 Patris
2174 1194 2464 1263 participes
2495 1193 2778 1257 eﬂieimur,
2817 1209 2882 1248 eo
2925 1195 3068 1262 quod
3107 1196 3224 1263 ipse
3263 1195 3544 1264 proprium

1960 1284 2135 1338 Patris
2193 1285 2262 1337 sit
2294 1284 2552 1337 Verbum.
2596 1283 2748 1336 Unde
2801 1284 2842 1336 si
2903 1284 3020 1352 ipse
3067 1301 3284 1354 quoque
3320 1300 3382 1338 ex
3418 1300 3534 1351 par-

1957 1375 2268 1442 ticipatione
2296 1385 2458 1434 esset.
2489 1387 2544 1429 et
2570 1392 2676 1430 non
2711 1393 2776 1429 ex
2828 1392 2885 1428 se
2930 1377 3303 1430 substantialis
3334 1376 3536 1430 divini.

1955 1477 2036 1520 tas
2067 1477 2121 1521 et
2176 1467 2353 1535 imago
2387 1466 2582 1528 Patris,
2635 1481 2739 1518 non
2787 1466 3064 1520 deificaret
3111 1467 3266 1529 alios,
3315 1482 3437 1519 cum
3489 1477 3544 1520 et

1950 1555 2065 1626 ipse
2104 1555 2386 1609 deiﬁcatus
2444 1567 2607 1608 esset.
2642 1555 2872 1609 Causam
2924 1565 3106 1610 tamen
3148 1572 3244 1609 cur
3299 1558 3542 1624 quidamv

1973 1642 2032 1684 ut
2068 1630 2260 1697 fertur,
2290 1635 2750 1690 consubstantiale
2784 1651 3057 1706 respuant,
3091 1643 3301 1697 sincere
3333 1647 3540 1699 exarui--

1971 1739 2185 1789 nemus,
2223 1741 2289 1777 an
2326 1741 2434 1779 non
2477 1727 2646 1796 magis
2673 1743 2738 1781 ex
2770 1729 2855 1782 illa
2889 1732 3000 1799 ipsa
3037 1733 3205 1789 Filius
3229 1735 3374 1790 Patri
3410 1753 3541 1793 con-

1971 1817 2348 1872 Substantialis
2378 1820 2713 1872 ostendatur.
2744 1821 2910 1874 Aiunt
2962 1823 3143 1892 igitur,
3182 1836 3237 1879 ut
3265 1843 3358 1882 vos
3402 1830 3538 1884 scri-

1971 1907 2180 1977 psistis,
2211 1906 2409 1962 Filium
2440 1907 2582 1962 Patri
2620 1913 3138 1968 consubstantialem
3170 1916 3277 1971 diei
3311 1920 3535 1974 minime

1969 1998 2187 2064 debere,
2226 2000 2353 2066 quia
2383 1999 2476 2067 qui
2503 2001 2636 2053 dicit
2663 2005 3203 2073 consubstantialem,
3237 2010 3336 2062 tria
3380 2010 3530 2076 dicit,

1969 2090 2328 2144 substantiam
2356 2091 2610 2160 aliquam,
2640 2109 2760 2162 qua:
2801 2097 2947 2163 prius
2989 2098 3284 2167 subjaeeat,
3335 2113 3389 2155 et
3439 2118 3533 2156 eos

1968 2178 2061 2246 qui
2094 2195 2155 2231 ex
2189 2178 2280 2232 illa
2306 2181 2466 2248 geniti
2495 2191 2622 2234 sunt
2653 2198 2772 2236 esse
2798 2185 3287 2241 consubstantiales
3325 2208 3337 2242 :
3372 2201 3533 2260 atque

1971 2269 2097 2321 hinc
2125 2269 2494 2324 concludunt:
2529 2269 2583 2324 Si
2615 2287 2742 2341 ergo
2768 2272 2936 2329 Filius
2987 2277 3058 2329 sit
3101 2276 3249 2331 Patri
3291 2283 3530 2335 consub-

1969 2360 2258 2427 stantialis,
2301 2376 2522 2416 necesse
2554 2373 2636 2416 est
2676 2365 2825 2432 prius
2861 2367 3141 2434 subjacere
3173 2385 3360 2423 eorum
3398 2374 3532 2426 sub.

1969 2451 2224 2503 stantiam
2255 2466 2320 2505 ex
2353 2466 2460 2520 qua
2495 2453 2656 2522 geniti
2692 2455 2819 2517 sint,
2851 2469 2900 2509 et
2934 2473 3038 2510 non
3079 2474 3199 2513 esse
3232 2462 3380 2515 illum
3427 2463 3528 2516 Pa-
3621 2521 3628 2530 ,

1969 2552 2125 2604 trcm,
2158 2542 2300 2596 hune
2321 2541 2538 2609 Filium,
2572 2546 2666 2599 sed
2697 2548 2886 2601 ambos
2922 2548 3134 2602 fratres.
3170 2550 3291 2605 HlPC
3315 2557 3526 2607 tametsi

1966 2634 2311 2688 ethnicorum
2340 2645 2466 2689 sunt
2495 2637 2900 2705 explicationes,
2937 2655 3144 2708 nosque
3174 2643 3308 2695 nihil
3338 2660 3526 2698 eorum

1965 2739 2187 2793 egemus
2220 2727 2521 2780 ratiociniis
2557 2742 2569 2777 :
2610 2729 2964 2784 nihilominus
3013 2733 3294 2788 videamus
3344 2745 3526 2789 utrum

1967 2815 2056 2867 illa
2089 2817 2593 2881 consullstantialia,
2625 2834 2745 2886 qua:
2779 2836 2900 2874 cum
2942 2838 3006 2876 ex
3053 2824 3204 2893 prius
3256 2826 3528 2882 intellecta

1965 2906 2270 2960 substantia
2313 2906 2441 2969 sint,
2482 2906 2674 2962 fratres
2717 2910 2991 2975 dicuntur,
3043 2915 3145 2967 sibi
3196 2927 3404 2984 mutuo,
3456 2935 3526 2972 an

1964 2996 2283 3050 substantiae
2304 3011 2368 3050 ex
2395 3013 2500 3065 qna
2541 3008 2657 3052 orta
2689 3011 2848 3065 sunt,
2883 3003 2990 3057 sint
3017 3007 3521 3062 consubstantialia.

1964 3087 2022 3141 Si
2057 3087 2202 3140 enim
2252 3088 2350 3142 sibi
2394 3097 2620 3153 mutuo;
2657 3090 2879 3145 diversze
2919 3109 3048 3162 ergo
3091 3098 3428 3162 substantia},
3461 3116 3526 3153 ac

1963 3177 2247 3231 dissimilia
2279 3187 2439 3231 erunt
2463 3179 2779 3234 substantia:
2811 3197 2840 3234 a
2864 3198 2970 3251 qua
2992 3192 3167 3238 ortum
3207 3186 3478 3241 duxerunt
3505 3205 3520 3240 :
3552 3184 3556 3188 ’

270 3275 415 3320 τινος
443 3257 776 3328 γεννώμενον
803 3259 1082 3328 ὀμοούσιόν
1137 3262 1250 3313 ἐστι
1281 3261 1359 3332 τῷ
1385 3264 1720 3334 γεννήσαντν
1757 3268 1849 3317 καὶ

1964 3269 2254 3337 opponitur
2291 3269 2433 3323 enim
2466 3272 2936 3336 consubstantiali,
2970 3276 3112 3342 quod
3143 3287 3316 3330 estex
3342 3277 3521 3332 diver-

273 3348 460 3403 οὐκέτι
495 3350 597 3426 χρὴ
627 3348 806 3419 ζητεῖν
829 3353 976 3420 τρεῖς
1007 3352 1212 3414 οὐσίας,
1249 3352 1381 3406 ἀλλά
1446 3355 1604 3424 μόνον
1647 3355 1846 3424 ζητεῖν,

273 3442 323 3492 εἰ
347 3441 466 3492 τῶε
498 3440 694 3509 ἀληθὲς
716 3441 780 3492 ὲκ
807 3440 960 3492 τοῦδέ
991 3442 1125 3494 ἐστι.
1170 3441 1286 3495 Κᾶν
1307 3443 1414 3514 γὰρ
1448 3446 1626 3516 συμϐῇ
1660 3445 1733 3515 μὴ
1771 3442 1849 3498 εἷ-

274 3549 362 3582 ναι
390 3529 485 3582 δύο
510 3529 788 3596 ἀδελφοὺς,
821 3529 952 3582 ἀλλά
985 3531 1080 3583 καὶ
1114 3532 1271 3601 μόνον
1298 3533 1392 3587 ἕνα
1421 3533 1480 3598 ἐξ
1500 3534 1711 3604 ἐκείνης
1752 3536 1850 3601 τῆς

274 3622 465 3681 οὐσίας
515 3619 784 3686 γενέσθαι,
830 3620 892 3672 οὐ
925 3619 1012 3672 διὰ
1057 3620 1119 3674 τὸ
1148 3622 1225 3692 μὴ
1281 3618 1416 3675 εἶναι
1463 3624 1668 3695 ἕτερον,
1699 3624 1852 3677 ἀλλο-

274 3711 578 3782 τριοούσιος
776 3711 841 3764 ἂν
875 3712 1089 3783 λεχθείη
1146 3715 1175 3765 6
1219 3715 1516 3784 γεννηθείς·
1577 3715 1712 3769 ἀλλά
1757 3719 1850 3770 κα)⁸

278 3802 439 3871 μόνος
467 3800 562 3864 ὣν,
584 3801 669 3870 εἴη
703 3802 768 3855 ἂν
795 3803 888 3855 καὶ
919 3804 1080 3865 αὐτὸς
1102 3804 1383 3874 ὁμοούσιος
1404 3805 1482 3875 τῷ
1509 3808 1847 3876 γεννήσαντι.

289 3891 444 3944 Ἐπεὶ
464 3891 516 3942 τί
538 3889 603 3942 ἂν
626 3891 870 3958 εἴποιμεν
893 3892 1017 3961 περὶ
1050 3894 1147 3962 τῆς
1328 3894 1594 3966 θυγατρὸς
1617 3895 1710 3948 τοῦ
1753 3899 1848 3948 Ἰε-

275 3979 438 4048 φθάε,
464 3980 544 4030 ὅτι
582 3981 873 4050 μονογενὴς
897 3977 985 4051 ἦν’
1019 4001 1036 4030 ι
1058 3981 1160 4034 Καὶ
1184 3984 1284 4035 οὐκ
1307 3979 1396 4054 ἦν,
1423 4003 1441 4034 ι
1465 3985 1646 4053 φησὶν,
1681 4004 1698 4034 ι
1724 3985 1851 4037 ἄλλο

270 4070 464 4123 τέκνον
486 4066 654 4136 αὐτῷ,
684 4085 701 4118 ι
742 4069 837 4120 καὶ
868 4068 996 4136 περὶ
1040 4067 1132 4122 τοῦ
1179 4069 1297 4123 υἱοῦ
1333 4071 1387 4124 δὲ
1423 4072 1526 4140 τῆς
1563 4073 1758 4144 χήρας,
1793 4072 1853 4126 ὃν

267 4161 497 4230 ἧγειρεν
535 4161 600 4212 ἐκ
629 4159 838 4229 νεκρῶν
859 4161 886 4212 6
907 4159 1132 4232 Κύριος,
1166 4161 1247 4215 ὅτι
1274 4163 1369 4214 καὶ
1391 4164 1549 4226 αὐτὸς
1575 4165 1676 4217 οὐκ
1703 4160 1850 4233 εἶχεν

267 4249 524 4316 ἀδελφὸν,
553 4248 690 4301 ἀλλά
723 4249 1014 4318 μονογενὴς
1045 4247 1112 4321 ἦν
1135 4268 1150 4283 ·
1187 4248 1297 4321 ἆρα
1327 4253 1426 4306 οὐκ
1467 4249 1534 4324 ἧν
1564 4254 1848 4324 ὀμοούσιος

267 4340 499 4401 ἕκαστος
563 4339 744 4391 αὐτῶν
799 4339 875 4408 τῷ
937 4341 1288 4410 γεννήσαντι;
1347 4343 1442 4395 καὶ
1512 4343 1619 4414 μὴν
1673 4340 1849 4413 ἦσαν,

265 4432 436 4483 τέκνα
465 4429 574 4498 γὰρ
609 4425 748 4500 ἦσαν
769 4444 783 4460 '
816 4431 907 4482 καὶ
953 4431 1111 4484 τοῦτο
1139 4432 1344 4487 τέκνων
1392 4433 1522 4487 ἴδιόν
1569 4435 1684 4486 ἐστι
1717 4434 1852 4503 πρὸς

266 4520 488 4588 γονέας.
531 4519 691 4572 Οὐτω
743 4521 962 4574 καὶτὸν
1010 4522 1103 4574 τοῦ
1153 4523 1288 4576 Θεοῦ
1337 4523 1466 4577 Υἱδν
1519 4523 1583 4576 ὲκ
1613 4524 1710 4592 τῆς
1762 4523 1854 4575 οὐ-

1964 3376 2023 3416 sa
2074 3361 2395 3414 substantia.
2431 3361 2586 3426 Quod
2633 3364 2676 3416 si
2723 3373 3012 3433 utrumque
3061 3368 3528 3424 consubstantiale

1961 3453 2034 3507 sit
2087 3452 2404 3506 substantia:
2437 3469 2466 3506 a
2514 3470 2618 3522 qua
2655 3464 2830 3508 ortum
2865 3457 3054 3516 duxit,
3105 3474 3229 3511 nam
3281 3459 3330 3512 id
3383 3470 3527 3516 certe

1962 3544 2106 3611 quod
2135 3560 2197 3596 ex
2236 3543 2343 3596 alio
2374 3544 2618 3598 nascitur
2644 3547 2691 3600 ei
2723 3548 2813 3614 qui
2845 3563 2902 3602 se
2942 3551 3128 3616 genuit
3159 3559 3241 3603 est
3287 3551 3526 3605 consub-

1962 3633 2244 3698 stantiale;
2275 3649 2381 3687 non
2406 3634 2542 3687 ultra
2570 3645 2694 3689 sunt
2719 3638 3020 3704 quaerenda:
3044 3647 3152 3692 tres
3173 3639 3520 3694 substantia):

1963 3719 2058 3774 sed
2098 3720 2150 3774 id
2178 3721 2352 3775 solum
2389 3722 2846 3792 investigandum,
2889 3743 3017 3778 num
3054 3728 3155 3780 hoc
3184 3744 3310 3781 vere
3339 3745 3401 3782 ex
3433 3730 3526 3783 illo

1963 3810 2053 3864 sit.
2087 3808 2220 3863 Nam
2261 3811 2362 3866 etsi
2394 3813 2671 3882 contingat
2704 3829 2809 3867 non
2847 3831 2966 3868 esse
2994 3817 3132 3870 duos
3162 3816 3359 3872 fratres
3383 3859 3397 3882 ,
3431 3817 3526 3872 sed

1962 3895 2184 3956 unicum
2211 3917 2277 3956 ex
2312 3903 2402 3956 illa
2435 3904 2734 3958 substantia
2767 3916 2947 3960 ortum
2984 3922 3102 3959 esse
3133 3925 3146 3959 :
3179 3921 3244 3958 eo
3272 3908 3416 3976 quod
3441 3907 3526 3960 al-

1962 4005 2044 4051 ter
2075 4007 2180 4045 non
2209 3993 2298 4053 sit,
2331 4007 2671 4061 nequaquam
2706 3996 2798 4060 qui
2829 4004 2987 4048 natus
3011 4005 3112 4054 est.
3147 3996 3373 4049 diversae
3398 3999 3528 4050 sub-

1959 4072 2174 4128 stantia:
2227 4072 2475 4135 dicatur;
2522 4071 2638 4133 sed,
2684 4069 2811 4124 licet
2884 4068 3030 4122 solus
3087 4067 3176 4132 sit,
3210 4067 3314 4121 erit
3361 4076 3536 4120 tamen

1961 4170 2017 4214 et
2047 4161 2162 4229 ipse
2193 4161 2241 4214 ci
2294 4161 2385 4229 qui
2438 4175 2496 4215 se
2536 4160 2726 4229 genuit
2768 4157 3268 4225 consubstantialis.
3322 4157 3539 4226 Alioqui

1954 4250 2081 4318 quit
2111 4251 2408 4302 dixerimus
2437 4249 2503 4302 de
2527 4249 2631 4301 [ilia
2650 4245 2909 4314 Jephthe,
2931 4261 3049 4313 quae
3076 4244 3352 4314 unigenita
3385 4257 3534 4297 erat:

1961 4357 1978 4388 ι
2025 4341 2086 4392 Et
2127 4355 2235 4392 non
2277 4340 2527 4402 habebat,
2566 4357 2584 4390 ι
2649 4338 2744 4403 ait,
2775 4355 2792 4388 ι
2833 4337 2968 4390 alios
3012 4335 3208 4389 liberos
3245 4335 3299 4399 ¹;
3335 4353 3352 4385 ι
3388 4335 3540 4388 etde

1955 4429 2065 4483 ﬁlio
2104 4429 2282 4483 vidua:
2327 4445 2489 4497 quem
2528 4429 2786 4481 Dominus
2835 4443 2897 4480 ex
2956 4427 3186 4480 mortuis
3231 4424 3536 4489 Suscitavit,

1951 4524 2045 4591 qui
2073 4532 2125 4577 et
2165 4523 2282 4591 ipse
2341 4521 2564 4575 fratrem
2609 4536 2718 4575 non
2777 4519 3030 4579 habebat,
3078 4517 3174 4572 sed
3225 4517 3538 4584 unigenitus

266 4608 395 4670 σίας
449 4609 696 4672 εἰπόντες
731 4611 780 4662 oi
833 4611 1092 4678 Πατὲρες,
1149 4611 1376 4674 εἰκότως
1427 4612 1521 4665 καὶ
1570 4591 1851 4680 ὁμοούσιον

1961 4615 2108 4666 erat'
2139 4629 2150 4664 :
2186 4628 2253 4665 an
2294 4623 2523 4680 uterque
2571 4611 2617 4665 ei
2653 4611 2830 4680 quise
2866 4617 3130 4678 genuerat
3181 4609 3540 4660 consubstan-

262 4701 548 4769 εἰρήκασι.
600 4699 832 4753 Ἐπεται
884 4701 940 4752 δὲ
979 4700 1186 4760 τούτοις
1246 4701 1378 4771 μηδὲ
1417 4702 1516 4770 τὴν
1563 4702 1738 4754 κτίσιν
1790 4703 1852 4753 ἐκ

261 4789 364 4842 τοῦ
400 4790 474 4858 μὴ
507 4789 655 4853 ὄντος
712 4793 1015 4859 γεγονέναι.
1052 4794 1112 4845 Οἱ
1162 4795 1271 4862 γὰρ
1307 4794 1447 4846 κατά
1497 4793 1666 4856 πάθος
1724 4810 1851 4860 γεν-

261 4882 471 4942 νῶντες
500 4882 799 4951 ἄνθρωποι,
834 4883 992 4936 αὐτο)⁵
1045 4886 1138 4936 καὶ
1167 4885 1264 4954 τὴν
1312 4885 1682 4954 ὑποκειμένην
1719 4884 1850 4952 ’ὐλην

260 4971 617 5040 ἐργάζονται,
647 4975 742 5026 καὶ
773 4973 946 5036 ἄλλως
973 4975 1071 5027 οὐκ
1094 4975 1159 5028 ἂν
1188 4975 1437 5028 δύναιντο
1471 4979 1647 5029 ποιεῖν
1674 4994 1686 5006 ·
1721 4977 1768 5028 εξ
1795 4975 1850 5028 δὲ

256 5062 329 5114 τὸ
365 5063 570 5127 κτίζειν
601 5065 701 5117 οὐκ
721 5065 1079 5136 ἀνθρωπίνως
1105 5067 1332 5136 νοοῦμεν
1355 5069 1447 5120 ἐπὶ
1479 5068 1639 5129 Θεοῦ,
1671 5067 1850 5137 πολλῷ

261 5153 477 5224 μᾶλλον
500 5156 619 5208 οὐδὲ
648 5155 709 5209 τὸ
742 5161 937 5227 γεννᾷν
967 5159 1327 5228 ἀνθρωπίνως
1360 5161 1558 5228 πρέπει
1587 5163 1726 5212 νοεῖν
1757 5161 1850 5213 ἐπὶ

255 5244 428 5308 Θεοῦ,
469 5247 589 5300 οὐδὲ
638 5247 697 5300 τὸ
732 5249 1018 5316 ὁμοούσιον
1080 5252 1407 5320 σωματικῶς
1460 5252 1846 5323 ἐκλαμϐάνειν,

258 5334 390 5391 ἀλλ’
422 5337 725 5407 ἀναχωρεῖν
755 5339 832 5392 δεῖ
883 5340 992 5392 ἀπὸ
1020 5340 1125 5393 τῶν
1185 5341 1450 5409 γενητῶν,
1507 5343 1604 5396 καὶ
1659 5343 1847 5393 ἀποτι-

257 5427 460 5491 θέντας
493 5431 642 5484 κάτω
695 5447 795 5483 που
827 5431 924 5491 τὰς
963 5433 1312 5501 ἀνθρωπίνας
1358 5432 1572 5496 εἰκόνας
1616 5433 1710 5485 καὶ
1745 5433 1850 5486 πά-

257 5536 368 5582 σας
409 5519 594 5586 ἁπλῶς
628 5522 728 5585 τὰς
757 5521 1058 5592 αἰσθήσεις,
1091 5523 1301 5580 ἀνιέναι
1354 5525 1446 5578 ἐπὶ
1481 5525 1572 5581 τὸν
1615 5524 1834 5595 Πατέρα

304 5723 364 5795 ,⁸
395 5721 522 5777 Jud.
550 5740 620 5785 xi,
655 5724 732 5778 5-4.
833 5725 851 5754 ³
881 5723 1012 5780 an.
1048 5740 1143 5788 vn,
1177 5723 1260 5781 1‘3.

1951 4698 2094 4756 tialis
2150 4714 2258 4751 non
2293 4698 2450 4752 erat?
2485 4699 2650 4752 Erant
2702 4698 2882 4767 plane,
2935 4712 3060 4750 nam
3122 4694 3278 4748 liberi
3329 4704 3532 4747 erant:

1951 4781 2108 4856 idque
2138 4787 2416 4858 proprium
2451 4789 2642 4843 liberis
2676 4796 2761 4841 est
2802 4803 2930 4858 erga
2967 4795 3220 4854 parentes
3249 4800 3401 4847 suos,
3439 4783 3476 4840 S
3501 4801 3532 4840 c

1950 4896 2071 4934 cum
2103 4879 2286 4936 Patres
2316 4882 2405 4936 Dei
2455 4882 2649 4935 Filium
2686 4897 2748 4935 ex
2783 4881 2902 4950 ejus
2934 4881 3236 4933 substantia
3267 4879 3529 4945 dixerint,

1951 4973 2144 5027 merito
2194 4982 2249 5027 et
2305 4973 2820 5027 consubstantialem
2853 4972 3130 5025 dixerunt.
3169 4970 3309 5024 Hinc
3349 4981 3531 5024 autem

1947 5063 2231 5131 sequitur,
2295 5079 2472 5131 neque
2528 5073 2738 5116 creatas
2796 5078 2883 5116 res
2934 5079 2997 5116 ex
3058 5077 3167 5116 non
3232 5062 3532 5117 cxsistente

1950 5155 2118 5208 factas
2172 5170 2313 5211 esse.
2374 5155 2636 5210 llomines
2709 5155 2854 5209 enim
2931 5155 3033 5224 ipsi
3084 5155 3174 5223 qui
3235 5171 3358 5208 cum
3408 5169 3532 5222 pas-

1949 5248 2102 5300 sione
2135 5247 2316 5314 aliqua
2367 5248 2614 5316 gignunt,
2649 5247 2700 5300 in
2753 5246 3073 5316 subjaeente
3119 5247 3346 5300 materia
3397 5258 3530 5311 ope-

1951 5350 2166 5399 rantur,
2197 5351 2298 5390 ncc
2333 5337 2489 5390 aliter
2516 5337 2811 5406 quidquam
2841 5337 3019 5392 facere
3051 5336 3344 5405 potuerint.
3373 5331 3528 5396 Quod

1951 5428 1996 5482 si
2040 5429 2260 5482 creandi
2302 5428 2523 5482 modum
2575 5428 2627 5482 in
2669 5427 2778 5483 Deo
2811 5443 2922 5481 non
2963 5429 3204 5480 humano
3255 5438 3407 5478 more
3447 5422 3530 5475 in-
3601 5492 3611 5498 _

1954 5520 2270 5590 telligimus,
2300 5519 2472 5576 multo
2513 5519 2692 5575 minus
2727 5518 2981 5590 gignendi
3031 5517 3086 5571 in
3134 5516 3254 5585 ipso
3316 5511 3525 5567 intelli-
