4032 6288
448 2490 459 2500 -
537 2454 750 2507 aiebant
779 2470 791 2505 :
817 2470 835 2501 (
859 2450 1083 2504 Factum
1116 2459 1198 2504 est
1222 2450 1456 2504 Verbum
1478 2449 1690 2502 Domini
1721 2451 1786 2502 ad
1809 2464 1894 2501 me

528 353 634 417 487

1765 329 2114 391 EUTHYMI

2232 328 2537 388 lGABENl
3640 329 3730 393 488

528 479 655 534 gere
681 462 915 515 humano
943 473 1093 514 more
1125 457 1409 513 debemus,
1439 465 1614 519 neque
1646 460 1910 516 corporeo
1940 443 2101 496 modo

2226 444 2282 511 ιὴ
2311 441 2563 508 λάθωμεν
2601 435 2960 504 ἀφαιροῦντες
2992 434 3081 484 τὸν
3125 433 3251 484 Υἱδν
3276 433 3377 485 ἀπὸ
3405 435 3490 486 τοῦ
3525 437 3729 509 Πατρδςι

531 553 996 609 consubstantiale
1043 549 1311 616 aet-ipere.
1364 543 1468 598 Sed
1519 539 1882 594 recedendum
1943 535 2104 587 nobis

2213 538 2306 586 καὶ
2346 531 2726 600 προστιθέντες
2755 531 2868 590 τοῖς
2893 526 3084 578 ἑαυτοῦ
3121 525 3397 592 κτίσμασι.

531 655 617 701 est
643 660 672 700 a
700 645 864 698 rebus
916 641 1090 702 factis,
1128 615 1190 692 ac
1222 635 1483 704 depositis
1518 630 1771 686 humanis
1817 617 2166 695 imaginibus,
2221 624 2586 692 omnibusque
2624 620 2851 674 omnino
2897 617 3166 680 sensibus,
3216 615 3282 669 ad
3326 615 3531 672 Patrem
3567 636 3735 676 ascen-

533 743 684 804 dere,
716 750 785 793 ne
829 737 983 790 inscii
1015 734 1210 788 Filium
1244 748 1273 784 a
1319 731 1476 785 Patre
1511 728 1841 784 auferamus.
1876 738 2113 793 eumque
2145 722 2305 776 rebus
2333 736 2364 773 a
2399 734 2459 774 se
2493 719 2690 772 creatis
2729 716 3107 784 adiungamus.

608 829 843 882 Rursum
894 827 939 882 si
994 824 1213 878 Patrem
1267 832 1324 878 et
1378 821 1573 875 Filium
1614 818 1957 875 conﬁtentes,
2003 816 2109 867 duo

533 913 838 983 principia,
895 923 990 967 aut
1034 913 1173 966 duos
1239 911 1376 964 Deos
1431 908 1692 969 dicimus,
1750 904 2107 972 quemadmo-

527 1012 655 1061 dum
691 1005 932 1058 Marcion
969 1013 1021 1057 et
1054 1003 1405 1065 Valentinus;
1437 1011 1530 1054 aut
1559 998 1780 1060 Filium,
1807 998 2098 1068 quemdam

530 1101 698 1154 alium
729 1097 1031 1151 divinitatis
1056 1094 1278 1148 modum
1308 1095 1527 1157 habere,
1572 1101 1625 1145 et
1675 1106 1782 1144 non
1814 1106 1934 1146 esse
1967 1093 2102 1148 ima-

533 1193 710 1258 ginem
743 1196 796 1241 et
837 1187 1062 1256 ﬁguram
1093 1184 1296 1248 Patris,
1332 1183 1474 1252 quod
1503 1199 1567 1236 ex
1601 1183 1719 1251 ipso
1748 1183 1962 1251 genitus
1991 1183 2060 1238 sit
2091 1203 2101 1214 -

535 1293 654 1333 esto
684 1279 1003 1343 dissimilis;
1037 1293 1158 1330 nam
1191 1277 1382 1330 alienae
1413 1276 1551 1328 inter
1599 1291 1658 1328 se
1703 1289 1932 1343 prorsus
1981 1285 2106 1328 sunt

536 1370 841 1425 istiusmodi
878 1358 1219 1423 substantiae.
1249 1366 1404 1431 Quod
1446 1365 1488 1418 si
1539 1379 1702 1418 unam
1760 1364 2106 1433 agnoscimus

533 1471 587 1515 et
616 1462 786 1516 solam
825 1460 1002 1513 Patris
1035 1459 1403 1524 divinitatem,
1453 1457 1725 1526 hujusque
1768 1454 1999 1509 Verbum
2051 1468 2105 1510 et

535 1551 869 1622 Sapientiam
896 1551 1096 1605 Filium
1139 1565 1280 1614 esse,
1310 1559 1363 1603 et
1393 1550 1496 1602 hoc
1518 1547 1819 1607 credentes,
1855 1546 1994 1600 duos
2019 1553 2104 1598 ta-

535 1658 656 1696 men
696 1643 835 1696 Deos
867 1642 1091 1696 minime
1121 1640 1357 1693 dicimus
1383 1679 1396 1702 ,
1431 1639 1801 1706 unitatemque
1826 1637 1948 1690 Filii
1981 1653 2102 1692 cum

535 1733 695 1788 Patre
743 1751 848 1787 non
903 1733 1178 1796 doctrinae
1215 1731 1600 1793 similitudine,
1657 1730 1750 1783 sed
1803 1729 2100 1783 secundum

536 1823 918 1886 substantiam,
951 1831 1003 1877 et
1045 1837 1230 1875 revera
1274 1821 1572 1874 consistere
1607 1821 1870 1874 sentimus
1897 1859 1912 1876 .
1943 1819 2016 1872 ita
2047 1828 2103 1871 ιιι

533 1921 817 1982 propterea
846 1928 952 1966 non
983 1913 1120 1967 duos
1151 1913 1310 1975 Deos,
1344 1910 1437 1964 sed
1478 1925 1646 1964 unum
1675 1909 1942 1970 dicamus,
1983 1924 2106 1962 cum

537 2019 645 2056 una
685 2003 757 2056 sit
785 2003 994 2070 species
1023 2000 1346 2063 divinitatis,
1399 2011 1459 2053 ut
1504 2009 1586 2054 est
1619 1999 1706 2053 lux
1739 2008 1792 2053 et
1825 1999 2107 2069 splendor;

535 2093 624 2147 illa
654 2093 796 2147 enim
833 2092 1158 2161 patriarcha:
1186 2090 1354 2145 Jacob
1377 2091 1491 2144 visa
1519 2100 1620 2155 est,
1657 2092 1839 2159 aitque
1870 2090 2111 2160 Scriptu.

535 2199 637 2237 ra:
681 2203 698 2234 ι
734 2182 896 2236 Ortus
936 2191 1016 2236 est
1043 2188 1222 2234 autem
1261 2180 1335 2233 illi
1378 2181 1459 2234 sol
1484 2221 1499 2244 ,
1531 2189 1820 2248 postquam
1861 2178 2113 2232 transivit

535 2275 744 2342 species
779 2273 872 2326 Dei
923 2274 960 2326 ¹.
992 2292 1009 2322 ι
1039 2271 1151 2326 Hoc
1178 2287 1300 2326 cum
1334 2272 1578 2326 viderent
1605 2273 1777 2325 sancti
1810 2271 2108 2340 prophetae,

533 2379 600 2418 ac
628 2363 989 2431 intelligerent
1018 2361 1304 2428 cuiusnam
1355 2362 1425 2414 sit
1472 2361 1560 2414 ille
1593 2359 1764 2415 Filius
1804 2372 1857 2414 et
1907 2362 2108 2427 imago.

1994 2451 2102 2512 1’.

537 2556 773 2611 eumque
814 2541 1023 2593 Patrem
1063 2539 1115 2592 in
1148 2554 1211 2594 eo
1252 2541 1429 2592 visum
1461 2540 1868 2608 revelatutnque
1911 2552 2110 2607 cogno-

537 2639 767 2692 scerent,
799 2631 1021 2682 lldcnter
1049 2629 1330 2682 dicebant:
1358 2646 1375 2678 ι
1402 2629 1563 2682 Visus
1588 2637 1666 2682 est
1691 2629 1821 2681 mihi
1851 2628 1988 2680 Deus
2019 2643 2111 2695 pa—

541 2729 682 2772 trum
711 2727 1049 2781 nostrorum,
1070 2716 1209 2770 Deus
1232 2716 1486 2778 Ahraam,
1506 2725 1559 2770 et
1585 2716 1732 2771 Isaac
1753 2715 1987 2769 ctJaeob
2025 2719 2066 2772 ³,
2086 2737 2102 2766 ι

539 2808 675 2860 Cum
708 2805 872 2873 igitur
905 2806 974 2857 ita
1003 2819 1061 2857 se
1088 2820 1174 2858 res
1201 2805 1413 2865 habeat,
1448 2820 1544 2858 cur
1574 2820 1696 2857 cum
1728 2807 1819 2874 qui
1857 2821 1999 2859 unus
2028 2813 2110 2858 cst

537 2909 663 2948 cum
697 2892 874 2950 Patre.
910 2900 963 2945 et
998 2891 1122 2946 talis
1148 2893 1575 2960 apparet‘qualis
1597 2901 1678 2946 est
1701 2892 1879 2958 Pater,
1913 2909 2104 2948 secun-

537 2984 666 3038 dum
702 2983 1111 3038 similitudinem
1151 2992 1314 3051 atque
1354 2999 1516 3035 unam
1560 2983 1922 3045 divinitatem,
1953 3000 2108 3038 vere-

540 3089 663 3128 mur
693 3073 876 3127 dicere
931 3071 1494 3125 censuhstantialcm?
1531 3070 1584 3124 Si
1618 3074 1761 3125 enim
1791 3113 1805 3135 ,
1843 3075 2107 3141 quemad—

542 3163 764 3217 modum
799 3162 997 3231 sa-‘pius
1032 3163 1234 3216 dictutn
1269 3173 1349 3216 est
1374 3202 1387 3222 ,
1425 3164 1625 3215 nullam
1657 3165 1816 3216 habet
1849 3175 1907 3215 ut
1941 3163 2109 3216 Filius
2145 3169 2185 3222 (1

543 3254 927 3323 proprietatem
957 3253 1433 3306 similitudinemve
1461 3269 1581 3307 eum
1608 3265 1831 3321 paterna
1858 3256 2109 3309 substan-

542 3345 640 3406 tia,
677 3359 738 3397 ea
774 3357 904 3395 voce
934 3343 1012 3394 uti
1061 3350 1206 3395 recte
1236 3357 1503 3425 veremur.
1539 3341 1632 3394 Sin
1679 3352 1856 3396 autem
1895 3345 1982 3398 ille
2026 3353 2112 3398 est

543 3426 718 3480 Patris
746 3427 966 3496 prepria
992 3427 1072 3481 vis
1104 3427 1458 3479 illuminatrix
1495 3435 1548 3478 et
1577 3428 1830 3489 creatrix,
1863 3427 1982 3481 sine
2011 3442 2118 3496 qua

541 3531 641 3570 nec
669 3527 842 3582 creat,
873 3533 974 3571 nec
1005 3519 1355 3588 cognoscitur
1389 3519 1597 3582 (omnia
1629 3519 1772 3572 enim
1806 3535 1903 3588 per
1938 3520 2116 3588 ipsum

541 3615 595 3658 rt
629 3606 681 3658 in
715 3607 832 3674 ipso
854 3608 1206 3676 consistunt),
1243 3625 1342 3664 cur
1372 3625 1486 3664 rem
1522 3610 1882 3680 intelligentes
1911 3648 1926 3670 .
1961 3625 2118 3664 recu-

542 3713 730 3752 samus
758 3715 948 3755 vocem
985 3701 1035 3755 id
1069 3701 1461 3772 significantem
1493 3703 1778 3772 proferre?
1805 3702 1945 3768 Quid
1971 3704 2117 3758 enim

543 3796 628 3842 est
667 3788 912 3858 ejusdem
942 3801 1152 3846 natura!
1180 3809 1302 3848 esse
1340 3795 1497 3861 cujus
1525 3793 1704 3856 Pater,
1736 3795 1841 3849 nisi
1876 3811 1997 3851 esse
2043 3797 2120 3850 illi

546 3880 1050 3935 consubstantiale?
1076 3881 1194 3937 Non
1218 3886 1360 3937 enim
1391 3885 1628 3939 alienum
1663 3885 1806 3941 Deus
1832 3887 1993 3941 veluti
2020 3888 2122 3940 mi-

547 3971 720 4025 nistro
777 3986 940 4042 egens
992 3971 1191 4028 Filium
1259 3979 1599 4046 assumpsit;
1675 3993 1854 4046 neque
1906 3979 2122 4048 opiﬁcia

548 4060 797 4116 Creatori
828 4073 957 4119 sunt
986 4066 1249 4135 dignitate
1281 4070 1456 4135 paria,
1493 4081 1552 4122 ut
1577 4069 1799 4137 perinde
1833 4070 1920 4123 illa
1959 4079 2124 4139 atque

546 4152 662 4221 ipse
691 4155 1046 4221 honorantur,
1072 4167 1185 4222 aut,
1207 4169 1263 4212 ut
1291 4161 1590 4228 putandum
1618 4161 1708 4226 sit,
1737 4177 1799 4216 ea
1827 4172 1879 4216 et
1908 4162 2120 4216 Patrem

549 4258 718 4297 unum
751 4261 891 4300 esse.
925 4243 1180 4316 Alioquin
1214 4252 1356 4303 ausit
1385 4253 1507 4320 quis
1537 4253 1647 4305 haec
1669 4254 1926 4316 dividere,
1956 4271 2019 4309 ac
2042 4255 2124 4307 di-

549 4347 671 4388 cere
698 4336 866 4390 solcm
910 4346 963 4391 et
999 4341 1337 4408 splendorem
1375 4345 1482 4396 duo
1509 4359 1632 4398 esse
1668 4345 1894 4408 lumina,
1925 4354 2018 4398 aut
2043 4347 2124 4400 di-

546 4439 760 4479 versam
795 4427 1033 4497 aliquam
1073 4432 1454 4501 suhslautiatn.
1497 4445 1589 4488 aut
1619 4437 1960 4506 splendorem
1996 4439 2124 4492 solis

547 4515 800 4572 accidens
835 4534 978 4582 esse,
1017 4530 1072 4576 et
1113 4538 1222 4576 non
1272 4525 1575 4592 simplicem
1623 4542 1686 4581 ac
1741 4544 1937 4596 purum
1993 4531 2125 4586 solis

547 4617 798 4676 partum;
845 4612 914 4667 ita
964 4623 1016 4667 ut
1066 4614 1175 4668 duo
1216 4617 1432 4679 quidem
1470 4620 1578 4674 sint
1627 4621 1796 4676 solet
1847 4623 2121 4690 splendor,

549 4716 658 4755 una
705 4711 883 4758 tamen
923 4705 1035 4769 lux.
1071 4722 1134 4761 eo
1162 4709 1304 4777 quod
1357 4709 1446 4764 ille
1490 4728 1518 4764 a
1563 4713 1677 4767 sole
1727 4714 1953 4768 oriatur.
1987 4714 2124 4770 Cum

551 4791 865 4858 huiusmodi
895 4799 994 4856 sit.
1025 4800 1134 4852 imo
1159 4802 1331 4870 magis
1364 4803 1743 4872 insvparabilis
1779 4817 1970 4862 natura
2003 4809 2124 4863 Filii

549 4897 580 4936 a
622 4881 804 4948 Patre,
851 4897 900 4942 ct
944 4905 1067 4943 cum
1114 4892 1370 4947 divinitas
1402 4894 1539 4948 Filio
1571 4912 1678 4949 non
1709 4899 2000 4961 acciderit,
2035 4902 2126 4954 seel

549 4983 770 5045 paterna
800 4978 1055 5038 divinitas
1094 4983 1146 5037 in
1192 4985 1330 5040 Filio
1374 4987 1482 5047 sit:
1529 4987 1603 5041 ita
1651 4982 1836 5058 ut'qui
1865 4991 2010 5044 videt
2042 4990 2130 5044 Fi-

551 5068 706 5131 liutn,
744 5069 795 5122 in
827 5071 941 5137 ipso
967 5072 1180 5129 Patrem
1206 5079 1405 5141 videat,
1434 5096 1532 5135 cur
1564 5082 1655 5150 qui
1685 5081 1994 5152 hujusmodi
2022 5094 2126 5145 est,

552 5173 660 5214 non
693 5160 908 5214 dicatur
939 5168 1462 5224 eonsubstantialis?

754 5332 849 5389 Sat
879 5336 1098 5405 quidem
1125 5338 1240 5392 hmo
1269 5351 1437 5405 sunt,
1474 5361 1595 5413 quae
1632 5349 1783 5402 vobis
1820 5349 2085 5403 suadeant
2112 5394 2125 5413 ,

554 5427 613 5473 ut
643 5437 749 5476 non
801 5427 1187 5481 accusctiseos
1216 5432 1306 5498 qui
1352 5433 1537 5488 dixere
1578 5436 1769 5491 Filium
1818 5456 1937 5491 esse
1982 5440 2128 5495 Patri

550 5515 1092 5573 consubstantialem.
1125 5519 1378 5577 Attamen
1428 5525 1598 5593 ipsam
1649 5532 2129 5585 consubstantialis

610 5700 651 5741 σί
689 5699 826 5754 Gen.
853 5720 1018 5770 χχχιι,
1052 5707 1140 5760 3|.

1219 5711 1238 5740 ¹
1269 5712 1370 5765 lsa.
1406 5727 1626 5772 xxxviii,
1662 5711 1729 5773 ri;
1764 5708 1872 5765 Jer.
1905 5726 1944 5777 t,
1973 5709 2025 5762 2.
2057 5711 2109 5775 4,
2146 5709 2231 5776 ll,
2257 5719 2365 5767 etc.

2288 812 2396 863 Καὶ
2451 810 2625 871 ἄλλως
2673 808 2752 871 δὲ,
2803 809 2852 858 εἱ
2905 807 3004 875 μὲν
3040 805 3255 869 Πατέρα
3292 806 3383 857 καὶ
3425 805 3559 874 re»,
3577 807 3743 877 ὁμολο-

2209 906 2454 973 γοῦντες,
2512 903 2606 955 δύο
2653 901 2804 965 τινὰς
2862 899 3053 971 ἀρχὰς,
3095 900 3128 970 ἢ
3163 900 3255 952 δύο
3285 899 3478 964 Θεοὺς,
3532 903 3749 975 καθάπερ

2209 995 2474 1064 Μαρκίων
2528 992 2620 1046 καὶ
2675 991 3039 1053 οὐαλεντῖνος,
3085 989 3338 1060 λέγομεν,
3379 991 3410 1060 ἢ
3446 991 3620 1063 ἕτερόν
3645 1012 3749 1049 τινα

2212 1088 2408 1154 τρόπον
2463 1083 2714 1152 θεότητος
2745 1081 2887 1152 ἔχειν
2932 1081 3020 1134 τὸν
3049 1081 3198 1144 Υίὺν,
3231 1081 3323 1132 καὶ
3373 1082 3444 1152 μὴ
3470 1084 3638 1136 εἰκόνα
3673 1089 3752 1138 καὶ

2213 1162 2538 1244 χαρακτῆρα
2562 1171 2653 1224 τοῦ
2688 1171 2900 1241 Πατρὸς
2923 1167 3059 1224 εἶναι
3097 1171 3188 1222 τὸν
3218 1169 3364 1233 Υἱὺν,
3388 1170 3472 1223 διὰ
3501 1173 3557 1223 τὸ
3581 1173 3634 1236 ἐξ
3666 1176 3749 1226 αύ-

2213 1263 2304 1317 τοῦ
2337 1264 2654 1332 πειρυκὲναι·
2683 1263 2822 1315 ἔστω
2855 1261 3125 1331 ἀνόμοιος
3176 1261 3322 1325 ξέναι.
3380 1262 3484 1331 γάρ
3515 1263 3610 1314 εἰσι
3641 1281 3755 1316 παν-

2213 1355 2448 1408 τάπασιν
2482 1353 2722 1424 ἀλλήλων
2750 1356 2802 1405 αἱ
2823 1352 3067 1406 τοιαῦται
3091 1353 3290 1404 οὐσίαι·
3328 1355 3376 1404 εί
3411 1353 3466 1404 δὲ
3497 1354 3614 1422 μίαν
3640 1355 3756 1407 οἴδα-

2221 1462 2318 1514 μεν
2357 1446 2450 1498 καὶ
2484 1445 2647 1515 μόνην
2682 1444 2909 1514 θεότητα
2954 1443 3052 1513 τὴν
3099 1441 3190 1495 τοῦ
3224 1442 3458 1510 Πατρὺς,
3485 1443 3658 1495 τούτου
3708 1463 3758 1496 τε

2218 1535 2388 1604 Λόγον
2419 1537 2508 1588 καὶ
2542 1535 2741 1603 Σοφίαν
2775 1530 2914 1586 εἶναι
2938 1535 3028 1586 τὸν
3059 1533 3206 1597 Υίὸν,
3238 1533 3332 1585 καὶ
3359 1532 3496 1584 οὕτω
3523 1533 3760 1585 πιστεύον-

2218 1640 2310 1687 τες
2337 1625 2396 1677 οὐ
2433 1625 2666 1693 λέγομεν
2689 1623 2782 1676 δύο
2813 1623 3011 1686 Θεοὺς,
3045 1622 3143 1691 τήν
3176 1637 3235 1672 τε
3268 1620 3493 1690 ἑνότητα
3532 1621 3617 1672 τοῦ
3649 1623 3760 1674 Υἱώ

2219 1717 2354 1787 πρὸς
2401 1716 2494 1768 τὸν
2547 1715 2765 1786 Πατέρα
2815 1714 2910 1783 οὐχ
2943 1710 3199 1782 ὁμοιώσει
3235 1711 3594 1773 διδασκαλίας,
3650 1713 3762 1764 ἀλλὰ

2220 1806 2362 1860 κατὰ
2385 1807 2482 1876 τὴν
2505 1806 2690 1858 οὐσίαν
2720 1805 2814 1857 καὶ
2870 1804 3095 1874 ἀληθείᾳ
3311 1801 3620 1872 φρονοῦμεν
3645 1802 3764 1855 ὥστε

2219 1894 2306 1948 διὰ
2335 1895 2493 1948 τοῦτο
2527 1894 2599 1965 μὴ
2621 1895 2798 1962 λέγειν
2826 1893 2919 1946 δύο
2949 1895 3115 1955 Θεοὺς
3135 1933 3147 1956 ,
3203 1891 3320 1944 ἀλλ’
3348 1892 3443 1943 ἕνα
3472 1891 3613 1956 Θεὸν,
3669 1894 3767 1950 ἐνὸς

2221 1985 2371 2047 ὄντος
2394 1984 2566 2047 εἴδους
2588 1983 2856 2054 θεότητος,
2886 1985 2961 2046 ὡς
2994 1982 3110 2034 ἐστι
3161 1983 3220 2035 τὸ
3263 1981 3376 2051 φῶς
3416 1984 3506 2035 καὶ
3530 1983 3586 2035 τὸ
3617 1984 3770 2035 ἀπαύ-

2222 2093 2411 2146 γασμα
2430 2092 2444 2106 ·
2475 2075 2632 2128 τοῦτο
2655 2076 2763 2144 γὰρ
2795 2074 2948 2146 ὤφθη
2981 2075 3056 2144 τῷ
3111 2076 3428 2146 πατριάρχῃ
3466 2074 3665 2138 Ἰακὼϐ,
3693 2076 3771 2126 καί

2225 2185 2387 2237 φησιν
2413 2169 2445 2236 ἡ
2475 2167 2684 2238 Γραερή⁸
2721 2186 2739 2218 ι
2781 2167 3040 2219 Ἀνέτειλε
3067 2167 3123 2220 δὲ
3180 2166 3335 2236 αὐτῷ
3366 2169 3394 2218 6
3421 2167 3583 2235 ἥλιος,
3631 2166 3774 2236 ἡνίκα

2227 2258 2469 2329 παρῆλθε
2500 2259 2560 2311 τὸ
2613 2255 2753 2321 εἶδος
2799 2258 2890 2309 τοῦ
2923 2258 3110 2310 Θεοῦ·›
3153 2259 3250 2310 καὶ
3465 2257 3614 2309 τοῦτο
3658 2257 3775 2308 θεω-

2229 2349 2446 2418 ροῦντες
2466 2351 2513 2401 οἱ
2550 2345 2702 2416 ἅγιοι
2722 2349 2996 2419 προφῆται
3032 2349 3122 2400 καὶ
3149 2347 3423 2410 νοοῦντες,
3458 2347 3596 2408 τίνος
3645 2346 3774 2397 ἐστὶν

2226 2441 2352 2503 Υίὸς
2403 2442 2496 2493 καὶ
2547 2440 2727 2504 εἰκὼν,
2785 2440 2987 2508 ἔλεγον·
3025 2458 3042 2487 ‹
3093 2439 3346 2507 Ἐγένετο
3407 2439 3572 2506 Λόγος
3596 2438 3777 2508 Κυρίου

2226 2531 2362 2601 πρὸς
2389 2531 2508 2600 μέ.»
2543 2529 2899 2592 Γινώσκοντες
3054 2530 3144 2582 τὸν
3173 2531 3230 2580 ἐν
3265 2527 3416 2597 αὐτῷ
3441 2526 3778 2596 θεωρούμενον

2226 2622 2320 2676 καὶ
2377 2622 2893 2691 ἁποκαλυπτόμενον
2967 2621 3216 2689 Πατέρα,

2233 2732 2252 2764 ι
2293 2714 2465 2784 ’Ὡερθη
2517 2731 2604 2784 μοι
2650 2715 2678 2766 6
2727 2713 2858 2776 Θεὸς
2909 2713 3016 2765 τῶν
3069 2712 3327 2777 πατέρων
3377 2711 3551 2781 ἡμῶν,
3591 2711 3617 2761 ὁ
3665 2708 3782 2770 Θεῦς

2242 2805 2509 2876 Ἀϐραὰμ,
2538 2805 2629 2858 καὶ
2840 2805 3023 2858 Ἰσαὰκ
3078 2805 3170 2856 καὶ
3229 2802 3481 2856 Ἰακώϐ.)
3519 2801 3706 2854 Τούτου
3733 2799 3782 2851 6‘s

2228 2894 2397 2959 οὕτως
2425 2895 2595 2958 ὄντος,
2625 2894 2713 2947 διὰ
2745 2894 2796 2946 τί
2845 2895 2936 2946 τὸν
2987 2895 3081 2946 ἕνα
3113 2894 3251 2946 ὅντα
3308 2891 3445 2963 πρὸς
3469 2891 3559 2943 τὸν
3591 2888 3785 2956 Πατέρα

2230 2988 2325 3041 καὶ
2351 2989 2692 3058 φαινόμενον.
2752 2985 2827 3048 ὡς
2875 2984 3021 3037 ἔστιν
3065 2987 3092 3037 6
3130 2984 3328 3054 Πατὴρ
3365 3023 3382 3046 ,
3547 2980 3679 3033 κατὰ
3703 2978 3788 3047 τὴν

2229 3081 2520 3150 ὁμοιότητα
2573 3079 2666 3130 καὶ
2725 3078 2849 3147 μίαν
2899 3075 3142 3144 θεότητα,
3203 3071 3585 3142 εύλαϐούμεθα
3638 3071 3791 3123 εἰπεῖν

2231 3170 2538 3239 ὁμοούσιονς
2564 3153 2626 3220 Et
2653 3168 2749 3238 μὲν
2772 3166 2899 3238 γὰρ,
2933 3165 3120 3234 ὥσπερ
3155 3165 3376 3235 εἴρηται
3401 3163 3672 3223 πολλάκις,
3709 3159 3794 3212 οὐκ

2235 3258 2346 3326 ἔχει
2372 3257 2467 3326 τὴν
2501 3257 2740 3326 ἰδιότητα
2762 3257 2859 3326 τῆς
2893 3255 3163 3325 πατρικῆς
3207 3255 3426 3316 οὐσίας,
3455 3253 3572 3306 οὐδὲ
3593 3253 3684 3321 τὴν
3706 3251 3788 3317 ἐμ-

2235 3349 2458 3417 φέρειαν
2491 3347 2565 3407 ὡς
2615 3345 2764 3407 Υἱὸς,
2809 3342 2989 3406 καλῶς
3049 3342 3452 3412 εὐλαϐούμεθαο
3499 3341 3627 3393 εἰδὲ
3652 3335 3789 3390 τοῦτό

2227 3429 2344 3479 ἐστι
2372 3429 2432 3480 τὸ
2463 3429 2787 3497 φωτιστικὸν
2815 3428 2911 3482 καὶ
2963 3427 3365 3498 δημιουργικὸν
3406 3424 3471 3477 τὸ
3533 3421 3794 3475 ίδιαίτατον

2224 3520 2316 3572 τοῦ
2342 3521 2574 3592 Πατρὸς,
2610 3513 2670 3572 οὗ
2697 3520 2825 3573 ἄνευ
2861 3519 2983 3572 οὔτε
3027 3520 3378 3589 δημιουργεῖ,
3409 3515 3533 3569 οὔτε
3557 3509 3795 3580 γινώσκε-

2225 3627 2313 3663 ται
2347 3610 2564 3681 (πάντα
2601 3610 2710 3682 γὰρ
2744 3613 2808 3663 δι’
2840 3609 3003 3664 αὑτοῦ
3053 3611 3147 3662 καὶ
3174 3612 3234 3662 ὲν
3266 3607 3423 3676 αὐτῴ
3457 3605 3792 3671 συνέστηκεὶ·

2225 3702 2312 3754 διὰ
2341 3702 2414 3756 τί.
2439 3702 2500 3754 τὸ
2525 3704 2756 3772 πρᾶγμα
2777 3701 3041 3764 νοοῦντες,
3083 3698 3510 3770 παραιτούμεθα
3540 3694 3633 3763 τὴν
3659 3688 3796 3742 τοῦτο

2230 3795 2600 3865 σημαίνουσαν
2659 3793 2803 3858 λέξιν
2858 3794 3068 3855 εἰπεῖν;
3133 3791 3197 3842 Τί
3224 3797 3343 3861 γάρ
3382 3791 3503 3840 ἐστι
3550 3785 3611 3837 τὸ
3645 3780 3798 3840 οὕτως

2227 3884 2463 3953 ὁμοφυὲς
2491 3883 2568 3952 τῷ
2597 3883 2770 3954 [Ia-cpi.
2803 3882 2836 3952 ἣ
2863 3881 3148 3951 ὁμοούσιον
3174 3878 3384 3944 αὐτοῦς
3421 3878 3495 3930 Οὐ
3526 3876 3629 3943 γὰρ
3664 3867 3798 3924 ἀλλὸ-

2228 3993 2377 4046 τριον
2405 3975 2479 4038 ὼς
2506 3974 2780 4044 ὑπουργοῦ
2813 3974 3064 4043 δεόμενος
3098 3970 3483 4042 προσελάϐετο
3520 3969 3547 4020 ὁ
3577 3965 3702 4024 Θεὸς
3723 3959 3800 4010 τὸν

2229 4067 2378 4130 Υίὸυ,
2411 4066 2530 4118 οὐδὲ
2563 4066 2630 4118 τὰ
2659 4069 2937 4137 ποιήματα
2967 4063 3145 4130 ίσὰξια
3183 4063 3282 4116 τοῦ
3338 4062 3640 4119 κτίσαντος,
3676 4054 3799 4105 ὥστε

2229 4159 2491 4229 τιμᾶσθαι
2520 4159 2692 4212 ταῦτα
2722 4159 2797 4221 ὡς
2827 4159 3050 4218 ἐκεῖνον,
3114 4156 3147 4225 ἢ
3209 4155 3484 4225 νομίζειν,
3532 4151 3611 4203 ὅτι
3653 4143 3803 4198 ταῦτα

2230 4248 2324 4299 καὶ
2351 4249 2379 4298 6
2401 4248 2590 4318 Πατὴρ
2616 4247 2676 4298 ἓν
2707 4249 2862 4299 εἰσιν.
2899 4247 2966 4298 Ἢ
2995 4245 3329 4314 τολμησάτω
3365 4261 3450 4305 τις
3478 4239 3683 4292 διελεῖν,
3723 4231 3803 4284 καὶ

2231 4341 2422 4400 εἰπεῖν,
2455 4338 2549 4390 δύο
2581 4337 2736 4405 φῶτα.
2765 4335 2898 4390 εἶναι
2928 4336 3018 4388 τὸν
3047 4335 3200 4405 ἧλιον
3229 4333 3328 4386 καὶ
3363 4333 3426 4386 τὸ
3459 4328 3801 4395 ἀπαύγασμα.

2235 4430 2263 4500 ἢ
2296 4430 2488 4501 ἑτέραν
2519 4429 2641 4482 τινὰ
2665 4423 2804 4481 εἶναι
2851 4427 3058 4491 οὐσίαν,
3090 4425 3122 4496 ἦ
3175 4424 3260 4477 ὅτι
3299 4419 3709 4492 ὲπισυμϐἐόηκε
3754 4412 3805 4464 τὸ

2232 4522 2596 4592 ἀπαύγασμας
2619 4523 2711 4576 καὶ
2737 4522 2811 4593 μὴ
2844 4518 3050 4573 ἁπλοῦν
3090 4513 3230 4570 εἶναι
3275 4517 3377 4571 καὶ
3433 4511 3670 4582 καθαρὸν
3697 4505 3806 4575 γέν-

2231 4631 2379 4683 νημα
2412 4616 2474 4666 ἐκ
2494 4613 2586 4665 τοῦ
2620 4613 2770 4683 ἡλίου
2819 4611 2996 4665 τοῦτο’
3044 4611 3186 4664 ὥστε
3215 4609 3313 4660 δύο
3372 4608 3474 4678 μὲν
3516 4601 3651 4656 εἶναι
3677 4600 3808 4669 ἥλιον

2234 4703 2326 4756 καὶ
2358 4703 2719 4773 ἀπαύγασμα,
2749 4703 2805 4754 ἓν
2831 4702 2887 4754 δὲ
2931 4703 2992 4753 τὸ
3027 4700 3162 4770 φῶς,
3229 4699 3325 4752 διὰ
3359 4699 3424 4751 τὸ
3453 4699 3517 4750 ἐκ
3555 4695 3648 4748 του
3677 4689 3808 4760 ἡλίου

2233 4794 2369 4849 εἶναι
2397 4793 2554 4848 τοῦτο
2584 4794 2848 4864 γέννημα.
2883 4793 3151 4861 Τοιαύτης
3187 4791 3244 4843 δὲ
3275 4789 3454 4860 οὔσης
3484 4790 3577 4840 καὶ
3635 4781 3810 4854 pili-GV

2229 4886 2532 4957 ἀδιαιρέτου
2567 4885 2665 4954 τῆς
2711 4884 2923 4950 φύσεως
2980 4882 3074 4935 τοῦ
3111 4880 3242 4934 Υἱοῦ
3440 4877 3580 4950 πρὸς
3600 4874 3686 4926 τὸν
3715 4871 3810 4923 [Ια-

2229 4981 2380 5051 τέρα,
2423 4979 2516 5032 καὶ
2554 4978 2652 5030 οὐκ
2675 4976 3058 5046 ἐπισυμϐἀσης
3109 4975 3207 5042 τῆς
3251 4972 3523 5042 θεότητος
3574 4966 3648 5034 τῷ
3691 4959 3808 5028 Titi).

2230 5074 2364 5126 ἀλλὰ
2388 5073 2488 5141 τῆς
2518 5070 2793 5141 πατρικῆς
2819 5069 3070 5138 θεότητος
3104 5066 3272 5136 οὔσης
3328 5067 3389 5117 ὲν
3420 5061 3502 5132 τῷ
3528 5057 3660 5129 Υίῷ,
3687 5054 3809 5141 ὥστες

2229 5165 2318 5216 τὸν
2341 5163 2621 5236 ἑωρακότα
2643 5162 2733 5213 τὸν
2757 5161 2882 5212 Υίλν
2919 5161 3050 5230 ὀρᾷν
3085 5160 3141 5210 ἐν
3174 5156 3331 5227 αὑτῷ
3359 5156 3456 5208 τὸν
3491 5140 3809 5220 Πατέρα,διὶ

3294 2620 3555 2690 ἐθάρρουν
3608 2618 3776 2670 εἰπεῖν·

2230 5256 2280 5307 τί
2316 5257 2342 5308 r3
2369 5255 2605 5316 τοιοῦτος
2640 5253 2713 5324 μὴ
2737 5251 2800 5305 ἂν
2829 5251 3038 5319 λέγοιτο
3071 5248 3398 5319 ὀμοούσισ)ς;

2429 5346 2583 5396 Ἔστι
2643 5344 2739 5412 μὲν
2941 5336 3032 5394 οὖν
3067 5339 3225 5394 ἱκανὰ
3293 5342 3395 5392 καὶ
3445 5337 3619 5391 ταῦτα
3649 5331 3811 5383 πεῖσαι

2233 5439 2394 5507 ὑμᾶς’
2435 5436 2508 5508 μὴ
2537 5437 2860 5505 κατηγορεῖν
2911 5433 3018 5485 τῶν
3054 5431 3384 5502 εἰρηκότων,
3420 5427 3700 5498 ὁμοούσιον
3750 5413 3817 5469 εἷ-

2232 5545 2317 5579 ναι
2350 5528 2440 5580 τὸν
2475 5527 2602 5578 Υίὸν
2637 5526 2716 5595 τῷ
2748 5525 2940 5595 Πατρί’
2978 5525 3070 5578 καὶ
3117 5522 3290 5594 αὐτὴν
3321 5523 3382 5575 δὲ
3409 5523 3562 5592 ὅμως
3591 5518 3684 5587 τὴν
3731 5506 3816 5563 τοῦ

2441 5712 2460 5742 ³
2500 5711 2666 5767 Exod.
2700 5727 2784 5773 tu,
2815 5712 2895 5765 19.
