4032 6288
358 402 447 474 189
1289 416 1665 482 PANOPLIA
1715 417 2269 484 DOGlllATlCA.--
2297 423 2453 485 Tl'l‘.
2498 425 2603 486 XI.
3483 431 3594 497 (90

352 526 624 593 όμοουσίου
659 529 804 597 λέξιν
843 531 967 586 καθ’
1003 535 1201 606 ἑαυτὴν
1220 537 1590 608 ἐξετάσωμεν,
1647 541 1736 594 ἵνα
1767 541 1909 608 γνῶ-

2017 554 2209 594 vocem
2268 540 2596 598 secundum.
2630 553 2688 598 se
2734 542 3113 614 explanemus,
3169 555 3229 603 ut
3291 548 3592 616 comperia-

353 633 438 687 μιν
466 617 517 672 εί
566 619 676 693 χρὴ
714 621 896 692 λέγειν
950 625 1086 690 ὅλως
1125 627 1450 697 ὁμοούσιον,
1498 631 1593 684 καὶ
1639 631 1688 684 εί
1741 632 1906 702 κυρία

2015 649 2138 688 mus
2175 640 2360 690 utrum
2388 635 2503 691 haec
2534 650 2671 703 vox,
2705 637 3213 712 consubstantialis,
3275 644 3596 714 usurpanda

353 723 477 789 λέξις
503 725 643 791 ἐστὶ,
671 724 766 779 καὶ
799 723 1144 796 ἁρμοζόντως
1169 725 1315 778 ἐστὶν
1370 726 1511 796 αὐτη
1551 724 1643 780 ἐπὶ
1674 725 1801 780 Υἱοῦ
1844 726 1921 779 λε-

2015 721 2109 786 sit,
2143 729 2198 778 et
2241 723 2285 779 si
2323 726 2544 796 propria
2587 727 2658 783 sit
2697 728 2882 798 dictio,
2917 743 3082 804 atque
3127 750 3488 805 congruenter
3527 742 3594 797 de

352 813 564 886 γομένη.
591 815 782 870 Οἴδατε
812 815 923 887 γάρ
950 816 1043 870 καὶ
1068 817 1248 886 ὑμεῖς,
1303 814 1396 869 καὶ
1422 817 1530 870 οὐδ’
1557 817 1620 872 ἄν
1644 835 1726 881 τις
1753 817 1921 888 ἀμφι-

2015 809 2144 866 Filio
2172 812 2408 871 dicatur.
2438 815 2574 874 Nam
2602 820 2707 892 ipsi
2737 824 2892 880 scitis
2914 866 2931 892 ,
2969 836 3023 882 et
3059 844 3219 882 nemo
3241 830 3592 900 dubitaverit,

353 905 522 961 ϐάλλοι
563 943 576 974 ,
719 907 803 962 ὅτι
833 907 895 961 τὺ
922 909 1108 980 ὅμοιον
1139 908 1238 962 οὐκ
1272 909 1364 960 ἐπὶ
1415 907 1522 962 τῶν
1545 909 1764 969 οὐσιῶν,
1811 909 1921 964 ἀλλ“

2015 902 2186 958 simile
2206 918 2315 958 non
2342 903 2408 960 de
2431 907 2776 979 substantiis,
2804 914 2899 970 sed
2925 915 2990 970 de
3019 916 3209 984 ﬁguris
3234 927 3288 974 et
3314 921 3594 991 qualitati-

353 998 430 1054 ἐπὶ
459 1000 757 1070 σχημάτων
780 999 873 1053 καὶ
902 996 1200 1073 ποιοτήτων
1227 995 1446 1069 λέγεται
1465 1000 1668 1071 ὅμοιονο
1702 1000 1794 1054 ἐπὶ
1820 998 1921 1072 γὰρ

2015 1005 2111 1048 nus
2141 993 2268 1050 diei.
2302 994 2376 1051 De
2406 997 2730 1058 substantiis
2760 1005 2929 1071 enim,
2974 1022 3083 1062 non
3123 1008 3447 1077 similitudo,
3494 1012 3592 1068 sed

351 1092 445 1146 τῶν
474 1092 674 1146 οὐσιῶν
707 1093 806 1163 οὐχ
835 1087 1110 1163 ὁμοιότης,
1133 1090 1269 1145 ἀλλὰ
1288 1091 1556 1163 ταυτότης
1587 1090 1653 1145 ἂν
1686 1091 1921 1163 λεχθείη.

2015 1084 2262 1144 identitas
2307 1087 2414 1145 dici
2458 1091 2637 1148 debet.
2686 1091 2862 1152 Homo
2905 1098 3068 1168 ig?tur
3112 1099 3354 1158 hominis
3394 1103 3592 1160 similis

354 1183 662 1255 Ἀνθρωπος
694 1181 824 1251 γοῦν
848 1181 1120 1255 ἀνθρώπῳ
1159 1184 1344 1253 ὅμοιος
1381 1183 1618 1251 λέγεται,
1668 1183 1728 1235 οὐ
1785 1182 1921 1238 κατά

2015 1179 2232 1248 dicitur,
2264 1197 2373 1239 non
2403 1187 2707 1244 secundum
2741 1192 3127 1258 substantiam,
3163 1197 3258 1253 sed
3289 1200 3590 1256 secundum

348 1273 434 1345 τὴν
459 1272 672 1340 οὐσίαν,
714 1272 852 1326 ἀλλὰ
902 1272 1045 1326 κατὰ
1084 1273 1144 1327 τὸ
1173 1273 1358 1344 σχῆμα
1399 1273 1492 1327 καὶ
1542 1272 1634 1325 τὸν
1831 1291 1921 1344 χα-

2015 1269 2252 1326 habitum
2291 1283 2344 1330 et
2391 1275 2619 1348 ﬁguram
2662 1295 2676 1332 :
2729 1283 2874 1350 quod
2923 1283 2992 1339 ad
3043 1285 3406 1344 substantiam
3441 1292 3590 1348 enim

349 1365 697 1438 ρακτῆραοτῇ
727 1365 836 1436 γὰρ
888 1365 1046 1436 οὐσίᾳ
1099 1365 1360 1436 ὁμοφυεῖς
1421 1363 1548 1421 εἰσι.
1602 1363 1713 1418 Καὶ
1763 1364 1921 1418 πάλιν

2015 1359 2249 1428 ejusdem
2283 1373 2493 1422 natura:
2540 1380 2688 1424 sunt.
2736 1369 2976 1428 Rursum
3009 1374 3176 1431 homo
3218 1379 3339 1434 cani
3378 1395 3590 1452 nequa~

345 1457 622 1530 ἄνθρωπος
653 1458 777 1511 κυνὶ
813 1457 914 1510 οὐκ
947 1456 1198 1529 ἀνόμοιος
1393 1456 1630 1526 λέγεται,
1665 1456 1779 1512 ἀλλ’
1812 1452 1929 1511 ἐτε-

347 1550 545 1621 ροφυής
564 1564 578 1578 ·
607 1547 805 1602 οὐκοῦν
830 1548 892 1601 τὸ
929 1547 1027 1620 μὲν
1047 1547 1288 1620 όμοφυὲς
1315 1546 1406 1602 καὶ
1433 1545 1739 1619 ὁμοούσιον,
1776 1546 1839 1600 τὸ
1867 1545 1928 1600 δὲ

344 1638 624 1712 ἑτεροφυὲς
641 1641 735 1694 καὶ
755 1641 972 1712 έτεροού
981 1657 1111 1695 σιον.
1132 1640 1223 1694 Διὸ
1244 1641 1338 1695 καὶ
1360 1643 1388 1694 ὁ
1406 1639 1580 1709 λέγων
1606 1640 1788 1712 ὅμοιον
1805 1641 1926 1694 κατ²

340 1737 523 1789 οὐσίαν
554 1735 619 1788 ὲκ
652 1734 942 1806 μετουσίας
971 1735 1130 1787 τοῦτο
1147 1733 1294 1802 λέγει
1309 1733 1514 1804 ὅμοιον.
1531 1732 1605 1787 Ti)
1619 1731 1726 1804 γὰρ
1743 1733 1929 1805 ὅμοιον

340 1826 558 1899 ποιότης
589 1827 757 1891 ἐστὶν,
786 1827 909 1898 ἥτις
937 1825 1002 1897 τῇ
1032 1825 1191 1897 οὐσίᾳ
1223 1825 1560 1897 προσγένοιτ’
1579 1823 1665 1879 ἄν.
1683 1823 1857 1878 Τοῦτο
1870 1824 1927 1878 δὲ

2003 1467 2168 1520 quam
2201 1454 2490 1512 dissimilis
2531 1459 2753 1528 dicitur,
2784 1461 2878 1518 sed
2919 1463 3149 1521 diversa
3179 1476 3388 1524 natura:
3416 1487 3430 1523 :
3460 1485 3593 1540 ergo

2007 1542 2154 1611 quod
2207 1543 2449 1614 ejusdem
2496 1558 2708 1622 natura:
2767 1559 2870 1619 est,
2914 1553 3079 1608 etiam
3125 1556 3593 1616 consubstantiale

2007 1643 2126 1701 est;
2169 1645 2222 1692 et
2256 1638 2400 1708 quod
2441 1640 2673 1697 diversae
2715 1653 2946 1708 naturae,
2988 1645 3218 1703 diversae
3257 1650 3422 1705 etiam
3461 1652 3592 1708 sub-

2003 1726 2240 1784 stantiae.
2291 1728 2633 1802 Quapropter
2681 1735 2774 1804 qui
2833 1736 2967 1792 dicit
3013 1737 3245 1798 similem
3291 1743 3590 1800 secundum

2005 1817 2400 1887 substantiam,
2451 1838 2516 1878 ex
2557 1824 2978 1896 participatione
3017 1828 3252 1886 similem
3300 1832 3478 1890 dicit:
3515 1835 3593 1891 si—

335 1917 441 1971 τῶν
470 1917 792 1988 ποιημάτων
839 1915 969 1970 ῐδιον
1017 1916 1084 1970 ἂν
1113 1913 1218 1987 είη·
1249 1913 1419 1968 ταῦτα
1447 1913 1556 1985 γὰρ
1580 1913 1645 1967 ὲκ
1696 1914 1921 1984 μετοχῆς

2015 1911 2255 1968 militudo
2281 1911 2425 1968 enim
2451 1926 2534 1971 est
2554 1917 2812 1988 qualitas,
2844 1935 2966 1990 quae
2990 1922 3311 1980 substantia)
3343 1925 3593 1984 accidere

334 2008 613 2080 ὁμοιοῦται
633 2009 711 2080 τῷ
733 2007 872 2080 Θεῷ.
913 2027 932 2060 t
977 2009 1192 2062 "0mm
1221 2007 1350 2079 γὰρ,
1384 2007 1538 2078 φησὶ,
1563 2024 1582 2059 ι
1613 2005 1921 2078 φανερωθῇ,

2015 2014 2208 2068 potest.
2266 2003 2381 2064 Illuc
2427 2019 2609 2068 autem
2668 2013 2904 2084 opiﬁciis
2947 2015 3229 2086 proprium
3279 2014 3478 2084 fuerit;
3525 2034 3590 2074 ea

335 2101 507 2172 ὅμοιοι
537 2100 689 2171 αὐτῷ
728 2099 984 2172 ἐσόμεθα·
1003 2118 1020 2151 ι
1055 2099 1231 2171 ὅμοιοι
1270 2097 1514 2170 δηλονότι
1566 2097 1628 2151 οὐ
1649 2099 1716 2170 τῇ
1746 2096 1921 2170 οὐσίᾳ,

2015 2097 2150 2152 enim
2183 2113 2248 2153 ex
2278 2101 2699 2172 participatione
2730 2102 2839 2159 Deo
2869 2104 3070 2161 similia
3099 2105 3428 2164 emciuntur.
3452 2105 3588 2168 Nam

337 2194 472 2248 ἀλλὰ
525 2197 591 2266 τῇ
624 2195 854 2266 υίότητι,
910 2189 979 2265 ἧς
1032 2190 1519 2265 μεταλαμϐάνομεν
1577 2192 1710 2262 παρ’
1738 2189 1924 2245 αὐτοῦ.

338 2283 400 2339 Ei
428 2285 528 2356 μὲν
553 2281 648 2340 οὖν
699 2285 793 2340 καὶ
841 2285 934 2340 τὸν
965 2285 1093 2339 Υίὸν
1147 2286 1214 2338 ὲκ
1249 2283 1540 2356 μετουσίας
1595 2282 1806 2352 λέγετε,
1841 2281 1929 2335 λε-

341 2372 517 2439 γέσθω
547 2373 647 2443 μὲν
694 2376 824 2444 παρ’
880 2373 1032 2444 ὑμῶν
1080 2371 1437 2445 ὁμοιοούσιος.
1675 2371 1790 2427 Οὐκ
1811 2371 1926 2426 ἔστι

343 2464 524 2533 μέντοι
579 2464 870 2536 λεγόμενος
926 2461 1100 2529 οὓτως
1145 2464 1392 2537 ἀλήθεια,
1446 2465 1566 2518 οὐδὲ
1619 2464 1756 2528 ὅλως
1788 2461 1923 2535 φῶς,

337 2556 456 2610 οὐδὲ
485 2556 643 2627 φύσει
675 2559 825 2622 Θεὸς.
866 2559 945 2612 Τὰ
971 2558 1079 2628 γὰρ
1126 2561 1190 2612 ἐκ
1225 2557 1515 2629 μετουσίας
1541 2558 1642 2611 οὐκ
1674 2556 1922 2628 ἀληθεία,

317 2649 450 2718 ,αλλ’
476 2649 729 2720 ὁμοιώσει
756 2651 854 2723 τῆς
881 2651 1142 2723 ἀληθείας
1177 2651 1396 2721 λέγεται
1435 2651 1618 2724 ὃμοια,
1655 2651 1796 2705 ὥστε
1829 2650 1924 2705 καὶ

338 2743 714 2812 μεταπίπτειν.
746 2744 840 2798 καὶ
869 2743 1219 2817 ἀφαιρεῖσθαι
1247 2743 1501 2798 δύνασθαι
1523 2743 1632 2798 άπὸ
1661 2742 1768 2797 τῶν
1794 2760 1923 2815 μετ-

335 2835 563 2904 εχόντων
607 2838 710 2908 τὴν
753 2837 1074 2909 μετάληψιν.
1105 2835 1277 2890 Τοῦτο
1327 2835 1385 2889 δὲ
1433 2835 1594 2890 πάλιν
1629 2835 1760 2889 ἴδιον
1811 2833 1922 2889 τῶν

341 2929 650 2998 κτισμάτων
681 2928 776 2982 καὶ
833 2927 1150 3000 ποιημάτων
1203 2927 1370 2982 ἐστίν.
1431 2926 1642 2982 Οὐκοῦν
1683 2927 1732 2980 εί
1765 2925 1922 2980 τοῦτο

340 3018 552 3081 ἄτοπον,
584 3021 684 3075 οὐκ
714 3019 780 3074 ἂν
835 3021 921 3091 εἴη
972 3022 1036 3073 ἐκ
1099 3019 1409 3090 μετουσίας,
1447 3018 1584 3073 ἀλλὰ
1635 3017 1796 3088 φύσει
1826 3017 1921 3071 καὶ

335 3103 559 3176 ἀληθείᾳ
581 3107 728 3170 Υίὺς,
758 3108 894 3178 φῶς,
930 3108 1109 3178 σοφία,
1152 3107 1303 3170 Θεὸς.
1341 3105 1504 3159 Φύσει
1537 3104 1596 3160 δὲ
1628 3102 1702 3158 ὢν
1725 3102 1822 3158 καὶ
1854 3102 1912 3155 οὐ

341 3199 559 3268 μετοχῇ,
584 3198 684 3252 οὐκ
710 3199 774 3253 ἂν
807 3199 1007 3270 κυρίως
1033 3198 1248 3270 λεχθείη
1279 3196 1612 3268 ὁμοιοούσιος
1645 3234 1666 3264 ,
1797 3193 1915 3250 ἀλλ’

2009 2209 2027 2242 ι
2067 2206 2219 2255 eum,
2250 2211 2268 2245 ›
2298 2193 2392 2260 ait,
2419 2212 2438 2244 ‹
2469 2196 2785 2264 apparuerit
2813 2196 2926 2264 ille,
2963 2197 3172 2253 similes
3193 2198 3246 2251 ei
3275 2197 3483 2253 erimus
3511 2200 3585 2262 ι.»

2003 2277 2211 2334 similes
2256 2280 2466 2337 scilicet
2503 2297 2611 2337 non
2667 2284 2996 2352 substantia,
3032 2287 3128 2342 sed
3171 2287 3412 2344 ﬁliorum
3457 2289 3592 2345 ado-

2003 2370 2210 2439 ptione,
2239 2388 2401 2442 quam
2431 2389 2526 2444 per
2562 2390 2686 2429 eum
2723 2377 3137 2447 participamus.
3188 2375 3244 2432 Si
3280 2379 3442 2450 igitur
3465 2396 3590 2434 eum

2003 2478 2070 2518 ex
2121 2463 2536 2534 participatione
2577 2465 2772 2528 Fdium
2827 2469 3040 2536 dicitis,
3084 2469 3301 2526 dicatur
3346 2487 3381 2526 ιι
3435 2471 3591 2528 vobis

2005 2556 2315 2614 substantia
2350 2560 2548 2614 similis
2578 2577 2592 2612 :
2626 2562 2718 2615 sed
2759 2561 2803 2618 si
2847 2562 2918 2617 ita
2951 2563 3276 2633 appelletur,
3314 2579 3414 2620 nec
3443 2567 3590 2620 veri.

2004 2659 2110 2715 tas,
2163 2666 2262 2706 nec
2313 2652 2497 2706 lumen
2545 2653 2838 2722 ullatenus,
2888 2669 2988 2710 nec
3040 2665 3231 2711 natura
3280 2652 3425 2712 Deus
3464 2657 3588 2712 erit.

2002 2740 2138 2795 Nam
2169 2758 2291 2812 quae
2335 2759 2399 2796 ex
2444 2744 2862 2814 participatione
2889 2756 3040 2813 sunt,
3071 2761 3178 2802 non
3217 2762 3364 2814 vere,
3389 2747 3485 2803 sed
3516 2748 3592 2803 si-

2003 2835 2316 2891 militudine
2351 2836 2598 2892 veritatis
2642 2838 2840 2892 similia
2876 2839 3178 2908 dicuntur;
3219 2840 3291 2895 ita
3342 2849 3402 2895 ut
3445 2828 3592 2910 quod

2003 2927 2384 2997 participatur,
2413 2943 2446 2984 a
2477 2929 2933 2999 participantibus
2960 2931 3208 2988 decidere
3235 2944 3289 2988 et
3323 2932 3438 2988 tolli
3464 2947 3594 3004 pos-

2004 3019 2118 3074 sit:
2149 3019 2252 3076 hoc
2297 3029 2479 3075 autem
2524 3022 2725 3076 creatis
2761 3022 2924 3078 rebus
2971 3033 3138 3092 atque
3177 3025 3413 3093 opiﬁciis
3467 3040 3595 3096 pro-

2017 3105 2194 3174 prium
2215 3111 2318 3159 est.
2351 3102 2536 3174 itaque
2559 3103 2602 3159 si
2634 3104 2935 3160 absurdum
2961 3104 3093 3159 illud
3115 3114 3220 3168 est,
3248 3118 3595 3174 nequaquam

2014 3192 2123 3248 erit
2164 3207 2230 3247 es
2274 3192 2714 3263 participatione,
2771 3192 2864 3248 sed
2910 3207 2976 3247 ex
3010 3199 3206 3246 natura
3249 3201 3305 3246 et
3345 3191 3588 3258 veritate,

335 3263 636 3357 ὐμοούσιος.
662 3292 726 3346 ’Ὀ
756 3291 814 3345 δὲ
843 3263 976 3363 μηδὲ
1002 3263 1285 3347 ἐπ’-αλλων
1308 3263 1374 3346 αν
1399 3308 1482 3354 τις
1514 3263 1680 3343 εἴποι·
1699 3286 1916 3358 ἐδείχθη

2017 3281 2208 3350 Filius,
2268 3283 2474 3346 lunwn,
2520 3283 2808 3355 sapientia,
2861 3281 3004 3340 Deus
3036 3303 3048 3338 :
3086 3298 3207 3338 cum
3262 3291 3446 3338 autem
3504 3298 3597 3339 na-

334 3379 452 3451 γὰρ
479 3381 536 3434 τὸ
557 3383 740 3452 ὅμοιον
806 3384 881 3455 μὴ
933 3384 1025 3436 ἐπὶ
1064 3383 1172 3436 τῶν
1221 3381 1420 3436 οὐσιῶν
1452 3380 1762 3452 λεγόμενονο
1799 3377 1917 3441 πῶς

333 3470 445 3524 οὐκ
466 3475 680 3545 ἀνόητον
718 3475 837 3545 μὲν,
872 3475 905 3546 ἢ
956 3477 1096 3546 τάχα
1122 3475 1216 3530 καὶ
1247 3474 1483 3546 χαλεπὸν
1526 3472 1692 3527 τοῦτο
1709 3470 1915 3544 προφέ-

337 3580 461 3633 ρειν
483 3566 570 3618 ἐπὶ
601 3566 752 3631 Υίοῦ,
784 3567 877 3620 καὶ
906 3567 980 3638 μὴ
1007 3566 1205 3638 μᾶλλον
1227 3567 1288 3620 τὸ
1315 3564 1636 3638 ὀμοούσιον;

2017 3384 2139 3430 tura
2174 3374 2300 3431 talis
2335 3375 2406 3430 sit
2436 3385 2488 3430 et
2531 3390 2640 3431 non
2692 3374 3131 3447 participatione,
3160 3389 3436 3443 nunquam
3468 3387 3598 3446 pro‘

2018 3465 2132 3536 prie
2179 3464 2480 3522 substantia
2521 3466 2718 3522 similis
2773 3465 2878 3521 dici
2925 3467 3184 3536 potuerit,
3221 3466 3318 3521 sed
3357 3464 3599 3521 consub-

2018 3556 2314 3614 stantialis.
2342 3554 2497 3624 Quod
2538 3567 2718 3611 autem
2771 3555 2841 3612 de
2883 3556 3008 3612 aliis
3055 3569 3216 3612 nemo
3259 3555 3460 3612 dixerit
3485 3553 3603 3626 (de-

337 3667 692 3713 monstratum
725 3669 807 3715 cst
844 3661 989 3714 enim
1021 3699 1038 3726 ,
1079 3659 1258 3714 simile
1306 3660 1372 3714 de
1418 3655 1740 3714 substantiis
1791 3667 1899 3707 non
1972 3647 2256 3721 praedicari
2282 3647 2324 3718 ).
2377 3649 2492 3720 qui,
2546 3663 2775 3720 quaeso,
2827 3663 2936 3705 non
2986 3650 3214 3705 Stultum
3271 3646 3480 3717 fuerit,
3544 3661 3604 3706 et

334 3746 566 3806 fortasse
625 3753 792 3808 etiam
867 3752 1249 3824 gravissimum
1330 3753 1382 3808 id
1463 3753 1530 3808 de
1605 3748 1746 3805 Filio
1804 3743 2088 3819 proferre,
2142 3753 2199 3800 et
2257 3761 2365 3801 non
2406 3745 2590 3816 potius
2635 3761 2759 3800 eum
2843 3744 3361 3800 consubstantialem
3413 3743 3602 3815 appel-

334 3839 396 3897 la
405 3841 492 3898 re?

523 3937 617 3992 Διὰ
663 3936 824 3991 τοῦτο
874 3937 983 4009 γὰρ
1017 3939 1110 3992 καὶ
1163 3941 1196 4012 ὴ
1233 3941 1289 3992 ὲν
1317 3936 1529 4009 Νικαίᾳ
1576 3935 1794 4001 σύνοδος
1817 3951 1915 3987 κα-

327 4022 450 4088 λῶς
479 4025 729 4099 ἔγραψεν,
760 4029 897 4102 ὅπερ
937 4029 1175 4102 ἔπρεπεν
1205 4031 1401 4092 είπεῖν,
1432 4025 1690 4098 γεννητὸν
1716 4027 1781 4078 ὲκ
1818 4027 1918 4096 τῆς

331 4117 518 4183 οὐσίας
547 4120 637 4173 τὀὖ
666 4121 878 4193 Πατρὸς
919 4121 1010 4175 τὸν
1059 4123 1188 4175 Υίύν
1234 4121 1533 4193 ὁμοούσιον.
1738 4113 1920 4171 Ταῦτα

337 4209 442 4260 καὶ
467 4212 617 4281 ἡμεῖς
640 4211 923 4283 μαθόντες,
979 4213 1054 4285 μὴ
1100 4201 1515 4284 σκιαμαχῶμεν,
1549 4213 1644 4266 καὶ
1683 4208 1916 4282 μάλιστα

335 4299 710 4367 γινώσκοντες,
737 4301 890 4356 and:
926 4304 1019 4357 καὶ
1078 4301 1251 4357 ταῦτα
1306 4300 1650 4375 γράψαντες,
1699 4301 1800 4371 οὐχ
1841 4295 1916 4362 ὡς

337 4391 803 4465 παρεξηγούμενοι
827 4395 925 4466 τὴν
948 4394 1226 4466 ἀλήθειαν,
1279 4394 1393 4448 ἀλλ’
1423 4391 1765 4455 ἐκδικοῦντες
1817 4387 1916 4461 μὲν

337 4479 440 4550 τὴν
461 4484 711 4555 ἀλήθειαν
740 4486 835 4539 καὶ
860 4486 958 4556 τὴν
983 4488 1063 4550 είς
1111 4485 1347 4556 Χριστὸν
1379 4485 1680 4549 εὐσέϐειαν,
1727 4481 1918 4537 καθαι-

343 4571 553 4638 ροῦντες
576 4575 630 4628 δὲ
658 4576 756 4639 τὰς
777 4576 894 4628 κατ’
915 4578 1080 4630 αὐτοῦ
1097 4577 1206 4631 τῶν
1235 4573 1652 4649 Ἀρειομανιτῶν
1678 4572 1920 4644 βλασφη-

2076 3935 2142 3980 t.
2244 3928 2454 3985 Idcirco
2503 3924 2672 3999 probe
2729 3923 2948 3980 Nicena
3001 3921 3243 3994 synodus
3286 3921 3340 3977 id
3384 3922 3604 3993 scripsit

2022 4020 2170 4098 quod
2212 4023 2648 4077 consentaneum
2677 4025 2834 4086 erat,
2882 4013 3080 4070 Filium
3126 4029 3320 4083 nempe
3359 4030 3426 4070 ex
3473 4014 3604 4070 sub-

2024 4113 2222 4172 stantia
2272 4107 2450 4168 Patris
2512 4109 2760 4183 genitum
2793 4148 2811 4176 ,
2866 4123 2990 4164 esse
3055 4105 3598 4162 consubstantialem.

2025 4203 2152 4265 Haec
2174 4199 2367 4261 eadem
2401 4216 2502 4258 nos
2533 4217 2658 4256 cum
2692 4198 3070 4264 didicerimus,
3117 4213 3187 4254 ue
3226 4213 3348 4253 cum
3394 4197 3603 4255 umbris

2022 4309 2360 4369 pugnemus:
2385 4294 2539 4364 gnari
2569 4292 2809 4347 maxime
2838 4305 2955 4358 eos,
2983 4289 3076 4360 qui
3103 4289 3217 4345 lucc
3242 4289 3601 4360 scripserunt,

2023 4405 2130 4444 non
2181 4386 2362 4442 studio
2406 4396 2573 4454 Prave
2616 4379 2924 4451 explicandi
2982 4379 3286 4444 veritatem,
3331 4377 3426 4433 sed
3481 4393 3603 4434 eam

2025 4497 2133 4540 una
2166 4495 2290 4536 cum
2338 4478 2536 4548 pietate
2579 4477 2632 4530 in
2663 4474 2944 4530 Christum
2994 4472 3296 4535 asserendi,
3341 4481 3394 4528 et
3440 4472 3601 4526 Ario-

2027 4569 2357 4623 manitarum
2397 4565 2766 4638 blaSphemias
2799 4563 3131 4629 damnandi,
3173 4564 3250 4618 sic
3289 4561 3444 4616 lidem
3475 4577 3604 4633 pro—

345 4663 488 4731 μξαις,
510 4666 680 4733 οὕτως
707 4669 1064 4740 ὡμολόγησαν
1096 4671 1195 4740 τὴν
1247 4670 1452 4724 πίστιν.
1506 4667 1775 4721 Σκεπτέον
1806 4665 1916 4737 γὰρ

2021 4661 2296 4733 ηιυιέιιεεο
2325 4677 2502 4716 suam.
2541 4657 3014 4715 Considerandum
3043 4656 3189 4710 enim
3217 4663 3329 4718 est,
3358 4664 3413 4708 et
3449 4670 3605 4709 accu-

344 4755 440 4807 καὶ
483 4762 836 4833 κατανοητέον
892 4760 1154 4833 ἀκριϐῶς,
1212 4762 1294 4816 ὅτι
1327 4761 1576 4832 λέγοντες
1641 4760 1738 4831 μὲν
1791 4760 1917 4812 ἀνο-

347 4852 632 4916 μοιοούσιον
821 4853 916 4905 καὶ
953 4853 1314 4925 ἑτεροούσιον,
1355 4854 1414 4906 οὐ
1447 4851 1785 4923 σημαίνομεν
1827 4850 1918 4904 τὸν

343 4938 578 5012 ἀληθινὸν
620 4945 773 5010 Υἱὸν,
817 4944 930 4998 ἀλλ’
979 4944 1037 4998 ἓν
1068 4963 1118 4998 τι
1152 4944 1260 4998 τῶν
1305 4943 1624 5016 ποιημάτων
1690 4945 1783 4996 καὶ
1829 4942 1919 4996 τὸν

345 5035 636 5108 εἰσποιητὸν
663 5039 760 5093 καὶ
807 5038 952 5090 θέσει
981 5038 1108 5091 Υίὸν
1153 5077 1169 5103 ,
1313 5039 1450 5110 ὅπερ
1479 5041 1592 5101 τοῖς
1629 5038 1921 5108 αίρετικοῖς

343 5124 496 5180 δοκεῖ·
522 5130 767 5200 λέγοντες
791 5130 848 5183 δὲ
882 5129 956 5200 μὴ
1010 5130 1302 5201 ἐριστικῶς
1335 5131 1395 5183 τὸ
1451 5128 1759 5200 ὁμοούσιον,
1794 5128 1920 5181 Υἱδν

340 5223 669 5296 σημαίνομεν
690 5225 914 5294 γνήσιον
944 5225 1010 5280 ὲκ
1041 5223 1137 5277 τοῦ
1199 5221 1414 5294 Πατρδς
1462 5220 1746 5290 πεφυκότα
1769 5261 1784 5285 ,
1819 5220 1922 5274 κᾶν

330 5314 394 5367 ἐν
426 5315 590 5387 τούτῳ
619 5317 1091 5390 διαρῤνηγνύωνται
1139 5316 1402 5379 πολλάκις
1447 5316 1496 5367 οἱ
1523 5312 1918 5386 Χριστομάχοι.

328 5403 518 5460 Ταῦτα
569 5409 687 5478 μὲν,
745 5409 890 5481 άπερ
949 5409 1120 5477 έγνων
1173 5405 1303 5476 ἐγώ,
1372 5406 1464 5458 καὶ
1527 5405 1920 5475 διαλεγομένων

323 5499 541 5570 ἥκουσα
574 5499 873 5570 φρονίμων,
905 5500 972 5552 δι’
994 5499 1192 5568 ὀλίγων
1218 5499 1490 5569 γέγραφα·
1525 5497 1682 5568 ὑμεῖς
1715 5497 1793 5562 δὲ,
1822 5496 1919 5567 μέ-

323 5605 514 5656 νοντες
570 5594 662 5645 ἐπὶ
716 5593 808 5645 τὸν
862 5592 1109 5663 θεμέλιον
1152 5591 1260 5644 τῶν
1295 5590 1630 5653 ἀποστόλων,
1679 5588 1776 5643 καὶ
1823 5588 1922 5653 τὰς

324 5684 660 5750 παραδόσεις
682 5685 792 5738 τῶν
818 5684 1076 5755 Πατέρων
1225 5682 1564 5754 κατέχοντες,
1587 5679 1809 5750 εὔχεσθε
1836 5679 1925 5736 ἵνα

407 5851 426 5880 ⁸
462 5849 623 5905 Joan.
668 5865 750 5912 ιιι,
778 5850 834 5904 2.

657 5946 926 6006 PA'ﬂtOL.
973 5947 1090 6008 Gn.
1127 5944 1386 6008 CXXX.

2017 4764 2135 4810 rate
2177 4752 2725 4818 animadvertendum
2756 4791 2772 4818 ,
2841 4765 2965 4805 cum
3013 4763 3138 4803 eum
3178 4747 3414 4804 dicimus
3476 4748 3604 4800 sub-

2019 4848 2216 4904 stantia
2274 4845 2638 4908 dissimilcm,
2699 4852 2754 4899 et
2813 4843 3046 4897 diversae
3099 4839 3451 4907 substantiae,
3504 4853 3605 4894 nos

2019 4938 2442 5008 haudquaquam
2487 4951 2675 4990 verum
2721 4933 2918 4988 Filium
2948 4931 3279 5004 signiﬁcare,
3313 4931 3409 4987 sed
3434 4947 3604 4988 unum

2020 5047 2087 5087 ex
2118 5029 2372 5102 opificiis,
2414 5037 2468 5084 et
2507 5028 2736 5083 ascitum
2776 5025 3180 5096 adoptioneque
3207 5023 3432 5089 Filium,
3458 5021 3604 5095 quod

2022 5123 2263 5178 haeretici
2303 5121 2590 5177 sentiunt:
2622 5135 2785 5190 quem
2831 5119 2877 5175 si
2917 5119 3168 5174 dicamus
3223 5119 3342 5174 sine
3389 5125 3608 5173 conten-

2022 5214 2168 5267 tione
2200 5211 2746 5277 consubstantialem,
2778 5225 2964 5266 verum
2993 5209 3370 5280 signiﬁcamus
3407 5204 3605 5260 Filium

2022 5320 2089 5362 ex
2139 5303 2302 5360 Patre
2349 5313 2542 5361 natum
2595 5323 2608 5358 :
2653 5303 2869 5359 etiamsi
2917 5304 3019 5358 hac
3070 5301 3139 5357 de
3186 5313 3350 5354 causa
3402 5298 3609 5367 pluries

2021 5399 2433 5469 disrumpantur
2484 5398 2688 5452 Christi
2740 5397 2946 5453 hostes.
3002 5392 3128 5450 Haec
3170 5393 3429 5463 quidem,
3489 5405 3610 5462 qua:

2020 5499 2149 5547 nota
2183 5489 2340 5558 mihi,
2369 5501 2422 5545 et
2449 5505 2513 5546 ex
2544 5488 2893 5562 prudentium
2925 5483 3389 5556 disputationibus
3422 5481 3611 5553 explo-

2022 5593 2139 5640 rata
2165 5591 2344 5652 erant,
2373 5583 2563 5655 paucis
2589 5581 2807 5652 scripsi.
2838 5578 2949 5636 Vos
2975 5589 3158 5634 autem
3189 5586 3473 5633 manentes
3511 5591 3608 5634 su-

2021 5691 2119 5748 per
2162 5674 2581 5733 fundamentum
2620 5670 2996 5744 apostolorum
3019 5713 3036 5740 ,
3065 5667 3402 5739 Patrumque
3441 5667 3612 5725 tradi-

3177 5937 3249 6016 tu
