4026 6290
312 390 414 456 ιοι

1558 354 1932 447 ΕυΤιιΥλιιι
1977 389 2333 451 ZIGABENI

3461 391 3564 453 ίθέ

307 505 482 555 tiones
508 500 822 564 retinentes,
856 507 1006 552 orate
1043 505 1099 548 ut
1131 495 1243 565 jam
1279 503 1455 549 cesset
1508 495 1687 549 omnis
1748 507 1881 546 con-

2013 500 2088 568 ιδη
2121 499 2252 552 ποτὲ
2281 499 2553 571 παύσηται
2590 502 2737 554 πᾶσα
2764 500 2824 553 λο
2853 501 2951 554 πον
2978 499 3092 568 ἔρις
3128 501 3221 552 καὶ
3247 501 3430 569 ζῆλος,
3460 503 3575 554 τῶν

307 593 481 649 tentio
509 601 561 647 et
595 593 762 655 ‘zelus,
801 588 1294 655 haereticorumque
1315 585 1521 639 insana:
1543 583 1880 653 quaestiones

310 685 365 738 et
412 700 516 738 una
575 684 752 738 omnis
836 679 1128 734 verborum
1185 677 1464 738 contentio
1530 675 1879 737 damnentur,

316 785 482 845 utque
517 773 722 828 nefaria
764 781 817 825 et
884 769 1231 839 sanguinaria
1280 768 1601 820 Arianorum
1664 763 1884 818 haeresis

309 866 612 926 aboleatur,
648 863 702 914 in
739 862 982 914 omnium
1005 870 1136 912 Vero
1165 858 1421 912 cordibus
1445 855 1649 910 veritas
1669 853 1886 908 eluceat

275 960 386 1019 ,ita
411 964 474 1010 ut
504 967 694 1008 omnes
737 949 939 1018 ultique
973 949 1117 1002 idem
1157 948 1384 1010 dicant,
1426 946 1568 1000 idem
1621 944 1879 1000 sentiant:

313 1033 373 1102 εἷο
407 1047 554 1101 nulla
581 1045 838 1112 deinceps
880 1042 1071 1095 relicta
1134 1041 1333 1093 Ariana
1393 1037 1755 1108 blasphemia,
1795 1051 1887 1106 per

318 1141 626 1193 universam
688 1133 988 1188 Ecclesiam
1052 1131 1284 1195 dicatur,
1326 1138 1490 1198 atque
1522 1129 1578 1182 in
1634 1127 1888 1183 confesso

317 1230 586 1285 habeatur
619 1223 746 1281 illud
781 1243 796 1278 :
830 1243 847 1275 ι
888 1226 1041 1278 Unus
1070 1223 1350 1283 Dominus,
1387 1211 1492 1275 una
1523 1219 1677 1282 fides,
1721 1234 1887 1272 unum

314 1320 584 1390 baptisma
641 1320 685 1382 ⁸,
731 1335 749 1368 ι
792 1315 845 1369 in
875 1316 1088 1370 Christo
1118 1313 1242 1369 Jesn
1270 1313 1500 1367 Domino
1523 1321 1735 1376 nostro,
1799 1314 1891 1366 cui

311 1413 478 1483 gloria
503 1421 557 1464 et
583 1409 874 1478 imperium
931 1408 984 1460 in
1033 1408 1232 1461 saecula
1292 1405 1639 1458 szeculorum.
1696 1403 1892 1456 Amen.

313 1513 562 1595 Ejusdem
599 1517 846 1595 adversus
904 1519 1129 1595 Ariona:
1181 1533 1276 1595 pro
1337 1517 1588 1595 Dionysio
1655 1519 1897 1584 episcopo

339 1588 369 1600 "
763 1589 1101 1642 Alexandria
1150 1588 1410 1656 apologia.

383 1685 552 1739 ,ιιιύωὶ
581 1683 732 1745 olim,
764 1696 889 1735 cum
927 1696 989 1734 ex
1012 1689 1122 1734 tam
1150 1678 1334 1732 multis
1353 1677 1516 1732 rebus
1541 1677 1896 1742 admirandis,

313 1793 448 1848 quas
499 1777 763 1831 Dominus
807 1773 1061 1837 faciebat,
1122 1778 1481 1839 agnoscerent
1539 1769 1716 1839 ipsum
1769 1782 1894 1822 esse

1992 605 2052 640 τε
2079 590 2378 661 αίρετικῶν
2405 594 2460 645 ai
2487 594 2673 662 μωρα¹ι
2703 592 2963 661 ζητήσεις
2998 593 3446 659 καταγνωσθῶσι.
3476 595 3574 646 καὶ

1997 682 2145 732 πᾶσα
2180 681 2518 751 λογομαχία·
2558 682 2653 735 καὶ
2683 683 2715 752 ή
2752 682 2849 751 μὲν
2888 680 3207 750 δυσώνυμος
3237 682 3331 733 καὶ
3366 679 3574 749 ἀνθρω-

1998 771 2257 834 ποκτόνος
2287 772 2396 824 τῶν
2440 771 2733 842 Ἀρειανῶν
2761 772 2970 841 αἵρεσις
3004 769 3409 839 ἐξαφανισθείη,
3437 771 3574 823 ἀνα-

1997 863 2231 933 λάμψειε
2261 863 2317 916 δὲ
2346 864 2563 917 πάντων
2594 866 2650 917 ἐν
2678 867 2795 926 ταῖς
2826 863 3076 933 καρδίαις
3109 864 3142 932 ή
3166 861 3413 927 ἀλήθεια,
3434 859 3578 913 ὥστε

1999 953 2208 1015 πάντας
2262 954 2536 1024 πανταχοῦ
2596 955 2655 1006 τὸ
2717 954 2848 1007 αὐτὸ
2898 953 3099 1020 λέγειν,
3168 953 3262 1004 καὶ⁵
3326 950 3386 1003 τὸ
3444 952 3580 1002 αὐτὸ

2012 1047 2225 1114 φρονεῖν
2246 1063 2258 1075 ·
2297 1046 2565 1116 μηδεμιᾶς
2593 1045 2648 1097 δὲ
2676 1045 2754 1097 ἔτι
2785 1044 3250 1114 περιλειπομένης
3292 1042 3583 1111 Ἀρειανῆς

2001 1136 2373 1206 βλασφημίας,
2399 1138 2494 1190 καὶ
2520 1137 2741 1207 λέγηται
2767 1137 2861 1190 καὶ
2886 1136 3213 1207 ὁμολογῆται
3237 1135 3377 1186 κατὰ
3401 1135 3583 1186 πᾶσαν

2013 1228 2368 1298 Ἐκκλησίαν·
2395 1223 2519 1288 «Εἷς
2555 1223 2781 1298 Κύριος,
2805 1228 2904 1295 μία
2924 1228 3126 1290 πίστις,
3153 1226 3208 1278 ἓν
3233 1227 3535 1295 βάπτισμα,
3556 1241 3576 1274 ι

2000 1323 2057 1373 ἐν
2077 1321 2298 1390 Χριστῷ
2342 1319 2516 1391 Ἰησοῦ
2547 1319 2627 1390 τῷ
2664 1321 2852 1389 Κυρίῳ
2883 1319 3063 1389 ήμῶν,
3205 1320 3238 1384 ή
3304 1315 3433 1379 δόξα
3483 1315 3584 1367 καὶ

2011 1411 2069 1462 τὸ
2113 1412 2314 1478 κράτος
2345 1412 2425 1474 είς
2454 1412 2578 1474 τοὺς
2625 1411 2826 1473 αίῶνας
2861 1409 2968 1463 τῶν
3006 1393 3238 1461 αἰώνων.
3280 1408 3472 1476 Ἀμήν.

2014 1527 2124 1582 Τοῦ
2163 1527 2348 1581 αὑτοῦ
2383 1530 2534 1582 κατὰ
2579 1528 2897 1596 Ἀρειον-ῶν
2927 1527 3246 1596 ἀπολογία.
3277 1524 3430 1596 ὑπὲρ
3453 1524 3586 1575 Ato-

2145 1600 2362 1651 νυσίου
2419 1593 2893 1667 ἀρχιεπξσκόπου
2959 1593 3438 1661 Ἀλεξανδρείας.

2076 1688 2140 1743 Oi
2179 1689 2345 1742 παλαι
2390 1689 2633 1742 Ἰουδαῖοι
2676 1687 2916 1742 τοσαῦτα
2949 1687 3039 1740 τοῦ
3094 1687 3301 1756 Κυρίου
3349 1702 3582 1753 πεποιη-

2010 1783 2165 1844 κότος
2194 1780 2352 1851 ἔργα,
2381 1782 2449 1834 δι’
2492 1775 2566 1834 ὧν
2604 1781 2898 1849 ἐγνώριζον
2943 1780 3107 1832 αὑτὸν
3137 1775 3277 1832 εἶναι
3320 1777 3412 1830 τδν
3440 1775 3583 1846 Χρι-

313 1869 595 1926 Cbristum
631 1867 828 1922 Filium
876 1865 977 1919 Dei
1025 1863 1277 1926 viventis,
1314 1862 1382 1916 ab
1425 1877 1492 1916 eo
1554 1860 1898 1930 reprehensi.

2013 1874 2134 1925 στὸν
2153 1877 2246 1928 τὸν
2280 1875 2405 1926 Υίὸν
2427 1873 2519 1926 τοῦ
2539 1873 2670 1926 Θεοῦ
2694 1874 2787 1926 τοῦ
2816 1873 3037 1937 ζῶντος,
3065 1869 3416 1938 ἐλεγχόμενοι
3448 1868 3581 1936 παρ’

315 1977 416 2016 nec
452 1958 971 2030 reprehensionibus
1020 1955 1166 2010 illius
1213 1954 1457 2008 valentes
1481 1953 1774 2018 obsistere,
1831 1967 1897 2006 eo

310 2052 722 2124 confugiebant,
756 2059 818 2104 ut
855 2049 1102 2103 dicerent
1156 2045 1360 2100 habere
1395 2060 1452 2100 se
1491 2053 1696 2116 patrem
1732 2045 1900 2098 Abra-

319 2147 466 2209 ham,
496 2152 548 2198 et
577 2143 697 2213 ejus
734 2142 1057 2196 auctoritate
1080 2137 1489 2207 improbitatem
1521 2152 1674 2190 suam
1712 2145 1895 2201 tegere

319 2233 682 2291 conabantur.
716 2233 918 2287 Verum
952 2231 1406 2302 quemadmodum
1436 2245 1500 2283 ea
1549 2246 1604 2283 re
1640 2229 1775 2282 nihil
1818 2228 1896 2282 illi

320 2328 702 2398 proficiebant,
739 2327 816 2380 sic
848 2325 935 2378 isti
964 2337 1131 2388 nunc,
1173 2322 1266 2392 qui
1309 2332 1562 2391 tanquam
1605 2319 1775 2374 ,ιιιόωί
1826 2321 1894 2373 ad

321 2422 632 2492 Dionysium
665 2418 1006 2487 confugiunt,
1050 2431 1162 2470 non
1199 2413 1483 2470 evitabunt
1527 2413 1796 2477 eamdem,
1844 2413 1897 2465 in

315 2529 483 2582 quam
534 2513 612 2567 illi
665 2511 1000 2574 inciderunt,
1057 2505 1598 2562 condemnationem.
1665 2502 1798 2556 Nam
1841 2511 1897 2557 et

317 2608 442 2660 ilios
465 2603 745 2665 Dominus,
776 2603 845 2655 ob
868 2615 928 2654 ea
953 2613 1070 2668 qua!
1093 2607 1283 2652 contra
1301 2597 1473 2664 legent
1511 2595 1894 2654 admittebant,

315 2693 697 2765 reprehendit,
752 2688 884 2756 Hoc,
910 2689 1182 2759 inquiens,
1211 2687 1482 2738 Abraham
1513 2700 1614 2736 non
1642 2684 1785 2752 fecit.
1832 2682 1900 2735 Et

323 2791 454 2838 istos
523 2781 720 2850 impios
807 2771 968 2848 atque
1047 2776 1340 2830 mendaces
1440 2776 1626 2826 eadem
1710 2786 1902 2824 rursus

325 2877 523 2930 veritas
555 2871 944 2942 reprehendet,
970 2868 1274 2938 Dionysius,
1307 2867 1582 2934 inquiens,
1610 2865 1902 2936 episcopus

323 2983 504 3035 neque
534 2961 1131 3036 probavitsententiam
1204 2959 1344 3022 Arii,
1389 2971 1567 3026 neque
1616 2957 1900 3009 veritatem

325 3059 622 3129 ignoravit.
681 3057 850 3110 Aiunt
887 3053 1054 3125 igitur
1103 3051 1350 3105 veritatis
1421 3048 1649 3113 inimici,
1678 3049 1899 3103 beatum

321 3147 636 3221 Dionysium
657 3147 712 3200 in
743 3143 968 3220 epistola
1000 3141 1231 3212 quadam
1262 3137 1548 3209 Scripsisse
1575 3137 1668 3191 Dei
1698 3135 1900 3192 Filium

2007 1963 2194 2031 αὐτοῦ,
2231 1964 2325 2017 καὶ
2359 1964 2435 2034 μὴ
2481 1964 2768 2033 δυνάμενοι
2806 1960 2941 2031 πρὸς
2965 1963 3092 2024 τοὺς
3137 1959 3395 2029 ἐλέγχους
3426 1960 3581 2011 ἀντι-

2009 2055 2252 2120 ϐλέπειν,
2281 2057 2359 2117 εἰς
2389 2057 2478 2107 τὸν
2515 2053 2864 2124 πατριάρχην
2891 2051 3233 2120 κατέδραμον
3283 2048 3533 2115 λέγοντες
3559 2042 3592 2076 ·’

2017 2147 2217 2216 Ἡμεῖς
2243 2146 2465 2214 πατέρα
2495 2146 2712 2214 ἔχομεν
2739 2145 2844 2196 τὸν
2884 2144 3156 2210 Ἀϐραὰμ,
3180 2138 3488 2209 νομίζοντες
3523 2141 3582 2190 ὲν

2006 2240 2181 2309 τούτῳ
2215 2238 2476 2292 δύνασθαι
2519 2237 2615 2305 τὴν
2661 2237 2886 2299 ἀλογίαν
2917 2235 3125 2288 ἑαυτῶν
3157 2230 3581 2286 ἐπικαλύπτειν.

2020 2335 2161 2388 Ἀλλ’
2189 2322 2313 2387 οῦτε
2346 2335 2542 2386 ἐκεῖνοι
2572 2331 2732 2384 τοῦτο
2753 2320 3002 2398 λέγοντες
3027 2327 3245 2399 ὣνησάν
3272 2345 3344 2392 τι,
3377 2325 3496 2379 οὔτε
3528 2327 3582 2379 οἱ

2009 2429 2101 2482 νῦν
2159 2426 2406 2481 Ἰουδαῖοι
2456 2424 2734 2477 Διονύσιον
2787 2423 3165 2492 ὀνομάζοντες,
3210 2420 3432 2490 φεύγειν
3478 2420 3584 2488 τὴν

2009 2521 2198 2591 ὁμοίαν
2226 2520 2456 2580 ἐκείνοις
2488 2518 2669 2568 αἰτίαν
2701 2515 3049 2585 δυνήσονται.
3091 2515 3203 2567 Καὶ
3234 2514 3341 2581 γὰρ
3390 2513 3583 2565 κάκεί-

2008 2625 2139 2672 νοις,
2173 2609 2258 2677 ἐφ’
2291 2601 2372 2670 οἷς
2399 2608 2772 2678 παρηνόμουν,
2803 2606 3028 2677 ἤλεγξεν
3062 2608 3090 2659 ὁ
3117 2606 3318 2677 Κύριος
3349 2605 3524 2671 λέγων
3560 2618 3579 2634 ο

2013 2697 2191 2750 Τοῦτο
2235 2697 2484 2765 Ἀϐραὰμ
2513 2699 2624 2749 οὐκ
2650 2696 2926 2760 ἐποίησε,
2955 2697 3048 2748 καὶ
3070 2696 3291 2757 τούτους
3317 2692 3634 2748 ἀσεϐοῦνοῦ

2007 2805 2105 2851 τας
2135 2787 2230 2839 καὶ
2257 2787 2623 2857 ψευδομένους
2663 2790 2696 2856 ἡ
2735 2788 2873 2856 αὐτή
2904 2787 3068 2840 πάλιν
3101 2786 3328 2856 ἀλήθεια
3373 2786 3585 2852 διελέγ-

2009 2895 2116 2948 χει,
2173 2877 2256 2929 ὅτι
2312 2878 2379 2929 τὰ
2441 2877 2652 2946 Ἀρείου
2711 2877 2990 2938 Διονύσιος
3024 2875 3051 2924 ὁ
3102 2874 3400 2934 ἐπίσκοπος
3454 2869 3583 2922 οῦτε

2011 2969 2336 3040 ἐφρόνησεν,
2368 2967 2492 3020 οὔτε
2530 2966 2626 3037 τὴν
2675 2967 2934 3036 ἀλήθειαν
2975 2965 3232 3034 ἠγνόησε.
3274 2963 3442 3015 Φαοὶν
3487 2959 3584 3014 οῦν

2012 3059 2062 3110 οἱ
2093 3059 2276 3128 ἐχθροὶ
2329 3057 2426 3126 τῆ;
2478 3057 2736 3126 ἀληθείας
2771 3057 2828 3110 ἐν
2881 3054 3141 3125 ἐπιστολῇ
3174 3055 3262 3107 τὸν
3306 3053 3583 3123 μακάριον

2013 3147 2286 3202 Διονύσιον
2333 3149 2611 3219 εἰρηκέναι
2661 3147 2870 3218 ποίημα
2900 3149 2996 3200 καὶ
3029 3147 3279 3216 γέννημα
3313 3142 3453 3196 εἷναι
3491 3143 3584 3195 τὸν

327 3245 557 3304 factum,
621 3248 677 3294 et
753 3217 997 3292 creatum
1069 3246 1211 3298 esse,
1294 3245 1471 3300 neque
1530 3237 1725 3282 natura
1785 3243 1903 3282 esse

2017 3243 2139 3295 Υίὸν
2175 3241 2265 3295 τοῦ
2298 3209 2454 3303 Θεοῦ,
2495 3241 2631 3311 μήτε
2662 3240 2718 3292 δὲ
2747 3209 2906 3307 ιέύσει
2935 3209 3085 3304 ῐδιον,
3116 3209 3252 3291 ἀλλὰ
3280 3238 3429 3303 ξένον
3459 3232 3581 3287 κατ’

332 3328 635 3402 proprium,
670 3327 764 3383 sed
817 3344 846 3380 a
909 3325 1063 3380 Paris
1110 3323 1345 3378 essentia
1415 3321 1676 3384 alienum,
1734 3319 1907 3373 instar

325 3413 610 3495 agricola,
646 3427 742 3473 aut
764 3418 986 3471 navium
1019 3411 1392 3476 fabricatoris,
1416 3413 1458 3467 si
1495 3413 1583 3466 ille
1615 3417 1738 3466 cum
1777 3413 1905 3476 vite,

335 3517 428 3569 hic
455 3528 580 3568 cum
611 3507 829 3580 navigio
869 3517 1236 3577 comparetur.
1275 3505 1513 3569 Etenim,
1549 3507 1672 3574 quia
1729 3503 1908 3558 factus

324 3605 436 3675 est,
461 3605 773 3676 priusquam
798 3601 971 3675 fieret,
996 3616 1100 3654 non
1123 3599 1311 3654 fuisse.
1334 3598 1448 3653 Hoc
1471 3615 1593 3652 cum
1626 3597 1932 3666 Dionysius-

339 3697 715 3757 iutellexisset,
788 3692 1172 3748 sollicitudine
1231 3691 1376 3744 enim
1435 3688 1793 3750 alliciebatur,
1853 3697 1912 3741 ut

337 3794 499 3853 hanc,
531 3789 610 3843 sic
658 3787 792 3841 alias
849 3783 1115 3853 plurimas
1173 3781 1391 3850 scripsit
1437 3779 1720 3849 epistolas,
1751 3783 1910 3848 'quas

330 3884 553 3952 quidem
581 3878 841 3950 epistolas
874 3877 1052 3943 legere
1086 3874 1393 3944 oportebat,
1427 3883 1489 3952 ut
1523 3887 1589 3926 ex
1629 3871 1902 3942 omnibus,

335 3989 447 4031 non
479 3967 660 4028 autem
694 3987 759 4024 ex
799 3983 907 4022 una
934 3965 1199 4027 solatich
1234 3950 1468 4019 hominis
1507 3957 1911 4034 agnosceretur.

343 4067 470 4120 Nam
502 4075 555 4120 et
582 4062 802 4118 navium
853 4053 1217 4121 fabricaturis,
1263 4058 1351 4126 qui
1416 4055 1664 4109 triremes
1713 4052 1911 4107 multas

339 4155 711 4216 exaedificavit,
774 4168 860 4205 ars
915 4165 1021 4204 non
1076 4156 1144 4202 ex’
1203 4164 1329 4205 una.
1394 4147 1500 4199 sed”
1544 4157 1607 4198 ex
1659 4143 1913 4198 omnibus

343 4245 664 4315 perspicitur
704 4250 757 4294 et
796 4238 1093 4307 judicatnr.
1149 4233 1207 4288 Si
1258 4235 1420 4305 igitur
1451 4248 1516 4286 eo
1565 4229 1815 4294 consilio,
1856 4238 1915 4283 ut

342 4338 498 4391 tidem
536 4347 686 4387 suam
719 4339 1038 4399 exponeret,
1066 4341 1224 4397 quam
1259 4326 1348 4380 isti
1378 4327 1587 4390 dicunt,
1623 4322 1912 4393 epistolam

342 4425 579 4497 scripsit,
602 4434 692 4477 aut
711 4421 879 4476 solam
907 4421 1045 4474 hanc
1068 4419 1304 4489 scripsit,
1335 4420 1610 4472 hominem
1632 4423 1908 4478 accusent,

2012 3335 2198 3387 οὐσίαν
2261 3335 2422 3386 αὑτὸν
2466 3327 2606 3384 εἶναι
2658 3330 2752 3384 τοῦ
2807 3329 3056 3400 Ματρὸς,
3104 3327 3292 3396 ὥσπερ
3351 3328 3498 3379 ἐστὶν
3557 3329 3584 3378 ὁ

2013 3426 2255 3494 γεωργὸς
2288 3426 2418 3494 πρὸς
2451 3427 2547 3494 τὴν
2581 3425 2846 3492 ἄμπελον,
2879 3421 2972 3474 καὶ
2993 3423 3019 3472 ὁ
3041 3420 3318 3489 ναυπηγὸς
3359 3419 3492 3487 πρὸς
3522 3420 3583 3470 τὸ

2015 3518 2242 3585 σκάφος.
2278 3513 2379 3567 Καὶ
2411 3516 2519 3583 γὰρ
2549 3513 2620 3576 ὡς
2651 3513 2860 3582 ποίημα
2883 3513 3013 3581 πρὶν
3033 3512 3278 3580 γένηται,
3303 3511 3390 3562 ναὶ
3416 3510 3585 3576 ἔγρα-

2011 3611 2130 3682 ψεν,
2171 3607 2544 3678 ὁμολογοῦμεν
2575 3605 2674 3657 καὶ
2707 3606 2862 3674 ἡμεῖς
2898 3601 3036 3656 εἷναι
3070 3600 3325 3669 τοιαύτη-ι
3363 3603 3580 3651 ἐπιστος

2012 3687 2122 3765 inhi
2144 3697 2331 3753 αὑτοῦ.
2385 3696 2525 3748 Ἀλλ’
2558 3696 2746 3764 ὥσπερ
2783 3698 2988 3764 ταύτην
3015 3693 3276 3762 ἔγραψεν,
3308 3690 3451 3743 οὕτω
3487 3692 3580 3742 καὶ

2015 3793 2207 3860 ἑτέρας
2238 3789 2495 3849 πλείστας
2529 3787 2817 3848 ἐπιστολὰς
2841 3785 3070 3854 ἔγραψε,
3097 3786 3190 3839 καὶ
3220 3784 3301 3836 δεῖ
3325 3783 3419 3834 καὶ
3446 3781 3583 3834 ταύ-

2013 3899 2131 3943 ταις
2159 3883 2400 3950 ἐντυχεῖν
2434 3880 2652 3943 αὐτοὺς,
2698 3878 2787 3931 ἵνα
2827 3879 2891 3930 ἐκ
2927 3877 3138 3941 πασῶν,
3172 3878 3266 3928 καὶ
3304 3875 3379 3946 μὴ
3422 3876 3584 3944 μόνον

2015 3977 2077 4026 ἐκ
2105 3975 2203 4043 τῆς
2231 3973 2356 4041 μιᾶς
2391 3971 2422 4038 ἡ
2460 3970 2637 4028 πίστις
2666 3968 2940 4040 γνωρισθῇ
2979 3966 3072 4020 τοῦ
3099 3966 3310 4036 ἀνδρός.
3337 3966 3450 4019 Καὶ
3476 3967 3583 4036 γὰρ

2016 4069 2110 4119 καὶ
2161 4063 2444 4133 ναυπηγοῦ
2496 4062 2695 4125 πολλὰς
2743 4062 2997 4132 τριήρεις
3047 4059 3584 4119 κατασκευάσαντος,

2015 4160 2112 4210 οὐκ
2146 4160 2209 4209 ἐκ
2236 4157 2390 4224 μιᾶς,
2409 4152 2527 4206 ἀλλ’
2549 4154 2612 4204 ἐκ
2639 4153 2827 4205 πασῶν
2852 4153 2884 4221 ή
2911 4149 3101 4203 τούτου
3132 4150 3291 4220 τέχνη
3315 4149 3582 4218 κρίνεται.

2016 4249 2080 4300 Et
2114 4247 2213 4316 μὲν
2255 4241 2353 4300 οὖν
2382 4244 2567 4307 ἁπλῶς
2610 4243 2686 4306 ὡς
2716 4244 2898 4295 πίστιν
2940 4240 3286 4310 ἐκτιθέμενος
3318 4240 3583 4308 ἔγραψεν,

2015 4340 2083 4411 ἢν
2127 4339 2379 4405 λέγουσιν
2429 4335 2744 4404 ἐπιστολὴν,
2794 4335 2842 4386 εί
2886 4335 3053 4404 μόνην
3102 4333 3307 4397 ταύτην
3351 4330 3584 4401 ἔγραψε,

2019 4425 2499 4497 κατηγορείτωσαν
2528 4425 2603 4486 ὠς
2635 4420 2916 4493 βούλονται
2937 4436 2948 4448 ·
2979 4421 3285 4490 κατηγορία
3315 4421 3424 4488 γὰρ
3454 4419 3585 4484 ἀλη-

343 4527 402 4572 ιιι
427 4517 644 4579 volunt;
677 4509 948 4581 ejusmodi
978 4508 1122 4562 enim
1169 4508 1356 4578 opinio
1414 4521 1543 4560 vere
1594 4513 1678 4560 est
1729 4518 1903 4573 repre-

2022 4522 2126 4586 θῶς
2165 4519 2224 4573 τὸ
2255 4515 2495 4573 τοιοῦτον
2529 4515 2807 4585 φρόνημα.
2856 4515 2919 4565 Ei
2954 4513 3010 4565 δέ
3045 4512 3239 4580 καιροῦ
3283 4513 3376 4562 καὶ
3412 4525 3588 4577 προσ-

344 4603 653 4662 bendenda.
702 4599 799 4655 Sin
840 4598 1053 4653 occasio
1093 4599 1354 4666 temporis
1389 4605 1441 4650 et
1469 4596 1726 4665 personzef
1757 4594 1915 4647 traxit

343 4702 410 4755 ad
470 4698 603 4753 illud
657 4693 1033 4756 scribendum,
1098 4701 1153 4745 et.
1180 4691 1313 4744 alias
1379 4703 1594 4745 rursum
1661 4688 1918 4757 epistolas

344 4789 585 4859 scripsit,
615 4785 812 4862 quibus
835 4787 955 4852 ejus
980 4782 1226 4837 criminis
1252 4781 1622 4850 suspicionem
1650 4779 1915 4842 diluebat,

350 4879 480 4950 quid
502 4864 706 4931 mit-unt
732 4874 990 4929 videtur?
1021 4873 1087 4926 Et
1115 4869 1354 4941 agricola
1393 4886 1491 4941 pro
1514 4870 1627 4940 agri
1660 4869 1920 4939 qualitate

345 4983 494 5026 nunc
531 4954 702 5032 hanc;
738 4981 884 5019 nunc
912 4966 1055 5017 illam
1100 4964 1351 5017 arborem
1397 4970 1574 5026 curat,
1609 4975 1713 5014 nec
1761 4961 1830 5015 ob
1865 4960 1918 5014 id

345 5061 597 5128 cuiquam
658 5054 1158 5124 reprehendendus,
1216 5053 1310 5107 sed
1381 5052 1565 5122 potius
1619 5051 1688 5106 ob
1745 5059 1919 5105 artem

347 5149 698 5219 multiplicem
733 5146 1088 5200 admirandus
1117 5145 1479 5199 existimatur.

418 5350 476 5404 In
547 5341 846 5413 superioris
913 5339 1095 5409 Libyas
1149 5338 1429 5406 Pentapoli
1495 5348 1625 5392 tunc
1680 5335 1920 5404 episcopi

349 5441 566 5513 quidam
601 5433 888 5504 opiniones
938 5429 1159 5484 Sabellii
1221 5430 1535 5492 tuebantur,
1599 5437 1656 5482 et
1689 5425 1922 5480 fallaciis

349 5527 465 5584 suis
495 5535 700 5581 tantum
741 5520 1053 5580 effecerant,
1087 5526 1146 5572 ut
1205 5533 1375 5588 prope
1417 5519 1527 5586 jam
1571 5517 1626 5570 in
1684 5515 1926 5570 ecclesiis

355 5619 447 5671 Dei
477 5616 643 5670 Filius
681 5611 913 5683 amplius
954 5625 1064 5663 non
1120 5611 1528 5681 praedicaretur.
1582 5607 1735 5671 Quod
1800 5619 1923 5658 cum

355 5709 634 5778 Dionysius
671 5705 990 5775 accepisset,
1038 5707 1292 5774 quoniam
1333 5713 1388 5760 et
1446 5719 1632 5759 earum
1671 5700 1928 5755 ecclesia-

426 5825 444 5852 ⁸
474 5820 677 5889 Ephcs.
709 5834 781 5885 iv,
815 5821 867 5872 5.

2019 4613 2169 4666 ώπου
2222 4611 2492 4682 πρόφασις
2547 4607 2799 4658 εἵλκυσεν
2854 4603 3015 4656 αὐτὸν
3068 4601 3292 4654 τοιαῦτα
3351 4598 3585 4670 γράψαι,

2020 4701 2226 4773 ἔγραψε
2257 4701 2313 4753 δὲ
2351 4699 2514 4752 πάλιν
2546 4701 2637 4750 καὶ
2684 4695 2852 4758 ἄλλας
2887 4695 3176 4756 ἐπιστολὰς
3207 4692 3586 4761 ἀπολογούμε-

2021 4809 2109 4854 νος
2142 4792 2268 4860 περὶ
2316 4785 2392 4845 ὧν
2422 4787 2772 4858 ὑπωπτεύθη,
2824 4790 2877 4839 τί
2923 4790 3144 4853 καινόν;
3182 4786 3290 4839 Καὶ
3335 4785 3443 4853 γὰρ
3492 4784 3588 4837 καὶ

2022 4883 2266 4952 γ.ωργδς
2311 4881 2418 4934 τῶν
2452 4881 2632 4933 αὐτῶν
2674 4879 2908 4950 δένδρων
2957 4878 3145 4931 ἄλλοτε
3190 4879 3365 4939 ἄλλως
3395 4879 3589 4945 ἐπιμε-

2023 4980 2194 5029 λεῖται
2227 4975 2317 5028 διὰ
2356 4973 2453 5044 τὴν
2496 4974 2863 5041 ὑποκειμένην
2894 4974 2991 5042 τῆς
3023 4972 3125 5039 γῆς
3166 4971 3446 5039 ποιότητα,
3473 4971 3586 5033 ικαὶ

2024 5068 2084 5119 οὐ
2123 5065 2210 5118 διὰ
2246 5067 2406 5117 τοῦτο
2464 5065 2724 5134 μέμψαιτ’
2784 5063 2848 5116 ἄν
2884 5081 2962 5126 τις
2999 5061 3165 5132 αὐτῷ,
3212 5062 3346 5114 ἀλλὰ
3387 5059 3586 5130 μᾶλλον

2028 5161 2213 5232 μαθὼν
2244 5161 2341 5230 τὴν
2375 5158 2555 5212 αἰτίαν
2593 5159 2864 5229 θαυμάσει
2907 5159 2966 5208 τὸ
3016 5155 3262 5226 ποικίλον
3295 5157 3393 5224 τῆς
3422 5152 3586 5207 αὐτοῦ

2026 5256 2359 5324 ἐπιστήμης.

2109 5347 2194 5398 Ἐν
2230 5347 2566 5399 Πενταπὸλει
2600 5346 2695 5415 τῆς
2738 5345 2850 5397 ἄνω
2883 5343 3089 5411 Λιϐύης
3117 5339 3423 5411 τηνικαῦτά
3449 5354 3589 5400 τινες

2028 5438 2136 5498 τῶν
2166 5438 2480 5490 ἐπισκόπων
2505 5439 2808 5506 ἐφρόνησαν
2836 5443 2903 5489 τὰ
2944 5434 3254 5497 Σαϐελλίου,
3284 5430 3376 5482 καὶ
3404 5428 3591 5482 τοσοῦ·-

2030 5549 2120 5582 τον
2153 5530 2382 5600 ἴσχυσαν
2415 5533 2535 5592 ταῖς
2565 5528 2897 5589 κακονοίαις,
2931 5527 3006 5588 ὡς
3035 5525 3218 5591 ὀλίγου
3244 5524 3354 5576 δεῖν
3393 5512 3592 5589 μηκέτι

2033 5627 2088 5675 ἐν
2124 5625 2242 5685 ταῖς
2275 5621 2596 5691 ἐκκλησίαις
2641 5619 3004 5689 κηρύττεσθαι
3036 5619 3126 5671 τὸν
3152 5616 3280 5670 Υίόν
3310 5615 3403 5666 τοῦ
3431 5611 3593 5670 Θεοῦ,

2030 5714 2201 5768 Ἰὀῦ;ο
2235 5713 2421 5784 μαθὼν
2463 5713 2757 5778 Διονύσιος,
2801 5711 2962 5775 αὐτὸς
3004 5710 3110 5780 γὰρ
3160 5705 3270 5780 εἶχε
3302 5707 3402 5776 τὴν
3443 5708 3599 5774 pipi-
