4026 6290
387 339 490 412 493

1336 354 1713 422 PANOPLIA
1756 339 2238 428 DOGMATICA.~
2264 398 2324 407 —
2372 373 2523 430 'I‘l'l‘.
2563 371 2664 428 xx.

3517 362 3625 431 494

392 481 528 528 μναν
560 461 786 514 καὶτῶν
820 462 1124 534 ἐκκλησιῶν
1151 467 1395 535 ἐκείνων,
1430 473 1658 542 πέμπει,
1690 475 1783 525 καὶ
1816 490 1954 542 συμ-

2074 493 2181 533 tum
2246 497 2434 536 curam
2487 481 2728 551 gerebat,
2783 478 3001 547 scripsit
3059 480 3122 531 ad
3188 480 3308 548 ejus
3370 479 3626 534 factionis

388 551 636 604 ϐουλεύει
697 555 812 616 τοῖς
865 557 1063 619 αἰτίοις
1103 559 1418 616 παύσασθαι
1477 565 1576 634 τῆς
1611 565 1956 630 κακοδοξίας.

401 643 486 706 Ὠς
507 645 554 696 δ’
577 645 676 696 οὐκ
707 645 994 712 ἐπαύοντο,
1032 650 1232 717 μᾶλλον
1278 653 1333 705 δὲ
1365 656 1748 726 ἀναιδέστερον
1785 657 1957 709 διετέ⁴

392 733 583 800 θησαν,
608 737 931 808 ἠναγκάσθη
962 740 1103 808 πρὸς
1129 742 1226 812 τὴν
1264 740 1537 798 ἀναίδειαν
1567 747 1790 800 ἐκείνων
1818 748 1958 818 γρά-

388 825 485 891 ψαι
508 827 766 897 τοιαύτην
789 830 1101 903 ἐπιστολὴν,
1139 836 1233 887 καὶ
1264 836 1332 890 τὰ
1363 836 1680 905 ἀνθρώπινα
1715 840 1807 891 τοῦ
1844 840 1960 890 Sto-

389 919 554 985 τῆρος
601 921 665 970 ἐκ
709 919 816 971 τῶν
850 922 1202 990 Εὑαγγελίων
1233 926 1594 996 παραθέσθαι,
1631 931 1735 994 ἵνα,
1769 930 1961 999 ἐπειδὴ

390 1008 792 1080 τολμηρότερον
825 1014 1024 1067 ἐκεῖνοι
1057 1017 1148 1068 τὸν
1183 1016 1311 1071 Υἰὸν
1333 1015 1617 1089 ἠρνοῦντο,
1652 1024 1746 1074 καί
1778 1023 1842 1076 τὰ
1870 1024 1963 1074 ἁν-

392 1099 642 1168 θρώπινα
667 1103 743 1172 τῷ
778 1107 947 1174 [Ιατρὶ
978 1108 1315 1177 ἀνετίθεσαν,
1346 1107 1498 1174 οὗτος
1532 1107 1730 1180 δείξας,
1760 1117 1839 1168 ὅτι
1863 1116 1958 1184 οὐχ

389 1195 418 1244 ὁ
463 1195 671 1263 Πατὴρ,
705 1194 823 1248 ἀλλ’
852 1199 879 1248 ὁ
907 1197 1033 1260 Υίός
1063 1201 1208 1252 ἐστιν
1239 1202 1267 1252 ὁ
1294 1201 1584 1273 γενόμενος
1627 1205 1768 1275 ὑπὲρ
1802 1208 1960 1276 ἡμῶν

391 1282 702 1350 ἄνθρωπος,
731 1289 894 1360 πείσῃ
927 1291 1051 1353 τοὺς
1079 1291 1310 1360 ἀμαθεῖς
1343 1295 1416 1365 μὴ
1447 1291 1590 1349 εἶναι
1616 1297 1706 1350 τὸν
1745 1299 1961 1366 Πατέρα

391 1374 541 1434 Υἱὸν,
578 1375 674 1426 καὶ
705 1376 846 1430 οὕτω
873 1378 1060 1431 λοιπὸν
1089 1385 1208 1433 κατ’
1233 1383 1411 1451 ὀλίγον
1434 1387 1676 1450 ἐκείνους
1703 1389 1836 1455 πρὸς
1863 1393 1960 1460 τὴν

390 1468 564 1534 ἀληθῆ
599 1469 843 1540 ἐναγάγῃ
877 1469 1104 1540 θεότητα
1135 1474 1228 1525 τοῦ
1262 1477 1458 1542 Λόγου,
1493 1480 1586 1530 καὶ
1626 1481 1723 1549 τὴν
1760 1482 1959 1547 γνῶσιν

390 1561 490 1628 τὴν
522 1561 766 1628 περὶτοῦ
804 1564 1037 1632 Πατρός.
1061 1564 1211 1635 Αὕτη
1242 1568 1338 1636 τῆς
1360 1570 1649 1639 ἐπιστολῆς
1681 1565 1960 1636 ὑπόθεσις.

389 1650 489 1702 Διὰ
519 1651 725 1721 ταύτην
757 1652 853 1721 τὴν
884 1655 1061 1707 αἰτίαν
1081 1655 1251 1720 οὕτως
1278 1659 1482 1727 ἔγραψε
1516 1661 1607 1713 καὶ
1653 1663 1834 1727 αὐτὸς,
1872 1666 1958 1718 διὰ

387 1739 516 1804 τοὺς
543 1742 716 1804 οὕτως
747 1745 1118 1812 ἀναισχύντως
1149 1747 1478 1818 θελήσαντας
1514 1752 1829 1819 μεταθεῖναι
1859 1759 1958 1828 τὴν

388 1832 486 1900 τῆς
515 1833 770 1902 ἀληθείας
801 1835 1001 1892 πίστιν.

463 1925 527 1976 Τί
554 1929 733 1979 τοῖνυν
766 1929 949 1994 ὅμοιον
982 1931 1015 1998 ἠ
1061 1929 1271 1999 Ἀρείου
1322 1932 1551 2005 αἵρεσις,
1588 1941 1682 1992 καὶ
1709 1942 1742 2010 ἡ
1777 1943 1960 1994 Διονυ-

391 2016 510 2069 σίου
547 2019 791 2085 διάνοιας
844 2023 913 2075 Ἢ
944 2019 1088 2076 διατί
1122 2027 1401 2090 Διονύσιος
1447 2031 1522 2094 ὡς
1565 2033 1843 2100 Ἀρειανὸς
1874 2051 1959 2086 νο-

397 2110 634 2175 μίζεται,
661 2111 862 2182 πολλῆς
898 2114 1064 2186 οὔσης
1093 2117 1272 2170 αὐτῶν
1308 2120 1406 2190 τῆς
1432 2122 1728 2191 διαφορᾶςς
1769 2125 1826 2176 Ὀ
1860 2125 1960 2192 μὲν

393 2201 497 2289 γὰρ
524 2203 622 2270 τῆς
652 2203 944 2276 καθολικῆς
987 2209 1312 2278 Ἐκκλησίας
1363 2214 1684 2278 διδάσκαλός
1717 2217 1892 2279 ἐστιν,
1931 2219 1959 2270 ὁ

394 2291 450 2341 δὲ
478 2294 673 2362 καινῆς
729 2297 996 2362 αἱρέσεως
1044 2301 1344 2372 ἐφευρετὴς
1390 2305 1604 2372 γέγονε.
1642 2307 1749 2359 Καὶ
1781 2309 1808 2359 ό
1861 2308 1960 2376 μὲν

402 2385 617 2452 Ἀρειος
649 2386 745 2456 τὴν
783 2389 921 2440 ἰδίαν
975 2392 1296 2458 κακοδοξίαν
1336 2395 1691 2464 ἐκτιθέμενος
1752 2397 1961 2468 ἔγραψε

400 2475 516 2528 λίαν
567 2479 1026 2549 ἐκτεθηλυμένοις
1071 2485 1166 2536 καὶ
1200 2483 1430 2552 γελοίοις
1474 2484 1628 2557 ἤθεσι
1677 2492 1818 2543 κατά
1870 2491 1963 2543 τὸν

407 2569 698 2635 Αἰγύπτιον
725 2570 1000 2642 Σωτάδην.
1046 2575 1100 2628 Ὀ
1127 2579 1307 2646 μέντοι
1331 2581 1605 2644 Διονύσιος
1631 2582 1837 2653 ἔγραψε
1869 2584 1962 2638 καὶ

403 2654 561 2721 ἄλλας
591 2662 899 2729 ἐπιστολὰς,
932 2668 1308 2738 ἀπελογήσατο
1341 2671 1396 2723 δὲ
1427 2674 1515 2724 καὶ
1548 2677 1674 2744 περὶ
1726 2668 1800 2728 ὧν
1859 2677 1965 2730 ὑπ-

405 2753 677 2823 ωπτεύθη,
702 2755 796 2808 καὶ
826 2757 997 2828 ἐφάνη
1024 2763 1232 2828 φρονῶν
1260 2764 1452 2832 ὀρθῶς.
1487 2766 1544 2816 ΕΞ
1571 2767 1668 2835 μὲν
1691 2767 1782 2820 οὖν
1803 2769 1962 2822 ἐναν-

403 2843 488 2896 τία
527 2844 705 2914 ἐαυτῷ
741 2848 963 2916 γράφει,
1002 2849 1075 2918 μὴ
1113 2849 1420 2905 ἐλκέτωσαν
1468 2856 1629 2909 αὐτὸν
1665 2856 1800 2926 πρὸς
1841 2858 1966 2910 ἐαυ-

403 2932 520 2992 τούς
543 2949 558 2962 ·
590 2935 652 2985 οὐ
703 2937 810 3004 γὰρ
841 2938 1150 3003 ἀξιόπιστος
1197 2943 1337 2995 κατά
1363 2943 1520 2996 τοῦτο
1554 2961 1566 2974 ·
1593 2947 1702 2998 εἰδὲ
1749 2947 1966 3019 γράψας

403 3023 497 3094 τὴν
551 3025 690 3094 πρὸς
757 3027 1053 3098 Ἀμμωνᾶν
1103 3033 1389 3106 ἐπιστολὴν
1442 3037 1811 3108 ὑπωπτεύθη,
1871 3043 1968 3094 καὶ

2063 581 2336 636 auctores,
2373 583 2430 626 ut
2470 574 2537 625 ab
2572 571 2816 641 improba
2852 570 2939 622 illa
2979 569 3238 638 Opinione
3276 569 3628 623 desisterent.

2063 664 2174 717 lllis
2205 674 2386 719 autem
2422 681 2532 719 non
2575 662 3100 733 obtemperantibus,
3129 661 3225 714 sed
3255 659 3630 729 impudentius

2061 753 2118 806 in
2171 753 2259 808 illa
2307 755 2778 824 permanentibus,
2825 753 2894 807 ob
2943 751 3337 820 impudentiam
3385 751 3627 820 ipsorum

2061 851 2283 896 coactus
2327 852 2429 906 est,
2488 843 2755 912 ejusmodi
2813 842 3098 911 epistolam
3146 841 3408 902 scribere,
3463 849 3520 893 et
3567 855 3627 892 ea

2060 948 2183 1000 quae
2223 934 2291 986 ad
2322 933 2527 987 Christi
2565 933 2841 1002 pertinent
2883 933 3270 986 humanitatem
3311 930 3629 998 Evangelia-

2062 1038 2180 1076 rum
2214 1023 2542 1077 testimoniis
2583 1015 2963 1091 comprobare,
3032 1030 3113 1082 ut,
3158 1020 3415 1088 quoniam
3457 1021 3628 1072 auda-

2060 1115 2179 1168 cius
2226 1113 2300 1168 illi
2329 1114 2597 1182 negabant
2626 1113 2847 1176 Filium,
2881 1122 2938 1167 et
2961 1112 3350 1166 humanitatem
3394 1111 3511 1180 ejus
3560 1111 3628 1164 ad

2061 1205 2278 1258 Patrem
2318 1205 2650 1268 referebant,
2698 1205 3036 1268 ostenderet,
3089 1219 3199 1256 non
3247 1201 3484 1264 Patrem,
3534 1205 3629 1254 sed

2061 1295 2253 1349 Filium
2296 1313 2392 1365 pro
2425 1297 2582 1352 nobis
2634 1297 2836 1349 factum
2866 1310 2990 1349 esse
3026 1296 3324 1354 hominem,
3360 1301 3524 1358 atque
3559 1293 3630 1344 ita

2063 1387 2329 1455 imperitis
2415 1386 2727 1442 hominibus
2798 1386 3009 1439 Patrem
3073 1401 3182 1437 non
3245 1398 3368 1436 esse
3435 1383 3632 1435 Filium

2062 1479 2430 1547 persuaderet,
2464 1490 2518 1533 et
2543 1479 2799 1545 deinceps
2823 1476 3080 1545 paulatim
3103 1491 3199 1528 eos
3237 1476 3304 1528 ad
3337 1473 3455 1528 Filii
3498 1474 3634 1526 (11γὶι

2064 1571 2285 1624 nitatem
2313 1582 2367 1625 et
2398 1572 2572 1625 Patris
2617 1572 2986 1641 cognitionem
3031 1569 3347 1622 adduceret.
3399 1566 3512 1620 lloe
3556 1567 3631 1618 illi

2060 1661 2113 1714 in
2146 1677 2209 1716 ea
2245 1661 2470 1730 epistola
2501 1663 2834 1730 propositum
2865 1661 2984 1714 fuit.
3013 1659 3094 1715 Ob
3127 1661 3267 1714 hanc
3290 1659 3379 1712 ille
3409 1671 3632 1712 causam

2062 1752 2115 1805 in
2178 1753 2319 1807 hanc
2379 1756 2704 1806 sententiam
2760 1750 2996 1820 scripsit,
3049 1757 3108 1803 ut
3138 1764 3233 1804 eos
3285 1748 3630 1817 reprimeret.

2062 1843 2151 1913 qui
2212 1854 2320 1898 tam
2378 1843 2725 1912 impudenter
2799 1843 2923 1897 ﬁdei
2981 1843 3265 1898 veritatem
3323 1840 3636 1910 opprimere

2063 1935 2425 1990 conabantur.
2455 1935 2595 2001 Quid
2645 1951 2772 2006 ergo
2808 1935 2922 1990 Arii
2955 1936 3178 1990 haeresis
3220 1947 3346 1991 cum
3391 1931 3631 2002 Dionysii

2062 2029 2334 2082 sententia
2384 2027 2563 2081 simile
2617 2031 2672 2080 et
2733 2027 3084 2095 conjunctum
3123 2024 3324 2079 habet?
3374 2022 3486 2077 Aut
3537 2038 3636 2076 cur

2065 2120 2353 2189 Dionysius
2420 2119 2657 2174 Ariauus
2728 2119 3096 2181 existimatur,
3150 2131 3276 2172 cum
3339 2124 3490 2168 tanta
3541 2117 3613 2166 sit

2065 2211 2210 2266 inter
2234 2228 2358 2266 eum
2387 2221 2443 2264 et
2471 2213 2658 2265 Arium
2703 2209 3051 2264 diﬂerentia?
3081 2209 3172 2262 llle
3201 2209 3347 2261 enim
3381 2208 3634 2262 Ecclesia

2067 2303 2354 2358 catholica:
2384 2304 2574 2357 doctor
2604 2310 2706 2365 est,
2736 2301 2822 2354 hic
2856 2316 3007 2354 vatim
3048 2301 3325 2352 hatreseos
3356 2301 3634 2353 inventor.

2067 2396 2130 2450 Et
2159 2396 2320 2450 Arius
2373 2394 2590 2464 quidem
2639 2393 2943 2462 improbam
2999 2408 3153 2447 suam
3187 2392 3502 2460 Opinionem
3546 2407 3639 2444 ev

2066 2504 2276 2559 ponens
2309 2488 2659 2542 vehementer
2705 2486 3034 2540 effeminatis
3094 2495 3151 2539 et
3186 2484 3428 2540 ridiculis
3473 2485 3637 2536 mori-

2066 2584 2188 2646 bus,
2217 2590 2277 2636 ut
2311 2580 2522 2636 Sotales
2549 2579 2834 2650 Egyptius
2859 2579 3098 2648 scripsit.
3139 2578 3423 2646 Dionysius
3451 2585 3636 2630 autem

2067 2685 2121 2729 et
2145 2676 2277 2730 alias
2332 2674 2550 2742 scripsit
2588 2671 2862 2740 epistolas,
2925 2679 2980 2724 et
3027 2685 3057 2722 a
3117 2684 3176 2724 se
3241 2669 3448 2738 depulit
3497 2668 3642 2720 illius

2068 2769 2313 2822 criminis
2343 2767 2734 2836 suspicionem,
2767 2773 2820 2818 et
2849 2763 3090 2818 ostendit
3119 2778 3176 2817 se
3213 2773 3359 2816 recte
3407 2762 3637 2814 sentite.

2069 2861 2430 2926 Quamobrem
2489 2872 2610 2912 cum
2669 2872 2731 2910 ea
2763 2857 3064 2927 scripserit,
3097 2872 3219 2924 qua:
3270 2855 3336 2908 ab
3397 2853 3637 2922 ipsorum

2071 2955 2334 3023 opinione
2369 2960 2497 3007 sunt
2527 2953 2731 3014 aliena,
2782 2966 3002 3005 suorum
3057 2949 3203 3019 gregi
3257 2963 3326 3000 ne
3377 2955 3642 3000 conentur

2073 3049 2224 3102 illum
2255 3047 2546 3109 ascribere,
2575 3045 2762 3113 Neque
2789 3045 2935 3098 enim
2973 3043 3130 3095 ﬁdem
3179 3039 3396 3093 facient.
3437 3037 3567 3090 Nam
3594 3038 3638 3089 si

403 3116 785 3222 ἀπελογήσατο
819 3121 1141 3189 θεραπεύων
1184 3126 1251 3178 τὰ
1293 3126 1506 3200 πρῶτα,
1544 3130 1968 3207 ἀπολογησάμερ

2075 3146 2140 3200 ad
2171 3147 2489 3198 Ammonam
2521 3127 2764 3196 scribens
2813 3143 3100 3207 suspectus
3121 3131 3244 3199 fuit,
3276 3141 3332 3187 et
3359 3145 3418 3189 se
3446 3140 3643 3203 purga-

405 3208 490 3272 νός
517 3227 576 3263 τε
621 3213 681 3264 ού
716 3215 1146 3292 μεταβέυὶληται,
1187 3225 1347 3294 δῆλον
1395 3227 1462 3279 ἂν
1504 3227 1610 3298 εἴη,
1643 3231 1725 3284 ὅτι
1767 3233 1863 3284 καὶ
1903 3234 1971 3286 τὰ

408 3308 818 3365 ὑποπτευθέντα
853 3315 970 3367 κατ’
1019 3317 1330 3387 οἰκονομίαν
1364 3318 1626 3391 ἔγραψεν.
1684 3325 1759 3377 Οὐ
1807 3326 1972 3381 δεῖδὲ

407 3399 470 3451 τὰ
501 3401 624 3454 κατ’
648 3404 960 3474 οἰκονομίαν
991 3409 1331 3477 γραφόμενα,
1366 3413 1456 3463 καὶ
1484 3415 1764 3482 γινόμενα,
1800 3416 1975 3470 ταῦτα

410 3497 769 3566 κακοτρόπως
831 3499 1101 3569 δέχεσθαι,
1161 3508 1250 3553 καὶ
1305 3505 1384 3565 εἰς
1441 3504 1537 3574 τὴν
1602 3507 1736 3559 ἰδίαν
1797 3507 1974 3561 ἕλκειν

409 3586 639 3641 ἕκαστον
684 3588 960 3661 βούλησιν.
991 3595 1100 3647 Καὶ
1132 3596 1237 3662 γὰρ
1266 3597 1360 3648 καὶ
1391 3597 1570 3668 ἰατρὸς
1611 3600 1876 3664 πολλάκις
1907 3603 1976 3653 τὰ

409 3681 667 3735 δοκοῦντα
719 3681 858 3738 εἷναί
909 3703 1048 3740 τισιν
1093 3688 1461 3760 ἀκατάλληλα,
1503 3692 1674 3744 ταῦτα
1705 3696 1817 3756 τοῖς
1847 3695 1980 3746 ὑπο-

411 3774 687 3839 κειμένοις
734 3775 1064 3846 τραύμασιν,
1113 3779 1188 3840 ὼς
1216 3776 1354 3831 οἰδεν
1398 3782 1585 3845 αὐτὸς,
1643 3783 1975 3854 ἐπιτίθησιν,

411 3863 560 3914 οᾷδὲν
606 3864 861 3937 ἒτερονῆ
910 3869 1044 3937 πρὸς
1077 3869 1175 3940 τὴν
1219 3870 1406 3938 ὑγείαν
1451 3871 1590 3941 ἔχων
1630 3872 1722 3926 τὸν
1754 3875 1974 3926 σκοπόν.

411 3955 522 4006 Καὶ
550 3957 873 4010 διδασκάλου
925 3958 981 4012 δὲ
1026 3963 1289 4032 φρονίμου
1321 3964 1522 4033 τρόπος
1555 3959 1708 4027 οὗτος
1740 3967 1876 4036 πρὸς
1911 3967 1980 4018 τὰ

411 4043 523 4096 τῶν
557 4046 958 4117 διδασκομένων
987 4049 1089 4119 ἤθη
1123 4051 1481 4116 διατίθεσθαι,
1508 4053 1602 4106 καὶ
1639 4053 1844 4116 λαλεῖν,
1878 4056 1981 4118 ἓως

411 4137 481 4186 ἂν
516 4136 710 4199 αὐτοὺς
750 4141 827 4199 εἰς
860 4139 957 4210 τὴν
1000 4142 1116 4193 ὁδὸν
1169 4145 1263 4213 τῆς
1290 4145 1628 4216 τελειότητος
1670 4148 1979 4217 μεταγάγῃ.

413 4228 477 4280 Εἰ
503 4227 545 4279 δ’
576 4229 656 4280 ὃτι
693 4230 850 4298 μόνον
885 4232 1311 4303 ἔγραψενοῢτως
1336 4239 1364 4290 ὁ
1397 4237 1728 4307 μακαρίτης,
1760 4240 1984 4292 αἰτιῶν-

409 4333 506 4373 ται
539 4323 701 4376 αὑτὸν
736 4325 814 4395 (αἰ
853 4327 959 4396 γὰρ
998 4329 1106 4381 τῶν
1148 4330 1445 4400 ’Δρειανῶν
1476 4334 1616 4404 ὑπὲρ
1649 4335 1814 4387 αὑτοῦ
1847 4353 1983 4404 προ-

412 4413 610 4481 φάσεις
659 4416 829 4469 αἴτιαι
880 4419 998 4471 κατ’
1029 4420 1194 4472 αὐτοῦ
1241 4423 1570 4494 γεγόνασιν),
1619 4424 1738 4494 ὥρα
1790 4427 1981 4480 λοιπὲν

411 4507 611 4570 αὐτοὺς
657 4509 1134 4580 ἀποθρασύνεσθαι
1183 4514 1278 4568 καὶ
1310 4515 1490 4582 λέγειν
1529 4518 1700 4587 (οὐδὲν
1728 4521 1836 4588 γὰρ
1867 4522 1936 4572 αὑ
1964 4551 1974 4557 -

2076 3238 2172 3301 vit,
2204 3246 2257 3290 et
2282 3237 2401 3302 ejus
2428 3233 2676 3288 defensio
2709 3232 2932 3300 probata
2962 3237 3068 3291 est,
3111 3237 3258 3297 patet
3297 3241 3359 3281 ea
3404 3241 3641 3294 quoque,

2075 3347 2195 3400 quae
2231 3336 2480 3396 sus'pecta
2511 3325 2860 3385 videbantur,
2893 3321 3040 3376 bono
3068 3321 3254 3374 animo
3319 3327 3377 3372 et
3411 3317 3644 3372 consilto

2079 3422 2246 3477 fuisse
2304 3419 2530 3488 scripta.
2609 3417 2742 3482 Quai
2807 3423 2990 3470 autem
3049 3416 3193 3469 bono
3244 3415 3427 3468 animo
3485 3421 3646 3480 atque

2077 3513 2308 3569 consilio
2337 3511 2654 3566 scribuntur
2711 3518 2765 3563 et
2794 3509 2952 3571 fiunt,
2985 3523 3094 3560 non
3127 3506 3333 3560 debent
3365 3507 3418 3558 in
3450 3504 3644 3558 malam

2075 3614 2284 3677 partem
2309 3600 2500 3670 accipi,
2529 3609 2581 3654 et
2607 3599 2672 3654 ad
2697 3593 2962 3668 cujusque
2981 3597 3310 3651 sententiam
3339 3609 3650 3649 accommo-

2079 3676 2216 3751 dari.
2249 3693 2438 3749 Medici
2476 3691 2620 3746 enim
2651 3692 2928 3760 proposita
2951 3688 3054 3742 sibi
3085 3688 3225 3757 ejus,
3247 3700 3408 3756 quem
3436 3694 3647 3746 curant,

2084 3787 2418 3848 valetudine,
2451 3793 2710 3850 tanquam
2737 3781 2919 3848 aliquo
2947 3781 3124 3848 signo,
3161 3793 3227 3831 eo
3260 3777 3646 3848 cogitationem

2083 3879 2399 3942 intendunt,
2435 3875 2684 3944 quamvis
2745 3889 2808 3927 ea
2884 3886 3273 3938 nonnunquam
3358 3868 3653 3922 adhibeant

2083 3972 2404 4026 vulneribus
2432 3968 3002 4032 medieamenta,‘quze
3037 3961 3199 4015 alicui
3237 3961 3417 4014 minus
3451 3959 3650 4012 saluta-

2084 4064 2162 4117 ria
2215 4061 2524 4115 videantur.
2555 4058 2724 4122 Quam
2772 4054 2990 4125 quidem
3049 4054 3314 4106 rationem
3364 4052 3653 4105 observant

2085 4157 2244 4209 etiam
2320 4150 2565 4221 magistri
2630 4149 2947 4218 prudentes,
2985 4155 3045 4199 ut
3106 4159 3205 4214 pro
3265 4143 3652 4212 discipulorum

2088 4251 2331 4302 moribus
2360 4245 2672 4313 loquantur,
2699 4250 2754 4296 et
2781 4256 2840 4295 se
2864 4240 3086 4295 allectos
3134 4240 3448 4304 ostendant,
3480 4246 3538 4292 ut
3561 4253 3655 4293 eos

2090 4343 2141 4393 in
2167 4341 2309 4394 viam
2377 4334 2733 4406 perfectionis
2784 4333 3072 4388 reducant.
3145 4333 3303 4397 Quod
3330 4333 3375 4387 si
3436 4331 3653 4384 beatum

2089 4435 2236 4488 hunc
2263 4431 2464 4494 virum,
2489 4427 2616 4496 quia
2647 4425 2818 4480 semel
2875 4427 2951 4479 ita
3002 4425 3246 4495 scripsit,
3290 4422 3655 4478 accusandum

2088 4523 2423 4584 existimant,
2459 4529 2544 4573 est
2575 4518 2720 4573 enim
2745 4516 3017 4584 quoddam
3046 4516 3411 4570 accusationis
3464 4530 3656 4584 genus,

410 4601 526 4662 τοῖς
580 4600 906 4672 ἀτόλμητον)
961 4604 1043 4656 ὅτι
1097 4606 1192 4658 καὶ
1249 4609 1403 4660 αὐτοὶ
1462 4584 1854 4664 οἱ-ἀπόστολοι
1911 4613 1970 4664 τὰ

2088 4631 2195 4686 quo
2225 4614 2377 4668 illum
2417 4619 2648 4665 onerant
2708 4610 2916 4673 Ariani,
2975 4608 3102 4662 dum
3158 4609 3278 4675 ejus
3337 4606 3659 4660 auctoritate.

424 4692 641 4761 ’Δρείου
687 4695 966 4764 ἐφρόνουι.
1008 4697 1332 4768 Ἄνθρωπον
1384 4701 1494 4770 γὰρ
1543 4702 1652 4754 ἀπὸ
1700 4703 1977 4775 Ναζαρὲτ,

415 4786 512 4838 καὶ
535 4788 774 4856 παθητὸν
802 4789 893 4841 τὸν
923 4790 1156 4859 Χριστὸν
1190 4793 1673 4860 καταγγέλλουσιν.

2087 4719 2308 4775 pravam
2345 4700 2658 4771 opinionem
2712 4713 2864 4752 suam
2934 4698 3250 4757 defendunt,
3277 4708 3491 4766 tempus
3548 4699 3658 4766 jam

2087 4803 2188 4857 est,
2218 4803 2282 4847 ut
2314 4788 2536 4859 quando
2557 4786 2699 4841 nihil
2719 4801 2829 4839 non
2850 4786 3074 4849 audent,
3102 4786 3314 4838 naviter
3343 4786 3452 4837 sint
3485 4787 3662 4855 impu-

419 4879 628 4944 dentes,
661 4890 716 4936 et
780 4884 968 4938 dicunt
997 4885 1208 4950 eadem,
1267 4903 1386 4955 qua:
1451 4890 1624 4944 sensit
1656 4891 1851 4958 Arius,
1929 4890 2204 4960 apostolos
2263 4888 2413 4955 ipsos
2466 4881 2724 4946 sensisse,
2776 4881 3056 4936 Christum
3111 4881 3255 4935 enim
3302 4881 3580 4936 hominem
3633 4899 3660 4933 a

420 4973 712 5035 Nazaretb.
742 4986 798 5030 et
823 4979 1098 5032 cruciatus
1151 4990 1486 5049 mortemque
1519 4997 1832 5052 perpessum
1852 5001 1973 5040 esse
2014 4982 2455 5056 pronuntiarunt.

507 5067 758 5120 Ἐκείνων
803 5068 984 5119 τοίνυν
1037 5067 1106 5120 τὰ
1157 5070 1380 5122 τοιαῦτα
1424 5073 1865 5142 φανταζομένων,
1899 5081 1988 5145 αρ’

420 5163 540 5214 ἐττεὲ
583 5164 694 5222 τοῖς
723 5163 935 5232 ῥήμασι
965 5161 1180 5224 τούτοις
1227 5163 1551 5231 ἐχρήσαντο,
1584 5165 1746 5233 μόνον
1775 5166 1990 5235 ἄνθρω-

421 5271 526 5304 πον
571 5253 791 5321 ᾔδεισαν
827 5255 912 5305 τὸν
962 5253 1203 5318 Χριστὸν
1249 5254 1300 5306 οἰ
1346 5254 1660 5320 ἀπόστολοι,
1696 5259 1793 5310 καὶ
1828 5258 1991 5310 πλέον

423 5345 626 5412 μηδέν;
659 5345 752 5414 Μὴ
775 5345 1002 5410 γένοιτο.
1047 5345 1208 5397 Ἀλλὰ
1231 5346 1324 5399 καὶ
1354 5345 1513 5398 τοῦτο
1550 5348 1626 5409 ὡς
1659 5348 1988 5418 ἀρχιτέκτο-

420 5453 517 5497 νες
544 5438 717 5501 σοφοὶ,
750 5437 844 5490 καὶ
895 5439 1173 5506 οἰκονόμοι
1227 5439 1543 5507 μυστηρίων
1570 5439 1707 5492 Θεοῦ
1754 5442 1994 5510 πεποιή-

424 5544 580 5589 κασι,
611 5529 704 5581 καὶ
749 5530 846 5599 τὴν
879 5531 1061 5583 αἰτίαν
1105 5531 1318 5600 ἔχουσιν
1351 5531 1596 5600 εὔλογον.
1630 5531 1850 5602 Ἐπειδὴ
1882 5533 1990 5601 γὰρ

423 5620 476 5670 οἱ
525 5620 646 5671 τότε
715 5622 957 5675 Ἰουδαῖοι
1019 5624 1403 5694 πλανηθέντες,
1467 5630 1562 5676 καὶ
1613 5626 1992 5695 πλανὴσαντες

425 5711 721 5780 Ἕλληνας,
777 5715 1026 5785 ἐνόμιζον
1077 5717 1168 5771 τὸν
1217 5715 1452 5786 Χριστὸν
1501 5717 1656 5785 ψιλὸν
1705 5717 1992 5786 ἄνθρωπον

2161 5073 2302 5126 Νυιιι
2329 5070 2513 5138 igitur,
2551 5075 2608 5120 ut
2646 5067 2735 5120 isti
2774 5066 3093 5134 opinantur,
3130 5069 3252 5132 quia
3280 5069 3461 5121 verbis
3522 5069 3665 5134 ejus--

2089 5165 2231 5218 modi
2268 5161 2347 5215 usi
2381 5166 2506 5213 sunt
2533 5157 2789 5225 apostoli,
2820 5156 2942 5211 ideo
2977 5157 3256 5212 Christum
3291 5162 3664 5211 tantummodo

2092 5255 2397 5316 hominem,
2430 5260 2485 5304 et
2519 5249 2657 5303 nihil
2684 5259 2949 5318 praeterea
2981 5251 3127 5304 aliud
3172 5267 3292 5304 esse
3340 5252 3665 5304 senserunt?

2091 5348 2265 5402 Absit.
2327 5344 2442 5397 lmo
2469 5358 2600 5396 vero
2627 5350 2689 5396 ut
2721 5343 2997 5411 sapientes
3037 5344 3319 5396 architecti
3363 5352 3419 5394 et
3453 5342 3665 5409 dispen-

2099 5451 2305 5496 satores
2330 5437 2709 5506 mysteriorum
2738 5436 2861 5501 Dei,
2899 5450 2960 5490 sc
2983 5436 3191 5488 ratione
3262 5443 3310 5488 et
3374 5437 3667 5502 prudenter

2104 5535 2177 5586 ita
2209 5535 2512 5600 gesserunt.
2543 5527 2678 5580 Nam
2707 5526 2881 5581 Judaei
2912 5537 3043 5580 tunc
3087 5527 3320 5592 decepti,
3347 5527 3668 5594 Graecosjuc

2078 5620 2463 5706 ~‘decipientes,
2501 5617 2757 5670 Messiam
2790 5631 2856 5670 ex
2897 5617 3108 5670 semine
3136 5617 3352 5671 Davidis
3385 5629 3442 5672 ut
3471 5631 3666 5688 purum

2109 5713 2384 5768 hominem
2414 5719 2708 5768 venturum
2771 5709 3192 5776 arbitrabantur,
3239 5716 3291 5763 ct
3323 5711 3388 5765 ad
3443 5711 3670 5764 aliorum

2213 5946 2215 5948 ·
2281 5943 2333 5968 ρκ
