4102 6298
461 410 566 473 697

1412 416 1785 476 PANOPLIA
1832 415 2287 479 DOGMATICA.
2337 445 2406 460 -
2439 418 2587 480 Tl'l‘.
2628 418 2736 479 XI.

3598 409 3705 475 693

461 524 772 593 λεγομένων
797 525 1090 593 σημασίαν,
1123 528 1213 581 καὶ
1242 527 1269 578 6
1294 525 1359 579 τὰ
1387 524 1703 596 ἀνθρώπινα
1732 522 1825 578 τοῦ
1851 525 2022 591 Λόγου

2139 525 2470 583 humanitate
2500 528 2619 598 ejus
2652 525 2990 581 divinitatem
3021 538 3128 577 non
3155 523 3388 596 ignoret,
3428 529 3483 575 et
3517 519 3608 590 qui
3637 519 3704 573 de

460 615 709 687 γράφων,
740 612 847 668 οἶδε
872 617 965 669 καὶ
995 618 1061 670 τὰ
1092 620 1216 689 περὶ
1245 618 1343 687 τῆς
1379 618 1630 687 θεότητος
1656 615 1841 671 αὐτοῦ.
1887 615 1942 669 Ὀ
1972 614 2029 668 δι

461 708 589 776 περὶ
627 710 724 777 τῆς
771 707 1021 780 Θεότητος
1056 709 1415 778 ἐξηγούμενος
1452 708 1550 761 οὐκ
1584 708 1768 773 ἀγνοεῖ
1798 706 1878 772 ira
1917 703 2029 757 ῐδια

458 803 561 871 τῆς
608 800 871 869 ἐνσάρκου
941 802 1239 869 παρουσίας
1277 800 1477 863 αὐτοῦ,
1525 798 1639 850 ἀλλ’
1686 799 1912 849 ἕκαστον
1954 796 2029 856 ὡς

464 892 790 962 ἐπιστήμων
824 894 918 945 καὶ
956 892 1175 960 δόκιμος
1206 891 1541 961 τραπεζίτης
1569 889 1860 957 διακρίνων
1882 926 1895 950 ,
1931 886 2029 956 τὴν

460 984 743 1037 εὐσέϐειαν
779 984 1240 1054 βαδιεῖται.”οταν
1265 982 1393 1051 γοῦν
1414 983 1573 1036 αὐτὸν
1599 982 1855 1035 κλαίοντα
1874 981 2027 1054 λέγῃ,

461 1069 624 1138 οῖδεν,
650 1074 733 1127 ὅτι
760 1075 1045 1143 ἄνθρωπος
1068 1075 1358 1142 γενόμενος
1386 1076 1414 1126 6
1442 1072 1669 1142 Κύριος,
1703 1071 1941 1125 δείκνυσι
1969 1071 2031 1126 τὸ

465 1164 564 1232 μὲν
597 1164 806 1219 κλαίειν
835 1164 1145 1235 ἀνθρώπου,
1181 1165 1385 1235 ἐγείρει
1416 1162 1473 1216 δὲ
1502 1162 1754 1230 Λάζαρον
1776 1162 1850 1224 ὡς
1877 1162 2026 1224 Θεός.

462 1255 573 1307 Καὶ
614 1254 888 1309 πεινῶντα
937 1257 1056 1325 μὲν,
1101 1255 1197 1309 καὶ
1233 1253 1472 1324 διψῶντα
1525 1250 1634 1307 οἵδε
1681 1253 2028 1323 σωματικῶς,

465 1345 661 1408 θεῖκῶς
691 1346 748 1399 δὲ
782 1347 1113 1416 χορτάζοντα
1143 1346 1251 1399 ἀπὸ
1282 1346 1441 1421 πέντε
1470 1345 1653 1417 ἄρτων
1682 1361 2028 1415 πεντακισχι-

459 1438 627 1500 λίους.
652 1438 771 1515 Καὶ
802 1437 1053 1507 κείμενον
1082 1438 1181 1508 μιν
1206 1434 1347 1492 οἶδεν
1379 1441 1436 1491 ἐν
1470 1436 1743 1508 μνημείῳ,
1771 1435 1845 1499 ῶς
1874 1435 2030 1505 σῶμα

460 1529 821 1596 ἀνθρώπινον,
855 1529 1202 1599 ἐγειρόμενον
1229 1528 1285 1582 δέ
1316 1529 1389 1593 ὡς
1418 1526 1554 1581 Θεοῦ
1588 1527 1747 1595 σῶμα
1776 1526 1907 1595 παρ’
1934 1528 2029 1580 αὐ-

459 1619 556 1672 τοῦ
591 1620 685 1673 τοῦ
712 1622 907 1688 Λόγου,
938 1613 998 1673 οῦ
1029 1622 1124 1675 καὶ
1151 1622 1376 1691 γέγονεν
1409 1620 1566 1691 σάρξ.

544 1713 602 1765 '0
630 1714 727 1782 μὲν
755 1714 997 1779 γεωργὸς
1031 1714 1178 1778 ξένος
1210 1714 1324 1767 ἐστὶ
1351 1715 1471 1767 κατ’
1498 1713 1686 1767 οὐσίαν
1717 1714 1815 1785 τῆς
1849 1710 2031 1779 ἀμπέ-

2134 620 2234 673 hac
2260 620 2520 688 disputat,
2542 634 2601 673 ea
2620 633 2739 689 quae
2758 616 2928 687 ipsius
2949 616 3003 670 in
3019 614 3467 679 carneadventus
3484 610 3701 681 prepria

2131 722 2280 773 sunt,
2317 714 2472 773 sciat,
2507 720 2561 764 et
2587 711 2640 764 in
2675 720 2903 777 utroque
2946 718 3200 775 tanquam
3228 704 3440 776 peritus
3491 712 3545 757 et
3575 716 3701 771 pro-

2132 802 2291 855 battis
2324 802 2518 871 aliquis
2576 798 2971 852 nummularius
2999 796 3207 866 judicio
3238 810 3338 849 suo
3387 805 3703 865 germanam

2133 893 2389 964 pietatem
2450 892 2695 962 explorat
2738 900 2792 945 et
2844 891 3106 962 agnoscit.
3148 890 3329 955 Quare
3372 900 3500 940 cum
3550 884 3705 937 illum

2134 984 2356 1038 ﬂeritem
2385 984 2627 1047 adducit,
2692 983 2840 1036 novit
2872 998 2996 1036 eum
3051 990 3109 1035 ut
3150 978 3425 1034 hominem
3457 976 3606 1039 ﬂere,
3648 984 3709 1027 ut

2135 1076 2301 1129 Deum
2353 1085 2534 1131 tamen
2571 1090 2828 1130 revocare
2881 1072 3147 1128 Lazarum
3210 1072 3262 1125 in
3289 1070 3474 1126 vitam.
3533 1066 3705 1134 Quem

2134 1168 2466 1223 humanitate
2486 1166 2698 1222 esurire
2724 1166 2984 1235 sitireque
3023 1162 3426 1223 animadvertit,
3454 1160 3711 1217 eumdem»

2134 1260 2424 1315 divinitate
2454 1260 2601 1314 videt
2627 1261 2866 1330 quinque
2901 1258 3130 1329 panibus
3150 1256 3391 1327 quinque
3417 1252 3709 1306 hominum

2132 1353 2298 1407 millia
2326 1366 2591 1407 saturare.
2643 1351 2797 1417 Quod
2865 1352 2920 1405 in
2948 1356 3301 1405 monumento
3358 1346 3591 1417 positum
3642 1353 3704 1395 ut

2130 1460 2328 1513 corpus
2384 1445 2682 1498 humanum
2748 1442 2965 1512 aspicit,
3008 1440 3061 1494 id
3115 1448 3174 1493 ut
3219 1437 3314 1491 Dei
3371 1452 3571 1504 corpus
3629 1435 3710 1487 iu—

2135 1537 2324 1609 telligit
2356 1536 2652 1591 excitatum
2680 1533 2747 1588 ab
2774 1531 2893 1604 ipso
2933 1527 3130 1596 Verbo,
3154 1528 3313 1599 cujus
3339 1536 3423 1582 est
3448 1526 3537 1580 illa
3557 1540 3707 1579 caro.

2201 1720 2449 1791 Agricola
2483 1718 2703 1790 quidem
2735 1731 2763 1772 a
2788 1716 2898 1772 vite
2916 1714 3168 1770 diversus
3194 1723 3280 1769 est
3302 1710 3537 1768 essentia
3559 1728 3572 1777 ;
3597 1710 3713 1781 pal-

459 1802 575 1867 λου,
626 1804 695 1856 τὰ
746 1803 802 1855 δέ
854 1804 1107 1873 κλήματα
1156 1803 1414 1875 ὁμοούσια
1459 1806 1554 1860 καὶ
1605 1804 1880 1875 συγγενῆ,
1931 1802 2027 1857 καὶ

2139 1811 2300 1866 mites
2349 1820 2529 1865 autem
2554 1810 2743 1866 eadem
2791 1808 3030 1863 essentia
3075 1822 3198 1862 cum
3258 1805 3369 1860 vite
3429 1794 3709 1873 conjuncti

459 1893 742 1963 ἀδιαίρετα
785 1893 885 1960 τῆς
906 1893 1149 1963 ἀμπέλου
1180 1895 1529 1964 τυγχάνουσι,
1560 1893 1656 1947 καὶ
1692 1896 1821 1964 μίαν
1847 1894 2028 1964 ἔχουσι

2139 1912 2281 1968 sunt,
2298 1913 2353 1957 et
2381 1903 2449 1957 ab
2483 1917 2544 1957 ea
2574 1900 2815 1971 separari
2837 1915 2944 1953 non
2972 1908 3220 1969 possunt,
3252 1906 3309 1952 et
3332 1897 3582 1953 eumdem
3609 1897 3714 1950 ha-

463 1990 559 2038 καὶ
583 1986 681 2054 τὴν
706 1986 876 2055 αὐτὴν
906 1987 1121 2054 γένεσιν
1147 1986 1285 2040 αὐτά
1312 2002 1369 2038 τε
1399 1986 1492 2040 καὶ
1519 1986 1553 2054 ἡ
1582 1985 1843 2056 ἄμπελος.
1875 1984 2032 2037 Ἐστι

460 2078 545 2142 δὲ,
592 2078 667 2139 ὡς
719 2074 872 2130 εἶπεν
914 2083 943 2131 ὁ
991 2076 1213 2146 Κύριος,
1260 2075 1421 2140 αὐτὸς
1475 2078 1510 2147 ἡ
1554 2077 1815 2145 ἄμπελος,
1871 2077 2034 2146 ἡμεῖς

462 2168 534 2220 τὰ
567 2169 841 2238 κλήματα.
866 2168 927 2221 Ei
956 2169 1055 2238 μὲν
1080 2168 1172 2221 οῦν
1200 2167 1485 2238 ὀμοούσιος
1511 2170 1643 2237 ἡμῖν
1665 2170 1814 2221 ἐστιν
1836 2170 1862 2219 6
1885 2167 2030 2232 Υἱὸς,

464 2263 559 2315 καὶ
602 2262 698 2331 τὴν
731 2260 901 2331 αὐτὴν
953 2262 1083 2330 ἡμῖν
1113 2260 1223 2330 ἔχει
1269 2259 1502 2327 γένεσιν,
1535 2259 1677 2312 εστω
1705 2259 1847 2313 κατὰ
1876 2258 2036 2311 τοῦτο

462 2351 558 2404 καὶ
585 2351 612 2403 6
642 2350 765 2412 Υἱὸς
795 2349 1071 2419 ἀλλότριος
1101 2347 1218 2401 κατ’
1244 2347 1430 2401 οὐσίαν
1454 2345 1549 2399 τοῦ
1580 2347 1815 2416 Πατρὶς,
1847 2345 2035 2416 ὥσπερ

463 2445 559 2495 καὶ
612 2444 647 2512 ἡ
701 2442 945 2511 ἄμπελος
996 2441 1091 2493 τοῦ
1147 2440 1429 2510 γεωργοῦο
1484 2441 1531 2492 sl
1587 2438 1645 2492 δὲ
1706 2438 1836 2492 ἄλλο
1888 2439 2035 2491 ἐστὶν

464 2536 494 2587 6
530 2534 656 2595 Υἱὸς
689 2534 814 2604 παρ’
844 2534 872 2586 ὃ
902 2536 1069 2601 ἐσμεν
1103 2534 1282 2601 ἡμεῖς,
1314 2533 1566 2594 ¹κάκεῖνος
1598 2530 1700 2597 μὲν
1730 2530 1904 2597 Λόγος
1938 2529 2032 2584 τοῦ

467 2627 713 2695 Πατρὸς,
750 2628 909 2696 ἡμεῖς
939 2625 997 2679 δὲ
1022 2628 1085 2677 ἐκ
1117 2625 1219 2695 γῆς
1244 2623 1570 2692 γεγόναμεν,
1605 2622 1701 2676 καὶ
1731 2623 1826 2675 τοῦ
1867 2620 2036 2691 Ἀδάμ

464 2720 632 2787 ἐσμεν
663 2720 894 2787 ἔκγονοι,
929 2720 1029 2773 οὐκ
1052 2718 1251 2786 ὀφείλει
1283 2716 1343 2769 τὸ
1378 2716 1538 2787 ῥητὸν
1572 2717 1654 2779 είς
1683 2716 1782 2785 τὴν
1806 2714 2035 2786 θεότητα

466 2811 836 2881 ἀναφέρεσθαι
866 2810 956 2862 τοῦ
1002 2807 1261 2878 Χριστοῦ,
1300 2807 1435 2861 ἀλλὰ
1482 2805 1667 2861 λοιπὸν
1699 2806 1780 2867 είς
1817 2806 1918 2877 τὴν
1945 2805 2036 2858 ἀν-

466 2904 750 2972 θρωπίνην
780 2899 946 2955 αὑτοῦ
981 2903 1306 2967 παρουσίαν.
1357 2898 1511 2953 Ἐπεὶ
1545 2898 1637 2951 καὶ
1674 2896 1852 2959 οὕτως
1885 2896 2038 2968 εἴρη-

467 3012 562 3049 κεν
583 2996 610 3047 ὀ
634 2996 824 3066 Σωτήρ
846 3011 859 3025 ο
894 2993 1098 3062 Ἔγὼή
1127 2992 1415 3061 ἄμπελος,
1445 2989 1613 3059 ἡμεῖς
1637 2992 1709 3043 τὰ
1740 2989 2036 3058 κλήματα,

466 3090 500 3142 6
534 3088 736 3155 Πατὴρ
773 3091 805 3141 ό
840 3087 1113 3157 γεωργός.
1167 3086 1359 3152 Ἡμεῖς
1393 3083 1502 3152 γὰρ
1527 3081 1619 3134 τοῦ
1652 3081 1858 3148 Κυρίου
1898 3081 2038 3134 κατὰ

2131 1995 2261 2048 bent
2289 2003 2467 2047 ortum
2497 2006 2620 2046 cum
2652 1992 2767 2061 ipsa
2804 1990 2933 2044 vite.
2965 1987 3245 2051 Dominus,
3278 1995 3337 2043 ut
3360 1996 3589 2057 Ipsemet
3610 1988 3709 2053 ait,

2133 2082 2261 2137 vitis
2289 2090 2392 2146 est,
2455 2087 2797 2147 nostautem
2847 2078 3117 2149 palmites,
3161 2080 3205 2131 si
3262 2078 3427 2148 igitur
3465 2078 3711 2147 ejusdem

2132 2172 2383 2227 essentia
2412 2171 2694 2225 nobiscum
2731 2178 2812 2224 est
2838 2167 3024 2232 Filius,
3052 2177 3106 2223 et
3141 2169 3394 2222 eumdem
3428 2168 3712 2221 nobiscum

2134 2273 2315 2318 ortum
2341 2263 2521 2326 habet,
2574 2263 2647 2317 sit
2708 2262 2779 2316 ob
2811 2261 2865 2316 id
2907 2260 3069 2315 etiam
3143 2259 3311 2314 Filius
3359 2258 3446 2314 ab-
3477 2260 3711 2312 essentia

2135 2354 2317 2409 Patris
2341 2355 2577 2418 alienus,
2612 2362 2673 2408 ut
2720 2353 2847 2409 vitis
2899 2352 2968 2407 ab
3009 2352 3263 2423 agricola.
3317 2350 3410 2404 Sin
3453 2349 3600 2404 aliud
3630 2360 3714 2403 est

2134 2444 2326 2506 Filius.
2397 2461 2559 2515 quam
2634 2460 2733 2500 nos
2805 2458 3016 2508 sumus,
3094 2453 3259 2513 atque
3323 2441 3414 2498 ille
3490 2441 3710 2512 quidem

2135 2537 2373 2592 Verbum
2423 2545 2507 2591 est
2550 2535 2751 2599 Patris,
2797 2549 2898 2589 nos
2936 2544 3116 2588 autem
3164 2543 3225 2587 ut
3293 2531 3386 2586 lilii
3470 2532 3637 2586 Adam
3682 2546 3713 2583 e

2138 2638 2287 2684 terra
2311 2629 2435 2683 facti
2466 2642 2677 2693 sumus,
2745 2627 2951 2683 dictum
2986 2625 3118 2681 illud
3186 2625 3251 2679 ad
3300 2624 3504 2678 Christi
3577 2624 3713 2677 divi.

2137 2722 2363 2777 nitatem
2388 2719 2741 2775 referendum
2772 2734 2882 2773 non
2917 2729 3020 2783 est,
3065 2717 3159 2773 sed
3190 2718 3256 2772 ad
3319 2716 3441 2785 ejus
3465 2714 3717 2769 humani—

2138 2824 2326 2875 tatem.
2346 2828 2454 2883 quo
2483 2812 2699 2882 quidem
2731 2821 2783 2866 et
2808 2816 2922 2881 ipse
2949 2812 3207 2865 Dominus
3260 2817 3515 2881 spectans
3541 2824 3556 2862 :
3598 2807 3711 2879 Ego

2143 2921 2280 2968 stam,
2315 2904 2509 2972 inquit,
2564 2903 2687 2958 vitis
2738 2912 2787 2957 et
2840 2918 2931 2957 vos
2992 2902 3256 2970 palmites,
3288 2892 3296 2899 ’
3327 2902 3489 2968 Pater
3538 2910 3713 2952 autem

2138 2995 2371 3065 agricola
2399 2997 2442 3048 ι.
2489 2993 2758 3071 Noseuim
2796 2991 3027 3046 Domino
3050 2998 3276 3062 prepter
3307 2988 3710 3043 humanitatem

2140 3089 2257 3156 ejus
2302 3087 2626 3158 cognatione
2669 3085 2949 3154 conjuncti
2983 3099 3195 3139 sumus.
3256 3083 3623 3149 Quamobrem
3664 3088 3720 3133 et

468 3181 530 3233 τὸ
557 3177 897 3250 ἀνθρώπινον
926 3177 1089 3229 αὑτοῦ
1109 3175 1391 3242 συγγενεῖς
1421 3174 1608 3242 ἐσμεν,
1642 3172 1737 3225 καὶ
1764 3171 1925 3233 αὐτὸς
1951 3169 2038 3224 διὰ

2141 3180 2256 3248 ipse
2282 3196 2295 3232 :
2330 3179 2596 3244 Narrabo,
2620 3177 2816 3247 inquit,
2841 3192 3028 3229 nomen
3060 3185 3208 3229 tuum
3235 3174 3487 3243 fratribus
3522 3173 3648 3226 meis
3672 3172 3715 3225 '.

466 3270 623 3324 τοῦτο
654 3268 773 3324 εἷπε
796 3285 810 3298 ·
852 3270 1208 3338 διηγήσομαι
1245 3267 1313 3320 τὸ
1346 3266 1531 3336 ὄνομά
1560 3278 1678 3319 σου
1714 3263 1838 3329 τοῖς
1867 3263 2042 3319 ἀδελ-

467 3365 603 3434 φοῖς
621 3381 761 3433 μου.
801 3362 861 3415 Ὀ
890 3362 945 3415 δὲ
974 3359 1158 3433 Πατὴρ
1183 3362 1209 3414 6
1229 3359 1469 3430 γεωργός
1493 3375 1507 3388 ·
1537 3357 1697 3421 αὐτὸς
1724 3355 1832 3428 γὰρ
1859 3356 2045 3429 είργάο

469 3473 603 3510 cato
646 3455 734 3508 διὰ
786 3453 882 3508 τοῦ
935 3454 1108 3520 Λόγου
1162 3452 1260 3523 τὴν
1312 3450 1589 3518 ἄμπελον,
1638 3449 1761 3519 ητις
1808 3447 1927 3499 ἐστὶ
1980 3446 2041 3500 τὸ

356 3578 361 3581 -
472 3547 752 3617 κυριακὸν
792 3546 969 3616 σῶμα.
1002 3540 1129 3614 'Ap‘
1163 3543 1256 3597 οῦν
1295 3543 1370 3604 ὡς
1402 3542 1450 3594 ot
1483 3541 1842 3611 χριστομάχοι
1878 3538 2042 3609 θρυλ-

471 3639 625 3691 λοῦσι
659 3638 930 3701 Διονύσιος
958 3638 1025 3689 τὰ
1058 3635 1373 3706 ἀνθρώπινα
1395 3633 1488 3687 τοῦ
1522 3631 1759 3704 Χριστοῦ
1790 3632 2038 3702 γράφων,

469 3730 565 3782 καὶ
596 3730 770 3797 λέγων
800 3729 960 3794 οὕτω,
982 3726 1194 3798 ποίημα
1223 3725 1388 3780 αὑτὸν
1419 3725 1449 3797 ἢ
1476 3725 1571 3779 ἕνα
1601 3725 1710 3778 τῶν
1739 3722 2042 3792 ἀνθρώπων

469 3824 655 3891 ἐλεγεν
683 3816 854 3883 εἷναις
882 3819 976 3873 καὶ
1002 3820 1108 3889 μὴν
1134 3819 1231 3889 οὐχ
1255 3817 1423 3879 οὕτως
1446 3816 1682 3888 ἔγραψεν
1711 3816 1770 3870 ἐν
1794 3816 1915 3877 ταῖς
1944 3815 2039 3868 ἄλ-

469 3915 587 3978 λαις
627 3913 937 3975 ἐπιστολαῖς
959 3953 973 3978 ,
1016 3912 1151 3967 ἀλλὰ
1184 3912 1279 3964 καὶ
1307 3910 1481 3978 ὀρθῶς
1515 3909 1726 3979 φρονῶν
1765 3908 1823 3959 ἐν
1850 3908 2040 3970 aurai;

470 4007 738 4075 φαίνεται,
777 4005 871 4059 καὶ
902 4000 1121 4056 δύναται
1144 4001 1212 4056 δι’
1243 4001 1422 4054 αὐτῶν
1450 4000 1643 4071 βοῆσαι
1676 4001 1817 4054 κατὰ
1838 3999 2040 4052 τούτων

470 4101 664 4166 λέγων,
687 4098 801 4150 Οῦκ
830 4097 947 4165 εἰμὶ
977 4096 1075 4165 τῆς
1102 4095 1267 4162 αὐτῆς
1300 4093 1478 4163 δόξης.
1508 4085 1554 4149 ὦ
1587 4091 1864 4161 θεομάχοι,
1899 4092 1957 4144 οὐ
1985 4092 2041 4145 δὲ

471 4194 539 4245 τὰ
570 4191 813 4262 ἡμέτερα
836 4189 1106 4259 πρόφασιν
1146 4184 1343 4257 Ἀρείῳ
1368 4188 1638 4256 ταρέσχεν
1662 4186 1737 4249 είς
1765 4185 2037 4248 ἀσέϐειαν,

469 4283 607 4338 ἀλλὰ
644 4281 781 4352 πρὸς
841 4280 1130 4350 Ἀμμωνᾶν
1163 4281 1253 4332 καὶ
1292 4277 1613 4349 Εὐφράνορα
1662 4276 1748 4332 διὰ
1777 4276 1902 4340 τοὺς
1940 4294 2034 4330 σα·

469 4374 812 4439 ϐελλίζοντας
847 4374 1092 4443 γράφων,
1123 4371 1398 4442 ἐμνήσθην
1426 4370 1628 4425 καὶτοῦ
1658 4370 1925 4442 γεωργοῦ,
1949 4371 2040 4423 καὶ

466 4469 569 4536 τῆς
596 4466 860 4537 ἀμπέλου,
889 4465 983 4518 καὶ
1004 4462 1111 4517 τῶν
1136 4462 1391 4517 τοιούτων
1414 4461 1588 4517 ἄλλων
1615 4463 1896 4533 ῥημάτων,
1930 4462 2035 4527 ἵνα,

468 4533 537 4612 τά
571 4533 885 4628 ἀνθρώπινα
922 4555 1014 4609 τοῦ
1048 4554 1282 4624 Χριστοῦ
1310 4552 1508 4620 δείξας,
1537 4552 1712 4608 πείσω
1755 4552 1829 4623 μὴ
1858 4552 2037 4619 λέγειν
2069 4533 2114 4591 D

466 4649 704 4712 ἐκείνους
725 4650 806 4702 ὅτι
826 4647 854 4699 6
886 4647 1073 4715 Πατήρ
1091 4647 1236 4699 ἐστιν
1267 4644 1596 4714 όγενόμενος
1627 4643 1929 4713 ἄνθρωπος.
1958 4641 2046 4705 Ὠς

469 4744 578 4812 γὰρ
608 4745 635 4795 6
667 4742 911 4811 γεωργὸς
944 4742 1043 4794 οὐκ
1075 4740 1220 4793 ἐστιν
1253 4743 1307 4792 ὲν
1338 4740 1405 4809 τῇ
1444 4737 1693 4808 ἀμπέλῳ,
1729 4736 1898 4799 οὕτως
1945 4737 2047 4790 οὐκ

468 4836 618 4888 ἐστιν
640 4838 697 4888 ὲν
717 4834 795 4905 τῷ
816 4832 1028 4902 σώματι
1054 4832 1341 4900 γενόμενος
1357 4833 1384 4881 ό
1415 4828 1625 4901 Πατὴρ,
1660 4828 1774 4882 ἀλλ’
1796 4832 1822 4882 ὁ
1852 4829 2041 4896 Λόγος.

472 4928 579 4979 Καὶ
596 4926 798 4996 ὀΛόγος
816 4928 872 4977 ἐν
891 4927 957 4995 τῇ
970 4922 1200 4994 ἀμπέλῳ
1217 4923 1502 4991 γενόμενος
1514 4920 1797 4992 ἄνθρωπος
1814 4920 2043 4990 ἐκλήθηο

466 5018 709 5087 ἄμπελος
738 5017 793 5070 δέ
822 5015 1022 5086 ἐκλήθη
1054 5017 1081 5068 6
1112 5015 1238 5075 Υίὺς
1272 5014 1358 5067 διὰ
1388 5012 1486 5083 τὴν
1506 5013 1637 5083 πρὸς
1672 5011 1739 5065 τὰ
1769 5013 2041 5082 κλήματα,

472 5108 616 5178 ἆπερ
679 5108 843 5177 ἐσμὲν
887 5108 1066 5177 ἡμεῖς,
1114 5103 1431 5175 σωματικὴν
1477 5103 1815 5171 συγγένειαν.
1863 5101 2045 5172 Ταύτῃ

472 5200 572 5268 μὲν
597 5197 691 5251 οῦν
712 5201 777 5268 τῇ
810 5197 1018 5267 διανοίᾳ
1047 5195 1145 5266 τὴν
1171 5195 1306 5265 πρὸς
1335 5193 1679 5263 Εὐφράνορα,
1703 5194 1794 5245 καὶ
1821 5192 2047 5260 Ἀμμω-

470 5292 569 5344 νᾶν
606 5291 822 5360 ἔγραψα
853 5288 1161 5357 ἐπιστολὴν,
1193 5286 1328 5357 πρὸς
1359 5285 1414 5340 δὲ
1451 5288 1551 5353 τὴν
1576 5282 1730 5354 ὑμῶν
1769 5283 2044 5337 ἀναίδειαν

468 5385 567 5445 τὰς
598 5385 792 5454 ἐτέρας
823 5380 1107 5442 ἐπιστολὰς
1137 5381 1233 5442 τὰς
1263 5378 1390 5448 παρ’
1424 5375 1557 5449 ἐμοῦ
1588 5376 1891 5446 γραφείσας
1915 5377 2046 5428 ἁνα-

463 5474 681 5545 τίθημι,
719 5474 807 5529 ἵνα
836 5474 931 5528 καὶ
964 5474 1098 5541 περὶ
1129 5472 1227 5542 τῆς
1275 5471 1580 5540 ἐπιστολῆς,
1642 5465 1709 5542 ἦς
1744 5470 2040 5540 θρυλλεῖτε,

471 5568 677 5634 γνῶσιν
702 5567 751 5619 οἱ
783 5567 1037 5637 φρόνιμοι
1065 5562 1162 5634 τὴν
1191 5565 1248 5615 ἐν
1278 5563 1455 5625 αὐτοῖς
1484 5559 1796 5626 ἀπολογίαν,
1825 5561 1918 5613 καὶ
1943 5561 2038 5628 τῆς

466 5661 524 5710 ὲν
558 5658 775 5727 Χριστῷ
815 5657 1049 5719 πίστεως
1079 5654 1176 5724 τὴν
1207 5654 1372 5724 ὀρθήν
1409 5670 1506 5722 μου
1542 5652 1819 5722 φρόνησιν.

531 5852 547 5882 ¹
582 5852 737 5909 Joan.
771 5867 852 5918 xv,
886 5852 936 5905 ὅ.
1015 5852 1034 5881 ⁸
1062 5849 1198 5903 Psal.
1238 5864 1324 5907 ιι,
1360 5846 1445 5899 '25.

2142 3273 2303 3326 Pater
2323 3281 2505 3325 autem
2539 3270 2770 3340 agricola
2809 3277 2913 3333 est,
2964 3268 3056 3338 qui
3092 3284 3189 3339 per
3218 3266 3457 3321 Verbum
3526 3266 3719 3327 vitem,

2142 3368 2246 3422 hoc
2278 3374 2384 3431 est,
2422 3364 2634 3420 Domini
2668 3380 2869 3434 corpus
2920 3362 3049 3417 fecit
3077 3373 3132 3418 et
3160 3363 3353 3417 coluit.
3388 3361 3507 3416 Non
3554 3361 3720 3430 igitur

2141 3477 2205 3514 eo
2240 3475 2425 3524 sensu,
2459 3474 2567 3528 quo
2600 3459 2896 3528 praedicant
2922 3458 3108 3514 hostes
3138 3456 3368 3517 Christi,
3434 3453 3720 3525 Dionysius

2141 3556 2390 3611 scribens
2420 3568 2484 3607 ea
2515 3569 2636 3623 quae
2660 3554 2726 3607 ad
2756 3552 2974 3607 Domini
2999 3550 3273 3620 pertinent
3296 3549 3718 3608 humanitatem,

2140 3649 2296 3713 dixit,
2359 3658 2475 3701 tum
2557 3660 2682 3700 esse
2739 3645 2967 3707 factum,
3033 3653 3197 3711 atque
3245 3656 3413 3694 unum
3480 3654 3601 3692 esse
3654 3653 3719 3690 ex

2142 3742 2471 3796 hominibus.
2501 3740 2655 3805 Quod
2707 3755 2769 3792 ex
2807 3738 2925 3792 aliis
2946 3736 3067 3803 ejus
3096 3734 3341 3803 epistolis
3398 3731 3569 3785 multo
3608 3730 3720 3783 cla-

2140 3836 2253 3891 rius
2280 3843 2458 3906 potest
2490 3831 2738 3901 inteliigi,
2771 3831 2823 3883 in
2860 3830 3061 3899 quibus
3112 3839 3220 3880 tam
3287 3833 3476 3893 aperte
3536 3821 3721 3876 decla-

2142 3929 2302 3991 ravit,
2338 3942 2398 3982 se
2445 3933 2595 3980 recte
2625 3922 2854 3984 sentire,
2884 3929 2944 3974 ut
2963 3916 3373 3974 adversusillos
3401 3915 3547 3970 clara
3587 3927 3723 3969 voce

2141 4022 2324 4077 dicere
2375 4018 2625 4074 videatur
2661 4031 2678 4070 :
2710 4015 2825 4085 Ego
2873 4009 3202 4068 sententiam
3290 4016 3524 4062 vestram
3609 4018 3721 4058 non

2144 4109 2337 4180 probo,
2371 4108 2467 4164 Dei
2500 4108 2705 4170 hostes,
2732 4118 2910 4174 neque
2930 4101 3130 4170 scripta
3158 4107 3345 4154 nostra
3377 4095 3720 4153 occasionem

2145 4202 2291 4264 Ario,
2324 4209 2383 4254 ut
2413 4197 2579 4268 impie
2603 4195 2850 4257 sentiret,
2872 4194 3245 4263 praebuerunt.
3278 4185 3385 4244 Sed
3412 4187 3477 4241 ad
3501 4188 3725 4241 Ammo-

2138 4310 2264 4350 nam
2300 4302 2354 4347 et
2391 4289 2806 4359 Euphranorem
2830 4285 3099 4347 scribens,
3137 4292 3197 4337 ut
3220 4296 3317 4337 eos
3373 4280 3465 4350 qui
3500 4274 3720 4334 Sabellii

2140 4383 2382 4455 partibus
2403 4380 2689 4442 favebant,
2722 4377 3121 4446 impugnarem,
3154 4371 3404 4444 agricola:
3434 4380 3490 4428 et
3511 4368 3636 4422 vitis
3669 4380 3724 4423 et

2140 4473 2398 4530 similium
2420 4471 2708 4526 verborum
2723 4468 3056 4523 mentionem
3076 4465 3198 4520 fecit
3220 4480 3328 4533 quo
3347 4464 3721 4531 demonstrata

2143 4563 2347 4619 Christi
2407 4561 2747 4616 humanitate
2775 4558 3156 4631 persuaderem
3220 4557 3322 4610 illis
3379 4570 3450 4609 ne
3510 4552 3726 4607 Patrem

2148 4655 2349 4709 factum
2396 4651 2858 4715 essehominem,
2902 4650 3210 4704 crederent.
3249 4644 3721 4711 Quemadmodum

2147 4744 2292 4799 enim
2309 4742 2542 4814 agricola
2560 4756 2668 4797 non
2688 4749 2772 4796 est
2797 4741 2851 4795 in
2876 4738 3003 4803 vite,
3023 4738 3101 4793 sic
3120 4753 3219 4792 nec
3236 4738 3397 4789 Pater
3414 4742 3499 4789 est
3523 4734 3577 4787 in
3602 4749 3723 4788 cor-

2147 4850 2279 4905 pore
2293 4834 2467 4890 l‘actus
2482 4834 2666 4898 homo,
2685 4831 2782 4888 sed
2800 4828 3063 4884 Verbum.
3082 4827 3237 4894 Quod
3250 4825 3470 4896 quidem
3486 4824 3726 4881 Verbum

2149 4928 2201 4981 in
2238 4928 2347 4981 vite
2372 4924 2575 4979 factum
2608 4924 2771 4978 homo
2807 4933 3033 4977 vocatus
3058 4929 3163 4975 est.
3210 4920 3380 4975 Filius
3402 4933 3531 4991 ergo
3565 4931 3727 4973 voca-

2149 5028 2234 5071 tus
2286 5027 2368 5071 est
2419 5017 2547 5069 vitis
2584 5024 2803 5086 prapter
2847 5028 3165 5084 corpoream
3197 5013 3729 5083 cognationem,qua

2149 5125 2273 5163 cum
2332 5108 2671 5178 palmitibus,
2712 5107 2940 5177 quinos
3011 5123 3219 5173 sumus,
3279 5105 3566 5159 devinctus
3618 5113 3724 5157 est.

2148 5200 2236 5256 Sic
2264 5216 2363 5271 ego
2396 5200 2542 5256 sensi
2574 5202 2628 5255 in
2664 5199 2918 5269 epistola,
2976 5215 3141 5269 quam
3193 5197 3259 5252 ad
3307 5196 3723 5266 Euphranorem

2149 5302 2203 5348 et
2258 5294 2583 5348 Ammonam
2618 5293 2834 5364 scripsi.
2867 5292 3001 5347 Nam
3047 5292 3193 5362 quod
3233 5290 3300 5345 ad
3333 5286 3728 5358 impudentiam

2152 5395 2388 5439 vestram
2433 5384 2654 5450 attinet,
2695 5392 2922 5441 carteras
2978 5400 3128 5441 meas
3166 5381 3462 5454 proferam,
3525 5387 3583 5432 ut
3648 5392 3717 5431 ex

2148 5474 2237 5537 iis,
2272 5474 2549 5542 quomodo
2593 5490 2822 5546 purgem
2874 5490 2962 5529 me
3013 5475 3066 5527 in
3110 5489 3175 5527 eo
3221 5471 3366 5541 quod
3409 5478 3599 5523 contra
3634 5481 3724 5522 me

2142 5574 2367 5636 propter
2391 5565 2536 5619 illam
2558 5567 2840 5635 epistolam
2861 5564 3194 5635 divulgastis,
3222 5562 3514 5619 prudentes
3548 5556 3694 5614 bomi

2145 5673 2241 5710 nes
2298 5657 2600 5726 intelligant
2641 5666 2696 5707 et
2732 5664 2935 5713 rectam
2996 5672 3170 5709 meam
3202 5654 3321 5709 ﬁdei
3351 5654 3405 5708 in
3442 5651 3720 5707 Christum

2152 5748 2472 5803 sententiam
2528 5756 2845 5817 agnoscam.
3379 5755 3385 5760 ‘
