4026 6290
401 397 508 530 ιρι

1671 437 2052 500 EUTHYMU
2093 427 2460 501 Z'IGABENI

3525 441 3618 507 500

395 540 530 636 {teut
552 553 798 610 adversus
834 552 1055 636 Αξξςιηοε
1090 553 1552 636 ειβιιιιιοιηὶαηοσ.
1604 554 1783 624 Magni
1809 554 1968 608 Basi-

2075 553 2212 636 Ἔτι,
2227 553 2378 605 κατὰ
2422 547 2734 636 Ἀρειανιῶγ
2767 565 2829 602 τε
2852 547 2954 628 grai
2985 547 3368 636 ξὺνομιςινῶν
3400 555 3499 632 ⁸ξοῦ
3525 577 3619 624 με-

887 621 967 687 lii,
999 639 1061 676 ea;
1085 624 1253 691 primo
1279 622 1433 680 libro.

465 815 598 870 Rem‘
619 817 991 888 expendentes
1023 816 1357 880 invenimus,
1395 831 1496 872 nos
1540 817 1966 888 ingenitinotio-

392 926 514 971 nem
545 910 760 978 assequi
780 925 888 963 non
918 924 982 964 ex
1021 924 1085 963 ea
1109 909 1430 980 quaestione,
1460 926 1565 980 qua
1593 910 1724 980 quid
1753 911 1842 973 sit,
1870 909 1965 964 sed

389 1019 453 1055 ex
483 1003 591 1063 illa,
624 1017 728 1071 qua
759 1003 1031 1070 quomodo
1069 1002 1162 1067 sit,
1193 1002 1531 1072 indagamus.
1565 1003 1793 1057 Animus
1821 1002 1967 1056 enim

391 1096 907 1163 nosterexquirens,
935 1104 1116 1148 utrum
1140 1093 1300 1160 Deus,
1328 1097 1420 1164 qui
1451 1111 1611 1165 supra
1660 1095 1845 1149 omnia
1863 1103 1964 1160 est,

392 1187 624 1254 aliquam
666 1202 829 1256 supra
878 1202 936 1242 se
972 1203 1193 1240 causam
1243 1188 1458 1252 habeat,
1487 1203 1611 1241 cum
1659 1187 1969 1256 excogitare

392 1277 595 1332 nullam
633 1279 826 1346 possit,
875 1279 1009 1332 illud
1073 1279 1245 1348 ipsius
1302 1282 1428 1336 vitae
1489 1280 1815 1350 principium
1856 1296 1964 1335 non

396 1371 602 1426 habens
631 1371 932 1442 ingenitum
967 1373 1220 1442 appellat.
1279 1373 1518 1427 Utenim
1577 1389 1698 1428 cum
1746 1376 1812 1430 de
1871 1376 1968 1429 hon

394 1463 634 1516 minibus
662 1463 944 1527 loquentes
989 1463 1137 1518 hunc
1195 1479 1261 1518 ex
1317 1463 1408 1520 illo
1459 1475 1647 1519 natum
1702 1467 1963 1532 dicimus,

393 1572 499 1608 non
536 1555 664 1623 quid
712 1555 801 1608 ille
838 1557 928 1620 sit,
967 1557 1060 1610 sed
1094 1557 1238 1610 unde
1277 1567 1431 1614 ortus
1464 1558 1554 1622 sit,
1615 1559 1964 1627 exponimus,

393 1649 468 1700 sic
512 1662 636 1700 cum
675 1646 976 1717 ingenitum
1037 1665 1295 1708 vocamus
1345 1648 1516 1704 Deum
1545 1691 1558 1715 ,
1600 1666 1664 1710 ex
1701 1666 1835 1706 voce
1860 1666 1968 1705 non

393 1739 520 1807 quid
580 1737 724 1795 Deus
775 1740 864 1806 sit,
893 1741 988 1794 sed
1030 1755 1153 1796 eum
1205 1741 1405 1799 anullo
1426 1757 1546 1796 esse
1592 1742 1964 1798 declaramus.

395 1831 484 1884 Sic
516 1839 697 1888 autem
735 1832 785 1887 id
818 1831 961 1903 quod
983 1830 1103 1887 dico
1129 1832 1343 1902 planius
1376 1833 1488 1887 ﬁet.
1523 1833 1700 1888 Lucas
1728 1850 1962 1905 evange-

395 1925 515 1979 lista
561 1923 656 1980 Dei
689 1935 743 1980 et
776 1926 1085 1984 Servatoris
1136 1927 1310 1982 nostri
1357 1927 1484 1984 Jesu
1521 1928 1721 1983 Christi
1772 1944 1969 1999 genea-

392 2017 585 2087 logiam
642 2020 822 2074 carnis
873 2031 1265 2089 exponens,-et
1293 2021 1359 2076 ab
1411 2022 1616 2078 ultimis
1643 2023 1709 2076 ad
1763 2023 1968 2092 primos

395 2109 748 2178 progrediens
778 2111 995 2164 initium
1031 2111 1263 2180 sumpsit
1302 2126 1331 2164 a
1364 2109 1590 2180 Joseph,
1623 2123 1679 2166 et
1703 2112 1851 2166 hunc
1885 2113 1966 2168 Eii

393 2202 565 2255 ﬁlium
608 2202 818 2265 dicens,
874 2202 954 2256 Eli
981 2212 1162 2256 autem
1201 2202 1369 2256 tilium
1398 2202 1658 2267 Mattban,
1691 2213 1854 2271 atque
1895 2204 1964 2256 ita

392 2291 650 2361 deinceps
691 2291 934 2362 singulos
984 2307 1276 2346 recensens
1293 2292 1360 2346 ad
1393 2292 1563 2348 Adam
1599 2294 1968 2348 narrationem

392 2381 639 2437 deduxit.
697 2382 800 2437 Sed
833 2399 955 2437 cum
994 2384 1060 2436 ad
1091 2398 1378 2452 supremos
1408 2384 1769 2452 pervenisset,
1806 2384 1966 2450 Seth,

394 2475 668 2543 inquiens,
696 2490 761 2529 ex
796 2476 985 2538 Adam,
1008 2475 1179 2530 Adam
1215 2484 1399 2529 autem
1433 2490 1500 2530 ex
1535 2475 1668 2540 Deo,
1699 2473 1829 2529 fecit
1862 2492 1967 2530 nu-

397 2567 644 2621 merandi
693 2567 879 2621 ﬁnem.
927 2566 1116 2636 Neque
1158 2581 1288 2622 vero
1339 2567 1390 2620 in
1424 2581 1486 2620 ea
1517 2567 1786 2636 cujusque
1815 2574 1970 2622 ortus

397 2659 762 2727 explicatione
793 2669 1017 2712 naturas
1066 2672 1255 2715 eorum
1287 2673 1424 2726 quos
1471 2666 1840 2722 recensuerat,
1878 2672 1969 2711 os-

397 2749 593 2816 tendit,
649 2748 746 2804 sed
794 2747 1085 2816 conjuncta
1133 2749 1425 2819 principia,
1468 2764 1533 2802 ex
1580 2765 1688 2818 quo
1739 2749 1969 2817 quisque

394 2848 554 2893 natus
610 2848 754 2895 esset
811 2842 1082 2908 eXposuit.
1135 2840 1604 2906 Quemadmodum
1653 2841 1817 2910 igitur
1877 2842 1968 2894 ille

394 2933 555 2999 dixit,
587 2933 760 2988 Adam
795 2949 860 2988 ex
916 2932 1047 2997 Deo,
1090 2935 1162 2988 ita
1203 2942 1419 2988 nosmet
1454 2934 1497 2988 si
1534 2949 1564 2988 a
1595 2935 1754 2989 nobis
1775 2933 1967 3002 exqui-

394 3041 604 3090 ramus,
659 3023 804 3079 Deus
839 3035 1020 3079 autem
1069 3042 1129 3080 ex
1161 3026 1319 3094 quo?
1367 3040 1549 3079 nonne
1601 3026 1656 3078 in
1700 3024 1968 3093 cujusque

397 3117 726 3183 cogitatione
788 3129 1104 3189 promptum
1173 3118 1303 3173 illud
1355 3119 1483 3184 erit,
1543 3133 1610 3172 ex
1661 3116 1966 3176 nullo?E_x

398 3208 549 3263 nullo
581 3217 764 3263 autem
804 3208 932 3276 quid
971 3209 1115 3262 aliud
1150 3208 1444 3277 signiﬁcat,
1484 3208 1587 3262 nisi
1626 3223 1735 3261 non
1768 3209 1969 3261 habere
1993 3227 2038 3289 ρ

398 3301 752 3368 principium,
787 3311 842 3355 et
869 3317 977 3355 non
1014 3300 1214 3354 habere
1245 3299 1600 3368 principium,
1639 3298 1769 3366 quid
1799 3298 1968 3360 aliud,

399 3390 502 3442 nisi
536 3389 838 3462 ingenitum
870 3391 1034 3446 esse?
1090 3390 1158 3453 Ut
1190 3390 1356 3459 igitur
1387 3389 1439 3443 in
1477 3387 1814 3453 hominibus,
1847 3404 1969 3443 cum

404 3479 494 3532 hic
543 3495 608 3532 cx
654 3479 747 3534 illo
789 3491 948 3534 natus
996 3480 1294 3542 diceretur,
1331 3495 1438 3533 non
1491 3494 1678 3533 eorum
1735 3481 1971 3534 essentia

399 3571 808 3638 declarabatur,
860 3573 940 3626 sic
970 3588 1092 3627 cum
1143 3571 1209 3628 de
1233 3572 1476 3626 omnium
1521 3572 1632 3626 Deo
1670 3573 1971 3644 ingenitum

400 3663 655 3729 dicimus,
687 3664 826 3734 quod
857 3664 1086 3735 perinde
1117 3673 1202 3719 est
1230 3680 1292 3720 ac
1319 3665 1362 3722 si
1398 3681 1461 3720 ex
1491 3665 1644 3720 nullo
1669 3663 1970 3731 diceretur,

398 3771 505 3808 non
534 3755 653 3824 ejus
681 3758 976 3812 essentiam
992 3757 1354 3824 ostendimus;
1380 3759 1490 3828 jam
1509 3758 1600 3826 qui
1631 3758 1686 3810 in
1712 3756 1973 3826 principio

401 3864 601 3912 carere,
658 3850 954 3904 essentiam
1003 3867 1125 3906 esse
1174 3850 1327 3916 dicit,
1379 3851 1629 3905 similiter
1657 3850 1808 3915 facit,
1841 3851 1972 3906 utsi

401 3940 523 4013 quis
569 3941 932 4015 interrogatus
958 3958 1209 4013 quaenam
1242 3943 1312 3998 sit
1339 3942 1506 3996 Adam
1546 3943 1784 3997 essentia
1812 3952 1973 4011 atque

403 4041 620 4094 natura,
690 4030 1023 4099 rc5pondeat
1072 4046 1181 4084 non
1233 4047 1299 4084 ex
1345 4029 1587 4084 hominis
1652 4039 1706 4084 et
1756 4029 1973 4084 femina:

403 4122 784 4189 commistione
812 4133 996 4188 natum
1021 4113 1166 4188 esse,
1202 4122 1294 4177 sed
1325 4139 1483 4176 manu
1513 4122 1699 4176 divina
1761 4123 1966 4177 forma-

405 4224 544 4268 tum.
603 4213 762 4268 Tunc
818 4215 963 4268 enim
1019 4213 1129 4279 ille,
1192 4215 1286 4284 qui
1349 4214 1706 4286 interrogavit
1764 4232 1777 4268 :
1849 4207 1969 4268 N6n

404 4321 612 4380 qurero,
643 4305 874 4372 inquiet,
920 4306 1191 4378 quomodo
1245 4307 1533 4374 exstiterit,
1566 4307 1661 4360 sed
1689 4322 1809 4378 quae
1843 4307 1973 4360 sub-

400 4401 548 4463 jccta
584 4395 756 4463 ipsius
785 4397 1011 4451 materia
1044 4397 1229 4460 fuerit,
1261 4396 1405 4466 quod
1440 4398 1669 4452 multum
1705 4399 1878 4462 abest,
1913 4411 1972 4450 ut

402 4503 470 4552 ex
517 4487 877 4556 responsione
928 4496 1017 4548 tua
1070 4489 1324 4558 colligere
1364 4489 1590 4543 valeam.
1635 4488 1782 4543 Idem
1818 4489 1973 4542 nobis

2140 621 2330 696 [ἀλου
2353 618 2674 696 Βασιλείου
2692 619 2756 670 ἐκ
2775 618 2880 696 te}?
2903 620 3135 686 πρώτου
3156 621 3338 688 λόγου
3361 621 3473 676 τῶν
3487 618 3621 696 πρὸς

2139 693 2444 759 Εὐνόμιον
2469 690 2919 756 ἀντιῤῥητικῶν.

2142 824 2487 895 Εὑρίσκομεν
2513 825 2879 894 λογιζόμενοι,
2902 825 2984 878 ὅτι
3003 825 3102 877 οὐκ
3133 825 3191 875 έν
3212 827 3276 895 τῇ
3297 825 3388 879 τοῦ
3419 827 3469 881 τί
3492 831 3623 884 ὲστ”ν

2070 918 2422 985 ἀνερευνήσει
2453 919 2486 987 ἡ
2526 917 2619 969 τοῦ
2658 917 2950 986 ἀγεννήτου
2983 918 3112 986 ἡμῖν
3134 916 3308 970 ἔννοια
3331 919 3622 985 ὑποπίπτει,

2069 1007 2206 1074 ἀλλά
2259 1008 2459 1075 μᾶλλον
2492 1011 2548 1060 ὲν
2586 1011 2651 1078 τῇ
2696 1007 2788 1060 τοῦ
2819 1010 2952 1076 ὅπερ
2996 1008 3163 1062 ἐστίν.
3212 1008 3498 1072 Ἑξετάζων
3528 1011 3626 1080 γὰρ

2067 1099 2224 1170 ἡμῶν
2253 1101 2279 1152 6
2303 1099 2448 1163 νοῦς,
2470 1101 2517 1151 εί
2539 1101 2565 1152 6
2595 1101 2688 1152 ἐπὶ
2710 1100 2927 1152 πάντων
2949 1099 3078 1160 Θεὸς
3103 1099 3298 1152 ἑαυτοῦ
3319 1117 3437 1152 τινα
3463 1102 3627 1156 αἰτίαν

2068 1191 2470 1261 ὑπερκειμένην
2502 1192 2634 1261 ἔχει,
2668 1188 2789 1246 εἶτα
2819 1192 2878 1243 οὺ
2916 1192 3210 1258 δυνάμενος
3237 1193 3464 1243 ἐπινοεῖν
3489 1193 3625 1245 οὐδε-

2071 1281 2220 1349 μίαν,
2250 1281 2310 1333 τὸ
2342 1283 2577 1351 ἄναρχον
2609 1283 2709 1351 τῆς
2741 1281 2905 1336 αὑτοῦ
2937 1281 3105 1351 ζωῆςῖ
3139 1282 3427 1352 ἀγέννητον
3476 1299 3629 1352 προσ-

2065 1373 2384 1440 ηγόρευσεν.
2411 1373 2499 1436 Ὠς
2520 1373 2626 1442 γὰρ
2644 1375 2700 1425 ὲν
2721 1370 2830 1435 τοῖς
2855 1373 2984 1443 περὶ
3001 1373 3108 1426 τῶν
3129 1373 3226 1426 ἀνθ
3235 1373 3430 1442 ρώπων
3444 1372 3627 1442 λόγοις,

2069 1459 2196 1511 ὅταν
2232 1459 2500 1530 λέγωμεν,
2539 1460 2617 1513 ὅτι
2646 1462 2672 1511 6
2701 1459 2850 1514 δεῖνα
2880 1463 2943 1514 ὲκ
2967 1461 3120 1513 τοῦδε
3147 1463 3390 1530 γέγονεν,
3419 1460 3478 1514 οὐ
3505 1463 3561 1514 τὸ
3583 1463 3629 1515 τί

2067 1552 2212 1604 ἐστιν
2251 1553 2502 1615 ἑκάστου,
2535 1552 2668 1604 ἀλλά
2689 1552 2748 1605 τὸ
2768 1552 2890 1606 ὅθεν
2917 1553 3104 1619 γέγονε
3131 1552 3483 1620 διηγούμεθα,
3503 1553 3630 1606 οὓτω

2067 1646 2160 1697 καὶ
2205 1645 2262 1698 έν
2302 1645 2414 1706 τοῖς
2455 1645 2587 1714 περὶ
2611 1643 2746 1697 Θεοῦ
2794 1646 2826 1714 ἡ
2866 1644 3158 1714 ἀγέννητος
3197 1645 3435 1713 φωνὴού
3473 1645 3527 1696 τὸ
3567 1645 3632 1706 τί,

2069 1736 2203 1788 ἀλλὰ
2231 1735 2289 1787 τὸ
2318 1734 2634 1804 μηδαμόθεν
2661 1735 2824 1788 αὑτοῦ
2850 1736 3126 1804 σημαίνει.
3155 1735 3369 1788 Οὑτωσὶ
3396 1735 3437 1786 δ’
3463 1733 3526 1789 ἂν
3553 1752 3637 1788 σα-

2023 1855 2036 1898 μ
2070 1828 2352 1896 φέστερον,
2386 1827 2413 1881 6
2439 1828 2602 1898 λέγω,
2643 1833 2872 1897 γένοιτο.
2910 1829 2969 1882 Ὀ
3009 1825 3398 1896 ιύαγγελιστὴς
3429 1827 3633 1888 Λουκᾶς

2067 1917 2165 1989 τὴν
2201 1919 2340 1972 κατά
2375 1920 2552 1989 σάρκα
2580 1920 2932 1990 γενεαλογίαν
2969 1919 3061 1974 τοῦ
3097 1919 3233 1973 Θεοῦ
3276 1920 3369 1972 καὶ
3398 1920 3639 1988 Σωτῆρος

2068 2012 2226 2084 ἡμῶν
2294 2012 2467 2082 Ἰησοῦ
2522 2012 2756 2081 Χριστοῦ
2807 2013 3187 2082 ἐκτιθέμενος,
3243 2013 3338 2064 καὶ
3392 2011 3496 2064 ἀπὸ
3542 2011 3640 2062 τῶν

2068 2103 2391 2158 τελευταίων
2429 2105 2520 2157 ἐπὶ
2569 2107 2692 2167 τοὺς
2733 2105 2985 2174 πρώτους
3039 2103 3414 2168 ἀναποδίζων,
3453 2104 3644 2172 ἧρξατο

2074 2197 2172 2265 μὲν
2204 2196 2308 2248 ἀπὸ
2341 2196 2434 2249 τοῦ
2477 2195 2695 2266 Ἰωσὴφ,
2721 2195 2889 2248 είπὼν
2916 2195 2972 2248 δὲ
3001 2195 3190 2249 τοῦτον
3227 2195 3327 2264 μὲν
3365 2193 3455 2250 ⁸τοῦ
3507 2193 3640 2254 Ἠλὶ,

2068 2285 2159 2338 τὸν
2203 2286 2259 2339 δὲ
2292 2287 2383 2339 τοῦ
2431 2287 2677 2351 Ματθᾶν,
2719 2288 2816 2340 καὶ
2859 2285 3001 2339 οὕτω
3046 2287 3186 2339 κατὰ
3221 2285 3478 2338 ἀνάλυσιν
3519 2283 3642 2351 πρὸς

2073 2379 2164 2432 τὶν
2217 2379 2386 2449 Ἀδὰμ
2423 2379 2523 2448 τὴν
2559 2380 2822 2448 ἐξήγησιν
2858 2379 3166 2446 ἐπανάγων,
3201 2371 3328 2431 εἶτα
3358 2376 3523 2429 ἐλθὼν
3557 2375 3644 2426 ἐπὶ

2071 2471 2197 2532 τοὺς
2233 2469 2367 2535 ἀνω,
2401 2470 2494 2523 καὶ
2527 2469 2722 2534 εἰπὼν,
2759 2471 2840 2523 ὃτι
2872 2473 2899 2523 6
2928 2471 3034 2538 Σὴθ
3072 2472 3135 2522 ἐκ
3165 2469 3263 2522 τοῦ
3312 2469 3500 2534 ’Δδάμ,
3533 2471 3558 2518 6
3591 2465 3646 2522 ὁὶ

2073 2562 2218 2632 ἀδὰμ
2246 2564 2310 2616 ἐκ
2349 2561 2441 2615 τοῦ
2473 2560 2606 2631 Θεοῦ
2629 2601 2644 2628 ,
2685 2562 2920 2615 ἐνταῦθα
2955 2563 3055 2631 τῆς
3081 2562 3398 2621 ἀναϐάσεως
3430 2558 3642 2627 ἔληξεν,

2069 2653 2189 2722 οὐχὶ
2213 2653 2309 2714 τὰς
2335 2652 2521 2714 οὐσίας
2543 2653 2650 2705 τῶν
2673 2654 2783 2723 ἀπη
2791 2652 2879 2723 ριθ
2889 2670 2963 2722 μη
2979 2653 3154 2722 μένων
3182 2652 3360 2722 δηλῶν
3382 2653 3437 2704 ὲν
3457 2654 3521 2722 τῇ
3541 2651 3648 2718 ειη-υ

2069 2743 2231 2812 γήσει
2258 2741 2357 2808 τῆς
2387 2741 2620 2794 ἑκάστου
2649 2741 2934 2808 γενέσεως,
2964 2742 3101 2794 ἀλλὰ
3131 2741 3228 2804 τὰς
3259 2742 3539 2812 προσεχεῖς
3559 2741 3649 2808 ἀρ’

2075 2834 2174 2903 χάς
2197 2872 2212 2897 ,
2251 2832 2341 2907 ἀφέ
2373 2827 2440 2905 ἦς
2476 2833 2703 2896 ἕκαστος
2741 2834 2984 2902 γέγονεν,
3027 2834 3405 2903 ἐκτιθέμενος.
3445 2833 3649 2898 Ὠσπερ

2074 2919 2169 2978 οῦν
2192 2925 2396 2987 ἐκεῖνος
2423 2921 2596 2989 εἶπεν,
2623 2924 2703 2976 ὅτι
2727 2922 2900 2992 Ἀδὰμ
2923 2925 2986 2977 ὲκ
3007 2922 3101 2976 τοῦ
3125 2922 3286 2983 Θεοῦ,
3308 2921 3480 2982 οὕτως
3500 2921 3648 2988 ἡμεῖς

2071 3016 2294 3077 ἑαυτοὺς
2347 3016 2732 3085 ὲρωτήσωμεν,
2790 3015 2847 3068 '0
2887 3014 2943 3068 δὲ
2992 3013 3122 3076 Θεὸς
3166 3016 3232 3066 ὲκ
3282 3012 3465 3077 τίνος;
3509 3005 3651 3079 Ἀρι

2074 3107 2196 3175 οὐχὶ
2248 3107 2541 3176 πρόχειρόν
2587 3107 2734 3160 ἐστιν
2783 3109 2838 3160 ὲν
2891 3109 2956 3176 τῇ
3015 3107 3243 3160 ἑκάστου
3301 3103 3530 3173 διανοίᾳ,
3573 3103 3650 3160 ὅτι

2073 3201 2130 3267 ἐξ
2162 3201 2402 3266 οὑδενός;
2439 3199 2510 3252 Τὺ
2542 3199 2598 3252 6's
2635 3200 2693 3266 ἐξ
2727 3199 2939 3261 οὐδενὸς
2969 3199 3029 3252 τὸ
3057 3200 3296 3268 ἄναρχόν
3327 3200 3442 3250 ἐστι
3471 3195 3621 3264 δηλον

2071 3293 2186 3345 ότι·
2219 3291 2280 3345 τὸ
2310 3291 2366 3346 δὲ
2398 3292 2632 3361 ἄναρχον
2659 3291 2718 3342 τὸ
2745 3292 3057 3360 ἀγέννητον.
3101 3290 3186 3353 Ὠς
3209 3286 3304 3344 οὖν
3335 3290 3427 3342 ἐπὶ
3452 3286 3648 3356 ἀνθρὼ-

2074 3401 2191 3439 πων
2241 3384 2340 3437 οὐκ
2372 3379 2439 3454 ἦν
2461 3383 2618 3436 οὐσία
2649 3385 2706 3435 τὸ
2757 3383 2819 3435 ἐκ
2845 3370 3009 3447 τινος,
3051 3381 3220 3445 οὕτως
3262 3382 3386 3436 οὐδὲ
3435 3380 3528 3433 ἐπὶ
3564 3377 3652 3432 τοῦ

2073 3477 2208 3530 Θεοῦ
2235 3477 2343 3529 τῶν
2370 3475 2505 3529 ὅλων
2525 3474 2712 3528 οὐσίαν
2742 3475 2887 3526 ἐστὶν
2907 3475 3080 3526 εἰπεῖν
3104 3473 3165 3524 τὸ
3187 3473 3508 3541 ἀγέννητον.
3525 3472 3654 3538 ὅπερ

2075 3569 2191 3626 ίσον
2226 3570 2341 3621 ἐστὶ
2375 3567 2453 3636 τῷ
2483 3569 2540 3632 ἐξ
2575 3565 2808 3629 οὐδενός.
2851 3564 2908 3618 Ὀ
2933 3565 2990 3617 δὲ
3019 3565 3078 3617 τὸ
3105 3565 3346 3635 ἄναρχον
3377 3563 3558 3617 οὐσίαν
3582 3555 3656 3612 εἷ-

2072 3675 2166 3714 ναι.
2187 3658 2775 3730 λέγων-παραπλήσιον
2802 3658 2964 3723 ποιεῖ,
2997 3655 3185 3728 ὥσπερ
3219 3657 3287 3713 ἂν
3320 3657 3376 3711 εἴ
3406 3657 3490 3718 τίς
3524 3658 3654 3724 ἐρωο

2071 3751 2317 3820 τώμενος
2352 3749 2434 3814 τίς
2476 3753 2510 3820 ἡ
2554 3750 2646 3806 τοῦ
2705 3751 2878 3820 Ἀδὰμ
2921 3750 3098 3814 οὐσία,
3144 3749 3240 3804 καὶ
3289 3749 3379 3812 τίς
3420 3749 3456 3817 ἡ
3500 3746 3656 3814 φύσις

2074 3841 2256 3912 αὐτῷς
2305 3840 2366 3894 '0
2398 3841 2454 3892 δὲ
2485 3840 2833 3910 ἀποκρίνοιτο
2865 3839 2923 3892 τὸ
2960 3838 3035 3908 μὴ
3070 3841 3132 3891 ἐκ
3164 3836 3514 3906 συνδυασμοῦ
3562 3836 3656 3887 ἀν-

2072 3933 2197 4002 δρὸς
2243 3931 2336 3984 καὶ
2374 3929 2651 3998 γυναικὸς,
2702 3929 2815 3982 ἀλλ’
2867 3930 2933 3983 ὲκ
2975 3929 3071 3998 τῆς
3122 3926 3273 3991 Θείας
3317 3927 3499 3999 χειρὸς
3548 3926 3657 3980 δια·

2076 4023 2404 4092 πλασθῆναι.
2448 4020 2587 4074 Ἀλλ’
2613 4021 2733 4090 οὐχ).
2761 4020 2958 4089 τρόπον
2980 4023 3076 4088 τῆς
3109 4020 3464 4082 ὑποστάσεως
3491 4017 3655 4086 ζητῶ,

2075 4114 2302 4182 φήσειεν
2337 4111 2403 4165 ἄν
2429 4128 2538 4175 τις,
2571 4108 2686 4163 ἀλλ’
2723 4106 2889 4161 αὐτοῦ
2927 4108 3019 4159 τοῦ
3055 4104 3346 4176 ἀνθρώπου
3380 4106 3439 4158 τὸ
3480 4103 3655 4156 ὑλικὸν

2076 4201 2440 4270 ὑποκείμενον
2463 4240 2478 4265 ,
2516 4199 2543 4251 ὃ
2575 4197 2768 4250 πολλοῦ
2799 4197 2903 4249 δέω
2939 4195 3233 4268 μανθάνειν
3268 4194 3359 4246 διὰ
3393 4193 3494 4261 τῆς
3526 4192 3657 4244 ἀπο-

2072 4293 2322 4362 κρίσεως.
2373 4289 2542 4344 Τοῦτο
2576 4289 2632 4342 δὲ
2667 4290 2760 4343 καὶ
2800 4289 2930 4358 ἡμῖν
2981 4287 3269 4357 συμϐαίνει
3328 4287 3392 4338 ἐκ
3437 4286 3529 4354 τῆς
3569 4281 3656 4334 τοῦ

2079 4386 2378 4452 ἀγεννήτου
2425 4382 2610 4452 φωνῆς
2656 4381 2715 4434 τὸ
2765 4382 2881 4442 πῶς
2924 4380 3018 4434 τοῦ
3069 4380 3201 4432 Θεοῦ
3248 4380 3454 4449 μᾶλλον
3498 4377 3529 4448 ἦ
3573 4377 3662 4429 αὑ·

2077 4475 2176 4544 τὴν
2202 4474 2298 4545 τὴν
2323 4475 2481 4542 φύσιν
2503 4472 2934 4541 διδασκομένοις.
2970 4470 3114 4538 Ἐγὼ
3145 4470 3242 4539 μὲν
3274 4471 3388 4540 γὰρ
3422 4469 3552 4540 ὁρῶ,
3583 4467 3674 4529 ὅτι

401 4595 469 4634 ex
521 4580 622 4634 hac
670 4593 804 4635 voce
843 4577 1110 4648 ingenitus
1138 4621 1151 4644 ,
1197 4579 1484 4650 contingit.
1537 4579 1614 4634 Ex
1647 4597 1709 4634 ea
1740 4597 1972 4650 namque

2080 4568 2270 4636 ὥσπερ
2295 4568 2406 4626 τοῖς
2435 4566 2825 4636 ἐπερχομένοις
2850 4562 3008 4617 αίῶσι
3036 4563 3132 4634 τὴν
3157 4563 3400 4615 διάνοιαν
3427 4558 3665 4614 ἐπεκτείο

403 4672 675 4740 quomodo
703 4672 774 4740 sit
801 4672 1004 4741 potius,
1040 4687 1200 4744 quam
1258 4671 1374 4740 ejus
1416 4680 1667 4725 naturam
1700 4671 1978 4737 discimus.

411 4764 577 4824 Video
625 4764 775 4831 enim
822 4779 947 4828 nos,
978 4763 1442 4834 quemadmodum
1491 4763 1537 4816 si
1564 4764 1764 4818 mentis
1811 4765 1981 4818 aciem

403 4853 469 4905 ad
503 4861 728 4906 ventura
759 4852 952 4912 saecula
993 4852 1313 4922 dirigamus,
1350 4851 1516 4906 vitam
1559 4866 1678 4927 qua:
1703 4851 1849 4904 nullo
1880 4852 1983 4906 (ine

404 4944 688 5009 terminata
717 4943 806 5006 sit,
835 4943 1097 4996 infinitam
1117 4941 1372 5014 dicimus,
1407 4942 1480 4994 ita
1501 4941 1543 4995 si
1574 4941 1898 5010 cogitatione
1917 4943 1982 4997 ad

407 5035 691 5104 superiora
714 5033 908 5088 saecula
937 5035 1387 5100 conscendamus,
1413 5043 1467 5088 et
1495 5032 1820 5087 inﬁnitatem
1855 5034 1977 5088 vitae

410 5128 506 5182 Dei
542 5139 799 5196 tanquam
834 5127 1161 5192 immensum
1193 5128 1467 5196 quoddam
1503 5127 1726 5197 pelagus
1762 5127 1979 5180 intuen-

412 5230 514 5282 tes,
547 5217 759 5270 nullum
784 5213 1135 5285 principium,
1159 5231 1226 5270 ex
1254 5231 1361 5287 quo
1390 5231 1512 5271 esse
1541 5214 1796 5285 coeperit,
1827 5229 1984 5284 repe-

411 5315 519 5366 rire
562 5312 855 5384 possimus,
885 5309 981 5367 sed
1035 5311 1129 5364 Dei
1163 5311 1328 5365 vitam
1366 5314 1523 5366 ultra
1553 5327 1717 5388 quam
1765 5309 1986 5381 cogitari

411 5408 604 5472 :msit,
636 5422 851 5476 semper
887 5405 1245 5459 excedentem
1287 5403 1813 5468 animadvertamus,
1856 5399 1988 5455 illud

412 5502 582 5565 ipsius
613 5499 736 5553 vitae
795 5499 1064 5569 principio
1093 5511 1296 5552 vacans
1327 5495 1632 5566 ingenitum
1681 5491 1984 5562 appellare.

413 5592 485 5649 Ea
519 5590 661 5645 enim
694 5591 920 5661 ingeniti
953 5591 1036 5645 vis
1069 5603 1174 5657 εει,
1212 5597 1272 5645 ιιι
1298 5605 1364 5646 ex
1417 5587 1567 5644 nullo
1597 5586 1866 5657 signiticet
1895 5585 1988 5639 ita-

412 5683 544 5746 tit-re
575 5682 901 5754 principium
929 5675 1251 5743 exsistendi‘l

2084 4679 2266 4724 νοντες
2287 4701 2300 4724 ,
2343 4659 2702 4730 ἀτελεύτητον
2735 4659 2966 4728 λέγομεν
3001 4657 3095 4712 τὸν
3129 4656 3304 4709 οὐδενὶ
3339 4654 3536 4724 πέρατι
3569 4652 3660 4720 τὴν

2086 4753 2232 4822 ζωὴν
2283 4750 2620 4820 ὁριζόμενον,
2666 4748 2806 4802 οὕτω
2849 4749 2941 4802 καὶ
2971 4750 3050 4803 εἰς
3079 4747 3137 4800 τὸ
3161 4747 3283 4813 ,ἄνω
3312 4746 3424 4798 τῶν
3460 4741 3663 4796 αἰώνων

2083 4846 2194 4908 τοῖς
2224 4843 2500 4911 λογισμοῖς
2527 4839 2928 4901 ἀναϐαίνοντες,
2956 4838 3054 4891 καὶ
3086 4833 3197 4890 οἷον
3235 4835 3316 4898 εἷς
3349 4853 3402 4887 τι
3436 4834 3664 4898 πέλαγος

2084 4937 2280 5006 ἀχανὲς
2308 4936 2398 4988 ἐπὶ
2418 4935 2476 5000 τὸ
2501 4936 2726 5004 ἄπειρον
2753 4932 2851 5002 τῆς
2881 4929 2973 4983 τοῦ
3005 4927 3138 4983 Θεοῦ
3171 4929 3319 4997 ζωῆς
3345 4926 3666 4980 διακόπτον-

2083 5015 2194 5095 τες,
2226 5026 2345 5081 οὐδὲ
2378 5027 2507 5093 μιᾶς
2533 5026 2728 5096 ἀρχῆς,
2754 5022 2847 5093 ἀφ’
2873 5016 2940 5092 ἧς
2973 5020 3186 5092 γέγονε,
3215 5017 3482 5072 λαϐέσθαι
3511 5013 3664 5069 δυνάο

2089 5137 2259 5191 μενοι,
2291 5117 2425 5172 ἀλλὰ
2450 5117 2543 5170 τοῦ
2580 5117 2868 5185 νοουμένου
2907 5112 3175 5184 έξωτέραν
3209 5111 3318 5177 ἀεὶ,
3359 5110 3459 5163 καῒ
3505 5110 3665 5176 ὑπερ·

2087 5211 2460 5271 εκπίπτουσαν
2506 5207 2600 5260 τοῦ
2648 5207 2783 5259 Θεοῦ
2835 5205 2933 5274 τὴν
2969 5203 3112 5273 ζωὴν
3147 5200 3479 5265 ἐννοοῦντες,
3515 5199 3664 5258 τοῦτο

2086 5302 2147 5354 τὸ
2172 5303 2406 5371 ἄναρχον
2429 5304 2525 5368 τῆς
2546 5298 2692 5366 ζωῆς
2711 5296 3003 5366 ἀγέννητον
3024 5293 3496 5364 προσειρήκαμεν.
3519 5288 3661 5360 Αὕτη

2088 5395 2197 5466 γὰρ
2227 5395 2320 5447 τοῦ
2361 5393 2653 5462 ἀγεννήτου
2695 5391 2728 5460 ἡ
2769 5389 2979 5455 ἔννοια,
3011 5386 3072 5439 τὺ
3105 5385 3180 5457 μὴ
3215 5387 3364 5468 ἔχειν
3401 5382 3661 5454 ἑτέρωθεν

2088 5485 2186 5556 τὴν
2225 5485 2398 5558 ἀρχὴν
2428 5483 2522 5538 τοῦ
2552 5479 2691 5536 εἶναι
2720 5480 2887 5553 δηλοῖ.
