4026 6290
362 274 468 339 5θ3

1572 278 1961 345 ΕΗΤΗΥΜΙΙ
2000 280 2364 355 ZIGABENI

3494 285 3590 347 504

365 411 563 465 horreo
610 405 1037 476 blasphemiam,
1068 419 1230 477 quam
1272 404 1469 474 cuique
1513 404 1670 459 facile
1724 413 1806 459 est
1847 404 1932 459 in-

2043 400 2183 453 Ἀλλ’
2207 399 2317 468 ἐγὼ
2348 398 2445 470 μὲν
2472 398 2632 454 πάλιν
2670 397 2886 470 φρίσσω
2912 398 3010 471 τὴν
3038 398 3382 472 βλασφημίαν
3402 420 3415 434 ο
3442 408 3587 460 παντὶ

365 503 624 578 telligere.
663 499 796 559 Nam
823 502 869 556 si
904 500 1101 555 nullam
1134 499 1297 554 habet
1326 499 1784 568 comparationem
1807 514 1929 555 cum

366 592 546 659 Patre,
586 593 860 663 quomodo
901 592 1113 646 dicebat
1155 588 1403 663 Philippo
1436 603 1452 644 :
1487 589 1656 645 Tanto
1702 602 1932 658 tempore

366 676 624 734 vobiscum
674 692 813 740 sum,
871 686 918 729 et
969 692 1073 729 non
1110 675 1289 730 vidisti
1327 692 1447 740 me,
1494 674 1733 747 Philippe
1854 675 1869 705 '
1907 675 1931 730 Ἰ

365 777 451 831 et,
482 767 583 834 Qui
629 768 763 822 videt
805 784 884 821 nte
905 807 918 832 ,
952 768 1087 821 uidet
1126 783 1245 821 eum
1270 768 1362 837 qui
1407 770 1549 822 misit
1574 785 1656 824 me
1700 764 1719 791 ³
1746 768 1770 822 2
1795 767 1928 824 Nam

364 877 486 915 eum
512 860 603 931 qui
631 875 729 915 nec
749 858 1207 930 comparationem
1229 860 1457 930 suscipit
1486 875 1584 916 nec
1608 861 1772 917 ullam
1806 876 1928 917 cum

364 949 501 1007 Filio
530 951 959 1009 communionem
999 951 1196 1019 habet,
1226 954 1499 1021 quomodo
1531 954 1584 1008 in
1624 954 1800 1024 seipso
1833 953 1928 1009 Fi-

366 1044 470 1098 lius
510 1042 796 1098 ostendere
842 1040 1139 1111 potuisset?
1180 1040 1292 1097 Nec
1337 1042 1484 1098 enim
1534 1057 1631 1112 per
1673 1043 1932 1100 dissimile

366 1145 459 1189 aut
490 1134 727 1189 alienum
768 1132 1149 1203 comprehendi
1190 1142 1368 1205 potest
1414 1136 1560 1206 quod
1605 1135 1927 1206 ignoratur:

366 1227 459 1282 sed
486 1242 553 1282 ex
577 1224 718 1279 amni
746 1221 904 1281 aliine
928 1224 1065 1281 solet
1093 1228 1368 1297 cognosci.
1414 1225 1507 1282 Sic
1552 1227 1606 1282 in
1637 1227 1813 1296 sigillo
1848 1229 1931 1282 in-

366 1318 595 1389 spicitur
630 1314 745 1387 ejus
768 1317 861 1387 qui
897 1332 956 1373 se
981 1317 1255 1386 impressit
1279 1316 1501 1388 eﬂigies,
1529 1329 1586 1374 et
1616 1335 1711 1388 per
1737 1321 1930 1389 imagi-

366 1426 487 1467 nem
534 1411 815 1481 exemplar
852 1412 1220 1481 cognoscitur,
1262 1412 1308 1467 si
1349 1413 1600 1467 videlicet
1646 1427 1931 1483 compare-

367 1518 488 1559 mus
519 1519 617 1561 nos
640 1519 760 1559 eam
784 1518 903 1560 aute
934 1504 985 1559 in
1019 1512 1249 1563 utrouue
1279 1515 1365 1561 est
1393 1504 1754 1561 identitatcm.

567 1675 745 1745 Quare
774 1676 875 1730 hac
909 1689 1014 1729 una
1050 1676 1377 1747 blasphemia
1413 1692 1572 1734 voces
1604 1690 1793 1733 omnes
1812 1692 1935 1749 quse
1965 1683 2007 1739 Β

368 1782 395 1822 a
438 1768 642 1837 Spiritu
676 1778 866 1823 sancto
892 1767 958 1821 ad
998 1768 1450 1840 gloriﬁcationetn
1501 1768 1774 1841 Unigeniti
1817 1779 1934 1824 tra-

368 1858 491 1913 ditae
508 1869 655 1922 sunt,
676 1858 1055 1933 reprobantur.
1074 1859 1141 1914 Et
1155 1858 1372 1929 quidem
1386 1859 1735 1931 Evangelium
1752 1861 1933 1928 docet,

368 1950 509 2018 quod
538 1947 690 2003 Hunc
724 1948 887 2004 Pater
915 1951 1142 2020 signavit
1349 1949 1487 2009 Deus
1533 1956 1556 1988 ³
1595 1967 1610 2005 :
1645 1951 1937 2023 Apostolus

367 2053 496 2093 vero
540 2038 614 2093 ait
651 2057 664 2093 :
700 2038 805 2106 Qui
827 2051 902 2094 est
941 2040 1114 2109 imago
1158 2039 1255 2094 Dei
1297 2040 1570 2097 invisibilis
1613 2036 1668 2098 ⁵.
1714 2040 1936 2113 Imago,

368 2145 474 2184 non
503 2129 818 2195 lnanimata,
860 2146 1040 2200 neque
1073 2146 1232 2185 manu
1261 2130 1562 2197 elaborata,
1596 2147 1773 2206 neque
1799 2136 1938 2192 artis

365 2232 461 2278 aut
484 2222 757 2277 industriae
782 2237 917 2292 opus
942 2240 956 2278 :
986 2222 1080 2279 sed
1122 2222 1300 2295 imago
1331 2223 1474 2292 viva,
1503 2225 1613 2282 imo
1639 2240 1790 2290 vero.
1820 2228 1935 2299 ipsa

367 2325 464 2379 per
477 2325 534 2366 se
552 2312 680 2376 vita,
700 2326 802 2366 non
830 2311 880 2367 in
901 2311 1084 2382 ﬁgura:
1098 2312 1473 2379 similitudine.
1496 2315 1593 2371 sed
1612 2328 1733 2388 qua:
1747 2317 1798 2373 in
1819 2318 1935 2390 ipsa

367 2401 670 2457 substantia
684 2402 1090 2458 similitudinem
1107 2401 1558 2462 dissimilitudinis
1568 2406 1941 2479 cujuscunque

366 2499 640 2559 expertem
684 2506 899 2562 semper
942 2492 1158 2548 retinet.
1184 2492 1296 2564 Ego
1323 2494 1469 2551 enim
1492 2496 1647 2565 illud,
1674 2501 1731 2554 in
1759 2503 1936 2569 fama

369 2581 463 2636 Dei
486 2600 593 2638 esse
627 2583 647 2615 '
670 2623 686 2646 .
713 2583 852 2638 idem
884 2582 1066 2639 valere
1096 2582 1241 2652 dico,
1275 2587 1420 2656 quod
1457 2588 1581 2656 hoc,
1603 2589 1660 2643 in
1688 2592 1936 2647 substan-

367 2678 446 2731 tia
485 2676 579 2731 Dei
608 2693 740 2731 esse.
763 2676 918 2733 Sicut
952 2677 1096 2732 enim
1128 2676 1288 2745 illud,
1321 2677 1549 2748 {omnes
1588 2684 1936 2751 assumpsisse

365 2768 498 2820 servi
548 2769 597 2827 '.
630 2767 908 2836 signiﬁcat
932 2766 1218 2823 Dominum
1268 2778 1512 2823 nostrum
1542 2770 1594 2825 in
1630 2773 1932 2829 subeuntia

369 2858 616 2911 Iunnaua:
669 2868 874 2913 natura:
934 2870 1118 2913 natum
1163 2874 1327 2914 esse:
1374 2861 1448 2916 ita
1502 2863 1665 2918 etiam
1720 2865 1844 2930 hoc,
1878 2868 1934 2921 in

370 2954 543 3020 forma
566 2950 667 3003 Dei
690 2968 821 3015 esse,
858 2966 1080 3020 prorsus
1107 2950 1302 3005 divina:
1343 2950 1659 3006 substantia:
1687 2951 1929 3018 proer-

369 3051 534 3097 tatcm
556 3042 801 3096 exhibet.
834 3041 938 3106 Qui
964 3041 1091 3095 vidit
1127 3057 1228 3105 me,
1256 3039 1448 3110 inquit,
1486 3040 1618 3093 vidit
1647 3037 1855 3097 Patrem
1882 3038 1932 3097 ’.

369 3133 465 3187 llic
487 3143 667 3188 autem
692 3133 923 3189 alienum
948 3148 978 3186 a
1021 3132 1182 3187 Patre
1212 3130 1567 3201 Unigenitum
1605 3130 1829 3197 faciens,
1870 3144 1935 3186 ac

367 3239 592 3293 prorsus
638 3224 954 3280 rescindens
987 3223 1055 3277 ab
1106 3224 1222 3291 ejus
1268 3223 1554 3288 societate,
1607 3220 1935 3292 cognitionis

365 3331 650 3371 ascensum
679 3316 772 3385 qui
821 3330 919 3386 per
950 3315 1124 3385 ipsum
1172 3314 1252 3380 tit,
1300 3322 1559 3382 quantum
1592 3313 1644 3366 in
1682 3313 1799 3382 ipso
1829 3320 1932 3379 est,

366 3408 658 3467 abscindit.
697 3408 1032 3475 Quwcunque
1078 3407 1232 3459 habet
1276 3407 1458 3473 Pater,
1511 3422 1625 3460 mea
1659 3416 1801 3471 sunt,
1852 3405 1936 3461 in-

365 3502 484 3569 quit
510 3498 767 3553 Dominus
808 3494 855 3551 '.
885 3497 957 3551 At
988 3494 1286 3551 Eunomius
1337 3497 1770 3551 communionem
1811 3495 1933 3550 nul-

365 3595 470 3645 lam
499 3606 618 3646 esse
651 3593 726 3645 ait
760 3589 905 3645 Patri
934 3605 1056 3644 cum
1087 3604 1153 3643 eo
1184 3589 1274 3659 qui
1307 3604 1372 3644 ex
1407 3589 1522 3659 ipso
1551 3596 1655 3644 est.
1678 3588 1763 3653 Et,
1789 3585 1933 3644 Sicut

369 3684 534 3737 Pater
563 3684 619 3736 in
657 3683 825 3752 seipso
856 3683 1015 3737 vitam
1035 3680 1216 3749 habet,
1240 3681 1315 3735 sie
1345 3680 1488 3735 dedit
1514 3689 1564 3735 et
1605 3679 1751 3734 Filio
1772 3681 1933 3734 vitam

365 3776 557 3830 habere
581 3774 638 3827 in
666 3772 944 3842 semetipso
1000 3768 1045 3830 '.
1079 3770 1194 3827 Hoc
1224 3785 1413 3826 sumus
1437 3771 1504 3827 ab
1539 3770 1654 3842 ipso
1708 3771 1935 3826 Domino

363 3866 588 3921 edocti:
636 3864 706 3920 ab
749 3862 1016 3920 Eunomia
1071 3877 1200 3919 vero
1249 3861 1415 3933 quid?
1449 3858 1693 3933 Nempe,
1731 3861 1932 3916 nullam

363 3972 485 4013 esse
526 3955 994 4027 comparationem
1048 3953 1214 4025 geniti
1256 3968 1381 4009 cum
1427 3952 1690 4024 genitore.
1726 3953 1794 4009 Et
1826 3967 1936 4008 uno

363 4051 552 4116 verbo,
590 4058 648 4104 ut
677 4048 934 4121 imaginis
964 4047 1230 4104 rationem
1265 4047 1367 4102 hac
1392 4046 1553 4103 unica
1604 4060 1740 4102 voce
1774 4045 1932 4109 tollit.

364 4142 438 4194 ita
474 4137 820 4211 splendorem
864 4152 929 4192 ac
977 4136 1348 4192 characterem
1377 4148 1498 4191 esse
1545 4135 1862 4190 substantia:
1892 4130 1936 4164 ¹⁰

367 4241 549 4302 negat.
598 4228 786 4302 Neque
829 4228 975 4287 enim
1022 4227 1136 4282 ﬁeri
1182 4235 1379 4295 potest,
1416 4237 1476 4283 ut
1522 4226 1808 4298 imaginem
1856 4228 1935 4282 in-

1953 2988 1997 3047 c
2022 2960 2081 3016 δὲ
2115 2960 2210 3013 καὶ
2244 2960 2327 3022 τὸ,
2350 2958 2419 3012 ἐν

2034 489 2089 543 δὲ
2119 489 2345 542 συνιδεῖν
2378 489 2576 561 ῥᾴδιον.
2613 490 2677 543 Εἰ
2715 489 2822 560 γὰρ
2858 490 3126 562 μηδεμίαν
3168 491 3448 564 σύγκρισιν
3489 497 3593 566 ἔχει

2032 580 2168 652 πρὸς
2205 579 2295 633 τὸν
2323 580 2565 652 Πατέρα,
2600 580 2718 645 πῶς
2755 580 2908 649 ελεγι
2958 581 3037 653 τῷ
3063 583 3313 656 Φιλίππῳ
3335 602 3349 615 ’
3391 589 3595 649 Τοσοῦ-

2032 690 2139 729 τον
2166 674 2389 743 χρόνον
2416 673 2544 742 μεθ’
2578 671 2742 740 ὑμῶν
2778 674 2917 742 ειμι,
2952 676 3050 729 καὶ
3086 677 3200 746 οὐχ
3228 675 3485 747 ἑώρακάς
3504 700 3594 750 με.

2032 766 2289 820 Φίλιππε
2309 779 2330 828 ;
2372 764 2497 825 καὶ,
2553 763 2615 815 '0
2664 761 2896 832 θεωρῶν
2939 764 3045 834 ἐμὲ
3089 767 3294 834 θεωρεῖ
3324 767 3429 822 τὸν
3463 770 3598 840 πὲμο

2030 854 2233 926 grav-td
2256 870 2372 925 pe;
2400 854 2505 908 Τὸν
2528 855 2635 926 γάρ
2674 856 2808 926 μήτε
2985 855 3271 927 σύγκρισιν
3302 860 3600 933 ὲπιδεχόμε·

2031 964 2140 1011 νον,
2194 948 2327 1017 μήτε
2373 947 2654 1001 κοινωνίαν
2701 948 2822 1002 τινά
2866 949 3001 1021 πρὸς
3051 950 3213 1004 αὐτὸν
3253 952 3596 1023 κεκτημένον,

2032 1040 2150 1103 πῶς
2183 1038 2248 1093 ἂν
2292 1037 2489 1102 ἔδειξεν
2530 1041 2585 1092 ἐν
2629 1039 2805 1109 ἐαυτῷ
2852 1042 2879 1093 ὁ
2912 1040 3078 1105 Υίὸςς
3124 1043 3197 1094 Οὐ
3241 1042 3349 1114 γὰρ
3385 1043 3471 1097 διὰ
3510 1046 3599 1101 τοῦ

2031 1130 2285 1203 ἀνομοίου
2322 1131 2414 1183 καὶ
2448 1130 2727 1202 ἀλλοτρίου
2764 1132 3108 1205 καταληπτόν
3142 1136 3259 1188 ἐστι
3289 1136 3350 1189 τὸ
3381 1137 3600 1205 ἀγνοού-

2036 1239 2221 1294 μενον·
2259 1221 2395 1275 ἁλλά
2432 1222 2509 1293 τῷ
2548 1223 2734 1295 οἰκείῳ
2774 1225 2987 1294 πέφυκε
3026 1226 3087 1281 τὸ
3122 1229 3320 1280 οἰκειον
3359 1230 3603 1299 ἐπιγινὼ-

2034 1314 2279 1368 σκεσθαι.
2335 1313 2520 1378 Οὕτως
2567 1315 2626 1366 ὲν
2674 1314 2772 1385 μὲν
2804 1315 2882 1391 τῷ
3065 1317 3548 1388 ἀποσφραγίσματι
3575 1322 3604 1375 s

2031 1403 2127 1456 τοῦ
2151 1402 2501 1466 τυπώσαντος
2539 1404 2828 1475 χαρακτὴρ
2864 1404 3197 1477 καθορᾶται·
3226 1407 3294 1461 δι’
3324 1407 3526 1472 εἰκόνος
3550 1408 3604 1464 st

2032 1496 2066 1565 ἡ
2093 1495 2294 1563 γνῶσις
2316 1493 2410 1547 τοῦ
2436 1494 2744 1567 ἀρχετύπου
2767 1496 3007 1565 γίνεται,
3038 1499 3438 1569 συγκρινόντων
3458 1500 3607 1571 ἡμῶν

2030 1585 2272 1659 δηλονότι
2302 1586 2400 1657 τὴν
2428 1588 2484 1639 ὲν
2511 1587 2759 1657 ἑκατέρῳ
2787 1587 3113 1659 ταύτότητα.

2234 1679 2399 1733 Ὥστε
2424 1678 2511 1734 διὰ
2538 1682 2669 1750 μιᾶς
2690 1680 2895 1752 ταύτης
2922 1678 3269 1752 βλασφημίας
3291 1683 3468 1747 πάσας
3494 1680 3606 1735 d0:-

2031 1772 2241 1827 τεϊσθαι
2271 1771 2371 1834 τάς
2413 1771 2598 1840 φωνὰς
2630 1770 2727 1835 τὰς
2768 1772 2919 1841 παρά
2953 1771 3047 1825 τοῦ
3095 1772 3253 1841 ἁγίου
3299 1773 3607 1845 Πνεύματος

2033 1866 2115 1928 είς
2158 1863 2258 1935 τὴν
2306 1860 2400 1915 τοῦ
2443 1861 2781 1931 Μονογενοῦς
2832 1861 3136 1931 δοξολογίαν
3178 1865 3606 1935 τιαραδοθείσαςι

2036 1953 2131 2010 τοῦ
2165 1954 2265 2026 μὲν
2298 1953 2632 2022 Εὐαγγελίου
2660 1950 3003 2018 διδάσκοντος
3036 1954 3139 2018 ὅτι,
3182 1955 3405 2010 Τοῦτον
3430 1960 3464 2011 ὀ
3498 1960 3611 2011 11a-

2036 2045 2147 2117 tiu)
2176 2045 2546 2116 ἐσφράγισεν
2573 2048 2606 2099 ὀ
2635 2044 2815 2111 Θεόςο
2864 2042 2961 2098 τοῦ
3001 2045 3059 2098 δι
3116 2045 3475 2102 ’Δποστόλουο
3510 2050 3611 2116 ὀς

2034 2139 2207 2194 ἐστιν
2250 2137 2430 2192 εἰκὼν
2476 2136 2583 2192 τοῦ
2625 2135 2775 2213 Θεοῦ
2827 2135 2934 2192 τοῦ
2966 2136 3243 2205 ἀοράτου.
3295 2138 3474 2195 Εἰκὼν
3515 2143 3612 2196 οὐκ

2035 2230 2262 2302 ἄψυχος,
2286 2229 2409 2283 οὐδὲ
2430 2226 2795 2299 χειρόκμητος
2835 2266 2853 2290 ,
2980 2228 3101 2281 οὐδὲ
3120 2228 3321 2300 τέχνης
3342 2230 3499 2301 ἔργον
3521 2236 3611 2286 καὶ

2034 2322 2295 2389 ἐπινοίαςο
2325 2320 2462 2376 ἀλλά
2490 2319 2654 2373 εἰκὼν
2682 2317 2852 2385 ζῶσα,
2878 2318 3081 2389 μᾶλλον
3106 2320 3162 2373 δὲ
3187 2321 3458 2378 αὐτοοῦσα
3481 2321 3609 2395 ζωὴ,

2032 2411 2136 2467 οὐκ
2162 2413 2220 2466 ἐν
2255 2413 2531 2484 σχήματος
2553 2408 2851 2482 ὁμοιότητι,
2882 2408 2995 2464 ἀλλ’
3037 2413 3096 2464 ὲν
3122 2411 3259 2483 αὐτῇ
3286 2415 3355 2484 τῇ
3381 2414 3535 2484 οὐσίᾳ
3554 2415 3610 2467 τὸ

2034 2502 2452 2575 ἀπαράλλακτον
2622 2500 2710 2554 ἀεὶ
2730 2498 3084 2566 διασώζουσα.
3126 2501 3265 2571 Ἐγὼ
3286 2505 3399 2575 γὰρ
3421 2505 3512 2558 καὶ
3532 2505 3607 2564 τὸ.

2030 2594 2103 2649 ἐν
2138 2592 2341 2664 μορφῇ
2389 2593 2537 2648 Θεοῦ
2582 2591 2913 2662 ὑπάρχειν,
2957 2592 3069 2647 ἴσον
3111 2594 3376 2649 δύνασθαι
3409 2596 3507 2667 τῷ,
3545 2596 3612 2650 ὲν

2032 2688 2216 2754 οὐσίᾳ
2244 2685 2391 2742 Θεοῦ
2416 2683 2729 2755 ὑπάρχειν,
2777 2683 2943 2755 φημί.
2988 2684 3076 2748 Ὣς
3104 2684 3213 2755 γὰρ
3254 2686 3341 2749 τὸ,
3375 2686 3611 2755 μορφὴν

2032 2777 2423 2847 ἀνειληφέναι
2447 2776 2697 2838 δούλου,
2745 2775 2803 2828 ὲν
2837 2777 2901 2846 τῇ
2936 2774 3095 2847 οὐσίᾳ
3133 2776 3231 2847 τῆς
3257 2776 3610 2850 ἁνθρωπότη.

2032 2891 2126 2939 τος
2168 2871 2260 2925 τὸν
2294 2868 2497 2940 Κύριον
2532 2867 2689 2938 ἡμῶν
2736 2867 3093 2937 γεγεννῆσθαι
3134 2870 3427 2938 σημαίνει·
3477 2869 3613 2924 οὕτω

2599 2955 2801 3027 μορφῇ
2832 2957 2979 3013 Θεοῦ
3001 2954 3321 3024 ὑπάρχειν,
3348 2955 3450 3026 τῆς
3472 2953 3617 3016 θείας

2023 3051 2213 3114 οὐσίας
2245 3050 2542 3123 παρίστησι
2573 3048 2789 3112 πάντως
2814 3048 2913 3119 τὴν
2951 3047 3208 3117 ἰδιότητα.
3246 3046 3303 3097 '0
3348 3042 3613 3114 ἑωρακὼς

2025 3142 2150 3209 ἐμὲ,
2181 3140 2366 3210 φησὶν,
2396 3137 2617 3206 ἑώρακε
2638 3139 2744 3191 τὸν
2768 3135 3020 3204 Πατέρα.
3044 3130 3211 3196 Οὗτος
3231 3133 3289 3186 δὲ
3320 3128 3612 3203 ἀλλοτριῶν

2026 3232 2121 3285 τοῦ
2154 3230 2367 3300 Πατρὸς
2395 3229 2486 3283 τὸν
2512 3228 2813 3296 Μονογενῆ,
2844 3226 2938 3280 καὶ
2978 3223 3259 3287 παντελῶς
3304 3222 3613 3292 ἀποσχίζων

2028 3323 2129 3395 τῆς
2172 3322 2311 3394 πρὸς
2348 3320 2510 3375 αὐτὸν
2550 3318 2850 3382 κοινωνίας,
2890 3317 2987 3388 τὴν
3025 3317 3091 3369 δι’
3114 3315 3277 3369 αὐτοῦ
3320 3317 3612 3384 γενομένην

2029 3418 2130 3487 τῆς
2155 3414 2408 3484 γνώσεως
2439 3411 2645 3475 ἄνοδον,
2678 3409 2740 3463 τὸ
2767 3410 2888 3462 ὅσον
2933 3408 3021 3460 ἐπ’
3063 3405 3211 3476 αύτῷ
3253 3440 3270 3464 ,
3432 3402 3611 3457 διακό-

2031 3522 2176 3560 πτει.
2208 3502 2411 3557 Πάντα
2442 3500 2560 3554 ὅσα
2590 3501 2713 3569 ἕχει
2748 3501 2780 3552 ό
2807 3494 3030 3565 Πατὴρ,
3067 3494 3182 3565 ἐμά
3215 3495 3410 3559 ἐστιν,
3444 3495 3471 3545 ὁ
3502 3491 3610 3545 Κύ-

2035 3596 2147 3668 ριός
2170 3612 2352 3667 φησιν.
2382 3593 2645 3665 Εὐνόμιος
2676 3591 2733 3645 δὲ
2768 3590 3024 3662 οὐδεμίαν
3059 3588 3209 3656 λέγει
3232 3585 3516 3640 κοινωνίαν
3539 3579 3610 3635 εί-

2031 3707 2119 3744 ναι
2146 3688 2221 3758 τῷ
2247 3686 2423 3757 Πατρὶ
2456 3685 2592 3756 πρὸς
2623 3684 2713 3738 τὸν
2742 3684 2800 3749 ἐξ
2826 3681 3012 3736 αὐτοῦ.
3034 3680 3167 3742 Καὶ,
3190 3681 3420 3747 ’Ὠσπερ
3448 3680 3480 3731 ό
3506 3678 3610 3728 Πα-

2030 3779 2143 3851 τὴρ
2172 3776 2327 3847 ζωὴν
2356 3778 2479 3847 ἔχει
2509 3776 2578 3830 ἐν
2609 3772 2823 3839 ἐαυτῷ,
2854 3773 3044 3839 οὕτως
3064 3771 3246 3826 ἔδωκε
3275 3770 3376 3824 καὶ
3402 3767 3480 3833 τῷ
3506 3764 3611 3831 Υίῷ

2031 3870 2187 3941 ζωὴν
2215 3871 2380 3941 ἔχειν
2407 3871 2476 3924 ἐν
2497 3867 2709 3932 ἐαυτῷ.
2743 3866 2913 3919 Τοῦτο
2944 3863 3072 3935 παρ’
3104 3860 3269 3916 αὑτοῦ
3298 3860 3610 3928 δεδιδάγμε-

2032 3964 2101 4018 θα
2124 3962 2217 4017 τοῦ
2257 3963 2460 4033 Κυρίου
2480 3977 2493 3991 '
2530 3959 2680 4031 παρά
2700 3959 2758 4011 δὲ
2785 3956 3050 4025 Εὐνομίω
3074 3954 3124 4007 τί
3150 3971 3165 4019 ;
3219 3951 3507 4021 Μηδεμίαν
3533 3943 3611 4002 εῐ-

2031 4074 2122 4111 ναι
2158 4055 2446 4125 σύγκρισιν
2485 4052 2563 4123 τῷ
2603 4050 2916 4121 γεννηθέντι
2951 4048 3088 4118 πρὸς
3126 4046 3216 4099 τὸν
3253 4045 3609 4113 γεννήσαντα.

2032 4148 2144 4203 Καὶ
2168 4145 2526 4215 ἁπαξαπλῶς,
2550 4144 2638 4198 διά
2677 4143 2806 4213 μιᾶς
2832 4139 3039 4208 ταύτης
3064 4136 3248 4207 φωνῆς
3273 4136 3493 4206 ἀναιρεῖ
3521 4132 3614 4203 μὲν

2031 4241 2122 4294 τὸν
2152 4241 2252 4311 τῆς
2287 4239 2494 4302 εἰκόνος
2527 4236 2706 4305 λόγον,
2738 4232 2922 4287 ἀθετεῖ
2941 4230 2998 4285 δὲ
3028 4228 3092 4283 τὸ
3111 4226 3457 4296 ἀπαύγασμα
3480 4218 3615 4277 εἶναι

368 4322 580 4394 telligas
602 4320 720 4390 ejus
742 4318 835 4392 qui
863 4317 1068 4381 nullam
1102 4316 1268 4374 habet
1304 4318 1793 4388 comparationem,
1842 4332 1931 4374 ne-

2032 4331 2127 4387 τιαὶ
2154 4329 2476 4403 χαρακτῆρα
2493 4328 2595 4398 τῆς
2624 4323 2994 4386 ὑποστάσεως.
3024 4318 3163 4375 Οὔτε
3191 4317 3301 4388 γὰρ
3328 4315 3513 4370 εἰκόνα
3531 4314 3616 4403 δυ·

366 4427 493 4484 que,
518 4423 579 4471 ut
611 4411 869 4485 splendor
897 4409 970 4471 sit
990 4407 1108 4478 ejus
1137 4409 1233 4482 qui
1262 4410 1465 4465 nullam
1502 4412 1935 4467 communionem

366 4504 661 4561 secundum
681 4512 937 4565 naturam
964 4500 1149 4557 habet.
1196 4501 1466 4558 Ceterum
1494 4502 1550 4558 in
1582 4502 1776 4558 eodem
1803 4501 1936 4555 arti-

367 4597 479 4654 ﬁcii
519 4610 723 4669 genere
750 4613 938 4655 rursus
959 4598 1225 4671 persistit,
1252 4597 1377 4652 dum
1404 4595 1483 4652 ait
1514 4609 1618 4649 non
1647 4608 1768 4650 esse
1791 4609 1939 4650 com-

366 4688 705 4759 parationem
736 4688 960 4760 iugeniti
991 4703 1114 4745 cum
1150 4687 1369 4763 genito:
1424 4701 1530 4741 non
1578 4682 1782 4749 Patris,
1815 4699 1936 4740 cum

368 4797 437 4839 eo
463 4782 554 4857 qui
596 4796 664 4838 ex
705 4783 825 4855 ipso
857 4790 961 4849 est,
993 4793 1052 4839 ut
1083 4796 1245 4853 quam
1277 4781 1364 4836 bis
1392 4780 1616 4837 vocibus
1646 4778 1821 4833 inesse
1845 4793 1939 4844 op-

367 4874 695 4945 positionem
729 4874 1051 4941 ostenderit,
1077 4888 1196 4929 eam
1231 4872 1286 4930 in
1315 4873 1489 4944 ipsam
1513 4869 1694 4926 Patris
1732 4879 1785 4923 et
1820 4867 1938 4926 Filii

368 4964 732 5026 substantiam
758 4963 1070 5019 transferat.

884 5131 967 5190 Ex
1021 5134 1201 5190 eodem
1248 5136 1403 5193 libro.

423 5230 635 5287 Ordine
702 5243 851 5291 vero,
901 5229 1116 5298 inquit,
1190 5238 1247 5283 et
1323 5229 1586 5300 temporis
1654 5243 1925 5299 praeroga-

360 5326 505 5390 tiva,
560 5325 650 5380 ille
698 5323 910 5394 primus
978 5334 1093 5387 est,
1146 5323 1235 5377 hic
1288 5322 1583 5379 secundus.
1637 5320 1778 5388 Quid
1837 5337 1931 5376 ne-

360 5432 512 5474 cesse
549 5429 633 5473 est
663 5434 731 5475 ea
760 5433 998 5490 quorum
1047 5414 1359 5471 communis
1417 5424 1503 5472 est
1551 5415 1821 5476 essentia.
1878 5424 1935 5468 et

362 5511 539 5567 ordini
578 5512 794 5584 subjici,
845 5522 899 5567 et
932 5527 1053 5567 esse
1109 5520 1353 5580 tempore
1406 5508 1755 5579 posteriora?
1811 5506 1927 5562 Non

2033 4400 2192 4479 νατὶέν
2222 4400 2316 4477 τοῦ
2354 4400 2689 4492 ἀσυγκρίτου
2715 4415 2975 4480 νοεῖσθαι,
3013 4411 3140 4467 οὔτε
3169 4408 3513 4479 ἀπαύγασμα
3541 4400 3615 4458 εἴ-

2032 4537 2120 4577 ναι
2164 4519 2260 4573 τοῦ
2298 4516 2664 4586 ἀκοινωνήτου
2716 4508 2860 4565 κατὰ
2902 4508 3002 4579 τὴν
3037 4503 3217 4575 φύσιν.
3263 4500 3357 4572 Τῷ
3387 4500 3445 4552 δὲ
3472 4494 3615 4566 αὐτῷ

2034 4613 2164 4668 εῖδει
2201 4611 2364 4668 πάλιν
2398 4606 2496 4663 τοῦ
2526 4604 2901 4677 τεχνάσματος
2934 4597 3207 4669 ἐπιμένει,
3229 4592 3309 4665 τῷ
3338 4591 3617 4660 ἀγεννήτῳ

2033 4703 2209 4773 λέγων
2248 4701 2323 4773 μὴ
2357 4695 2499 4754 εἶναι
2543 4694 2680 4766 πρὸς
2725 4692 2789 4746 τὸ
2829 4688 3087 4760 γεννητὸν
3129 4685 3452 4757 σύγκρισιν·
3501 4679 3617 4749 οὐχὶ

2034 4795 2113 4867 τῷ
2138 4794 2315 4865 Πατρὶ
2351 4791 2487 4864 πρὸς
2518 4788 2611 4843 τὸν
2638 4785 2698 4865 ἐξ
2728 4782 2917 4847 αὐτοῦ,
2951 4782 3038 4835 ἵνα
3063 4780 3241 4851 ἥνπερ
3266 4777 3332 4831 ἂν
3358 4776 3480 4839 ταῖς

2035 4865 2155 4951 ναῖς
2186 4886 2411 4947 ταύταις
2434 4881 2788 4952 ὑπάρχουσαν
2815 4873 3091 4929 ἀντίθεσιν
3114 4869 3377 4939 ἐπιδείξῃ,
3418 4865 3616 4933 ταύτην

2038 4982 2121 5033 ἐπ’
2147 4972 2317 5045 αὐτῆς
2358 4976 2456 5036 τῆς
2486 4955 2674 5034 οὑσίᾶς
2703 4967 2797 5022 τοῦ
2840 4964 3049 5035 Πατρὸς
3085 4964 3174 5015 καὶ
3209 4960 3302 5013 τοῦ
3334 4956 3465 5011 Υίοῦ
3496 4970 3617 5025 μετ-

2102 5070 2119 5109 ἑ

2102 5088 2119 5109 τ

2037 5086 2255 5137 amam.
2475 5131 2581 5186 Ἐκ
2608 5125 2720 5183 τοῦ
2751 5123 2941 5182 αὑτοῦ
2973 5123 3184 5194 λόγου.

2118 5228 2283 5294 Τάξει
2306 5227 2385 5291 δὲ,
2404 5226 2560 5294 φησὶ,
2585 5221 2808 5281 καὶτοῖς
2831 5220 2893 5271 ἐκ
2920 5218 3114 5288 χρόνου
3131 5206 3445 5294 πρεσὸείοις
3475 5205 3501 5256 ὁ
3525 5201 3621 5270 μὲν

2039 5322 2153 5373 ἐστι
2177 5291 2539 5386 {palmam
2566 5313 2838 5381 δεύτερος.
2864 5310 2960 5371 Τίς
2987 5304 3257 5378 ήὰνάγκη
3289 5300 3372 5367 ἐφ’
3402 5291 3623 5364 inﬁxo"

2042 5410 2130 5464 σία
2156 5410 2331 5479 κοινὴ,
2355 5408 2511 5474 τάξει
2538 5422 2600 5459 τε
2645 5399 3051 5471 ὐποεεόλῆσθαι
3074 5394 3267 5458 ταῦτα,
3298 5390 3393 5443 καὶ
3433 5388 3620 5479 χρόνον

2038 5498 2178 5556 εἶναι
2206 5478 2430 5572 δεύτερα
2452 5517 2465 5566 ;
2497 5499 2575 5553 Οὐ
2589 5499 2697 5568 γὰρ
2713 5493 2938 5552 δυτατὸν
2964 5484 3241 5562 τῇἑαυτοῦ
3266 5481 3436 5538 εἰκόνι
3462 5478 3621 5546 ἀχρό-

441 5728 454 5758 ¹
484 5727 653 5805 ,ἱροῖσι
676 5740 787 5805 ειν,
820 5724 873 5777 9.
952 5726 969 5755 ³
993 5723 1149 5805 Joau.
1180 5741 1277 5805 stt,
1312 5724 1401 5781 L5.
1483 5724 1502 5757 ³
1532 5716 1931 5805 ξοειι.ὲσι,.ξ7.

2051 5718 2260 5803 9010».
2298 5716 2447 5782 ωδ.
2524 5711 2817 5781 Ῥιιὶιίρρ.
2871 5705 3017 5771 ιι,δ.
3079 5699 3261 5759 “ibid.
3296 5696 3349 5751 7.
3423 5690 3620 5746 'Joan.

366 5811 482 5864 xtv,
504 5794 558 5850 9.
634 5795 655 5826 ⁸
683 5793 840 5850 toan.
878 5808 1013 5858 xvu,
1054 5794 1117 5849 l0

1191 5796 1209 5824 ’
1236 5795 1393 5850 toan.
1445 5810 1499 5862 ν,
1532 5793 1623 5848 ‘26.
1707 5791 1749 5822 τ’
1780 5790 1953 5847 Hebr.
1984 5805 2022 5857 ι,
2057 5790 2108 5844 5.
