4026 6290
306 409 404 475 505

1301 412 1676 478 PANOPLIA
1720 415 2176 479 DOGMATICA.
2219 441 2288 454 -·
2319 418 2468 479 ΤΙΤ.
2499 418 2600 480 XI.

3464 424 3568 488 506

307 547 398 594 νιος
427 528 852 602 ἀπαυγασθείσῃ
875 529 965 584 τὸν
1000 529 1135 584 Θεὸν
1163 530 1274 586 τῶν
1321 532 1460 586 ὅλων
1488 533 1565 606 μὴ
1625 535 1683 602 ἐξ
1712 535 1880 589 ἀϊδίου

1989 538 2128 592 enim
2165 538 2282 594 ﬂeri
2326 547 2529 609 potest,
2588 549 2646 594 ut
2686 538 3071 596 universorum
3107 541 3256 598 Deus
3307 555 3434 596 cum
3467 557 3569 598 sua

307 623 572 686 συνεῖναι,
614 626 708 676 καὶ
769 623 844 692 μὴ
904 623 1095 694 χρόνον
1135 627 1330 696 μόνον,
1393 631 1489 681 καὶ
1549 627 1762 682 αἰώνων
1822 627 1880 682 δὲ

306 717 512 768 πάντων
531 715 786 769 ἐπέκεινα
809 715 908 784 τὴν
929 717 1226 784 συνάφειαν
1256 718 1423 790 ἔχειν.
1453 720 1552 774 Διά
1577 720 1736 775 τοῦτο
1769 722 1879 792 γὰρ

305 805 644 876 ἀπαύγασμα
668 807 906 878 εῖρηται,
940 808 1026 862 ἵνα
1058 811 1118 863 τὸ
1151 813 1504 881 συνημμένον
1557 813 1866 884 νοήσωμεν,

303 901 388 953 καὶ
417 901 704 972 χαρακτὴρ
736 902 833 968 τῆς
861 901 1237 970 ὑποστάσεως,
1272 905 1360 957 ἵνα
1382 906 1440 958 τὸ
1460 905 1748 974 ὀμοοὺσιον
1785 908 1875 958 ἐκ·

305 994 680 1063 μανθάνωμεν.
700 992 864 1047 ’Λλλά
881 998 974 1048 καὶ
990 997 1142 1060 τάξις
1175 997 1207 1066 ἡ
1239 999 1336 1066 μὲν
1360 997 1568 1067 φυσική
1593 996 1676 1059 τίς
1695 998 1866 1059 ἔστιν,

303 1087 331 1154 η
361 1084 417 1138 δὲ
438 1085 564 1139 κατ’
595 1086 964 1155 ἐπιτήδευσιν.
1005 1087 1212 1157 Φυσικὴ
1247 1086 1368 1156 μὲν,
1424 1087 1559 1158 ὡςὴ
1592 1087 1702 1141 τῶν
1748 1105 1869 1142 κτιο

307 1173 528 1244 σμάτων
563 1173 704 1226 κατά
738 1173 863 1234 τοὺς
905 1171 1330 1242 δημιουργικοὺς
1357 1173 1548 1240 λόγους
1588 1173 1875 1242 διαταχθεί-

310 1279 375 1316 σα
411 1295 429 1322 ς
582 1267 674 1314 καὶ
699 1260 775 1325 ὡς
797 1263 832 1332 ἡ
863 1261 970 1314 τῶν
996 1261 1318 1333 ἀριθμητῶν
1492 1262 1662 1327 θέσις,
1694 1263 1788 1315 καλ⁸
1809 1262 1884 1324 ὼς

305 1355 340 1426 ἡ
380 1353 493 1407 τῶν
527 1355 716 1406 αἰτίων
750 1354 887 1424 πρὸς
915 1353 984 1408 τὰ
1014 1355 1232 1409 αἰτιατά
1265 1356 1472 1427 σχέσις,
1507 1355 1717 1410 ἐκείνου
1753 1373 1884 1426 προ⁴

305 1443 778 1514 διωμολογημένον
809 1444 900 1497 τοῦ
928 1445 1023 1498 καὶ
1057 1445 1158 1516 τῆς
1197 1448 1414 1514 φύσεως
1448 1446 1620 1517 αὐτῆς
1652 1447 1885 1518 ποιητὴν

306 1534 442 1592 εἶναι
473 1536 568 1588 καὶ
601 1534 929 1606 δημιουργὸν
966 1536 1060 1590 τὸν
1089 1536 1221 1590 Θεόν
1242 1553 1257 1567 ⁸
1322 1537 1783 1608 ὲπιτετηδευμένη
1829 1538 1887 1590 δὲ

310 1629 399 1683 καὶ
423 1627 670 1698 τεχνικὴ,
697 1627 774 1691 ὡς
813 1629 848 1698 ὴ
877 1629 936 1682 ιν
961 1630 1076 1692 τοῖς
1103 1629 1612 1700 κατασκευάσμασι,
1647 1629 1742 1683 καὶ⁸
1783 1646 1888 1700 μα-

311 1717 534 1788 θήμασι,
571 1716 667 1770 καὶ
703 1715 997 1786 ἀξιώμασι,
1043 1717 1138 1771 καὶ
1165 1718 1406 1790 ἀριθμῷ,
1449 1719 1547 1774 καὶ
1573 1721 1687 1783 τοῖς
1711 1717 1890 1774 τοιού-

311 1823 436 1871 τοις.
467 1807 686 1861 Τούτων
719 1807 902 1861 τοίνυν
925 1808 988 1861 τὸ
1025 1809 1290 1880 πρότερον
1311 1811 1770 1882 ἀποκρυψάμενος
1799 1805 1889 1866 οὗ-
1917 1845 1957 1900 Β

314 1916 418 1962 τος,
439 1897 536 1952 τοῦ
569 1898 824 1970 δευτέρου
847 1899 1022 1963 εἴδους
1047 1900 1148 1971 τῆς
1173 1899 1379 1965 τάξεως
1410 1901 1751 1974 ἐπεμνήσθη,
1791 1901 1887 1956 καί

317 2010 458 2065 φησι,
489 1992 563 2063 μὴ
602 1995 801 2062 χρῆναι
839 1991 1020 2058 λέγειν
1059 1991 1152 2045 ἐπὶ
1187 1991 1322 2046 Θεοῦ
1366 1992 1536 2058 τάξιν,
1584 1994 1818 2065 ἐπείπερ
1854 1995 1888 2064 ἠ

317 2085 458 2151 τάξις
494 2085 724 2154 δευτέρα
759 2083 878 2136 ἐστὶ
913 2083 1008 2137 τοῦ
1051 2083 1355 2148 τάττοντος.
1412 2085 1618 2139 Ἐκεῖνο
1657 2084 1716 2139 δὲ
1758 2084 1790 2156 ἢ
1826 2084 1887 2138 οὐ

321 2175 563 2240 συνεῖδεν,
618 2175 653 2246 ἢ
710 2175 852 2228 ἑκὼν
884 2174 1262 2245 ἀπεκρύψατο,
1316 2175 1400 2230 ὅτι
1431 2176 1548 2228 ἐστι
1590 2192 1644 2228 τι
1682 2175 1890 2240 τάξεως

321 2263 466 2330 εἶδος,
509 2267 610 2319 οὐκ
658 2268 724 2320 ὲκ
763 2267 861 2336 τῆς
902 2269 1032 2336 παρ’
1053 2264 1213 2338 ημῶν
1236 2265 1438 2330 θέσεως
1479 2267 1886 2336 συνιστάμενον,

323 2357 424 2410 ἀλλ’
449 2359 583 2429 αὐτῇ
606 2360 674 2427 τῇ
708 2356 848 2412 κατὰ
873 2357 1034 2427 φύσιν
1057 2357 1347 2430 ἀκολουθίᾳ
1369 2357 1685 2428 συμϐαῖνον,
1707 2357 1785 2422 ὡς
1810 2357 1890 2429 τῷ

328 2450 446 2518 πυρὶ
470 2449 603 2522 πρὸς
631 2450 692 2502 τὸ
717 2467 834 2518 φως
868 2451 984 2502 ἐστι
1016 2449 1076 2502 τὸ
1101 2448 1162 2514 ἐξ
1188 2448 1376 2504 αὑτοῦ.
1411 2451 1501 2504 Ἐν
1535 2449 1745 2513 τούτοις
1774 2450 1884 2522 γὰρ

329 2537 569 2608 πρότερον
606 2538 669 2591 τὸ
705 2538 877 2592 αἴτιον
915 2539 1166 2610 λέγομεν,
1213 2539 1464 2612 δεύτερον
1503 2539 1563 2594 δὲ
1605 2540 1665 2594 τὸ
1695 2539 1754 2605 ἐξ
1786 2540 1885 2594 αὺ-

329 2624 411 2676 τοῦ
470 2639 486 2654 ⁶
649 2625 710 2678 οὐ
761 2625 1092 2699 διαστήματι
1148 2629 1472 2700 χωρίζοντες
1508 2631 1604 2684 ἀπ’
1640 2630 1885 2700 ἀλλήλων

248 2711 256 2720 ’
331 2713 504 2776 ταῦτα,
531 2715 667 2770 ἀλλά
708 2716 787 2787 τῷ
817 2718 1062 2792 λογισμῷ
1091 2719 1186 2775 τοῦ
1213 2705 1458 2775 αἰτιατοῦ
1501 2720 1886 2792 προεπινοοῦν-

333 2823 410 2869 τες
434 2806 492 2860 τὸ
515 2808 705 2861 αττιον.
740 2808 866 2873 Πῶς
903 2805 996 2864 οῦν
1027 2809 1246 2880 εῦλογον
1274 2810 1557 2882 ἀρνεῖσθαι
1580 2812 1681 2883 τὴν
1706 2811 1882 2879 τάξιν,

339 2899 404 2965 ἔφ’
424 2892 493 2952 ὧν
516 2899 631 2951 ἐστι
665 2899 929 2972 πρότερον
958 2903 1052 2956 καὶ
1071 2903 1345 2973 δεύτερον,
1375 2903 1437 2956 οὐ
1453 2903 1596 2958 κατά
1618 2902 1718 2974 τὴν
1741 2904 1884 2974 ἠμε-

341 2987 474 3059 τέραν
503 2988 667 3053 θέσιν,
702 2990 819 3043 ἀλλ’
843 2992 908 3044 ὲκ
936 2992 1034 3062 τῆς
1064 2992 1204 3046 κατά
1240 2993 1402 3062 φύσιν
1433 2993 1616 3057 αὐτοῖς
1649 2994 1886 3065 ἐνυπαρ-

335 3080 508 3150 χούσης
535 3081 887 3148 ἀκολουθίας;
917 3084 1073 3147 Τίνος
1109 3081 1203 3138 οὖν
1235 3085 1421 3138 ἕνεκεν
1451 3085 1636 3138 ἀθετεῖ
1663 3084 1762 3156 τὴν
1789 3085 1886 3140 τά-

335 3170 404 3232 ξιν
425 3173 508 3224 ἐπὶ
525 3173 658 3226 Θεοῦ
682 3173 1084 3244 λαμϐάνεσθαι;
1115 3177 1377 3245 Ἡγεῖται,
1397 3178 1446 3230 εἰ

337 3260 577 3330 μηδαμῶς
624 3262 800 3326 ἄλλως
850 3264 910 3317 τὸ
961 3266 1226 3336 πρότερον
1277 3267 1370 3319 ἐπὶ
1431 3263 1566 3320 Θεοῦ
1623 3266 1884 3334 νοεῖσθαι,

330 3351 625 3424 λειπόμενον
664 3354 829 3422 ἕξειν,
867 3358 990 3410 κατ’
1022 3358 1192 3428 αὐτὴν
1221 3357 1320 3428 τὴν
1353 3358 1539 3412 οὐσίαν
1586 3359 1686 3430 τὴν
1719 3359 1886 3431 ὑπερ-

328 3443 444 3516 οχὴν
492 3447 912 3505 ἐπιδείκνυσθαι.
1100 3447 1294 3519 Ἡμεῖς
1320 3448 1397 3514 δὲ,
1453 3449 1593 3503 κατά
1646 3451 1745 3521 μὲν
1785 3450 1885 3523 τὴν

325 3536 423 3588 τῶν
481 3539 666 3593 αἰτίων
728 3541 865 3611 πρὸς
923 3538 991 3594 τὰ
1056 3539 1116 3606 ἐξ
1175 3541 1354 3594 αὐτῶν
1421 3541 1625 3611 σχέσιν,
1689 3559 1886 3615 προτε-

322 3626 501 3696 τάχθαι
525 3628 616 3682 τοῦ
649 3630 779 3685 Υίοῦ
798 3630 890 3685 τὸν
919 3631 1142 3702 Πατέρα
1171 3630 1350 3701 φαμέν
1371 3648 1385 3661 °
1421 3631 1563 3685 κατά
1582 3633 1638 3686 δὲ
1660 3633 1760 3704 τὴν
1786 3633 1885 3704 τῆς

321 3717 521 3784 φύσεως
553 3719 835 3790 διαφορὰν,
885 3721 1088 3788 οὐκέτι,
1141 3721 1261 3774 οὐδὲ
1304 3721 1446 3775 κατὰ
1489 3721 1588 3794 τὴν
1625 3724 1720 3776 τοῦ
1754 3724 1884 3794 χρό-

317 3825 406 3861 νου
448 3809 753 3882 ὑπεροχήν·
807 3810 839 3881 ἢ
899 3811 1040 3865 οὕτω
1081 3829 1144 3881 γε
1201 3815 1293 3867 καὶ
1339 3813 1470 3869 αὐτὸ
1509 3849 1524 3874 ,
1670 3816 1730 3868 τὸ
1771 3817 1885 3869 Πα-

312 3900 443 3972 τέρα
496 3897 635 3956 εἷναι
688 3903 778 3956 τὸν
818 3903 972 3970 Θεὸν,
1030 3905 1385 3976 ἀθετήσομεν,
1436 3907 1536 3977 τῆς
1592 3905 1732 3960 κατὰ
1782 3906 1882 3979 τὴν

308 3993 491 4047 οὐσίαν
545 3994 954 4066 ἀλλοτριότητος
994 3996 1092 4069 τὴν
1139 3997 1374 4070 φυσικὴν
1422 3999 1717 4068 συνάφειαν
1759 3997 1884 4052 ἀθε-

308 4085 524 4155 τοὺσης.
1920 4144 1927 4146 τ,

504 4177 657 4229 Ἐπεὶ
688 4178 871 4247 μέντοι
907 4178 1268 4250 ἀφορίσασθαι
1295 4180 1426 4252 ἡμῖν
1449 4179 1542 4234 τοῦ
1564 4179 1757 4251 χρόνου
1785 4180 1884 4250 τὴν

311 4267 468 4334 φύσιν
510 4270 538 4321 ὁ
577 4269 738 4338 σοφὸς
773 4269 842 4324 τὰ
873 4271 1050 4325 πάντα
1079 4273 1349 4344 προήχθη,
1381 4272 1474 4327 καῖ⁵
1659 4272 1891 4328 ἐνταῦθα

311 4359 472 4413 αὐτοῦ
517 4361 577 4414 τὸ
626 4361 844 4431 βέϐαιον
881 4365 972 4417 καί
999 4365 1470 4435 περιεσκεμμένον
1506 4365 1606 4434 τῆς
1648 4364 1888 4430 διανοίας

313 4449 525 4521 ἴδωμεν.
572 4453 780 4523 Χρόνον
804 4454 984 4508 τοίνυν
1029 4451 1167 4507 εἷναί
1193 4473 1327 4526 φησι
1356 4457 1516 4511 ποιάν
1530 4473 1653 4510 τινα
1673 4457 1888 4528 κίνησιν

317 4540 585 4615 ἀστέρων·
619 4545 770 4617 ἡλίου
810 4546 1052 4618 δηλονότι
1096 4547 1191 4601 καὶ
1235 4548 1466 4620 σελήνης
1513 4549 1610 4602 καὶ
1645 4548 1754 4602 τῶν
1782 4549 1892 4603 λοιο

316 4633 451 4700 πῶν,
487 4637 627 4702 ὅσοις
673 4638 795 4692 καθ’
824 4638 995 4694 ἑαυτά
1188 4639 1449 4694 κινεῖσθαι
1481 4640 1711 4711 δύναμίς
1745 4644 1882 4698 ἐστι.

321 4722 394 4776 Τδ
425 4726 593 4781 τοίνυν
626 4730 736 4783 ἀπὸ
771 4730 1038 4797 γενέσεως
1075 4729 1304 4803 οὐρανοῦ
1333 4730 1426 4783 καὶ
1457 4729 1561 4800 γῆς
1598 4731 1760 4801 μέχρι
1784 4730 1885 4802 τῆς

328 4810 581 4880 ποιήσεως
607 4829 718 4866 των
745 4815 992 4886 ἀστέρων
1022 4815 1296 4887 διάστημα
1322 4832 1375 4869 τι
1401 4835 1530 4871 ποτε
1563 4819 1670 4892 ἄρα
1697 4813 1835 4874 εἶναι
1863 4823 1894 4876 ὀ

330 4896 487 4962 δεινὸς
511 4902 575 4955 τὰ
606 4902 860 4974 μετέωρα
887 4899 1040 4968 οὗτος
1066 4907 1457 4976 (imperitarat;
1495 4908 1692 4977 Σαφῶς
1724 4910 1834 4982 γάρ
1865 4913 1895 4964 ὁ

331 4987 420 5056 τὴν
444 4993 790 5062 κοσμογονίαν
963 4999 1027 5067 τῇ
1050 4997 1277 5068 δυνάμει
1305 5000 1398 5052 τοῦ
1432 5000 1747 5070 Πνεύματος
1769 5001 1896 5055 ἀνα-

332 5079 528 5150 γράψας
568 5087 630 5156 τῇ
665 5085 906 5158 τετάρτῃ
932 5089 1115 5160 ἡμέρᾳ.
1142 5091 1266 5152 τοὺς
1294 5091 1565 5161 μεγάλους
1595 5092 1891 5164 φωστῆρας

329 5169 418 5220 καὶ
470 5176 587 5237 τοὺς
637 5175 860 5240 λοιποὺς
904 5179 1140 5250 ἀστέρας
1186 5182 1512 5252 γεγενῆσθαί
1550 5201 1703 5253 φησι.
1750 5187 1891 5257 Χρό-

331 5274 413 5321 νος
458 5258 544 5317 οὖν
586 5266 684 5319 οὐκ
719 5262 810 5337 ἦν,
859 5267 936 5331 ὡς
977 5269 1174 5334 ἔοικεν,
1218 5273 1277 5326 ἐν
1318 5275 1437 5337 ταῖς
1475 5274 1706 5328 κατόπιν
1753 5276 1888 5346 ἠμέ-

335 5364 469 5418 ραις·
499 5355 556 5406 οὐ
584 5359 690 5428 γὰρ
719 5358 994 5413 ὲκινοῦντό
1021 5377 1109 5413 πω
1129 5363 1177 5414 oi
1201 5362 1445 5435 ἀστέρες.
1612 5365 1734 5430 Πῶς
1755 5365 1888 5438 γὰρ.

330 5439 380 5491 οῖ
413 5457 470 5510 γε
499 5448 616 5515 μηδ’
647 5448 994 5516 ἐγεγόνεισαν
1023 5452 1123 5522 τὴν
1152 5453 1327 5525 ἀρχήν
1362 5472 1376 5518 ;
1549 5459 1656 5510 Καὶ
1702 5460 1884 5524 πάλιν,

330 5530 405 5582 ὅτε
451 5536 698 5608 ἐπολέμει
745 5543 860 5603 τοῖς
921 5542 1290 5608 Γαϐαωνίταις
1343 5547 1371 5599 ὁ
1418 5545 1514 5600 τοῦ
1565 5549 1723 5620 Ναυῆ
1782 5551 1887 5621 Ἰη-

331 5623 456 5690 σοῦς,
490 5631 674 5702 ἐπειδὴ
710 5633 966 5705 ἀκίνητος
1010 5637 1038 5688 ὁ
1079 5636 1228 5707 ἥλιος
1257 5637 1439 5708 ἔμεινε
1615 5642 1690 5712 τῷ
1722 5660 1884 5712 προσ-

400 5815 602 5881 'Hebr.
644 5840 686 5894 ι,
717 5825 772 5881 5.
849 5825 1036 5885 ’lbid.
1114 5824 1303 5882 'Gen.
1332 5839 1373 5894 ι,
1422 5821 1605 5880 ιιι-19.

1599 3176 1886 3276 ἐπιδείξειε
1914 3221 1956 3276 C

1919 4599 1961 4654 D

1978 629 2154 694 ipsius
2184 629 2420 700 imagine
2444 647 2564 700 quae
2597 630 2734 685 citra
2771 631 3035 701 temporis
3066 631 3444 687 accessionem
3499 633 3564 687 il-

1978 721 2204 777 lnstrata
2231 732 2338 786 est,
2370 723 2439 775 ab
2476 733 2686 777 a-lcrno
2713 737 2821 776 non
2870 723 2962 790 sit,
3017 731 3074 778 et
3107 723 3556 794 conjttnetionem

1977 831 2084 870 non
2115 814 2313 868 habeat
2354 829 2460 867 non
2509 814 2686 868 solum
2731 815 2871 869 ultra
2934 825 3197 884 tempora,
3242 815 3336 870 sed
3395 815 3562 871 etiam

1985 905 2125 956 ultra
2155 904 2333 957 omnia
2362 904 2578 958 saecula.
2607 904 2741 958 Nam
2775 905 2983 959 idcirco
3045 905 3306 974 splendor
3343 907 3358 937 ⁸
3414 905 3564 958 dici-

1981 1006 2090 1057 tur,
2121 1007 2174 1049 ut
2201 997 2646 1066 coujunctionem
2684 997 3057 1067 intelligamus
3094 1014 3107 1050 :
3141 1005 3196 1052 et
3222 997 3391 1066 llgura
3427 997 3561 1050 sub-

1975 1088 2190 1141 stantiae
2222 1090 2264 1156 ',
2298 1098 2358 1142 ut
2385 1088 3013 1144 consubstantialitatet‘n
3031 1086 3434 1157 perdiscamus.
3457 1086 3566 1140 Sed

1973 1186 2043 1227 ει
2083 1178 2215 1228 ordo
2245 1175 2383 1228 alius
2408 1179 2672 1229 naturalis
2707 1183 2810 1241 est,
2843 1175 2980 1228 alius
3019 1173 3338 1227 artiﬁcialis.
3387 1173 3554 1228 Natu-

1989 1269 2117 1320 ralis
2137 1268 2374 1335 quidem,
2399 1269 2976 1337 utcreaturarum,qni
3007 1281 3072 1321 ex
3096 1266 3318 1322 creandi
3351 1266 3558 1320 ratione

1987 1359 2275 1426 dispositus
2304 1368 2405 1421 est,
2439 1366 2491 1412 et
2521 1359 2661 1412 sicut
2681 1358 3090 1412 numerabilium
3115 1358 3332 1426 positio,
3353 1368 3404 1410 et
3424 1372 3556 1411 cau-

1988 1465 2168 1502 sarum
2206 1450 2271 1502 ad
2305 1451 2566 1517 producta
2593 1449 2849 1516 habitus;
2878 1464 2999 1503 cum
3054 1463 3140 1504 res
3189 1450 3434 1503 confessa
3465 1449 3558 1512 sit,

1991 1539 2155 1592 Deum
2185 1540 2346 1594 etiam
2389 1539 2556 1608 ipsius
2584 1549 2792 1596 natura:
2820 1541 3154 1595 conditorem
3189 1555 3311 1595 esse
3343 1550 3398 1594 et
3439 1541 3555 1606 opi-

1991 1630 2166 1684 ficem.
2201 1630 2553 1698 Excogitatus
2787 1646 2914 1685 vero
2937 1639 2994 1685 et
3017 1631 3338 1693 artiﬁcialis,
3369 1639 3423 1683 ut
3450 1629 3558 1695 illc,

1987 1720 2077 1789 qui
2113 1720 2540 1789 deprehenditur
2587 1719 2641 1775 in
2687 1721 3117 1790 probationibus,
3150 1721 3202 1774 in
3236 1722 3557 1790 disciplinis,

1991 1813 2043 1864 in
2073 1811 2464 1881 dignitatibus,
2499 1811 2552 1866 in
2587 1827 2816 1866 numero
2862 1822 2916 1865 et
2961 1813 3183 1882 reliquis
3227 1813 3558 1882 huiusmodi.

1993 1903 2292 1958 Eunomius
2327 1903 2516 1974 itaque
2544 1905 2736 1960 horum
2788 1906 2972 1976 priore
2999 1907 3297 1971 occultato,
3349 1905 3418 1960 de
3470 1919 3560 1958 se-

1989 1995 2168 2048 cundo
2197 1994 2406 2050 ordinis
2437 1981 2634 2067 genere
2661 1997 2788 2051 fecit
2819 1997 3145 2052 mentionem
3173 2014 3188 2063 ;
3237 1997 3420 2063 aitque
3452 2009 3561 2050 non

1988 2095 2240 2152 oportere
2269 2085 2453 2140 dicere
2482 2085 2536 2139 in
2565 2085 2674 2140 beo
2701 2085 2948 2139 ordinem
2978 2099 3122 2152 esse,
3154 2083 3408 2153 quoniam
3427 2085 3562 2139 ordo

1989 2175 2280 2232 ordinante
2307 2177 2577 2244 posterior
2620 2185 2724 2232 est.
2769 2175 2901 2230 Illud
2934 2191 3062 2231 vero
3083 2185 3175 2230 aut
3205 2190 3309 2230 non
3346 2175 3558 2230 intelle-

1988 2266 2091 2330 xit,
2128 2274 2221 2319 aut
2255 2265 2398 2320 ultro
2426 2266 2686 2326 occuluit.
2707 2267 2975 2334 quoddam
3002 2265 3209 2320 ordinis
3234 2279 3356 2320 esse
3371 2280 3559 2335 genus,

1990 2372 2097 2411 non
2133 2364 2319 2410 nostra
2354 2356 2710 2411 constitutum
2761 2356 3121 2419 ordinatione,
3159 2359 3264 2423 sed
3312 2357 3427 2425 ipsa
3463 2371 3558 2408 nc-

1993 2446 2330 2502 cessitudine
2389 2446 2619 2501 naturali
2672 2447 3016 2513 contingens,
3059 2460 3166 2514 quo
3193 2461 3254 2501 se
3285 2448 3445 2500 modo
3475 2447 3565 2499 ha-

1992 2538 2122 2592 bent
2151 2537 2292 2607 ignis
2320 2545 2375 2592 et
2409 2538 2522 2602 lux,
2548 2553 2668 2604 quae
2700 2552 2766 2591 ex
2793 2537 2908 2606 ipso
2932 2546 3034 2591 est.
3073 2536 3208 2591 Nam
3254 2537 3304 2589 in
3346 2537 3412 2591 iis
3441 2551 3564 2588 cau-

1991 2644 2105 2683 sam
2143 2631 2380 2699 priorem
2406 2643 2527 2684 esse
2569 2629 2799 2684 dicimus
2828 2649 2842 2685 :
2881 2629 3152 2699 posterius
3181 2643 3310 2684 vero
3342 2629 3392 2684 id
3417 2628 3562 2699 quod

1990 2721 2059 2776 ab
2081 2721 2194 2788 ipsa
2229 2729 2332 2785 est,
2373 2734 2478 2773 non
2534 2719 2818 2774 intervallo
2847 2721 2959 2774 haec
3009 2735 3038 2774 a
3073 2734 3132 2774 se
3162 2719 3390 2774 invicem
3431 2721 3558 2773 diri-

1991 2818 2220 2875 mentes,
2257 2809 2351 2863 sed
2375 2808 2703 2878 cogitatione
2751 2823 2970 2863 causam
3028 2820 3156 2864 ante
3201 2807 3450 2864 elfectnm
3483 2809 3565 2862 in-

1992 2899 2314 2968 telligentes.
2344 2900 2592 2966 Quonam
2635 2899 2803 2968 igitur
2859 2908 3014 2966 pacto
3049 2899 3244 2954 rationi
3273 2909 3564 2953 consenta-

1991 3007 2151 3048 neum
2192 2991 2377 3056 l‘uerit,
2401 2991 2648 3046 ordinem
2678 2991 2731 3045 in
2773 2991 2840 3045 iis
2880 3006 3099 3061 negare,
3138 2990 3192 3044 in
3237 2991 3433 3057 quibus
3481 2998 3566 3043 est

1989 3086 2141 3154 prius
2166 3093 2224 3140 et
2261 3085 2551 3155 posterius,
2585 3098 2691 3138 non
2725 3098 2792 3138 ex
2822 3093 3010 3137 nostra
3047 3082 3423 3152 dispositione,
3467 3082 3562 3134 sed

1991 3189 2058 3229 ex
2093 3173 2330 3228 naturali
2365 3173 2596 3243 quadam
2625 3187 2808 3228 rerum
2842 3171 3277 3228 consecutione?
3317 3171 3426 3226 Cur
3465 3172 3564 3240 igi-

1994 3275 2081 3320 tur
2111 3265 2320 3320 fastidit
2347 3265 2595 3320 ordinem
2643 3263 2696 3318 in
2725 3265 2836 3319 Deo
2858 3263 3186 3318 admittere?
3225 3263 3560 3326 Arbitratnr,

1989 3359 2034 3414 si
2063 3358 2365 3414 ostenderit
2393 3372 2497 3412 non
2532 3357 2693 3411 aliter
2717 3356 2868 3426 prius
2909 3356 2963 3410 iu
3005 3356 3115 3410 Deo
3151 3356 3397 3426 intelligi,
3435 3358 3561 3410 reli.

1988 3464 2154 3519 quum
2190 3463 2249 3504 se
2283 3449 2616 3512 habiturum,
2652 3447 2705 3502 in
2742 3450 2853 3518 ipsa
2875 3448 3397 3504 scilicetsubstantia
3426 3462 3562 3517 pra:-

1988 3543 2245 3596 stantiam
2275 3541 2664 3600 demonstrari.
2688 3539 2797 3596 Nos
2828 3551 3031 3601 autem,
3066 3555 3161 3608 pro
3203 3540 3390 3595 habitu
3427 3554 3560 3593 cau-

1989 3650 2172 3688 sarum
2205 3634 2271 3689 ad
2298 3649 2362 3689 ea
2390 3649 2511 3703 quae
2547 3648 2614 3688 ex
2655 3633 2789 3700 ipsis
2820 3634 2967 3696 snnt‘,
3011 3630 3221 3684 Patrem
3254 3630 3390 3684 Filio
3423 3643 3561 3698 prae-

1999 3727 2121 3795 poni
2159 3727 2390 3781 dicimus
2423 3744 2436 3780 :
2465 3735 2518 3780 at
2549 3739 2678 3780 vero
2704 3724 3000 3778 secundum
3040 3733 3244 3778 natura:
3273 3723 3561 3776 diversita-

1991 3826 2120 3882 tem,
2146 3833 2250 3870 non
2287 3817 2434 3881 item,
2460 3833 2634 3886 neque
2651 3817 2946 3871 secundum
2970 3815 3224 3883 temporis
3245 3827 3558 3868 excessum:

1988 3907 2222 3976 alioquin
2257 3908 2360 3961 hoc
2395 3918 2553 3976 pacto
2600 3907 2764 3962 etiam
2795 3903 2962 3960 Deum
3005 3903 3220 3958 Patrem
3253 3916 3372 3956 esse
3399 3915 3561 3970 nega-

1989 4000 2205 4064 bimus;
2268 4013 2391 4052 cum
2449 3997 2706 4052 alienatio
2735 4012 2854 4066 qua:
2885 3999 2937 4050 in
2970 3994 3208 4049 essentia
3243 3994 3511 4062 reperitur
3541 4032 3557 4058 ,

1987 4090 2425 4162 coniunctionem
2459 4088 2762 4144 naturalem
2795 4087 3028 4143 aboleat.

2177 4181 2283 4235 Sed
2311 4180 2564 4250 quondam
2589 4179 2694 4235 huc
2723 4178 2811 4233 ille
2841 4179 2894 4232 in
2919 4176 3170 4232 omnibus
3191 4175 3408 4245 sapiens
3442 4188 3560 4246 pro-

1994 4286 2216 4349 gressus
2244 4280 2350 4337 est,
2389 4271 2547 4326 nobis
2579 4279 2635 4324 nt
2655 4269 2907 4326 deﬁniret
2928 4269 3186 4339 temporis
3205 4277 3475 4332 naturam,
3503 4277 3560 4321 et

1983 4367 2070 4421 hic
2107 4380 2268 4437 quam
2306 4365 2484 4430 ﬁrma,
2519 4379 2680 4436 quam
2721 4363 3113 4433 circumspecta
3139 4361 3208 4417 sit
3243 4375 3398 4414 mens
3417 4360 3556 4430 ejus,

1983 4458 2282 4513 videamus.
2312 4454 2549 4527 Tempus
2565 4470 2693 4525 ergo
2719 4466 2926 4510 certum
2961 4452 3248 4524 quemdam
3279 4451 3554 4508 stellarum

1985 4562 2189 4606 motum
2223 4565 2345 4605 esse
2365 4549 2516 4614 dicit,
2559 4549 2689 4604 solis
2709 4547 2961 4603 videlicet
2989 4557 3044 4602 et
3069 4547 3207 4600 lunae
3231 4561 3295 4599 ac
3327 4546 3558 4613 reliqua-

1990 4658 2132 4705 rum,
2169 4640 2367 4711 quibus
2408 4641 2549 4695 inest
2605 4654 2717 4709 qua
2760 4654 2862 4710 per
2913 4653 2972 4694 se
3007 4645 3346 4693 moveantur.
3387 4633 3559 4688 luter~

1992 4734 2188 4788 vallum
2231 4737 2396 4804 igitur
2424 4734 2567 4803 quod
2601 4733 2667 4785 ab
2691 4733 2903 4802 origine
2929 4729 3052 4785 coeli
3068 4737 3122 4782 et
3141 4736 3300 4782 terrae
3333 4725 3400 4779 ad
3424 4725 3555 4778 stel-

1990 4819 2164 4875 larum
2187 4834 2358 4890 usque
2392 4818 2722 4874 creationem
2772 4815 3099 4876 intercessit,
3144 4813 3401 4879 quidnam
3439 4822 3558 4862 esse

1993 4913 2245 4965 decernet
2273 4907 2503 4963 eximius
2534 4906 2621 4961 ille
2648 4921 2828 4961 rerum
2873 4902 3182 4958 sublimium
3213 4900 3560 4971 speculator?

1995 5000 2126 5054 Nam
2161 4998 2247 5068 qui
2278 4997 2460 5053 mundi
2481 4997 2808 5052 creationem
2831 4995 3031 5047 virtute
3065 4993 3298 5064 Spiritus
3323 4989 3562 5046 conscri-

1997 5091 2124 5162 psit,
2155 5103 2350 5159 magna
2397 5087 2485 5142 illa
2532 5086 2822 5141 luminaria
2872 5095 2928 5140 et
2980 5084 3218 5154 reliquas
3260 5083 3443 5138 stellas
3476 5082 3562 5134 die

1996 5189 2194 5251 quarta
2236 5180 2531 5250 productas
2563 5193 2683 5233 esse
2713 5177 2996 5248 perspicue
3031 5185 3218 5231 narrat
3247 5179 3288 5231 ³.
3331 5172 3563 5241 Τιιιηριιέι

1998 5274 2181 5342 igitur,
2223 5278 2282 5324 ut
2327 5271 2515 5340 liquet,
2568 5269 2621 5323 in
2679 5269 2949 5337 prioribus
3000 5268 3192 5322 diebus
3220 5275 3562 5331 nequaquam

1999 5373 2160 5417 erat:
2203 5360 2464 5431 siquidem
2513 5362 2746 5414 nondum
2784 5360 3141 5415 movebantur
3193 5353 3384 5407 stellae.
3419 5350 3564 5415 Quo-

2005 5455 2161 5510 nsodo
2189 5454 2334 5508 enim
2372 5452 2421 5507 id
2455 5451 2574 5506 ﬁeri
2601 5452 2888 5522 potuisset,
2925 5464 3046 5504 cum
3085 5463 3150 5499 nc
3187 5443 3417 5498 comlitm
3445 5441 3568 5509 qui-

2001 5548 2123 5603 dem
2163 5545 2390 5600 fuissent
2412 5543 2607 5598 initio?
2639 5543 2704 5597 Et
2725 5543 2945 5604 iterum,
2977 5552 3101 5592 cum
3119 5533 3278 5590 Jesus
3308 5531 3451 5586 Nave
3474 5529 3570 5583 nd-

2003 5655 2187 5693 versus
2217 5635 2548 5691 Gubaonitas
2587 5641 2868 5704 pugnaret,
2899 5629 3151 5698 quoniam
3187 5625 3268 5681 sol
3302 5629 3569 5695 prati-opto
