4026 6290
515 360 617 422 507

1721 355 2102 417 EUTHYMII
2143 353 2502 416 ZlGABENI

3622 366 3711 434 508

512 500 710 570 ligatus
741 499 993 555 manebat
1025 498 1330 562 immobilis,
1359 511 1423 552 ac
1449 497 1574 552 luna
1603 497 1656 552 in
1684 498 1802 554 loco
1827 498 2003 554 stabat
2039 500 2082 563 ³,·

2204 499 2418 568 τάγματι
2449 494 2720 565 πεδηθεὶς,
2765 495 2857 548 καὶ
2895 495 2927 564 ἡ
2971 493 3164 564 σελήνη
3197 493 3332 548 κατὰ
3358 495 3524 566 χώραν
3563 503 3709 575 sim.

515 600 726 657 tempus
758 600 886 644 tunc
913 604 1016 643 non
1049 589 1205 643 erat?
1237 587 1517 653 Quodnam
1553 589 1717 657 igitur
1767 604 1959 644 nomen
2006 589 2082 642 illi

2204 609 2289 652 ιει,
2345 589 2532 658 χρόνος
2578 588 2676 640 οὐκ
2719 583 2794 658 ἦν
2846 587 3183 656 τηνικαῦτα;
3243 587 3305 636 Τί
3362 589 3523 642 έκεῖνο
3549 589 3628 645 οὖν
3662 598 3710 648 τὸ

515 680 618 732 dici
650 681 823 748 spatio
851 680 1237 747 imponemus?
1295 694 1457 748 quam
1511 680 1848 750 excogitabis
1901 680 2085 749 appel-

2204 684 2455 752 ῐιάστημα
2499 682 2598 751 τῆς
2629 681 2840 751 ἡμέρας
2895 679 3172 749 εἴπωμεν;
3219 679 3339 730 τίνα
3387 685 3712 753 προσηγορίαν

513 770 767 824 lationem
812 770 1081 825 ?Etenim
1134 771 1178 824 si
1227 771 1486 840 temporis
1541 771 1810 826 deiecerat
1858 781 2082 839 natura,

513 878 684 916 aevum
735 864 918 932 utique
963 865 1011 917 ei
1056 863 1336 917 successit.
1373 864 1441 916 At
1482 879 1651 917 aevum
1692 864 1941 932 exiguam
1977 864 2083 918 diei

515 962 716 1019 partem

514 1058 620 1096 non
645 1043 909 1110 superat?
947 1043 1073 1108 Sed,
1111 1061 1229 1112 qua:
1261 1045 1425 1099 multa
1463 1055 1546 1099 est
1581 1044 1696 1112 ejus
1726 1045 1968 1110 solertia,
1996 1061 2088 1113 pu-

514 1143 634 1186 tare
677 1132 914 1200 videtur,
941 1134 1081 1187 diem
1127 1149 1193 1187 ac
1241 1145 1454 1188 noctem
1485 1135 1598 1188 ﬁeri
1627 1135 1875 1204 quapiam
1911 1133 2091 1188 stella-

514 1241 629 1278 rum
683 1228 922 1280 motione
968 1227 1034 1280 ad
1079 1227 1396 1295 qualitatem
1431 1229 1756 1295 pertinente,
1785 1234 1947 1294 atque
1993 1227 2092 1279 has

511 1331 635 1371 esse
661 1318 916 1385 temporis
942 1327 1152 1386 partes:
1177 1318 1317 1370 unde
1342 1326 1551 1386 tempus
1582 1317 1773 1372 statuit
1800 1317 2090 1386 quemdam

513 1422 638 1462 esse
696 1409 973 1463 stellarum
1031 1417 1232 1462 motum
1269 1408 1528 1476 qualitate
1573 1409 1890 1477 praeditum,
1925 1423 1994 1462 ne
2038 1408 2090 1461 id

514 1499 734 1566 quidem
782 1503 926 1567 quod
974 1499 1104 1554 dicit
1141 1499 1464 1568 intelligens.
1521 1499 1636 1554 Non
1692 1500 1834 1555 enim
1888 1508 2090 1554 motum

518 1592 776 1660 qualitate
806 1591 1124 1659 praeditum,
1160 1591 1251 1645 sed
1283 1591 1580 1660 quantitate
1613 1592 1888 1653 donatum,
1925 1593 1972 1645 si
2010 1599 2092 1644 ta-

519 1699 640 1738 men
670 1685 740 1737 ita
771 1684 914 1751 loqui
945 1682 1024 1737 fas
1049 1693 1154 1748 est,
1173 1684 1350 1737 dicere
1376 1683 1545 1752 magis
1565 1681 1939 1737 conveniebat.
1964 1682 2095 1748 Quis

521 1777 662 1829 enim
710 1777 790 1830 sic
833 1777 1052 1829 omnino
1087 1790 1218 1843 puer
1259 1785 1344 1829 est
1394 1785 1594 1842 mente,
1632 1782 1691 1828 ut
1719 1775 1926 1845 ignoret
1955 1775 2093 1840 dies,

2185 777 2528 844 ὲπινοήσεις;
2573 775 2636 825 Ei
2675 773 2784 840 γὰρ
2823 774 2855 842 ἠ
2893 771 2986 824 τοῦ

2185 865 2380 925 λοίπει,
2413 861 2546 915 αἰὼν
2579 860 2896 929 ἀντεισῆλθε
2929 859 3201 928 δηλονότι.
3249 857 3422 911 Αξῶνα
3461 859 3512 912 δὲ
3553 864 3715 933 μικρὸν

981 953 1268 1020 appellare,
1323 969 1482 1022 quem
1545 955 1828 1008 dementiae
1876 958 2088 1007 modum

2204 955 2403 1024 ἡμέρας
2445 955 2608 1022 μέρος
2637 949 3066 1022 προσαγορεύειν
3097 949 3217 1002 τίνα
3244 949 3340 1018 τῆς
3375 950 3545 1012 ἀνοίας
3581 953 3722 1024 ὑπερ-

2190 1044 2353 1114 ϐολὴν
2387 1043 2708 1107 ἀπολείπει;
2755 1042 2893 1094 Ἀλλ’
2925 1041 3100 1094 ἔοικεν
3144 1043 3209 1094 ὲκ
3254 1040 3452 1110 πολλῆς
3478 1043 3721 1112 ἀγχινοίας

2191 1137 2403 1206 ἡμέραν
2437 1135 2534 1204 μὲν
2559 1135 2653 1187 καὶ
2677 1134 2849 1186 νύκτα
2874 1136 2931 1186 ὲν
2952 1136 3016 1203 τῇ
3051 1135 3180 1204 ποιᾷ
3210 1132 3317 1185 τῶν
3345 1134 3570 1204 ἀστέρων
3596 1141 3725 1208 κινή-

3156 771 3345 840 χρόνου
3385 771 3533 838 φύσις
3560 776 3715 828 ἐπιλε-

2194 1245 2278 1280 σει
2329 1226 2572 1297 νομίζειν
2605 1225 2875 1294 γίνεσθαι,
2921 1223 3096 1278 ταῦτα
3137 1225 3193 1276 δὲ
3241 1220 3380 1277 εἶναι
3425 1225 3512 1278 τοῦ
3558 1229 3723 1298 χρόνον

2196 1320 2336 1390 μέρη
2359 1334 2372 1348 ⁸
2401 1318 2524 1372 ὅθεν
2559 1317 2648 1371 τὸν
2689 1318 2878 1388 χρόνον
2913 1317 3072 1370 ποιάν
3106 1332 3230 1369 τινα
3264 1314 3474 1385 κίνησιν
3516 1317 3728 1388 ἀστέρων

2194 1412 2541 1481 ἀπεφήνατο,
2591 1410 2712 1462 οὐδὲ
2757 1410 2886 1463 αὐτὸ
2925 1407 3084 1462 τοῦτο
3119 1408 3297 1471 συνεὶς
3340 1407 3367 1459 ὅ
3405 1425 3455 1459 τι
3484 1408 3634 1476 λέγει.
3665 1411 3726 1463 Οὐ

2199 1505 2310 1574 γάρ
2347 1503 2529 1566 ποιὰν,
2565 1503 2679 1556 ἀλλ’
2710 1504 2868 1573 εἴπερ
2903 1502 3035 1572 ἄρα,
3082 1501 3275 1571 ποσὴν,
3325 1500 3519 1570 μᾶλλον
3677 1495 3734 1569 ἦν

2195 1595 2374 1648 εἰπεῖν
2401 1595 2751 1664 οἰκειότερον.
2795 1592 2954 1645 Ἀλλά
2995 1593 3080 1654 τίς
3128 1590 3271 1644 οὕτω
3320 1594 3448 1655 παῖς
3490 1592 3733 1652 παντελῶς

2192 1688 2292 1758 τὴν
2307 1686 2567 1752 διάνοιαν,
2587 1687 2726 1739 ὥστε
2753 1687 2987 1753 ἀγνοεῖν,
3018 1685 3098 1736 ὅτι
3127 1683 3335 1753 ἡμέραι
3361 1684 3476 1753 μὲν,
3493 1684 3581 1737 καὶ
3597 1677 3733 1754 ὧραι,

2195 1780 2287 1832 καὶ
2313 1780 2501 1849 μῆνες,
2530 1779 2624 1831 καὶ
2650 1778 2904 1840 ἐνιαυτοὶ,
2937 1777 3107 1848 μέτρα
3136 1776 3228 1828 τοῦ
3245 1775 3440 1844 χρόνον
3579 1775 3700 1827 εἰσὶν
3722 1816 3734 1838 ,

520 1864 708 1927 horas,
741 1879 970 1929 menses,
1003 1879 1193 1928 annos,
1217 1863 1474 1933 temporis
1505 1879 1806 1929 mensuras,
1842 1879 1946 1917 non
1975 1878 2097 1932 par-

2204 1869 2316 1938 οὐχὶ
2348 1867 2488 1939 μέρη
2510 1885 2523 1932 ;
2560 1868 2764 1938 Χρόνος
2787 1867 2844 1918 δέ
2861 1867 2974 1917 ἐστι
2995 1865 3057 1918 τὸ
3082 1882 3144 1916 συ
3153 1864 3665 1935 μπαρεκτεινόμενον
3681 1866 3738 1934 τῇ

521 1967 604 2011 tes
644 1956 1065 2024 esseiTempus
1113 1965 1290 2010 autem
1343 1955 1578 2022 spatium
1613 1963 1719 2018 est,
1751 1953 1894 2022 quod
1945 1969 2097 2023 atque

520 2048 827 2102 extenditur
857 2058 1016 2114 atque
1045 2046 1157 2114 ipsa
1179 2046 1360 2099 mundi
1383 2045 1702 2099 constitutio
1726 2063 1740 2100 :
1763 2059 1872 2114 quo
1895 2054 2098 2098 motum

521 2152 736 2190 omnem
769 2137 881 2190 sive
923 2136 1220 2198 stellarum,
1255 2136 1368 2190 sive
1402 2134 1740 2200 animalium,
1774 2134 1886 2188 sive
1919 2135 2100 2202 cujus-

522 2241 735 2294 cunque
765 2227 840 2280 rei
867 2241 985 2294 qua:
1007 2233 1274 2288 movetur,
1305 2225 1659 2289 admetimur,
1687 2231 1847 2292 prout
1868 2223 2099 2278 dicimus

525 2319 668 2372 aliud
709 2319 816 2383 alio
857 2319 1092 2372 velocius
1132 2325 1225 2371 aut
1268 2317 1473 2371 tardius
1510 2330 1673 2371 esse:
1707 2315 1944 2370 velocius
1979 2313 2101 2382 qui-

525 2413 666 2472 dem,
696 2411 747 2464 id
773 2412 914 2480 quod
941 2411 1148 2464 minore
1177 2418 1415 2478 tempore
1444 2408 1559 2478 plus
1587 2407 1852 2477 percurrit
1892 2406 2050 2474 spatii
2081 2421 2096 2470 ;

528 2503 732 2555 tardius
755 2517 904 2564 vero,
923 2502 1063 2569 quod
1095 2500 1271 2554 minus
1300 2500 1542 2568 longiore
1568 2509 1810 2568 tempore
1833 2507 2095 2554 movetur.

529 2590 824 2644 Ennomius
854 2607 981 2646 vero
1009 2593 1260 2661 quoniam
1295 2593 1347 2646 in
1404 2602 1642 2659 tempore
1667 2590 1833 2644 stellae
1877 2601 2099 2642 moven-

533 2693 638 2747 tur,
669 2684 920 2751 temporis
951 2685 1093 2750 ipsas
1115 2698 1234 2736 esse
1259 2683 1477 2750 opiﬁces
1513 2679 1844 2750 pronuntiat.
1871 2678 2101 2731 Proinde

529 2789 592 2825 ex
629 2775 1009 2838 sapientissimi
1048 2775 1190 2828 illius
1229 2774 1518 2835 sententia,
1559 2773 1812 2840 quoniam
1859 2769 2106 2824 scarabei

530 2881 744 2933 quoque
781 2868 831 2919 in
866 2876 1103 2936 tempore
1137 2875 1440 2930 moventur,
1482 2863 1872 2918 constituamus
1898 2871 2104 2928 tempus

535 2957 692 3009 talem
737 2960 1019 3026 quantdam
1065 2959 1354 3012 motionem
1391 2970 1512 3010 esse
1557 2958 1981 3008 scarabeorum:
2018 2961 2101 3005 et-

533 3051 672 3100 enim
709 3052 849 3115 quod
878 3050 1036 3111 dixit,
1075 3051 1124 3102 id
1178 3050 1246 3104 ab
1281 3049 1382 3103 hoc
1415 3046 1545 3101 niltil
1591 3043 1792 3110 dilfert,
1826 3043 2100 3097 nominum

534 3141 789 3208 dignitate
817 3152 1056 3210 excepta.

1089 3291 1170 3344 Ea:
1204 3291 1380 3343 eodem
1408 3289 1563 3342 libro.

606 3385 774 3454 Majus
802 3383 889 3436 vel
919 3381 1169 3434 essentia:
1200 3381 1432 3441 ratione,
1472 3379 1554 3432 vel
1586 3378 1804 3432 virtutis
1836 3378 2104 3433 excellen-

533 3477 634 3538 tia,
672 3477 756 3529 vel
797 3473 1109 3538 przestantia
1167 3470 1473 3540 dignitatis,
1500 3471 1585 3524 vel
1615 3471 1776 3524 molis
1851 3470 2109 3538 amplitu-

533 3569 661 3623 dine
697 3566 920 3620 dicitur.
947 3564 1319 3631 Amplitudine
1354 3565 1512 3617 molis
1563 3565 1736 3633 majus
1781 3564 1870 3618 hic
1905 3564 2109 3617 intelli-

533 3658 583 3726 gi
620 3671 728 3710 non
764 3663 960 3722 potest.
991 3653 1124 3718 Quis
1152 3655 1295 3706 enim
1331 3668 1393 3706 ea
1424 3669 1544 3718 qua:
1574 3655 1720 3707 nulla
1779 3654 2108 3724 Inagniludi~

533 3763 601 3799 ne
633 3756 762 3799 sunt
795 3743 1230 3811 circumscripta,
1263 3745 1344 3797 vel
1377 3748 1558 3812 potius
1592 3762 1711 3814 qua:
1764 3747 1959 3798 molem
1999 3761 2104 3797 non

535 3836 735 3888 habent
764 3849 1010 3896 omnino,
1082 3843 1138 3886 et
1191 3833 1494 3900 quantitate
1545 3834 1908 3887 dimetiatur?
1975 3834 2106 3898 Quis

535 3942 749 3980 rursum
807 3939 992 3978 eorum
1023 3924 1398 3976 excellentiam
1449 3933 1707 3994 agnoscat
1757 3925 1865 3977 ullo
1925 3925 2104 3989 modo,

534 4032 654 4086 quae
679 4016 882 4068 nullam
914 4015 1667 4067 admittantdimensiouent?
1730 4011 1849 4066 Jant
1907 4015 1952 4068 si
2011 4015 2104 4066 Dei

535 4110 693 4162 sedes
727 4107 1113 4177 diguitatisest
1145 4121 1368 4168 nomen,
1396 4107 1569 4158 sessio
1594 4107 1659 4158 ad
1689 4105 1967 4159 dexteram
2005 4105 2106 4157 Pa-

535 4201 635 4251 tris
659 4197 796 4249 Filio
827 4195 1046 4248 deﬁnita
1073 4195 1199 4262 qttid
1236 4198 1385 4248 aliud
1439 4197 1730 4265 signiﬁcat,
1784 4197 1884 4249 nisi
1918 4211 2104 4265 parem

536 4296 591 4339 et
624 4287 884 4353 aequalem
917 4285 1196 4353 dignitatis
1223 4285 1467 4338 statum?
1534 4285 1898 4339 Denuntiatur
1958 4286 2104 4338 enim

534 4385 591 4431 et
620 4376 882 4428 Dominus
909 4375 961 4426 in
989 4375 1158 4443 gloria
1185 4375 1366 4430 Patris
1418 4392 1536 4430 esse
1559 4387 1843 4430 venturus.
1906 4374 2102 4430 Filium

535 4485 666 4523 vero
698 4467 897 4520 virtute
923 4467 1185 4519 minorem
1216 4467 1417 4532 dicere,
1471 4484 1632 4537 quam
1664 4468 1822 4521 Pater
1855 4468 1945 4534 sit,
1979 4485 2102 4523 cum

2202 1960 2462 2012 συστάσει
2513 1958 2606 2013 τοῦ
2664 1959 2872 2028 κόσμου
2903 1957 3210 2027 διάστημα·
3257 1949 3306 2022 ᾧ
3354 1957 3499 2008 πᾶσα
3523 1971 3743 2026 παραμε-

2195 2055 2407 2122 τρεῖται
2442 2052 2671 2121 κίνησις,
2707 2051 2816 2102 εἴτε
2844 2049 3106 2119 ἀστέρων,
3137 2050 3244 2100 εἴτε
3273 2047 3450 2112 ζώων,
3485 2048 3587 2100 εἴτε
3618 2048 3744 2101 οὑτι-

2198 2142 2386 2195 νοσοῦν
2569 2142 2677 2195 τῶν
2724 2144 3081 2212 κινουμένων,
3111 2140 3246 2193 καθὸ
3272 2140 3502 2210 λέγομεν
3541 2138 3744 2208 ταχύτε-

2204 2249 2294 2304 ρον
2328 2233 2361 2302 ἢ
2403 2231 2728 2303 βραδύτερον
2757 2231 2941 2301 ἕτερον
2974 2231 3157 2301 ἐτέρου
3178 2247 3190 2260 °
3237 2230 3536 2300 ταχύτερον
3578 2228 3667 2298 μὲν
3698 2227 3750 2279 τὸ

2203 2325 2261 2376 ὲν
2296 2323 2537 2376 ἐλάττονι
2557 2322 2948 2393 χρόνῳ-πλείον
2979 2321 3251 2392 διάστημα
3277 2320 3614 2390 μεταϐαῖνον,
3645 2319 3754 2388 βρα-

2201 2413 2423 2483 δύτερον
2457 2413 2513 2466 δὲ
2545 2413 2607 2466 τὸ
2644 2414 2864 2466 ἔλαττον
2906 2414 2962 2466 ὲν
2999 2412 3198 2465 πλείονι
3228 2411 3411 2482 χρόνῳ
3444 2411 3750 2479 κινούμενον.

2215 2503 2273 2555 Ὁ
2302 2503 2378 2568 δὲ,
2419 2503 2604 2574 ἐπειδὴ
2639 2505 2696 2555 ὲν
2716 2504 2892 2573 χρόνῳ
2920 2505 2968 2555 οἱ
3005 2503 3233 2570 ἀστέρες
3264 2501 3564 2563 κινοῦνται,
3588 2500 3755 2570 χρόνου

2204 2594 2403 2657 αὐτοὺς
2437 2592 2574 2648 εἶναι
2605 2595 2970 2665 δημιουργοὺς
3003 2592 3387 2661 ἀποφαίνεται.
3574 2589 3757 2642 Οὐκοῦν

2204 2685 2347 2739 κατὰ
2365 2688 2456 2740 τὸν
2480 2684 2573 2739 τοῦ
2612 2686 2926 2754 σοφωτάτου
2952 2687 3125 2752 λόγον,
3168 2685 3365 2755 ἐπειδὴ
3399 2684 3492 2736 καὶ
3525 2683 3761 2752 κάνθαροι

2209 2778 2266 2828 ὲν
2289 2777 2464 2848 χρόνῳ
2489 2778 2779 2840 κινοῦνται,
2802 2775 3112 2846 ὁρισώμεθα
3135 2776 3226 2828 τὸν
3247 2776 3446 2845 χρόνον
3469 2770 3603 2825 εἶναι
3623 2774 3762 2824 ποιάν

2207 2885 2328 2920 τινα
2365 2868 2652 2939 κανθάρων
2698 2868 2941 2938 κίνησινο
2978 2866 3128 2919 οὐδὲν
3162 2866 3272 2934 γὰρ
3310 2865 3504 2918 τούτου
3550 2865 3607 2917 τὸ
3651 2865 3766 2933 παρ’

2207 2959 2371 3011 αὑτοῦ
2431 2958 2622 3029 λεχθὲν
2672 2958 2938 3029 διαφέρει,
2989 2955 3127 3028 πλὴν
3160 2957 3257 3026 τῆς
3317 2957 3642 3028 σεμνότητος
3673 2955 3767 3006 τῶν

2206 3049 2506 3120 ὀνομάτων.

2641 3287 2742 3340 Ἐκ
2783 3283 2890 3338 τοῦ
2924 3283 3112 3336 αὐτοῦ
3142 3285 3362 3350 λόγου.

2280 3380 2352 3431 Τὸ
2394 3379 2579 3448 μεῖζον
2631 3378 2661 3448 ἢ
2695 3378 2837 3430 κατὰ
2865 3378 2956 3430 τὸν
2997 3377 3100 3445 τῆς
3129 3377 3330 3436 οὐσίας
3361 3374 3547 3442 λόγον,
3578 3371 3610 3443 ἢ
3644 3367 3774 3424 κατά

2206 3471 2301 3522 τὸν
2324 3469 2422 3536 τῆς
2458 3466 2742 3534 δυνάμεως
2778 3464 3145 3532 πλεονασμὸν,
3226 3462 3259 3532 ἢ
3298 3460 3452 3514 κατά
3481 3458 3581 3530 τὴν
3622 3457 3780 3523 ὑπερ-

2208 3561 2338 3631 οχὴν
2363 3558 2455 3612 τοῦ
2479 3558 2809 3627 ἀξιώματος,
2845 3556 2875 3623 ἢ
2905 3556 3048 3607 κατά
3071 3552 3169 3623 τὴν
3202 3553 3317 3604 τῶν
3341 3551 3527 3618 ὄγκων
3569 3562 3777 3616 περιουο

2209 3654 2330 3705 σίαν
2360 3652 2605 3718 λέγεται.
2630 3649 2789 3702 Κατά
2823 3647 2922 3717 μὲν
2959 3646 3050 3699 οὖν
3082 3645 3140 3697 τὸ
3169 3645 3283 3698 τῶν
3341 3644 3529 3708 ὄγκων
3565 3638 3782 3709 μέγεθος

2207 3745 2304 3794 οὐκ
2336 3746 2398 3795 ἂν
2433 3741 2670 3795 ἐνταῦθα
2698 3740 2757 3793 τὸ
2812 3737 2997 3808 μεῖζον
3049 3737 3287 3804 λέγοιτο.
3345 3737 3430 3788 Τἀ
3463 3735 3572 3803 γάρ
3602 3727 3783 3798 ἀπερί-

2205 3833 2386 3902 ληπτα
2423 3831 2503 3899 τῷ
2560 3829 2803 3899 μεγέθει,
2838 3827 3038 3896 μᾶλλον
3065 3825 3121 3877 δὲ
3145 3823 3433 3893 ἀμεγέθη,
3504 3821 3601 3874 καὶ
3623 3819 3787 3873 άποσα

2207 3923 2487 3986 παντελῶς
2517 3939 2597 3984 τις
2645 3920 2710 3973 ἂν
2741 3920 2994 3988 ἀλλήλοις
3036 3918 3563 3988 παραμετρήσειεν.
3608 3911 3697 3960 Ὣν
3735 3906 3785 3956 δὲ

2209 4014 2548 4086 ἀμήχανοςὴ
2582 4013 2908 4081 παράθεσις.
2951 4010 3056 4063 τίνι
3103 4009 3168 4062 ἂν
3198 4008 3402 4078 τρόπῳ
3430 4007 3492 4059 τὸ
3533 3998 3792 4073 ὑπερϐάλ-

2204 4109 2294 4161 λον
2339 4110 2394 4160 ὲν
2459 4108 2667 4167 τούτοις
2694 4104 3094 4172 ὲπιγνωσθείη;
3143 4101 3312 4154 Ἀλλὰ
3346 4101 3460 4171 μὴν
3487 4099 3600 4166 εῐγε
3643 4093 3730 4147 καὶ
3764 4094 3788 4143 6

2205 4200 2391 4266 θρόνος
2423 4198 2517 4250 τοῦ
2543 4197 2676 4250 Θεοῦ
2715 4195 3028 4264 ἀξιώματός
3090 4194 3242 4245 ἐστιν
3303 4192 3512 4262 ὀνομα,
3547 4191 3579 4256 ὴ
3619 4188 3682 4240 ὲκ
3711 4185 3790 4237 δε-

2205 4290 2334 4356 ξιῶν
2352 4289 2443 4341 τοῦ
2477 4289 2686 4358 [ἰατρὸς
2741 4286 3098 4355 ἀφωρισμένη
3158 4283 3236 4352 τῷ
3271 4283 3397 4352 Υἱῷ
3469 4280 3709 4348 καθέδρα
3744 4274 3791 4328 τί

2205 4397 2334 4433 ποτε
2364 4381 2572 4448 ἕτερον,
2617 4380 2714 4432 καὶ
2757 4379 2875 4447 οὐχὶ
2903 4378 2961 4428 τὸ
2993 4377 3236 4444 ἰσότιμον
3262 4376 3374 4444 τῆς
3401 4373 3563 4439 ἀξίας
3593 4373 3792 4436 ἀποση·

2210 4471 2416 4540 μαίνει;
2449 4471 2545 4522 καὶ
2580 4469 2690 4540 γὰρ
2720 4471 2812 4522 καὶ
2849 4469 3000 4538 ἥξειν
3031 4468 3059 4518 ὁ
3119 4465 3338 4534 Κύριος
3401 4462 3794 4532 ἐπαγγέλλεται

536 4561 631 4615 Dei
656 4559 911 4613 virtutem
968 4559 1171 4611 Paulus
1221 4558 1501 4613 Christum
1561 4560 1796 4646 appellet
1838 4561 1882 4623 ¹,
1945 4560 2099 4628 plane

2210 4566 2266 4617 ἐν
2298 4565 2364 4632 τῇ
2401 4562 2526 4632 δόξῃ
2584 4561 2678 4614 τοῦ
2704 4557 3144 4628 Πατρό;.·Ἀλλά
3184 4562 3282 4608 καὶ
3308 4556 3377 4609 τδ
3419 4555 3610 4623 λέγειν
3646 4551 3795 4605 ἐλατ-

535 4652 745 4719 puerile
772 4659 875 4714 est,
915 4661 1180 4703 eteorum
1209 4649 1301 4717 qui
1336 4650 1545 4702 Domini
1581 4666 1768 4702 vocent
1796 4665 1904 4702 non
1938 4667 2105 4702 exau-

537 4725 711 4806 diant,
740 4739 977 4792 dicentis
1005 4757 1018 4792 :
1049 4737 1161 4808 Ego
1223 4751 1268 4793 et
1319 4738 1483 4791 Pater
1535 4755 1697 4790 unum
1743 4756 1924 4793 smnus
1957 4739 1998 4802 ³,
2026 4741 2104 4793 sic

535 4845 695 4881 unum
719 4829 1060 4898 accipientis,
1098 4838 1157 4882 ut
1189 4829 1401 4882 virtutis
1422 4829 1783 4898 mqualitatem
1812 4829 2100 4900 signiticet,

533 4920 993 4987 quemadmodum
1026 4937 1090 4975 ex
1117 4922 1250 4990 ipsis
1280 4921 1558 4988 Evangelii
1608 4922 1787 4975 verbis
1837 4923 2101 4977 ostende-

536 5024 681 5062 mus.
733 5008 867 5062 Cum
897 5009 1042 5063 enim
1076 5010 1143 5064 de
1175 5012 1242 5065 iis
1297 5012 1390 5080 qui
1428 5012 1478 5064 in
1514 5026 1574 5065 se
1609 5013 1979 5084 crediderant,
2028 5015 2107 5069 lo-

537 5115 712 5169 quens
734 5098 970 5154 dixisset
1034 5117 1046 5152 :
1085 5101 1250 5154 Nemo
1287 5104 1456 5170 rapiet
1509 5103 1627 5156 alios
1661 5119 1688 5157 ε
1723 5120 1884 5156 manu
1925 5122 2042 5159 mea
2064 5105 2110 5160 ⁸.

537 5192 602 5243 Et
629 5205 644 5243 :
669 5190 830 5244 Pater
857 5192 945 5261 qui
964 5191 1104 5243 dedit
1141 5193 1289 5256 mihi,
1319 5194 1493 5262 major
1527 5195 1763 5248 omnibus
1813 5207 1889 5250 est
1923 5197 1965 5251 '.
2004 5199 2108 5253 Et:

533 5281 706 5336 Nemo
731 5292 898 5352 potest
937 5299 1123 5351 rapere
1157 5300 1183 5336 e
1213 5301 1374 5336 manu
1411 5284 1593 5339 Patris
1637 5288 1738 5340 mei
1771 5288 1813 5352 ⁸,
1845 5289 2100 5358 subiicit:

531 5375 642 5445 Ego
669 5385 718 5429 et
743 5376 904 5430 Pater
946 5392 1106 5429 unum
1147 5392 1349 5429 sumus.
1383 5375 1459 5429 Ex
1503 5393 1612 5440 quo
1640 5379 1988 5448 perspicuum
2023 5391 2106 5436 est

531 5468 684 5535 illud,
721 5486 904 5535 unum,
946 5471 1155 5525 virtute
1181 5468 1245 5524 et'
1266 5469 1510 5539 potentia
1544 5485 1728 5540 parem
1762 5473 2098 5544 signiﬁcare.

531 5559 822 5630 Reliquum
847 5573 932 5618 est
960 5563 1150 5634 igitur.
1185 5571 1248 5617 ιιι
1287 5564 1462 5631 majus
1494 5563 1582 5618 hic
1615 5579 1792 5619 causae
1828 5566 2096 5621 rationem

529 5649 885 5709 demonstret.
929 5654 1064 5709 Nam
1105 5658 1364 5727 quoniam
1395 5670 1426 5710 a
1475 5655 1634 5710 Patre
1662 5656 1832 5711 Filius
1883 5658 2094 5727 princi-

625 5785 639 5816 ⁸
675 5785 786 5841 .los.
822 5804 876 5852 ι,
915 5791 1002 5857 12,
1040 5793 1126 5846 l3.
1201 5795 1221 5825 ³
1256 5794 1300 5848 ll
1323 5792 1449 5850 Cor.
1487 5811 1524 5859 ι,
1556 5793 1645 5848 24.

1727 5792 1746 5823 ³
1774 5791 1931 5846 Joau.
1969 5809 2020 5857 ς,
2052 5794 2139 5848 50.
2219 5793 2237 5824 ⁸
2265 5794 2394 5849 Ibid.
2428 5796 2517 5857 ‘28,

2208 4654 2430 4708 τοῦσθαι
2453 4654 2787 4722 δυνάμειτδν
2829 4652 2957 4704 Υἱδν
2986 4649 3078 4703 τοῦ
3102 4651 3327 4718 Πατρδς
3363 4650 3570 4720 κομιδῆ
3600 4647 3796 4717 νηπίων

2207 4747 2347 4800 ἐστι.
2406 4745 2640 4817 Χριστὸς
2676 4744 2806 4813 γὰρ,
2845 4741 3004 4813 φησὶ,
3048 4739 3182 4793 Θεοῦ
3223 4740 3499 4811 δύναμις.
3534 4741 3646 4794 Καὶ
3689 4735 3799 4790 οὐδὲ

2210 4838 2627 4890 κατακουόντων
2682 4834 2779 4903 τῆς
2825 4834 3009 4904 φωνῆς
3042 4832 3249 4901 Κυρίου
3289 4831 3564 4899 λέγοντος
3591 4847 3606 4860 ο
3662 4825 3798 4894 Ἰἰῖὼ

2209 4930 2306 4984 καὶ
2349 4931 2380 4982 ὁ
2408 4929 2615 4995 Πατὴρ
2643 4926 2711 4979 ἓν
2739 4926 2946 4994 ἐσμεν,
3005 4924 3099 4978 καὶ
3119 4925 3180 4976 τὸ
3228 4923 3309 4976 ἓν
3349 4924 3482 4978 ἀντὶ
3515 4921 3610 4976 τοῦ
3667 4918 3796 4972 κατὰ

2207 5021 2305 5090 τὴν
2337 5019 2569 5088 δύναμιν
2622 5020 2741 5072 ῐσου
2787 5015 3346 5087 παραλαμϐάνοντος,
3417 5016 3498 5077 ὡς
3537 5013 3596 5077 ἐξ
3630 5009 3796 5064 αὐτῶν

2206 5114 2456 5182 δείξομεν
2486 5110 2593 5164 τῶν
2647 5109 2738 5163 τοῦ
2764 5107 3101 5176 Εὑαγγελίου
3126 5107 3434 5176 ῥημάτων.
3482 5105 3671 5160 Εἰπὼν
3701 5100 3795 5169 γὰρ

2208 5205 2338 5273 περὶ
2368 5202 2473 5256 τῶν
2506 5200 2937 5260 πιστευσάντων,
2975 5199 3057 5250 ὅτι
3093 5198 3173 5249 Οὐ
3199 5196 3294 5264 μή
3333 5215 3431 5262 τις
3460 5195 3706 5264 ἁρπάσῃ
3733 5191 3794 5244 ἐκ

2217 5288 2327 5354 τῆς
2354 5291 2553 5355 χειρός
2582 5308 2723 5359 μου,
2757 5289 2850 5341 καὶ
2875 5275 3058 5341 sum
3085 5284 3297 5352 Πατὴρ
3341 5285 3414 5352 ὃς
3449 5281 3676 5338 δέδωκέ
3705 5294 3794 5349 μοι

2205 5378 2421 5451 μείζων
2454 5381 2695 5435 πάντων
2729 5381 2884 5444 ἐστὶ,
2939 5379 3034 5431 καὶ
3065 5377 3284 5441 Οὐδεὶς
3316 5378 3587 5431 δύναται
3619 5369 3795 5442 ἀρπά-

2209 5488 2315 5529 σαι
2342 5474 2412 5526 ἐκ
2444 5473 2553 5540 τῆς
2606 5473 2803 5542 χειρὸς
2857 5471 2964 5525 τοῦ
3013 5471 3248 5538 Πατρός
3279 5487 3434 5540 μου,
3471 5469 3752 5538 ἐπήγαγεν
3782 5476 3796 5490 ’

2235 5567 2368 5635 Era)
2394 5555 2495 5618 καὶ
2529 5568 2562 5618 ό
2600 5564 2800 5632 Πατὴρ
2828 5563 2897 5616 ἓν
2922 5563 3132 5632 ἐσμεν,
3151 5564 3360 5629 σαφῶς
3393 5562 3494 5616 τοῦ
3517 5562 3589 5614 ἐν
3617 5561 3797 5624 ἐσμεν

2207 5657 2330 5712 ἀντὶ
2359 5657 2454 5711 τοῦ
2487 5659 2604 5713 ἴσου
2637 5659 2732 5711 καὶ
2763 5657 2963 5710 ταυτοῦ
2995 5657 3137 5712 κατὰ
3187 5655 3448 5729 δύναμιν
3503 5655 3793 5730 παραλαμο

2597 5796 2617 5826 ⁵
2644 5794 2775 5850 Ibid.
2803 5794 2892 5851 ‘19.
2979 5797 2998 5826 °
3025 5795 3160 5849 ibid.
