  <div class='ocr_page' id='page_1' title='image "/cluster/home/n/w/nwhite01/storage/ocr_20150623/130/mdp.39015078384255/262.png"; bbox 0 0 4102 6298; ppageno 0'>
   <div class='ocr_carea' id='block_1_1' title="bbox 408 473 522 539">
    <p class='ocr_par' dir='ltr' id='par_1_1' title="bbox 408 473 522 539">
     <span class='ocr_line' id='line_1_1' title="bbox 408 473 522 539; baseline 0.044 -6"><span class='ocrx_word' id='word_1_1' title='bbox 408 473 522 539; x_wconf 83' lang='lat'><strong>509</strong></span> 
     </span>
    </p>
   </div>
   <div class='ocr_carea' id='block_1_2' title="bbox 1399 479 2685 541">
    <p class='ocr_par' dir='ltr' id='par_1_2' title="bbox 1399 479 2685 541">
     <span class='ocr_line' id='line_1_2' title="bbox 1399 479 2685 541; baseline -0.001 -2"><span class='ocrx_word' id='word_1_2' title='bbox 1399 480 1778 541; x_wconf 81' lang='lat' dir='ltr'><strong>PANOPLIA</strong></span> <span class='ocrx_word' id='word_1_3' title='bbox 1812 479 2266 540; x_wconf 72' lang='lat' dir='ltr'><strong>DOGMATlCA.</strong></span> <span class='ocrx_word' id='word_1_4' title='bbox 2303 500 2366 516; x_wconf 77' lang='lat'><strong>-</strong></span> <span class='ocrx_word' id='word_1_5' title='bbox 2400 479 2547 540; x_wconf 88' lang='lat' dir='ltr'><strong>TIT.</strong></span> <span class='ocrx_word' id='word_1_6' title='bbox 2580 479 2685 539; x_wconf 83' lang='lat' dir='ltr'><strong>X1.</strong></span> 
     </span>
    </p>
   </div>
   <div class='ocr_carea' id='block_1_3' title="bbox 3571 473 3675 540">
    <p class='ocr_par' dir='ltr' id='par_1_3' title="bbox 3571 473 3675 540">
     <span class='ocr_line' id='line_1_3' title="bbox 3571 473 3675 540; baseline 0.01 -1"><span class='ocrx_word' id='word_1_7' title='bbox 3571 473 3675 540; x_wconf 82' lang='grc'><strong>510</strong></span> 
     </span>
    </p>
   </div>
   <div class='ocr_carea' id='block_1_4' title="bbox 413 582 1989 659">
    <p class='ocr_par' dir='ltr' id='par_1_4' title="bbox 413 582 1989 658">
     <span class='ocr_line' id='line_1_4' title="bbox 413 582 1989 658; baseline 0.004 -24"><span class='ocrx_word' id='word_1_8' title='bbox 413 582 738 652; x_wconf 73' lang='grc' dir='ltr'>6α-.ομένου.</span> <span class='ocrx_word' id='word_1_9' title='bbox 771 584 1037 640; x_wconf 86' lang='grc' dir='ltr'>Λείπεται</span> <span class='ocrx_word' id='word_1_10' title='bbox 1059 584 1238 642; x_wconf 79' lang='grc' dir='ltr'>τοίνυν</span> <span class='ocrx_word' id='word_1_11' title='bbox 1264 591 1408 642; x_wconf 81' lang='grc' dir='ltr'>κατὰ</span> <span class='ocrx_word' id='word_1_12' title='bbox 1434 591 1524 642; x_wconf 68' lang='grc' dir='ltr'><strong>τὸν</strong></span> <span class='ocrx_word' id='word_1_13' title='bbox 1562 592 1660 658; x_wconf 77' lang='grc' dir='ltr'><strong>τῆς</strong></span> <span class='ocrx_word' id='word_1_14' title='bbox 1692 591 1874 652; x_wconf 82' lang='grc' dir='ltr'><strong>αἰτίας</strong></span> <span class='ocrx_word' id='word_1_15' title='bbox 1902 589 1989 641; x_wconf 85' lang='grc' dir='ltr'>λό-</span> 
     </span>
    </p>
   </div>
   <div class='ocr_carea' id='block_1_5' title="bbox 2094 582 3672 659">
    <p class='ocr_par' dir='ltr' id='par_1_5' title="bbox 2099 584 3672 659">
     <span class='ocr_line' id='line_1_5' title="bbox 2099 584 3672 659; baseline -0.002 -17"><span class='ocrx_word' id='word_1_16' title='bbox 2099 591 2246 659; x_wconf 88' lang='lat' dir='ltr'><strong>pium</strong></span> <span class='ocrx_word' id='word_1_17' title='bbox 2285 590 2466 654; x_wconf 78' lang='lat' dir='ltr'><strong>habet,</strong></span> <span class='ocrx_word' id='word_1_18' title='bbox 2503 589 2704 643; x_wconf 86' lang='lat' dir='ltr'><strong>idcirco</strong></span> <span class='ocrx_word' id='word_1_19' title='bbox 2736 588 2915 651; x_wconf 74' lang='lat' dir='ltr'><strong>Pater,</strong></span> <span class='ocrx_word' id='word_1_20' title='bbox 2945 595 3003 640; x_wconf 90' lang='lat' dir='ltr'><strong>ut</strong></span> <span class='ocrx_word' id='word_1_21' title='bbox 3032 601 3196 640; x_wconf 88' lang='lat' dir='ltr'><strong>causa</strong></span> <span class='ocrx_word' id='word_1_22' title='bbox 3232 593 3286 642; x_wconf 87' lang='lat' dir='ltr'><strong>et</strong></span> <span class='ocrx_word' id='word_1_23' title='bbox 3314 584 3672 655; x_wconf 82' lang='lat' dir='ltr'><strong>principium,</strong></span> 
     </span>
    </p>
   </div>
   <div class='ocr_carea' id='block_1_6' title="bbox 409 675 1994 751">
    <p class='ocr_par' dir='ltr' id='par_1_6' title="bbox 409 675 1994 751">
     <span class='ocr_line' id='line_1_6' title="bbox 409 675 1994 751; baseline 0.004 -24"><span class='ocrx_word' id='word_1_24' title='bbox 409 692 513 743; x_wconf 84' lang='grc' dir='ltr'><strong>γον</strong></span> <span class='ocrx_word' id='word_1_25' title='bbox 543 675 779 729; x_wconf 75' lang='grc' dir='ltr'>ἐνταῦθα</span> <span class='ocrx_word' id='word_1_26' title='bbox 807 679 866 730; x_wconf 88' lang='grc' dir='ltr'><strong>τὸ</strong></span> <span class='ocrx_word' id='word_1_27' title='bbox 901 681 1088 748; x_wconf 76' lang='grc' dir='ltr'>μεῖζον</span> <span class='ocrx_word' id='word_1_28' title='bbox 1111 680 1391 747; x_wconf 77' lang='grc' dir='ltr'>λέγεσθαι.</span> <span class='ocrx_word' id='word_1_29' title='bbox 1445 681 1666 751; x_wconf 80' lang='grc' dir='ltr'>Ἐπειδὴ</span> <span class='ocrx_word' id='word_1_30' title='bbox 1708 683 1816 751; x_wconf 81' lang='grc' dir='ltr'><strong>γάρ</strong></span> <span class='ocrx_word' id='word_1_31' title='bbox 1842 680 1994 749; x_wconf 85' lang='grc' dir='ltr'><strong>παρὰ</strong></span> 
     </span>
    </p>
   </div>
   <div class='ocr_carea' id='block_1_7' title="bbox 415 767 1993 841">
    <p class='ocr_par' dir='ltr' id='par_1_7' title="bbox 415 767 1993 841">
     <span class='ocr_line' id='line_1_7' title="bbox 415 767 1993 841; baseline 0.001 -21"><span class='ocrx_word' id='word_1_32' title='bbox 415 767 515 820; x_wconf 90' lang='grc' dir='ltr'><strong>τοῦ</strong></span> <span class='ocrx_word' id='word_1_33' title='bbox 550 768 764 836; x_wconf 84' lang='grc' dir='ltr'>Πατρὸς</span> <span class='ocrx_word' id='word_1_34' title='bbox 791 771 824 839; x_wconf 77' lang='grc' dir='ltr'><strong>ἡ</strong></span> <span class='ocrx_word' id='word_1_35' title='bbox 849 771 991 838; x_wconf 83' lang='grc' dir='ltr'>ἁρχὴ</span> <span class='ocrx_word' id='word_1_36' title='bbox 1027 770 1103 839; x_wconf 83' lang='grc' dir='ltr'>τῷ</span> <span class='ocrx_word' id='word_1_37' title='bbox 1131 770 1268 841; x_wconf 81' lang='grc' dir='ltr'>Υίῷ,</span> <span class='ocrx_word' id='word_1_38' title='bbox 1321 773 1464 824; x_wconf 70' lang='grc' dir='ltr'>κατὰ</span> <span class='ocrx_word' id='word_1_39' title='bbox 1522 773 1683 824; x_wconf 83' lang='grc' dir='ltr'>τοῦτο</span> <span class='ocrx_word' id='word_1_40' title='bbox 1732 769 1936 841; x_wconf 76' lang='grc' dir='ltr'>μείζων</span> <span class='ocrx_word' id='word_1_41' title='bbox 1966 773 1993 822; x_wconf 85' lang='grc' dir='ltr'>ὁ</span> 
     </span>
    </p>
   </div>
   <div class='ocr_carea' id='block_1_8' title="bbox 415 859 1992 934">
    <p class='ocr_par' dir='ltr' id='par_1_8' title="bbox 415 859 1992 934">
     <span class='ocr_line' id='line_1_8' title="bbox 415 859 1992 934; baseline 0.001 -22"><span class='ocrx_word' id='word_1_42' title='bbox 415 859 628 931; x_wconf 82' lang='grc' dir='ltr'>Πατὴρ,</span> <span class='ocrx_word' id='word_1_43' title='bbox 665 862 739 923; x_wconf 80' lang='grc' dir='ltr'>ὡς</span> <span class='ocrx_word' id='word_1_44' title='bbox 773 862 976 926; x_wconf 87' lang='grc' dir='ltr'>αίτιος,</span> <span class='ocrx_word' id='word_1_45' title='bbox 1023 865 1119 915; x_wconf 71' lang='grc' dir='ltr'><strong>καὶ</strong></span> <span class='ocrx_word' id='word_1_46' title='bbox 1156 865 1320 933; x_wconf 82' lang='grc' dir='ltr'><strong>ἀρχή.</strong></span> <span class='ocrx_word' id='word_1_47' title='bbox 1352 865 1453 916; x_wconf 90' lang='grc' dir='ltr'>Διὸ</span> <span class='ocrx_word' id='word_1_48' title='bbox 1489 867 1583 916; x_wconf 77' lang='grc' dir='ltr'><strong>καὶ</strong></span> <span class='ocrx_word' id='word_1_49' title='bbox 1613 866 1640 916; x_wconf 88' lang='grc' dir='ltr'><strong>ὁ</strong></span> <span class='ocrx_word' id='word_1_50' title='bbox 1672 863 1873 934; x_wconf 79' lang='grc' dir='ltr'>Κύριος</span> <span class='ocrx_word' id='word_1_51' title='bbox 1903 863 1992 916; x_wconf 83' lang='grc' dir='ltr'>οῦ-</span> 
     </span>
    </p>
   </div>
   <div class='ocr_carea' id='block_1_9' title="bbox 411 949 1994 1024">
    <p class='ocr_par' dir='ltr' id='par_1_9' title="bbox 411 949 1994 1024">
     <span class='ocr_line' id='line_1_9' title="bbox 411 949 1994 1024; baseline 0.003 -21"><span class='ocrx_word' id='word_1_52' title='bbox 411 969 526 1014; x_wconf 81' lang='grc' dir='ltr'>τως</span> <span class='ocrx_word' id='word_1_53' title='bbox 581 949 739 1004; x_wconf 76' lang='grc' dir='ltr'>εἶπεν</span> <span class='ocrx_word' id='word_1_54' title='bbox 787 969 799 981; x_wconf 89' lang='grc'>·</span> <span class='ocrx_word' id='word_1_55' title='bbox 841 951 895 1004; x_wconf 85' lang='lat'><strong>&#39;0</strong></span> <span class='ocrx_word' id='word_1_56' title='bbox 925 953 1128 1020; x_wconf 84' lang='grc' dir='ltr'>Πατήρ</span> <span class='ocrx_word' id='word_1_57' title='bbox 1145 972 1266 1023; x_wconf 79' lang='grc' dir='ltr'>μου</span> <span class='ocrx_word' id='word_1_58' title='bbox 1287 954 1502 1024; x_wconf 73' lang='grc' dir='ltr'>μείζὶυν</span> <span class='ocrx_word' id='word_1_59' title='bbox 1525 958 1642 1024; x_wconf 82' lang='grc' dir='ltr'>μού</span> <span class='ocrx_word' id='word_1_60' title='bbox 1673 956 1826 1017; x_wconf 74' lang='grc' dir='ltr'>ἐστὶ,</span> <span class='ocrx_word' id='word_1_61' title='bbox 1860 954 1994 1008; x_wconf 89' lang='grc' dir='ltr'>καθὸ</span> 
     </span>
    </p>
   </div>
   <div class='ocr_carea' id='block_1_10' title="bbox 414 1042 1968 1116">
    <p class='ocr_par' dir='ltr' id='par_1_10' title="bbox 414 1042 1968 1116">
     <span class='ocr_line' id='line_1_10' title="bbox 414 1042 1968 1116; baseline 0.003 -23"><span class='ocrx_word' id='word_1_62' title='bbox 414 1042 604 1112; x_wconf 78' lang='grc' dir='ltr'>Πατὴρ</span> <span class='ocrx_word' id='word_1_63' title='bbox 670 1042 936 1110; x_wconf 82' lang='grc' dir='ltr'>δηλονότι.</span> <span class='ocrx_word' id='word_1_64' title='bbox 976 1045 1048 1096; x_wconf 87' lang='grc' dir='ltr'>Τὸ</span> <span class='ocrx_word' id='word_1_65' title='bbox 1076 1046 1131 1097; x_wconf 86' lang='grc' dir='ltr'>δὲ</span> <span class='ocrx_word' id='word_1_66' title='bbox 1159 1046 1347 1116; x_wconf 83' lang='grc' dir='ltr'>Πατὴρ</span> <span class='ocrx_word' id='word_1_67' title='bbox 1376 1047 1425 1097; x_wconf 88' lang='grc' dir='ltr'><strong>τί</strong></span> <span class='ocrx_word' id='word_1_68' title='bbox 1456 1047 1581 1099; x_wconf 77' lang='grc' dir='ltr'>ἄλλο</span> <span class='ocrx_word' id='word_1_69' title='bbox 1619 1046 1904 1114; x_wconf 76' lang='grc' dir='ltr'>σημαίνει,</span> <span class='ocrx_word' id='word_1_70' title='bbox 1935 1046 1968 1116; x_wconf 82' lang='grc' dir='ltr'><strong>ἢ</strong></span> 
     </span>
    </p>
   </div>
   <div class='ocr_carea' id='block_1_11' title="bbox 407 1131 1992 1207">
    <p class='ocr_par' dir='ltr' id='par_1_11' title="bbox 407 1131 1992 1207">
     <span class='ocr_line' id='line_1_11' title="bbox 407 1131 1992 1207; baseline 0.004 -23"><span class='ocrx_word' id='word_1_71' title='bbox 407 1135 472 1184; x_wconf 84' lang='grc' dir='ltr'><strong>τὸ</strong></span> <span class='ocrx_word' id='word_1_72' title='bbox 501 1134 650 1187; x_wconf 80' lang='grc' dir='ltr'>αἰτία</span> <span class='ocrx_word' id='word_1_73' title='bbox 698 1131 954 1188; x_wconf 70' lang='grc' dir='ltr'>εἶναικαὶ</span> <span class='ocrx_word' id='word_1_74' title='bbox 993 1137 1134 1206; x_wconf 75' lang='grc' dir='ltr'><strong>ἁρχὴ</strong></span> <span class='ocrx_word' id='word_1_75' title='bbox 1160 1137 1253 1189; x_wconf 88' lang='grc' dir='ltr'><strong>τοῦ</strong></span> <span class='ocrx_word' id='word_1_76' title='bbox 1296 1137 1356 1200; x_wconf 78' lang='grc' dir='ltr'>ἐξ</span> <span class='ocrx_word' id='word_1_77' title='bbox 1395 1137 1559 1190; x_wconf 84' lang='grc' dir='ltr'>αὐτοῦ</span> <span class='ocrx_word' id='word_1_78' title='bbox 1602 1139 1992 1207; x_wconf 75' lang='grc' dir='ltr'>γεννηθέντοςς</span> 
     </span>
    </p>
   </div>
   <div class='ocr_carea' id='block_1_12' title="bbox 411 1224 1995 1298">
    <p class='ocr_par' dir='ltr' id='par_1_12' title="bbox 411 1224 1995 1298">
     <span class='ocr_line' id='line_1_12' title="bbox 411 1224 1995 1298; baseline 0.002 -21"><span class='ocrx_word' id='word_1_79' title='bbox 411 1225 607 1278; x_wconf 82' lang='grc' dir='ltr'>Καίτοι</span> <span class='ocrx_word' id='word_1_80' title='bbox 636 1227 684 1277; x_wconf 89' lang='grc' dir='ltr'><strong>εί</strong></span> <span class='ocrx_word' id='word_1_81' title='bbox 718 1229 861 1280; x_wconf 75' lang='grc' dir='ltr'>κατὰ</span> <span class='ocrx_word' id='word_1_82' title='bbox 892 1228 982 1280; x_wconf 90' lang='grc' dir='ltr'><strong>τὸν</strong></span> <span class='ocrx_word' id='word_1_83' title='bbox 1021 1231 1117 1280; x_wconf 91' lang='grc' dir='ltr'><strong>σὸν</strong></span> <span class='ocrx_word' id='word_1_84' title='bbox 1151 1228 1330 1295; x_wconf 85' lang='grc' dir='ltr'>λόγον,</span> <span class='ocrx_word' id='word_1_85' title='bbox 1357 1224 1400 1280; x_wconf 79' lang='grc' dir='ltr'>ὦ</span> <span class='ocrx_word' id='word_1_86' title='bbox 1430 1231 1658 1298; x_wconf 81' lang='grc' dir='ltr'>Εὑνόμιε</span> <span class='ocrx_word' id='word_1_87' title='bbox 1681 1271 1698 1295; x_wconf 92' lang='grc'><strong>,</strong></span> <span class='ocrx_word' id='word_1_88' title='bbox 1728 1229 1789 1282; x_wconf 91' lang='grc' dir='ltr'><strong>τὸ</strong></span> <span class='ocrx_word' id='word_1_89' title='bbox 1830 1229 1995 1295; x_wconf 82' lang='grc' dir='ltr'><strong>ἀγέν-</strong></span> 
     </span>
    </p>
   </div>
   <div class='ocr_carea' id='block_1_13' title="bbox 377 1318 1993 1395">
    <p class='ocr_par' dir='ltr' id='par_1_13' title="bbox 377 1318 1993 1395">
     <span class='ocr_line' id='line_1_13' title="bbox 377 1318 1993 1395; baseline 0.003 -24"><span class='ocrx_word' id='word_1_90' title='bbox 377 1337 573 1390; x_wconf 43' lang='grc' dir='ltr'>.νητον</span> <span class='ocrx_word' id='word_1_91' title='bbox 601 1321 759 1374; x_wconf 85' lang='grc' dir='ltr'>οὐσία</span> <span class='ocrx_word' id='word_1_92' title='bbox 794 1318 884 1392; x_wconf 84' lang='grc' dir='ltr'>ἦν,</span> <span class='ocrx_word' id='word_1_93' title='bbox 956 1323 1216 1376; x_wconf 69' lang='grc' dir='ltr'>ἐϐούλετο</span> <span class='ocrx_word' id='word_1_94' title='bbox 1275 1324 1328 1376; x_wconf 84' lang='grc' dir='ltr'>δὲ</span> <span class='ocrx_word' id='word_1_95' title='bbox 1367 1324 1464 1395; x_wconf 86' lang='grc' dir='ltr'>τὴν</span> <span class='ocrx_word' id='word_1_96' title='bbox 1513 1326 1632 1376; x_wconf 81' lang='grc' dir='ltr'>κατ’</span> <span class='ocrx_word' id='word_1_97' title='bbox 1672 1325 1861 1377; x_wconf 79' lang='grc' dir='ltr'>οὐσίαν</span> <span class='ocrx_word' id='word_1_98' title='bbox 1900 1325 1993 1377; x_wconf 84' lang='grc' dir='ltr'><strong>τοῦ</strong></span> 
     </span>
    </p>
   </div>
   <div class='ocr_carea' id='block_1_14' title="bbox 410 1408 1989 1482">
    <p class='ocr_par' dir='ltr' id='par_1_14' title="bbox 410 1408 1989 1482">
     <span class='ocr_line' id='line_1_14' title="bbox 410 1408 1989 1482; baseline 0.003 -22"><span class='ocrx_word' id='word_1_99' title='bbox 410 1409 628 1480; x_wconf 79' lang='grc' dir='ltr'>Πατρὸς</span> <span class='ocrx_word' id='word_1_100' title='bbox 658 1411 936 1482; x_wconf 84' lang='grc' dir='ltr'>ὑπεροχὴν</span> <span class='ocrx_word' id='word_1_101' title='bbox 971 1413 1262 1476; x_wconf 74' lang='grc' dir='ltr'>ἐπιδεῖξαι,</span> <span class='ocrx_word' id='word_1_102' title='bbox 1291 1408 1448 1464; x_wconf 75' lang='grc' dir='ltr'>εἶπεν</span> <span class='ocrx_word' id='word_1_103' title='bbox 1483 1415 1571 1476; x_wconf 82' lang='grc' dir='ltr'><strong>ἂν,</strong></span> <span class='ocrx_word' id='word_1_104' title='bbox 1606 1415 1688 1465; x_wconf 83' lang='grc' dir='ltr'><strong>ὅτι</strong></span> <span class='ocrx_word' id='word_1_105' title='bbox 1733 1413 1790 1465; x_wconf 86' lang='lat'><strong>&#39;0</strong></span> <span class='ocrx_word' id='word_1_106' title='bbox 1827 1414 1989 1480; x_wconf 80' lang='grc' dir='ltr'>ἀγέν-</span> 
     </span>
    </p>
   </div>
   <div class='ocr_carea' id='block_1_15' title="bbox 408 1501 1986 1573">
    <p class='ocr_par' dir='ltr' id='par_1_15' title="bbox 408 1501 1986 1573">
     <span class='ocr_line' id='line_1_15' title="bbox 408 1501 1986 1573; baseline 0.003 -22"><span class='ocrx_word' id='word_1_107' title='bbox 408 1517 572 1569; x_wconf 86' lang='grc' dir='ltr'>νητος</span> <span class='ocrx_word' id='word_1_108' title='bbox 611 1501 814 1571; x_wconf 73' lang='grc' dir='ltr'>μείζων</span> <span class='ocrx_word' id='word_1_109' title='bbox 849 1502 953 1572; x_wconf 86' lang='grc' dir='ltr'><strong>μού</strong></span> <span class='ocrx_word' id='word_1_110' title='bbox 980 1504 1152 1556; x_wconf 72' lang='grc' dir='ltr'>ἐστίν.</span> <span class='ocrx_word' id='word_1_111' title='bbox 1201 1503 1500 1573; x_wconf 83' lang='grc' dir='ltr'>Ὑμέτερος</span> <span class='ocrx_word' id='word_1_112' title='bbox 1555 1503 1611 1556; x_wconf 87' lang='grc' dir='ltr'>δέ</span> <span class='ocrx_word' id='word_1_113' title='bbox 1659 1507 1775 1556; x_wconf 78' lang='grc' dir='ltr'>ἐστι</span> <span class='ocrx_word' id='word_1_114' title='bbox 1808 1504 1986 1571; x_wconf 90' lang='grc' dir='ltr'>λόγος,</span> 
     </span>
    </p>
   </div>
   <div class='ocr_carea' id='block_1_16' title="bbox 2094 675 3675 753">
    <p class='ocr_par' dir='ltr' id='par_1_16' title="bbox 2094 675 3675 753">
     <span class='ocr_line' id='line_1_16' title="bbox 2094 675 3675 753; baseline -0.004 -18"><span class='ocrx_word' id='word_1_115' title='bbox 2094 683 2266 753; x_wconf 88' lang='lat' dir='ltr'><strong>major</strong></span> <span class='ocrx_word' id='word_1_116' title='bbox 2300 692 2402 734; x_wconf 78' lang='lat' dir='ltr'><strong>est.</strong></span> <span class='ocrx_word' id='word_1_117' title='bbox 2437 681 2498 734; x_wconf 80' lang='lat' dir='ltr'><strong>Et</strong></span> <span class='ocrx_word' id='word_1_118' title='bbox 2530 692 2813 751; x_wconf 82' lang='lat' dir='ltr'><strong>propterea</strong></span> <span class='ocrx_word' id='word_1_119' title='bbox 2844 679 3105 733; x_wconf 81' lang='lat' dir='ltr'><strong>Dominus</strong></span> <span class='ocrx_word' id='word_1_120' title='bbox 3146 677 3223 732; x_wconf 97' lang='lat' dir='ltr'><strong>ait</strong></span> <span class='ocrx_word' id='word_1_121' title='bbox 3257 695 3271 731; x_wconf 90' lang='lat'><strong>:</strong></span> <span class='ocrx_word' id='word_1_122' title='bbox 3303 679 3468 732; x_wconf 85' lang='lat' dir='ltr'><strong>Pater</strong></span> <span class='ocrx_word' id='word_1_123' title='bbox 3500 675 3675 745; x_wconf 87' lang='lat' dir='ltr'><strong><em>major</em></strong></span> 
     </span>
    </p>
   </div>
   <div class='ocr_carea' id='block_1_17' title="bbox 2101 767 3672 841">
    <p class='ocr_par' dir='ltr' id='par_1_17' title="bbox 2101 767 3672 841">
     <span class='ocr_line' id='line_1_17' title="bbox 2101 767 3672 841; baseline -0.004 -13"><span class='ocrx_word' id='word_1_124' title='bbox 2101 790 2182 828; x_wconf 88' lang='lat' dir='ltr'><strong>me</strong></span> <span class='ocrx_word' id='word_1_125' title='bbox 2217 782 2295 825; x_wconf 86' lang='lat' dir='ltr'><strong>est</strong></span> <span class='ocrx_word' id='word_1_126' title='bbox 2332 773 2372 834; x_wconf 83' lang='grc'><strong>¹,</strong></span> <span class='ocrx_word' id='word_1_127' title='bbox 2446 788 2643 841; x_wconf 64' lang='lat' dir='ltr'><strong>nempe</strong></span> <span class='ocrx_word' id='word_1_128' title='bbox 2680 782 2950 839; x_wconf 84' lang='lat' dir='ltr'><strong>quatenus</strong></span> <span class='ocrx_word' id='word_1_129' title='bbox 2997 779 3079 824; x_wconf 90' lang='lat' dir='ltr'><strong>est</strong></span> <span class='ocrx_word' id='word_1_130' title='bbox 3129 770 3308 825; x_wconf 90' lang='lat' dir='ltr'><strong>Pater.</strong></span> <span class='ocrx_word' id='word_1_131' title='bbox 3355 769 3493 835; x_wconf 89' lang='lat' dir='ltr'><strong>Quid</strong></span> <span class='ocrx_word' id='word_1_132' title='bbox 3525 767 3672 822; x_wconf 90' lang='lat' dir='ltr'><strong>enim</strong></span> 
     </span>
    </p>
   </div>
   <div class='ocr_carea' id='block_1_18' title="bbox 2095 861 3672 933">
    <p class='ocr_par' dir='ltr' id='par_1_18' title="bbox 2095 861 3672 933">
     <span class='ocr_line' id='line_1_18' title="bbox 2095 861 3672 933; baseline -0.005 -14"><span class='ocrx_word' id='word_1_133' title='bbox 2095 865 2188 920; x_wconf 90' lang='lat' dir='ltr'><strong>illa</strong></span> <span class='ocrx_word' id='word_1_134' title='bbox 2226 881 2355 924; x_wconf 83' lang='lat' dir='ltr'><strong>vox,</strong></span> <span class='ocrx_word' id='word_1_135' title='bbox 2391 864 2573 923; x_wconf 80' lang='lat' dir='ltr'><strong>Pater,</strong></span> <span class='ocrx_word' id='word_1_136' title='bbox 2608 863 2756 917; x_wconf 80' lang='lat' dir='ltr'><strong>aliud</strong></span> <span class='ocrx_word' id='word_1_137' title='bbox 2809 862 3108 933; x_wconf 77' lang='lat' dir='ltr'><strong>signiﬁcat,</strong></span> <span class='ocrx_word' id='word_1_138' title='bbox 3141 861 3247 915; x_wconf 86' lang='lat' dir='ltr'><strong>nisi</strong></span> <span class='ocrx_word' id='word_1_139' title='bbox 3277 861 3425 915; x_wconf 92' lang='lat' dir='ltr'><strong>illum</strong></span> <span class='ocrx_word' id='word_1_140' title='bbox 3453 875 3672 913; x_wconf 81' lang='lat' dir='ltr'><strong>causam</strong></span> 
     </span>
    </p>
   </div>
   <div class='ocr_carea' id='block_1_19' title="bbox 2095 953 3674 1027">
    <p class='ocr_par' dir='ltr' id='par_1_19' title="bbox 2095 953 3674 1027">
     <span class='ocr_line' id='line_1_19' title="bbox 2095 953 3674 1027; baseline -0.003 -15"><span class='ocrx_word' id='word_1_141' title='bbox 2095 969 2150 1012; x_wconf 90' lang='lat' dir='ltr'><strong>et</strong></span> <span class='ocrx_word' id='word_1_142' title='bbox 2177 959 2508 1027; x_wconf 79' lang='lat' dir='ltr'><strong>principium</strong></span> <span class='ocrx_word' id='word_1_143' title='bbox 2545 974 2686 1022; x_wconf 88' lang='lat' dir='ltr'><strong>esse,</strong></span> <span class='ocrx_word' id='word_1_144' title='bbox 2733 973 2798 1011; x_wconf 80' lang='lat' dir='ltr'><strong>ex</strong></span> <span class='ocrx_word' id='word_1_145' title='bbox 2830 973 2938 1026; x_wconf 89' lang='lat' dir='ltr'><strong>quo</strong></span> <span class='ocrx_word' id='word_1_146' title='bbox 2972 956 3190 1027; x_wconf 79' lang='lat' dir='ltr'><strong>genitus</strong></span> <span class='ocrx_word' id='word_1_147' title='bbox 3221 955 3339 1022; x_wconf 84' lang='lat' dir='ltr'><strong>ipse</strong></span> <span class='ocrx_word' id='word_1_148' title='bbox 3366 953 3484 1008; x_wconf 90' lang='lat' dir='ltr'><strong>sit?</strong></span> <span class='ocrx_word' id='word_1_149' title='bbox 3515 953 3674 1018; x_wconf 88' lang='lat' dir='ltr'><strong>Quod</strong></span> 
     </span>
    </p>
   </div>
   <div class='ocr_carea' id='block_1_20' title="bbox 2095 1043 3674 1117">
    <p class='ocr_par' dir='ltr' id='par_1_20' title="bbox 2095 1043 3674 1117">
     <span class='ocr_line' id='line_1_20' title="bbox 2095 1043 3674 1117; baseline -0.006 -13"><span class='ocrx_word' id='word_1_150' title='bbox 2095 1050 2164 1114; x_wconf 89' lang='lat' dir='ltr'><strong>si,</strong></span> <span class='ocrx_word' id='word_1_151' title='bbox 2195 1047 2657 1117; x_wconf 85' lang='lat' dir='ltr'><strong>quemadmodum</strong></span> <span class='ocrx_word' id='word_1_152' title='bbox 2696 1049 2811 1116; x_wconf 88' lang='lat' dir='ltr'><strong>ipse</strong></span> <span class='ocrx_word' id='word_1_153' title='bbox 2836 1048 3025 1112; x_wconf 89' lang='lat' dir='ltr'><strong>sentis,</strong></span> <span class='ocrx_word' id='word_1_154' title='bbox 3061 1047 3291 1102; x_wconf 85' lang='lat' dir='ltr'><strong>Eunomi</strong></span> <span class='ocrx_word' id='word_1_155' title='bbox 3316 1085 3331 1110; x_wconf 90' lang='lat'><strong>,</strong></span> <span class='ocrx_word' id='word_1_156' title='bbox 3396 1043 3674 1112; x_wconf 82' lang='lat' dir='ltr'><strong>ingenitus</strong></span> 
     </span>
    </p>
   </div>
   <div class='ocr_carea' id='block_1_21' title="bbox 2095 1134 3670 1202">
    <p class='ocr_par' dir='ltr' id='par_1_21' title="bbox 2095 1134 3670 1202">
     <span class='ocr_line' id='line_1_21' title="bbox 2095 1134 3670 1202; baseline -0.007 -7"><span class='ocrx_word' id='word_1_157' title='bbox 2095 1139 2334 1195; x_wconf 76' lang='lat' dir='ltr'><strong>essentia</strong></span> <span class='ocrx_word' id='word_1_158' title='bbox 2376 1148 2480 1201; x_wconf 80' lang='lat' dir='ltr'><strong>est,</strong></span> <span class='ocrx_word' id='word_1_159' title='bbox 2512 1153 2635 1191; x_wconf 90' lang='lat' dir='ltr'><strong>cum</strong></span> <span class='ocrx_word' id='word_1_160' title='bbox 2675 1138 2833 1191; x_wconf 79' lang='lat' dir='ltr'><strong>vellet</strong></span> <span class='ocrx_word' id='word_1_161' title='bbox 2877 1138 3094 1191; x_wconf 89' lang='lat' dir='ltr'><strong>Patrem</strong></span> <span class='ocrx_word' id='word_1_162' title='bbox 3124 1136 3365 1190; x_wconf 89' lang='lat' dir='ltr'><strong>essentia</strong></span> <span class='ocrx_word' id='word_1_163' title='bbox 3405 1134 3670 1202; x_wconf 84' lang='lat' dir='ltr'><strong>majorem</strong></span> 
     </span>
    </p>
   </div>
   <div class='ocr_carea' id='block_1_22' title="bbox 2094 1225 3674 1294">
    <p class='ocr_par' dir='ltr' id='par_1_22' title="bbox 2094 1225 3674 1294">
     <span class='ocr_line' id='line_1_22' title="bbox 2094 1225 3674 1294; baseline -0.005 -10"><span class='ocrx_word' id='word_1_164' title='bbox 2094 1231 2359 1293; x_wconf 88' lang='lat' dir='ltr'><strong>indicare,</strong></span> <span class='ocrx_word' id='word_1_165' title='bbox 2387 1230 2614 1283; x_wconf 73' lang='lat' dir='ltr'><strong>dixisset</strong></span> <span class='ocrx_word' id='word_1_166' title='bbox 2643 1230 2707 1282; x_wconf 89' lang='lat' dir='ltr'><strong>ad</strong></span> <span class='ocrx_word' id='word_1_167' title='bbox 2744 1229 2888 1282; x_wconf 92' lang='lat' dir='ltr'><strong>hunc</strong></span> <span class='ocrx_word' id='word_1_168' title='bbox 2921 1228 3165 1292; x_wconf 90' lang='lat' dir='ltr'><strong>modum,</strong></span> <span class='ocrx_word' id='word_1_169' title='bbox 3191 1227 3465 1294; x_wconf 70' lang='lat' dir='ltr'><strong>ingenitus</strong></span> <span class='ocrx_word' id='word_1_170' title='bbox 3500 1225 3674 1291; x_wconf 88' lang='lat' dir='ltr'><strong>major</strong></span> 
     </span>
    </p>
   </div>
   <div class='ocr_carea' id='block_1_23' title="bbox 2098 1317 3672 1388">
    <p class='ocr_par' dir='ltr' id='par_1_23' title="bbox 2098 1317 3672 1388">
     <span class='ocr_line' id='line_1_23' title="bbox 2098 1317 3672 1388; baseline -0.005 -14"><span class='ocrx_word' id='word_1_171' title='bbox 2098 1336 2186 1374; x_wconf 87' lang='lat' dir='ltr'><strong>me</strong></span> <span class='ocrx_word' id='word_1_172' title='bbox 2219 1330 2319 1374; x_wconf 90' lang='lat' dir='ltr'><strong>est.</strong></span> <span class='ocrx_word' id='word_1_173' title='bbox 2344 1318 2484 1384; x_wconf 84' lang='lat' dir='ltr'><strong>Quid</strong></span> <span class='ocrx_word' id='word_1_174' title='bbox 2505 1334 2610 1386; x_wconf 90' lang='lat' dir='ltr'><strong>quo</strong></span> <span class='ocrx_word' id='word_1_175' title='bbox 2643 1320 2912 1388; x_wconf 86' lang='lat' dir='ltr'><strong>sapientia</strong></span> <span class='ocrx_word' id='word_1_176' title='bbox 2947 1330 3127 1372; x_wconf 87' lang='lat' dir='ltr'><strong>vestra</strong></span> <span class='ocrx_word' id='word_1_177' title='bbox 3160 1319 3341 1383; x_wconf 88' lang='lat' dir='ltr'><strong>docet,</strong></span> <span class='ocrx_word' id='word_1_178' title='bbox 3375 1317 3672 1369; x_wconf 85' lang='lat' dir='ltr'><strong>essentiam</strong></span> 
     </span>
    </p>
   </div>
   <div class='ocr_carea' id='block_1_24' title="bbox 2093 1397 3675 1479">
    <p class='ocr_par' dir='ltr' id='par_1_24' title="bbox 2093 1397 3675 1479">
     <span class='ocr_line' id='line_1_24' title="bbox 2093 1397 3675 1479; baseline -0.006 -15"><span class='ocrx_word' id='word_1_179' title='bbox 2093 1411 2332 1464; x_wconf 83' lang='lat' dir='ltr'><strong>essentia</strong></span> <span class='ocrx_word' id='word_1_180' title='bbox 2362 1410 2621 1479; x_wconf 86' lang='lat' dir='ltr'><strong>majorem</strong></span> <span class='ocrx_word' id='word_1_181' title='bbox 2643 1447 2657 1471; x_wconf 89' lang='lat'><strong>,</strong></span> <span class='ocrx_word' id='word_1_182' title='bbox 2690 1419 2784 1462; x_wconf 91' lang='lat' dir='ltr'><strong>aut</strong></span> <span class='ocrx_word' id='word_1_183' title='bbox 2819 1410 3083 1461; x_wconf 87' lang='lat' dir='ltr'><strong>minorem</strong></span> <span class='ocrx_word' id='word_1_184' title='bbox 3117 1422 3223 1460; x_wconf 90' lang='lat' dir='ltr'><strong>non</strong></span> <span class='ocrx_word' id='word_1_185' title='bbox 3277 1405 3424 1460; x_wconf 89' lang='lat' dir='ltr'><strong>dici?</strong></span> <span class='ocrx_word' id='word_1_186' title='bbox 3473 1397 3675 1468; x_wconf 87' lang='lat' dir='ltr'><strong>Quam-</strong></span> 
     </span>
    </p>
   </div>
   <div class='ocr_carea' id='block_1_25' title="bbox 2094 1500 3671 1568">
    <p class='ocr_par' dir='ltr' id='par_1_25' title="bbox 2094 1500 3671 1568">
     <span class='ocr_line' id='line_1_25' title="bbox 2094 1500 3671 1568; baseline -0.005 -10"><span class='ocrx_word' id='word_1_187' title='bbox 2094 1506 2282 1558; x_wconf 89' lang='lat' dir='ltr'><strong>obrem</strong></span> <span class='ocrx_word' id='word_1_188' title='bbox 2320 1504 2423 1558; x_wconf 90' lang='lat' dir='ltr'><strong>hoc</strong></span> <span class='ocrx_word' id='word_1_189' title='bbox 2447 1505 2565 1557; x_wconf 88' lang='lat' dir='ltr'><strong>loco</strong></span> <span class='ocrx_word' id='word_1_190' title='bbox 2612 1518 2721 1557; x_wconf 90' lang='lat' dir='ltr'><strong>non</strong></span> <span class='ocrx_word' id='word_1_191' title='bbox 2755 1504 2823 1556; x_wconf 90' lang='lat' dir='ltr'><strong>de</strong></span> <span class='ocrx_word' id='word_1_192' title='bbox 2863 1501 3098 1555; x_wconf 78' lang='lat' dir='ltr'><strong>eSscntia</strong></span> <span class='ocrx_word' id='word_1_193' title='bbox 3137 1501 3312 1568; x_wconf 85' lang='lat' dir='ltr'><strong>majus</strong></span> <span class='ocrx_word' id='word_1_194' title='bbox 3343 1500 3543 1551; x_wconf 90' lang='lat' dir='ltr'><strong>dictum</strong></span> <span class='ocrx_word' id='word_1_195' title='bbox 3567 1503 3671 1550; x_wconf 91' lang='lat' dir='ltr'><strong>est.</strong></span> 
     </span>
    </p>
   </div>
   <div class='ocr_carea' id='block_1_26' title="bbox 408 1588 3674 1670">
    <p class='ocr_par' dir='ltr' id='par_1_26' title="bbox 408 1588 3674 1670">
     <span class='ocr_line' id='line_1_26' title="bbox 408 1588 3674 1670; baseline -0.001 -26"><span class='ocrx_word' id='word_1_196' title='bbox 408 1595 670 1663; x_wconf 65' lang='grc' dir='ltr'>ὅτιτί]τοῦ</span> <span class='ocrx_word' id='word_1_197' title='bbox 699 1597 916 1668; x_wconf 81' lang='grc' dir='ltr'>Πατρὸς</span> <span class='ocrx_word' id='word_1_198' title='bbox 977 1595 1322 1667; x_wconf 80' lang='grc' dir='ltr'>προσηγορία</span> <span class='ocrx_word' id='word_1_199' title='bbox 1368 1597 1652 1666; x_wconf 76' lang='grc' dir='ltr'><strong>ἐνεργείας</strong></span> <span class='ocrx_word' id='word_1_200' title='bbox 1707 1597 1846 1659; x_wconf 82' lang='grc' dir='ltr'>ἐστι,</span> <span class='ocrx_word' id='word_1_201' title='bbox 1915 1595 2012 1646; x_wconf 75' lang='grc' dir='ltr'>καὶ</span> <span class='ocrx_word' id='word_1_202' title='bbox 2051 1598 2152 1649; x_wconf 84' lang='grc' dir='ltr'><strong>οῦκ</strong></span> <span class='ocrx_word' id='word_1_203' title='bbox 2205 1593 2392 1658; x_wconf 83' lang='grc' dir='ltr'>οὐσίας</span> <span class='ocrx_word' id='word_1_204' title='bbox 2441 1597 2777 1666; x_wconf 83' lang='grc' dir='ltr'>σημαντική.</span> <span class='ocrx_word' id='word_1_205' title='bbox 2812 1595 2922 1646; x_wconf 67' lang='grc' dir='ltr'><strong>Καὶ</strong></span> <span class='ocrx_word' id='word_1_206' title='bbox 2942 1595 3115 1655; x_wconf 83' lang='grc' dir='ltr'>ἄλλως</span> <span class='ocrx_word' id='word_1_207' title='bbox 3150 1592 3206 1644; x_wconf 82' lang='grc' dir='ltr'><strong>δὲ</strong></span> <span class='ocrx_word' id='word_1_208' title='bbox 3263 1591 3421 1670; x_wconf 73' lang='grc' dir='ltr'>οὐσία</span> <span class='ocrx_word' id='word_1_209' title='bbox 3484 1588 3674 1641; x_wconf 75' lang='grc' dir='ltr'>οὐσίας</span> 
     </span>
    </p>
   </div>
   <div class='ocr_carea' id='block_1_27' title="bbox 407 1684 3675 1762">
    <p class='ocr_par' dir='ltr' id='par_1_27' title="bbox 407 1684 3675 1762">
     <span class='ocr_line' id='line_1_27' title="bbox 407 1684 3675 1762; baseline -0.001 -26"><span class='ocrx_word' id='word_1_210' title='bbox 407 1687 556 1738; x_wconf 71' lang='grc' dir='ltr'>κατὰ</span> <span class='ocrx_word' id='word_1_211' title='bbox 592 1688 686 1758; x_wconf 81' lang='grc' dir='ltr'><strong>τὴν</strong></span> <span class='ocrx_word' id='word_1_212' title='bbox 738 1689 1014 1758; x_wconf 81' lang='grc' dir='ltr'>ὑμετέραν</span> <span class='ocrx_word' id='word_1_213' title='bbox 1049 1689 1242 1758; x_wconf 82' lang='grc' dir='ltr'>σοφίαν</span> <span class='ocrx_word' id='word_1_214' title='bbox 1273 1689 1331 1741; x_wconf 85' lang='grc' dir='ltr'><strong>τὸ</strong></span> <span class='ocrx_word' id='word_1_215' title='bbox 1373 1687 1564 1758; x_wconf 77' lang='grc' dir='ltr'>μεῖζον</span> <span class='ocrx_word' id='word_1_216' title='bbox 1629 1691 1722 1742; x_wconf 77' lang='grc' dir='ltr'><strong>καὶ</strong></span> <span class='ocrx_word' id='word_1_217' title='bbox 1785 1689 2008 1743; x_wconf 80' lang='grc' dir='ltr'>ἔλαττον</span> <span class='ocrx_word' id='word_1_218' title='bbox 2047 1689 2148 1742; x_wconf 78' lang='grc' dir='ltr'><strong>οὐκ</strong></span> <span class='ocrx_word' id='word_1_219' title='bbox 2207 1689 2536 1760; x_wconf 78' lang='grc' dir='ltr'>ἐπιδέχεται,</span> <span class='ocrx_word' id='word_1_220' title='bbox 2581 1688 2723 1741; x_wconf 80' lang='grc' dir='ltr'>ὥστε</span> <span class='ocrx_word' id='word_1_221' title='bbox 2787 1689 2845 1740; x_wconf 88' lang='grc' dir='ltr'><strong>τὸ</strong></span> <span class='ocrx_word' id='word_1_222' title='bbox 2885 1687 3070 1758; x_wconf 80' lang='grc' dir='ltr'>μεῖζον</span> <span class='ocrx_word' id='word_1_223' title='bbox 3127 1687 3188 1740; x_wconf 87' lang='grc' dir='ltr'><strong>ού</strong></span> <span class='ocrx_word' id='word_1_224' title='bbox 3249 1687 3372 1739; x_wconf 82' lang='grc' dir='ltr'>κατ’</span> <span class='ocrx_word' id='word_1_225' title='bbox 3419 1685 3612 1762; x_wconf 83' lang='grc' dir='ltr'>οὐσίαν</span> <span class='ocrx_word' id='word_1_226' title='bbox 3648 1684 3675 1733; x_wconf 86' lang='grc' dir='ltr'><strong>ό</strong></span> 
     </span>
    </p>
   </div>
   <div class='ocr_carea' id='block_1_28' title="bbox 408 1784 1242 1854">
    <p class='ocr_par' dir='ltr' id='par_1_28' title="bbox 408 1784 1242 1854">
     <span class='ocr_line' id='line_1_28' title="bbox 408 1784 1242 1854; baseline -0.004 -15"><span class='ocrx_word' id='word_1_227' title='bbox 408 1785 774 1854; x_wconf 78' lang='grc' dir='ltr'>προκείμενος</span> <span class='ocrx_word' id='word_1_228' title='bbox 804 1784 1032 1852; x_wconf 70' lang='grc' dir='ltr'>ἐνέφηνε</span> <span class='ocrx_word' id='word_1_229' title='bbox 1064 1785 1242 1850; x_wconf 84' lang='grc' dir='ltr'>λόγος.</span> 
     </span>
    </p>
   </div>
   <div class='ocr_carea' id='block_1_29' title="bbox 415 1876 1989 1952">
    <p class='ocr_par' dir='ltr' id='par_1_29' title="bbox 415 1877 1989 1952">
     <span class='ocr_line' id='line_1_29' title="bbox 415 1877 1989 1952; baseline -0.006 -12"><span class='ocrx_word' id='word_1_230' title='bbox 415 1883 533 1940; x_wconf 84' lang='grc' dir='ltr'>Τοῦ</span> <span class='ocrx_word' id='word_1_231' title='bbox 558 1883 747 1937; x_wconf 85' lang='grc' dir='ltr'>αὑτοῦ</span> <span class='ocrx_word' id='word_1_232' title='bbox 782 1883 851 1937; x_wconf 77' lang='grc' dir='ltr'>ἐκ</span> <span class='ocrx_word' id='word_1_233' title='bbox 885 1883 998 1936; x_wconf 80' lang='grc' dir='ltr'><strong>τοῦ</strong></span> <span class='ocrx_word' id='word_1_234' title='bbox 1030 1885 1091 1948; x_wconf 82' lang='grc' dir='ltr'><strong>,β’</strong></span> <span class='ocrx_word' id='word_1_235' title='bbox 1137 1886 1324 1952; x_wconf 76' lang='grc' dir='ltr'>,λόγου</span> <span class='ocrx_word' id='word_1_236' title='bbox 1360 1884 1480 1938; x_wconf 78' lang='grc' dir='ltr'>τῶν</span> <span class='ocrx_word' id='word_1_237' title='bbox 1515 1877 1989 1950; x_wconf 74' lang='grc' dir='ltr'>Ἀντιρῤητικῶν.</span> 
     </span>
    </p>
   </div>
   <div class='ocr_carea' id='block_1_30' title="bbox 2094 1876 3598 1952">
    <p class='ocr_par' dir='ltr' id='par_1_30' title="bbox 2193 1876 3598 1945">
     <span class='ocr_line' id='line_1_30' title="bbox 2193 1876 3598 1945; baseline -0.003 -15"><span class='ocrx_word' id='word_1_238' title='bbox 2193 1876 2445 1945; x_wconf 78' lang='lat' dir='ltr'><strong>Ejusdem</strong></span> <span class='ocrx_word' id='word_1_239' title='bbox 2475 1894 2538 1932; x_wconf 75' lang='lat' dir='ltr'><strong>ea:</strong></span> <span class='ocrx_word' id='word_1_240' title='bbox 2559 1880 2785 1933; x_wconf 82' lang='lat' dir='ltr'><strong>secundo</strong></span> <span class='ocrx_word' id='word_1_241' title='bbox 2810 1879 2943 1933; x_wconf 85' lang='lat' dir='ltr'><strong>libro</strong></span> <span class='ocrx_word' id='word_1_242' title='bbox 2974 1879 3221 1932; x_wconf 80' lang='lat' dir='ltr'><strong>adversus</strong></span> <span class='ocrx_word' id='word_1_243' title='bbox 3253 1876 3598 1930; x_wconf 82' lang='lat' dir='ltr'><strong>Eunomium.</strong></span> 
     </span>
    </p>
   </div>
   <div class='ocr_carea' id='block_1_31' title="bbox 497 1972 1992 2046">
    <p class='ocr_par' dir='ltr' id='par_1_31' title="bbox 497 1972 1992 2046">
     <span class='ocr_line' id='line_1_31' title="bbox 497 1972 1992 2046; baseline -0.003 -19"><span class='ocrx_word' id='word_1_244' title='bbox 497 1976 620 2027; x_wconf 76' lang='grc' dir='ltr'><strong>Ἐπὶ</strong></span> <span class='ocrx_word' id='word_1_245' title='bbox 649 1975 747 2044; x_wconf 85' lang='grc' dir='ltr'>μὲν</span> <span class='ocrx_word' id='word_1_246' title='bbox 776 1976 874 2042; x_wconf 85' lang='grc' dir='ltr'>τῆς</span> <span class='ocrx_word' id='word_1_247' title='bbox 891 1976 1121 2039; x_wconf 86' lang='grc' dir='ltr'>κτίσεως</span> <span class='ocrx_word' id='word_1_248' title='bbox 1158 1977 1392 2046; x_wconf 75' lang='grc' dir='ltr'>εὕρομεν</span> <span class='ocrx_word' id='word_1_249' title='bbox 1419 1977 1529 2029; x_wconf 82' lang='grc' dir='ltr'>ἀπὸ</span> <span class='ocrx_word' id='word_1_250' title='bbox 1556 1975 1650 2027; x_wconf 87' lang='grc' dir='ltr'><strong>τοῦ</strong></span> <span class='ocrx_word' id='word_1_251' title='bbox 1699 1972 1992 2037; x_wconf 81' lang='grc' dir='ltr'>Ἐποίησε</span> 
     </span>
    </p>
   </div>
   <div class='ocr_carea' id='block_1_32' title="bbox 405 2066 1987 2138">
    <p class='ocr_par' dir='ltr' id='par_1_32' title="bbox 405 2066 1987 2138">
     <span class='ocr_line' id='line_1_32' title="bbox 405 2066 1987 2138; baseline -0.002 -18"><span class='ocrx_word' id='word_1_252' title='bbox 405 2068 517 2138; x_wconf 81' lang='grc' dir='ltr'>τὴν</span> <span class='ocrx_word' id='word_1_253' title='bbox 552 2069 647 2120; x_wconf 91' lang='grc' dir='ltr'><strong>τοῦ</strong></span> <span class='ocrx_word' id='word_1_254' title='bbox 701 2069 1010 2138; x_wconf 82' lang='grc' dir='ltr'>ποιήματος</span> <span class='ocrx_word' id='word_1_255' title='bbox 1065 2069 1445 2138; x_wconf 71' lang='grc' dir='ltr'>προσηγορίαν</span> <span class='ocrx_word' id='word_1_256' title='bbox 1491 2066 1941 2136; x_wconf 80' lang='grc' dir='ltr'>καταληφθεῖσαν</span> <span class='ocrx_word' id='word_1_257' title='bbox 1972 2077 1987 2093; x_wconf 88' lang='grc'><em>’</em></span> 
     </span>
    </p>
   </div>
   <div class='ocr_carea' id='block_1_33' title="bbox 403 2155 1990 2225">
    <p class='ocr_par' dir='ltr' id='par_1_33' title="bbox 403 2155 1990 2225">
     <span class='ocr_line' id='line_1_33' title="bbox 403 2155 1990 2225; baseline -0.002 -13"><span class='ocrx_word' id='word_1_258' title='bbox 403 2161 506 2212; x_wconf 73' lang='grc' dir='ltr'>ἐπὶ</span> <span class='ocrx_word' id='word_1_259' title='bbox 541 2158 598 2210; x_wconf 75' lang='grc' dir='ltr'>δὲ</span> <span class='ocrx_word' id='word_1_260' title='bbox 631 2157 726 2209; x_wconf 90' lang='grc' dir='ltr'><strong>τοῦ</strong></span> <span class='ocrx_word' id='word_1_261' title='bbox 761 2157 893 2209; x_wconf 87' lang='grc' dir='ltr'>Υίοῦ</span> <span class='ocrx_word' id='word_1_262' title='bbox 939 2156 1032 2211; x_wconf 90' lang='grc' dir='ltr'><strong>τοῦ</strong></span> <span class='ocrx_word' id='word_1_263' title='bbox 1060 2157 1195 2210; x_wconf 84' lang='grc' dir='ltr'>Θεοῦ</span> <span class='ocrx_word' id='word_1_264' title='bbox 1229 2159 1328 2210; x_wconf 79' lang='grc' dir='ltr'>οὐκ</span> <span class='ocrx_word' id='word_1_265' title='bbox 1371 2157 1454 2210; x_wconf 71' lang='grc' dir='ltr'>ἔτι</span> <span class='ocrx_word' id='word_1_266' title='bbox 1479 2175 1493 2190; x_wconf 77' lang='grc' dir='ltr'><strong>ο</strong></span> <span class='ocrx_word' id='word_1_267' title='bbox 1537 2159 1632 2209; x_wconf 82' lang='grc' dir='ltr'><strong>Ἐν</strong></span> <span class='ocrx_word' id='word_1_268' title='bbox 1671 2155 1828 2225; x_wconf 79' lang='grc' dir='ltr'><strong>ἀρχῇ</strong></span> <span class='ocrx_word' id='word_1_269' title='bbox 1861 2157 1990 2224; x_wconf 80' lang='grc' dir='ltr'>γὰρ,</span> 
     </span>
    </p>
   </div>
   <div class='ocr_carea' id='block_1_34' title="bbox 408 2246 1994 2317">
    <p class='ocr_par' dir='ltr' id='par_1_34' title="bbox 408 2246 1994 2317">
     <span class='ocr_line' id='line_1_34' title="bbox 408 2246 1994 2317; baseline -0.001 -16"><span class='ocrx_word' id='word_1_270' title='bbox 408 2250 602 2317; x_wconf 68' lang='grc' dir='ltr'>φησὶν,</span> <span class='ocrx_word' id='word_1_271' title='bbox 648 2249 939 2315; x_wconf 80' lang='grc' dir='ltr'>ἐποίησεν</span> <span class='ocrx_word' id='word_1_272' title='bbox 977 2252 1010 2304; x_wconf 85' lang='grc' dir='ltr'><em>ὀ</em></span> <span class='ocrx_word' id='word_1_273' title='bbox 1062 2253 1208 2315; x_wconf 73' lang='grc' dir='ltr'>Θεὸς</span> <span class='ocrx_word' id='word_1_274' title='bbox 1261 2253 1370 2304; x_wconf 63' lang='grc' dir='ltr'>τεν</span> <span class='ocrx_word' id='word_1_275' title='bbox 1409 2249 1673 2317; x_wconf 81' lang='grc' dir='ltr'>οὐρανὸν</span> <span class='ocrx_word' id='word_1_276' title='bbox 1724 2249 1824 2302; x_wconf 79' lang='grc' dir='ltr'><strong>καί</strong></span> <span class='ocrx_word' id='word_1_277' title='bbox 1877 2246 1994 2315; x_wconf 79' lang='grc' dir='ltr'><strong>τὴν</strong></span> 
     </span>
    </p>
   </div>
   <div class='ocr_carea' id='block_1_35' title="bbox 409 2340 1991 2416">
    <p class='ocr_par' dir='ltr' id='par_1_35' title="bbox 409 2340 1991 2416">
     <span class='ocr_line' id='line_1_35' title="bbox 409 2340 1991 2416; baseline 0.002 -24"><span class='ocrx_word' id='word_1_278' title='bbox 409 2341 568 2409; x_wconf 67' lang='grc' dir='ltr'><strong>γῆν·</strong></span> <span class='ocrx_word' id='word_1_279' title='bbox 609 2342 700 2393; x_wconf 76' lang='grc' dir='ltr'><strong>καὶ</strong></span> <span class='ocrx_word' id='word_1_280' title='bbox 731 2342 897 2394; x_wconf 86' lang='grc' dir='ltr'>πάλιν</span> <span class='ocrx_word' id='word_1_281' title='bbox 931 2358 944 2372; x_wconf 74' lang='grc'><strong>⁸</strong></span> <span class='ocrx_word' id='word_1_282' title='bbox 994 2343 1096 2396; x_wconf 77' lang='grc' dir='ltr'><em>Ἐν</em></span> <span class='ocrx_word' id='word_1_283' title='bbox 1154 2347 1446 2411; x_wconf 72' lang='grc' dir='ltr'>ποιήμασι</span> <span class='ocrx_word' id='word_1_284' title='bbox 1476 2343 1592 2416; x_wconf 75' lang='grc' dir='ltr'><strong>τῷν</strong></span> <span class='ocrx_word' id='word_1_285' title='bbox 1627 2340 1841 2410; x_wconf 83' lang='grc' dir='ltr'>χειρῶν</span> <span class='ocrx_word' id='word_1_286' title='bbox 1873 2357 1991 2395; x_wconf 89' lang='grc' dir='ltr'>σου</span> 
     </span>
    </p>
   </div>
   <div class='ocr_carea' id='block_1_36' title="bbox 402 2432 1993 2502">
    <p class='ocr_par' dir='ltr' id='par_1_36' title="bbox 402 2432 1993 2502">
     <span class='ocr_line' id='line_1_36' title="bbox 402 2432 1993 2502; baseline -0.001 -15"><span class='ocrx_word' id='word_1_287' title='bbox 402 2432 718 2499; x_wconf 74' lang='grc' dir='ltr'><strong>ἐμελέτων</strong></span> <span class='ocrx_word' id='word_1_288' title='bbox 738 2448 750 2461; x_wconf 91' lang='grc'><strong>·</strong></span> <span class='ocrx_word' id='word_1_289' title='bbox 790 2436 887 2484; x_wconf 86' lang='grc' dir='ltr'>καὶ</span> <span class='ocrx_word' id='word_1_290' title='bbox 919 2433 1080 2486; x_wconf 86' lang='grc' dir='ltr'>πάλιν</span> <span class='ocrx_word' id='word_1_291' title='bbox 1107 2448 1120 2462; x_wconf 85' lang='grc'><em>’</em></span> <span class='ocrx_word' id='word_1_292' title='bbox 1165 2434 1239 2487; x_wconf 72' lang='grc' dir='ltr'><em>Τὰ</em></span> <span class='ocrx_word' id='word_1_293' title='bbox 1269 2435 1378 2501; x_wconf 76' lang='grc' dir='ltr'>γὰρ</span> <span class='ocrx_word' id='word_1_294' title='bbox 1406 2435 1632 2502; x_wconf 79' lang='grc' dir='ltr'>ἀόρατα</span> <span class='ocrx_word' id='word_1_295' title='bbox 1661 2433 1846 2486; x_wconf 81' lang='grc' dir='ltr'>αὑτοῦ</span> <span class='ocrx_word' id='word_1_296' title='bbox 1873 2433 1993 2488; x_wconf 79' lang='grc' dir='ltr'>ἀπὸ</span> 
     </span>
    </p>
   </div>
   <div class='ocr_carea' id='block_1_37' title="bbox 406 2522 1992 2592">
    <p class='ocr_par' dir='ltr' id='par_1_37' title="bbox 406 2522 1992 2592">
     <span class='ocr_line' id='line_1_37' title="bbox 406 2522 1992 2592; baseline 0 -15"><span class='ocrx_word' id='word_1_297' title='bbox 406 2526 670 2588; x_wconf 81' lang='grc' dir='ltr'>κτίσεως</span> <span class='ocrx_word' id='word_1_298' title='bbox 699 2524 936 2592; x_wconf 80' lang='grc' dir='ltr'>κόσμου</span> <span class='ocrx_word' id='word_1_299' title='bbox 980 2522 1108 2589; x_wconf 86' lang='grc' dir='ltr'>τοῖς</span> <span class='ocrx_word' id='word_1_300' title='bbox 1152 2523 1448 2592; x_wconf 77' lang='grc' dir='ltr'>ποιήμασι</span> <span class='ocrx_word' id='word_1_301' title='bbox 1497 2525 1799 2592; x_wconf 77' lang='grc' dir='ltr'>νοούμενα</span> <span class='ocrx_word' id='word_1_302' title='bbox 1849 2528 1992 2577; x_wconf 78' lang='grc' dir='ltr'>καθ-</span> 
     </span>
    </p>
   </div>
   <div class='ocr_carea' id='block_1_38' title="bbox 407 2613 1992 2692">
    <p class='ocr_par' dir='ltr' id='par_1_38' title="bbox 407 2613 1992 2692">
     <span class='ocr_line' id='line_1_38' title="bbox 407 2613 1992 2692; baseline 0.001 -19"><span class='ocrx_word' id='word_1_303' title='bbox 407 2620 648 2686; x_wconf 79' lang='grc' dir='ltr'>ορᾶται.</span> <span class='ocrx_word' id='word_1_304' title='bbox 707 2619 897 2683; x_wconf 76' lang='grc' dir='ltr'>Οὕτως</span> <span class='ocrx_word' id='word_1_305' title='bbox 964 2621 1051 2691; x_wconf 68' lang='grc' dir='ltr'><strong>ἐφ’</strong></span> <span class='ocrx_word' id='word_1_306' title='bbox 1101 2613 1176 2676; x_wconf 81' lang='grc' dir='ltr'>ὧν</span> <span class='ocrx_word' id='word_1_307' title='bbox 1241 2625 1361 2674; x_wconf 76' lang='grc' dir='ltr'>ἐστι</span> <span class='ocrx_word' id='word_1_308' title='bbox 1391 2623 1668 2692; x_wconf 87' lang='grc' dir='ltr'>χρήσιμον</span> <span class='ocrx_word' id='word_1_309' title='bbox 1717 2623 1777 2676; x_wconf 85' lang='grc' dir='ltr'><strong>τὸ</strong></span> <span class='ocrx_word' id='word_1_310' title='bbox 1818 2622 1992 2691; x_wconf 75' lang='grc' dir='ltr'>ὄνομα</span> 
     </span>
    </p>
   </div>
   <div class='ocr_carea' id='block_1_39' title="bbox 409 2712 1991 2784">
    <p class='ocr_par' dir='ltr' id='par_1_39' title="bbox 409 2712 1991 2784">
     <span class='ocr_line' id='line_1_39' title="bbox 409 2712 1991 2784; baseline 0.001 -20"><span class='ocrx_word' id='word_1_311' title='bbox 409 2712 924 2783; x_wconf 76' lang='grc' dir='ltr'>παραλαμϐάνουσα</span> <span class='ocrx_word' id='word_1_312' title='bbox 952 2715 988 2783; x_wconf 74' lang='grc' dir='ltr'><strong>ἡ</strong></span> <span class='ocrx_word' id='word_1_313' title='bbox 1018 2713 1234 2784; x_wconf 79' lang='grc' dir='ltr'>Γραφὴ,</span> <span class='ocrx_word' id='word_1_314' title='bbox 1263 2715 1357 2766; x_wconf 76' lang='grc' dir='ltr'>ἐπὶ</span> <span class='ocrx_word' id='word_1_315' title='bbox 1382 2714 1478 2767; x_wconf 90' lang='grc' dir='ltr'><strong>τοῦ</strong></span> <span class='ocrx_word' id='word_1_316' title='bbox 1514 2714 1720 2784; x_wconf 85' lang='grc' dir='ltr'>Κυρίου</span> <span class='ocrx_word' id='word_1_317' title='bbox 1748 2713 1844 2766; x_wconf 78' lang='grc' dir='ltr'>καὶ</span> <span class='ocrx_word' id='word_1_318' title='bbox 1877 2714 1991 2766; x_wconf 86' lang='grc' dir='ltr'><strong>Σω-</strong></span> 
     </span>
    </p>
   </div>
   <div class='ocr_carea' id='block_1_40' title="bbox 409 2803 1992 2876">
    <p class='ocr_par' dir='ltr' id='par_1_40' title="bbox 409 2803 1992 2876">
     <span class='ocr_line' id='line_1_40' title="bbox 409 2803 1992 2876; baseline 0 -20"><span class='ocrx_word' id='word_1_319' title='bbox 409 2807 578 2873; x_wconf 77' lang='grc' dir='ltr'>τῆρος</span> <span class='ocrx_word' id='word_1_320' title='bbox 609 2803 764 2873; x_wconf 79' lang='grc' dir='ltr'>ἡμῶν</span> <span class='ocrx_word' id='word_1_321' title='bbox 800 2803 976 2874; x_wconf 82' lang='grc' dir='ltr'>Ἰησοῦ</span> <span class='ocrx_word' id='word_1_322' title='bbox 999 2805 1240 2875; x_wconf 83' lang='grc' dir='ltr'>Χριστοῦ</span> <span class='ocrx_word' id='word_1_323' title='bbox 1277 2806 1350 2867; x_wconf 83' lang='grc' dir='ltr'>ὼς</span> <span class='ocrx_word' id='word_1_324' title='bbox 1379 2808 1589 2874; x_wconf 79' lang='grc' dir='ltr'>πρέπον</span> <span class='ocrx_word' id='word_1_325' title='bbox 1610 2805 1685 2875; x_wconf 85' lang='grc' dir='ltr'>τῷ</span> <span class='ocrx_word' id='word_1_326' title='bbox 1718 2805 1992 2876; x_wconf 79' lang='grc' dir='ltr'>μεγαλείῳ</span> 
     </span>
    </p>
   </div>
   <div class='ocr_carea' id='block_1_41' title="bbox 408 2896 1992 2967">
    <p class='ocr_par' dir='ltr' id='par_1_41' title="bbox 408 2896 1992 2967">
     <span class='ocr_line' id='line_1_41' title="bbox 408 2896 1992 2967; baseline 0 -19"><span class='ocrx_word' id='word_1_327' title='bbox 408 2897 516 2964; x_wconf 78' lang='grc' dir='ltr'><strong>τῆς</strong></span> <span class='ocrx_word' id='word_1_328' title='bbox 548 2896 710 2965; x_wconf 81' lang='grc' dir='ltr'><strong>δόξης</strong></span> <span class='ocrx_word' id='word_1_329' title='bbox 738 2897 1162 2966; x_wconf 81' lang='grc' dir='ltr'>παρεσιώπησε.</span> <span class='ocrx_word' id='word_1_330' title='bbox 1194 2897 1310 2950; x_wconf 88' lang='grc' dir='ltr'>Νῦν</span> <span class='ocrx_word' id='word_1_331' title='bbox 1350 2897 1405 2949; x_wconf 82' lang='grc' dir='ltr'>δὲ</span> <span class='ocrx_word' id='word_1_332' title='bbox 1452 2896 1641 2967; x_wconf 77' lang='grc' dir='ltr'>ἀξίνην</span> <span class='ocrx_word' id='word_1_333' title='bbox 1715 2898 1837 2964; x_wconf 87' lang='grc' dir='ltr'>μὲν,</span> <span class='ocrx_word' id='word_1_334' title='bbox 1897 2899 1992 2950; x_wconf 77' lang='grc' dir='ltr'>καὶ</span> 
     </span>
    </p>
   </div>
   <div class='ocr_carea' id='block_1_42' title="bbox 412 2988 2054 3058">
    <p class='ocr_par' dir='ltr' id='par_1_42' title="bbox 412 2988 2054 3058">
     <span class='ocr_line' id='line_1_42' title="bbox 412 2988 2054 3058; baseline 0.001 -18"><span class='ocrx_word' id='word_1_335' title='bbox 412 2989 562 3042; x_wconf 78' lang='grc' dir='ltr'>λίθον</span> <span class='ocrx_word' id='word_1_336' title='bbox 598 2989 1024 3058; x_wconf 84' lang='grc' dir='ltr'>ἀκρογωνιαίον,</span> <span class='ocrx_word' id='word_1_337' title='bbox 1074 2990 1170 3040; x_wconf 74' lang='grc' dir='ltr'><strong>καὶ</strong></span> <span class='ocrx_word' id='word_1_338' title='bbox 1216 2988 1363 3040; x_wconf 84' lang='grc' dir='ltr'>λίθον</span> <span class='ocrx_word' id='word_1_339' title='bbox 1403 2990 1852 3058; x_wconf 85' lang='grc' dir='ltr'>προσκόμματος,</span> <span class='ocrx_word' id='word_1_340' title='bbox 1898 2990 1992 3041; x_wconf 75' lang='grc' dir='ltr'><strong>καὶ</strong></span> <span class='ocrx_word' id='word_1_341' title='bbox 2049 3043 2054 3050; x_wconf 63' lang='grc'><strong>,</strong></span> 
     </span>
    </p>
   </div>
   <div class='ocr_carea' id='block_1_43' title="bbox 411 3075 1989 3150">
    <p class='ocr_par' dir='ltr' id='par_1_43' title="bbox 411 3075 1989 3150">
     <span class='ocr_line' id='line_1_43' title="bbox 411 3075 1989 3150; baseline -0.002 -14"><span class='ocrx_word' id='word_1_342' title='bbox 411 3084 628 3150; x_wconf 80' lang='grc' dir='ltr'>πέτραν</span> <span class='ocrx_word' id='word_1_343' title='bbox 682 3081 1006 3142; x_wconf 80' lang='grc' dir='ltr'>σκανδάλου,</span> <span class='ocrx_word' id='word_1_344' title='bbox 1058 3081 1153 3133; x_wconf 76' lang='grc' dir='ltr'><strong>καὶ</strong></span> <span class='ocrx_word' id='word_1_345' title='bbox 1197 3080 1425 3133; x_wconf 85' lang='grc' dir='ltr'>τοιαῦτα</span> <span class='ocrx_word' id='word_1_346' title='bbox 1482 3081 1667 3150; x_wconf 72' lang='grc' dir='ltr'>ἕτερα,</span> <span class='ocrx_word' id='word_1_347' title='bbox 1707 3083 1764 3133; x_wconf 82' lang='grc' dir='ltr'><strong>ὲν</strong></span> <span class='ocrx_word' id='word_1_348' title='bbox 1798 3075 1880 3143; x_wconf 81' lang='grc' dir='ltr'>οἷς</span> <span class='ocrx_word' id='word_1_349' title='bbox 1927 3081 1989 3133; x_wconf 84' lang='grc' dir='ltr'><strong>οὐ</strong></span> 
     </span>
    </p>
   </div>
   <div class='ocr_carea' id='block_1_44' title="bbox 410 3169 1990 3244">
    <p class='ocr_par' dir='ltr' id='par_1_44' title="bbox 410 3169 1990 3244">
     <span class='ocr_line' id='line_1_44' title="bbox 410 3169 1990 3244; baseline -0.003 -14"><span class='ocrx_word' id='word_1_350' title='bbox 410 3175 551 3230; x_wconf 77' lang='grc' dir='ltr'>πυλὺ</span> <span class='ocrx_word' id='word_1_351' title='bbox 585 3176 734 3226; x_wconf 86' lang='grc' dir='ltr'>δοκεῖ</span> <span class='ocrx_word' id='word_1_352' title='bbox 754 3173 814 3227; x_wconf 87' lang='grc' dir='ltr'><strong>τὸ</strong></span> <span class='ocrx_word' id='word_1_353' title='bbox 835 3171 1086 3244; x_wconf 74' lang='grc' dir='ltr'>εὔφημον</span> <span class='ocrx_word' id='word_1_354' title='bbox 1118 3169 1259 3225; x_wconf 81' lang='grc' dir='ltr'>εἶναι</span> <span class='ocrx_word' id='word_1_355' title='bbox 1287 3177 1398 3235; x_wconf 77' lang='grc' dir='ltr'>τοῖς</span> <span class='ocrx_word' id='word_1_356' title='bbox 1426 3174 1502 3243; x_wconf 80' lang='grc' dir='ltr'>μὴ</span> <span class='ocrx_word' id='word_1_357' title='bbox 1537 3174 1990 3242; x_wconf 86' lang='grc' dir='ltr'>καθικνουμένοις</span> 
     </span>
    </p>
   </div>
   <div class='ocr_carea' id='block_1_45' title="bbox 410 3265 1990 3335">
    <p class='ocr_par' dir='ltr' id='par_1_45' title="bbox 410 3265 1990 3335">
     <span class='ocr_line' id='line_1_45' title="bbox 410 3265 1990 3335; baseline -0.004 -20"><span class='ocrx_word' id='word_1_358' title='bbox 410 3267 513 3332; x_wconf 73' lang='grc' dir='ltr'>τῆς</span> <span class='ocrx_word' id='word_1_359' title='bbox 547 3265 822 3333; x_wconf 84' lang='grc' dir='ltr'>σημασίας</span> <span class='ocrx_word' id='word_1_360' title='bbox 857 3267 963 3318; x_wconf 81' lang='grc' dir='ltr'>τῶν</span> <span class='ocrx_word' id='word_1_361' title='bbox 1001 3265 1306 3333; x_wconf 84' lang='grc' dir='ltr'>ὀνομάτων,</span> <span class='ocrx_word' id='word_1_362' title='bbox 1336 3266 1428 3318; x_wconf 88' lang='grc' dir='ltr'><strong>τὸν</strong></span> <span class='ocrx_word' id='word_1_363' title='bbox 1462 3265 1666 3334; x_wconf 82' lang='grc' dir='ltr'>Κύριον</span> <span class='ocrx_word' id='word_1_364' title='bbox 1700 3266 1799 3334; x_wconf 80' lang='grc' dir='ltr'>τῆς</span> <span class='ocrx_word' id='word_1_365' title='bbox 1829 3265 1990 3335; x_wconf 77' lang='grc' dir='ltr'>δόξης</span> 
     </span>
    </p>
   </div>
   <div class='ocr_carea' id='block_1_46' title="bbox 413 3357 1991 3428">
    <p class='ocr_par' dir='ltr' id='par_1_46' title="bbox 413 3357 1991 3428">
     <span class='ocr_line' id='line_1_46' title="bbox 413 3357 1991 3428; baseline 0.001 -19"><span class='ocrx_word' id='word_1_366' title='bbox 413 3357 854 3426; x_wconf 78' lang='grc' dir='ltr'>προσαγορεύειν</span> <span class='ocrx_word' id='word_1_367' title='bbox 903 3358 1004 3410; x_wconf 84' lang='grc' dir='ltr'><strong>οὐκ</strong></span> <span class='ocrx_word' id='word_1_368' title='bbox 1036 3357 1447 3426; x_wconf 68' lang='grc' dir='ltr'>ἐπαισχύνεται,</span> <span class='ocrx_word' id='word_1_369' title='bbox 1486 3358 1704 3428; x_wconf 84' lang='grc' dir='ltr'>ποίημα</span> <span class='ocrx_word' id='word_1_370' title='bbox 1747 3358 1803 3410; x_wconf 79' lang='grc' dir='ltr'>δὲ</span> <span class='ocrx_word' id='word_1_371' title='bbox 1829 3359 1991 3415; x_wconf 81' lang='grc' dir='ltr'>οὐδα-</span> 
     </span>
    </p>
   </div>
   <div class='ocr_carea' id='block_1_47' title="bbox 419 3446 1988 3523">
    <p class='ocr_par' dir='ltr' id='par_1_47' title="bbox 419 3446 1988 3523">
     <span class='ocr_line' id='line_1_47' title="bbox 419 3446 1988 3523; baseline 0.003 -24"><span class='ocrx_word' id='word_1_372' title='bbox 419 3450 528 3517; x_wconf 78' lang='grc' dir='ltr'>μοῦ</span> <span class='ocrx_word' id='word_1_373' title='bbox 587 3451 648 3501; x_wconf 86' lang='grc' dir='ltr'><strong>τὸ</strong></span> <span class='ocrx_word' id='word_1_374' title='bbox 697 3450 963 3520; x_wconf 83' lang='grc' dir='ltr'>παράπαν</span> <span class='ocrx_word' id='word_1_375' title='bbox 1007 3450 1280 3519; x_wconf 84' lang='grc' dir='ltr'>ὠνόμασε.</span> <span class='ocrx_word' id='word_1_376' title='bbox 1326 3451 1518 3504; x_wconf 82' lang='grc' dir='ltr'>Καίτοι</span> <span class='ocrx_word' id='word_1_377' title='bbox 1553 3468 1616 3520; x_wconf 91' lang='grc' dir='ltr'><strong>γε</strong></span> <span class='ocrx_word' id='word_1_378' title='bbox 1671 3446 1824 3515; x_wconf 72' lang='grc' dir='ltr'>οὗτος</span> <span class='ocrx_word' id='word_1_379' title='bbox 1859 3451 1988 3523; x_wconf 86' lang='grc' dir='ltr'>παρ’</span> 
     </span>
    </p>
   </div>
   <div class='ocr_carea' id='block_1_48' title="bbox 407 3537 1987 3615">
    <p class='ocr_par' dir='ltr' id='par_1_48' title="bbox 407 3537 1987 3615">
     <span class='ocr_line' id='line_1_48' title="bbox 407 3537 1987 3615; baseline 0.004 -23"><span class='ocrx_word' id='word_1_380' title='bbox 407 3541 602 3598; x_wconf 72' lang='grc' dir='ltr'>αὐτῶν</span> <span class='ocrx_word' id='word_1_381' title='bbox 634 3542 917 3610; x_wconf 83' lang='grc' dir='ltr'>εἰληφέναι</span> <span class='ocrx_word' id='word_1_382' title='bbox 944 3541 1052 3598; x_wconf 83' lang='grc' dir='ltr'><strong>τῶν</strong></span> <span class='ocrx_word' id='word_1_383' title='bbox 1098 3537 1270 3609; x_wconf 81' lang='grc' dir='ltr'>ἁγίων</span> <span class='ocrx_word' id='word_1_384' title='bbox 1314 3544 1376 3596; x_wconf 87' lang='grc' dir='ltr'><strong>τὸ</strong></span> <span class='ocrx_word' id='word_1_385' title='bbox 1410 3544 1578 3612; x_wconf 71' lang='grc' dir='ltr'>ὄνομα</span> <span class='ocrx_word' id='word_1_386' title='bbox 1606 3545 1766 3598; x_wconf 89' lang='grc' dir='ltr'>τοῦτό</span> <span class='ocrx_word' id='word_1_387' title='bbox 1798 3562 1987 3615; x_wconf 81' lang='grc' dir='ltr'>φησιν,</span> 
     </span>
    </p>
   </div>
   <div class='ocr_carea' id='block_1_49' title="bbox 411 3634 1991 3703">
    <p class='ocr_par' dir='ltr' id='par_1_49' title="bbox 411 3634 1991 3703">
     <span class='ocr_line' id='line_1_49' title="bbox 411 3634 1991 3703; baseline 0.004 -20"><span class='ocrx_word' id='word_1_388' title='bbox 411 3635 504 3684; x_wconf 77' lang='grc' dir='ltr'>ἵνα</span> <span class='ocrx_word' id='word_1_389' title='bbox 537 3635 655 3694; x_wconf 83' lang='grc' dir='ltr'>ταῖς</span> <span class='ocrx_word' id='word_1_390' title='bbox 707 3634 1102 3702; x_wconf 79' lang='grc' dir='ltr'>συκοφαντίαις</span> <span class='ocrx_word' id='word_1_391' title='bbox 1155 3634 1229 3703; x_wconf 85' lang='grc' dir='ltr'>μὴ</span> <span class='ocrx_word' id='word_1_392' title='bbox 1289 3635 1449 3703; x_wconf 86' lang='grc' dir='ltr'>μόνον</span> <span class='ocrx_word' id='word_1_393' title='bbox 1495 3637 1622 3698; x_wconf 86' lang='grc' dir='ltr'>τοὺς</span> <span class='ocrx_word' id='word_1_394' title='bbox 1672 3639 1794 3690; x_wconf 85' lang='grc' dir='ltr'>κατ’</span> <span class='ocrx_word' id='word_1_395' title='bbox 1827 3639 1991 3692; x_wconf 86' lang='grc' dir='ltr'>αὑτὸν</span> 
     </span>
    </p>
   </div>
   <div class='ocr_carea' id='block_1_50' title="bbox 411 3725 1989 3798">
    <p class='ocr_par' dir='ltr' id='par_1_50' title="bbox 411 3725 1989 3798">
     <span class='ocr_line' id='line_1_50' title="bbox 411 3725 1989 3798; baseline 0.004 -23"><span class='ocrx_word' id='word_1_396' title='bbox 411 3725 748 3795; x_wconf 77' lang='grc' dir='ltr'>περιϐάλλῃ,</span> <span class='ocrx_word' id='word_1_397' title='bbox 807 3725 944 3778; x_wconf 83' lang='grc' dir='ltr'>ἀλλὰ</span> <span class='ocrx_word' id='word_1_398' title='bbox 980 3728 1074 3778; x_wconf 72' lang='grc' dir='ltr'><strong>καὶ</strong></span> <span class='ocrx_word' id='word_1_399' title='bbox 1105 3729 1230 3788; x_wconf 77' lang='grc' dir='ltr'>τοὺς</span> <span class='ocrx_word' id='word_1_400' title='bbox 1273 3728 1443 3781; x_wconf 84' lang='grc' dir='ltr'>πάλαι</span> <span class='ocrx_word' id='word_1_401' title='bbox 1479 3729 1608 3781; x_wconf 84' lang='grc' dir='ltr'>ποτὲ</span> <span class='ocrx_word' id='word_1_402' title='bbox 1660 3729 1989 3798; x_wconf 73' lang='grc' dir='ltr'>γενομένους</span> 
     </span>
    </p>
   </div>
   <div class='ocr_carea' id='block_1_51' title="bbox 417 3813 1989 3886">
    <p class='ocr_par' dir='ltr' id='par_1_51' title="bbox 417 3813 1989 3886">
     <span class='ocr_line' id='line_1_51' title="bbox 417 3813 1989 3886; baseline 0.003 -21"><span class='ocrx_word' id='word_1_403' title='bbox 417 3814 636 3880; x_wconf 82' lang='grc' dir='ltr'>ἁγίους.</span> <span class='ocrx_word' id='word_1_404' title='bbox 673 3817 836 3869; x_wconf 72' lang='grc' dir='ltr'>Ἄνευ</span> <span class='ocrx_word' id='word_1_405' title='bbox 865 3816 919 3868; x_wconf 85' lang='grc' dir='ltr'>δὲ</span> <span class='ocrx_word' id='word_1_406' title='bbox 946 3813 1037 3868; x_wconf 88' lang='grc' dir='ltr'><strong>τοῦ</strong></span> <span class='ocrx_word' id='word_1_407' title='bbox 1060 3815 1136 3884; x_wconf 83' lang='grc' dir='ltr'>μὴ</span> <span class='ocrx_word' id='word_1_408' title='bbox 1165 3817 1365 3886; x_wconf 76' lang='grc' dir='ltr'>χρῆναι</span> <span class='ocrx_word' id='word_1_409' title='bbox 1405 3819 1495 3871; x_wconf 82' lang='grc' dir='ltr'><strong>διὰ</strong></span> <span class='ocrx_word' id='word_1_410' title='bbox 1532 3819 1590 3872; x_wconf 88' lang='grc' dir='ltr'><strong>τὸ</strong></span> <span class='ocrx_word' id='word_1_411' title='bbox 1639 3820 1989 3873; x_wconf 75' lang='grc' dir='ltr'>ἐπικίνδυνον</span> 
     </span>
    </p>
   </div>
   <div class='ocr_carea' id='block_1_52' title="bbox 410 3908 1992 3982">
    <p class='ocr_par' dir='ltr' id='par_1_52' title="bbox 410 3908 1992 3982">
     <span class='ocr_line' id='line_1_52' title="bbox 410 3908 1992 3982; baseline 0.006 -25"><span class='ocrx_word' id='word_1_412' title='bbox 410 3909 527 3968; x_wconf 84' lang='grc' dir='ltr'>τοῖς</span> <span class='ocrx_word' id='word_1_413' title='bbox 553 3908 814 3970; x_wconf 87' lang='grc' dir='ltr'>τοιούτοις</span> <span class='ocrx_word' id='word_1_414' title='bbox 842 3909 1170 3978; x_wconf 78' lang='grc' dir='ltr'>ὲπιτολμᾷν,</span> <span class='ocrx_word' id='word_1_415' title='bbox 1200 3910 1292 3962; x_wconf 73' lang='grc' dir='ltr'><strong>καὶ</strong></span> <span class='ocrx_word' id='word_1_416' title='bbox 1318 3912 1385 3963; x_wconf 76' lang='grc' dir='ltr'>τὰ</span> <span class='ocrx_word' id='word_1_417' title='bbox 1404 3909 1498 3963; x_wconf 84' lang='grc' dir='ltr'><strong>τοῦ</strong></span> <span class='ocrx_word' id='word_1_418' title='bbox 1528 3912 1731 3982; x_wconf 80' lang='grc' dir='ltr'>Κυρίου</span> <span class='ocrx_word' id='word_1_419' title='bbox 1751 3913 1992 3981; x_wconf 79' lang='grc' dir='ltr'>ὀνόματα</span> 
     </span>
    </p>
   </div>
   <div class='ocr_carea' id='block_1_53' title="bbox 417 3996 1991 4072">
    <p class='ocr_par' dir='ltr' id='par_1_53' title="bbox 417 3996 1991 4072">
     <span class='ocr_line' id='line_1_53' title="bbox 417 3996 1991 4072; baseline 0.006 -25"><span class='ocrx_word' id='word_1_420' title='bbox 417 3996 550 4066; x_wconf 83' lang='grc' dir='ltr'>παρ’</span> <span class='ocrx_word' id='word_1_421' title='bbox 590 3998 787 4052; x_wconf 81' lang='grc' dir='ltr'>ἑαυτοῦ</span> <span class='ocrx_word' id='word_1_422' title='bbox 828 4002 1258 4070; x_wconf 85' lang='grc' dir='ltr'>μεταπλάττειν,</span> <span class='ocrx_word' id='word_1_423' title='bbox 1329 4002 1410 4054; x_wconf 79' lang='grc' dir='ltr'><strong>ἔτι</strong></span> <span class='ocrx_word' id='word_1_424' title='bbox 1450 4003 1570 4055; x_wconf 75' lang='grc' dir='ltr'>οὐδὲ</span> <span class='ocrx_word' id='word_1_425' title='bbox 1602 4006 1634 4072; x_wconf 82' lang='grc' dir='ltr'>ὴ</span> <span class='ocrx_word' id='word_1_426' title='bbox 1687 4003 1782 4056; x_wconf 85' lang='grc' dir='ltr'><strong>τοῦ</strong></span> <span class='ocrx_word' id='word_1_427' title='bbox 1829 4005 1991 4057; x_wconf 74' lang='grc' dir='ltr'>Ἀπο-</span> 
     </span>
    </p>
   </div>
   <div class='ocr_carea' id='block_1_54' title="bbox 415 4091 1991 4163">
    <p class='ocr_par' dir='ltr' id='par_1_54' title="bbox 415 4091 1991 4163">
     <span class='ocr_line' id='line_1_54' title="bbox 415 4091 1991 4163; baseline 0.002 -23"><span class='ocrx_word' id='word_1_428' title='bbox 415 4091 609 4148; x_wconf 67' lang='grc' dir='ltr'>στόλου</span> <span class='ocrx_word' id='word_1_429' title='bbox 645 4091 856 4144; x_wconf 85' lang='grc' dir='ltr'>διάνοια</span> <span class='ocrx_word' id='word_1_430' title='bbox 887 4093 988 4162; x_wconf 81' lang='grc' dir='ltr'>τὴν</span> <span class='ocrx_word' id='word_1_431' title='bbox 1032 4096 1140 4163; x_wconf 75' lang='grc' dir='ltr'><strong>πρὸ</strong></span> <span class='ocrx_word' id='word_1_432' title='bbox 1169 4093 1365 4156; x_wconf 82' lang='grc' dir='ltr'>αἰῶνος</span> <span class='ocrx_word' id='word_1_433' title='bbox 1409 4094 1706 4146; x_wconf 81' lang='grc' dir='ltr'>ὑπόστασιν</span> <span class='ocrx_word' id='word_1_434' title='bbox 1745 4094 1842 4147; x_wconf 88' lang='grc' dir='ltr'><strong>τοῦ</strong></span> <span class='ocrx_word' id='word_1_435' title='bbox 1873 4097 1991 4150; x_wconf 86' lang='grc' dir='ltr'><strong>Μο-</strong></span> 
     </span>
    </p>
   </div>
   <div class='ocr_carea' id='block_1_55' title="bbox 412 4179 1986 4257">
    <p class='ocr_par' dir='ltr' id='par_1_55' title="bbox 412 4179 1986 4257">
     <span class='ocr_line' id='line_1_55' title="bbox 412 4179 1986 4257; baseline 0.006 -25"><span class='ocrx_word' id='word_1_436' title='bbox 412 4181 670 4248; x_wconf 76' lang='grc' dir='ltr'>νογενοῦς</span> <span class='ocrx_word' id='word_1_437' title='bbox 697 4184 830 4252; x_wconf 78' lang='grc' dir='ltr'>ἡμῖν</span> <span class='ocrx_word' id='word_1_438' title='bbox 871 4187 1195 4255; x_wconf 84' lang='grc' dir='ltr'>παρίστησι,</span> <span class='ocrx_word' id='word_1_439' title='bbox 1231 4186 1359 4256; x_wconf 82' lang='grc' dir='ltr'>περὶ</span> <span class='ocrx_word' id='word_1_440' title='bbox 1415 4179 1481 4257; x_wconf 79' lang='grc' dir='ltr'>ἧς</span> <span class='ocrx_word' id='word_1_441' title='bbox 1514 4187 1644 4254; x_wconf 84' lang='grc' dir='ltr'>ἡμῖν</span> <span class='ocrx_word' id='word_1_442' title='bbox 1675 4186 1703 4238; x_wconf 86' lang='grc' dir='ltr'>ὁ</span> <span class='ocrx_word' id='word_1_443' title='bbox 1730 4187 1888 4255; x_wconf 84' lang='grc' dir='ltr'>λόγος</span> <span class='ocrx_word' id='word_1_444' title='bbox 1929 4191 1986 4241; x_wconf 82' lang='grc' dir='ltr'><strong>ἐν</strong></span> 
     </span>
    </p>
   </div>
   <div class='ocr_carea' id='block_1_56' title="bbox 407 4278 1986 4351">
    <p class='ocr_par' dir='ltr' id='par_1_56' title="bbox 407 4278 1986 4351">
     <span class='ocr_line' id='line_1_56' title="bbox 407 4278 1986 4351; baseline 0.005 -23"><span class='ocrx_word' id='word_1_445' title='bbox 407 4278 490 4347; x_wconf 77' lang='grc' dir='ltr'>τῷ</span> <span class='ocrx_word' id='word_1_446' title='bbox 526 4280 778 4348; x_wconf 71' lang='grc' dir='ltr'>παρόντι.</span> <span class='ocrx_word' id='word_1_447' title='bbox 813 4279 948 4330; x_wconf 67' lang='grc' dir='ltr'><strong>Οὐδὲ.</strong></span> <span class='ocrx_word' id='word_1_448' title='bbox 1006 4279 1115 4349; x_wconf 78' lang='grc' dir='ltr'>γὰρ</span> <span class='ocrx_word' id='word_1_449' title='bbox 1169 4281 1298 4348; x_wconf 76' lang='grc' dir='ltr'>περὶ</span> <span class='ocrx_word' id='word_1_450' title='bbox 1336 4280 1434 4348; x_wconf 79' lang='grc' dir='ltr'><strong>τῆς</strong></span> <span class='ocrx_word' id='word_1_451' title='bbox 1464 4280 1652 4343; x_wconf 81' lang='grc' dir='ltr'>οὐσίας</span> <span class='ocrx_word' id='word_1_452' title='bbox 1687 4282 1858 4351; x_wconf 79' lang='grc' dir='ltr'>αὐτῆς</span> <span class='ocrx_word' id='word_1_453' title='bbox 1892 4285 1986 4336; x_wconf 85' lang='grc' dir='ltr'><strong>τοῦ</strong></span> 
     </span>
    </p>
   </div>
   <div class='ocr_carea' id='block_1_57' title="bbox 408 4367 1989 4442">
    <p class='ocr_par' dir='ltr' id='par_1_57' title="bbox 408 4367 1989 4442">
     <span class='ocr_line' id='line_1_57' title="bbox 408 4367 1989 4442; baseline 0.006 -23"><span class='ocrx_word' id='word_1_454' title='bbox 408 4367 547 4420; x_wconf 81' lang='grc' dir='ltr'>Θεοῦ</span> <span class='ocrx_word' id='word_1_455' title='bbox 589 4369 764 4436; x_wconf 88' lang='grc' dir='ltr'>Λόγου</span> <span class='ocrx_word' id='word_1_456' title='bbox 809 4368 904 4421; x_wconf 88' lang='grc' dir='ltr'><strong>τοῦ</strong></span> <span class='ocrx_word' id='word_1_457' title='bbox 932 4370 989 4422; x_wconf 83' lang='grc' dir='ltr'>ὲν</span> <span class='ocrx_word' id='word_1_458' title='bbox 1024 4373 1164 4439; x_wconf 78' lang='grc' dir='ltr'><strong>ἀρχῇ</strong></span> <span class='ocrx_word' id='word_1_459' title='bbox 1193 4371 1346 4434; x_wconf 75' lang='grc' dir='ltr'>ὄντος</span> <span class='ocrx_word' id='word_1_460' title='bbox 1382 4373 1517 4442; x_wconf 87' lang='grc' dir='ltr'>πρὸς</span> <span class='ocrx_word' id='word_1_461' title='bbox 1544 4375 1636 4425; x_wconf 88' lang='grc' dir='ltr'><strong>τὸν</strong></span> <span class='ocrx_word' id='word_1_462' title='bbox 1665 4374 1822 4441; x_wconf 84' lang='grc' dir='ltr'>Θεὸν,</span> <span class='ocrx_word' id='word_1_463' title='bbox 1851 4375 1989 4428; x_wconf 83' lang='grc' dir='ltr'>ἀλλὰ</span> 
     </span>
    </p>
   </div>
   <div class='ocr_carea' id='block_1_58' title="bbox 409 4459 1987 4536">
    <p class='ocr_par' dir='ltr' id='par_1_58' title="bbox 409 4459 1987 4536">
     <span class='ocr_line' id='line_1_58' title="bbox 409 4459 1987 4536; baseline 0.004 -22"><span class='ocrx_word' id='word_1_464' title='bbox 409 4459 547 4529; x_wconf 83' lang='grc' dir='ltr'>περὶ</span> <span class='ocrx_word' id='word_1_465' title='bbox 569 4461 662 4512; x_wconf 91' lang='grc' dir='ltr'><strong>τοῦ</strong></span> <span class='ocrx_word' id='word_1_466' title='bbox 706 4460 1047 4524; x_wconf 80' lang='grc' dir='ltr'>κενώσαντος</span> <span class='ocrx_word' id='word_1_467' title='bbox 1078 4462 1272 4516; x_wconf 79' lang='grc' dir='ltr'>ἑαυτὸν</span> <span class='ocrx_word' id='word_1_468' title='bbox 1303 4464 1360 4514; x_wconf 82' lang='grc' dir='ltr'>ὲν</span> <span class='ocrx_word' id='word_1_469' title='bbox 1389 4466 1455 4533; x_wconf 83' lang='grc' dir='ltr'>τῇ</span> <span class='ocrx_word' id='word_1_470' title='bbox 1488 4464 1580 4516; x_wconf 70' lang='grc' dir='ltr'><strong>τοῦ</strong></span> <span class='ocrx_word' id='word_1_471' title='bbox 1611 4465 1804 4518; x_wconf 84' lang='grc' dir='ltr'>δούλου</span> <span class='ocrx_word' id='word_1_472' title='bbox 1849 4483 1987 4536; x_wconf 87' lang='grc' dir='ltr'>μορ-</span> 
     </span>
    </p>
   </div>
   <div class='ocr_carea' id='block_1_59' title="bbox 2173 1965 3673 2042">
    <p class='ocr_par' dir='ltr' id='par_1_59' title="bbox 2173 1965 3673 2042">
     <span class='ocr_line' id='line_1_59' title="bbox 2173 1965 3673 2042; baseline -0.005 -18"><span class='ocrx_word' id='word_1_473' title='bbox 2173 1968 2558 2040; x_wconf 84' lang='lat' dir='ltr'><strong>Comperimus</strong></span> <span class='ocrx_word' id='word_1_474' title='bbox 2636 1987 2726 2028; x_wconf 89' lang='lat' dir='ltr'><strong>res</strong></span> <span class='ocrx_word' id='word_1_475' title='bbox 2781 1979 3098 2042; x_wconf 85' lang='lat' dir='ltr'><strong>procreatas</strong></span> <span class='ocrx_word' id='word_1_476' title='bbox 3154 1986 3186 2025; x_wconf 91' lang='lat' dir='ltr'><strong>a</strong></span> <span class='ocrx_word' id='word_1_477' title='bbox 3255 1969 3424 2023; x_wconf 87' lang='lat' dir='ltr'><strong>verbo</strong></span> <span class='ocrx_word' id='word_1_478' title='bbox 3498 1965 3673 2028; x_wconf 82' lang='lat' dir='ltr'><strong>Fecit,</strong></span> 
     </span>
    </p>
   </div>
   <div class='ocr_carea' id='block_1_60' title="bbox 2097 2061 3674 2132">
    <p class='ocr_par' dir='ltr' id='par_1_60' title="bbox 2097 2061 3674 2132">
     <span class='ocr_line' id='line_1_60' title="bbox 2097 2061 3674 2132; baseline -0.001 -20"><span class='ocrx_word' id='word_1_479' title='bbox 2097 2061 2520 2130; x_wconf 85' lang='lat' dir='ltr'><strong>appellationem</strong></span> <span class='ocrx_word' id='word_1_480' title='bbox 2554 2061 2826 2132; x_wconf 87' lang='lat' dir='ltr'><strong>accipere,</strong></span> <span class='ocrx_word' id='word_1_481' title='bbox 2858 2073 2917 2116; x_wconf 91' lang='lat' dir='ltr'><strong>ut</strong></span> <span class='ocrx_word' id='word_1_482' title='bbox 2949 2063 3104 2116; x_wconf 65' lang='lat' dir='ltr'><strong>factae</strong></span> <span class='ocrx_word' id='word_1_483' title='bbox 3144 2061 3422 2124; x_wconf 85' lang='lat' dir='ltr'><strong>dicantur,</strong></span> <span class='ocrx_word' id='word_1_484' title='bbox 3461 2072 3515 2114; x_wconf 91' lang='lat' dir='ltr'><strong>et</strong></span> <span class='ocrx_word' id='word_1_485' title='bbox 3540 2073 3674 2126; x_wconf 59' lang='lat' dir='ltr'><strong>Ope-</strong></span> 
     </span>
    </p>
   </div>
   <div class='ocr_carea' id='block_1_61' title="bbox 2099 2150 3674 2222">
    <p class='ocr_par' dir='ltr' id='par_1_61' title="bbox 2099 2150 3674 2222">
     <span class='ocr_line' id='line_1_61' title="bbox 2099 2150 3674 2222; baseline -0.001 -18"><span class='ocrx_word' id='word_1_486' title='bbox 2099 2167 2158 2206; x_wconf 87' lang='lat' dir='ltr'><strong>ra</strong></span> <span class='ocrx_word' id='word_1_487' title='bbox 2187 2161 2474 2214; x_wconf 86' lang='lat' dir='ltr'><strong>vocentur,</strong></span> <span class='ocrx_word' id='word_1_488' title='bbox 2527 2153 2579 2208; x_wconf 91' lang='lat' dir='ltr'><strong>id</strong></span> <span class='ocrx_word' id='word_1_489' title='bbox 2639 2153 2790 2222; x_wconf 89' lang='lat' dir='ltr'><strong>quod</strong></span> <span class='ocrx_word' id='word_1_490' title='bbox 2844 2169 2953 2208; x_wconf 88' lang='lat' dir='ltr'><strong>non</strong></span> <span class='ocrx_word' id='word_1_491' title='bbox 2987 2155 3128 2208; x_wconf 82' lang='lat' dir='ltr'><strong>cadit</strong></span> <span class='ocrx_word' id='word_1_492' title='bbox 3181 2155 3236 2206; x_wconf 91' lang='lat' dir='ltr'><strong>in</strong></span> <span class='ocrx_word' id='word_1_493' title='bbox 3278 2153 3472 2205; x_wconf 84' lang='lat' dir='ltr'><strong>Filium</strong></span> <span class='ocrx_word' id='word_1_494' title='bbox 3535 2150 3674 2204; x_wconf 73' lang='lat' dir='ltr'><strong>Dei:</strong></span> 
     </span>
    </p>
   </div>
   <div class='ocr_carea' id='block_1_62' title="bbox 2095 2241 3676 2314">
    <p class='ocr_par' dir='ltr' id='par_1_62' title="bbox 2095 2241 3676 2314">
     <span class='ocr_line' id='line_1_62' title="bbox 2095 2241 3676 2314; baseline -0.001 -19"><span class='ocrx_word' id='word_1_495' title='bbox 2095 2241 2160 2295; x_wconf 83' lang='grc' dir='ltr'><strong>1η</strong></span> <span class='ocrx_word' id='word_1_496' title='bbox 2180 2244 2436 2309; x_wconf 81' lang='lat' dir='ltr'><strong>principio</strong></span> <span class='ocrx_word' id='word_1_497' title='bbox 2459 2245 2618 2306; x_wconf 81' lang='lat' dir='ltr'><strong>enim,</strong></span> <span class='ocrx_word' id='word_1_498' title='bbox 2664 2244 2860 2312; x_wconf 87' lang='lat' dir='ltr'><strong>inquit,</strong></span> <span class='ocrx_word' id='word_1_499' title='bbox 2897 2246 3013 2314; x_wconf 78' lang='lat' dir='ltr'><strong>fecit</strong></span> <span class='ocrx_word' id='word_1_500' title='bbox 3078 2244 3222 2298; x_wconf 87' lang='lat' dir='ltr'><strong>Deus</strong></span> <span class='ocrx_word' id='word_1_501' title='bbox 3267 2243 3452 2296; x_wconf 73' lang='lat' dir='ltr'><strong>ca’lum</strong></span> <span class='ocrx_word' id='word_1_502' title='bbox 3485 2251 3532 2294; x_wconf 84' lang='lat' dir='ltr'><strong>et</strong></span> <span class='ocrx_word' id='word_1_503' title='bbox 3575 2253 3676 2294; x_wconf 85' lang='lat' dir='ltr'><strong>ter-</strong></span> 
     </span>
    </p>
   </div>
   <div class='ocr_carea' id='block_1_63' title="bbox 2097 2337 3674 2406">
    <p class='ocr_par' dir='ltr' id='par_1_63' title="bbox 2097 2337 3674 2406">
     <span class='ocr_line' id='line_1_63' title="bbox 2097 2337 3674 2406; baseline 0.001 -16"><span class='ocrx_word' id='word_1_504' title='bbox 2097 2353 2211 2390; x_wconf 86' lang='lat' dir='ltr'><strong>ram</strong></span> <span class='ocrx_word' id='word_1_505' title='bbox 2236 2339 2278 2389; x_wconf 87' lang='grc'><strong>².</strong></span> <span class='ocrx_word' id='word_1_506' title='bbox 2312 2337 2381 2390; x_wconf 90' lang='lat' dir='ltr'><strong>Et</strong></span> <span class='ocrx_word' id='word_1_507' title='bbox 2413 2337 2508 2391; x_wconf 85' lang='lat' dir='ltr'><strong>:In</strong></span> <span class='ocrx_word' id='word_1_508' title='bbox 2533 2340 2773 2406; x_wconf 80' lang='lat' dir='ltr'><strong>operibus</strong></span> <span class='ocrx_word' id='word_1_509' title='bbox 2802 2355 3050 2392; x_wconf 85' lang='lat' dir='ltr'><strong>manuum</strong></span> <span class='ocrx_word' id='word_1_510' title='bbox 3070 2347 3280 2391; x_wconf 83' lang='lat' dir='ltr'><strong>tuorum</strong></span> <span class='ocrx_word' id='word_1_511' title='bbox 3315 2337 3610 2391; x_wconf 81' lang='lat' dir='ltr'><strong>meditabar</strong></span> <span class='ocrx_word' id='word_1_512' title='bbox 3633 2337 3674 2391; x_wconf 87' lang='grc'><strong>⁸.</strong></span> 
     </span>
    </p>
   </div>
   <div class='ocr_carea' id='block_1_64' title="bbox 2098 2427 3676 2497">
    <p class='ocr_par' dir='ltr' id='par_1_64' title="bbox 2098 2427 3676 2497">
     <span class='ocr_line' id='line_1_64' title="bbox 2098 2427 3676 2497; baseline -0.003 -14"><span class='ocrx_word' id='word_1_513' title='bbox 2098 2428 2167 2483; x_wconf 89' lang='grc' dir='ltr'>Ει</span> <span class='ocrx_word' id='word_1_514' title='bbox 2203 2427 2536 2483; x_wconf 78' lang='lat' dir='ltr'><strong>:Irtvisibilia</strong></span> <span class='ocrx_word' id='word_1_515' title='bbox 2573 2432 2733 2497; x_wconf 82' lang='lat' dir='ltr'><strong>ipsius</strong></span> <span class='ocrx_word' id='word_1_516' title='bbox 2762 2447 2793 2482; x_wconf 93' lang='lat' dir='ltr'><strong>a</strong></span> <span class='ocrx_word' id='word_1_517' title='bbox 2823 2439 3067 2483; x_wconf 82' lang='lat' dir='ltr'><strong>creatura</strong></span> <span class='ocrx_word' id='word_1_518' title='bbox 3111 2430 3288 2482; x_wconf 81' lang='lat' dir='ltr'><strong>mundi</strong></span> <span class='ocrx_word' id='word_1_519' title='bbox 3320 2446 3414 2496; x_wconf 72' lang='lat' dir='ltr'><strong>per</strong></span> <span class='ocrx_word' id='word_1_520' title='bbox 3440 2445 3524 2492; x_wconf 86' lang='lat' dir='ltr'><strong>ea,</strong></span> <span class='ocrx_word' id='word_1_521' title='bbox 3559 2443 3676 2497; x_wconf 69' lang='lat' dir='ltr'><strong>qua:</strong></span> 
     </span>
    </p>
   </div>
   <div class='ocr_carea' id='block_1_65' title="bbox 2096 2514 3675 2592">
    <p class='ocr_par' dir='ltr' id='par_1_65' title="bbox 2096 2514 3675 2592">
     <span class='ocr_line' id='line_1_65' title="bbox 2096 2514 3675 2592; baseline -0.002 -17"><span class='ocrx_word' id='word_1_522' title='bbox 2096 2529 2239 2590; x_wconf 73' lang='lat' dir='ltr'><strong>[acta</strong></span> <span class='ocrx_word' id='word_1_523' title='bbox 2272 2533 2390 2576; x_wconf 84' lang='lat' dir='ltr'><strong>sunt</strong></span> <span class='ocrx_word' id='word_1_524' title='bbox 2420 2521 2681 2576; x_wconf 72' lang='lat' dir='ltr'><strong>intellecta</strong></span> <span class='ocrx_word' id='word_1_525' title='bbox 2709 2514 3163 2592; x_wconf 65' lang='lat' dir='ltr'><strong>conspiciuntur&quot;.</strong></span> <span class='ocrx_word' id='word_1_526' title='bbox 3198 2522 3482 2591; x_wconf 71' lang='lat' dir='ltr'><strong>Scriptura</strong></span> <span class='ocrx_word' id='word_1_527' title='bbox 3512 2521 3675 2591; x_wconf 75' lang='lat' dir='ltr'><strong>igitur</strong></span> 
     </span>
    </p>
   </div>
   <div class='ocr_carea' id='block_1_66' title="bbox 2098 2614 3666 2680">
    <p class='ocr_par' dir='ltr' id='par_1_66' title="bbox 2098 2614 3666 2680">
     <span class='ocr_line' id='line_1_66' title="bbox 2098 2614 3666 2680; baseline -0.002 -13"><span class='ocrx_word' id='word_1_528' title='bbox 2098 2615 2197 2669; x_wconf 87' lang='lat' dir='ltr'><strong>hac</strong></span> <span class='ocrx_word' id='word_1_529' title='bbox 2227 2629 2360 2669; x_wconf 83' lang='lat' dir='ltr'><strong>voce</strong></span> <span class='ocrx_word' id='word_1_530' title='bbox 2389 2624 2570 2680; x_wconf 88' lang='lat' dir='ltr'><strong>utens,</strong></span> <span class='ocrx_word' id='word_1_531' title='bbox 2607 2616 2698 2669; x_wconf 91' lang='lat' dir='ltr'><strong>ubi</strong></span> <span class='ocrx_word' id='word_1_532' title='bbox 2734 2625 2849 2669; x_wconf 91' lang='lat' dir='ltr'><strong>erat</strong></span> <span class='ocrx_word' id='word_1_533' title='bbox 2881 2616 3032 2669; x_wconf 85' lang='lat' dir='ltr'><strong>utilis</strong></span> <span class='ocrx_word' id='word_1_534' title='bbox 3063 2625 3118 2670; x_wconf 91' lang='lat' dir='ltr'><strong>et</strong></span> <span class='ocrx_word' id='word_1_535' title='bbox 3148 2614 3478 2678; x_wconf 77' lang='lat' dir='ltr'><strong>necessaria,</strong></span> <span class='ocrx_word' id='word_1_536' title='bbox 3543 2627 3666 2667; x_wconf 89' lang='lat' dir='ltr'><strong>eam</strong></span> 
     </span>
    </p>
   </div>
   <div class='ocr_carea' id='block_1_67' title="bbox 2094 2705 3674 2762">
    <p class='ocr_par' dir='ltr' id='par_1_67' title="bbox 2094 2705 3674 2762">
     <span class='ocr_line' id='line_1_67' title="bbox 2094 2705 3674 2762; baseline -0.003 0"><span class='ocrx_word' id='word_1_537' title='bbox 2094 2707 2164 2762; x_wconf 86' lang='lat' dir='ltr'><strong>de</strong></span> <span class='ocrx_word' id='word_1_538' title='bbox 2212 2707 2439 2761; x_wconf 85' lang='lat' dir='ltr'><strong>Domino</strong></span> <span class='ocrx_word' id='word_1_539' title='bbox 2497 2717 2552 2762; x_wconf 88' lang='lat' dir='ltr'><strong>et</strong></span> <span class='ocrx_word' id='word_1_540' title='bbox 2597 2708 2885 2762; x_wconf 82' lang='lat' dir='ltr'><strong>Servatore</strong></span> <span class='ocrx_word' id='word_1_541' title='bbox 2946 2717 3134 2762; x_wconf 86' lang='lat' dir='ltr'><strong>nostro</strong></span> <span class='ocrx_word' id='word_1_542' title='bbox 3180 2707 3308 2760; x_wconf 67' lang='lat' dir='ltr'><strong>Jcsu</strong></span> <span class='ocrx_word' id='word_1_543' title='bbox 3343 2707 3564 2760; x_wconf 76' lang='lat' dir='ltr'><strong>Christo</strong></span> <span class='ocrx_word' id='word_1_544' title='bbox 3593 2705 3674 2758; x_wconf 47' lang='lat' dir='ltr'><strong>lo.</strong></span> 
     </span>
    </p>
   </div>
   <div class='ocr_carea' id='block_1_68' title="bbox 2096 2795 3674 2868">
    <p class='ocr_par' dir='ltr' id='par_1_68' title="bbox 2096 2795 3674 2868">
     <span class='ocr_line' id='line_1_68' title="bbox 2096 2795 3674 2868; baseline -0.001 -18"><span class='ocrx_word' id='word_1_545' title='bbox 2096 2811 2292 2866; x_wconf 88' lang='lat' dir='ltr'><strong>quens,</strong></span> <span class='ocrx_word' id='word_1_546' title='bbox 2326 2805 2384 2850; x_wconf 88' lang='lat' dir='ltr'><strong>ut</strong></span> <span class='ocrx_word' id='word_1_547' title='bbox 2411 2795 2530 2865; x_wconf 86' lang='lat' dir='ltr'><strong>ejus</strong></span> <span class='ocrx_word' id='word_1_548' title='bbox 2554 2799 2735 2866; x_wconf 75' lang='lat' dir='ltr'><strong>gloria:</strong></span> <span class='ocrx_word' id='word_1_549' title='bbox 2758 2798 3116 2868; x_wconf 79' lang='lat' dir='ltr'><strong>magnitudini</strong></span> <span class='ocrx_word' id='word_1_550' title='bbox 3147 2799 3329 2852; x_wconf 79' lang='lat' dir='ltr'><strong>ritimis</strong></span> <span class='ocrx_word' id='word_1_551' title='bbox 3362 2811 3674 2865; x_wconf 83' lang='lat' dir='ltr'><strong>congruen-</strong></span> 
     </span>
    </p>
   </div>
   <div class='ocr_carea' id='block_1_69' title="bbox 2095 2890 3670 2960">
    <p class='ocr_par' dir='ltr' id='par_1_69' title="bbox 2095 2890 3670 2960">
     <span class='ocr_line' id='line_1_69' title="bbox 2095 2890 3670 2960; baseline -0.001 -16"><span class='ocrx_word' id='word_1_552' title='bbox 2095 2898 2204 2944; x_wconf 81' lang='lat' dir='ltr'><strong>tem</strong></span> <span class='ocrx_word' id='word_1_553' title='bbox 2238 2905 2517 2960; x_wconf 86' lang='lat' dir='ltr'><strong>nunquam</strong></span> <span class='ocrx_word' id='word_1_554' title='bbox 2568 2891 2966 2960; x_wconf 81' lang='lat' dir='ltr'><strong>pronuntiavit.</strong></span> <span class='ocrx_word' id='word_1_555' title='bbox 3015 2890 3150 2944; x_wconf 86' lang='lat' dir='ltr'><strong>Cum</strong></span> <span class='ocrx_word' id='word_1_556' title='bbox 3199 2899 3377 2943; x_wconf 85' lang='lat' dir='ltr'><strong>tamen</strong></span> <span class='ocrx_word' id='word_1_557' title='bbox 3426 2902 3478 2942; x_wconf 93' lang='lat' dir='ltr'><strong>et</strong></span> <span class='ocrx_word' id='word_1_558' title='bbox 3507 2904 3670 2944; x_wconf 81' lang='lat' dir='ltr'><strong>secu-</strong></span> 
     </span>
    </p>
   </div>
   <div class='ocr_carea' id='block_1_70' title="bbox 2094 2981 3668 3052">
    <p class='ocr_par' dir='ltr' id='par_1_70' title="bbox 2094 2981 3668 3052">
     <span class='ocr_line' id='line_1_70' title="bbox 2094 2981 3668 3052; baseline 0.001 -17"><span class='ocrx_word' id='word_1_559' title='bbox 2094 2981 2218 3043; x_wconf 84' lang='lat' dir='ltr'><strong>rim,</strong></span> <span class='ocrx_word' id='word_1_560' title='bbox 2254 2992 2308 3036; x_wconf 89' lang='lat' dir='ltr'><strong>et</strong></span> <span class='ocrx_word' id='word_1_561' title='bbox 2338 2982 2576 3052; x_wconf 87' lang='lat' dir='ltr'><strong>lapidem</strong></span> <span class='ocrx_word' id='word_1_562' title='bbox 2603 2984 2940 3052; x_wconf 82' lang='lat' dir='ltr'><strong>angularem,</strong></span> <span class='ocrx_word' id='word_1_563' title='bbox 2973 2993 3027 3037; x_wconf 88' lang='lat' dir='ltr'><strong>et</strong></span> <span class='ocrx_word' id='word_1_564' title='bbox 3059 2983 3290 3052; x_wconf 81' lang='lat' dir='ltr'><strong>lapidem</strong></span> <span class='ocrx_word' id='word_1_565' title='bbox 3326 2983 3668 3048; x_wconf 84' lang='lat' dir='ltr'><strong>olIensionis,</strong></span> 
     </span>
    </p>
   </div>
   <div class='ocr_carea' id='block_1_71' title="bbox 2095 3074 3669 3142">
    <p class='ocr_par' dir='ltr' id='par_1_71' title="bbox 2095 3074 3669 3142">
     <span class='ocr_line' id='line_1_71' title="bbox 2095 3074 3669 3142; baseline 0.001 -15"><span class='ocrx_word' id='word_1_566' title='bbox 2095 3081 2150 3127; x_wconf 90' lang='lat' dir='ltr'><strong>et</strong></span> <span class='ocrx_word' id='word_1_567' title='bbox 2190 3083 2400 3142; x_wconf 87' lang='lat' dir='ltr'><strong>petram</strong></span> <span class='ocrx_word' id='word_1_568' title='bbox 2443 3074 2713 3137; x_wconf 84' lang='lat' dir='ltr'><strong>scandali,</strong></span> <span class='ocrx_word' id='word_1_569' title='bbox 2749 3084 2806 3128; x_wconf 91' lang='lat' dir='ltr'><strong>et</strong></span> <span class='ocrx_word' id='word_1_570' title='bbox 2853 3075 2972 3128; x_wconf 84' lang='lat' dir='ltr'><strong>aliis</strong></span> <span class='ocrx_word' id='word_1_571' title='bbox 3003 3076 3276 3142; x_wconf 88' lang='lat' dir='ltr'><strong>ejusmodi</strong></span> <span class='ocrx_word' id='word_1_572' title='bbox 3326 3076 3669 3138; x_wconf 83' lang='lat' dir='ltr'><strong>nominibus,</strong></span> 
     </span>
    </p>
   </div>
   <div class='ocr_carea' id='block_1_72' title="bbox 2097 3165 3668 3236">
    <p class='ocr_par' dir='ltr' id='par_1_72' title="bbox 2097 3165 3668 3236">
     <span class='ocr_line' id='line_1_72' title="bbox 2097 3165 3668 3236; baseline -0.001 -15"><span class='ocrx_word' id='word_1_573' title='bbox 2097 3167 2151 3221; x_wconf 89' lang='lat' dir='ltr'><strong>in</strong></span> <span class='ocrx_word' id='word_1_574' title='bbox 2181 3167 2381 3236; x_wconf 87' lang='lat' dir='ltr'><strong>quibus</strong></span> <span class='ocrx_word' id='word_1_575' title='bbox 2409 3183 2516 3220; x_wconf 92' lang='lat' dir='ltr'><strong>non</strong></span> <span class='ocrx_word' id='word_1_576' title='bbox 2555 3168 2786 3220; x_wconf 91' lang='lat' dir='ltr'><strong>multum</strong></span> <span class='ocrx_word' id='word_1_577' title='bbox 2819 3166 2999 3220; x_wconf 87' lang='lat' dir='ltr'><strong>inesse</strong></span> <span class='ocrx_word' id='word_1_578' title='bbox 3033 3166 3208 3220; x_wconf 85' lang='lat' dir='ltr'><strong>laudis</strong></span> <span class='ocrx_word' id='word_1_579' title='bbox 3237 3166 3558 3220; x_wconf 80' lang='lat' dir='ltr'><strong>existimant</strong></span> <span class='ocrx_word' id='word_1_580' title='bbox 3590 3165 3668 3219; x_wconf 93' lang='lat' dir='ltr'><strong>illi</strong></span> 
     </span>
    </p>
   </div>
   <div class='ocr_carea' id='block_1_73' title="bbox 2096 3259 3674 3329">
    <p class='ocr_par' dir='ltr' id='par_1_73' title="bbox 2096 3259 3674 3329">
     <span class='ocr_line' id='line_1_73' title="bbox 2096 3259 3674 3329; baseline -0.001 -16"><span class='ocrx_word' id='word_1_581' title='bbox 2096 3260 2188 3329; x_wconf 90' lang='lat' dir='ltr'><strong>qui</strong></span> <span class='ocrx_word' id='word_1_582' title='bbox 2227 3259 2294 3312; x_wconf 88' lang='lat' dir='ltr'><strong>ad</strong></span> <span class='ocrx_word' id='word_1_583' title='bbox 2330 3259 2579 3313; x_wconf 88' lang='lat' dir='ltr'><strong>intimam</strong></span> <span class='ocrx_word' id='word_1_584' title='bbox 2621 3273 2815 3312; x_wconf 87' lang='lat' dir='ltr'><strong>eorum</strong></span> <span class='ocrx_word' id='word_1_585' title='bbox 2852 3259 3304 3328; x_wconf 76' lang='lat' dir='ltr'><strong>signilit-ationem</strong></span> <span class='ocrx_word' id='word_1_586' title='bbox 3332 3274 3441 3313; x_wconf 90' lang='lat' dir='ltr'><strong>non</strong></span> <span class='ocrx_word' id='word_1_587' title='bbox 3479 3273 3674 3326; x_wconf 81' lang='lat' dir='ltr'><strong>perve-</strong></span> 
     </span>
    </p>
   </div>
   <div class='ocr_carea' id='block_1_74' title="bbox 2097 3349 3666 3419">
    <p class='ocr_par' dir='ltr' id='par_1_74' title="bbox 2097 3349 3666 3419">
     <span class='ocr_line' id='line_1_74' title="bbox 2097 3349 3666 3419; baseline -0.001 -13"><span class='ocrx_word' id='word_1_588' title='bbox 2097 3351 2276 3412; x_wconf 86' lang='lat' dir='ltr'><strong>niunt,</strong></span> <span class='ocrx_word' id='word_1_589' title='bbox 2326 3350 2603 3419; x_wconf 85' lang='lat' dir='ltr'><strong>appellare</strong></span> <span class='ocrx_word' id='word_1_590' title='bbox 2649 3349 2943 3403; x_wconf 89' lang='lat' dir='ltr'><strong>Dominum</strong></span> <span class='ocrx_word' id='word_1_591' title='bbox 2980 3350 3162 3419; x_wconf 73' lang='lat' dir='ltr'><strong>gloria:</strong></span> <span class='ocrx_word' id='word_1_592' title='bbox 3203 3365 3311 3404; x_wconf 89' lang='lat' dir='ltr'><strong>non</strong></span> <span class='ocrx_word' id='word_1_593' title='bbox 3360 3350 3666 3406; x_wconf 88' lang='lat' dir='ltr'><strong>erubuerit.</strong></span> 
     </span>
    </p>
   </div>
   <div class='ocr_carea' id='block_1_75' title="bbox 2097 3444 3668 3513">
    <p class='ocr_par' dir='ltr' id='par_1_75' title="bbox 2097 3444 3668 3513">
     <span class='ocr_line' id='line_1_75' title="bbox 2097 3444 3668 3513; baseline -0.001 -12"><span class='ocrx_word' id='word_1_594' title='bbox 2097 3444 2236 3501; x_wconf 84' lang='lat' dir='ltr'><strong>Eum</strong></span> <span class='ocrx_word' id='word_1_595' title='bbox 2281 3459 2414 3498; x_wconf 84' lang='lat' dir='ltr'><strong>vero</strong></span> <span class='ocrx_word' id='word_1_596' title='bbox 2440 3460 2719 3513; x_wconf 87' lang='lat' dir='ltr'><strong>nunquam</strong></span> <span class='ocrx_word' id='word_1_597' title='bbox 2763 3444 2988 3498; x_wconf 90' lang='lat' dir='ltr'><strong>omnino</strong></span> <span class='ocrx_word' id='word_1_598' title='bbox 3027 3447 3242 3497; x_wconf 85' lang='lat' dir='ltr'><strong>vocavit</strong></span> <span class='ocrx_word' id='word_1_599' title='bbox 3275 3458 3438 3512; x_wconf 91' lang='lat' dir='ltr'><strong>opus.</strong></span> <span class='ocrx_word' id='word_1_600' title='bbox 3508 3444 3668 3509; x_wconf 83' lang='lat' dir='ltr'><strong>Quod</strong></span> 
     </span>
    </p>
   </div>
   <div class='ocr_carea' id='block_1_76' title="bbox 2097 3536 3668 3593">
    <p class='ocr_par' dir='ltr' id='par_1_76' title="bbox 2097 3536 3668 3593">
     <span class='ocr_line' id='line_1_76' title="bbox 2097 3536 3668 3593; baseline 0 -1"><span class='ocrx_word' id='word_1_601' title='bbox 2097 3546 2279 3592; x_wconf 89' lang='lat' dir='ltr'><strong>tamen</strong></span> <span class='ocrx_word' id='word_1_602' title='bbox 2333 3554 2534 3593; x_wconf 87' lang='lat' dir='ltr'><strong>nomen</strong></span> <span class='ocrx_word' id='word_1_603' title='bbox 2602 3539 2705 3592; x_wconf 89' lang='lat' dir='ltr'><strong>iste</strong></span> <span class='ocrx_word' id='word_1_604' title='bbox 2755 3537 2887 3591; x_wconf 89' lang='lat' dir='ltr'><strong>dicit</strong></span> <span class='ocrx_word' id='word_1_605' title='bbox 2950 3551 3066 3590; x_wconf 91' lang='lat' dir='ltr'><strong>sea</strong></span> <span class='ocrx_word' id='word_1_606' title='bbox 3113 3536 3322 3590; x_wconf 88' lang='lat' dir='ltr'><strong>sanctis</strong></span> <span class='ocrx_word' id='word_1_607' title='bbox 3351 3537 3668 3592; x_wconf 88' lang='lat' dir='ltr'><strong>hominibus</strong></span> 
     </span>
    </p>
   </div>
   <div class='ocr_carea' id='block_1_77' title="bbox 2096 3630 3670 3700">
    <p class='ocr_par' dir='ltr' id='par_1_77' title="bbox 2096 3630 3670 3700">
     <span class='ocr_line' id='line_1_77' title="bbox 2096 3630 3670 3700; baseline 0 -15"><span class='ocrx_word' id='word_1_608' title='bbox 2096 3631 2389 3700; x_wconf 87' lang='lat' dir='ltr'><strong>accepisse,</strong></span> <span class='ocrx_word' id='word_1_609' title='bbox 2429 3641 2487 3684; x_wconf 91' lang='lat' dir='ltr'><strong>ut</strong></span> <span class='ocrx_word' id='word_1_610' title='bbox 2522 3645 2633 3684; x_wconf 90' lang='lat' dir='ltr'><strong>non</strong></span> <span class='ocrx_word' id='word_1_611' title='bbox 2667 3646 2778 3685; x_wconf 72' lang='lat' dir='ltr'><strong>sua:</strong></span> <span class='ocrx_word' id='word_1_612' title='bbox 2806 3639 3014 3684; x_wconf 90' lang='lat' dir='ltr'><strong>tantum</strong></span> <span class='ocrx_word' id='word_1_613' title='bbox 3059 3631 3254 3692; x_wconf 87' lang='lat' dir='ltr'><strong>aetatis,</strong></span> <span class='ocrx_word' id='word_1_614' title='bbox 3287 3630 3382 3684; x_wconf 88' lang='lat' dir='ltr'><strong>sed</strong></span> <span class='ocrx_word' id='word_1_615' title='bbox 3411 3631 3670 3699; x_wconf 90' lang='lat' dir='ltr'><strong>superio-</strong></span> 
     </span>
    </p>
   </div>
   <div class='ocr_carea' id='block_1_78' title="bbox 2096 3723 3670 3778">
    <p class='ocr_par' dir='ltr' id='par_1_78' title="bbox 2096 3723 3670 3778">
     <span class='ocr_line' id='line_1_78' title="bbox 2096 3723 3670 3778; baseline 0.001 -2"><span class='ocrx_word' id='word_1_616' title='bbox 2096 3739 2217 3776; x_wconf 85' lang='lat' dir='ltr'><strong>rum</strong></span> <span class='ocrx_word' id='word_1_617' title='bbox 2261 3723 2426 3778; x_wconf 89' lang='lat' dir='ltr'><strong>etiam</strong></span> <span class='ocrx_word' id='word_1_618' title='bbox 2457 3723 2608 3777; x_wconf 90' lang='lat' dir='ltr'><strong>viros</strong></span> <span class='ocrx_word' id='word_1_619' title='bbox 2656 3732 2881 3777; x_wconf 87' lang='lat' dir='ltr'><strong>sanctos</strong></span> <span class='ocrx_word' id='word_1_620' title='bbox 2938 3724 3228 3778; x_wconf 90' lang='lat' dir='ltr'><strong>calumniis</strong></span> <span class='ocrx_word' id='word_1_621' title='bbox 3265 3724 3531 3778; x_wconf 85' lang='lat' dir='ltr'><strong>involvat.</strong></span> <span class='ocrx_word' id='word_1_622' title='bbox 3594 3723 3670 3778; x_wconf 83' lang='lat' dir='ltr'><strong>Ac</strong></span> 
     </span>
    </p>
   </div>
   <div class='ocr_carea' id='block_1_79' title="bbox 2095 3814 3665 3883">
    <p class='ocr_par' dir='ltr' id='par_1_79' title="bbox 2095 3814 3665 3883">
     <span class='ocr_line' id='line_1_79' title="bbox 2095 3814 3665 3883; baseline 0.001 -17"><span class='ocrx_word' id='word_1_623' title='bbox 2095 3823 2459 3883; x_wconf 86' lang='lat' dir='ltr'><strong>praeterquam</strong></span> <span class='ocrx_word' id='word_1_624' title='bbox 2491 3814 2632 3882; x_wconf 91' lang='lat' dir='ltr'><strong>quod</strong></span> <span class='ocrx_word' id='word_1_625' title='bbox 2678 3814 2990 3882; x_wconf 79' lang='lat' dir='ltr'><strong>periculosa</strong></span> <span class='ocrx_word' id='word_1_626' title='bbox 3031 3829 3120 3868; x_wconf 89' lang='lat' dir='ltr'><strong>res</strong></span> <span class='ocrx_word' id='word_1_627' title='bbox 3164 3815 3368 3868; x_wconf 87' lang='lat' dir='ltr'><strong>audere</strong></span> <span class='ocrx_word' id='word_1_628' title='bbox 3397 3815 3665 3883; x_wconf 87' lang='lat' dir='ltr'><strong>ejusmodi</strong></span> 
     </span>
    </p>
   </div>
   <div class='ocr_carea' id='block_1_80' title="bbox 2095 3907 3666 3978">
    <p class='ocr_par' dir='ltr' id='par_1_80' title="bbox 2095 3907 3666 3978">
     <span class='ocr_line' id='line_1_80' title="bbox 2095 3907 3666 3978; baseline 0 -16"><span class='ocrx_word' id='word_1_629' title='bbox 2095 3908 2380 3962; x_wconf 71' lang='lat' dir='ltr'><strong>vocabulis</strong></span> <span class='ocrx_word' id='word_1_630' title='bbox 2419 3908 2519 3971; x_wconf 92' lang='lat' dir='ltr'><strong>uti,</strong></span> <span class='ocrx_word' id='word_1_631' title='bbox 2553 3918 2609 3961; x_wconf 87' lang='lat' dir='ltr'><strong>et</strong></span> <span class='ocrx_word' id='word_1_632' title='bbox 2639 3907 2855 3960; x_wconf 90' lang='lat' dir='ltr'><strong>Domini</strong></span> <span class='ocrx_word' id='word_1_633' title='bbox 2910 3908 3134 3960; x_wconf 89' lang='lat' dir='ltr'><strong>nomina</strong></span> <span class='ocrx_word' id='word_1_634' title='bbox 3167 3907 3369 3978; x_wconf 82' lang='lat' dir='ltr'><strong>ﬁngere</strong></span> <span class='ocrx_word' id='word_1_635' title='bbox 3399 3908 3666 3963; x_wconf 86' lang='lat' dir='ltr'><strong>arbitratu</strong></span> 
     </span>
    </p>
   </div>
   <div class='ocr_carea' id='block_1_81' title="bbox 2093 3998 3669 4068">
    <p class='ocr_par' dir='ltr' id='par_1_81' title="bbox 2093 3998 3669 4068">
     <span class='ocr_line' id='line_1_81' title="bbox 2093 3998 3669 4068; baseline -0.001 -14"><span class='ocrx_word' id='word_1_636' title='bbox 2093 4015 2212 4063; x_wconf 83' lang='lat' dir='ltr'><strong>suo,</strong></span> <span class='ocrx_word' id='word_1_637' title='bbox 2258 4014 2329 4052; x_wconf 90' lang='lat' dir='ltr'><strong>ne</strong></span> <span class='ocrx_word' id='word_1_638' title='bbox 2362 3998 2624 4068; x_wconf 83' lang='lat' dir='ltr'><strong>Apostolo</strong></span> <span class='ocrx_word' id='word_1_639' title='bbox 2663 3999 2882 4067; x_wconf 87' lang='lat' dir='ltr'><strong>quidem</strong></span> <span class='ocrx_word' id='word_1_640' title='bbox 2911 3998 3253 4068; x_wconf 89' lang='lat' dir='ltr'><strong>propositum</strong></span> <span class='ocrx_word' id='word_1_641' title='bbox 3293 4008 3398 4064; x_wconf 88' lang='lat' dir='ltr'><strong>est,</strong></span> <span class='ocrx_word' id='word_1_642' title='bbox 3434 4008 3493 4054; x_wconf 92' lang='lat' dir='ltr'><strong>ut</strong></span> <span class='ocrx_word' id='word_1_643' title='bbox 3537 3998 3669 4054; x_wconf 84' lang='lat' dir='ltr'><strong>Uni-</strong></span> 
     </span>
    </p>
   </div>
   <div class='ocr_carea' id='block_1_82' title="bbox 2093 4086 3670 4159">
    <p class='ocr_par' dir='ltr' id='par_1_82' title="bbox 2093 4086 3670 4159">
     <span class='ocr_line' id='line_1_82' title="bbox 2093 4086 3670 4159; baseline 0.001 -17"><span class='ocrx_word' id='word_1_644' title='bbox 2093 4089 2258 4159; x_wconf 84' lang='lat' dir='ltr'><strong>geniti</strong></span> <span class='ocrx_word' id='word_1_645' title='bbox 2277 4099 2552 4152; x_wconf 89' lang='lat' dir='ltr'><strong>naturam,</strong></span> <span class='ocrx_word' id='word_1_646' title='bbox 2572 4089 2639 4142; x_wconf 91' lang='lat' dir='ltr'><strong>de</strong></span> <span class='ocrx_word' id='word_1_647' title='bbox 2663 4104 2768 4157; x_wconf 92' lang='lat' dir='ltr'><strong>qua</strong></span> <span class='ocrx_word' id='word_1_648' title='bbox 2795 4088 2848 4140; x_wconf 94' lang='lat' dir='ltr'><strong>in</strong></span> <span class='ocrx_word' id='word_1_649' title='bbox 2873 4089 3157 4157; x_wconf 62' lang='lat' dir='ltr'><strong>praesentia</strong></span> <span class='ocrx_word' id='word_1_650' title='bbox 3179 4086 3475 4158; x_wconf 90' lang='lat' dir='ltr'><strong>loquimur,</strong></span> <span class='ocrx_word' id='word_1_651' title='bbox 3509 4090 3670 4145; x_wconf 88' lang='lat' dir='ltr'><strong>nobis</strong></span> 
     </span>
    </p>
   </div>
   <div class='ocr_carea' id='block_1_83' title="bbox 2091 4179 3666 4253">
    <p class='ocr_par' dir='ltr' id='par_1_83' title="bbox 2091 4179 3666 4253">
     <span class='ocr_line' id='line_1_83' title="bbox 2091 4179 3666 4253; baseline 0.001 -17"><span class='ocrx_word' id='word_1_652' title='bbox 2091 4181 2345 4250; x_wconf 83' lang='lat' dir='ltr'><strong>explicet.</strong></span> <span class='ocrx_word' id='word_1_653' title='bbox 2380 4179 2498 4234; x_wconf 84' lang='lat' dir='ltr'><strong>Non</strong></span> <span class='ocrx_word' id='word_1_654' title='bbox 2523 4181 2669 4234; x_wconf 91' lang='lat' dir='ltr'><strong>enim</strong></span> <span class='ocrx_word' id='word_1_655' title='bbox 2698 4180 2766 4234; x_wconf 90' lang='lat' dir='ltr'><strong>de</strong></span> <span class='ocrx_word' id='word_1_656' title='bbox 2797 4179 2957 4235; x_wconf 83' lang='lat' dir='ltr'><strong>Verbi</strong></span> <span class='ocrx_word' id='word_1_657' title='bbox 3001 4181 3244 4235; x_wconf 85' lang='lat' dir='ltr'><strong>essentia</strong></span> <span class='ocrx_word' id='word_1_658' title='bbox 3302 4181 3360 4235; x_wconf 92' lang='lat' dir='ltr'><strong>in</strong></span> <span class='ocrx_word' id='word_1_659' title='bbox 3392 4182 3666 4253; x_wconf 87' lang='lat' dir='ltr'><strong>principio</strong></span> 
     </span>
    </p>
   </div>
   <div class='ocr_carea' id='block_1_84' title="bbox 2093 4273 3667 4343">
    <p class='ocr_par' dir='ltr' id='par_1_84' title="bbox 2093 4273 3667 4343">
     <span class='ocr_line' id='line_1_84' title="bbox 2093 4273 3667 4343; baseline 0.003 -16"><span class='ocrx_word' id='word_1_660' title='bbox 2093 4273 2238 4343; x_wconf 87' lang='lat' dir='ltr'><strong>apud</strong></span> <span class='ocrx_word' id='word_1_661' title='bbox 2271 4274 2441 4328; x_wconf 91' lang='lat' dir='ltr'><strong>Deum</strong></span> <span class='ocrx_word' id='word_1_662' title='bbox 2477 4273 2798 4328; x_wconf 81' lang='lat' dir='ltr'><strong>exsistentis</strong></span> <span class='ocrx_word' id='word_1_663' title='bbox 2837 4274 3000 4329; x_wconf 89' lang='lat' dir='ltr'><strong>verba</strong></span> <span class='ocrx_word' id='word_1_664' title='bbox 3045 4274 3196 4340; x_wconf 85' lang='lat' dir='ltr'><strong>facit,</strong></span> <span class='ocrx_word' id='word_1_665' title='bbox 3233 4277 3328 4331; x_wconf 91' lang='lat' dir='ltr'><strong>sed</strong></span> <span class='ocrx_word' id='word_1_666' title='bbox 3361 4277 3428 4331; x_wconf 92' lang='lat' dir='ltr'><strong>de</strong></span> <span class='ocrx_word' id='word_1_667' title='bbox 3459 4277 3573 4341; x_wconf 92' lang='lat' dir='ltr'><strong>illo,</strong></span> <span class='ocrx_word' id='word_1_668' title='bbox 3607 4287 3667 4332; x_wconf 91' lang='lat' dir='ltr'><strong>ut</strong></span> 
     </span>
    </p>
   </div>
   <div class='ocr_carea' id='block_1_85' title="bbox 2091 4366 3663 4436">
    <p class='ocr_par' dir='ltr' id='par_1_85' title="bbox 2091 4366 3663 4436">
     <span class='ocr_line' id='line_1_85' title="bbox 2091 4366 3663 4436; baseline -0.001 -14"><span class='ocrx_word' id='word_1_669' title='bbox 2091 4367 2448 4436; x_wconf 84' lang='lat' dir='ltr'><strong>semetipsum</strong></span> <span class='ocrx_word' id='word_1_670' title='bbox 2477 4366 2797 4431; x_wconf 84' lang='lat' dir='ltr'><strong>exinanivit,</strong></span> <span class='ocrx_word' id='word_1_671' title='bbox 2850 4375 2909 4420; x_wconf 90' lang='lat' dir='ltr'><strong>ut</strong></span> <span class='ocrx_word' id='word_1_672' title='bbox 2959 4366 3101 4420; x_wconf 89' lang='lat' dir='ltr'><strong>servi</strong></span> <span class='ocrx_word' id='word_1_673' title='bbox 3149 4366 3380 4421; x_wconf 81' lang='lat' dir='ltr'><strong>formam</strong></span> <span class='ocrx_word' id='word_1_674' title='bbox 3431 4370 3663 4435; x_wconf 87' lang='lat' dir='ltr'><strong>accepit,</strong></span> 
     </span>
    </p>
   </div>
   <div class='ocr_carea' id='block_1_86' title="bbox 2092 4459 3664 4530">
    <p class='ocr_par' dir='ltr' id='par_1_86' title="bbox 2092 4459 3664 4530">
     <span class='ocr_line' id='line_1_86' title="bbox 2092 4459 3664 4530; baseline 0.001 -16"><span class='ocrx_word' id='word_1_675' title='bbox 2092 4472 2154 4514; x_wconf 89' lang='lat' dir='ltr'><strong>ut</strong></span> <span class='ocrx_word' id='word_1_676' title='bbox 2185 4460 2431 4530; x_wconf 85' lang='lat' dir='ltr'><strong>corporis</strong></span> <span class='ocrx_word' id='word_1_677' title='bbox 2470 4461 2641 4514; x_wconf 88' lang='lat' dir='ltr'><strong>nostri</strong></span> <span class='ocrx_word' id='word_1_678' title='bbox 2671 4459 3083 4515; x_wconf 87' lang='lat' dir='ltr'><strong>similitudinem</strong></span> <span class='ocrx_word' id='word_1_679' title='bbox 3115 4459 3435 4514; x_wconf 83' lang='lat' dir='ltr'><strong>humilitatis</strong></span> <span class='ocrx_word' id='word_1_680' title='bbox 3461 4461 3664 4522; x_wconf 77' lang='lat' dir='ltr'><strong>induit.</strong></span> 
     </span>
    </p>
   </div>
   <div class='ocr_carea' id='block_1_87' title="bbox 408 4551 1989 4628">
    <p class='ocr_par' dir='ltr' id='par_1_87' title="bbox 408 4553 1988 4628">
     <span class='ocr_line' id='line_1_87' title="bbox 408 4553 1988 4628; baseline 0.009 -27"><span class='ocrx_word' id='word_1_681' title='bbox 408 4554 512 4622; x_wconf 78' lang='grc' dir='ltr'><strong>φῇ,</strong></span> <span class='ocrx_word' id='word_1_682' title='bbox 545 4554 640 4606; x_wconf 78' lang='grc' dir='ltr'>καὶ</span> <span class='ocrx_word' id='word_1_683' title='bbox 673 4553 969 4622; x_wconf 78' lang='grc' dir='ltr'>γενομένου</span> <span class='ocrx_word' id='word_1_684' title='bbox 1028 4555 1358 4625; x_wconf 83' lang='grc' dir='ltr'>συμμόρφου</span> <span class='ocrx_word' id='word_1_685' title='bbox 1392 4556 1471 4624; x_wconf 84' lang='grc' dir='ltr'>τῷ</span> <span class='ocrx_word' id='word_1_686' title='bbox 1503 4555 1718 4627; x_wconf 85' lang='grc' dir='ltr'>σώματι</span> <span class='ocrx_word' id='word_1_687' title='bbox 1750 4559 1849 4628; x_wconf 84' lang='grc' dir='ltr'>τῆς</span> <span class='ocrx_word' id='word_1_688' title='bbox 1889 4578 1988 4614; x_wconf 88' lang='grc' dir='ltr'>τα-</span> 
     </span>
    </p>
   </div>
   <div class='ocr_carea' id='block_1_88' title="bbox 2094 4551 3667 4628">
    <p class='ocr_par' dir='ltr' id='par_1_88' title="bbox 2094 4551 3667 4622">
     <span class='ocr_line' id='line_1_88' title="bbox 2094 4551 3667 4622; baseline 0.001 -16"><span class='ocrx_word' id='word_1_689' title='bbox 2094 4562 2148 4606; x_wconf 87' lang='lat' dir='ltr'><strong>et</strong></span> <span class='ocrx_word' id='word_1_690' title='bbox 2194 4567 2261 4604; x_wconf 77' lang='lat' dir='ltr'><strong>ex</strong></span> <span class='ocrx_word' id='word_1_691' title='bbox 2303 4552 2618 4606; x_wconf 89' lang='lat' dir='ltr'><strong>inﬁrmitate</strong></span> <span class='ocrx_word' id='word_1_692' title='bbox 2658 4551 2836 4606; x_wconf 88' lang='lat' dir='ltr'><strong>crucis</strong></span> <span class='ocrx_word' id='word_1_693' title='bbox 2881 4562 3110 4606; x_wconf 86' lang='lat' dir='ltr'><strong>mortem</strong></span> <span class='ocrx_word' id='word_1_694' title='bbox 3140 4553 3446 4618; x_wconf 88' lang='lat' dir='ltr'><strong>sustinuit,</strong></span> <span class='ocrx_word' id='word_1_695' title='bbox 3477 4564 3667 4622; x_wconf 88' lang='lat' dir='ltr'><strong>aperte</strong></span> 
     </span>
    </p>
   </div>
   <div class='ocr_carea' id='block_1_89' title="bbox 411 4645 1983 4719">
    <p class='ocr_par' dir='ltr' id='par_1_89' title="bbox 411 4645 1983 4719">
     <span class='ocr_line' id='line_1_89' title="bbox 411 4645 1983 4719; baseline 0.005 -19"><span class='ocrx_word' id='word_1_696' title='bbox 411 4647 734 4709; x_wconf 82' lang='grc' dir='ltr'>πεινώσεως</span> <span class='ocrx_word' id='word_1_697' title='bbox 786 4645 966 4716; x_wconf 83' lang='grc' dir='ltr'>ἡμῶν,</span> <span class='ocrx_word' id='word_1_698' title='bbox 1000 4648 1096 4699; x_wconf 70' lang='grc' dir='ltr'><strong>καὶ⁵</strong></span> <span class='ocrx_word' id='word_1_699' title='bbox 1145 4650 1553 4719; x_wconf 72' lang='grc' dir='ltr'>σταυρῳθέντος</span> <span class='ocrx_word' id='word_1_700' title='bbox 1603 4652 1664 4715; x_wconf 77' lang='grc' dir='ltr'>ἐξ</span> <span class='ocrx_word' id='word_1_701' title='bbox 1697 4653 1983 4718; x_wconf 82' lang='grc' dir='ltr'>ἀσθενείας</span> 
     </span>
    </p>
   </div>
   <div class='ocr_carea' id='block_1_90' title="bbox 405 4734 1986 4812">
    <p class='ocr_par' dir='ltr' id='par_1_90' title="bbox 405 4734 1986 4812">
     <span class='ocr_line' id='line_1_90' title="bbox 405 4734 1986 4812; baseline 0.006 -24"><span class='ocrx_word' id='word_1_702' title='bbox 405 4735 604 4802; x_wconf 76' lang='grc' dir='ltr'>σαφῶς</span> <span class='ocrx_word' id='word_1_703' title='bbox 632 4734 1090 4802; x_wconf 77' lang='grc' dir='ltr'>διαλέγεται.Καὶ</span> <span class='ocrx_word' id='word_1_704' title='bbox 1110 4737 1270 4790; x_wconf 89' lang='grc' dir='ltr'>τοῦτο</span> <span class='ocrx_word' id='word_1_705' title='bbox 1295 4741 1458 4792; x_wconf 80' lang='grc' dir='ltr'>παντὶ</span> <span class='ocrx_word' id='word_1_706' title='bbox 1483 4739 1762 4812; x_wconf 83' lang='grc' dir='ltr'>γνώριμον</span> <span class='ocrx_word' id='word_1_707' title='bbox 1795 4744 1872 4812; x_wconf 85' lang='grc' dir='ltr'>τῷ</span> <span class='ocrx_word' id='word_1_708' title='bbox 1893 4748 1986 4798; x_wconf 79' lang='grc' dir='ltr'>καὶ</span> 
     </span>
    </p>
   </div>
   <div class='ocr_carea' id='block_1_91' title="bbox 407 4826 1982 4908">
    <p class='ocr_par' dir='ltr' id='par_1_91' title="bbox 407 4826 1982 4908">
     <span class='ocr_line' id='line_1_91' title="bbox 407 4826 1982 4908; baseline 0.008 -32"><span class='ocrx_word' id='word_1_709' title='bbox 407 4826 614 4896; x_wconf 83' lang='grc' dir='ltr'>μικρὸν</span> <span class='ocrx_word' id='word_1_710' title='bbox 678 4826 1043 4896; x_wconf 79' lang='grc' dir='ltr'>ὲπιστήσαντι</span> <span class='ocrx_word' id='word_1_711' title='bbox 1107 4829 1206 4896; x_wconf 76' lang='grc' dir='ltr'>τῆς</span> <span class='ocrx_word' id='word_1_712' title='bbox 1246 4830 1615 4908; x_wconf 84' lang='grc' dir='ltr'>ἀποστολικῆς</span> <span class='ocrx_word' id='word_1_713' title='bbox 1661 4834 1861 4900; x_wconf 81' lang='grc' dir='ltr'>λέξεως</span> <span class='ocrx_word' id='word_1_714' title='bbox 1900 4837 1982 4908; x_wconf 81' lang='grc' dir='ltr'>τῷ</span> 
     </span>
    </p>
   </div>
   <div class='ocr_carea' id='block_1_92' title="bbox 410 4906 1985 4995">
    <p class='ocr_par' dir='ltr' id='par_1_92' title="bbox 410 4906 1985 4995">
     <span class='ocr_line' id='line_1_92' title="bbox 410 4906 1985 4995; baseline 0.008 -26"><span class='ocrx_word' id='word_1_715' title='bbox 410 4918 739 4988; x_wconf 82' lang='grc' dir='ltr'>βουλήματι,</span> <span class='ocrx_word' id='word_1_716' title='bbox 782 4921 865 4972; x_wconf 79' lang='grc' dir='ltr'>ὅτι</span> <span class='ocrx_word' id='word_1_717' title='bbox 927 4921 1050 4991; x_wconf 81' lang='grc' dir='ltr'>οὐχὶ</span> <span class='ocrx_word' id='word_1_718' title='bbox 1112 4920 1391 4990; x_wconf 86' lang='grc' dir='ltr'>θεολογίας</span> <span class='ocrx_word' id='word_1_719' title='bbox 1457 4906 1590 4995; x_wconf 74' lang='grc' dir='ltr'>ημῖν</span> <span class='ocrx_word' id='word_1_720' title='bbox 1647 4906 1985 4994; x_wconf 81' lang='grc' dir='ltr'>παραδίδωσι</span> 
     </span>
    </p>
   </div>
   <div class='ocr_carea' id='block_1_93' title="bbox 406 5008 1982 5088">
    <p class='ocr_par' dir='ltr' id='par_1_93' title="bbox 406 5008 1982 5088">
     <span class='ocr_line' id='line_1_93' title="bbox 406 5008 1982 5088; baseline 0.006 -25"><span class='ocrx_word' id='word_1_721' title='bbox 406 5008 636 5079; x_wconf 79' lang='grc' dir='ltr'>τρόπον,</span> <span class='ocrx_word' id='word_1_722' title='bbox 667 5009 804 5064; x_wconf 80' lang='grc' dir='ltr'>ἀλλὰ</span> <span class='ocrx_word' id='word_1_723' title='bbox 831 5013 957 5072; x_wconf 76' lang='grc' dir='ltr'>τοὺς</span> <span class='ocrx_word' id='word_1_724' title='bbox 975 5010 1419 5082; x_wconf 78' lang='grc' dir='ltr'>τῆςὊίκονομίας</span> <span class='ocrx_word' id='word_1_725' title='bbox 1446 5016 1636 5083; x_wconf 80' lang='grc' dir='ltr'>λόγους</span> <span class='ocrx_word' id='word_1_726' title='bbox 1659 5020 1982 5088; x_wconf 84' lang='grc' dir='ltr'>παραδηλοῖ·</span> 
     </span>
    </p>
   </div>
   <div class='ocr_carea' id='block_1_94' title="bbox 404 5102 1986 5179">
    <p class='ocr_par' dir='ltr' id='par_1_94' title="bbox 404 5102 1986 5179">
     <span class='ocr_line' id='line_1_94' title="bbox 404 5102 1986 5179; baseline 0.008 -25"><span class='ocrx_word' id='word_1_727' title='bbox 404 5102 636 5167; x_wconf 78' lang='grc' dir='ltr'>Κύριον</span> <span class='ocrx_word' id='word_1_728' title='bbox 665 5103 796 5170; x_wconf 77' lang='grc' dir='ltr'>γὰρ,</span> <span class='ocrx_word' id='word_1_729' title='bbox 829 5103 1018 5172; x_wconf 76' lang='grc' dir='ltr'>φησὶν,</span> <span class='ocrx_word' id='word_1_730' title='bbox 1058 5104 1264 5168; x_wconf 81' lang='grc' dir='ltr'>αὐτὸν,</span> <span class='ocrx_word' id='word_1_731' title='bbox 1330 5109 1427 5159; x_wconf 81' lang='grc' dir='ltr'>καὶ</span> <span class='ocrx_word' id='word_1_732' title='bbox 1484 5109 1744 5174; x_wconf 85' lang='grc' dir='ltr'>Χριστὸν</span> <span class='ocrx_word' id='word_1_733' title='bbox 1774 5116 1806 5165; x_wconf 84' lang='lat' dir='ltr'><strong>d</strong></span> <span class='ocrx_word' id='word_1_734' title='bbox 1840 5113 1986 5179; x_wconf 87' lang='grc' dir='ltr'>Θεὸς</span> 
     </span>
    </p>
   </div>
   <div class='ocr_carea' id='block_1_95' title="bbox 409 5193 1987 5272">
    <p class='ocr_par' dir='ltr' id='par_1_95' title="bbox 409 5193 1987 5272">
     <span class='ocr_line' id='line_1_95' title="bbox 409 5193 1987 5272; baseline 0.008 -26"><span class='ocrx_word' id='word_1_735' title='bbox 409 5193 670 5258; x_wconf 79' lang='grc' dir='ltr'>ἐποίησε</span> <span class='ocrx_word' id='word_1_736' title='bbox 701 5193 923 5248; x_wconf 82' lang='grc' dir='ltr'>τοῦτον</span> <span class='ocrx_word' id='word_1_737' title='bbox 953 5196 1060 5250; x_wconf 82' lang='grc' dir='ltr'>τὸν</span> <span class='ocrx_word' id='word_1_738' title='bbox 1102 5196 1356 5264; x_wconf 80' lang='grc' dir='ltr'>Ἰησοῦν,</span> <span class='ocrx_word' id='word_1_739' title='bbox 1387 5198 1458 5252; x_wconf 88' lang='grc' dir='ltr'><strong>ὃν</strong></span> <span class='ocrx_word' id='word_1_740' title='bbox 1480 5201 1649 5270; x_wconf 83' lang='grc' dir='ltr'>ὑμεῖς</span> <span class='ocrx_word' id='word_1_741' title='bbox 1685 5204 1987 5272; x_wconf 84' lang='grc' dir='ltr'>ἐσταυρώ-</span> 
     </span>
    </p>
   </div>
   <div class='ocr_carea' id='block_1_96' title="bbox 408 5288 1988 5363">
    <p class='ocr_par' dir='ltr' id='par_1_96' title="bbox 408 5288 1988 5363">
     <span class='ocr_line' id='line_1_96' title="bbox 408 5288 1988 5363; baseline 0.008 -24"><span class='ocrx_word' id='word_1_742' title='bbox 408 5301 588 5348; x_wconf 83' lang='grc' dir='ltr'>σατε,</span> <span class='ocrx_word' id='word_1_743' title='bbox 633 5289 700 5357; x_wconf 82' lang='grc' dir='ltr'>τῇ</span> <span class='ocrx_word' id='word_1_744' title='bbox 761 5288 1008 5358; x_wconf 82' lang='grc' dir='ltr'>δεικτικῇ</span> <span class='ocrx_word' id='word_1_745' title='bbox 1046 5291 1197 5360; x_wconf 80' lang='grc' dir='ltr'><strong>φωνῇ</strong></span> <span class='ocrx_word' id='word_1_746' title='bbox 1246 5291 1381 5361; x_wconf 84' lang='grc' dir='ltr'>πρὸς</span> <span class='ocrx_word' id='word_1_747' title='bbox 1407 5292 1468 5344; x_wconf 90' lang='grc' dir='ltr'><strong>τὸ</strong></span> <span class='ocrx_word' id='word_1_748' title='bbox 1499 5293 1841 5363; x_wconf 84' lang='grc' dir='ltr'>ἀνθρώπινον</span> <span class='ocrx_word' id='word_1_749' title='bbox 1888 5301 1988 5352; x_wconf 88' lang='grc' dir='ltr'>αύ-</span> 
     </span>
    </p>
   </div>
   <div class='ocr_carea' id='block_1_97' title="bbox 403 5375 1983 5461">
    <p class='ocr_par' dir='ltr' id='par_1_97' title="bbox 403 5375 1983 5461">
     <span class='ocr_line' id='line_1_97' title="bbox 403 5375 1983 5461; baseline 0.011 -33"><span class='ocrx_word' id='word_1_750' title='bbox 403 5375 526 5441; x_wconf 84' lang='grc' dir='ltr'>τοῦ,</span> <span class='ocrx_word' id='word_1_751' title='bbox 560 5424 562 5426; x_wconf 95' lang='grc'>.</span> <span class='ocrx_word' id='word_1_752' title='bbox 588 5380 684 5430; x_wconf 77' lang='grc' dir='ltr'>καὶ</span> <span class='ocrx_word' id='word_1_753' title='bbox 742 5378 1018 5448; x_wconf 87' lang='grc' dir='ltr'>ὁρώμενον</span> <span class='ocrx_word' id='word_1_754' title='bbox 1040 5382 1175 5435; x_wconf 81' lang='grc' dir='ltr'>πᾶσι</span> <span class='ocrx_word' id='word_1_755' title='bbox 1227 5383 1510 5453; x_wconf 87' lang='grc' dir='ltr'>προδήλως</span> <span class='ocrx_word' id='word_1_756' title='bbox 1539 5387 1983 5461; x_wconf 76' lang='grc' dir='ltr'>ἐπερειδόμενος.</span> 
     </span>
    </p>
   </div>
   <div class='ocr_carea' id='block_1_98' title="bbox 416 5469 1984 5553">
    <p class='ocr_par' dir='ltr' id='par_1_98' title="bbox 416 5469 1984 5553">
     <span class='ocr_line' id='line_1_98' title="bbox 416 5469 1984 5553; baseline 0.009 -31"><span class='ocrx_word' id='word_1_757' title='bbox 416 5469 482 5522; x_wconf 85' lang='grc'><strong>⁸0</strong></span> <span class='ocrx_word' id='word_1_758' title='bbox 514 5469 570 5522; x_wconf 73' lang='grc' dir='ltr'>δὲ</span> <span class='ocrx_word' id='word_1_759' title='bbox 598 5472 698 5538; x_wconf 82' lang='grc' dir='ltr'><strong>τὴν</strong></span> <span class='ocrx_word' id='word_1_760' title='bbox 725 5472 975 5540; x_wconf 80' lang='grc' dir='ltr'>ἐποίησε</span> <span class='ocrx_word' id='word_1_761' title='bbox 1012 5473 1194 5544; x_wconf 84' lang='grc' dir='ltr'>φωνὴν</span> <span class='ocrx_word' id='word_1_762' title='bbox 1221 5477 1304 5537; x_wconf 77' lang='grc' dir='ltr'><strong>είς</strong></span> <span class='ocrx_word' id='word_1_763' title='bbox 1331 5475 1432 5545; x_wconf 81' lang='grc' dir='ltr'><strong>τὴν</strong></span> <span class='ocrx_word' id='word_1_764' title='bbox 1456 5478 1696 5548; x_wconf 82' lang='grc' dir='ltr'>ἀρχῆθεν</span> <span class='ocrx_word' id='word_1_765' title='bbox 1729 5483 1984 5553; x_wconf 82' lang='grc' dir='ltr'>γέννησιν</span> 
     </span>
    </p>
   </div>
   <div class='ocr_carea' id='block_1_99' title="bbox 407 5561 1982 5637">
    <p class='ocr_par' dir='ltr' id='par_1_99' title="bbox 407 5561 1982 5637">
     <span class='ocr_line' id='line_1_99' title="bbox 407 5561 1982 5637; baseline 0.009 -21"><span class='ocrx_word' id='word_1_766' title='bbox 407 5561 508 5616; x_wconf 77' lang='grc' dir='ltr'><strong>τοῦ</strong></span> <span class='ocrx_word' id='word_1_767' title='bbox 547 5562 892 5631; x_wconf 84' lang='grc' dir='ltr'>Μονογενοῦς</span> <span class='ocrx_word' id='word_1_768' title='bbox 923 5565 1250 5637; x_wconf 83' lang='grc' dir='ltr'>μεταφέρει,</span> <span class='ocrx_word' id='word_1_769' title='bbox 1297 5569 1393 5622; x_wconf 81' lang='grc' dir='ltr'>καὶ</span> <span class='ocrx_word' id='word_1_770' title='bbox 1423 5571 1547 5623; x_wconf 74' lang='grc' dir='ltr'>οὐδὲ</span> <span class='ocrx_word' id='word_1_771' title='bbox 1582 5573 1763 5626; x_wconf 77' lang='grc' dir='ltr'>ἐκεῖνο</span> <span class='ocrx_word' id='word_1_772' title='bbox 1816 5576 1982 5631; x_wconf 83' lang='grc' dir='ltr'>αὑτὸν</span> 
     </span>
    </p>
   </div>
   <div class='ocr_carea' id='block_1_100' title="bbox 400 5657 1985 5734">
    <p class='ocr_par' dir='ltr' id='par_1_100' title="bbox 400 5657 1985 5734">
     <span class='ocr_line' id='line_1_100' title="bbox 400 5657 1985 5734; baseline 0.008 -23"><span class='ocrx_word' id='word_1_773' title='bbox 400 5657 671 5723; x_wconf 80' lang='grc' dir='ltr'>δυσωπεῖ,</span> <span class='ocrx_word' id='word_1_774' title='bbox 706 5659 788 5710; x_wconf 83' lang='grc' dir='ltr'><strong>ὃτι</strong></span> <span class='ocrx_word' id='word_1_775' title='bbox 818 5657 880 5710; x_wconf 86' lang='grc' dir='ltr'><strong>τὸ</strong></span> <span class='ocrx_word' id='word_1_776' title='bbox 918 5659 1126 5730; x_wconf 81' lang='grc' dir='ltr'>Κύριος</span> <span class='ocrx_word' id='word_1_777' title='bbox 1146 5661 1269 5731; x_wconf 78' lang='grc' dir='ltr'>οὐχὶ</span> <span class='ocrx_word' id='word_1_778' title='bbox 1307 5663 1498 5726; x_wconf 84' lang='grc' dir='ltr'>οὐσίας</span> <span class='ocrx_word' id='word_1_779' title='bbox 1526 5665 1700 5731; x_wconf 70' lang='grc' dir='ltr'>ἐστὶν,</span> <span class='ocrx_word' id='word_1_780' title='bbox 1749 5667 1869 5720; x_wconf 79' lang='grc' dir='ltr'>ἀλλ’</span> <span class='ocrx_word' id='word_1_781' title='bbox 1896 5669 1985 5734; x_wconf 75' lang='grc' dir='ltr'><strong>ἐξ·</strong></span> 
     </span>
    </p>
   </div>
   <div class='ocr_carea' id='block_1_101' title="bbox 402 5748 1981 5826">
    <p class='ocr_par' dir='ltr' id='par_1_101' title="bbox 402 5748 1981 5826">
     <span class='ocr_line' id='line_1_101' title="bbox 402 5748 1981 5826; baseline 0.01 -25"><span class='ocrx_word' id='word_1_782' title='bbox 402 5748 602 5811; x_wconf 69' lang='grc' dir='ltr'>θυσίας</span> <span class='ocrx_word' id='word_1_783' title='bbox 653 5748 849 5820; x_wconf 75' lang='grc' dir='ltr'>ὄνομα.</span> <span class='ocrx_word' id='word_1_784' title='bbox 878 5751 1043 5805; x_wconf 89' lang='grc' dir='ltr'>Ὠστε</span> <span class='ocrx_word' id='word_1_785' title='bbox 1091 5754 1119 5806; x_wconf 86' lang='grc' dir='ltr'>ὁ</span> <span class='ocrx_word' id='word_1_786' title='bbox 1174 5753 1370 5823; x_wconf 81' lang='grc' dir='ltr'>είπὼν,</span> <span class='ocrx_word' id='word_1_787' title='bbox 1397 5755 1621 5826; x_wconf 78' lang='grc' dir='ltr'>Κύριον</span> <span class='ocrx_word' id='word_1_788' title='bbox 1656 5759 1846 5814; x_wconf 78' lang='grc' dir='ltr'>αὐτὸν</span> <span class='ocrx_word' id='word_1_789' title='bbox 1881 5763 1981 5818; x_wconf 80' lang='grc' dir='ltr'><strong>καί</strong></span> 
     </span>
    </p>
   </div>
   <div class='ocr_carea' id='block_1_102' title="bbox 482 5881 1500 5959">
    <p class='ocr_par' dir='ltr' id='par_1_102' title="bbox 482 5881 1500 5959">
     <span class='ocr_line' id='line_1_102' title="bbox 482 5881 1500 5959; baseline 0.01 -22"><span class='ocrx_word' id='word_1_790' title='bbox 482 5884 500 5915; x_wconf 76' lang='grc'>³</span> <span class='ocrx_word' id='word_1_791' title='bbox 541 5881 698 5939; x_wconf 82' lang='lat' dir='ltr'><strong>Joan.</strong></span> <span class='ocrx_word' id='word_1_792' title='bbox 760 5899 872 5950; x_wconf 57' lang='grc' dir='ltr'>τιν,</span> <span class='ocrx_word' id='word_1_793' title='bbox 922 5884 1014 5941; x_wconf 71' lang='lat'><strong>28.</strong></span> <span class='ocrx_word' id='word_1_794' title='bbox 1094 5888 1114 5919; x_wconf 80' lang='grc'>⁸</span> <span class='ocrx_word' id='word_1_795' title='bbox 1169 5886 1307 5945; x_wconf 85' lang='lat' dir='ltr'><strong>Gen.</strong></span> <span class='ocrx_word' id='word_1_796' title='bbox 1370 5907 1409 5959; x_wconf 84' lang='grc' dir='ltr'><strong>ι,</strong></span> <span class='ocrx_word' id='word_1_797' title='bbox 1453 5891 1500 5946; x_wconf 86' lang='lat' dir='ltr'><strong>l.</strong></span> 
     </span>
    </p>
   </div>
   <div class='ocr_carea' id='block_1_103' title="bbox 1584 5892 2134 5968">
    <p class='ocr_par' dir='ltr' id='par_1_103' title="bbox 1584 5892 2134 5968">
     <span class='ocr_line' id='line_1_103' title="bbox 1584 5892 2134 5968; baseline 0.016 -19"><span class='ocrx_word' id='word_1_798' title='bbox 1584 5895 1603 5926; x_wconf 83' lang='grc'>³</span> <span class='ocrx_word' id='word_1_799' title='bbox 1631 5892 1775 5952; x_wconf 77' lang='lat' dir='ltr'><strong>Psal.</strong></span> <span class='ocrx_word' id='word_1_800' title='bbox 1807 5914 2046 5968; x_wconf 79' lang='lat' dir='ltr'><strong>cxxxxu,</strong></span> <span class='ocrx_word' id='word_1_801' title='bbox 2082 5901 2134 5958; x_wconf 83' lang='lat'><strong>5.</strong></span> 
     </span>
    </p>
   </div>
   <div class='ocr_carea' id='block_1_104' title="bbox 2089 4642 3638 4709">
    <p class='ocr_par' dir='ltr' id='par_1_104' title="bbox 2089 4642 3638 4709">
     <span class='ocr_line' id='line_1_104' title="bbox 2089 4642 3638 4709; baseline 0.002 -12"><span class='ocrx_word' id='word_1_802' title='bbox 2089 4643 2328 4699; x_wconf 85' lang='lat' dir='ltr'><strong>disserit.</strong></span> <span class='ocrx_word' id='word_1_803' title='bbox 2375 4642 2529 4709; x_wconf 87' lang='lat' dir='ltr'><strong>Quod</strong></span> <span class='ocrx_word' id='word_1_804' title='bbox 2574 4651 2756 4698; x_wconf 82' lang='lat' dir='ltr'><strong>autem</strong></span> <span class='ocrx_word' id='word_1_805' title='bbox 2783 4660 2893 4699; x_wconf 91' lang='lat' dir='ltr'><strong>non</strong></span> <span class='ocrx_word' id='word_1_806' title='bbox 2934 4644 3132 4700; x_wconf 60' lang='lat' dir='ltr'><strong>divinm</strong></span> <span class='ocrx_word' id='word_1_807' title='bbox 3168 4647 3312 4700; x_wconf 86' lang='lat' dir='ltr'><strong>illius</strong></span> <span class='ocrx_word' id='word_1_808' title='bbox 3341 4655 3552 4700; x_wconf 75' lang='lat' dir='ltr'><strong>naturae</strong></span> <span class='ocrx_word' id='word_1_809' title='bbox 3581 4662 3638 4700; x_wconf 87' lang='lat' dir='ltr'><strong>ra</strong></span> 
     </span>
    </p>
   </div>
   <div class='ocr_carea' id='block_1_105' title="bbox 2093 4734 3664 4807">
    <p class='ocr_par' dir='ltr' id='par_1_105' title="bbox 2093 4734 3664 4807">
     <span class='ocr_line' id='line_1_105' title="bbox 2093 4734 3664 4807; baseline 0.004 -21"><span class='ocrx_word' id='word_1_810' title='bbox 2093 4735 2294 4789; x_wconf 90' lang='lat' dir='ltr'><strong>tionem</strong></span> <span class='ocrx_word' id='word_1_811' title='bbox 2325 4734 2486 4789; x_wconf 89' lang='lat' dir='ltr'><strong>nobis</strong></span> <span class='ocrx_word' id='word_1_812' title='bbox 2514 4736 2710 4799; x_wconf 82' lang='lat' dir='ltr'><strong>tradat,</strong></span> <span class='ocrx_word' id='word_1_813' title='bbox 2746 4735 2844 4791; x_wconf 87' lang='lat' dir='ltr'><strong>sed</strong></span> <span class='ocrx_word' id='word_1_814' title='bbox 2899 4737 3275 4807; x_wconf 87' lang='lat' dir='ltr'><strong>dispositionis</strong></span> <span class='ocrx_word' id='word_1_815' title='bbox 3323 4740 3444 4805; x_wconf 88' lang='lat' dir='ltr'><strong>ejus</strong></span> <span class='ocrx_word' id='word_1_816' title='bbox 3480 4739 3664 4792; x_wconf 89' lang='lat' dir='ltr'><strong>consi-</strong></span> 
     </span>
    </p>
   </div>
   <div class='ocr_carea' id='block_1_106' title="bbox 2091 4825 3666 4899">
    <p class='ocr_par' dir='ltr' id='par_1_106' title="bbox 2091 4825 3666 4899">
     <span class='ocr_line' id='line_1_106' title="bbox 2091 4825 3666 4899; baseline 0.004 -20"><span class='ocrx_word' id='word_1_817' title='bbox 2091 4825 2226 4880; x_wconf 88' lang='lat' dir='ltr'><strong>lium</strong></span> <span class='ocrx_word' id='word_1_818' title='bbox 2267 4828 2547 4891; x_wconf 87' lang='lat' dir='ltr'><strong>ostendat,</strong></span> <span class='ocrx_word' id='word_1_819' title='bbox 2598 4830 2950 4897; x_wconf 87' lang='lat' dir='ltr'><strong>perspicuum</strong></span> <span class='ocrx_word' id='word_1_820' title='bbox 2995 4838 3080 4883; x_wconf 86' lang='lat' dir='ltr'><strong>est</strong></span> <span class='ocrx_word' id='word_1_821' title='bbox 3130 4830 3386 4884; x_wconf 89' lang='lat' dir='ltr'><strong>omnibus</strong></span> <span class='ocrx_word' id='word_1_822' title='bbox 3418 4830 3510 4898; x_wconf 91' lang='lat' dir='ltr'><strong>qui</strong></span> <span class='ocrx_word' id='word_1_823' title='bbox 3563 4847 3666 4899; x_wconf 85' lang='lat' dir='ltr'><strong>pa-</strong></span> 
     </span>
    </p>
   </div>
   <div class='ocr_carea' id='block_1_107' title="bbox 2091 4920 3661 4989">
    <p class='ocr_par' dir='ltr' id='par_1_107' title="bbox 2091 4920 3661 4989">
     <span class='ocr_line' id='line_1_107' title="bbox 2091 4920 3661 4989; baseline 0.005 -18"><span class='ocrx_word' id='word_1_824' title='bbox 2091 4933 2314 4986; x_wconf 89' lang='lat' dir='ltr'><strong>rumper</strong></span> <span class='ocrx_word' id='word_1_825' title='bbox 2361 4920 2631 4974; x_wconf 86' lang='lat' dir='ltr'><strong>orationis</strong></span> <span class='ocrx_word' id='word_1_826' title='bbox 2665 4921 2983 4989; x_wconf 84' lang='lat' dir='ltr'><strong>apostolicae</strong></span> <span class='ocrx_word' id='word_1_827' title='bbox 3032 4923 3362 4976; x_wconf 80' lang='lat' dir='ltr'><strong>sententiam</strong></span> <span class='ocrx_word' id='word_1_828' title='bbox 3414 4936 3661 4980; x_wconf 87' lang='lat' dir='ltr'><strong>norunt:</strong></span> 
     </span>
    </p>
   </div>
   <div class='ocr_carea' id='block_1_108' title="bbox 2087 5009 3662 5080">
    <p class='ocr_par' dir='ltr' id='par_1_108' title="bbox 2087 5009 3662 5080">
     <span class='ocr_line' id='line_1_108' title="bbox 2087 5009 3662 5080; baseline 0.003 -16"><span class='ocrx_word' id='word_1_829' title='bbox 2087 5009 2374 5065; x_wconf 80' lang='lat' dir='ltr'><strong>Dominum</strong></span> <span class='ocrx_word' id='word_1_830' title='bbox 2427 5015 2587 5073; x_wconf 84' lang='lat' dir='ltr'><strong>enim,</strong></span> <span class='ocrx_word' id='word_1_831' title='bbox 2635 5012 2832 5080; x_wconf 85' lang='lat' dir='ltr'><strong>inquit,</strong></span> <span class='ocrx_word' id='word_1_832' title='bbox 2888 5014 3057 5080; x_wconf 77' lang='lat' dir='ltr'><strong>ipsum</strong></span> <span class='ocrx_word' id='word_1_833' title='bbox 3120 5023 3167 5066; x_wconf 86' lang='lat' dir='ltr'><strong>et</strong></span> <span class='ocrx_word' id='word_1_834' title='bbox 3193 5013 3458 5070; x_wconf 84' lang='lat' dir='ltr'><strong>Christum</strong></span> <span class='ocrx_word' id='word_1_835' title='bbox 3523 5016 3662 5070; x_wconf 81' lang='lat' dir='ltr'><strong>Deus</strong></span> 
     </span>
    </p>
   </div>
   <div class='ocr_carea' id='block_1_109' title="bbox 2089 5103 3662 5175">
    <p class='ocr_par' dir='ltr' id='par_1_109' title="bbox 2089 5103 3662 5175">
     <span class='ocr_line' id='line_1_109' title="bbox 2089 5103 3662 5175; baseline 0.006 -20"><span class='ocrx_word' id='word_1_836' title='bbox 2089 5105 2231 5172; x_wconf 78' lang='lat' dir='ltr'><strong>fecit,</strong></span> <span class='ocrx_word' id='word_1_837' title='bbox 2276 5104 2412 5157; x_wconf 78' lang='lat' dir='ltr'><strong>[tunc</strong></span> <span class='ocrx_word' id='word_1_838' title='bbox 2452 5103 2660 5166; x_wconf 83' lang='lat' dir='ltr'><strong>Jesum,</strong></span> <span class='ocrx_word' id='word_1_839' title='bbox 2709 5120 2860 5173; x_wconf 80' lang='lat' dir='ltr'><strong>quem</strong></span> <span class='ocrx_word' id='word_1_840' title='bbox 2910 5109 3439 5175; x_wconf 65' lang='lat' dir='ltr'><strong>voscruciﬁxistis‘.</strong></span> <span class='ocrx_word' id='word_1_841' title='bbox 3493 5109 3552 5164; x_wconf 91' lang='lat' dir='ltr'><strong>ln</strong></span> <span class='ocrx_word' id='word_1_842' title='bbox 3598 5125 3662 5164; x_wconf 82' lang='lat' dir='ltr'><strong>ea</strong></span> 
     </span>
    </p>
   </div>
   <div class='ocr_carea' id='block_1_110' title="bbox 2093 5196 3664 5267">
    <p class='ocr_par' dir='ltr' id='par_1_110' title="bbox 2093 5196 3664 5267">
     <span class='ocr_line' id='line_1_110' title="bbox 2093 5196 3664 5267; baseline 0.001 -17"><span class='ocrx_word' id='word_1_843' title='bbox 2093 5211 2248 5261; x_wconf 90' lang='lat' dir='ltr'><strong>voce,</strong></span> <span class='ocrx_word' id='word_1_844' title='bbox 2295 5211 2415 5264; x_wconf 69' lang='lat' dir='ltr'><strong>qua:</strong></span> <span class='ocrx_word' id='word_1_845' title='bbox 2445 5196 2795 5266; x_wconf 86' lang='lat' dir='ltr'><strong>perspicuam</strong></span> <span class='ocrx_word' id='word_1_846' title='bbox 2841 5199 3016 5267; x_wconf 87' lang='lat' dir='ltr'><strong>ipsius</strong></span> <span class='ocrx_word' id='word_1_847' title='bbox 3050 5200 3451 5256; x_wconf 88' lang='lat' dir='ltr'><strong>humanitatem</strong></span> <span class='ocrx_word' id='word_1_848' title='bbox 3482 5201 3664 5256; x_wconf 89' lang='lat' dir='ltr'><strong>omni-</strong></span> 
     </span>
    </p>
   </div>
   <div class='ocr_carea' id='block_1_111' title="bbox 2094 5288 3654 5358">
    <p class='ocr_par' dir='ltr' id='par_1_111' title="bbox 2094 5288 3654 5358">
     <span class='ocr_line' id='line_1_111' title="bbox 2094 5288 3654 5358; baseline 0.003 -16"><span class='ocrx_word' id='word_1_849' title='bbox 2094 5289 2198 5343; x_wconf 86' lang='lat' dir='ltr'><strong>bus</strong></span> <span class='ocrx_word' id='word_1_850' title='bbox 2255 5288 2545 5358; x_wconf 78' lang='lat' dir='ltr'><strong>signiﬁcat,</strong></span> <span class='ocrx_word' id='word_1_851' title='bbox 2583 5290 2926 5345; x_wconf 85' lang='lat' dir='ltr'><strong>immoratur.</strong></span> <span class='ocrx_word' id='word_1_852' title='bbox 2986 5292 3054 5346; x_wconf 82' lang='lat' dir='ltr'><strong>At</strong></span> <span class='ocrx_word' id='word_1_853' title='bbox 3086 5293 3190 5347; x_wconf 88' lang='lat' dir='ltr'><strong>iste</strong></span> <span class='ocrx_word' id='word_1_854' title='bbox 3220 5295 3450 5348; x_wconf 87' lang='lat' dir='ltr'><strong>verbum</strong></span> <span class='ocrx_word' id='word_1_855' title='bbox 3495 5291 3654 5358; x_wconf 87' lang='lat' dir='ltr'><strong>illud,</strong></span> 
     </span>
    </p>
   </div>
   <div class='ocr_carea' id='block_1_112' title="bbox 2093 5380 3653 5454">
    <p class='ocr_par' dir='ltr' id='par_1_112' title="bbox 2093 5380 3653 5454">
     <span class='ocr_line' id='line_1_112' title="bbox 2093 5380 3653 5454; baseline 0.004 -22"><span class='ocrx_word' id='word_1_856' title='bbox 2093 5380 2236 5447; x_wconf 79' lang='lat' dir='ltr'><strong>fecit,</strong></span> <span class='ocrx_word' id='word_1_857' title='bbox 2294 5380 2362 5434; x_wconf 89' lang='lat' dir='ltr'><strong>ad</strong></span> <span class='ocrx_word' id='word_1_858' title='bbox 2407 5389 2589 5435; x_wconf 88' lang='lat' dir='ltr'><strong>ortum</strong></span> <span class='ocrx_word' id='word_1_859' title='bbox 2644 5381 2797 5436; x_wconf 90' lang='lat' dir='ltr'><strong>illum</strong></span> <span class='ocrx_word' id='word_1_860' title='bbox 2845 5384 3079 5453; x_wconf 88' lang='lat' dir='ltr'><strong>primum</strong></span> <span class='ocrx_word' id='word_1_861' title='bbox 3129 5384 3407 5454; x_wconf 79' lang='lat' dir='ltr'><strong>Unigeniti</strong></span> <span class='ocrx_word' id='word_1_862' title='bbox 3461 5381 3653 5439; x_wconf 77' lang='lat' dir='ltr'><strong>refert.</strong></span> 
     </span>
    </p>
   </div>
   <div class='ocr_carea' id='block_1_113' title="bbox 2090 5471 3664 5544">
    <p class='ocr_par' dir='ltr' id='par_1_113' title="bbox 2090 5471 3664 5544">
     <span class='ocr_line' id='line_1_113' title="bbox 2090 5471 3664 5544; baseline 0.004 -19"><span class='ocrx_word' id='word_1_863' title='bbox 2090 5471 2279 5540; x_wconf 87' lang='lat' dir='ltr'><strong>Neque</strong></span> <span class='ocrx_word' id='word_1_864' title='bbox 2301 5473 2543 5528; x_wconf 88' lang='lat' dir='ltr'><strong>deterret</strong></span> <span class='ocrx_word' id='word_1_865' title='bbox 2572 5489 2696 5529; x_wconf 90' lang='lat' dir='ltr'><strong>eum</strong></span> <span class='ocrx_word' id='word_1_866' title='bbox 2726 5491 2789 5529; x_wconf 86' lang='lat' dir='ltr'><strong>ea</strong></span> <span class='ocrx_word' id='word_1_867' title='bbox 2817 5491 2942 5538; x_wconf 80' lang='lat' dir='ltr'><strong>vox,</strong></span> <span class='ocrx_word' id='word_1_868' title='bbox 2980 5477 3254 5538; x_wconf 80' lang='lat' dir='ltr'><strong>Dominus,</strong></span> <span class='ocrx_word' id='word_1_869' title='bbox 3288 5491 3411 5544; x_wconf 75' lang='lat' dir='ltr'><strong>quae</strong></span> <span class='ocrx_word' id='word_1_870' title='bbox 3435 5488 3546 5528; x_wconf 87' lang='lat' dir='ltr'><strong>non</strong></span> <span class='ocrx_word' id='word_1_871' title='bbox 3571 5489 3664 5531; x_wconf 88' lang='lat' dir='ltr'><strong>es-</strong></span> 
     </span>
    </p>
   </div>
   <div class='ocr_carea' id='block_1_114' title="bbox 2092 5565 3660 5636">
    <p class='ocr_par' dir='ltr' id='par_1_114' title="bbox 2092 5565 3660 5636">
     <span class='ocr_line' id='line_1_114' title="bbox 2092 5565 3660 5636; baseline 0.001 -18"><span class='ocrx_word' id='word_1_872' title='bbox 2092 5565 2325 5618; x_wconf 91' lang='lat' dir='ltr'><strong>sentiam</strong></span> <span class='ocrx_word' id='word_1_873' title='bbox 2352 5565 2576 5631; x_wconf 88' lang='lat' dir='ltr'><strong>indicat,</strong></span> <span class='ocrx_word' id='word_1_874' title='bbox 2611 5567 2706 5622; x_wconf 90' lang='lat' dir='ltr'><strong>sed</strong></span> <span class='ocrx_word' id='word_1_875' title='bbox 2747 5577 3093 5636; x_wconf 82' lang='lat' dir='ltr'><strong>potestatem.</strong></span> <span class='ocrx_word' id='word_1_876' title='bbox 3125 5567 3304 5632; x_wconf 89' lang='lat' dir='ltr'><strong>Quare</strong></span> <span class='ocrx_word' id='word_1_877' title='bbox 3347 5565 3660 5636; x_wconf 86' lang='lat' dir='ltr'><strong>Dominum,</strong></span> 
     </span>
    </p>
   </div>
   <div class='ocr_carea' id='block_1_115' title="bbox 2090 5653 3664 5730">
    <p class='ocr_par' dir='ltr' id='par_1_115' title="bbox 2090 5653 3664 5730">
     <span class='ocr_line' id='line_1_115' title="bbox 2090 5653 3664 5730; baseline 0.006 -24"><span class='ocrx_word' id='word_1_878' title='bbox 2090 5653 2367 5723; x_wconf 89' lang='lat' dir='ltr'><strong>inquiens,</strong></span> <span class='ocrx_word' id='word_1_879' title='bbox 2393 5655 2571 5724; x_wconf 91' lang='lat' dir='ltr'><strong>ipsum</strong></span> <span class='ocrx_word' id='word_1_880' title='bbox 2593 5666 2648 5710; x_wconf 93' lang='lat' dir='ltr'><strong>et</strong></span> <span class='ocrx_word' id='word_1_881' title='bbox 2668 5658 2944 5710; x_wconf 85' lang='lat' dir='ltr'><strong>Christum</strong></span> <span class='ocrx_word' id='word_1_882' title='bbox 2969 5657 3112 5712; x_wconf 90' lang='lat' dir='ltr'><strong>Deus</strong></span> <span class='ocrx_word' id='word_1_883' title='bbox 3127 5656 3275 5724; x_wconf 78' lang='lat' dir='ltr'><strong>fecit,</strong></span> <span class='ocrx_word' id='word_1_884' title='bbox 3300 5659 3664 5730; x_wconf 83' lang='lat' dir='ltr'><strong>principatum</strong></span> 
     </span>
    </p>
   </div>
   <div class='ocr_carea' id='block_1_116' title="bbox 2092 5748 3664 5817">
    <p class='ocr_par' dir='ltr' id='par_1_116' title="bbox 2092 5748 3664 5817">
     <span class='ocr_line' id='line_1_116' title="bbox 2092 5748 3664 5817; baseline 0.007 -16"><span class='ocrx_word' id='word_1_885' title='bbox 2092 5756 2532 5817; x_wconf 83' lang='lat' dir='ltr'><strong>potestatemque</strong></span> <span class='ocrx_word' id='word_1_886' title='bbox 2578 5749 2661 5802; x_wconf 87' lang='lat' dir='ltr'><strong>illi</strong></span> <span class='ocrx_word' id='word_1_887' title='bbox 2691 5748 2746 5802; x_wconf 88' lang='lat' dir='ltr'><strong>in</strong></span> <span class='ocrx_word' id='word_1_888' title='bbox 2781 5763 2972 5804; x_wconf 86' lang='lat' dir='ltr'><strong>omnes</strong></span> <span class='ocrx_word' id='word_1_889' title='bbox 3000 5765 3031 5804; x_wconf 90' lang='lat' dir='ltr'><strong>a</strong></span> <span class='ocrx_word' id='word_1_890' title='bbox 3065 5749 3226 5806; x_wconf 84' lang='lat' dir='ltr'><strong>Patre</strong></span> <span class='ocrx_word' id='word_1_891' title='bbox 3267 5752 3445 5808; x_wconf 90' lang='lat' dir='ltr'><strong>datam</strong></span> <span class='ocrx_word' id='word_1_892' title='bbox 3482 5753 3664 5814; x_wconf 84' lang='lat' dir='ltr'><strong>decla-</strong></span> 
     </span>
    </p>
   </div>
   <div class='ocr_carea' id='block_1_117' title="bbox 2215 5902 3096 5976">
    <p class='ocr_par' dir='ltr' id='par_1_117' title="bbox 2215 5902 3096 5976">
     <span class='ocr_line' id='line_1_117' title="bbox 2215 5902 3096 5976; baseline 0.011 -20"><span class='ocrx_word' id='word_1_893' title='bbox 2215 5903 2233 5934; x_wconf 60' lang='grc' dir='ltr'><strong>δ</strong></span> <span class='ocrx_word' id='word_1_894' title='bbox 2266 5902 2425 5959; x_wconf 82' lang='lat' dir='ltr'><strong>Rom.</strong></span> <span class='ocrx_word' id='word_1_895' title='bbox 2450 5919 2484 5976; x_wconf 66' lang='grc' dir='ltr'><strong>ι,</strong></span> <span class='ocrx_word' id='word_1_896' title='bbox 2519 5904 2610 5962; x_wconf 72' lang='grc' dir='ltr'>εο.</span> <span class='ocrx_word' id='word_1_897' title='bbox 2720 5906 2738 5938; x_wconf 83' lang='grc'><strong><em>⁸</em></strong></span> <span class='ocrx_word' id='word_1_898' title='bbox 2769 5909 2885 5964; x_wconf 83' lang='lat' dir='ltr'><strong>Act.</strong></span> <span class='ocrx_word' id='word_1_899' title='bbox 2920 5922 2980 5975; x_wconf 86' lang='lat' dir='ltr'><strong>ll,</strong></span> <span class='ocrx_word' id='word_1_900' title='bbox 3011 5908 3096 5966; x_wconf 79' lang='grc'><strong>56.</strong></span> 
     </span>
    </p>
   </div>
  </div>
