4026 6290
502 410 606 474 511

1776 389 2155 454 EUTHYMll
2194 387 2557 448 ZlGABENI

3652 378 3752 441 512

496 534 604 587 rat,
662 534 770 575 non
830 526 1017 570 autem
1087 505 1384 565 exsistcndi
1445 503 1757 558 facultatem
1821 500 2070 569 exponit.

2192 496 2436 563 Xptardr
2471 497 2501 546 ὁ
2534 494 2679 555 Θειλς
2721 492 2993 559 ἐποίησε,
3027 493 3128 560 τὴν
3161 488 3300 542 κατὰ
3326 487 3546 542 πάντων
3576 487 3750 557 ἀρχὴν

496 615 700 671 Verum
728 612 841 665 btec
871 606 1033 679 paulo
1055 610 1180 674 post
1198 596 1721 661 demonstrabimus,
1746 609 1870 648 cum
1894 592 2075 661 ipsum

499 715 692 762 contra
724 701 967 770 Spiritus
1013 695 1348 750 voluntatem
1379 689 1531 743 abuti
1583 688 1883 756 Scriptura:
1920 684 2078 739 testi-

501 796 701 851 moniis
738 791 1112 847 ostendemus.
1143 784 1303 835 Nunc
1349 782 1402 834 in
1450 781 1515 833 iis
1539 796 1657 848 qua:
1690 777 1940 831 instituto
1969 791 2081 828 ser-

503 887 649 941 moni
701 882 1001 951 conjuncta
1051 885 1199 936 sunt,
1236 872 1667 942 progrediamur.
1727 867 1865 933 Quid
1917 866 2080 935 igitur

503 978 604 1033 sibi
654 974 767 1026 vult
817 974 916 1025 hoc
956 966 1307 1027 vocabulum,
1339 973 1433 1015 aut
1468 978 1567 1015 cur
1602 960 1846 1013 omnium
1897 974 2079 1011 rerum

502 1067 816 1121 effectorem
866 1061 968 1115 iste
1015 1059 1221 1112 factum
1276 1065 1508 1109 conatur
1551 1052 1870 1120 appellare?
1917 1048 2081 1103 Falso

502 1167 811 1215 commento
837 1155 1076 1223 seipsum
1110 1150 1269 1210 fallit,
1303 1148 1711 1213 arbitratur-que
1747 1143 1908 1198 simul
1954 1158 2077 1196 cum

504 1253 788 1305 nominum
844 1244 1171 1300 diversitate
1214 1240 1472 1295 essentia:
1501 1239 1877 1292 diversitatem
1915 1252 2081 1305 appa-

505 1358 648 1395 rere.
674 1342 806 1405 Quis
833 1347 1016 1392 autem
1052 1335 1270 1401 sapiens
1300 1334 1367 1385 ad
1403 1332 1563 1383 isxam
1594 1330 1821 1384 accedat
1854 1338 2082 1383 senten-

508 1437 660 1491 tiam.
713 1443 771 1485 ut
824 1431 1031 1491 credat,
1101 1441 1333 1496 quorum
1387 1426 1603 1479 diversa
1663 1432 1793 1477 sunt
1835 1422 2080 1486 nomina,

507 1540 694 1577 eorum
753 1526 878 1574 item
923 1521 1224 1575 essentiam
1255 1519 1524 1572 diversam
1560 1531 1682 1570 esse
1733 1514 2086 1569 necessario?

505 1615 650 1667 Petri
716 1614 936 1682 quidem
991 1622 1046 1665 et
1092 1610 1248 1664 Pauli
1304 1620 1360 1663 et
1406 1608 1635 1662 aliorum
1686 1606 1907 1660 nomina
1960 1613 2086 1659 sunt

507 1708 741 1771 diversa,
800 1704 1039 1759 essentia
1089 1712 1271 1757 tamen
1320 1709 1404 1755 est
1445 1701 1692 1755 omnium
1735 1714 1863 1754 una.
1898 1696 2086 1769 Itaque

512 1814 639 1853 cum
687 1797 850 1850 rebus
881 1796 1133 1865 plurimis
1178 1794 1342 1848 iidem
1382 1794 1525 1847 inter
1556 1807 1659 1846 nos
1702 1806 1918 1853 sumus,
1958 1806 2082 1859 pro-

510 1888 835 1959 prietatibus
886 1887 1085 1950 solum,
1138 1879 1260 1954 quia
1306 1884 1358 1938 in
1388 1898 1717 1952 unoquoque
1750 1882 2088 1950 perspiciun-

512 1994 622 2043 tur,
656 1981 800 2033 inter
832 1994 934 2031 nos
968 1978 1108 2031 alius
1136 1977 1204 2030 ab
1226 1976 1334 2029 alio
1369 1976 1655 2030 distamus.
1693 1972 1873 2039 Quare
1901 1973 2088 2041 appri-

510 2070 745 2124 lationes
768 2083 873 2122 non
910 2067 1183 2122 essentias
1212 2067 1547 2136 signiﬁcant,
1581 2064 1677 2119 sed
1702 2063 2084 2135 proprietates.

510 2160 712 2227 quibus
737 2170 990 2226 tanquam
1020 2158 1160 2209 notis
1201 2155 1528 2224 quibusdam
1561 2152 1823 2208 homines
1882 2152 2080 2222 singuli

510 2249 580 2301 ab
608 2247 734 2301 aliis
783 2245 1219 2314 distinguuntur.
1250 2241 1486 2298 Proinde
1527 2258 1650 2297 cum
1686 2240 1905 2296 Petrum
1936 2242 2092 2296 audi-

517 2353 660 2402 mus,
692 2351 803 2390 non
829 2351 893 2391 ex
924 2351 991 2389 eo
1023 2334 1245 2388 nomine
1275 2333 1571 2389 essentiam
1604 2333 1725 2401 ejus
1747 2332 1931 2386 animo
1955 2347 2089 2386 con-

508 2430 744 2499 cipimus
778 2427 1111 2499 (essentiam
1145 2442 1292 2481 nunc
1315 2426 1601 2481 materiam
1651 2425 1768 2495 subj
1782 2434 1957 2480 ectam
1993 2440 2093 2495 ap-

513 2523 678 2593 pello,
720 2538 841 2592 quae
890 2523 1041 2575 nullo
1087 2530 1247 2591 pacto
1284 2521 1510 2574 nomine
1549 2519 1937 2590 exprimitur),
1997 2518 2094 2572 sed

518 2615 917 2684 pr0prietates,
966 2628 1089 2682 qua:
1135 2612 1285 2668 circa
1320 2613 1496 2681 ipsum
1538 2621 1859 2681 spectantur
1887 2609 2093 2680 cogita-

517 2720 665 2759 mus.
724 2705 918 2759 Statim
949 2702 1098 2757 enim
1128 2716 1195 2757 ex
1223 2704 1325 2758 hac
1350 2718 1482 2757 voce
1513 2699 1734 2757 Petrum
1776 2702 1928 2756 illum
1955 2702 2092 2756 Jona

515 2795 892 2867 intelligimus,
936 2813 1004 2851 ex
1058 2794 1375 2855 lletbsaida,
1430 2795 1654 2849 fratrem
1709 2791 2093 2861 Andreae,qui

515 2904 581 2941 ex
642 2888 913 2956 piscatore
961 2891 1026 2945 ad
1056 2903 1257 2943 munus
1297 2886 1666 2956 apostolicum
1714 2894 1941 2940 vocatus
1987 2893 2091 2951 est,

515 2979 608 3047 qui
666 2990 895 3049 propter
924 2980 1316 3035 excellentiam
1350 2977 1477 3031 ﬁdei
1531 2978 1586 3030 in
1630 2975 1812 3043 seipso
1852 2975 2094 3043 suscepit

516 3070 931 3125 aedificationem
970 3072 1250 3135 Ecclesiae,
1277 3083 1509 3140 quorum
1540 3067 1677 3121 nihil
1707 3076 1794 3122 est
1825 3067 2090 3121 essentia.

2181 589 2274 641 ml
2318 586 2570 648 ἐξουσίαν
2611 586 2785 650 λέγει,
2818 583 2915 653 τὴν
2948 584 3099 651 παρὰ
3126 580 3222 633 τοῦ
3248 580 3464 648 lla-cpe;
3514 580 3749 648 ἐπιτρα-

2182 678 2380 729 πείσαν
2440 674 2611 744 αὐτῷ,
2644 675 2703 725 οὐ
2753 674 2854 743 τὴν
2885 674 2963 735 εἰς
2998 672 3058 725 τὸ
3092 666 3236 724 εἶναι
3304 670 3544 740 πάροδον
3584 669 3752 724 αὐτοῦ

2185 768 2479 835 διηγεῖται.
2532 765 2718 818 Ταῦτα
2742 764 2839 833 μὲν
2862 760 2957 816 οὖν
2987 764 3187 832 μικρὸν
3219 762 3448 830 ὓστερον
3490 760 3754 822 ἐπιδείξο-

2186 875 2308 928 μεν,
2339 858 2467 908 ὃταν
2505 856 2821 924 ὲλέγχωμεν
2869 855 3035 907 αὐτὸν
3088 852 3240 923 παρὰ
3269 854 3331 905 τὸ
3366 852 3617 922 βούλημα
3655 849 3752 903 τοῦ

2184 951 2504 1018 Πνεῦματος
2536 948 2633 1009 τὰς
2665 950 2728 999 ὲκ
2760 947 2858 1015 τῆς
2884 947 3109 1017 Γραφῆς
3180 946 3489 1015 μαρτυρίας
3518 960 3755 1013 παρατι-

2186 1041 2432 1107 θέμενον·
2462 1040 2581 1092 νυνὶ
2601 1039 2656 1091 δὲ
2681 1039 2773 1091 ἐπὶ
2802 1038 2871 1090 τὰ
2902 1037 3106 1106 συνεχῆ
3130 1036 3222 1089 τοῦ
3247 1036 3407 1103 λόγου
3446 1036 3753 1105 προΐωμεν.

2185 1131 2250 1183 Τί
2282 1130 2375 1184 οὖν
2408 1131 2559 1200 αὐτῷ
2590 1129 2845 1200 βούλεται
2872 1129 2933 1181 τὸ
2964 1128 3139 1198 ὄνομα
3170 1127 3353 1191 τοῦτο,
3412 1128 3509 1181 καὶ
3554 1126 3609 1179 τί
3643 1126 3746 1195 δή·

2185 1241 2318 1276 ποτε
2352 1225 2561 1294 ποίημα
2585 1222 3021 1294 προσαγορεύειν
3064 1223 3157 1275 τὸν
3218 1220 3451 1291 ποιητὴν
3478 1219 3587 1273 τῶν
3617 1220 3755 1275 ὅλων

2186 1318 2485 1387 ὲπιχειρεϊ;
2536 1317 2842 1385 Σοφίσματι
2905 1315 3187 1384 κιϐδήλῳ.
3214 1314 3756 1384 παρακρουσάμενος

2188 1411 2381 1463 ἑαυτὸν
2419 1410 2590 1461 οἴεται
2613 1413 2733 1470 ταῖς
2760 1409 2867 1461 τῶν
2890 1407 3172 1476 ὀνομάτων
3205 1407 3501 1475 διαφοραῖς
3532 1405 3630 1459 καὶ
3657 1406 3756 1475 τὴν

2188 1507 2288 1573 τῆς
2320 1505 2508 1567 οὐσίας
2534 1504 2897 1574 παραλλαγὴν
2924 1502 3405 1571 συνεκφαίνεσοαι.
3448 1502 3644 1555 Καίτοι
3670 1501 3754 1563 τίς

2191 1596 2257 1648 ἂν
2297 1596 2375 1663 τῷ
2402 1595 2545 1664 λόγῳ
2576 1595 2753 1663 τούτῳ
2780 1593 3078 1665 σωφρονῶν
3110 1593 3489 1664 προστίθοιτος
3528 1593 3653 1646 Ὅτι
3684 1586 3757 1645 ὧν

2190 1687 2254 1739 τὰ
2275 1686 2518 1756 ὀνόματά
2541 1690 2655 1738 ἐστι
2702 1685 2957 1756 διάφορα,
2992 1684 3201 1738 τούτων
3235 1684 3623 1755 παρηλλάχθαι
3662 1685 3757 1738 καὶ

2188 1780 2285 1840 τὰς
2318 1780 2509 1841 οὐσίας
2536 1779 2774 1846 ἀνάγκη.
2818 1779 3028 1847 Πέτρου
3078 1780 3206 1846 γὰρ,
3256 1779 3352 1831 καὶ
3399 1777 3637 1851 Παύλου,
3665 1777 3760 1829 καὶ
3822 1785 3838 1800 ‘

2192 1870 2529 1935 ἁπαξαπλῶς
2584 1870 2889 1939 ἀνθρώπων
2947 1870 3171 1923 πάντων
3233 1869 3602 1939 προσηγορίαι
3662 1868 3760 1937 μὲν

2190 1966 2461 2034 διάφοροι,
2497 1964 2657 2016 οὐσία
2674 1964 2731 2016 δὲ
2766 1965 2981 2018 πάντων
3012 1965 3131 2035 μία.
3182 1967 3387 2034 Διόπερ
3416 1967 3474 2017 ὲν
3507 1965 3608 2032 μὲν
3646 1967 3759 2028 τοῖς

2190 2057 2467 2120 πλείστοις
2495 2056 2544 2109 οἰ
2585 2056 2744 2109 αὐτοὶ
2773 2056 3027 2125 ἀλλήλοις
3054 2057 3241 2125 ἐσμὲν,
3276 2060 3389 2121 τοῖς
3406 2057 3463 2110 δὲ
3499 2057 3759 2125 ἰδιῶμασι

2193 2148 2355 2218 μόνον
2384 2151 2500 2209 τοίς
2542 2148 2675 2218 περὶ
2729 2145 2960 2201 ἕκαστον
2989 2147 3387 2219 θεωρουμένοις
3428 2149 3620 2218 ἔτερος
3652 2149 3764 2202 ετι.

2194 2258 2289 2310 ρου
2321 2240 2736 2311 διενηνόχαμεν.
2771 2240 2942 2295 Ὅθεν
2992 2240 3088 2294 καὶ
3133 2242 3190 2294 αἰ
3226 2244 3600 2313 προσηγορίαι
3643 2243 3763 2314 οὐχὶ

2190 2333 2300 2386 τῶν
2328 2332 2527 2385 οὐσιῶν
2588 2332 2698 2385 εἰσι
2751 2335 3109 2401 σημαντικαὶ,
3157 2334 3294 2387 ἀλλὰ
3320 2335 3428 2387 τῶν
3458 2335 3761 2405 ίδιοτήτων,

2192 2424 2247 2477 αἶ
2307 2428 2396 2476 τὸν
2463 2423 2589 2477 καθ’
2649 2415 2744 2477 ἕνα
2807 2425 3338 2495 χαρακτηρίζουσιν.
3398 2427 3570 2481 Ὅταν
3631 2429 3765 2495 γοῦν

2193 2514 2516 2582 ἀκούσωμεν
2547 2515 2774 2583 Πέτρον,
2800 2518 2859 2568 οὐ
2888 2519 2987 2584 τὴν
3006 2517 3195 2569 οὐσίαν
3228 2516 3394 2570 αὐτοῦ
3430 2518 3664 2588 νοοῦμεν
3704 2522 3765 2572 ἐκ

2192 2609 2288 2661 τοῦ
2312 2608 2599 2678 ὀνόματος,
2628 2609 2818 2662 οὐσίαν
2856 2609 2912 2661 δὲ
2964 2610 3111 2679 λέγω
3153 2611 3250 2663 νῦν
3283 2612 3347 2664 τὺ
3381 2611 3567 2664 ὑλικὸν
3628 2613 3763 2665 ὐποσ

2196 2704 2472 2774 κείμενον,
2528 2704 2664 2774 ὅπερ
2697 2703 2950 2775 οὐδαμῶς
2987 2704 3245 2774 σημαίνει
3302 2706 3562 2775 τοῦνομα,
3630 2705 3770 2760 ἀλλὰ

2195 2794 2303 2848 τῶν
2338 2794 2668 2865 ἰδιωμάτων,
2704 2794 2742 2849 ἃ
2801 2797 2932 2867 περί
2976 2796 3144 2849 αὐτὸν
3204 2797 3519 2868 θεωρεῖται,
3544 2798 3645 2869 τὴν
3682 2799 3774 2852 ἔν-

2195 2903 2341 2940 νοιαν
2362 2887 2765 2955 ὲντυπούμεθα.
2795 2888 2970 2951 Εὐθὺς
3001 2889 3111 2959 γὰρ
3127 2889 3191 2942 ἐκ
3215 2889 3315 2958 τῆς
3345 2889 3532 2959 φωνῆς
3559 2892 3775 2964 ταύτης

2199 2980 2431 3047 νοοῦμεν
2496 2979 2706 3049 Πέτρον
2732 2980 2823 3033 τὸν
2861 2982 3039 3046 Ἰωνᾶ,
3091 2982 3183 3035 τὸν
3222 2985 3286 3033 ἐκ
3315 2984 3413 3051 τῆς
3467 2984 3770 3053 Ιιηθσαῖδιί,

2197 3071 2288 3125 τὸν
2321 3071 2548 3135 ἀδελφὺν
2588 3072 2862 3142 Ἀνδρέου,
2901 3074 2993 3126 τὸν
3021 3075 3131 3129 ἀπὸ
3179 3076 3376 3129 ἁλιέων
3409 3078 3488 3138 εἰς
3518 3076 3616 3147 τὴν
3650 3079 3778 3130 δια-

515 3161 701 3232 Itaque
730 3180 928 3218 nomen
960 3165 1064 3220 hoc
1095 3165 1239 3219 Petri
1267 3163 1490 3232 quidem
1513 3161 1737 3232 ﬁguram
1764 3161 1924 3214 nobis
1944 3158 2090 3214 etﬁn—

2200 3164 2386 3216 κονίαν
2455 3165 2553 3234 τῆς
2611 3165 2919 3234 ἀποστολῆς
2956 3167 3391 3239 προσκληθέντα,
3417 3172 3506 3224 τὸν
3539 3170 3629 3223 διὰ
3674 3173 3776 3224 πί-

517 3254 616 3319 git,
655 3256 946 3309 essentiam
1003 3271 1135 3310 vero
1185 3254 1511 3322 neutiquam
1574 3254 1855 3321 proponit.
1936 3249 2092 3303 Pauli

518 3361 712 3399 rursus
747 3346 936 3400 audito
971 3347 1193 3401 nomine
1223 3360 1557 3401 concursum
1588 3344 1817 3397 aliarum
1849 3342 2093 3413 proprie-

520 3443 640 3488 tatu
660 3451 710 3487 m
764 3436 1308 3506 comprehendimus,
1352 3450 1551 3505 nempe
1579 3435 1903 3489 Tarsensem
1941 3434 2093 3488 illum

520 3527 830 3589 Hebraeum,
864 3527 980 3597 lege
1006 3527 1363 3592 Pbarisazum,
1402 3525 1713 3581 Gamalielis
1742 3525 2091 3595 discipulum,

516 3617 608 3685 qui
638 3617 753 3670 zelo
784 3617 1043 3671 incensus
1088 3617 1367 3672 Ecclesias
1394 3616 1485 3670 Dei
1516 3614 1968 3685 persequebatur,
2001 3614 2092 3682 qui

517 3708 749 3761 terribili
789 3718 1097 3763 commotus
1156 3709 1273 3763 viso
1324 3708 1576 3778 pervenit
1605 3707 1674 3761 ad
1726 3707 1972 3760 veritatis
2001 3721 2096 3761 co-

517 3799 840 3868 gnitionem,
890 3809 945 3855 et
975 3802 1222 3871 gentium
1272 3800 1567 3869 Apostolus
1600 3798 1780 3854 factus
1812 3807 1921 3853 est.
1980 3796 2095 3853 Hac

518 3905 625 3943 una
685 3890 834 3944 Pauli
867 3892 1234 3961 appellatione
1293 3891 1411 3946 hac
1458 3891 1647 3945 omnia
1681 3891 2091 3945 describuntur.

517 3981 674 4047 Quod
723 3985 767 4037 si
803 3998 992 4038 verum
1045 3992 1216 4048 esset,
1272 3980 1517 4052 quorum
1554 3983 1776 4037 nomina
1806 3983 2091 4045 dilIerunt,

514 4087 612 4127 eos
641 4078 906 4130 essentias
943 4077 1143 4130 habere
1166 4074 1504 4139 diil'erentes,
1545 4073 1765 4136 Paulus.
1796 4084 1853 4129 et
1876 4074 2121 4139 Petrusk

517 4174 576 4218 et
603 4166 784 4219 caeteri
820 4165 1073 4220 homines
1103 4165 1247 4219 inter
1275 4179 1335 4219 se
1366 4165 1605 4219 essentia
1632 4164 1940 4218 dilIerrent.
1986 4165 2092 4218 Sed

518 4256 702 4310 nullus
752 4266 840 4310 est
895 4257 1030 4310 adeo
1078 4257 1387 4326 imperitus,
1439 4266 1495 4311 et
1529 4266 1739 4310 naturae
1792 4258 2149 4310 communis‘

520 4346 768 4417 ignarus,
800 4347 895 4415 qui
960 4348 1027 4402 ad
1061 4348 1166 4401 hoc
1225 4349 1585 4402 asserendum
1642 4349 1839 4403 adduci
1898 4350 2093 4417 possit.

518 4438 704 4501 Quare
747 4446 963 4491 constat
1006 4439 1326 4492 mendacem
1378 4454 1520 4504 esse,
1569 4440 1663 4509 qui
1696 4454 1760 4492 ex
1811 4440 2094 4494 nominum

2202 3270 2373 3316 στεως
2404 3255 2680 3327 ὑπεροχὴν
2724 3256 2814 3324 ὑφ’
2840 3256 3021 3328 ἑαυτῷ
3050 3260 3149 3328 τὴν
3180 3261 3471 3332 οἰκοδομὴν
3502 3264 3599 3332 τῆς
3643 3265 3780 3317 Ἐκ-

2198 3346 2423 3416 κλησίας
2450 3348 2767 3417 δεξάμενον,
2801 3342 2877 3403 ὧν
2929 3351 3083 3405 οὐδέν
3113 3355 3263 3406 ἐστιν
3287 3355 3468 3409 οὐσία.
3505 3356 3669 3409 Ὥστε
3712 3359 3779 3412 τὸ

2199 3434 2372 3504 δνομα
2410 3436 2501 3489 τὸν
2525 3442 2857 3509 χαρακτῆρα
2892 3440 2996 3510 μὲν
3042 3444 3180 3512 ἡμῖν
3239 3444 3492 3515 ἀφορίζει
3525 3447 3619 3499 τοῦ
3661 3448 3780 3500 Πέ-

2181 3545 2357 3597 υτρου,
2392 3530 2564 3601 αὐτὴν
2627 3531 2684 3582 δὲ
2744 3532 2987 3602 οὐδαμοῦ
3023 3536 3321 3605 παρίστησι
3386 3537 3485 3607 τὴν
3551 3539 3776 3596 οὐσίαν.

2198 3619 2410 3673 Παῦλον
2441 3620 2772 3683 ἀκούσαντες
2819 3623 3004 3688 πάλιν,
3048 3626 3251 3695 ἑτέρων
3293 3627 3605 3696 ἰδιωμάτων
3638 3648 3780 3681 συν.

2196 3711 2403 3781 δρομὴν
2440 3714 2774 3784 ὲνοήσαμεν,
2812 3715 2903 3766 τὸν
2956 3717 3198 3786 Ταρσέα,
3245 3720 3334 3772 τὸν
3372 3721 3642 3791 Ἑϐραῖον,
3677 3726 3779 3779 τὸν

2154 3872 2161 3875 _
2198 3805 2341 3857 κατὰ
2371 3805 2535 3874 νόμον
2575 3808 2893 3877 Φαρισαῖον,
2926 3809 3020 3862 τὸν
3060 3812 3309 3881 μαθητὴν
3337 3812 3429 3866 τοῦ
3462 3816 3779 3887 Γαμαλιὴλ,

2198 3897 2288 3949 τὸν
2319 3899 2460 3951 κατὰ
2484 3898 2647 3968 ζῆλον
2686 3899 2926 3972 διώκτην
2955 3903 3063 3955 τῶν
3125 3905 3436 3976 ἐκκλησιῶν
3465 3908 3560 3960 τοῦ
3607 3908 3778 3975 Θεοῦ,

2196 3989 2286 4042 τὸν
2306 3992 2370 4043 ἐκ
2392 3991 2492 4060 τῆς
2520 3993 2760 4063 φοϐερᾶς
2789 3997 3058 4059 ὀπτασίας
3093 4000 3174 4061 εἰς
3195 4001 3296 4067 τὴν
3318 4001 3631 4067 ἐπίγνωσιν
3683 4005 3781 4055 ὲν-

2196 4080 2451 4148 αχθέντα,
2476 4083 2568 4136 τὸν
2582 4080 2689 4136 Ἀπ
2704 4084 2905 4138 ῖστολον
2927 4085 3035 4140 τῶν
3053 4086 3240 4143 ἐθνῶν.
3264 4089 3447 4143 Ταῦτα
3466 4092 3574 4162 γὰρ
3594 4093 3783 4147 πάντα

2198 4174 2262 4225 ἐκ
2290 4175 2418 4243 μιᾶς
2436 4176 2621 4245 φωνῆς
2649 4176 2746 4246 τῆς
2783 4177 2999 4242 Παῦλος
3030 4182 3428 4252 περιορίζεται.
3466 4185 3662 4239 Καίτοι
3706 4202 3779 4255 γε

2202 4265 2254 4315 εἰ
2285 4264 2483 4334 ἀληθὲς
2513 4261 2600 4337 ἦν,
2622 4268 2706 4320 ὅτι
2736 4261 2812 4321 ὧν
2856 4272 2924 4321 τὰ
2968 4269 3212 4338 ὀνόματα
3253 4272 3582 4343 διενήνοχεν,
3615 4279 3781 4331 ἐναν-

2195 4354 2325 4418 τίως
2358 4356 2574 4427 ἔχουσιν
2605 4360 2660 4411 αἰ
2689 4359 2888 4425 οὐσίαι,
2934 4362 3105 4432 ἐχρῆν
3169 4363 3344 4432 δήπου
3398 4366 3496 4421 καὶ
3526 4367 3778 4435 Παῦλον,

2199 4450 2292 4502 καὶ
2334 4451 2564 4522 Πέτρον,
2614 4454 2708 4507 καὶ
2747 4455 3090 4523 ἁπαξαπλῶς
3149 4457 3475 4528 ἀνθρώπους
3517 4459 3783 4525 ἅπαντας

518 4528 840 4583 discrimine
869 4530 1131 4598 consequi
1161 4530 1395 4583 alﬁrmat
1422 4532 1677 4586 essentia:
1704 4531 2090 4586 dilTerentiani.

2200 4539 2573 4611 ἑτεροουσίους
2612 4545 2867 4615 ἀλλήλοις
2902 4544 3063 4602 εἰναι.
3105 4547 3259 4602 Ἐπεὶ
3292 4551 3349 4604 δὲ
3380 4549 3540 4603 τοῦτο
3593 4553 3780 4618 οὐδεὶς

518 4620 711 4689 Neque
748 4621 896 4675 enim
939 4622 1161 4675 nomina
1200 4624 1452 4692 sequitur
1506 4639 1689 4677 rerum
1734 4636 1952 4691 natura,
1999 4626 2093 4679 sed

523 4713 836 4781 rebusipsis
872 4715 1098 4768 nomina
1134 4723 1266 4769 sunt
1297 4716 1601 4785 posteriora
1633 4753 1648 4777 ,
1693 4716 1934 4785 alioquin
1962 4732 2094 4771 eve-

522 4806 693 4868 niret,
718 4815 775 4860 ut
806 4822 1037 4874 quorum
1070 4807 1264 4862 eadem
1302 4816 1490 4861 essent
1523 4810 1747 4861 nomina
1772 4847 1788 4870 ,
1843 4808 2094 4864 eamdem

521 4901 824 4954 essentiam
861 4901 1150 4956 haberent.
1178 4901 1247 4956 Et
1275 4904 1532 4971 quoniam
1595 4902 1844 4959 homines
1893 4906 2097 4959 virtute

522 4991 782 5060 perfecti.
834 4992 927 5044 Dei
978 4995 1201 5049 nomine
1244 4995 1393 5066 digni
1419 5003 1544 5047 sunt
1575 4995 1767 5061 habiti,
1801 5011 1924 5049 (um
1976 5011 2096 5050 om-

524 5083 673 5137 nium
715 5082 825 5136 Deo
851 5083 1035 5138 forent
1060 5087 1306 5153 ejusdem
1328 5087 1602 5141 essentia‘e.
1668 5088 1866 5141 Verum
1899 5098 1960 5142 ut
1991 5087 2097 5144 hoc

521 5175 710 5231 dicere
742 5177 906 5246 plane
938 5178 1252 5245 insipientis
1282 5189 1387 5243 est,
1450 5181 1531 5235 sic
1563 5179 1696 5234 illud
1724 5194 1975 5235 asserere
1997 5196 2093 5250 pe-

520 5271 674 5323 nitus
709 5269 911 5323 insani.
964 5268 1330 5334 Quamobrem
1376 5286 1441 5325 ex
1490 5272 1557 5325 iis
1620 5282 1742 5340 quae
1766 5272 1911 5327 dicta
1942 5282 2091 5337 sunt,

519 5371 690 5433 patet,
732 5362 1046 5416 nominibus
1095 5377 1206 5415 non
1248 5363 1539 5429 essentias,
1582 5366 1682 5417 sed
1726 5367 2094 5435 proprietates

521 5454 771 5510 indicari.
799 5456 1140 5524 Quapropter
1166 5454 1399 5507 orationi
1424 5470 1490 5509 ex
1533 5458 1826 5511 nominum
1863 5459 2095 5512 diversi-

523 5554 630 5599 tate
660 5550 963 5599 contrarias
989 5545 1258 5600 essentias
1285 5544 1563 5615 colligenti
1594 5548 1779 5602 nullus
1810 5558 1895 5603 est
1913 5548 2094 5603 locus.

523 5636 614 5689 Sic
641 5638 787 5690 enim
810 5639 1046 5707 seipsam
1074 5637 1129 5691 in
1164 5637 1354 5706 primis
1384 5640 1603 5692 evertit.
1667 5639 1725 5693 Si
1757 5642 1902 5693 enim
1948 5639 2092 5696 facta

519 5737 573 5779 et
596 5728 776 5795 genita
808 5728 951 5783 inter
978 5745 1037 5784 se
1083 5729 1372 5794 diﬂ'erunt,
1403 5740 1568 5785 erunt
1594 5733 1849 5785 essentia:
1882 5733 2091 5805 Unige-

520 5818 621 5873 niti
652 5818 1000 5887 maerentes,
1030 5836 1153 5891 quat
1191 5837 1257 5878 ex
1300 5822 1586 5879 nominum
1611 5823 1927 5880 din‘crcntia
1961 5841 2091 5881 con-

2197 4629 2372 4694 οὕτως
2395 4633 2635 4702 ἀμαθὴς,
2654 4635 2863 4706 καὶτῆς
2885 4638 3075 4709 κοινῆς
3104 4641 3778 4708 φύσεως³ἀνεπίσκεπτος,

2198 4720 2327 4775 ὥστ’
2359 4724 2425 4775 ἂν
2452 4727 2626 4778 εἰπεῖν
2683 4727 3052 4798 προαχθῆναι,
3104 4730 3308 4802 ψευδὴς
3339 4736 3365 4786 ό
3409 4736 3475 4803 τῇ
3525 4734 3779 4809 διαφορᾷ

2197 4813 2307 4865 τῶν
2330 4812 2612 4882 ὀνομάτων
2652 4815 2713 4869 τὸ
2774 4816 2875 4887 τῆς
2905 4820 3093 4883 οὐσίας
3125 4821 3386 4893 διάφορον
3415 4824 3653 4879 ἕπεσθαι
3685 4843 3779 4881 σο-

2199 4908 2506 4973 φιζόμενος.
2540 4907 2614 4961 Οὐ
2637 4909 2745 4979 γὰρ
2795 4911 2906 4971 τοῖς
2926 4910 3191 4980 ὀνόμασιν
3224 4916 3254 4982 ὴ
3286 4915 3395 4967 τῶν
3424 4920 3778 4987 πραγμάτων

2197 4994 2359 5061 φύσις
2385 4996 2687 5061 ἀκολουθεῖ,
2713 4997 2827 5050 ἀλλ’
2856 4995 3059 5069 ὕστερα
3082 5001 3193 5055 τῶν
3229 5006 3577 5075 πραγμάτων
3601 5009 3777 5078 εὓρη-

2198 5102 2289 5138 ται
2317 5088 2384 5138 τὰ
2415 5087 2676 5156 ὀνόματα.
2711 5089 2777 5143 Et
2831 5091 2942 5161 γὰρ
2988 5092 3147 5144 τοῦτο
3173 5087 3242 5164 ἦν
3273 5095 3493 5164 ἀληθὲς,
3530 5098 3640 5152 ἔδει
3676 5101 3775 5154 καὶ

2196 5171 2271 5230 ὧν
2309 5179 2364 5231 αἰ
2396 5181 2766 5250 προσηγορίαι
2790 5183 2928 5234 εἰσιν
2946 5182 3003 5233 αἰ
3038 5184 3219 5250 αὐταὶ,
3253 5186 3386 5254 μίαν
3418 5189 3512 5240 καί
3550 5190 3650 5259 τὴν
3673 5192 3777 5243 αὐ-

2197 5269 2299 5338 τὴν
2350 5271 2543 5323 οὐσίαν
2572 5266 2734 5325 εἶναι.
2784 5273 2997 5327 Οὐκοῦν
3049 5276 3238 5346 ἐπειδὴ
3290 5278 3339 5329 οἰ
3388 5280 3511 5331 κη’
3566 5282 3776 5352 ἀρετὴν

2196 5362 2392 5415 τέλειοι
2423 5364 2521 5433 τῆς
2544 5365 2636 5416 τοῦ
2679 5365 2815 5418 Θεοῦ
2844 5369 3218 5438 προσηγορίας
3257 5369 3538 5440 ἠξίωνται,
3575 5375 3776 5441 όμοού-

2196 5474 2300 5509 σιοι
2338 5456 2403 5510 ἂν
2430 5453 2540 5510 εἶεν
2579 5461 2655 5530 τῷ
2701 5460 2819 5531 Θεῷ
2878 5461 2990 5516 τῶν
3022 5461 3162 5517 ὅλων
3198 5465 3248 5517 οἰ
3274 5465 3579 5538 ἄνθρωποι.
3628 5470 3774 5523 Ἀλλ’

2196 5548 2386 5619 ὥσπερ
2420 5550 2579 5603 τοῦτο
2602 5552 2781 5618 λέγειν
2809 5555 2976 5621 μανία
3005 5558 3210 5627 σαφὴς,
3250 5557 3395 5613 οὕτω
3444 5563 3705 5623 κάκεῖνος
3744 5562 3779 5617 ὀ

2197 5646 2354 5712 λόγος
2379 5648 2480 5718 τῆς
2512 5647 2633 5717 ἴσης
2666 5650 2850 5718 ἔχεται
2878 5654 3203 5723 παρανοίας.
3225 5655 3465 5725 Φανερδν
3492 5657 3676 5710 τοίνυν
3708 5658 3780 5711 ἐκ

2196 5737 2303 5790 τῶν
2326 5740 2662 5809 εἰρημένων,
2692 5744 2775 5794 ὅτι
2808 5743 2903 5795 καὶ
2933 5745 3026 5796 ἐπὶ
3056 5745 3293 5817 Πατρὸς,
3344 5750 3439 5801 καὶ
3470 5748 3597 5802 Υἰοῦ
3643 5748 3777 5819 οὐχὶ

2196 5831 2385 5885 οὐσίαν
2421 5832 2721 5903 παρίστησι
2743 5836 2810 5885 τὰ
2852 5834 3117 5905 ὀνόματα,
3151 5837 3287 5892 ἀλλὰ
3322 5840 3430 5894 τῶν
3458 5839 3778 5911 ἰδιωμάτων
