4026 6290
252 407 342 470 513
1229 409 1600 471 PANOPLIA
1639 413 2096 476 DOGMATICA.
2127 441 2196 454 --
2232 419 2376 478 TlT.
2425 420 2527 478 Χῐ.
3399 421 3502 490 5M

253 521 354 574 tari
379 520 685 590 δηλωτικὰ,
705 517 846 573 ὥστε
875 521 1148 590 μηδεμίαν
1171 516 1314 575 εἶναι
1340 523 1526 595 χώραν
1552 525 1812 597 τῷλόγῳ,

1946 541 2241 599 equentur.
2276 539 2347 586 At
2378 529 2834 601 quemadmodum
2872 528 2964 597 qui
3005 529 3106 581 hoc
3135 527 3325 583 dicunt
3349 571 3364 596 ,
3406 535 3502 587 de-

249 613 317 680 τῷ
348 613 413 664 ἐκ
442 612 547 680 τῆς
573 613 682 665 τῶν
715 612 1003 683 ὀνομάτων
1033 615 1397 686 παραλλαγῆς
1447 624 1545 684 τὴν
1576 619 1686 671 τῶν
1724 621 1814 674 οὐ-

1942 615 2103 679 irant,
2135 617 2213 672 sic
2258 617 2546 672 insaniunt
2614 615 2692 670 illi
2745 617 2839 686 qui
2874 615 3008 671 illud
3061 625 3338 672 asserunt.
3393 620 3502 674 Sed

251 702 373 757 σιῶν
411 705 743 757 ἐναντίωσιν
810 706 1237 774 παρεισάγοντι.
1291 707 1452 761 Οὕτω
1505 710 1550 763 δ’
1607 713 1672 766 ἂν
1710 713 1818 782 πρδ

1942 717 2022 762 ste
2071 718 2394 779 argumenta
2443 725 2504 764 se
2567 708 2721 780 tingit
2787 709 2992 764 habere
3052 709 3502 777 innumerabilia,

246 794 463 849 πάντων
493 795 685 848 ἑαυτὸν
712 794 1068 852 καταϐάλλω.
1103 799 1164 851 Et
1190 800 1298 870 γὰρ
1321 800 1573 871 διαφέρει
1603 804 1818 873 ποίημά

1942 801 2111 868 uibus
2137 801 2512 855 demonstrare
2543 801 2722 870 possit
2743 839 2758 861 .
2821 799 3020 854 Filium
3061 817 3093 856 a
3117 802 3329 857 sanctis
3361 819 3504 872 opus

242 901 295 938 τε
324 885 421 938 καὶ
450 887 726 956 γέννημα,
753 885 1007 957 διάφοροι
1066 887 1286 943 ἔσονται
1331 891 1427 946 τοῦ
1472 893 1835 962 Μονογενοῦ;’

239 977 449 1041 οὐσίαι,
490 979 559 1048 τῇ
606 979 840 1050 διαφορᾷ
869 978 978 1032 τῶν
1005 979 1287 1050 ὀνομάτων
1323 983 1609 1051 ἑπόμεναι.
1664 985 1726 1040 Εί
1757 985 1812 1038 δὲ

235 1063 396 1117 τοῦτο
423 1067 924 1136 παραφρονούντων
943 1068 1140 1132 εἰπεῖν,
1167 1071 1288 1124 οὐδὲ
1315 1073 1490 1126 έκεῖνο
1543 1075 1815 1145 καθεστη-

242 1156 445 1210 κότων.
493 1155 557 1210 Ὀ
602 1157 658 1211 δὲ
695 1162 1084 1228 προσποιεῖται
1150 1162 1247 1230 μὲν
1301 1165 1503 1235 μυρίας
1535 1166 1681 1238 ἔχειν
1714 1167 1814 1230 τὰς

232 1244 551 1312 ἀποδείξεις
579 1247 676 1302 τοῦ
719 1249 876 1318 παρά
903 1251 1014 1304 τῶν
1048 1251 1223 1311 ἁγίων
1294 1254 1420 1326 ποίη
1434 1274 1511 1326 μα
1582 1257 1674 1310 τὸν
1709 1259 1818 1330 Ἰη-

237 1336 369 1390 σοῦν
399 1340 824 1410 προσειρῆσθαι,
853 1342 928 1402 ὡς
955 1341 1012 1394 δὲ
1059 1345 1145 1413 ἐφ’
1193 1345 1361 1417 ἓτερά
1390 1365 1513 1400 τινα
1541 1351 1818 1420 προηγού-

1914 893 2245 960 appellatum
2297 891 2488 960 fuisse,
2531 893 2628 948 sed
2677 908 2740 947 ea
2777 907 2858 958 se,
2889 893 3146 962 quoniam
3179 892 3246 946 ad
3297 895 3500 960 maiora

1922 984 2166 1052 quaedam
2195 981 2442 1052 festinet,
2475 985 2526 1038 in
2569 984 2862 1054 praesentia
2898 999 3008 1038 non
3041 999 3500 1039 commemorare.

1926 1073 2030 1130 Sed
2061 1076 2164 1131 hoc
2196 1077 2324 1131 item
2357 1077 2560 1132 versuti
2585 1076 2819 1132 hominis
2842 1075 3103 1130 malitiam
3127 1083 3182 1128 et
3209 1074 3500 1129 artiﬁcium

1925 1167 2122 1235 arguit,
2159 1166 2252 1236 qui
2315 1182 2377 1220 ea
2416 1166 2470 1220 in
2515 1166 2718 1236 quibus
2749 1167 2936 1227 haeret,
2994 1164 3218 1218 silentio
3279 1163 3498 1216 transit.

1924 1256 2058 1312 Nam
2113 1259 2161 1313 si
2210 1259 2298 1313 vel
2331 1261 2584 1314 umbram
2627 1259 2855 1313 haberet
2892 1257 3130 1324 alicujus
3177 1255 3498 1316 testimonii,

1926 1367 2034 1419 quo
2065 1351 2394 1423 Unigeuitus
2443 1353 2640 1415 factus,
2672 1357 2766 1404 ant
2823 1364 2962 1419 opus
2985 1349 3284 1408 diceretur.
3327 1346 3498 1415 jacta-

236 1447 380 1498 μενα
437 1432 690 1486 σπεύδων
739 1431 1096 1501 ὑπερτίθεται
1130 1433 1295 1503 δῆθεν
1351 1437 1411 1488 ιν
1464 1435 1544 1507 τῷ
1579 1437 1813 1507 παρόντι

1948 1445 2073 1496 ioue
2113 1444 2288 1514 ipsius
2313 1460 2472 1497 aures
2498 1443 2829 1510 nostrazjam
2853 1439 3330 1494 obsurdescerent.

236 1525 340 1596 τὴν
381 1529 631 1599 μνήμην.
665 1529 826 1582 Ἐστι
879 1527 936 1582 δὲ
987 1529 1256 1584 καὶτοῦτο
1295 1533 1544 1602 τεχνικὸν
1576 1534 1638 1586 τὸ
1682 1535 2054 1619 κακούργημα
2083 1542 2142 1593 ὲν
2197 1535 2280 1602 οἷς
2342 1542 2542 1609 ἀπορεῖ
2568 1540 2742 1607 λόγων
2769 1539 2868 1608 τὴν
2930 1537 3141 1604 σιωπὴν
3205 1533 3496 1602 προτιμᾷν.

240 1621 302 1674 Ei
334 1623 450 1695 γὰρ
508 1624 669 1679 σκιὰν
705 1624 1017 1696 μαρτυρίας
1067 1620 1184 1696 εἷχε
1239 1626 1340 1697 τῆς
1397 1627 1488 1682 τὸν
1531 1630 1812 1700 Μονογενῆ
1854 1632 2121 1705 λεγούσης
2182 1635 2417 1706 ποίημα,
2446 1635 2550 1689 κᾶν
2607 1631 3114 1703 ὲκεκώφωτοήμῶν
3148 1630 3250 1701 ἢδη
3283 1627 3353 1680 τὰ
3383 1619 3499 1680 ὦτα

244 1713 780 1784 περιθρυλλούμενα.

699 1809 801 1862 Ἐκ
831 1811 939 1865 τοῦ
964 1810 1152 1867 αὐτοῦ
1185 1811 1392 1880 λόγου.

320 1897 509 1953 Ταῦτα
573 1899 672 1968 μὲν
731 1900 823 1954 οὐν
882 1901 1072 1973 ὥσπερ
1135 1902 1460 1974 πῳαγωνές
1512 1921 1657 1967 τινες
1722 1905 1820 1959 καὶ

258 1991 576 2045 κατασκευαὶ
617 1989 716 2057 τῆς
766 1987 1114 2059 βλασφημίας
1152 1986 1292 2040 εἰσί·
1330 1987 1390 2038 τὸ
1428 1985 1484 2038 δὲ
1531 1985 1827 2056 κεφάλαιον

263 2083 348 2136 τοῦ
379 2080 549 2134 κακοῦ
580 2081 639 2132 ὲν
664 2082 774 2142 τοῖς
803 2078 928 2148 ἑξῆς
959 2076 1210 2148 ἐπιφέρει
1239 2077 1437 2144 λέγων’

321 2197 470 2250 ΕΥΝ.
513 2195 627 2264 Τὴν
662 2193 849 2246 οὐσίαν
877 2191 969 2244 τοῦ
1021 2189 1151 2244 Υίοῦ
1197 2190 1552 2260 γεγεννῆσθαι
1585 2190 1682 2262 μὲν
1726 2190 1827 2243 οὐκ

259 2285 410 2342 οὖσαν
435 2287 540 2357 πρὸ
563 2285 665 2354 τῆς
703 2284 834 2346 ίδίας
871 2282 1203 2345 συστάσεως,
1231 2277 1370 2333 εἶναι
1399 2281 1456 2334 δὲ
1477 2281 1829 2352 γεννηθεῖσαν

257 2381 357 2452 πρὸ
385 2379 599 2432 πάντων
634 2374 830 2448 γνώμῃ
857 2374 949 2427 τοῦ
983 2374 1214 2444 Πατρός.

322 2493 460 2546 ΒΔΣ.
490 2492 614 2544 Ἔτι
651 2490 758 2542 τῶν
795 2487 974 2540 αὐτῶν
1017 2485 1202 2556 ἔχεται
1248 2484 1659 2554 τεχνασμάτων.
1694 2481 1832 2554 Περὶ

252 2587 347 2656 τῆς
377 2585 556 2647 οὐσίας
598 2583 730 2654 ἡμῖν
767 2579 862 2633 τοῦ
896 2577 1025 2632 Υἱοῦ
1058 2577 1386 2646 διαλέγεται,
1428 2576 1502 2641 ὡς
1533 2577 1594 2648 δή
1626 2594 1678 2629 τι
1711 2577 1832 2630 ἔτε-

252 2697 344 2751 ρον
372 2678 538 2746 λέγων
583 2676 715 2746 παρ’
749 2672 918 2744 αὐτὴν
959 2671 1050 2724 τὸν
1081 2669 1211 2722 Υίὸν
1249 2707 1266 2731 ,
1416 2669 1509 2722 καὶ
1543 2668 1718 2739 τούτῳ
1754 2666 1832 2741 τῷ

247 2772 428 2842 τρόπῳ
459 2767 768 2839 προημεροῖ
799 2767 867 2834 τῇ
902 2760 1222 2832 βλασφημίᾳ
1268 2759 1365 2832 τὴν
1396 2760 1565 2830 ἀκοήν
1585 2777 1598 2790 ·
1631 2761 1732 2813 οὐκ
1764 2761 1830 2814 ἐκ

250 2858 344 2912 τοῦ
373 2855 680 2930 προφανοῦς
709 2854 881 2922 λέγων
924 2855 988 2906 ἐκ
1035 2853 1108 2924 μὴ
1145 2851 1314 2904 ὄντων
1345 2850 1703 2922 γεγεννῆσθαι
1739 2851 1832 2906 τὸν

255 2949 394 3012 Υἱὸν,
434 2947 572 3001 ἀλλά
620 2947 720 3015 τὴν
765 2945 953 2998 οὐσίαν
993 2943 1160 2998 αὐτοῦ
1207 2941 1566 3014 γεγεννῆσθαι
1733 2943 1832 2996 οὐκ

257 3037 423 3092 οὖσαν.
458 3038 573 3109 Πρὸ
621 3038 767 3099 τίνος
797 3037 898 3088 οὐκ
942 3030 1137 3100 οὗσαν;
1176 3033 1318 3088 εἰπέ.
1360 3032 1628 3104 Θεωρεῖτε
1667 3033 1832 3088 αὐτοῦ

251 3132 316 3185 τὸ
346 3133 610 3200 edenda;
661 3127 840 3198 Αὐτὴν
887 3127 1054 3197 ἑαυτῇ
1108 3124 1412 3194 συγκρίνει,
1462 3125 1550 3178 ἵνα
1593 3126 1727 3178 πᾶσι
1769 3125 1833 3199 δὴ

2469 1811 2552 1866 Ex
2581 1812 2757 1866 eodem
2789 1809 2942 1862 libro.

2003 1902 2107 1958 Sed
2164 1903 2279 1959 haec
2336 1912 2464 1960 sunt
2512 1904 2668 1974 quasi
2729 1903 2986 1972 praeludia
3037 1903 3282 1970 quaedam
3348 1899 3498 1954 blas-

1928 1988 2157 2052 phemiae
2194 1999 2358 2058 atque
2398 2002 2725 2060 apparatus;
2764 2006 2923 2062 caput
2971 2007 3151 2048 autem
3179 1996 3302 2049 tnali
3338 1997 3507 2056 infert

1930 2074 1982 2128 in
2011 2081 2379 2146 sequentibus,
2408 2083 2497 2138 ubi
2528 2084 2687 2137 dicit:

2006 2191 2140 2245 Eun.
2169 2191 2540 2248 Substantiam
2570 2195 2695 2251 Filii
2721 2200 2955 2267 genitam
2983 2202 3200 2270 quidem
3228 2218 3352 2258 esse
3380 2220 3500 2259 cum

1931 2297 2035 2336 non
2076 2293 2221 2338 esset
2260 2294 2385 2339 ante
2433 2290 2704 2356 prOpriam
2750 2293 3221 2358 constitutionem,
3267 2296 3502 2362 genitam

1933 2377 2112 2427 tamen
2142 2389 2266 2429 esse
2301 2385 2426 2430 ante
2454 2379 2631 2431 omnia
2679 2380 2955 2435 voluntate
2990 2381 3182 2436 Putris.

2003 2482 2130 2540 Bas.
2173 2485 2367 2543 Iisdem
2393 2490 2571 2545 adhuc
2602 2491 2800 2546 insistit
2833 2492 3101 2548 artificiis.
3139 2495 3212 2548 De
3247 2496 3505 2551 substan-

1933 2571 2006 2626 tia
2035 2573 2154 2629 Filii
2196 2576 2350 2632 nobis
2381 2579 2541 2633 verba
2581 2580 2732 2644 facit,
2780 2584 2933 2651 quasi
2969 2585 3115 2656 dicat
3161 2584 3356 2639 Filium
3381 2603 3502 2643 esse

1933 2665 2075 2721 aliud
2107 2669 2232 2738 quid
2261 2681 2454 2738 praeter
2490 2675 2681 2743 ipsam,
2715 2687 2878 2745 atque
2919 2678 3021 2732 hoc
3063 2679 3222 2733 modo
3256 2696 3416 2736 aures
3440 2685 3504 2735 ad

1933 2758 2323 2831 blasphemiam
2387 2766 2708 2820 audiendam
2785 2769 3146 2825 demulcendo
3213 2783 3500 2841 ρινιιριιινυι,

1933 2865 2055 2916 cum
2107 2870 2212 2908 non
2251 2865 2433 2924 aperte
2464 2857 2609 2911 dicat
2648 2858 2885 2928 genitum
2933 2875 3053 2915 esse
3109 2877 3172 2915 ex
3213 2864 3381 2917 nihilo
3412 2863 3504 2918 Fi-

1935 2941 2098 3008 lium;
2125 2947 2216 2999 sed
2252 2946 2369 3014 ejus
2407 2949 2761 3003 substantiam
2785 2967 2906 3006 cum
2939 2967 3044 3004 non
3068 2963 3232 3015 esset,
3268 2956 3504 3020 genitam

1933 3048 2071 3089 esse.
2103 3035 2221 3100 Dic,
2246 3047 2370 3093 ante
2402 3055 2541 3108 quas
2570 3056 2654 3093 res
2686 3057 2789 3094 non
2826 3043 2980 3096 erat?
3002 3043 3214 3104 ,Videtis
3260 3045 3381 3113 ejus
3411 3062 3504 3099 ca-

1937 3127 2304 3182 villationem?
2335 3127 2706 3184 Snbstantiam
2733 3145 2855 3186 cum
2892 3135 3178 3202 semetipsa
3207 3148 3505 3203 comparat,

252 3223 452 3277 ἀνεκτά
475 3222 604 3294 δόξῃ
636 3220 838 3287 λέγειν,
873 3218 993 3289 οὐχὶ
1023 3217 1130 3290 πρὸ
1155 3217 1263 3270 τῶν
1294 3215 1504 3270 αἰώνων
1536 3216 1710 3286 λέγων
1735 3218 1836 3270 αὐ-

1942 3227 1996 3273 ut
2053 3220 2354 3275 tolerabilia
2403 3222 2583 3276 dicere
2615 3220 2866 3276 omnibus
2917 3201 3182 3278 videatur.
3241 3201 3506 3278 Nimirum

252 3316 358 3384 τὴν
401 3314 469 3385 μὴ
515 3308 676 3375 εἶναι,
721 3309 840 3362 οὐδὲ
867 3308 1054 3373 ἁπλῶς
1104 3310 1179 3379 μὴ
1221 3302 1384 3373 εἶναι,
1421 3307 1555 3361 ἀλλά
1597 3309 1703 3380 πρὸ
1736 3309 1836 3378 τῆς

260 3405 396 3467 ἰδίας
439 3403 768 3464 συστάσεως.
816 3399 928 3470 Τὴν
976 3399 1032 3452 δὲ
1083 3398 1178 3452 τοῦ
1219 3397 1433 3471 Πατρὸς
1469 3399 1679 3463 οὐσίαν,
1709 3399 1833 3452 είπέ

263 3512 377 3567 μοι,
407 3494 776 3567 πρεσϐυτέραν
801 3487 940 3545 εἶναι
969 3491 1034 3544 σὺ
1058 3491 1162 3562 φῂς
1188 3491 1286 3561 τῆς
1321 3490 1456 3555 ίδίας
1493 3490 1834 3558 συστάσεωςς

262 3587 333 3639 Et
367 3588 456 3657 μὲν
483 3587 593 3657 γὰρ
636 3585 735 3654 οὐχ
765 3582 1056 3636 ὐποὸἀλλει
1083 3583 1294 3654 χρόνοις
1323 3582 1418 3636 τοῦ
1456 3583 1588 3637 Υίοῦ
1621 3582 1716 3655 τὴν
1748 3582 1838 3636 οὐ-

266 3679 408 3742 σίαν,
445 3678 564 3731 οὐδὲ
597 3676 660 3729 τὸ
706 3676 995 3745 πρότερον
1021 3673 1164 3727 κατά
1193 3674 1381 3729 τοῦτον
1413 3676 1504 3730 τὸν
1533 3676 1688 3745 λόγον
1719 3679 1839 3730 han

266 3773 421 3834 νοεῖ,

271 3875 379 3928 περ
411 3858 526 3911 οὐδὲ
569 3856 915 3927 ἀποκρίσεως
947 3853 1116 3918 ἄξιος.
1161 3856 1272 3926 Οὐχ
1314 3850 1472 3925 ἦττον
1521 3856 1701 3926 μέντοι
1747 3856 1838 3912 καὶ

273 3950 370 4002 ἐπὶ
391 3949 477 4002 τοῦ
503 3947 638 4002 Θεοῦ
661 3947 770 4000 τῶν
795 3946 930 4000 ὅλων
962 3944 1191 4016 ὑπάρξει
1218 3947 1332 4009 τοῖς
1377 3946 1717 4017 βουλομένοις
1745 3965 1838 4017 με-

274 4040 581 4111 τακομίζειν
603 4039 704 4110 τὴν
734 4039 1090 4110 ματαιότητα.
1125 4037 1199 4091 Τό
1231 4055 1290 4091 τε
1315 4037 1426 4110 γὰρ
1453 4038 1554 4092 οὐκ
1583 4034 1722 4091 εἷναι
1750 4038 1840 4091 λέ-

283 4148 395 4198 γειν
426 4132 511 4184 τὸν
540 4130 672 4184 Θεὸν
699 4131 808 4200 πρὸ
831 4131 932 4201 τῆς
976 4130 1111 4194 ίδίας
1135 4130 1466 4193 συστάσεως,
1493 4131 1589 4183 καὶ
1614 4129 1676 4183 τὸ
1705 4124 1842 4182 εἶναι

278 4220 445 4290 λέγειν
478 4221 579 4293 πρὸ
609 4219 800 4274 ἑαυτοῦ
831 4251 848 4278 ,
995 4221 1090 4292 τῆς
1116 4221 1286 4292 αὐτῆς
1333 4223 1481 4275 ἐστιν
1509 4221 1842 4293 ἀφροσύνης.

285 4313 348 4365 Ei
370 4314 421 4365 δὲ
441 4312 706 4385 χρονικῶς
734 4312 826 4364 ἐπὶ
849 4315 947 4382 τῆς
966 4314 1154 4377 οὐσίας
1175 4313 1268 4367 τοῦ
1299 4313 1430 4367 Υίοῦ
1463 4313 1524 4367 τὸ
1557 4315 1844 4384 πρότερον

283 4407 502 4470 δένεται,
548 4405 644 4458 καὶ
673 4406 739 4456 ὲκ
768 4404 842 4473 μὴ
884 4405 1052 4456 ὄντων
1105 4405 1272 4476 φήσει“
1313 4406 1410 4478 τὴν
1454 4409 1642 4461 οὐσίαν
1677 4407 1841 4460 αὐτοῦ

285 4493 623 4564 γεγεννῆσθαι
666 4527 682 4549 ,
837 4491 1036 4560 μᾶλλον
1077 4489 1130 4541 δὲ
1170 4489 1331 4541 αὐτὸν
1375 4489 1466 4542 τὸν
1500 4488 1659 4540 Υίόν·
1699 4486 1847 4539 οὐδὲν

566 3769 793 3840 μάταιος
839 3767 946 3838 μὲν
977 3766 1124 3837 αὐτῷ
1153 3767 1245 3819 καὶ
1284 3767 1452 3837 ἀργὸς
1477 3769 1502 3820 ό
1528 3767 1703 3836 λόγος,
1734 3767 1838 3822 διό-
1879 3757 1910 3776 ⁴’

1939 3326 2044 3365 non
2067 3313 2196 3367 dicit
2219 3328 2335 3368 eam
2365 3321 2489 3367 ante
2513 3313 2705 3369 saecula
2737 3328 2840 3368 non
2872 3312 3058 3378 fuisse,
3095 3329 3267 3384 neque
3300 3315 3509 3380 simpli-

1935 3401 2073 3456 citer
2097 3416 2198 3456 non
2235 3401 2425 3470 fuisse,
2457 3405 2550 3457 sed
2581 3413 2706 3458 ante
2752 3419 2907 3458 suam
2954 3403 3124 3474 ipsius
3157 3406 3505 3459 constitutio-

1943 3509 2061 3548 nem
2092 3509 2194 3548 non
2225 3494 2409 3550 fuisse.
2443 3495 2570 3560 Sed,
2606 3495 2692 3549 die
2721 3495 2872 3559 mihi,
2899 3494 3052 3549 aisne
3077 3503 3131 3548 tu
3172 3494 3346 3550 Patris
3379 3496 3507 3550 sub-

1942 3589 2201 3642 stantiam
2224 3602 2318 3642 sua
2359 3588 2528 3659 ipsius
2552 3587 2938 3642 constitutione
2959 3602 3078 3642 esse
3107 3587 3513 3656 antiquiorem?

1947 3680 2155 3734 Etenim
2214 3681 2258 3736 si
2315 3681 2652 3749 temporibus
2681 3695 2785 3735 non
2822 3679 3038 3749 subjicit
3089 3677 3208 3734 Filii
3259 3680 3513 3734 substan-

1949 3769 2097 3835 tiam,
2143 3783 2318 3838 neque
2361 3771 2507 3838 prius
2547 3771 2648 3825 hac
2679 3769 2886 3824 ratione
2935 3767 3204 3836 intelligit,
3237 3769 3416 3822 inanis
3459 3778 3517 3822 et

1946 3870 2083 3911 Vana
2131 3868 2218 3912 est
2265 3858 2384 3926 ejus
2439 3859 2636 3923 oratio,
2688 3868 3018 3928 quapropter
3064 3873 3131 3911 ne
3160 3859 3512 3925 responsione

1947 3943 2163 4017 q'uidem
2196 3948 2353 4018 digna
2383 3958 2483 4002 est.
2519 3949 2582 4003 Et
2629 3950 2846 4018 quidem
2883 3950 2935 4003 id
2974 3949 3148 4019 ipsum
3190 3966 3296 4004 non
3338 3951 3516 4004 minus

1949 4039 2016 4094 de
2047 4039 2154 4094 Deo
2191 4040 2354 4093 etiam
2393 4041 2765 4097 universorum
2819 4041 2924 4096 dici
2966 4042 3186 4111 poterit,
3221 4041 3266 4096 si
3306 4042 3429 4111 quis
3460 4044 3514 4096 lu

1946 4144 2068 4185 eum
2099 4131 2238 4186 hanc
2293 4132 2605 4187 inanitatem
2653 4133 2887 4187 voluerit
2947 4131 3262 4188 transferre.
3289 4131 3423 4186 Nam
3463 4139 3517 4187 et

1947 4223 2132 4278 dicere
2167 4224 2331 4278 Deum
2361 4233 2484 4278 ante
2529 4239 2683 4278 suam
2719 4225 3159 4278 cnnstitntionem
3194 4239 3297 4279 non
3328 4222 3514 4290 fuisse,

1950 4322 2006 4367 et
2037 4313 2219 4368 dicere
2243 4329 2364 4366 eum
2388 4322 2514 4368 ante
2545 4313 2781 4381 seipsum
2807 4313 2990 4376 fuisse,
3027 4313 3268 4380 ejusdem
3290 4313 3517 4367 demen-

1957 4406 2043 4460 tiae
2075 4415 2174 4461 est.
2212 4405 2363 4471 Quod
2393 4407 2437 4459 si
2474 4404 2839 4474 temporaliter
2887 4421 3067 4458 vocem
3109 4409 3253 4471 prius
3291 4408 3354 4459 de
3399 4406 3520 4461 Filii

1949 4485 2252 4540 substantia
2287 4483 2500 4549 accipit,
2541 4483 2794 4550 dicetque
2848 4483 3082 4549 genitam
3119 4480 3285 4533 fuisse
3333 4495 3396 4532 ex
3439 4483 3522 4535 ni-

284 4582 382 4654 γὰρ
410 4582 653 4652 διαφέρει
692 4580 829 4652 πρός
869 4596 933 4647 γε
984 4579 1152 4648 αὐτὴν
1198 4579 1295 4648 τὴν
1341 4578 1579 4632 διάνοιαν
1604 4575 1776 4634 οὕτως
1808 4572 1838 4644 ἢ

1949 4574 2058 4629 hilo
2082 4573 2438 4628 substantiam
2465 4571 2601 4640 ejus,
2633 4574 2741 4628 imo
2764 4572 2955 4626 Filium
2984 4572 3189 4639 ipsum;
3225 4571 3354 4623 nihil
3377 4571 3519 4624 enim

280 4670 411 4726 οὕτω
454 4673 634 4740 λέγειν
657 4688 671 4702 ο
721 4669 935 4742 πρῶτον
966 4669 1065 4738 μὲν
1089 4669 1280 4738 χρόνον
1313 4665 1568 4739 [χρόνων]
1597 4663 1846 4735 δεύτερον

277 4763 494 4823 τίθεται,
538 4765 587 4816 εί
627 4763 684 4814 δὲ
726 4760 924 4829 βούλει,
958 4759 1051 4812 καὶ
1090 4758 1324 4823 αἰώνων,
1369 4759 1458 4811 τὸν
1491 4757 1715 4827 ποιητὴν
1739 4754 1847 4806 τῶν

273 4855 482 4912 αἰώνων
526 4872 539 4884 ·
666 4852 859 4905 ἔπειτα
907 4850 1088 4921 μέντοι
1137 4847 1443 4902 ἀκολουθῶν
1494 4850 1611 4910 ταῖς
1652 4842 1846 4899 ἑαυτοῦ

271 4940 666 5014 βλασφημίαις,
853 4943 946 4995 καὶ
989 4941 1079 4994 τὸν
1119 4942 1338 5010 Πατέρα
1369 4941 1553 5010 φήσει,
1598 4940 1698 4990 οὐκ
1721 4938 1848 4990 ὄντα

269 5039 491 5108 Πατέρα
513 5039 572 5090 τὸ
595 5037 654 5101 ἐξ
686 5037 880 5106 ἀρχῆς,
923 5030 1040 5087 εἶτα
1074 5032 1298 5102 ὓστερον
1329 5031 1631 5098 γεγονέναι.

472 5213 666 5268 Καίτοι
702 5214 751 5265 εἰ
783 5212 878 5281 μὲν
909 5210 1072 5264 καλὸν
1114 5209 1209 5262 καὶ
1243 5208 1451 5279 πρέπον
1489 5209 1555 5279 τῇ
1590 5225 1850 5278 μακαριο-

264 5323 394 5375 τητι
409 5304 505 5358 τοῦ
528 5304 664 5359 Θεοῦ
680 5303 744 5357 τὸ
766 5299 904 5356 εἶναι
928 5300 1172 5372 Πατέρα,
1199 5299 1315 5363 πῶς
1334 5300 1435 5354 οὐκ
1459 5299 1520 5365 ἐξ
1683 5297 1854 5367 ἀρχῆς

264 5399 332 5453 τὺ
353 5397 564 5469 πρέπον
583 5396 735 5468 αὐτῷ
758 5395 940 5467 παρῆν
960 5412 974 5462 ;
1000 5395 1070 5446 Ἣ
1089 5393 1200 5464 γὰρ
1225 5392 1418 5463 ἀγνοίᾳ
1443 5389 1537 5445 τοῦ
1563 5389 1850 5463 βελτίονος,

265 5493 302 5561 ἢ
333 5489 608 5560 ἀδυναμίᾳ
640 5488 856 5552 πάντως
883 5486 1190 5556 λογιοῦνται
1227 5486 1324 5556 τὴν
1357 5483 1622 5554 ἔλλειψιν·
1660 5481 1853 5552 ἀγνοίᾳ

271 5582 396 5654 μὲν,
438 5581 596 5648 εῐτεερ
625 5579 849 5650 ὕστερον
877 5578 1062 5651 ἐξεῦρε
1105 5578 1166 5631 τὸ
1208 5577 1441 5647 βέλτιον,
1472 5573 1745 5644 ἀδυναμίᾳ
1776 5571 1852 5634 δὲ,
1880 5646 1890 5656 .

268 5672 436 5742 εἴπερ
466 5670 621 5735 εἰδὼς
654 5671 750 5722 καὶ
798 5672 997 5733 συνιεὶς
1036 5668 1376 5738 ἀπετύγχανε
1408 5665 1502 5719 τοῦ
1542 5664 1852 5718 καλλίστου.

270 5765 334 5816 Et
365 5762 423 5815 δὲ
464 5761 527 5833 (ὃ
555 5761 630 5832 μὴ
663 5761 821 5831 θέμις
861 5758 1075 5830 εἰπεῖν)
1125 5759 1187 5812 οὐ
1220 5756 1384 5811 καλὸν
1429 5753 1577 5825 αὐτῷ
1614 5751 1676 5806 τὸ
1719 5749 1857 5804 εἶναι

271 5853 530 5927 Πατέρα,
575 5853 719 5917 τίνος
749 5852 932 5905 ἕνεκεν
969 5853 1032 5904 ὲκ
1082 5849 1384 5922 μεταϐολῆς
1416 5847 1477 5900 τὸ
1507 5848 1690 5917 χεῖρον
1724 5859 1861 5913 προ-

1951 4668 2131 4732 refert,
2175 4666 2318 4734 quod
2370 4665 2436 4718 ad
2497 4663 2822 4719 sententiam
2869 4663 3082 4724 attinet,
3118 4661 3194 4713 sic
3221 4659 3300 4711 vel
3341 4660 3416 4710 sic
3443 4659 3523 4712 di-

1949 4775 2071 4812 cere
2099 4775 2111 4812 :
2139 4759 2367 4827 primum
2402 4757 2616 4826 quidem
2655 4755 3009 4824 temporibus,
3036 4761 3217 4817 atque,
3245 4751 3286 4803 si
3320 4751 3392 4803 ita
3420 4751 3522 4816 vis,

1951 4850 2164 4904 szt-eulis
2192 4849 2528 4904 conditorem
2574 4846 2891 4902 saeculorum
2945 4844 3223 4896 eonslitnit
3258 4843 3525 4912 poster-io.

1954 4958 2063 4994 rem
2093 4961 2105 4996 :
2132 4942 2326 4996 deinde
2352 4955 2478 4995 vero
2513 4939 2862 5008 blasphemiis
2904 4936 3016 4990 suis
3068 4934 3322 4988 insistens
3354 4934 3526 4988 dictu-

1953 5048 2043 5085 tus
2073 5041 2155 5086 est
2190 5034 2352 5088 etiam
2390 5031 2626 5096 Patrem,
2663 5045 2784 5084 cum
2822 5027 2983 5082 Pater
3011 5042 3117 5081 non
3151 5037 3295 5079 esset
3324 5028 3387 5077 ab
3425 5027 3528 5079 ini-

1956 5127 2048 5188 lio,
2082 5134 2192 5177 tum
2224 5124 2440 5178 demum
2477 5122 2679 5176 factum
2707 5121 2889 5175 fuisse.

2179 5212 2339 5282 Atqui
2442 5214 2485 5266 si
2618 5211 2900 5265 honestum
2934 5225 2998 5264 ac
3031 5211 3286 5264 decorum
3323 5219 3407 5261 est
3435 5207 3526 5260 Dei

1956 5305 2273 5360 beatitudini
2309 5303 2525 5358 Patrem
2551 5316 2700 5367 esse;
2729 5302 2821 5370 qui
2849 5303 2906 5355 tit
2945 5312 3001 5354 ut
3025 5301 3074 5353 id
3102 5300 3242 5369 quod
3267 5301 3525 5362 decebat,

1954 5397 2002 5450 ei
2043 5397 2110 5450 ab
2158 5393 2314 5450 initio
2349 5407 2454 5448 non
2498 5391 2747 5448 adesset?
2776 5393 2882 5444 Aut
2918 5391 3061 5444 enim
3099 5389 3340 5442 melioris
3377 5386 3526 5451 igno-

1956 5488 2176 5552 rationi,
2212 5496 2303 5540 aut
2329 5487 2552 5540 omnino
2585 5482 2914 5553 impotentia:
2953 5480 3097 5534 hunc
3121 5478 3388 5532 defectum
3427 5476 3528 5528 iut-

1957 5579 2221 5649 putabunt
2259 5593 2274 5631 :
2329 5576 2654 5645 ignorationi
2701 5574 2938 5642 quidem,
2993 5571 3036 5624 si
3081 5569 3336 5636 deinceps
3385 5567 3527 5633 quod

1959 5666 2149 5721 melius
2181 5674 2265 5720 est
2297 5666 2656 5734 excogitavit;
2707 5658 3040 5730 impotentiae
3083 5672 3234 5723 vero,
3273 5660 3316 5711 si
3350 5659 3528 5711 sciens

1959 5769 2122 5827 atque
2151 5757 2494 5825 intelligens,
2537 5755 2678 5824 quod
2711 5753 2974 5823 optimum
3008 5759 3130 5808 erat
3155 5750 3368 5818 assequi
3421 5761 3527 5802 non

1960 5851 2156 5920 potuit.
2203 5848 2360 5916 Quod
2387 5848 2433 5905 si
2470 5846 2646 5919 (quod
2681 5845 2758 5902 fas
2790 5859 2896 5902 nou
2929 5856 3011 5904 est
3043 5842 3263 5915 dicere)
3297 5857 3400 5897 non
3448 5849 3532 5896 est
