4026 6290
511 341 615 403 M5

512 568 601 614 tus
626 558 781 628 pejus
810 557 1013 628 elegit?
1043 556 1149 612 Sed
1176 556 1385 611 recidat
1413 556 1468 611 in
1498 572 1626 614 suos
1658 570 1908 615 auctores
1943 558 2087 616 blas-

512 650 752 718 phemia.
798 649 931 704 Nam
985 653 1122 705 Deus
1172 648 1555 705 universorum
1588 650 1750 707 Pater
1781 660 1962 706 estex
2003 652 2086 704 in-

513 741 699 803 ﬁnito,
747 755 847 794 nec
877 754 1111 809 unquam
1156 738 1319 795 Pater
1349 755 1471 796 esse
1500 742 1686 812 ctepit.
1717 740 1903 811 Neque
1938 741 2083 795 enim

510 833 765 901 potentiae
793 831 1026 897 defectu,
1056 846 1125 886 ne
1150 833 1390 902 expleret
1420 833 1778 898 voluntatem,
1804 832 2082 888 detineba-

513 936 598 978 tur
629 944 642 978 :
679 937 855 992 neque
880 922 1112 977 ullorum
1151 925 1470 980 saeculorum
1503 925 1766 979 circuitus
1797 936 2081 996 exspecta-

506 1017 603 1082 vit,
638 1025 696 1069 ut
721 1016 864 1070 sicut
885 1017 939 1070 in
972 1017 1278 1071 hominibus
1307 1032 1372 1071 ac
1404 1017 1627 1086 reliquis
1655 1017 2002 1082 animalibus,
2032 1016 2080 1070 ei

506 1108 803 1178 generandi
840 1106 1099 1162 facultate
1143 1118 1264 1178 post
1304 1109 1625 1180 completam
1672 1119 1885 1164 aetatem
1928 1124 2084 1164 acce-

507 1203 695 1268 dente,
753 1201 897 1271 quod
957 1201 1176 1257 volebat
1227 1212 1632 1273 assequeretur.
1689 1202 2081 1257 lusauientium

503 1297 649 1349 enim
683 1304 769 1349 est
800 1296 912 1353 haec
946 1302 1000 1348 et
1045 1295 1305 1364 cogitare,
1337 1306 1392 1350 et
1429 1295 1597 1364 loqui.
1633 1293 1774 1361 Sed,
1810 1305 1870 1350 ut
1899 1297 1970 1349 ita
2000 1295 2083 1349 di-

504 1403 647 1452 cam,
680 1393 951 1440 extentam
982 1386 1145 1440 habet
1183 1402 1305 1441 cum
1337 1401 1436 1443 sua
1486 1388 1794 1443 aeternitate
1833 1387 2080 1457 paterni-

505 1488 696 1532 tatem.
732 1477 1097 1542 Quamobrem
1129 1487 1183 1533 et
1215 1477 1386 1533 Filius
1416 1493 1539 1533 cum
1572 1486 1701 1536 ante
1741 1478 1940 1534 saecula
1973 1477 2077 1543 sit,

503 1581 559 1624 et
587 1584 802 1638 semper
827 1570 920 1635 sit,
955 1585 1226 1641 nunquam
1264 1584 1385 1626 esse
1416 1569 1639 1641 incoepit
1670 1589 1683 1625 :
1723 1570 1818 1625 sed
1871 1583 1938 1625 ex
1972 1585 2079 1639 quo

503 1661 668 1716 Pater
694 1672 799 1725 εει,
837 1672 891 1715 ει
925 1662 1096 1717 Filius
1123 1673 1227 1726 est,
1275 1670 1330 1716 et
1369 1663 1554 1717 statim
1603 1676 1707 1715 una
1737 1677 1859 1716 cum
1900 1658 2079 1715 Patris

505 1754 745 1819 notione,
796 1752 920 1807 Filii
959 1768 1175 1823 quoque
1210 1754 1360 1807 notio
1403 1753 1665 1822 subrepit.
1715 1751 1852 1806 Nam
1891 1751 2075 1817 Pater,

1789 338 2180 439 EU'l‘llYMll
2225 341 2594 405 216mm

512 472 561 523 ei
599 470 797 522 bonum
834 465 1050 524 Patrem
1091 481 1233 534 esse,
1273 467 1427 537 cujus
1459 465 1534 523 rei
1563 468 1740 540 gratia
1782 481 2076 526 commuta-

2186 469 2390 535 είλετο;
2444 468 2601 521 Ἀλλὰ
2640 466 2893 538 τρέποιτο
2924 466 3023 537 μὲν
3063 467 3142 527 εἰς
3189 464 3314 527 τοὺς

3661 329 3766 398 516

3496 464 3699 526 αἰτίους
3731 468 3763 535 ἡ

2187 559 2536 632 βλασφημία·
2567 560 2596 611 ὁ
2646 557 2704 610 δὲ
2750 556 2882 621 Θεὸς
2918 555 3027 610 τῶν
3076 556 3212 609 ὅλων
3261 554 3322 619 ἐξ
3367 554 3599 626 ἀπείρου
3651 556 3768 607 ἐστὶ

2186 652 2374 723 Πατὴρ
2393 690 2409 715 ,
2437 653 2536 705 οὐκ
2567 650 2873 722 ἀρξάμενός
2917 664 3047 702 ποτε
3075 646 3169 700 τοῦ
3204 642 3344 701 εἶναι
3377 647 3588 717 Πατήρ.
3630 644 3768 699 Οὔτε

2185 743 2294 816 γὰρ
2328 746 2395 815 τῇ
2431 745 2534 815 τῆς
2562 743 2847 814 δυνάμεως
2890 740 3067 812 ἐνδείᾳ
3102 739 3237 812 πρὸς
3282 736 3381 808 τὴν
3423 735 3771 808 ἐκπλήρωσιν

2184 835 2279 889 τοῦ
2309 835 2611 907 θελήματος
2635 833 2925 896 ἐκωλύετο,
2954 831 3073 886 οὔτε
3098 830 3308 885 αἰώνων
3333 828 3494 882 τινῶν
3522 826 3770 899 περίοδος

2184 926 2466 997 ἀνέμενεν,
2511 926 2620 991 ἴνα,
2670 924 2858 997 ῶσπερ
2903 925 2997 977 ἐπὶ
3038 922 3146 976 τῶν
3188 918 3490 991 ἀνθρώπων
3537 918 3770 972 καὶτῶν

2183 1016 2388 1072 λοιπῶν
2419 1016 2595 1084 ζώων,
2638 1017 2776 1089 μετὰ
2824 1018 2923 1087 τὴν
2969 1012 3327 1085 τῆίήλικίας
3377 1011 3769 1081 συμπλήρωσιν

2182 1110 2285 1180 τῆς
2312 1111 2390 1173 εἰς
2417 1110 2477 1162 τὸ
2500 1111 2694 1180 γεννᾷν
2719 1107 2869 1178 αὐτῷ
2896 1107 3177 1176 δυνάμεως
3330 1102 3728 1172 προσελθούσης
3749 1142 3765 1167 ,

2184 1199 2246 1254 τὸ
2301 1200 2736 1271 σπουδαζόμενον
2799 1199 3156 1270 περιγένηται
3216 1195 3593 1266 (μαινομένων
3656 1195 3769 1266 γὰρ

2184 1291 2356 1347 ταῦτα
2387 1293 2482 1346 καὶ
2507 1293 2757 1364 ἐννοῆσαι
2786 1291 2881 1345 καὶ
2907 1287 3285 1360 φθέγξασθαι),
3313 1286 3450 1340 ἀλλὰ
3476 1289 3544 1357 τῇ
3568 1285 3767 1339 ἑαυτοῦ

2186 1384 2448 1457 ὰῐδιότητι
2487 1383 3097 1458 συμπαρεκτεινομένην
3146 1380 3259 1452 ἔχει
3309 1381 3407 1451 τὴν
3466 1379 3554 1448 (ἵν’
3591 1377 3767 1443 οὓτως

2183 1476 2475 1548 ὀνομάσω)
2537 1476 2867 1547 πατρότητα.
2926 1473 3134 1527 Οὐκοῦν
3184 1468 3279 1525 καὶ
3349 1470 3378 1521 ὁ
3449 1469 3597 1533 Υἱὸς,
3658 1469 3766 1540 πρὸ

2185 1568 2379 1633 αἰῶνος
2569 1567 2666 1632 ὢν,
2715 1567 2807 1623 καὶ
2855 1565 2942 1619 ἀεὶ
2991 1563 3095 1630 ῶν,
3130 1564 3229 1616 οὐκ
3262 1561 3462 1634 ἤρξατο
3499 1561 3591 1614 τοῦ
3626 1550 3769 1615 εἷναί

2186 1678 2338 1724 ποτε,
2367 1660 2483 1715 ἀλλ’
2510 1661 2604 1730 ἀφ’
2633 1654 2693 1714 οὗ
2717 1658 2927 1730 Πατὴρ,
2960 1656 3056 1711 καὶ
3086 1657 3234 1722 Υἱὸς,
3265 1656 3358 1709 καὶ
3389 1646 3549 1719 εὐθὺς
3578 1657 3643 1725 τῇ
3670 1654 3764 1707 τοῦ

2185 1750 2401 1821 Πατρὸς
2432 1750 2612 1821 ἐννοίᾳ
2639 1751 2674 1820 ἡ
2701 1748 2795 1802 τοῦ
2826 1747 2957 1802 Υἰοῦ
2987 1747 3415 1816 συνεισέρχεται.
3453 1746 3510 1798 '0
3532 1746 3641 1815 γὰρ
3661 1747 3773 1798 Πα-

500 1842 623 1898 Filii
669 1845 857 1914 utique
888 1834 1203 1901 est’Pater.
1251 1844 1432 1900 Patris
1476 1845 1642 1915 igitur
1680 1845 1835 1915 origo
1866 1843 2010 1899 nulla
2058 1858 2076 1899 :

2186 1839 2290 1913 τὴρ
2336 1840 2469 1894 Υἱοῦ
2518 1840 2708 1912 Πατὴρ
2753 1838 3014 1910 δηλονότι.
3063 1836 3232 1909 Ἀρχὴ
3280 1836 3378 1908 μὲν
3415 1831 3508 1889 οὖν
3550 1835 3767 1906 [ἰατρὸς

501 1938 656 2007 origo
684 1951 814 1990 vero
843 1935 991 2003 Filii,
1030 1935 1229 2000 Pater;
1270 1935 1412 1990 inter
1448 1936 1548 1991 hos
1594 1935 1730 1990 nihil
1767 1944 1847 1991 est
1886 1933 2073 1992 medii.

501 2027 783 2091 Quomodo
830 2026 992 2095 igitur
1029 2041 1058 2080 a
1102 2026 1364 2094 principio
1414 2040 1522 2081 non
1561 2034 1681 2081 erat
1715 2023 1877 2097 (nam
1914 2025 2076 2093 illud,

500 2129 622 2171 ante
651 2134 802 2172 suam
831 2117 1293 2183 constitutionem,
1322 2118 1463 2185 quod
1496 2118 1564 2171 ab
1598 2117 1682 2171 his
1726 2132 1823 2187 per
1851 2117 2076 2172 cavilla-

503 2208 701 2261 tionem
731 2206 1021 2274 profertur,
1053 2208 1157 2261 hoc
1183 2207 1286 2262 sibi
1317 2207 1487 2277 vult,)
1517 2208 1582 2276 is,
1614 2208 1706 2278 qui
1749 2208 1883 2264 nihil
1912 2208 2076 2265 habet

499 2298 642 2367 quod
673 2309 802 2353 ante
831 2313 890 2352 se
924 2298 1280 2368 intelligatur,
1309 2297 1413 2353 nisi
1443 2298 1614 2366 illum,
1647 2314 1677 2354 a
1704 2314 1810 2371 quo
1838 2316 1948 2354 esse
1979 2300 2075 2355 ha-

499 2392 610 2454 bet,
650 2404 755 2442 non
786 2386 1073 2443 intervallo
1104 2389 1522 2456 praecedentem,
1554 2389 1649 2445 sed
1689 2404 1866 2445 causa:
1892 2390 2073 2459 digni-

500 2491 610 2534 tate
657 2480 1047 2550 praepositum?
1082 2480 1318 2535 Proinde
1357 2480 1402 2535 si
1455 2479 1574 2536 Filii
1632 2496 1754 2536 cum
1804 2481 1969 2536 Patre
2021 2492 2075 2537 et

498 2573 612 2629 Deo
646 2573 961 2643 conjunctio
988 2581 1206 2627 ostensa
1235 2581 1321 2627 est
1347 2583 1568 2639 aeterna,
1602 2589 1726 2628 cum
1767 2582 1947 2628 nostra
1978 2590 2073 2629 co-

499 2666 691 2734 gitatio
726 2681 754 2718 a
786 2665 927 2719 Filio
959 2666 1025 2719 ad
1069 2665 1283 2720 Patrem
1328 2681 1425 2735 per
1459 2666 1662 2719 nullum
1705 2668 1941 2722 medium
1973 2666 2069 2723 de-

496 2758 703 2820 veniat,
733 2755 843 2810 imo
880 2757 1087 2825 absque
1119 2748 1405 2811 intervallo
1450 2756 1597 2811 Patri
1624 2757 1822 2812 Filium
1850 2759 2074 2828 conjun-

496 2858 619 2917 gat;
649 2848 696 2901 is
732 2848 822 2915 qui
852 2848 1003 2901 nullo
1046 2847 1224 2902 medio
1254 2848 1577 2919 seiungitur,
1617 2865 1779 2918 quem
1811 2850 1923 2921 jam
1957 2851 2073 2905 adi-

497 2947 610 2992 tum
660 2952 838 3005 pravae
876 2937 1225 3007 blasphemia;
1260 2940 1519 3010 relinquit
1555 2957 1742 2996 eorum
1765 2983 1780 3007 ,
1817 2943 1906 3012 qui
1941 2957 2063 2996 eum

495 3022 681 3073 dicunt
715 3035 781 3073 ex
818 3036 920 3075 non
956 3023 1254 3077 exsistcnte
1284 3024 1348 3077 ad
1378 3041 1488 3079 esse
1515 3027 1835 3095 productum
1861 3027 2020 3082 esse?

705 3112 785 3165 Ad
831 3112 947 3167 hare
982 3113 1221 3182 ipsorum
1253 3129 1467 3184 quoque
1510 3117 1835 3172 dementiam
1880 3116 2070 3172 mirari
2106 3129 2146 3184 ρ

492 3201 675 3259 operae
718 3192 948 3259 pretium
980 3204 1100 3260 est,
1131 3197 1273 3264 quod
1320 3199 1448 3252 dum
1486 3213 1554 3253 ex
1595 3215 1700 3254 non
1732 3204 2076 3256 exstantibus

492 3293 618 3335 esse
661 3279 846 3334 dicunt
889 3281 1124 3348 Filium,
1177 3297 1518 3355 nequaquam
1566 3287 1880 3358 intelligunt
1930 3292 2074 3359 quod

494 3385 618 3423 eum
666 3385 772 3425 non
809 3372 970 3427 Patre
1013 3374 1213 3436 solum.
1263 3379 1358 3431 sed
1401 3392 1464 3431 ea
1493 3379 1657 3433 etiam
1694 3395 1755 3434 re
1786 3396 1886 3450 per
1915 3397 2075 3450 quam

499 3460 845 3531 Unigenitum
871 3479 900 3516 a
927 3463 1083 3519 Patre
1107 3476 1388 3535 separant,
1418 3469 1777 3536 posteriorem
1808 3479 2072 3528 statuant.

493 3552 627 3606 Nam
659 3569 881 3609 necesse
907 3566 1014 3620 εει,
1038 3558 1083 3611 si
1112 3559 1239 3626 quid
1265 3557 1336 3612 sit
1360 3558 1499 3612 inter
1529 3559 1745 3615 Patrem
1773 3572 1828 3616 et
1852 3562 2074 3629 Filium,

494 3644 546 3697 id
584 3643 707 3698 Filii
737 3646 1053 3702 exsistentia
1094 3650 1369 3719 antiquius
1408 3665 1547 3705 esse.
1593 3651 1747 3717 Quid
1771 3653 1933 3721 igitur
1968 3655 2071 3709 hoc

491 3748 613 3789 esse
639 3738 873 3805 poterit?
902 3738 1167 3803 Quidnam
1196 3741 1339 3794 aliud
1369 3743 1471 3796 nisi
1499 3754 1592 3797 aut
1618 3759 1792 3798 aevum
1816 3754 1910 3798 aut
1938 3754 2075 3799 tem-

492 3830 631 3899 pus?
656 3828 756 3896 Qui
789 3832 934 3885 enim
965 3831 1144 3888 Patris
1170 3835 1334 3889 vitam
1363 3835 1470 3889 vita
1508 3834 1783 3904 Unigeniti
1820 3837 2068 3906 intelligit

494 3923 852 3987 anteriorem,
888 3940 992 3994 qua
1024 3939 1082 3980 re
1121 3925 1229 3980 alia
1260 3941 1421 3995 quam
1453 3927 1777 3983 saeculorum
1812 3937 1902 3982 aut
1939 3938 2075 3983 tern-

493 4025 683 4080 porum
738 4016 1098 4084 quorumdam
1162 4018 1339 4087 spatio
1393 4018 1718 4084 admetieus,
1780 4034 2068 4075 excessum
2118 4024 2125 4029 ‘

494 4104 767 4160 invenisse
794 4119 851 4160 se
889 4106 1128 4162 dixerit?
1162 4110 1305 4179 quod
1341 4108 1389 4162 si
1433 4109 1536 4163 hoc
1575 4124 1766 4163 verum
1797 4118 1904 4174 est,
1939 4109 2076 4165 falsa

494 4194 775 4263 Scriptura
818 4207 934 4263 est,
961 4214 1081 4266 qua:
1121 4200 1256 4253 dicit
1300 4200 1442 4253 facta
1472 4214 1594 4253 esse
1628 4214 1725 4269 per
1764 4202 1943 4269 ipsum
1981 4217 2080 4256 str—

494 4282 610 4334 cula
660 4283 700 4347 ¹;
731 4299 960 4353 quaeque
988 4288 1145 4340 docet
1168 4286 1306 4341 facta
1333 4301 1455 4341 esse
1481 4301 1574 4355 per
1599 4287 1772 4354 ipsum
1798 4289 1981 4343 omnia
2031 4293 2075 4358 ²,

496 4389 621 4429 cum
652 4385 798 4429 certe
830 4376 881 4429 in
907 4377 1147 4432 omnium
1202 4393 1428 4433 numero
1469 4379 1670 4433 szecula
1725 4380 1889 4435 etiam
1928 4398 2078 4438 com-

493 4465 921 4535 prehendantur.
960 4467 1014 4521 Si
1046 4483 1173 4524 vero
1213 4469 1409 4523 dicturi
1445 4481 1567 4523 sunt
1617 4484 1679 4524 se
1717 4486 1824 4525 non
1873 4488 2075 4544 negare

497 4555 694 4611 Fdium
721 4567 844 4612 ante
873 4560 1065 4614 smcula

495 4649 676 4703 verbis
706 4652 1027 4715 concedunt,
1048 4651 1098 4706 id
1120 4666 1305 4707 revera
1329 4655 1395 4707 ab
1413 4654 1543 4723 ipsis
1561 4656 1693 4723 tolli.
1710 4655 2075 4728 Interrogabi-

496 4753 617 4791 mus
655 4740 796 4792 enim
830 4756 945 4806 eos,
979 4742 1071 4811 qui
1103 4757 1169 4796 ex
1205 4759 1310 4798 non
1344 4747 1683 4801 exstantibus
1714 4749 2072 4802 substantiam

496 4829 799 4899 producunt
838 4830 1109 4902 Unigeniti
1166 4850 1180 4886 :
1224 4835 1447 4900 Quando
1483 4852 1585 4891 non
1617 4848 1752 4905 erat,
1791 4848 1849 4893 ut
1875 4840 2071 4905 dicitis,

494 4919 625 4989 quid
646 4930 765 4974 erat
805 4922 932 4976 illud
967 4924 1345 4979 intervallum?
1378 4942 1538 4995 quam
1574 4929 1621 4984 ei
1660 4930 2074 4999 appellationem

496 5010 915 5080 excogitabitis?
946 5012 1078 5068 Nam
1121 5018 1423 5073 communis
1455 5022 1796 5075 consuetudo
1832 5023 2068 5091 spatium

497 5115 659 5157 omne
715 5114 808 5157 aut
861 5108 1194 5174 temporibus
1241 5119 1333 5164 aut
1379 5112 1591 5167 smculis
1644 5114 1883 5180 subjicit.
1937 5115 2071 5169 Nam

499 5193 643 5262 quod
676 5194 727 5248 in
767 5197 1114 5254 sensibilihus
1142 5213 1226 5256 est
1264 5212 1498 5272 tempus,
1530 5205 1635 5260 hoc
1658 5194 1947 5263 ετεειιιίέει
1981 5226 2075 5262 na-

499 5295 620 5339 tura
652 5286 706 5339 in
734 5287 894 5343 rebus
918 5290 1120 5346 mundo
1147 5295 1539 5364 superioribus.
1568 5299 1657 5353 lsti
1683 5315 1839 5365 vero,
1871 5302 1913 5355 si
1948 5303 2072 5369 quid

480 5372 714 5434 'tertium
747 5396 844 5449 pro
870 5398 965 5438 sua
998 5386 1264 5454 sapientia
1302 5389 1816 5459 conmiiniscuntur,
1856 5393 2066 5450 dicant.

480 5466 603 5541 Sed
641 5473 764 5527 dum
799 5476 1073 5540 tacebunt,
1102 5477 1244 5534 haud
1278 5479 1526 5549 ignorent
1551 5495 1610 5536 se
1640 5480 1910 5555 linigenili
1948 5487 2073 5539 sub-

459 5560 755 5654 '.stautiam
794 5568 1007 5623 saeculis
1052 5570 1411 5638 posteriorem
1468 5575 1824 5631 constituere.
1862 5575 2072 5631 Etenim
2116 5618 2121 5622 .

578 5738 595 5774 ³
624 5737 791 5794 Hebr.
824 5753 866 5807 ι,
904 5741 964 5796 2.
1036 5740 1060 5777 ⁸
1087 5741 1248 5812 Joan,
1284 5758 1331 5815 ι,
1364 5746 1417 5803 'a'.

2184 1934 2431 2006 οὐδεμία,
2461 1935 2604 2007 ἀρχὴ
2625 1935 2681 1988 δὲ
2710 1933 2803 1987 τοῦ
2831 1932 2959 1986 Υίοῦ
2983 1930 3010 1984 ὁ
3037 1933 3225 2004 Πατήρ
3244 1948 3258 1963 ο
3290 1931 3452 2003 μέσον
3481 1922 3537 1982 δὲ
3562 1928 3769 1983 τούτων

2184 2027 2359 2082 οὐδέν.
2398 2027 2518 2090 Πῶς
2545 2023 2637 2081 οὖν
2663 2026 2763 2079 οὐκ
2794 2020 2863 2097 ἦν
2894 2024 2956 2078 τὸ
2984 2024 3044 2089 ἐξ
3070 2025 3246 2095 ἀρχῆς
3276 2026 3292 2093 (_
3316 2023 3473 2076 τοῦτο
3510 2023 3619 2093 γάρ
3651 2024 3771 2075 ἐστι

2183 2119 2267 2183 τὸ,
2295 2118 2409 2187 πρὸ
2442 2117 2553 2188 τῆς
2587 2118 2739 2182 ἰδίας
2765 2115 3142 2181 συστάσεως,
3177 2118 3235 2169 ὲν
3270 2114 3563 2184 σοφίσμασι
3609 2113 3771 2182 λεγό-

2191 2227 2351 2280 μενον
2394 2208 2546 2278 παρὰ
2570 2207 2815 2275 τούτων)
2841 2209 2870 2260 ὁ
2911 2207 3077 2278 μηδὲν
3110 2205 3248 2276 ἔχων
3281 2200 3773 2276 προεπινοούμενον

2187 2299 2404 2363 ἑαυτοῦ,
2436 2301 2483 2353 εί
2518 2300 2591 2370 μὴ
2619 2298 2708 2353 τὸν
2742 2298 2801 2365 ἐξ
2831 2292 2891 2352 οὗ
2919 2297 3030 2369 ἔχει
3058 2296 3119 2350 τὸ
3149 2295 3308 2365 εἶναι,
3347 2297 3407 2349 οὐ
3439 2297 3775 2366 διαστήματι

2186 2390 2541 2461 ὑπερέχοντα,
2587 2389 2723 2444 ἀλλὰ
2757 2391 2824 2459 τῇ
2856 2387 3002 2460 αἰτίᾳ
3034 2386 3477 2460 προτεταγμένον
3519 2403 3535 2450 ς
3710 2382 3777 2439 ΕΙ

2185 2482 2364 2536 τοίνυν
2399 2481 2568 2544 ἀΐδιος
2595 2484 2628 2551 ή
2662 2479 2757 2535 τοῦ
2784 2479 2913 2534 Υίοῦ
2950 2479 3204 2533 κοινωνία
3233 2478 3367 2549 πρὸς
3390 2477 3482 2531 τὸν
3509 2477 3643 2530 Θεὸν
3675 2478 3781 2532 καὶ

2185 2573 2405 2645 Πατέρα
2455 2573 2853 2643 ἀναπέφανται,
2899 2571 2997 2643 τῆς
3044 2569 3283 2634 διανοίας
3329 2568 3487 2641 ἡμῶν
3522 2568 3636 2622 ἀπὸ
3675 2569 3785 2623 τοῦ

2186 2664 2318 2718 Υἰοῧ
2356 2664 2422 2718 δι’
2453 2664 2665 2728 οὐδενὸς
2711 2663 2868 2718 κενοῦ
2911 2664 3049 2736 πρδς
3079 2665 3171 2717 τὸν
3204 2662 3423 2735 Πατέρα
3459 2660 3779 2734 χωρούσης,

2185 2755 2301 2812 ἀλλ’
2334 2756 2672 2819 ἀδιαστάτως
2702 2756 2792 2810 τὸν
2830 2755 2958 2810 Υἰὺν
2998 2757 3074 2829 τῷ
3106 2756 3281 2828 Πατρὶ
3314 2753 3720 2826 συναπτούσης,
3748 2755 3785 2806 ὁ

2191 2848 2378 2920 μηδενὶ
2407 2848 2555 2920 μέσῳ
2579 2847 2946 2921 διοριζόμενος
2970 2850 3093 2903 τίνα
3119 2848 3202 2902 ἔτι
3230 2847 3583 2919 παρείσδυσιν
3611 2863 3785 2900 κατα-

2187 2938 2369 2992 λείπει
2400 2942 2466 3011 τῇ
2509 2942 2723 3013 πονηρᾷ
2759 2941 3077 3013 βλασφημίᾳ
3120 2940 3229 2994 τῶν
3255 2939 3545 3008 λεγὰντων,
3581 2941 3648 2993 ὲκ
3679 2937 3782 2993 τοῦ

2192 3028 2268 3104 μὴ
2292 3030 2444 3094 ὄντος
2472 3029 2638 3085 αὑτὸν
2665 3033 2744 3096 εἰς
2771 3032 2831 3085 τὸ
2862 3027 3001 3085 εἶναι
3030 3031 3342 3107 παρῆχθαι;

2396 3123 2628 3176 Ἔπειτα
2663 3120 2844 3192 μέντοι
2874 3121 2968 3176 καὶ
2992 3121 3093 3193 τῆς
3118 3120 3304 3184 ἀνοίας
3335 3119 3533 3184 αὐτοὺς
3555 3119 3779 3190 θαυμάο

2178 3217 2270 3253 σαι
2298 3198 2471 3265 ἄξιον,
2512 3198 2572 3250 οὐ
2609 3199 2908 3261 συνιέντας,
2951 3197 3057 3262 δτι,
3089 3199 3153 3251 ἐκ
3196 3197 3270 3267 μὴ
3303 3197 3472 3255 ὄντων
3510 3196 3773 3266 λέγοντες

2176 3289 2269 3342 τὸν
2304 3287 2454 3351 Υἰδν,
2482 3288 2545 3341 ού
2575 3286 2670 3340 τοῦ
2703 3286 2917 3359 Πατρὺς
2945 3286 3103 3357 μόνον
3131 3284 3393 3360 νεώτερον
3424 3287 3773 3357 ἀποφαίνου-

2180 3397 2286 3447 σιν,
2318 3380 2456 3434 ἀλλὰ
2486 3379 2582 3433 καί
2607 3378 2724 3445 τοῦ,
2756 3372 2801 3447 ᾧ
2825 3378 2914 3433 τὸν
2936 3376 3219 3449 Μονογενῆ
3382 3378 3492 3432 ἀπὸ
3513 3377 3611 3432 τοῦ
3646 3380 3771 3434 Πα-

2178 3475 2308 3546 τρὸς
2339 3474 2685 3545 διορίζουσιν.
2741 3471 2979 3542 Ἀνάγκη
3022 3469 3151 3543 γὰρ,
3205 3470 3365 3541 είπερ
3413 3488 3468 3523 τι
3524 3470 3612 3541 εἴη
3662 3487 3769 3540 με·

2177 3562 2312 3629 ταξὺ
2343 3562 2456 3633 (76)
2479 3562 2691 3634 Πατρδς
2723 3561 2817 3614 καὶ
2844 3558 2999 3624 Υίοῦ,
3030 3559 3402 3632 πρεσϐύτερον
3431 3557 3574 3614 εἶναι
3602 3559 3768 3614 τοῦτο

2177 3655 2280 3726 τῆς
2322 3653 2607 3726 ὑπάρξεως
2654 3651 2748 3707 τοῦ
2792 3651 2943 3706 Υἱοῦ.
2992 3651 3057 3704 Τί
3103 3646 3197 3705 οὖν
3227 3651 3295 3705 ἂν
3333 3651 3418 3723 εἵη
3458 3651 3652 3718 caiisa;
3699 3652 3767 3705 Τί

2180 3746 2308 3801 ἄλλο
2339 3763 2404 3816 γε
2431 3747 2464 3817 ἢ
2492 3745 2625 3801 αἰὼν
2654 3745 2872 3808 πάντως
2898 3744 2931 3816 ἢ
2957 3743 3180 3814 χρόνος;
3220 3745 3280 3797 '0
3312 3745 3420 3815 γάρ
3450 3762 3533 3798 τοι
3562 3761 3764 3815 περισ-

2184 3838 2406 3909 σοτέραν
2434 3838 2534 3909 τὴν
2577 3837 2673 3891 τοῦ
2704 3835 2919 3909 Πατρὸς
2968 3834 3113 3906 ζωὴν
3156 3836 3255 3906 τῆς
3295 3834 3389 3889 τοῦ
3423 3835 3767 3904 Μονογενοῦς

2181 3930 2378 3984 ἐννοῶν
2439 3969 2456 3996 ,
2608 3928 2715 3982 τίνι
2750 3944 2814 3996 γε
2864 3926 3008 3998 ἄλλῳ
3042 3926 3433 3997 παραμετρῶν,
3463 3927 3765 3997 εὑρηκέναι

2180 4018 2246 4072 ἂν
2275 4020 2417 4072 εἴποι
2444 4017 2507 4071 τὸ
2538 4016 2816 4089 περισσὸν,
2847 4016 2880 4086 ἢ
2924 4016 3044 4086 οὐχ).
3234 4014 3443 4070 αἰώνων
3476 4017 3510 4085 ἢ
3552 4017 3767 4088 χρόνων

2179 4109 2343 4165 τινῶν
2368 4109 2733 4180 διαστήματις
2767 4108 2831 4161 Εἰ
2869 4107 2926 4161 δὲ
2951 4106 3108 4161 τοῦτο
3133 4106 3349 4177 ἀληθὲς,
3379 4105 3582 4178 ψευδὴς
3612 4108 3647 4177 ἡ
3675 4106 3764 4159 λέ⁶

2181 4212 2353 4265 γουσα
2396 4196 2585 4267 Γραφὴ
2612 4196 2738 4259 τοὺς
2766 4194 2968 4259 αἰῶνας
2995 4194 3072 4248 δι’.
3091 4194 3257 4248 αὑτοῦ
3283 4194 3635 4265 γεγενῆσθαι,
3666 4195 3765 4250 καὶ

2181 4288 2215 4359 ἡ
2260 4285 2583 4340 διδάσκουσα
2601 4327 2615 4351 ,
2673 4286 2754 4339 ὅτι
2811 4286 2990 4341 πάντα
3034 4286 3099 4340 δι’
3137 4286 3302 4340 αὑτοῦ
3353 4287 3605 4354 ἐγένετο·
3647 4291 3763 4350 τοῖς

2184 4378 2339 4441 πᾶσι,
2373 4376 2637 4446 δηλονότι,
2679 4375 3228 4448 ὲμπεριειλημμένων
3261 4375 3492 4430 καὶτῶν
3524 4374 3760 4430 αἰώνων.

2181 4468 2245 4522 Εἰ
2271 4468 2330 4521 δὲ
2363 4469 2594 4539 φήσουσι
2635 4466 2710 4539 μὴ
2740 4468 3101 4540 ἀπαρνεῖσθαι
3131 4469 3239 4539 πρὸ
3271 4468 3379 4522 τῶν
3420 4466 3634 4521 αἰώνων
3670 4467 3765 4521 τὸν

1289 4564 1525 4633 genitum
1553 4580 1693 4629 esse,
1713 4564 1905 4629 sciant,
1932 4568 2073 4635 quod

2181 4560 2304 4614 Υἱὸν
2355 4559 2736 4630 γεγεννῆσθαι,
2793 4560 2868 4631 μὴ
2938 4559 3365 4626 λανθανέτωσαν,
3411 4560 3441 4613 ὃ
3488 4559 3569 4630 τῷ
3618 4559 3764 4631 λόγῳ

2174 4653 2537 4725 συγχωροῦσι,
2579 4652 2719 4707 κατὰ
2751 4651 3007 4723 ἀλήθειαν
3046 4653 3459 4724 ἀφαιρούμενοι.
3518 4653 3749 4723 Ἐρωτή-

2175 4761 2357 4816 σωμεν
2384 4745 2494 4817 γὰρ
2525 4745 2726 4808 αὐτοὺς
2751 4744 2877 4807 τοὺς
2912 4745 2978 4797 ὲκ
3023 4745 3096 4815 μὴ
3127 4744 3296 4798 ὄντων
3487 4744 3761 4813 παρά-[ονε

2171 4852 2271 4900 τας
2307 4836 2402 4890 τοῦ
2436 4837 2777 4905 Μονογενοῦς
2819 4837 2919 4908 τὴν
2955 4839 3143 4891 οὐσίαν
3167 4855 3178 4868 ·
3229 4838 3358 4890 Ὅτε
3399 4838 3501 4890 οὑκ
3542 4831 3636 4906 ἦν,
3689 4836 3764 4898 ὥς

2174 4945 2332 4999 φατε,
2359 4931 2413 4982 τί
2436 4924 2504 5000 ἦν
2528 4931 2705 4983 ἐκεῖνο
2735 4929 2796 4983 τὸ
2821 4929 3125 5001 διὰστημας
3154 4929 3276 4983 τίνα
3306 4926 3456 4998 αὐτῷ
3490 4943 3781 4999 προσηγοι,

2175 5018 2296 5089 ρίαν
2319 5020 2669 5090 ὲπινοήσετε;
2715 5019 2777 5072 Ἦ
2815 5020 2914 5090 μὲν
2944 5020 3055 5089 γὰρ
3093 5017 3246 5089 κοινὴ
3282 5016 3540 5088 συνήθεια
3565 5017 3600 5087 ἦ
3631 5017 3762 5088 χρὸ-

2174 5129 2284 5174 νοις
2332 5112 2365 5184 ἢ
2415 5112 2608 5167 αἰῶσιν
2653 5113 2798 5166 ἆπαν
2865 5112 3137 5184 διάστημα
3191 5110 3512 5165 ὑποϐάλλει·
3573 5110 3763 5181 ἐπειδὴ

2174 5205 2310 5274 ὅπερ
2344 5207 2401 5257 ὲν
2435 5206 2548 5268 τοῖς
2577 5203 2855 5276 αἰσθητοῖς
2888 5207 2916 5257 ὁ
2943 5204 3154 5274 χρόνος,
3183 5203 3343 5258 τοῦτο
3370 5205 3430 5255 ὲν
3455 5205 3569 5266 τοῖς
3597 5204 3759 5274 ὑπερο

2175 5295 2425 5366 κοσμίοις
2462 5298 2496 5367 ἡ
2527 5294 2621 5349 τοῦ
2668 5294 2866 5359 αἰῶνος
2897 5294 3059 5364 φύσις
3097 5293 3264 5347 ἐστίν.
3302 5287 3462 5346 Οὗτοι
3493 5293 3588 5356 δὲ,
3625 5292 3681 5344 εί
3709 5307 3761 5344 τι

2173 5388 2356 5461 τρίτον
2398 5390 2464 5441 ὲκ
2490 5385 2592 5459 τῆς
2627 5386 2835 5440 ἑαυτῶν
2875 5386 3066 5455 σοφίας
3097 5383 3389 5448 ἐπινοοῦσι,
3426 5384 3757 5453 λεγέτωσαν.

2177 5475 2325 5540 Ἕως
2376 5475 2421 5528 δ’
2477 5475 2545 5531 ἃν
2605 5473 2871 5540 σιωπῶσι,
2926 5474 2999 5545 μὴ
3048 5473 3459 5528 λανθανέτωσαν
3500 5473 3763 5546 δευτέραν

2175 5565 2386 5621 αἰώνων
2413 5566 2513 5637 τὴν
2539 5565 2632 5621 τοῦ
2658 5566 2999 5637 Μονογενοῦς
3018 5565 3208 5621 οὐσίαν
3234 5565 3531 5637 τιθέμενοι.
3560 5564 3628 5619 Εἰ
3655 5563 3763 5637 γὰρ
