4026 6290
265 378 354 440 517
1229 393 1604 453 ΡΑΝΟΡῌΑ
1645 395 2103 461 ΒΟΘΜΑΤΙΟΛ..
2146 423 2213 436 -
2251 399 2403 460 TlT.
2446 402 2553 462 Χῐ.

264 538 320 588 ην
407 535 463 571 τι

264 612 630 681 εκτεινόμενον
687 615 753 683 τῇ
790 611 902 686 ζωῇ
944 613 1039 668 τοῦ
1074 617 1311 688 Πατρὸς,
1349 619 1408 671 ἐν
1442 637 1494 673 τι
1524 619 1726 674 τούτων
1769 617 1838 692 ἦν

263 699 518 768 δηλονότι.
581 702 719 754 Ἀλλ’
757 701 868 756 οὔτ’
901 704 1066 767 ἐστιν,
1119 705 1242 759 οὔτε
1299 707 1372 778 μὴ
1400 709 1622 779 γένηται
1662 711 1837 764 ἔννοια

263 790 606 861 πρεσϐυτέρα
647 792 749 862 τῆς
779 793 873 846 τοῦ
909 795 1249 863 Μονογενοῦς
1285 797 1656 862 ὑποστάσεως.
1692 801 1837 854 Παν-

260 881 342 942 τὸς
373 881 485 951 γὰρ
515 881 610 934 τοῦ
653 882 948 954 δυναμένου
994 886 1074 948 είς
1117 886 1475 960 ἀρχαιότητος
1520 890 1676 958 λόγον
1721 893 1830 944 ἐπι-

258 973 489 1025 νοεῖσθαι
523 975 772 1046 ἀνωτὲρα
809 978 840 1045 ὴ
889 975 1121 1048 ὓπαρξις
1153 978 1246 1031 τοῦ
1281 979 1414 1032 Θεοῦ
1451 981 1622 1048 Λόγου
1652 983 1744 1035 τοῦ
1781 985 1837 1037 ἐν

255 1064 390 1135 ἀρχῇ
418 1065 574 1129 ὄντος
600 1068 734 1136 πρὸς
758 1067 848 1120 τὸν
876 1067 1008 1120 Θεὸν
1039 1069 1412 1141 εὑρεθήσεται.
1446 1072 1585 1137 Κᾶν,
1618 1075 1836 1144 μυρίαις

255 1155 576 1221 φαντασίαις
609 1157 796 1210 ἐαυτὸν
829 1157 1178 1230 ἐξαπατήσας
1211 1163 1239 1213 ὁ
1282 1161 1424 1226 νοῦς,
1461 1164 1552 1216 καὶ
1585 1168 1698 1227 τοῖς
1731 1165 1836 1218 τῶν

259 1248 625 1320 ἀνυπάρκτων
673 1250 1048 1321 ἀναπλασμοίς
1101 1253 1429 1318 ἐπιϐάλλων,
1475 1255 1544 1308 τὰ
1586 1256 1660 1327 μὴ
1711 1257 1840 1310 ὄντα

260 1344 484 1411 περινοῇ
521 1379 538 1403 ,
685 1342 800 1393 οὑδε
812 1342 936 1411 μίαν
969 1342 1076 1395 τῶν
1107 1345 1299 1398 πασῶν
1333 1347 1576 1417 μηχανὴν
1617 1347 1841 1418 ἐξευρή-

159 1483 178 1492 1,
261 1448 364 1495 σει,
395 1432 461 1484 δι’
487 1428 554 1503 ἦς
582 1432 869 1504 δυνήσεται
900 1435 1000 1504 τῆς
1030 1435 1205 1507 ἀρχῆς
1237 1436 1332 1490 τοῦ
1362 1438 1697 1507 Μονογενοῦς
1722 1441 1840 1492 ἑαυ-

261 1521 350 1573 τὸν
386 1522 698 1593 ὑπερθεῐναι
721 1541 734 1556 ·
772 1525 864 1576 καὶ
902 1526 1216 1596 κατωτέραν
1247 1527 1340 1580 τοῦ
1381 1528 1508 1581 ἰδίου
1543 1531 1839 1600 κινήματος

265 1615 361 1683 τὴν
407 1615 551 1683 ζωὴν
603 1613 922 1670 καταλιπεῖν
959 1617 1058 1686 τῆς
1095 1617 1407 1690 αὑτοζωῆςο
1455 1621 1549 1673 καὶ¹
1596 1621 1674 1691 τῷ
1725 1621 1838 1691 ἰδίῳ

267 1704 404 1775 λόγῳ
447 1705 540 1758 τοῦ
588 1704 722 1758 Θεοῦ
783 1705 958 1774 Λόγου
999 1707 1099 1778 τὴν
1144 1708 1320 1778 ἀρχὴν
1364 1709 1695 1780 ὑπερϐῆναι·
1745 1711 1838 1765 καὶ

278 1796 474 1857 αἰῶνας
507 1795 846 1848 ἐποπτεῦσαι
877 1796 1118 1864 ἐρήμους
1152 1796 1246 1848 τοῦ
1285 1795 1423 1848 Θεοῦ
1459 1796 1569 1852 τῶν
1601 1797 1840 1854 αἰώνων.

713 1888 807 1941 Ἐκ
837 1887 943 1941 τοῦ
977 1887 1165 1941 αὐτοῦ
1196 1888 1396 1956 λόγου.

346 1979 502 2035 ΕΥΝ.
531 1982 714 2042 Ὄντα,
741 1982 937 2050 φησὶν,
973 1981 1267 2048 ἐγέννησεν
1296 1985 1322 2034 ὁ
1351 1982 1484 2045 Θεὸς
1513 1981 1605 2037 τὸν
1631 1983 1843 2054 Ti.va

280 2073 372 2126 οὑκ
399 2074 555 2140 avra;
589 2073 731 2128 Ἀλλ’
770 2075 818 2127 εί
854 2073 952 2144 μὲν
981 2075 1082 2127 οὑκ
1113 2074 1263 2136 ὄντα,
1299 2075 1490 2144 μηδείς
1527 2093 1641 2144 μοι,
1687 2077 1838 2144 φησὶ,

282 2169 470 2235 τόλμαν
515 2166 889 2234 ἐπεγκαλείτω
913 2181 926 2196 ·
959 2166 1009 2219 εἰ
1037 2166 1093 2220 δέ
1115 2167 1266 2233 ὄντα,
1297 2167 1396 2221 οὑκ
1419 2169 1651 2232 ἀτοπίας
1683 2169 1844 2237 μόνον

279 2260 368 2311 καὶ
397 2258 768 2328 βλασφημίας,
807 2258 943 2313 ἀλλὰ
973 2259 1069 2312 καὶ
1099 2259 1282 2325 πάσης
1312 2259 1566 2330 εὐηθείας
1602 2262 1842 2332 ὑπερϐο-

275 2350 366 2421 λὴν
393 2353 419 2405 ὸ
452 2351 604 2420 λόγος
631 2351 763 2422 ἔχει.
793 2349 881 2420 Τῷ
899 2350 1008 2419 γὰρ
1037 2350 1151 2404 ὄντι
1182 2352 1242 2402 οὑ
1268 2351 1347 2402 δεῖ
1373 2355 1700 2421 γεννήσεως.

343 2534 478 2588 BAL“.
534 2535 610 2589 Τὸ
658 2533 758 2604 μὲν
830 2535 923 2588 οῦν
977 2534 1418 2606 πολυθρύλλητον
1472 2537 1712 2604 σόφισμα
1779 2533 1840 2585 th

268 2627 426 2679 πάλαι
493 2627 593 2697 μὲν
647 2625 930 2698 ἐξευρεθὲν
995 2628 1124 2699 παρ’
1200 2627 1452 2696 ἐτέρων,
1509 2626 1730 2689 τελείως
1783 2627 1841 2680 δὲ

270 2721 363 2772 νῦν
409 2722 464 2774 ἐν
509 2723 632 2785 ταῖς
679 2720 1234 2792 ἀπηρυθριασμέναις
1285 2720 1381 2774 καὶ
1446 2719 1840 2789 ἀναισχύντοις

265 2812 526 2878 γλώσσαις
574 2812 784 2867 τούτων
841 2809 1174 2883 ἐξεργασθὲν
1228 2810 1387 2866 τοῦτό
1417 2814 1588 2866 ἐστιν.
1646 2811 1840 2880 Ἡμεῖς

269 2903 328 2955 δὲ
373 2905 584 2972 πρῶτον
644 2907 822 2959 ἐκεῖνο
882 2905 1008 2968 τοὺς
1084 2905 1364 2976 ἀκροατὰς
1425 2904 1836 2976 ὑπομνήσομεν,

272 2995 351 3046 ὅτι
388 2991 536 3060 οὗτός
584 2998 735 3050 ἐστιν
796 2998 825 3052 ὁ
879 2997 967 3052 διὰ
1020 2998 1120 3069 τὴν
1179 2997 1288 3050 τῶν
1343 2996 1554 3050 πολλῶν
1615 2997 1839 3065 ἄγνοιαν

268 3089 620 3160 ἀνθρωπικῶς
668 3090 945 3158 ἐξακούων
1009 3092 1107 3162 τῆς
1158 3092 1467 3163 γεννήσεως
1516 3090 1611 3144 τοῦ
1661 3091 1836 3154 Υἱοῢ,

263 3189 348 3247 εὶς
390 3186 634 3254 ἀνάγκην
675 3185 948 3254 ἐληλυθὼς
993 3185 1105 3239 τῶν
1146 3185 1323 3254 λόγων
1374 3184 1581 3238 τούτων
1607 3199 1621 3213 ·
1679 3177 1834 3247 οὗτος

3417 409 3518 472 518

582 518 857 591 διάστημα
877 522 1246 593 πρεσϐύτερον
1284 524 1376 578 τοῦ
1401 526 1552 592 Υίοῦ,
1589 544 1831 600 συμπαρ-

1949 525 1991 580 si
2025 529 2167 596 quod
2195 531 2428 599 spatium
2464 533 2566 585 fuit
2595 531 2732 585 Filio
2759 534 3056 602 antiquius,
3090 537 3235 607 quod
3273 538 3526 596 videlicet

1943 637 2004 678 se
2040 637 2196 691 aeque
2226 639 2289 677 ac
2324 623 2501 678 Patris
2538 625 2644 678 vita
2677 626 3015 691 extenderit,
3061 629 3250 697 utique
3289 629 3521 684 alterum

1943 731 2010 769 ex
2040 714 2124 769 his
2159 725 2298 770 erat.
2354 715 2457 770 Sed
2506 733 2605 772 nec
2639 727 2757 785 est,
2801 733 2903 772 nec
2950 720 3055 773 erit
3098 723 3356 788 cogitatio
3397 722 3522 777 Filii

1944 807 2215 860 exstantia
2255 809 2550 877 antiquior.
2591 809 2722 862 Nam
2758 811 2904 864 omni
2944 826 3019 873 re,
3055 827 3174 879 quzn
3209 816 3401 867 ordine
3432 832 3526 866 an-

1947 897 2212 965 tiquitatis
2241 901 2537 968 excogitari
2567 909 2761 968 potest,
2804 902 3048 954 anterior
3083 904 3390 958 invenietur
3438 907 3528 959 illa

1947 989 2040 1042 Dei
2083 988 2243 1043 Verbi
2271 991 2418 1058 quod
2447 993 2586 1061 apud
2619 992 2786 1045 Demn
2828 1008 2858 1046 a
2899 995 3168 1060 principio
3208 1005 3347 1057 erat,
3384 998 3527 1048 exsi-

1946 1079 2160 1134 stentia.
2195 1080 2304 1135 Etsi
2331 1082 2472 1135 enim
2499 1097 2557 1136 se
2581 1083 2696 1151 ipsa
2726 1083 3003 1151 decipiens
3037 1101 3187 1139 mens
3223 1085 3527 1137 innumeris

1949 1170 2466 1239 imaginationibus,
2520 1190 2686 1244 seque
2727 1164 2911 1230 rerum
2961 1193 3066 1230 non
3115 1177 3527 1231 subsistentium

1949 1265 2269 1318 commentis
2308 1281 2599 1335 occupans,
2629 1282 2690 1320 ea
2726 1283 2846 1336 qum
2880 1283 2984 1320 non
3027 1257 3154 1321 sunt
3181 1269 3525 1336 excogitavea

1952 1355 2050 1416 rit;
2099 1355 2298 1409 nullam
2343 1359 2562 1412 omnino
2607 1359 2847 1412 inveniet
2890 1369 3096 1419 artem,
3150 1375 3254 1426 qna
3293 1361 3526 1426 seipsatn

1953 1447 2125 1514 possit
2166 1447 2305 1500 ultra
2352 1446 2624 1518 Unigeuiti
2680 1449 3004 1518 principium
3055 1449 3379 1510 extendere,
3434 1456 3528 1501 aut

1954 1538 2115 1590 vitam
2150 1537 2265 1606 ejus
2299 1543 2390 1608 qui
2425 1558 2518 1610 per
2550 1557 2607 1596 se
2641 1541 2748 1594 vita
2779 1552 2884 1606 est,
2937 1557 3035 1594 suo
3063 1543 3230 1610 ipsius
3266 1551 3412 1593 motu
3447 1542 3527 1594 in—

1954 1624 2203 1679 feriorem
2255 1631 2578 1698 relinquere,
2617 1641 2709 1684 aut
2757 1648 2854 1685 sua
2889 1633 3218 1702 cogitatione
3263 1633 3526 1698 originem

1953 1713 2047 1771 Dei
2087 1720 2245 1774 Verbi
2280 1727 2683 1789 transcendere,
2711 1735 2803 1778 aut
2831 1725 3030 1780 sate-uia
3069 1725 3179 1778 Deo
3208 1724 3526 1777 szeeuloruin

1954 1807 2206 1863 destituta
2234 1811 2334 1866 sibi
2367 1811 2585 1881 tingere.

2485 1892 2566 1947 Ex
2597 1897 2775 1948 eodem
2836 1896 2991 1949 libro.

2027 1980 2185 2038 EUN.
2249 1983 2710 2048 Exsistentemne,
2755 1988 2949 2057 inquit,
2984 1988 3182 2044 Filium
3229 1991 3438 2056 genuit,
3465 2006 3533 2043 an

1949 2090 2061 2127 non
2095 2075 2490 2130 exsistentem?
2518 2081 2683 2144 Atqui
2717 2081 2760 2132 si
2799 2097 2902 2132 non
2941 2082 3318 2146 exsistentem,
3353 2082 3536 2134 nullus

1949 2181 2033 2218 me
2062 2177 2284 2221 accuset
2323 2168 2584 2223 audaciae.
2639 2169 2693 2222 Si
2739 2172 2847 2237 jam
2875 2173 3256 2236 exsistentem,
3277 2174 3405 2242 quid
3436 2175 3536 2226 hac

1949 2257 2199 2313 oratione
2227 2276 2336 2313 non
2362 2262 2526 2313 modo
2551 2263 2868 2320 absurdius,
2907 2265 3002 2317 sed
3040 2265 3210 2331 magis
3247 2280 3537 2318 exsecran-

1946 2349 2096 2414 dum,
2133 2359 2227 2404 aut
2257 2351 2484 2405 stultum
2517 2353 2624 2407 diei
2657 2363 2840 2422 potest
2873 2355 2894 2406 ?
2927 2354 3086 2419 Quod
3119 2357 3264 2411 enim
3297 2366 3402 2422 est,
3433 2373 3534 2410 cur

1945 2443 2090 2513 gigni
2124 2452 2344 2513 oportet
2369 2445 2391 2498 Ἰ

2017 2534 2166 2588 BAS.
2227 2533 2410 2590 Fallax
2465 2535 2570 2589 hoc
2639 2547 3022 2605 argumentum
3089 2537 3534 2606 vulgarissimum

1943 2627 2011 2680 ab
2067 2628 2188 2683 aliis
2261 2629 2482 2697 quidem
2557 2629 2840 2683 inventum
2916 2629 3056 2693 fuit,
3126 2631 3218 2684 sed
3293 2630 3536 2699 perfecte

1944 2735 2094 2773 nunc
2153 2721 2208 2773 in
2268 2721 2504 2775 istorum
2568 2720 2961 2776 inverecundis
3010 2732 3066 2776 et
3122 2723 3541 2790 impudentibus

1942 2813 2144 2882 linguis
2186 2823 2270 2868 est
2299 2815 2662 2869 elaboratum.
2713 2815 2825 2870 Nos
2872 2823 3054 2869 autem
3110 2815 3391 2869 auditores
3417 2816 3535 2885 pri-

1947 2919 2096 2956 mum
2169 2905 2608 2968 admonebimus,
2661 2905 2826 2959 istum
2882 2915 3105 2975 propter
3161 2906 3537 2961 multitudinis

1943 2995 2308 3064 ignorantiam
2368 3000 2611 3053 humano
2671 3013 2823 3052 more
2883 2998 3006 3052 Filii
3081 3008 3263 3052 ortum
3340 2999 3537 3053 existi-

1943 3087 2142 3141 mantis
2193 3088 2258 3140 ad
2309 3089 2575 3158 ejusmodi
2617 3099 2943 3158 argumenta
3013 3089 3324 3154 devenisse,
3385 3101 3442 3144 et
3498 3106 3530 3142 ο

1943 3177 2225 3246 corporeis
2257 3180 2578 3233 notionibus
2624 3181 2689 3234 ad
2731 3181 3004 3247 spiritales
3036 3180 3534 3250 contemplationes

261 3273 292 3322 ό
328 3273 427 3326 ἀπὸ
455 3273 562 3327 τῶν
596 3274 927 3345 σωματικῶν
953 3274 1174 3330 ἐννοιῶν
1207 3275 1302 3327 ἐπὶ
1330 3275 1428 3344 τὴν
1461 3273 1836 3344 πνευματικὴν

1949 3269 2321 3340 imperitorum
2349 3273 2560 3327 animos
2583 3273 2911 3336 traduxisse,
2933 3274 3022 3342 qui
3043 3275 3299 3344 quoniam
3324 3275 3537 3328 anima-

265 3364 490 3434 θεωρίαν
507 3365 607 3429 τὰς
631 3366 990 3429 ἀπαιδεύτους
1019 3367 1199 3436 ψυχὰς
1224 3365 1534 3433 ἐπανάγων,
1561 3364 1619 3428 ὃς
1647 3367 1838 3436 ἐπειδὴ

260 3458 334 3508 τὰ
358 3458 668 3529 γεννώμενα
698 3458 815 3522 ζῶα
833 3458 934 3511 οὐκ
951 3458 1078 3511 ὅντα
1105 3458 1390 3529 πρότερον,
1413 3454 1532 3512 εῐτα
1560 3459 1836 3525 γεννᾶται.

264 3550 362 3600 καὶ
402 3551 429 3602 ὁ
465 3551 707 3620 σήμερον
742 3550 1024 3621 γεννηθεὶς
1061 3550 1188 3621 χθὲς
1219 3552 1315 3620 οὐχ
1348 3551 1560 3622 ὑπῆρχε
1581 3589 1596 3614 ,
1628 3552 1836 3620 ταύτην

266 3641 361 3692 καὶ
392 3640 479 3694 ἐπὶ
509 3643 606 3708 τῆς
639 3641 733 3694 τοῦ
763 3643 1101 3709 Μονογενοῦς
1132 3644 1480 3707 ὑποστάσεως
1506 3644 1604 3714 τὴν
1629 3644 1838 3699 ἔννοιαν

272 3733 578 3804 μεταφέρει.
605 3735 716 3787 Καὶ
733 3733 918 3803 ἐπειδὴ
935 3734 1277 3805 γεγέννηται,
1302 3735 1488 3806 φησὶν,
1511 3737 1608 3807 οὐχ
1627 3737 1838 3808 ὑπῆρχε

271 3823 372 3891 πρὸ
399 3828 492 3895 τῆς
519 3825 850 3894 γεννήσεως.
885 3825 1042 3880 Οὕτω
1076 3827 1433 3896 μεγαλοφυῶς
1490 3827 1589 3898 τὴν
1640 3829 1836 3899 γέννη-

274 3929 355 3965 σιν
391 3917 515 3985 ἡμῖν
543 3916 640 3970 τοῦ
677 3915 1015 3986 Μονογενοῦς
1043 3917 1304 3984 θεολογεῖ,
1339 3920 1434 3970 καὶ
1462 3918 1552 3972 διὰ
1580 3919 1839 3972 τοιούτων

273 4005 436 4074 λόγων
466 4009 531 4062 τά
560 4010 978 4079 ἀρρωστήματα
1005 4009 1114 4062 τῶν
1141 4010 1388 4078 ἀδελφῶν
1416 4011 1838 4078 ἐπανορθοῦται,

277 4101 409 4163 ἄξιος
436 4100 508 4156 ὢν
542 4104 703 4170 εἴπερ
734 4119 818 4164 τις
845 4102 1076 4156 ἀκοῦσαι
1098 4103 1197 4171 τῆς
1232 4105 1532 4175 παροιμίας
1552 4145 1565 4168 ,
1601 4105 1684 4156 ὅτι
1724 4105 1835 4158 Ἰα-

279 4191 386 4257 τρὲ,
413 4192 786 4262 θεράπευσον
803 4195 1088 4250 σεαυτόν.
1117 4196 1248 4248 Τίνα
1269 4195 1449 4266 μέντοι
1463 4197 1557 4251 καὶ
1573 4215 1836 4268 παραμυ-

280 4285 388 4338 θίαν
412 4287 505 4358 τῆς
533 4289 738 4342 ἀτόπου
771 4289 976 4361 ταύτης
1004 4291 1113 4344 τῶν
1150 4291 1425 4362 λογισμῶν
1453 4293 1612 4346 νόσου
1666 4311 1836 4364 προσ-

285 4375 610 4448 ενέγκωμενς
675 4381 748 4432 Ἢ
814 4381 886 4434 τὰ
936 4381 1084 4452 παρὰ
1113 4381 1208 4434 τοῦ
1240 4383 1560 4453 Πνεύματος
1618 4383 1706 4437 διὸι
1731 4384 1824 4437 τοῦ

283 4473 534 4537 μακαρίου
579 4471 831 4526 Ἰωάννου
863 4471 1165 4542 λαληθέντα
1205 4474 1370 4543 ἡμῖν,
1399 4473 1482 4526 ὅτι
1523 4475 1627 4528 Ἐν
1669 4472 1832 4543 ἀρχῇ,

274 4562 344 4635 ἦν
373 4571 404 4621 ό
439 4571 628 4636 Λόγος
655 4567 756 4623 καὶ
787 4570 821 4621 ὁ
851 4569 1038 4636 Λόγος
1071 4565 1153 4639 ἦν
1187 4569 1338 4636 πρὸς
1367 4569 1474 4623 τὸν
1511 4571 1698 4637 Θεὸν,
1738 4571 1834 4622 καὶ

274 4655 406 4720 Θεὸς
449 4651 527 4725 ἦν
553 4657 603 4725 id
645 4655 857 4724 Λόγος.
903 4654 1039 4710 Οὔτε
1084 4657 1257 4727 ἀρχῆς
1300 4657 1416 4710 ἔστι
1454 4674 1508 4709 τι
1554 4658 1840 4727 ἐπινοῆσαι

267 4746 632 4817 πρεσϐύτερον
653 4763 668 4777 ο
696 4747 758 4800 ού
794 4747 901 4818 γὰρ
926 4747 992 4800 ἂν
1025 4746 1106 4799 ἔτι
1133 4751 1218 4817 εἴη
1251 4747 1414 4818 ἀρχὴ,
1445 4749 1605 4819 εῐπερ
1635 4766 1690 4802 τι
1717 4750 1843 4802 ἐαυ-

264 4838 357 4906 τῆς
385 4836 498 4905 ἔχει
526 4837 777 4906 ἐξωτέρω
799 4853 814 4868 ’
845 4837 968 4890 οὔτε
993 4838 1052 4890 τὸ
1072 4833 1140 4908 ἦν
1167 4837 1458 4902 διαϐάντας
1489 4840 1566 4909 τῷ
1595 4839 1842 4910 λογισμῷ

261 4929 340 4988 εἰς
364 4925 425 4978 τὸ
454 4925 539 4978 ὅτε
569 4926 670 4978 οὐκ
694 4920 766 5002 ,ἦν
791 4924 1016 4978 δυνατὸν
1037 4925 1374 4997 ὑπερκύψαι.
1420 4928 1702 4997 ’Λθὲτησις
1733 4931 1841 4998 γάρ

262 5025 380 5075 ἐστι
411 5020 505 5074 τοῦ
533 5017 603 5094 ἦν
631 5022 664 5091 ἡ
693 5021 788 5075 τοῦ
817 5023 906 5076 ὅτε
935 5023 1035 5076 οὐκ
1063 5018 1131 5095 ἦν
1163 5023 1396 5080 ἐπίνοια.
1427 5024 1489 5076 Εἰ
1532 5025 1630 5095 μὲν
1670 5023 1779 5097 γὰρ
1805 5026 1838 5096 ἡ

260 5112 407 5184 ἀρχὴ
445 5113 550 5166 τῶν
588 5115 728 5186 πρὸς
767 5113 952 5186 ἕτερον
990 5115 1299 5186 λεγομένων
1333 5111 1422 5190 ἦν,
1464 5115 1538 5180 ὡς
1582 5117 1643 5170 τὸ
1681 5116 1839 5186 ἀρχῇ

259 5209 509 5273 σοφίας,
548 5209 640 5260 καὶ
681 5205 839 5276 ἀρχὴ
887 5206 1030 5261 ὀδοῦ
1075 5205 1324 5276 ἀγαθῆς,
1373 5207 1470 5262 καὶ
1530 5206 1634 5263 Ἐν
1679 5208 1839 5278 ἀρχῇ

258 5297 551 5364 ἐποίησεν
581 5299 614 5353 ὁ
648 5298 815 5365 Θεὸς,
844 5294 913 5370 ἢν
944 5300 1009 5353 ἂν
1042 5300 1201 5370 τυχὸν
1233 5299 1326 5354 τοῦ
1364 5303 1430 5354 ὲκ
1452 5299 1707 5373 τοιαύτης
1743 5306 1842 5372 ἀρ-

261 5391 364 5464 χῆς
387 5391 693 5458 ὑφεστῶτος
718 5388 784 5444 δι’
806 5393 1156 5462 ἐνθυμήσεως
1183 5392 1485 5462 ὑπερϐῆναι
1522 5393 1620 5463 τὴν
1652 5395 1843 5462 γέννη-

263 5499 347 5536 σιν
371 5496 387 5510 ·
423 5481 610 5552 ἐπειδὴ
632 5483 688 5534 δὲ
710 5482 767 5534 τὸ
795 5483 1190 5553 σημαινόμενον
1215 5484 1363 5536 τουτί
1385 5484 1480 5554 τῆς
1509 5483 1682 5554 ἀρχῆς
1711 5485 1844 5536 ἀπο-

261 5571 556 5641 λελυμένον
607 5576 702 5628 καὶ
753 5575 979 5645 ἄσχετον
1015 5574 1112 5646 τὴν
1148 5575 1412 5631 ἀνωτάτω
1461 5575 1621 5644 φύσιν
1669 5575 1839 5645 δηλοῖ,

263 5663 404 5729 πῶς,
423 5663 484 5716 οὔ
515 5666 912 5732 καταγέλαστος
933 5670 960 5720 ὁ
989 5669 1056 5721 τὰ
1081 5667 1330 5738 ἐξωτέρω
1352 5670 1554 5740 ταύτης
1577 5668 1834 5733 ἐπινοῶν,

258 5760 294 5830 ἢ
351 5758 650 5828 ἐπιχειρῶν
706 5762 876 5832 αὐτὴν
934 5764 1042 5826 τοῖς
1097 5761 1379 5833 λογισμοῖς
1439 5763 1841 5833 ὑπερὸἀλ).ειν;

329 5854 345 5884 ⁸
373 5852 590 5922 Luc.tv,
623 5853 706 5912 25.

1945 3361 2016 3416 lia
2051 3379 2174 3417 cum
2228 3377 2385 3418 antea
2410 3381 2520 3420 non
2550 3367 2679 3427 sint,
2735 3376 2919 3436 postea
2948 3377 3298 3437 generantur,
3331 3377 3385 3422 et
3415 3384 3534 3435 qua:

1947 3453 2109 3507 hodie
2131 3465 2279 3520 sunt,
2313 3456 2429 3510 heri
2465 3472 2574 3511 non
2607 3469 2782 3520 erant,
2819 3457 2958 3512 hanc
2984 3457 3232 3512 eamdem
3265 3458 3533 3510 rationem

1942 3547 2008 3598 ad
2041 3545 2318 3614 Unigeniti
2370 3558 2620 3602 naturam
2669 3548 2854 3602 refert.
2913 3549 2980 3602 Et
3013 3548 3292 3616 quoniam,
3336 3548 3533 3616 inquit,

1944 3639 2161 3707 genitus
2223 3649 2330 3706 est,
2366 3656 2474 3694 non
2509 3650 2627 3694 erat
2661 3655 2952 3710 antequam
3005 3644 3342 3711 gigneretUr.
3398 3640 3536 3693 Tam

1943 3735 2229 3803 magniﬁce
2274 3735 2431 3789 nobis
2492 3746 2672 3789 ortmn
2727 3733 3003 3804 Unigeniti
3063 3736 3355 3803 theologus
3432 3733 3536 3787 iste

1943 3827 2204 3890 declarat,
2235 3836 2288 3880 et
2317 3828 2618 3881 istiusmodi
2649 3829 2829 3880 verbis
2861 3829 3091 3880 fratrum
3120 3829 3337 3881 mei-bos
3357 3835 3536 3890 curat,

1944 3917 2164 3986 dignus,
2189 3919 2233 3972 si
2265 3919 2554 3988 quisquam
2581 3921 2742 3986 alius,
2769 3921 2824 3973 in
2850 3936 3010 3986 quem
3063 3921 3415 3987 proverbium
3467 3919 3533 3970 il-

1943 4008 2032 4062 lud
2059 4009 2335 4078 jactetur:
2384 4009 2604 4074 Medica,
2647 4028 2774 4064 cura
2813 4019 2860 4063 te
2914 4012 3087 4078 ipsum
3139 4011 3177 4064 ¹.
3251 4009 3534 4076 Quodnam

1954 4102 2422 4156 medicamentum
2464 4103 2607 4172 turpi
2643 4103 2727 4158 isti
2764 4104 2965 4156 mentis
2997 4101 3188 4154 morbo
3244 4102 3530 4154 adhibebi-

1944 4210 2086 4261 mus,
2121 4197 2226 4250 nisi
2263 4197 2430 4262 alind,
2467 4196 2612 4265 quod
2646 4212 2674 4249 a
2711 4194 2915 4260 Spiritu
2981 4203 3173 4248 sancto
3220 4194 3377 4247 nobis
3443 4210 3538 4262 per

1945 4286 2211 4342 Joannem
2236 4289 2541 4343 exhibitum
2577 4297 2660 4342 est
2694 4289 2843 4342 hisee
2874 4287 3095 4341 verbis:
3160 4285 3226 4339 In
3279 4285 3536 4354 principio

1947 4390 2062 4434 erat
2102 4378 2348 4446 Verbum,
2381 4391 2429 4434 et
2461 4380 2684 4434 Verbum
2717 4393 2834 4433 erat
2895 4384 3036 4447 apud
3083 4376 3254 4430 Deum
3301 4388 3348 4431 et
3388 4375 3534 4430 Deus

1944 4481 2063 4528 erat
2133 4472 2406 4528 Verbum?
2481 4472 2670 4543 Neque
2725 4471 2998 4542 principio
3055 4473 3353 4540 quidquam
3451 4479 3536 4524 est

1945 4567 2239 4637 antiquius.
2269 4565 2324 4620 Si
2353 4567 2483 4636 quid
2514 4567 2662 4620 enim
2695 4582 2861 4634 supra
2883 4580 2942 4619 se
2969 4565 3204 4618 haberet
3246 4579 3358 4617 non
3390 4573 3535 4617 esset

1947 4658 2300 4727 principium.
2324 4657 2507 4727 Neque
2531 4658 2655 4712 licet
2679 4658 2828 4722 illud,
2861 4667 2997 4719 erat,
3029 4656 3359 4726 cogitatione
3383 4663 3530 4707 tran-

1949 4752 2122 4813 silire.
2156 4763 2212 4806 et
2233 4753 2454 4822 quando
2481 4767 2589 4806 non
2620 4758 2759 4810 erat,
2792 4748 3016 4802 intueri.
3049 4749 3182 4801 Dum
3214 4747 3357 4800 enim
3386 4747 3534 4816 cogi—

1949 4851 2129 4897 tamus
2156 4857 2264 4896 non
2298 4852 2440 4905 erat,
2469 4842 2708 4895 tollimus
2740 4839 2896 4902 illud,
2941 4846 3076 4891 erat.
3118 4836 3255 4888 Nam
3286 4836 3328 4888 si
3380 4837 3533 4904 prin-

1947 4934 2285 5004 cipiumhoc
2339 4942 2486 4988 esset
2544 4947 2610 4986 ex
2663 4945 2855 4983 eorum
2922 4943 3151 4981 numero
3215 4945 3335 4997 quae
3413 4943 3534 4982 cum

1949 5029 2131 5099 aliquo
2163 5027 2544 5093 conferuntur,
2587 5034 2643 5080 ut
2679 5025 2845 5079 illud:
2881 5023 3214 5091 Principium
3234 5025 3534 5092 sapientiae,

1951 5132 2026 5187 et,
2071 5121 2388 5190 principium
2423 5122 2521 5176 vita
2551 5119 2716 5182 bome,
2747 5126 2820 5179 et,
2846 5116 2908 5170 In
2938 5117 3198 5185 principio
3233 5117 3352 5187 fecit
3377 5116 3535 5178 Deus,

1953 5213 2146 5269 liceret
2173 5215 2407 5267 fortasse
2441 5219 2622 5266 ortum
2682 5209 2848 5275 illius,
2876 5209 2967 5280 qui
3028 5224 3092 5263 ex
3119 5208 3211 5262 tali
3264 5207 3534 5277 principio

1954 5314 2254 5369 censtaret,
2305 5303 2636 5372 cogitatione
2687 5302 3097 5356 transcendere.
3144 5301 3278 5354 Cum
3351 5309 3534 5352 autem

1957 5391 2212 5447 absoluta
2266 5392 2336 5447 sit
2373 5391 2461 5445 hic
2517 5391 2768 5460 principii
2824 5391 2978 5454 ratio,
3019 5405 3121 5443 nec
3175 5403 3298 5441 cum
3329 5387 3431 5439 alia
3481 5402 3537 5440 re

1955 5485 2289 5550 conferatur,
2321 5487 2415 5539 sed
2459 5484 2725 5540 summam
2761 5494 3010 5538 naturam
3065 5481 3290 5543 indicet,
3352 5494 3536 5533 nonne

1958 5580 2226 5636 ridiculus
2287 5589 2391 5643 est,
2432 5578 2522 5648 qui
2586 5594 2748 5648 supra
2802 5575 3131 5648 principium
3163 5573 3267 5626 hoc
3335 5570 3538 5641 aliquid

1959 5671 2183 5740 cogitat,
2215 5680 2310 5725 aut
2342 5679 2570 5725 conatur
2600 5670 2777 5738 ipsum
2824 5668 3038 5724 ratione
3073 5667 3378 5737 superare?
3407 5666 3541 5721 illud

1953 5774 2158 5828 autem,
2198 5763 2350 5828 Erat,
2384 5762 2698 5818 extenditur
2730 5778 2795 5817 ex
2838 5777 2993 5830 aequo
3027 5774 3154 5817 cum
3189 5759 3354 5830 hujus
3388 5756 3537 5830 prin-
