4026 6290
534 416 639 479 519

1755 389 2137 453 EUTHYMll
2177 380 2533 446 ZlGABENl

3653 386 3743 452 520

534 526 665 596 eipii
698 520 770 583 vi,
809 531 930 589 qum
1006 513 1142 569 nihil
1208 509 1374 565 habet
1425 505 1695 575 Superius.
1742 504 1931 573 Neque
1982 502 2125 554 enim

2240 492 2773 563 Συμπαρεκτεὶνεται
2817 489 2872 543 δὲ
2897 492 2990 543 καὶ
3026 490 3085 543 τὸ
3122 485 3191 561 ἦν
3220 491 3294 560 τῷ
3328 492 3604 564 ἀνυπερῦἑτ
3626 524 3646 567 μ
3668 506 3750 571 τῇς

535 590 805 673 rationem
842 608 1108 679 temporis
1138 602 1404 665 ostendit,
1438 609 1497 653 ut
1529 615 1594 653 co
1617 598 1770 653 loco:
1800 595 1933 650 Erat
1968 593 2048 647 vir
2072 590 2131 643 in

535 700 1027 779 regioueAusitide.
1046 698 1130 751 Et:
1158 696 1290 749 Erat
1314 696 1394 747 vir
1417 708 1478 746 ea:
1506 690 1834 746 Armathem:
1855 687 1942 742 Et:
1969 686 2132 741 Terra

532 794 937 855 eratinvisibilis
960 802 1006 845 et
1039 790 1408 859 incomposita;
1438 785 1533 839 sed
1570 784 1684 854 ipse
1719 782 1875 837 nobis
1895 793 2134 848 evange-

536 894 663 947 lista
714 888 972 958 husiusee
1031 882 1202 942 vocis,
1270 887 1407 943 erat,
1483 874 1940 946 signiﬁcationem
1997 869 2128 923 alibi

536 982 817 1038 ostendit:
855 976 955 1042 Qui
984 984 1079 1038 est,
1112 972 1386 1039 inquiens,
1420 978 1469 1023 et
1504 969 1755 1039 quierat,
1789 975 1837 1019 et
1869 964 1961 1035 qui
2010 977 2136 1016 ven—

537 1085 686 1128 turus
712 1079 809 1133 est,
844 1069 1175 1135 omnipotens
1206 1066 1247 1126 ³,
1309 1064 1452 1116 sicut
1496 1058 1643 1114 enim
1674 1059 1811 1113 hoc:
1845 1056 1987 1123 Quid
2038 1062 2134 1117 est,

535 1169 614 1221 sic
643 1164 810 1219 etiam
841 1160 1008 1214 illud:
1042 1158 1147 1221 Qui
1180 1165 1317 1220 erat,
1350 1163 1616 1207 aeternum
1650 1160 1709 1206 et
1730 1150 1851 1205 sine
1881 1158 2129 1218 tempore

535 1259 794 1314 declarat.
834 1253 937 1320 Qui
971 1265 1100 1304 vero
1135 1264 1247 1303 non
1292 1248 1651 1301 exsistcntem
1700 1243 1834 1298 dicit
1856 1256 2006 1304 cum,
2039 1238 2134 1308 qui

535 1350 592 1404 in
640 1346 908 1419 principio
954 1353 1058 1406 est,
1091 1356 1269 1411 neque
1296 1337 1549 1409 principii
1581 1336 1688 1390 vim
1719 1341 1922 1395 tuetur,
1954 1344 2135 1393 neque

537 1444 665 1497 huic
696 1439 1046 1507 coniunctam
1083 1435 1384 1488 essentiam
1421 1427 1724 1499 Unigeniti.
1783 1424 1929 1479 Nihil
1986 1422 2133 1475 enim

536 1530 807 1602 principio
829 1535 1006 1599 potest
1032 1522 1311 1593 antiquius
1337 1520 1660 1592 excogitari,
1676 1534 1703 1571 a
1721 1532 1833 1587 quo
1855 1513 1950 1569 Dei
1973 1511 2137 1567 Verbi

536 1632 733 1677 natura
765 1617 973 1688 seiungi
1024 1614 1234 1684 nequit.
1302 1610 1482 1677 Quare
1507 1608 1725 1664 curiose
1784 1602 2138 1676 quantumvis

538 1715 725 1769 animo
758 1724 1012 1776 recurre,
1048 1720 1328 1776 nunquam
1367 1704 1704 1774 cogitatione
1735 1709 1827 1754 tua
1858 1695 1992 1752 illud
2023 1703 2138 1749 erat

535 1805 949 1865 transcendere,
983 1811 1039 1855 et
1070 1810 1221 1856 extra
1251 1799 1429 1867 ipsum
1466 1810 1589 1850 esse
1637 1792 1862 1863 poteris.
1899 1789 2007 1844 Sed
2032 1789 2136 1843 iste

2238 587 2414 656 ἀρχῆς
2461 586 2685 656 ταύτης.
2719 585 2797 636 Οὐ
2843 583 2951 652 γὰρ
2985 584 3083 655 τὴν
3110 582 3220 636 ἀπ’)
3258 582 3442 653 χρόνον
3472 585 3676 659 ὓπαρξιν
3701 595 3754 646 τδ

2236 672 2306 747 ἦν
2333 674 2643 743 ὑποφαίνει,
2676 674 2751 734 ὡς
2782 674 2862 737 τὸ,
2889 673 3235 740 Ἀνθρωπος
3263 669 3415 742 ἦνέν
3444 674 3509 742 τῇ
3536 680 3672 746 χώρᾳ
3692 682 3753 750 τῇ

2237 768 2534 830 Momm,
2566 768 2660 821 καὶ
2684 763 2764 838 ἦν
2793 766 3102 835 ἄνθρωπος
3122 765 3189 829 ἐξ
3227 765 3551 839 Ἀρμαθιιὶμ,
3588 777 3667 825 xxi
3689 774 3757 840 τὺ,

2250 866 2323 916 Ἠ
2349 861 2418 914 δὲ
2450 859 2527 931 γῆ
2559 856 2639 930 ἦν
2666 860 2941 928 ἀόρατος.
2991 859 3129 911 Ἀλλ’
3162 859 3319 922 αὐτὸς
3348 862 3472 931 ἡμῖν
3495 865 3519 914 ό
3552 865 3787 934 Εὑτιγγεο“

2239 954 2426 1025 λιστὴς
2476 955 2569 1006 τοῦ
2635 953 2883 1005 τοιούτου
2937 955 3119 1004 ὁποῖον
3173 947 3240 1022 ἦν
3294 954 3351 1005 τὸ
3413 966 3764 1027 σημαινόμενον

2241 1048 2302 1100 ιν
2340 1048 2517 1116 ἑτέρῳ
2541 1045 2687 1117 λόγῳ
2713 1045 2913 1109 ἔδειξεν
2940 1044 3111 1098 εἰπὼν
3132 1086 3146 1108 ,
3177 1048 3209 1099 ό
3234 1045 3338 1115 ὢν,
3366 1050 3453 1099 καὶ
3483 1054 3511 1102 ὀ
3541 1046 3609 1120 ἦν
3635 1055 3714 1104 καὶ
3739 1057 3765 1107 ὁ

2242 1134 2690 1201 Παντοκράτωρ.
2711 1128 2837 1187 Οῖον
2867 1134 2975 1204 γὰρ
3005 1136 3063 1187 τὸ
3089 1134 3194 1195 ὢν,
3222 1135 3459 1188 τοιοῦτον
3484 1143 3568 1191 καὶ
3602 1146 3653 1192 τὸ
3685 1140 3766 1213 ἦν,

2240 1226 2409 1280 ἀΐδιον
2438 1228 2638 1296 ὁμοίως
2670 1227 2764 1279 καὶ
2794 1225 3046 1296 ἄχρονον.
3078 1229 3190 1281 Οὐκ
3212 1228 3342 1280 ὄντα
3362 1229 3415 1281 δὲ
3435 1229 3599 1298 λέγειν
3618 1234 3693 1286 τδν
3716 1237 3764 1288 ἐν

2242 1317 2387 1385 ἀρχῇ
2425 1314 2577 1378 ὄντα,
2613 1313 2739 1368 οὔτε
2776 1315 3135 1382 διασώζοντός
3168 1320 3285 1371 ἐστι
3328 1321 3423 1390 τὴν
3451 1320 3639 1374 ἔννοιαν
3685 1325 3770 1395 τῆς

2244 1407 2421 1475 ἀρχῆς
2441 1445 2457 1471 ,
2488 1404 2615 1458 οὔτε
2653 1406 3021 1470 συνάπτοντος
3052 1406 3151 1479 τὴν
3180 1408 3416 1479 ὓπαρξιν
3444 1410 3534 1464 τοῦ
3561 1412 3770 1481 Mavors-

2243 1498 2386 1561 νοῦς.
2426 1497 2806 1565 Ἀνεπινόητον
2841 1500 2940 1569 μὲν
2971 1499 3080 1571 γὰρ
3106 1500 3206 1571 τῆς
3234 1501 3409 1572 ἀρχῆς
3431 1502 3491 1556 τὸ
3510 1504 3771 1574 πρεσδύτι-

2248 1608 2361 1661 ρον,
2394 1591 2702 1662 ἀχώριστον
2730 1590 2787 1644 δὲ
2818 1591 3021 1661 ταύτης
3053 1592 3147 1646 τοῦ
3183 1592 3319 1646 Θεοῦ
3354 1595 3518 1662 Λόγου
3549 1600 3602 1648 τδ
3628 1592 3774 1662 εἶναι,

2244 1682 2384 1737 ὥστε
2416 1684 2501 1755 ἐφ’
2525 1686 2650 1740 ὅσον
2672 1686 2737 1740 ἂν
2761 1685 3029 1756 βουληθῇς
3054 1688 3175 1750 ταῖς
3198 1686 3293 1740 τοῦ
3314 1688 3406 1741 νοῦ
3433 1688 3780 1759 πολυπραγμο·

2243 1776 2435 1843 σύναις
2467 1779 2817 1850 ἀναδραμεῖν,
2847 1777 3156 1847 ὑπερϐῆναι
3180 1778 3240 1831 τὸ
3260 1772 3366 1850 ἦν,
3386 1780 3476 1833 καὶ
3503 1780 3599 1845 ἔξω
3620 1782 3777 1834 τούτου

537 1848 949 1865 .......,νν..,....ν,
987 1848 1039 1855 ν-
1074 1848 1221 1856 -.-η
1253 1848 1427 1867 _,___,,
1641 1848 1655 1863 ,

534 1898 775 1954 vicissim
808 1911 837 1949 a
903 1895 1062 1949 nobis
1105 1893 1491 1960 interrogetur,
1530 1897 1710 1941 utrum
1771 1885 1825 1938 in
1865 1880 2135 1953 principio

2243 1870 2499 1940 γενέσθαι
2554 1848 2689 1934 τοῖςῗ
2715 1872 2996 1941 λογισμοῖς
3035 1870 3096 1923 οὑ
3140 1848 3372 1944 δυνήσῃζ
3410 1874 3783 1944 Ἀντερωτάσθω

534 2000 655 2048 erat
691 1988 839 2058 apud
887 1987 1058 2040 Deum
1112 1986 1255 2038 Deus
1306 1981 1566 2043 Verbum,
1601 1991 1670 2031 an
1715 1971 1991 2044 posterius
2019 1970 2140 2024 fue-

535 2087 628 2138 rit.
700 2080 758 2135 Si
825 2089 960 2139 erat.
1004 2089 1199 2132 coerce
1242 2074 1480 2142 linguam
1522 2079 1669 2124 tuam
1716 2082 1745 2121 a
1807 2064 1971 2127 malo,
2017 2070 2071 2117 et
2110 2078 2139 2116 a

537 2191 669 2230 voce
702 2173 791 2227 illa
818 2169 1155 2225 exsecranda
1185 2181 1290 2236 qua
1322 2164 1493 2219 dicis:
1526 2161 1642 2215 Non
1672 2167 1808 2213 erat.
1841 2156 1961 2219 Sin,
1995 2154 2140 2224 quod

538 2267 695 2322 nefas
727 2273 812 2320 est
843 2264 1047 2325 dicere,
1081 2261 1193 2315 tuis
1226 2272 1328 2328 ego
1384 2255 1677 2310 adversum
1711 2261 1763 2306 te
1798 2248 1981 2303 verbis
2017 2258 2139 2301 utar

536 2363 739 2431 aptius,
773 2358 1060 2425 dicamque
1096 2351 1235 2406 nihil
1287 2348 1536 2404 oratione
1595 2354 1684 2400 tua
1758 2339 2141 2398 detestabilius

536 2463 631 2507 aut
660 2450 881 2507 stultius
912 2446 1025 2501 fieri
1068 2459 1249 2514 posse,
1279 2442 1372 2511 qui
1415 2440 1579 2494 homo
1614 2451 1737 2492 cum
1792 2433 1889 2498 sis,
1946 2446 2136 2486 eorum

534 2562 658 2618 quae
683 2561 711 2597 a
744 2542 948 2612 Spiritu
981 2547 1172 2592 sancto
1210 2535 1355 2589 dicta
1378 2542 1531 2596 sunt,
1569 2531 1838 2584 rationem
1894 2526 2135 2595 exigere,

536 2616 773 2705 rumque
804 2644 855 2687 te
884 2629 1215 2700 discipulum
1246 2623 1529 2695 Evangelii
1560 2620 1893 2692 proﬁtearis,
1946 2616 2138 2672 adver-

536 2745 632 2782 sus
663 2729 839 2797 ipsum
875 2722 1009 2777 velis
1040 2734 1376 2788 consurgere
1414 2714 1516 2771 :In
1560 2712 1818 2783 principio
1854 2720 1969 2763 erat
2015 2709 2136 2762 Vero

535 2822 681 2884 bunt,
709 2826 759 2873 et
797 2816 1022 2870 Verbum
1064 2821 1177 2866 erat
1211 2809 1355 2874 apud
1384 2807 1552 2861 Deum
1580 2816 1627 2859 et
1669 2804 1809 2858 Deus
1835 2809 1949 2855 erat
2011 2800 2140 2855 Ver-

538 2915 661 2965 bum
679 2907 1018 2963 ‘JEternam
1041 2904 1209 2974 ipsius
1231 2899 1550 2960 essentiam,
1564 2905 1745 2951 ortum
1763 2893 2141 2964 perturbatio-

537 3004 623 3060 nis
653 3009 959 3071 expertem,
990 2995 1294 3051 naturalem
1323 3008 1447 3048 cum
1481 2989 1638 3045 Patre
1670 2985 2136 3056 coniunctionem,

538 3104 751 3149 natura:
813 3086 1205 3159 praestantiam,
1287 3081 1474 3137 omnia
1547 3078 1895 3149 paucissimis
1956 3075 2140 3130 verbis

538 3180 940 3252 complectitur,
991 3186 1046 3231 et
1079 3174 1283 3230 addens
1317 3171 1475 3230 illud.
1515 3178 1654 3231 erat,
1691 3167 1758 3222 ad
1806 3165 2135 3237 principium

539 3270 775 3334 reducit,
834 3278 892 3323 ut
942 3267 1234 3335 impiorum
1293 3278 1409 3326 ora,
1468 3261 1585 3315 Non
1645 3269 1783 3323 erat,
1839 3256 2137 3313 dicentium

538 3364 810 3421 obstruat,
845 3356 1208 3413 etfallacibns
1240 3354 1484 3423 ipsorum
1548 3347 1890 3420 argumentis
1942 3360 2139 3401 omnes

543 3453 729 3506 aditus
757 3447 1089 3504 intercludat
1146 3445 1353 3498 Deinde
1377 3456 1473 3512 per
1517 3440 1847 3510 theologiam
1880 3449 2137 3507 tanquam

541 3554 856 3611 expressam
892 3535 1168 3607 Unigeniti
1214 3543 1423 3587 natum
1464 3531 1730 3599 picturam
1795 3528 1970 3583 oculis
2023 3529 2137 3598 iam

541 3631 970 3701 intelligentium
1007 3627 1265 3698 proponit
1295 3643 1309 3680 :
1344 3622 1481 3689 Hoc,
1514 3621 1795 3691 inquiens,
1825 3629 1942 3675 erat
1998 3621 2141 3689 apud

541 3722 731 3778 Deum.
769 3719 869 3775 Hie
898 3733 1116 3773 rursum
1147 3716 1437 3786 adiiciens,
1497 3721 1636 3775 erat,
1701 3718 1884 3764 ortum
1946 3708 2143 3778 linige-

543 3815 648 3869 niti
692 3828 818 3868 cum
878 3811 1058 3867 Patris
1112 3809 1420 3863 aeternitate
1455 3803 1756 3874 coniungit.
1787 3804 1918 3857 Item
1951 3819 1964 3856 :
1996 3801 2139 3863 Vita,

543 3908 738 3977 inquit,
773 3914 888 3960 erat
919 3923 936 3958 :
958 3914 1005 3959 et
1037 3910 1144 3957 vita
1170 3910 1283 3956 erat
1319 3904 1412 3954 tua:
1433 3898 1725 3959 hominum,
1757 3903 1812 3949 et
1839 3915 1851 3949 :
1887 3894 2020 3949 Erat
2051 3895 2143 3949 tua:

541 4014 668 4054 vera
693 3997 742 4052 ³.
770 3998 1028 4061 Attamen
1068 3992 1314 4062 quamvis
1347 3991 1583 4045 Verbum
1634 3988 1881 4057 undique
1918 3987 2006 4041 illa
2047 4002 2143 4042 v0~

542 4091 814 4154 cis,erat,
880 4088 1235 4159 adiunctione
1294 4082 1725 4145 communiatur,
1788 4080 1893 4137 iste
1957 4081 2141 4136 omnia

548 4180 779 4250 spiritus
808 4179 1125 4234 testimonia
1154 4177 1385 4246 respuit,
1414 4190 1650 4243 eumque
1682 4174 1840 4227 nobis
1898 4172 2140 4237 assidue,

544 4277 687 4331 erat,
720 4268 1067 4321 inclamantis
1099 4284 1164 4321 ne
1199 4267 1529 4321 audiendum
1590 4264 1810 4334 quidem
1842 4265 2142 4329 existimat,

546 4358 646 4412 sed
677 4372 801 4412 cum
830 4373 937 4410 non
971 4368 1135 4422 esset,
1172 4358 1366 4425 inquit,
1429 4358 1647 4427 genitus
1704 4367 1808 4423 est;
1842 4372 1965 4410 cum
2029 4372 2135 4412 non

546 4461 715 4515 esset,
744 4461 867 4520 post
893 4460 1046 4504 ortus
1074 4461 1181 4504 est.
1237 4449 1292 4503 Si
1320 4450 1373 4502 in
1412 4450 1684 4519 principio
1748 4464 1855 4502 non
1905 4460 2045 4516 erat,
2079 4459 2135 4505 ut

2245 1963 2427 2017 τοίνυν
2458 1962 2552 2015 καὶ
2582 1964 2715 2032 παρ¹ι
2749 1961 2903 2033 ἡμῶν
2935 1965 3184 2034 πότερον,
3211 1966 3271 2018 ὲν
3300 1967 3441 2037 ἀρχῇ
3466 1962 3528 2037 ἦν
3563 1968 3684 2037 πρὸς
3708 1971 3783 2020 τὸν

2243 2055 2377 2107 Θεδν
2409 2056 2437 2107 ὁ
2466 2055 2596 2117 Θεὸς
2626 2052 2823 2122 Λόγος,
2863 2054 2895 2123 ἢ
2933 2054 3162 2126 ὕστερον
3193 2058 3586 2126 προσεγένετο;
3617 2060 3671 2113 Ei
3707 2061 3787 2127 μὲν

2242 2150 2351 2217 γὰρ
2383 2143 2471 2217 ἦν,
2508 2146 2715 2200 παῦσον
2745 2146 2845 2216 τὴν
2868 2146 3120 2213 γλωσσάν
3157 2164 3253 2200 σου
3285 2149 3389 2202 ἀπὸ
3415 2148 3580 2204 κακοῦ
3607 2151 3693 2219 τῆς
3720 2153 3788 2201 ὃτι

2239 2242 2341 2293 οὐκ
2373 2236 2439 2309 ἦν
2476 2236 2861 2306 βλασφημίας’
2899 2238 2950 2289 εί
2986 2238 3064 2301 δὲ,
3100 2237 3243 2309 ὅπερ
3284 2240 3404 2292 οὐδὲ
3438 2240 3586 2309 θέμις
3620 2244 3789 2303 εἰπεῖν,

2240 2335 2348 2394 τοῖς
2377 2333 2490 2395 σοῖς
2521 2331 2854 2400 οἰκειότερον
2889 2332 3026 2401 πρδς
3055 2329 3113 2383 σὲ
3138 2333 3422 2401 χρήσομαι
3456 2334 3698 2403 ῥήμασιν,
3721 2335 3789 2386 ὅτι

2239 2423 2297 2475 οὑ
2326 2423 2674 2492 βλασφημίας
2702 2423 2883 2491 μόνον,
2911 2421 3050 2475 ἀλλὰ
3072 2422 3167 2476 καὶ
3194 2424 3499 2493 παρανοίας
3520 2425 3791 2496 ὑπερϐολὴν

2239 2516 2265 2566 ό
2308 2513 2469 2581 λόγος
2516 2513 2654 2584 ἔχει,
2691 2512 3015 2581 ἀνθρώπους
3057 2515 3320 2569 ἀπαιτεῖν
3363 2515 3471 2570 τῶν
3506 2517 3671 2585 λόγων
3712 2517 3791 2569 τοῦ

2244 2604 2565 2673 Πνεύματος
2592 2604 2693 2667 τὰς
2720 2603 2974 2670 εὖθύνας,
3006 2606 3102 2659 καὶ
3133 2607 3391 2680 μαθητὴν
3423 2609 3521 2679 μὲν
3551 2602 3794 2663 εἶναιτῶν

2240 2693 2591 2762 Εὑαγγελίων
2609 2693 2912 2761 ὁμολογεῖν.
2933 2693 2999 2746 αὑ
3008 2694 3114 2746 τῶν
3130 2696 3186 2747 δὲ
3202 2697 3415 2749 τούτων
3433 2696 3795 2763 κατεξανιστα-

2242 2778 2390 2834 σθαι.
2412 2781 2509 2832 Ἐν
2525 2778 2683 2848 ἀρχῇ
2698 2777 2778 2850 ἦν
2804 2785 2838 2834 ό
2867 2784 3057 2851 Λόγος
3073 2780 3437 2855 καὶῖΛόγος
3458 2782 3536 2856 ἦν
3560 2784 3696 2854 πρὸς
3710 2784 3799 2837 tor

2242 2879 2412 2943 Θεσν,
2432 2877 2528 2931 καὶ
2548 2877 2694 2941 Θεὸς
2708 2872 2787 2946 ἦν
2803 2879 2837 2930 δ
2852 2875 3179 2946 Λόγοςπὴν
3196 2874 3258 2941 ἐξ
3273 2877 3488 2933 ἀϊδίουῦ
3503 2879 3697 2949 παρξιν,
3717 2879 3802 2945 τὴν

2240 2969 2425 3040 ἀπαθῆ
2457 2970 2735 3040 γέννησιν,
2764 2969 2825 3022 τὸ
2853 2972 3102 3041 συμφυὲς
3127 2970 3205 3041 τῷ
3230 2973 3431 3043 Πατρὶ,
3458 2972 3519 3025 τὸ
3541 2971 3802 3040 μεγαλεῖον

2240 3064 2339 3134 τῆς
2371 3063 2587 3134 φύσεως
2623 3063 2805 3117 πάντα
2829 3066 2887 3115 ἐν
2915 3066 3029 3127 τοῖς
3048 3064 3256 3133 ὀλίγοις
3282 3068 3497 3137 ῥήμασι
3528 3064 3802 3128 συλλαϐὼν,

2243 3155 2341 3210 καὶ
2383 3158 2450 3226 τῇ
2497 3156 2788 3228 προσθήκῃ
2836 3156 2934 3209 τοῦ
2982 3151 3051 3227 ἦν
3088 3157 3315 3225 ἀνάγων
3363 3161 3444 3222 είς
3490 3157 3589 3228 τὴν
3630 3156 3803 3229 ἀρχὴν,

2166 3215 2213 3277 c
2244 3215 2814 3316 (immo-diroqipdzrtgt
2848 3247 2917 3301 τὰ
2949 3215 3321 3318 στόματα-ὃτι
3354 3215 3456 3304 οὐιι

2247 3339 2513 3411 μούντων,
2558 3341 2848 3412 πόρρωθεν
2870 3339 2969 3403 τὰς
3007 3341 3118 3394 τῶν
3165 3342 3439 3397 τοιούτων
3488 3343 3808 3413 σοφισμάτων

2241 3431 2510 3496 είσδύσεις
2538 3432 3003 3502 ὑποτεμνόμενος.
3030 3429 3164 3488 Εῐτα
3195 3435 3289 3489 διὰ
3311 3436 3413 3506 τῆς
3430 3436 3708 3503 Θεολογίας
3720 3435 3814 3490 οἱο-

2240 3522 2325 3575 νεὶ
2351 3524 2680 3591 ὑπογραφὴν
2706 3538 2830 3576 τινα
2860 3525 3066 3594 ἐναργῆ
3096 3526 3194 3593 τῆς
3226 3527 3450 3594 φύσεως
3478 3528 3570 3580 τοῦ
3596 3528 3814 3594 Μονογε-

2241 3614 2366 3678 νοῦς
2395 3613 2735 3679 ὲντυπώσας,
2756 3614 2835 3678 ὡς
2861 3617 2963 3685 ήδη
2986 3616 3375 3686 γνωρίζουσιν,
3401 3619 3734 3672 ὑποδείκνυσι
3756 3619 3812 3685 τῇ

2244 3707 2433 3777 φωνῇ·
2468 3700 2657 3770 οὗτος
2698 3702 2779 3775 ἦν
2810 3707 2881 3759 ἐν
2917 3705 3077 3776 ἀρχῇ
3111 3710 3268 3774 πρὸς
3306 3712 3421 3763 τὸν
3460 3714 3625 3766 Θεόν.
3668 3711 3814 3762 Πάλιν

2243 3798 2481 3852 ἐνταῦθα
2521 3801 2589 3867 τῇ
2621 3798 2910 3869 προσθήκῃ
2940 3802 3033 3851 τοῦ
3069 3796 3159 3870 ἦν,
3187 3806 3259 3872 τῇ
3298 3803 3570 3875 ἀῖδιότητι
3600 3802 3690 3856 τοῦ
3720 3803 3817 3854 Πα-

2243 3888 2368 3957 τρὸς
2397 3887 2492 3940 τοῦ
2512 3888 2852 3955 Μονογενοῦς
2878 3892 3139 3942 συνάπτει
3165 3894 3270 3961 τὴν
3297 3894 3574 3962 γέννησιν.
3604 3895 3706 3947 Καὶ
3730 3894 3818 3948 πά-

2243 3978 2326 4031 λιν
2348 3994 2361 4008 '
2392 3976 2523 4046 Ζωὴ
2551 3974 2649 4048 ἦν,
2677 3981 2775 4033 καὶ
2802 3981 2837 4048 ἠ
2862 3979 2973 4047 ζωὴ
3000 3977 3080 4052 ἦν
3100 3983 3167 4036 τό
3188 3983 3325 4051 φῶς
3349 3985 3471 4039 τῶν
3493 3985 3813 4054 ἀνθρώπων.

2246 4068 2355 4124 Καί
2386 4085 2402 4101 ο
2425 4065 2548 4124 Ἦν
2571 4071 2637 4125 τὸ
2662 4071 2788 4140 φῶς
2835 4076 2902 4125 τὸ
2944 4074 3263 4141 ἀληθινόν.
3322 4077 3465 4130 Ἀλλ’
3510 4080 3657 4148 ὅμως
3695 4076 3818 4130 οὕτω

2244 4161 2586 4232 πανταχόθεν
2614 4163 2709 4216 τοῦ
2729 4163 2891 4233 λόγου
2919 4168 3038 4227 ταῖς
3064 4166 3157 4220 τοῦ
3181 4162 3255 4238 ἦν
3284 4172 3639 4241 προσθήκαις
3662 4174 3821 4240 hocpe-

2246 4252 2528 4324 λισμένου,
2572 4254 2757 4319 πάσας
2796 4259 3198 4326 παρωσάμενος
3244 4262 3353 4326 τὰς
3404 4264 3706 4333 μαρτυρίας
3740 4262 3818 4314 τοῦ

2247 4345 2588 4416 Πνεύματος,
2630 4345 2725 4398 καὶ
2758 4347 2881 4399 οὐδὲ
2919 4348 3141 4403 ἀκούειν
3168 4353 3352 4408 δοκῶν
3382 4355 3561 4417 οὕτως
3590 4356 3714 4426 ἡμῖν
3734 4372 3823 4405 πυ-

2246 4436 2390 4499 κνῶς
2411 4437 2710 4500 ἐκϐοῶντος
2738 4439 2798 4490 τὸ
2828 4434 2915 4508 ἦν,
2936 4442 3050 4492 Οὐκ
3074 4440 3170 4502 ὢν,
3200 4446 3397 4511 φησὶν,
3434 4446 3715 4514 ἐγεννήθη,
3737 4445 3821 4494 οῦκ

546 4541 748 4605 dicitis,
784 4555 889 4610 qua
950 4541 1162 4593 ratione
1197 4540 1375 4593 valeat
1428 4540 1714 4608 quisquam
1770 4540 2013 4607 apertius
2045 4556 2136 4593 os-

2246 4530 2321 4585 ὣν
2352 4530 2580 4600 ὔστερον
2604 4533 3058 4602 προσγεγένηται,
3089 4535 3150 4587 οὐ
3175 4534 3234 4589 δὲ
3264 4538 3325 4589 ὲν
3352 4542 3499 4610 ἀρχῇ
3532 4541 3631 4593 οὑκ
3650 4534 3733 4609 ἦν,
3759 4534 3823 4598 ὣς

553 4637 800 4701 tendere,
830 4651 927 4688 vos
960 4633 1235 4704 Evangelii
1294 4635 1541 4697 vocibus,
1601 4632 1801 4700 quibus
1840 4633 2141 4697 credimus,

547 4729 855 4784 adversari.

1089 4837 1167 4890 Ea:
1230 4839 1410 4892 eodem
1464 4839 1618 4891 libro.

625 4954 729 5007 Sed
756 4954 799 5006 si
834 4965 973 5014 erat,
1008 4955 1205 5023 inquit.
1231 4952 1442 5025 genitus
1465 4962 1699 5008 nonest.
1726 4953 2142 5024 Respondemus

548 5058 698 5110 “rgo,
716 5043 858 5111 quod
886 5044 1141 5111 quoniam
1168 5044 1384 5112 genitus
1405 5056 1506 5107 est,
1530 5051 1670 5108 erat,
1687 5060 1810 5098 cum
1834 5046 2136 5115 ingenitum

544 5148 792 5186 essenon
816 5131 1142 5194 habeat,sed
1183 5133 1416 5185 exsistat
1461 5147 1701 5201 semper.
1742 5145 1796 5187 et
1843 5134 2140 5187 coexsistat

550 5224 732 5277 Patria
751 5237 858 5291 quo
879 5222 1368 5287 etiamexsistendi
1413 5223 1579 5277 habet
1614 5238 1860 5277 causam.
1905 5224 2137 5287 Quando

546 5317 707 5384 igitur
719 5314 785 5367 ad
805 5328 925 5367 esse
943 5327 972 5365 a
991 5309 1151 5365 Patre
1171 5310 1469 5380 productus
1488 5322 1570 5366 est
1595 5313 1707 5365 ?Ex
1728 5328 1833 5380 quo
1850 5311 2008 5365 Pater
2023 5310 2140 5365 est?

546 5405 655 5460 Sed
689 5406 757 5461 ab
789 5415 1016 5469 aeterno,
1045 5404 1245 5473 inquit,
1279 5402 1440 5457 Pater
1472 5421 1487 5459 :
1520 5405 1586 5459 ab
1622 5416 1828 5459 aeterno
1868 5404 2033 5476 igitur
2082 5417 2136 5459 et

544 5495 735 5559 Filius,
762 5512 859 5566 per
910 5495 1321 5565 generationem
1369 5493 1626 5558 ingenita:
1683 5495 1861 5550 Patris
1922 5507 2130 5551 natura:

547 5588 895 5657 coniunctus.
933 5586 1089 5652 Quod
1110 5595 1295 5639 autem
1317 5599 1430 5638 non
1470 5596 1655 5640 nostra
1692 5587 1761 5640 sit
1791 5588 1902 5640 haec
1931 5588 2127 5652 oratio,

549 5673 693 5743 ipsas
717 5678 889 5730 sancti
911 5676 1146 5745 Spiritus
1166 5675 1417 5731 voccseis
1441 5675 1510 5731 ob
1533 5677 1721 5730 oculos
1749 5693 2038 5746 ponemus.
2062 5677 2128 5731 Et

649 5828 667 5856 ⁸
693 5827 862 5895 Apoc.
902 5844 941 5893 ι,
976 5831 1026 5882 ι.
1102 5829 1123 5855 ⁸
1150 5828 1303 5886 Joan.
1336 5846 1375 5895 ι,
1406 5830 1456 5894 i,
1484 5830 1541 5884 Ξ.
1622 5830 1642 5862 ³
1668 5828 1798 5885 ibid.
1824 5831 1876 5894 4,
1914 5830 1966 5883 9.

2248 4637 2405 4689 φατε.
2427 4622 2565 4674 Τίνα
2587 4624 3059 4692 περιφανεστέρειν
3085 4626 3271 4696 μάχην
3295 4630 3588 4696 inediae
3614 4645 3687 4691 τις
3708 4628 3823 4697 πρὶς

2244 4714 2343 4775 τὰς
2392 4713 2575 4782 φωνὰς
2627 4715 2738 4768 τῶν
2795 4716 3146 4783 Εὐαγγελίων
3192 4723 3286 4783 αἱς
3350 4721 3823 4791 πεπιστεύκαμενζ

2679 4827 2781 4881 Ἐκ
2819 4828 2926 4883 τοῦ
2963 4830 3150 4886 αὐτοῦ
3189 4836 3415 4903 λόγου.

2327 4941 2463 4995 Ἀλλ’
2489 4945 2537 4996 εί
2566 4939 2655 5014 ἦν,
2686 4946 2872 5012 φησὶν,
2902 4946 2961 4997 οὐ
2997 4950 3354 5019 γεγέννηται.
3405 4949 3821 5021 Ἀποκρινόμεῢα

2239 5033 2440 5100 τοίνυν,
2466 5036 2547 5088 ὅτι
2574 5036 2761 5106 ἐπειδὴ
2783 5036 3131 5109 γεγέννηται,
3154 5036 3223 5112 ἦν
3243 5042 3352 5096 οὐκ
3382 5044 3677 5114 ἀγέννητον
3700 5041 3818 5109 ἔχων

2238 5125 2299 5178 τὸ
2325 5122 2487 5195 εἶναι,
2511 5125 2587 5179 ὢν
2605 5127 2659 5180 δὲ
2685 5129 2791 5192 ἀεὶ,
2823 5128 2918 5183 καὶ
2949 5130 3121 5184 συνὼν
3153 5131 3227 5201 τῷ
3262 5135 3471 5203 "arpi,
3508 5137 3636 5204 παρ’
3661 5126 3715 5186 οὗ
3742 5130 3821 5184 καὶ

2236 5220 2338 5288 τὴν
2375 5218 2555 5271 αὲτίαν
2578 5222 2677 5289 τῆς
2706 5222 2989 5291 ὑπάρξεως
3014 5225 3149 5295 ἔχει.
3186 5227 3332 5281 Πότε
3369 5228 3469 5284 οὖν
3501 5233 3579 5291 εἰς
3613 5229 3668 5282 τὸ
3699 5223 3819 5277 εἶναι

2240 5310 2393 5378 παρά
2427 5309 2519 5360 τοῦ
2546 5311 2763 5378 Πατρὸς
2788 5314 3075 5384 προήχθης
3122 5316 3243 5383 Ἀφ’
3278 5312 3345 5372 οὗ
3383 5322 3539 5372 ἐστιν
3570 5322 3595 5372 ὁ
3628 5316 3816 5385 Πατήρ.

2239 5400 2380 5451 Ἀλλ’
2397 5399 2455 5465 ἐξ
2478 5402 2669 5466 ἀϊδίου,
2689 5404 2917 5471 φησὶν,ί
2943 5407 3150 5477 Πατήρ.
3179 5407 3273 5472 Ἐξ
3298 5410 3480 5464 ἀϊδίου
3501 5413 3676 5463 τοίνυν
3698 5410 3779 5460 καὶ
3796 5405 3821 5456 6

2241 5491 2385 5552 Υἱὸς,
2410 5493 2686 5561 γεννητῶς
2711 5497 2774 5564 τῇ
2798 5496 3095 5568 ἀγεννησία
3120 5497 3210 5549 τοῦ
3241 5499 3466 5569 [ἰατρὸς
3496 5498 3823 5570 συναπτόμιο

2238 5601 2343 5645 νος.
2362 5583 2486 5637 ’Ότι
2508 5583 2562 5636 δὲ
2583 5581 2738 5650 οὗτος
2758 5587 2857 5655 οὐχ
2872 5590 3140 5661 ἡμέτερος
3160 5592 3187 5642 ό
3210 5593 3419 5661 Λόγος,
3448 5596 3617 5656 αὐτὰς
3632 5594 3725 5651 τὰς
3739 5587 3820 5643 τοῦ

2238 5676 2394 5745 ἁγίου
2421 5677 2737 5748 [Ινεύματος
2762 5680 2946 5749 φωνὰς
2970 5682 3151 5746 αὐτοῖς
3177 5684 3570 5755 παρεξόμεθα.
3617 5686 3709 5741 Ἐκ
3736 5681 3828 5757 μὲν
