4102 6298
400 375 507 442 521

1371 370 1744 433 ΡᾹΝΟΡΜΑ
1785 375 2238 435 DOGMATICA.
2273 400 2340 409 -
2376 373 2524 434 ἸἸΤ.
2566 375 2672 439 XI.

3548 374 3650 440 592

397 517 491 574 οὖν
511 521 606 575 τοῦ
631 523 960 592 Εὑαγγελίου
985 523 1236 594 λάϐωμεν
1258 524 1336 588 τὸ,
1378 525 1480 577 Ἔν
1503 523 1662 594 ἀρχῇ
1697 525 1778 592 ἦν
1806 529 1837 580 o'
1868 529 1966 581 Λό-

2075 539 2141 580 es
2180 521 2465 590 Evangelio
2494 521 2710 590 quidem
2753 533 3034 576 sumamus
3066 521 3236 578 illud:
3272 522 3340 579 In
3389 527 3642 596 principio

400 630 506 680 γος
526 627 538 640 ·
575 614 638 665 ἐκ
662 613 718 665 δὲ
741 613 834 666 τοῦ
853 614 1070 684 ψαλμοῦ
1106 615 1180 678 ὡς
1209 617 1273 667 ὲκ
1315 613 1606 685 προσώπου
1636 614 1728 669 τοῦ
1763 618 1974 688 Πατρὸς

398 703 688 773 εἰρημένον
722 705 801 769 τὸ,
837 707 930 758 Ἐκ
953 706 1215 774 γαστρὸς
1252 707 1367 774 πρὸ
1400 708 1710 778 ὲωσφ,όρου
1882 729 1973 782 τεο

396 792 664 861 τέννηκά
697 810 772 848 σε
791 812 803 826 ·
835 797 927 848 καὶ
953 797 1234 861 συνθέντες
1263 799 1568 870 ἀμφότερα,
1603 801 1868 874 εἴπωμεν,
1892 807 1974 858 ὃτι

398 885 494 938 καὶ
528 881 596 956 ἦν
641 889 735 940 καὶ
763 887 1106 956 γεγέννηται.
1150 890 1310 944 Ἀ).λά
1336 891 1398 944 τὸ
1444 893 1561 961 μὲν,
1597 895 1972 964 Γεγέννηκα,

397 977 498 1046 τὴν
529 977 706 1029 αἰτίαν
727 979 819 1047 ἀφ’
847 974 915 1051 ἧς
943 978 1055 1049 ἔχει
1080 981 1178 1050 τὴν
1201 981 1376 1050 ἀρχὴν
1402 982 1497 1035 τοῦ
1526 980 1666 1037 εἶναι
1694 986 1967 1056 σημαίνει’

397 1067 460 1119 τὸ
483 1067 560 1130 δὲ,
589 1063 729 1130 τΗν,
763 1069 862 1140 τὴν
889 1070 1116 1140 ἄχρονον
1141 1072 1305 1124 αὐτοῦ
1327 1075 1421 1126 καὶ
1443 1075 1764 1142 προαιώνιον
1792 1076 1972 1148 ῦπαρ--

401 1157 502 1221 ξιν.
546 1161 603 1212 Ὀ
645 1159 722 1221 δὲ,
775 1161 1246 1232 ἐπαγωνιζόμενος
1283 1167 1347 1235 τῇ
1402 1166 1596 1219 ἑαυτοῦ
1632 1169 1849 1239 ἀπάτῃ,
1893 1171 1973 1232 εἰς

401 1250 597 1302 ἄτοπον
627 1251 718 1304 τὸν
755 1251 910 1320 λόγον
931 1254 1164 1323 ἀπάγειν
1195 1256 1382 1309 οἴεται.

471 1433 629 1487 ΕΥΝ.
689 1435 752 1486 Εἰ
785 1437 910 1507 γὰρ,
959 1439 1110 1509 φησι,
1164 1440 1269 1510 πρὸ
1298 1441 1398 1511 τῆς
1422 1444 1725 1513 γεννήσεως
1907 1441 1975 1515 ἦν

399 1524 496 1592 τῆς
531 1523 723 1576 ἑαυτοῦ
752 1525 781 1576 ὁ
812 1526 956 1590 Υἱὸς,
993 1529 1287 1599 ἀγέννητος
1318 1527 1405 1602 ἦν.

471 1615 617 1667 ΒΑΣ.
663 1616 820 1670 Ἀλλά
869 1618 933 1670 τὸ
974 1617 1087 1686 πρὸ
1133 1619 1240 1688 τῆς
1299 1622 1634 1690 γεννήσεως
1700 1626 1888 1690 τοῦτο,
1931 1622 1976 1682 ὦ

403 1708 620 1777 μάταιε,
670 1709 790 1776 ⁴ἢτοι
833 1709 1183 1780 ἀνύπαρκτόν
1228 1714 1342 1765 ἐστι
1387 1715 1693 1780 παντελῶς,
1729 1719 1823 1771 καὶ
1863 1720 1975 1773 δια-

401 1800 548 1863 νοίας
580 1800 936 1870 ἀναπλασμὸς
967 1803 1143 1855 οὐδενὶ
1183 1804 1532 1876 ὲρειδομένης
1581 1810 1926 1883 ὑποκειμένῳ
1958 1832 1969 1843 ·

398 1894 495 1944 καὶ
553 1891 605 1945 τί
655 1891 735 1944 δεῖ
782 1893 1082 1961 ἀντιλέγειν
1113 1897 1226 1958 τοῖς
1275 1897 1558 1968 ἀνοήτοις;
1592 1903 1974 1974 παραπλήσιον

399 1982 510 2051 γὰρ
538 1982 714 2044 τοῦτο,
743 1982 930 2054 ὥσπερ
954 1983 1019 2036 ἂν
1052 1986 1100 2036 εἰ
1131 1986 1222 2038 καὶ
1252 1986 1328 2058 τῷ
1359 1987 1450 2040 τὸν
1469 1989 1726 2061 λογισμὸν
1751 1995 1816 2046 ὲκ
1841 2012 1974 2066 φρε-

396 2071 593 2134 νίτιδος
626 2074 1010 2143 παρενεχθέντι
1033 2075 1402 2148 διεμαχόμεθα
1433 2095 1446 2107 ·
1484 2080 1516 2150 ἢ
1542 2084 1589 2134 εἰ
1624 2085 1758 2152 πρός
1780 2102 1837 2137 τι
1866 2085 1974 2138 τῶν

395 2165 568 2217 ὄντων
615 2166 865 2235 φέρεται,
912 2168 1006 2221 καὶ
1064 2169 1196 2241 πρὸς
1222 2170 1320 2241 τὴν
1372 2171 1479 2225 τῶν
1507 2173 1718 2228 αἰώνων
1769 2177 1973 2232 ἔννοιαν

396 2256 774 2326 ὲνεχθήσεται.
833 2258 967 2310 Ἀλλ’
996 2260 1152 2333 εἴπερ
1185 2262 1381 2326 αἰῶνες
1429 2265 1629 2329 πάντες
1675 2268 1826 2322 κάτω
1871 2288 1972 2323 που

393 2348 498 2417 τῆς
525 2348 791 2415 γενέσεως
989 2351 1084 2404 τοῦ
1124 2353 1463 2422 Μονογενοῦς
1508 2357 1776 2425 νοοῦνται,
1807 2362 1971 2416 αὐτοῦ

392 2439 608 2493 ἐκείνου
653 2441 806 2504 ὄντες
839 2445 1140 2514 ποιήματα,
1199 2446 1428 2514 μάταιος
1479 2450 1507 2501 ὁ
1560 2449 1838 2521 ἐπιζητῶν
1877 2455 1975 2524 τῆς

395 2533 746 2596 ὑποστάσεως
796 2533 890 2586 τοῦ
950 2535 1080 2589 Υίοῦ
1133 2536 1204 2590 τὰ
1252 2539 1618 2611 πρεσϐύτερα.
1652 2543 1818 2596 Οὐδὲν
1865 2545 1972 2616 γὰρ

293 2664 298 2666 .
395 2620 735 2692 ἀλλοιότερον
755 2625 954 2694 ἐρωτᾷ,
987 2626 1021 2696 ἢ
1054 2626 1101 2678 εἰ
1123 2627 1216 2679 καὶ
1256 2628 1386 2699 περὶ
1415 2629 1510 2682 τοῦ
1563 2631 1776 2704 Πατρὸς
1812 2635 1975 2687 ἐπυν-

400 2712 616 2778 θάνετο,
653 2716 883 2784 πότερον
930 2718 1142 2789 ὑπῆρχε
1187 2720 1292 2789 πρὸ
1329 2722 1428 2792 τῆς
1461 2722 1598 2787 ἰδίας
1638 2727 1970 2792 συστάσεως,

393 2804 430 2873 ἢ
457 2804 596 2874 οὐχί.
636 2806 724 2869 Ὠς
753 2807 861 2877 γὰρ
895 2808 1012 2861 ἐκεῖ
1039 2809 1268 2880 ἀνόητον
1312 2812 1372 2864 τὸ
1409 2811 1672 2886 ἐρώτημα
1693 2857 1708 2882 ,
1751 2818 1843 2870 ἐπὶ
1877 2821 1973 2875 τοῦ

394 2896 634 2968 ἀνάρχου
690 2898 783 2950 καὶ
838 2900 1136 2970 ἀγεννήτου
1176 2900 1359 2971 ζητεῖν
1388 2903 1448 2956 τὺ
1491 2905 1763 2980 ἀνώτερον
1784 2925 1798 2940 °
1833 2910 1974 2966 οὕτω

396 2988 490 3040 καὶ
519 2988 772 3054 ἐνταῦθα,
811 2990 904 3043 ἐπὶ
942 2994 1036 3045 τοῦ
1067 2992 1126 3058 ἐξ
1163 2994 1333 3048 ἀϊδίου
1362 2996 1440 3066 τῷ
1476 2997 1653 3070 Πατρὶ
1702 3002 1969 3070 συνόντος,

394 3082 490 3134 καὶ
515 3083 666 3137 οὐδὲν
687 3082 901 3153 ἔχοντος
939 3086 1104 3156 μέσον
1135 3087 1330 3141 ἑαυτοῦ
1351 3105 1411 3142 τε
1437 3092 1532 3143 καὶ
1556 3092 1651 3145 τοῦ
1678 3097 1973 3166 γεννήσαν-

388 3189 504 3236 τος,
531 3175 784 3244 χρονικὰς
823 3177 1088 3230 ποιεῖσθαι
1113 3177 1207 3231 τοῦ
1235 3181 1502 3252 προτέρου
1531 3182 1631 3246 τὰς
1652 3186 1968 3257 ἐρωτήσεις,

388 3266 491 3335 τῆς
516 3266 636 3337 ἴσης
657 3265 826 3331 ὅντως
849 3268 1051 3333 ἀνοίας.
1078 3270 1466 3342 Παραπλήσιον
1481 3275 1590 3348 γὰρ
1722 3279 1930 3353 ὲρωτᾷν
1953 3321 1968 3344 ,

387 3357 444 3407 τί
479 3356 627 3410 ἔσται
660 3357 800 3426 μετά
831 3359 929 3430 τὴν
969 3359 1226 3433 τελευτὴν
1255 3363 1351 3415 τοῦ
1389 3365 1680 3429 ἀθανάτου,
1722 3371 1816 3422 καὶ
1847 3372 1970 3424 ἑπι-

2074 624 2184 669 ez-at
2227 610 2445 666 Verbum
2488 615 2501 642 ¹
2530 627 2545 677 ;
2579 614 2681 667 hoc
2739 625 2868 666 vero
2905 626 2970 666 ex
3005 611 3222 669 Psalmo
3267 615 3409 670 velut
3452 630 3484 669 e
3527 632 3647 686 per-

2075 720 2207 761 sona
2238 704 2414 759 Patris
2450 703 2654 758 dictum
2683 719 2700 757 :
2733 702 2810 756 Ab
2833 713 2980 758 utero
3014 717 3136 758 ante
3177 704 3453 774 luciferum
3490 709 3644 776 genui

2079 806 2127 849 te
2170 793 2189 821 '
2217 811 2232 860 ;
2263 803 2425 862 atque
2462 793 2705 860 utrisque
2739 792 2881 846 inter
2913 806 2972 846 se
3017 794 3330 862 compositis
3357 796 3598 850 dicamus
3629 810 3643 845 :

2079 887 2142 941 Et
2169 899 2308 952 erat,
2337 896 2395 941 et
2429 887 2642 954 genitus
2663 897 2765 941 est.
2801 885 2997 940 Verqu
3023 900 3126 940 vox
3160 885 3326 941 Genui
3360 903 3578 943 causam
3617 904 3646 940 a

2078 994 2182 1046 qua
2232 978 2557 1047 principium
2592 979 2756 1034 habet
2795 979 3020 1043 esaeudi,
3053 979 3364 1047 signiﬁcat:
3405 995 3506 1034 vox
3553 995 3648 1034 au-

2079 1081 2208 1134 tem,
2243 1068 2394 1136 Erat,
2441 1069 2643 1125 indicat
2685 1068 2805 1138 ejus
2842 1069 3216 1124 exsistentiam
3269 1079 3512 1139 tempore
3554 1085 3650 1125 ca-

2077 1171 2285 1214 rentem
2329 1176 2394 1215 ac
2425 1161 2833 1230 sempiternam.
2876 1160 2982 1214 Sed
3025 1173 3153 1214 vero
3199 1174 3298 1229 pro
3327 1175 3424 1216 sua
3462 1160 3651 1217 fraude

2077 1253 2358 1307 decertans
2390 1252 2702 1316 Eunomius,
2721 1254 3020 1307 orationem
3051 1251 3118 1305 ad
3145 1251 3443 1308 absurdum
3477 1253 3651 1308 addu-

2075 1359 2197 1398 cere
2227 1358 2286 1399 se
2317 1353 2488 1413 putat.

2144 1432 2280 1488 Enn.
2317 1433 2376 1488 Si
2420 1435 2563 1488 enim
2593 1475 2608 1498 ,
2640 1435 2834 1503 inquit,
2886 1444 3012 1490 ante
3059 1450 3212 1490 suam
3244 1437 3649 1506 generationem

2075 1523 2243 1579 Filius
2268 1533 2409 1590 erat,
2447 1527 2716 1595 ingenitus
2743 1537 2883 1580 erat.
3250 1527 3266 1538 ‘

2143 1617 2269 1672 Bas.
2294 1618 2364 1672 At
2396 1617 2544 1682 illud,
2580 1628 2701 1671 ante
2739 1620 3149 1688 generationem,
3172 1635 3204 1674 ο
3244 1620 3329 1673 vir
3358 1634 3519 1684 vane,
3553 1630 3652 1675 aut

2073 1709 2218 1762 nullo
2244 1707 2402 1762 modo
2441 1707 2706 1771 subsistit,
2766 1710 3074 1778 mentisque
3113 1708 3244 1764 nulli
3289 1709 3536 1780 subjecto
3565 1712 3650 1765 in—

2072 1797 2327 1853 haerentis
2364 1808 2728 1853 commentum
2777 1807 2880 1856 est.
2913 1799 3017 1854 Sed
3058 1799 3188 1870 quid
3222 1800 3418 1862 attinet
3467 1799 3649 1854 stultis

2071 1889 2449 1944 contradicere
2482 1889 2504 1942 ?
2530 1891 2634 1944 hoc
2665 1896 2808 1946 enim
2858 1890 3082 1960 perinde
3119 1902 3203 1946 est
3232 1901 3398 1963 atque
3429 1908 3552 1946 cum
3583 1907 3648 1948 eo

2074 1982 2405 2036 contendere
2427 2021 2444 2047 ,
2474 1983 2560 2038 cui
2589 1982 2813 2038 rationis
2853 1998 3006 2037 usum
3039 1983 3323 2055 phrenesis
3363 1984 3644 2039 ademerit.

2073 2077 2178 2126 Aut
2204 2075 2246 2126 si
2279 2072 2346 2126 ad
2372 2075 2647 2143 quidpiam
2686 2089 2873 2129 eorum
2907 2090 3026 2143 qua:
3065 2085 3192 2130 sunt
3227 2076 3424 2140 tendit,
3453 2076 3518 2130 ad
3548 2092 3648 2130 sae-

2072 2165 2314 2219 culorum
2350 2179 2567 2235 quoque
2597 2167 2871 2222 notionem
2897 2167 3212 2222 deducetur.
3248 2165 3450 2221 Verum
3480 2169 3524 2222 si
3554 2183 3650 2223 sae-

2072 2255 2188 2308 cula
2228 2258 2406 2310 omnia
2445 2255 2581 2310 infra
2607 2257 3010 2327 generationem
3041 2255 3315 2326 Unigeniti
3341 2257 3648 2328 intelligun-

2073 2354 2178 2408 tur,
2210 2363 2333 2400 cum
2378 2347 2521 2401 illius
2566 2347 2736 2416 ipsius
2782 2349 2893 2402 sint
2921 2356 3204 2413 creaturae,
3231 2362 3403 2403 vanus
3439 2359 3521 2404 est
3553 2351 3644 2418 qui

2072 2436 2199 2506 quid
2255 2439 2560 2492 substantia
2594 2436 2715 2492 Filii
2769 2439 3046 2508 antiquius
3079 2441 3294 2508 quaerit.
3320 2439 3463 2494 Nihil
3502 2443 3645 2494 enim

2070 2531 2300 2584 alienius
2327 2531 2540 2598 quanit,
2559 2545 2722 2599 quam
2755 2531 2801 2585 si
2829 2531 2896 2584 de
2922 2529 3080 2585 Patre
3101 2533 3264 2586 etiam
3301 2525 3648 2602 percutttare-

2074 2631 2182 2684 tur,
2204 2631 2380 2674 utrum
2408 2631 2535 2676 ante
2562 2638 2715 2677 suam
2741 2622 3182 2677 constitutionem
3219 2621 3480 2686 fuerit,an
3519 2639 3643 2679 non.

2071 2711 2282 2765 Etenim
2315 2721 2373 2765 ut
2390 2712 2501 2766 illic
2527 2713 2615 2766 hic
2639 2714 2865 2782 quaestio
2886 2713 3047 2768 stulta
3077 2724 3182 2779 est,
3405 2730 3648 2784 quaerere

2070 2805 2322 2859 videlicet
2351 2805 2402 2858 in
2426 2820 2489 2860 eo
2512 2804 2602 2873 qui
2628 2805 2892 2876 principio
2925 2815 3149 2860 caretac
3175 2806 3444 2876 ingenitus
3461 2813 3648 2860 estsu-

2069 2896 2250 2966 perius
2277 2897 2530 2966 quiddam
2555 2912 2565 2946 :
2603 2896 2676 2950 ita
2697 2897 2784 2952 hic
2811 2911 3026 2968 quoque
3049 2898 3114 2952 de
3136 2912 3201 2952 eo
3231 2898 3323 2966 qui
3349 2896 3416 2952 ab
3441 2907 3646 2953 aiteruo

2069 2999 2151 3042 est
2181 3003 2302 3043 cum
2335 2989 2520 3052 Patre,
2548 2988 2790 3058 nihilque
2822 2989 2982 3044 habet
3015 2989 3175 3043 medii
3218 2978 3357 3042 inter
3389 3003 3449 3048 se
3470 2997 3527 3044 et
3556 3003 3648 3058 se.

2070 3079 2338 3145 nitorem,
2375 3078 2699 3147 temporales
2731 3078 2913 3134 facere
2956 3086 3019 3134 de
3049 3079 3230 3150 priore
3279 3081 3642 3149 quaestiones;

2068 3170 2290 3237 aequalis
2331 3170 2488 3238 plane
2527 3170 2814 3222 dementiae
2852 3179 2954 3225 est.
2985 3168 3118 3224 Nam
3161 3171 3381 3238 perinde
3421 3172 3549 3236 erit,
3581 3187 3645 3226 ac

2069 3260 2115 3315 si
2154 3260 2274 3329 quis
2301 3260 2597 3328 interroget
2625 3259 2751 3328 quid
2780 3259 3017 3314 futurum
3051 3260 3120 3313 sit
3149 3271 3266 3328 post
3287 3261 3493 3314 obitum
3531 3257 3646 3328 ejus

2071 3355 2159 3424 qui
2192 3353 2512 3408 immortalis
2545 3363 2648 3419 est,
2691 3361 3004 3422 quaeratque
3046 3355 3173 3422 quid
3219 3352 3490 3408 exstiterit
3523 3363 3649 3408 ante

389 3448 576 3518 ζητεῖν
621 3449 673 3502 τί
714 3450 926 3522 ὑπῆρχε
967 3452 1073 3523 πρὸ
1098 3457 1196 3524 τῆς
1219 3457 1522 3528 γεννήσεως
1561 3457 1655 3512 τοῦ
1682 3460 1874 3515 ἀϊδίου.
1907 3463 1970 3516 Οἱ

2073 3444 2470 3516 generationem
2503 3444 2836 3513 eernpiterui.
2888 3443 2952 3498 ili
2988 3456 3188 3507 autem,
3224 3443 3348 3514 quia
3399 3443 3648 3514 principii

386 3542 469 3605 δὲ,
499 3543 684 3613 ἐπειδὴ
718 3543 779 3595 τὸ
797 3545 1032 3615 ἄναρχον
1061 3545 1151 3599 τοῦ
1193 3548 1405 3619 Πατρὸς
1427 3550 1596 3605 ἀΐδιον
1625 3553 1966 3623 ὀνομάζεται,

384 3634 584 3686 ταυτὸν
619 3635 678 3686 τὸ
702 3636 922 3706 ἀνάρχῳ
949 3637 1008 3689 τὸ
1031 3638 1199 3692 ἀῒὸιον
1226 3640 1611 3708 ἀποφαίνουσι,
1660 3646 1753 3698 καὶ
1781 3647 1967 3716 ἐπειδὴ

389 3723 468 3792 μὴ
517 3725 809 3795 ἀγέννητος
857 3731 884 3780 ὁ
924 3729 1070 3791 υἱὸς,
1098 3730 1216 3782 οὐδὲ
1248 3732 1415 3784 αῒδιον
1441 3728 1578 3787 εἶναι
1627 3737 1963 3806 ὁμολογοῦσι.

385 3811 647 3866 Πλεῖστον
695 3815 753 3868 δὲ
801 3816 1046 3887 διαφέρει
1076 3819 1220 3874 κατὰ
1247 3819 1347 3890 τὴν
1384 3821 1612 3877 ἔννοιαν.
1652 3826 1968 3898 Ἀγέννητον

388 3902 490 3973 μὲν
542 3905 650 3976 γὰρ
682 3906 898 3975 λέγεται
931 3909 991 3961 τὸ
1019 3910 1292 3981 μηδεμίαν
1335 3914 1509 3985 ἀρχὴν
1560 3917 1777 3982 ἑαυτοῦ,
1833 3921 1966 3990 μηδὲ

383 3993 567 4046 αίτίαν
601 3995 722 4066 ἔχον
752 3997 844 4051 τοῦ
877 3993 1014 4054 ε’ναι
1033 4018 1046 4030 ·
1075 4002 1244 4056 ἀΐδιον
1272 4003 1328 4056 δὲ
1349 4003 1410 4056 τὸ
1433 4006 1620 4076 χρόνου
1651 4009 1851 4073 παντὸς
1872 4011 1965 4062 καὶ

382 4084 580 4148 αἰῶνος
609 4088 750 4142 κατὰ
768 4091 829 4142 τὸ
855 4086 994 4145 εἶναι
1018 4093 1409 4164 πρεσξύτερον.
1440 4097 1602 4150 Ὅθεν
1638 4100 1732 4152 καὶ
1759 4101 1789 4152 ὁ
1809 4099 1960 4162 Υἱὸς,

383 4173 481 4224 καὶ
533 4175 631 4228 οὐκ
667 4177 978 4248 ἀγέννητος,
1033 4182 1128 4238 καὶ
1172 4163 1366 4246 ἀΐδιος.
1416 4184 1555 4256 Ἤδη
1599 4186 1657 4240 δὲ
1688 4190 1783 4240 καὶ
1840 4190 1964 4252 τοὺς

382 4262 592 4330 αἰῶνας
623 4266 834 4330 ἀξιοῦσί
874 4287 1020 4333 τινες
1073 4273 1169 4342 τῆς
1205 4273 1297 4326 τοῦ
1335 4274 1506 4328 ἀϊδίου
1695 4293 1963 4350 προσηγο-

383 4353 526 4426 ρίας.
565 4356 640 4420 ὡς
666 4359 730 4411 ἐκ
756 4359 849 4412 τοῦ
879 4360 965 4414 ἀεὶ
995 4359 1133 4415 εἶναι
1169 4365 1269 4434 τῆς
1296 4365 1538 4436 κλήσεως
1561 4369 1766 4440 ταύτης
1804 4387 1960 4424 τετυ-

380 4451 636 4521 χηκότας.
693 4455 880 4525 Ἡμεῖς
934 4457 992 4510 δὲ
1029 4459 1125 4528 τῆς
1183 4459 1352 4529 αὐτῆς
1411 4459 1737 4532 λογιζόμεθα
1791 4482 1963 4536 παρα-

383 4542 532 4603 νοία;
557 4544 649 4596 καὶ
682 4547 749 4616 τῇ
778 4546 950 4601 κτίσει
991 4553 1430 4620 προσμαρτυρεῖν
1455 4552 1515 4602 τὸ
1542 4552 1730 4615 ἀΐδιον,
1759 4556 1851 4606 καὶ
1875 4555 1962 4609 τὸν

383 4634 663 4705 Δεσπότην
693 4637 792 4704 τῆς
818 4638 1044 4701 κτίσεως
1071 4639 1168 4706 τῆς
1201 4639 1487 4709 ὁμολογίας
1515 4641 1715 4713 ταύτης
1739 4645 1963 4697 ἀποστε-

383 4739 522 4788 ρειν,

818 4832 917 4885 Ἐκ
960 4831 1064 4886 τοῦ
1099 4832 1286 4886 αὐτοῦ
1320 4835 1528 4901 λόγου.

454 4920 558 4973 Τὸν
589 4927 851 4992 μονογενῆ
883 4925 1012 4978 Υίὸν
1046 4926 1318 4995 ὑπουργὸν
1345 4929 1776 4998 προσηγόρευσε,
1804 4930 1960 4984 τοῦτο

379 5014 535 5085 αὑτῷ
568 5018 881 5085 προστιθεὶς
917 5018 1084 5086 μέγα,
1118 5020 1199 5073 ὅτι
1231 5019 1450 5082 εὔθετος
1481 5021 1616 5092 πρὸς
1649 5023 1747 5093 τὴν
1775 5024 1960 5078 διακο-

2071 3535 2124 3588 in
2152 3533 2311 3590 Patre
2349 3535 2577 3603 privatio
2607 3537 2880 3589 aeternitas
2919 3536 3248 3600 nominatur,
3288 3523 3646 3604 privationem

2069 3627 2318 3698 principii
2355 3627 2812 3682 decernuntidetn
2848 3643 2968 3682 esse
3005 3637 3167 3694 atque
3196 3627 3649 3692 atternitatemmt

2069 3720 2322 3788 quoniam
2349 3718 2516 3774 Filius
2546 3734 2650 3773 non
2675 3729 2758 3774 est
2798 3720 3092 3790 ingenitus,
3125 3733 3192 3773 ne
3223 3729 3484 3773 aeternum
3520 3719 3646 3788 qui-

2068 3806 2189 3862 dem
2229 3823 2350 3864 esse
2379 3809 2717 3876 proﬁtentur.
2738 3809 2842 3866 Sed
2883 3819 3063 3884 tamen
3100 3811 3212 3865 haec
3250 3805 3500 3865 diﬂ'eruut
3522 3811 3646 3880 plu-

2073 3899 2266 3952 rimum
2314 3899 2728 3966 signiﬁcatione.
2759 3899 2893 3953 Nam
2931 3901 3226 3970 ingenitum
3255 3901 3473 3966 dicitur,
3503 3904 3644 3970 quod

2074 4003 2247 4057 neque
2303 3989 2626 4056 principium
2659 3993 2740 4045 sui
2783 3990 2971 4061 ipsius,
3015 4005 3186 4059 neque
3227 4006 3444 4058 causam
3491 4001 3546 4044 ut
3577 3993 3646 4044 sit

2071 4080 2276 4134 habet:
2313 4090 2574 4134 εισι-ηοω
2610 4097 2759 4146 vero,
2799 4085 2940 4150 quod
2980 4091 3220 4152 tempore
3262 4084 3407 4135 οιιιιιῐ
3442 4092 3496 4135 et
3531 4097 3645 4137 atro

2071 4169 2364 4222 secundum
2396 4186 2506 4224 esse
2535 4173 2810 4240 antiquius
2862 4182 2967 4226 est.
3012 4171 3159 4228 Unde
3196 4183 3248 4227 et
3278 4173 3442 4227 Filius
3477 4182 3534 4227 ut
3564 4183 3646 4228 est

2072 4276 2178 4314 non
2199 4261 2488 4330 ingenitus,
2509 4265 2582 4317 ita
2603 4274 2835 4319 aeternus
2855 4275 2954 4319 est.
2973 4263 3094 4319 Jam
3121 4281 3246 4321 vero
3267 4266 3460 4320 saecula
3483 4266 3644 4320 etiam

2071 4357 2257 4407 aeterni
2289 4356 2646 4424 appellatione
2681 4359 2921 4411 nonnulli
2959 4359 3269 4426 dignantur,
3303 4357 3457 4426 quasi
3482 4373 3546 4411 ex
3579 4371 3646 4412 co

2072 4446 2215 4514 quod
2246 4461 2457 4516 semper
2481 4449 2610 4511 sint,
2653 4451 2752 4504 hoc
2778 4452 3006 4504 nominis
3028 4451 3221 4520 adepta
3253 4453 3380 4505 sint.
3407 4449 3513 4504 Nos
3548 4465 3644 4504 au-

2077 4547 2182 4591 tem
2217 4547 2270 4590 et
2303 4541 2567 4592 creaturis
2614 4541 2936 4594 aeternitatis
2973 4543 3331 4596 testimonium
3381 4537 3642 4611 praebere,

2073 4638 2126 4680 et
2160 4636 2527 4682 creaturarum
2574 4631 2854 4684 Dominum
2901 4633 2998 4685 hac
3040 4631 3377 4685 confessione
3409 4631 3642 4700 privare,

2075 4719 2314 4786 ejusdem
2347 4736 2466 4776 esse
2495 4725 2742 4777 amentia:
2768 4723 3115 4777 arbitramur.

2594 4842 2680 4896 Ea:
2712 4844 2890 4898 eodem
2931 4844 3090 4894 libro.

2141 4936 2492 5004 Uuigenitnm
2527 4935 2722 4990 Filium
2764 4936 3081 4990 ministrum
3128 4934 3439 5002 appellarit,
3468 4947 3569 4990 noc
3597 4934 3649 4988 ei
3725 4939 3728 4943 ’

2068 5043 2320 5094 magnum
2344 5027 2668 5089 attribuens,
2695 5027 2836 5094 quod
2862 5029 2928 5077 ad
2949 5041 3137 5082 eorum
3175 5041 3302 5095 quae
3323 5027 3653 5096 praecipiun-
3710 5036 3722 5088 f

2072 5127 2158 5170 tur
2207 5116 2568 5170 ministerium
2604 5115 2830 5169 idoneus
2880 5124 2986 5170 est.
3055 5115 3110 5171 Si
3149 5117 3292 5171 enim
3338 5132 3444 5171 non
3488 5117 3541 5170 in
3580 5131 3649 5172 eo
3701 5119 3704 5127 '

2073 5212 2215 5276 qtth
2265 5210 2411 5284 Deus
2441 5207 2714 5276 perfectus
2743 5209 2836 5272 sit,
2886 5205 3521 5284 majestatemppossidet,
3553 5209 3649 5262 sed

2055 5303 2127 5356 .in
2150 5301 2395 5370 .eoquod
2427 5300 2645 5356 sedulus
2675 5305 2748 5355 sit
2784 5302 3054 5369 minister,
3089 5302 3204 5371 jam
3239 5317 3268 5354 a
3313 5301 3652 5355 ministrato—

2033 5430 2038 5450 _.
2077 5390 2170 5446 riis
2201 5389 2501 5458 spiritibus,
2529 5389 2620 5457 qui
2674 5390 2944 5456 inculpate
2971 5389 3256 5443 ministerii
3301 5403 3436 5454 opus
3485 5387 3648 5456 perti-

2077 5481 2374 5550 cinntmua
2421 5481 2474 5534 in
2507 5494 2565 5534 re
2601 5478 2854 5534 diﬂ‘eret?
2890 5479 2982 5533 llis
3010 5479 3077 5534 de
3093 5479 3274 5534 causis
3302 5478 3418 5533 voci
3447 5480 3654 5549 genitus

2082 5583 2267 5638 vocetis
2289 5588 2493 5632 creatus
2515 5578 2816 5646 conjunxit,
2849 5577 3087 5630 utetiam
3122 5575 3248 5629 hinc
3279 5575 3477 5630 nullam
3513 5575 3657 5630 inter

2077 5671 2272 5726 Filium
2291 5681 2344 5725 et
2371 5680 2676 5726 creaturam
2696 5669 3064 5724 diversitatem
3095 5683 3218 5726 esse
3243 5668 3650 5725 ostendatJam

381 5106 509 5160 νίαν
537 5107 657 5174 ξτῶν
713 5110 1161 5177 ἐπιτασσομένων
1195 5112 1364 5165 ἐστίν.
1399 5112 1459 5164 Ei
1505 5113 1614 5181 γὰρ
1650 5115 1749 5168 οὐκ
1782 5116 1838 5166 ἐν
1889 5117 1966 5182 τῷ

381 5197 510 5268 Θεῷ
554 5195 696 5254 εἶναι
732 5203 930 5266 τέλειος
969 5203 1068 5273 τὴν
1115 5202 1273 5268 δόξαν
1317 5203 1610 5274 κέκτηται,
1651 5205 1767 5260 ἀλλ’
1805 5209 1862 5259 ἐν
1895 5209 1970 5277 τῷ

379 5291 656 5362 ὑπουργὸς
685 5295 942 5363 ἀκριὸὴς,
967 5296 1020 5348 τί
1043 5291 1232 5348 διοίσεί
1261 5296 1368 5351 τῶν
1395 5296 1784 5369 λειτουργικῶν
1807 5317 1964 5352 πνευ-

377 5384 572 5454 μάτων
606 5387 910 5456 ἀμέμπτως
944 5387 1004 5440 τὸ
1029 5388 1190 5459 ἔργον
1227 5390 1323 5456 τῆς
1353 5389 1630 5453 διακονίας
1656 5391 1964 5444 ἐπιτελοῦν·

375 5494 528 5542 των;
569 5480 668 5532 Διά
701 5479 870 5534 ταῦτα
897 5480 976 5551 τῷ
1006 5483 1287 5550 γεννηθεὶς
1328 5483 1382 5535 τὸ
1411 5483 1652 5546 κτισθεὶς
1689 5485 1924 5554 συνῆψεν
1947 5527 1962 5546 ,
2025 5523 2076 5544 ,,,

375 5570 475 5625 ἵνα
521 5573 814 5628 κάντεῦθεν
862 5575 1133 5644 μηδεμίαν
1172 5571 1338 5630 οὖσαν
1380 5575 1510 5630 Υἱοῦ
1547 5577 1641 5630 καὶ
1675 5578 1971 5648 κτίσματος

374 5665 647 5734 διαφορὰν
671 5667 935 5739 ἐπιδείξῃ.
966 5669 1154 5733 Ἄξιον
1181 5669 1237 5721 δὲ
1267 5668 1498 5723 ἀκοῦσαι
1527 5669 1619 5722 καὶ
1641 5670 1736 5739 τῆς
1770 5688 1963 5740 παραιο

456 5832 469 5862 ³
504 5829 661 5888 Joan.
691 5849 727 5896 ι,
763 5832 812 5885 l.
892 5833 911 5863 '
940 5831 1079 5886 [δεδι.
1109 5846 1221 5892 cur,
1255 5832 1308 5884 ’5.

732 5927 1001 5985 ιἐτιιοι..
1045 5926 1160 5985 Gn.
1194 5923 1456 5985 CXXX.

2112 5998 2120 6006 ο
3257 5921 3328 5983 17
