4026 6290
510 343 628 407 Ἔθὲθ

1754 342 2139 403 EUTIIYMII
2182 343 2545 405 ZlGABENI

3645 357 3733 419 εει

519 473 648 515 vero
677 471 855 528 operae
892 456 1128 527 pretium
1155 454 1321 511 fuerit
1352 454 1495 510 illius
1516 468 1734 525 quoque
1766 454 2093 512 admonitio-

2206 456 2429 521 νέσεως.
2462 459 2536 511 Οὑ
2568 458 2697 529 χρὴ,
2735 460 2869 531 φηιῇ⁸
2890 502 2904 524 ,
2939 463 3005 531 τῇ
3044 460 3137 514 τοῦ
3167 460 3373 531 [ἰατρὸς
3403 463 3488 517 καὶ
3522 467 3604 521 τοῦ
3630 471 3738 527 Υἱοῦ

522 567 642 607 nem
676 549 886 607 audire.
918 549 1036 604 Non
1066 556 1301 618 oportet,
1330 548 1527 617 inquit,
1558 561 1682 602 cum
1716 546 1893 602 Patris
1926 561 1987 601 ac
2014 546 2104 601 Fi-

520 645 577 698 lii
611 642 1022 713 appellationem
1054 638 1322 703 audimus,
1350 637 1472 706 ejus
1500 636 1901 708 generationem
1915 637 2103 691 buma-

522 750 646 789 nam
675 732 973 802 intelligere
1009 746 1025 785 :
1059 744 1160 785 nec
1190 727 1467 785 hominum
1518 730 1869 798 generatione
1924 728 2102 782 adduc

519 833 656 890 ctos,
692 823 857 877 Deum
887 818 1286 875 communionis
1314 818 1626 874 nominibus
1647 825 1739 872 aut
1755 816 2103 889 passionibus

517 913 805 979 subjicere.
834 908 1018 964 Monet
1041 907 1236 963 Filium
1258 907 1405 963 Patri
1422 909 1721 965 secundum
1741 908 2100 965 substantiam

517 1007 746 1062 similem
779 1003 1008 1073 intelligi
1036 1019 1140 1059 non
1183 1013 1456 1074 oportere.
1514 1003 1629 1060 Hoc
1659 1003 1804 1060 enim
1841 1003 1943 1058 sibi
1984 1002 2101 1057 vult

517 1099 607 1154 illa
637 1097 1071 1166 participationis
1105 1100 1343 1167 negatio,
1378 1098 1535 1167 quasi
1579 1097 1882 1153 substantia
1922 1094 2102 1152 Patris

515 1207 640 1246 cum
671 1190 972 1246 substantia
999 1190 1124 1246 Filii
1154 1205 1259 1246 non
1283 1199 1447 1262 queat
1467 1190 1904 1245 communionem
1935 1188 2099 1243 ullam

516 1284 736 1338 habere.
794 1281 868 1336 Eo
897 1283 1186 1337 tendebaut
1216 1297 1405 1351 graves
1442 1282 1564 1347 illa},
1594 1297 1821 1350 quarum
1855 1289 2101 1351 nostur-

512 1376 637 1431 bam
688 1374 1161 1444 praetermisimus,
1228 1375 1513 1428 nominum
1577 1373 1983 1437 distinctiones,
2040 1380 2100 1427 ut

514 1478 736 1537 propter
762 1481 856 1521 eos
885 1466 975 1535 qui
1014 1468 1064 1519 in
1106 1475 1250 1521 terra
1288 1478 1472 1536 patres
1522 1464 1893 1532 nominantur,
1941 1474 2099 1533 neget

516 1560 684 1615 Deum
711 1558 831 1613 Filii
864 1559 1076 1614 Patrem
1105 1574 1249 1616 esse.
1295 1560 1402 1629 Ego
1440 1574 1595 1619 vero,
1635 1573 1758 1612 cum
1788 1558 1957 1613 multa
1988 1557 2098 1611 sint

513 1668 634 1722 qum
678 1652 1153 1707 Christianismum
1204 1667 1233 1705 a
1284 1652 1468 1716 gentili
1525 1666 1712 1706 errore
1761 1665 1823 1706 ac
1872 1649 2097 1705 Iudaica

515 1745 817 1817 ignorantia
852 1745 1133 1811 dirimunt,
1168 1745 1375 1799 nullum
1409 1745 1647 1799 arbitror
1685 1745 1739 1799 in
1779 1752 1976 1799 nostra:
2004 1759 2095 1798 sa-

516 1839 640 1893 tutis
669 1836 961 1907 Evangello
986 1838 1164 1892 inesse
1192 1838 1372 1905 potius
1406 1853 1468 1893 ac
1493 1839 1666 1908 majus
1688 1837 1902 1906 dogma,
1929 1850 2090 1904 quam

514 1930 568 1983 iu
606 1928 826 1983 Patrem
859 1938 910 1983 et
940 1927 1135 1982 Filium
1168 1927 1348 1983 fidem.
1382 1928 1516 1981 Nam
1545 1928 1626 1984 vel
1654 1929 1690 1983 ii
1722 1929 1815 1998 qui
1849 1943 2096 1999 quocun-

513 2036 619 2089 que
698 2035 887 2076 errore
960 2020 1119 2075 scissi
1199 2027 1344 2086 sunt,
1430 2021 1595 2074 Deum
1654 2031 1961 2074 creatorem
2031 2032 2097 2072 ac

512 2114 761 2184 opificem
813 2127 936 2168 esse
961 2111 1312 2168 conﬁtentur.
1382 2112 1481 2179 Qui
1513 2126 1641 2167 vero
1682 2112 1819 2168 falso
1857 2111 2097 2180 appellat

511 2205 748 2269 Patrem,
783 2215 835 2258 et
865 2204 1063 2258 Filium
1106 2207 1247 2259 nuda
1290 2203 1654 2274 appellatione
1683 2204 1964 2273 praedicat,
2014 2204 2100 2258 ni-

512 2298 691 2367 hilque
712 2296 934 2350 diﬂ‘erre
954 2295 1273 2359 arbitratur,
1295 2295 1378 2350 vel
1414 2293 1632 2349 Patrem
1673 2296 1756 2349 vel
1790 2305 2095 2350 creatorem

512 2390 775 2460 protiteri,
796 2397 850 2442 et
871 2396 964 2442 aut
986 2386 1182 2442 Filium
1209 2399 1296 2440 aut
1321 2387 1590 2441 facturam
1616 2386 1823 2450 dicere,
1848 2386 1938 2441 ubi
1958 2402 1985 2440 a
2002 2401 2099 2441 no-

513 2484 593 2536 his
610 2480 992 2543 collucabitur,
1046 2487 1143 2532 aut
1178 2494 1284 2549 qua
1314 2478 1534 2532 insecta
1559 2478 1978 2533 numerabitur?
2002 2477 2098 2533 Ju-

513 2578 825 2629 dueornmne
872 2589 939 2626 an
995 2571 1279 2639 gentium?
1339 2570 1449 2626 Nec
1492 2571 1635 2625 enim
1678 2570 2006 2626 Christianis
2038 2585 2097 2626 se

512 2668 785 2738 adiunget,
835 2666 924 2733 qui
960 2665 1176 2732 pietatis
1210 2664 1377 2719 robur
1402 2674 1455 2719 et
1504 2665 1645 2718 velut
1691 2663 1969 2734 religionis
2002 2681 2097 2719 nu-

513 2769 638 2813 strze
669 2757 1044 2811 characterem
1084 2756 1381 2809 inilciatur.
1432 2753 1547 2809 Non
1585 2755 1729 2809 enim
1764 2756 1815 2809 in
1845 2754 2094 2825 opificem

512 2850 865 2912 credidimus,
907 2858 960 2903 et
991 2850 1041 2902 in
1074 2848 1344 2903 facturam
1389 2864 1403 2901 :
1458 2848 1549 2902 sed
1584 2848 1635 2901 in
1667 2844 1883 2902 Patrem
1917 2858 1970 2902 et
2002 2846 2097 2902 Fi-

510 2944 639 2998 lium
676 2958 771 3014 per
797 2940 1048 3012 baptismi
1082 2940 1315 3011 gratiam
1341 2939 1610 3009 obsignati
1641 2954 1850 2995 sumus.
1895 2939 2097 3005 Quam-

510 3039 698 3092 obrem
730 3036 820 3105 qui
857 3035 957 3089 has
1000 3033 1224 3103 rejicere
1256 3048 1417 3088 voces
1447 3032 1629 3097 audet,
1677 3047 1891 3088 omnem
1934 3032 2098 3085 simul

2209 550 2578 621 προσέχοντας
2631 553 3010 624 προσηγορίᾳ,
3061 553 3409 624 ἀνθρωπικὴν
3460 557 3608 612 αὑτοῦ
3653 563 3737 631 τὴν

2206 642 2463 713 γέννησιν
2488 647 2708 712 ἐννοεῖν,
2738 646 2835 701 καὶ
2858 647 2922 700 ἐκ
2942 647 3050 699 τῶν
3074 647 3131 699 ἐν
3156 646 3453 714 ἀνθρώποις
3508 657 3738 718 γενέσεων

2208 736 2580 805 ἀναγομένους
2605 741 2715 802 τοῖς
2745 739 2848 809 τῆς
2882 739 3178 808 μετουσίας
3209 740 3431 810 ὀνόμασι
3491 745 3575 795 καὶ
3601 746 3745 800 πάθε.

2211 843 2297 879 σιν
2325 827 2555 896 ὑπάγειν
2581 828 2672 884 τὸν
2698 829 2852 885 Θεόν.
2888 830 2954 883 Ἦ
2983 830 3083 899 μὲν
3117 830 3435 901 παραίνεσις
3459 833 3528 902 μὴ
3542 833 3640 887 δεῖν
3659 836 3744 907 τὴν

2209 918 2331 971 κατ’
2361 919 2551 973 οὐσίαν
2581 919 2674 973 τοῦ
2709 920 2843 974 Υἱοῦ
2864 920 2958 974 καὶ
2991 920 3205 988 Πατρὸς
3231 920 3517 992 ὁμοιότητα
3545 926 3746 982 ἐννοεῖν.

2207 1007 2376 1061 Τοῦτο
2410 1010 2524 1079 γὰρ
2559 1010 2712 1081 αὐτῷ
2749 1009 3003 1081 βούλεται
3041 1013 3068 1082 ἡ
3106 1010 3209 1081 τῆς
3251 1013 3530 1080 μετουσίας
3568 1017 3748 1086 ἀπαγό-

2210 1114 2415 1166 ρευσις,
2449 1098 2526 1161 ὡς
2559 1100 2926 1171 ἀκοινωνήτου
2958 1100 3057 1169 τῆς
3084 1099 3181 1152 τοῦ
3214 1100 3425 1172 Πατρὸς
3451 1103 3621 1167 οὑσίας
3644 1108 3755 1176 περὶ

2208 1189 2307 1257 τὴν
2363 1190 2456 1243 τοῦ
2519 1192 2857 1259 Μονογενοῦς
2915 1192 3291 1264 ὑπαρχούσης.
3353 1194 3449 1246 Διὰ
3508 1195 3649 1248 τοῦτο
3703 1199 3751 1251 αἱ

2211 1284 2407 1351 σεμναὶ
2434 1285 2638 1337 ἐκεῖναι
2666 1286 2774 1338 τῶν
2800 1286 3078 1356 ὀνομάτων
3099 1286 3399 1347 διαστολαὶ,
3427 1280 3499 1341 ὧν
3523 1288 3606 1341 τὸν
3624 1290 3757 1359 δχλον

2192 1374 2369 1443 ’ἡμεῖς
2395 1373 2636 1444 ὑπερέϐη
2647 1393 2766 1445 μεν,
2806 1376 2892 1429 ἵνα
2923 1377 2982 1429 τὸ
3011 1377 3231 1447 Πατέρα
3262 1372 3403 1431 εἶναι
3428 1378 3517 1431 τοῦ
3545 1379 3662 1432 Υίοῦ
3686 1381 3763 1433 τὸν

2202 1466 2337 1519 Θεὸν
2367 1466 2453 1519 διὰ
2485 1468 2611 1529 τοὺς
2642 1469 2734 1520 ἐπὶ
2765 1469 2869 1538 γῆς
2931 1471 3176 1539 πατέρας
3204 1470 3624 1540 ὀνομαζομένους
3651 1474 3765 1538 ἀφέ-

2199 1558 2378 1629 ληται.
2424 1559 2565 1625 Ἐγὼ
2592 1560 2651 1613 δὲ
2685 1561 2899 1616 πολλῶν
2934 1560 3125 1625 δντων,
3163 1561 3199 1615 ἃ
3232 1561 3328 1615 τὸν
3362 1563 3765 1634 Χριστιανισμὸν
3844 1572 3848 1598 ί

2199 1653 2307 1705 ἀπὸ
2332 1654 2429 1722 τῆς
2467 1652 2787 1724 Ἑλληνικῆς
2815 1655 3022 1726 πλάνης
3052 1657 3143 1709 καὶ
3170 1657 3271 1727 τῆς
3295 1656 3581 1726 Ἰουδαϊκῆς
3609 1659 3767 1723 ἀγνω-

2211 1744 2333 1808 σίας
2356 1745 2644 1815 διίστησιν,
2676 1748 2827 1800 ούδέν
2858 1748 3100 1818 ἡγοῦμαι
3130 1749 3471 1818 κυριώτερον
3495 1749 3658 1819 δόγμα
3682 1750 3767 1819 τῆς

2206 1836 2286 1897 εἰς
2320 1836 2542 1905 Πατέρα
2570 1837 2666 1889 καὶ
2692 1837 2820 1889 Υίὸν
2844 1837 3076 1902 πίστεως
3105 1836 3183 1908 τῷ
3209 1837 3531 1909 Εὐαγγελίῳ
3561 1839 3651 1909 τῆς
3673 1856 3766 1892 σω-

2197 1927 2393 1998 τηρίας
2414 1927 2571 1997 ἡμῶν
2598 1929 2924 2000 ἐνυπάρχον.
2962 1930 3114 1983 Ἐπεὶ
3136 1930 3213 2001 τῷ
3236 1946 3305 1998 γε
3336 1930 3561 2001 κτίστην
3591 1931 3674 1983 καὶ
3696 1931 3775 1998 δη.

2201 2018 2465 2089 μιουργὸν
2506 2016 2645 2073 εἶναι
2697 2021 2789 2075 τὸν
2825 2021 2959 2074 Θεὸν
2998 2024 3096 2076 καὶ
3136 2023 3185 2075 οῖ
3235 2022 3366 2076 καθ’
3402 2023 3775 2092 όποιανδήποτι

2199 2111 2410 2184 πλάνην
2461 2113 2857 2183 ἀπεσχισμένοι
2913 2114 3285 2169 συντίθενται.
3350 2116 3410 2169 Ὀ
3461 2115 3518 2169 δὲ
3575 2116 3773 2185 Πατέρα

2199 2201 2585 2272 ψευδώνυμον,
2648 2204 2738 2257 καὶ
2799 2204 2927 2257 Υίὸν
2987 2206 3150 2275 μέχρι
3201 2204 3583 2277 προσηγορίας
3632 2205 3777 2275 ψιλῆς

2198 2295 2626 2361 καταγγέλλων,
2679 2296 2772 2347 καὶ
2833 2295 2987 2348 οὐδὲν
3048 2295 3362 2367 ἡγούμενος
3409 2296 3681 2366 διαφέρειν
3754 2296 3782 2365 ἢ

2202 2387 2424 2457 Πατέρα
2451 2388 2757 2458 ὁμολογεῖν,
2792 2388 2822 2457 ἢ
2860 2388 3106 2458 κτίστην,
3148 2389 3250 2443 καὶ
3285 2390 3409 2460 ἦτοι
3443 2388 3571 2443 Υίὸν
3598 2389 3782 2455 λέγειν,

2198 2480 2232 2550 ἢ
2269 2481 2484 2550 ποίημα
2506 2522 2520 2545 ,
2558 2480 2663 2533 ποῦ
2693 2480 2979 2545 τετάξεται
3026 2481 3159 2547 παρ’
3189 2483 3358 2552 ἡμῶν
3387 2502 3403 2548 ;
3446 2486 3478 2554 ἢ
3514 2485 3610 2554 τῆς
3643 2484 3787 2545 ποίας

2207 2571 2425 2642 μερίδος
2457 2572 2900 2643 ἁριθμηθήσεται
2929 2589 2944 2639 ;
2978 2576 3077 2645 τῆς
3124 2575 3435 2641 Ἰουδαίων,
3475 2576 3505 2645 ἢ
3541 2577 3639 2644 τῆς
3679 2575 3787 2627 Ἐλ-

2199 2664 2416 2731 λήνων;
2462 2663 2539 2717 Οὑ
2588 2666 2696 2733 γὰρ
2728 2663 2793 2733 δὴ
2824 2662 3170 2734 Χριτσεανοῖς
3205 2666 3414 2719 ἑαυτὸν
3455 2667 3795 2734 εἰσποιήσειό

2198 2757 2297 2826 τὴν
2318 2756 2548 2827 δύναμιν
2576 2759 2675 2826 τῆς
2703 2756 3010 2819 εὐσεϐείας,
3042 2759 3136 2810 καὶ
3159 2757 3258 2813 τὸν
3286 2760 3460 2813 οίονεὶ
3482 2758 3790 2829 χαρακτῆρα

2198 2848 2300 2918 τῆς
2330 2848 2587 2919 λατρείας
2607 2848 2764 2918 ἡμῶν
2794 2850 3148 2918 ἀρνούμενος.
3172 2850 3255 2903 Οὐ
3289 2850 3408 2921 γὰρ
3437 2852 3518 2913 είς
3551 2851 3800 2920 δημιουρ-

2201 2943 2298 3007 γὸν
2334 2942 2427 2993 καὶ
2465 2942 2678 3010 ποίημα
2711 2940 3142 3009 ἐπιστεύσαμεν,
3179 2938 3307 2994 ἀλλ’
3343 2942 3428 3005 εἰς
3465 2942 3683 3011 Πατέρα
3713 2940 3799 2991 καὶ

2203 3032 2329 3086 Υίὸν
2343 3033 2432 3086 διὰ
2449 3032 2546 3103 τῆς
2563 3034 2621 3085 ἐν
2637 3032 2713 3102 τῷ
2734 3031 3072 3102 βαπτίσματι
3087 3034 3321 3103 χάριτος
3336 3034 3799 3104 ἐσφραγίσθημεν.

509 3129 928 3200 Evangeliorum
984 3127 1090 3181 vim
1135 3124 1262 3180 facit
1298 3125 1530 3191 irritam,
1563 3141 1684 3179 cum
1738 3140 1839 3180 nec
1878 3123 2094 3181 Patrem

2205 3125 2367 3178 Ὥστε
2397 3127 2424 3179 ό
2453 3124 2656 3187 ταύτας
2685 3124 2897 3179 ἀθετῶν
2926 3125 3027 3187 τὰς
3088 3127 3279 3193 φωνὰς
3326 3129 3516 3181 πᾶσαν
3545 3126 3676 3196 ὁμοῦ
3705 3124 3802 3177 τῶν

510 3234 885 3294 generantem,
938 3236 1035 3275 nec
1093 3219 1291 3275 Filium
1340 3219 1581 3288 genitum
1632 3218 1914 3289 praedicet.
1990 3218 2094 3274 Sed

2203 3217 2554 3285 Εὐαγγελὶων
2585 3217 3013 3286 παραγράφεται
3046 3217 3144 3288 τὴν
3176 3218 3445 3288 δύναμιν,
3483 3221 3703 3288 Πατέρα
3736 3216 3801 3286 μὴ

511 3319 626 3372 haec
692 3315 836 3378 dico,
895 3315 1091 3382 inquit,
1177 3322 1235 3366 ut
1294 3311 1565 3379 passionis
1620 3310 2032 3380 intelligentiam
2067 3324 2098 3364 e

508 3406 692 3461 Patris
716 3418 849 3460 voce
888 3409 1238 3457 enascentem
1273 3401 1496 3468 fugiam.
1552 3399 1755 3455 Verum
1815 3402 2100 3470 Oportebat

510 3512 633 3550 cum
686 3495 777 3566 qui
822 3495 907 3563 pie
932 3508 1093 3565 agere
1115 3491 1417 3558 statuisset,
1447 3493 1707 3547 absonum
1737 3495 1930 3547 horum
1979 3508 2099 3547 ver-

512 3592 699 3643 borum
734 3603 977 3648 sensum,
1008 3586 1050 3639 si
1088 3586 1177 3654 qui
1217 3594 1398 3638 tamen
1437 3585 1635 3651 inerat,
1675 3599 1960 3655 respuere,
1992 3599 2095 3638 non

512 3691 678 3735 totam
728 3680 890 3735 simul
933 3693 1124 3733 vocem
1216 3678 1542 3747 reprobare;
1626 3692 1800 3748 neque
1847 3677 2087 3734 indecori

510 3775 754 3840 obtentu,
788 3770 1051 3841 quidquid
1079 3769 1147 3823 ab
1177 3784 1239 3825 ea
1286 3769 1496 3824 accedit
1527 3768 1800 3834 utilitatis,
1848 3770 1900 3825 id
1933 3769 2095 3825 simul

514 3866 786 3936 rejicere;
826 3865 945 3931 sed,
982 3864 1174 3919 humili
1235 3862 1420 3918 carnis
1460 3861 1818 3933 intelligentia
1867 3865 2093 3932 postha—

512 3961 644 4022 hita,
708 3974 897 4028 puram
931 3957 997 4012 de
1040 3957 1149 4011 Deo
1207 3956 1536 4011 sententiam
1587 3955 1765 4018 tueri,
1822 3967 1877 4010 et
1941 3970 2092 4025 gene-

510 4056 771 4108 rationem
846 4049 1118 4106 sanctitati
1182 4059 1346 4120 atque
1425 4049 1663 4119 apathiae
1746 4049 1836 4103 Dei
1893 4064 2093 4104 conve-

513 4146 747 4197 nientem
803 4142 1103 4210 intelligere
1151 4158 1164 4194 :
1204 4141 1340 4195 adeo
1375 4150 1433 4194 ut
1468 4143 1681 4194 modum
1724 4142 1941 4209 quidem
1987 4157 2095 4212 quo

517 4234 659 4287 Deus
690 4233 904 4301 genuit,
940 4243 1195 4299 tauquam
1236 4233 1328 4302 qui
1376 4230 1666 4287 ineﬂ'abilis
1699 4247 1762 4286 ac
1787 4232 2094 4303 incompre-

514 4322 798 4378 hensibilis
853 4322 944 4386 sit,
1002 4322 1460 4389 praetermitteret,
1495 4325 1560 4377 ad
1610 4308 1927 4379 substantiae
1965 4328 2092 4380 vero

512 4413 925 4467 similitudinem
977 4425 1073 4480 per
1120 4413 1413 4480 generandi
1465 4410 2091 4485 appellationcm‘dedu-

2201 3311 2565 3380 γεννήσαντα,
2625 3309 2721 3361 καὶ
2772 3308 2901 3361 Υίὸν
2951 3309 3026 3378 μὴ
3080 3310 3432 3380 γεννηθέντα
3490 3311 3794 3381 κηρύσσων.

2214 3399 2373 3453 Ἀλλὰ
2401 3399 2576 3452 ταῦτα
2606 3398 2808 3466 λέγων,
2841 3403 3001 3470 φησὶ,
3053 3400 3156 3468 τὴν
3190 3401 3293 3454 τοῦ
3356 3401 3575 3465 πάθους
3605 3400 3802 3455 ἐννοιαν

2202 3491 2303 3563 τὴν
2331 3494 2394 3544 ἐκ
2427 3493 2528 3562 τῆς
2560 3489 2655 3544 τοῦ
2685 3492 2901 3562 Πατρὸς
2926 3493 3109 3565 φωνῆς
3138 3495 3525 3565 ἐγγινομένην
3556 3494 3800 3547 ἐκκλίνω.

2222 3584 2421 3655 Ἐχρῆν
2481 3584 2541 3637 δὲ
2594 3583 2770 3654 δήπου
2826 3584 2918 3637 τόν
2971 3600 3036 3652 γε
3088 3584 3353 3639 εὐσεϐεῖν
3414 3587 3699 3657 ἐγνωκότα
3752 3583 3808 3636 τὸ

2199 3680 2547 3749 ἁπεμφαῖνον
2580 3676 2680 3747 τῆς
2735 3679 2792 3731 ἐν
2843 3679 2957 3741 τοῖς
3006 3678 3222 3749 ῥήμασι
3264 3680 3498 3755 τούτοις
3556 3678 3807 3739 διανοίας.

2200 3773 2253 3825 εῖ
2280 3788 2331 3824 τι
2367 3772 2477 3842 ἄρα
2508 3772 2605 3824 καὶ
2639 3772 2919 3842 ἐνυπῆρχε
2948 3776 3489 3846 παραιτησάμενον,
3532 3776 3611 3848 μὴ
3638 3774 3811 3828 πᾶσαν

2199 3862 2414 3933 ἀθρόως
2467 3864 2567 3933 τὴν
2627 3863 2815 3934 φωνὴν
2869 3864 3111 3931 ἀθετεῖν,
3172 3868 3326 3937 μηδέ
3392 3871 3677 3939 προφάσει
3722 3864 3811 3919 τοῦ

2198 3955 2486 4026 ἀπρεποῦς
2539 3956 2631 4008 καὶ
2663 3955 2726 4008 τὸ
2753 3957 2880 4009 ὅσον
2935 3958 3029 4009 ἀπ’
3060 3959 3239 4027 αὐτῆς
3272 3962 3575 4033 χρήσιμον
3626 3974 3815 4012 συνεκ-

2197 4045 2452 4113 ϐάλλειν,
2508 4046 2623 4102 ἀλλ’
2670 4048 2780 4102 ἀπὸ
2823 4048 2925 4117 μὲν
2961 4049 3069 4102 τῶν
3129 4054 3434 4107 ταπεινῶν
3483 4054 3583 4108 καὶ
3630 4069 3815 4122 σαρκι-

2201 4140 2311 4193 κῶν
2340 4140 2630 4209 νοημάτων
2669 4142 2727 4193 ὲν
2776 4143 2891 4206 τοῖς
2948 4143 3076 4212 περὶ
3128 4143 3277 4197 Θεοῦ
3326 4145 3588 4216 δόγμασι
3649 4142 3810 4197 καθα·

2198 4232 2399 4303 ρεύειν,
2435 4233 2689 4304 γέννησιν
2721 4233 2777 4286 δέ
2808 4237 2875 4305 τῇ
2915 4236 3203 4309 ἁγιωσύνῃ
3257 4238 3368 4292 τοῦ
3418 4239 3591 4303 Θεοῦ,
3626 4241 3719 4292 καὶ
3749 4239 3810 4304 τῇ

2197 4324 2438 4396 ἀπαθείᾳ
2490 4324 2811 4394 πρέπουσαν
2842 4328 3071 4392 ἐννοεῖν,
3109 4328 3207 4381 τὸν
3268 4330 3384 4401 μὲν
3418 4333 3661 4403 τρόπον,
3692 4326 3812 4385 καθ’

2192 4416 2253 4469 δν
2286 4417 2579 4486 ἐγέννησεν
2610 4419 2638 4469 ὁ
2674 4418 2829 4482 Θεὸς,
2867 4419 2942 4481 ὼς
2975 4420 3247 4492 ἄρρητον,
3287 4426 3396 4478 καὶ
3448 4426 3816 4495 ἁπερινόητον

511 4515 747 4560 ceretur.
785 4501 1104 4569 Quanquam
1144 4503 1487 4571 perspicuum
1520 4517 1604 4560 est
1637 4498 1929 4575 reputanti,
1974 4509 2088 4564 haec

2199 4510 2448 4577 ἀφιέντα,
2485 4509 2624 4578 πρὸς
2648 4508 2704 4561 δέ
2738 4508 2838 4580 τὴν
2863 4512 2986 4564 κατ’
3016 4512 3213 4565 οὑσιαν
3267 4514 3600 4587 ὁμοιότητα
3634 4516 3698 4569 ἐκ
3723 4514 3816 4583 τῆς

515 4597 757 4662 numina,
817 4593 978 4648 Pater
1006 4604 1057 4647 et
1082 4592 1273 4657 Filius.
1326 4597 1690 4666 corporalium
1747 4596 2090 4654 affectionnm

509 4688 892 4759 cngitationem
950 4687 1168 4755 proprie
1212 4703 1274 4741 ac
1307 4687 1569 4755 primario
1620 4706 1809 4757 parcre
1862 4688 2089 4744 non-So-

511 4783 646 4844 lere,
696 4780 794 4835 scd
840 4795 963 4834 cum
1024 4794 1120 4847 per
1164 4794 1221 4833 se
1249 4780 1363 4834 sola
1393 4782 1670 4844 dicuntur,
1719 4781 1896 4836 solum
1942 4784 2092 4835 habi-

512 4887 628 4925 tum
666 4883 915 4925 mutuum
967 4870 1232 4925 indicare.
1279 4871 1440 4926 Pater
1481 4873 1624 4927 enim
1660 4882 1765 4941 est,
1810 4875 1902 4943 qui
1932 4875 2089 4930 alteri

508 4963 801 5019 exsistendi
851 4962 1174 5030 principium
1237 4965 1533 5020 secundum
1591 4966 1820 5021 similem
1878 4966 2089 5035 sibiipsi

513 5066 759 5112 naturam
788 5055 1021 5110 contulit
1045 5072 1058 5109 :
1102 5057 1246 5111 lilius
1271 5073 1422 5124 vero,
1456 5059 1546 5128 qui
1567 5068 1631 5114 ex
1665 5061 1771 5115 alio
1798 5076 1895 5129 per
1922 5077 2089 5133 gene-

480 5134 778 5208 ‘rationem
828 5147 1154 5215 principium
1210 5160 1267 5202 ut
1313 5152 1384 5204 sit
1428 5152 1634 5206 habuit.
1701 5152 1907 5222 itaque,
1960 5169 2085 5209 cum

508 5245 781 5310 audimus,
863 5242 1136 5295 hominem
1196 5248 1404 5310 patrem
1487 5258 1633 5307 esse,
1716 5255 1842 5300 tunc
1894 5246 2084 5301 incidit

508 5334 663 5391 nobis
747 5330 980 5387 affectus
1052 5331 1311 5402 cOgitatio'
1376 5350 1391 5386 :
1452 5344 1506 5387 at
1561 5350 1691 5390 vero
1736 5351 1858 5390 cum
1914 5337 2085 5392 Deum

508 5427 749 5493 Patrem,
815 5434 929 5480 tum
1009 5426 1075 5479 ad
1171 5424 1556 5493 impassibiiem
1627 5441 1845 5482 causam
1906 5441 2087 5485 mente

509 5519 823 5573 attollimur.
860 5519 1159 5573 Eunomins
1213 5526 1392 5571 autem
1427 5519 1567 5573 hanc
1591 5519 1999 5588 appellationem
2018 5521 2087 5577 de

510 5610 757 5678 suh‘jecta
805 5607 1190 5663 an‘ectiouibus
1246 5617 1443 5662 natura
1508 5610 1759 5679 accipere
1805 5622 2082 5680 assuetus,

508 5699 651 5766 quod
689 5698 917 5751 rationis
940 5699 1058 5766 ejus
1084 5709 1301 5767 captum
1343 5710 1588 5768 supcrat,
1650 5702 1701 5754 id
1733 5709 1791 5753 ut
1831 5701 2084 5769 impossi-

510 5789 616 5842 bile
648 5799 925 5858 pernegat.
990 5790 1106 5844 Non
1139 5793 1283 5844 enim
1318 5808 1414 5860 par
1454 5805 1577 5848 erat
1613 5807 1759 5861 eum,
1808 5798 2081 5865 corrupti-

2194 4600 2287 4655 τοῦ
2314 4603 2510 4673 γεννᾷν
2540 4601 2915 4673 προσηγορίας
2954 4603 3367 4675 ὸδηγούμενον.
3392 4610 3607 4663 Καίτοι
3633 4626 3695 4677 γε
3727 4624 3819 4675 φα-

2194 4692 2349 4761 νερὸν
2405 4693 2782 4762 σκοπουμένῳ,
2838 4694 2920 4747 ὅτι
2950 4694 3011 4746 οὑ
3067 4699 3435 4767 σωματικῶν
3492 4700 3692 4755 παθῶν
3733 4715 3821 4751 κυ-

2196 4785 2328 4853 ρίως
2358 4784 2455 4839 καὶ
2481 4787 2712 4855 πρώτως
2739 4787 2951 4843 ἔννοιαν
2987 4792 3247 4860 ἐμποιεῖν
3294 4798 3476 4849 ταυτὶ
3521 4799 3737 4865 πέφυκε
3760 4794 3822 4844 τὰ

2192 4876 2459 4946 ὀνόματα,
2512 4879 2542 4930 ὸ
2594 4877 2807 4948 Πατὴρ,
2846 4881 3009 4949 λέγω,
3039 4883 3135 4936 καὶ
3186 4885 3221 4935 ὁ
3281 4887 3451 4955 Υἱὸς,
3505 4889 3649 4942 ἀλλὰ
3705 4884 3821 4939 καθ’

2192 4970 2363 5024 ἑαυτὰ
2389 4971 2666 5040 λεγόμένα
2693 4973 2791 5040 τὴν
2828 4975 2964 5044 πρὸς
2996 4974 3208 5045 ἄλληλα
3272 4983 3490 5049 σχέσιν
3546 4982 3816 5037 ἐνδείκνυο

2192 5077 2281 5112 ται
2316 5060 2508 5131 μόνην.
2542 5055 2734 5133 Πατὴρ
2773 5062 2873 5131 μὲν
2906 5066 3016 5134 γάρ
3043 5067 3197 5118 ἐστιν
3236 5067 3271 5119 ὁ
3307 5071 3507 5142 ἑτέρῳ
3544 5071 3645 5123 τοῦ
3679 5065 3813 5121 εἶναι

2193 5154 2332 5205 κατά
2373 5150 2473 5222 τὴν
2512 5154 2703 5220 όεκίαν
2731 5154 2883 5224 αύτῷ
2913 5155 3077 5223 φύσιν
3111 5163 3219 5226 τὴν
3247 5161 3457 5233 ἀρχὴν
3491 5159 3816 5233 παρασχὼν,

2192 5244 2321 5306 Υἱὸς
2362 5244 2421 5297 δὲ
2451 5244 2481 5296 ὁ
2511 5242 2811 5316 ἐξεηέτέρου
2848 5247 2945 5299 τοῦ
2977 5250 3255 5319 γεννητὸς
3291 5249 3460 5307 εἶναι
3510 5257 3616 5327 τὴν
3653 5256 3819 5324 ἀρχὴν

2190 5337 2460 5407 ἐσχηκώς.
2495 5337 2668 5393 Ὅταν
2704 5338 2804 5409 μὲν
2829 5335 2924 5394 οὖν
2949 5340 3296 5410 ἀκούσωμεν
3325 5388 3344 5413 ,
3385 5346 3697 5419 ἄνθρωπος
3723 5363 3824 5399 πα·

2188 5429 2317 5500 τῂρ,
2347 5429 2470 5483 τότε
2508 5432 2602 5484 καὶ
2640 5430 2741 5502 τὴν
2769 5431 2866 5485 τοῦ
2915 5434 3123 5497 πάθους
3153 5435 3401 5492 ἔννοιαν
3454 5439 3824 5511 προτλαμϐάο

2191 5538 2355 5591 νομεν
2391 5536 2404 5551 ’
2438 5522 2568 5573 ὅταν
2611 5521 2691 5585 δὲ,
2723 5522 2805 5574 ὅτι
2834 5523 2862 5575 ό
2888 5522 3020 5585 Θεὸς
3063 5523 3295 5594 Πατὴρ,
3334 5529 3443 5581 ἐπὶ
3478 5534 3587 5601 τὴν
3638 5528 3823 5597 ἅπαθῆ

2188 5615 2371 5669 αἰτίαν
2400 5617 2509 5678 τοῖς
2540 5616 2824 5685 λογισμοῖς
2874 5618 3293 5687 ἀνατρέχομεν.
3354 5622 3420 5674 '0
3481 5624 3542 5677 δὲ
3595 5624 3692 5677 ἐπὶ
3730 5623 3825 5689 τῆς

2188 5705 2470 5774 ἐμπαθοῦς
2496 5706 2713 5774 φύσεως
2739 5708 2804 5777 τῇ
2832 5701 3177 5779 προσηγορῖᾳ
3205 5712 3409 5784 ταύτῃ
3474 5714 3828 5775 συνετισθεὶς

2190 5799 2249 5851 τὸ
2302 5798 2443 5871 ὑπὲρ
2478 5800 2577 5870 τὴν
2627 5799 2934 5871 κατάληψιν
2982 5802 3091 5855 τῶν
3122 5802 3349 5857 ἑαυτοῦ
3414 5806 3721 5880 λογισμῶν
3753 5807 3829 5869 ὡς
