4102 6298
403 450 511 513 525

1375 453 1757 515 I’ANOPLIA
1800 452 2264 514 DOGMATlCA.
2295 478 2363 489 -
2403 454 2549 516 TIT.
2593 453 2701 513 XI.
2760 492 2768 499 -

3566 458 3670 523 526

400 562 668 617 ἀδύνατον
696 565 1049 634 ἀπαρνεῖται.
1083 564 1155 616 Οὐ
1184 564 1295 636 γάρ
1326 563 1405 634 τῷ
1448 566 1610 619 πάθει
1640 564 1752 619 τῶν
1801 566 1980 636 φθαρ-

2087 565 2279 621 bilium
2331 563 2675 621 affectionem
2727 563 3123 629 attendentem,
3188 573 3351 635 atque
3406 568 3668 623 substan-

400 656 509 709 τῶν
570 655 910 727 προσέχοντα
970 658 1036 726 τῇ
1091 657 1333 727 ἀπαθείᾳ
1386 657 1482 711 τοῦ
1536 657 1673 712 Θεοῦ
1728 660 1985 713 άπιστεῖν

402 752 701 822 προσῆκον,
773 749 894 803 οὐδὲ
946 753 1014 821 τῇ
1078 752 1281 822 ρευστῇ
1336 751 1538 819 φύσει,
1614 753 1709 806 καὶ
1763 752 1986 823 μυρίαις

400 841 742 916 ὑποκειμένῃ
775 843 1108 912 μεταϐολαῖς
1135 843 1234 913 τὴν
1259 844 1541 915 ἄτρεπτον
1572 844 1665 898 καὶ
1692 845 1985 899 ἀναλλοίω-

401 952 492 989 τον
522 935 712 988 οὐσίαν
738 937 1126 1006 παρατιθέναι.
1162 938 1318 1008 Μηδὲ
1351 938 1432 991 ὅτι
1462 939 1531 992 τά
1560 937 1734 1008 θνητὰ
1756 937 1871 1002 ζῶα
1898 937 1986 991 διὰ

405 1028 611 1091 πάθους
656 1029 844 1101 γεννᾷ,
898 1032 996 1084 καὶ
1044 1031 1138 1084 τὸν
1171 1032 1305 1085 Θεὸν
1356 1032 1523 1102 ἐχρῆν
1556 1030 1728 1093 οὕτως
1752 1030 1982 1096 οἴεσθαι,

399 1118 516 1173 ἀλλ’
556 1121 811 1174 ἐντεῦθεν
844 1123 1045 1193 μᾶλλον
1067 1122 1382 1192 δδηγεῖσθαι
1404 1123 1538 1193 πρὸς
1564 1122 1663 1191 τὴν
1691 1122 1982 1194 ἀλήθειαν,

401 1213 482 1265 ὅτι
511 1214 703 1285 ἐπειδὴ
736 1214 805 1267 τὰ
835 1215 1055 1286 φθαρτὰ
1088 1216 1284 1280 οὕτως,
1314 1219 1343 1270 6
1376 1215 1657 1286 ἄφθαρτος
1693 1216 1980 1279 ἐναντίως.

404 1306 513 1358 Καὶ
573 1305 682 1376 μὴν
712 1307 834 1361 οὐδὲ
871 1309 1049 1362 ἐκεῖνό
1077 1325 1139 1372 γε
1175 1307 1241 1361 ἂν
1276 1307 1610 1376 εἴποιμι,ώς
1644 1307 1852 1378 κυρίως
1888 1308 1984 1360 καὶ

401 1393 637 1461 πρώτως
656 1397 749 1447 ἐπὶ
779 1395 890 1448 τῶν
924 1396 1230 1468 ἀνθρώπων
1257 1398 1612 1466 τεταγμένων
1643 1396 1752 1449 τῶν
1781 1396 1982 1465 ὀνομά-

399 1504 506 1540 των
527 1489 749 1550 τούτων.
806 1490 1269 1561 καταχρηστικῶς
1319 1493 1483 1559 ἡμεῖς
1534 1489 1869 1559 ὲπιλέγομεν
1903 1488 1983 1557 τῷ

398 1580 539 1650 θεῷ.
580 1581 639 1634 '0
665 1583 773 1652 γάρ
796 1599 875 1635 τοι
901 1584 1103 1654 Κύριος
1137 1582 1296 1653 ήμῶν
1333 1581 1541 1653 Ἰησοῦς
1570 1582 1807 1651 Χριστὸς
1843 1580 1982 1652 πρὸς

397 1675 498 1742 τὴν
533 1675 752 1727 πάντων
794 1678 969 1745 ἀρχὴν
994 1676 1089 1728 καὶ
1117 1675 1216 1746 τὴν
1249 1675 1424 1745 ἀληθῆ
1458 1676 1568 1727 τῶν
1593 1674 1765 1727 ὄντων
1798 1675 1981 1727 αἰτίαν

396 1767 687 1836 ἐπανάγων
705 1769 877 1838 ἡμᾶς,
914 1767 1113 1837 Ὑμεῖς
1134 1767 1200 1820 δὲ
1218 1767 1306 1836 μὴ
1332 1768 1659 1836 καλέσητε,
1688 1769 1843 1837 φησὶ,
1870 1780 1983 1819 παι

395 1860 538 1929 τέρα
576 1859 746 1930 ὑμῶν
771 1861 872 1913 ἐπὶ
905 1861 1015 1929 τῆς
1046 1860 1156 1929 γῆς
1179 1876 1191 1889 ο
1218 1856 1305 1925 εἷς
1348 1862 1459 1929 γάρ
1488 1861 1663 1914 ἐστιν
1694 1862 1727 1915 ὸ
1774 1859 1980 1928 Πατὴρ

398 1953 568 2023 ὑμῶν·
598 1957 630 2007 ὁ
676 1954 983 2022 οὐράνιος.
1035 1953 1156 2017 Πῶς
1214 1952 1307 2007 οὖν
1338 1952 1412 2017 ὡς
1465 1951 1745 2023 σαρκικῶν
1786 1951 1978 2005 παθῶν

397 2047 835 2118 προηγουμένως
870 2047 1212 2110 ἐνδεικτικὰς
1265 2047 1471 2111 ταύτας
1507 2048 1658 2117 ἡμᾶς
1686 2045 1833 2107 ἀξιοῖ
1879 2045 1978 2109 τὰς

396 2142 587 2208 φωνάς
621 2140 1074 2210 ἀποπέμπεσθαι,
1139 2140 1205 2205 ἃς
1253 2141 1281 2193 6
1336 2140 1540 2209 Κύριος
1587 2140 1747 2211 ἡμῶν
1777 2139 1853 2203 ὡς
1909 2140 1979 2209 τῇ

397 2233 646 2304 ἀπαθείᾳ
696 2232 790 2286 τοῦ
836 2233 974 2285 Θεοῦ
1010 2234 1335 2303 πρεπούσας
1375 2233 1485 2287 ἀπὸ
1518 2234 1628 2285 τῶν
1670 2228 1980 2302 ἀνθρώπων

397 2326 536 2395 πρὸς
561 2328 757 2380 ἑαυτὸν
795 2327 1187 2397 μετατίθησιν;
1227 2328 1289 2382 El
1317 2329 1373 2382 δὲ
1404 2329 1499 2381 καὶ
1527 2328 1634 2381 τῶν
1665 2328 1980 2396 κτισμάτων

396 2417 596 2488 Πατὴρ
632 2419 986 2490 ὀνομάζεται,
1021 2419 1178 2472 οὔπω
1213 2419 1371 2473 τοῦτο
1405 2419 1483 2490 τῷ
1512 2418 1656 2488 λόγῳ
1719 2418 1797 2488 τῷ
1844 2420 1980 2488 ἡμε-

390 2510 544 2578 τέρῳ
571 2509 823 2579 μάχεται.
865 2508 924 2562 ὐ
951 2509 1061 2580 γὰρ
1090 2509 1329 2572 τετοκὼς
1361 2508 1568 2579 βώλους
1592 2508 1809 2578 δρόσου,
1838 2508 1982 2561 κατὰ

394 2601 496 2653 τὸν
527 2601 622 2655 τοῦ
668 2601 790 2655 Ἰὼϐ
813 2601 992 2671 λόγον,
1027 2603 1126 2673 οὐχ
1153 2600 1356 2670 ὁμοίως
1381 2602 1479 2663 τάς
1521 2618 1579 2653 τε
1612 2599 1818 2671 βώλους
1888 2603 1983 2654 καὶ

392 2692 493 2745 τὸν
518 2693 646 2747 Υίὸν
672 2694 1116 2751 ἑτεκνώσατο.Ἦ
1133 2699 1181 2747 εἰ
1201 2693 1362 2746 τοῦτο
1391 2693 1572 2762 λέγειν
1594 2694 1978 2766 τολμήσουσιν,

392 2787 543 2840 ὥστε
572 2790 628 2841 ἐν
659 2789 749 2858 ἴση
795 2788 949 2853 τάξει
987 2790 1079 2841 καὶ
1110 2788 1211 2856 τὴν
1243 2788 1432 2841 οὐσίαν
1467 2788 1566 2857 τῆς
1608 2786 1802 2859 δρόσου
1857 2789 1983 2842 Υἱον

394 2880 709 2947 ὀνομάζειν,
760 2882 960 2943 παντὸς
997 2882 1148 2951 ἡμᾶς
1184 2879 1278 2932 τοῦ
1314 2881 1453 2950 πρὸς
1491 2882 1692 2944 αὐτοὺς
1738 2882 1984 2936 ἀπαλλά-

400 2973 553 3036 ξουσι
586 2971 749 3041 λόγου
803 2974 882 3035 εἰς
917 2972 1401 3043 περιφανεστάτην
1446 2976 1831 3043 ἀναισχυντίαν
1882 2976 1980 3045 τὴν

395 3065 753 3134 βλασφημίαν
810 3065 1243 3135 προαγαγόντες.
1311 3064 1445 3118 Οὐδὲ
1490 3066 1598 3135 γὰρ
1650 3066 1738 3118 ὅτε
1790 3066 1981 3135 Πατὴρ

392 3157 557 3227 ἡμῶν
585 3159 802 3211 πάντων
830 3157 1050 3226 λέγεται
1082 3159 1110 3210 6
1145 3157 1297 3221 Θεὸς,
1346 3162 1488 3212 κατὰ
1532 3158 1623 3213 τὸν
1659 3160 1821 3211 αὐτὸν
1852 3162 1978 3230 τρό-

2091 659 2220 712 tiam
2271 658 2663 715 immutabilem
2701 674 2766 714 ac
2818 658 3215 714 inalterabilem
3249 671 3458 717 naturte
3510 663 3668 719 llnxaa

2089 760 2142 804 et
2173 752 2475 807 innumeris
2507 752 2900 806 mutationibus
2949 751 3201 807 obnoxiae
3233 766 3666 824 comparantem,

2092 842 2255 895 Deum
2303 856 2410 896 non
2460 843 2683 898 credere
2750 843 3128 899 affectionibus
3173 846 3490 903 immunem.
3559 849 3668 905 Nec

2088 933 2347 1001 quoniam
2393 932 2639 986 mortalia
2675 934 2930 985 animalia
2973 949 3069 1002 per
3097 932 3353 989 allectum
3380 950 3667 1008 generant,

2089 1024 2161 1078 ita
2213 1038 2429 1093 quoque
2497 1025 2563 1080 de
2630 1024 2740 1080 Deo
2785 1025 2989 1079 sentire
3034 1027 3343 1095 oportebat,
3392 1030 3485 1083 sed
3541 1029 3669 1085 hinc

2092 1118 2267 1186 magis
2314 1116 2512 1171 deduci
2546 1117 2614 1171 ad
2645 1120 2957 1179 veritatem,
2987 1122 3133 1186 quod
3179 1122 3435 1186 quoniam
3477 1137 3669 1176 corru-

2086 1209 2292 1279 ptibilia
2326 1210 2427 1264 hoc
2458 1211 2639 1274 modo,
2676 1210 2721 1265 is
2746 1211 2839 1279 qui
2872 1209 3306 1281 incorruptibilis
3355 1223 3461 1280 est,
3508 1218 3669 1271 modo

2084 1301 2364 1355 contrario
2420 1311 2663 1371 generat.
2717 1301 2912 1372 Neque
2962 1319 3089 1359 vero
3142 1305 3272 1359 illud
3306 1307 3529 1372 dixerit,
3576 1325 3670 1363 no-

2086 1392 2230 1445 mina
2292 1393 2405 1447 haec
2467 1408 2589 1462 quae
2656 1394 2879 1463 proprie
2946 1410 3011 1448 ac
3068 1396 3329 1463 primario
3381 1399 3448 1453 de
3496 1400 3665 1454 homi-

2087 1484 2246 1539 nibus
2306 1495 2564 1554 usurpata
2624 1495 2773 1553 sunt,
2806 1487 2871 1541 de
2898 1487 3005 1541 Deo
3044 1502 3073 1541 a
3108 1489 3265 1543 nobis
3293 1489 3397 1545 dici
3430 1504 3529 1559 per
3568 1491 3667 1544 ab:

2086 1595 2264 1635 usum.
2296 1579 2509 1636 Etenim
2542 1581 2807 1638 Dominus
2840 1594 3027 1638 noster
3055 1581 3215 1638 Jesus
3268 1583 3549 1650 Christus,
3601 1590 3668 1638 ad

2085 1673 2333 1728 omnium
2376 1674 2703 1744 principium
2739 1684 2791 1730 et
2831 1689 3015 1729 veram
3066 1689 3247 1729 rerum
3297 1690 3520 1730 causam
3569 1693 3668 1731 nos

2084 1764 2351 1818 reducens
2390 1780 2405 1817 :
2462 1762 2567 1819 Vos
2595 1774 2770 1819 autem
2803 1767 2965 1819 nolite
3003 1782 3209 1833 vocare,
3244 1766 3440 1837 inquit,
3462 1778 3666 1837 patrem

2085 1862 2313 1907 vestrum
2360 1857 2413 1907 in
2450 1865 2590 1910 terra
2630 1873 2815 1921 ;unus
2846 1858 2983 1912 enim
3022 1867 3099 1913 eu
3151 1857 3314 1912 Pater
3359 1871 3527 1913 vester
3570 1875 3668 1914 cte-

2013 1922 2229 1999 Bleslis
2282 1948 2329 1999 ι.
2398 1947 2684 2014 Quomodo
2730 1950 2898 2020 igitur
2935 1964 3100 2006 voces
3148 1951 3275 2016 has,
3312 1962 3570 2023 tanquam
3620 1955 3665 2007 si

2083 2038 2353 2108 praecipue
2424 2043 2673 2096 carnales
2742 2042 2969 2097 aﬂcclus
3050 2043 3441 2114 significarent,
3508 2059 3669 2113 repu.

2083 2130 2313 2187 diandas
2363 2143 2590 2189 censet:
2648 2150 2784 2204 quas
2838 2136 3102 2191 Dominus
3164 2147 3353 2191 noster
3379 2137 3525 2192 velut
3571 2136 3667 2191 Dei

2085 2220 2362 2290 apathiam
2395 2223 2651 2279 decentes
2701 2230 2769 2280 ab
2822 2225 3134 2281 hominibus
3166 2226 3233 2279 ad
3282 2227 3457 2297 ipsum
3491 2237 3670 2281 trans-

2086 2312 2239 2366 fert?
2272 2313 2426 2380 Quod
2465 2315 2509 2369 si
2541 2325 2596 2369 et
2622 2326 2995 2372 creaturarum
3028 2318 3343 2374 nominatur
3393 2319 3576 2387 Pater,
3618 2322 3669 2375 id

2089 2405 2216 2459 huic
2248 2415 2446 2459 nostrae
2494 2409 2782 2462 sententia;
2821 2423 3165 2479 nequaquam
3224 2422 3512 2482 repugnat.
3563 2412 3667 2481 Qui

2084 2496 2228 2549 enim
2258 2498 2442 2568 genuit
2479 2499 2663 2568 glebas
2714 2502 2855 2555 roris
2900 2502 3201 2557 secundum
3259 2505 3421 2557 verba
3473 2503 3575 2559 Job
3626 2508 3669 2569 ³,

2087 2600 2191 2639 non
2236 2588 2423 2641 eodem
2457 2593 2614 2643 modo
2656 2590 2843 2660 glebas
2890 2600 2944 2647 et
2978 2590 3174 2647 Filium
3218 2596 3425 2665 genuit.
3481 2597 3591 2650 Aut
3622 2600 3667 2650 si

2089 2681 2190 2733 hoc
2249 2681 2429 2736 dicere
2471 2684 2768 2746 audebunt,
2817 2683 2867 2737 si
2917 2695 2973 2738 ut
3036 2685 3176 2741 roris
3228 2688 3391 2741 etiam
3419 2688 3672 2744 substan-

2087 2774 2217 2827 tiam
2256 2772 2449 2827 Filium
2504 2774 2620 2843 pari
2664 2775 2858 2829 ordine
2917 2776 3217 2843 nominent,
3266 2782 3333 2833 ab
3378 2782 3526 2833 omni
3573 2795 3673 2836 nos

2087 2864 2375 2917 adversum
2414 2862 2561 2931 ipsos
2596 2864 2844 2920 oratione
2879 2865 3215 2934 liberabunt,
3247 2881 3371 2923 cum
3424 2869 3675 2940 blasphe-

2087 2952 2249 3005 miam
2284 2953 2349 3007 ad
2404 2953 2912 3009 manifestissimam
2954 2958 3343 3028 impudentiam
3400 2976 3674 3030 provexe-

2089 3045 2220 3096 rint.
2266 3043 2453 3113 Neque
2479 3046 2625 3099 enim
2663 3062 2784 3100 cum
2823 3045 2986 3102 Pater
3027 3049 3270 3104 omnium
3304 3062 3553 3105 nostrum
3587 3053 3670 3105 di-

2090 3134 2230 3188 citur
2283 3134 2447 3201 Deus,
2492 3136 2687 3190 eodem
2740 3138 2898 3191 modo
2940 3147 2997 3192 et
3049 3148 3232 3193 noster
3289 3149 3343 3193 et
3395 3139 3670 3212 Unigeniti

394 3226 502 3303 πον
526 3249 685 3318 ἡμῶν
710 3266 767 3302 τε
793 3249 887 3301 καὶ
923 3248 1013 3302 τοῦ
1046 3250 1394 3317 Μονογενοῦς
1421 3252 1537 3303 ἐστι
1570 3252 1776 3321 Πατήρ.
1808 3250 1872 3303 Εἰ
1890 3226 1975 3313 δὲ,

2090 3226 2248 3280 Pater
2283 3236 2364 3280 est
2408 3243 2422 3279 :
2460 3227 2505 3282 si
2544 3242 2672 3281 vero
2699 3228 2845 3297 quod
2878 3227 3274 3297 primogenitus
3318 3231 3483 3285 totius
3513 3245 3670 3285 crea-

390 3346 480 3394 ὶιτι
514 3345 855 3411 πρωτότοκος
889 3341 1071 3411 πάσης
1112 3341 1364 3408 κτίσεως,
1399 3344 1496 3395 καὶ
1530 3343 1882 3413 πρωτότοκος
1922 3344 1978 3395 ἐν

396 3436 618 3497 πολλοῖς
648 3432 899 3502 ἀδελφοῖς
927 3438 953 3487 ὀ
974 3434 1177 3502 Κύριος
1206 3437 1667 3508 προσηγόρευται,
1698 3436 1856 3490 τοῦτο
1885 3437 1982 3490 αὑ-

391 3528 525 3589 τοὺς
564 3525 908 3595 παιδοτριϐεῖ
955 3525 1091 3593 πρὸς
1124 3526 1400 3593 ἀσέϐειαν,
1441 3527 1886 3581 διδασκέσθωσαν
1916 3528 1981 3579 ὲκ

391 3618 495 3671 τοῦ
554 3617 910 3685 Εὑαγγελίου,
952 3618 1032 3670 ὃτι
1063 3617 1161 3670 καὶ
1197 3618 1414 3689 πατέρα
1444 3617 1610 3672 αὐτοῦ
1687 3621 1781 3671 καὶ
1830 3618 1984 3671 ἁδελ-

393 3713 537 3780 φοὺς
564 3714 592 3763 6
620 3708 827 3781 Κύριος
846 3712 975 3773 τοὺς
1001 3710 1191 3763 ἐκτῶν
1211 3709 1390 3781 ἔργων
1421 3711 1517 3781 τῆς
1540 3712 1741 3780 ἀρετῆς
1770 3713 1983 3765 οἰκειω-

394 3805 593 3881 οέντας
624 3803 1046 3874 προσαγορεύει.
1085 3807 1181 3871 Τις
1335 3804 1495 3868 ἐστι,
1517 3804 1703 3871 φησὶν,
1725 3805 1761 3871 ἡ
1778 3803 1979 3871 μήτηρ

390 3916 537 3969 μου.
554 3898 649 3952 καὶ
671 3898 831 3963 τινες
853 3900 905 3950 οὶ
924 3896 1181 3965 ἀδελφοί
1195 3913 1317 3966 μου
1332 3895 1476 3950 ἀλλ’
1496 3895 1533 3962 ἢ
1573 3898 1627 3949 οι
1663 3896 1978 3961 ποιοῦντες

394 3992 467 4046 τὸ
496 3991 727 4059 θέλημα
758 3989 865 4043 τοῦ
896 3989 1135 4057 Πατρός
1158 4005 1278 4058 μου
1300 3985 1409 4041 τοῦ
1425 3987 1495 4039 ἐν
1512 3987 1638 4051 τοῖς
1660 3987 1979 4055 οὑρανοῖς;

395 4083 567 4137 Ὠστε
587 4082 775 4154 Πατὴρ
804 4068 965 4151 ἡμῶν
995 4082 1023 4133 6
1045 4081 1177 4143 Θεὸς
1198 4081 1258 4132 οὐ
1283 4080 1756 4149 καταχρηστικῶς,
1772 4079 1894 4132 οὐδὲ
1920 4081 1982 4133 ἐκ

398 4179 741 4247 μεταφορᾶς,
771 4175 906 4230 ἀλλὰ
941 4174 1149 4245 κυρίως
1180 4174 1274 4227 καὶ
1308 4173 1543 4243 πρώτως
1581 4177 1675 4226 καὶ
1707 4173 1975 4242 ἀληθινῶς

394 4272 752 4340 ὀνομάζεται,
780 4269 871 4322 διὰ
892 4270 1002 4321 τῶν
1042 4266 1371 4337 σωματικῶν
1410 4266 1611 4334 γονέων
1644 4268 1725 4329 είς
1749 4267 1809 4319 τὸ
1837 4260 1976 4320 εἶναι

396 4366 549 4436 ἡμᾶς
587 4365 653 4418 ἐκ
688 4363 783 4416 τοῦ
819 4361 896 4434 μὴ
942 4362 1096 4425 ὄντος
1130 4358 1497 4431 παραγαγὼν,
1533 4361 1626 4413 καὶ
1660 4362 1777 4422 ταῖς
1820 4358 1977 4425 κηδε-

401 4458 619 4530 μονίαις
666 4454 1209 4527 προσοικειούμενος.
1263 4453 1327 4507 Ei
1372 4453 1430 4507 δὲ
1460 4455 1620 4524 ἡμῶν
1655 4454 1762 4505 τῶν
1794 4452 1979 4523 χάριτι

2089 3328 2224 3373 tura:
2260 3319 2302 3382 ³,
2346 3328 2400 3375 et
2434 3320 2827 3391 primogenitus
2857 3322 2909 3374 in
2948 3322 3135 3377 multis
3170 3321 3429 3380 fratribus
3483 3324 3525 3391 ‘,
3564 3324 3671 3381 Do-

2090 3411 2270 3465 minus
2303 3411 2599 3482 appellatus
2630 3422 2735 3480 est,
2775 3413 2828 3468 id
2859 3427 2953 3469 eos
2987 3415 3052 3468 ad
3074 3415 3408 3483 impietatem
3455 3417 3667 3480 erudit,

2093 3502 2314 3557 discant
2355 3517 2421 3557 ex
2474 3501 2797 3575 Evangelio,
2827 3505 2974 3574 quod
3014 3504 3274 3561 Dominus
3303 3519 3398 3562 cos
3426 3509 3519 3577 qui
3563 3510 3667 3564 sibi

2084 3609 2149 3649 ex
2192 3595 2412 3652 virtutis
2440 3597 2700 3666 operibus
2724 3598 3001 3666 conjuncti
3031 3610 3178 3666 sunt,
3230 3598 3395 3653 etiam
3440 3612 3668 3654 matrem

2084 3695 2139 3738 et
2194 3685 2399 3743 fratres
2477 3702 2605 3743 suos
2677 3688 2935 3759 appellat.
2998 3688 3129 3754 Qua:
3157 3692 3298 3745 enim
3336 3703 3433 3757 est,
3470 3693 3670 3763 inquit,

2090 3786 2262 3831 mater
2291 3795 2426 3843 mea,
2451 3789 2501 3834 et
2540 3782 2630 3849 qui
2658 3783 2854 3849 fratres
2902 3783 3023 3849 mei,
3056 3784 3160 3836 nisi
3212 3788 3304 3853 qui
3335 3784 3545 3854 faciunt
3576 3804 3669 3841 vo-

2091 3872 2349 3924 luntatem
2382 3869 2560 3925 Patris
2586 3874 2685 3927 mei
2704 3875 2795 3941 qui
2824 3874 2877 3927 in
2906 3875 3047 3928 catis
3088 3884 3165 3929 est
3198 3877 3219 3907 ⁸
3251 3877 3274 3929 ?
3303 3877 3483 3945 Quare
3511 3877 3673 3934 Pater

2093 3972 2280 4016 noster
2310 3962 2472 4030 Deus,
2507 3979 2683 4032 neque
2721 3966 2913 4030 abusu,
2949 3981 3124 4035 neque
3159 3968 3539 4036 translatione,
3574 3973 3668 4025 sed

2092 4056 2309 4124 proprie
2340 4068 2397 4109 et
2423 4056 2679 4125 primario
2710 4064 2764 4112 et
2788 4071 2915 4114 vere
2938 4059 3256 4115 nominatur
3294 4079 3308 4115 :
3340 4061 3541 4132 quippe
3570 4065 3663 4134 qui

2095 4162 2193 4201 nos
2221 4164 2316 4215 per
2345 4163 2636 4219 corporeos
2667 4162 2919 4219 parentes
2952 4167 3017 4207 ex
3066 4152 3237 4208 nihilo
3264 4156 3357 4210 ‘ad
3388 4170 3514 4210 esse
3544 4172 3673 4226 pro-

2092 4241 2327 4306 duxerit,
2358 4240 2622 4312 nobisque
2652 4259 2747 4298 sua
2792 4245 2844 4298 in
2877 4260 2973 4299 nos
3002 4246 3341 4316 providentia
3372 4248 3671 4319 conjunga-

2090 4342 2198 4387 tur.
2253 4332 2408 4399 Quod
2472 4334 2517 4389 si
2550 4342 2818 4405 nostrum,
2858 4338 2947 4406 qui
2988 4352 3084 4407 per
3114 4337 3345 4408 gratiam
3380 4340 3672 4410 adoptione

2086 4428 2231 4496 digni
2285 4426 2461 4483 effecti
2517 4444 2732 4493 sumus,
2790 4444 2917 4485 rere
2973 4439 3224 4486 vocatum
3273 4448 3398 4489 esse
3450 4432 3668 4498 Patrem

394 4521 498 4619 τῆς
535 4521 810 4611 υἱοθεσίας
852 4521 1176 4618 ἠξιωμένων
1218 4545 1436 4616 ἀληθῶς
1476 4521 1737 4615 κέκληται
1791 4521 1980 4614 Πατὴρ

2089 4521 2254 4576 Deum
2299 4521 2554 4588 dicimus,
2594 4539 2715 4594 quas
2749 4525 2889 4583 ratio
2940 4524 3244 4596 prohibebit
3282 4542 3351 4582 ue
3381 4527 3496 4596 ipse
3528 4526 3667 4597 ejus,

394 4645 425 4695 6
452 4614 609 4705 Θεὸς,
638 4641 719 4704 τίς
748 4614 1116 4710 ἀφαιρήσεται
1145 4614 1331 4707 λόγος,
1360 4637 1455 4691 τοῦ
1478 4614 1815 4706 κατὰίφύσιν
1849 4636 1980 4688 Υἱοῦ

2087 4615 2176 4683 qui
2214 4624 2404 4669 natura
2437 4614 2607 4685 Filius
2670 4626 2775 4683 est,
2806 4632 2859 4674 et
2892 4634 2954 4674 ex
2992 4621 3297 4675 substantia
3343 4620 3510 4689 ipsius
3537 4636 3667 4690 prn—

396 4734 495 4785 καὶ
529 4734 595 4784 ὲκ
622 4732 723 4802 τῆς
774 4731 963 4793 οὐσίας
1007 4728 1174 4783 αὑτοῦ
1206 4731 1587 4799 προελθόντος,
1644 4729 1705 4781 τὸ
1745 4728 1820 4799 μὴ
1858 4727 1979 4797 οὐχὶ

398 4826 719 4896 πρεπόντως
748 4824 912 4877 αὑτὸν
941 4824 1159 4893 Πατέρα
1191 4822 1728 4893 προσαγορεύεσθαις

839 4937 939 4992 Ἕκ
968 4938 1074 4992 τοῦ
1088 4939 1284 4999 ,αὑτοῦ
1321 4942 1529 5007 λόγου.

466 5041 625 5097 ΕΥΝ.
648 5045 899 5117 ,Πότερον
927 5047 1055 5102 ἄλλο
1079 5065 1131 5101 τι
1158 5049 1435 5121 σημαίνει,
1471 5050 1627 5121 φησὶ,
1655 5050 1717 5103 τὸ
1743 5049 1857 5120 φῶς
1889 5050 1975 5103 ἐπ’

390 5137 690 5209 ἀγεννήτου
822 5141 973 5212 παρὰ
996 5141 1058 5193 τὸ
1084 5141 1360 5212 γεννητὸν,
1391 5141 1423 5212 ἢ
1454 5141 1647 5195 ταυτὸν
1678 5142 1973 5214 ὲκάτερονς

390 5229 459 5283 Ei
498 5230 595 5301 μὲν
637 5233 745 5304 γὰρ
915 5232 1102 5305 ἕτερόν
1131 5251 1183 5286 τι
1233 5235 1329 5287 καὶ
1364 5233 1583 5304 ἕτερον,
1622 5232 1864 5306 εὔδηλον,
1895 5235 1978 5286 ὅτι

392 5321 493 5374 καὶ
530 5322 780 5376 σύνθετον
816 5324 877 5376 τὸ
906 5323 963 5389 ἐξ
999 5324 1184 5395 ἐτέρου
1226 5325 1318 5378 καὶ
1349 5325 1537 5394 ἐτέρου
1581 5324 1937 5395 συγκείμενον
1963 5340 1974 5352 ·

392 5413 457 5466 τὸ
511 5414 567 5467 δὲ
615 5415 864 5469 σύνθετον
919 5417 1017 5469 οὐκ
1076 5417 1397 5488 ἀγέννητον
1432 5418 1478 5469 εί
1513 5417 1568 5471 δὲ
1601 5417 1817 5484 ταυτὸν,
1855 5418 1979 5470 ὅσον

397 5504 774 5576 παρήλλακται
806 5508 868 5559 τὸ
901 5508 1157 5578 γεννητὸν
1188 5510 1323 5579 πρὸς
1355 5508 1414 5561 τὸ
1442 5510 1759 5580 ἀγέννητον,
1794 5509 1981 5562 τοσοῦ-

397 5615 492 5650 τον
533 5599 746 5669 ἀνάγκη
784 5600 1161 5672 παρηλλάχθαι
1191 5601 1251 5653 τὸ
1282 5601 1395 5669 φῶς
1442 5602 1577 5673 πρὸς
1620 5602 1680 5654 τὸ
1711 5602 1847 5669 φῶς,
1888 5602 1982 5654 καὶ

397 5692 503 5763 τὴν
544 5689 690 5763 ζωὴν
719 5692 853 5763 πρὸς
881 5693 980 5763 τὴν
1010 5691 1175 5764 ζωὴν,
1212 5693 1307 5746 καὶ
1336 5692 1434 5763 τὴν
1460 5694 1687 5764 δύναμιν
1720 5694 1855 5765 πρὸς
1882 5693 1981 5764 τὴν

399 5784 651 5853 δύναμιν.

477 5939 494 5968 ³
521 5938 709 5994 .llattb.
739 5953 872 6002 xm,
903 5934 957 6015 ί)τ
1053 5934 1073 5964 ²
1102 5930 1204 5988 Job
1234 5945 1459 5997 unm,
1492 5932 1584 5988 ΞΒ.

2090 4709 2259 4773 venit,
2296 4709 2453 4764 Pater
2478 4710 2601 4781 jure
2635 4728 2697 4765 ac
2728 4712 2921 4765 merito
2948 4714 3207 4767 vocetur?

2638 4942 2717 4993 Eii;
2746 4943 2922 4993 eadem
2959 4940 3110 4994 libro.

2155 5055 2287 5111 Eun.
2335 5053 2526 5110 Utrum
2561 5053 2703 5108 aliud
2746 5053 2873 5124 quid
2916 5051 3203 5123 signiﬁcat,
3249 5050 3442 5123 inquit,
3478 5052 3570 5107 lux
3603 5053 3657 5108 in

2081 5150 2319 5219 ingenito
2349 5156 2546 5217 praeter
2575 5147 2837 5218 genitum,
2873 5162 2940 5199 an
2974 5145 3113 5201 idem
3142 5145 3471 5215 utrumque?
3499 5142 3655 5211 Nam,

2082 5244 2127 5295 si
2162 5240 2307 5295 aliud
2347 5249 2511 5310 atque
2543 5239 2687 5294 aliud
2711 5279 2725 5303 ,
2771 5240 2946 5310 palam
2990 5248 3072 5295 esl
3103 5239 3265 5293 etiam
3297 5237 3657 5307 compositum

2083 5335 2133 5387 id
2163 5346 2289 5387 esse
2310 5373 2326 5397 ,
2359 5332 2502 5402 quod
2531 5347 2596 5387 ex
2639 5332 2744 5386 alio
2772 5345 2933 5401 atque
2973 5331 3079 5386 alio
3110 5340 3340 5385 constat.
3375 5329 3528 5395 Quod
3556 5344 3654 5382 au-

2085 5435 2189 5479 tem
2221 5424 2578 5496 compositum
2614 5435 2730 5490 est,
2785 5426 3080 5496 ingenitum
3132 5438 3237 5477 non
3286 5432 3390 5478 est.
3435 5420 3490 5475 Si
3532 5436 3660 5477 vero

2084 5517 2247 5582 idem,
2284 5528 2549 5587 quantum
2582 5517 2858 5572 diversum
2892 5526 2975 5570 est
3003 5515 3245 5584 genitum
3276 5515 3343 5569 ab
3382 5512 3659 5584 ingenito,

2087 5611 2297 5657 tantum
2330 5616 2554 5657 necesse
2591 5614 2672 5658 est
2706 5603 2879 5655 lucem
2913 5617 2940 5654 a
2980 5601 3099 5655 luce
3136 5600 3404 5656 diversam
3434 5616 3575 5668 esse,
3606 5611 3663 5656 et

2086 5699 2250 5752 vitam
2280 5715 2308 5752 ιι
2341 5702 2476 5761 vita,
2508 5708 2563 5752 et
2591 5697 2886 5767 potentiam
2920 5713 2946 5749 τι
2978 5694 3239 5765 potentia.

1681 5933 1701 5963 ³
1723 5932 1933 5989 Coloss.
1964 5948 2005 6001 ι,
2039 5932 2127 5990 15.
2206 5933 2226 5966 ⁸
2257 5931 2414 5989 Rom.
2448 5950 2564 6002 rm,
2590 5934 2680 5991 ‘29.
2758 5935 2778 5966 '
2819 5932 3014 5993 Matth.
3053 5951 3149 6005 xu,
3178 5936 3267 6003 48,
3298 5939 3386 5996 50.
