4026 6290
461 388 591 449 .52?

1735 392 2112 452 EUTithlll
2160 391 2524 454 ZiGABENl

3615 390 3702 453 538

561 505 690 563 Bas.
735 509 918 566 Videte
948 523 998 568 et
1039 513 1324 582 intelligite
1355 511 1681 566 horrendam
1726 512 2077 579 ἱειινίιιιοιρηι.

2261 513 2411 566 ΒΑΣ.
2478 512 2670 580 Ὀρᾶτε
2715 507 2811 561 καὶ
2860 501 3068 557 συνίετε
3102 502 3162 554 τὺ
3216 500 3308 571 τῆς
3349 502 3580 567 ἀσεϐείας
3600 525 3704 578 em.

489 600 788 670 Quantum,
843 607 1040 676 inquit,
1086 608 1384 676 ingenitum
1430 625 1458 663 a
1499 607 1682 677 genito
1716 606 1916 671 dttlett,
1945 616 2067 658 tan-

499 712 617 756 tum
646 696 859 752 diﬂ'eret
895 692 983 746 lux
1020 709 1046 745 a
1080 692 1218 754 luce,
1253 702 1304 744 et
1343 692 1450 743 vita
1496 710 1522 743 a
1574 692 1705 754 Vlla,
1741 698 1792 742 et
1832 688 2074 756 potentia

499 807 528 843 a
560 787 818 859 potentia.
860 784 1261 853 lnterrogcmus
1290 782 1454 852 igitur
1490 783 1701 851 ipsum,
1734 781 1950 848 Quanto
2000 781 2079 834 in-

499 879 723 934 terrallo
750 878 1048 947 ingenitum
1079 891 1108 929 a
1154 875 1338 947 genito
1379 875 1681 944 seiunctum
1727 875 1847 929 est?
1897 883 2076 928 tttrum

497 983 666 1036 parvo
705 967 906 1036 aliquo,
947 977 1000 1022 et
1034 966 1164 1028 tali,
1209 976 1266 1020 ιιι
1310 976 1508 1036 queant
1537 966 1752 1020 tandem
1789 964 2078 1034 aliquando

498 1062 552 1114 in
581 1060 719 1114 i'dem
754 1060 894 1114 inter
925 1075 983 1115 se
1011 1060 1344 1115 convenire?
1375 1076 1442 1114 an
1481 1060 1582 1114 hoc
1608 1059 1837 1114 omnino
1875 1059 2078 1128 impos-

437 1209 439 1212 ,
498 1147 675 1214 sibile,
703 1159 757 1204 et
783 1150 973 1217 magis,
996 1166 1161 1219 quam
1193 1151 1442 1205 eumdem
1471 1160 1744 1206 mortuum
1769 1165 1894 1205 esse
1917 1150 2076 1203 simul

497 1246 553 1294 et
583 1239 804 1305 vivere,
860 1257 1018 1308 quam
1067 1257 1257 1295 sanum
1301 1243 1459 1296 simul
1513 1257 1632 1298 esse
1679 1252 1734 1297 et
1778 1251 2073 1314 aegrotare,

499 1345 660 1399 quam
696 1333 920 1403 vigilare
947 1334 1108 1387 simul
1134 1343 1188 1387 et
1213 1335 1483 1390 dormire?
1517 1336 1666 1390 Talia
1691 1351 1927 1404 namque
1953 1346 2079 1390 sunt

499 1407 834 1494 qtuecunque
879 1425 981 1480 sibi
1015 1425 1241 1480 invicem
1275 1440 1487 1479 summa
1513 1429 1853 1496 oppositione
1882 1429 2077 1487 adver-

500 1526 712 1578 santur,
742 1517 878 1570 adeo
907 1525 964 1570 ut
993 1528 1258 1586 praesente
1291 1518 1462 1572 altero
1490 1519 1718 1572 alterum
1753 1520 1946 1574 abesse
1982 1534 2074 1574 ne-

503 1621 660 1663 cesse
684 1608 796 1662 sit:
832 1623 952 1676 qua:
990 1609 1064 1661 ita
1098 1619 1408 1677 comparata
1453 1619 1598 1675 sunt,
1638 1620 1694 1664 ut
1725 1611 1947 1664 omnino
1979 1626 2076 1665 nec

504 1699 659 1753 simul
689 1712 829 1767 esse,
858 1715 958 1756 nec
984 1701 1126 1755 inter
1154 1717 1215 1757 se
1249 1703 1525 1757 conciliari
1559 1706 1790 1772 possint.

708 1877 891 1946 Itaque
925 1893 1049 1934 cum
1099 1881 1162 1934 ad
1201 1881 1342 1936 hunc
1375 1884 1591 1937 modum
1629 1884 1812 1954 genito
1864 1885 2076 1953 ingeni-

2178 603 2327 656 κτόν.
2357 601 2544 665 Ὅσον,
2578 599 2737 668 φησῖ,
2762 595 2821 650 τὸ
2859 594 3155 663 ἀγέννητον
3174 593 3266 646 τοῦ
3290 593 3531 662 γεννητοῦ
3554 596 3709 669 διενή-

2180 703 2318 755 νοχε,
2367 685 2615 738 τοσοῦτον
2656 685 2844 738 διοίσει
2892 682 2952 735 τὸ
2986 683 3101 752 φῶς
3149 683 3282 754 πρὸς
3319 685 3377 737 τὸ
3414 687 3538 754 φῶς,
3566 690 3646 743 καὶ
3677 695 3710 762 ἡ

2179 778 2290 847 ζωὴ
2339 778 2473 848 πρὸς
2501 777 2598 848 τὴν
2629 776 2793 848 ζωὴν,
2835 777 2927 828 καὶ
2970 776 3004 845 ὴ
3044 776 3269 845 δύναμις
3306 777 3436 848 πρὸς
3461 778 3552 849 τὴν
3581 781 3716 836 δύνα-

2183 890 2290 944 μιν.
2358 872 2753 943 Ἐρωτήσωμεν
2790 869 2970 922 τοίνυν
3016 870 3209 922 αὐτόν’
3247 869 3318 922 Τὸ
3356 869 3410 922 δέ
3457 873 3715 944 ἀγέννητον

2178 963 2269 1018 τοῦ
2309 962 2555 1034 γεννητοῦ
2584 963 2734 1033 πόσῳ
2753 962 2935 1032 μέτρῳ
2957 961 3236 1032 διώρισται
3258 978 3271 1026 ;
3296 958 3403 1033 ἆρα
3428 965 3593 1035 μικρῷ
3611 983 3719 1031 τινι,

2178 1059 2274 1110 καὶ
2302 1057 2540 1128 τοσούτῳ
2583 1093 2598 1118 ,
2707 1056 2845 1108 ὥστε
2880 1054 3139 1110 δύνασθαί
3174 1071 3300 1108 ποτε
3335 1055 3424 1108 καὶ
3456 1057 3527 1119 εἰς
3553 1059 3721 1111 ταυτὸν

2178 1149 2426 1220 ἀλλήλοις
2459 1149 2734 1220 συμϐῆναι
2757 1167 2770 1212 ;
2796 1149 2828 1219 ἢ
2854 1147 3012 1200 τοῦτο
3039 1145 3317 1209 παντελῶς
3343 1148 3624 1218 ἀμήχανον,
3647 1150 3723 1202 καὶ

2180 1241 2341 1294 πλέον
2373 1221 2780 1311 ἀδυνατώτερον
2825 1238 2918 1292 τοῦ
2953 1239 3044 1292 τὸν
3081 1237 3242 1292 αὐτὸν
3286 1235 3384 1308 ζῇν
3414 1239 3468 1290 ἐν
3497 1238 3568 1308 τῷ
3598 1239 3726 1309 αὐτῷ

2179 1334 2271 1386 καὶ
2299 1333 2574 1396 τεθνάναι,
2614 1332 2708 1385 καὶ
2735 1331 2996 1400 ὑγιαίνειν
3040 1330 3178 1383 κατὰ
3212 1331 3408 1382 ταυτὸν
3443 1330 3531 1382 καὶ
3557 1333 3729 1395 νοσεῖν,

2179 1428 2273 1480 καὶ
2309 1425 2670 1498 ἐγρηγορέναι
2704 1424 2839 1496 ὁμοῦ
2888 1423 2983 1478 καὶ
3021 1422 3342 1487 καθεύδειν;
3387 1422 3610 1476 Τοιαῦτα
3640 1426 3732 1496 γὰρ

2177 1520 2275 1572 ὅσα
2301 1517 2444 1571 κατά
2467 1518 2565 1588 τὴν
2597 1517 2772 1587 ἄκραν
2800 1516 3069 1570 ἀντίθεσιν
3097 1515 3348 1585 ἀλλήλοις
3378 1517 3740 1588 ἁντικαθὲστη-

2179 1629 2294 1675 κεν,
2337 1610 2475 1662 ὥστε
2513 1609 2779 1680 παρόντος
2806 1607 2899 1661 τοῦ
2955 1607 3138 1680 ἐτέρου
3194 1606 3506 1675 ἀναγκαίως
3547 1610 3735 1662 ἀπεῖναι

2179 1704 2425 1774 θάτερον,
2469 1703 2502 1757 ἃ
2547 1705 2639 1756 καὶ
2672 1702 3064 1774 ἀσυνύπαρκτα
3122 1701 3406 1764 παντελῶς
3457 1702 3547 1754 καὶ
3589 1703 3742 1773 ita-Lip-

2178 1795 2319 1848 δατα
2455 1790 2593 1847 εἶναι
2623 1793 2854 1862 πέφυκε.

2374 1884 2531 1937 Κατὰ
2563 1883 2626 1954 δὴ
2658 1881 2750 1937 οὖν
2788 1882 2975 1936 τοῦτον
3010 1884 3101 1936 τὸν
3141 1883 3345 1952 τρόπον
3380 1882 3512 1954 πρὸς
3551 1883 3607 1934 τὸ
3641 1900 3748 1949 γεν-

504 1973 614 2020 :um
645 1978 965 2037 Opponatur,
1013 1971 1102 2039 qui
1135 1973 1350 2024 Patrem
1387 1972 1558 2026 lucem
1593 1975 1873 2038 nominat,
1905 1974 2076 2030 lucem

2182 1975 2340 2045 νητὺν
2367 1974 2445 2044 τῷ
2478 1975 2756 2046 ἀγεννήτῳ
2787 1974 2885 2043 τῆς
2915 1972 3243 2036 ἀντιθέσεως
3268 1973 3458 2040 οὔσης,
3487 1975 3515 2026 ὁ
3537 1973 3622 2025 τὸν
3655 1975 3750 2026 Πα-

504 2057 688 2111 itidem
725 2057 942 2126 Filium,
976 2060 1176 2130 quique
1208 2063 1347 2116 hanc
1385 2063 1560 2121 lucem
1599 2065 1665 2118 ab
1697 2064 1784 2118 illa
1812 2065 1928 2118 luce
1961 2075 2079 2118 tan-

507 2157 616 2202 tum
667 2149 874 2204 distare
912 2151 1066 2219 dicit,
1120 2164 1383 2222 quantum
1433 2156 1676 2224 genitum
1720 2157 1786 2209 ab
1840 2156 2082 2226 ingenito

504 2239 701 2306 distat,
736 2241 826 2296 ille
870 2257 1179 2314 quanquam
1212 2245 1589 2301 humaniorem
1623 2263 1683 2302 se
1715 2248 1880 2302 verbo
1910 2249 2080 2302 simu-

501 2329 598 2394 lat,
628 2330 800 2386 lucem
833 2334 1039 2389 scilicet
1069 2335 1262 2389 Filium
1297 2351 1513 2406 quoque
1549 2337 1864 2405 nominans,
1903 2353 2082 2394 nonne

501 2423 692 2477 saltem
721 2425 771 2480 vi
795 2428 1081 2480 verborum
1106 2428 1432 2484 sententiam
1460 2430 1510 2484 iu
1535 2431 1872 2484 contrarium
1897 2443 2082 2500 aperte

503 2514 1128 2573 abducit?Considerate
1149 2519 1291 2574 enim
1316 2521 1443 2590 quid
1481 2530 1785 2591 opponatur
1822 2522 2078 2590 ingenito,

502 2607 719 2663 aliudue
749 2609 1070 2680 ingenitum,
1119 2629 1185 2667 an
1237 2614 1524 2683 genitum?
1567 2614 1822 2669 Genitum
1869 2616 2077 2686 utique.

502 2696 640 2763 Quid
681 2713 806 2754 vero
835 2701 1126 2770 opponitur
1157 2702 1306 2755 luci?
1334 2702 1498 2759 luxue
1540 2704 1668 2770 alia,
1705 2720 1772 2758 an
1805 2708 2082 2761 tenebrae?

503 2788 761 2844 Tenebra:
788 2793 1050 2860 profecto.
1100 2795 1313 2864 Itaque,
1345 2797 1386 2850 si
1418 2806 1678 2864 quantum
1715 2797 1891 2852 differt
1925 2801 2078 2867 geni-

505 2890 612 2933 tum
646 2882 714 2935 ab
750 2882 1004 2952 ingenito,
1056 2892 1260 2938 tantum
1306 2900 1532 2940 necesse
1574 2896 1659 2940 est
1687 2886 1861 2941 lucem
1895 2904 1924 2940 a
1961 2887 2111 2943 luce.

503 2969 739 3038 diﬂ‘erre,
765 2972 848 3026 cui
878 2988 944 3027 ex
972 2974 1224 3030 omnibus
1255 2976 1802 3050 impietascomperta
1830 2993 1936 3032 non
1971 2989 2074 3042 est,

500 3061 643 3126 quod
697 3063 749 3114 in
793 3063 1150 3133 appellatione
1197 3065 1331 3122 lucis
1383 3067 1716 3123 interserens
1776 3073 1918 3138 quod
1973 3069 2076 3124 luci

501 3153 808 3220 oppositum
856 3165 958 3220 est,
1002 3154 1272 3227 Uuigeniti
1310 3159 1668 3216 substantiam
1703 3170 1910 3214 naturgc
1942 3161 2079 3216 lucis

502 3243 837 3299 contrariam
891 3262 1013 3302 esse
1071 3249 1400 3305 submonet?
1447 3252 1554 3306 Aut
1602 3254 1851 3308 ostendat
1920 3255 2074 3308 nobis

504 3334 675 3391 iucem
704 3354 824 3408 qua:
864 3339 967 3394 luci
999 3353 1324 3412 opponatur,
1367 3359 1592 3416 qumque
1620 3363 1742 3401 eum
1778 3350 2074 3418 oppositio-
2107 3315 2151 3376 ο

506 3427 590 3482 nis
623 3430 840 3484 modum
871 3431 1101 3498 habeat,
1131 3436 1221 3504 qui
1263 3437 1445 3506 genito
1472 3453 1594 3492 cum
1630 3441 1871 3510 ingenito
1906 3442 2074 3495 inter-

503 3521 667 3574 cedit.
694 3519 845 3589 Quod
871 3524 915 3579 si
941 3524 1058 3580 haec
1096 3540 1194 3581 nec
1224 3541 1328 3593 est,
1365 3545 1464 3584 nec
1499 3531 1615 3600 ipse
1645 3547 1881 3601 unquam
1915 3548 2075 3587 exco-

505 3613 676 3680 gitare
707 3614 931 3682 poterit;
963 3631 1028 3669 ne
1251 3617 1663 3695 ignoreturars,
1690 3637 1796 3691 qua
1829 3623 2079 3692 blasphe-

507 3703 665 3754 miam
694 3704 800 3758 alte
830 3707 1076 3761 adornat.
1103 3705 1238 3762 Nam
1270 3749 1286 3774 ,
1314 3713 1568 3780 quoniam
1605 3721 1758 3782 putat
1783 3714 2076 3784 ingenitum

504 3794 686 3859 genito
728 3809 794 3849 ex
828 3796 1055 3853 adverso
1087 3802 1320 3870 opponi,
1351 3802 1602 3857 eamdem
1638 3803 1742 3858 luci
1795 3821 1917 3860 cum
1962 3805 2079 3861 luce

503 3884 899 3952 oppositionem
923 3889 1146 3958 adaptat
1172 3910 1186 3946 :
1215 3902 1271 3945 ut
1298 3890 1477 3949 Patris
1507 3895 1869 3950 substantiam
1895 3907 2077 3952 osten-

504 3977 590 4030 dat
618 3978 931 4037 substantia:
966 3982 1235 4054 Unigeniti
1265 4000 1360 4055 per
1383 3988 1566 4043 omnia
1596 3992 1927 4046 contrariam
1959 4007 2080 4047 esse

503 4080 666 4140 atque
698 4075 1002 4130 adversam.
1032 4074 1323 4148 Propterea
1351 4095 1488 4135 nova
1514 4082 1630 4137 haec
1652 4093 1734 4138 est
1763 4083 2075 4154 dogmaturn

503 4160 746 4222 sanctio,
770 4174 873 4229 qua
905 4161 1038 4214 dicit
1067 4179 1080 4214 :
1115 4164 1388 4228 Quantum
1414 4167 1690 4221 diversqu
1722 4179 1807 4222 est
1837 4171 2077 4239 genitura

505 4251 574 4303 ab
614 4250 870 4320 ingenito,
900 4262 1109 4307 tantum
1140 4269 1360 4313 necesse
1387 4270 1468 4315 cet.
1492 4259 1664 4314 lucem
1699 4274 1727 4314 a
1756 4261 1875 4316 luce
1901 4263 2080 4316 diver-

505 4355 618 4393 sam
641 4355 778 4396 esse.
810 4341 880 4395 At
909 4344 1205 4412 ingenitum
1232 4363 1353 4402 cum
1379 4351 1562 4417 genito
1577 4348 1744 4406 habet
1764 4353 2076 4420 quamdam,

505 4432 772 4499 positione
798 4435 1109 4502 verborum,
1143 4453 1248 4492 non
1291 4453 1481 4496 natura
1529 4439 1733 4508 rerum,
1782 4445 2078 4513 oppositio-

506 4537 651 4590 uem,
675 4525 814 4594 quod
843 4537 1016 4580 tamen
1045 4529 1094 4582 hi
1125 4528 1386 4584 allirmant
1416 4549 1429 4584 :
1463 4531 1598 4586 lueis
1622 4541 1798 4588 autem
1819 4550 1938 4587 cum
1964 4534 2081 4590 luce

507 4632 604 4673 uec
624 4621 922 4674 secundum
951 4620 1306 4689 prolationem
1334 4637 1432 4677 nec
1455 4623 1753 4679 secundum
1781 4625 2078 4695 intelligen-
2112 4649 2153 4704 ι)

508 4712 636 4764 tiam
657 4713 1016 4765 contrarietas
1044 4713 1147 4766 ulla
1179 4714 1476 4784 excogitari
1505 4725 1705 4785 potest.
1733 4716 1839 4772 Sed
1864 4719 2079 4774 videtur

505 4801 699 4857 fucatis
715 4804 1148 4861 cavillationibus
1165 4822 1223 4862 se
1247 4807 1420 4877 ipsum
1445 4807 1712 4877 decipere.
1731 4808 1889 4864 Putat
1908 4812 2073 4874 enim,

507 4910 628 4962 quae
657 4909 720 4948 ex
751 4897 1041 4951 contrariis
1069 4909 1394 4967 sequuntur,
1422 4901 1665 4955 eamdem
1708 4901 1854 4957 inter
1885 4917 1944 4956 se
1978 4919 2077 4973 pu-

508 5000 666 5056 gnam
699 4988 923 5051 habere,
946 5003 1108 5056 quam
1135 4990 1335 5046 habent
1357 5000 1409 5047 et
1433 4992 1750 5062 principalia
1781 4996 2098 5060 contraria,-

506 5089 562 5132 ct
604 5093 721 5133 cum
755 5083 1088 5134 contrarium
1133 5081 1274 5136 inest
1323 5086 1480 5140 alteri
1525 5089 1948 5152 contrariorum,
2012 5103 2079 5141 ex

511 5172 681 5224 altero
723 5172 885 5226 etiam
913 5174 1242 5226 contrarium
1274 5179 1584 5234 necessario
1614 5189 1946 5233 secuturum.
1990 5178 2082 5242 Ut,

511 5263 553 5314 si
587 5277 647 5315 ex
681 5261 797 5314 visu
835 5260 924 5312 lux
957 5260 1223 5324 sequitur,
1253 5273 1316 5310 ex
1346 5259 1586 5312 edacitate
1622 5260 1858 5313 tenebrae
1886 5277 1899 5314 :
1937 5260 1981 5313 si
2019 5277 2087 5316 ex

509 5359 616 5408 vita
667 5368 880 5416 seusns,
920 5367 984 5407 ex
1020 5361 1194 5404 morte
1240 5351 1469 5417 privatio
1514 5366 1794 5405 sensuum.
1839 5353 1964 5408 Haec
1992 5369 2086 5407 au-

507 5458 610 5499 tent
642 5444 950 5500 observatio
984 5458 1145 5513 quam
1177 5440 1369 5494 debilis
1400 5441 1492 5508 sit,
1523 5456 1795 5510 quamque
1829 5442 2079 5508 evanida,

504 5535 834 5589 «ruzlibctvcl
878 5536 1152 5604 paululum
1209 5531 1512 5585 attendenti
1572 5534 1916 5602 perspicuum
1976 5543 2082 5589 est.

504 5625 613 5678 Nec
661 5628 804 5677 enim
848 5627 1101 5695 quoniam
1155 5639 1216 5679 ex
1267 5623 1465 5692 vigiliis
1509 5623 1616 5677 vita
1660 5627 1935 5692 sequitur,
1991 5641 2084 5678 ne-

503 5719 740 5770 cessario
783 5735 845 5770 ex
910 5735 1099 5772 smnno
1135 5734 1283 5773 mors
1332 5717 1597 5785 sequitur.
1642 5717 1748 5771 Sed
1805 5731 1903 5772 nec
1956 5732 2085 5771 con-

507 5809 673 5862 trario
720 5808 876 5862 modo
936 5823 993 5862 se
1038 5810 1194 5862 habet
1246 5809 1486 5878 genitura
1531 5824 1653 5863 cum
1683 5809 1945 5878 ingenito.
1990 5808 2085 5864 Et-

2184 2065 2314 2136 τέρα
2362 2065 2480 2135 ιρῶς
2518 2065 2818 2136 ὀνομάζων,
2866 2063 2978 2132 φῶς
3003 2065 3059 2117 δὲ
3089 2065 3183 2117 καὶ
3213 2065 3307 2116 τὸν
3339 2064 3490 2129 Υἱδν,
3521 2065 3753 2118 τοσοῦτον

2183 2157 2239 2210 δὲ
2265 2157 2423 2210 τοῦτο
2453 2157 2512 2210 τὸ
2543 2155 2658 2224 φῶς
2693 2155 2902 2208 ἐκείνου
2929 2155 3021 2207 τοῦ
3054 2154 3240 2223 φωτὸς,
3264 2153 3546 2227 διωρίσθαι
3578 2154 3753 2223 λέγων,

2183 2251 2304 2302 ὅσον
2337 2249 2396 2301 τὸ
2437 2249 2692 2318 γεννητὸν
2721 2247 2826 2302 ἀπὸ
2855 2247 2948 2300 τοῦ
2976 2247 3276 2317 ἀγεννήτου
3309 2245 3614 2316 διώρισται,
3653 2243 3760 2313 οὐχὶ

2183 2338 2341 2408 δῆλός
2377 2340 2512 2400 ἐστι,
2554 2337 2654 2390 κᾶν
2684 2336 2762 2408 τῷ
2811 2339 3015 2408 ῥήματι
3057 2335 3435 2408 προσποιῆται
3475 2334 3761 2404 φιλανθρω-

2185 2429 2466 2496 πεύεσθαι,
2499 2429 2615 2498 φῶς
2651 2427 2932 2500 ὀνομάζων
2975 2427 3136 2498 δῆθεν
3185 2427 3285 2482 καὶ
3318 2428 3414 2480 τὸν
3453 2426 3602 2489 Υἰδν,
3643 2425 3766 2478 ἀλλὰ

2188 2525 2253 2593 τῇ
2296 2540 2357 2590 γε
2389 2523 2616 2592 δυνάμει
2755 2520 2861 2573 τῶν
2908 2519 3220 2590 λεγομένων
3261 2521 3403 2592 πρὸς
3437 2520 3499 2572 τὺ
3541 2519 3767 2572 ἐναντίον

2184 2614 2411 2682 ἀπάγων
2437 2612 2533 2684 τὴν
2564 2612 2801 2675 έννοιαν;
2839 2612 3095 2664 Σκοπεῖτε
3131 2611 3241 2682 γὰρ
3273 2611 3330 2664 τί
3369 2610 3670 2664 ἀντίκειται
3698 2607 3766 2678 τῷ

2183 2704 2484 2775 ἀγεννήτῳ,
2523 2703 2648 2756 ἄλλο
2686 2703 3000 2772 ἀγέννητον,
3039 2701 3071 2771 ἢ
3115 2701 3178 2754 τὸ
3225 2702 3533 2772 γεννητόν;
3563 2701 3634 2753 Τὸ
3664 2718 3774 2767 γεν-

2182 2795 2341 2866 νητὸν
2367 2794 2633 2866 δηλονότι.
2680 2795 2744 2846 Τί
2771 2795 2826 2848 δὲ
2860 2794 3160 2848 ἀντίκειται
3189 2793 3272 2864 τῷ
3310 2793 3492 2861 quasi;
3529 2791 3639 2861 φῶς
3671 2791 3773 2842 ’ἐτε-

2184 2905 2296 2959 ρον,
2338 2886 2370 2957 ἢ
2411 2885 2470 2939 τὸ
2505 2886 2720 2951 σκότος;
2757 2884 2830 2938 Τὸ
2861 2884 3048 2947 σκότος
3083 2883 3333 2946 πάντως.
3369 2882 3643 2936 Είττοίνυν
3667 2882 3779 2933 ὅσον

2183 2979 2560 3050 παρήλλακται
2586 2978 2646 3030 τὸ
2679 2976 2934 3047 γεννητὸν
2980 2977 3114 3047 πρὸς
3144 2976 3208 3028 τὸ
3239 2976 3573 3046 ἀγέννητον,
3605 2971 3780 3026 τοσοῦ-

2181 3087 2271 3122 τον
2317 3070 2529 3140 ἀνάγκη
2563 3067 2940 3137 παρηλλάχθαι
2980 3066 3040 3119 τὸ
3075 3065 3190 3134 φῶς
3225 3067 3375 3137 προς
3408 3065 3472 3117 τὸ
3516 3064 3654 3133 φῶς,
3691 3063 3784 3114 τίνι

2180 3162 2288 3215 τῶν
2320 3163 2572 3215 ἁπάντων
2610 3159 2863 3230 ἄδηλοςὴ
2901 3158 3145 3222 ἀσέϐεια,
3184 3159 3296 3222 ὅτι,
3353 3160 3414 3210 ἐν
3449 3155 3783 3230 προσηγορία

2183 3255 2359 3323 φωτὸς
2387 3255 2446 3306 τὸ
2489 3253 2861 3321 ἀντικείμενον
2907 3250 2983 3321 τῷ
3019 3250 3159 3319 φωτὶ
3200 3242 3793 3323 παρεισὰγωνξέναν-

2179 3347 2300 3398 τίαν
2325 3341 2464 3397 εἶναι
2491 3347 2556 3413 τῇ
2586 3342 2678 3396 τοῦ
2710 3343 2887 3412 φωτὸς
2918 3341 3074 3410 φύσει
3109 3343 3214 3412 τὴν
3254 3342 3458 3395 οὐσίαν
3493 3341 3591 3394 τοῦ
3627 3341 3790 3394 Μονο-

2178 3437 2370 3506 γενοῦς
2403 3435 2728 3500 ὑποϐάλλει;
2761 3435 2831 3486 Ἢ
2863 3434 3123 3486 δεικνύτω
3149 3436 3296 3505 ἡμῖν
3328 3433 3456 3504 φῶς
3489 3431 3796 3501 ἀντικείμε-

2179 3548 2267 3583 νον
2314 3528 2391 3598 τῷ
2437 3528 2595 3596 φωτὶ,
2652 3527 2872 3579 κάκεῖνο
2924 3525 2984 3577 τὸ
3039 3525 3251 3596 μέτρον
3305 3525 3416 3594 τῆς
3472 3523 3798 3582 ἀντιθέσεως

2180 3621 2320 3692 ἕχον,
2347 3621 2374 3672 ὃ
2407 3620 2483 3691 τῷ
2525 3618 2768 3690 γεννητῷ
2804 3617 2937 3688 πρὸς
2977 3616 3038 3669 τὸ
3067 3617 3391 3686 ἀγέννητον
3439 3617 3614 3671 ἐστιν.
3648 3615 3712 3668 Ei
3749 3611 3803 3665 δὲ

2178 3710 2338 3765 τοῦτο
2380 3711 2500 3763 οὒτε
2542 3711 2685 3761 ἐστὶν
2724 3745 2740 3771 ,
2851 3706 2962 3760 οὔτ’
2997 3706 3061 3760 ἃν
3106 3706 3288 3770 αὐτὸς
3339 3709 3698 3776 ἐπινοήσειε,
3733 3699 3803 3771 μὴ

2179 3801 2479 3871 ἀγνοείσθω
2508 3803 2540 3872 ἠ
2571 3801 2732 3871 τέχνη
2773 3799 2890 3869 μεθ’
2933 3794 3001 3871 ἦς
3030 3797 3254 3868 βαθέως
3294 3797 3721 3860 κατασκευάζει
3750 3794 3808 3846 τδ

2215 3895 2392 3966 λάσφη
2404 3911 2519 3966 μον.
2570 3893 2788 3965 Ἐπειδὴ
2823 3892 2931 3963 γάρ
2959 3893 3131 3944 οἴεται
3160 3891 3252 3962 τῷ
3284 3893 3590 3963 ἀγεννὴτῳ
3611 3891 3673 3942 τὸ
3698 3904 3809 3956 γεν-

2181 3988 2338 4058 νητὸν
2395 3986 2514 4040 κατ’
2548 3985 2859 4038 ἐναντίωσιν
2914 3983 3288 4046 ἀντικεῖσθαι,
3349 3984 3459 4056 τὴν
3516 3981 3692 4053 αὐτὴν
3740 3976 3811 4048 τῷ

2182 4077 2320 4146 φωτὶ
2360 4076 2494 4146 πρὸς
2519 4076 2578 4128 τὸ
2610 4074 2724 4145 φῶς
2751 4074 3022 4128 ἀντίθεσιν
3049 4071 3408 4145 ἐφαρμόζει,
3447 4075 3540 4126 ἵνα
3567 4073 3660 4126 διὰ
3688 4070 3816 4123 πάνο

2180 4188 2288 4225 των
2328 4170 2425 4240 τὴν
2453 4169 2546 4222 τοῦ
2574 4168 2784 4240 Πατρὺς
2817 4169 3004 4221 οὐσίαν
3035 4166 3360 4220 ἀντίπαλον
3399 4167 3507 4220 καὶ
3549 4164 3818 4236 πολεμίαν

2180 4267 2245 4334 τῇ
2276 4263 2368 4316 τοῦ
2400 4261 2733 4330 Μονογενοῦς
2765 4259 3008 4329 ἐπιδείξῃ
3061 4257 3161 4311 Διά
3202 4259 3404 4312 ταῦτα
3445 4261 3482 4328 ἠ
3670 4253 3822 4317 καινὴ

2182 4354 2320 4426 αὕτη
2357 4352 2462 4406 τῶν
2503 4352 2792 4424 δογμάτων
2828 4350 3154 4421 νομοθεσία·
3193 4351 3387 4404 ’Ὅσον
3427 4348 3822 4423 παρήλλακται

2183 4447 2242 4500 τδ
2274 4445 2528 4516 γεννητὸν
2559 4444 2653 4498 τοῦ
2685 4444 2999 4515 ἀγεννήτου.
3034 4441 3318 4495 τοσοῦτον
3350 4442 3592 4512 ἀνάγκη
3621 4437 3824 4508 παρηλ-

2182 4539 2377 4610 λάχθαι
2419 4538 2478 4592 τὸ
2512 4537 2626 4607 φῶς
2666 4536 2802 4608 πρὸς
2846 4537 2906 4588 τὸ
2950 4535 3086 4604 φῶς.
3123 4536 3351 4589 Καίτοι
3389 4535 3479 4608 τῷ
3529 4534 3636 4607 μὲν
3675 4534 3826 4602 ἀγεν-

2183 4633 2326 4703 νήτῳ
2361 4630 2497 4702 πρὸς
2529 4629 2588 4683 τδ
2620 4629 2876 4699 γεννητόν
2902 4627 3016 4680 ἐστί
3047 4643 3157 4689 τις,
3193 4627 3365 4681 κατὰ
3399 4629 3508 4698 τὴν
3542 4627 3700 4680 θέσιν
3727 4622 3829 4676 τῶν

2186 4722 2464 4794 ῥημάτων,
2493 4723 2542 4774 εἰ
2569 4721 2662 4775 καὶ
2692 4722 2766 4792 μὴ
2798 4719 2939 4774 κατὰ
2964 4718 3062 4790 τὴν
3090 4716 3276 4785 φύσιν
3307 4719 3434 4773 τῶν
3459 4717 3830 4793 πραγμάτων,

2185 4813 2473 4877 ἀντίθεσις,
2502 4813 2639 4880 ὅπερ
2677 4805 2820 4865 οὗτοι
2853 4813 3360 4879 κατασκευάζουσι
3383 4835 3398 4848 ο
3439 4821 3592 4888 φωτὶ
3618 4819 3677 4871 δὲ
3705 4814 3835 4884 πρὸς

2182 4905 2243 4958 τὸ
2276 4905 2392 4975 φῶς
2421 4904 2544 4958 οὕτε
2589 4905 2732 4958 κατὰ
2756 4903 2855 4974 τὴν
2894 4905 3188 4976 προφορὰν
3227 4907 3374 4962 οὕτε
3425 4910 3584 4965 κατὰ
3621 4910 3720 4980 τὴν
3753 4905 3834 4958 ἓν·

2188 5014 2334 5052 νοιαν
2366 4995 2647 5066 ὲπινοῆσαί
2673 5014 2793 5050 τινα
2818 4996 3042 5049 δυνατὸν
3075 4999 3466 5058 ἐναντίωσιν.
3523 5003 3694 5056 Ἀλλά
3735 4997 3836 5066 γὰρ

2191 5087 2334 5141 ἔοικε
2404 5087 2730 5157 σοφίσμασιν
2807 5087 3102 5157 ἀπατηλοῖς
3198 5090 3431 5146 ἑαυτὸν
3517 5084 3834 5166 παρακρού-

2193 5179 2369 5232 εσθαι.
2529 5178 2714 5232 Οἴεται
2744 5179 2871 5251 γὰρ,
2897 5181 2979 5231 ὅτι
3009 5178 3075 5232 τὰ
3104 5183 3239 5244 τοῖς
3271 5184 3577 5248 ἐναντίοις
3606 5184 3837 5251 ἑπόμενα

2182 5267 2278 5336 τὴν
2305 5264 2473 5334 αὐτὴν
2518 5262 2630 5332 ἔχει
2661 5260 2796 5332 πρὸς
2841 5258 3044 5329 ἄλληλα
3093 5258 3336 5331 μάχην,
3392 5264 3594 5333 ἥνπερ
3639 5260 3705 5314 ἂν
3733 5255 3838 5325 ἔχει

2181 5356 2279 5412 καὶ
2305 5354 2374 5408 τὰ
2405 5352 2716 5423 ἡγούμενα·
2757 5349 2849 5402 καὶ
2887 5351 3012 5402 ὅταν
3052 5347 3129 5417 τῷ
3169 5351 3382 5423 ἑτέρῳ
3428 5356 3552 5408 τῶν
3589 5348 3842 5406 ἐναντίων

2183 5445 2244 5500 τὸ
2268 5445 2504 5498 ἐναντίον
2537 5441 2778 5512 ὑπάρχῃ,
2823 5441 2915 5493 καὶ
2955 5439 3031 5510 τῷ
3063 5440 3263 5512 ἑτέρῳ
3301 5445 3553 5506 πάντως
3599 5444 3660 5496 τὸ
3693 5444 3841 5493 ἐναν-

2183 5536 2298 5592 τίον
2322 5533 2700 5604 ἀκολουθήσει.
2735 5526 2881 5594 Οίον,
2913 5533 2961 5583 εἰ
2990 5533 3054 5600 τῇ
3083 5531 3314 5599 ὁράσει
3348 5536 3420 5588 τὸ
3456 5537 3584 5606 φῶς
3628 5536 3844 5595 ἕπεται,

2184 5632 2249 5698 τῇ
2290 5627 2583 5696 τυφλότητι
2618 5624 2678 5676 τὸ
2720 5625 2940 5685 σκότος·
2972 5625 3018 5674 εί
3050 5619 3128 5689 τῷ
3173 5623 3295 5693 ζῇν
3335 5628 3406 5679 τὸ
3453 5625 3846 5685 αἰσθάνεσθαι,

2185 5721 2264 5793 τῷ
2285 5719 2600 5791 τεθνηκέναι
2623 5718 2684 5769 τὸ
2711 5715 3071 5784 ἀναισθητεῖ-ι.
3264 5717 3468 5773 Τοῦτο
3498 5722 3556 5774 δὲ
3589 5721 3669 5784 ὡς
3694 5719 3852 5773 ἀσθε-

2186 5814 2273 5877 νὲς
2315 5813 2406 5865 καὶ
2434 5811 2722 5864 διαπῖπτον
2763 5807 2821 5859 τὸ
2862 5808 3294 5878 παρατήρημα,
3342 5814 3530 5864 παντὶ
3569 5811 3852 5883 γνώριμον
