4102 6298
412 352 519 414 529

1382 362 1761 423 l’ANOPLlA
1803 363 2266 424 DOtiMA’I‘lCA.
2311 387 2379 398 --
2414 361 2561 420 'flT.
2636 361 2736 420 Xl.

3577 355 3684 420 530

415 490 493 562 τῷ
523 493 615 546 καὶ
649 493 842 564 μικρὸν
874 491 1242 562 ὲπιστήσαντι.
1276 491 1349 544 Οὐ
1381 488 1488 562 γὰρ
1515 492 1700 562 ἐπειδὴ
1726 491 1802 561 τῷ
1831 494 1993 562 ἐγρη-

2101 493 2239 547 enim
2287 492 2329 546 si
2388 489 2660 543 contraria
2711 493 2855 548 sunt,
2897 485 3008 555 jam
3059 497 3244 541 mutuo
3291 500 3350 540 se
3399 487 3679 541 destruent

415 582 637 654 γορέναι
670 583 732 636 τὸ
760 582 860 654 ζῇν
888 582 1097 643 ἕπεται,
1131 581 1208 652 τῷ
1241 579 1519 635 καθεύδειν
1552 582 1834 635 ἀκολουθεί
1865 584 1995 637 πάν-

414 693 524 738 τως
555 675 617 727 τὸ
639 665 912 730 τεθνάναι.
964 674 1098 727 Ἀλλ’
1137 674 1259 728 οὔτε
1293 675 1550 739 ἐναντίως
1579 675 1692 746 ἔχει
1720 677 1780 730 τὸ
1805 694 1995 749 γεννη-

415 765 506 818 τὸν
529 765 665 835 πρὸς
692 765 752 818 τὸ
781 765 1095 836 ἀγέννητον.
1128 767 1190 818 El
1219 766 1328 838 γὰρ
1353 768 1570 821 ἐναντία
1597 768 1691 820 καὶ
1718 767 1991 840 φθαρτικὰ

415 853 680 925 ἀλλήλων,
721 855 855 926 ὅπερ
895 856 973 918 είς
1030 854 1268 926 κεφαλὴν
1304 858 1418 918 τοῖς
1455 854 1837 927 βλασφημοῦσι
1867 855 1990 926 τρέ-

2096 582 2277 651 (quod
2335 582 2386 634 in
2445 589 2608 648 caput
2665 578 3155 648 blasphemantium
3223 583 3529 644 vertatur),
3570 581 3702 633 imo

2097 688 2268 742 neque
2311 683 2500 727 natura
2534 673 2757 726 adversa
2792 679 2948 738 sunt,
2977 686 3152 741 neque
3186 686 3305 740 qua:
3331 687 3678 742 consequun-

2101 774 2208 831 tur,
2231 765 2474 819 eamdem
2501 764 2807 820 necessario
2841 764 3115 819 habebunt
3143 763 3478 827 distantiam,
3513 779 3688 833 quam

2097 865 2150 910 et
2179 853 2490 924 principalia
2518 853 3036 908 demonstrabantur
3067 853 3286 908 habere.

417 966 589 1013 ποιτο,
617 949 728 1003 ἀλλ’
755 947 876 1002 οὔτε
902 953 967 1021 τῇ
1000 953 1159 1019 φύσει
1194 950 1448 1021 πολέμια,
1476 948 1599 1003 οὔτε
1633 951 1741 1022 μὴν
1769 950 1836 1003 τά
1867 950 2108 1022 ἑπόμενα
2151 950 2364 1012 τούτοις
2405 949 2504 1020 τὴν
2538 948 2709 1020 αὐτὴν
2747 948 3064 1018 ἀναγκαίως
3110 947 3222 1013 ἕξει
3271 948 3573 1017 διάστασιν,
3611 949 3680 1021 ἢν

419 1047 690 1100 ἐδείκνυτο
722 1045 864 1116 ἔχειν
897 1048 990 1100 καὶ
1027 1047 1095 1100 τὰ
1134 1046 1434 1118 ἡγούμενα.

619 1139 688 1190 Ἢ
735 1139 910 1191 τοίνυν
953 1138 1248 1209 ἀπάλειψόν
1285 1157 1376 1192 σου
1427 1139 1487 1191 τὸ
1543 1140 1786 1210 ῥήματα,
1837 1139 1869 1210 ἢ
1919 1140 1992 1211 μὴ

416 1231 579 1303 ἀρνοῦ
619 1234 717 1305 τὴν
756 1231 1028 1286 ἀσέϐειαν.
1066 1233 1140 1303 Σὴ
1175 1233 1281 1304 γάρ
1309 1233 1453 1285 ἐστιν
1486 1235 1518 1304 ἠ
1552 1232 1868 1302 βλασφημία
1897 1229 1992 1284 τοῦ

417 1325 660 1388 εἰπόντος
681 1342 692 1353 ·
725 1323 888 1377 Ὅσον
929 1323 1306 1395 παρήλλακται
1335 1323 1427 1377 τοῦ
1459 1324 1716 1394 γεννητοῦ
1749 1325 1809 1377 τὸ
1832 1324 1993 1392 ἀγέν-

345 1429 356 1433 '
408 1425 603 1514 ἰλητον,
635 1415 886 1469 τοσοῦτον
928 1416 1142 1486 ἀνάγκη
1189 1415 1569 1486 παρηλλάχθαι
1614 1415 1673 1468 τὸ
1708 1414 1823 1484 φῶς
1858 1415 1995 1485 πρὸς

428 1508 474 1560 :b
526 1507 660 1576 φῶς.
705 1504 911 1559 Οὐκοῦν
951 1506 1025 1570 ὡς
1075 1507 1324 1560 οὐδέποτε
1372 1506 1583 1576 μεθέξει
1636 1507 1734 1576 τῆς
1767 1508 1996 1576 ἀγεννη-

418 1601 536 1664 σίας
694 1602 721 1651 ὁ
742 1599 1017 1670 γεννητὸς,
1043 1599 1214 1663 οὕτως
1243 1601 1495 1653 οὐδέποτε
1520 1598 1669 1668 αὑτῷ
1698 1598 1791 1651 τοῦ
1819 1598 1994 1667 φωτὸς

419 1690 770 1759 μεταδώσεις.
965 1691 1075 1744 Καὶ
1109 1691 1281 1757 ἔσται,
1321 1692 1461 1744 κατά
1504 1690 1585 1754 σὲ,
1633 1691 1851 1759 ἡούσία
1898 1687 1992 1742 τοῦ

415 1782 753 1849 Μονογενοῦς
803 1783 910 1834 ἴσον
951 1782 1227 1852 ἀπέχουσα
1264 1781 1358 1835 τοῦ
1392 1801 1455 1852 γε
1503 1783 1794 1852 ἀγέννητος
1831 1779 1992 1844 εἶναι,

2301 1140 2408 1192 Aut
2476 1139 2639 1208 igitur
2678 1147 2767 1193 tua
2819 1137 2992 1207 ipsius
3047 1151 3211 1192 verna
3267 1151 3538 1208 expunge,
3585 1149 3680 1192 aut

2098 1229 2208 1285 noli
2252 1228 2584 1299 impietatem
2617 1242 2836 1298 negare.
2871 1227 2966 1282 Est
2998 1227 3146 1282 enim
3179 1227 3518 1296 blasphemia
3549 1239 3670 1292 tua,

2097 1323 2187 1394 qui
2221 1321 2404 1377 dixisti
2433 1338 2448 1376 :
2499 1321 2770 1388 Quantum
2815 1317 2993 1375 dllTert
3022 1321 3262 1389 genitum
3295 1321 3361 1375 ab
3392 1321 3632 1391 ingenito
3653 1360 3669 1384 ,

2097 1426 2308 1471 tantum
2354 1428 2580 1470 necesse
2625 1421 2707 1468 est
2741 1413 2916 1468 lucem
2958 1427 2987 1466 a
3025 1413 3144 1468 luce
3192 1412 3433 1468 diﬂ'erre.
3495 1413 3676 1480 Quare

2097 1507 2555 1579 quemadmodum
2589 1506 2682 1577 qui
2712 1507 2927 1576 genitus
2958 1515 3038 1562 est
3060 1548 3076 1575 ,
3114 1520 3392 1576 nunquam
3446 1506 3674 1577 ingene-

2099 1601 2324 1657 rationis
2363 1602 2469 1655 erit
2501 1600 2771 1671 particeps
2811 1618 2825 1654 :
2868 1600 2945 1654 sic
2997 1614 3119 1654 eum
3161 1598 3298 1654 lucis
3351 1601 3670 1670 participem

2098 1708 2376 1760 nunquam
2417 1691 2607 1749 facies.
2640 1692 2817 1761 Atque
2846 1689 3120 1761 Unigeniti
3145 1691 3448 1747 substantia
3485 1704 3549 1745 ex
3583 1699 3670 1746 tua

2097 1785 2368 1838 sententia
2407 1796 2560 1850 aeque
2593 1781 2769 1836 aberit
2796 1782 2863 1836 ab
2896 1796 2959 1836 eo
3002 1790 3058 1834 ut
3095 1781 3333 1849 ingenita
3362 1780 3462 1846 sit,
3501 1787 3674 1849 atque

417 1871 510 1923 καὶ
539 1871 635 1925 τοῦ
669 1871 788 1941 φῶς
814 1871 1050 1926 νοεῖσθαι
1078 1875 1172 1927 καὶ
1194 1873 1575 1944 ὀνομάζεσθαι.
1619 1873 1777 1926 Ἀλλά
1818 1874 1994 1926 Ἰωάν-

2101 1872 2248 1927 abest
2285 1873 2352 1926 ab
2381 1887 2445 1926 eo
2484 1882 2541 1927 ut
2583 1872 2670 1926 lux
2721 1887 2839 1926 esse
2872 1871 3221 1941 intelligatur,
3256 1881 3311 1926 et
3340 1871 3670 1925 nominetur.

413 1983 512 2034 νης
560 1965 657 2036 μὲν
690 1967 754 2036 τῇ
793 1963 1174 2036 μεγαλοφωνία
1220 1964 1312 2017 τοῦ
1364 1963 1678 2034 Πνεύματος
1706 1964 1878 2035 ἐμϐοᾷ
1913 1981 1994 2018 σοι

416 2057 588 2126 λέγων
615 2072 628 2085 °
660 2053 770 2112 Ἦν
804 2058 868 2110 τὸ
903 2055 1026 2126 φῶς
1065 2055 1132 2109 τὸ
1162 2056 1479 2122 ἀληθινόν·
1512 2056 1593 2108 σοὶ
1625 2056 1684 2109 δὲ
1723 2057 1822 2109 οὐκ
1848 2055 1994 2108 ἐστιν

414 2141 530 2200 ὦτα
567 2147 658 2199 τοῦ
711 2146 949 2212 ἀκούειν,
989 2147 1106 2200 οὐδὲ
1155 2147 1350 2218 καρδία
1391 2147 1486 2201 τοῦ
1533 2147 1802 2201 συνιέναι’
1861 2147 1995 2201 ἀλλά

418 2238 556 2308 πρὸς
591 2239 689 2308 τὴν
730 2237 1018 2291 ἀντίπαλον
1071 2239 1254 2308 φύσιν,
1313 2238 1406 2292 καὶ
1459 2239 1875 2309 ἀσυνύπαρκτον
1919 2237 1996 2308 τῷ

417 2331 556 2398 φωτὶ
600 2331 698 2402 τὴν
747 2331 933 2384 οὐσίαν
983 2331 1079 2385 τοῦ
1111 2330 1470 2400 Μονογενοῦς,
1515 2334 1627 2394 τοῖς
1669 2330 1995 2401 σοφίσμασιν

418 2422 762 2484 ἀπελαύνεις.
799 2423 872 2477 Οὐ
917 2422 1026 2494 γάρ
1071 2422 1135 2494 δὴ
1181 2425 1356 2476 ἐκεῖνο
1403 2422 1622 2494 ἰσχυρὸν
1828 2423 1992 2494 ἐρεῖς,

415 2516 499 2567 ὅτι
555 2515 648 2567 καὶ
693 2514 784 2566 ἐπὶ
815 2512 909 2567 τοῦ
958 2513 1294 2582 Μονογενοῦς
1335 2514 1432 2586 τὴν
1485 2515 1855 2586 προσηγορίαν
1899 2515 1990 2568 τοῦ

416 2607 594 2674 φωτὸς
631 2608 730 2660 οὐκ
765 2606 1002 2675 ἀφείλου.
1042 2607 1114 2660 Οὐ
1155 2605 1262 2676 γὰρ
1292 2607 1349 2658 ὲν
1377 2606 1535 2676 ψόφῳ
1561 2606 1745 2675 ἀέρος,
1786 2606 1900 2660 ἀλλ’
1936 2608 1994 2661 ὲν

415 2701 482 2767 τῇ
509 2696 734 2767 δυνάμει
762 2696 868 2750 τῶν
907 2695 1318 2768 σημαινομένων
1348 2696 1411 2750 τὸ
1435 2696 1677 2761 εὐσεϐές.
1725 2697 1782 2750 Ὁ
1813 2697 1869 2751 δὲ
1895 2697 1995 2751 οὐκ

415 2789 514 2842 ἐπὶ
554 2787 762 2841 τούτων
797 2787 925 2858 ἔστη
959 2832 976 2858 ,
1144 2787 1279 2842 ἀλλά
1308 2790 1402 2843 καὶ
1441 2790 1542 2861 τὴν
1572 2791 1718 2861 ζωὴν
1769 2790 1862 2843 καὶ
1895 2791 1995 2862 τὴν

414 2879 644 2949 δύναμιν
684 2878 762 2950 τῷ
797 2879 947 2949 αὑτῷ
989 2879 1170 2950 μέτρῳ
1195 2880 1293 2950 τῆς
1323 2883 1402 2944 είς
1434 2882 1676 2936 ἐναντίον
1857 2883 1994 2936 ἀπο-

420 2970 661 3033 στάσεως
711 2971 1028 3038 συνεπάγει,
1077 2970 1276 3024 εἰπών’
1311 2972 1474 3027 Ὅσον
1520 2972 1901 3044 παρήλλακται
1935 2973 1996 3026 τὸ

416 3061 674 3130 γεννητὸν
711 3061 850 3130 πρὸς
886 3061 948 3115 τὸ
985 3061 1299 3130 ἀγέννητον,
1329 3061 1582 3117 τοσοῦτον
1609 3064 1822 3133 ἀνάγκη
1849 3081 1994 3134 παρ-

415 3151 683 3222 ηλλάχθαι
732 3153 794 3205 τὸ
845 3153 960 3222 φῶς
991 3153 1128 3225 πρὸς
1164 3155 1225 3208 τὸ
1255 3154 1392 3223 φῶς,
1436 3158 1529 3210 καὶ
1559 3156 1655 3228 τὴν
1685 3157 1830 3229 ζωὴν
1861 3157 1997 3227 πρὸς

2095 1965 2168 2018 At
2206 1963 2444 2020 Joannes
2479 1980 2670 2034 magna
2706 1964 2938 2033 Spiritus
2979 1978 3113 2018 voce
3147 1963 3404 2018 inclamat
3437 1961 3556 2029 tibi,
3591 1963 3674 2017 di-

2097 2073 2227 2114 cens
2262 2075 2276 2112 :
2314 2055 2445 2111 Erat
2478 2063 2571 2111 tua:
2605 2074 2725 2111 vera
2777 2059 2814 2110 ί.
2856 2053 3183 2126 Tibitamen
3213 2069 3371 2111 aures
3406 2071 3511 2110 non
3543 2063 3672 2112 sunt

2099 2150 2162 2205 ad
2187 2150 2536 2214 audiendum,
2561 2162 2733 2216 neque
2759 2161 2853 2201 cor
2875 2146 2945 2200 ad
2973 2146 3401 2216 intelligendum.
3432 2145 3541 2202 lmo
3569 2147 3675 2200 tuis

2100 2241 2534 2296 cavillationibus
2603 2239 2872 2309 Unigeniti
2925 2239 3286 2293 substantiam
3334 2237 3400 2292 ad
3447 2245 3668 2292 contra-

2102 2336 2236 2390 riam
2274 2344 2555 2397 naturam,
2587 2346 2640 2388 et
2670 2348 2788 2401 qua:
2835 2345 2954 2385 cum
3000 2331 3120 2387 luce
3149 2345 3271 2387 esse
3303 2346 3408 2387 non
3455 2330 3665 2401 possit,

2102 2426 2367 2481 detrudis.
2415 2425 2525 2481 Nec
2569 2426 2712 2480 enim
2760 2423 3002 2494 profecto
3043 2425 3278 2480 validum
3322 2425 3452 2480 illud
3482 2425 3667 2488 dices,

2109 2520 2249 2587 quod
2281 2519 2348 2571 ab
2373 2515 2665 2586 Unigenito
2700 2516 3114 2585 appellationem
3145 2516 3278 2571 lucis
3302 2530 3405 2571 non
3437 2515 3674 2570 abstule-

2098 2608 2194 2662 ris.
2227 2605 2343 2660 Non
2375 2607 2518 2662 enim
2551 2607 2604 2661 in
2637 2621 2768 2660 sono
2799 2607 2963 2671 aeris,
2987 2607 3080 2662 sed
3111 2608 3166 2662 in
3199 2607 3252 2662 vi
3283 2621 3464 2662 rerum
3501 2608 3670 2676 signi-

2098 2701 2378 2755 ﬁeatarum
2407 2701 2578 2769 pietas
2623 2707 2724 2754 est.
2763 2698 2861 2754 llic
2893 2714 3017 2754 vero
3059 2715 3164 2756 non
3209 2701 3260 2754 in
3308 2701 3390 2756 bis
3417 2701 3670 2771 quievit,

2098 2797 2193 2851 sed
2231 2795 2390 2849 simul
2436 2805 2491 2849 et
2531 2795 2696 2848 vitam
2751 2803 2804 2848 et
2850 2796 3144 2862 potentiam
3199 2795 3341 2849 inter
3391 2811 3448 2850 se
3486 2796 3674 2850 eadem

2099 2891 2370 2944 distantia:
2422 2903 2671 2943 mensura
2725 2888 3031 2942 contrarias
3081 2888 3320 2952 inducit,
3373 2903 3496 2943 cum
3541 2888 3615 2941 ait
3659 2904 3674 2940 :

2098 2981 2370 3048 Quantum
2408 2981 2586 3035 diﬂ'ert
2627 2981 2866 3048 genitum
2913 2981 2980 3033 ab
3012 2979 3273 3050 ingenito,
3320 2989 3527 3034 tantum
3577 2995 3676 3033 ne-

2099 3087 2250 3126 cesse
2276 3082 2358 3127 est
2390 3072 2561 3126 lucem
2610 3085 2638 3125 a
2677 3070 2796 3125 luce
2834 3069 3071 3136 dill'erre,
3105 3083 3158 3125 et
3187 3073 3352 3125 vitam
3387 3088 3415 3125 a
3453 3073 3585 3136 vita,
3622 3082 3677 3127 et

2101 3167 2401 3236 p0tentiam
2429 3181 2456 3219 a
2485 3166 2747 3234 potentia.
2967 3163 3108 3232 Ergo
3133 3163 3452 3234 Unigenitus
3479 3179 3675 3219 secun-

416 3245 518 3314 τὴν
542 3243 708 3316 ζωὴν,
735 3246 829 3298 καὶ
847 3245 946 3315 τὴν
973 3245 1203 3317 δύναμιν
1227 3247 1362 3318 πρὸς
1381 3247 1481 3317 τὴν
1507 3248 1756 3318 δύναμιν.
1788 3248 1994 3303 Οὐκοῦν

2101 3259 2225 3311 dum
2258 3267 2307 3312 te
2339 3272 2438 3312 nec
2465 3258 2571 3311 vita
2603 3266 2708 3321 est,
2739 3271 2838 3311 nec
2863 3257 3126 3327 potentia.
3160 3259 3230 3311 At
3252 3258 3465 3326 spernis
3492 3257 3676 3312 Domi-

415 3335 541 3390 οὔτε
568 3336 700 3409 ζωὴ,
724 3337 865 3391 κατά
895 3338 974 3404 σὲ,
1003 3337 1124 3391 οὔτε
1153 3338 1380 3409 δύναμις
1409 3339 1437 3391 ὁ
1466 3341 1797 3410 Μονογενής.
1839 3340 1997 3394 Ἀλλά

418 3430 756 3500 παραγράφῃ
807 3430 903 3499 μὲν
945 3430 1107 3482 αὑτὸν
1139 3430 1228 3483 τὸν
1282 3430 1483 3501 Κύριον
1534 3429 1793 3499 λέγοντα·
1861 3432 2000 3501 Ἐγώ

412 3523 534 3589 ειμι
588 3521 627 3587 ἡ
665 3518 812 3586 ζωήο
852 3521 1188 3595 παραγράφῃ
1235 3522 1292 3574 δὲ
1333 3521 1545 3575 Παῦλον
1608 3524 1700 3575 τὸν
1740 3524 1996 3577 εἰπόντα·

415 3613 667 3679 Χριστός
696 3612 845 3667 Θεοῦ
864 3613 1133 3683 δύναμις.
1171 3615 1237 3665 "A
1262 3614 1370 3684 γὰρ
1401 3615 1458 3667 ὲν
1481 3617 1593 3678 τοῖς
1615 3616 1840 3670 κατόπιν
1864 3617 1947 3668 ὲδε
1957 3617 1999 3669 ί-

416 3721 602 3772 κνυτο,
630 3706 801 3760 ταῦτα
829 3708 922 3761 καὶ
948 3711 1058 3770 τοῖς
1083 3706 1177 3760 νῦν
1204 3709 1523 3779 ἐφαρμόσει.
1555 3708 1691 3763 Οῦτε
1719 3709 1827 3780 γὰρ
1851 3710 1996 3782 ζωὴν

414 3797 541 3849 οὔτε
567 3796 795 3868 δύναμιν
823 3801 890 3868 τῇ
910 3800 1021 3870 ζωῇ
1049 3800 1141 3852 καὶ
1163 3802 1225 3870 τῇ
1250 3798 1476 3869 δυνάμει
1503 3800 1839 3854 ἀντικεῖσθαι
1862 3801 1992 3872 φαίη

416 3907 502 3952 τις
534 3889 626 3942 ἀν·
663 3891 800 3944 ἀλλά
834 3891 1059 3945 θάνατον
1103 3893 1195 3945 καὶ
1234 3891 1536 3962 ἀδυναμίαν
1580 3893 1676 3964 τὴν
1725 3893 1964 3946 τελεωτά

404 3999 519 4054 1την
709 3983 980 4038 ἀντίθεσιν
1016 3985 1342 4057 ἐκπληροῦν.
1370 3985 1548 4056 "Amp
1574 3983 1743 4050 οὗτος,
1777 3990 1832 4040 ὲν
1864 4004 1998 4038 παν-

413 4071 610 4142 ουργίᾳ
653 4070 804 4123 δόλον
866 4070 960 4124 τὸν
1003 4070 1176 4138 λόγων
1225 4071 1683 4142 ἀποκρυψάμενος
1715 4112 1732 4137 ,
1904 4073 1997 4142 βα-

412 4162 559 4233 ξῖέως
591 4161 686 4214 καὶ
714 4161 1272 4232 περικεκαλυμμένως
1300 4162 1358 4214 τὺ
1381 4162 1605 4233 φρικτὸν
1627 4163 1724 4231 τῆς
1747 4162 1997 4227 ἀσεϐείας

400 4251 414 4336 ξ
444 4251 843 4316 εατασκευάζει,
875 4253 971 4305 καὶ
1002 4255 1112 4315 τοῖς
1143 4252 1253 4304 τῶν
1286 4252 1456 4321 λόγων
1494 4253 1828 4324 τεχνάσμασι
1861 4253 1998 4324 πρὸς

397 4345 480 4398 ,έὸ
528 4345 769 4399 ἐναντίον
818 4343 896 4414 τῷ
945 4347 1122 4412 Ilo.sz
1162 4346 1260 4415 τὴν
1313 4345 1474 4413 φύσιν
1519 4345 1613 4396 τοῦ
1659 4345 1997 4413 Μονογενοῦς

417 4427 752 4508 ἀποστήλιας,
785 4435 951 4506 μόνην
977 4436 1292 4490 καταλείπει
1322 4437 1418 4506 τὴν
1449 4437 1720 4507 εὐφημίαν
1745 4436 1853 4489 τῶν
1881 4439 1995 4489 ὀνο-

421 4527 628 4596 μάτων.
665 4527 731 4579 Τί
758 4523 850 4580 οῦν
882 4529 1077 4596 ἡμείς;
1123 4526 1260 4588 πῶς.
1296 4529 1391 4579 καὶ
1422 4528 1711 4596 ἀγέννητον
1748 4528 1839 4580 τδν
1878 4528 1991 4580 Ila-

413 4619 551 4690 τέρα
590 4619 684 4672 καὶ
718 4619 973 4689 γεννητὸν
1004 4620 1096 4673 τὸν
1145 4619 1271 4673 Υίὸν
1303 4617 1709 4688 ὁμολογοῦντες,
1739 4620 1836 4690 τὴν
1871 4622 1990 4672 κατ’
2023 4614 2064 4667 D

412 4710 549 4763 αὐτὸ
568 4709 630 4762 τὸ
658 4706 795 4765 εἶναι
823 4710 1180 4781 διαφύγωμεν
1349 4710 1660 4763 ἐναντίωσιν
1683 4727 1696 4775 ;
1727 4709 1780 4762 τί
1806 4711 1991 4778 λέγον-

407 4816 538 4863 τες;
567 4801 690 4854 Ὀτι
724 4800 929 4869 ἀγαθοῦ
971 4802 1067 4872 μὲν
1091 4801 1302 4868 Πατρὸς
1332 4800 1533 4868 ἀγαθὸς
1565 4804 1592 4854 ὁ
1621 4801 1745 4865 Υἱός
1765 4819 1778 4831 ·
1818 4803 1994 4870 φωτὸς

408 4893 472 4945 δὲ
520 4893 614 4946 τοῦ
667 4894 962 4964 ἀγεννήτου
1005 4893 1119 4962 φῶς
1159 4892 1428 4963 ἐξέλαμψε
1472 4893 1533 4946 τὸ
1567 4893 1733 4947 ἀΐδιον
1753 4934 1767 4957 ,
1804 4897 1895 4948 καὶ
1929 4898 1994 4949 ὲκ

410 4985 517 5053 τῆς
539 4984 704 5048 ὅντως
721 4985 867 5056 ζωῆς
893 4989 925 5057 ἡ
954 4985 1219 5049 ζωοποιὸς
1237 4985 1474 5057 προῆλθε
1492 4987 1663 5057 πηγὴ,
1685 4987 1779 5040 καὶ⁸
1806 4990 1868 5040 ὲκ
1893 4988 1992 5056 τῆς

409 5076 828 5148 αὑτοδυνάμεως
871 5081 904 5149 ὴ
963 5079 1056 5131 τοῦ
1102 5076 1235 5130 Θεοῦ
1279 5076 1504 5148 δύναμις
1722 5079 1955 5152 ἐξεφάνη
1971 5077 1988 5113 ’⁸

413 5167 607 5230 σκότος
633 5169 709 5234 δὲ,
736 5169 828 5222 καὶ
856 5169 1104 5233 θάνατος,
1135 5171 1228 5224 καὶ
1259 5169 1510 5224 ἀσθένεια
1538 5170 1616 5241 τῷ
1646 5172 1866 5244 ἄρχοντι
1895 5174 1989 5228 τοῦ

408 5253 620 5329 κόσμου
647 5260 860 5326 τούτου,
893 5262 986 5314 καὶ
1017 5264 1128 5325 τοῖς
1153 5261 1590 5334 κοσμοκράτορσι
1620 5263 1713 5316 τοῦ
1745 5265 1988 5329 σκότους,

411 5348 512 5402 καὶ
558 5352 668 5413 τοῖς
710 5355 1102 5421 πνευματικοῖς
1139 5352 1238 5423 τῆς
1278 5354 1563 5425 πονηρίας,
1593 5355 1686 5408 καὶ
1736 5355 1886 5429 πάσῃ
1924 5359 1988 5426 τῇ

401 5438 580 5509 ἐχθρᾷ.
626 5442 724 5511 τῆς
757 5441 908 5505 θείας
941 5441 1154 5510 φύσεως
1186 5441 1414 5512 δυνάμει
1450 5443 1830 5508 συντέτακται,
1867 5445 1988 5499 οὺδέ

396 5530 616 5593 τούτοις
655 5533 774 5585 κατ’
821 5534 992 5606 αὐτὴν
1024 5535 1122 5605 τὴν
1155 5535 1340 5588 οὐσίαν
1391 5537 1527 5605 πρὸς
1564 5537 1624 5588 τὸ
1659 5537 1862 5604 ἀγαθὸν
1895 5537 1989 5591 λα-

398 5620 565 5696 χοῦσι
592 5621 692 5692 τὴν
713 5627 1032 5681 ἐναντίωσιν
1047 5624 1212 5696 (οὕτω
1241 5627 1349 5698 γὰρ
1378 5625 1497 5698 ὃ.νή
1536 5626 1744 5698 μέμψις
1787 5629 1873 5680 ἐπὶ
1913 5631 2004 5680 τὶν

484 5801 688 5857 'Joan.
717 5817 756 5868 ι,
788 5805 840 5856 9.
921 5805 940 5833 '
974 5802 1129 5857 Joan.
1171 5819 1278 5869 xiv,
1318 5805 1368 5856 6.
1448 5806 1464 5833 ³
1503 5805 1518 5857 l
1560 5805 1684 5858 (lor.
1723 5821 1755 5860 ι.
1794 5807 1882 5859 ίὶὶ.

2099 3366 2224 3404 num
2259 3350 2454 3417 ipsum,
2483 3349 2573 3417 qui
2612 3349 2781 3404 dicit:
2816 3347 2930 3418 Ego
2953 3366 3066 3403 sum
3091 3351 3194 3403 vita
3247 3351 3305 3417 ²;
3339 3351 3551 3419 spernis
3585 3350 3676 3404 iti-

2098 3438 2220 3492 dem
2268 3436 2521 3499 Paulum,
2556 3438 2643 3506 qui
2686 3437 2824 3492 dixit
2871 3456 2883 3492 :
2924 3436 3167 3493 Christus
3211 3440 3304 3495 Dei
3345 3441 3575 3510 potentia
3633 3441 3674 3496 '.

2098 3525 2232 3580 Nam
2263 3541 2600 3597 quaecunque
2638 3528 2689 3581 in
2718 3529 3091 3598 superioribus
3121 3531 3493 3586 demonstrata
3526 3543 3676 3598 sunt,

2097 3636 2158 3674 ea
2193 3621 2277 3674 liis
2309 3634 2523 3690 quoque
2552 3635 2695 3676 nunc
2721 3623 3294 3679 accommodabuntur.
3322 3623 3460 3680 Nam
3491 3641 3667 3698 neque

2101 3711 2288 3774 vitam,
2329 3726 2503 3779 neque
2537 3711 2834 3780 potentiam
2885 3714 3010 3767 vitae
3057 3729 3122 3769 ac
3173 3717 3427 3783 potentiae
3467 3721 3669 3786 opponi

2100 3804 2383 3870 quisquam
2431 3803 2630 3857 dixerit
2675 3821 2688 3855 :
2745 3804 2838 3858 sed
2899 3816 3126 3861 mortem
3183 3818 3234 3861 et
3293 3809 3670 3877 impotentiam

2102 3895 2492 3962 appositionem
2553 3897 2959 3966 integerrimam
3017 3899 3250 3969 explere.
3312 3899 3517 3968 Quibus
3589 3903 3675 3957 hic

2107 3989 2226 4049 iste,
2259 4003 2353 4056 per
2382 3985 2666 4041 verborum
2699 3991 2994 4043 versutiam
3025 3990 3201 4042 dolum
3227 3991 3532 4052 occultans.
3570 3994 3679 4048 alte

2110 4089 2172 4124 at:
2215 4079 2358 4124 tecte
2409 4070 2733 4125 horrendam
2773 4070 3105 4140 impietatem
3151 4069 3477 4133 concinnat,
3511 4079 3675 4137 atque
3737 4082 3740 4084 ‘
3777 4084 3779 4086 ·

2106 4161 2431 4230 σει-ιιιιιρηιίω
2477 4161 2687 4217 artibus
2731 4161 3003 4231 Unigeniti
3050 4169 3296 4214 naturam
3340 4163 3406 4214 ait
3453 4171 3672 4216 eontra-

2108 4251 2244 4303 rinm
2301 4259 2540 4318 paternae
2601 4259 2806 4305 natura;
2865 4263 3120 4314 avocans,
3173 4248 3341 4304 solam
3399 4248 3677 4304 nominum

2107 4341 2630 4395 commendationem
2669 4341 2944 4410 relinquit.
2991 4339 3131 4407 Quid
3173 4341 3337 4409 igitur
3377 4340 3514 4395 nos?
3540 4355 3674 4410 qno-

2108 4433 2265 4485 modo
2294 4443 2347 4486 et
2387 4433 2683 4501 ingenitum
2711 4431 2925 4487 Patrem
2953 4441 3007 4487 et
3032 4434 3270 4502 genitura
3303 4431 3495 4486 Filium
3541 4449 3674 4487 cou-

2107 4521 2319 4575 tinentes
2342 4561 2357 4586 ,
2384 4522 2684 4576 secundum
2720 4523 2893 4590 ipsqu
2925 4537 3036 4576 esse
3071 4523 3510 4577 contrarietatem
3538 4521 3671 4577 eﬂ‘u-

2103 4611 2383 4680 gerimus?
2413 4612 2541 4680 quid
2577 4611 2772 4667 dicturi
2797 4611 3024 4668 sumus?
3052 4611 3207 4677 Quod
3249 4622 3307 4666 ut
3338 4612 3463 4665 boni
3497 4611 3678 4667 Patris

2105 4702 2275 4756 bonus
2299 4701 2490 4770 Filius,
2517 4704 2590 4758 ita
2614 4717 2680 4758 ex
2701 4703 2937 4774 ingenita
2961 4703 3082 4758 luce
3109 4703 3195 4756 lux
3224 4713 3424 4756 aeterna
3455 4701 3676 4767 eli‘ulsit,

2103 4807 2280 4862 exque
2310 4808 2439 4848 vera
2471 4793 2577 4847 vita
2614 4794 2898 4848 viviﬁcans
2927 4793 3047 4848 fons
3085 4793 3306 4862 prodiit,
3361 4802 3415 4846 et
3444 4807 3510 4846 ex
3559 4793 3675 4862 ipsa

2103 4900 2198 4956 per
2218 4900 2278 4940 se
2297 4885 2534 4954 potentia
2571 4885 2666 4940 Dei
2719 4887 2958 4956 potentia
2979 4885 3238 4940 emersit:
3267 4885 3502 4939 tenebras
3525 4899 3674 4951 vero,

2109 4990 2256 5032 mors
2284 4987 2341 5032 et
2367 4977 2712 5033 imbecillitas
2739 4992 2842 5031 una
2869 4991 2992 5032 cum
3026 4973 3186 5044 bnjns
3218 4975 3399 5030 mundi
3434 4976 3680 5046 principe

2102 5071 2561 5138 tenebrarumqne
2593 5068 2950 5138 principibus,
3002 5077 3057 5122 et
3103 5067 3474 5136 spiritualibus
3503 5069 3680 5137 pravi~

2101 5164 2231 5218 tatis
2261 5163 2516 5216 ministris
2548 5171 2601 5216 et
2630 5161 2776 5214 omni
2810 5169 3073 5230 potestate
3103 5160 3298 5215 divinae
3332 5168 3538 5213 naturae
3573 5161 3677 5210 ini-

2101 5253 2240 5306 mica
2267 5251 2707 5306 collocatwsunt:
2730 5265 3037 5320 quanquam
3055 5267 3122 5305 ne
3136 5251 3351 5319 quidem
3377 5249 3674 5303 secundum

2102 5342 2269 5411 ipsam
2321 5343 2677 5397 substantiam
2730 5344 2908 5397 sortiti
2955 5352 3083 5397 sunt
3121 5340 3566 5396 contrarietatem
3608 5342 3673 5394 ad

2102 5435 2295 5486 bonum
2331 5433 2489 5487 ullam
2536 5435 2650 5504 (sic
2680 5435 2822 5488 enim
2857 5433 3210 5502 reprehensio
3242 5433 3307 5486 ad
3345 5431 3664 5485 Creatorem

2101 5525 2334 5592 rediret)
2357 5563 2370 5588 ,
2411 5527 2503 5579 sed
2547 5541 2642 5578 sua
2680 5527 2916 5595 ipsorum
2949 5525 3226 5577 voluntate
3261 5537 3357 5592 per
3387 5521 3515 5577 boni
3562 5524 3664 5590 pri-

2114 5627 2391 5681 vationem
2453 5626 2506 5680 in
2566 5628 2760 5681 vitium
2815 5625 3146 5678 inciderunt.
3199 5620 3385 5692 Neque
3415 5620 3560 5675 enim
3616 5621 3668 5673 in
