4026 6290
436 290 537 354 531

1682 288 2067 349 EUTIIYMII
2114 289 2476 349 ZIGABENI
3588 295 3680 360 532

430 404 676 463 essentia
736 404 1074 460 contrarium
1137 418 1260 459 esse
1314 411 1513 473 potest.
1582 402 1720 469 Quid
1773 404 1816 458 si
1853 403 2017 473 quis,

2143 402 2480 473 Δημιουργδν
2536 401 2788 473 ὲπονίοι),
2840 400 2957 454 ἀλλ’
2985 401 3049 454 ἐκ
3095 400 3193 471 τῆς
3220 402 3421 466 οἰκείας
3453 418 3689 478 πρααιρέ.

433 511 492 553 ιιι
545 514 733 553 verum
792 509 896 556 est.
960 498 1201 569 genitum
1258 507 1313 552 et
1368 496 1669 567 ingenitum
1727 498 1808 551 sic
1869 510 2028 553 arce-

433 593 699 660 perit,ut
758 593 811 648 in
869 594 1100 648 essentia
1153 591 1517 661 proprietates
1572 603 1692 644 esse
1745 590 2026 660 intelligat,

433 687 635 757 quibus
694 696 953 756 tanquam
1028 685 1171 740 notis
1230 698 1385 739 mens
1457 685 1522 736 ad
1573 696 1757 738 veram
1812 696 1877 736 ac
1930 681 2031 735 mi-

434 781 581 834 nime
613 779 894 833 contusam
922 775 1105 831 Patris
1136 792 1164 830 a
1201 774 1339 832 Filio
1358 775 1760 832 distinctionem
1794 790 2027 845 cognos—

432 874 661 929 cendam
711 871 1058 941 perducatur,
1112 872 1160 926 is
1216 878 1271 926 et
1337 870 1651 945 impietatis
1716 869 2025 940 periculum

430 964 680 1027 evitabit,
718 974 771 1018 et
827 962 1058 1017 rationis
1093 962 1339 1018 ordinem
1373 960 1633 1018 tuebitur.
1662 961 2031 1031 Proprietates

430 1056 579 1112 enim
615 1056 1010 1125 suntqutedam
1046 1055 1211 1111 veluti
1259 1064 1401 1111 nota)
1461 1065 1624 1126 atque
1664 1053 1875 1121 formae,
1907 1070 2029 1123 qua:

430 1148 573 1215 quod
605 1161 894 1201 commune
927 1155 1029 1214 est,
1056 1146 1131 1200 ita
1153 1146 1517 1216 distinguunt,
1549 1155 1606 1199 ut
1638 1146 1895 1202 essentiae
1927 1160 2025 1199 na-

434 1252 615 1294 turam
656 1254 763 1295 non
801 1239 1083 1294 dirimant.
1120 1239 1419 1295 Commune
1447 1239 1718 1296 Divinitas
1755 1247 1858 1295 est.
1889 1238 2027 1292 Pro-

433 1332 700 1400 prietates
732 1337 858 1384 sunt
890 1328 1018 1396 illas,
1049 1329 1247 1399 quibus
1270 1328 1433 1383 Pater
1466 1328 1573 1391 hic,
1610 1326 1701 1381 ille
1739 1324 1913 1379 Filius
1946 1326 2028 1380 di-

431 1424 594 1477 citur.
627 1420 704 1476 Ex
742 1423 933 1475 horum
965 1420 1274 1491 complexu,
1307 1434 1504 1490 nempe
1526 1436 1591 1474 ex
1621 1434 1686 1474 eo
1712 1420 1854 1490 quod
1880 1433 2031 1473 com-

435 1530 597 1569 mune
624 1524 677 1569 et
726 1528 793 1568 ex
832 1529 896 1568 eo
932 1513 1074 1583 quod
1111 1515 1392 1583 praprimn
1457 1522 1563 1579 est,
1598 1512 1835 1581 cognitio
1881 1511 2027 1565 veri-

434 1605 562 1660 tatis
623 1605 676 1659 in
700 1605 856 1660 nobis
892 1604 1214 1671 innascitur,
1250 1616 1309 1660 ut
1371 1620 1492 1659 cum
1535 1604 1707 1658 lucem
1738 1602 2032 1674 ingenitam

430 1695 708 1761 audimus,
786 1696 1026 1765 Patrem;
1088 1712 1211 1751 cum
1260 1698 1433 1751 lucem
1495 1698 1779 1766 genitam,
1835 1693 2031 1749 Filium

2136 516 2272 561 σεως
2304 501 2363 552 ἐν
2417 503 2483 569 τῇ
2519 498 2614 552 τοῦ
2662 498 2831 553 καλοῦ
2886 498 3142 569 στερήσει
3181 497 3317 567 πρὸς
3373 499 3465 569 τὴν
3514 505 3689 557 κακίαν

2134 593 2492 663 ἁπορῤυεῖσιν
2540 591 2823 663 ἀμήχανον
2858 591 3125 660 ὑπάρχειν
3153 589 3209 640 ἐν
3252 590 3406 661 οὐσία
3436 590 3528 662 τὴν
3562 596 3694 648 ὲναν-
3728 665 3735 671 .

2138 684 2349 738 τίωσιν.
2369 685 2430 737 El
2460 686 2526 750 δ’,
2545 685 2681 756 ὅπερ
2709 685 2860 736 ἐστὶν
2878 682 3103 754 ἀληθὲς,
3129 683 3485 751 γνωριπικάς
3516 687 3691 760 ίδιότη-

2138 794 2238 839 τας
2279 776 2761 846 ὲπιθεωρουμένις
2801 778 2869 846 τῇ
2914 776 3075 845 οὐσία
3110 775 3319 847 δέχοιτό
3362 793 3444 841 τις
3480 775 3607 834 εἶναι
3642 782 3693 836 τὸ

2139 867 2398 937 γεννητὸν
2451 868 2542 921 καὶ
2599 866 2660 920 τὸ
2714 865 3014 936 ἀγέννητον
3055 865 3188 936 πρὸς
3244 865 3342 936 τὴν
3378 868 3568 940 τρανὴν
3613 876 3700 927 καὶ

2137 962 2446 1031 ἀσύγχυτον
2467 962 2683 1031 Πατρὸς
2718 961 2812 1013 καὶ
2846 959 2976 1012 Υίοῦ
3010 959 3456 1031 χειραγωγούσας
3485 964 3693 1033 ἔννοιαν,

2135 1053 2229 1104 τόν
2262 1069 2322 1105 τε
2356 1052 2456 1120 τῆς
2488 1051 2743 1113 ἀσεϐείας
2774 1048 3123 1119 διαφεύξεται
3157 1050 3421 1118 κίνδυνον,
3448 1054 3536 1106 καὶ
3564 1055 3619 1108 τὸ
3644 1059 3695 1109 ὲν
3779 1059 3786 1069 ’

2138 1147 2252 1209 τοῖς
2281 1144 2569 1213 λογισμοῖς
2600 1143 2898 1197 ἀκόλουθον
2931 1143 3214 1197 διασώσει.
3249 1145 3315 1197 At
3349 1146 3453 1216 γάρ
3480 1165 3554 1201 τοι
3590 1151 3699 1202 ίδιό-

2138 1252 2299 1303 τητες
2340 1234 2416 1296 ώς
2448 1235 2803 1305 χαρακτῆρες
2830 1252 3001 1299 τινες,
3036 1235 3134 1288 καὶ
3163 1237 3373 1307 μορφαὶ
3403 1238 3699 1310 ἐπιθεωροῦ-

2142 1345 2303 1397 μεναι
2325 1329 2391 1398 τῇ
2419 1326 2597 1398 οὐσίᾳ,
2621 1325 2889 1397 διαιροῦσι
2914 1327 3012 1396 μὲν
3040 1329 3100 1380 τὸ
3124 1330 3307 1382 κοινὸν
3332 1331 3439 1391 τοῖς
3464 1330 3701 1396 ίδιάζουσι

2139 1420 2512 1490 χαρακτῆρσι,
2545 1419 2605 1470 τὸ
2622 1418 2679 1471 δὲ
2704 1419 2945 1488 ὁμοφυὲς
2966 1422 3066 1491 τῆς
3099 1420 3291 1483 οὐσίας
3320 1421 3381 1474 οὐ
3405 1423 3702 1479 διακόπτον-

2143 1526 2229 1562 σιν
2252 1551 2266 1573 ,
2298 1504 2410 1561 οἷον
2442 1508 2623 1562 κοινὸν
2655 1509 2757 1579 μὲν
2793 1510 2985 1581 θεότης
3007 1549 3021 1572 .
3064 1510 3337 1580 ἰδιώματα
3366 1511 3420 1564 δὲ
3448 1516 3703 1586 πατρότης

2143 1602 2241 1655 καὶ
2293 1602 2502 1671 υίότης.
2547 1600 2640 1653 Ἐκ
2670 1600 2727 1653 δὲ
2757 1601 2854 1668 τῆς
2890 1600 3156 1671 ἐκατέρου
3191 1601 3510 1674 συμπλοκῆς
3538 1607 3623 1659 τοῦ
3651 1625 3703 1659 τε

2144 1692 2325 1747 κοινοῦ
2355 1694 2453 1746 καὶ
2485 1693 2580 1745 τοῦ
2613 1693 2745 1745 ίδίου
2783 1695 2815 1763 ἡ
2850 1692 3152 1765 κ.τάληψις
3181 1696 3315 1766 ἡμῖν
3343 1699 3440 1765 τῆς
3473 1697 3708 1769 ἀληθείας

430 1787 816 1858 intelligamus.
854 1788 1139 1855 Quatenus
1175 1789 1259 1842 lux
1322 1799 1376 1843 et
1412 1789 1527 1856 lux,
1565 1787 1697 1841 nihil
1733 1789 1784 1841 in
1815 1801 1873 1842 se
1903 1802 2017 1843 cont

2144 1785 2446 1854 ἐγγίνεται,
2481 1785 2622 1839 ὥστε
2657 1760 2956 1856 ἀγέννητον
3128 1760 3241 1857 φεξᾷ
3276 1760 3601 1857 ἀκούσαντές
3628 1760 3709 1846 τὶν

430 1879 658 1933 trarium
688 1883 985 1935 admittunt
1014 1896 1028 1945 ;
1079 1891 1346 1951 quatenus
1404 1889 1584 1934 autem
1615 1880 1835 1950 genitus
1866 1890 1921 1935 et
1954 1881 2035 1934 in-

431 1971 669 2038 genitus,
701 1971 978 2041 accipiunt
1006 1973 1439 2028 distinctionem.
1482 1974 1609 2028 llaec
1638 1982 1725 2028 est
1756 1971 1899 2027 enim
1937 1988 2038 2027 na-

432 2072 556 2116 tura
615 2063 1037 2133 proprietatum,
1074 2073 1131 2119 ut
1155 2065 1210 2118 in
1244 2064 1433 2119 eadem
1465 2064 1707 2120 essentia
1742 2064 2031 2119 diversita-

428 2166 539 2210 tem
568 2157 878 2220 ostendant,
909 2165 964 2209 et
994 2172 1138 2225 saepe
1168 2172 1288 2209 cum
1322 2157 1453 2226 ipsae
1479 2156 1619 2209 inter
1646 2170 1705 2210 se
1757 2155 2033 2210 distincta:

425 2249 558 2314 sint,
589 2257 751 2318 atque
786 2248 841 2303 in
878 2248 1218 2302 contrarium
1256 2248 1510 2314 tendant,
1550 2249 1802 2303 essentia:
1848 2257 2030 2303 tamen

425 2360 530 2398 non
569 2344 877 2401 distrahant
908 2345 1195 2399 unitatem.

2147 1879 2371 1948 Πατέρα
2402 1879 2543 1930 νοεῖν
2563 1916 2578 1943 ,
2611 1877 2873 1949 γεννητὸν
2903 1878 2958 1931 δὲ
2992 1879 3109 1948 φῶς
3137 1880 3236 1951 τὴν
3272 1880 3403 1935 Υίοῦ
3433 1882 3711 1953 λαμϐάνειν

2144 1974 2390 2026 ἔννοιαν·
2441 1970 2576 2024 καθὸ
2616 1971 2717 2041 μὲν
2763 1972 2901 2041 φῶς,
2948 1974 3044 2026 καὶ
3090 1974 3204 2042 φῶς
3253 1977 3510 2047 οὐδεμιᾶς
3554 1977 3710 2049 αὐτῆς

2147 2065 2959 2136 ἐναντιότητοςύπαρχούσης,
3005 2065 3143 2121 καθὸ
3195 2068 3253 2121 δὲ
3310 2070 3587 2139 γεννητὸν,
3629 2072 3714 2124 καὶ

2143 2159 2441 2228 ἀγέννητον
2460 2157 2760 2227 ὲπιθεωρου
2770 2159 2936 2229 μένης
2960 2158 3058 2225 τῆς
3079 2158 3433 2225 ἀντιθέσεως.
3458 2161 3598 2231 Αὐτὴ
3615 2163 3712 2232 γὰρ

2142 2251 2250 2304 τῶν
2285 2250 2645 2319 ίδιωμάτωνή
2675 2251 2837 2318 φύσις
2862 2266 2877 2283 ο
2908 2252 2967 2305 έν
2997 2254 3064 2322 τῇ
3095 2252 3193 2321 τῆς
3227 2252 3419 2316 οὐσίας
3443 2255 3719 2324 ταυτότητι

2141 2344 2377 2398 δεικνύει
2412 2345 2513 2414 τὴν
2552 2345 2884 2415 ἑτερότητα,
2918 2346 3015 2399 καὶ
3043 2346 3187 2399 αὐτὰ
3228 2347 3330 2416 μὲν
3366 2346 3502 2420 πρὸς
3528 2348 3720 2419 ἄλληλα

425 2436 908 2508 ἀντιδιαιρούμενα
972 2437 1236 2501 πολλάκις
1298 2440 1365 2491 τὰ
1431 2440 1700 2510 ἰδιώματα
1758 2438 1895 2509 πρὸς
1956 2438 2019 2491 τὸ
2074 2439 2315 2491 ἐναντίον
2369 2437 2656 2499 διίσταται,
2696 2439 2796 2507 τήν
2834 2456 2896 2508 γε
2950 2438 3059 2508 μὴν
3124 2439 3356 2511 ἑνότητα
3412 2441 3510 2511 τῆς
3550 2443 3722 2495 οὐσίας

423 2534 485 2585 οὐ
527 2532 756 2602 διασπᾷ.

956 2631 1041 2686 Ex
1084 2630 1263 2684 eodem
1290 2630 1446 2682 libro.

497 2720 633 2774 Eun.
665 2719 723 2774 Si
751 2721 879 2789 quis
925 2720 1094 2784 enim,
1128 2719 1328 2789 inquit,
1365 2733 1477 2772 rem
1506 2732 1573 2771 ex
1604 2720 1875 2775 creaturis
1904 2736 2036 2775 con-

425 2813 701 2881 siderans,
752 2828 857 2884 ope
919 2813 1115 2870 harum
1163 2815 1230 2869 ad
1287 2811 1627 2867 substantias
1676 2811 2038 2882 perducatur,

429 2912 717 2966 propterea
750 2901 889 2968 quod
919 2902 1138 2969 ingeniti
1174 2911 1476 2957 creaturam
1510 2901 1703 2957 Filium
1736 2905 1998 2970 inveniat,

431 2984 702 3055 Unigeniti
732 2986 1251 3055 vero,Paracletum,
1286 2991 1412 3043 item
1450 3001 1729 3060 prepterea
1762 2993 1903 3062 quod
1937 3009 2002 3047 ex

435 3072 707 3147 Unigeniti
737 3079 1073 3147 praestantia,
1111 3081 1447 3149 operationis
1480 3082 1765 3137 conﬁrmet
1815 3085 2001 3139 diver-

2524 2629 2627 2682 Ἐιι
2665 2629 2771 2684 τοῦ
2807 2628 2995 2684 αὐτοῦ
3028 2630 3237 2700 λόγου.

2205 2720 2371 2775 ΕΥΝ.
2414 2719 2539 2775 Εἴτε
2575 2723 2702 2792 γὰρ,
2746 2726 2946 2793 φησιν,
2978 2724 3045 2777 ἐκ
3081 2724 3190 2777 τῶν
3224 2724 3723 2796 δημιουργημέηων

2140 2813 2518 2884 σκοπούμενὸς
2547 2833 2655 2880 τις,
2684 2818 2751 2868 ἐκ
2779 2816 2988 2869 τούτων
3018 2817 3110 2871 ἐπὶ
3142 2817 3237 2881 τὰς
3262 2817 3459 2883 οὐσίας
3481 2818 3724 2884 ἀνάγοιτο

2144 2907 2237 2959 τοῦ
2272 2907 2371 2978 μὲν
2394 2909 2687 2979 ἀγεννήτου
2712 2910 2799 2963 τὸν
2828 2912 2951 2965 Υίὸν
2976 2912 3245 2982 εὑρίσκων
3287 2914 3522 2984 ποίημα,
3549 2912 3638 2965 τοῦ
3666 2914 3719 2966 δὲ

2148 3001 2483 3069 Μενογενοῦς
2507 3002 2597 3055 τὸν
2618 3003 2993 3074 Παράκλητον,
3015 3006 3127 3060 κάκ
3156 3005 3255 3076 τῆς
3274 3005 3369 3059 τοῦ
3397 3005 3721 3076 Μονογενοῦς

2147 3093 2420 3163 ὑπεροχῆς
2598 3095 2696 3164 τὴν
2736 3096 2837 3165 τῆς
2874 3097 3156 3167 ἐνεργείας
3202 3095 3477 3167 διαφορὰν
3515 3096 3723 3149 πιστού-

430 3166 670 3231 nitatem,
699 3168 813 3238 ejus
840 3169 1004 3223 etiam
1031 3171 1365 3226 diversitatis
1387 3186 1507 3239 quae
1552 3173 1848 3226 secundum
1880 3177 2005 3228 sub-

2150 3202 2325 3255 μενος,
2357 3185 2837 3256 ἀναμφισϐήτητον
2861 3166 3124 3256 λαμϐάνει
3149 3187 3245 3241 καὶ
3266 3166 3381 3257 τῆς
3395 3189 3517 3240 κατ’
3545 3188 3720 3241 οὐσίαν

431 3259 685 3313 Stantiam
716 3268 817 3324 est,
848 3266 1220 3326 argumentum
1251 3260 1613 3314 certissimum
1644 3261 1861 3331 accipit.

501 3348 626 3402 Bas.
660 3347 897 3402 Primum
924 3350 1088 3418 igitur
1118 3351 1388 3418 quomodo
1411 3352 1731 3406 substantia:
1763 3368 1827 3406 ex
1854 3369 2007 3408 crea-

434 3443 569 3496 turis
598 3440 851 3495 azsﬁmari
882 3441 1109 3511 possint,
1132 3455 1232 3508 ego
1258 3442 1472 3511 quidem
1510 3458 1616 3497 non
1642 3443 1818 3497 video.
1852 3445 2004 3499 Enim

434 3548 564 3588 vero
599 3533 915 3602 potentiam,
952 3533 1380 3602 sapientiamque
1407 3542 1462 3587 et
1506 3544 1701 3601 artem,
1738 3550 1843 3590 non
1880 3536 2008 3589 sub-

436 3626 691 3678 stantiam
748 3618 921 3694 ipsam
972 3625 1213 3679 indicant
1265 3635 1551 3681 creaturae.
1592 3627 1706 3681 lmo
1742 3643 1810 3683 ne
1839 3629 2005 3697 ipsam

436 3718 653 3788 quidem
691 3719 903 3788 opiﬁcis
949 3719 1243 3789 potentiam
1273 3727 1438 3775 totam
1476 3721 1785 3775 necessario
1824 3722 2007 3775 decla-

433 3821 598 3877 rant;
629 3825 752 3865 cum
779 3825 1169 3879 nonnunquam
1199 3810 1315 3866 lleri
1357 3812 1554 3881 possit,
1586 3822 1645 3865 ut
1671 3811 1863 3867 artifex
1903 3829 2006 3867 non

432 3919 623 3958 omnes
670 3903 819 3958 vires
863 3918 992 3961 snas
1026 3903 1078 3956 in
1122 3903 1333 3973 agendo
1364 3915 1619 3968 exserat,,
1637 3905 1731 3959 sed
1759 3919 1903 3975 sape
1924 3919 2009 3960 re-

432 3994 733 4049 ntissiorem
755 4003 1006 4049 conatum
1032 3994 1084 4048 in
1114 3994 1370 4063 operibus
1389 3996 1522 4049 artis
1550 3995 1827 4051 adhibeat.
1853 3995 2005 4063 Quod

432 4088 477 4142 si
512 4098 679 4143 totam
704 4088 866 4142 etiam
895 4088 1195 4157 petentiam
1231 4088 1619 4143 transmoverit
1644 4089 1695 4141 in
1725 4104 1886 4159 opus,
1932 4090 2007 4143 ita

431 4181 644 4235 demum
675 4178 918 4233 futurum
954 4188 1057 4243 est,
1093 4188 1151 4231 ut
1173 4178 1291 4245 ejus
1318 4180 1465 4233 vires
1508 4179 1766 4247 cperibus
1814 4181 2008 4233 metiao

432 4286 575 4333 mur,
602 4284 705 4322 non
732 4278 911 4323 autem
947 4272 1040 4322 tlct
1073 4278 1131 4320 ut
1176 4270 1561 4334 substantiam,
1614 4284 1734 4338 quae
1790 4268 2007 4324 tandem

432 4377 495 4416 ea
528 4361 620 4428 sit,
664 4359 1049 4428 intelligamus.
1095 4357 1247 4425 Quod
1290 4360 1356 4423 si,
1402 4361 1661 4429 quoniam
1690 4359 1877 4413 divina
1914 4376 2009 4414 na-

434 4461 551 4504 tura
588 4448 815 4519 simplex
863 4457 946 4502 est
1004 4459 1168 4516 atque
1217 4449 1571 4518 incomposita
1596 4491 1611 4515 ,
1642 4450 2004 4505 substantiam

432 4541 703 4596 existimet
732 4555 834 4593 una
862 4555 983 4594 cum
1013 4549 1278 4609 potestate
1300 4556 1648 4605 concurrere,
1682 4555 1757 4606 et,
1785 4552 2005 4611 propter

434 4635 670 4688 innatam
712 4633 823 4688 Deo
848 4634 1167 4700 bonitatem,
1192 4633 1338 4688 dicat
1391 4642 1558 4687 totam
1602 4633 1781 4690 Patris
1811 4645 2002 4705 poten-
2046 4654 2087 4707 ι)

435 4725 562 4779 tiam
592 4726 659 4780 ad
698 4726 1104 4795 generationem
1135 4724 1258 4779 Filii
1307 4735 1657 4789 commotam,
1711 4736 1874 4794 atque
1903 4727 2005 4782 ite-

434 4831 553 4869 rum
587 4826 751 4869 totam
798 4813 1074 4883 Unigeniti
1108 4815 1175 4869 ad
1212 4815 1571 4871 substantiam
1620 4815 1859 4882 Spiritus
1882 4832 2009 4871 san-

432 4907 528 4971 cti,
574 4908 712 4961 adeo
755 4917 814 4960 ut
852 4922 917 4961 ex
950 4908 1159 4976 Spiritu
1200 4907 1419 4977 quidem
1457 4908 1695 4976 potentia
1728 4905 2005 4977 Unigeniti

440 4999 847 5067 conspiciatur,
900 4999 1167 5067 simulque
1211 5001 1373 5054 etiam
1445 5000 1787 5056 substantia:
1820 5014 2009 5055 rursus

434 5104 564 5143 vero
593 5102 655 5141 ex
697 5087 1006 5155 Uttigettilo,
1041 5090 1216 5143 Patris
1250 5090 1582 5160 intelligatur
1607 5102 1661 5146 et
1687 5094 1927 5161 potentia
1951 5103 2007 5147 et

433 5180 735 5236 substantia
765 5218 780 5243 ,
826 5179 1094 5235 advertite
1139 5182 1267 5249 quid
1302 5181 1427 5236 hinc
1468 5183 1772 5253 colligatur.
1811 5182 1943 5239 Nam
1976 5201 2007 5240 e

431 5273 630 5343 quibus
662 5280 889 5326 conatus
923 5281 1007 5325 est
1037 5272 1356 5326 substantiae
1384 5272 1884 5329 dissimilitudinem
1917 5291 2007 5331 os-

435 5366 674 5429 tendere,
713 5378 780 5418 ex
831 5363 896 5417 iis
927 5363 1257 5430 comperitur
1295 5358 1707 5420 similitudinem
1734 5378 2002 5423 astruere.

436 5457 645 5512 Etenim
670 5457 715 5513 si
752 5466 991 5527 potestas
1024 5456 1155 5511 nihil
1188 5471 1311 5510 cum
1332 5458 1636 5511 substantia
1665 5459 1826 5515 habet
1852 5474 2003 5514 com-

436 5566 621 5615 mune,
666 5551 935 5620 quomodo
967 5566 1034 5605 ex
1076 5550 1307 5619 OpiIiCiis
1337 5566 1460 5620 qua:
1483 5550 1709 5605 eﬂ'cctns
1742 5560 1870 5605 sunt
1906 5566 2004 5618 po-

437 5640 667 5704 teatatis,
702 5642 767 5694 ad
802 5642 1341 5710 comprehensionem
1382 5643 1549 5711 ipsius
1582 5642 1847 5697 deductus
1877 5644 2005 5699 est?

437 5740 645 5793 contra,
691 5730 736 5783 si
784 5731 922 5785 idem
976 5742 1059 5787 est
1110 5735 1409 5789 substantia
1450 5746 1503 5790 et
1542 5745 1818 5801 potestas:
1859 5738 2002 5804 quod

2148 3276 2496 3346 παραλλαγῆς
2521 3277 2619 3347 τὴν
2642 3276 2932 3341 ἀπόδειξιν.

2217 3367 2361 3420 ΒΑΣ.
2408 3367 2629 3437 Πρῶτον
2683 3368 2780 3437 μὲν
2820 3364 2911 3420 οὗν
2952 3368 3070 3432 πῶς
3105 3369 3334 3423 δυνατὸν
3384 3372 3452 3424 ὲκ
3479 3368 3587 3422 τῶν
3635 3367 3722 3437 81t-

2149 3460 2572 3535 μιουργημάτων
2620 3460 2720 3523 τάς
2760 3461 2947 3523 οὐσίας
2991 3460 3584 3529 ἀναλογίζεσθαι,ὲγὼ
3633 3460 3725 3530 μὲν

2144 3550 2238 3617 οὐχ
2266 3548 2396 3618 ὁρῶ.
2438 3550 2728 3619 Δυνάμεως
2775 3548 2902 3619 γάρ,
2960 3552 3053 3604 καὶ
3105 3551 3317 3620 σοφίας,
3376 3552 3472 3605 καὶ
3519 3551 3721 3621 τέχνης,

2143 3639 2264 3708 οὐχὶ
2293 3639 2349 3691 δὲ
2396 3640 2496 3709 τῆς
2531 3640 2718 3704 οὐσίας
2742 3640 2909 3710 αὐτῆς
2936 3641 3243 3696 ἐνδεικτικά
3269 3645 3391 3695 ἐστι
3428 3644 3723 3710 ποιήματα.

2146 3732 2254 3784 Καὶ
2278 3732 2398 3785 οὐδὲ
2430 3731 2599 3801 αὐτὴν
2634 3733 2814 3785 πᾶσαν
2861 3731 2953 3784 τοῦ
2994 3732 3332 3803 δημιουργοῦ
3372 3734 3473 3805 τὴν
3505 3732 3725 3801 δύναμιν

2144 3825 2455 3893 ἀναγκαίως
2482 3812 2829 3897 παρίστησιν,
2875 3828 3228 3897 ἐκδεχομένου
3259 3828 3396 3880 ποτὲ
3440 3827 3532 3880 τδν
3564 3823 3730 3895 τεχνί-

2143 3934 2242 3987 την
2291 3916 2365 3988 μὴ
2395 3919 2576 3971 πᾶσαν
2610 3918 2803 3971 ἑαυτοῦ
2849 3919 2945 3989 τὴν
3006 3920 3154 3989 ἰσχὺν
3203 3919 3573 3972 ὲναποθέσθαι
3618 3918 3729 3978 ταῖς

2144 4006 2461 4078 ἐνεργείαις,
2476 4007 2589 4060 ἀλλ’
2606 4008 2914 4079 ὑφειμένοις
2934 4009 3189 4071 πολλάκις
3204 4010 3299 4062 ἐπὶ
3317 4010 3431 4063 τῶν
3448 4010 3624 4079 ἔργων
3640 4007 3732 4076 τῆς

2144 4100 2337 4170 τέχνης
2357 4102 2469 4163 τοῖς
2491 4098 2664 4163 τόνοις
2822 4100 3148 4170 χρήσασθαι.
3177 4102 3237 4154 Εἰ
3266 4102 3328 4155 δὲ
3363 4102 3462 4155 καὶ
3486 4100 3614 4169 ὅλην
3640 4097 3732 4167 τὴν

2145 4190 2369 4258 δύναμιν
2418 4190 2511 4242 ἐπὶ
2556 4191 2617 4244 τὸ
2664 4191 2822 4262 ἔργον
2880 4193 3246 4262 ἀνακινήσειε,
3304 4193 3403 4246 καὶ
3454 4192 3627 4255 οὕτως
3673 4189 3735 4243 ἂν

2146 4281 2380 4351 ὑπάρχοι
2418 4280 2515 4351 τὴν
2560 4283 2711 4352 ἰσχὺν
2751 4282 2917 4335 αὐτοῦ
2946 4282 3033 4336 sta
3062 4282 3170 4336 τῶν
3204 4282 3390 4353 ἔργων
3417 4283 3734 4353 ἀναμετρεῖ-

2146 4371 2291 4437 σθαι,
2330 4373 2451 4443 οὐχὶ
2492 4373 2549 4426 δὲ
2584 4375 2681 4443 τὴν
2714 4374 2925 4437 οὐσίαν,
2956 4375 3077 4443 ἥτις
3112 4376 3242 4430 ποτέ
3266 4378 3389 4430 ἐστι
3412 4417 3427 4439 ,
3456 4375 3735 4442 καταλαμ-

2143 4462 2419 4517 ϐάνεσθαι.
2472 4461 2534 4515 Et
2568 4462 2622 4514 δὲ
2675 4463 2758 4516 διὰ
2798 4464 2858 4516 τὸ
2909 4464 3113 4517 ἁπλοῦν
3154 4465 3248 4517 καί⁵
3306 4465 3607 4518 ἀσύνθετον
3644 4464 3735 4530 τῆς

2144 4552 2296 4615 θείας
2322 4552 2535 4621 φύσεως
2566 4556 2629 4624 τῇ
2665 4554 2761 4623 μὲν
2794 4553 3019 4623 δυνάμει
3056 4555 3360 4626 σύνδρομον
3388 4554 3601 4607 τίθεται
3644 4552 3737 4622 τὴν

2141 4646 2348 4711 οὐσίαν,
2385 4647 2477 4699 καὶ
2513 4645 2600 4698 διά
2648 4647 2744 4716 τὴν
2789 4646 3095 4718 προσοῦσαν
3153 4647 3483 4719 ἀγαθότητα
3517 4645 3597 4715 τῷ
3628 4641 3736 4711 Θεῷ

2140 4739 2269 4808 ὅλην
2288 4738 2386 4808 μὲν
2403 4738 2589 4808 κεκινῆ
2598 4738 2718 4790 σθαι
2743 4738 2891 4806 λέγοι
3046 4738 3143 4811 τὴν
3160 4739 3252 4792 τοῦ
3271 4740 3500 4812 Πατρὸς
3516 4738 3739 4806 δύναμιν

2142 4833 2222 4894 είς
2252 4831 2351 4903 τὴν
2397 4830 2651 4900 γέννησιν
2690 4829 2783 4882 τοῦ
2817 4830 2983 4892 Υἱοῦ,
3017 4830 3145 4900 ὅλην
3184 4830 3240 4883 δὲ
3276 4832 3452 4884 πάλιν
3503 4831 3604 4901 τὴν
3649 4826 3737 4881 τοῦ
3835 4890 3845 4901 ν

2143 4918 2480 4987 Μονογενοῦς
2521 4920 2601 4979 είς
2630 4919 2727 4988 τὴν
2756 4918 3053 4972 ὑπόστασιν
3077 4919 3173 4972 τοῦ
3198 4918 3367 4986 ἁγίου
3400 4919 3736 4989 Πνεύματος,

2143 5010 2283 5064 ὥστε
2312 5011 2377 5063 ὲκ
2409 5010 2506 5081 μὲν
2540 5010 2632 5063 τοῦ
2651 5009 2966 5081 Πνεύματος
2992 5012 3092 5083 τὴν
3124 5011 3215 5064 τοῦ
3257 5010 3618 5079 Μονογενοῦς
3652 5007 3739 5060 δύ-

2142 5119 2307 5173 ναμιν
2341 5102 2685 5173 θεωρεῖσθαι,
2716 5103 2852 5173 ὁμοῦ
2875 5102 2933 5156 δὲ
2966 5105 3060 5156 καὶ
3085 5103 3183 5175 τὴν
3209 5105 3433 5171 οὐσίαν,
3468 5107 3535 5159 ὲκ
3565 5104 3622 5157 δὲ
3650 5099 3735 5154 τοῦ

2145 5196 2476 5264 Μονογενοῦς
2529 5196 2692 5251 πάλιν
2715 5198 2813 5269 τὴν
2856 5196 2950 5251 τοῦ
3010 5199 3217 5270 Πατρὸς
3268 5199 3517 5270 δύναμίν
3562 5216 3621 5251 τε
3651 5195 3736 5249 καὶ

2141 5290 2327 5342 οὐσίαν
2362 5289 2905 5362 καταλαμϐάνεσθαι·
2956 5294 3206 5345 σκοπεῖτε
3240 5292 3310 5345 τὸ
3343 5292 3730 5364 συναγόμενον.

2155 5380 2243 5444 Ἐξ
2266 5374 2341 5433 ὧν
2378 5380 2485 5451 γὰρ
2524 5382 2849 5453 ἐπεχείρησε
2896 5383 2958 5436 τὸ
3006 5383 3259 5454 ἀνόμοιον
3319 5386 3597 5455 συστῆσαι
3643 5380 3736 5448 τῆς

2142 5473 2349 5538 οὐσίας,
2376 5475 2441 5527 ὲκ
2467 5473 2672 5528 τούτων
2697 5476 2868 5545 ἐφάνη
2903 5474 3333 5539 κατασκευάζων
3362 5476 3468 5548 τὴν
3494 5474 3737 5546 ὁμοιότη-

2142 5580 2229 5615 τα.
2270 5564 2330 5615 Εἰ
2365 5563 2465 5633 μὲν
2489 5564 2598 5635 γὰρ
2632 5564 2783 5618 οὐδὲν
2808 5564 2920 5635 ἔχει
2944 5564 3174 5635 κοινὺνή
3202 5564 3450 5637 δύναμις
3480 5565 3618 5636 πρὸς
3642 5563 3735 5631 τὴν

2140 5654 2344 5715 οὐσίαν,
2376 5654 2489 5717 πῶς
2531 5655 2597 5708 ὲκ
2654 5655 2764 5708 τῶν
2809 5656 3349 5727 δημιουργημὰτων,
3401 5658 3550 5729 ἅπερ
3586 5652 3735 5708 δανα-

2144 5745 2286 5813 μεώς
2312 5748 2457 5797 ἐστιν
2484 5747 2918 5818 ἀποτελέσματα,
2953 5750 3087 5821 πρὸς
3108 5748 3201 5820 τὴν
3222 5748 3545 5820 κατάληψιν
3570 5744 3733 5815 αὐτῆς
