4026 6290
278 360 396 424 533
1256 350 1640 415 PANOPLIA
1679 349 2143 413 DOGMATICA.
2179 372 2247 385 -
2287 346 2437 409 TlT.
2482 347 2584 410 XI.
3326 308 3331 311 ⁷
3443 362 3547 426 534

292 488 615 554 ponestatem
650 476 919 549 designat,
955 476 1007 531 id
1032 474 1270 546 profecto
1317 475 1675 531 substantiam
1701 475 1863 529 etiam

1965 478 2261 549 ὡδηγήοη;
2301 479 2349 531 εἰ
2392 478 2447 531 δὲ
2487 478 2679 536 ταυτὸν
2725 481 2879 537 οὐσία
2915 485 2974 538 τέ
3021 485 3135 539 ἐστι
3170 487 3265 541 καὶ
3294 488 3544 560 δύναμις,

293 575 615 644 designabit.
649 570 885 627 Proinde
921 569 1135 639 0piticia
1163 583 1270 623 non
1301 571 1367 623 ad
1402 567 1720 623 substantiae
1753 567 1866 621 dis-

1965 567 2025 622 τὸ
2058 570 2155 642 τὴν
2197 568 2424 641 δύναμιν
2454 575 2852 646 χαρακτηρίζον
2896 579 3288 651 χαρακτηρίσ-ει
3328 582 3548 645 πάντως

293 667 730 730 similitudinem,
761 673 818 719 ut
872 670 927 717 tu
956 661 1114 727 dicis,
1150 662 1242 716 sed
1288 659 1355 714 ad
1387 660 1684 730 perfectam
1719 659 1869 713 simi-

1968 664 2062 715 καὶ
2118 662 2216 733 τὴν
2262 663 2469 718 οὐσίαν.
2529 665 2688 719 Ὥστε
2746 667 2813 721 τά
2868 669 3347 741 δημιουργήματα,
3375 671 3450 735 ὼς
3482 674 3546 726 σὺ

294 760 578 813 litudinem
621 758 848 811 ducunt.
893 756 1099 809 Rursus
1125 763 1274 808 certe
1300 765 1352 806 et
1393 753 1480 807 hic
1514 761 1743 807 conatus
1772 766 1868 806 no-

1969 754 2092 825 φῂς,
2120 754 2180 806 οὐ
2205 754 2339 825 πρὸς
2375 755 2436 807 τὸ
2463 756 2713 828 ἀνόμοιον
2742 758 2840 829 τῆς
2871 759 3084 827 οὐσίας,
3119 762 3255 816 ἀλλὰ
3290 764 3426 833 πρὸς
3451 764 3549 835 τὴν

294 861 464 906 stram
502 849 675 916 magis
718 859 879 915 quam
935 846 1104 915 ipsius
1145 843 1471 899 sententiam
1499 842 1727 898 stahilit.
1761 842 1868 897 Aut

1968 844 2256 915 ἀκρίϐειαν
2278 846 2377 917 τῆς
2408 847 2727 919 ὁμοιότητος
2769 850 2944 922 φέρει.
3001 852 3171 905 Πάλιν
3229 852 3409 923 μέντοι
3454 853 3549 907 καὶ

294 944 442 999 enim
472 956 580 995 non
608 940 775 994 habet
793 938 933 992 unde
960 952 1021 991 ea
1051 951 1172 1006 quae
1197 936 1332 1013 dixit
1358 936 1726 991 demonstret:
1755 943 1867 998 aut,

1967 934 2125 989 τοῦτο
2147 935 2209 988 τὸ
2232 938 2538 1009 ἐγχείρημα
2556 939 2647 993 τὸν
2667 941 2934 1013 ἡμέτερον
2976 942 3175 1013 μᾶλλον
3204 943 3236 1014 ἢ
3260 944 3350 995 τὸν
3383 941 3546 996 αὐτοῦ

296 1037 341 1091 si
362 1051 393 1091 e
417 1034 582 1089 rebus
595 1031 847 1086 humanis
869 1027 1115 1097 exempla
1140 1037 1439 1092 mutuatur,
1485 1028 1728 1083 inveniet
1756 1041 1865 1083 non

1970 1027 2125 1097 λόγον
2151 1028 2485 1102 συνίστησιν.
2528 1033 2599 1085 Ἢ
2627 1032 2737 1103 γὰρ
2778 1034 3077 1104 οὐδαμόθεν
3110 1034 3224 1104 ἔχει
3271 1035 3549 1106 παρασχέ-

297 1143 362 1182 ex
401 1125 631 1180 artificis
685 1121 940 1190 Operibus
972 1119 1199 1190 intelligi
1260 1135 1290 1173 a
1330 1119 1490 1175 nobis
1519 1120 1638 1187 ejus
1687 1134 1869 1176 essen-

1973 1121 2094 1176 σθαι
2127 1123 2234 1175 τῶν
2266 1125 2569 1196 εἰρημένων
2596 1125 2695 1189 τὰς
2739 1125 3073 1191 ἀποδείξεις,
3102 1126 3135 1195 ἢ
3167 1125 3326 1195 εἴπερ
3355 1127 3421 1178 ἐκ
3442 1124 3549 1177 τῶν

296 1220 447 1283 tiam,
477 1216 570 1271 sed
594 1229 659 1269 ex
683 1213 864 1283 genito
884 1211 1145 1283 genitoris
1177 1220 1426 1265 naturam
1455 1212 1731 1281 cognosci.
1760 1210 1871 1267 Nec

1972 1213 2325 1285 ἀνθρωπίνων
2373 1214 2472 1279 τὰς
2511 1217 2723 1280 εἰκόνας
2769 1217 3056 1287 λαμϐάνοι,
3109 1218 3331 1288 εὑρήσει
3356 1216 3455 1268 οὐκ
3485 1216 3548 1267 ὲκ

295 1311 440 1365 enim
476 1307 594 1362 fieri
622 1313 820 1375 potest,
852 1303 1048 1373 utejus
1072 1303 1163 1373 qui
1193 1305 1411 1357 domum
1452 1305 1759 1358 construxit
1785 1316 1871 1360 es-

1971 1307 2079 1360 τῶν
2104 1307 2283 1378 ἔργων
2325 1308 2418 1362 τοῦ
2450 1310 2693 1379 τεχνίτου
2725 1311 2783 1363 ὲν
2818 1309 3066 1379 περινοίᾳ
3095 1308 3195 1378 τῆς
3229 1308 3415 1370 οὐσίας
3447 1307 3547 1360 αὐ-

300 1401 477 1457 sentia
533 1397 1021 1466 comprehendatur
1057 1410 1123 1452 ex
1155 1395 1354 1452 domo:
1397 1406 1451 1449 at
1483 1395 1703 1452 difficile
1763 1411 1869 1451 non

1974 1401 2062 1454 τοῦ
2116 1400 2432 1470 γινομένους
2470 1402 2637 1471 ἡμᾶς,
2684 1399 2798 1453 ἀλλ’
2841 1402 2904 1453 ἐκ
2940 1398 3033 1452 τοῦ
3074 1396 3421 1466 γεννηθέντος
3450 1396 3564 1465 τὴιν

266 1474 379 1563 ’ξεει
402 1506 469 1545 ex
489 1490 737 1560 genitura
765 1487 1026 1559 genitoris
1051 1496 1302 1541 naturam
1318 1485 1655 1557 intelligere.
1689 1486 1856 1553 Quart

1970 1491 2063 1544 τοῦ
2096 1492 2487 1563 γεγεννηκότος
2532 1491 2693 1561 φύσιν
2728 1490 3208 1560 ὲπιγινώσκοντας.
3239 1488 3313 1541 Οὐ
3348 1487 3457 1555 γὰρ
3484 1487 3548 1539 ὲκ

280 1577 340 1686 :si
378 1582 699 1653 Unigenitus
730 1587 1131 1686 creaturahest,
1163 1577 1345 1634 Patris
1376 1581 1537 1636 nobis
1572 1581 1869 1637 essentiam

1971 1584 2074 1653 τῆς
2121 1584 2300 1648 οἰκίας
2351 1584 2448 1655 τὴν
2492 1584 2680 1639 οὐσίαν
2728 1583 2825 1637 τοῦ
2884 1582 3167 1654 οἰκοδόμου
3224 1578 3548 1633 καταλαϐεῖν

296 1692 401 1731 non
429 1675 656 1729 exhibet
682 1689 695 1726 :
736 1674 783 1729 si
827 1686 958 1728 vero
985 1670 1203 1728 Patrem
1243 1672 1401 1728 nobis
1430 1682 1617 1728 notum
1653 1688 1751 1743 per
1778 1687 1868 1731 se-

1976 1677 2231 1730 δυνατόν⁹
2263 1678 2328 1731 ὲκ
2382 1678 2562 1749 μέντοι
2610 1676 2704 1731 τοῦ
2753 1679 3089 1748 γεννήματος
3122 1674 3308 1745 νοῆσαι
3369 1671 3547 1742 ῥᾴδιον

293 1768 473 1836 ipsum
541 1766 692 1833 facit,
743 1779 850 1821 non
901 1774 1154 1820 creatura
1191 1772 1296 1831 est,
1337 1764 1431 1819 sed
1466 1763 1638 1819 Filius
1684 1778 1868 1833 verus,

1975 1767 2067 1820 τοῦ
2115 1771 2502 1840 γεγεννηκότος
2536 1769 2633 1840 τὴν
2664 1771 2846 1839 φύσιν.
2892 1770 3051 1821 ’Ὥστε
3078 1769 3126 1820 εἰ
3156 1766 3254 1836 μὲν
3286 1762 3546 1835 δημιούρ-

295 1857 502 1926 Deique
530 1858 731 1926 imago,
757 1866 811 1912 et
838 1856 1155 1912 substantiae
1196 1857 1503 1912 character.
1539 1854 1724 1925 Atque
1752 1856 1869 1911 haec

1973 1875 2125 1929 γημα
2158 1864 2187 1915 ὃ
2225 1861 2551 1932 Μονογενὴς,
2588 1864 2650 1915 οὐ
2685 1862 3015 1932 παρίστησιν
3046 1860 3177 1929 ἡμῖν
3211 1855 3306 1910 τοῦ
3336 1855 3546 1924 Πατρὸς

291 1950 511 2019 quidem
537 1960 661 2005 sunt
681 1949 1010 2019 hujusmodi.

1972 1951 2071 2020 τὴν
2095 1953 2280 2007 οὐσίαν
2300 1971 2312 1983 ο
2345 1954 2395 2005 εἰ
2427 1953 2483 2006 δὲ
2512 1952 2766 2024 γνωρίζει
2810 1954 2942 2023 ἡμῖν
2989 1952 3054 2004 δι’
3088 1949 3280 2004 ἑαυτοῦ
3315 1949 3406 2001 τὸν
3439 1949 3550 2000 Πα-

287 2041 447 2111 τέρα,
509 2041 631 2110 οὐχὶ
678 2038 1085 2110 δημιούργημα,
1125 2037 1262 2092 ἀλλά
1310 2036 1437 2099 Υἱὸς
1491 2036 1719 2107 ἀληθὴς,
1772 2036 1867 2088 καὶ
1927 2038 2089 2093 εἰκὼν
2132 2042 2224 2096 τοῦ
2293 2043 2451 2109 Θεοῦ,
2511 2030 2605 2096 καὶ
2848 2043 3195 2103 ὑποστάσεως
3241 2039 3545 2110 χαρακτήρ.

289 2133 401 2186 Καὶ
426 2132 604 2186 ταῦτα
640 2131 737 2200 μὲν
762 2128 1005 2183 τοιαῦτα.

590 2214 844 2284 Eiusdem
876 2232 941 2271 ea:
970 2219 1148 2273 eodem
1185 2228 1376 2289 quarto
1409 2217 1564 2271 libro.

2330 2213 2441 2267 Τοῦ
2471 2211 2659 2268 αὐτοῦ
2684 2211 2755 2268 ἐκ
2782 2210 2889 2265 τοῦ
2915 2210 2958 2263 6‘
2989 2211 3195 2280 λόγου.

352 2304 411 2360 Si
439 2306 778 2374 unigenitum
803 2309 1085 2363 constituis
1116 2324 1223 2364 non
1255 2322 1324 2364 ex
1375 2323 1442 2364 eo
1469 2304 1613 2378 quod
1670 2305 1884 2374 genitus

2050 2306 2109 2357 Εἰ
2169 2306 2244 2376 μὴ
2306 2306 2612 2376 γεννήσεως
2665 2303 2725 2357 τὺ
2784 2304 3109 2374 μονογενὲς,
3167 2304 3303 2359 ἀλλά
3353 2305 3443 2359 διὰ
3497 2306 3558 2358 τὸ

278 2411 381 2465 est,
416 2399 516 2455 sed
546 2414 609 2454 ex
638 2414 703 2453 eo
734 2398 878 2469 quod
899 2399 1029 2454 nihil
1055 2401 1102 2454 ei
1132 2407 1504 2469 comparatur,
1570 2408 1625 2454 et
1686 2394 1868 2461 Pater,

1990 2396 2348 2467 ἀσύγκριτον.
2408 2396 2703 2467 μονογενὴς
2760 2396 2853 2450 καὶ
2910 2398 2938 2448 6
2997 2396 3202 2467 Πατήρ.
3270 2395 3560 2467 Ἀσύγκρι-

281 2492 370 2549 cui
403 2491 538 2548 nihil
565 2493 868 2562 comparari
910 2500 1105 2560 potest,
1138 2491 1241 2545 erit
1276 2490 1607 2560 unigenitus.
1983 2505 2073 2553 τος
2112 2490 2243 2556 γάρ.

859 2584 945 2636 Ex
973 2582 1153 2637 eodem
1204 2582 1359 2636 libro.
2438 2580 2449 2597 ’

2438 2580 2535 2634 Ἐκ
2556 2578 2663 2634 τοῦ
2686 2578 2875 2635 αὑτοῦ
2892 2582 3099 2651 λόγου.

357 2681 414 2736 Si
447 2679 619 2735 Filius
647 2693 753 2734 non
788 2677 1108 2747 simpliciter
1140 2685 1222 2733 est
1253 2675 1597 2746 Unigenitus,
1632 2674 1724 2729 sed
1784 2671 1870 2728 Fi-

2050 2672 2112 2727 Εἰ
2147 2676 2174 2726 6
2205 2673 2331 2736 Υἰὸς
2364 2673 2461 2743 οὐχ
2497 2673 2683 2738 ἁπλῶς
2719 2673 3031 2743 Μονογενής
3066 2676 3216 2726 ἐστιν
3238 2713 3252 2739 ,
3290 2670 3403 2726 ἀλλ’
3434 2672 3560 2733 Υἱὸς

284 2775 392 2829 lius
414 2773 752 2843 unigenitus,
782 2782 837 2826 et
868 2787 897 2824 a
926 2771 1088 2825 Patre
1109 2769 1447 2839 unigenitus.
1480 2776 1563 2822 est
1632 2767 1871 2835 uuigeni-

1980 2765 2299 2838 μονογενὴς,
2332 2765 2425 2818 καὶ
2450 2766 2600 2836 παρὰ
2631 2765 2846 2837 Πατρὸς
2881 2765 3202 2846 μονογενὴς,
3236 2763 3363 2826 Υἱὸς
3399 2781 3559 2833 μονοο

287 2878 377 2921 tns
406 2864 604 2929 Filius,
647 2877 761 2919 non
796 2873 976 2918 autem
1012 2877 1097 2917 res
1153 2870 1335 2917 creata
1390 2860 1690 2932 unigenita.

1503 2861 1690 2932 genita.
1977 2859 2140 2930 γενής
2172 2860 2307 2923 ἐστι,
2339 2858 2434 2912 καὶ
2464 2858 2525 2910 οὐ
2557 2857 2764 2928 κτίσμα
2785 2860 3093 2927 μονογενές.

824 2955 907 3010 Ea:
938 2956 1116 3009 eodem
1162 2955 1316 3007 libro.

2414 2954 2512 3006 Ἐκ
2552 2952 2659 3006 τοῦ
2693 2951 2881 3006 αὑτοῦ
2920 2954 3128 3021 λόγου.

360 3050 418 3105 Si
454 3049 840 3105 communione
871 3062 1247 3117 concessuqne
1284 3047 1487 3112 Patris,
1537 3062 1641 3101 non
1689 3058 1871 3101 autem

2047 3045 2111 3097 Εἰ
2130 3043 2271 3097 κατά
2296 3044 2582 3113 μετάδοσιν
2605 3044 2699 3097 καὶ
2724 3044 3195 3113 συγχώρησιν.τοῦ
3214 3045 3451 3113 Πατρὸς,
3472 3046 3557 3096 καὶ

289 3153 488 3196 natura
530 3140 704 3195 Filius
730 3150 813 3196 est
842 3147 1175 3210 procreator,
1202 3138 1335 3193 nihil
1370 3148 1455 3193 est
1502 3138 1570 3193 ab
1619 3139 1734 3209 ipso
1774 3152 1875 3192 na-

1977 3137 2042 3189 οὐ
2071 3135 2213 3187 κατὰ
2251 3133 2413 3212 φύσιν
2446 3134 2777 3204 δημιουργὸς
2804 3135 2832 3188 6
2864 3134 2993 3197 Υἱὸς
3019 3175 3033 3201 ,
3068 3133 3219 3189 οὐδὲν
3250 3134 3319 3189 ἂν
3351 3136 3437 3204 εἴη
3471 3135 3559 3186 ὐπ’

290 3246 414 3288 tura
445 3241 813 3301 procreatum.
846 3231 1084 3299 Quorum
1137 3232 1282 3285 enim
1338 3236 1527 3283 natura
1563 3240 1879 3298 procreator

1980 3227 2146 3283 αὐτοῦ
2204 3226 2611 3299 δημιουργηθὲν
2667 3225 2808 3280 κατά
2864 3227 3027 3295 φύσιν
3068 3243 3080 3258 ·
3114 3220 3190 3282 ὧν
3225 3226 3334 3300 γὰρ
3392 3229 3420 3280 6
3470 3228 3562 3295 δη-

289 3326 384 3379 itie
411 3340 517 3379 non
550 3332 657 3387 εει,
689 3322 960 3391 quomodo
985 3336 1047 3376 ea
1079 3320 1189 3375 sint
1223 3328 1419 3374 natura
1450 3318 1774 3389 procreata?

1986 3320 2247 3390 μιουργὸς
2291 3320 2351 3372 οὐ
2403 3320 2543 3372 κατὰ
2588 3318 2772 3389 φύσιν,
2818 3318 2934 3382 πῶς
2979 3319 3048 3374 τὰ
3095 3319 3565 3394 δημιουργηθέντα

1912 3408 1955 3467 C
1989 3413 2131 3466 κατά
2163 3410 2325 3483 φύσιν
2350 3428 2363 3477 ;

832 3498 914 3554 Ea:
957 3503 1133 3555 eodem
1164 3500 1320 3555 libro.
2414 3502 2422 3520 ⁴

2414 3502 2509 3557 Ἐκ
2550 3503 2656 3557 τοῦ
2696 3503 2885 3557 αὑτοῦ
2923 3505 3132 3575 λόγου.

375 3592 433 3646 Si
480 3594 621 3647 Deus
659 3593 771 3659 agit
795 3594 1009 3646 ratione
1034 3592 1319 3662 singulari,
1375 3592 1586 3647 ratione
1642 3592 1769 3644 item
1806 3590 1884 3659 gi-

2059 3596 2120 3649 Εἰ
2158 3596 2375 3667 ἐνεργεῖ
2404 3597 2432 3647 6
2461 3595 2618 3661 Θεὸς,
2651 3596 2725 3659 ὡς
2755 3596 2931 3659 οὐδεὶς
2965 3596 3174 3667 ἔτερος,
3206 3594 3302 3648 καί⁸
3339 3595 3563 3662 γεννῶν,

289 3687 411 3756 guit
438 3686 723 3755 singulari;
752 3685 893 3741 Deus
920 3686 1063 3740 enim
1102 3685 1244 3740 nulla
1278 3686 1329 3740 in
1362 3698 1418 3741 re
1446 3699 1568 3740 cum
1600 3683 1707 3737 ullo
1734 3698 1879 3738 com-

1984 3689 2058 3750 ὡς
2088 3688 2184 3757 οὐχ
2206 3688 2292 3741 ἓτε
2302 3706 2391 3757 ρος
2422 3693 2694 3760 γεννήσει.
2716 3688 3070 3760 Ἀσύγκριτος
3092 3688 3199 3759 γὰρ
3224 3687 3360 3760 πρὸς
3388 3688 3566 3742 πάντα

289 3779 479 3848 ραι-πὶ
529 3789 729 3847 potest.

1988 3779 2132 3832 κατὰ
2161 3779 2338 3833 πάντα
2367 3783 2395 3833 6
2430 3780 2578 3842 Θεὸς.

836 3869 921 3925 Eat
951 3870 1128 3924 eodem
1161 3868 1312 3921 libro.
2422 3871 2426 3880 ‘

2422 3871 2521 3925 Ἐκ
2560 3872 2666 3924 τοῦ
2704 3871 2891 3924 αὐτοῦ
2930 3873 3142 3941 λόγου.

364 3963 526 4030 Quod
574 3965 655 4027 lit,
696 3978 801 4017 non
833 3977 902 4017 ex
944 3972 1139 4016 natura
1169 3958 1416 4015 facientis
1454 3967 1557 4014 est.
1610 3956 1763 4024 Quod
1791 3974 1882 4011 au-

2059 3961 2131 4013 Tb
2166 3960 2492 4029 ποιούμενον
2527 3963 2625 4013 οὐκ
2664 3963 2727 4014 ἐκ
2763 3960 2863 4029 τῆς
2894 3961 3084 4025 οὐσίας
3117 3952 3210 4015 τοῦ
3249 3961 3528 4023 ποιοῦντος
3551 4002 3567 4028 ,

295 4067 407 4110 tem
437 4055 703 4126 gignitur,
742 4064 826 4110 est
858 4069 923 4109 ex
954 4054 1223 4125 gignentis
1252 4051 1507 4108 essentia.
1567 4049 1682 4104 Non
1723 4050 1885 4122 igitur

1986 4050 2049 4103 τὸ
2071 4050 2127 4103 δὲ
2154 4049 2493 4119 γεννώμενον
2516 4051 2579 4104 ὲκ
2604 4051 2703 4119 τῆς
2721 4050 2890 4119 αὐτῆς
2916 4050 3100 4115 οὐσίας
3132 4051 3226 4104 τοῦ
3248 4051 3563 4121 γεννῶντος.

293 4148 441 4203 idem
482 4155 572 4201 est
603 4144 803 4211 facere,
854 4153 911 4200 et
937 4147 1179 4216 gignere.

1988 4144 2061 4196 Οὐ
2089 4141 2283 4197 ταυτὸν
2312 4142 2421 4213 ἀρα
2448 4143 2509 4196 τὸ
2539 4143 2715 4196 ποιεῖν
2743 4143 2837 4195 καὶ
2866 4142 2927 4195 τὸ
2957 4144 3175 4215 γεννᾷν.

824 4236 910 4291 Ea:
960 4241 1137 4292 eodem
1161 4236 1318 4291 libro.

2424 4235 2526 4289 Ἐκ
2564 4234 2672 4289 τοῦ
2708 4234 2896 4290 αὑτοῦ
2934 4235 3140 4305 λόγου.

369 4331 534 4398 Quod
568 4330 622 4383 in
654 4333 826 4385 lorma
861 4329 955 4383 Dei
985 4338 1089 4396 est,
1109 4338 1193 4384 est
1224 4328 1280 4382 in
1304 4330 1545 4384 essentia
1592 4328 1709 4384 Dei.
1764 4327 1885 4384 Non

2057 4333 2130 4386 T6
2173 4333 2228 4384 ὲν
2273 4331 2455 4401 μορφῇ
2496 4329 2630 4381 Θεοῦ
2675 4330 2730 4383 ὲν
2772 4331 2933 4401 οὐσίᾳ
2969 4329 3104 4384 Θεοῦ
3142 4333 3308 4409 ἐστιν.
3351 4330 3427 4384 Οὐ
3464 4331 3570 4399 γὰρ

294 4423 446 4476 enim
480 4421 629 4475 aliud
656 4429 740 4475 est
768 4420 859 4474 Dei
903 4418 1099 4486 forma,
1126 4420 1272 4476 aliud
1302 4420 1419 4488 ejus
1447 4422 1706 4477 essentia.
1735 4421 1884 4475 Alio-

1988 4424 2115 4478 ἄλλο
2147 4424 2350 4494 μορφὴ,
2398 4422 2492 4474 καί
2523 4420 2650 4474 ἄλλο
2684 4422 2844 4476 οὐσία
2872 4420 3031 4490 Θεοῦ,
3054 4422 3141 4476 ἵνα
3185 4423 3260 4494 μὴ
3296 4422 3564 4484 σύνθετος.

296 4516 437 4580 quin
498 4521 649 4566 esset
693 4512 1047 4579 compositus.
1111 4511 1476 4577 Quamobrem
1538 4512 1629 4582 qui
1710 4511 1885 4568 forma

2003 4518 2061 4570 Ὁ
2103 4517 2244 4571 κατὰ
2294 4516 2507 4586 μορφὴν
2556 4511 2647 4569 οῦν
2710 4513 2821 4578 ἴσος
2870 4514 2966 4568 καὶ
3016 4516 3138 4569 κατ’
3187 4515 3376 4568 οὐσίαν
3424 4516 3569 4568 ἐστὶν

294 4605 538 4674 aequalis
571 4611 680 4671 est,
723 4612 779 4658 et
814 4604 1052 4660 essentia
1076 4615 1161 4659 est
1188 4606 1431 4675 aqualis.
1993 4609 2129 4672 ἴσος.

288 4720 294 4775 ῃ
836 4696 923 4751 Ex
973 4699 1155 4752 eodem
1214 4700 1370 4753 libro.

1920 4765 1961 4775 _
2423 4700 2525 4754 Ἕκ
2560 4700 2666 4755 τοῦ
2708 4699 2895 4753 αὐτοῦ
2934 4702 3142 4769 λόγου.

287 4772 291 4803 θ
374 4791 440 4845 Si
494 4788 659 4845 Pater
689 4799 816 4845 ante
844 4790 1042 4845 Filium
1074 4800 1213 4858 erat,
1242 4790 1467 4846 alterius
1498 4789 1720 4846 omnino
1770 4800 1877 4844 erat

2064 4796 2127 4847 Εἰ
2155 4797 2183 4848 6
2212 4794 2400 4866 Πατὴρ
2429 4795 2535 4866 πρὸ
2558 4792 2653 4848 τοῦ
2687 4792 2816 4846 Υίοῦ
2847 4788 2937 4864 ἦν,
2968 4765 3158 4864 ἑτέρου
3184 4790 3328 4855 τινὸς
3354 4791 3568 4858 πάντως

298 4883 433 4938 Filii
459 4882 646 4939 Pater.
673 4884 811 4939 Nam
826 4884 946 4938 sine
974 4884 1113 4939 Filio
1136 4886 1293 4938 Pater
1323 4898 1430 4938 non
1460 4883 1727 4954 potuisset
1761 4881 1888 4937 dici.

1992 4888 2181 4960 Πατὴρ
2219 4884 2289 4960 ἦν
2317 4905 2330 4919 ·
2367 4886 2536 4958 χωρὶς
2570 4888 2679 4957 γὰρ
2710 4885 2841 4939 Υἱοῦ
2878 4884 3065 4954 Πατὴρ
3095 4884 3196 4937 οὐκ
3229 4884 3296 4938 ἂν
3331 4883 3568 4955 λεχθείη.

860 4974 949 5030 Ea:
978 4974 1157 5030 eodem
1187 4975 1344 5029 libro.
2427 4983 2450 5035 ’.

2427 4983 2531 5035 Ἐκ
2571 4979 2676 5033 τοῦ
2714 4977 2902 5032 αὐτοῦ
2931 4977 3140 5047 λόγου.
3582 4990 3585 5007 ‘

366 5068 441 5119 Si
471 5067 520 5122 is
542 5068 633 5136 qui
662 5066 860 5123 Filium
882 5083 979 5138 per
1000 5068 1294 5123 essentiam
1329 5065 1504 5129 novit,
1541 5064 1760 5119 Patrem
1787 5078 1889 5119 no-

2064 5073 2128 5127 Εἰ
2172 5073 2201 5125 6
2244 5072 2335 5126 τὸν
2373 5072 2502 5126 Υἱὸν
2531 5071 2695 5141 γνοὺς
2741 5072 2861 5124 κατ’
2900 5070 3108 5137 οὐσίαν,
3162 5070 3302 5139 ἔγνω
3344 5088 3437 5125 και
3483 5085 3574 5124 τον

295 5166 379 5215 vit
426 5178 449 5219 :
482 5162 546 5217 Si
578 5178 659 5216 me
683 5164 850 5230 enim,
875 5161 1071 5231 inquit,
1128 5161 1518 5233 cognovissetis,
1572 5168 1618 5212 et
1675 5159 1885 5213 Patrem

1992 5165 2234 5235 Πατέρα·
2262 5166 2331 5217 El
2352 5164 2459 5233 ἐμὲ
2477 5164 2609 5235 γὰρ,
2640 5162 2828 5233 φησὶν,
2848 5162 3067 5234 ᾔδειτε,
3092 5164 3318 5217 καὶτὸν
3344 5164 3575 5226 Πατέρα

294 5269 489 5308 meum
520 5255 694 5324 utique
738 5255 1110 5324 cognouissetis
1145 5255 1185 5321 ¹,
1245 5252 1487 5323 ejusdem
1530 5266 1753 5320 prorsus
1806 5266 1884 5305 es-

1992 5274 2113 5327 μου
2172 5254 2370 5325 ᾔδειτε
2429 5254 2505 5308 ἄν
2536 5271 2553 5286 ·
2607 5255 2895 5325 ὁμοούσιος
2978 5255 3197 5317 πάντως
3259 5253 3336 5322 τῷ
3400 5254 3573 5321 Πατρί

297 5346 509 5402 sentite
531 5362 651 5400 cum
678 5346 837 5403 Patre
859 5347 1031 5404 Filius
1076 5356 1178 5403 est.
1216 5345 1348 5401 Nam
1384 5361 1448 5400 ex
1503 5343 1748 5400 dissimili
1811 5359 1887 5398 es-

1996 5352 2024 5403 6
2074 5349 2221 5409 Υἰός.
2258 5346 2424 5401 Οὐδὲν
2458 5347 2564 5419 γὰρ
2594 5348 2653 5414 ἐξ
2698 5349 2956 5421 ἀνομοίου
2989 5349 3178 5410 οὐσίας
3214 5346 3572 5417 γνωρίζεσθαι

294 5437 491 5493 sentin
514 5453 620 5493 non
674 5448 857 5508 posset
909 5439 1151 5510 agnosci.

674 5448 857 5508 posset
909 5439 1151 5510 agnosci.
1998 5441 2242 5496 δύναται.

843 5530 928 5585 Ex
957 5532 1137 5587 eodem
1167 5530 1325 5585 libro.

2454 5533 2557 5587 Ἐκ
2582 5534 2687 5587 τοῦ
2709 5534 2896 5589 αὐτοῦ
2921 5534 3125 5601 λόγου.

377 5621 446 5675 Si
478 5619 546 5685 is,
576 5622 670 5692 qui
694 5623 866 5681 credit
908 5623 1191 5680 Christum
1223 5637 1343 5680 esse
1370 5623 1564 5679 Filium
1592 5622 1705 5689 Dei,
1728 5621 1891 5677 vitam

2070 5626 2129 5679 Εἰ
2158 5624 2216 5679 τὸ
2246 5624 2519 5681 πιστεύειν
2544 5625 2634 5679 τὸν
2657 5625 2891 5695 Χριστὸν
2918 5625 3045 5679 Υἰὺν
3075 5620 3211 5678 εἶναι
3238 5625 3395 5692 Θεοῦ,
3428 5626 3570 5697 ζωὴν

368 5743 404 5811 ,⁸
459 5778 615 5835 Juan.
646 5796 754 5849 ιιν,
777 5784 827 5837 7.
