4102 6298
312 351 418 415 5‘37

1297 352 1676 413 PANOPLIA
1727 348 2186 411 DOGMATICA.
2214 372 2265 383 -
2314 350 2465 410 TlT.
2499 352 2603 411 Χῐ.
3477 347 3546 411 53

303 465 386 517 ὢν
407 505 421 527 ,
457 464 722 535 γεννητὸς
744 505 758 526 ,
790 464 884 517 καὶ
911 464 972 516 οὐ
1001 464 1160 533 φύσει
1194 465 1404 536 Πατήρ.
1437 467 1624 520 Πᾶσαν
1654 465 1710 518 δὲ
1739 464 1894 534 φιλο-

2015 479 2103 517 ton
2135 463 2401 519 exsistens
2428 463 2590 519 Pater
2626 462 2822 517 Filium
2860 464 3137 534 genuerit.
3163 461 3218 518 Si
3244 463 3386 518 enim
3445 465 3592 518 exsi-

305 557 523 610 νεικίαν
565 555 748 608 αὐτῶν
780 557 1160 609 ἀποκλείουσιν
1199 559 1254 609 αἱ
1293 557 1436 611 Θεῑαι
1471 559 1722 629 Γραφαὶ,
1760 560 1895 614 Μω-

309 649 450 708 σέως
487 648 587 716 μὲν
623 647 853 714 βοῶντος
891 647 1018 716 περὶ
1066 647 1157 701 τοῦ
1203 648 1358 709 Υἰοῦ.
1413 651 1476 703 ’0
1516 651 1601 703 ὧν
1637 668 1714 720 με
1753 649 1900 706 ἀπέ-

307 742 538 803 (γτειλε,
568 737 662 790 τοῦ
695 737 750 789 δὲ
780 737 1170 804 εὐαγγελιστοῦ
1209 740 1478 805 Ἰωάννου,
1523 742 1619 794 Ἐν
1641 740 1800 810 ἀρχῇ
1819 737 1899 810 ἦν

307 834 347 885 ὁ
385 833 600 898 Λόγος,
637 832 732 883 καὶ
763 830 860 898 οὐχ
893 832 1040 897 ἅπαξ
1074 831 1134 882 τὸ
1162 827 1259 901 ἦν,
1288 833 1430 886 ἀλλὰ
1462 834 1745 905 τέταρτον.
1787 836 1897 888 Καὶ

314 925 479 978 πάλιν
499 922 753 992 ἀλλαχοῦ,
771 923 836 974 '0
852 920 936 975 ὢν
959 923 1025 975 ἐκ
1049 923 1155 975 τοῦ
1179 924 1350 988 Θεοῦ,
1367 925 1484 991 καὶ,
1500 923 1556 978 '0
1578 924 1663 978 ὢν
1685 925 1756 979 ἐν
1773 927 1900 992 τοῖς

315 1015 575 1078 κόλποις
594 1015 698 1066 τοῦ
733 1017 981 1081 Πατρός.
1024 1016 1132 1066 Καὶ
1163 1016 1220 1066 έν
1251 1016 1480 1085 ἑτέροις,
1519 1017 1571 1067 '0
1592 1016 1676 1070 ὢν
1714 1019 1783 1072 ἐν
1821 1018 1901 1084 τῷ

275 1107 554 1176 ῗούρανῷ
579 1122 595 1140 ο
616 1110 708 1160 καὶ
735 1108 793 1158 ὲν
831 1111 895 1176 τῇ
946 1107 1341 1175 Ἀποκαλύςκει,
1382 1109 1446 1162 '0
1480 1108 1584 1174 ὢν,
1610 1111 1708 1164 καὶ
1739 1115 1770 1165 ό
1801 1108 1898 1181 ἦν,

327 1202 421 1256 διαὶ
463 1206 494 1257 ό
532 1202 877 1270 ἐρχόμενος.
925 1201 1034 1252 Καὶ
1074 1203 1101 1253 6
1148 1200 1378 1266 Παῦλος,
1437 1203 1542 1267 Ὃς
1583 1199 1670 1253 ὢν
1708 1203 1903 1257 ἀπαύ-

324 1310 523 1363 γασμα
561 1294 670 1361 τῆς
695 1293 902 1360 δόξης,
939 1294 1037 1348 καὶ
1067 1297 1136 1347 ἐν
1156 1294 1358 1364 μορφῇ
1401 1297 1550 1351 Θεοῦ
1591 1297 1898 1367 ὑπάρχων.

321 1389 432 1440 Καὶ
461 1387 644 1451 πάλιν,
684 1387 744 1440 '0
773 1385 858 1440 ὢν
889 1387 986 1440 ἐπὶ
1027 1387 1271 1443 πάντων
1301 1389 1445 1455 Θεὸς
1474 1392 1827 1461 εὐλογητός.

757 1655 858 1706 Ἐκ
900 1651 1006 1706 τοῦ
1041 1653 1227 1708 αὑτοῦ
1265 1655 1473 1723 λόγου.

397 1743 456 1794 Ei
482 1744 540 1797 τὸ
565 1744 738 1797 αἴτιον
769 1744 862 1797 τοῦ
895 1745 1142 1798 αἰτιατοῦ
1172 1745 1356 1816 μεῖζον
1384 1747 1477 1799 καὶ
1497 1745 1754 1816 διάφορον
1782 1747 1904 1800 κατ’

2003 566 2154 611 stens
2226 554 2432 620 Pater,
2478 556 2749 612 exsistens
2825 559 3174 612 exsistentem
3265 556 3469 627 genuit.
3535 555 3593 609 Si

2009 663 2113 701 non
2144 647 2438 711 exsisteus,
2463 646 2638 702 factus
2672 657 2780 711 est,
2811 662 2916 701 non
2950 656 3132 701 autem
3177 653 3366 698 natura
3415 644 3596 699 Pater.

2006 738 2111 810 Sed
2161 753 2351 793 omnes
2389 740 2617 793 istorum
2674 739 3002 808 qnatstiones
3057 736 3352 792 excludunt
3398 735 3599 788 divinae

2005 829 2321 895 Scriptura»,
2342 845 2464 883 cum
2499 828 2674 884 Moses
2703 830 2769 883 de
2809 827 2947 882 Filio
2987 827 3135 881 clara
3159 840 3292 880 voce
3319 834 3547 878 testatur
3581 843 3594 877 :

2007 921 2111 986 Qui
2142 931 2237 983 est,
2273 922 2549 990 inquiens,
2584 921 2728 975 misit
2754 937 2832 973 me
2852 923 2892 973 ¹.
2912 919 3146 973 Joannes
3176 929 3352 971 autem
3373 930 3595 984 evange-

2007 1013 2127 1067 lista
2157 1031 2169 1065 :
2201 1011 2261 1067 1η
2281 1014 2744 1082 principio,dicat,
2762 1025 2877 1067 erat
2908 1012 3200 1077 Verbum’;
3233 1019 3427 1076 quater
3449 1009 3594 1062 illaut

2004 1121 2216 1168 vocem,
2250 1117 2386 1168 erat,
2411 1116 2683 1174 repetens.
2732 1105 2942 1161 Etalibi
2977 1123 2992 1160 :
3036 1103 3134 1170 Qui
3171 1112 3247 1156 est
3301 1118 3366 1156 ea:
3400 1100 3504 1154 Deo
3537 1099 3592 1163 ³;

2005 1207 2058 1250 et
2091 1213 2104 1252 :
2137 1197 2243 1263 Qui
2277 1201 2431 1252 estin
2460 1200 2580 1253 sinu
2615 1201 2797 1252 Patris
2828 1198 2887 1265 ‘;
2917 1208 2965 1252 et
2999 1198 3106 1253 alio
3136 1197 3254 1251 loco
3289 1193 3424 1260 :Qui
3441 1203 3518 1248 est
3545 1194 3598 1246 in

2005 1290 2134 1342 cwla
2159 1289 2205 1342 ⁸.
2259 1287 2325 1343 Ει
2372 1291 2423 1342 in
2481 1289 2853 1360 Apocalypsi:
2923 1289 3027 1352 Qui
3079 1300 3179 1354 est,
3227 1289 3317 1357 qui
3365 1296 3500 1349 erat,
3549 1295 3598 1338 et

2005 1382 2094 1450 qui
2116 1391 2363 1437 venturus
2386 1393 2464 1436 est
2491 1383 2533 1440 °.
2582 1385 2648 1438 Et
2672 1383 2868 1438 Paulus
2898 1400 2912 1437 :
2949 1381 3051 1448 Qui
3081 1398 3199 1436 cum
3251 1383 3320 1435 sit
3352 1380 3600 1448 splendor

2005 1471 2189 1540 gloriw
2218 1473 2280 1534 ";
2330 1482 2382 1527 et
2418 1492 2432 1529 :
2469 1473 2573 1539 Qui
2601 1491 2723 1528 cum
2747 1475 2801 1527 in
2831 1473 3005 1542 forma
3066 1471 3313 1526 Deieuet
3363 1471 3417 1535 3;
3471 1479 3526 1523 et
3579 1484 3596 1521 :

2010 1561 2115 1626 Qui
2156 1573 2229 1617 est
2263 1564 2319 1616 in
2373 1566 2615 1619 omm'bus
2667 1566 2805 1619 Deus
2836 1565 3136 1620 benedictus
3168 1563 3208 1619 ’.

2537 1656 2624 1711 Ea:
2663 1658 2842 1712 eodem
2901 1656 3059 1712 libro.

2082 1751 2139 1806 Si
2169 1766 2330 1808 causa
2369 1749 2543 1817 major
2562 1757 2644 1801 est
2675 1762 2760 1813 eo,
2794 1748 2948 1813 cujus
2975 1755 3057 1803 est
3079 1761 3269 1811 causa,
3300 1753 3355 1800 et
3387 1743 3600 1812 abipso

308 1834 530 1900 οὐσίαν,
563 1839 670 1897 πᾶς
691 1835 747 1888 δὲ
780 1834 965 1905 πατὴρ
986 1835 1180 1898 αἴτιος,
1214 1837 1310 1889 καὶ
1330 1839 1439 1899 πᾶς
1471 1837 1586 1900 υἱὸς
1635 1839 1900 1903 αἰτιατὺς,

2015 1859 2102 1913 per
2128 1844 2420 1899 essentiam
2451 1841 2648 1905 diﬂert,
2682 1841 2863 1895 omnis
2879 1846 3033 1909 pater
3055 1853 3177 1894 cum
3205 1838 3297 1892 ﬁlii
3316 1852 3476 1892 causa
3491 1839 3598 1912 .sit,

312 1923 544 1994 μείζους
587 1925 680 1976 καὶ
719 1926 966 1995 διάφοροι
1009 1927 1130 1979 κατ’
1177 1926 1369 1980 οὐσίαν
1413 1927 1462 1980 οἱ
1515 1929 1748 1997 πατέρες
1794 1930 1899 1983 τῶν

309 2016 477 2080 υἱῶν,
514 2018 609 2069 καὶ
644 2018 704 2070 οὐ
741 2021 872 2088 μιᾶς
911 2019 1122 2082 οὐσίας.
1169 2017 1312 2072 Ἀλλ’
1348 2019 1448 2072 οὐκ
1487 2019 1705 2091 ἀληθές.

753 2110 855 2161 Ἐκ
901 2109 1003 2162 τοῦ
1042 2109 1229 2163 αὐτοῦ
1267 2113 1477 2178 λόγου.

404 2201 733 2269 Ἐρωτῶσιν,
764 2203 810 2253 si
861 2203 1132 2272 γεννήσας
1171 2203 1197 2254 6
1234 2203 1422 2272 Πατὴρ
1449 2201 1542 2254 τὸν
1577 2202 1704 2256 Υίδν
1735 2203 1906 2256 ἐπαύ-

311 2311 455 2346 σατο
499 2296 696 2364 γεννᾷν
767 2295 972 2360 αὐτόνς
1019 2297 1122 2346 κᾶν
1166 2295 1427 2357 λάϐωσιν,
1469 2300 1550 2349 ὅτι
1605 2297 1903 2362 ἐπαύσατο,

312 2389 643 2454 ἐπάγουσιν,
678 2386 891 2439 Οὐκοῦν
929 2389 1019 2439 καὶ
1055 2389 1260 2458 ήρξατο
1299 2390 1516 2457 γεννᾲν.
1555 2390 1669 2441 Πᾶν
1705 2389 1814 2458 γὰρ
1846 2389 1909 2441 τὸ

311 2479 476 2541 τέλος
507 2479 627 2548 ἕχον
665 2481 755 2533 καὶ
792 2480 966 2549 ἀρχὴν
1013 2479 1144 2550 ἔχει.
1191 2481 1302 2533 Οὐκ
1342 2481 1448 2550 ἄρα
1481 2477 1549 2552 ἦν
1583 2481 1670 2533 ἀεὶ
1699 2484 1726 2534 6
1755 2483 1904 2546 Υἱός.

326 2564 604 2634 Ἐροῦμεν
644 2565 760 2631 οὖν,
801 2567 864 2619 Ei
901 2567 958 2620 τὸ
1000 2567 1308 2637 παυόμενον
1347 2569 1563 2640 ἀνάγκη
1600 2573 1695 2624 καὶ
1727 2573 1906 2644 ἀρχὴν

317 2659 498 2728 ἔχειν,
543 2663 636 2715 καὶ
686 2662 745 2714 τὸ
798 2663 974 2732 ἀρχὴν
1024 2663 1145 2733 ἕχον
1190 2664 1407 2735 ἀνάγκη
1461 2667 1558 2720 καὶ
1611 2667 1905 2735 παύεσθαι,

312 2750 546 2816 ἄγγελοι
593 2751 707 2814 οὖν,
777 2754 872 2805 καὶ
901 2753 1077 2807 πάντα
1111 2757 1176 2806 τὰ
1209 2754 1477 2826 ἀσώματα
1507 2759 1679 2828 ἀρχὴν
1703 2759 1796 2811 τοῦ
1829 2757 1909 2812 εἷ-

315 2857 415 2892 ναι
442 2839 655 2908 ἔχοντα,
683 2843 998 2909 ἀναγκαίως
1027 2845 1118 2896 καὶ
1141 2845 1293 2906 τέλος
1310 2843 1404 2897 τοῦ
1423 2842 1569 2898 εἶναι
1594 2846 1728 2912 ἕξει.
1768 2849 1910 2902 Ἀλλ’

327 2929 555 2984 ἄτοπον.
607 2932 845 2984 Δυνατόν
888 2931 981 2984 οὖν
1021 2935 1115 2984 καὶ
1156 2931 1466 3001 ἀρξάμενον
1512 2934 1609 2986 τοῦ
1655 2931 1796 2988 εἶναι
1837 2937 1912 3008 μὴ

327 3019 682 3083 πεπαῦσθαι,
714 3022 809 3074 καὶ
844 3021 1200 3087 παυσάμενον
1235 3021 1312 3091 μὴ
1346 3017 1570 3092 ἦρχθαι.
1609 3023 1670 3074 Ei
1699 3023 1757 3075 δὲ
1790 3026 1868 3093 μὴ
1891 3065 1908 3089 ,

320 3113 424 3165 καὶ
452 3111 616 3174 αὐτὸς
644 3113 670 3164 6
705 3113 854 3179 Υῑδς,
905 3116 953 3165 ei
981 3115 1154 3181 ἀρχὴν
1182 3111 1276 3165 τοῦ
1305 3109 1446 3166 εἶναι
1476 3113 1610 3184 ἔχει,
1639 3114 1732 3167 καὶ
1763 3115 1912 3178 τέλος

322 3206 388 3268 ἐξ
421 3205 668 3272 ἀνάγκης
693 3203 808 3273 ἔχει
841 3203 964 3257 κατ’
993 3203 1212 3265 αὐτούς.
1261 3203 1481 3274 Ἐπειδὴ
1512 3207 1622 3258 πᾶν
1649 3205 1710 3258 τὸ
1733 3206 1910 3276 ἀρχὴν

323 3296 455 3360 ἔχον
484 3292 580 3345 καὶ
605 3296 753 3358 τέλος
785 3295 928 3364 ἔχειν
952 3293 1254 3364 βούλονται,
1295 3297 1404 3348 Καὶ
1436 3297 1552 3358 πῶς
1581 3297 1640 3349 οὑ
1668 3297 1909 3369 βλάσφη-

330 3400 474 3450 μον;
501 3386 608 3437 Καὶ
631 3388 664 3456 ἡ
686 3387 996 3454 πρόγνωσις
1016 3386 1070 3440 δὲ
1092 3386 1189 3438 τοῦ
1215 3388 1350 3441 Θεοῦ
1375 3389 1550 3458 ἀρχὴν
1573 3389 1670 3442 οὐκ
1687 3390 1906 3459 ἔχουσα,

328 3493 404 3544 με
419 3478 475 3530 τὰ
514 3479 572 3528 τὸ
606 3478 864 3545 γενέσθαι
892 3479 962 3532 τὰ
997 3480 1124 3546 περὶ
1158 3474 1232 3534 ὧν
1273 3481 1554 3551 προέγνω,
1588 3480 1737 3544 τέλος
1769 3481 1905 3551 ἔχει.

323 3568 400 3619 Ὢ
416 3586 500 3620 ars
539 3571 596 3622 οὑ
628 3570 687 3622 τὸ
716 3569 868 3632 τέλος
898 3569 1020 3640 ἔχον
1054 3571 1266 3642 ἀνάγκη
1299 3571 1393 3624 καὶ
1428 3572 1599 3643 ἀρχὴν
1631 3573 1796 3644 ἔχειν.

2004 1937 2177 2006 major
2207 1945 2292 1990 est
2317 1936 2426 1990 ﬁlio
2448 1973 2462 1998 ,
2490 1943 2544 1987 et
2572 1943 2752 2005 patres
2776 1948 2804 1986 a
2827 1931 3207 1992 ﬁliis’essentia
3221 1931 3420 1986 diversi
3446 1937 3597 1986 sunt,

2004 2044 2108 2083 non
2158 2037 2339 2084 autem
2392 2027 2633 2094 ejusdem
2684 2025 2970 2089 essential;
3035 2023 3180 2094 quod
3235 2022 3430 2076 falsum
3481 2031 3590 2074 est.

2539 2117 2623 2169 Ex
2679 2117 2860 2170 eodem
2906 2116 3063 2171 libro.

2077 2209 2332 2276 Quaerunt
2386 2223 2452 2261 an
2497 2209 2660 2263 Pater
2716 2208 2808 2275 qui
2837 2207 3032 2261 Filium
3064 2207 3269 2278 genuit,
3304 2207 3476 2276 ipsum
3514 2205 3598 2272 gi-

2007 2317 2171 2371 gnere
2200 2299 2446 2363 desierit,
2475 2307 2532 2353 et
2572 2299 2616 2353 si
2643 2299 2871 2353 desiisse
2914 2298 3347 2352 concesserimus
3377 2314 3392 2352 :
3424 2295 3595 2365 Ergo,

2011 2391 2281 2461 inquiunt,
2309 2392 2529 2460 gignere
2552 2391 2714 2445 etiam
2749 2390 2944 2460 coepit;
2973 2389 3237 2459 quidquid
3266 2388 3407 2442 enim
3436 2386 3601 2442 habet

2010 2483 2194 2546 ﬁnem,
2231 2483 2392 2536 habet
2421 2482 2586 2535 etiam
2617 2479 3153 2549 principium.Filius
3177 2481 3340 2551 igitur
3364 2495 3470 2534 non
3493 2480 3598 2534 fuit

2010 2587 2243 2641 semper.
2264 2571 2585 2638 Quaeramus
2609 2581 2661 2626 et
2683 2586 2802 2636 nos,
2819 2587 2944 2625 num
2967 2571 3093 2641 quia
3118 2571 3193 2631 id,
3217 2572 3358 2641 quod
3381 2570 3602 2638 desinit,

2011 2664 2339 2733 principium
2399 2664 2604 2718 habere
2637 2677 2854 2718 necesse
2885 2677 2991 2729 est,
3021 2676 3076 2719 et
3102 2665 3243 2734 quod
3273 2665 3597 2734 principium

2012 2756 2195 2821 habet,
2219 2756 2490 2822 desinere,
2523 2754 2698 2823 angeli
2733 2766 2785 2810 et
2819 2766 3316 2826 quacunquesunt
3358 2757 3602 2824 corponis

2012 2849 2258 2916 expertia
2304 2848 2557 2916 quoniam
2587 2847 2912 2916 principium
2939 2849 3158 2912 habent,
3189 2849 3352 2903 linem
3385 2863 3602 2918 quoque

2013 2937 2118 2992 sint
2144 2939 2389 2992 habitura
2423 2938 2918 3004 necessario.Quod
2949 2941 2992 2995 si
3019 2941 3309 2995 absurdum
3337 2949 3438 3002 est,
3465 2955 3600 2994 con-

2014 3038 2147 3098 stat,
2176 3035 2386 3101 etquod
2414 3038 2733 3106 t-mpitesse,
2753 3051 2910 3105 posse
2938 3050 3044 3090 non
3076 3035 3360 3089 desinere:
3391 3033 3606 3103 etquod

2026 3122 2244 3188 desinit,
2270 3139 2375 3179 non
2413 3129 2666 3193 ctepisse.
2695 3127 2949 3196 Alioquin
2968 3140 3030 3180 ex
3068 3127 3304 3194 ipsorum
3331 3124 3605 3178 sententia

2017 3230 2250 3270 necesse
2279 3224 2382 3282 cst,
2411 3227 2468 3271 ut
2497 3218 2665 3274 Filius
2694 3221 2882 3282 etiam,
2948 3218 2994 3272 si
3047 3215 3373 3287 principium
3444 3214 3607 3269 habet

2016 3307 2333 3373 exsistendi,
2378 3308 2536 3362 ﬁnem
2568 3326 2782 3380 quoque
2832 3310 3054 3376 habeat,
3105 3309 3374 3378 siquidem
3420 3305 3604 3360 omnia

2014 3411 2135 3464 quae,
2165 3397 2365 3452 habent
2397 3401 2748 3470 principium,
2777 3401 2941 3457 ﬁnem
2993 3402 3120 3455 item
3160 3399 3361 3452 habere
3398 3393 3604 3449 volunt.

2014 3489 2166 3555 Quod
2199 3491 2416 3559 quidem
2449 3493 2591 3548 dictu
2628 3493 2896 3548 nefarium
2939 3502 3042 3549 est.
3075 3491 3168 3546 Dei
3202 3501 3352 3546 certe
3394 3502 3606 3560 praeco-

2013 3582 2212 3650 gnitio,
2249 3599 2372 3652 qua:
2397 3585 2725 3655 principium
2761 3600 2868 3640 non
2903 3585 3086 3650 habet,
3117 3595 3474 3652 posteaquam
3503 3579 3606 3633 ad-

330 3672 606 3717 venerunt
631 3677 692 3717 ea
751 3679 870 3733 qua:
900 3673 1024 3718 ante
1049 3667 1511 3734 cognoscebantur
1537 3667 1741 3735 futura,
1782 3671 2000 3728 desinit.
2045 3675 2404 3741 Quamobrem
2439 3691 2614 3752 patet,
2653 3697 2759 3736 non
2798 3695 2919 3736 esse
2947 3679 3339 3744 necessarium,
3366 3686 3425 3732 ut
3455 3673 3608 3745 prib"

325 3759 537 3826 ctpinm
575 3756 806 3812 habeant
835 3758 1016 3812 omnia
1055 3775 1174 3827 qua:
1235 3759 1394 3814 ﬁnem
1448 3763 1668 3817 habent.

515 3851 614 3902 Ἐκ
653 3851 759 3904 τοῦ
789 3851 976 3904 αὐτοῦ
1007 3852 1196 3920 λόγου
1229 3853 1360 3920 περὶ
1402 3853 1760 3924 ἀγεννήτου.

417 3942 482 3994 Εἰ
515 3941 543 3993 6
578 3941 878 4012 ἁγέννητος
915 3944 1054 4012 πρὸς
1095 3946 1186 3998 τὸν
1221 3947 1479 4014 γεννητὸν
1520 3948 1650 4002 Υἱὺν
1684 3950 1926 4004 ἀντιδια-

332 4034 697 4104 στελλόμενος
745 4035 902 4088 οὐσία
949 4038 1090 4100 ἐστὶ,
1127 4039 1221 4090 καὶ
1270 4040 1298 4091 6
1352 4039 1608 4102 ἅκτιστος
1655 4043 1791 4111 πρὸς
1825 4043 1926 4113 τὴν

331 4129 527 4180 κτίσιν
550 4128 1114 4197 ἀντιδιαστελλόμενος
1136 4131 1293 4184 οὐσία
1322 4131 1470 4185 ἐστίν
1492 4148 1506 4164 ’
1538 4132 1690 4187 ἔσται
1719 4131 1811 4188 οὖν
1835 4137 1928 4189 καὶ⁵

336 4224 365 4272 6
399 4221 690 4291 ἀγέννητος
722 4222 914 4288 οὐσία,
952 4225 1043 4276 καὶ
1083 4224 1112 4277 6
1147 4225 1402 4285 άκτιστος
1430 4226 1608 4282 οὐσία.
1645 4227 1750 4281 Δύο
1779 4226 1871 4283 οὖν
1899 4233 1926 4283 ὁ

331 4313 495 4376 Θεὸς,
515 4315 614 4365 -καὶ
644 4314 704 4365 οὗ
737 4316 834 4383 μία
849 4315 1030 4368 οὐσία.
1056 4315 1213 4368 Οὕτω
1245 4316 1300 4368 δὲ
1323 4319 1414 4369 καὶ
1450 4317 1508 4369 τὸ
1530 4317 1799 4387 ἄτρεπτον
1817 4321 1916 4373 αὖ·

332 4406 439 4460 τοῦ
470 4407 565 4458 καὶ
592 4409 652 4458 τδ
678 4407 912 4476 ἄναρχον
941 4407 1036 4460 καὶ
1087 4406 1255 4459 πολλὰ
1287 4407 1452 4478 ἕτερα
1484 4409 1642 4462 οὐσία
1685 4411 1922 4466 ἔσονται.

775 4516 876 4570 Ἐκ
915 4517 1019 4570 τεῦ
1057 4516 1245 4570 αὐτοῦ
1285 4520 1497 4586 λόγου.

2342 3865 2423 3919 Ea:
2453 3868 2632 3920 eodem
2657 3866 2814 3929 libro,
2858 3864 2932 3919 De
2963 3863 3222 3933 ingenito.

2097 3954 2153 4009 Si
2215 3958 2508 4022 Ingenilus,
2548 3968 2607 4012 ut
2667 3973 2696 4011 a
2736 3957 2921 4027 genito
2951 3954 3326 4023 distinguitur,
3369 3963 3605 4007 essentta

2026 4057 2142 4112 est;
2179 4056 2231 4102 et
2269 4049 2565 4113 iucreatus,
2613 4058 2672 4104 ut
2713 4064 2743 4102 a
2779 4059 2961 4114 creato
3008 4057 3311 4116 separatur,
3370 4042 3604 4100 essentia

2027 4149 2132 4204 est,
2170 4148 2224 4194 et
2245 4138 2524 4207 ingenitus
2549 4140 2652 4194 erit
2677 4139 2937 4202 essentia,
2967 4148 3020 4192 et
3041 4138 3317 4192 inci-catus
3343 4134 3602 4194 essentia,

2029 4239 2191 4298 atque
2223 4231 2291 4283 ita
2318 4246 2422 4284 non
2472 4247 2575 4285 una
2617 4233 2721 4286 erit
2774 4232 3012 4286 essentia
3081 4230 3240 4292 Deus,
3305 4228 3398 4281 sed
3458 4225 3600 4279 dure.

2027 4321 2266 4389 Itemque
2299 4331 2357 4375 ut
2391 4323 2772 4389 immutabilis,
2809 4333 2862 4375 ut
2884 4322 3204 4390 principium
3240 4335 3343 4374 non
3375 4319 3602 4382 habens,

2028 4427 2083 4471 ut
2115 4418 2217 4472 alia
2256 4419 2446 4482 multa,
2477 4421 2674 4475 multas
2707 4420 2926 4473 habebit
2953 4417 3243 4473 essentias.

2547 4509 2629 4563 Ea:
2663 4515 2838 4563 eodem
2876 4509 3032 4562 libro.

415 4607 479 4660 Ei
510 4609 804 4678 ἀγέννητον
835 4609 924 4660 τὸν
965 4609 1205 4677 Πατέρα,
1245 4611 1338 4663 καὶ
1371 4577 1632 4677 γεννητὸν
1665 4611 1756 4664 τὸν
1791 4610 1911 4664 Tib»

2099 4601 2154 4655 Si
2185 4601 2229 4655 is
2271 4599 2364 4670 qui
2405 4602 2620 4656 Patrem
2651 4603 2970 4672 ingenitum,
2993 4609 3046 4656 et
3101 4599 3293 4654 Filium
3369 4600 3604 4667 genitum

333 4699 514 4751 εἰπών
567 4716 669 4761 τις,
719 4701 819 4760 τὰς
873 4699 1060 4762 οὐσίας
1113 4700 1371 4771 ἐδήλωσε,
1429 4702 1520 4755 τὸν
1569 4705 1767 4771 τρόπον
1818 4703 1920 4772 τῆς

335 4791 628 4857 ὑπάρξεως
663 4791 842 4845 αὐτῶν
873 4793 1047 4845 εἰπεῖν
1073 4809 1153 4854 τις
1191 4793 1444 4862 θελήσας,
1482 4793 1596 4856 πῶς
1627 4795 1692 4847 ἂν
1720 4794 1921 4865 ἑτέρως

333 4883 518 4934 εἰπεῖν
546 4883 834 4951 δυνήσεται
865 4885 896 4957 ἢ
922 4881 1094 4946 οὕτως
1119 4899 1133 4947 ;
1171 4884 1490 4954 ’Υπάρξεως
1515 4881 1608 4958 οὖν
1635 4883 1834 4954 τρόπος
1862 4886 1922 4938 τὸ

331 4975 662 5041 ἀγέννητος,
699 4977 791 5027 καὶ
820 4977 921 5028 οὐκ
949 4975 1136 5037 οὐσίας
1168 4976 1360 5044 ὄνομα.
1400 4977 1459 5028 Εἰ
1486 4977 1541 5028 δὲ
1572 4980 1636 5030 τὰ
1665 4977 1921 5045 διάφορον

336 5067 448 5134 τὴν
477 5063 710 5136 ὕπαρξιν
734 5068 828 5120 τοῦ
861 5065 1002 5122 εἶναι
1034 5067 1224 5138 ἔχοντα
1272 5069 1529 5138 διάφορον
1559 5068 1672 5139 ἔχει
1703 5071 1794 5121 καὶ
1824 5069 1924 5140 τὴν

338 5155 557 5221 οὐσίαν,
603 5159 722 5210 οὐδὲ
780 5160 828 5210 oi
885 5160 1168 5232 ἄνθρωποι
1229 5162 1522 5230 ὁμοούσιοι.
1587 5161 1752 5230 Ἀλλη
1816 5162 1925 5232 γάρ

340 5245 582 5316 ὓπαρξις
627 5248 798 5317 Ἀδὰμ
821 5251 884 5302 ὲκ
912 5250 1017 5317 γῆς
1059 5251 1412 5314 πλασθέντος,
1443 5251 1576 5319 ἄλλη
1601 5251 1657 5304 δὲ
1691 5250 1834 5314 Εὔας
1863 5255 1926 5304 ὲκ

341 5342 590 5407 πλευρᾶς
623 5344 950 5412 γενομένης,
987 5343 1122 5413 ἄλλη
1161 5344 1216 5397 δὲ
1256 5344 1440 5410 Ἅϐελ,
1483 5348 1547 5398 ἐκ
1583 5345 1925 5415 συνδυασμοῦ

339 5433 458 5501 γάρ
485 5448 500 5464 θ
534 5432 666 5502 άλλη
703 5435 762 5486 δὲ
794 5436 888 5487 τοῦ
922 5438 985 5486 ὲκ
1015 5437 1260 5505 Μαρίας,
1289 5438 1352 5487 ἐκ
1385 5437 1657 5504 παρθένου
1681 5438 1800 5506 γάρ
1834 5439 1926 5506 μό·

339 5539 467 5591 νης.
536 5524 811 5589 Ὡσαύτως
863 5526 919 5579 δὲ
977 5530 1072 5579 καὶ
1127 5529 1220 5580 ἐπὶ
1275 5529 1383 5579 τῶν
1443 5529 1662 5600 πτηνῶν
1715 5546 1773 5582 τε
1831 5531 1926 5584 καὶ

335 5616 716 5683 τετραπόδων.

417 5732 431 5760 ¹
464 5729 634 5786 Exod.
666 5747 746 5788 III.
778 5733 860 5785 Η.
940 5736 958 5765 ²
997 5733 1148 5785 Joztn.
1192 5736 1306 5793 1.Ι.

341 5809 363 5840 ⁸
399 5801 632 5873 l’htlipp.
691 5808 821 5868 tt,b,
899 5806 917 5834 ⁹
953 5803 1103 5858 lieni.
1156 5819 1231 5870 ιι,
1260 5806 1312 5860 5.

1388 5734 1558 5790 'ibid.
1602 5735 1681 5788 l3.
1761 5736 1916 5793 ’ihitl
1979 5733 2062 5789 18.

2021 4691 2171 4757 dicit,
2197 4692 2466 4747 essentias
2520 4695 2779 4755 ostendit,
2819 4694 2886 4759 is,
2916 4694 3008 4763 qui
3059 4708 3249 4747 eorum
3307 4691 3604 4745 exsistcndi

2023 4785 2240 4840 modum
2291 4784 2432 4841 volet
2459 4786 2753 4850 declarare,
2787 4801 3022 4855 quonam
3087 4785 3193 4837 alio
3252 4793 3406 4851 pacto
3459 4781 3608 4847 loqui

2023 4878 2268 4947 poterit?
2307 4879 2579 4948 lngenitus
2612 4877 2908 4933 exsistendi
2951 4875 3212 4930 rationem
3249 4874 3470 4936 indicat,
3499 4887 3606 4927 non

2022 4982 2204 5024 autem
2239 4982 2322 5024 eet
2349 4987 2542 5027 nomen
2572 4971 2843 5026 essentia}.
2879 4968 3031 5035 Quod
3085 4968 3128 5021 si
3153 4982 3217 5021 ea
3275 4981 3394 5036 qua:
3428 4966 3608 5019 diver-

2025 5078 2140 5116 sam
2171 5063 2467 5117 exsistendi
2499 5064 2764 5115 rationem
2793 5060 3014 5123 habent,
3045 5059 3314 5114 diversam
3357 5059 3605 5114 obtinent

2025 5157 2190 5210 etiam
2233 5156 2528 5210 essentiam
2557 5193 2570 5219 ,
2638 5169 2738 5208 nec
2777 5153 3026 5209 homines
3065 5152 3305 5220 ejusdem
3355 5153 3604 5206 essentia:

2025 5257 2170 5301 sunt.
2193 5247 2308 5299 Alia
2333 5246 2475 5298 enim
2498 5255 2582 5299 est
2601 5244 2896 5299 exsisteudi
2926 5245 3060 5298 ratio
3077 5245 3205 5299 Ade:
3226 5259 3290 5296 cx
3313 5252 3453 5296 terra
3480 5257 3609 5295 con-

2028 5341 2164 5404 ﬂati,
2189 5340 2290 5392 alia
2323 5340 2447 5393 Eva:
2482 5353 2547 5391 ex
2572 5346 2720 5392 costa
2743 5336 3006 5401 formatur,
3028 5336 3130 5389 alia
3148 5335 3330 5388 Abelis
3346 5348 3410 5385 ex
3443 5331 3609 5386 maris

2030 5443 2085 5486 et
2110 5431 2322 5484 feminae
2351 5430 2735 5498 conjunctione
2763 5429 2897 5494 uati,
2957 5428 3058 5481 alia
3085 5425 3294 5479 Domini
3340 5438 3405 5476 ex
3439 5422 3608 5478 Maria

2033 5524 2252 5592 Virgine
2273 5522 2400 5575 orti.
2437 5520 2579 5575 Idem
2613 5521 2776 5575 etiam
2809 5521 2878 5575 de
2929 5517 3235 5574 volatilibus
3293 5525 3341 5570 et
3370 5516 3611 5584 quadru-

2032 5614 2257 5685 pedibus
2302 5611 2555 5681 intelligo.

2177 5733 2197 5764 '
2231 5731 2384 5809 leae.
2413 5746 2494 5796 tu,
2559 5730 2647 5784 15.
2760 5729 2780 5759 ⁸
2807 5729 2974 5798 Apoc.
3007 5743 3045 5796 t,
3100 5728 3152 5784 8.
3231 5729 3252 5761 ⁷
3289 5727 3452 5783 Hebr.
3485 5744 3523 5794 l,
3549 5727 3606 5784 3.
