4026 6290
493 314 605 379 539

1018 436 1101 490 Ea:
1145 438 1323 491 eodem
1355 437 1506 493 libro.

564 528 623 584 Si
655 527 727 594 id,
755 530 898 597 quod
929 529 1046 584 ﬁeri
1078 530 1282 598 nequit,
1306 531 1373 595 ei,
1395 534 1533 601 quod
1567 533 1682 589 ﬁeri
1714 542 1912 604 potest,
1938 549 2074 591 con-

492 618 722 672 trarium
755 628 857 682 est,
888 627 942 673 et
986 620 1245 685 insipiens
1310 622 1614 692 insipienti,
1644 635 1698 680 et
1739 641 2075 697 quascunque

492 711 680 765 eodem
710 720 866 781 pacto
897 713 1319 781 distinguuntur,
1362 714 1504 769 inter
1535 732 1594 772 se
1627 720 1899 773 contraria
1927 729 2073 786 sunt,

490 804 787 871 ingenitum
816 803 979 857 etiam
1030 804 1210 872 genito
1254 807 1585 860 contrarium
1632 808 1758 874 erit,
1802 819 1859 862 et
1917 807 2078 862 Pater

1735 320 2122 383 EUTHYMII
2160 322 2518 387 ZlGABENI
3617 332 3705 398 510

2109 447 2160 504 Δ

2621 447 2722 501 Ἐκ
2760 445 2867 500 τοῦ
2900 443 3089 500 αὐτοῦ
3124 444 3329 515 λόγου.

2256 541 2319 594 El
2342 541 2403 594 τὸ
2422 538 2683 595 ἀδύνατον
2712 540 2956 594 ἐναντίον
2984 538 3061 609 τῷ
3082 538 3315 609 δυνατῷ,
3348 539 3510 595 καὶτὸ
3535 543 3710 615 ἁσοφον

2184 630 2262 703 τῷ
2304 632 2484 705 σοφῷ,
2523 635 2619 687 καὶ
2650 633 2830 687 πάντα
2861 634 2931 685 τὰ
2962 630 3494 703 ἀντιδιαστελλόμενα
3520 635 3711 693 ἐναντία

2185 725 2463 796 ἀλλήλοις,
2510 723 2757 779 ἐναντίον
2801 724 2898 777 καὶ
2929 723 2990 775 τὸ
3024 721 3322 791 ἀγέννητον
3366 723 3441 794 τῷ
3481 731 3712 798 γεννητῷ.

2200 815 2477 878 Ἐναντίος
2502 810 2596 868 οὖν
2614 816 2642 868 6
2670 812 2860 884 Πατὴρ
2883 812 2962 882 τῷ
2987 813 3102 881 Υἱῷ
3132 813 3254 867 κατ’
3278 813 3479 880 οὐσίαν,
3505 817 3554 871 εί
3572 833 3627 887 γε
3652 818 3716 889 μὴ

494 894 653 949 Filio.
694 893 849 959 Quod
892 895 1108 963 quidem
1158 908 1496 965 sequeretur,
1528 899 1572 953 si
1617 894 1919 969 ingenitum
1972 915 2077 954 non

2194 908 2384 979 τρόπος
2413 905 2701 976 ὑπάρξεως
2732 906 2794 959 τὸ
2812 905 3132 976 ἀγέννητον,
3164 905 3280 960 ἀλλ’
3305 906 3474 963 οὐσία.

472 986 788 1062 ὶ(ξιιειίειειιάί
818 987 1063 1051 modum,
1090 989 1184 1042 sed
1214 990 1509 1044 essentiam
1538 990 1893 1062 signiﬁcaret.

980 1078 1066 1133 Ea:
1100 1080 1280 1135 eodem
1312 1081 1469 1137 libro.

462 1170 481 1247 -ι
570 1170 626 1224 Si
654 1171 825 1225 Filius
851 1180 1070 1227 creatus
1102 1182 1209 1240 est,
1234 1189 1341 1228 non
1373 1186 1554 1231 autem
1603 1179 1839 1247 genitus,
1890 1188 1946 1235 et
1993 1194 2082 1235 res

472 1266 625 1333 fitem
656 1279 851 1320 omnes
877 1276 1070 1321 creata
1089 1276 1238 1332 sunt,
1268 1265 1475 1322 frustra
1503 1267 1666 1323 Pater
1692 1281 1914 1324 vocatur
1936 1272 2082 1342 inge-

462 1344 665 1424 ’nitus,
699 1376 819 1416 cum
851 1362 1066 1431 genitus
1097 1376 1206 1415 non
1249 1362 1412 1431 adsit,
1450 1364 1669 1434 quicum
1730 1374 2080 1434 comparatus

494 1457 775 1521 ingenitus
800 1456 1121 1526 appelletur.
1144 1455 1327 1527 Itaque
1351 1459 1843 1515 rectiusincreatus
1865 1460 2079 1516 dicere-

493 1555 583 1600 tur
637 1563 799 1616 quam
836 1548 1130 1617 ingenitus.
1166 1547 1224 1603 Si
1250 1550 1401 1603 enim
1435 1550 1712 1621 ingenitus
1749 1566 1947 1607 nomen
1977 1562 2080 1617 esst,

496 1653 602 1692 non
640 1640 898 1693 essentia.
956 1639 1187 1694 Nomina
1236 1640 1381 1694 enim
1434 1643 1701 1697 essentias
1749 1642 2079 1712 significant,

495 1745 601 1785 non
632 1741 813 1785 autem
853 1732 969 1796 ipsa
997 1741 1125 1785 sunt
1172 1733 1442 1789 essentia.
1492 1733 1645 1799 Quod
1692 1734 1736 1788 si
1779 1735 2080 1801 ingenitum

495 1824 682 1878 dicunt
706 1825 994 1879 essentiam
1025 1840 1167 1893 esse,
1198 1825 1370 1895 ipsius
1406 1823 1642 1879 atIerant
1690 1840 1917 1881 nomen.
1968 1827 2087 1882 Non
2118 1807 2162 1862 Β

496 1918 641 1971 enim
702 1932 768 1971 ex
829 1919 1090 1984 essentia,
1151 1919 1244 1972 sed
1272 1933 1338 1973 ex
1377 1920 1599 1973 nomine
1647 1917 1964 1989 actioneque
2000 1935 2089 1977 res

496 2012 897 2080 cognoscimus,
952 2026 1047 2068 eas
1110 2007 1413 2083 praesertim
1472 2027 1595 2082 quae
1653 2012 1898 2081 corporis
1959 2024 2090 2068 sunt

495 2113 770 2173 expertes.

1142 2195 1226 2251 Εα
1260 2196 1463 2250 eodem.

570 2291 626 2345 Si
641 2290 913 2360 ingenitus
934 2296 1019 2345 est
1043 2303 1239 2345 nomen
1258 2290 1510 2344 essentia:
1539 2288 1654 2350 Dei,
1679 2296 1769 2342 aut
1793 2286 2089 2344 essentiam

495 2396 830 2449 cognoscens
873 2395 1028 2436 suam
1087 2380 1230 2435 Deus
1278 2382 1533 2435 essentia:
1576 2395 1769 2434 nomen
1799 2376 2088 2448 ignoravit,

495 2483 591 2527 aut
635 2487 836 2528 nomen
864 2472 1026 2528 etiam
1059 2471 1238 2526 sciens
1269 2473 1555 2526 audientes
1586 2470 1801 2538 decepit
1828 2486 1841 2521 :
1900 2466 2090 2521 Domi-

495 2585 592 2622 nus
637 2568 776 2621 enim
826 2565 1175 2633 omnipotens,
1222 2564 1417 2634 inquit,
1474 2572 1552 2617 est
1598 2578 1789 2616 nomen
1832 2577 2005 2615 meum
2045 2560 2087 2611 ί.

496 2659 564 2713 Ει
594 2657 726 2712 Mosi
752 2656 1016 2725 quaerenti
1042 2670 1239 2709 nomen
1270 2655 1439 2723 ipsius
1478 2652 1664 2721 :‘Ego,
1709 2651 1906 2719 inquit,
1944 2666 2083 2713 sum,

493 2752 582 2820 qui
612 2766 728 2802 sum
757 2751 798 2802 ².
838 2748 905 2801 Ει
937 2733 1155 2799 iursum
1199 2764 1213 2799 :
1260 2746 1422 2810 Deus,
1469 2745 1667 2814 inquit,
1718 2743 2012 2804 Abraham,
2042 2750 2091 2794 et

492 2846 636 2898 Deus
674 2841 852 2906 Isaac,
898 2852 946 2895 et
982 2840 1119 2893 Deus
1148 2838 1341 2904 Iacob,
1393 2838 1486 2891 hoc
1519 2838 1644 2891 mihi
1695 2853 1882 2891 nomen
1936 2847 2093 2890 ater-

492 2954 617 2993 num
643 2937 686 2990 ³.
712 2936 775 2989 Et
798 2933 998 2989 David:
1020 2930 1298 2997 Dominus,
1325 2932 1498 2999 inquit
1525 2969 1539 2997 ,
1572 2938 1647 2983 est
1692 2945 1879 2983 nomen
1902 2928 2016 2997 ejus
2047 2927 2089 2981 ‘.

492 3031 800 3101 lngenitum
830 3036 1010 3082 autem
1046 3040 1167 3080 esse
1196 3039 1389 3078 nomen
1424 3023 1567 3078 illius
1621 3037 1719 3077 nec
1772 3024 1888 3090 ipse
1929 3019 2087 3083 dixit,

490 3137 593 3177 nec
629 3121 768 3175 ullus
792 3126 1102 3174 sanctorum
1124 3116 1425 3170 hominum.
1457 3114 1611 3181 Quod
1645 3114 1687 3166 si
1720 3127 1896 3180 neque
1936 3112 2092 3166 dece-

490 3214 591 3283 pit,
632 3225 810 3279 neque
842 3208 1112 3277 ignoravit
1159 3207 1234 3279 (id
1270 3207 1413 3260 enim
1444 3205 1594 3259 nefas
1625 3214 1708 3259 e-t
1750 3204 1977 3270 dicere),
2010 3202 2093 3256 in-

493 3304 710 3375 genitus
761 3317 866 3355 non
894 3309 979 3355 est
1010 3314 1209 3354 nomen
1239 3299 1375 3367 ejus.

1072 3391 1156 3444 Ea:
1186 3390 1387 3444 eodem.

565 3488 842 3557 Iugeuitus
859 3495 950 3539 aut
974 3482 1231 3549 essentia,
1263 3491 1354 3534 aut
1375 3480 1626 3534 accidens
1651 3488 1754 3544 est,
1778 3478 1914 3533 nihil
1942 3479 2084 3533 enim

493 3578 641 3633 aliud
679 3590 800 3631 esse
837 3582 1034 3645 potest.
1086 3568 1331 3626 Essentia
1381 3583 1487 3628 non
1530 3578 1611 3624 est
1642 3608 1658 3635 ,
1693 3570 1911 3638 quando
1943 3585 2009 3624 ne
2034 3568 2091 3623 id

494 3668 739 3739 quidem,
792 3664 933 3734 quod
964 3664 1033 3720 ab
1077 3676 1143 3717 eo
1177 3658 1493 3715 distinctum
1542 3659 1591 3713 ei
1629 3672 1695 3714 ex
1749 3657 1921 3714 altera
1948 3668 2099 3728 parte

496 3760 806 3829 respondet,
840 3771 1030 3824 nempe
1058 3754 1296 3827 genitus,
1321 3767 1427 3806 non
1461 3759 1543 3807 est
1568 3751 1830 3806 essentia.
1864 3750 2095 3807 Gt-nitus

495 3853 639 3906 enim
668 3851 872 3904 dicitur
908 3847 1108 3914 Filius,
1151 3860 1259 3899 non
1292 3853 1566 3914 quatenus
1596 3842 1837 3898 essentia
1868 3853 1975 3909 est,
1995 3844 2092 3898 sed

495 3948 767 4012 quatenus
816 3939 1075 4011 gignitur.
1124 3935 1218 3991 Sin
1276 3946 1362 3990 est
1415 3936 1693 3999 accidens,
1754 3943 1847 3988 aut
1893 3942 2087 3989 natura

495 4035 864 4103 coniunctum,
897 4041 990 4087 aut
1018 4029 1305 4102 ejusmodi,
1332 4038 1391 4083 ut
1423 4029 1618 4084 adesse
1638 4029 1809 4097 possit
1853 4035 1910 4082 et
1933 4026 2093 4081 abes-

497 4144 578 4183 se.
632 4125 688 4181 Si
739 4136 929 4180 naturn
998 4122 1372 4191 coniunctum,
1435 4133 1663 4175 necesse
1694 4128 1779 4173 est
1837 4116 1972 4185 Deo,
2031 4126 2091 4171 ut

498 4221 764 4281 essentia,
818 4227 872 4271 ct
928 4216 1183 4269 accidens
1233 4214 1305 4267 sit
1359 4229 1375 4266 :
1426 4211 1736 4268 necessario
1776 4210 2091 4266 enimehac

498 4312 753 4366 accidunt
793 4309 905 4362 illis
953 4307 1150 4376 quibus
1201 4306 1479 4360 accidunt.
1528 4305 1622 4357 Sin
1683 4303 1971 4372 ejusmodi,
2030 4312 2091 4358 ut

498 4406 690 4458 adesse
719 4400 892 4471 possit
914 4410 968 4453 et
994 4400 1212 4465 abesse,
1246 4399 1354 4452 erit
1388 4407 1443 4453 et
1470 4397 1739 4467 ingenitus
1769 4395 2089 4466 aliquando,

497 4494 817 4564 eLgeuitus.

457 4629 467 4663 τ
1067 4581 1154 4636 Ea:
1184 4582 1389 4638 eodem.

456 4666 473 4723 ἲ
570 4677 912 4749 Siingeuitus
940 4691 1044 4730 non
1076 4684 1156 4729 est
1184 4684 1378 4727 nomen
1406 4669 1677 4732 essentia,
1704 4668 1798 4722 sed
1822 4666 2090 4734 essentia,

2623 1093 2727 1149 Ἐκ
2763 1094 2872 1149 τοῦ
2909 1091 3099 1149 αὐτοῦ
3135 1092 3343 1160 λόγου.

2262 1187 2326 1242 El
2360 1188 2592 1259 κτίσμα,
2627 1188 2723 1241 καὶ
2754 1187 2815 1240 οὐ
2844 1189 3092 1257 γέννημα
3123 1186 3152 1239 6
3191 1182 3342 1246 Υἱὸς,
3375 1181 3465 1237 καὶ
3495 1181 3655 1236 πάντα
3676 1181 3727 1237 δὶ

2188 1282 2257 1336 τὰ
2274 1282 2402 1336 ὄντα
2430 1265 2732 1352 κτίᾶματα,
2761 1279 2938 1350 μάτην
2956 1280 3252 1348 ἀγέννητος
3270 1278 3297 1330 6
3324 1275 3502 1345 Πατὴρ
3519 1273 3728 1342 λέγεται,

2187 1378 2289 1431 οὐκ
2311 1375 2464 1438 ὐντος
2493 1373 2629 1436 ὅλως
2656 1373 3023 1443 γεννήματος,
3055 1370 3193 1442 πρὸς
3212 1369 3241 1422 ὃ
3261 1369 3505 1423 καλεῖται
3529 1368 3730 1440 ἀγέννηυ

2187 1486 2299 1531 τος.
2331 1466 2681 1536 Δικαιότερον
2714 1458 2808 1518 οὖν
2842 1463 3120 1527 ἄκτιστος,
3151 1462 3185 1532 ἢ
3222 1460 3516 1530 ἀγέννητος
3544 1460 3730 1528 λέγοιτο

2189 1560 2275 1614 ἄν.
2307 1559 2378 1613 Τὸ
2408 1558 2518 1628 γὰρ
2547 1556 2841 1625 ἁγέννητος
2869 1555 2918 1607 εί
2948 1553 3138 1623 ὄνομα,
3173 1552 3273 1605 οὐκ
3303 1552 3477 1605 οὐσία.
3504 1549 3614 1605 Τῶν
3642 1552 3733 1620 γὰρ

2188 1651 2385 1707 οὐσιῶν
2412 1646 2720 1721 σημαντικὰ
2747 1646 2815 1701 τὰ
2842 1645 3104 1716 ὀνόματα,
3130 1645 3230 1699 οὐκ
3259 1643 3397 1698 αὐτὰ
3423 1642 3589 1696 οὐσία.
3614 1643 3666 1695 El
3691 1642 3737 1694 δὲ

2190 1742 2323 1797 αὐτὸ
2347 1741 2505 1794 οὐσία
2532 1740 2595 1792 τὸ
2617 1737 2933 1807 ἁγέννητος,
2957 1736 3274 1804 λεγέτωσαν
3298 1735 3355 1787 τὸ
3382 1734 3546 1803 ὄνομα
3570 1732 3735 1800 αὐτῆ;.

2191 1836 2268 1889 Οὐ
2331 1834 2441 1903 γὰρ
2491 1834 2555 1886 ὲκ
2610 1832 2718 1885 τῶν
2776 1833 2999 1901 οὐσιῶν⁹
3049 1831 3168 1884 ἀλλ’
3219 1831 3287 1882 ὲκ
3335 1827 3441 1880 τῶν
3492 1826 3738 1894 ὀνομάτων

2190 1927 2287 1979 καὶ
2341 1925 2448 1979 τῶν
2504 1925 2795 1994 ἐνεργειῶν
2848 1924 3218 1993 γνωρίζομεν,
3272 1919 3368 1975 καὶ
3426 1918 3645 1976 μάλιστα
3687 1915 3745 1967 τὰ

2190 2017 2480 2088 ἀσώματα.

2732 2178 2834 2232 Ἐκ
2885 2175 2994 2230 τοῦ
3032 2173 3246 2229 αὐτοῦ.

2260 2277 2325 2329 Εἰ
2380 2274 2444 2329 τὸ
2500 2272 2796 2342 ἀγέννητος
2851 2270 3026 2338 ὄνομα
3072 2266 3174 2336 τῆς
3220 2266 3416 2329 οὐσίας
3467 2262 3560 2318 τοῦ
3607 2258 3749 2326 Θεοῦ,

2192 2370 2226 2436 ἢ
2264 2368 2365 2436 τὴν
2399 2367 2589 2420 οὐσίαν
2619 2363 2777 2427 εἰδὼς
2807 2362 2906 2433 τὴν
2940 2362 3078 2414 ἰδίαν
3131 2364 3159 2413 ὁ
3191 2360 3329 2421 Θεὸς
3361 2360 3422 2412 τὸ
3455 2358 3618 2426 δνομα
3664 2354 3750 2423 τῆς

2190 2461 2377 2523 οὐσίας
2402 2450 2692 2529 ⁴Ιγγνόησεν,
2726 2456 2758 2523 ἢ
2795 2458 2889 2508 καὶ
2915 2455 2976 2507 τὸ
3010 2454 3180 2523 ὄνομα
3208 2451 3371 2514 εἰδὼς
3401 2450 3521 2512 τοὺς
3551 2447 3754 2501 ἀκούον-

2190 2569 2290 2616 τας
2342 2550 2616 2621 ἡπάτησε.
2674 2548 2892 2615 Κύριος
2941 2545 3073 2613 γὰρ,
3148 2544 3326 2612 φησι,
3358 2538 3755 2609 παντοκράτωρ

2192 2643 2382 2712 ὄνομα
2404 2658 2543 2712 μου.
2573 2640 2682 2695 Καὶ
2711 2638 2865 2709 παρὰ
2890 2636 3134 2698 Μωσέως
3166 2633 3490 2705 ἐρωτηθεὶς,
3523 2631 3575 2685 τί
3604 2631 3753 2698 ὄνομα

2191 2735 2338 2805 αὐτῷ
2359 2776 2373 2799 ,
2410 2735 2596 2803 φησιν,
2650 2730 2801 2800 Ἐγώ
2836 2732 2954 2798 ειμι
2982 2720 3014 2783 ὀ
3040 2728 3146 2782 ὢν.
3174 2729 3291 2781 Καὶ
3321 2726 3502 2790 πάλιν,
3542 2725 3594 2777 '0
3631 2723 3755 2787 Θεὸς

2204 2828 2435 2889 Ἰσαὰκ,
2485 2824 2586 2879 καὶ
2638 2826 2671 2877 ὁ
2716 2823 2859 2888 Θεὸς
2919 2819 3151 2884 Ἰακὼϐ,
3203 2818 3391 2873 τοῦτό
3441 2834 3539 2882 μοι
3591 2815 3756 2883 ὄνομα

2192 2921 2453 2975 αἰώνιον.
2489 2918 2600 2971 Καὶ
2629 2918 2658 2970 6
2685 2917 2871 2982 Δαδὶδ,
2910 2917 3123 2982 Κύριος
3151 2915 3347 2983 ὄνομα
3373 2911 3554 2978 αὐτῷ.
3590 2910 3757 2978 ’Δγέν-

2193 3030 2352 3081 νητον
2374 3012 2431 3064 δὲ
2451 3010 2625 3080 ὄνομα
2648 3008 2774 3063 οὐτε
2815 3008 2979 3071 αὐτὸς
3003 3007 3204 3077 ἑαυτῷ,
3226 3006 3356 3060 οὐτε
3382 3024 3465 3070 τις
3481 3004 3584 3059 τῶν
3605 3001 3759 3071 ἁγίων

2195 3105 2439 3175 εἴρηκεν.
2480 3103 2542 3156 Et
2570 3102 2628 3156 δὲ
2657 3101 2782 3155 οὐτε
2812 3100 3097 3171 ἠπάτησεν
3118 3138 3134 3163 ,
3165 3097 3296 3153 οὐτε
3323 3099 3614 3170 ἠγνόησεν,
3644 3096 3759 3150 ἀσε-

2196 3199 2290 3263 ϐὲς
2323 3197 2429 3266 γάρ
2458 3213 2512 3252 τι
2555 3194 2764 3249 τούτων
2796 3195 2974 3247 εἰπεῖν
2997 3234 3012 3259 ,
3046 3193 3107 3246 τὸ
3145 3191 3446 3263 ἀγέννητος
3480 3191 3580 3244 οὐκ
3604 3187 3759 3257 ὄνομα

2196 3292 2385 3345 αὐτοῦ.

2733 3381 2836 3435 Ἕκ
2876 3380 2983 3435 τοῦ
3024 3379 3171 3433 αὐτο
3181 3377 3234 3432 ὗ.

2265 3477 2340 3530 Τὸ
2367 3477 2664 3547 ἀγέννητος
2693 3474 2909 3547 ἣούσία
2940 3474 3113 3536 ἐστὶν,
3142 3472 3175 3544 ἢ
3209 3466 3605 3543 συμόεόηκὸς.’
3624 3466 3766 3536 Παρὰ

2192 3569 2367 3623 ταῦτα
2399 3569 2506 3639 γὰρ
2545 3568 2646 3620 οὐκ
2678 3566 2744 3621 ἂν
2775 3566 2884 3635 εἴη.
2921 3563 3049 3617 Ἀλλ
3088 3562 3250 3616 οὐσία
3296 3563 3399 3633 μὲν
3442 3561 3544 3616 οὐκ
3589 3559 3721 3612 ἐστιν
3748 3574 3762 3589 ο

2194 3659 2320 3714 οὐτε
2358 3659 2466 3730 γὰρ
2507 3659 2567 3711 τὸ
2591 3655 3164 3725 ἀντιδιαστελλὸμενον
3184 3654 3364 3725 αὐτῷ’
3396 3652 3650 3722 γεννητὸς
3670 3648 3769 3717 γὰρ

2196 3757 2223 3808 6
2271 3752 2421 3815 Υἱὸς,
2456 3752 2515 3805 οὐ
2547 3751 2683 3805 καθὸ
2708 3750 2888 3816 οὐσία,
2926 3748 3066 3805 ἀλλὰ
3107 3748 3247 3803 καθὸ
3287 3747 3595 3818 ὲγεννήθη’
3640 3743 3686 3796 εί
3719 3740 3769 3793 δὲ

2198 3846 2573 3917 συμὸεὸηκὸς,
2608 3844 2642 3915 ἢ
2671 3842 3115 3915 συμπέφυκεν,ἢ
3168 3842 3457 3912 ἐνδέχεται
3522 3838 3773 3909 ὑπάρχειν

2200 3942 2295 3995 καὶ
2328 3938 2403 4010 μὴ
2435 3938 2722 4009 ὑπάρχειν.
2767 3935 2909 3992 Ἀλλ’
2944 3937 2994 3988 εί
3029 3934 3129 4006 μὲν
3158 3933 3549 4005 συμπέφυκεν,
3576 3932 3773 3996 ἀνάγκη

2196 4031 2274 4102 τῷ
2306 4030 2430 4100 Θεῷ
2459 4030 2554 4083 καὶ
2582 4028 2762 4096 οὐσία,
2797 4027 2892 4083 καὶ
2928 4026 3285 4098 συμὸεϐηκὸς
3317 4020 3467 4079 εἶναι
3487 4042 3501 4056 ·
3539 4023 3596 4089 ἐξ
3623 4019 3775 4086 ἀνάγ-

2194 4141 2297 4196 κης
2319 4123 2426 4193 γὰρ
2453 4123 2523 4177 τὰ
2552 4121 2777 4177 τοιαῦτα
2808 4121 3097 4190 συμϐαίνει
3127 4113 3629 4191 οἷς’συμ6ἐ6ηκεν·
3660 4111 3773 4166 εἰδὲ

2193 4216 2582 4287 ἐνδεχομένως,
2632 4215 2787 4269 ἔσται
2842 4215 2937 4269 καὶ
2988 4214 3288 4284 ἁγέννητός
3344 4229 3483 4267 ποτε
3536 4210 3631 4266 καὶ
3665 4224 3776 4277 γενυ

2195 4308 2378 4379 νητός.

2740 4558 2843 4610 Ἐκ
2884 4554 2991 4610 τοῦ
3029 4553 3241 4608 αὑτοῦ.

2266 4655 2328 4709 Εἰ
2355 4653 2415 4707 τὸ
2437 4651 2731 4721 ἀγέννητος
2755 4649 2857 4701 οὐκ
2880 4648 3049 4715 ὄνομα
3067 4647 3278 4708 οὐσίας,
3309 4643 3435 4700 ἀλλ’
3456 4643 3592 4697 αὐτὸ
3611 4638 3775 4700 οὐσία,

570 4722 911 4749 ν....ο-...-.--
941 4722 1044 4730 η---
1079 4722 1155 4729 ---
2074 4722 2088 4734 ,

498 4783 553 4826 et
583 4770 749 4827 Filius
811 4768 897 4825 est
924 4766 1188 4833 essentia,
1258 4762 1539 4834 ingenitus
1568 4773 1622 4816 et
1651 4758 1826 4814 Filius
1882 4766 1989 4825 est,
2037 4770 2088 4816 et

2194 4747 2349 4801 οὐσία
2370 4747 2427 4799 δὲ
2457 4746 2551 4799 καὶ
2575 4746 2603 4797 6
2626 4743 2774 4806 Υἱὸς,
2820 4740 3115 4809 ἁγέννητος
3142 4740 3235 4792 καὶ
3268 4740 3298 4793 6
3324 4738 3489 4805 Υἱὸς,
3516 4722 3613 4790 καὶ
3638 4731 3773 4784 πᾶσα

497 4861 674 4918 omnis
709 4861 943 4917 essentia
975 4868 1057 4915 est
1087 4856 1347 4928 ingenita.

1072 4952 1157 5006 Ea:
1195 4951 1400 5005 eodem.

575 5047 633 5102 Si
675 5045 977 5114 ingenitum
1014 5058 1138 5099 esse
1185 5052 1267 5097 est
1297 5040 1536 5097 essentia
1564 5037 1699 5105 Dei,
1734 5047 1790 5093 et
1849 5037 2089 5108 genitum

502 5154 624 5196 esse
649 5149 733 5194 est
768 5136 1002 5195 essentia
1039 5134 1444 5199 Filii,esseutia
1496 5132 1617 5202 ejus
1664 5146 1772 5187 non
1827 5139 1911 5185 est
1970 5142 2093 5184 esse

502 5242 768 5294 creatum,
803 5246 902 5286 nec
935 5228 1161 5285 factum.
1193 5227 1366 5282 Filius
1390 5227 1535 5282 enim
1583 5234 1668 5281 est
1692 5224 1923 5280 essentia
1963 5237 2093 5287 una,

504 5320 612 5381 non
644 5326 853 5394 plures.

1106 5411 1191 5465 Ex
1219 5411 1421 5466 eodem.

569 5512 671 5577 Qui
693 5510 990 5571 hominem,
1013 5517 1105 5560 aut
1125 5503 1379 5575 lapidem,
1396 5509 1487 5555 aut
1512 5499 1711 5570 lignum
1729 5498 1884 5561 dixit,
1905 5507 2093 5550 essen.

507 5604 644 5655 tiam
683 5603 919 5666 aliquam
947 5580 1242 5669 significat.
1271 5594 1372 5660 Qui
1413 5600 1602 5646 autem
1652 5588 1891 5659 genitum
1939 5582 2091 5646 dicit,

505 5706 609 5745 nou
681 5690 952 5759 signiﬁcat
1023 5688 1313 5745 essentiam
1394 5681 1754 5754 simpliciter,
1832 5676 2086 5751 quoniam

2194 4837 2251 4891 δὲ
2281 4836 2440 4889 οὐσία
2470 4834 2787 4903 ἀγέννητος.

2757 4923 2858 4978 Ἐκ
2882 4921 2989 4976 τοῦ
3017 4920 3219 4974 αὐτοῦ.

2268 5023 2329 5076 El
2364 5022 2425 5074 τὸ
2459 5019 2754 5087 ἀγέννητον
2794 5014 2953 5069 οὐσία
2984 5012 3078 5067 τοῦ
3106 5011 3267 5074 Θεοῦ,
3311 5012 3412 5065 καὶ
3461 5010 3519 5063 τὸ
3550 5006 3780 5076 γέννημα

2194 5117 2354 5173 οὐσία
2375 5114 2471 5167 τοῦ
2504 5113 2657 5177 Υίού,
2680 5111 2741 5164 τὸ
2767 5109 2971 5178 κτίσμα
2994 5107 3027 5177 ἢ
3052 5107 3263 5175 ποίημα
3290 5104 3400 5157 οὐκ
3423 5103 3583 5157 οὐσία
3606 5092 3779 5152 αὐτοῦ.

2197 5211 2312 5267 Μία
2337 5209 2467 5281 γὰρ,
2502 5210 2594 5262 καὶ
2619 5207 2681 5261 οὐ
2719 5203 2911 5258 πολλαὶ
2940 5200 3121 5255 οὐσίαι
3153 5202 3181 5254 6
3204 5199 3365 5261 Υἱός.

2636 5388 2733 5439 Ἐκ
2773 5385 2884 5440 τοῦ
2922 5383 3110 5439 αὐτοῦ
3146 5382 3364 5446 λόγου.

2272 5482 2597 5554 Ἀνθρωπόν
2617 5497 2700 5543 τις
2716 5476 2908 5539 εἰπὼν,
2932 5475 2965 5546 ἢ
2992 5474 3165 5541 λίθον,
3189 5472 3220 5541 ἢ
3246 5471 3439 5537 ξύλον,
3462 5467 3652 5523 οὐσίαν
3670 5460 3781 5516 τινὰ

2192 5578 2362 5644 δηλοῖ.
2401 5575 2654 5643 Γέννημα
2699 5572 2757 5625 δὲ
2798 5568 2970 5623 είπὼν
3008 5568 3111 5622 οὐκ
3137 5565 3339 5619 οὐσίαν
3387 5562 3582 5624 ἁπλῶς
3624 5554 3782 5627 δηλοῖ,

2196 5670 2320 5723 ἐπεὶ
2365 5668 2473 5721 πᾶν
2522 5666 2769 5736 γέννημα
2813 5661 2970 5716 οὐσία
3015 5660 3128 5730 μία.
3203 5656 3268 5710 El
3324 5657 3387 5712 δὲ
3428 5655 3533 5709 οὐκ
3608 5645 3783 5706 οὐσίας

577 5829 789 5887 ‘Exod.
836 5845 925 5896 xv,
955 5829 1011 5882 3.
1068 5830 1113 5913 ζ
1154 5825 1325 5883 Exod.
1369 5840 1447 5890 nt,
1479 5818 1865 5913 ituldbid.
1926 5816 2135 5907 15η..-ι
2162 5815 2303 5873 Psal.
2331 5811 2575 5876 vau,5.

1583 5898 1706 5915 ψ

2892 5909 2921 5920 ιι.
