4102 6298
277 281 385 346 541
454 320 455 325 π
1248 301 1622 365 PANOPLIA
1666 307 1897 370 DOGM;

1951 315 2125 375 [‘ICA.
2169 338 2236 354 -·-·
2271 319 2421 380 ΤιΤ.
2462 322 2569 383 XI.
3465 337 3571 401 542

271 399 425 514 :tvoc
475 401 536 454 τὸ
586 403 835 477 γέννημα
892 413 1248 495 σημαντικὸν,
1303 419 1423 471 οὐδὲ
1466 419 1528 474 τὸ
1570 421 1867 495 ἀγέννητος

1969 445 2133 488 οιηηε
2163 437 2401 503 genitum
2449 449 2534 493 est
2589 455 2693 495 una
2747 445 3001 500 essentia.
3059 445 3214 514 Quod
3264 450 3311 507 si
3361 463 3565 509 certam

920 489 928 495 μ
1621 489 1627 490 ί
1760 489 1774 495 _
1849 489 1856 490 ί
2163 489 2193 503 υ
2391 489 2396 490 ,
2593 489 2693 495 ηπ
2751 489 3001 500 ---ν..-....
3063 489 3214 514 νυν
3264 489 3310 507 ...
3361 489 3566 509 ..ειη-ι..

272 489 551 562 δηλονότι.
1979 522 2213 592 aliquam
2252 529 2538 582 essentiam
2583 532 2801 600 genitus
2835 550 2939 591 non
2993 537 3285 608 signiﬁcat,
3313 559 3380 598 ne
3424 545 3571 613 inge-

1974 616 2125 670 nitus
2158 616 2396 686 quidem.

827 676 931 730 Ἐκ
976 680 1079 735 τοῦ
1119 683 1330 740 αὐτοῦ.
2175 676 2189 686 ’

1307 707 1330 739 ὀ
2175 676 2189 686 -
2613 716 2697 771 Ex
2725 718 2927 774 eodem.

348 758 411 812 Εί
442 762 607 830 φῦσει
636 764 931 840 ἀγέννητος
960 774 988 827 6
1022 775 1213 847 Πατὴρ
1234 819 1247 841 ,
1280 779 1442 849 φύσει
1477 787 1735 854 γεννητὸς
1766 791 1862 844 καὶ

2045 799 2103 856 Si
2136 816 2326 857 natura
2362 805 2523 862 Pater
2574 808 2848 877 ingenitus
2900 819 3007 877 est,
3063 820 3119 867 et
3160 814 3329 870 Filius
3370 829 3561 876 natura

268 853 299 904 6
358 854 499 919 Υἱός.
549 858 623 966 PE
675 860 730 913 δὲ
780 863 943 931 φύσει
986 868 1259 939 γέννημα,
1309 873 1409 928 οὐκ
1465 875 1582 930 ἔστι
1629 880 1858 950 κτίσμα.

2066 853 2103 856 μ-
2138 853 2326 857 me---
2362 853 2378 859 -
2405 853 2513 862 η-.
2574 853 2848 877 ...υ-...ην
2901 853 3007 877 ν-..
3064 853 3119 867 ν.
3160 853 3329 870 ...ω
3370 853 3558 876 ...η-ιι-

1970 899 2054 944 εει
2087 892 2321 959 genitus.
2353 893 2506 960 Quod
2534 896 2577 950 si
2595 905 2787 951 natura
2812 899 3048 967 genitus,
3079 916 3182 957 non
3211 915 3294 959 est
3320 917 3558 964 creatus.

298 946 468 1007 Οντος
514 946 725 1004 οὖντοῦ
767 954 926 1021 φύσει
965 961 1329 1031 γεννήματος,
1372 966 1589 1039 ἀνάγκη
1629 974 1725 1025 καὶ
1766 974 1858 1027 τὸν

298 1038 616 1062 .-..-..£___.__.
669 1038 714 1062 ,Υ
863 1048 927 1062 ιη.
1194 1052 1204 1062 ι
1402 1056 1410 1062 .
1638 1061 1644 1062 ,

2087 946 2118 959 υ
2284 946 2317 949 ,ι
2362 946 2425 960 ,ν
2447 946 2460 949 -
2480 946 2506 949 _
2535 946 2575 950 ν
2595 946 2787 951 -ημη
2812 946 3048 967 ο-------,
3079 946 3182 957 ..-η
3212 946 3294 959 -...
3321 946 3559 964 νυνι-ο.

1970 980 2103 1035 Cum
2135 993 2311 1038 autem
2345 987 2557 1054 genitus
2590 986 2662 1041 sit
2706 997 2923 1054 natura,
2988 1002 3041 1046 et
3092 994 3396 1062 genitorem
3441 1014 3561 1055 esse

266 1038 620 1109 γεννήσαντα
660 1038 822 1099 εἶναι.
863 1048 1114 1119 Γέννημα
1146 1052 1252 1123 γὰρ
1283 1056 1454 1126 χωρὶς
1484 1038 1856 1130 γεννήσαντος

2345 1038 2401 1054 ογ
2455 1038 2553 1041 η-
2590 1038 2658 1041 _-_
2707 1038 2923 1054 --ηπ-η,
2991 1038 3041 1046 --
3092 1038 3396 1062 εφη-ων...
3442 1038 3558 1055 νοσυ

1972 1088 2195 1129 necesse
2221 1084 2327 1132 est.
2376 1076 2512 1132 Nam
2549 1080 2667 1134 sine
2713 1081 2958 1147 genitore
3008 1085 3225 1153 genitus
3279 1104 3402 1143 esse
3453 1107 3558 1146 non

267 1129 374 1182 οὐκ
400 1130 466 1183 ἂν
495 1132 605 1202 εἴη.
639 1134 964 1204 Λεγέτωσαν
995 1137 1086 1193 οὖν
1114 1142 1204 1195 τὸν
1232 1148 1588 1217 γεννήσαντα,
1615 1129 1663 1205 εί
1693 1154 1721 1206 6
1749 1155 1859 1207 Ila-

270 1221 381 1293 τὴρ
414 1223 516 1276 οὐκ
543 1224 858 1293 ἐγέννησεν.

2233 1129 2247 1132 -
2315 1129 2323 1131 ι
2550 1129 2664 1134 ---η
2713 1129 2958 1147 τη---
3008 1129 3224 1153 um...“
3280 1129 3402 1143 ...που
3453 1129 3558 1146 ...ιιι

1967 1175 2162 1235 potest.
2194 1169 2384 1225 Dicant
2413 1172 2576 1240 igitur
2597 1173 2922 1242 genitorem,
2948 1177 2992 1231 si
3018 1176 3179 1233 Pater
3214 1196 3318 1236 non
3345 1185 3558 1251 genuit.

270 1239 381 1293 τηρ
414 1239 516 1276 ουκ
543 1239 858 1297 εγεννησεν.

832 1322 925 1375 Ἐκ
955 1325 1062 1380 τοῦ
1090 1331 1303 1385 αὐτοῦ.

1224 1331 1303 1385 νῦ.
2531 1340 2618 1397 Ex
2643 1346 2844 1400 eodem.

339 1406 403 1461 Εί
445 1409 754 1475 ὁμοούσιος,
790 1413 978 1479 φασὶν,
1018 1418 1045 1468 6
1077 1416 1205 1481 Υἱὸς
1237 1421 1317 1493 τῷ
1357 1424 1551 1496 Πατρὶ,
1583 1431 1613 1482 6
1659 1432 1852 1503 Πατὴρ

2029 1428 2084 1483 Si
2109 1429 2301 1498 Filius,
2317 1431 2591 1503 inquiunt,
2610 1448 2690 1491 est
2705 1438 2945 1507 ejusdem
2967 1446 3218 1499 essentiae
3236 1461 3355 1500 cum
3374 1446 3552 1515 Patre,

262 1496 321 1548 δὲ
360 1499 677 1568 ἀγέννητος,
709 1503 736 1554 6
762 1502 817 1554 δὲ
850 1502 979 1568 Υἱὸς
1010 1509 1288 1579 γεννητὸς,
1321 1515 1353 1584 ἠ
1381 1516 1519 1589 αὐτὴ
1552 1520 1662 1590 ἄρα
1690 1496 1848 1577 οὐσία

1959 1529 2013 1575 ει
2042 1519 2203 1576 Pater
2235 1524 2508 1592 ingenitus
2544 1538 2647 1593 est,
2679 1526 2848 1583 Filius
2878 1540 3057 1587 autem
3089 1537 3322 1604 genitus,
3362 1540 3549 1594 eadem

262 1590 563 1659 ἀγέννητος
622 1596 717 1647 καὶ
776 1604 1037 1671 γεννητή.
1114 1603 1253 1658 Ἀλλ’
1309 1609 1372 1661 οὐ
1435 1614 1604 1684 μέρος
1664 1619 1873 1689 φαμὲνμ

1959 1612 2192 1667 essentia
2227 1622 2311 1668 est
2359 1616 2594 1688 ingenita
2623 1628 2678 1673 et
2705 1620 2907 1691 genita.
2942 1623 3049 1678 Nos
3078 1635 3258 1681 autem
3286 1643 3391 1683 non
3416 1630 3554 1685 dici-

256 1682 351 1731 τὸν
407 1682 532 1735 Υὶὸν
578 1684 671 1737 τοῦ
712 1686 947 1757 Πατρὸς,
983 1692 1058 1755 ὠς
1094 1692 1486 1773 ὃιαιρουμὲνην
1512 1682 1617 1775 τὴν
1660 1682 1847 1762 οὐσίαν

1961 1720 2081 1759 mus
2126 1705 2327 1760 Filium
2362 1724 2481 1764 esse
2510 1720 2727 1780 partem
2755 1714 2935 1770 Patris
2961 1758 2977 1781 ,
3018 1728 3078 1772 ut
3110 1722 3347 1775 essentia
3379 1724 3549 1779 divisa

254 1775 552 1845 ἀγέννητον
571 1781 664 1830 καὶ
678 1781 939 1850 γεννητὸν
956 1778 1118 1846 εἶναι,
1137 1786 1255 1841 ἀλλ’
1270 1791 1390 1845 ὅλον
1408 1794 1465 1859 ἐξ
1480 1796 1629 1865 ὅλου,
1652 1817 1846 1874 γεννη-

1951 1799 2226 1870 ingenitus
2254 1804 2579 1873 genitusque
2613 1810 2959 1876 praveniant,
2978 1813 3070 1867 sed
3103 1824 3271 1868 totum
3311 1832 3375 1870 ex
3411 1827 3548 1881 toto,

256 1868 354 1917 τὸν
408 1869 468 1933 ἐξ
522 1872 855 1943 ἁγεννήτου,
911 1876 1093 1932 τέλεια
1137 1883 1254 1949 δύο,
1307 1888 1402 1941 καὶ
1446 1890 1507 1942 οὐ
1558 1891 1649 1946 δύο
1700 1868 1840 1968 μέρη

1945 1868 2185 1963 genitum
2217 1868 2284 1948 εξ
2316 1895 2576 1966 ingenito,
2630 1906 2688 1952 ut
2722 1900 2830 1954 duo
2866 1901 3093 1971 perfecti
3138 1906 3412 1977 sint,_non
3448 1924 3548 1965 au-

258 1960 320 2025 ἐξ
358 1959 476 2025 ἑνός
508 1980 675 2027 τινος.
1700 1959 1713 1965 ’
1772 1959 1783 1968 ’
1827 1959 1840 1967 ’

1700 1959 1713 1965 ’
1772 1959 1783 1968 ’
1827 1959 1840 1967 ’
1947 1959 2051 2041 tem
2087 1988 2203 2042 duae
2237 1997 2419 2059 partes
2453 2005 2520 2043 ex
2556 2004 2662 2046 uno
2692 1992 2894 2063 aliquo.

814 2060 917 2114 Ἐιι
943 2063 1051 2118 τοῦ
1078 2068 1287 2124 αὑτοῦ.

1251 2072 1287 2124 5.
2564 2080 2644 2134 Ea:
2670 2082 2871 2137 eodem.

322 2144 389 2196 Εἰ
436 2146 784 2217 ἐφανέρωσεν
831 2155 859 2205 6
904 2153 1030 2219 Υἱὸς
1063 2158 1123 2210 τὸ
1149 2158 1320 2229 ὄνομα
1351 2163 1445 2216 τοῦ
1477 2165 1689 2238 Πατρὸς
1727 2172 1839 2233 τοῖς

2018 2168 2073 2223 Si
2100 2167 2272 2223 Filius
2295 2185 2489 2226 nomen
2550 2171 2730 2229 Patris
2787 2175 3098 2231 hominibus
3127 2178 3401 2246 patefecit,
3431 2180 3548 2249 ipse

248 2236 586 2304 ἀνθρώποις,
621 2240 696 2303 ὡς
726 2243 889 2307 αὑτός
929 2264 1129 2317 φησιν,
1185 2252 1571 2321 Ἐφανέρωσά
1596 2236 1731 2314 ήσου
1770 2264 1837 2315 τὸ

1942 2261 2085 2314 enim
2110 2301 2125 2328 ,
2160 2260 2526 2331 Manifestam‘,
2561 2264 2757 2333 inquit,
2782 2282 2969 2321 nomen
2997 2280 3142 2322 tuum
3175 2269 3474 2325 hominibus
3502 2272 3543 2340 ¹,

246 2329 444 2399 ὄνομα
482 2332 605 2399 τοῖς
625 2335 980 2405 ἀνθρώποις,
1012 2342 1202 2414 κύριον
1232 2346 1290 2399 δὲ
1325 2348 1427 2418 τῆς
1450 2350 1634 2414 οὐσίας
1671 2355 1836 2410 αὐτοῦ

1950 2353 2234 2419 proprium
2268 2361 2448 2409 autem
2487 2354 2660 2425 ipsius
2711 2359 2960 2411 essentia
2992 2375 3187 2413 nomen
3247 2362 3540 2432 ingenitus,

246 2424 423 2493 ὄνομα
448 2427 507 2479 τὸ
533 2428 849 2499 ἀγέννητος,
889 2433 1259 2492 δεικνύτωσαν
1292 2440 1395 2495 ποῦ
1426 2443 1837 2515 ἁγὲννητονξαύ-

1706 2449 1837 2514 νξαύ-
1940 2445 2249 2511 ostendant,
2290 2446 2382 2501 ubi
2418 2448 2591 2517 ipsum
2626 2450 2924 2520 ingenitum
2952 2452 3326 2509 nominaverit.

246 2518 345 2569 τὸν
378 2520 405 2571 6
446 2519 639 2590 Σωτὴρ
669 2521 916 2593 εἴρηκεν.

797 2616 899 2671 Ἐκ
950 2620 1055 2675 τοῦ
1093 2624 1303 2679 αὐτοῦ.

1249 2624 1303 2679 ὗ.
2552 2628 2639 2685 Ex
2669 2633 2869 2685 eodem.

322 2704 399 2757 Τὸ
444 2706 737 2776 ἀγέννητὸς
782 2710 908 2764 οὔτε
950 2714 1075 2783 ὅρος
1124 2718 1241 2770 ἐστὶ
1288 2718 1446 2786 Θεοῦ,
1495 2721 1622 2775 οὕτε
1675 2724 1831 2780 ἴδιον.

2011 2716 2291 2789 ingenitus
2325 2734 2499 2790 neque
2548 2723 2791 2778 definitio
2844 2724 2936 2778 Dei
3004 2734 3110 2792 est,
3168 2741 3344 2796 neque
3402 2744 3534 2798 pro-

243 2793 440 2848 Ταῦτα
482 2796 589 2866 γὰρ
636 2798 988 2870 ἀντιστρέφει
1036 2805 1269 2869 ἐκείνοις
1312 2802 1385 2861 ὧν
1430 2809 1575 2880 ὄρος,
1625 2813 1655 2883 ἢ
1703 2812 1833 2867 ἴδιον

1938 2810 2137 2880 prium.
2177 2811 2303 2868 Haac
2333 2814 2475 2868 enim
2504 2830 2625 2869 cum
2655 2815 2783 2880 illis,
2806 2831 3035 2886 quorum
3065 2830 3188 2872 sunt
3222 2819 3462 2875 deﬁnitio
3480 2829 3537 2877 et

246 2887 631 2953 τυγχάνουσιν.
672 2889 994 2958 Ἀνθρωπος
1024 2894 1131 2965 γὰρ
1167 2894 1304 2958 ζῶον
1338 2897 1576 2967 λογικὸν,
1610 2901 1827 2972 θνητὸν,

1938 2904 2236 2972 proprium,
2269 2915 2683 2975 convertuntur,
2715 2919 2769 2964 et
2798 2909 2878 2963 eis
2896 2924 2963 2963 ex
2990 2925 3144 2979 aequo
3174 2912 3529 2981 respondent.

248 2975 349 3029 καὶ
397 2978 450 3030 εἴ
493 2994 545 3029 τι
590 2978 728 3043 ζῶον
772 2981 1011 3050 λογικὸν,
1060 2986 1278 3057 θνητὸν,
1318 2990 1605 3062 ἄνθρωπος
1645 2994 1825 3050 τοῦτο.

1937 2991 2107 3049 Homo
2136 2998 2282 3050 enim
2318 2997 2515 3051 animal
2549 3006 2633 3053 est
2660 2999 2871 3052 ratione
2925 3000 3214 3067 praeditum
3280 3009 3337 3055 et
3388 3016 3536 3056 mor-

250 3069 413 3122 Ἵδιον
434 3070 493 3187 δὲ
516 3070 805 3145 ἀνθρώπου
835 3076 897 3128 τὸ
928 3077 1283 3146 γελαστικὸν,
1307 3084 1395 3135 καὶ
1424 3085 1478 3137 εἷ
1500 3102 1553 3137 τι
1581 3085 1832 3155 γελαστι-
1859 3137 1870 3183 ⁴

250 3160 341 3187 μὶ..
397 3158 461 3187 ιι..
507 3178 687 3187 -.,._--
745 3162 811 3187 ’τοι
851 3166 900 3187 91
940 3168 1031 3187 ,ηρ
1314 3172 1335 3186 ιι
1715 3178 1727 3187 .

1939 3087 2067 3141 tale.
2104 3085 2172 3140 Et
2200 3088 2417 3158 siquod
2474 3089 2678 3142 animal
2730 3099 2812 3144 est
2865 3090 3075 3145 ratione
3125 3092 3412 3159 praeditum
3466 3108 3529 3147 ac

239 3160 364 3223 κὸν,
394 3158 707 3230 ἄνθρωπος.
745 3162 818 3217 Τὸ
848 3166 904 3219 δὲ
931 3168 1248 3238 ἀγέννητος,
1280 3172 1335 3223 εἴ
1361 3190 1446 3235 τις
1475 3178 1828 3247 συγχωρήσει

1937 3177 2186 3243 mortale,
2218 3177 2346 3232 illud
2378 3190 2462 3234 est
2490 3180 2673 3233 homo.
2712 3179 2959 3234 Hominis
3017 3188 3200 3234 autem
3249 3182 3525 3249 proprium

236 3254 338 3305 ἐπὶ
379 3253 542 3321 μόνου
584 3255 721 3310 Θεοῦ
757 3258 1031 3327 λέγεσθαι,
1077 3265 1173 3335 οὐχ
1204 3265 1321 3335 ἅμα
1365 3272 1458 3320 καὶ
1509 3270 1564 3321 εἴ
1591 3288 1641 3322 τι
1673 3270 1826 3335 Θεὸς,

1933 3278 2038 3333 est,
2063 3282 2187 3323 esse
2213 3269 2280 3323 ad
2301 3271 2583 3324 ridendum
2611 3281 2818 3340 aptum.
2848 3270 3029 3337 Quare
3046 3272 3089 3325 si
3116 3271 3244 3340 quid
3271 3280 3354 3326 est
3383 3271 3529 3340 ejus-

234 3342 406 3398 τοῦτο
436 3345 756 3417 ἀγέννητον.
801 3352 861 3405 Ὀ
886 3352 979 3407 οὖν
1014 3355 1138 3418 Υἱὸς
1167 3357 1301 3423 Θεὸς
1330 3359 1428 3421 ὢν,
1463 3362 1563 3413 οὐκ
1593 3363 1830 3433 ἀγέννη-

1930 3359 2101 3425 modi,
2129 3358 2181 3413 id
2209 3368 2295 3415 est
2353 3360 2535 3415 homo.
2591 3362 2662 3414 At
2696 3363 2996 3431 ingenitum
3047 3362 3090 3416 si
3129 3362 3249 3431 quis
3297 3364 3363 3418 de
3410 3363 3527 3418 solo

232 3438 329 3498 τός
357 3437 530 3491 ἐστιν.
556 3438 691 3493 Οὔτε
724 3440 817 3496 οῦν
845 3445 990 3515 ὅρος,
1014 3447 1137 3501 οὔτε
1169 3450 1300 3504 ίδιον
1319 3451 1378 3505 τὸ
1406 3453 1719 3525 ἀγέννητον.
1749 3457 1825 3510 Οὐ

1928 3446 2041 3502 Deo
2075 3449 2180 3504 diei
2244 3453 2601 3519 concesserit,
2638 3467 2744 3507 non
2791 3454 3051 3508 continuo
3098 3455 3145 3509 si
3195 3456 3324 3524 quid
3383 3455 3525 3510 Deus

232 3530 353 3601 γὰρ
380 3528 756 3603 ἀντιστρέφει.

1929 3549 2034 3606 εει,
2073 3540 2124 3595 id
2161 3542 2234 3597 sit
2277 3543 2600 3613 ingenitum.
2650 3543 2822 3599 Filius
2870 3546 3015 3600 enim
3069 3562 3191 3600 cum
3241 3546 3384 3602 Deus
3430 3548 3521 3611 sit,

1927 3645 2035 3685 non
2057 3639 2142 3687 est
2172 3632 2470 3699 ingenitus.
2505 3632 2871 3699 Quamobrem
2923 3636 3195 3703 ingenitus
3248 3653 3351 3692 nec
3387 3637 3523 3692 deﬂ-

1927 3724 2083 3789 nitio,
2121 3739 2219 3779 nec
2250 3727 2526 3795 proprium
2557 3736 2673 3793 est;
2700 3742 2806 3781 non
2840 3726 2983 3781 enim
3019 3738 3435 3785 convertuntur.

791 3809 889 3865 Ἐκ
929 3812 1036 3867 τοῦ
1078 3813 1225 3868 αὐτο
1234 3814 1288 3869 ῦ.

1254 3814 1288 3869 5.
2562 3818 2648 3872 Ea:
2674 3821 2874 3875 eodem.

310 3898 375 3951 ΕΞ
401 3898 604 3968 κτίσμα
630 3900 764 3954 Θεοῦ
793 3904 821 3955 6
846 3901 1006 3967 Υίὸς,
1045 3906 1154 3958 πᾶν
1181 3906 1237 3958 δὲ
1270 3907 1477 3977 κτίσμα
1511 3909 1699 3963 δοῦλον
1727 3908 1819 3964 τοῦ

2000 3903 2058 3957 Si
2094 3904 2261 3961 Filius
2290 3922 2320 3960 a
2358 3907 2468 3961 Deo
2498 3918 2710 3962 creatus
2761 3919 2862 3971 est,
2905 3919 2959 3962 et
2999 3909 3090 3977 qui
3132 3920 3354 3964 creatus
3386 3921 3491 3978 est,

228 3991 485 4055 κτίστου,
526 3991 708 4056 δοῦλος
740 3995 848 4064 ἄρα
888 3995 916 4047 6
945 3995 1201 4063 Χριστὸς,
1237 3998 1330 4049 καὶ
1360 4000 1458 4069 οὐχ
1489 4000 1617 4063 Υἱὸς
1656 4001 1815 4056 Θεοῦ.

1929 4007 2121 4049 servus
2152 4006 2235 4050 est
2262 3999 2551 4058 creatoris,
2610 4012 2801 4052 servus
2857 3998 3043 4067 utique
3101 4010 3187 4053 est
3244 4000 3515 4066 Christus,

228 4085 352 4137 Οὐκ
385 4082 576 4136 ἔλαϐεν
605 4083 697 4138 οῦν
729 4088 946 4158 μορφὴν
979 4088 1163 4142 δούλου
1206 4090 1413 4160 Κύριος
1471 4090 1567 4157 ὢν,
1609 4092 1727 4146 ἀλλ’
1752 4089 1820 4166 ἦν

1928 4097 2241 4139 nouantem
2307 4085 2476 4141 Filius
2534 4086 2653 4141 Dei.
2715 4086 2830 4140 Non
2891 4102 3020 4159 ergo
3079 4090 3222 4142 servi
3288 4090 3514 4146 formam

231 4175 452 4237 δοῦλος.
1922 4179 2238 4246 assumpsit,
2273 4194 2399 4232 cum
2433 4189 2579 4234 esset
2610 4179 3027 4245 Dominus,‘sed
3058 4193 3177 4235 erat
3231 4198 3445 4237 servus.

781 4271 837 4322 Ἐ
841 4289 876 4325 κ
913 4271 1022 4325 τοῦ
1044 4272 1257 4326 αὐτοῦ.’

1186 4272 1257 4326 ,ῦέ
2494 4270 2577 4323 Ea:
2602 4272 2806 4325 eodem.

307 4359 372 4411 Εί
396 4361 462 4413 τὰ
489 4361 747 4416 ἐλάττονα
786 4363 891 4415 ὑπὸ
941 4364 1220 4428 ἐλάττονος
1249 4365 1689 4436 δημιουργεῖται,
1719 4370 1814 4423 καὶ

1995 4358 2051 4413 Si
2090 4360 2296 4415 minora
2331 4376 2360 4414 a
2392 4363 2609 4416 minore
2660 4375 2938 4429 creantur,
2988 4373 3044 4418 et
3100 4364 3303 4434 majora
3330 4383 3358 4420 a
3388 4382 3508 4421 ma-

225 4452 301 4505 τὰ
332 4453 558 4521 μείζονα
606 4455 662 4507 δὲ
685 4455 791 4508 ὑπὸ
829 4456 1096 4525 μείζονος,
1128 4458 1217 4511 διὰ
1250 4458 1462 4511 πολλῶν
1488 4459 1595 4531 ἄρα
1629 4462 1661 4531 ἡ
1693 4461 1812 4514 κτί-
1842 4512 1845 4519 γ

1916 4452 2055 4522 jore,
2094 4468 2188 4520 per
2218 4454 2421 4509 multos
2473 4455 2804 4511 universitas
2830 4466 3015 4512 creata
3048 4464 3153 4523 est,
3200 4470 3252 4513 et
3288 4473 3394 4514 non
3431 4472 3516 4517 est

204 4524 341 4609 ’σις,
370 4544 494 4598 ἐπεὶ
524 4547 584 4598 οὐ
618 4548 765 4600 πᾶσα
790 4549 904 4616 ἴση.

1916 4543 2165 4612 aequalis.

197 4637 205 4669 ³
777 4636 879 4692 Ἐκ
906 4639 1016 4694 τοῦ
1042 4642 1251 4697 αὑτοῦ.

1213 4643 1251 4697 λ
2522 4637 2602 4693 Ea:
2633 4645 2833 4696 eodem.

305 4727 369 4779 Εί
412 4726 804 4800 δημιουργικὰς
873 4733 903 4784 6
954 4732 1088 4796 Θεὸς
1120 4734 1301 4801 φύσει,
1360 4736 1457 4807 οὐχ
1484 4736 1604 4800 ἐνὸς
1631 4736 1807 4804 ἔσται,

1980 4732 2036 4787 Si
2078 4744 2270 4787 natura
2310 4736 2451 4789 Deus
2480 4744 2692 4790 creator
2728 4747 2834 4801 est,
2886 4754 2991 4794 non
3044 4740 3203 4794 unius
3249 4748 3352 4805 est,
3409 4742 3508 4795 sed

226 4818 369 4871 ἀλλὰ
402 4820 635 4877 πολὶῶν,
668 4822 738 4875 Ἦ
758 4822 867 4892 γὰρ
909 4823 1163 4897 ἀσθενείᾳ
1190 4826 1321 4880 ἄλλο
1353 4827 1414 4880 οὐ
1458 4829 1803 4899 δημιουργεῖ,

1904 4825 2220 4880 multorum.
2253 4825 2506 4896 Alioquin
2535 4837 2627 4880 ant
2661 4829 2976 4896 impotentia
3003 4846 3110 4885 non
3161 4840 3317 4886 creat
3342 4831 3510 4897 aliud,

224 4907 261 4979 ἢ
303 4909 486 4980 φθόνῳ
507 4913 600 4965 καὶ
633 4911 928 4985 βασκανίᾳ.

713 4913 928 4985 σκανίᾳ.
1903 4926 1999 4969 aut
2018 4914 2333 4971 invidentia.

776 5008 878 5060 Ἐκ
906 5006 1013 5061 τοῦ
1039 5008 1247 5063 αὐτοῦ.

1240 5047 1247 5063 .
2545 5014 2629 5065 Ea:
2659 5014 2860 5067 eodem.

302 5095 366 5147 ΕΞ
400 5097 498 5166 τὴν
526 5098 891 5171 δημιουργίαν
920 5102 1017 5169 τῆς
1039 5099 1208 5171 οὔσης
1235 5101 1465 5164 κτίσεως
1490 5104 1805 5178 ἐπῃσχύνθη

1986 5103 2040 5157 Si
2078 5118 2260 5156 rerum
2323 5104 2732 5159 universitatem
2772 5106 2937 5159 Deum
3001 5121 3096 5173 per
3162 5122 3219 5161 se
3272 5107 3509 5163 condere

220 5188 294 5242 6t'
325 5188 519 5241 ἑαυτοῦ
556 5191 779 5261 ποιῆσαι
822 5196 850 5246 6
879 5193 1034 5256 Θεὸς,
1062 5195 1156 5246 καὶ
1178 5193 1274 5264 τὴν
1296 5193 1606 5263 δοξολογίαν
1633 5198 1808 5268 αὐτῆς

1907 5197 2213 5268 puduisset,
2249 5214 2313 5251 ne
2337 5199 2546 5254 laudem
2596 5200 2810 5269 quidem
2844 5201 2962 5271 ejus
2992 5203 3323 5255 admitteret.
3372 5198 3503 5265 Quae

222 5281 288 5334 οὐ
322 5281 632 5350 προσίεται.
662 5284 727 5337 Ἀ
753 5286 862 5352 γὰρ
885 5285 1108 5353 ποιῆσαι
1138 5285 1497 5358 ὲπῃσχύνετο,
1534 5288 1807 5358 γενόμενα

1909 5290 2053 5344 enim
2094 5288 2274 5344 facere
2319 5290 2643 5357 erubuisset,
2699 5309 2761 5349 ea
2803 5296 2907 5349 sibi
2963 5304 3019 5348 ut
3071 5294 3286 5364 pr0pria
3334 5292 3501 5347 nollet

224 5373 337 5427 ἴδια
366 5374 694 5443 νομισθῆναι
727 5377 789 5428 οὑ
816 5375 1055 5447 θελήσει.

1912 5379 2155 5434 attribui.
2456 5408 2472 5424 ο
2982 5450 2987 5455 ι
3523 5410 3532 5438 ι

771 5467 873 5519 Ἐκ
912 5466 1018 5520 τοῦ
1049 5468 1256 5522 αὑτοῦ.
2298 5499 2306 5507 ·

1184 5468 1256 5522 ›ῦ.
2298 5499 2306 5507 ·
2506 5475 2594 5530 Ex
2626 5478 2804 5559 eode)»:

304 5554 368 5608 Εί
410 5556 605 5609 ταυτὸν
634 5558 694 5609 τὸ
721 5558 926 5622 κτίζειν
982 5559 1079 5613 καὶ
1097 5560 1293 5630 γεννᾷν
1318 5560 1410 5614 τὸν
1432 5559 1587 5627 Θεὸν,
1613 5560 1804 5635 ἐπειδὴ

1985 5561 2039 5617 Si
2073 5562 2212 5618 idem
2259 5574 2342 5619 est
2396 5563 2561 5621 Deum
2607 5554 2796 5624 creare
2848 5575 2902 5623 et
2953 5567 3193 5639 gignere,
3240 5565 3492 5638 quoniam

300 5743 311 5779 ⁸
366 5743 527 5797 Joan.
555 5759 686 5807 λνιι,
717 5744 768 5799 6.
