4102 6298
324 437 440 500 ἔ)ίῆ

1310 448 1685 510 PANOPLIA
1731 448 2201 513 DOGMATICA.
2236 477 2298 486 κ-
2343 455 2495 518 ΤΙΤ.
2537 455 2641 519 XL

3502 452 3604 514 5Σῦ

325 554 701 615 ὺποτέτακτο,
735 554 850 607 ἀλλ’
886 557 1108 627 ὕστερον
1163 559 1592 632 ὑποταγήσεται,
1639 563 1916 633 ἀνθρωπί-

2025 564 2068 616 si
2123 567 2403 635 subjectus
2457 585 2564 624 non
2623 571 2742 632 fuit,
2794 568 2886 623 sed
2948 566 3284 638 ειιὶιῂιιίοιιη,
3329 580 3387 620 ιιι
3443 567 3606 620 homo

323 661 438 707 νως
467 644 613 714 ὑπὲρ
647 645 827 715 ἡμῶν,
863 649 958 699 καὶ
988 649 1049 701 οὐ
1085 651 1283 715 θεῖκῶς
1317 653 1458 722 ὑπὲρ
1491 656 1710 709 ἑαυτοῦ.

882 743 981 796 Ἐκ.
1014 745 1121 798 τοῦ
1162 747 1372 800 αὑτοῦ.

405 833 466 885 ΕΞ
498 834 638 902 μετὰ
671 837 769 905 τὴν
827 837 1246 906 ἐνανθρώπησιν
1293 839 1382 892 διὰ
1441 839 1541 909 τὴν
1581 839 1829 908 ὑπακοὴν
1852 841 1914 893 τὸ

332 923 478 994 ὑπὲρ
515 927 626 979 πᾶν
674 927 844 997 ὄνομα
882 928 958 999 τῷ
993 929 1104 998 Titii
1137 930 1256 999 Θεῷ
1298 930 1412 983 ὄντι
1443 933 1471 984 6
1506 932 1695 1000 Πατὴρ
1723 933 1913 1001 ἐχαρί-

327 1034 482 1080 σατο,
515 1018 606 1069 καὶ
639 1020 789 1072 πᾶσα
811 1021 1029 1086 γλῶσσα
1058 1021 1510 1090 ἑξωμολογήσατο
1534 1022 1759 1092 Κύριον,
1807 1022 1914 1089 πρὸ

326 1110 434 1177 τῆς
493 1109 967 1180 ὲνανθρωπήσεως
1007 1113 1138 1178 ,οὔτε
1180 1115 1241 1166 τὸ
1277 1116 1447 1183 ὄνομα
1498 1114 1560 1166 τὸ
1605 1116 1746 1183 ὑπὲρ
1804 1116 1914 1166 πᾶν

326 1202 502 1271 ὄνομα
528 1200 698 1272 εἶχεν,
733 1203 856 1255 οὔτε
890 1206 1042 1274 παρὰ
1094 1208 1311 1258 πάντων
1359 1207 1458 1276 τὴν
1488 1205 1780 1276 ὁμολογίαν
1819 1205 1914 1258 τοῦ

327 1286 473 1343 εἶναι
501 1293 724 1363 Κύριος.
751 1294 966 1358 Μεὶζων
985 1295 1077 1348 οὖν
1096 1299 1312 1364 ἐγένετο
1331 1297 1470 1366 μετὰ
1515 1298 1611 1366 τὴν
1637 1296 1911 1363 ἑνανθρώο

329 1403 524 1456 πησιν,
554 1388 730 1458 ἣπρὸ
760 1390 858 1457 τῆς
936 1389 1428 1460 ὲνανθρωπήσεως,
1477 1393 1616 1460 ὅπερ
1686 1390 1909 1443 ἄτοπον.

327 1478 588 1530 Τοιοῦτον
615 1478 668 1531 δέ
698 1482 810 1531 ἐστι
847 1481 940 1532 καὶ
973 1483 1054 1543 rb,
1097 1481 1304 1549 Ἐδόθη
1330 1499 1431 1550 μοι
1464 1481 1635 1538 πᾶσα
1661 1480 1916 1546 ἐξουσία

324 1572 404 1622 ἐν
463 1571 698 1637 οὐρανῷ
752 1575 849 1626 καὶ
917 1573 1013 1626 ἐπὶ
1043 1573 1171 1642 γῆς.
1203 1576 1294 1638 Εἰς
1352 1575 1451 1646 τὴν
1497 1574 1917 1644 ὲνανθρώπησιν

324 1660 449 1721 οὖν,
484 1666 578 1717 καὶ
601 1665 700 1716 οὐκ
731 1669 806 1726 εἰς
847 1667 946 1735 τὴν
977 1666 1207 1736 θεότητα
1237 1667 1408 1721 ταῦτα
1444 1669 1588 1721 νοεῖν
1613 1668 1713 1721 δεῖ.

881 1848 984 1901 Ἐκ
1023 1849 1128 1903 τοῦ
1159 1849 1369 1903 αὐτοῦ.

2017 660 2341 729 subjiciatur
2369 677 2465 729 pro
2488 662 2664 724 nobis,
2695 676 2799 714 non
2835 669 3017 715 autem
3051 671 3108 713 ut
3139 659 3280 712 Deus
3312 674 3410 727 pro
3435 673 3514 711 3e.

2665 754 2748 807 Ea:
2779 755 2984 808 eodem.

2091 845 2148 898 Si
2181 843 2341 899 Pater
2369 847 2507 900 Filio
2542 845 2670 909 Deo,
2708 857 3059 913 posteaquam
3099 841 3271 895 factus
3305 851 3385 894 est
3417 841 3603 904 homo,

2017 950 2237 1006 prepter
2279 940 2424 1005 quod
2460 938 2720 992 obediens
2756 938 2879 1000 fuit,
2915 937 3138 989 donavit
3190 949 3386 987 nomen
3441 948 3607 1001 super

2016 1044 2177 1083 omne
2215 1044 2434 1093 nomen,
2468 1041 2522 1082 nt
2567 1032 2743 1082 omnis
2776 1030 2954 1098 lingua
2992 1027 3276 1080 Dominum
3309 1025 3607 1079 conﬁtere-

2018 1132 2128 1184 tur,
2191 1133 2480 1191 antequam
2545 1127 2705 1175 immo
2756 1124 2927 1187 ﬁeret,
2958 1136 3064 1174 non
3123 1119 3352 1174 habebat
3407 1133 3604 1172 nomen

2016 1231 2180 1284 super
2208 1230 2370 1269 omne
2402 1231 2597 1268 nomen
2637 1215 2676 1276 ¹,
2705 1230 2881 1280 neque
2912 1213 3063 1266 illum
3094 1227 3286 1265 omnes
3317 1211 3604 1262 Dominum

2017 1308 2437 1361 conﬁtebantur.
2477 1307 2644 1376 Major
2697 1307 2861 1372 igtur
2907 1305 3080 1358 evasit
3114 1311 3396 1372 postquam
3443 1301 3604 1352 homo

2019 1399 2195 1455 factus
2257 1409 2362 1463 est,
2437 1412 2616 1467 quaut'
2671 1411 2788 1452 erat
2839 1401 3148 1468 priusquam
3221 1395 3380 1447 homo
3431 1393 3601 1444 ﬁeret.

2017 1491 2168 1559 Quod
2203 1491 2497 1547 absurdum
2535 1501 2650 1546 est.
2688 1490 2831 1544 Idem
2883 1497 3262 1559 argumentum
3320 1487 3459 1538 sumi
3515 1502 3607 1551 pu-

2020 1595 2123 1641 test
2159 1601 2221 1640 ex
2263 1587 2370 1639 illis
2415 1586 2592 1639 verbis
2641 1604 2654 1640 :
2700 1585 2836 1637 Data
2870 1591 2946 1638 est
2989 1581 3116 1636 mihi
3154 1586 3320 1634 omnis
3369 1589 3607 1647 potestas

2017 1681 2072 1733 in
2095 1679 2222 1732 coelo
2244 1689 2289 1732 et
2323 1679 2378 1730 in
2444 1687 2585 1731 terra
2615 1677 2660 1729 ³.
2705 1676 3068 1743 Quamobrem
3109 1673 3224 1727 haec
3245 1673 3309 1724 ad
3364 1669 3611 1724 lminani-

2019 1781 2186 1826 tatem
2210 1771 2348 1842 ejus,
2374 1786 2478 1825 non
2499 1782 2676 1824 autem
2704 1771 2769 1822 ad
2792 1768 3127 1820 divinitatem
3151 1763 3430 1818 referentia
3458 1772 3605 1815 sunt.

2207 1860 2211 1863 ’
2655 1858 2740 1913 Ea:
2776 1861 2978 1913 eodem.

409 1941 472 1991 Ei
525 1939 859 2009 δημιουργὸς
897 1941 1008 1995 τῶν
1039 1941 1177 1995 ὅλων
1232 1945 1260 1995 ὁ
1294 1941 1440 2008 Υἱὸς,
1503 1942 1596 1994 τδν
1627 1940 1686 1993 δὲ
1719 1939 1911 2011 χρόνον

2073 1955 2128 2010 Si
2153 1956 2336 2011 mundi
2399 1954 2644 2009 conditor
2698 1963 2781 2008 est
2830 1949 3020 2012 Filius,
3070 1960 3124 2005 et
3159 1957 3371 2016 tempus
3418 1946 3606 2017 judieii

326 2033 436 2096 τῆς
465 2033 698 2100 κρίσεως
737 2034 837 2086 οὐκ
873 2029 1038 2098 οἶδεν,
1094 2034 1123 2087 ὃ
1145 2034 1585 2105 ἐδημιούργησεν
1616 2032 1717 2085 οὐκ
1745 2027 1910 2086 οἶδεν.

325 2121 410 2172 Οὐ
442 2120 552 2191 γὰρ
584 2121 682 2191 τὴν
716 2124 898 2191 κρίσιν
926 2119 1080 2176 εἶπεν
1127 2125 1362 2192 ἀγνοεῖν,
1390 2123 1527 2175 ἀλλὰ
1552 2121 1644 2174 τὸν
1673 2121 1867 2191 χρόνον
1897 2137 1914 2155 ·

335 2213 438 2265 καὶ
470 2211 587 2274 πῶς
621 2214 719 2265 οὐκ
750 2216 952 2270 ἄτοπον
976 2257 992 2282 ,

882 2308 985 2359 Ἐκ
1013 2306 1122 2360 τοῦ
1147 2307 1359 2362 αὐτοῦ.

410 2399 473 2451 Εἰ
510 2398 607 2470 τὴν
633 2398 836 2467 γνῶσιν
869 2400 1086 2452 πάντων
1119 2395 1193 2453 ὧν
1245 2401 1270 2450 6
1303 2401 1490 2469 Πατὴρ
1518 2399 1654 2468 ἔχει,
1703 2401 1728 2450 6
1790 2397 1917 2458 Tib;

328 2490 438 2543 οὐκ
487 2488 620 2557 ἔχει,
649 2491 918 2558 ἐψεύσατο
943 2489 1136 2556 εἰπὼν,
1169 2488 1373 2542 Πάντα
1427 2490 1545 2543 ὅσα
1574 2489 1700 2557 ἔχει
1730 2492 1764 2543 ό
1803 2492 1919 2542 Πα-

329 2587 472 2653 τὴρ,
507 2583 623 2654 ἐμά
653 2584 784 2637 ἐστι
803 2601 818 2614 ·
843 2584 961 2645 καὶ,
984 2583 1188 2647 Καθὼς
1211 2586 1244 2636 ό
1266 2585 1470 2650 Πατὴρ
1512 2581 1792 2650 γινώσκει
1817 2597 1916 2650 με.

332 2677 500 2746 κὰγ-ὼ
526 2676 798 2746 γινώσκω
821 2677 930 2730 τὸν
970 2676 1220 2745 Πατέρα.
1269 2676 1364 2729 El'
1399 2676 1444 2728 δ’
1485 2677 1674 2745 ἕτερον
1734 2675 1796 2727 τὸ
1828 2675 1918 2727 τὸν

332 2771 560 2840 Πατέρα
599 2769 816 2834 εἰδέναι,
854 2771 947 2823 καὶ
969 2771 1156 2840 ἕτερον
1197 2771 1253 2822 τὸ
1303 2769 1372 2822 τὰ
1404 2769 1499 2822 τοῦ
1531 2768 1769 2838 Πατρδς,
1799 2769 1918 2834 μεῖ-

337 2864 432 2929 ζον
456 2864 514 2916 δὲ
559 2865 621 2916 τὸ
652 2863 861 2916 εἰδέναι
888 2863 978 2916 τὸν
1014 2863 1232 2931 Πατέρα
1264 2855 1358 2916 τόὖ
1389 2863 1456 2916 τὰ
1477 2863 1646 2915 αὐτοῦ
1695 2863 1916 2923 εἰδέναι,

339 2957 461 3010 καθ’
513 2959 640 3011 ὅσον
697 2958 930 3021 ἕκαστος
972 2957 1137 3020 αὐτὸς
1178 2957 1290 3010 τῶν
1340 2956 1537 3011 ἑαυτοῦ
1586 2957 1815 3026 μείζων,
1850 2958 1919 3009 τὸ

338 3049 526 3119 μεῖζον
553 3051 582 3102 ὁ
612 3048 738 3114 Υἱὸς
768 3048 944 3113 εἰδὼς,
1006 3049 1224 3115 Οὐδεὶς
1263 3049 1399 3120 γὰρ,
1435 3050 1622 3121 φησιν,
1653 3045 1776 3104 εἶδε
1811 3050 1922 3103 τὸν

331 3141 571 3208 Πατέρα
627 3143 680 3195 εὶ
709 3141 796 3210 μὴ
830 3143 863 3193 ὁ
889 3141 1042 3208 Υἱὸς,
1074 3143 1133 3194 τὸ
1161 3143 1386 3197 ἔλαττον
1447 3143 1547 3196 οὐκ
1592 3141 1732 3214 ᾔδει,
1781 3143 1920 3212 ὅπερ

2017 2050 2252 2115 ignorat,
2306 2047 2450 2116 quod
2503 2060 2615 2100 asc
2663 2045 2939 2100 conditum
2991 2056 3096 2104 est,
3147 2044 3379 2110 ignorat.
3428 2040 3608 2105 Neque

2015 2143 2160 2194 enim
2208 2140 2423 2210 negavit
2457 2155 2516 2194 se
2555 2138 2817 2206 judicium
2868 2138 3030 2200 scire,
3060 2137 3154 2190 sed
3199 2145 3432 2202 tempue.
3497 2131 3608 2184 ΙΙοο

2018 2234 2316 2288 absurdum
2347 2243 2451 2287 est.

2657 2321 2740 2377 Ea:
2764 2328 2960 2378 eodem.

2089 2417 2145 2471 Si
2186 2417 2544 2487 cognitionem
2595 2417 2836 2471 omnium
2891 2430 3009 2484 qtm
3053 2414 3210 2467 Pater
3256 2397 3440 2473 habet,
3501 2426 3605 2464 non

2017 2507 2179 2561 habet
2216 2505 2407 2568 Filius,
2453 2508 2710 2560 mentitus
2743 2518 2849 2569 est,
2894 2507 3142 2576 inquiens
3175 2522 3188 2557 :
3229 2502 3442 2573 Omniq,
3487 2518 3604 2571 qtue

2020 2598 2184 2653 Pater
2237 2600 2410 2662 habet,
2493 2615 2606 2650 mea
2681 2598 2883 2653 sunt'.
2968 2598 3081 2651 Et:
3151 2595 3604 2661 Quemadmodum

2018 2695 2279 2764 cognoscit
2307 2708 2384 2745 ms
2436 2689 2612 2753 Pater,
2644 2692 2720 2745 sic
2761 2709 2853 2761 ego
2882 2707 3134 2760 cognosco
3183 2689 3395 2744 Patrem
3430 2689 3473 2739 ⁸.
3509 2687 3603 2740 Sin

2019 2789 2163 2842 aliud
2185 2797 2283 2850 est,
2304 2787 2516 2840 Patrem
2566 2800 2740 2849 nosse,
2769 2786 2910 2838 aliud
2936 2798 3095 2837 nosse
3117 2800 3233 2853 quae
3255 2781 3436 2836 Patris
3458 2789 3607 2842 sunt,

2019 2892 2071 2937 et
2099 2881 2271 2948 majus
2300 2890 2380 2936 est
2401 2897 2560 2934 nosse
2583 2879 3000 2949 Patt'eut,quaiu
3023 2894 3084 2932 ea
3119 2895 3238 2949 qme
3263 2885 3389 2930 sunt
3414 2875 3607 2944 ipsius,

2021 2989 2142 3028 curn
2170 2974 2541 3041 unusquisque
2568 2971 2738 3035 major
2769 2973 2882 3036 ipse
2929 2972 3018 3028 sit,
3046 2986 3208 3039 quam
3254 2984 3316 3022 ea
3344 2984 3460 3036 qua:
3487 2975 3613 3020 sunt

2021 3066 2221 3134 ipsius:
2250 3068 2392 3134 quod
2421 3065 2592 3135 majus
2618 3075 2703 3118 est
2731 3080 2956 3118 uosrens
2992 3063 3184 3126 Filius,
3217 3061 3412 3115 Nullus
3439 3059 3610 3121 enim,

2021 3157 2216 3226 inquit,
2272 3157 2410 3209 novit
2474 3157 2686 3209 Patrem
2745 3158 2845 3210 nisi
2899 3154 3070 3209 Filius
3118 3157 3163 3218 ⁵,
3218 3157 3267 3208 id
3317 3155 3456 3223 quod
3505 3157 3611 3207 mi-

331 3233 619 3286 ἀδὺνατον.
676 3233 775 3286 Διά
801 3232 860 3284 τὸ
892 3233 968 3303 μὴ
1009 3234 1292 3304 συμφέρον
1322 3232 1417 3287 οὖν
1460 3237 1574 3296 τοῖς
1600 3233 1916 3315 ανθρώποις

2029 3265 2130 3304 nus
2146 3261 2226 3304 est
2245 3249 2535 3319 ignoravit.
2560 3249 2669 3302 lloe
2687 3260 2862 3302 autem
2888 3249 3002 3302 ﬁeri
3028 3265 3130 3302 non
3156 3257 3349 3315 potest.
3376 3246 3611 3300 lietienit

329 3323 570 3379 ἀκοῦσαι
620 3326 711 3378 τὸν
755 3325 948 3394 καιρὸν
976 3325 1078 3394 τῆς
1119 3326 1360 3396 κρίσεως
1383 3324 1809 3394 ἀπεσιώπησεν.
1854 3324 1918 3378 Ἥ

335 3416 442 3486 μὲν
465 3416 573 3486 γὰρ
604 3416 691 3470 ἀεὶ
733 3415 1035 3485 προσδοκία
1068 3414 1439 3484 θερμοτέρους
1481 3416 1611 3484 περὶ
1641 3413 1741 3484 τὴν
1765 3413 1922 3467 εὗσέ-

330 3511 495 3564 σειαν
542 3507 958 3578 ἅπερ-τάξεων
1016 3510 1050 3578 ἠ
1095 3508 1152 3560 δὲ
1183 3507 1278 3560 τοῦ
1337 3508 1505 3560 πολὺν
1562 3506 1654 3560 τὸν
1710 3505 1917 3576 μεταξὺ

329 3604 532 3675 χρόνον
581 3602 806 3656 ἐσεσθαι
837 3601 1036 3670 γνῶσις
1065 3601 1497 3672 ὀλιγωροτέρους
1550 3601 1616 3655 ἃν
1663 3602 1920 3670 ἐποίησεν

330 3695 629 3751 anteme
665 3697 760 3750 καὶ
798 3694 1026 3764 ὕστερον
1059 3693 1574 3765 μεταϐαλλομένους
1625 3691 1920 3761 δυνηθῆναι

330 3789 726 3859 εὐαρεστῆσαι.
771 3787 925 3840 Ἐπεὶ
979 3786 1096 3849 πῶς
1146 3787 1175 3838 6
1204 3786 1380 3839 πάντα
1415 3784 1580 3855 μέχρι
1638 3784 1736 3853 τῆς
1769 3781 1921 3852 ὥρας

328 3881 554 3950 ἐκείνης
612 3879 769 3941 εἰδὼς
805 3880 929 3948 οὐχὶ
961 3878 1219 3948 κάκείνην
1252 3879 1350 3948 τὴν
1376 3877 1526 3948 ὥραν
1573 3877 1725 3948 ᾔδει;
1795 3878 1918 3930 Μά-

327 3990 439 4042 την
467 3971 521 4024 δὲ
547 3973 574 4023 6
608 3972 930 4033 ’Δπόστολος
964 3971 1179 4038 ἔλεγεν,
1214 3971 1312 4024 ’ἐν
1354 3962 1402 4035 ᾧ
1432 3973 1551 4023 εἱσι
1599 3967 1831 4034 πάντες
1863 3973 1920 4024 οι

328 4066 630 4134 θησαυροὶ
657 4064 767 4133 τῆς
799 4066 1043 4133 σοφίας,
1084 4064 1182 4116 καὶ
1218 4061 1322 4130 τῆς
1359 4061 1640 4131 γνώσεως
1678 4065 1734 4116 οι
1763 4063 1920 4117 ἀπό-

331 4175 579 4228 «pugnat.

869 4253 970 4306 Ἐκ
1013 4251 1118 4305 τοῦ
1152 4251 1364 4305 αὐτοῦ.

412 4347 473 4401 Ei
498 4347 588 4401 διὰ
615 4348 706 4400 τὸν
737 4347 960 4416 Πατέρα
995 4347 1021 4397 6
1062 4347 1187 4410 Υἱὸς
1217 4349 1284 4417 ζῇ
1309 4385 1324 4410 ,
1372 4345 1440 4398 δι’
1473 4346 1680 4416 ἕτερον,
1708 4346 1804 4399 καὶ
1855 4344 1916 4397 οὺ

327 4441 407 4494 δι’
435 4441 626 4494 ἑαυτὸν
661 4440 752 4510 ζῇ.
788 4440 846 4492 Ὀ
883 4440 938 4491 δὲ
971 4439 1037 4491 δι’
1079 4440 1266 4508 ἕτερον
1298 4439 1408 4503 ζῶν
1459 4439 1710 4508 αὐτοζωὴ
1773 4433 1918 4491 εἶναι

328 4535 399 4588 οὐ
451 4533 697 4586 δύναται.
748 4533 882 4587 Οὐδὲ
914 4532 1023 4603 γὰρ
1057 4534 1084 4584 ὁ
1122 4534 1261 4584 κατὰ
1317 4531 1477 4600 χάριν
1536 4530 1691 4599 arto;
1757 4531 1918 4585 αὺτο-

2029 3343 2214 3412 igitur,
2242 3344 2498 3411 quoniam
2527 3342 2835 3396 hominibus
2876 3342 3063 3410 judicii
3091 3351 3308 3411 tempus
3335 3340 3476 3393 scire
3501 3354 3608 3391 non

2021 3434 2360 3503 expediebat.
2397 3434 2530 3488 Nam
2582 3434 2794 3490 assidua
2853 3435 3194 3502 exspectatio
3240 3433 3360 3485 illos
3387 3433 3450 3484 ad
3497 3433 3612 3500 pie-

2035 3537 2201 3582 tatem
2277 3528 2630 3583 exeolendam
2698 3526 3060 3595 promptiores
3130 3525 3328 3578 reddit.
3391 3523 3612 3589 Quodsi

2027 3619 2245 3688 longum
2283 3618 2543 3687 temporis
2567 3618 2800 3686 spatium
2854 3618 3294 3671 intercessurum
3336 3615 3616 3682 cognovis-

2021 3718 2163 3776 sent,
2192 3710 2612 3780 negligentiores
2660 3706 2836 3763 eﬂ'ecti
2883 3717 3088 3772 essent,
3139 3716 3423 3774 Sperantes
3475 3705 3610 3765 fore,

2023 3812 2082 3856 ut
2116 3811 2240 3871 post
2266 3803 2452 3864 etiam,
2499 3801 2542 3853 si
2577 3799 2983 3868 resipiscerent,
3023 3797 3317 3865 placerent.
3353 3793 3486 3848 Nam
3516 3794 3610 3860 qui
3680 3835 3687 3842 .

2025 3894 2140 3948 ﬁeri
2177 3903 2375 3964 potet-1t,
2403 3901 2459 3945 ut
2489 3905 2610 3946 eum
2636 3890 2725 3943 illa
2777 3891 2905 3943 liora
2942 3889 3124 3950 lateat,
3169 3887 3258 3956 qui
3313 3900 3484 3954 usque
3540 3885 3609 3937 ad

2020 3987 2191 4057 ipsam
2218 3987 2404 4039 horam
2441 3986 2588 4037 novlt
2615 3981 2836 4037 omnia?
2878 3981 3101 4035 Frustra
3128 3989 3388 4049 prteterea
3442 3979 3614 4032 dixis-

2022 4091 2108 4136 set
2143 4079 2437 4148 Apostolus
2472 4097 2485 4133 :
2520 4077 2588 4131 In
2618 4094 2719 4147 quo
2767 4085 2888 4130 sunt
2926 4091 3102 4160 om_nes
3147 4075 3382 4128 thesauri
3404 4073 3616 4141 sapien-

1988 4217 1995 4226 .
2023 4177 2111 4231 tia:
2143 4183 2190 4226 et
2219 4171 2529 4240 cognitionis
2566 4170 2820 4224 reconditi
2855 4170 2900 4224 ⁸.

2662 4258 2744 4312 Ea:
2768 4261 2972 4313 eodem.

2095 4354 2150 4410 Si
2186 4361 2402 4424 propter
2430 4352 2643 4407 Patrem
2699 4351 2866 4407 FilillS
2915 4352 3066 4416 vivit,
3120 4367 3216 4423 per
3263 4353 3450 4418 alium,
3509 4369 3613 4407 non

2021 4460 2116 4518 per
2147 4462 2206 4502 se
2241 4446 2390 4500 vivit.
2448 4444 2550 4512 Qui
2581 4456 2756 4500 autem
2815 4460 2910 4515 per
2960 4445 3122 4498 alium
3171 4445 3324 4510 vivit,
3370 4461 3474 4498 non
3533 4455 3616 4498 est
3679 4480 3684 4485 -

2022 4540 2135 4608 ipsa
2164 4539 2271 4594 vita
2307 4559 2321 4596 :
2352 4554 2476 4593 nam
2506 4548 2561 4594 et
2588 4539 2678 4608 qui
2726 4553 2821 4606 per
2867 4539 3033 4593 alium
3081 4547 3301 4592 sanctus
3352 4549 3454 4598 est,
3509 4553 3616 4592 nuit

329 4629 512 4694 ἅγιος.
559 4625 858 4694 Ἐψεύσατο
898 4624 990 4677 οὖν
1032 4627 1060 4677 6
1102 4623 1230 4687 Υἱὸς
1267 4625 1462 4688 εἰπὼν,
1502 4623 1654 4692 Ἐγώ
1714 4626 1832 4693 ειμι
1871 4625 1910 4692 ἠ

2020 4644 2100 4689 est
2124 4634 2240 4702 ipsa
2287 4633 2575 4687 sanctitas.
2598 4632 2853 4686 Mentitus
2885 4641 2971 4686 est
3023 4631 3185 4698 igitur
3231 4626 3401 4682 Filius
3430 4668 3445 4690 ,
3482 4620 3613 4698 Ego,

329 4717 448 4787 ᾆυή
470 4735 485 4750 ⁸
523 4719 614 4772 καὶ
646 4718 823 4781 πάλιν,
863 4719 1028 4772 οὕτω
1063 4720 1160 4772 καὶ
1221 4723 1253 4773 ὁ
1293 4719 1428 4785 Υἱὸς
1451 4719 1558 4786 οὓς
1588 4721 1748 4774 θέλει
1780 4720 1915 4781 (too-

327 4811 514 4867 ποιεῖ.
549 4812 642 4876 Εἰς
680 4813 776 4882 τὴν
815 4813 1234 4883 ὲνανθρώπησιν
1262 4812 1378 4877 οὖν,
1426 4816 1525 4867 καὶ
1556 4815 1657 4868 οὐκ
1693 4817 1773 4885 et;
1813 4817 1914 4885 τὴν

332 4904 567 4972 Θεότητα
591 4905 650 4956 τὸ
672 4904 963 4974 εἰρημένοι
993 4905 1074 4958 δεῖ
1107 4907 1271 4958 νοεῖν.

877 4997 981 5050 Ἐκ
1009 4995 1116 5051 τοῦ
1148 4998 1360 5053 αὐτοῦ.

409 5088 473 5143 Ei
530 5089 815 5160 ἄμπελος,
867 5094 1078 5159 φασὶν,
1142 5093 1170 5146 6
1235 5094 1477 5162 Σωτὴρ,
1540 5092 1798 5166 κλήματα
1860 5096 1918 5150 δὲ

329 5185 518 5252 ἡμεῖς,
564 5182 807 5253 γεωργὸς
842 5182 900 5234 δὲ
933 5185 961 5236 ὁ
987 5183 1192 5255 Πατὴρ,
1218 5184 1286 5238 τὰ
1315 5185 1369 5237 δὲ
1405 5186 1664 5257 κλήματα
1691 5189 1912 5258 ὁμοφυῆ

334 5276 442 5345 μὲν
494 5281 558 5348 τῇ
608 5277 874 5348 ἀμπέλῳ,
918 5277 1036 5346 ἡδὲ
1086 5279 1330 5346 ἄμπελοξ
1389 5280 1486 5348 οὐχ
1531 5282 1780 5352 ὁμοφυὴς
1840 5281 1915 5352 τῷ

333 5371 592 5439 γεωργῷ.
621 5372 866 5440 ὁμοφνὴς
891 5370 990 5440 μὲν
1016 5371 1145 5440 ἡμῖν
1174 5373 1203 5424 6
1237 5372 1386 5436 Υἱὸς,
1414 5375 1509 5426 καὶ
1544 5376 1716 5445 μέρος
1747 5377 1912 5446 ἡμεῖς

328 5460 525 5520 αὐτοῦ,
561 5462 658 5532 οὐχ
686 5462 935 5532 ὁμοεθνὴς
965 5463 1021 5516 δὲ
1046 5462 1124 5531 τῷ
1153 5463 1348 5532 [Im-pi,
1379 5464 1516 5517 ἀλλὰ
1566 5467 1707 5520 κατὰ
1733 5471 1912 5522 πάντα

331 5555 642 5624 ἀλλότριος.
684 5556 826 5626 Πρὸς
856 5555 950 5618 οὓς
979 5557 1236 5626 ἐροῦμεν·
1275 5559 1354 5610 Οὐ
1380 5559 1478 5627 τῆς
1530 5559 1786 5631 θεότητος
1817 5566 1916 5615 αὑ·

329 5649 454 5715 τοῦ,
485 5649 619 5703 ἀλλὰ
655 5651 753 5720 τῆς
788 5651 988 5722 σαρκὸς
1025 5653 1251 5721 εἴρηκεν
1282 5655 1427 5722 ἡμᾶς
1454 5655 1728 5724 κλήματα.
1757 5658 1916 5712 Κατὰ

456 5864 470 5887 ⁸
497 5860 726 5924 Ρὶιίἲὶςιιο.
759 5873 817 5920 ιι,
848 5859 900 5912 9.
1017 5861 1034 5889 ‘
1066 5859 1109 5910 ἃ]
1135 5859 1249 5912 ιιι».
1305 5874 1430 5918 xxv,
1466 5859 1546 5912 l8.
1627 5859 1646 5890 ³
1683 5861 1818 5925 ,ιοεη

331 5938 347 5966 ⁷
384 5931 546 5986 Juan.
582 5947 691 5986 MV.
719 5933 799 6014 6..“
847 5931 868 5961 ⁸
899 5930 1030 6012 .loau
1084 5946 1133 6016 ν.
1166 5931 1254 6016 '2).
1320 5930 1339 5958 ³
1365 5929 1519 5982 Joan.
1556 5945 1648 6011 xv,
1679 5934 1820 6008 με.

1017 5861 1034 5889 ³
1066 5857 1249 5946 31-bit.
1305 5874 1430 5946 ξιξ.
1466 5858 1546 5912 l8.
1627 5859 1646 5890 ³
1683 5861 1840 5925 Joan.
1881 5878 1991 5930 XVI,
2030 5865 2115 5920 lii.

2017 4728 2287 4796 inquiens,
2316 4744 2430 4781 sum
2462 4727 2638 4792 vita";
2670 4737 2723 4780 et
2751 4742 2767 4780 :
2796 4725 2886 4779 Sic
2913 4737 2958 4779 et
2987 4722 3156 4778 Filius
3186 4739 3314 4793 quos
3338 4723 3461 4785 vult,
3497 4723 3618 4774 tirio

2018 4821 2204 4890 ﬁcat'.
2256 4822 2439 4886 Quare
2517 4819 2721 4874 dictum
2811 4817 2941 4871 illud
3005 4832 3109 4870 non
3167 4817 3231 4869 ad
3279 4803 3630 4869 divinitatem

2017 4919 2280 4990 pertinet,
2316 4913 2409 4969 sed
2442 4916 2507 4966 ad
2546 4913 2968 4969 humanitatem.

2660 5002 2744 5057 EI
2778 5003 2982 5059 eodem.

2092 5099 2147 5155 Si
2183 5101 2306 5155 vitis
2349 5109 2450 5158 est.
2484 5097 2757 5166 inquiunt,
2792 5094 3074 5160 Servatur,
3117 5110 3216 5152 uos
3267 5106 3446 5152 autem
3500 5093 3617 5163 pal-

2019 5197 2196 5255 mites.
2233 5195 2393 5249 Pater
2421 5177 2600 5244 autem
2639 5189 2875 5258 agricola
2901 5192 2946 5255 ⁸,
3005 5189 3256 5260 palmites
3305 5199 3486 5242 autem
3519 5186 3614 5240 viti

2018 5299 2214 5342 natura
2247 5283 2528 5353 cunjuncti
2553 5292 2698 5346 sunt,
2730 5283 2854 5337 vitis
2886 5293 3065 5337 autent
3107 5283 3356 5354 agricola:
3386 5290 3610 5332 natura-

2017 5381 2143 5440 liter
2186 5394 2291 5431 non
2344 5388 2426 5430 est
2487 5375 2802 5437 conjuncta,
2861 5374 3032 5428 Filius
3064 5386 3255 5428 natura
3326 5371 3613 5426 nobiscum

2022 5472 2348 5540 conjunctus
2374 5479 2477 5531 est,
2509 5483 2614 5524 non
2646 5478 2827 5524 autem
2868 5469 3108 5538 ejusdem
3140 5478 3222 5521 est
3253 5475 3459 5519 natura:
3488 5479 3612 5519 cum

2023 5569 2206 5632 Patre,
2236 5567 2345 5635 [sed
2401 5564 2468 5618 ab
2499 5578 2564 5618 eo
2615 5566 2832 5631 penitus
2894 5563 3122 5616 alienus.
3171 5559 3609 5630 Respondemus,

2029 5661 2312 5716 Dominum
2340 5673 2447 5712 non
2479 5657 2798 5721 divinitatis,
2823 5657 2917 5712 sed
2945 5656 3128 5711 carnis
3159 5669 3271 5710 sua:
3299 5668 3398 5710 nos
3418 5653 3612 5724 palmi-

2231 5864 2251 5896 ⁸
2283 5864 2422 5919 ibid.
2533 5864 2554 5894 '
2605 5861 2796 5918 Matth.
2834 5877 2886 5927 κ,
2925 5861 3016 5914 27.
3131 5857 3152 5888 ⁶
3187 5857 3400 5938 Coloss.
3444 5873 3508 5926 ll,
3547 5859 3604 5913 5.
