4026 6290
528 402 631 464 347
1772 410 2145 472 ΕΗἸἮΥΜΗ

2248 414 2560 475 lGABENl
3664 422 3751 485 διε

530 523 612 568 tes
640 526 763 568 esse
788 515 1011 571 dixisse.
1066 515 1540 581 Quemadmodum
1592 515 1885 584 Apostolus
1922 537 1936 573 :
1992 518 2125 583 Nos,

2247 524 2284 575 ῐὲ
2314 524 2407 576 τὸν
2443 524 2764 578 Ἀπόστολον
2795 524 3038 587 εἰπόντα,
3084 524 3285 593 Ἡμεῖς
3317 523 3382 577 δέ
3408 526 3580 597 ἐσμεν·
3611 534 3755 604 σῶμα

527 605 723 673 inquit,
752 623 932 660 sumus
955 623 1139 675 corpus
1171 608 1391 673 Christi,
1424 618 1473 662 et
1509 609 1743 664 membra
1773 627 1839 665 ea:
1885 624 2036 681 parte
2087 615 2129 669 ¹.

2247 618 2522 684 Χριστοῦ,
2559 618 2658 674 καὶ
2697 619 2858 687 μέλη
2901 618 2970 671 ἐκ
2994 619 3240 687 μέρους.
3304 619 3408 671 Καὶ
3457 622 3622 690 πάλιν,
3656 630 3758 683 οὐκ

531 697 595 748 Et
635 698 816 751 alibi:
888 697 1141 763 Nescitis,
1196 701 1390 770 inquit,
1450 717 1673 769 corpora
1732 712 1905 755 vestra
1990 720 2101 757 esse

2247 709 2459 774 οιδατε,
2486 710 2573 763 ὅτι
2599 709 2671 763 τὰ
2694 710 2941 780 σώματα
2970 710 3137 780 ὑμῶν
3160 710 3316 780 μέλη
3344 715 3584 781 Χριστοῦ
3627 720 3759 787 ian;

528 788 727 842 Christi
781 791 1012 844 membra
1043 792 1101 844 ’Ἰ
1150 791 1216 845 Ει
1262 792 1368 847 alio
1419 792 1543 846 looo
1586 810 1599 845 :
1656 792 1871 858 Qualis,
1931 793 2131 861 inquit,

2247 805 2335 854 καὶ
2369 805 2428 855 ἐν
2459 802 2659 865 ἄλλοις,
2686 798 2825 869 Οῖος
2855 805 2887 857 ό
2917 804 3145 871 χοϊκός,
3180 803 3435 859 τοιοῦτοι
3472 808 3561 861 καὶ
3588 813 3636 862 οι
3659 820 3763 879 χοὶ·

531 890 790 943 terreuus,
823 881 954 935 tales
989 892 1039 936 et
1063 886 1285 947 terreni;
1319 896 1365 937 et
1401 885 1573 952 qualis
1623 886 1871 948 caelestis,
1914 886 2045 937 tales
2079 895 2131 938 et

2247 894 2356 953 ιιοὶ.
2384 895 2485 949 καὶ
2526 889 2654 961 οἷος
2686 898 2720 950 ό
2767 895 3149 964 ἐπουράνιος,
3189 896 3440 951 τοιοῦτοι
3478 899 3569 952 καί
3598 905 3645 954 ot
3674 904 3763 956 ἐπ-

530 971 781 1026 cuelestes.
850 974 960 1029 Et:
999 973 1151 1029 Sicut
1210 978 1533 1045 portavimus
1590 977 1872 1047 imaginem
1919 980 2134 1044 terreni,

2247 985 2534 1054 οιράνιοι.
2588 987 2798 1054 Καθὼς
2843 987 3221 1058 ἐφορέσαμεν
3283 988 3397 1056 τὴν
3440 992 3628 1046 εἰκόνα
3674 997 3765 1051 τοῦ

528 1074 791 1128 portemus
821 1076 868 1118 et
904 1066 1189 1135 imaginem
1225 1068 1443 1123 catastis
1475 1068 1519 1121 ³.

2247 1080 2471 1147 χοϊκοῦ,
2500 1081 2855 1149 φορέσωμεν
2888 1081 2988 1135 καὶ
3025 1082 3139 1149 τὴν
3167 1082 3373 1135 εἰκόνα
3399 1083 3501 1137 τοῦ
3510 1083 3763 1155 ξέπουρα·

2239 1173 2398 1227 νίου.
3769 1206 3780 1227 ρ

2792 1269 2893 1321 Ἐκ
2921 1266 3027 1321 τοῦ
3049 1267 3260 1321 αὐτοῦ.
3766 1224 3775 1321 i

2313 1355 2375 1409 Et
2409 1355 2538 1428 περὶ
2568 1357 2765 1412 ἑαυτοῦ
2798 1360 2826 1411 6
2854 1358 2981 1421 Υἱὸς
3005 1360 3181 1426 ἔλεγε,
3209 1358 3415 1429 Πάτερ.
3449 1366 3500 1417 εὶ
3520 1298 3780 1429 Guy-ardia!

2241 1416 2587 1515 παρελθέτω
2622 1450 2723 1504 ἀπ’
2760 1451 2908 1521 ἐμοῦ
2935 1416 3000 1504 τὸ
3023 1416 3316 1521 ποτήριον
3333 1416 3521 1517 emito,
3548 1416 3602 1509 οὗ
3635 1416 3781 1529 μόνονῗ

2240 1542 2441 1595 ἑαυτοῦ
2479 1543 2681 1597 δειλίαν
2721 1545 2818 1597 καὶ
2844 1544 3135 1598 ἀσθένειαν
3157 1536 3473 1616 κατηγορεῖ,
3504 1548 3608 1601 ἀλλ’
3647 1547 3766 1603 εἶναι

2242 1648 2294 1683 τι
2322 1632 2418 1685 καὶ
2444 1633 2710 1685 ἀδύνατον
2733 1633 2812 1703 τῷ
2843 1634 3022 1701 Πατρὶ
3052 1636 3294 1704 ἐνόμιζε.
3328 1636 3401 1689 Τὸ
3418 1637 3521 1707 γὰρ
3545 1642 3590 1692 ει
3618 1639 3772 1693 δυνα-

2246 1723 2354 1774 τὸν
2388 1722 2825 1791 ἁμφιδὰλλοντος
2849 1719 2939 1793 ἦν.
2972 1725 3085 1795 Οὐχ
3129 1725 3271 1795 ὑπὲρ
3306 1726 3497 1780 ἑαυτοῦ
3522 1723 3608 1781 οὖν
3626 1732 3773 1799 ᾐτεῖτο

2245 1811 2401 1863 τοῦτο
2424 1812 2621 1880 λέγων,
2642 1815 2757 1866 ἀλλ’
2779 1816 2923 1886 ὑπὲρ
2945 1815 3056 1869 τῶν
3080 1816 3382 1885 μελλόντων
3402 1818 3599 1871 ἀνελεῖν
3617 1821 3772 1883 αὑτὸν,

2176 1885 2216 1940 Β
2251 1902 2336 1956 ἵνα
2364 1903 2441 1974 μὴ
2463 1902 2639 1968 οὕτως
2669 1885 3015 1976 ἁμάρτώσιν,
3057 1907 3200 1977 ὑπὲρ
3227 1900 3308 1961 ὧν
3334 1907 3485 1971 αὖθις
3514 1910 3677 1979 ᾐτεῖτο
3700 1910 3778 1963 καὶ

2249 1998 2607 2067 σταυρωθεὶς,
2638 1998 2848 2068 Πάτερ,
2879 2000 3075 2068 λέγων,
3107 2000 3261 2067 ἄφες
3290 2004 3509 2069 αὐτοῖς.

1161 1238 1246 1293 Ea:
1268 1244 1474 1295 eodem.

606 1333 661 1387 Si
696 1333 863 1388 Filius
892 1334 958 1387 de
999 1348 1056 1388 se
1090 1333 1207 1401 ipso
1243 1334 1567 1400 loquebatur
1601 1371 1616 1397 ,
1648 1332 1830 1397 Pater,
1867 1331 2136 1397 inquiens,

538 1426 585 1476 si
620 1424 737 1492 ﬁeri
770 1432 959 1492 potest,
1001 1434 1233 1478 transeat
1265 1442 1296 1477 a
1332 1440 1412 1478 me
1440 1425 1584 1478 calix
1612 1425 1712 1477 iste
1747 1424 1793 1486 ⁸,
1823 1438 1935 1495 non
1978 1425 2139 1476 modo

537 1516 786 1567 timorem
846 1523 901 1568 et
961 1514 1386 1568 imbecillitatem
1454 1528 1608 1567 suam
1663 1513 1995 1579 declarabat,
2044 1511 2140 1566 sed

544 1603 748 1671 aliquid
781 1605 940 1658 etiam
994 1618 1022 1656 a
1051 1603 1211 1660 Patre
1246 1604 1360 1659 ﬁeri
1412 1620 1514 1659 non
1542 1620 1699 1673 posse
1746 1606 2141 1661 arbitrabatur.

536 1693 674 1748 Nam
705 1694 794 1750 illa
838 1698 1040 1750 verba:
1074 1694 1133 1749 Si
1188 1697 1306 1764 ﬁeri
1372 1708 1563 1765 potest,
1625 1698 1948 1767 ambigentis
1991 1704 2137 1752 sunt.

542 1788 656 1840 Non
690 1787 853 1853 igitur
888 1802 984 1855 pro
1013 1802 1073 1841 se
1107 1787 1221 1855 ipso
1252 1788 1323 1840 ita
1378 1788 1604 1857 loquens
1645 1788 1985 1857 postulabat,
2045 1789 2139 1841 sed

540 1893 639 1945 pro
670 1877 776 1931 illis
801 1877 892 1946 qui
928 1877 1103 1946 ipsum
1137 1887 1293 1932 erant
1315 1878 1571 1941 occisuri,
1621 1893 1691 1933 ne
1722 1888 1931 1932 tantum
1965 1876 2141 1932 scelus

541 1969 924 2033 admitterent,
976 1982 1076 2038 pro
1102 1969 1301 2037 quibus
1333 1971 1497 2023 etiam
1537 1970 1589 2022 in
1624 1983 1843 2024 erucem
1891 1968 2138 2023 sublatus

544 2063 739 2115 orabat
771 2078 785 2115 :
825 2060 1003 2125 Pater,
1038 2061 1310 2130 inquiens,
1347 2064 1550 2115 dimitte
1584 2062 1694 2115 illis
1725 2063 1765 2115 ⁸.

1218 2152 1303 2205 Ea:
1335 2155 1534 2210 eodem.

614 2245 669 2298 Si
706 2245 944 2298 hominis
975 2254 1140 2314 caput
1171 2255 1255 2300 est
1297 2246 1573 2312 Christus,
1624 2254 1679 2301 et
1721 2246 1921 2301 Christi
1980 2254 2141 2314 caput

542 2346 627 2390 est
665 2334 806 2389 Deus
830 2336 873 2399 ⁸,
907 2336 1068 2389 homo
1123 2345 1303 2390 autem
1329 2352 1431 2390 non
1464 2345 1548 2391 est
1596 2336 1837 2404 ejusdem
1892 2334 2140 2389 essentite

541 2442 667 2481 cum
703 2426 831 2493 Deo,
859 2443 1037 2497 neque
1065 2429 1208 2483 enim
1237 2428 1379 2482 Deus
1418 2405 1525 2493 est,
1556 2427 1809 2481 Christus
1847 2439 2027 2481 autem
2057 2436 2139 2480 est

2789 2155 2889 2209 Ἐκ
2923 2155 3029 2210 τοῦ
3051 2156 3269 2211 αὐτοῦ.

2318 2243 2382 2295 Εἰ
2412 2241 2604 2311 ἀνδρὸς
2637 2243 2851 2312 κεφαλὴ
2900 2246 2927 2297 6
2955 2245 3214 2314 Χριστὸς,
3250 2245 3459 2317 κεφαλὴ
3488 2246 3540 2299 δὲ
3573 2248 3779 2318 Χριστοῦ

2244 2335 2273 2386 ὁ
2299 2334 2452 2396 Θεὸς,
2482 2333 2767 2403 ἄνθρωπος
2804 2334 2859 2386 δὲ
2888 2335 2965 2404 τῷ
2999 2335 3121 2406 Θεῷ
3145 2338 3245 2407 οὐχ
3272 2339 3551 2406 ὀμοούσιος
3578 2354 3591 2367 ·
3620 2339 3675 2391 οὐ
3695 2341 3783 2409 γὰρ

2246 2425 2399 2488 Θεὸς,
2436 2426 2669 2494 Χριστὸς
2700 2427 2759 2478 δὲ
2785 2426 2862 2495 τῷ
2890 2427 3007 2496 Θεῴ
3034 2427 3327 2497 όμοούσιος
3351 2447 3365 2462 ο
3395 2431 3522 2493 Θεὸς
3549 2432 3649 2501 γάρ
3668 2448 3680 2461 ·
3703 2432 3786 2484 οὐκ

545 2522 789 2589 ejusde'ln
818 2524 1073 2578 essentia:
1103 2539 1223 2577 cum
1253 2524 1386 2589 Deo,
1424 2539 1616 2592 nempe
1670 2524 1834 2587 Deus,
1893 2539 1997 2577 non
2042 2539 2136 2577 eo-

546 2612 669 2663 dem
721 2611 877 2663 modo
910 2622 1071 2678 (aput
1117 2613 1348 2667 hominis
1400 2612 1656 2667 Christus
1704 2622 1808 2674 est,
1842 2628 1949 2681 quo
2000 2612 2140 2666 Deus

547 2712 635 2758 est
678 2704 902 2758 Christi.
938 2703 1140 2759 Natura
1201 2707 1345 2759 enim
1396 2716 1576 2761 creata
1662 2716 1715 2759 et
1775 2706 2032 2759 divinitas
2085 2706 2139 2758 in

549 2809 715 2846 unum
756 2810 861 2847 non
912 2804 1283 2871 concurrunt._
1326 2794 1467 2864 Ergo
1519 2795 1681 2859 Deus,
1724 2804 1780 2869 ut
1828 2794 2010 2858 Pater,
2058 2805 2140 2850 est

547 2888 748 2943 Chri~ti
775 2897 955 2955 caput,
987 2886 1236 2942 Christus
1261 2897 1464 2951 autem,
1499 2895 1557 2939 ut
1581 2885 1829 2948 eﬂ‘ector,
1865 2895 2026 2954 caput
2057 2894 2141 2938 est

552 2978 815 3034 hominis.

1226 3068 1311 3123 Ea:
1338 3071 1538 3125 eodem.

2246 2520 2355 2590 ἄρα
2398 2520 2474 2584 ὡς
2523 2519 2717 2589 ἀνδρὸς
2755 2520 2963 2590 κεφαλὴ
2997 2520 3258 2589 Χριστὸς,
3327 2520 3471 2575 οὕτω
3520 2525 3610 2574 καὶ
3672 2522 3786 2584 Θεὸς

2245 2614 2505 2684 Χριστοῦ.
2554 2614 2617 2666 Ἦ
2654 2613 2758 2683 γὰρ
2793 2615 2986 2684 κτιστὴ
3036 2614 3199 2683 φύσις
3226 2615 3326 2669 καὶ
3351 2617 3383 2685 ἡ
3412 2615 3652 2677 ἄκτιστος
3688 2614 3787 2667 Θεό-

2245 2724 2346 2776 της
2372 2706 2452 2770 είς
2478 2705 2539 2758 ἓν
2588 2705 2684 2758 καὶ
2718 2705 2915 2757 ταυτὸν
2968 2707 3029 2758 οὐ
3087 2707 3506 2776 συμϐαίνουσ.ν.
3546 2705 3733 2761 Οὐκοῦν
3766 2707 3789 2757 6

2251 2799 2351 2869 μὲν
2383 2797 2458 2860 ὡς
2505 2797 2696 2867 Πατὴρ
2748 2797 2962 2868 κεφαλὴ
2984 2798 3251 2868 Χριστοῦ,
3296 2801 3325 2852 6
3377 2799 3435 2852 δὲ
3490 2798 3562 2861 ὡς
3590 2797 3790 2868 ποιητὴς

2247 2889 2460 2961 κεφαλὴ
2491 2890 2668 2959 ἡμῶν.

2801 3048 2905 3101 Ἐκ
2930 3047 3039 3102 τοῦ
3066 3047 3281 3103 αὐτοῦ.

624 3164 684 3219 Si
712 3175 769 3218 ut
799 3164 960 3224 Deus.
992 3177 1093 3217 non
1130 3171 1311 3217 autem
1342 3171 1401 3216 ut
1428 3162 1591 3216 homo
1636 3161 1850 3230 petebat
1885 3178 1898 3214 :
1930 3160 2145 3229 ϐίαι-ἱβ-

2321 3142 2381 3195 Εἰ
2410 3140 2738 3211 δοξασθῆναι
2790 3142 2942 3209 παρὰ
3001 3140 3102 3193 τοῦ
3159 3139 3382 3209 Πατρὸς
3417 3137 3581 3191 αἰτῶν
3610 3138 3636 3189 6
3664 3135 3793 3197 Υἱὸς.

550 3275 616 3311 ca
643 3274 739 3321 uie,
773 3257 1042 3325 inquiens.
1080 3254 1240 3307 Pater
1270 3254 1311 3318 ",
1363 3268 1472 3307 non
1509 3253 1743 3308 habebat
1787 3253 1839 3306 id
1892 3255 2033 3321 quod
2062 3269 2156 3321 po-

555 3350 809 3404 stulabat.
840 3347 1268 3417 EteVaugelista.
1288 3345 1403 3415 qui,
1434 3344 1691 3407 Vidimus,
1714 3345 1910 3415 inquit,
1928 3345 2152 3414 gloriam

554 3441 669 3509 ejus
699 3440 742 3499 ⁸,
773 3441 1054 3502 mentitur;
1079 3448 1133 3492 et
1159 3435 1471 3506 Apostolus,
1525 3435 1842 3499 Dominum,
1877 3438 2152 3506 inquiens,

559 3528 746 3597 gloriw
772 3543 873 3581 non
910 3526 1292 3595 cruciﬁxissent
1323 3528 1380 3592 ⁹;
1430 3535 1485 3580 ει
1536 3524 1727 3589 David,
1793 3524 1861 3578 Et
1895 3524 2151 3593 inlroibit,

560 3622 836 3689 inquiens,
869 3619 976 3674 Rea:
1012 3621 1192 3690 gloria:
1221 3618 1286 3675 '°.
1358 3618 1470 3674 Non
1511 3620 1729 3689 petebat
1782 3618 1945 3689 igitur
1966 3633 2153 3675 acces-

550 3705 766 3783 ‘siouem
846 3708 1048 3780 glorize,
1107 3707 1199 3762 sed
1286 3708 1537 3763 humana:
1594 3708 1790 3764 salutis
1864 3709 2152 3766 consilium

559 3798 827 3865 pateﬁeri.

1194 3890 1276 3947 Ex
1306 3895 1514 3950 eodem.

631 3987 688 4044 Si
748 3988 1012 4062 gloriam,
1067 4004 1230 4058 quam
1284 3988 1518 4042 habebat
1562 3995 1855 4056 antequam
1918 3987 2153 4040 mundus

562 4083 738 4151 ﬁeret,
781 4098 906 4139 vere
938 4082 1213 4152 ﬂagitabat
1246 4098 1276 4136 a
1304 4082 1487 4146 Patre,
1519 4080 1664 4135 illam
1710 4081 1966 4135 amissam
1996 4081 2151 4152 ﬂagi—

566 4177 708 4231 tabat
741 4192 757 4230 :
793 4191 966 4246 neque
1019 4176 1161 4229 enim
1216 4175 1268 4229 id
1319 4174 1461 4242 quod
1513 4173 1763 4239 habebat,
1828 4172 2150 4242 ﬂagitasset;

559 4265 718 4331 Quod
748 4266 792 4319 si
827 4265 899 4318 ita
934 4274 1039 4327 est,
1071 4281 1175 4318 non
1206 4263 1432 4333 gloriam
1484 4264 1684 4325 solum,
1744 4263 1839 4317 sed
1893 4263 2151 4317 divinita-

565 4367 671 4412 tem
707 4356 985 4439 amiserat.
1018 4354 1196 4409 Gloria
1231 4355 1377 4409 enim
1431 4370 1459 4408 a
1489 4354 1773 4409 divinitate
1805 4353 2011 4423 sejungi
2045 4370 2151 4408 non

564 4452 764 4514 potest.
814 4444 977 4514 Ergo,
1040 4454 1095 4495 ut
1158 4442 1422 4498 Photinus
1466 4443 1757 4505 sentiebat,
1800 4452 1919 4496 erat
1990 4444 2151 4497 homo

2255 3236 2472 3299 θεῖκῶς,
2510 3237 2603 3289 καὶ
2630 3237 2730 3287 οὐκ
2767 3233 3122 3304 ἀνθρωπίνως
3143 3232 3290 3303 ᾔτει,
3312 3231 3340 3284 ὃ
3371 3231 3471 3284 οὐκ
3502 3225 3641 3299 εἶχεν
3668 3227 3794 3299 ᾔτει,

2256 3328 2351 3381 καὶ
2382 3327 2639 3396 ψεύδεται
2696 3329 2724 3379 6
2753 3325 3159 3394 Εὑαγγελιστὴς
3186 3323 3386 3388 εἰπὼν,
3426 3319 3800 3388 Ἔθεασιίμεθα

2255 3418 2369 3485 τὴν
2390 3417 2580 3481 δόξαν
2602 3416 2789 3471 αὑτοῦ
2816 3432 2830 3447 ο
2858 3417 2951 3467 καὶ
3002 3417 3030 3467 6
3066 3412 3418 3477 Ἀπόστολος,
3474 3412 3594 3465 Οὐκ
3616 3409 3687 3465 ἂν
3709 3407 3802 3461 τὸν

2255 3510 2477 3578 Κύριον
2503 3506 2614 3578 τῆς
2644 3508 2830 3575 δόξης
2859 3506 3294 3573 ἐσταύρωσαν’
3329 3506 3427 3557 καὶ
3455 3504 3484 3555 6
3516 3502 3686 3563 Δαδὶδ,
3709 3498 3802 3553 Καὶ

2255 3602 2670 3658 εἰσελεύσεται
2701 3604 2733 3654 ό
2756 3598 3064 3664 ,βασιλεὺς
3088 3595 3196 3665 τῆς
3222 3596 3437 3664 δόξης.
3474 3596 3546 3650 Οὐ
3586 3591 3804 3663 «postli-

2256 3713 2359 3766 κην
2395 3695 2487 3751 οὖν
2517 3695 2675 3765 δόξης
2699 3696 2860 3760 αίτεῖ,
2896 3693 3032 3747 ἀλλὰ
3062 3691 3164 3762 τῆς
3218 3691 3545 3761 οἰκονομίας
3593 3687 3687 3757 τὴν
3714 3699 3804 3752 pa.

2254 3788 2489 3859 viptuotv
2528 3786 2802 3854 γενέσθαι.

2324 3940 2327 3941 ν
2778 3876 2895 3935 ,Ἐκ
2927 3876 3033 3931 τοῦ
3064 3875 3277 3931 αὐτοῦ.

2328 3972 2390 4025 El
2413 3972 2514 4040 τὴν
2538 3970 2695 4034 δόξαν
2725 3970 2791 4039 ἢν
2819 3964 2933 4037 εἶχε
2961 3968 3066 4039 πρὸ
3102 3967 3197 4020 τοῦ
3219 3968 3320 4022 τὸν
3344 3966 3550 4037 κόσμον
3578 3958 3807 4032 γενέσθαι

2254 4064 2472 4136 ἀληθῶς
2500 4064 2652 4135 παρὰ
2675 4062 2770 4116 τοῦ
2815 4061 3030 4133 Πατρὸς
3052 4061 3193 4132 ᾔτει,
3223 4061 3332 4114 οὐκ
3363 4060 3431 4114 ἂν
3458 4060 3487 4112 δ
3510 4054 3621 4127 εἶχε
3646 4052 3807 4107 λασεῐν

2255 4161 2537 4231 ἐπεζήτει.
2574 4160 2638 4212 Et
2669 4159 2726 4212 δὲ
2768 4158 2952 4219 τοῦτο,
2999 4158 3062 4209 οὐ
3106 4155 3206 4226 τὴν
3265 4155 3432 4219 δόξαν
3468 4149 3807 4218 ἀποϐεϐλήκει

2259 4255 2441 4325 μόνον,
2461 4252 2598 4305 ἀλλὰ
2627 4252 2719 4304 καὶ
2742 4250 2843 4319 τὴν
2878 4250 3130 4318 θεότητα.
3149 4249 3493 4318 ’Λχώριστος
3516 4246 3671 4313 γὰρὴ
3698 4239 3808 4303 δόξα

2253 4347 2353 4417 τῆς
2380 4345 2656 4413 θεότητος.
2690 4342 2858 4403 Ψιλὸς
2891 4340 2986 4394 οὖν
3008 4341 3147 4394 κατὰ
3168 4341 3449 4393 Φωτεινὸν
3468 4335 3537 4410 ἦν
3554 4336 3809 4404 ἄνθρωπος

2255 4446 2385 4515 ἄρα.
2418 4444 2675 4497 ⁴Ιθαίνεται
2705 4438 2798 4495 οὖν
2822 4441 2892 4496 τὰ
2920 4440 3148 4495 τοιαῦτα
3207 4441 3335 4495 κατ’
3374 4438 3686 4508 οἰκονομίαν
3725 4432 3810 4499 τήν

564 4504 755 4606 purus.
783 4504 1004 4591 Constat
1028 4536 1195 4605 igitur
1214 4537 1329 4592 haec
1355 4538 1421 4590 ad
1447 4535 1842 4591 humanitatem
1872 4533 2011 4604 ejus,
2044 4552 2145 4591 non

2256 4504 2356 4607 ei};
2400 4535 2839 4604 ἀνθρωπότητος,
2891 4532 2953 4584 οὐ
2994 4532 3115 4584 κατ’
3174 4531 3425 4600 ἔλλειψιν
3454 4504 3809 4599 τῆςῠθεότητος

563 4639 743 4687 autem
775 4632 843 4685 ad
875 4628 1217 4685 divinitatem
1255 4629 1467 4684 referri.

1206 4723 1289 4778 Ea:
1318 4724 1521 4779 eodem.

639 4817 694 4872 Si
724 4832 786 4872 ex
806 4832 869 4873 eo
893 4818 1033 4888 quod
1062 4817 1455 4888 primogenitus
1485 4826 1748 4872 creaturae
1769 4818 1945 4874 dictus
1964 4831 2049 4875 est
2080 4822 2148 4883 ¹¹.

565 4910 840 4979 colligitur
896 4925 1021 4965 eum
1072 4910 1304 4979 primum
1360 4919 1605 4964 creatum
1662 4924 1802 4975 esse,
1834 4910 2145 4981 Apostolus,

565 5002 655 5070 qui
683 4999 841 5061 dixit,
880 5016 975 5070 per
1006 5002 1184 5071 ipsum
1206 5013 1261 5057 et
1294 5002 1348 5056 in
1371 5003 1546 5072 ipsum
1576 5011 1755 5057 creata
1784 5018 1906 5058 esse
1937 5004 2145 5067 omnia,

567 5092 749 5145 dicere
791 5090 1001 5154 debuit,
1063 5100 1118 5145 et
1152 5091 1327 5159 ipsum
1366 5102 1491 5147 ante
1520 5093 1699 5148 omnia
1734 5102 1975 5147 creatum
2014 5092 2149 5146 fuis-

566 5183 711 5237 se".
751 5181 900 5235 Nunc
929 5189 1107 5236 autem
1149 5183 1283 5236 dixit
1318 5201 1330 5235 :
1369 5180 1437 5236 Et
1471 5184 1578 5250 ipse
1609 5193 1684 5237 est
1716 5192 1837 5239 ante
1863 5186 2040 5237 omnia
2080 5184 2147 5240 ¹⁸.

570 5274 649 5329 Ex
697 5289 808 5344 quo
847 5272 1167 5339 declarat-it,
1201 5274 1416 5327 etillqu
1453 5288 1669 5344 semper
1698 5289 1836 5341 esse,
1878 5286 1933 5329 et
1964 5291 2144 5329 rermu

572 5365 978 5420 universitatem
1008 5378 1130 5419 esse
1182 5365 1397 5418 factam.
1480 5365 1614 5419 Illud
1644 5369 1787 5420 enim
1820 5376 1899 5419 est
1958 5382 2150 5423 conso-

574 5467 665 5512 nat
688 5458 792 5513 illis
820 5458 1000 5513 verbis
1044 5475 1057 5512 :
1096 5456 1157 5511 1η
1193 5458 1454 5527 principio
1486 5469 1597 5510 erat
1633 5458 1873 5511 Verbum.

649 5712 663 5741 ¹
690 5711 857 5766 lCor.
886 5728 983 5775 xtl,
1016 5712 1105 5765 27.
1183 5714 1203 5743 ¹
1229 5711 1353 5767 Cor.
1390 5730 1464 5774 vt,
1491 5712 1556 5766 15
1576 5753 1588 5765 .

576 5781 631 5832 3.
678 5782 725 5848 γ’
755 5778 911 5833 Joau.
942 5798 1073 5843 ml,
1120 5783 1168 5835 l.
1246 5783 1267 5814 ⁸
1294 5783 1449 5837 Juan.
1484 5800 1524 5848 ι,
1556 5783 1641 5837 Η.

584 5850 631 5881 ⁸⁸
653 5847 785 5904 ibid.
812 5849 901 5904 l7.

867 5942 912 5972 Ἄ

1748 5784 1767 5813 ⁹
1799 5781 1815 5833 l
1845 5781 1967 5835 Cor.
2003 5796 2061 5845 ll,
2093 5778 2147 5835 8'.

1669 5712 1688 5743 ³
1720 5712 1734 5763 l
1766 5710 1891 5763 Cur.
1920 5725 2009 5771 xv,
2039 5706 2129 5769 48.
2158 5707 2243 5763 69.
2324 5709 2344 5739 ⁵
2367 5708 2552 5763 Matth.
2583 5724 2733 5771 τινι,
2760 5707 2851 5761 59.
2930 5708 2950 5739 ³
2981 5705 3109 5759 Luc.
3136 5716 3292 5761 ut".
3339 5701 3431 5755 34-

2226 5781 2268 5811 ³ο
2296 5777 2440 5836 Psal.
2490 5794 2647 5844 χχιιι,
2678 5778 2731 5832 9.

2259 4627 2517 4702 εἰρηκώς.

2801 4722 2895 4772 ‘Ex
2925 4717 3033 4772 τοῦ
3060 4716 3276 4771 αὐτοῦ.

2333 4814 2395 4868 Et
2432 4814 2496 4867 τὸ
2542 4814 2891 4883 πρωτότοκον
2942 4808 3196 4881 εἰρῆσθαι
3226 4808 3334 4877 τῆς
3365 4807 3601 4866 κτίσεως
3626 4802 3814 4871 πρῶτον

2256 4907 2502 4960 ἐκτίσθαι
2559 4906 2833 4959 δείκνυσιν
2860 4906 2888 4956 6
2930 4901 3260 4963 Ἀπόστολος
3296 4899 3501 4963 εἰπὼν,
3533 4896 3725 4951 Πάντα
3746 4887 3810 4940 δι’

2251 4999 2463 5059 αὐτοῦ,
2520 4997 2620 5050 καὶ
2666 4997 2755 5061 είς
2800 4995 2989 5050 αὐτὸν
3015 4994 3312 5055 ἔκτισται,
3346 4992 3587 5061 ὠφειλεν
3641 4984 3809 5039 εἰπεῖν,

2253 5090 2361 5143 Καὶ
2393 5089 2556 5151 αὐτὸς
2583 5089 2797 5156 ἐγένετο
2818 5086 2924 5156 πρὸ
2951 5085 3187 5139 πάντων.
3213 5083 3412 5137 Εἰπὼν
3432 5083 3512 5146 δὲ,
3533 5079 3634 5134 Καὶ
3654 5072 3809 5133 αὑτός

2251 5182 2385 5234 ἐστι
2411 5180 2525 5246 πρὸ
2553 5179 2819 5243 πάντων,
2857 5176 3026 5241 ἔδειξε
3074 5176 3165 5229 τὸν
3198 5174 3304 5245 μὲν
3329 5176 3422 5229 ἀεὶ
3449 5174 3601 5234 ὄντα,
3647 5166 3733 5236 τὴν
3763 5162 3811 5213 δὲ

2251 5276 2428 5327 κτίσιν
2454 5271 2775 5341 γενομένην.
2826 5269 2899 5323 Τὸ
2924 5269 3033 5340 γὰρ
3065 5269 3196 5324 ἐστι
3224 5268 3331 5339 τῷ,
3381 5269 3489 5323 Ἐν
3512 5260 3664 5333 ἀρχῇ
3692 5255 3758 5326 ἦν
3784 5254 3812 5304 ὁ

2250 5367 2463 5435 Λόγος,
2484 5365 2722 5436 συνᾴδει.
3756 5362 3761 5367 ’

3511 5698 3531 5728 ⁸
3561 5695 3577 5750 1
3606 5693 3722 5751 Cor.
3748 5703 3814 5750 ιι,

2842 5758 2884 5809 ίί
2919 5777 3182 5837 Coloss.t,
3244 5758 3337 5825 l5.
3490 5771 3533 5801 "
3577 5765 3703 5821 ibid.
3740 5758 3815 5813 l5-

2312 5938 2347 5971 ο
