4102 6298
304 405 416 469 5,49
1274 401 1653 463 PANOPLIA
1697 404 2164 467 DOGMATICA.
2201 431 2269 442 —
2306 402 2457 465 TlT.
2500 402 2607 464 xr.
3479 408 3591 475 550

856 519 957 573 Ἐκ
988 518 1094 572 τοῦ
1126 519 1335 573 αὑτοῦ.
1915 527 1958 582 Α

1915 527 1958 582 Δ
2636 517 2719 572 Ex
2757 519 2934 573 eodem
2951 520 2982 585 ,ξ

380 610 443 663 Ei
478 610 846 679 πρωτότοκος.
892 613 1077 679 φασὶν,
1110 614 1139 665 6
1167 612 1317 679 Υἱὸς,
1362 614 1463 666 οὐκ
1502 612 1629 666 ἐστι’
1655 630 1887 685 μονογε-

2064 610 2120 665 Si
2150 611 2568 682 primogenitus,
2601 612 2878 680 inquiunt,
2945 610 3135 676 Filius,
3174 626 3280 667 non
3336 622 3424 667 est
3470 614 3594 667 uni-

300 704 421 773 νὴς,
451 703 567 757 ἀλλ’
590 702 794 771 ὀφείλει
823 702 916 756 καὶ
978 702 1136 767 ἄλλος
1160 698 1303 756 εἷναι
1333 696 1394 757 οὗ
1421 705 1770 776 πρωτότοκος
1801 705 1889 760 λέ-

1991 700 2233 770 genitus,
2269 702 2363 757 sed
2392 710 2476 757 est
2499 700 2640 757 alius
2671 710 2894 771 propter
2923 716 3087 770 quem
3142 700 3346 756 dicitur
3383 700 3591 772 prino—

299 809 481 860 γεται.
509 792 701 844 Καίτοι
731 809 816 860 γε,
844 786 890 845 ὦ
918 792 1073 861 σοφὲ,
1137 794 1233 846 καὶ
1265 793 1330 845 ἐκ
1348 793 1575 865 Μαρίας
1604 794 1707 866 τῆς
1749 811 1890 865 παρ-

1991 794 2232 864 genitus.
2285 794 2473 865 Atqui,
2534 810 2568 849 o
2602 796 2879 866 sapientes
2920 796 3058 861 viri,
3093 808 3218 848 cum
3249 796 3399 850 solus
3427 796 3593 851 etiam

301 884 461 935 θένου
493 882 655 953 μόνος
715 882 997 953 γεννηθεὶς
1034 884 1384 953 πρωτότοκος
1419 886 1592 955 αὐτῆς
1645 887 1887 959 εἴρηται.

1992 901 2062 941 οι
2084 887 2256 942 Maria
2288 889 2503 957 genitus
2544 887 2633 952 sit,
2671 889 2850 943 dictus
2874 897 2959 943 est
2990 888 3109 959 ejus
3169 890 3588 958 primogenitae.

303 976 465 1043 Ἕως
514 972 587 1032 οὗ
624 977 734 1047 γὰρ
795 977 983 1041 ἔτεκε,
1017 976 1172 1047 φησι,
1210 977 1317 1032 τὸν
1375 978 1516 1032 Υίόν
1563 978 1757 1047 αὐτῆς
1782 980 1891 1034 τὸν

1993 971 2192 1042 Donec,
2224 975 2419 1044 inquit,
2440 977 2635 1044 peperit
2666 974 2863 1029 Filium
2910 994 3071 1031 suum
3110 980 3515 1049 primogenitum
3551 980 3596 1035 ⁸.

302 1068 882 1135 πρωτότοκον.Ὥστε
918 1071 1019 1122 οὐκ
1035 1071 1253 1140 ἀνάγκη
1280 1070 1513 1140 ἀδελφοῦ
1538 1074 1890 1143 πρωτότοκον

1992 1062 2072 1118 Ex
2112 1080 2219 1133 quo
2248 1075 2494 1134 apparet,
2529 1081 2636 1120 non
2666 1080 2789 1121 esse
2828 1066 3054 1121 fratrem
3112 1070 3503 1130 necessarium.
3535 1077 3595 1122 ut

304 1159 585 1228 λέγεσθαι.
623 1159 857 1230 Λεχθείη
890 1160 977 1228 ἂν,
1028 1161 1111 1215 ὅτι.
1140 1163 1237 1216 καὶ
1269 1164 1297 1216 6
1338 1164 1443 1234 πρὸ
1481 1164 1664 1232 πάσης
1697 1165 1892 1233 γεννή-

1993 1155 2114 1222 quis
2140 1154 2534 1224 primogenitus
2566 1157 2808 1211 dicatur.
2846 1157 3182 1227 Responderi
3208 1162 3373 1215 etiam
3398 1169 3593 1229 potest,

306 1269 444 1315 σεως
475 1253 821 1324 πρωτότοκος
882 1254 1121 1321 ἐλέγετο.
1159 1256 1284 1308 Ἔτι
1331 1257 1387 1309 δὲ
1425 1258 1519 1310 καὶ
1570 1258 1708 1327 πρὸς
1763 1259 1891 1321 τοὺς

1994 1249 2137 1314 quod
2168 1259 2295 1303 ante
2315 1249 2579 1329 omnium»
2608 1260 2787 1304 ortum
2825 1252 3219 1320 primogenitus
3282 1252 3592 1306 dicebatur.

301 1344 394 1399 διὰ
424 1346 695 1410 υἱοθεσίας
718 1348 811 1399 τοῦ
842 1347 999 1415 ἁγίου
1034 1348 1349 1418 Πνεύματος
1404 1350 1468 1402 ὲκ
1522 1348 1660 1403 Θεοῦ
1685 1367 1890 1417 γεννω-

1996 1338 2271 1395 Praeterea
2308 1339 2708 1411 primogenitus
2754 1341 3055 1410 appellatus
3108 1352 3195 1399 est
3242 1351 3461 1413 pr0pter
3501 1357 3595 1397 eos

307 1437 601 1508 μένουςξώς
618 1438 827 1501 Παῦλός
844 1441 1119 1508 φησιν,ὄτι
1134 1438 1251 1505 Οὓς
1275 1438 1565 1509 προέγνω,
1586 1440 1684 1493 καὶ
1700 1439 1891 1509 προώ-

1992 1436 2083 1503 qui
2122 1450 2217 1504 per
2255 1435 2490 1504 Spiritus
2538 1436 2713 1491 sancti
2761 1436 3107 1504 adoptionem
3169 1451 3237 1490 ex
3274 1436 3387 1490 Deo
3417 1436 3591 1506 geniti

293 1544 442 1598 ρισε
468 1533 868 1600 συμμόρφους
890 1530 996 1599 τῆς
1019 1532 1257 1597 εἰκόνος
1282 1532 1386 1586 τοῦ
1420 1532 1559 1586 Υίοῦ
1582 1533 1772 1587 αὐτοῦ
1800 1534 1890 1600 εις

1993 1536 2158 1582 sunt:
2197 1524 2365 1592 Quos.
2397 1532 2456 1578 ut
2480 1525 2553 1578 ait
2575 1523 2801 1590 Paulus,
2833 1524 3118 1593 praesciuit,
3147 1535 3197 1578 et
3227 1525 3582 1593 pmdestina-

302 1622 373 1675 τὸ
392 1618 544 1675 εἶναι
566 1622 755 1676 αὑτὸν
781 1625 1163 1692 πρωτότοκον
1188 1623 1259 1678 ἐν
1290 1624 1546 1691 πολλοῖς
1575 1624 1886 1695 ἀδελφοῖς.

1993 1613 2402 1680 uit,con[ormes
2437 1612 2557 1678 ﬁeri
2614 1613 2864 1682 imaginis
2912 1612 3047 1667 Filii
3093 1614 3198 1681 sui,
3250 1623 3306 1666 ut
3366 1615 3432 1667 sit
3484 1615 3594 1683 ipse

1990 1707 2365 1773 primogenitus
2392 1706 2446 1759 in
2469 1706 2649 1761 multis
2675 1706 2942 1775 fratribus
2976 1709 3019 1762 ’.

853 1801 955 1857 Ἐκ
984 1803 1090 1858 τοῦ
1127 1804 1339 1860 αὐτοῦ.
2354 1854 2355 1857 η

1300 1804 1339 1859 5.
2354 1854 2355 1857 η
2603 1796 2689 1851 Ea:
2721 1798 2920 1853 eodem.

383 1896 446 1949 El
483 1895 512 1948 6
542 1897 600 1948 ὲν
633 1895 798 1965 σαρκί
861 1874 1050 1965 ᾦησιν,
1112 1895 1257 1965 Ἐγώ
1285 1898 1402 1967 ειμι
1435 1896 1474 1964 ἠ
1510 1897 1671 1964 ὁδὸς,
1735 1899 1833 1953 καὶ
1864 1899 1894 1952 6
1925 1879 1968 1935 Β

2068 1890 2126 1945 Si
2147 1891 2201 1944 in
2232 1904 2402 1946 carne
2418 1891 2623 1960 degens
2646 1890 2814 1944 dixit:
2842 1890 2950 1959 Ego
2968 1906 3083 1943 sum
3102 1892 3183 1942 via
3226 1889 3270 1955 ³,
3302 1900 3355 1944 et
3382 1907 3396 1945 :
3424 1888 3595 1946 Nemo

298 1988 494 2052 αὐτὸς,
523 1985 733 2051 Οὐδείς
762 1985 1000 2055 ἔρχεται
1024 1987 1174 2055 πρὸς
1198 1986 1317 2040 τὸν
1342 1990 1576 2056 Πατέρα
1612 1990 1667 2041 εί
1696 1988 1784 2057 μὴ
1815 1988 1891 2043 δι’

1996 1984 2131 2038 venit
2175 1984 2246 2037 ad
2279 1982 2497 2036 Patrem
2525 1983 2628 2036 nisi
2661 1998 2753 2051 per
2797 1998 2876 2036 nte
2908 1982 2949 2047 ⁸,
3004 1982 3145 2037 idem
3188 1984 3354 2037 etiam
3407 1983 3590 2039 dixit:

299 2079 478 2149 ἐμοῦ,
512 2078 675 2140 αὑτός
710 2080 825 2131 ἐστι
878 2079 972 2131 καὶ
1016 2080 1044 2131 6
1095 2076 1543 2147 εἰπὼν,-Κύριος
1574 2078 1783 2133 ἕκτισέ
1813 2095 1893 2147 με

1997 2074 2255 2130 Dominus
2269 2076 2465 2130 creavit
2491 2092 2571 2129 me
2596 2076 2807 2129 initium
2836 2077 3045 2130 uiarum
3069 2068 3289 2130 suarum
3317 2078 3361 2130 ⁵.
3405 2075 3577 2134 Porro

298 2173 508 2240 ἀρχὴν
532 2168 688 2224 ὁδῶν
714 2168 904 2223 αὐτοῦ
932 2184 946 2199 ·
986 2169 1206 2238 λέγεται
1244 2170 1302 2223 δὲ
1337 2172 1433 2224 καὶ
1466 2172 1559 2223 ἐπὶ
1611 2171 1892 2241 γεννήμα-

1993 2170 2159 2222 etiam
2195 2168 2265 2223 de
2291 2168 2402 2223 lilio
2439 2169 2660 2231 dicitur,
2692 2168 2867 2222 creari
2902 2174 2957 2223 et
2990 2168 3133 2233 lieri,
3163 2178 3219 2221 ut
3243 2168 3315 2222 ibi
3349 2184 3363 2222 :
3402 2169 3593 2223 Creaui

300 2287 397 2331 τος
428 2269 635 2338 κτίσμα
657 2269 753 2320 καὶ
781 2268 1018 2337 ποίημα,
1049 2268 1125 2330 ὡς
1148 2268 1230 2330 τὸ,
1270 2266 1639 2337 Ἔκτισάμην
1662 2267 1888 2336 ἅνθρω-

1994 2260 2256 2314 hominem
2282 2275 2377 2329 per
2397 2259 2562 2313 Deum
2586 2260 2607 2292 '
2633 2275 2650 2325 ;
2682 2268 2737 2313 et
2756 2274 3003 2314 rursum:
3032 2256 3179 2312 Fecit
3200 2259 3341 2327 ﬁlios
3362 2268 3413 2312 et
3429 2259 3593 2328 ﬁlias.

299 2378 426 2415 πον
451 2360 548 2414 διὰ
572 2360 677 2415 τοῦ
713 2360 896 2415 Θεοῦο
948 2361 1045 2413 καὶ
1101 2360 1288 2421 πάλιν,
1333 2362 1659 2429 Ἐποίησεν
1714 2362 1889 2428 υἱοὺς

1996 2351 2065 2407 Ει
2097 2351 2316 2406 David:
2403 2350 2511 2405 Cor
2570 2353 2826 2403 mundum
2885 2388 2901 2416 ,
2977 2350 3172 2419 inquit,
3226 2366 3347 2403 crea
3403 2351 3594 2417 inme,

299 2452 406 2505 καὶ
474 2450 840 2519 θυγατέρας-ο
884 2450 983 2503 καὶ
1010 2452 1038 2504 6
1075 2450 1259 2511 Δαϐιδ,
1304 2453 1569 2519 Καρδίαν
1624 2451 1894 2521 καθαρὰν

1995 2443 2140 2498 Deus
2175 2444 2220 2509 ⁷,
2251 2442 2325 2497 nil
2349 2442 2494 2497 aliud
2526 2451 2736 2511 petens,
2774 2442 2875 2496 nisi
2908 2448 2966 2495 ut
2993 2441 3135 2511 quod
3163 2440 3273 2510 jam
3306 2452 3447 2508 erat,
3501 2457 3598 2496 cor

300 2546 522 2598 xtla'or
555 2543 624 2596 ἐν
656 2542 852 2611 ἐμοί-ό
885 2540 1054 2607 Θεὸς,
1099 2542 1201 2594 οὐκ
1228 2541 1396 2611 ἄλλην
1420 2541 1612 2606 αίτῶν,
1634 2541 1772 2595 ἀλλὰ
1791 2541 1893 2613 τὴν

1995 2536 2262 2593 mundum
2294 2550 2606 2606 purumque
2659 2534 2835 2589 ﬁeret.
2887 2533 3040 2589 Dicta
3092 2545 3177 2589 est
3231 2535 3394 2588 etiam
3457 2550 3596 2589 nova

302 2635 836 2705 οὖσανκαθαρθῆναι
885 2634 1151 2704 δηλονότι.
1210 2636 1446 2704 Εἴρηται
1485 2635 1542 2688 δὲ
1592 2637 1686 2687 καὶ
1728 2634 1891 2705 καινὴ

1995 2637 2263 2692 creatura,
2299 2643 2405 2681 non
2434 2626 2579 2695 quod
2640 2624 2744 2678 alia
2793 2622 2932 2679 facta
2978 2633 3123 2679 esset
3179 2634 3454 2689 creatura,
3498 2628 3592 2679 sed

302 2731 515 2791 κτίσις,
549 2729 649 2798 οὐχ
678 2728 752 2791 ὡς
783 2727 949 2795 ἄλλης
975 2728 1207 2790 κτίσεως
1237 2728 1567 2797 γενομένης,
1606 2726 1750 2781 ἀλλὰ
1782 2726 1891 2779 τῶν

1996 2721 2182 2775 habita
2220 2735 2405 2775 eorum
2431 2719 2666 2785 ratione,
2686 2717 2776 2788 qui
2796 2718 2864 2772 ad
2901 2727 3048 2773 recte
3092 2718 3287 2788 pieque
3309 2718 3595 2773 vivendum

303 2820 697 2890 φωτιζομὲνων
734 2818 826 2871 ἐπὶ
881 2817 1147 2887 βελτίοσιν
1192 2818 1375 2888 ἔργοις
1406 2816 1892 2886 κατασκευαζομέ-

747 2818 826 2871 Litt
881 2817 1147 2887 βελτίοσιν
1192 2818 1375 2888 ἔργοις
1406 2816 1892 2886 κατασκευαζομέ-
2000 2814 2367 2868 illustrantur.

306 2932 438 2967 νων.

861 3005 964 3058 Ἐκ
1002 3002 1110 3056 τοῦ
1141 3003 1355 3057 αὐτοῦ.

1346 3039 1355 3052 -
2633 3017 2719 3069 EI
2765 3017 2966 3070 eodem.

378 3100 469 3161 Ei;
499 3098 563 3171 [f.
590 3098 640 3151 el
664 3096 767 3169 εἰς]
794 3098 931 3167 ἔργα
958 3097 1049 3149 τὸν
1084 3096 1212 3148 Υίὸν
1241 3097 1269 3147 6
1298 3094 1482 3165 Πατὴρ
1513 3094 1716 3147 ἔκτισε·
1749 3094 1810 3145 τὸ
1839 3092 1896 3146 δὲ

2074 3107 2128 3162 Si
2162 3108 2355 3161 Filium
2375 3106 2441 3161 ad
2475 3123 2640 3177 opera
2672 3110 2877 3163 creavit
2903 3110 3062 3163 Pater
3099 3127 3109 3160 :
3145 3112 3235 3180 qui
3265 3121 3443 3167 autem
3470 3128 3600 3183 pro-

301 3193 377 3246 δι’
402 3195 613 3263 ἕτερον,
641 3194 735 3245 καὶ
762 3193 821 3244 οὐ
855 3190 922 3243 δι’
945 3189 1108 3243 ἑαυτὸ
1133 3188 1470 3258 γινόμενονῆ
1503 3187 1669 3257 μέρος
1688 3188 1896 3239 ἐκείνου

2002 3206 2121 3268 pter
2148 3198 2314 3261 aliud,
2337 3212 2443 3251 non
2467 3206 2648 3251 autem
2676 3209 2897 3269 pr0pter
2913 3215 2973 3255 se
2998 3200 3175 3264 lit,ant
3201 3218 3324 3271 pars
3345 3214 3430 3258 est
3450 3206 3594 3274 ejus.

300 3284 375 3339 δι’
403 3284 687 3354 διγινετο,
720 3284 753 3353 ἢ
785 3279 945 3354 ἦττον
976 3281 1167 3335 αὐτοῦ’
1197 3282 1349 3334 ἔσται
1381 3282 1412 3351 ἢ
1446 3281 1609 3351 μέρος
1645 3280 1673 3332 6
1703 3279 1894 3350 Σωτὴρ

2006 3291 2291 3343 autminor
2308 3299 2392 3345 est
2420 3305 2506 3354 eo,
2536 3290 2693 3358 cujus
2724 3305 2885 3345 causa
2915 3292 2993 3346 lit:
3023 3292 3191 3348 Filius
3214 3307 3303 3347 aut
3332 3306 3600 3351 creatura:

295 3378 409 3447 τῆς
436 3377 687 3441 κτίσεως,
720 3377 959 3446 ἢῆττων
1012 3374 1205 3444 αὐτῆς.
1264 3374 1505 3440 Ἀνάγκη
1556 3370 1650 3424 οὖν
1684 3372 1767 3434 είς
1797 3372 1894 3441 τὴν

2004 3398 2133 3453 pars
2163 3393 2267 3448 est,
2302 3393 2393 3436 aut
2423 3399 2484 3436 ea
2521 3383 2717 3437 minor.
2759 3384 2991 3440 Necesse
3047 3396 3131 3440 est
3175 3387 3362 3457 igitur,
3424 3400 3483 3443 ut
3532 3394 3596 3444 ad

302 3472 704 3542 ὰνθρωπότητα
736 3469 902 3525 αὑτοῦ
933 3468 1095 3522 τοῦτο
1122 3470 1285 3522 νοεῖν.
1319 3468 1481 3521 Εἴποι
1504 3467 1549 3519 δ’
1594 3467 1660 3519 ἄν
1692 3483 1773 3527 τις
1800 3466 1896 3517 καὶ

2003 3477 2122 3544 ejus
2193 3477 2586 3530 humanitatem
2645 3477 2730 3531 illa
2776 3480 2938 3532 verba
3014 3478 3332 3533 referamus.
3390 3481 3600 3536 Dixerit

300 3568 401 3615 τὸν
430 3563 755 3632 Σολομῶντα
780 3562 909 3630 περὶ
949 3563 1048 3631 τῆς
1089 3560 1282 3628 σοφίας
1328 3558 1547 3627 ἐκείνης
1576 3558 1888 3627 εἰρηκέναι,

2004 3567 2223 3635 aliquis,
2262 3565 2607 3620 Salomonem
2640 3582 2706 3622 eo
2758 3568 2872 3622 loco
2932 3572 3255 3638 sapientiam
3307 3570 3450 3625 illaut
3513 3574 3598 3626 in-

300 3648 373 3725 ἦε
405 3653 547 3705 καὶὸ
574 3652 784 3714 Παῦλος
840 3650 1118 3721 μέμνηται
1157 3648 1351 3715 είπὼν,
1397 3647 1641 3716 Ἐπειδὴ
1675 3646 1785 3717 γὰρ
1824 3647 1895 3699 ὲν

2004 3659 2298 3724 tellexisse,
2338 3658 2499 3727 cujus
2565 3660 2891 3712 mentionem
2950 3658 3076 3714 fecit
3141 3658 3381 3715 Paulus:
3446 3662 3591 3728 Quo-

301 3745 384 3815 τῇ
417 3747 606 3815 σοφίᾳ
628 3744 737 3799 τοῦ
764 3745 913 3799 Θεοῦ
966 3747 1081 3799 οὐκ
1120 3745 1275 3814 ἔγνω
1310 3748 1343 3798 ὀ
1382 3746 1613 3814 κόσμος
1657 3743 1756 3796 διὰ
1785 3741 1897 3809 τῆς

2005 3750 2169 3811 niam,
2207 3748 2478 3817 inquiens,
2518 3749 2574 3801 in
2610 3750 2877 3816 sapientia
2908 3748 3006 3803 Dei
3035 3765 3137 3802 non
3175 3753 3413 3817 cognovit
3446 3769 3598 3806 mun-

300 3838 536 3907 σοφίας
562 3837 669 3891 τὸν
695 3838 866 3891 Geor.
909 3838 1125 3900 Ἀλλως
1159 3854 1219 3890 τε
1262 3838 1355 3889 καὶ
1388 3836 1509 3889 οὐδὲ
1541 3837 1829 3905 προφήτης
1868 3837 1897 3887 6

2003 3840 2104 3894 dus
2134 3853 2224 3905 per
2253 3839 2566 3907 sapientiam
2597 3838 2759 3891 Deum
2794 3841 2835 3892 ⁸.
2872 3838 3189 3908 Quanquam
3224 3856 3289 3893 ne
3336 3843 3595 3909 propheta

303 3931 506 3996 εἰπὼν,
528 3930 662 3985 ἀλλὰ
697 3931 1117 4002 παροιμιαττής
1138 3946 1152 3961 ο
1190 3932 1247 3982 αἱ
1278 3930 1336 3982 δὲ
1359 3929 1656 4000 παροιμίαι
1685 3929 1897 3989 εἰκόνες

2006 3930 2227 4000 quidem
2262 3929 2380 3993 fuit,
2417 3931 2505 3996 qni
2545 3930 2616 3983 ita
2661 3930 2867 3983 locutus
2902 3941 3004 3995 est,
3045 3932 3140 3985 sed
3186 3931 3594 4010 proverbiorum

300 4023 542 4094 ἑτέρων,
568 4025 662 4077 καὶ
682 4023 784 4077 οὐκ
814 4024 955 4078 αὐτὰ
982 4024 1050 4077 τὰ
1070 4023 1371 4093 λεγόμενα.

2005 4024 2264 4093 scriptor.
2286 4021 2574 4077 Proverbia
2596 4033 2776 4075 autem
2798 4032 2923 4075 sunt
2944 4038 3121 4076 rerum
3154 4023 3436 4093 imagines,
3484 4041 3591 4082 non

2009 4118 2138 4187 ipsa:
2158 4131 2265 4170 res.

867 4206 962 4259 Ἐκ
995 4204 1102 4259 τοῦ
1138 4205 1348 4259 αὑτοῦ.

1337 4243 1348 4257 .
2650 4206 2732 4261 Ex
2756 4208 2957 4263 eodem.

384 4301 448 4353 El
487 4301 516 4354 6
553 4298 690 4354 Θεοῦ
731 4300 858 4363 Υἱὸς
894 4296 964 4372 ἦν
1004 4302 1032 4354 6
1069 4300 1266 4369 λέγων,
1305 4300 1522 4368 Κύριος
1558 4299 1765 4353 ἐκτισέ
1798 4315 1896 4369 με,

2082 4303 2139 4357 Si
2176 4302 2270 4357 Dei
2307 4299 2477 4356 Filius
2502 4310 2642 4366 erat,
2702 4301 2793 4373 qui
2846 4302 2985 4357 dixit
3024 4316 3041 4355 :
3089 4301 3345 4359 Dominus
3401 4309 3597 4361 creauit

309 4393 524 4466 μᾶλλον
555 4393 621 4447 ἂν
651 4391 827 4456 εἶπεν,
866 4392 927 4446 ’0
951 4393 1139 4463 Πατὴρ
1166 4395 1350 4447 ἔκτισέ
1388 4410 1475 4464 με.
1508 4393 1761 4464 Οὐδαμοῦ
1791 4394 1900 4465 γὰρ

2009 4413 2112 4462 me,
2150 4396 2379 4451 dixisset
2400 4395 2583 4465 potius
2613 4412 2626 4449 :
2662 4394 2827 4451 Pater
2876 4397 3085 4453 creavit
3150 4413 3257 4453 me.
3313 4400 3596 4471 Nunquam

303 4486 477 4543 αὐτὸν
521 4486 729 4558 Κύριον
770 4485 989 4553 ἑαυτοῦ,
1032 4487 1119 4541 ἀεὶ
1161 4487 1218 4540 δὲ
1264 4487 1484 4558 Πατέρα
1531 4488 1740 4542 ἐκάλει.
1790 4489 1901 4558 Λη-

2008 4491 2154 4546 enim
2210 4488 2362 4542 illum
2412 4485 2700 4543 Dominum
2737 4504 2919 4555 suum,
2975 4490 3069 4545 sed
3114 4489 3328 4547 Patrem
3387 4510 3601 4566 semper

308 4581 481 4633 πτέον
512 4579 605 4633 οὖν
636 4581 697 4632 τὸ
731 4580 831 4650 μὲν
859 4580 1305 4650 ἐγέννησεν-ἐπὶ
1334 4581 1430 4635 τοῦ
1461 4581 1594 4635 Υἱοῢ
1625 4580 1719 4634 τοῦ
1751 4581 1910 4647 Θεοῦ,

1980 4579 2275 4650 lappellat.
2309 4579 2595 4650 Reliquum
2626 4580 2793 4650 igitur
2816 4590 2922 4647 est,
2961 4592 3018 4636 ut
3077 4583 3146 4640 de
3207 4583 3345 4640 Filio
3394 4586 3600 4643 dictum

305 4674 373 4725 τὸ
407 4670 465 4725 δὲ
496 4671 741 4726 ἔκτισεν
774 4674 867 4726 ἐπὶ
898 4674 998 4744 τῆς
1033 4675 1247 4745 μορφῆς
1279 4675 1374 4728 τοῦ
1407 4675 1616 4729 δούλου.
1659 4676 1747 4728 Ἐν
1782 4678 1915 4729 πᾶσι

2013 4669 2143 4726 illud
2208 4672 2383 4740 genuit
2447 4670 2815 4741 accipiamus,
2874 4675 2940 4728 dc
2990 4674 3132 4729 servi
3188 4683 3367 4731 autem
3426 4676 3597 4734 forma

308 4765 370 4817 δὲ
402 4764 616 4828 τούτοις
645 4766 707 4818 οὐ
738 4765 834 4819 δύο
862 4765 1118 4837 λέγομεν,
1150 4768 1283 4821 Θεὸν
1321 4769 1458 4839 ίδίᾳ,
1491 4772 1584 4823 καὶ
1619 4768 1911 4839 ἄνθρωπον

2012 4763 2141 4817 illud
2172 4764 2387 4818 creavit.
2410 4763 2469 4818 In
2493 4764 2747 4820 omnibus
2775 4775 2954 4820 autem
3001 4767 3269 4838 ejusmodi
3303 4768 3603 4838 Scriptura

312 4858 450 4929 ἰδίᾳ,
498 4853 579 4921 εἷς
618 4859 727 4929 γὰρ
772 4855 862 4931 ἦν,
906 4859 1044 4913 ἀλλὰ
1090 4860 1215 4913 κατ’
1237 4862 1484 4915 ἐπίνοιαν
1526 4863 1628 4935 τὴν
1672 4864 1908 4915 ἑκάστου

2008 4854 2144 4910 locis
2181 4869 2284 4909 non
2314 4857 2417 4909 duo
2445 4856 2526 4910 sic
2555 4856 2875 4927 accipimus,
2908 4866 2966 4910 ut
3022 4858 3185 4912 Deum
3257 4874 3353 4929 per
3400 4875 3488 4923 se.
3547 4873 3605 4921 et

308 4951 486 5022 φύσιν
518 4952 879 5023 λογιζόμενοι.
915 4952 1050 5007 Οὐδὲ
1090 4954 1202 5024 γὰρ
1240 4956 1268 5007 6
1309 4956 1516 5025 Πέτρος
1555 4934 1649 5008 δῦο
1685 4956 1907 5026 ἐνόησεν

2006 4960 2104 5016 per
2130 4960 2189 5000 se
2220 4934 2492 5001 hominem
2518 4946 2913 5016 intelligamus,
2957 4962 3095 5001 unus
3146 4949 3287 5003 enim
3337 4961 3439 5005 est.
3496 4951 3602 5007 Sed

307 5045 512 5110 εἰπὼν,
548 5046 805 5113 Χριστοῦ
840 5042 955 5103 οὖν
984 5047 1287 5116 παθόντος
1317 5047 1473 5116 ὑπὲρ
1504 5045 1673 5118 ἡμῶν
1701 5048 1903 5117 σαρκί.

2011 5038 2343 5108 cogitatione
2401 5047 2710 5109 separatam
2766 5039 3050 5110 utriusque
3103 5053 3350 5096 naturam
3398 5044 3604 5113 colligi-

2015 5145 2157 5186 mus.
2222 5129 2435 5185 Etenim
2494 5146 2561 5184 ne
2590 5128 2784 5184 Petrus
2808 5132 3023 5199 quidem
3079 5135 3185 5188 duo
3246 5136 3604 5203 intelligebat,

2009 5237 2136 5278 cum
2174 5222 2651 5278 diceretzChristo
2670 5223 2833 5291 igitur
2859 5241 2953 5292 pro
2973 5227 3120 5281 nobis
3148 5243 3309 5296 passo
3353 5244 3510 5281 ιἰιιιιε
3556 5231 3604 5282 ⁹.

874 5297 978 5351 Ἐκ
1013 5295 1122 5351 τοῦ
1161 5297 1370 5353 αὐτοῦ.

1340 5299 1370 5353 θ·
2646 5313 2729 5368 Ex
2759 5318 2960 5371 eodem.

386 5383 456 5437 Ei
488 5383 766 5455 γέννημα,
801 5387 1001 5456 φασίν,
1030 5389 1059 5439 6
1091 5388 1216 5453 Υἱός
1249 5392 1399 5454 ἐστι,
1430 5390 1527 5445 καὶ
1557 5391 1620 5444 οὐ
1651 5393 1868 5463 ποίημα
1888 5437 1903 5463 ,

2099 5406 2156 5462 Si
2191 5406 2431 5478 genitus,
2466 5406 2743 5477 inquiunt,
2782 5419 2866 5463 est
2901 5409 3093 5474 Filius,
3151 5426 3254 5465 noti
3310 5421 3491 5465 autem
3527 5410 3608 5465 fa-

312 5475 440 5572 πιῖις
488 5477 523 5545 ἡ
572 5477 765 5550 Γραφὴ
812 5480 985 5549 λέγει,
1027 5481 1348 5551 Ἀσεοαλῶς
1395 5485 1734 5555 γινωσκέτω
1788 5488 1908 5554 πᾶς

2018 5514 2163 5570 eius,
2196 5517 2292 5556 cur
2324 5501 2587 5572 scriptum
2623 5512 2706 5556 est
2746 5504 2812 5556 ad
2844 5504 2985 5557 hunc
3009 5505 3224 5558 modum
3258 5519 3271 5556 :
3306 5501 3608 5562 Certissima

312 5562 485 5634 οἶκος
519 5571 768 5639 Ἰσραὴλ
787 5616 802 5639 ,
834 5573 923 5629 ὅτι
956 5576 1175 5643 Κύριον
1205 5579 1393 5633 αὐτὸν
1422 5581 1522 5634 καὶ
1583 5580 1843 5649 Χριστὸν
1875 5585 1906 5636 ό

2015 5596 2146 5648 sciat
2198 5594 2367 5647 omnis
2401 5594 2588 5647 domus
2617 5592 2968 5663 Israel.quod
3000 5605 3049 5648 et
3103 5595 3384 5651 Dominum
3435 5599 3609 5668 ipsum

317 5659 469 5725 Θεὸς
484 5660 777 5751 ἐποίησε;
805 5665 1029 5735 Ῥητέον
1057 5662 1151 5719 οὖν
1182 5669 1274 5721 καὶ
1304 5669 1541 5723 ἐνταῦθα
1562 5674 1688 5740 περὶ
1719 5672 1812 5726 τοῦ
1846 5675 1910 5725 ὲκ

2019 5693 2067 5736 ει
2091 5682 2360 5738 Christum
2390 5684 2532 5738 Deus
2566 5684 2687 5752 fecit
2716 5684 2761 5715 ”
2790 5684 2813 5738 ’ἲ
2838 5659 2903 5741 Et
2938 5683 3029 5740 llic
3096 5686 3263 5760 igitur
3320 5659 3609 5748 dicendum

317 5868 343 5902 .
374 5800 699 5902 I'IPlaubﬁ:
724 5804 821 5902 25;
864 5806 1100 5902 I'nliom.
1124 5822 1241 5902 VIIII,
1268 5809 1362 5902 25.);
1402 5887 1419 5902 Α
1438 5812 1457 5843 ³
1484 5811 1785 5898 Ιυίιιικκιν,
1884 5819 1904 5849 ⁸

1986 5820 2077 5876 rid.
2155 5823 2177 5855 ⁸
2212 5822 2373 5879 Prov.
2404 5838 2521 5891 rm,
2553 5823 2644 5878 52.
2747 5823 2767 5855 ‘
2798 5823 2934 5880 Gen.
2963 5841 3035 5894 tv,
3070 5828 3121 5883 l.
3209 5830 3229 5863 ⁷
3266 5831 3407 5888 l’5al.
3431 5847 3483 5898 ι,
3519 5833 3606 5888 12.

372 5871 550 5929 lCor.
577 5876 725 5957 I_,2l.
802 5878 821 5908 ⁹
864 5877 1052 5933 lPetr.
1083 5895 1155 5945 tv,
1189 5871 1237 5934 l.
1320 5882 1362 5913 ³ο
1390 5887 1511 5938 Αιι.
1560 5901 1619 5950 ιι,
1648 5887 1735 5943 36.
1772 5871 1785 5882 ’
1945 5871 1992 5876 Ἰ

1945 5871 2077 5876 --σν-ν
2212 5871 2232 5877 -
2257 5871 2373 5879 --πν
2415 5871 2521 5891 ----,
2555 5871 2643 5878 v—v
2805 5871 2934 5880 *ν’-υ
2963 5871 3035 5894 --,
3072 5871 3121 5883 -ο
3266 5871 3407 5888 ιαμ..
3431 5871 3482 5898 ιι,
