4026 6290
312 333 424 398 553

1286 338 1667 399 PANOPLIA
1707 339 2168 405 DOGMATICA.
2203 369 2267 383 --
2305 347 2455 409 ΤΙΤ.
2496 349 2600 408 XI.

3475 349 3579 412 554

309 441 647 515 ἀρχετύπων
673 443 1042 510 ἑποδεούσαις
1079 445 1138 498 τὸ
1159 445 1371 516 ὅμοιον
1408 451 1672 514 πολλάκις
1698 454 1882 507 ἐπιλέ-

1991 458 2160 528 geniti
2210 457 2382 529 gloria
2437 461 2814 515 imminuatur.
2878 459 3095 518 Scimus
3145 462 3290 517 enim
3346 463 3572 518 verbum

304 551 424 602 γειν
449 533 747 606 εἰώθαμεν.
781 537 939 590 Ἐπεὶ
965 532 1061 591 οὖν
1086 533 1251 609 ἦττον
1278 534 1436 609 οἶμαι
1463 545 1883 613 κακουργεῖσθαι

2005 549 2130 614 hoc,
2150 551 2400 614 similem,
2438 553 2614 608 solere
2642 554 2694 608 in
2725 569 2817 609 eas
2847 555 3006 610 etiam
3047 571 3134 612 res
3167 554 3422 621 cunferri,
3453 573 3573 624 quza

303 629 366 678 τὸ
392 628 878 696 όμοούσιον,ἰοὖτω
905 631 1001 684 καὶ
1030 632 1194 695 αὐτὸς
1220 633 1468 702 τίθεμαι.

1995 649 2212 696 tenuem
2241 654 2294 698 et
2343 646 2634 700 obscuram
2659 647 2897 716 aliquam
2938 665 3048 718 pra:
3083 663 3143 704 se
3176 649 3360 703 lerunt
3419 649 3575 703 simi-

307 718 618 794 litudinem,
652 720 777 776 licet
804 722 874 777 ab
903 724 1306 791 exemplaribus
1329 727 1624 796 plurimum
1655 729 1877 786 distent.
1921 730 2290 798 Quamobrem
2357 740 2611 808 quoniam
2647 741 2702 795 in
2763 740 2866 794 hac
2916 755 3074 806 voce,
3113 741 3430 811 όμοούσιον,
3476 742 3579 796 mi-

305 825 406 865 nus
442 812 870 883 timendalﬁraus
890 816 1218 881 eat,ideireo
1250 819 1395 874 illam
1433 836 1539 890 ego
1579 837 1796 891 quoque
1847 828 2017 894 magis
2061 829 2360 898 amplector
2405 841 2457 888 et
2481 834 2672 903 probo.

307 904 418 959 Τοῦ
457 905 652 961 αὐτοῦ
683 906 753 962 ἐκ
786 907 900 977 τῆς
939 913 1092 978 πρὸς
1132 913 1498 981 κανονικοὺς
1537 916 1887 983 ἐπιστολῆς.

383 995 476 1048 Ἐν
516 997 858 1068 ἀμφοτέροις
901 1001 1033 1070 ἡμῖν
1071 1003 1134 1054 τὸ
1172 1003 1275 1073 τῆς
1320 1005 1561 1067 πίστεως
1603 1007 1886 1080 φρόνημα.

2238 923 2494 993 Ejusdem
2537 943 2602 980 ea:
2633 926 2854 995 epistota
2909 927 2979 980 ad
3011 926 3315 985 canonicos”.

2066 1014 2126 1068 In
2197 1026 2429 1084 uti-eque
2491 1017 2649 1074 nobis
2709 1021 2775 1073 de
2825 1017 2931 1073 ﬁde
2997 1019 3268 1073 sententia
3326 1033 3342 1072 :
3407 1017 3576 1086 siqui-

300 1084 496 1156 ὲπειδὴ
535 1086 632 1139 καὶ
665 1085 779 1154 τῶν
818 1090 1003 1146 αὐτῶν
1040 1092 1303 1164 Πατὲρων
1343 1096 1513 1164 ἐσμὲν
1555 1097 1883 1169 κληρονόμοι

1990 1107 2110 1159 dem
2175 1117 2226 1161 et
2311 1111 2621 1163 eorumdem
2711 1109 2930 1164 Patrum
3027 1113 3268 1166 heredes
3346 1124 3571 1176 sumus,

298 1173 411 1226 τῶν
463 1175 610 1228 κατὰ
655 1175 757 1246 τὴν
805 1179 1046 1234 Νίκαιάν
1095 1199 1230 1236 ποτε
1280 1184 1341 1237 τὸ
1395 1187 1538 1254 μέγα
1583 1190 1683 1256 τῆς
1733 1189 1887 1241 εὐσε-

299 1266 455 1329 ϐείας
511 1262 955 1337 ἐξαγγειλάντων
1008 1276 1307 1346 κήρυγμα,
1361 1273 1422 1332 οὗ
1468 1280 1537 1333 τὰ
1595 1281 1696 1350 μὲν
1749 1281 1886 1336 ἄλλα

297 1359 656 1413 παντάπασίν
684 1361 834 1428 ἐστιν
862 1364 1319 1446 ἀσυκοφάντητα,
1353 1370 1453 1440 τὴν
1481 1371 1538 1425 δὲ
1563 1373 1659 1426 τοῦ
1696 1377 1890 1446 όμοου-

298 1449 421 1503 σίου
471 1450 661 1522 φωνὴν
701 1454 900 1518 ,κακῶς
949 1458 1103 1526 παρὰ
1151 1475 1317 1513 τινων
1366 1462 1738 1533 ἐκληφθεῖσάν
1781 1467 1889 1520 εἰσί

294 1556 449 1602 τινες
493 1543 544 1594 οἱ
597 1543 765 1614 μήπω
812 1547 1281 1618 παραδεξάμενοι,
1328 1551 1422 1616 οὓς
1469 1553 1566 1608 καὶ
1620 1557 1888 1626 μέμψαιτ’

297 1630 363 1684 ἄν
397 1648 489 1694 τις
520 1633 786 1702 δικαίως,
821 1639 918 1691 καὶ
952 1640 1117 1694 πάλιν
1155 1643 1254 1710 μέν
1287 1659 1374 1706 τις
1409 1646 1747 1720 συγγνώμης
1780 1652 1886 1704 αὐ·-

293 1726 428 1788 τοὺς
454 1726 778 1792 ἀξιώσειεν.
823 1731 897 1782 Th
946 1732 1044 1800 μὲν
1083 1734 1192 1805 γὰρ
1236 1735 1488 1806 Πατράσι
1537 1741 1614 1809 μὴ
1659 1743 1884 1795 ἀκολου-

1993 1201 2084 1266 qui
2144 1201 2413 1268 quondam
2493 1199 2686 1256 Nicaea
2750 1217 2999 1272 magnum
3077 1203 3296 1272 pietatis
3366 1219 3574 1272 praeco-

1990 1289 2137 1342 nium
2163 1291 2578 1360 promulgarunt
2611 1308 2626 1346 :
2659 1291 2812 1360 cujus
2836 1292 3054 1358 reliqua:
3117 1295 3335 1362 quidem
3393 1304 3573 1363 partes

1986 1379 2272 1433 calumnia:
2321 1382 2451 1434 nulli
2514 1383 2764 1436 obnoxiae
2821 1390 2985 1449 sunt;
3049 1384 3144 1438 sed
3197 1399 3380 1438 vocem
3444 1399 3574 1440 con-

1985 1467 2360 1524 substantialis
2387 1471 2576 1525 malea
2609 1471 2882 1525 nonnullis
2938 1483 3238 1542 acceptam,
3298 1480 3425 1526 sunt
3475 1473 3568 1543 qui

1987 1559 2228 1613 nondum
2271 1562 2577 1630 receperint
2607 1577 2784 1631 :quos
2825 1563 2945 1630 quis
3000 1572 3054 1618 et
3094 1565 3218 1631 jure
3269 1565 3571 1632 reprehen-

1992 1649 2160 1716 derit,
2194 1667 2257 1705 ac
2292 1667 2482 1706 rursus
2509 1653 2665 1706 venia
2687 1653 2878 1722 dignos
2935 1654 3220 1721 judicarit.
3271 1653 3404 1707 Nam
3463 1653 3569 1706 Pa-

1994 1737 2136 1793 trum
2192 1744 2432 1813 vestigiis
2484 1759 2588 1798 non
2644 1745 2936 1809 insistere,
2988 1761 3091 1802 nec
3144 1762 3243 1801 sua
3303 1747 3568 1801 sententia

295 1814 459 1882 θεῖν,
512 1819 612 1872 καὶ
661 1820 763 1891 τὴν
814 1821 1041 1876 ἐκείνων
1095 1824 1282 1894 φωνὴν
1335 1831 1676 1898 κυριωτέραν
1727 1833 1878 1886 τίθε-

1986 1849 2172 1892 vocem
2209 1835 2426 1889 illorum
2457 1836 2722 1904 potiorem
2747 1836 2966 1903 ducere,
3002 1852 3091 1891 res
3146 1849 3229 1893 est
3275 1839 3568 1905 reprehen-

295 1905 428 1959 σθαι
480 1909 581 1977 τῆς
624 1909 836 1964 ἑαυτῶν
882 1912 1131 1984 γνώμης,
1178 1915 1527 1987 ἐγκλήματος
1576 1918 1762 1987 ἄξιον,
1810 1923 1886 1986 ὡς

297 1995 601 2060 αὐθαδείας
655 1999 869 2071 γέμον·
929 2004 990 2057 τὸ
1046 2006 1104 2060 δὲ
1150 2008 1317 2062 πάλιν
1365 2008 1459 2079 ὑφ’
1511 2010 1714 2079 ἑτᾶρων
1768 2011 1884 2066 δια-

302 2096 606 2165 ϐληθεῖσαν
639 2097 808 2168 αὐτὴν
843 2097 1082 2151 ὕποπτον
1133 2099 1276 2169 ἔχειν
1304 2137 1320 2162 ,
1365 2098 1524 2152 τοῦτό
1573 2115 1691 2160 πως
1742 2097 1886 2150 δοκεῖ

299 2185 402 2238 τοῦ
437 2177 996 2257 ὲγκλήματοςάὐτοὺς
1025 2190 1258 2260 μετρίως
1285 2189 1620 2260 ἐλευθεροῦν.
1646 2189 1756 2242 Καὶ
1779 2187 1887 2258 γὰρ

299 2278 385 2350 τῷ
424 2278 542 2332 δντι
579 2316 609 2341 ,.

302 2369 531 2433 θέντες,
577 2368 819 2422 διέϐαλον
847 2371 947 2441 τὴν
970 2369 1114 2434 λέξιν
1145 2360 1221 2434 ὡς
1256 2371 1355 2423 οὐκ
1387 2370 1602 2441 εὖηχον.
1639 2371 1886 2439 Ἔφασαν

301 2459 417 2528 γὰρ
463 2461 664 2513 ἐκεῖνοι
701 2460 799 2531 τὴν
838 2463 932 2515 τοῦ
970 2463 1256 2532 ὁμοουσίου
1291 2463 1471 2534 φωνὴν
1505 2465 1774 2534 παριστᾷν
1803 2461 1882 2514 ἐν·

300 2563 461 2598 νοιαν
491 2547 684 2610 οὐσίας
724 2565 785 2600 τε
823 2549 916 2601 καὶ
951 2548 1068 2608 τῶν,
1095 2546 1190 2602 ἀπ’
1214 2551 1384 2622 αὐτῆς
1405 2568 1418 2581 ·
1464 2551 1604 2604 ὥστε
1646 2567 1888 2622 καταμε-

302 2633 592 2701 ρισθείσαν
635 2637 734 2708 τὴν
777 2639 964 2694 οὐσίαν
1013 2641 1274 2711 παρέχειν
1319 2639 1414 2693 τοῦ
1465 2641 1753 2710 ὀμοουσίου
1786 2641 1886 2711 τὴν

295 2725 696 2796 προσηγορίαν.
717 2730 830 2791 τοῖς
845 2731 936 2790 ἐἰς
961 2728 997 2782 ἃ
1017 2729 1260 2801 διῃρέθη.
1295 2731 1464 2783 Τοῦτο
1486 2731 1542 2783 δὲ
1564 2731 1656 2784 ἐπὶ
1681 2731 1884 2801 χαλκοῦ

293 2816 406 2881 μὲν
449 2815 680 2868 καὶτῶν
710 2817 803 2870 ἀπ’
832 2819 996 2872 αὐτοῦ
1038 2821 1388 2890 νομισμάτων
1423 2821 1535 2892 ἔχει
1571 2822 1692 2875 τινὰ
1729 2822 1884 2889 λόγον

290 2904 358 2956 τὸ
385 2904 662 2974 διανόημα
690 2923 703 2936 ο
753 2907 843 2976 ἐπὶ
897 2907 954 2960 δὲ
999 2909 1135 2962 Θεοῦ
1165 2910 1379 2980 Πατρὸς
1427 2912 1522 2963 καὶ
1565 2911 1702 2964 Θεοῦ
1752 2911 1884 2964 Υἱοῦ

290 2996 400 3047 οὐκ
453 2995 614 3048 οὐσία
664 2997 1005 3068 πρεσϐυτέρα
1034 3035 1048 3061 ,
1093 2998 1208 3063 οὐδ’
1261 3001 1629 3070 ὑπερκειμένη
1679 3003 1883 3070 ἀμφοῖν

294 3084 640 3154 θεωρεῖται-υ
672 3086 1343 3157 ἀσεϐείας-γὰρ-ὲπέκεινα
1381 3089 1538 3142 τοῦτο
1564 3091 1658 3144 καὶ
1693 3094 1883 3162 νοῆσαι
1915 3104 1958 3160 c

291 3175 396 3228 καὶ
441 3174 810 3243 φθέγξασθαι.-
841 3179 905 3230 Τί
947 3180 1054 3249 γὰρ
1091 3179 1156 3232 ἂν
1202 3181 1410 3248 γένοιτο
1455 3181 1549 3234 τοῦ
1585 3183 1882 3250 ἀγεννήτου

294 3267 720 3339 πρεσϐύτερονς
787 3271 1112 3342 Ἀναιρεῖται
1159 3272 1216 3325 δὲ
1276 3274 1342 3325 ὲκ
1387 3276 1486 3344 τῆς
1538 3273 1882 3343 βλασφημίας

291 3355 513 3426 ταύτης
535 3359 626 3409 καὶ
649 3360 681 3428 ή
707 3360 784 3422 είς
811 3360 900 3412 τὸν
923 3363 1141 3430 Πατέρα
1159 3363 1257 3417 καὶ
1284 3363 1413 3415 Υἰὸν
1435 3364 1617 3428 πίστις
1635 3383 1646 3394 ·
1677 3364 1882 3432 ἀδελφὰ

294 3445 411 3515 γὰρ
449 3445 700 3514 ἀλλήλοις
731 3450 799 3503 τὰ
827 3449 884 3515 ἐξ
923 3451 1369 3520 ὲνρςὺφεστῶτα.

443 3532 753 3604 Καὶὲπειδὴ
775 3535 832 3600 ἐξ
853 3536 951 3590 οὐκ
971 3537 1138 3590 ὄντων
1158 3540 1237 3600 είς
1256 3538 1317 3590 τὸ
1336 3533 1472 3590 εἷναι
1492 3539 1771 3610 παρῆχθαι
1791 3539 1882 3593 τὸν

290 3619 427 3673 Υἱὸν
461 3619 543 3673 ἔτι
575 3623 695 3676 τότε
726 3620 862 3696 ἦσαν
889 3628 936 3678 oi
962 3625 1230 3698 λέγοντες,
1267 3629 1354 3680 ἵνα
1384 3627 1478 3681 καὶ
1506 3627 1704 3698 ταύτην
1733 3631 1884 3683 ὲκτέ-

293 3727 446 3778 μωσι
497 3711 597 3781 τὴν
652 3713 937 3778 ἀσέϐειαν,
989 3716 1049 3767 τὸ
1101 3716 1383 3785 ὁμοούσιον
1434 3720 1878 3788 προσειρὴκασιν.

293 3805 568 3873 ’Λχρονος
595 3804 703 3874 γὰρ
741 3806 833 3857 καὶ
865 3807 1194 3870 ἀδιάστατοςι
1226 3810 1258 3877 ἡ
1298 3807 1390 3860 τοῦ
1441 3808 1571 3861 Υίοῦ
1619 3809 1754 3880 πρὸς
1792 3810 1882 3863 τὸν

289 3886 525 3962 Πατέρα
565 3895 843 3962 συνάφεια.
884 3897 1042 3966 Δηλοῖ
1075 3899 1132 3950 δὲ
1180 3901 1272 3952 καὶ
1308 3901 1374 3953 τὰ
1415 3900 1753 3971 προλαϐόντα
1789 3901 1885 3971 ῥή-

293 4001 451 4053 ματα
479 3984 682 4055 ταύτην
711 3975 985 4040 εἶναιτῶν
1023 3989 1231 4060 ἀνδρῶν
1268 3990 1365 4061 τὴν
1395 3990 1652 4044 διάνοιαν.
1689 3992 1884 4044 Εἰπόν-

290 4093 381 4138 τες
415 4074 529 4147 γὰρ
561 4076 674 4144 φῶς
699 4079 763 4130 ἐκ
788 4079 984 4146 φωτὸς,
1014 4080 1108 4132 καὶ
1132 4081 1197 4134 ὲκ
1217 4081 1316 4150 τῆς
1339 4082 1525 4146 οὐσίας
1543 4082 1638 4136 τοῦ
1669 4083 1882 4154 Πατρος

288 4167 380 4220 τὸν
424 4167 556 4220 Υίὸν
588 4170 966 4241 γεγεννῆσθαι,
998 4172 1120 4241 οὐχὶ
1144 4171 1199 4223 δὲ
1232 4173 1580 4242 πεποιῆσθαι,
1602 4173 1882 4243 ἐπήγαγον

289 4257 506 4322 τούτοις
537 4259 597 4311 τὸ
622 4261 904 4330 ὀμοούσιον
923 4280 936 4293 ·
971 4261 1425 4330 παραδεικνύντες
1445 4303 1459 4324 ,
1500 4264 1581 4316 ὅτι
1615 4265 1784 4336 ὅνπερ
1816 4263 1882 4317 ἄν

286 4365 372 4411 τις
411 4348 603 4422 ἀποδῷ
643 4351 820 4419 φωτὸς
856 4350 1011 4420 λόγον
1049 4351 1143 4405 ἐπὶ
1185 4353 1419 4424 Ιιατρὸς,
1462 4349 1614 4418 οὗτος
1647 4355 1882 4426 ἁρμόσει

289 4441 386 4492 καὶ
418 4439 518 4493 ἐπὶ
546 4440 697 4493 Υίοῦ.
734 4441 851 4516 Φῶς
873 4441 981 4514 γὰρ
1011 4444 1264 4515 ἀληθινὸν
1298 4446 1433 4516 πρὸς
1466 4447 1578 4514 φῶς
1605 4449 1879 4519 ἀληθινὸν,

735 2325 738 2330 .
771 2280 820 2331 οἱ
861 2280 955 2332 ἐπὶ
993 2280 1190 2350 Παύλῳ
1243 2280 1322 2349 τῷ
1361 2282 1668 2350 Σαμοσατεί
1712 2278 1889 2331 συνελ-

1990 1925 2144 1980 sione
2176 1925 2357 1995 digna,
2394 1936 2450 1979 ut
2509 1926 2667 1997 plena
2716 1929 3060 1996 arrogantiae.
3117 1927 3327 1983 Rursus
3385 1938 3565 1982 autem

1992 2015 2348 2085 vituperatam
2413 2017 2482 2070 ab
2543 2016 2666 2072 aliis
2729 2034 2914 2074 vocem
2970 2029 3273 2090 suspectam
3330 2020 3565 2086 habere,

1997 2091 2212 2144 videtur
2245 2093 2297 2145 id
2344 2094 2578 2162 quodam
2611 2096 2773 2150 modo
2809 2099 3138 2155 mediocrem
3183 2104 3290 2159 illis
3333 2122 3550 2163 excusa-

1993 2177 2159 2232 tionis
2181 2181 2393 2234 veniam
2424 2183 2742 2239 conciliare.
2770 2185 2904 2240 Nam
2958 2205 3146 2247 revera
3177 2196 3270 2263 qui
3301 2197 3355 2250 in
3410 2197 3560 2254 Pauli

1992 2263 2396 2326 Samosateusis
2419 2287 2588 2328 causa
2612 2287 2999 2344 convenerant,
3023 2298 3211 2338 vocem
3243 2287 3380 2341 hanc
3404 2306 3562 2360 quam

1989 2357 2130 2411 male
2162 2369 2448 2415 sonantem
2497 2364 2811 2433 culparunt.
2843 2367 3109 2426 Dixerunt
3143 2375 3288 2429 enim
3323 2357 3562 2436 con—sub-

1987 2450 2263 2504 stantialis
2315 2467 2448 2508 voce
2504 2455 2747 2511 exhiberi
2800 2461 3074 2517 notionem
3126 2467 3444 2526 substantias
3505 2481 3560 2527 et

1986 2553 2176 2594 eorum
2206 2559 2328 2612 quae
2353 2559 2418 2599 ex
2448 2545 2786 2616 substantia;
2817 2551 2952 2607 adeo
2999 2563 3059 2608 ut
3091 2556 3264 2613 divisa
3305 2561 3560 2616 substan—

1985 2630 2062 2683 tia
2103 2633 2520 2701 appellationem
2567 2641 3056 2700 consubstantialis
3109 2650 3364 2705 conciliet
3401 2653 3469 2710 iis
3501 2655 3554 2708 in

1987 2733 2109 2787 quae
2131 2721 2306 2776 divisa
2341 2732 2446 2777 est.
2489 2724 2622 2790 Quae
2658 2729 2876 2797 quidem
2929 2722 3188 2802 cogitatio
3231 2738 3409 2792 locum
3455 2742 3557 2794 ali-

1985 2824 2148 2878 quem
2176 2811 2336 2868 habet
2377 2814 2432 2868 in
2463 2831 2590 2871 aere
2617 2826 2671 2871 et
2697 2819 2752 2873 in
2788 2820 3038 2878 conﬂatis
3065 2841 3130 2879 ex
3159 2842 3223 2881 eo
3252 2832 3555 2886 numisma-

1985 2898 2168 2954 tibus:
2201 2911 2255 2955 at
2286 2903 2340 2956 in
2385 2903 2496 2958 Deo
2542 2904 2703 2961 Patre
2729 2916 2783 2962 et
2825 2909 2881 2964 in
2915 2909 3028 2966 Deo
3066 2912 3205 2968 Filio
3248 2918 3554 2974 substantia

1985 3003 2094 3042 non
2127 3001 2210 3045 est
2259 2994 2567 3063 antiquior,
2598 3013 2776 3067 neque
2818 3002 3038 3070 utrique
3095 3010 3438 3076 superposita
3467 3012 3555 3065 in-

1985 3079 2285 3150 telligitur:
2322 3083 2426 3138 hoc
2469 3087 2618 3140 enim
2650 3089 2913 3158 cogitare,
2955 3101 3049 3146 aut
3085 3095 3289 3162 dicere,
3337 3115 3553 3156 omnem

1986 3171 2284 3242 impietatis
2332 3177 2554 3232 modum
2616 3183 2853 3237 excedit.
2903 3184 3046 3250 Quid
3110 3190 3262 3244 enim
3313 3193 3553 3263 ingenito

1983 3266 2261 3334 antiquius
2299 3267 2410 3321 sit?
2440 3269 2677 3326 Tollitur
2705 3274 2868 3329 etiam
2907 3277 3010 3332 hac
3045 3279 3385 3352 blasphemia
3423 3286 3549 3342 ﬁdes

1983 3356 2039 3409 in
2071 3355 2286 3413 Patrem
2318 3370 2371 3416 et
2401 3359 2638 3418 Filium:
2686 3380 2812 3420 nam
2847 3369 2988 3424 inter
3019 3387 3078 3426 se
3123 3373 3352 3429 fratrum
3383 3379 3554 3433 ratio-

1983 3463 2104 3502 nem
2145 3449 2345 3504 habent
2375 3469 2496 3522 qua:
2523 3471 2589 3510 ex
2627 3472 2736 3512 uno
2763 3461 3094 3517 subsistunt.

2135 3531 2202 3585 Et
2233 3535 2357 3602 quia
2391 3534 2586 3589 Filium
2647 3554 2712 3591 ex
2759 3541 2931 3594 nihilo
3004 3541 3326 3611 productum
3375 3547 3556 3602 adhuc

1984 3631 2115 3678 tunc
2147 3636 2304 3680 erant
2337 3629 2428 3696 qui
2463 3629 2741 3696 dicerent;
2800 3642 2860 3686 ut
2895 3635 3034 3688 hanc
3089 3651 3307 3706 quoque
3361 3642 3554 3708 praeci-

1982 3718 2173 3773 derent
2233 3720 2608 3789 itnpietatem,
2667 3725 3142 3781 consubstantiale
3195 3740 3553 3798 usurparunt.

1983 3809 2116 3862 Nam
2166 3811 2286 3864 sine
2325 3819 2569 3881 tempore
2603 3821 2689 3868 est
2715 3822 2770 3867 et
2796 3815 2914 3868 sine
2945 3816 3230 3870 intervallo
3259 3817 3383 3872 Filii
3429 3837 3554 3874 cum

1982 3898 2145 3954 Patre
2175 3901 2511 3968 conjunctio.
2560 3900 2952 3958 Demonstrant
2977 3917 3158 3960 autem
3187 3914 3241 3961 et
3272 3913 3554 3979 superiora

1983 3987 2150 4041 verba
2176 3989 2317 4042 hanc
2352 3991 2568 4043 illorum
2614 4006 2738 4046 esse
2768 4001 3025 4048 mentem.
3060 3993 3356 4066 Postquam
3407 4002 3555 4055 enim

1983 4079 2241 4133 dixerunt
2275 4081 2456 4134 lumen
2486 4081 2554 4136 de
2587 4081 2816 4148 lumine,
2854 4092 3019 4155 atque
3053 4085 3248 4142 Filium
3285 4105 3350 4145 ex
3374 4091 3556 4148 Patris

1983 4169 2292 4224 substantia
2348 4171 2590 4226 aenitum
2648 4188 2802 4238 esse,
2864 4189 2973 4230 non
3021 4192 3151 4232 vero
3201 4177 3437 4250 factum;
3471 4184 3557 4239 his

1983 4260 2450 4319 consubstantiale
2502 4265 2942 4334 subjunxerunt:
2984 4268 3292 4328 indicantes
3319 4315 3332 4337 ,
3387 4291 3555 4346 quam

1982 4350 2108 4420 quis
2135 4352 2356 4409 luminis
2385 4357 2649 4410 rationem
2683 4357 2736 4410 in
2767 4357 2930 4414 Patre
2959 4361 3263 4417 reddiderit
3288 4405 3304 4429 ,
3355 4382 3475 4421 eam
3505 4379 3559 4424 et

1981 4439 2119 4494 Filio
2173 4450 2356 4512 aptam
2415 4453 2470 4499 et
2522 4456 2913 4516 congruentem
2951 4449 3230 4506 futuram:
3286 4455 3555 4524 siquidem

290 4530 414 4581 κατ’
467 4527 639 4599 αὐτὴν
682 4528 777 4582 τοῦ
833 4532 1008 4598 φωτὸς
1056 4533 1152 4604 τὴν
1198 4533 1428 4598 ἔννοιαν,
1474 4535 1728 4606 οὐδεμίαν
1771 4536 1881 4602 ἕξει

1986 4531 2165 4586 lumen
2196 4549 2383 4588 verum
2417 4550 2541 4590 cum
2575 4553 2706 4592 vero
2752 4539 2990 4604 lumine,
3023 4543 3324 4598 secundum
3381 4548 3555 4616 ipsam

289 4618 679 4689 παραλλαγήν.
725 4621 874 4674 Ἐπεὶ
903 4618 995 4676 οὖν
1021 4625 1166 4678 ἐστιν
1201 4627 1436 4696 ἄναρχον
1474 4627 1588 4696 φῶς
1616 4628 1643 4678 ὁ
1665 4630 1874 4701 Πατὴρ,

289 4709 559 4779 γεννητὸν
600 4709 655 4762 δὲ
697 4711 813 4778 φῶς
853 4713 880 4764 ὁ
923 4711 1086 4778 Υἱὸς.
1129 4715 1244 4784 φῶς
1297 4716 1353 4769 δὲ
1399 4718 1490 4768 καὶ
1532 4717 1645 4786 φῶς
1690 4719 1880 4771 ἑκάτε-

293 4818 389 4871 ρος
431 4793 468 4867 ,ί
589 4803 872 4872 ὁμοοῦσιον
896 4802 1056 4861 εἶπαν
1076 4808 1320 4877 δικαίως,
1352 4809 1436 4862 ἵνα
1459 4811 1517 4863 τὸ
1542 4811 1642 4880 τῆς
1664 4811 1878 4878 φύσεως

293 4892 559 4961 ὁμότιμον
592 4895 1035 4965 παραστήσωσιν.
1071 4899 1144 4951 Οὐ
1175 4898 1283 4970 γὰρ
1311 4899 1380 4952 τὰ
1405 4900 1609 4969 ἀδελφὰ
1633 4901 1878 4972 ἀλλήλοις

291 4983 560 5046 όμοούσια
802 4987 1052 5056 λέγεται,
1109 4986 1246 5064 amp
1292 4993 1432 5056 τινὲς
1493 4992 1874 5062 ὑπειλήφασιν⁸

293 5073 410 5125 ἀλλ’
473 5073 601 5127 ὅταν
641 5077 735 5128 καὶ
775 5078 835 5131 τὸ
872 5078 1042 5133 αἴτιον
1084 5082 1177 5134 καὶ
1220 5081 1279 5134 τὸ
1325 5084 1388 5136 ἐκ
1427 5083 1520 5135 τοῦ
1565 5083 1736 5136 αἰτίου
1779 5082 1876 5153 τὴν

294 5163 536 5235 ὓπαρξιν
574 5167 698 5238 ἔχον
740 5168 841 5240 τῆς
884 5172 1057 5242 αὐτῆς
1089 5173 1309 5247 ὑπάρχῃ
1349 5174 1581 5243 φύσεως,
1615 5174 1874 5246 όμοούσια

292 5255 532 5324 λέγεται.
1099 5269 1103 5272 ’

459 5437 605 5508 Αὕτη
639 5437 694 5491 δὲ
725 5440 757 5509 ἠ
807 5438 959 5511 φωνὴ
989 5443 1083 5495 καὶ
1134 5443 1194 5495 τὺ
1224 5443 1317 5495 τοῦ
1363 5443 1649 5508 Σαϐελλίου
1709 5443 1874 5498 κακὸν

295 5524 712 5596 ἐπανορθοῦται·
753 5531 968 5602 ἀναιρεῖ
1001 5531 1108 5602 γὰρ
1125 5533 1221 5602 τὴν
1259 5535 1563 5605 ταυτότητα
1603 5537 1702 5606 τῆς
1742 5536 1874 5588 ὑπο-

299 5617 562 5683 στάσεως,
611 5622 702 5673 καὶ
745 5623 961 5691 εἰσάγει
999 5623 1208 5677 τελείαν
1252 5625 1360 5678 τῶν
1413 5627 1721 5697 προσώπων
1774 5627 1874 5697 τὴν

301 5706 528 5764 ἔννοιαν.
565 5712 638 5765 Οὐ
660 5712 768 5782 γὰρ
795 5713 925 5766 αὑτό
951 5713 1003 5766 τί
1040 5717 1185 5768 ἐστιν
1211 5716 1385 5785 ἑαυτῷ
1417 5718 1699 5788 ὁμοούσιον
1716 5760 1730 5788 ,
1757 5719 1872 5775 ἀλλ’

624 5817 900 5876 ΡΑτιιοι.
952 5816 1071 5876 (in.
1121 5813 1385 5876 CXXX.

1983 4622 2206 4678 luminis
2239 4625 2516 4681 notionem
2544 4666 2559 4691 ,
2614 4627 3116 4686 dissimilitudinem
3148 4635 3352 4688 nullam
3387 4637 3553 4693 habe-

1981 4713 2080 4768 bit.
2121 4714 2258 4770 Cum
2313 4717 2479 4785 igitur
2510 4718 2672 4775 Pater
2699 4722 2881 4777 lumen
2933 4724 3002 4778 sit
3043 4725 3294 4796 principii
3332 4743 3549 4798 expers.

1981 4807 2152 4865 Filius
2185 4826 2314 4865 vero
2349 4813 2531 4867 lumen
2563 4815 2844 4884 genitum,
2879 4831 2944 4870 ac
2999 4825 3231 4888 uterque
3269 4821 3449 4878 lumen
3500 4833 3551 4878 et

1980 4901 2186 4965 lumen,
2214 4904 2338 4972 jure
2367 4906 2888 4963 consubstantialem
2922 4908 3215 4978 dixerunt,
3251 4921 3311 4967 ut
3344 4925 3553 4971 natura:

1977 4993 2241 5061 aqualem
2271 4995 2588 5066 dignitatem
2620 4997 3080 5056 demonstrarent.
3109 5002 3228 5059 Non
3259 5007 3402 5063 enim
3433 5024 3554 5079 quae

1978 5082 2208 5136 fratrum
2246 5085 2388 5139 inter
2431 5103 2490 5142 se
2519 5089 2782 5144 rationem
2841 5091 3083 5159 habent,
3131 5097 3392 5152 dicuntur
3425 5115 3554 5154 con-

1977 5177 2386 5243 substantialia,
2414 5179 2468 5232 id
2496 5181 2642 5249 quod
2667 5183 2889 5252 quidam
2923 5188 3272 5255 existimant;
3305 5191 3398 5245 sed
3427 5207 3549 5245 cum

1975 5272 2030 5319 et
2067 5281 2257 5332 causa,
2292 5275 2345 5323 et
2383 5269 2437 5324 id
2468 5272 2611 5340 quod
2643 5289 2708 5328 ex
2748 5290 2913 5332 causa
2949 5281 3324 5336 exsistentiam
3366 5282 3550 5346 habet,

1975 5356 2226 5425 ejusdem
2255 5369 2384 5414 sunt
2411 5371 2644 5430 naturae,
2683 5369 3178 5424 consubstantialia
3199 5370 3479 5426 dicuntur.

2045 5447 2315 5503 Caaterum
2346 5464 2450 5502 vox
2482 5449 2669 5504 eadem
2696 5448 2917 5505 Sabellii
2958 5465 3178 5519 quoque
3226 5450 3550 5518 pravitatem

1976 5540 2265 5608 corrigit:
2328 5541 2465 5595 tollit
2520 5542 2663 5596 enim
2717 5541 3032 5611 hypostasis
3086 5542 3448 5607 identitalem,
3499 5555 3553 5598 et

1976 5634 2276 5704 perfectam
2309 5648 2665 5702 persoaarum
2731 5634 3010 5687 notionem
3087 5633 3315 5690 inducit.
3365 5635 3550 5706 Neque

1975 5726 2123 5781 enim
2211 5725 2505 5796 quidquam
2549 5723 2651 5780 sibi
2697 5725 2797 5794 ipsi
2881 5728 3346 5784 consubstantiale
3418 5739 3545 5796 est,

3093 5822 3169 5884 18
