4026 6290
515 313 626 376 555

1751 309 2134 370 ΕΙΠῊΥΜΙΙ
2173 307 2538 372 ΖΙΘΑΒΕΝΙ
3656 303 3751 368 556

510 429 608 482 sed
641 423 874 479 alterum
911 419 1071 476 alteri
1098 436 1114 476 :
1141 435 1313 492 quare
1340 420 1604 492 praeclare
1634 435 1698 476 ac
1724 426 1814 492 ple
1843 437 1903 477 se
1928 422 2092 478 habet

2204 421 2385 492 ἕτερον
2403 420 2597 490 ὲτίρῳζ
2636 415 2777 471 ὥστε
2811 413 2990 478 καλῶς
3026 413 3143 483 ἔχει
3163 413 3258 465 καὶ
3287 409 3547 478 εὗσεόῶς.
3581 415 3682 468 τῶν
3697 435 3753 470 τε

516 521 606 575 illa
659 534 790 579 vox,
839 525 894 571 et
935 518 1311 585 bypostasewv
1358 516 1751 585 proprietatem
1807 514 2094 579 deﬁniens,

516 619 571 665 et
601 619 812 662 naturae
846 607 967 662 sine
1032 606 1141 660 ullo
1180 605 1502 660 discrimine
1541 605 1952 660 similitudinem
2001 608 2094 660 de.

513 709 845 756 monstrans.
876 697 1012 754 Cum
1047 708 1228 753 autem
1263 712 1328 752 ex
1354 696 1534 753 Patris
1557 699 1864 754 substantia
1898 697 2095 752 Filium

510 805 634 844 esse
664 790 914 852 dicimus,
943 803 1179 857 eumque
1207 789 1473 856 genitum,
1499 803 1605 843 non
1644 800 1825 841 autem
1862 788 2095 853 factum,

513 896 581 934 ne
610 879 964 950 prolabamur
1015 879 1070 933 in
1127 879 1448 950 corporales
1490 881 1902 948 perpessiouum
1942 879 2093 946 cogi-

512 974 770 1025 tationes.
809 969 926 1025 Non
963 969 1109 1024 enim
1137 969 1307 1025 divisa
1349 979 1435 1024 est
1460 970 1768 1024 substantia
1793 985 1823 1022 a
1847 969 2007 1024 Patre
2031 968 2086 1022 in

510 1063 713 1120 Filium
753 1077 769 1116 :
807 1077 988 1131 neque
1042 1045 1263 1116 ﬂuendo
1304 1061 1511 1129 dilapsa
1580 1061 1880 1131 generavit,
1923 1075 2100 1130 neque

511 1156 818 1226 proferens,
869 1154 1328 1225 quemadmodum
1392 1155 1614 1208 arbores
1655 1154 1866 1208 fructus
1915 1152 2095 1222 profe-

513 1257 639 1302 runt
673 1265 687 1300 :
719 1246 816 1302 sed
881 1245 1272 1300 inenarrabilis
1313 1254 1367 1298 et
1402 1245 1843 1314 imlepreliensus
1895 1243 2102 1313 cogita-

512 1341 754 1394 tionibus
783 1339 1063 1394 bominum
1096 1338 1294 1392 divinae
1328 1338 1702 1405 generationis
1739 1337 1950 1392 modus.
1989 1335 2101 1388 llu-

514 1435 658 1488 milis
682 1434 829 1488 enim
871 1446 1060 1486 revera
1087 1440 1141 1486 et
1190 1431 1430 1485 carnalis
1464 1440 1548 1485 est
1604 1430 1824 1496 mentis,
1872 1428 2102 1484 caducis

511 1540 576 1579 ac
617 1524 1015 1594 temporalibus
1049 1522 1355 1579 assimilare
1397 1533 1626 1586 aeterna,
1663 1538 1729 1578 ac
1755 1524 2101 1585 existimare,

510 1618 970 1692 quemadmodum
1013 1616 1342 1686 corporalia,
1381 1617 1458 1670 ita
1493 1627 1547 1670 et
1588 1616 1760 1670 Deum
1807 1630 2098 1684 generare.

511 1733 765 1802 Ejusdem
819 1745 883 1783 ea:
910 1727 1132 1802 epistola
1164 1729 1232 1802 aid
1265 1727 1601 1802 Eustathium
1631 1727 1974 1802 Δ,ιιι-ιιιωιίιιιιι,
2001 1729 2100 1802 ml-

581 1819 763 1857 ueraus
798 1800 1080 1870 quosdam,
1114 1801 1206 1868 qui
1241 1798 1551 1852 videbantur
1607 1795 1929 1849 Arianorum
1984 1798 2100 1863 opi-

583 1874 827 1927 nionibus
844 1870 1045 1938 fauere.

594 1963 822 2034 Oportet
855 1962 1023 2031 igitur
1055 1968 1112 2014 ut
1171 1969 1356 2029 aperte
1391 1957 1753 2042 conﬁteantur
1804 1971 1864 2012 se
1916 1959 2105 2013 crede-

511 2071 591 2123 re,
619 2056 1077 2126 quemadmodum
1138 2051 1303 2104 verba
1368 2065 1397 2103 a
1441 2047 1694 2103 Patribns
1757 2049 1959 2104 nostris
2009 2047 2106 2102 Ni-

515 2165 644 2205 caea:
666 2148 914 2217 exposita
947 2143 1329 2215 praescribunt,
1367 2143 1412 2196 si
1469 2151 1648 2195 tamen
1682 2156 1815 2196 sana
1856 2142 2100 2211 ipsorum

509 2241 801 2294 verborum
838 2235 1111 2293 sententia
1148 2233 1472 2302 accipiatur.
1511 2231 1650 2285 Sunt
1692 2231 1837 2286 enim
1878 2231 2103 2301 quidam

511 2330 686 2386 iuhac
716 2330 883 2384 etiam
918 2327 1046 2392 lide,
1099 2325 1195 2395 qui
1250 2323 1501 2378 veritatis
1551 2322 1857 2376 orationem
1909 2323 2106 2392 depra-

514 2433 669 2487 vant,
703 2431 759 2475 et
809 2436 1002 2476 eorum
1051 2418 1343 2474 verborum
1397 2430 1622 2472 sensum
1677 2416 1743 2470 ad
1794 2416 2103 2486 opinionem

511 2531 668 2571 suam
735 2512 1168 2569 confirmandam
1215 2510 1462 2565 trahunt.
1533 2509 1982 2579 Quandoquidem
2050 2519 2106 2565 et

520 2606 804 2662 Marcellus
836 2605 1003 2674 impie
1023 2603 1276 2658 sentiens
1302 2603 1370 2658 de
1395 2616 1626 2672 persona
1657 2600 1872 2656 Domini
1929 2601 2103 2654 nostri

507 2697 636 2753 Jesu
675 2695 900 2758 Christi,
929 2706 1167 2760 eumque
1198 2706 1394 2760 purum
1449 2705 1571 2745 esse
1601 2689 1841 2744 Verbum
1907 2689 2104 2764 prmdi—

510 2802 666 2853 cans,
702 2800 870 2840 ausus
905 2792 989 2838 est
1018 2783 1224 2842 dicere,
1253 2793 1312 2834 se
1338 2791 1396 2833 ut
1426 2779 1499 2832 ita
1531 2779 1783 2841 sentiret,
1815 2777 2103 2847 adductum

2198 514 2554 568 ὑποστάσεων
2581 513 2682 581 τὴν
2707 510 2948 579 ἰδιότητα
2979 507 3314 579 διορίζουσα,
3341 507 3541 576 καὶτῆς
3558 508 3754 576 φύσεως

2198 606 2258 659 τὸ
2289 605 2716 675 ἀπαράλλακτον
2754 599 3082 669 παριστῶσα
3114 599 3251 668 (59).
3292 596 3463 652 Ὅταν
3491 600 3548 653 δὲ
3578 603 3638 654 ἔκ
3666 603 3754 671 τῆς

2201 700 2388 762 οὐσίας
2416 698 2513 752 τοῦ
2544 696 2757 766 nam;
2783 698 2880 749 τὸν
2907 694 3036 748 Υίὺν
3067 690 3208 746 εἶναι
3251 691 3642 762 διδασκώμεθα,
3671 697 3756 748 καὶ

2197 791 2552 861 γεννηθέντα,
2587 789 2704 844 ἀλλ’
2726 788 2850 858 οὐχὶ
2878 786 3197 856 ποιηθέντα,
3245 785 3319 857 μὴ
3349 785 3755 851 καταπίπτωμιν

2200 884 2294 936 ἐπὶ
2322 885 2420 947 τὰς
2474 883 2794 952 σωματικὰς
2847 880 2960 933 τῶν
3011 877 3203 932 παθῶν
3255 878 3486 940 ἑννοίας.
3523 879 3607 930 Ὀὐ
3661 877 3757 944 γάρ

2199 974 2467 1046 ἐμερίσθη
2497 975 2531 1044 ἡ
2556 974 2716 1028 οὐσία
2743 970 3190 1040 άπὺΠατρὸςείς
3224 970 3375 1024 Υίόν·
3434 969 3549 1022 οὐδὲ
3575 970 3760 1040 ⁴ῥυεῖσα

2199 1070 2516 1138 ἐγέννησεν,
2555 1065 2676 1120 οὐδὲ
2703 1064 3077 1137 προϐαλοῦσα,
3104 1063 3179 1124 ὡς
3217 1063 3285 1115 τὰ
3315 1061 3467 1129 φυτὰ
3493 1063 3612 1123 τοὺς
3637 1077 3760 1130 xop-

2201 1161 2358 1226 ποὺς,
2389 1159 2505 1213 ἀλλ’
2525 1160 2778 1230 νᾶρῤητος
2807 1158 2904 1212 καὶ
2949 1156 3311 1226 ὰνεπινόητος
3345 1154 3622 1222 λογισμοῖς
3675 1156 3761 1207 άν-

2203 1253 2440 1323 θρὼπων
2469 1255 2572 1322 τῆς
2597 1253 2746 1314 θείας
2776 1249 3086 1319 γεννήσεως
3141 1249 3174 1300 ὁ
3227 1246 3457 1315 τρόπος.
3497 1241 3761 1314 ’Ταπεινῆς
3847 1283 3853 1290 .

2202 1346 2312 1413 γὰρ
2344 1342 2421 1412 τῷ
2440 1342 2552 1394 ὄντι
2583 1341 2677 1393 καὶ
2707 1339 2972 1409 σαρκίνης
3003 1339 3120 1390 ἐστὶ
3146 1334 3385 1400 διανοίας
3399 1339 3511 1399 to"
3526 1333 3761 1403 φθιρτοῖς

2209 1437 2306 1489 καὶ
2344 1433 2706 1504 προσκαίροις
2737 1430 3036 1503 ἀφομοιοῦν
3084 1433 3150 1484 ’τὰ
3193 1430 3364 1494 ἀΐδια,
3401 1430 3494 1482 καὶ
3549 1427 3757 1493 τίεσθαι,

2201 1527 2307 1592 ὅτι,
2335 1526 2412 1589 ὡς
2439 1525 2510 1580 τὰ
2541 1524 2856 1596 σωματικὰ,
2881 1521 3026 1576 οὕτω
3059 1523 3226 1592 γεννᾷ
3239 1519 3396 1574 ’καὶτὸ
3425 1519 3573 1580 Θεός.

2210 1725 2324 1779 Τοῦ
2350 1723 2540 1779 αὐτοῦ
2569 1723 2638 1776 ἐκ
2663 1719 2953 1790 τῆςπρὸς
2983 1721 3466 1776 Εὐστάθιογτὸγ
3493 1714 3764 1790 Ἀρμένιον

2135 1767 2176 1822 Β
2275 1793 2636 1862 ἐπιστολῆς,
2655 1767 2808 1846 adad
2830 1767 3025 1847 ’ξιιῖων
3054 1767 3764 1864 ὑποπτευομένωῖνὰρειαο

2275 1864 2481 1925 νίζειν.

2278 1959 2556 2030 Προσήκει
2597 1959 2782 2012 τοίνυν
2821 1958 3076 2027 ἐναργῶς
3119 1957 3325 2020 αὐτοὺς
3365 1957 3660 2027 ὁμολογεῖν,
3695 1959 3767 2012 ὅτι

2207 2055 2529 2105 πιστεύουσι
2574 2054 2719 2106 κατὰ
2757 2051 2828 2105 τὰ
2859 2053 3085 2122 ῥήματα
3123 2049 3195 2104 τὰ
3238 2049 3349 2104 ὑπὸ
3387 2051 3495 2105 τῶν
3534 2052 3768 2124 Πατέρων

2206 2143 2364 2213 ἡμῶν
2394 2143 2692 2198 ἐκτεθέντα
2724 2144 2784 2197 ὲν
2814 2146 2880 2214 τῇ
2914 2142 3122 2212 Νικαία
3141 2181 3158 2208 ,
3191 2141 3294 2196 καὶ
3329 2143 3468 2196 κατᾶ
3498 2143 3594 2212 τὴν
3621 2143 3769 2212 ὐγιῶς

2208 2236 2314 2289 ὑπὸ
2357 2235 2467 2290 τῶν
2515 2235 2781 2308 ῥημάτων
2822 2235 3033 2288 τούτων
3077 2235 3495 2306 ἐμφαινομένην
3529 2235 3768 2294 διάνοιαν.

2207 2327 2334 2381 Εἰσὶ
2365 2328 2476 2399 γάρ
2504 2344 2656 2391 τινες
2687 2329 2738 2380 οί
2771 2327 2868 2382 καὶ
2903 2328 2964 2380 ὲν
2992 2326 3170 2399 ταύτῃ
3199 2329 3266 2398 τῇ
3303 2327 3486 2380 πίστει
3512 2327 3770 2396 δηλοῦντες

2206 2420 2299 2474 τὸν
2337 2419 2500 2490 λόγον
2536 2420 2637 2490 τῆς
2675 2419 2961 2490 ἀληθείας,
2999 2420 3096 2474 καλ⁵
3137 2419 3279 2491 πρὸς
3318 2421 3381 2473 τὸ
3412 2420 3624 2492 ἑαυτῶν
3661 2421 3770 2490 βού-

2207 2513 2360 2584 λημα
2384 2514 2477 2568 τὸν
2503 2512 2628 2567 νοῦν
2653 2512 2766 2567 τῶν
2791 2514 2850 2566 ὲν
2877 2513 3018 2582 αὐτῇ
3050 2513 3324 2584 ῥημάτων
3347 2515 3594 2580 ἕλκοντες
3611 2531 3625 2546 ·
3651 2516 3769 2568 ὅπου

2208 2621 2272 2676 γε
2312 2605 2410 2660 καὶ
2451 2605 2776 2677 Μάρκελλος
2814 2605 3120 2676 ἐτόλμησεν
3158 2606 3380 2661 ἀσεϐῶν
3415 2608 3495 2670 είς
3525 2607 3620 2676 τὴν
3655 2608 3770 2662 ὑπό-

2211 2717 2401 2753 στασιν
2431 2697 2527 2752 τοῦ
2560 2699 2775 2768 Κυρίου
2807 2698 2966 2769 ἡμῶν
2999 2697 3176 2768 Ἰησοῦ
3209 2697 3452 2769 Χριστοῦ
3473 2737 3490 2764 ,
3520 2701 3609 2754 καὶ
3636 2699 3770 2769 ψιλὸν

2209 2792 2374 2845 αὐτὸν
2397 2790 2767 2861 ἐξηγούμενος
2791 2790 2954 2860 λόγον
2980 2791 3194 2846 ἐκεῖθεν
3219 2792 3664 2862 προφασίσασθαι
3685 2792 3770 2854 τὰς

509 2893 631 2934 esse
665 2885 882 2946 propter
907 2874 1050 2927 illam
1079 2885 1266 2926 vocem
1295 2868 1608 2938 ὁμοούσιον,
1639 2869 1795 2937 cujus
1830 2867 1938 2920 vim
1968 2866 2101 2921 male

2208 2881 2385 2952 ἀρχὰς
2415 2882 2698 2950 εἰληφέναι
2727 2881 2822 2936 τοῦ
2853 2882 3176 2952 ὀμοουσίου,
3209 2885 3314 2954 τὴν
3342 2884 3575 2940 διάνοιαν
3605 2888 3771 2950 κακῶς

511 2969 866 3038 intelligebat.
893 2965 961 3020 Et
1007 2966 1102 3035 qui
1154 2961 1374 3019 Sabellii
1430 2960 1617 3032 Libyci
1667 2960 1960 3014 defendunt
2005 2958 2101 3012 im-

2211 2973 2600 3044 ἐξηγούμενος.
2633 2974 2744 3028 Καί
2773 2991 2920 3038 τινες
2947 2975 3060 3029 τῶν
3083 2976 3196 3028 ’ἀπὸ
3228 2977 3328 3042 τῆς
3359 2977 3665 3041 δυσσεϐείας
3690 2977 3771 3031 τοῦ

511 3063 794 3131 pietatem,
826 3071 1114 3128 personam
1145 3065 1200 3109 et
1236 3057 1532 3110 essentiam
1589 3054 1732 3107 idem
1783 3054 2101 3107 existimau-

2211 3067 2410 3130 Λίὸυος
2437 3067 2758 3136 Σαϐελλίου,
2786 3067 3086 3124 ὑπόστασιν
3112 3069 3206 3123 καὶ
3226 3071 3421 3125 οὐσίαν
3443 3073 3631 3126 ταυτὸν
3651 3067 3772 3125 εἶναι

512 3165 618 3218 tes,
664 3154 730 3206 ad
759 3166 878 3206 eam
916 3148 1343 3206 conﬁrmandam
1394 3146 1655 3201 simulant
1703 3160 1760 3200 se
1815 3154 2098 3214 propterea

2210 3112 2967 3230 unolapﬁa'tvovreg,"éxsi0ev
2997 3161 3218 3216 ἕλκουσι
3247 3165 3350 3226 τάς
3381 3164 3628 3235 ἀφορμὰς
3654 3165 3773 3234 arpi;

509 3243 822 3312 compulsos
849 3240 1156 3309 esse,qnod
1189 3242 1240 3292 in
1275 3253 1340 3294 ea
1372 3237 1476 3292 [ide
1525 3239 1598 3290 ita
1655 3239 1920 3303 scriptum
1976 3236 2048 3290 sit
2089 3253 2101 3289 :

2211 3254 2310 3316 τὴν
2358 3253 2708 3324 κατασκευὴν
2755 3254 2856 3323 τῆς
2904 3256 3120 3308 ἑαυτῶν
3169 3255 3542 3327 βλασφημίας,
3587 3257 3647 3308 ὲκ
3687 3258 3771 3308 τοῦ

512 3338 570 3392 Si
596 3336 720 3406 quis
745 3334 942 3389 Filium
968 3348 1032 3386 ex
1065 3331 1173 3385 alia
1198 3331 1437 3385 essentia
1467 3330 1582 3382 sive
1637 3329 1917 3397 hypostasi
1974 3340 2101 3382 esse

2211 3340 2588 3410 ἐγγεγράφθαι
2630 3345 2696 3412 τῇ
2729 3342 2941 3407 πίστει,
2968 3343 3052 3396 ὅτι
3098 3343 3227 3398 Ἐάν
3252 3345 3308 3398 δέ
3335 3364 3420 3410 τις
3443 3347 3572 3418 λέγῃ
3597 3347 3649 3413 ἐξ
3675 3346 3771 3398 ἑτέ-

511 3429 735 3490 dixerit,
759 3440 884 3479 eum
925 3433 1243 3479 exsecratur
1278 3430 1334 3476 et
1389 3419 1696 3476 detestatur
1753 3419 2025 3474 catholica
2053 3429 2101 3474 el

2215 3451 2314 3503 ρας
2357 3434 2546 3497 οὐσίας
2588 3435 2621 3507 ἢ
2669 3436 3024 3501 ὑποστάσεως
3064 3439 3156 3493 τὸν
3195 3441 3347 3506 Υίὸν,
3387 3441 3572 3494 τοῦτον
3602 3440 3773 3496 ἀναθε-

512 3519 813 3591 apostolica
849 3516 1113 3570 Ecclesia.
1181 3513 1300 3568 Non
1371 3523 1550 3567 autem
1595 3513 1790 3567 Patres
1845 3512 1916 3566 illi
1966 3513 2101 3567 idem

2216 3527 2435 3598 ματίζει
2478 3530 2512 3598 ἡ
2551 3529 2818 3601 καθολικὴ
2863 3532 2959 3583 καὶ
3001 3531 3340 3604 ἀποστολικὴ
3369 3535 3668 3605 Ἐκκλησία.
3701 3533 3768 3588 Οὐ

513 3627 637 3668 esse
664 3611 917 3666 dixerunt
943 3609 1236 3663 essentiam
1260 3615 1314 3660 et
1360 3606 1694 3676 hypostasim
1727 3621 1742 3660 :
1777 3606 1824 3660 si
1855 3605 1999 3660 enim
2029 3607 2101 3658 liae

2214 3621 2324 3689 γὰρ
2355 3619 2554 3672 ταυτὸν
2581 3617 2736 3672 εἶπον
2763 3621 2882 3673 ἐκεῖ
2909 3621 3100 3676 οὐσίαν
3128 3623 3224 3676 καὶ
3253 3624 3567 3678 ὑπόστασιν.
3595 3624 3650 3677 Εἰ
3677 3623 3772 3693 γὰρ

2216 3709 2350 3780 μίαν
2385 3711 2480 3764 καὶ
2514 3711 2821 3782 τὴνλαύτὴν
2855 3712 3084 3783 ἐδήλουν
3120 3712 3336 3767 ἔννοιαν
3372 3718 3426 3768 αἱ
3469 3714 3665 3785 φωναὶ,
3698 3715 3770 3774 τίς

2211 3803 2372 3872 χρεία
2402 3799 2472 3876 ἦν
2503 3805 2813 3873 ἑκατέρων;
2844 3805 3007 3861 Ἀλλά
3038 3807 3198 3878 δῆλον
3230 3811 3307 3872 ὡς
3339 3810 3447 3862 τῶν
3481 3811 3574 3880 μὲν
3604 3811 3772 3880 ἀρνου-

2215 3897 2392 3965 μένων
2443 3899 2506 3950 ὲκ
2557 3895 2658 3968 τῆς
2715 3899 2904 3962 οὐσίας
2957 3895 3100 3954 εἶναι
3152 3901 3248 3955 τοῦ
3306 3903 3534 3974 Πατρὸς,
3581 3903 3678 3956 τῶν
3722 3900 3770 3953 δὲ

2211 3987 2481 4056 λεγόντων
2526 3990 2627 4043 οὐκ
2675 3989 2741 4043 ὲκ
2785 3990 2885 4060 τῆς
2932 3991 3143 4056 οὐσίας,
3196 3992 3314 4046 ἀλλ’
3340 3994 3399 4059 ἐξ
3446 3995 3603 4064 ἄλλης
3645 3991 3768 4052 τινὸς

2212 4079 2571 4144 ὑποστάσεως
2593 4122 2607 4146 ,
2645 4079 2818 4146 οὕτως
2852 4082 3147 4154 ἀμφότερα
3178 4084 3254 4148 ὡς
3290 4085 3543 4157 ἀλλότρια
3571 4083 3657 4138 τοῦ
3689 4085 3767 4135 ἐκ·

2213 4172 2610 4244 κλησιαστικοῢ
2644 4175 2998 4244 φρονήματος
3029 4175 3443 4247 ἀπηγόρευσαν.
3483 4177 3624 4229 Ἐπεὶ
3651 4177 3766 4228 ὅπου

511 3707 629 3760 duae
651 3717 810 3760 voces
845 3716 1011 3756 unum
1039 3710 1092 3755 et
1116 3702 1366 3754 eumdem
1399 3709 1612 3754 sensum
1651 3698 1932 3758 haberent.
1960 3705 2112 3751 utra-

511 3810 617 3864 que
641 3794 717 3848 nti
743 3811 849 3850 non
883 3803 1003 3848 erat
1033 3806 1192 3860 Opus.
1213 3790 1351 3845 Cum
1379 3791 1545 3858 igitur
1578 3789 1671 3843 alii
1726 3789 1923 3845 Filium
1988 3803 2108 3844 esse

516 3896 779 3955 negarent
808 3901 875 3939 ex
925 3883 1104 3938 Patris
1155 3882 1419 3947 essentia,
1485 3881 1576 3935 alii
1636 3881 1810 3951 ipsum
1872 3895 1978 3938 non
2040 3897 2107 3937 ex

511 3979 774 4045 essentia,
808 3977 903 4032 sed
937 3989 1006 4030 ex
1032 3975 1139 4030 alia
1167 3975 1448 4046 liypos-tasi
1471 3983 1726 4029 constare
1751 3973 2014 4040 dicerent,
2047 3983 2108 4029 ut

513 4079 804 4136 utramque
835 4069 1061 4123 istorn'm
1085 4065 1400 4134 opinionem
1471 4071 1730 4133 tanquam
1784 4063 1978 4118 falsam
2023 4079 2105 4119 re-

511 4160 828 4229 probarent,
864 4160 1054 4212 ambas
1105 4157 1228 4211 illas
1300 4171 1463 4212 voces
1528 4156 1920 4211 adhibuerunt.
1968 4155 2105 4209 Nam

515 4255 605 4310 ubi
642 4253 1001 4308 declararunt
1025 4250 1357 4305 sententiam
1381 4266 1564 4316 suam,
1620 4249 1820 4304 Filium
1885 4265 1950 4304 ex
2007 4249 2101 4304 Pa-

2212 4281 2277 4333 γε
2309 4266 2369 4318 τὸ
2401 4265 2609 4319 ἑαυτῶν
2637 4266 2864 4338 ἐδήλουν
2894 4267 3175 4340 φρόνημα,
3207 4265 3363 4325 εἷπον
3393 4274 3455 4324 ἐκ
3481 4269 3577 4340 τῆς
3602 4267 3766 4327 οὐσίας

512 4347 616 4402 tris
637 4347 879 4402 essentia
909 4346 1183 4409 dixerunt,
1209 4343 1389 4412 ibiqiie
1430 4341 1672 4397 alteram
1721 4343 1874 4397 illam
1915 4351 2101 4398 vocem

2212 4357 2305 4410 τοῦ
2347 4359 2558 4429 Harpe;
2591 4359 2684 4412 τὸν
2718 4359 2879 4428 Υίδν,
2912 4361 3098 4415 οὐκέτι
3138 4364 3470 4434 προσθέντες
3493 4363 3596 4416 καὶ
3625 4361 3680 4412 τὸ
3711 4359 3765 4412 ἐκ

515 4440 851 4508 hyposta'sim
870 4451 972 4492 non
1002 4435 1350 4499 addiderunt,
1370 4449 1490 4504 qua:
1513 4435 1738 4504 quidem
1765 4441 1827 4489 ut
1856 4437 1924 4490 ad
1981 4453 2101 4506 pra-

2213 4451 2310 4521 τῆς
2340 4451 2698 4516 ὑποστάσεως
2718 4497 2734 4521 ,
2769 4453 2910 4507 ὥστε
2944 4457 3124 4508 ἐκεῖνο
3155 4457 3254 4525 μὲν
3286 4457 3375 4510 ἐπ’
3400 4457 3644 4525 άοετήσει
3670 4454 3764 4506 κεί-

511 4551 638 4590 vam
669 4533 982 4604 opiniOnem
1009 4528 1742 4587 comlemnamlam'adhihita
1771 4540 1854 4584 est
1885 4570 1899 4595 ,
1930 4530 2011 4585 sic
2039 4532 2101 4586 ad

2211 4558 2300 4596 ται
2337 4543 2433 4596 τοῦ
2477 4545 2720 4616 πονηροῦ
2767 4547 3142 4617 φρονήματος,
3186 4549 3347 4602 τοῦτο
3373 4544 3446 4602 ’δὲ
3489 4547 3764 4618 φανέρωσιν

509 4625 733 4681 Patrum
791 4636 1011 4678 sensum
1095 4620 1515 4689 explicandum,
1573 4622 1866 4675 essentiam
1929 4623 2101 4677 solum

2211 4636 2324 4706 ἔχει
2366 4636 2459 4689 τοῦ
2504 4639 2778 4709 πατρικοῦ
2821 4639 3114 4711 δόγματος.
3156 4645 3249 4696 Δεῖ
3288 4643 3468 4696 τοίνυν
3509 4639 3761 4710 ὁμολογεῖν

511 4716 868 4788 pronuntiare
885 4714 1019 4769 satis
1043 4713 1163 4767 fuit.
1191 4711 1416 4780 Oportet
1435 4711 1887 4781 igitur'eonliteri
1910 4709 2101 4768 Filium

2209 4727 2499 4798 ὀμοούσιον
2542 4729 2622 4801 τῷ
2667 4731 2845 4801 Πατρὶ
2892 4709 2984 4784 τον
3032 4731 3182 4800 Υἱὸν,
3216 4734 3400 4798 καθὼς
3443 4709 3760 4803 γέγραπταιο

509 4809 821 4880 ὀμοούσιον,
853 4809 912 4862 id
933 4819 1039 4872 est,
1065 4805 1308 4876 ejusdem
1331 4804 1582 4858 essentia?
1601 4805 1724 4859 siVe
1741 4808 2108 4862 consubstan-

513 4904 724 4968 tialem,
777 4911 840 4955 ut
898 4901 1160 4969 scriptum
1206 4912 1329 4962 est;
1382 4896 1630 4951 conﬁteri
1694 4906 1953 4967 praetcrea
2013 4900 2109 4955 Pa-

512 5007 649 5050 trem
673 4995 724 5048 in
758 4991 978 5062 propria
1023 5001 1282 5062 persona,
1312 4997 1368 5045 et
1399 4989 1600 5044 Filium
1644 4991 1696 5044 in
1722 4992 1938 5061 propria
1964 5001 2021 5047 et
2053 4993 2103 5046 in

511 5086 730 5154 propria
761 5083 1339 5152 Spiritum’sanctum.
1377 5084 1845 5149 Quemadmodum
1912 5100 1966 5138 et
2007 5083 2103 5153 ipsi

507 5179 708 5234 Patres
733 5176 1426 5246 perSpicne‘tradideruut;
1462 5179 1708 5231 dicentes
1737 5177 1882 5231 enim
1915 5191 1930 5230 :
1969 5176 2106 5231 ιιυο

511 5286 635 5324 tuen
673 5270 742 5324 de
761 5269 999 5332 lumine,
1032 5266 1387 5334 satisaperte
1426 5268 1797 5334 declararunt,
1829 5269 1910 5324 sic
1957 5257 2102 5322 aliud

507 5357 1104 5432 4-sse'lmnen:gigueus,
1141 5356 1376 5412 "etaliud
1439 5373 1559 5414 esse
1607 5361 1791 5416 lumen
1819 5363 2100 5433 igcn'it’um,

510 5468 563 5507 ut
586 5472 615 5507 ιι
645 5471 689 5508 :a
723 5461 912 5507 tamen
937 5451 1240 5521 eademque
1271 5451 1343 5505 sit
1370 5451 1624 5506 essentia:
1653 5453 1814 5508 ratio.

641 5564 902 5634 Ejusdem
936 5581 1001 5618 ea:
1034 5564 1206 5633 rapite
1235 5574 1384 5617 sexto
1411 5569 1480 5616 ad
1507 5563 1951 5632 Amphilochium.

579 5741 694 5796 Non
719 5756 842 5795 cum
881 5741 1063 5808 Patre,
1095 5741 1370 5813 inquiunt,
1404 5743 1496 5799 sed
1557 5752 1678 5814 post
1711 5743 1947 5799 Patrem
2013 5754 2095 5800 cst

2208 4822 2492 4890 ὁμολογεῖν
2553 4821 2610 4876 δὲ
2665 4827 2726 4876 ’ὲν
2761 4823 2872 4896 ’ἰδία
2929 4825 3029 4895 μὲν
3071 4827 3368 4880 ὑποστάσει
3409 4827 3496 4878 τὸν
3539 4820 3757 4890 Πατέρα,

2213 4913 2270 4963 ὲν
2308 4911 2419 4984 ἰδίᾳ
2459 4912 2516 4964 δὲ
2555 4912 2648 4967 τὸν
2690 4914 2841 4979 Υίὸν,
2884 4916 2980 4968 καὶ
3021 4918 3079 4969 ὲν
3124 4916 3230 4986 ίδίᾳ
3271 4916 3328 4969 δὲ
3365 4915 3426 4968 τὸ
3470 4913 3673 4982 Πνεῦμα
3707 4909 3756 4960 τὸ

2210 5003 2396 5070 ἅγιον,
2431 5003 2578 5058 καθὰ
2612 5005 2706 5059 καὶ
2739 5008 2894 5060 αὐτοὶ
2931 5007 3119 5076 σαφῶς
3154 5008 3536 5062 ἐκδεδώκασιν.
3569 5003 3752 5068 Αὐτάρ-

2210 5113 2321 5158 κως
2352 5096 2463 5174 γὰρ
2497 5097 2595 5151 καὶ
2630 5099 2817 5168 σαφῶς
2850 5101 3183 5166 ἐνεδείξαντο
3217 5102 3484 5166 εἰπόντες,
3518 5117 3536 5148 ι
3569 5093 3674 5154 Φῶς
3701 5094 3753 5143 ἐκ

2211 5192 2429 5257 φωτὸς,
2449 5209 2468 5243 ι
2499 5192 2581 5244 δτι
2610 5193 2798 5263 ἓτερον
2830 5197 2930 5262 μὲν
2961 5197 3022 5249 τὸ
3053 5197 3322 5267 γεννῆσαν
3353 5195 3486 5265 φῶς,
3514 5193 3683 5260 ἕτερον
3705 5182 3751 5234 δὲ

2209 5284 2271 5334 τὸ
2300 5285 2586 5354 γεννηθὲν,
2617 5288 2733 5355 φῶς
2767 5289 2975 5359 μέντοι,
3001 5296 3096 5344 καὶ
3129 5292 3266 5361 φῶς,
3293 5289 3433 5343 ὥστε
3461 5289 3552 5341 ἕνα
3574 5283 3656 5337 καὶ
3676 5278 3751 5330 τὸν

2209 5375 2373 5428 αὐτὸν
2403 5373 2545 5432 εἶναι
2575 5379 2670 5434 τὸν
2701 5381 2801 5450 τῆς
2831 5384 3018 5447 οὐσίας
3048 5384 3230 5452 λόγον.

2214 5581 2323 5634 Τοῦ
2367 5581 2554 5637 αὐτοῦ
2597 5585 2716 5639 ἀπὸ
2756 5587 2860 5639 τοῦ
2900 5587 3077 5642 ἕκτου
3119 5590 3447 5659 κεφαλαίου
3485 5581 3591 5636 τῶν
3624 5573 3749 5642 πρὸς

2816 5661 2872 5710 Ἀ
2876 5660 3070 5727 would
3070 5677 3226 5727 χιον.

2281 5749 2356 5802 Οὐ
2386 5751 2521 5820 μετά
2553 5752 2787 5820 Πατρὺς,
2814 5758 3002 5826 φησὶν,
3026 5755 3053 5808 ὑ
3083 5756 3228 5823 Υίὸς,
3250 5753 3382 5808 ἀλλὰ
3407 5747 3535 5821 μετὰ
3557 5744 3636 5799 τὸν
3657 5739 3748 5792 II:-
