4026 6290
553 315 659 376 559

1795 309 2177 371 EUTllYMIl
2233 309 2596 372 ZlGABENI
3659 332 3747 394 560

558 434 709 486 orba":
751 430 1151 499 relinquantur.
1182 430 1270 496 At,
1302 429 1536 499 inquies,
1578 430 1755 500 ipsum
1789 432 1907 493 hoc,
1947 434 2122 502 genuit

2229 432 2548 503 manu;
2604 424 2749 498 Ἀρα
2799 427 3015 498 γραφὴι
3059 428 3301 495 ἀποίσεις
3352 435 3463 489 καθ’
3494 440 3745 513 iam;

551 535 604 578 et
637 523 840 593 genitus
867 531 963 585 est,
1009 522 1138 589 quid
1164 521 1308 575 aliud
1333 536 1494 589 quam
1528 524 1892 590 generationis
1922 524 2124 591 princi-

554 616 706 686 pium
755 606 998 668 inducit?
1019 612 1129 680 Ego
1172 628 1299 666 vero
1328 613 1400 666 ita
1433 614 1769 683 respondeo:
1807 614 1949 679 Quid
1982 616 2027 669 si
2058 632 2124 671 ne

554 712 655 763 hoc
678 709 900 777 quidem
954 707 1268 770 dixerimus,
1330 709 1464 771 sed,
1522 723 1549 759 a
1587 707 1855 776 principio
1915 710 2126 779 genitus

550 807 690 862 erat,
728 810 783 850 ut
810 799 1053 851 curiosas
1072 798 1218 867 ipsas
1240 811 1304 849 ac
1330 798 1593 865 temporis
1629 797 1837 851 amicas
1859 797 2124 865 objectio-

555 907 653 945 nes
684 891 834 944 nullo
874 892 1091 959 negotio
1131 888 1444 958 fugiamus?
1479 892 1561 943 An
1611 900 1664 943 tu
1698 891 1908 943 crimen
1963 891 2122 946 nobis

553 985 776 1047 inl'eres,
809 985 967 1053 quasi
1010 984 1310 1052 Scriptura:
1342 1000 1406 1038 ac
1444 986 1690 1039 veritatis
1723 986 1927 1054 aliquid
1961 981 2116 1039 adul-

553 1074 838 1126 terentur?
878 1074 1071 1127 Nonne
1125 1076 1301 1127 cuivis
1360 1077 1702 1142 perspicuum
1744 1085 1849 1139 est,
1887 1091 1952 1129 ac
1986 1092 2124 1145 pra:-

551 1167 741 1217 sertim
788 1166 839 1217 in
868 1163 1165 1234 Scripturae
1214 1181 1311 1218 usu
1344 1166 1599 1234 positum,
1635 1177 1693 1219 ut
1750 1166 2007 1234 pleraque
2055 1182 2120 1219 ex

553 1258 660 1319 his,
695 1271 817 1325 quae
848 1257 1219 1325 temporaliter
1256 1257 1528 1320 dicuntur,
1560 1258 1776 1309 inversa
1823 1266 2126 1325 temporum

553 1348 767 1401 ratione
816 1347 1311 1416 prolerantur,nec
1333 1362 1397 1401 ea
1450 1345 1647 1411 solum,
1700 1361 1819 1413 qua:
1869 1346 2131 1415 praeteriti

2231 522 2764 593 παραχαραττόντων
2795 538 2844 572 τι
2863 520 2961 590 τῆς
2995 521 3217 589 Γραφῆς
3242 524 3333 576 καὶ
3364 527 3454 595 τῆς
3488 531 3707 601 ἀληθείας
3721 557 3745 606 ,ἱ

2237 618 2307 671 Ἦ
2346 619 2508 669 πᾶσιν
2538 614 2761 683 εὔδηλον
2787 615 2869 667 ὅτι
2901 614 3071 667 πολλὰ
3102 615 3210 668 τῶν
3255 621 3503 686 χρονικῶς
3549 622 3744 697 λεγομὲο

2229 727 2357 774 νων,
2390 707 2808 777 ἐνηλλαγμένως
2864 707 2971 768 τοῖς
3021 708 3234 776 χρόνοις
3282 712 3611 781 προφέρεται,
3669 724 3750 775 καὶ

2234 801 2473 872 μάλιστα
2504 801 2657 868 παρὰ
2692 802 2757 867 τῇ
2790 798 3046 867 συνηθείᾳ
3075 799 3173 867 τῆς
3230 799 3373 858 θείας
3405 803 3625 874 Γρειιφῆςν
3665 814 3749 881 οὐχ

2229 894 2329 946 ὅσα
2352 890 2445 944 τοῦ
2479 890 2917 961 παρεληλυθότος
2948 894 3139 960 χρόνου
3200 893 3358 961 μόνον
3407 896 3562 962 ἐστὶν,
3621 902 3751 970 ἢτοῦ

2234 987 2530 1054 παρόντος,
2563 985 2700 1038 ἀλλὰ
2736 988 2830 1037 καὶ
2861 987 2961 1038 ὅσα
2995 986 3086 1038 τοῦ
3125 987 3424 1055 μέλλοντος,
3452 990 3519 1051 ὡς
3547 992 3618 1053 τὸ,
3642 996 3753 1047 Ἵνα

2218 1076 2276 1128 τί
2306 1076 2615 1143 ἐφρύαξαν
2635 1074 2783 1140 ἔθνη
2808 1092 2824 1140 ;
2857 1074 3011 1127 οὔπω
3037 1080 3145 1142 γὰρ
3175 1077 3517 1146 ἐφρυαξαντοι
3547 1089 3646 1147 και,
3667 1086 3755 1137 Ἐν

2224 1162 2468 1231 ποταμῷ
2498 1164 2923 1218 διελεύσονται
2944 1164 3106 1218 πυὸίο
3150 1167 3287 1234 ὅπερ
3316 1168 3447 1231 ἐστὶ,
3467 1170 3753 1242 διαϐεϐήκει.

2228 1271 2335 1309 σιν.
2367 1256 2476 1308 Ka‘t
2509 1256 2719 1325 μακρὸν
2744 1255 2811 1309 ἂν
2831 1256 2916 1324 εἴη
2950 1256 3127 1319 πάσας
3157 1260 3485 1328 ἀπαριθμεῖν
3503 1262 3588 1323 τὰς
3604 1268 3755 1316 τοιαύ-

2231 1364 2333 1409 τας
2372 1349 2578 1415 φωνὰς,
2604 1347 2660 1399 αἱ
2688 1349 2802 1410 τοῖς
2832 1348 3136 1414 φιλοπόνοις
3166 1351 3505 1419 τετήρηνται.

556 1446 813 1514 temporis
847 1452 996 1511 sunt,
1034 1452 1129 1497 aut
1168 1443 1474 1513 prazsentis,
1509 1442 1606 1497 sed
1637 1442 1799 1495 etiam
1827 1457 1945 1511 qua:
1965 1442 2135 1496 futuri
2159 1442 2609 1512 signiﬁcationem
2634 1443 3002 1509 babentiQuo
3028 1445 3081 1497 in
3114 1461 3312 1515 genere
3333 1448 3461 1502 illud
3475 1460 3553 1502 est
3581 1454 3761 1517 :Qttare

554 1538 880 1604 fremuerunt
913 1545 1089 1605 gentes
1115 1538 1129 1567 ¹
1154 1536 1175 1588 ?
1208 1535 1492 1606 (Nondum
1526 1535 1671 1588 enim
1701 1534 2079 1605 fremuerant.)
2122 1534 2207 1597 Et,
2250 1534 2313 1589 In
2337 1535 2555 1604 flumine
2586 1536 2980 1601 pertransibunt
3009 1540 3137 1602 pede
3166 1541 3209 1606 ⁸,
3245 1539 3296 1592 id
3326 1551 3426 1606 est,
3472 1550 3759 1610 pertransie-

559 1640 709 1689 runt.
734 1629 906 1688 Nimis
948 1632 1163 1700 longum
1197 1629 1339 1684 foret
1360 1643 1550 1684 omnes
1582 1630 1893 1698 bujusmodi
1934 1646 2095 1687 voces
2119 1646 2426 1697 recensere,
2478 1648 2601 1703 quae
2630 1649 2661 1687 a
2694 1633 2956 1689 studiosis
2982 1636 3283 1690 observatas
3306 1647 3450 1691 sunt.

1050 1725 1135 1777 Ex
1168 1726 1350 1779 eadem
1372 1728 1632 1782 oratione.

2698 1728 2800 1781 Ἕκ
2825 1727 2935 1781 τοῦ
2964 1728 3151 1782 αὐτοῦ
3184 1727 3395 1795 λόγου.

637 1822 814 1890 Atque
856 1819 924 1873 ad
972 1819 1118 1872 ltune
1169 1820 1383 1871 modum
1425 1833 1486 1872 se
1528 1819 1690 1874 habet
1737 1818 1853 1872 hac
1907 1818 2122 1873 illorqu

2307 1815 2481 1871 Τούτο
2515 1818 2613 1887 μὲν
2643 1817 2707 1887 δὴ
2758 1816 3022 1871 τοιοῦτον.
3058 1813 3185 1869 Οίον
3217 1818 3277 1869 δὲ
3331 1819 3505 1870 αὐτῶν
3560 1820 3763 1890 κάκεῖνο,

555 1914 807 1985 obiectio.
864 1910 980 1964 Jam
1042 1910 1203 1979 quale
1269 1909 1401 1963 illud
1470 1924 1660 1964 eorum
1712 1919 1814 1975 est,
1864 1909 2128 1978 cujusque

556 2005 773 2061 rixandi
827 2002 1068 2060 libidinis
1104 2014 1159 2057 et
1204 2001 1593 2070 impudentiae?
1648 1999 1748 2055 Vel
1795 2002 2004 2067 volens,
2039 2003 2124 2055 in-

555 2101 772 2168 quiunt,
816 2094 1011 2148 Filium
1045 2095 1252 2163 genuit,
1300 2093 1384 2147 vel
1408 2093 1617 2163 nolens.
1637 2092 1717 2147 Ac
1746 2092 1945 2147 deinde
1973 2093 2128 2146 nexi-

558 2194 682 2254 bus,
725 2199 783 2243 ut
818 2188 1037 2258 quidem
1085 2189 1191 2256 ipsi
1221 2195 1434 2257 putant,
1470 2185 1725 2255 utrinque
1778 2186 2125 2240 adversarios

556 2284 793 2350 illigant,
825 2297 931 2336 non
964 2292 1143 2333 tamen
1187 2279 1379 2343 ﬁrmis,
1410 2280 1503 2332 sed
1532 2294 1788 2347 perquam
1819 2280 1983 2331 etiam
2028 2279 2129 2331 im-

555 2372 785 2428 becillis.
813 2371 870 2424 Si
910 2373 1053 2425 enim
1082 2369 1292 2434 nolens,
1325 2368 1595 2437 inquiunt,
1631 2368 1709 2423 vis
1737 2384 1866 2438 ergo
1884 2369 1935 2424 ei
1966 2368 2125 2422 allata

555 2476 658 2520 est.
690 2466 759 2519 Et
806 2465 1060 2533 quisnam
1113 2462 1326 2530 estqui
1366 2462 1470 2514 vim
1513 2461 1736 2513 intulit?
1788 2462 1855 2515 Et
1909 2476 2125 2525 rursus,

555 2549 853 2615 quomodo,
899 2547 986 2601 cui
1032 2547 1112 2600 vis
1143 2545 1302 2599 allata
1336 2555 1451 2610 est,
1490 2544 1631 2599 Deus
1678 2560 1795 2598 esse
1824 2547 2039 2607 potest?
2066 2548 2122 2602 Si

551 2646 735 2689 autem
760 2635 967 2698 volens,
989 2650 1117 2703 ergo
1140 2634 1331 2699 Filius,
1356 2634 1648 2688 voluntatis
1670 2644 1755 2689 est
1783 2634 1970 2689 Filius.
2002 2633 2121 2701 Quo

551 2725 716 2791 igitur
759 2726 915 2778 modo
963 2739 1029 2778 ex
1078 2724 1239 2777 Patre
1287 2725 1599 2791 progenitus
1642 2724 1768 2778 est?
1815 2725 1892 2778 Ita
1934 2740 2123 2779 novam

549 2817 837 2882 quamdam
876 2826 1124 2878 matrem,
1161 2815 1511 2879 voluntatem,
1556 2817 1727 2885 patris
1758 2817 1877 2871 loco
1902 2817 2127 2871 commi-

551 2906 851 2960 niscuntur.
907 2908 963 2960 In
1014 2908 1117 2961 hoc
1148 2908 1364 2976 quidem
1395 2917 1735 2976 argumento,
1765 2909 1997 2977 primum
2025 2910 2126 2962 hoc

549 3000 744 3053 scitum
772 3014 836 3053 ac
879 2999 1112 3067 lepidum
1162 3008 1265 3063 est,
1294 3003 1438 3069 quod
1469 3016 1499 3054 a
1528 3002 1779 3071 passione
1814 3001 1926 3064 illa,
1960 3016 2122 3067 quam

553 3099 830 3159 tantopere
878 3091 1185 3159 urgebant,
1231 3091 1619 3159 abscedentes,
1676 3093 1741 3146 ad
1791 3094 2123 3148 voluntatem

2231 1909 2306 1973 ὼς
2324 1909 2443 1962 λίαν
2459 1909 2642 1980 δύσερι
2667 1909 2760 1961 καὶ
2785 1909 3175 1978 ἀναισχυντον;
3211 1908 3516 1979 Βουληθεὶς,
3539 1915 3676 1980 φασὶ,
3692 1931 3769 1981 γε-

2231 2004 2463 2071 γέννηκε
2486 2002 2575 2056 τὸν
2605 2002 2753 2067 Υίδν,
2787 2002 2820 2071 ἢ
2855 2001 2929 2072 μὴ
2958 2000 3306 2070 βουλόμενος.
3334 2000 3459 2054 Εἶτα
3489 2005 3768 2073 δεσμοῦσιν,

2230 2095 2305 2157 ὡς
2334 2096 2558 2159 οἴονται,
2603 2093 2995 2163 ἀμφοτέρωθεν
3054 2092 3331 2163 ἆμμασιν,
3390 2097 3488 2146 οὐκ
3539 2098 3769 2165 ἰσχυροῖς,

2232 2192 2368 2244 ἀλλὰ
2420 2190 2514 2242 καὶ
2570 2189 2690 2241 λίαν
2757 2187 3001 2258 σαθροῖς.
3064 2187 3127 2239 Et
3180 2190 3284 2257 μὲν
3342 2190 3447 2257 γὰρ
3499 2190 3555 2240 οὐ
3605 2190 3774 2258 θέλων,

2234 2284 2392 2352 φασὶ,
2420 2282 2833 2349 τετυρὰννηται.
2884 2280 2991 2331 Καὶ
3043 2280 3128 2341 τίς
3189 2281 3219 2331 6
3266 2280 3597 2349 τυραννήσας
3620 2298 3637 2347 ;
3686 2284 3778 2335 Καὶ

2234 2374 2352 2435 πῶς
2394 2376 2423 2425 6
2456 2373 2837 2443 τυραννηθεὶς,
2869 2374 3041 2440 Θεός;
3073 2374 3137 2426 Εἰ
3166 2371 3223 2424 δὲ
3284 2372 3475 2434 θέλων,
3533 2372 3775 2442 θελήσεως

2237 2464 2387 2531 Υἱὸς,
2407 2466 2436 2517 6
2466 2464 2616 2527 Υἱόςο
2642 2462 2756 2526 πῶς
2779 2459 2874 2516 οὗν
2901 2464 2965 2516 ὲκ
3015 2461 3112 2516 τοῦ
3164 2464 3382 2533 Πατρός
3412 2478 3430 2529 ;
3462 2464 3567 2515 Καὶ
3612 2469 3778 2535 καινήν

2222 2564 2346 2602 τινα
2380 2552 2594 2623 μητέρα
2619 2554 2717 2623 τὴν
2752 2554 2971 2625 θέλησιν
3011 2557 3131 2609 ἀντὶ
3164 2556 3257 2610 τοῦ
3296 2557 3503 2628 Πατρὸς
3536 2556 3778 2609 ἀναπλάτ-

2220 2653 2425 2693 τουσιν.
2472 2642 2569 2694 Ἔν
2619 2643 2718 2712 μὲν
2751 2641 2844 2697 οὖν
2874 2645 3033 2697 τοῦτο
3064 2646 3257 2717 χάριεν
3284 2646 3466 2699 αὐτῶν
3487 2686 3500 2709 ,
3548 2646 3610 2699 ἂν
3641 2645 3776 2697 τοῦτο

2221 2727 2475 2796 λέγωσιν,
2500 2732 2583 2784 ὅτι
2616 2732 2708 2785 τοῦ
2739 2734 2944 2798 πάθους
2969 2736 3330 2801 ἀποστάντες,
3365 2738 3458 2789 ἐπὶ
3484 2736 3579 2806 τὴν
3613 2734 3777 2804 βούλη-

2223 2834 2307 2870 σιν
2337 2819 2802 2889 καταφεύγουσινο
2840 2824 2899 2875 οὐ
2941 2822 3049 2894 γὰρ
3083 2823 3257 2887 πάθος
3296 2863 3311 2886 ,
3454 2826 3489 2893 ἡ
3530 2822 3776 2892 βούλησις.

2222 2907 2483 2979 Δεύτερον
2511 2911 2589 2973 δὲ,
2616 2912 2811 2983 ἴδοιμεν
2833 2914 2894 2966 τὸ
2928 2915 3145 2986 ἰσχυρὸν
3174 2915 3381 2979 αὐτῶν,
3404 2916 3432 2967 ὅ
3454 2932 3506 2967 τι.
3533 2914 3777 2981 λέγουσιν·

2221 2999 2442 3070 ἄριστον
2480 3002 2536 3055 δὲ
2566 3004 2750 3067 αὐτοῖς
2789 3006 3176 3076 συμπλακῆναι
3211 3007 3481 3077 πρότερον
3506 3002 3779 3073 ἐγγυτέρω.

2219 3091 2292 3143 Σὺ
2323 3091 2380 3144 δὲ
2405 3093 2566 3155 αὐτὸς
2593 3095 2620 3147 6
2661 3094 2833 3163 λέγων
2858 3096 3097 3168 εὐχερῶς
3125 3096 3154 3149 ὅ
3195 3114 3248 3149 τι
3283 3096 3351 3150 ἂν
3382 3096 3539 3168 θέλῃς
3569 3139 3582 3159 ,
3727 3093 3783 3143 ἐκ

549 3184 899 3252 confugiunt;
940 3199 1045 3238 non
1085 3186 1230 3239 enim
1269 3186 1450 3253 passio
1490 3194 1576 3240 est
1603 3188 1876 3239 voluntas.
1918 3185 2122 3239 Deinde

2225 3180 2466 3245 θέλοντος
2505 3184 2745 3255 ὑπέστης
2775 3186 2867 3238 τοῦ
2897 3165 2999 3239 σοῦ*
3017 3187 3244 3259 πατρὸς,
3270 3188 3303 3258 ἢ
3337 3187 3413 3258 μὴ
3442 3165 3705 3248 θέλοντος
3727 3183 3783 3235 Εἰ

549 3274 829 3331 videamus
854 3317 866 3336 ,
1089 3276 1341 3342 obsecro,
1386 3290 1548 3343 quam
1600 3277 1707 3329 vim
1742 3276 1941 3329 habeat
1982 3275 2126 3343 quod

552 3364 756 3417 dicunt.
809 3362 1081 3430 Optimum
1136 3373 1316 3418 autem
1366 3364 1565 3430 fuerit,
1614 3366 1766 3434 prius
1820 3380 1942 3418 cum
1998 3366 2126 3433 ipsis

552 3453 739 3518 pedem
769 3454 991 3523 propius
1021 3456 1293 3509 conferre.
1330 3456 1423 3510 Dic
1445 3472 1574 3525 ergo
1598 3457 1733 3524 ipse,
1764 3458 2009 3527 quisquis
2038 3473 2119 3522 es,

552 3545 641 3610 qui
673 3552 906 3611 temere,
943 3546 1206 3614 quidquid
1242 3546 1406 3601 libido
1440 3557 1527 3600 tua
1560 3547 1780 3611 tulerit,
1816 3548 2015 3604 elfutis.
2048 3550 2123 3603 Ex

552 3639 764 3691 volente
803 3648 953 3706 patre
993 3650 1081 3693 tuo
1118 3649 1433 3707 procreatus
1457 3656 1537 3706 es,
1581 3656 1648 3694 an
1687 3642 1941 3696 nolente?
1970 3642 2025 3697 Si
2056 3658 2124 3696 ex

555 3727 792 3794 nolente,
824 3730 903 3784 vis
931 3745 1059 3799 ergo
1092 3732 1138 3785 ei
1174 3730 1334 3783 allata
1368 3740 1470 3785 est.
1496 3728 1541 3786 Ο
1569 3732 1846 3801 indignant
1877 3732 2119 3787 facinus!

551 3820 615 3871 Et
639 3820 761 3887 quis
792 3822 1006 3875 tandem
1054 3824 1100 3877 ei
1142 3824 1246 3877 vim
1280 3822 1495 3877 attulit?
1542 3822 1657 3879 Non
1693 3825 1837 3878 enim
1880 3825 2124 3892 profecto

551 3922 798 3966 naturam
832 3916 1053 3971 dixeris.
1094 3917 1223 3970 Nam
1255 3920 1303 3972 ei
1340 3934 1556 3989 quoque
1580 3933 1679 3973 sua
1720 3930 1935 3975 constat
1958 3921 2125 3976 casti-

550 4014 652 4056 tas.
684 4004 739 4057 Si
787 4016 965 4059 autem
999 4023 1063 4060 ex
1104 4009 1319 4063 volente
1351 4020 1502 4078 patre
1524 4050 1540 4075 ,
1580 4020 1734 4078 pater
1767 4011 1860 4065 tibi
1906 4022 2125 4080 propter

547 4109 746 4162 paucas
791 4096 1025 4166 syllabas
1071 4100 1268 4166 periit:
1318 4101 1611 4156 voluntatis
1640 4102 1906 4171 siquidem
1943 4103 2119 4166 illius,

547 4202 610 4237 ac
647 4201 751 4239 non
786 4189 957 4252 patris
983 4191 1261 4244 exstitisti.
1293 4191 1399 4245 Sed
1440 4195 1505 4246 ad
1554 4192 1719 4246 Deum
1750 4206 1803 4247 et
1845 4204 2124 4248 creaturas

551 4288 813 4339 transeo.
864 4294 927 4331 ac
979 4289 1240 4334 tuanunet
1282 4284 1636 4349 quaestionem
1691 4284 1966 4351 sapientiae
2019 4292 2122 4337 tua:

548 4367 829 4419 admoveo.
887 4368 1155 4422 ’Volensne
1214 4370 1356 4425 Deus
1402 4373 1707 4428 universam
1757 4374 1893 4427 hanc
1936 4388 2119 4428 rerum

548 4458 741 4512 molem
772 4458 1043 4521 condidit,
1075 4475 1141 4514 an
1188 4462 1373 4517 nolens
1396 4473 1450 4518 et
1482 4465 1746 4519 coactus?
1784 4463 1840 4519 Si
1872 4476 2119 4529 coaetus,

2225 3271 2324 3339 μὲν
2371 3272 2479 3343 γὰρ
2522 3274 2581 3340 ἐξ
2622 3275 2682 3326 ού
2728 3275 2992 3339 θέλοντος,
3040 3276 3459 3347 τετυράννηται.
3501 3276 3608 3345 Τῆς
3654 3272 3781 3342 βίαςί

2224 3362 2333 3414 Καὶ
2364 3363 2446 3427 τίς
2477 3366 2505 3416 ὁ
2550 3368 2890 3437 τυραννήσας
2926 3368 3120 3433 αὐτόν;
3153 3369 3228 3421 Ού
3264 3369 3377 3440 γὰρ
3408 3368 3473 3439 δὴ
3516 3367 3612 3436 τὴν
3643 3365 3786 3432 φύσιν

2222 3452 2366 3521 ἐρεῖς
2388 3471 2400 3483 ⁸
2448 3456 2628 3525 ἐκείνη
2676 3457 2784 3527 γὰρ
2818 3456 2930 3529 ἔχει
2964 3460 3059 3513 καὶ
3094 3458 3155 3511 τὸ
3182 3462 3508 3530 σωφρονεῖν.
3542 3458 3604 3509 Εἰ
3636 3455 3687 3507 δὲ
3713 3453 3789 3506 θέ⁴

2222 3546 2428 3611 λοντος,
2479 3550 2728 3625 ἀπόλωλέ
2773 3569 2854 3605 σοι
2894 3552 2961 3604 δι’
2995 3552 3179 3621 ὀλίγας
3214 3552 3490 3614 συλλαϐὰς
3534 3552 3561 3603 6
3589 3547 3783 3615 πατήίν

2222 3639 2492 3710 θελήσεως
2661 3642 2769 3714 γὰρ
2799 3643 2934 3708 υίὸς,
2963 3643 3075 3696 ἁλλ’
3106 3644 3166 3696 οὑ
3200 3644 3410 3715 πατρὸς
3434 3639 3787 3707 ἀναπέφηνας·

2234 3731 2372 3784 Ἀλλ’
2421 3734 2512 3786 ἐπὶ
2561 3735 2653 3788 τὸν
2695 3734 2827 3787 Θεὸν
2866 3735 3086 3805 μέτειμι
3130 3735 3225 3788 καὶ
3271 3736 3343 3788 τὰ
3385 3733 3675 3802 κτίσματα,
3708 3726 3790 3778 καὶ

2218 3823 2279 3875 τὸ
2305 3823 2395 3875 σὸν
2440 3824 2700 3895 ἐρώτημα
2731 3827 2995 3896 προσάγω
3022 3827 3090 3896 τῇ
3137 3828 3203 3895 σῇ
3252 3824 3423 3896 σοφίᾳ
3470 3834 3486 3850 ⁸
3629 3818 3792 3871 Θέλων

2221 3916 2527 3987 ὑπέστησεν
2577 3919 2605 3969 6
2650 3918 2779 3981 Θεὸς
2984 3917 3054 3970 τὰ
3093 3916 3296 3982 πάντα,
3339 3915 3373 3986 ἢ
3435 3911 3700 3984 βιασθείς;
3733 3908 3788 3960 Ei

2225 4007 2324 4075 μὲν
2356 4007 2616 4076 βιασθεὶς,
2637 4008 2970 4079 κάνταῦθαγὴ
2991 4009 3245 4080 τυραννὶς
3269 4008 3367 4061 καὶ
3392 4008 3421 4059 6
3448 4004 3787 4075 τυραννήσας

2220 4096 2267 4147 εί
2304 4096 2360 4148 δὲ
2400 4096 2739 4168 βουλόμενος,
2773 4099 3059 4170 ἐστέρηται
3099 4097 3192 4149 τοῦ
3226 4095 3366 4149 Θεοῦ
3389 4136 3403 4159 ,
3450 4093 3545 4148 καὶ
3586 4090 3651 4143 τὰ
3690 4085 3792 4141 κτί-

2222 4202 2422 4255 σματα,
2471 4188 2563 4240 καὶ
2596 4190 2659 4241 σὺ
2697 4189 2794 4258 μὲν
2822 4189 2927 4259 πρὸ
2956 4188 3061 4241 τῶν
3090 4187 3266 4242 ἄλλων
3314 4224 3331 4249 ,
3468 4187 3497 4239 6
3540 4180 3792 4241 τοιούτους

2220 4276 2556 4347 ἀνευρίσκων
2582 4278 2891 4349 λογισμοὺς,
2924 4280 3017 4332 καὶ
3050 4278 3276 4332 τοιαῦτα
3305 4276 3659 4346 σοφιζόμενος
3677 4290 3689 4303 ⁸
3720 4270 3790 4322 θε-

2221 4365 2374 4433 λήσει
2608 4369 2717 4439 γὰρ
2772 4370 2913 4441 μέσῃ
2968 4368 3060 4420 τοῦ
3123 4368 3342 4421 κτίστου
3402 4363 3788 4434 διατειχίζετσι.

2235 4457 2372 4509 Ἀλλ’
2420 4456 2625 4528 ἕτερον,
2677 4454 2849 4528 οζμαι,
2888 4440 3060 4513 θέλων
3106 4440 3221 4511 ἐστὶ
3426 4457 3523 4510 καὶ
3569 4453 3790 4520 θέλησιςν

549 4549 636 4602 hic
664 4563 877 4618 quoque
907 4552 987 4603 vis
1019 4552 1261 4606 adhibita
1282 4594 1295 4618 ,
1345 4564 1401 4608 et
1432 4555 1649 4624 quidam
1687 4556 1776 4624 qui
1824 4557 1928 4610 vim
1966 4558 2120 4613 adhi-

2225 4549 2425 4617 γεννῶν
2454 4550 2547 4602 καὶ
2578 4550 2847 4621 γέννησις,
2877 4551 3049 4619 λέγων
3084 4551 3178 4604 καὶ
3204 4550 3362 4617 λόγος
3381 4589 3396 4611 ,
3429 4551 3479 4601 εἰ
3510 4546 3587 4617 μὴ
3619 4541 3795 4614 μεθύο.

548 4641 677 4694 buit.
733 4640 788 4695 Si
830 4652 1007 4696 autem
1060 4643 1276 4708 volens,
1327 4646 1589 4700 cibantur
1647 4648 1790 4715 Deo,
1848 4658 1957 4702 tum
2004 4648 2122 4704 alia:

546 4742 838 4798 creaturae,
889 4744 998 4788 tum
1031 4746 1083 4789 tu
1129 4751 1238 4805 prae
1268 4738 1513 4797 cazteris,
1544 4738 1635 4807 qui
1672 4739 1805 4794 tales
1835 4740 2123 4797 ratiocina-

547 4823 719 4878 tiones
740 4863 754 4886 ,
785 4825 1021 4893 talesque
1052 4826 1336 4883 verborum
1371 4827 1648 4896 captiones
1698 4830 1995 4899 excogitas.
2033 4833 2119 4883 ln-

465 4977 470 4983 ι
551 4913 806 4965 termedia
837 4916 1033 4983 quippe
1065 4917 1341 4972 voluntate
1373 4933 1402 4971 a
1433 4918 1695 4973 Creatore
1718 4920 2117 4990 (llSlelgellllH‘.

550 4998 745 5053 Verum
780 5002 925 5056 aliud
946 5045 962 5069 ,
993 5005 1043 5058 ni
1081 5006 1259 5070 fallor,
1287 5018 1371 5061 est
1404 5008 1609 5071 volens,
1648 5009 1794 5064 aliud
1824 5011 2071 5066 voluntas
2101 5032 2114 5068 :

548 5090 691 5143 aliud
720 5089 966 5157 gignens,
1001 5095 1143 5148 aliud
1187 5098 1465 5165 generatio
1498 5116 1510 5151 :
1540 5100 1686 5153 aliud
1728 5100 1818 5169 qui
1853 5101 2111 5168 loquitur,

549 5182 692 5236 aliud
739 5198 953 5249 sermo,
999 5185 1101 5239 nisi
1146 5186 1284 5241 forte
1343 5191 1620 5244 temulenti
1670 5192 1862 5246 simus.
1914 5192 2107 5245 llorun

550 5277 693 5330 enim
735 5277 963 5330 alterum
993 5286 1111 5345 est,
1140 5279 1183 5331 is
1208 5280 1297 5348 qui
1327 5292 1535 5345 movet,
1561 5283 1788 5337 alterum
1823 5286 1964 5338 velut
2001 5301 2119 5338 mo-

552 5378 637 5422 tus
667 5368 797 5436 ipse.
838 5366 956 5422 Non
987 5383 1114 5438 ergo
1145 5370 1437 5426 voluntatis
1470 5383 1590 5437 est,
1648 5373 1869 5427 velitum
1916 5376 2122 5446 (neque

2226 4640 2353 4710 μεν·
2393 4639 2461 4691 τὰ
2487 4640 2583 4709 μὲν
2610 4640 2638 4691 6
2665 4640 2980 4710 κινούμενος
3014 4686 3028 4708 ,
3168 4638 3234 4692 τὰ
3264 4640 3321 4692 δὲ
3349 4634 3466 4690 οἷον
3510 4639 3542 4705 ή
3576 4634 3790 4700 κίνησις.

2224 4730 2431 4784 Οὔκουν
2469 4730 2768 4800 θελήσεως,
2805 4731 2868 4783 τὸ
2889 4730 3109 4802 θεληθὲν
3282 4730 3301 4795 (
3325 4728 3453 4781 οὐδὲ
3483 4726 3593 4796 γὰρ
3624 4724 3797 4775 ’ἐπεται

2224 4820 2519 4889 πάντως)·
2561 4821 2682 4873 οὐδὲ
2738 4820 2799 4873 τὸ
2845 4821 3131 4891 γεννηθὲν,
3186 4819 3539 4887 γεννήσεως·
3589 4811 3703 4865 οὐδὲ
3744 4807 3796 4859 τὸ

2224 4914 2508 4971 ἀκουσθέν.
2549 4914 2910 4984 ἐκφωνήσεως
2930 4931 2943 4944 ο
2974 4912 3107 4965 ἀλλὰ
3155 4912 3246 4964 τοῦ
3286 4910 3564 4971 θέλοντος,
3598 4904 3687 4957 καὶ
3710 4897 3794 4953 τοῦ

2225 5002 2517 5070 γεννῶντος
2572 5046 2586 5067 ,
2730 5002 2825 5054 καὶ
2860 5000 2952 5054 τοῦ
2997 4999 3264 5067 λέγοντος.
3306 4997 3393 5050 Τὰ
3431 4995 3530 5048 τοῦ
3577 4990 3707 5045 Θεοῦ
3748 4986 3794 5038 δὲ

2227 5095 2319 5146 καὶ
2345 5093 2485 5162 ὑπὲρ
2518 5092 2689 5146 ταῦτα
2724 5094 2919 5153 πάντα,
3026 5090 3275 5161 γέννησίς
3314 5090 3471 5140 ἐστιν
3504 5087 3631 5146 ἴσως
3660 5082 3793 5150 ἦτον

2226 5187 2420 5253 γεννᾷν
2461 5184 2707 5255 θέλησις·
2744 5184 2858 5237 ἀλλ’
2884 5184 3033 5236 οὐδὲν
3074 5182 3255 5253 μέσον,
3296 5180 3349 5230 εἴ
3396 5195 3463 5244 γε
3511 5176 3607 5229 καὶ
3658 5170 3795 5223 τοῦτο

2226 5274 2507 5345 δεξώμεθα
2668 5276 2822 5339 ὅλως,
2856 5274 2992 5327 ἀλλὰ
3024 5273 3097 5344 μὴ
3122 5273 3215 5325 xa‘t
3242 5270 3520 5339 θελήσεως
3554 5262 3795 5335 κρείττων

2226 5368 2259 5437 ἡ
2306 5366 2577 5435 γέννησις.

548 5459 690 5510 enim
745 5458 849 5513 hoc
905 5476 1129 5531 prorsus
1188 5460 1494 5531 sequitur);
1548 5476 1651 5516 nec
1698 5443 2094 5532 generationis,
2146 5461 2290 5529 quod
2356 5460 2601 5531 genitum
2664 5467 2769 5521 est,
2835 5472 2937 5511 nec
2984 5453 3313 5516 locutionis,
3364 5447 3519 5520 quod
3575 5443 3805 5543 auditum

549 5558 649 5610 est,
688 5551 779 5604 sed
819 5551 1068 5618 volentis,
1104 5561 1159 5606 et
1202 5552 1492 5623 gignentis.
1542 5564 1596 5609 et
1644 5554 1937 5623 loquentis.
1990 5560 2200 5622 Atqum
2256 5554 2307 5606 in
2360 5551 2469 5606 Deo
2503 5551 2938 5617 considerantur,
2990 5564 3155 5620 supra
3205 5551 3316 5602 [nec
3370 5556 3599 5614 quoque
3630 5550 3800 5593 omnia

618 5733 634 5762 ¹
678 5732 817 5785 Psal.
856 5752 914 5796 ιι,
948 5737 995 5786 l.
1076 5737 1094 5765 ¹
1130 5735 1272 5788 Psal.
1305 5752 1429 5801 LXV,
1461 5734 1512 5788 6.
