4026 6290
261 404 355 466 5.61
1209 396 1587 458 PANOPLIA
1637 399 2095 460 DOGMATICA.
2134 425 2199 432 ’-
2241 401 2391 459 'l‘lT.
2432 400 2532 460 VI.
3202 433 3226 449 ι
3408 407 3512 469 ἱϐξὶ

251 539 396 591 sunt,
430 535 622 596 utpote
653 525 736 580 cui
767 524 1042 596 generatio
1074 523 1305 579 fortasse
1369 522 1440 578 sit
1500 522 1615 592 ipsa
1650 525 1900 594 gignendi
1935 525 2218 592 voluntas;
2271 541 2460 581 verum
2494 525 2627 580 nihil
2673 532 2756 582 est
2797 525 3172 580 intermedium
3198 563 3214 591 ,
3262 526 3308 581 si
3349 535 3508 587 modo

251 625 350 680 hoc
395 636 614 692 quoque
658 619 880 674 omnino
919 618 1290 684 admittimus,
1319 631 1384 673 ac
1415 632 1522 670 non
1593 617 1772 685 petius
1835 618 2122 675 statuimus
2190 621 2594 689 generationem
2647 621 2786 675 banc
2821 620 3099 675 voluntate
3131 619 3502 676 sublimiorem

247 727 302 772 et
331 713 763 784 praestantiorem
793 725 934 766 esse.

435 805 626 859 Βούλει
664 821 720 857 τι
763 801 1087 873 προσπαίξω
1125 802 1214 854 καὶ
1260 815 1350 854 τον
1382 801 1634 872 Πατέρα;
1675 797 1836 872 Παρὰ
1867 802 1910 852 A

2175 800 2337 855 Visne
2393 799 2444 854 in
2507 798 2724 853 Patrem
2794 812 3008 868 quoque
3069 797 3239 866 ipsum
3299 796 3508 851 cavillis

254 902 346 954 σοῦ
381 901 491 971 γάρ
518 899 628 968 ἔχω
653 897 724 950 τὰ
751 893 979 947 τοιαῦτα
1020 892 1252 963 τολμᾷν
1288 891 1468 946 Θέλων
1498 891 1628 954 Θεὸς
1659 893 1688 944 ὁ
1719 892 1834 944 Πα-

1940 892 2182 948 nonnibil
2240 892 2465 946 ludam?
2513 891 2590 945 Tu
2649 891 2778 945 mihi
2835 906 3019 944 ausam
3099 890 3222 943 talia
3282 890 3509 943 audendi

253 990 377 1058 τὴρ,
411 987 446 1059 ἢ
487 987 560 1057 μὴ
592 985 781 1038 ϐέλων.
827 983 938 1036 Καὶ
968 983 1116 1044 ὅπως
1152 981 1436 1053 ἀποφεύξῃ
1464 981 1526 1034 τὸ
1560 981 1652 1034 σὸν
1683 998 1838 1052 περι-

1940 986 2166 1052 praebes.
2205 984 2363 1038 Pater
2403 983 2584 1051 itaque
2617 983 2699 1036 vel
2742 982 2925 1035 volens
2971 982 3110 1034 Deus
3142 991 3246 1043 ρει,
3288 981 3369 1034 vel
3409 997 3505 1033 no-

253 1079 446 1145 δέξιον.
481 1078 542 1130 Ei.
585 1075 683 1146 μὲν
721 1075 787 1144 δὴ
820 1071 1160 1136 onmem
1191 1071 1288 1125 106
1319 1071 1494 1125 Θέλειν
1527 1071 1838 1142 ἠργμένος;

1941 1076 2076 1129 lens.
2109 1076 2186 1128 Ac
2217 1075 2336 1127 vide
2370 1091 2475 1144 qua
2508 1074 2719 1128 tandem
2749 1076 2960 1127 ratione
2985 1073 3178 1127 scitum
3211 1072 3337 1126 illud
3363 1082 3509 1125 tuum

255 1173 330 1227 Οὐ
356 1170 469 1240 γὰρ
504 1168 631 1236 πρὶν
662 1161 835 1219 εἶναι’
880 1163 1002 1216 οὐδὲ
1037 1163 1149 1234 γὰρ
1174 1157 1243 1234 ἧν
1275 1179 1328 1215 τι
1359 1162 1643 1233 πρότερον.
1686 1163 1756 1214 Ἦ
1782 1162 1841 1215 τὸ

1944 1174 1998 1219 et
2029 1175 2239 1219 acutum
2275 1175 2648 1230 argumentum
2678 1163 2922 1234 effugies.
2963 1165 3017 1218 Si
3058 1164 3262 1230 volens,
3294 1167 3511 1233 quando

260 1263 356 1334 μὲν
391 1259 557 1314 αὐτοῦ
599 1257 868 1326 θελῆσαν,
918 1253 980 1306 τὸ
1007 1253 1064 1306 δὲ
1112 1252 1377 1324 Θεληθὲν;
1418 1252 1684 1324 Μεριστὸς
1724 1250 1838 1307 οὖν.

1947 1256 2082 1310 velle
2129 1257 2330 1326 coepit?
2378 1257 2494 1311 Non
2549 1258 2691 1311 enim
2742 1256 3057 1325 priusquam
3108 1266 3275 1310 esset.
3325 1255 3514 1323 Neque

257 1354 383 1417 Πῶς
407 1353 465 1405 δὲ
492 1353 552 1404 οὐ
583 1349 852 1420 θελήσεως
884 1347 978 1398 καὶ
1006 1339 1182 1411 οὗτος,
1212 1345 1356 1398 κατὰ
1391 1345 1450 1397 σὲ
1469 1385 1484 1409 ,
1516 1345 1834 1416 πρόϐλημα;

1946 1351 2088 1404 enim
2125 1350 2274 1418 prius
2307 1349 2597 1418 quidquam
2643 1358 2782 1405 erat.
2820 1348 2896 1399 An
2949 1349 3141 1414 partim
3180 1347 3230 1400 in
3263 1362 3327 1400 eo
3351 1347 3510 1415 quid-

258 1449 316 1501 Εἰ
338 1447 401 1500 δὲ
427 1445 491 1498 οὐ
529 1442 732 1502 Θέλων,
774 1439 828 1491 τί
868 1437 929 1490 τὸ
956 1436 1286 1508 βιασάμενον
1325 1438 1404 1501 εἰς
1429 1436 1491 1489 τὸ
1522 1432 1697 1500 εἷναι;
1734 1438 1844 1490 Καὶ

1945 1442 2064 1493 dam
2098 1440 2198 1494 fuit
2225 1442 2365 1510 quod
2398 1440 2584 1505 voluit,
2617 1443 2812 1508 partim
2857 1439 3114 1507 quiddam
3151 1440 3294 1505 quod
3329 1439 3380 1490 in
3416 1453 3513 1489 vo-

259 1541 379 1603 πῶς
410 1537 574 1599 Θεὸς,
603 1534 653 1586 εἰ
693 1531 994 1602 βεϐίασται,
1038 1530 1133 1582 καὶ⁵
1170 1526 1346 1582 ταῦτα
1386 1529 1487 1581 οὐκ
1515 1528 1644 1582 ἄλλο
1679 1546 1752 1587 τι,
1809 1528 1841 1598 ἢ

1943 1531 2203 1588 luntatem
2234 1533 2472 1587 cecidit?
2503 1531 2797 1586 Divisibilis
2828 1531 2992 1601 igitur
3013 1532 3138 1585 erit.
3166 1531 3302 1596 Quid
3327 1539 3505 1583 autem

260 1630 397 1687 αὐτὸ
433 1629 496 1682 τδ
529 1622 669 1679 εἶναι
700 1623 862 1688 Θεός;
891 1621 1015 1689 Πῶς
1059 1616 1184 1685 οὖν,
1229 1619 1364 1691 φησὶ
1406 1662 1422 1685 ,
1541 1646 1543 1648 -
1582 1620 1844 1689 γεγέννη,

1945 1621 2121 1677 aﬁ‘erri
2156 1625 2387 1692 poterit,
2438 1626 2566 1694 quin
2597 1626 2749 1696 juxta
2796 1634 2942 1677 tuam
2974 1622 3385 1692 argumentandi
3431 1638 3516 1674 rn-

258 1738 384 1786 ται;
429 1718 555 1780 Πῶς
601 1716 877 1777 ἔκτισται,
917 1710 1074 1783 εἴπερ
1111 1710 1355 1764 ἔκτισται
1395 1710 1537 1764 κατὰ
1590 1711 1683 1775 σέ;
1733 1709 1844 1763 Καὶ

1944 1715 2163 1778 tionem,
2206 1715 2320 1783 ipse
2363 1729 2577 1784 quoque
2610 1714 2904 1768 voluntatis
2938 1712 3079 1766 fetus
3115 1713 3225 1766 sit?
3277 1711 3429 1778 Quod
3470 1729 3515 1765 SI

259 1816 372 1885 γὰρ
404 1811 503 1866 καὶ
535 1807 694 1863 τοῦτο
717 1805 818 1877 τῆς
847 1805 1016 1875 αὐτῆς
1057 1803 1309 1874 ἀπορίας.
1347 1803 1502 1874 Τάχα
1532 1801 1599 1856 ἂν
1646 1803 1843 1866 εἴποις,

1946 1804 2159 1869 nolens,
2187 1805 2313 1873 quis
2345 1819 2466 1858 eum
2498 1804 2674 1873 coegit
2725 1811 2782 1858 ιιι
2811 1803 2998 1858 esset?
3023 1803 3138 1869 Qun
3166 1804 3326 1856 etiam
3361 1805 3518 1856 modo

247 1913 329 1965 ὅτι
381 1909 637 1980 βουλήσει
671 1905 769 1958 καὶ
802 1903 968 1972 λόγῳ.
1005 1900 1148 1953 Ἀλλ’
1189 1900 1343 1954 οὔπω
1387 1897 1570 1966 λέγεις
1621 1897 1682 1949 τὸ
1708 1898 1837 1949 πᾶν.

1949 1891 2114 1956 Deus,
2153 1893 2198 1948 si
2248 1901 2477 1948 coactus
2507 1900 2624 1957 est;
2685 1898 2740 1945 et
2777 1900 3006 1946 coactus
3045 1893 3266 1962 quidem
3321 1911 3428 1948 non
3464 1898 3529 1948 ad

248 1998 378 2060 Πῶς
443 1995 555 2066 γὰρ
612 1993 777 2062 ἔργου
848 1989 1082 2058 δύναμιν
1136 1988 1296 2058 ἔσχεν
1349 1989 1384 2058 ἡ
1431 1985 1687 2058 βούλησις
1745 1983 1838 2038 καὶ

1949 1985 2093 2040 aliud
2151 1985 2478 2055 quidquam,
2525 1997 2687 2052 quam
2733 1985 2802 2038 ad
2860 1985 2984 2049 hoc,
3027 1995 3085 2040 ut
3140 1986 3284 2043 Deus
3340 1992 3533 2044 esset?

247 2093 275 2144 ὁ
322 2089 528 2156 λόγος;
580 2085 705 2139 Ἔτι
766 2082 1017 2136 λείπεται
1093 2080 1299 2151 λέγειν.
1351 2079 1426 2134 Οὐ
1495 2080 1602 2149 γὰρ
1665 2077 1837 2140 οὕτως

1948 2079 2262 2146 Quomodo,
2309 2078 2514 2148 inquis,
2560 2075 2732 2131 Filius
2781 2079 3000 2148 genitus
3063 2082 3187 2134 est?
3231 2082 3429 2137 Verum
3477 2095 3531 2136 tu

245 2183 568 2252 ἅνθρωπος,
1948 2187 2166 2244 quoque
2195 2172 2488 2240 responde,
2519 2173 2798 2240 quomodo
2822 2184 3046 2230 creatus
3076 2176 3201 2230 est?
3235 2178 3533 2246 siquidem,

248 2289 307 2333 ut
334 2280 465 2349 ipse
503 2275 724 2339 asseris,
759 2279 976 2330 creatus
1000 2281 1105 2326 est.
1146 2267 1284 2324 Nam
1314 2269 1368 2324 id
1393 2281 1612 2338 quoque
1649 2267 1841 2321 eadem
1888 2268 2207 2324 difﬁcultate
2248 2268 2481 2322 laborat.
2518 2267 2674 2322 Dices
2723 2267 2972 2334 fortasse,
3013 2272 3294 2327 voluntate
3325 2285 3378 2328 et
3419 2292 3536 2329 ser-

247 2388 442 2427 mone.
472 2370 543 2424 At
567 2367 809 2423 nondum
845 2380 960 2420 rem
994 2370 1159 2418 totam
1199 2360 1441 2430 expedis.
1475 2358 1760 2424 Quomodo
1789 2361 1934 2414 enim
1974 2360 2154 2429 operis
2198 2359 2306 2414 vim
2330 2358 2584 2414 voluntas
2617 2369 2672 2412 et
2704 2375 2884 2413 sermo
2911 2361 3202 2418 habuerint
3235 2365 3258 2418 ?
3287 2364 3400 2422 Hoc
3440 2384 3536 2422 ei-

243 2466 574 2540 plicandum
603 2463 788 2518 adhuc
823 2459 922 2516 tibi
955 2464 1227 2529 superest.
1254 2455 1447 2526 Neque
1478 2455 1625 2509 enim
1657 2453 1823 2508 homo
1857 2455 1933 2511 ita
1957 2456 2279 2512 fabricatur.

468 2551 596 2615 Πῶς
645 2547 740 2604 οὖν
795 2562 1148 2618 γεγεννηται;
1196 2547 1313 2600 Οὐκ
1362 2544 1428 2598 ἂν
1461 2542 1528 2617 ἦν
1574 2544 1783 2616 μεγάλη
1828 2544 1863 2616 ἠ

2210 2549 2490 2618 Quomodo
2516 2565 2671 2622 ergo,
2702 2550 2937 2619 inquies,
2979 2552 3194 2622 genitus
3223 2552 3349 2608 est?
3382 2551 3535 2607 [laud

257 2649 554 2717 γέννησις,
589 2645 638 2696 εἰ
684 2642 768 2696 σοὶ
801 2639 1276 2710 κατελαμϐάνετο,
1325 2638 1385 2703 ὃς
1431 2637 1552 2692 οὐδὲ
1579 2637 1679 2709 τὴν
1732 2637 1847 2692 ἰδίω

1966 2656 2157 2710 magna
2188 2649 2336 2696 esset
2362 2642 2475 2696 haac
2510 2643 2826 2712 generatio,
2857 2643 2900 2697 si
2928 2659 2958 2696 a
2991 2653 3041 2697 te
3071 2645 3276 2712 percipi
3319 2653 3502 2712 posset
3524 2683 3539 2705 ,

253 2740 472 2808 ἐπίστῃ
499 2735 774 2804 γέννησιν,
806 2732 839 2804 ἢ
872 2731 1064 2803 μικρόν
1084 2748 1138 2784 τι
1158 2730 1361 2801 ταύτης
1389 2729 1742 2802 κατείληφας,
1769 2730 1843 2784 κα

1964 2734 2158 2802 quippe
2199 2732 2291 2801 qui
2331 2746 2399 2787 ne
2441 2741 2588 2786 tuam
2641 2733 2858 2802 quidem
2904 2733 3076 2798 noris,
3119 2743 3212 2788 aut
3256 2744 3404 2789 certe
3431 2737 3543 2788 exi-

252 2832 382 2882 ὅσον
425 2825 666 2896 αἰσχύνῃ
700 2824 912 2892 λέγειν·
948 2823 1139 2876 ἔπειτα
1170 2823 1272 2875 οἴει
1307 2821 1372 2874 τὸ
1402 2822 1512 2874 πᾶν
1544 2820 1833 2889 γινώσκειν

1963 2839 2120 2894 guam
2156 2825 2447 2893 quamdam
2480 2834 2686 2893 partem
2723 2826 3012 2895 percepisti
3041 2867 3056 2894 ,
3089 2836 3461 2896 quantumque
3493 2839 3547 2881 te

254 2919 456 2975 Πολλὰ
495 2917 562 2971 ἂν
595 2916 793 2987 κάμοις
831 2914 1116 2985 πρότερον,
1146 2912 1179 2983 ἢ
1207 2911 1390 2984 εὕροις
1415 2910 1606 2980 λόγους
1640 2913 1844 2982 συμπή‹

1963 2910 2142 2965 dicere
2175 2911 2392 2981 pudeat.
2436 2911 2503 2966 Et
2534 2923 2720 2981 postea
2759 2928 2878 2968 eam
2920 2915 3078 2983 plene
3126 2915 3222 2969 tibi
3264 2917 3540 2985 cognitam

255 3012 400 3076 ξεως
426 3051 444 3075 ,
478 3006 834 3079 μορφώσεως,
851 3003 1231 3076 φανερώσεως,
1247 3003 1425 3074 ψυχῆς
1447 3003 1583 3074 πρὸς
1600 3001 1760 3072 σῶμα
1776 3002 1845 3054 δε·

1961 3015 2084 3059 esse
2112 3005 2341 3060 censes?
2365 3004 2594 3074 Magnus
2622 3005 2716 3060 tibi
2746 3005 2900 3060 labor
2927 3007 3078 3075 prius
3102 3007 3410 3062 subeundus
3434 3017 3536 3068 est,

253 3101 428 3170 σμὺν,
449 3096 546 3152 νοῦ
565 3097 699 3169 πρὸς
717 3095 917 3166 ψυχὴν,
937 3095 1096 3164 λόγου
1119 3093 1258 3165 πρὸς
1281 3091 1430 3158 νοῦν,
1445 3093 1678 3163 κίνησιν,
1696 3091 1843 3164 αὔξη·

1963 3107 2124 3163 quam
2153 3103 2212 3149 ut
2239 3097 2478 3152 rationes
2507 3111 2602 3152 eas
2630 3097 2878 3151 invenias
2899 3135 2914 3162 ,
2946 3095 3143 3166 quibus
3168 3097 3498 3151 constitutus
3524 3137 3536 3158 ,

253 3209 365 3255 σιν,
389 3189 612 3262 τροφῆς
625 3187 962 3259 ἐξομοίωσιν,
981 3186 1253 3257 αἴσθησιν,
1274 3186 1515 3257 μνήμην,
1534 3184 1842 3255 ἀνάμνησιν

1964 3185 2265 3254 formatus,
2317 3204 2380 3244 ac
2434 3189 2816 3245 manifeStatus
2865 3189 3077 3254 fueris,
3125 3191 3322 3258 quibus
3372 3189 3537 3243 etiam

243 3283 433 3338 τᾶλλα
473 3274 629 3347 ὲξοῶν
655 3278 1012 3348 συνέστηκας·
1039 3277 1134 3330 καὶ
1155 3276 1278 3330 τίνα
1297 3277 1394 3348 μὲν
1417 3274 1513 3329 τοῦ
1537 3286 1833 3346 συναμφοτε

1965 3279 2142 3332 anima
2176 3294 2298 3333 cum
2330 3293 2559 3350 corpore
2582 3321 2599 3347 ,
2640 3296 2793 3335 mens
2823 3295 2944 3334 cum
2977 3281 3152 3334 anima
3181 3321 3197 3347 ,
3242 3280 3380 3333 ratio
3415 3296 3537 3334 eum

249 3390 375 3446 ρου,
406 3372 621 3442 ψυχῆς,
637 3371 732 3423 καὶ
750 3369 1022 3440 σώματος’
1039 3369 1162 3423 τίνα
1177 3368 1234 3421 δὲ
1251 3369 1318 3422 τά
1339 3368 1839 3439 μεμερισμένα,τίν‹

1964 3381 2143 3426 mente
2181 3372 2340 3441 quasi
2383 3372 2608 3426 vinculis
2641 3373 2962 3442 quibusdam
3012 3373 3389 3441 astringatur:
3430 3380 3540 3424 tum

243 3466 304 3518 δὲ
321 3466 360 3519 ἂ
387 3463 534 3532 παρ’
559 3461 808 3531 ἀλλήλων
821 3459 1209 3531 λαμϐάνουσιν.
1227 3454 1328 3512 Ὧν
1350 3460 1458 3531 γὰρ
1483 3459 1610 3512 ὕστε
1619 3475 1710 3531 ρον
1729 3461 1763 3530 ἡ
1782 3475 1833 3511 τε

1963 3462 2230 3530 quomodo
2261 3475 2459 3532 corpus
2490 3474 2795 3530 moveatur,
2825 3473 2880 3517 et
2913 3474 3194 3535 augeatur,
3234 3474 3397 3532 atque
3432 3463 3534 3516 ali-

244 3556 512 3619 λείωσις,
533 3551 736 3605 τούτων
759 3553 808 3603 οἱ
829 3551 975 3619 λόγοι
1001 3549 1139 3620 μετὰ
1158 3550 1259 3620 τῆς
1281 3551 1608 3622 γεννήσεως.
1637 3550 1772 3604 Εἰπὲ
1791 3552 1834 3602 1|

1965 3561 2205 3606 mentum
2246 3552 2346 3622 ipsi
2375 3553 2703 3608 assimiletur
2730 3567 2744 3606 :
2777 3553 2844 3607 ad
2877 3553 2995 3608 bare
3035 3569 3154 3623 qua:
3183 3554 3254 3607 sit
3283 3566 3542 3608 sensuum

249 3665 372 3711 νες·
411 3644 516 3699 καὶ
550 3643 687 3714 μηδὲ
722 3644 844 3697 τότε
879 3642 1247 3714 φιλοσοφήσῃς
1427 3641 1562 3695 Θεοῦ
1595 3642 1839 3712 γέννησιν

1965 3647 2106 3703 ratio
2130 3689 2144 3712 ,
2173 3663 2291 3717 qua:
2326 3647 2598 3704 memoriae
2621 3687 2636 3712 ,
2668 3664 2787 3719 qure
2831 3647 3248 3703 reminiscentiae
3272 3689 3287 3713 ,
3331 3662 3544 3701 rerum-

245 3737 314 3788 οὐ
328 3736 458 3806 γὰρ
487 3732 745 3800 ἀσφαλές.
765 3733 828 3784 Ei
853 3731 952 3802 μὲν
966 3729 1074 3801 γὰρ
1091 3729 1190 3800 τὴν
1213 3729 1311 3800 σὴν
1327 3730 1638 3799 γινώσκεις,
1655 3730 1714 3783 οὐ
1739 3729 1835 3784 πάι

1966 3754 2073 3809 que
2123 3749 2476 3804 ets-terarum,
2563 3755 2629 3793 ex
2690 3739 2886 3807 quibus
2937 3749 3158 3792 constas
3210 3754 3222 3789 :
3287 3751 3350 3791 ac
3409 3753 3545 3804 prae-

245 3844 366 3890 τως
403 3825 512 3878 καὶ
544 3826 642 3894 τὴν
674 3823 767 3876 τοῦ
797 3821 931 3875 Θεοῦ
952 3838 964 3849 ·
1001 3823 1050 3874 εἰ
1076 3821 1134 3873 δὲ
1179 3820 1314 3892 μηδὲ
1338 3821 1438 3892 τὴν
1469 3821 1595 3893 σὴν,
1629 3821 1745 3885 πῶς
1773 3820 1835 3891 τὴ

2011 3844 2114 3884 :rea
2146 3846 2265 3899 qua:
2309 3829 2636 3897 coniunctim
2691 3829 2977 3898 utriusque
3022 3828 3190 3897 partis
3235 3829 3381 3893 sint,
3427 3841 3548 3894 quae
3591 3883 3601 3894 ς

242 3918 351 3970 τοῦ
386 3915 581 3979 Θεοῦ;
617 3916 765 3985 Ὀσῳ
791 3913 899 3986 γὰρ
932 3912 1064 3978 Θεὸς
1097 3911 1387 3984 ἀνθρώπου
1411 3912 1832 3984 δυστεκμαρτότε

1967 3921 2138 3975 divisa
2174 3929 2229 3975 et
2262 3929 2506 3988 separata
2530 3960 2543 3982 ,
2573 3934 2694 3988 qua:
2732 3933 2922 3972 rursus
2953 3934 2982 3971 a
3024 3933 3082 3972 se
3124 3917 3355 3970 invicem
3403 3919 3547 3971 acci-

246 4026 352 4080 ρος
405 4046 426 4069 ,
592 4006 833 4077 τοσούτῳ
883 4005 978 4059 καὶ
1013 4005 1116 4074 τῆς
1157 4004 1256 4075 σῆς
1295 4005 1604 4074 γεννήσεως
1637 4003 1836 4075 ἀληπτ<

1967 4010 2137 4079 piant.
2168 4010 2299 4076 Quae
2343 4010 2486 4066 enim
2539 4008 2796 4076 temporis
2828 4022 3116 4078 progressu
3155 4007 3545 4077 perfectionem

241 4100 401 4168 τέρα.
437 4099 473 4168 ἡ
509 4097 622 4150 ἄνω
651 4097 926 4178 γέννησις.
963 4095 1028 4148 Ei
1056 4094 1113 4148 δὲ
1137 4094 1218 4148 ὅτι
1249 4094 1324 4164 μή
1370 4109 1455 4146 σοι
1493 4092 1830 4161 κατείληπτα

1971 4119 2124 4161 suam
2181 4112 2609 4172 consequuntur,
2671 4116 2859 4155 eorum
2919 4109 3068 4155 certe
3121 4100 3359 4155 rationes
3419 4100 3547 4167 ipsae

243 4189 349 4242 διὰ
380 4187 560 4242 τοῦτο
587 4187 710 4242 οὐδὲ
737 4185 1063 4256 γεγέννηται
1116 4225 1130 4247 ,
1275 4183 1395 4256 ὥρα
1427 4201 1510 4237 σοι
1553 4182 1728 4237 πολλὰ
1759 4183 1833 4236 διο

1970 4194 2127 4251 simul
2159 4209 2280 4249 cum
2324 4193 2671 4264 generatione
2705 4192 3054 4246 exstiterunt.
3109 4191 3299 4255 Dicas,
3350 4189 3544 4255 velim,

243 4285 518 4354 γράφειν
547 4279 657 4334 τῶν
689 4278 880 4361 ὄντων,
925 4277 962 4332 ὃ.
1007 4278 1082 4349 μὴ
1122 4277 1481 4347 κατείληφας,
1535 4276 1632 4330 καὶ
1677 4275 1833 4346 πρόγ

1970 4303 2090 4358 quae
2123 4287 2232 4342 sint
2263 4287 2348 4341 ha:
2385 4285 2664 4349 rationes;
2719 4284 2813 4339 sed
2851 4300 2918 4338 ne
2959 4293 3068 4337 tum
3101 4283 3316 4351 quidem
3354 4283 3419 4336 de
3454 4283 3550 4338 Dei

247 4375 507 4429 πάντων
689 4373 779 4426 τὸν
807 4372 941 4426 Θεὸν
972 4372 1164 4426 αὐτόν’
1197 4372 1259 4424 οὐ
1300 4369 1407 4442 γάρ
1592 4370 1620 4423 ὅ
1642 4369 1696 4422 τι
1746 4385 1837 4421 ποι

1971 4379 2321 4450 generatione
2351 4386 2648 4446 pertracta.
2683 4374 2795 4431 Nec
2828 4377 2972 4429 enim
3002 4374 3054 4428 id
3096 4373 3337 4442 periculo
3373 4385 3546 4428 vacat.

245 4468 420 4518 ἐστιν
483 4465 656 4545 εἰπεῖν
681 4461 847 4530 ἔχεις,
892 4462 988 4516 καὶ
1030 4463 1080 4514 εἰ
1118 4461 1239 4514 λίαν
1271 4460 1540 4532 τολμηρὸς
1587 4454 1656 4523 εἳ,
1690 4457 1783 4510 καὶ⁸
1811 4475 1835 4508 1

1974 4468 2030 4524 Si
2057 4470 2200 4523 enim
2229 4477 2375 4520 tuam
2398 4466 2704 4536 cognoscis,
2735 4479 2838 4517 non
2871 4461 3115 4532 protinus
3150 4462 3421 4528 sequitur,
3456 4460 3544 4511 Dei

248 4550 519 4622 περιττὰ
567 4549 968 4621 μεγαλόψυχος.
1019 4548 1311 4604 Κατάϐαλέ
1359 4565 1454 4601 σου
1497 4547 1598 4611 τὰς
1646 4547 1838 4619 deviasti

1974 4563 2189 4632 quoque
2226 4557 2628 4628 generationem
2670 4554 2765 4608 tibi
2801 4553 3070 4623 cognitam
3119 4560 3171 4604 et
3212 4551 3550 4618 exploratam

245 4644 358 4696 καὶ
405 4641 520 4704 τὰς
563 4640 896 4713 διαιρέσεις,
932 4640 1156 4704 καὶτὰς
1182 4639 1375 4710 τομὰς,
1413 4638 1508 4692 καὶ
1543 4637 1606 4690 τδ
1636 4636 1711 4700 ὡς
1753 4653 1835 4705 πει

1976 4665 2118 4706 esse.
2169 4648 2226 4704 Si
2260 4657 2439 4703 autem
2493 4656 2583 4701 tua
2635 4644 2729 4699 tibi
2783 4645 2964 4712 ignota
3013 4654 3137 4706 est,
3185 4656 3292 4710 quo
3346 4643 3557 4696 tandem

249 4734 543 4805 σώματος
597 4732 932 4786 διανοεῖσθαι
989 4735 1089 4803 τῆς
1137 4732 1432 4802 ἀσωμάτου
1489 4729 1730 4799 φύσεως·
1789 4746 1839 4781 κ(

1978 4746 2137 4799 modo
2177 4743 2270 4797 Dei
2321 4741 2600 4810 generatio
2634 4739 2729 4792 tibi
2782 4747 2906 4791 nota
2958 4734 3104 4788 erit?
3158 4733 3371 4800 Quanto
3416 4734 3558 4785 enim

244 4795 416 4895 coiit:
460 4795 532 4876 ἂν
567 4822 718 4887 ἄξιόν
751 4840 805 4876 τι
853 4795 1194 4893 διανοηθείης
1230 4795 1364 4875 Θεοῦ
1502 4795 1512 4799 “
1555 4821 1834 4890 γεννήσεω

1979 4836 2245 4892 diﬂlcilius
2266 4795 2352 4890 es:
2382 4833 2477 4890 Dei
2505 4841 2777 4896 naturain,
2811 4843 2968 4897 quam
2999 4826 3254 4890 hominis,
3286 4825 3558 4896 indagare,

245 4916 396 4977 Πῶς
463 4914 834 4984 γεγέννηται;
891 4914 1060 4967 Πάλιν
1109 4914 1218 4986 γάρ
1268 4913 1329 4966 τὸ
1395 4912 1526 4967 αὐτὸ
1581 4911 1835 4981 φθέγξομέ

1981 4937 2131 4982 tanto
2163 4941 2377 4996 quoque
2427 4923 2696 4978 difﬁcilius
2727 4919 2929 4989 percipi
2979 4927 3158 4987 potest
3189 4933 3424 4987 superna
3471 4919 3559 4972 illa

241 5006 692 5077 δυσχεραίνων
734 5003 872 5057 Θεοῦ
913 5005 1168 5076 γέννησις
1213 5007 1392 5074 σιωπῇ
1427 5003 1698 5074 τιμάσθω.
1725 5001 1831 5064 Μέι

1987 5027 2042 5070 et
2075 5017 2253 5071 divina
2283 5015 2582 5086 generatio,
2625 5027 2784 5082 quam
2819 5021 2929 5064 tua.
2966 5008 3122 5075 Quod
3155 5010 3238 5075 si,
3281 5011 3405 5078 quia
3437 5025 3556 5064 eam

239 5117 339 5151 σοι
373 5098 454 5149 τὸ
497 5096 704 5165 μαθεῖν,
735 5098 817 5149 ὅτι
842 5097 1186 5167 γεγέννηται.
1219 5096 1294 5149 Τὸ
1317 5097 1374 5149 δὲ
1407 5096 1544 5159 πῶς,
1569 5095 1689 5147 οὐδὲ
1717 5094 1827 5162 ἀγγ

1984 5107 2288 5177 cognitione
2316 5107 2527 5174 assequi
2576 5104 2790 5172 nequis,
2825 5102 3028 5158 idcirco
3063 5116 3130 5156 ne
3163 5104 3403 5173 genitum
3436 5102 3559 5169 qui-

239 5189 410 5252 λοις,
494 5187 566 5257 μὴ
614 5187 697 5239 ὅτι
740 5203 805 5254 γε
869 5187 952 5240 σοι¹
1015 5187 1217 5240 ἐννοεῖν
1427 5185 1829 5256 συγχωρήσωμε

1983 5198 2104 5252 dem
2139 5212 2261 5252 esse
2288 5195 2594 5259 contendis,
2628 5205 2837 5263 tempus
2861 5194 2972 5260 jam
3002 5194 3094 5247 tibi
3135 5194 3318 5258 fuerit,
3352 5191 3514 5243 multa
3542 5230 3557 5252 ,

235 5279 481 5332 Βούλει
543 5278 880 5348 παραστήσω
914 5277 976 5331 τὸ
1026 5277 1173 5342 πῶς;
1231 5277 1320 5340 Ὠς
1358 5272 1498 5350 οἶδεν
1548 5277 1577 5328 ὁ
1618 5277 1825 5345 γεννήω

1983 5304 2102 5359 qua:
2132 5297 2184 5341 tu
2217 5287 2439 5340 minime
2465 5283 2772 5355 percepisti,
2812 5292 2976 5352 atque
3016 5289 3143 5335 ante
3169 5280 3352 5333 omnia
3390 5279 3557 5329 Deum

238 5368 516 5439 Πατὴρ,
568 5369 662 5421 καὶ
705 5369 734 5420 ὁ
773 5368 1056 5439 γεννηθεὶς
1096 5366 1257 5430 Υἱός·
1303 5366 1364 5418 τὸ
1411 5366 1469 5418 δὲ
1516 5365 1658 5436 ὑπὲρ
1690 5363 1823 5417 ταῦτ

1984 5395 2200 5451 quoque
2233 5381 2428 5448 ipsum,
2479 5393 2509 5432 e
2551 5390 2728 5431 rerum
2772 5384 2965 5428 [natura
3017 5371 3196 5425 delere
3231 5380 3394 5436 atque
3427 5365 3563 5418 obli-

240 5462 439 5530 νέφει
486 5459 814 5527 κρύπτεται,
843 5461 942 5530 τὴν
978 5458 1077 5530 σὴν
1110 5458 1399 5527 διαφεῦγον
1435 5455 1815 5528 ἀμϐλυωπεαν.

1989 5483 2186 5528 terare.
2238 5470 2422 5538 Neque
2458 5468 2642 5533 enim,
2689 5465 2818 5535 quid
2861 5463 3078 5516 tandem
3131 5461 3234 5520 sit,
3286 5455 3565 5538 explicare

239 5568 465 5628 potes,
512 5553 803 5621 quamlibet
833 5551 1009 5607 audax
1045 5550 1143 5615 sis,
1177 5547 1422 5618 atque-in
1459 5546 1878 5615 supervacaneis
1917 5546 2079 5603 rebus
2126 5537 2380 5601 strenuus
2423 5557 2478 5601 et
2544 5547 2939 5614 magnanimus.
2999 5541 3144 5595 Tuas
3190 5541 3310 5594 illas
3377 5537 3572 5592 ﬂuxio-

242 5667 388 5712 nes,
437 5654 511 5701 et
546 5645 865 5708 divisiones,
899 5653 957 5699 et
999 5641 1266 5697 sectiones
1299 5640 1447 5711 prius
1482 5637 1672 5706 abjice,
1706 5655 1769 5694 ac
1803 5639 1869 5692 de
1905 5639 2224 5708 incorporea
2254 5638 2340 5692 illa
2372 5647 2590 5702 natura,
2619 5637 2773 5706 quasi
2837 5634 2905 5688 de
2933 5646 3218 5702 corporea,
3283 5631 3572 5701 disputare

243 5744 528 5803 desine;
565 5748 723 5809 atque
757 5740 829 5792 ita
864 5737 1095 5793 fortasse
1127 5736 1345 5806 dignum
1400 5734 1598 5804 aliquid
1635 5735 1982 5802 generatione
2027 5735 2210 5790 divina
2281 5734 2570 5803 concipere
2637 5733 2820 5784 animo
2865 5743 3054 5798 queas.
3123 5727 3407 5794 Quomodo
3474 5741 3567 5794 ge-

248 5841 433 5900 uitus
487 5833 613 5886 cst?
659 5834 806 5888 Idem
868 5833 1011 5889 enim
1048 5830 1482 5902 indignabundus
1548 5840 1750 5899 repeto.
2000 5830 2091 5885 Dei
2142 5819 2419 5900 generatio
2475 5826 2675 5884 silentii
2724 5825 2932 5880 honore
2984 5827 3289 5882 decoretur.
3346 5822 3572 5882 Abunde
