4026 6290
505 371 607 434 563
1743 372 1950 432 EUT-ﬂ
1962 370 2126 431 YMll
2166 369 2339 429 ZIGA
2349 369 2497 431 BEN
2502 368 2531 428 Ι
3448 421 3452 424 .
3625 370 3711 434 564

509 504 767 557 magnum
803 491 900 547 tibi
926 500 1008 546 est
1042 493 1206 555 scire,
1237 505 1359 545 eum
1387 489 1631 557 genitum
1666 503 1811 544 esse.
1843 489 1962 554 Quo
1992 498 2176 541 autem
2216 487 2379 542 modo
2407 486 2624 555 genitus
2657 484 2752 548 sit,
2794 497 2863 537 ne
2890 482 3024 552 ipsis
3047 480 3262 551 quidem
3288 482 3504 553 angelis,
3536 489 3715 543 nedum

509 587 601 639 tibi
637 586 935 656 intelligere
962 585 1347 640 concesserim.
1395 584 1486 638 Vis
1526 582 1792 639 declarent
1835 581 2153 652 quomodo?
2190 581 2260 636 Ut
2296 584 2399 638 scit
2428 582 2609 645 Pater,
2629 580 2720 652 qui
2761 580 2968 650 genuit,
3000 588 3057 636 et
3088 578 3255 633 Filius
3285 580 3374 649 qui
3404 584 3604 649 genitus
3622 596 3711 642 est.

505 680 660 745 Quod
696 694 858 745 supra
895 680 1007 732 haec
1039 685 1142 743 est,
1168 679 1310 731 nube
1349 678 1645 747 obtegitur,
1681 679 1958 746 animique
1990 679 2065 731 tui
2100 677 2487 731 bebetudinem
2551 677 2713 746 fugit.

580 774 686 827 Sed
721 774 960 841 argutari
992 781 1247 842 pergunt.
1286 772 1675 835 Exsistentem,
1715 774 1800 828 vel
1835 788 1941 826 nan
1990 788 2085 826 ex-
2121 773 2163 825 A

2129 773 2163 825 Α
2267 771 2440 827 Ὄντα
2483 768 2586 826 οὖν
2620 772 2973 841 γεγέννηκεν,
3014 771 3047 840 ἢ
3093 771 3194 822 σύκ
3236 768 3380 823 ὄντα.
3423 771 3537 824 Τῶν
3575 773 3719 847 ληρη.

508 867 789 921 sistentem
824 865 1010 933 genuit
1041 863 1222 918 Pater.
1254 864 1301 920 0
1327 868 1509 921 lutiles
1538 870 1743 937 nugas!
1774 867 1900 920 Haec
1941 866 2086 920 enim

2194 866 2415 932 μάτωνῐ
2455 866 2592 932 Περὶ
2622 866 2721 933 ἐμὲ
2750 867 2845 917 καὶ
2877 865 2937 917 σὲ
2963 862 3165 925 ταῦτα,
3194 862 3244 915 οἳ
3273 862 3332 915 τὸ
3367 864 3462 931 μέν
3501 883 3550 918 τι
3576 862 3720 937 ἧμιν,

510 956 641 1009 mihi
686 971 749 1009 ac
793 955 888 1008 tibi
919 955 1273 1017 conveniunt,
1324 957 1416 1025 qui
1475 958 1670 1024 partim
1736 971 1976 1020 eramus,
2033 965 2090 1009 ut

2192 956 2384 1026 ὥσπερ
2406 958 2463 1009 ἐν
2491 958 2556 1026 τῇ
2582 954 2746 1024 ὀσφύϊ
2766 955 2861 1007 τοῦ
2893 956 3173 1022 Ἀϐραὰμ,
3197 954 3226 1005 ὁ
3248 955 3379 1007 Λευϊ
3401 970 3413 984 ·
3438 956 3568 1010 τὸδὲ
3591 962 3727 1027 γεγό-

507 1047 638 1101 Levi
697 1048 806 1115 ille,
842 1049 894 1102 in
937 1048 1138 1103 lumbis
1198 1048 1433 1105 Abrahae
1466 1049 1506 1115 ‘,
1557 1051 1753 1119 partim
1813 1051 2089 1119 procreati

2193 1065 2388 1118 ναμεν.
2410 1049 2575 1102 Ὥστε
2597 1045 2657 1111 ἐξ
2678 1042 2869 1111 ὄντων,
2894 1045 3098 1114 τρόπον
3117 1044 3238 1098 τινὰ
3268 1045 3327 1098 τὸ
3349 1046 3620 1118 ἡμέτερον,
3641 1052 3726 1106 καὶ

509 1149 731 1198 sumus;
771 1149 835 1189 ac
880 1135 1108 1203 proinde
1140 1134 1336 1203 partim
1381 1150 1444 1188 ex
1491 1135 1729 1193 entibus.
1775 1134 1969 1203 partim
2015 1148 2080 1188 ex

2183 1124 2286 1175 οὐκ
2321 1124 2519 1179 ὄντων·
2557 1126 2814 1187 ἐναντίως
2846 1126 2976 1195 περὶ
3012 1125 3109 1196 τὴν
3137 1129 3427 1199 ἀρχέγονον
3458 1132 3580 1202 ὓλην
3614 1137 3730 1189 ὑπο-

503 1239 608 1276 non
643 1225 864 1278 entibus
902 1240 1131 1278 sumus:
1163 1236 1358 1277 contra
1386 1240 1545 1292 quam
1578 1225 1629 1277 in
1664 1224 1958 1293 primigena
1993 1222 2081 1276 illa

2188 1217 2390 1267 στᾶσαν
2421 1215 2605 1285 σαφῶς
2647 1216 2705 1283 ἐξ
2730 1218 2829 1271 οὐκ
2852 1218 3041 1279 ὄντων,
3072 1218 3173 1271 κᾶν
3211 1238 3354 1283 τινες
3527 1225 3726 1299 ἀγέννη-

506 1316 731 1369 materia
766 1315 980 1377 accidit,
1009 1330 1128 1383 qua:
1164 1314 1308 1369 baud
1338 1315 1502 1372 dubie
1544 1332 1611 1370 ex
1663 1330 1768 1370 non
1793 1323 1921 1369 ente
1954 1329 2085 1384 pro-

2183 1320 2274 1357 τον
2454 1305 2885 1361 ἀναπλάττωσιν.
2953 1307 3218 1360 Ἐνταῦθα
3259 1310 3315 1362 δὲ
3358 1312 3637 1385 σύνδρομον
3662 1317 3730 1390 τῷ

501 1415 684 1460 creata
739 1418 856 1470 est,
904 1417 1176 1475 utcunque
1209 1422 1328 1461 eam
1377 1407 1615 1461 nonnulli
1658 1417 1917 1461 aeternam
1960 1419 2081 1461 esse

2184 1392 2325 1448 εἶναι
2346 1396 2409 1449 τὸ
2438 1397 2797 1468 γεγεννῆσθαι
2824 1433 2843 1462 ,
2986 1400 3082 1453 καὶ
3111 1400 3207 1453 ἀπ’
3238 1402 3432 1473 ἀρχῆς.
3463 1406 3612 1460 Ὥστε
3638 1412 3727 1466 ποῦ

501 1498 828 1568 coiiﬁngant.
853 1502 922 1551 At
955 1500 1038 1552 hic
1071 1501 1345 1568 generatio
1376 1515 1497 1554 cum
1529 1498 1766 1559 essentia
1800 1498 1914 1567 ipsa
1945 1511 2080 1551 eou-

2185 1487 2370 1558 Θήσεις
2545 1488 2606 1541 τὸ
2635 1489 3021 1561 ἀμφίκρημνον
3045 1490 3204 1545 τοῦτο
3228 1493 3521 1566 ἐρώτημα;
3556 1499 3615 1550 Τί
3640 1501 3734 1574 γὰρ

501 1589 692 1652 currit,
721 1597 884 1658 atque
914 1606 943 1643 a
980 1590 1249 1659 principio
1280 1591 1509 1646 exstitit.
1553 1588 1650 1643 Ubi
1705 1603 1836 1657 ergo
1876 1602 2077 1655 anceps

2185 1578 2274 1633 τοῦ
2301 1580 2394 1633 ἀπ’
2426 1580 2599 1651 ἀρχῆς
2625 1580 3011 1652 πρεσϐύτερον,
3061 1583 3128 1637 ἵν’
3157 1584 3277 1637 ἐκεῖ
3306 1584 3486 1656 θῶμεν
3526 1588 3582 1642 τὸ
3615 1586 3735 1646 εἶναι

501 1677 635 1730 illud
672 1687 842 1740 tuum,
896 1688 1059 1747 atque
1111 1678 1361 1748 utrinque
1411 1693 1651 1747 praiceps
1700 1688 2077 1745 argumentum

2152 1706 2155 1707 ν
2183 1686 2312 1724 ποτε
2342 1671 2435 1724 τοῦ
2465 1670 2615 1737 Υἱοῦ,
2653 1672 2688 1743 ἢ
2714 1672 2774 1725 τὸ
2820 1672 2896 1744 μὴ
2930 1669 3067 1728 εἶναι
3092 1691 3108 1741 ;
3153 1677 3501 1750 Ἀμφοτέρως
3541 1681 3642 1751 γὰρ
3668 1684 3736 1748 τὸ,

500 1766 705 1834 pones?
738 1765 877 1832 Quid
915 1769 1058 1820 enim
1093 1782 1180 1829 eo,
1212 1768 1353 1834 quod
1387 1783 1415 1818 a
1460 1766 1725 1835 principio
1765 1775 1903 1830 erat,
1935 1766 2079 1819 anti-

2181 1759 2283 1813 ἀπ’
2311 1759 2521 1828 ἀρχῆς,
2555 1760 2880 1839 λυθήσεται·
2909 1765 2957 1816 εἰ
2986 1767 3059 1835 μή
3094 1774 3177 1818 σοι
3196 1767 3293 1819 καὶ
3315 1770 3343 1821 ὁ
3372 1770 3577 1841 Πατὴρ,
3598 1773 3740 1826 πάλιν

499 1857 660 1924 quius
702 1871 825 1911 esse
863 1866 1063 1925 potest,
1115 1868 1172 1910 ut
1213 1858 1320 1912 illic
1358 1867 1571 1927 tempus
1605 1858 1954 1918 collocemus,
1995 1856 2075 1910 vel

2181 1851 2507 1921 ἐρωτώντων
2534 1853 2715 1925 ἡμῶν,
2747 1855 2807 1918 ἐξ
2841 1854 3028 1931 ὄντων,
3065 1857 3098 1927 ἢ
3127 1856 3190 1921 ἐξ
3218 1861 3321 1911 οὐκ
3353 1858 3542 1924 ὄντων,
3580 1864 3742 1916 κινδυ-

498 1961 607 2015 quo
650 1957 765 2001 erat
821 1947 1009 2011 Filius,
1049 1949 1134 2002 vel
1165 1963 1271 2016 quo
1315 1964 1418 2003 non
1450 1948 1605 2003 erat?
1650 1948 1888 2017 Utroque
1930 1947 2074 2002 enim

2180 1942 2473 2015 νεύσειενῆ
2503 1944 2583 2007 δίς
2616 1942 2775 2011 εἶναι,
2810 1946 2839 1998 ὃ
2871 1947 2970 2017 μὲν
2992 1947 3199 2019 προὼν,
3234 1949 3263 2001 ὃ
3296 1950 3353 2003 δὲ
3384 1949 3477 2009 ὢν.
3511 1952 3543 2022 ἢ
3570 1954 3746 2007 ταυτὸν

498 2038 659 2113 modo
698 2038 860 2109 illud,
905 2056 937 2092 a
989 2041 1268 2108 principio,
1307 2040 1629 2095 dissolvetur
1657 2050 1713 2095 et
1760 2050 2076 2103 evertetur,

2178 2032 2256 2103 τῷ
2296 2034 2410 2105 Υἰῷ
2450 2035 2665 2101 παθεῖν,
2697 2038 2756 2104 ἐξ
2791 2040 2890 2092 οὑκ
2924 2038 3092 2093 ὄντων
3125 2036 3293 2107 εἶναι,
3325 2042 3418 2095 διὰ
3450 2043 3517 2096 τὰ
3552 2044 3617 2097 σά
3651 2045 3748 2097 τῶν

497 2129 602 2182 nisi
634 2126 775 2183 forte
800 2130 893 2206 tibi
917 2146 1129 2199 quoque
1152 2130 1332 2195 Pater,
1359 2131 1844 2201 percunctantibus
1886 2145 2076 2186 rursus

2180 2124 2549 2198 ἐρωτημάτων
2580 2129 2825 2196 παίγνια,
2856 2131 2948 2183 καὶ
2978 2131 3078 2194 τὰς
3105 2134 3169 2185 ὲκ
3201 2133 3453 2204 ψάμμων
3608 2138 3751 2189 οἰκο-

496 2222 671 2284 nobis,
718 2237 781 2274 ex
831 2222 1143 2286 entibusne,
1190 2237 1259 2277 an
1298 2239 1362 2277 ex
1416 2239 1525 2278 non
1566 2224 1782 2277 entibus
1834 2222 1940 2288 sit,
1990 2222 2075 2277 bis

2177 2215 2366 2288 δομὰς,
2398 2218 2456 2272 αἲ
2496 2219 2629 2290 μηδὲ
2660 2219 2857 2292 αὔραις
2896 2222 3160 2277 ἵστανται.
3202 2223 3350 2292 Ἐγὼ
3385 2226 3481 2296 μὲν
3525 2222 3615 2281 οὖν
3646 2227 3751 2281 0&8-

493 2326 613 2365 esse
651 2311 1005 2381 periclitetur,
1040 2313 1175 2365 alter
1208 2312 1462 2367 nimirum
1503 2315 1905 2385 prmexsistens,
1939 2313 2076 2367 alter

2179 2308 2365 2382 έτερον
2402 2310 2605 2365 τούτων
2639 2312 2885 2384 δέχομαι,
2929 2314 3021 2367 καὶ
3050 2314 3148 2385 τὴν
3204 2315 3481 2388 ὲρώτησίν
3535 2336 3671 2390 φημι
3701 2318 3757 2373 τὺ

493 2396 800 2471 exsistens;
835 2414 930 2459 aut
959 2415 1109 2458 certe
1153 2415 1372 2474 propter
1409 2405 1647 2461 ludicras
1680 2417 1802 2461 tuas
1844 2407 2076 2460 interro-

2175 2400 2375 2456 ἄτοπον
2407 2402 2575 2473 ἔχειν,
2618 2404 2739 2474 ούχὶ
2777 2405 2838 2457 τὸ
2865 2406 3067 2476 ἄπορον
3095 2408 3197 2475 τὴν
3228 2409 3564 2479 ἀπάντησιν.
3606 2411 3666 2463 El
3703 2409 3756 2463 δὲ

490 2497 759 2564 gationes,
794 2506 954 2565 atque
985 2511 1051 2550 ex
1102 2513 1266 2575 arena
1303 2504 1647 2575 constructas
1694 2498 1904 2565 domos,
1953 2513 2075 2567 qua:

2178 2486 2291 2575 001'
2438 2496 2685 2565 φαίνεται
2743 2498 3039 2566 ἀναγκαῖον
3097 2493 3246 2553 εἶναι
3303 2501 3366 2554 τὸ
3405 2501 3590 2574 ἕτερον
3635 2502 3756 2572 ἀλη-

489 2601 559 2639 ne
603 2585 812 2641 levibus
851 2588 1065 2654 quidem
1100 2574 1272 2642 ventis
1324 2589 1583 2642 resistere
1634 2574 1882 2659 possunt,
1932 2590 2068 2644 idem

2176 2574 2354 2640 θεύειν
2377 2586 2468 2640 ἐπὶ
2488 2578 2708 2654 παντὸς,
2746 2590 2887 2643 κατά
2915 2590 3013 2655 τὰς
3047 2593 3147 2655 σὰς
3178 2593 3540 2658 διαλεκτικὰς
3575 2593 3759 2664 ὑπολή-

489 2677 558 2741 ei,
598 2677 740 2745 quod
786 2676 943 2742 Filio,
984 2678 1231 2745 accidat,
1267 2680 1366 2733 hoc
1416 2688 1530 2743 est,
1563 2694 1630 2733 ex
1666 2694 1774 2733 non
1820 2688 1944 2734 ente
1978 2680 2068 2734 sit.

2173 2676 2318 2747 ψεις,
2360 2678 2508 2745 δέξαι
2559 2680 2660 2751 μού
2699 2699 2751 2735 τι
2797 2682 2992 2755 μικρὸν
3021 2682 3333 2755 ὲρὼτημαυ
3392 2686 3452 2738 Ὀ
3494 2686 3679 2756 χρόνος
3709 2685 3760 2738 ὲν

485 2769 599 2838 Ego
642 2768 861 2836 quidem
905 2758 1151 2823 neutrum
1184 2770 1375 2823 borum
1406 2769 1655 2834 admitto,
1686 2771 2065 2840 quaestionem-

2174 2769 2373 2842 χρόνῳ,
2478 2773 2578 2827 οὐκ
2621 2774 2679 2826 ὲν
2711 2775 2921 2847 χρόνῳ,
2949 2777 3013 2829 Ei
3061 2776 3162 2846 μὲν
3195 2772 3294 2831 οὖν
3334 2780 3394 2830 ὲν
3443 2778 3639 2848 χρόνῳ,
3665 2775 3761 2830 τίνι

484 2875 591 2939 que
641 2860 781 2913 hanc
835 2870 981 2914 tuam
1033 2850 1382 2937 absu‘rditatis
1432 2861 1696 2939 multum,
1740 2862 2069 2939 dillicultatis

2174 2863 2375 2934 τούτῳ;
2412 2866 2506 2917 καὶ
2524 2865 2576 2917 τί
2595 2867 2744 2937 παρὰ
2766 2865 2953 2920 τοῦτον
2977 2866 3122 2933 όντι;
3156 2868 3259 2922 καὶ
3282 2868 3410 2932 πῶς
3434 2868 3763 2939 περιέχοντις

484 2938 622 3007 nihil
656 2953 854 3033 habere
883 2954 991 3007 aio.
1021 2934 1172 3019 Quod
1204 2954 1249 3007 si
1295 2964 1349 3007 tu
1385 2934 1540 3023 juxia
1586 2934 1709 3010 tuas
1757 2934 2069 3010 dialecticas

2175 2953 2238 3005 Εἰ
2266 2952 2324 3005 δὲ
2358 2954 2457 3006 οὐκ
2475 2954 2533 3005 ὲν
2563 2934 2758 3025 χρόνῳ,
2778 2957 2862 3019 τίς
2888 2957 2922 3027 ἡ
2948 2942 3176 3037 περιττὴ
3212 2958 3405 3025 σοφία,
3440 2934 3631 3029 χρόνον
3661 2959 3765 3011 εἱσ-

484 3036 779 3123 sententias
822 3046 873 3125 in
919 3045 1069 3100 omni
1118 3057 1441 3121 argumento
1485 3049 1803 3102 alterutram
1857 3047 2064 3117 disiun-

2180 3044 2327 3112 άγειν
2364 3045 2619 3115 ἄχρονον;
2655 3045 2760 3098 Τοῦ
2804 3046 2883 3110 δὲ,
2914 3048 3046 3102 Νῦν
3081 3047 3201 3119 ἐγὼ
3242 3050 3576 3119 ψεύδομαι,
3604 3051 3690 3113 δὸς
3716 3049 3770 3102 τὺ

483 3137 723 3191 etionum
768 3124 948 3191 veram
1013 3132 1136 3193 esse
1180 3149 1433 3207 oportere
1478 3140 1791 3203 existimas,
1845 3155 2064 3210 parvam

2179 3133 2382 3205 ἕτερον,
2424 3136 2459 3207 ἢ
2506 3135 2865 3207 ἀληθεύεσθαι
3042 3139 3229 3209 μόνον,
3278 3140 3314 3211 ἦ
3361 3139 3769 3211 ψεύδεσθαι-ού

482 3230 769 3295 quamdam
801 3216 1375 3300 interrogatiunculam
1410 3245 1440 3283 a
1472 3246 1557 3285 me
1590 3232 1797 3299 accipe.
1829 3228 2067 3300 Tempus

2183 3224 2282 3296 γὰρ
2311 3227 2594 3298 ἀμφότερα
2624 3227 2886 3298 δώσομεν.
2912 3229 3066 3295 ,Ἀλλ’
3093 3230 3197 3283 οὐκ
3223 3230 3538 3300 ἐνδέχεται.
3576 3232 3648 3283 Ἢ
3673 3228 3773 3300 γὰρ

483 3327 643 3371 estne
690 3319 743 3373 in
781 3329 1041 3389 tempore,
1073 3321 1291 3374 annon?
1336 3321 1392 3375 Si
1430 3322 1481 3374 in
1523 3331 1780 3390 tempore,
1812 3336 1919 3390 quo
1949 3331 2067 3374 tan-

2182 3310 2500 3383 ψευδόμενος
2541 3315 2849 3386 ἀληθεύσει,
2895 3316 2925 3387 ἢ
2962 3317 3251 3389 ἀληθεύων
3297 3319 3605 3387 ψεύσεται·
3633 3321 3772 3372 πᾶσα

481 3406 639 3460 deut?
671 3408 918 3476 Quidque
969 3396 1133 3477 Supra
1174 3391 1277 3465 boc
1311 3411 1645 3465 exsisteute?
1680 3412 1757 3465 Ac
1791 3394 2061 3479 quomodo

2186 3400 2407 3474 ὶνάγκη.
2443 3406 2507 3459 Τί
2551 3402 2643 3460 οὖν
2672 3406 3004 3478 θαυμαστὸν,
3040 3394 3238 3481 ὥσπερ
3270 3409 3523 3464 ἐνταῦθα.
3550 3408 3776 3481 συμϐαί-

480 3497 587 3552 hoc
633 3496 984 3551 continente?
1030 3497 1086 3552 Si
1148 3508 1327 3552 autem
1380 3516 1483 3554 non
1536 3499 1588 3552 in
1632 3509 1891 3567 tempore,
1942 3514 2061 3569 qua

2183 3513 2252 3551 νει
2287 3496 2354 3550 τὰ
2390 3499 2628 3563 ἐναντία,
2662 3498 2835 3563 οὕτως
2878 3500 3057 3553 ἐκεῖσε
3108 3500 3421 3572 ἀμφότερα
3469 3500 3773 3570 ψεύδεσθαι,

477 3587 593 3642 haec
623 3578 824 3657 eximia
857 3582 1145 3656 sapientia,
1182 3574 1393 3657 tempus
1443 3591 1699 3659 temporis
1738 3604 1934 3659 expers
1975 3591 2058 3643 in-

2189 3589 2270 3641 ιιαὶ
2296 3588 2439 3642 οὕτω
2472 3607 2552 3644 σοι
2597 3583 2660 3644 τὸ
2710 3576 2873 3661 σοφὸν
2903 3591 3109 3662 ἠλίθιον
3153 3594 3636 3665 ἀναφανήσεται;
3687 3592 3779 3645 Ἐν

477 3665 719 3734 ducere?
763 3682 893 3749 Age,
932 3681 1088 3751 hujus
1141 3682 1430 3746 sermonis,
1473 3670 1627 3735 Nunc
1660 3698 1752 3750 ego
1810 3683 2056 3746 mentior,

2190 3679 2255 3732 ἑτι
2283 3698 2371 3750 μοι
2392 3680 2550 3734 λύσον
2577 3681 2684 3736 τῶν
2704 3683 3040 3754 αἰνιγμάτων
3060 3700 3072 3713 ·
3101 3684 3341 3754 Σεαυτῷ
3371 3686 3432 3737 δὲ
3463 3682 3780 3753 γεννωμένῳ

382 3834 391 3845 κ
476 3772 541 3825 da
576 3766 826 3835 alterum,
869 3758 961 3827 aut
992 3774 1252 3827 duntaxat
1287 3758 1467 3827 vcruin
1502 3759 1647 3837 esse,
1674 3782 1769 3826 aut
1812 3773 1968 3827 l‘alsun

2192 3773 2385 3842 ταρῆς;
2417 3773 2581 3842 πάρει
2612 3773 2670 3826 δὲ
2699 3773 2828 3839 vim;
2865 3774 2897 3844 ἤ
2927 3774 3248 3845 ούδέτερον;
3292 3776 3362 3830 Εἰ
3409 3774 3516 3846 μὲν
3554 3773 3665 3844 γὰρ
3692 3771 3782 3828 καὶ

472 3881 580 3919 non
628 3852 770 3919 enim
820 3846 1109 3934 utrumque
1160 3866 1429 3918 dabimus.
1476 3846 1635 3934 Atqui
1688 3865 1838 3919 nullo
1898 3866 2055 3919 modo

2192 3854 2377 3933 ταρῆς,
2422 3863 2518 3916 καὶ
2546 3866 2732 3936 πάρει,
2766 3852 2841 3928 ὡς
2870 3865 2975 3930 τίς,
3013 3865 3108 3917 καὶ
3145 3866 3302 3930 τίνι;
3333 3867 3437 3920 καὶ
3483 3866 3605 3927 πῶς
3641 3867 3670 3918 ὁ
3708 3858 3782 3923 εἷς

472 3956 578 4011 hoc
623 3940 743 4009 ﬁeri
772 3964 967 4028 potest.
1014 3953 1106 4008 Vel
1145 3955 1285 4009 enim
1322 3939 1592 4025 mentiens
1644 3954 1828 4009 verum
1876 3940 2049 4019 dicet,

2196 3956 2341 4025 ἱμφω
2382 3948 2670 4024 γεγόνατε;
2711 3958 2777 4010 Εἰ
2832 3938 2890 4008 δὲ
2943 3955 3249 4027 μηδέτερον
3300 3956 3419 4011 τῶν
3458 3954 3786 4028 εἰρημένων,

473 4048 559 4101 vel
604 4049 894 4102 mentietur
939 4062 1127 4121 verum
1189 4030 1396 4100 dicens.
1446 4046 1521 4129 Ita
1568 4060 1789 4114 prorsus
1835 4032 2055 4098 neuesse

2200 4047 2289 4108 τῶς
2327 4046 2551 4099 σεαυτοῦ
2744 4045 2976 4128 χωρίξῃς
3009 4046 3102 4098 καὶ
3134 4026 3229 4110 τίς
3274 4049 3311 4117 ἡ
3349 4026 3529 4101 αἰτεα-
3560 4026 3663 4115 τῆς
3683 4044 3790 4097 δια-

473 4148 579 4193 est.
603 4122 740 4203 Quid
772 4122 937 4205 igitur
963 4122 1184 4198 mirum,
1221 4136 1265 4188 si
1300 4122 1750 4204 quemadmodum
1796 4136 1884 4190 hic
1923 4149 2056 4187 con-

2200 4139 2405 4205 ἐύξεως
2446 4159 2460 4206 ;
2540 4198 2543 4201 λ
2617 4137 2757 4189 Ἀλλ’
2782 4122 3102 4191 ἀπαίδευτον
3126 4138 3195 4190 τὸ
3376 4139 3518 4210 περὶ
3544 4135 3641 4191 τοῦ
3661 4133 3790 4198 ἑνὸς,

477 4222 649 4281 traria
682 4215 1040 4289 concurrunt,
1094 4226 1165 4278 ita
1210 4226 1373 4279 etiam
1428 4227 1537 4280 illic
1592 4214 1816 4299 utraque
1859 4214 2050 4294 parsa

2203 4228 2229 4279 ἰ.
2262 4226 2438 4297 ἐαυτῷ
2480 4227 2764 4299 πάρεστιν,
2798 4226 2830 4279 ἦ
2883 4227 2978 4298 μὴ,
3021 4226 3562 4299 πολυπραγμονεῖν.
3614 4224 3792 4279 Ταῦτα

477 4333 604 4372 vero
647 4317 882 4380 aberret,
914 4326 1074 4385 atque
1123 4317 1196 4369 ita
1246 4308 1441 4369 scitum
1497 4296 1622 4368 illud
1672 4326 1727 4393 et
1775 4315 2048 4393 eruditum

2195 4304 2278 4389 ’ἀρ
2308 4318 2393 4370 ἐπ’
2419 4296 2612 4384 ἄλλων,
2636 4319 2731 4388 οὐχ
2754 4296 2954 4370 ἐαυτοῦή
2978 4296 3227 4386 λέγεται,
3270 4296 3785 4388 ’Ᾰπαιδεύτότερον,

474 4416 627 4458 ιυυιη
686 4400 1061 4472 argumentum
1110 4403 1333 4459 stultum
1387 4392 1549 4473 atque
1601 4390 1839 4473 ineptum
1879 4418 2045 4473 appa-

2200 4402 2229 4461 ὖ
2259 4408 2385 4471 ἴσθι,
2415 4407 2476 4460 τὸ
2512 4409 2606 4460 ἀπ’
2645 4406 2820 4479 ἀρχῆς
2852 4407 3263 4478 γεγεννημένον
3313 4441 3333 4467 ,
3497 4410 3549 4462 εἰ
3588 4404 3657 4477 ἦν
3693 4400 3790 4473 πρὸ

473 4490 628 4547 reat?
655 4491 734 4545 Ae
777 4490 935 4545 velim
1004 4492 1135 4544 mihi
1191 4493 1293 4546 hoc
1340 4493 1503 4545 etiam
1554 4480 1780 4561 aenigma
1828 4496 2042 4548 solvas:

2202 4499 2266 4567 ἧς
2302 4499 2628 4570 γεννήσεως,
2748 4499 2849 4551 οὐκ
2874 4494 2963 4569 ἦν,
3003 4498 3434 4557 διευθύνεσθαι.
3475 4495 3647 4562 Οὗτος
3689 4494 3789 4567 γὰρ

471 4582 751 4638 Aderasne
792 4582 886 4634 tibi
932 4596 1053 4635 cum
1090 4581 1425 4649 gignereris?
1467 4576 1676 4635 Adesne
1706 4578 2046 4635 etiamnunc

2171 4590 2300 4658 περὶ
2326 4589 2433 4642 τῶν
2463 4589 2641 4660 χρόνῳ
2667 4588 2951 4659 διαιρετῶν
2972 4590 3011 4657 -ὁ
3027 4588 3225 4657 λόγος.
3718 4652 3722 4655 ἦ

476 4683 619 4738 tibi?
655 4681 737 4735 Att
781 4666 1031 4733 neutrum
1068 4677 1262 4729 borum
1290 4674 1313 4728 ‘2
1346 4672 1400 4727 Si
1433 4673 1576 4725 enim
1611 4671 1831 4735 aderas,
1865 4668 1920 4723 et
1953 4670 2103 4733 ades,
2184 4672 2433 4739 quisnam
2477 4671 2712 4731 tandem,
2771 4675 2826 4722 et
2873 4667 2995 4722 cui?
3030 4667 3095 4721 Et
3129 4668 3438 4733 quomodo
3492 4680 3640 4721 unus
3694 4663 3792 4717 duo

473 4779 699 4835 ell‘ectus
727 4780 823 4835 es?
855 4766 913 4834 Si
945 4784 1123 4832 autem
1153 4754 1402 4827 neutrum
1435 4754 1627 4822 borum
1667 4764 1783 4835 qua!
1820 4760 2074 4829 diximus,
2144 4763 2414 4835 quomodo
2446 4777 2474 4815 a
2524 4760 2697 4830 teipso
2727 4761 3093 4830 disjungeris?
3132 4762 3211 4815 Et
3236 4777 3375 4831 qum
3404 4760 3795 4839 disiunctionin

478 4856 708 4940 huiusce
735 4873 938 4926 causa?
976 4848 1080 4925 Sed
1135 4866 1374 4933 ineptum
1421 4870 1525 4927 est,
1591 4860 1827 4930 inquies,
1878 4854 2005 4912 cum
2058 4855 2125 4909 de
2207 4871 2319 4910 uno
2388 4853 2739 4920 diS|)U':lllll‘,
2791 4852 3002 4905 adsitne
3066 4852 3196 4916 sibi,
3253 4869 3471 4917 necne,
3532 4850 3793 4908 curiosius

477 4966 773 5034 inquirere.
812 4966 936 5019 llaec
968 4965 1112 5018 enim
1141 4962 1207 5017 de
1238 4961 1379 5021 aliis,
1435 4942 1542 5011 non
1573 4956 1637 5008 de
1672 4954 1847 5023 seipso
1897 4950 2170 5006 dicuntur.
2242 4948 2504 5016 Ineptius,
2542 4947 2672 4998 mhi
2706 4942 2888 5007 crede,
2918 4954 3017 5004 est,
3054 4946 3125 5007 id.
3196 4949 3366 5016 quod
3426 4965 3461 5003 a
3536 4944 3798 5017 principio

475 5071 617 5118 erat.
651 5070 830 5114 utrum
863 5066 986 5110 ante
1010 5049 1418 5125 generationem
1459 5058 1602 5113 erat,
1626 5063 1815 5116 necne,
1881 5047 1936 5099 in
1999 5043 2350 5115 quaestionem
2427 5055 2639 5093 vet-are.
2703 5037 2829 5091 Haec
2879 5037 3031 5090 enim
3088 5037 3420 5107 disputatio
3476 5040 3546 5093 iis
3590 5039 3795 5091 demunt

474 5154 747 5215 convenit,
776 5164 894 5219 qua:
922 5156 1158 5216 tempore
1190 5144 1354 5198 dividi
1378 5138 1624 5210 possunt.

545 5255 615 5308 At
649 5250 819 5310 enim,
874 5243 1145 5312 inquiunt,
1186 5257 1290 5293 non
1342 5224 1484 5292 idem
1533 5245 1659 5290 sunt
1697 5235 1935 5306 genitum
1998 5242 2053 5285 et
2103 5224 2135 5277 Π

2263 5228 2406 5280 amr
2437 5227 2497 5278 ού
2531 5223 2748 5284 ταυτὸν,
2792 5224 2947 5299 φησὶ,
2981 5223 3041 5274 τὸ
3083 5224 3426 5295 ἀγέννητον
3462 5227 3566 5279 καὶ
3592 5227 3653 5278 τὸ
3690 5238 3801 5287 γεν-

474 5343 820 5412 ingenitum;
879 5351 942 5390 ac
1004 5332 1254 5403 proinde,
1325 5345 1424 5383 nec
1480 5328 1653 5381 Filius
1717 5343 1839 5381 cum
1890 5325 2051 5378 Patre

2210 5320 2355 5390 ητόν.
2388 5318 2448 5370 Ei
2476 5315 2534 5368 δὲ
2582 5314 2762 5379 τοῦτο,
2793 5314 2914 5367 οὐδὲ
2954 5317 2981 5367 ὁ
3021 5315 3148 5376 Υἱὸς
3210 5318 3303 5387 τῷ
3352 5320 3546 5391 Πατρὶ
3592 5316 3800 5372 ταυτὸν.

475 5398 620 5489 idem
654 5442 759 5487 est.
798 5398 939 5496 Quid
969 5398 1109 5494 opus
1163 5432 1246 5477 est
1301 5421 1504 5483 dicere,
1575 5420 1677 5473 hoc
1729 5426 2050 5487 argumento

2215 5414 2301 5461 υτι
2334 5408 2438 5477 ’μὲν
2486 5407 2738 5477 φανερῶς
2770 5408 2798 5460 ὁ
2844 5406 3001 5473 λόγος
3033 5398 3200 5466 οὗτος
3237 5410 3526 5463 ἐκϐάλλει
3558 5410 3653 5462 τὸν
3684 5407 3805 5460 Υιδν

478 5526 563 5578 τοι
592 5525 812 5576 Patrem
863 5520 947 5575 vel
987 5516 1186 5581 Filium
1217 5531 1245 5567 a
1285 5511 1567 5565 divinitate
1601 5510 1887 5563 manifeste
1921 5506 2049 5559 sub-

2218 5500 2267 5568 ἧς
2302 5498 2580 5568 θεότητος,
2618 5500 2651 5570 ἦ
2686 5499 2778 5552 τὸν
2813 5499 3055 5568 Πατέρα,
3088 5497 3143 5548 τί
3178 5499 3307 5571 χρὴ
3338 5501 3580 5571 λέγειν;
3612 5500 3679 5554 Εἰ
3706 5497 3808 5565 γὰρ

478 5614 734 5667 moveri?
766 5610 823 5665 Si
848 5611 993 5665 enim
1030 5607 1334 5677 ingenitum
1369 5601 1608 5657 essentia
1650 5599 1741 5654 Dei
1767 5607 1870 5662 est,
1921 5612 2047 5665 ptu-

2211 5590 2232 5643 ὸ
2274 5592 2571 5661 ἀγέννητον
2614 5592 2770 5645 οὐσία
2815 5590 2975 5657 Θεοῦ,
3004 5590 3061 5644 τὸ
3109 5598 3417 5663 γεννητὸν
3464 5594 3574 5647 οὐκ
3605 5590 3801 5645 ούσιαο

563 5813 606 5842 ⁸⁸
642 5811 806 5866 Hebr.
839 5826 935 5876 vtt,
982 5812 1044 5866 ιο
1075 5828 1195 5880 sqq.
