4102 6298
393 382 506 444 565

1300 381 1681 443 PANOi’LlA
1724 379 2190 444 DOGMATICA.
2229 405 2300 420 —
2329 383 2484 444 TIT.
2519 385 2652 446 VII.

3417 337 3424 340 ί
3509 387 3618 448 566

389 497 441 548 εί
464 495 521 548 δὲ
556 492 714 550 τοῦτο
728 495 828 550 οὐκ
851 495 1051 550 ἐκεῖνο.
1067 493 1164 556 Τίς
1191 492 1409 562 ἀντερεῖ
1427 491 1616 559 λόγος;
1649 491 1800 544 Ἐλοῦ
1831 491 1940 545 τοί-
1968 545 1972 556 η

2071 501 2188 546 εειο
2221 494 2460 561 genitum
2497 496 2734 552 essentia
2771 514 2885 554 non
2915 499 3021 560 erit
3064 515 3078 553 :
3117 507 3214 553 aut
3250 497 3296 552 si
3330 497 3460 565 hoc,
3496 515 3626 568 pro-

387 604 484 639 vuv
510 586 617 639 τῶν
649 585 914 640 ἀσεϐειῶν
934 587 1200 656 ὁποτέραν
1235 586 1434 657 βούλει,
1468 579 1514 638 ὧ
1535 583 1688 637 καινὲ
1715 580 1826 650 (80)
1857 582 1970 634 θεο-

394 675 542 743 λόγε,
599 675 759 746 εἴπερ
809 677 1026 732 ἀσεϐεῖν
1067 680 1282 740 πάντως
1320 676 1679 736 ἐσπούδακας.
1715 674 1961 734 Ἔπειτα,

396 765 514 828 πῶς
544 766 606 818 οὐ
636 766 828 821 ταυτὸν
861 767 1040 834 λέγεις
1211 767 1274 820 τὸ
1300 766 1593 834 ἀγέννητον
1633 761 1727 818 καὶ¹
1756 760 1815 813 τὸ
1846 776 1968 826 γεν-

394 856 589 925 νητόν;
617 857 679 909 Ei
707 857 804 926 μὲν
834 857 896 910 τὸ
925 858 1001 929 μὴ
1032 856 1364 927 ὲκτισμένον,
1398 855 1491 908 καὶ
1519 850 1855 922 έκτισμένον,
1881 849 1970 900 κά-

395 945 478 1014 ’ίὼ
508 947 766 1016 δέχομαι·
798 949 860 1001 οὐ
890 949 997 1019 γὰρ
1027 949 1228 1006 ταυτὸν,
1251 951 1318 1019 τῇ
1353 947 1510 1016 φύσει
1537 944 1597 996 τὸ
1620 943 1851 1012 ἄναρχον
1879 940 1970 992 καὶ

395 1037 456 1089 τὸ
485 1037 819 1107 κτιςόμενον.
846 1040 908 1092 Εἰ
941 1040 996 1093 δὲ
1034 1040 1097 1092 τὸ
1122 1038 1468 1109 γεγεννηκὸς,
1499 1036 1592 1090 καὶ
1616 1034 1676 1089 τὸ
1712 1048 1970 1101 γεγεννη-

401 1126 582 1196 μένον,
620 1127 680 1179 οὐ
706 1127 900 1181 ταυτὸν
941 1128 1140 1196 λέγεις,
1170 1129 1270 1182 οὐκ
1294 1125 1470 1198 ὀρθῶς
1497 1123 1736 1202 λέγεταιἶ
1765 1117 1970 1172 Ταυτδν

397 1216 506 1286 γάρ
529 1211 668 1269 εἶναι
697 1219 845 1270 πᾶσα
877 1219 1088 1289 ἀνάγκη
1109 1235 1122 1248 ⁸
1158 1217 1298 1288 αὕτη
1323 1218 1432 1286 γὰρ
1465 1215 1625 1286 φύσις
1652 1211 1971 1281 γεννήτορος

397 1307 492 1358 καὶ
524 1307 860 1377 γεννήματος
907 1345 922 1370 ,
1005 1290 1008 1292 ⁷
1074 1306 1268 1362 ταυτὸν
1307 1302 1444 1359 εἶναι
1505 1301 1583 1373 τῷ
1623 1297 1970 1369 γεγεννηκότι

397 1395 538 1448 κατὰ
580 1395 678 1466 τὴν
724 1396 886 1466 φύσιν
931 1395 991 1448 τδ
1037 1397 1302 1467 γέννημα.
1499 1394 1569 1447 Ἢ
1601 1391 1743 1445 οὓτω
1775 1386 1968 1442 πάλιν

395 1485 522 1548 Πῶς
569 1486 746 1554 λέγεις
798 1488 859 1540 τὸ
905 1488 1198 1558 ἀγέννητον
1242 1486 1428 1540 καὶτὸ
1458 1481 1745 1555 γεννητόν;
1775 1480 1838 1532 Εἰ
1876 1478 1972 1550 μὲν

397 1576 508 1646 γὰρ
614 1599 620 1604 ·
687 1577 787 1649 τὴν
810 1578 1136 1649 ὰγεννησίαν
1167 1578 1334 1649 αὐτὴν
1365 1579 1459 1631 καὶ
1486 1575 1582 1647 τὴν
1610 1573 1882 1642 γέννησιν,
1909 1567 1970 1622 οὺ

393 1670 592 1722 ταυτόν
640 1679 656 1694 ⁹
813 1671 862 1722 ει
900 1670 957 1725 δὲ
995 1667 1078 1734 οἷς
1105 1670 1340 1741 ὑπάρχει
1383 1667 1575 1733 ταῦτα,
1607 1664 1720 1726 πῶς
1755 1663 1815 1715 οὑ
1844 1677 1974 1714 ταυ-

395 1758 519 1817 τόν;
561 1760 711 1813 Ἐπεὶ
736 1763 830 1816 καὶ
861 1762 921 1816 τὸ
947 1763 1168 1830 ἄσοφον,
1193 1747 1285 1816 καὶ
1306 1761 1366 1814 τὸ
1395 1758 1578 1826 σοφὸν,
1603 1753 1851 1823 ἀλλήλοις
1875 1751 1972 1822 μὲν

2062 583 2161 637 cui
2195 585 2356 639 dubio
2391 601 2496 640 non
2534 587 2684 642 illud.
2713 586 2843 651 Quis
2871 588 3014 642 enim
3047 598 3132 640 est
3171 587 3260 653 qui
3293 596 3622 656 contrar-auut

2062 673 2382 742 disputando
2441 678 2580 732 tueri
2636 677 2842 748 queat?
2897 677 3295 742 Quamobrem,
3349 686 3524 738 utram
3597 689 3628 726 e

2062 762 2272 820 duabus
2305 767 2666 835 impietatihus
2703 769 2881 832 malis,
2907 769 3067 835 elige,
3095 783 3127 820 ο
3172 783 3308 822 nove
3358 766 3626 834 Iheoioge,
3679 760 3682 764 ’

2062 855 2323 922 siquidem
2368 856 2585 924 impiam
2627 859 2927 912 doctrinam
2977 857 3196 912 omnino
3251 856 3497 922 amplecti
3537 857 3628 908 tibi

2064 946 2392 1011 propositum
2419 955 2518 1000 est.
2557 944 2777 1010 Deinde,
2810 945 3077 1013 quomodo
3115 945 3408 1010 ingenitum
3444 954 3495 996 et
3542 958 3634 1010 ge-

2064 1035 2230 1087 nitum
2269 1051 2372 1090 non
2410 1037 2545 1090 idem
2576 1051 2696 1092 esse
2730 1037 2902 1091 dicis?
2937 1036 2990 1090 Si
3037 1050 3130 1104 per
3161 1037 3273 1088 haec
3300 1034 3463 1088 verba
3495 1033 3629 1095 nihil

2065 1127 2205 1190 aliud
2255 1128 2530 1200 intelligis,
2562 1145 2720 1198 quam
2767 1131 2818 1182 id
2845 1130 2987 1198 quod
3039 1130 3335 1182 iuereatum
3380 1135 3435 1180 ct
3484 1125 3635 1195 quod

2066 1228 2344 1284 creatum,
2397 1220 2449 1273 in
2500 1220 2685 1274 cadam
2735 1220 2846 1286 ipse
2901 1235 3116 1288 quoque
3169 1232 3288 1274 sum
3342 1216 3630 1268 sententia.

2067 1305 2250 1377 Neque
2284 1311 2424 1366 enim
2457 1321 2644 1365 natura
2678 1312 2818 1365 idem
2860 1320 2944 1365 est
2989 1308 3430 1380 quod-principio
3465 1316 3633 1371 caret,

2067 1409 2121 1452 et
2151 1400 2296 1469 quod
2329 1412 2665 1471 procreatum
2689 1412 2792 1456 εει.
2826 1402 2922 1455 Sin
2954 1410 3128 1454 autem
3165 1399 3251 1456 his
3278 1399 3456 1452 verbis
3485 1413 3631 1460 eum,

2067 1490 2158 1562 qui
2194 1492 2398 1562 genuit,
2436 1501 2490 1547 et
2519 1508 2663 1555 eum,
2697 1494 2786 1562 qui
2819 1494 3030 1568 genitus
3058 1501 3162 1554 est,
3198 1489 3422 1558 accipis,
3455 1490 3627 1543 hami-

2066 1595 2336 1652 quaquam
2407 1594 2552 1638 recte
2625 1585 2676 1638 id
2727 1587 2824 1640 abs
2889 1593 2972 1656 te,
3014 1584 3230 1637 dicitur.
3302 1580 3648 1640 [demetunt

2067 1671 2288 1724 omnino
2313 1686 2433 1726 esse
2477 1687 2699 1728 necesse
2740 1683 2840 1730 est.
2874 1673 2996 1727 llaec
3023 1674 3218 1742 quippe
3249 1672 3410 1744 geniti
3447 1682 3661 1748 natura~

2067 1772 2169 1828 est,
2205 1775 2262 1816 ut
2305 1765 2469 1829 idem,
2512 1767 2555 1819 si
2589 1774 2835 1822 naturam
2879 1776 3109 1833 Spectes,
3151 1766 3222 1818 sit
3271 1781 3393 1820 cum
3429 1778 3494 1817 eo
3541 1763 3631 1832 qui

393 1848 458 1900 οὐ
487 1849 684 1914 ταυτά,
714 1853 842 1921 περὶ⁵
869 1823 1073 1912 ταυτὸν⁷
1096 1853 1152 1906 δὲ
1183 1852 1274 1906 τὸν
1295 1823 1578 1920 ἄνθρωπον
1597 1864 1611 1879 ο
1642 1845 1736 1900 καὶ
1765 1843 1864 1898 οὐκ
1885 1841 1972 1895 οὐ·

2071 1855 2270 1922 genuit.
2299 1853 2394 1908 Vel
2431 1855 2498 1912 ad
2536 1857 2676 1912 hunc
2718 1872 2908 1916 rursus
2944 1857 3158 1910 modum
3204 1869 3468 1922 agamus:
3499 1853 3641 1919 Quid

391 1935 516 1999 σίας
539 1936 750 2008 τέμνει,
782 1941 909 2010 περὶ
954 1939 1011 1992 δὲ
1037 1941 1136 2008 τὴν
1169 1939 1337 2009 αὐτὴν
1366 1937 1552 1991 οὐσίαν
1581 1935 1861 2004 τέμνεται.
1902 1931 1974 1984 Ἢ

396 2027 492 2078 καὶ
525 2026 586 2079 τὸ
617 2027 902 2093 ἀθάνατον,
929 2029 1024 2092 κα).
1057 2029 1116 2081 τὸ
1145 2028 1372 2092 ἄκακον,
1406 2027 1500 2079 καὶ
1529 2023 1590 2078 τὸ
1619 2021 1973 2076 ἀναλλοίωτον

390 2116 554 2169 οὐσία
588 2117 724 2170 Θεοῦ
751 2135 765 2184 ;
814 2119 954 2171 Ἀλλ’
983 2121 1031 2172 εί
1053 2118 1232 2181 τοῦτο,
1263 2117 1456 2170 πολλαὶ
1481 2115 1660 2168 οὐσίαι
1683 2112 1840 2174 Θεοῦ,
1879 2108 1975 2164 καὶ

391 2209 456 2261 οὐ
484 2209 610 2278 μία·
639 2209 671 2280 ἦ
705 2210 956 2264 σύνθετον
984 2212 1048 2264 ὲκ
1079 2211 1285 2264 τούτων
1309 2209 1371 2263 τὸ
1390 2210 1563 2263 Θεῖον·
1595 2206 1656 2260 οὺ
1681 2204 1789 2274 γὰρ
1811 2205 1977 2258 ἀσυν-

395 2297 567 2362 θέτως
595 2298 786 2358 ταῦτα.
815 2301 975 2370 εἰπερ
1006 2301 1206 2356 οὐσίαι.

394 2387 543 2439 circa
619 2390 868 2441 eumdem
913 2387 1186 2442 hominem
1251 2387 1714 2442 considerantur:

2071 1956 2166 2012 per
2205 1943 2496 2014 ingenitum
2547 1960 2609 1998 ac
2641 1945 2878 2014 genitum
2912 1941 3203 2010 intelligis?
3251 1941 3306 1994 Si
3349 1929 3523 2008 ipsam
3557 1939 3642 1992 in-

2067 2034 2234 2100 geniti
2268 2042 2322 2087 et
2351 2035 2514 2102 geniti
2548 2037 2960 2103 proprietatem,
3008 2049 3112 2086 non
3158 2032 3299 2084 idem
3333 2039 3482 2083 sunt.
3536 2028 3633 2081 Sin

2071 2136 2249 2181 autem
2283 2141 2364 2192 ea,
2397 2127 2592 2195 quibus
2637 2129 2748 2184 haec
2781 2127 2982 2188 insunt,
3012 2124 3139 2194 quid
3177 2131 3320 2174 vetat
3350 2119 3638 2198 quominus

2073 2215 2212 2268 idem
2257 2215 2396 2270 sint?
2443 2216 2886 2285 Quandoquidem
2941 2214 3083 2282 quod
3127 2212 3386 2282 insipiens
3423 2220 3534 2291 est,
3585 2217 3642 2262 et

2072 2306 2310 2373 sapiens,
2359 2308 2496 2360 inter
2542 2322 2599 2364 se
2640 2307 2853 2375 quidem
2907 2319 3010 2357 nou
3062 2303 3198 2355 idem
3247 2311 3406 2365 sunt;
3455 2314 3638 2350 verum

1788 2398 1886 2438 nec
1939 2385 2270 2439 substantias
2317 2387 2591 2450 scindunt,
2663 2387 2759 2439 sed
2804 2383 2945 2439 circa
2997 2382 3240 2436 eamdem
3286 2377 3644 2435 substantiam

389 2477 732 2532 scinduntur.
764 2477 941 2546 Quid?
971 2481 1052 2534 An
1115 2479 1278 2534 etiam
1317 2481 1716 2548 immortalitas,
1781 2489 1835 2532 et
1878 2479 2210 2542 innocentia,
2249 2486 2304 2532 et
2356 2477 2784 2543 imumtahilitas,
2857 2477 3089 2530 essentia
3161 2474 3252 2527 Dei
3296 2470 3461 2524 sunt?
3497 2469 3566 2522 At
3593 2469 3638 2520 si

391 2572 467 2625 ita
511 2577 624 2634 est,
665 2569 842 2622 multae
893 2569 984 2622 Dei
1031 2570 1282 2624 essentize
1318 2576 1497 2632 erunt,
1567 2585 1673 2624 non
1725 2583 1878 2624 una:
1942 2576 2032 2619 ant
2072 2574 2220 2619 certe
2262 2565 2591 2634 compositus
2648 2580 2713 2618 ex
2766 2563 2852 2618 bis
2894 2562 3032 2618 Deus
3078 2572 3200 2616 erit.
3261 2559 3444 2626 Neque
3495 2557 3642 2609 enim

389 2663 508 2717 haec
551 2663 684 2717 citra
743 2662 1188 2732 compositionem
1235 2677 1359 2718 esse
1417 2673 1655 2730 queunt,
1701 2662 1746 2716 si
1800 2661 1957 2715 modo
1993 2661 2239 2716 essentia
2268 2669 2408 2712 sunt.

621 2744 804 2798 Ταῦτα
865 2747 964 2816 μὲν
1022 2747 1082 2801 οῦ
1143 2765 1308 2818 φασι·
1365 2751 1520 2804 κοινὰ
1585 2752 1694 2822 γὰρ
1746 2752 1840 2807 καλ⁸
1893 2753 1987 2808 ἄλ-

396 2833 530 2888 λων.
712 2839 778 2892 Ὀ
817 2838 872 2891 δὲ
919 2839 1084 2909 μόνου
1121 2841 1256 2894 Θεοῦ
1290 2843 1384 2896 καὶ
1425 2843 1575 2909 ἴδιον,
1609 2842 1765 2896 τοῦτο
1805 2843 1981 2899 οὐσία.

396 2932 515 2985 Οὐκ
532 2931 597 2984 ἂν
623 2931 719 3002 μὲν
741 2932 1154 3006 συγχωρήσαιεν
1172 2930 1307 2990 εἶναι
1331 2934 1491 3006 μόνου
1516 2934 1650 2987 Θεοῦ
1675 2935 1735 2988 τὸ
1751 2936 1980 3006 ἀγέννη-

394 3039 509 3088 τον,
539 3025 587 3075 οί
617 3041 708 3076 και
730 3037 826 3094 την
856 3020 986 3094 ὕλην
1058 3003 1068 3013 ’
1147 3025 1241 3077 καὶ
1263 3003 1360 3094 τὴν
1385 3025 1524 3084 ἰδέαν
1547 3003 1978 3092 συνεισάγοντες,

394 3113 473 3176 ὡς
498 3114 786 3185 ἀγέννητα.
811 3114 882 3168 Τὸ
901 3115 1007 3186 γὰρ
1045 3115 1360 3186 Μανιχαίων
1381 3126 1710 3190 πορρωτέρω
1736 3116 1979 3188 ῥίψωμεν

404 3205 619 3268 σκότος.

397 3294 463 3345 οὐ
495 3295 654 3363 μόνος
687 3294 914 3366 πλάσμα
941 3295 1108 3363 Θεοῦς
1138 3298 1249 3349 Καὶ
1275 3298 1434 3363 πάνυ,
1470 3299 1682 3370 φήσεις.
1729 3294 1854 3370 *Αρ’
1886 3294 1977 3352 οῦν

395 3384 492 3436 καὶ
541 3385 700 3452 μόνος
759 3385 1075 3457 άνθρωπος;
1123 3388 1407 3459 Οὐδαμῶς.
1458 3389 1523 3443 Τί
1568 3390 1630 3460 δή
1662 3406 1826 3455 ποτε;
1853 3391 1977 3444 Ὀτι

398 3475 477 3546 μὴ
501 3475 854 3548 ἀνθρωπότης
1024 3479 1060 3548 ἡ
1090 3479 1288 3542 πλάσις
1312 3494 1325 3508 ’
1359 3479 1578 3549 καὶγὰρ
1609 3480 1670 3532 τὸ
1697 3480 1974 3553 γεννηθὲν,

395 3565 700 3636 ἄνθρωπος.
733 3567 920 3631 Οὕτως
950 3569 1071 3622 οὐδὲ
1109 3569 1172 3622 τὸ
1205 3565 1495 3641 ἀγέννητον
1536 3570 1695 3642 μόνον
1727 3570 1879 3635 Θεὸς,
1926 3573 1976 3625 εί

397 3657 493 3708 καὶ
522 3657 684 3725 μόνου
709 3657 944 3729 Πατρός.
992 3658 1155 3712 Ἀλλὰ
1173 3658 1320 3726 δέξαι
1350 3661 1442 3713 καὶ
1468 3659 1529 3713 τδ
1555 3659 1813 3731 γεννητὸν
1837 3653 1974 3714 εἶναι

392 3748 564 3800 Θεόνο
599 3750 663 3801 ὲκ
711 3748 848 3802 Θεοῦ
893 3749 1024 3820 γάρ,
1075 3750 1125 3802 εί
1161 3749 1257 3802 καὶ
1298 3749 1418 3803 λίαν
1467 3745 1520 3803 si
1564 3749 1970 3820 φιλαγέννητος.

398 3841 652 3904 Ἔπειτα,
692 3841 809 3904 πῶς
844 3840 1031 3893 οὐσίαν
1065 3840 1199 3894 Θεοῦ
1237 3841 1437 3909 λέγεις,
1473 3843 1534 3896 οὐ
1581 3842 1679 3912 τὴν
1703 3841 1798 3894 τοῦ
1824 3841 1975 3906 ὄντος

393 3932 564 3996 θέσιν,
603 3931 739 3986 ἀλλὰ
759 3933 860 4004 τὴν
889 3932 984 3986 τοῦ
1023 3933 1096 4006 μὴ
1116 3933 1267 3996 ὄντος
1294 3933 1614 4002 ἀναίρεσιν;
1653 3933 1726 3986 Τὸ
1761 3932 1867 4002 γὰρ
1899 3931 1972 4004 μὴ

385 4020 662 4091 ’ὑπάρχειν
693 4021 844 4092 αὐτῷ
869 4021 1144 4093 γέννησιν,
1195 4023 1225 4075 ό
1267 4021 1423 4090 λόγος
1458 4019 1627 4092 δηλοῖ,
1656 4022 1753 4092 οὐχ
1791 4021 1821 4074 ὃ
1874 4022 1973 4092 τὴν

391 4111 558 4178 φύσιν
611 4113 728 4164 ἐστὶ
768 4113 1118 4184 παρίστησιν,
1164 4113 1280 4174 οὐδ’
1325 4112 1354 4165 ὃ
1393 4112 1626 4183 ὑπάρχει
1806 4111 1970 4183 τδμῆ

389 4203 517 4272 ἔχον
547 4202 816 4274 γέννησιν.
849 4205 946 4268 Τίς
966 4201 1058 4258 οὖν
1089 4204 1244 4258 οὐσία
1268 4202 1434 4268 Θεοῦ;
1464 4203 1574 4274 Τῆς
1601 4203 1699 4273 σῆς
1718 4203 1972 4268 ἀπονοίας

388 4292 552 4346 τοῦτο
589 4294 794 4364 λέγειν,
828 4295 888 4360 ὃς
922 4295 1398 4369 πολυπραγμονεῖς
1427 4295 1522 4349 καὶ
1555 4295 1654 4365 τὴν
1688 4295 1966 4365 γέννησιν·

390 4386 525 4456 ἡμῖν
564 4386 620 4438 δὲ
653 4387 814 4458 μέγα,
860 4387 962 4442 κάν
1123 4388 1306 4442 είποτε
1341 4388 1435 4444 καὶ
1479 4389 1561 4450 είς
1743 4385 1963 4459 ὕστερον

387 4476 551 4530 τοῦτο
573 4479 856 4550 μάθοιμεν,
887 4479 1134 4542 λυθέντος
1159 4481 1290 4550 ἡμῖν
1312 4477 1402 4532 τοῦ
1438 4479 1602 4549 ζόφου
1625 4478 1719 4532 καὶ
1741 4477 1838 4550 τῆς
1871 4496 1967 4531 πα-

389 4565 642 4640 χύτητος,
692 4571 768 4638 ᾡς
803 4573 836 4640 ἡ
876 4569 968 4623 τοῦ

391 4659 495 4720 μὲν
522 4657 614 4712 οὖν
655 4661 748 4712 καὶ
776 4661 1020 4726 νοείσθω,
1057 4663 1151 4715 καὶ
1183 4660 1485 4726 έλπιζέσθω
1523 4665 1635 4724 τοῖς
1666 4659 1759 4713 ἐπὶ
1792 4660 1964 4732 τούτῳ

2077 4677 2291 4736 quoque
2339 4662 2506 4732 ipsam
2557 4662 2712 4714 anxie
2770 4661 3125 4728 perscrutaris

379 4741 826 4814 καθαιρομένοις.
865 4744 1056 4814 Ἡμεῖς
1092 4744 1151 4797 δὲ
1185 4744 1439 4799 τοσοῦτον
1478 4745 1654 4799 εἰπεῖν
1684 4745 1972 4818 θαρρήσω-

383 4853 489 4909 μεν
535 4876 550 4900 ,
709 4835 792 4889 ὅτι
827 4835 875 4888 εί
917 4836 1012 4894 καὶ
1050 4834 1192 4906 μέγα
1217 4835 1295 4907 τῷ
1327 4837 1525 4908 Πατρὶ,
1558 4835 1620 4890 τὸ
1659 4836 1972 4909 μηδαμόθεν

379 4927 694 5000 ὡρμῆσθαι,
730 4927 832 4982 οὑκ
868 4926 1086 4981 ἔλαττον
1113 4928 1191 4999 τῷ
1217 4928 1351 4998 Υίῷ,
1378 4929 1438 4983 τὸ
1471 4930 1536 4984 ὲκ
1574 4928 1818 4984 τοιούτου
1859 4931 1974 4983 Πα-

380 5017 532 5090 τρός.
565 5019 677 5092 Τῇς
707 5035 768 5072 τε
802 5016 911 5089 γὰρ
938 5017 1030 5071 τοῦ
1060 5017 1302 5074 ἀναιτίου
1331 5017 1490 5090 δόξης
1526 5017 1742 5089 μετέχοι
1778 5017 1866 5084 ἂν,
1893 5019 1974 5072 ὅτι

382 5112 450 5161 ἐκ
498 5107 587 5161 τοῦ
643 5109 909 5174 ἀναιτίου,
971 5109 1069 5168 καὶ
1117 5109 1378 5179 πρόσεστι
1429 5109 1491 5162 τὸ
1535 5109 1637 5179 τῆς
1667 5110 1977 5181 γεννήσεως

383 5201 620 5271 πρᾶγμα
660 5198 934 5265 τοσοῦτον,
990 5201 1085 5254 καὶ
1138 5201 1281 5256 οὕτω
1345 5200 1641 5272 σεϐάσμιον
1859 5203 1974 5266 τοῖς

387 5290 468 5361 μὴ
527 5290 702 5362 πάντη
762 5292 1130 5363 χαμαιπετέσι
1339 5293 1435 5346 καὶ
1470 5292 1675 5356 ὑλικοτς
1710 5291 1811 5364 τὴν
1859 5292 1976 5345 διά-

386 5397 558 5435 νοιαν.

791 3205 936 3275 Πλὴν
966 3204 1105 3259 έστω
1141 3207 1304 3277 μόνου
1339 3208 1496 3266 Θεοῦ.
1529 3209 1593 3260 Τί
1622 3208 1676 3261 δὲ
1709 3210 1736 3261 ὁ
1771 3207 1976 3278 Ἀδάμ;
2005 3249 2046 3305 C

2273 2745 2396 2802 Ha-c
2431 2748 2645 2817 quidem
2681 2750 2821 2803 haud
2845 2749 3052 2804 dicunt.
3085 2751 3399 2806 Communia
3449 2753 3649 2823 quippe

2077 2839 2303 2893 aliorum
2345 2854 2557 2910 quoque
2578 2850 2724 2895 sunt.
2768 2840 2918 2908 Quod
2969 2851 3145 2895 autem
3193 2843 3357 2897 solius
3391 2844 3482 2897 Dei
3538 2857 3642 2914 est,

2079 2930 2290 3000 ipsique
2328 2931 2542 3008 proprie
2779 2933 3048 2999 convenit,
3113 2933 3217 2988 hoc
3260 2935 3356 3005 ipsi
3406 2938 3640 2992 essentia

2074 3030 2179 3076 est.
2215 3021 2378 3086 Atqui
2432 3021 2597 3076 solius
2647 3021 2738 3075 Dei
2787 3022 3078 3089 ingenitum
3134 3038 3274 3088 esse,
3309 3026 3528 3081 minime
3566 3026 3639 3080 illi

2075 3111 2465 3176 concesserint,
2519 3112 2610 3180 qui
2645 3113 2920 3165 materiam
2953 3129 3166 3181 quoque
3219 3124 3273 3168 et
3303 3114 3551 3181 formant,
3584 3124 3642 3171 ut

2076 3197 2366 3269 ingenitas,
2392 3199 2738 3252 induxerunt.
2771 3199 3187 3254 Manichworum
3217 3203 3358 3256 enim
3398 3207 3647 3260 tenebras

2075 3291 2286 3360 longius
2311 3290 2487 3343 adhuc
2539 3291 2905 3359 projiciamus.
2939 3291 3043 3344 Sed
3079 3293 3148 3346 sit
3194 3309 3324 3348 sane
3358 3295 3524 3349 solius
3555 3297 3647 3351 Dei

2077 3382 2394 3452 ingenitum.
2445 3382 2582 3447 Quid
2609 3382 2824 3436 Adam?
2855 3382 3046 3436 Nonne
3077 3385 3222 3439 solus
3251 3401 3280 3437 a
3313 3385 3420 3439 Deo
3442 3385 3651 3443 efﬁctus

2075 3473 2200 3530 est?
2247 3472 2498 3538 Maxime,
2563 3472 2792 3541 inquies.
2833 3472 3022 3528 Utrum
3068 3491 3198 3542 ergo
3247 3476 3393 3532 solus
3436 3493 3651 3546 quoque

2077 3563 2282 3629 homo?
2328 3564 2562 3618 Minime.
2617 3563 2843 3630 Quare?
2903 3565 3035 3630 Quia
3087 3565 3286 3622 eﬂictio
3342 3569 3652 3626 humanitas

2077 3672 2182 3711 non
2212 3665 2314 3710 est.
2345 3655 2479 3709 Nam
2509 3655 2555 3710 is
2581 3669 2814 3724 quoque,
2865 3655 2956 3724 qui
3001 3658 3314 3726 progenitus
3343 3667 3447 3724 est,
3489 3660 3651 3715 homo

2076 3757 2181 3804 est.
2235 3747 2434 3801 Eodem
2469 3747 2627 3800 modo
2673 3761 2772 3801 nec
2807 3747 3100 3817 ingenitum
3145 3749 3318 3803 solum
3351 3751 3490 3807 Deus
3545 3762 3649 3818 est,

2075 3839 2176 3894 etsi
2229 3836 2394 3892 solius
2432 3835 2628 3892 Patris.
2669 3837 2862 3891 Verum
2910 3837 3132 3892 admitte
3190 3841 3350 3893 etiam
3406 3856 3527 3896 eum
3557 3844 3651 3911 qui

2077 3929 2289 3998 genitus
2317 3936 2419 3993 εει,
2453 3927 2618 3982 Deum
2653 3940 2790 3982 esse.
2851 3927 2924 3980 Ex
2959 3929 3066 3983 Deo
3093 3929 3289 3998 quippe
3316 3940 3419 3997 est,
3462 3948 3654 3997 quam-

2075 4022 2210 4079 libet
2238 4029 2292 4074 tu
2314 4020 2552 4094 ingenito
2573 4019 2771 4072 faveas.
2803 4020 2883 4073 Ad
2904 4019 3018 4074 haec
3045 4022 3313 4090 quomodo
3345 4023 3436 4078 Dei
3466 4038 3651 4079 essen-

2077 4113 2207 4175 tiam
2263 4110 2420 4174 dicis,
2464 4122 2568 4163 non
2604 4105 2742 4176 ejus,
2798 4107 2938 4176 quod
2998 4117 3101 4172 est,
3151 4110 3492 4176 positionem,
3553 4115 3650 4172 sed

2075 4201 2214 4270 ejus,
2246 4201 2386 4270 quod
2412 4215 2518 4253 non
2550 4207 2632 4253 est
2655 4197 3084 4252 detractionem?
3119 4197 3231 4254 Vox
3248 4201 3390 4255 enim
3419 4203 3648 4278 ingeniti

2078 4294 2366 4363 signiﬁcat,
2389 4307 2511 4348 eum
2542 4291 2756 4360 quidem
2783 4293 3150 4362 generationis
3198 4305 3476 4363 expertem
3504 4313 3646 4366 esse,

2075 4371 2183 4438 non
2220 4391 2401 4437 autem
2441 4379 2678 4435 declarat
2699 4380 2952 4448 quidnam
2979 4391 3168 4438 natura
3199 4397 3294 4438 sua
3328 4385 3397 4438 sit
3427 4385 3480 4439 id
3505 4391 3648 4454 quod

2078 4481 2424 4548 generatione
2458 4487 2628 4532 caret.
2664 4476 2917 4542 Quaenam
2970 4492 3096 4548 ergo
3127 4486 3210 4533 εει
3241 4478 3335 4533 Dei
3376 4479 3648 4534 essentia?

1144 4567 1408 4639 ἀψευδοῦς
1439 4570 1746 4639 ὑπόσχεσις.
1797 4568 1967 4622 Τοῦτο

2071 4567 2206 4624 Tua:
2251 4579 2334 4625 est
2381 4570 2662 4624 dementiae
2698 4570 2801 4623 hoc
2844 4569 3048 4634 dicere,
3096 4571 3184 4640 qui
3245 4571 3642 4648 generationem

3190 4677 3204 4713 :
3257 4661 3410 4712 nobis
3463 4670 3644 4713 autem

2073 4749 2284 4808 abunde
2312 4764 2561 4821 magnum
2586 4756 2749 4816 atque
2777 4747 3009 4814 amplum
3035 4745 3214 4806 fuerit,
3235 4743 3280 4797 si
3300 4744 3351 4795 in
3379 4750 3650 4812 posterum

2070 4855 2283 4909 quoque
2317 4841 2609 4902 discamus,
2667 4837 2839 4891 soluta
2890 4837 3140 4890 videlicet
3187 4833 3289 4888 hac
3340 4832 3568 4901 caligine
3596 4839 3654 4886 et

2071 4934 2319 4988 crassitie
2351 4933 2366 4963 ¹
2402 4969 2418 4996 ,
2453 4941 2512 4985 ιιι
2543 4929 2815 5005 pollicitus
2847 4935 2934 4982 est
2961 4927 3026 4994 is,
3056 4925 3144 5000 qui
3174 4940 3275 4979 non
3307 4923 3563 4976 mentitur
3606 4922 3650 4976 ².

2064 5021 2212 5092 Ergo
2243 5022 2346 5075 hoc
2383 5023 2450 5074 ab
2489 5021 2594 5085 his,
2631 5018 2724 5089 qui
2752 5017 2819 5082 ad
2843 5032 2961 5074 eam
3002 5031 3113 5072 rem
3147 5030 3266 5086 sese
3305 5021 3652 5088 perpurgant,

2072 5116 2366 5182 c0gitetur,
2413 5126 2477 5166 ac
2504 5119 2782 5180 speretur.
2814 5107 2923 5164 Nos
2952 5119 3130 5162 autem
3161 5107 3262 5162 hoc
3291 5107 3554 5160 duntaxat
3573 5102 3656 5156 dii

2077 5216 2202 5257 cere
2237 5217 2342 5255 non
2374 5200 2761 5268 dubitabimus,
2789 5197 2834 5254 si
2866 5214 3119 5269 magnum
3163 5196 3308 5250 Patri
3343 5205 3424 5249 est
3447 5210 3475 5247 a
3510 5191 3674 5256 nullo,

2076 5291 2378 5361 profectum
2436 5305 2577 5357 esse,
2641 5306 2747 5346 non
2801 5292 2978 5344 minus
3016 5288 3219 5341 illustre
3253 5285 3388 5340 Filio
3419 5296 3557 5343 esse,
3590 5296 3657 5333 ex

2075 5382 2168 5436 tali
2199 5381 2356 5438 Patre
2383 5383 2667 5452 prodiisse.
2722 5381 2853 5435 Nam
2888 5392 3245 5450 praeterquam
3287 5373 3429 5444 quod
3473 5372 3658 5440 glorias

390 5473 555 5534 illius,
588 5473 678 5542 qui
712 5489 931 5530 causam
963 5489 992 5530 a
1038 5474 1183 5532 nullo
1205 5477 1387 5540 habet,
1418 5475 1687 5548 particeps
1710 5484 1813 5541 est,
1844 5473 1969 5546 quia
1991 5488 2055 5527 ex
2099 5487 2163 5526 eo
2197 5481 2299 5538 est,
2336 5473 2544 5528 accedit
2571 5473 2732 5525 etiam
2765 5467 3130 5540 generationis
3150 5467 3338 5527 decus,
3366 5477 3452 5515 res
3483 5470 3656 5529 tanta,

393 5575 612 5632 tamque
663 5567 990 5631 veneranda,
1038 5565 1104 5621 iis
1145 5567 1356 5637 utique,
1403 5567 1496 5638 qui
1525 5582 1631 5624 non
1655 5568 1878 5624 omnino
1919 5565 2068 5621 humi
2135 5563 2401 5635 provoluti
2455 5572 2602 5630 sunt,
2662 5575 2955 5631 crassoque
3001 5559 3180 5613 animo
3235 5553 3467 5626 praediti.

469 5766 483 5796 ¹
532 5763 740 5825 lJoan.
780 5784 860 5832 tu,
890 5770 942 5825 2.
1039 5770 1058 5797 '
1095 5769 1202 5826 Tit.
1228 5787 1267 5839 I,
1304 5773 1357 5826 2.
