4026 6290
464 370 571 431 567

463 587 590 626 cum
627 570 787 625 Patre
819 580 923 636 est,
962 573 1227 640 profecto,
1267 586 1391 624 cum
1430 570 1706 638 ingenitus
1748 570 1818 623 sit
1862 567 2039 633 Pater,

470 665 742 732 ingenitus
798 678 1012 731 quoque
1072 662 1241 717 Filius
1275 664 1402 717 erit.
1461 663 1646 727 llecte,
1678 665 1720 718 si
1748 664 2044 735 ingenitum

466 754 702 807 essentia
741 753 830 806 Dei
867 761 1035 818 esset,
1072 762 1131 806 ut
1163 754 1242 807 sic
1262 768 1398 807 nova
1430 755 1673 823 qumdam
1707 757 1883 809 mistio
1903 766 2046 811 esset

463 844 1000 913 genito-ingenitum.
1047 842 1180 897 Cum
1226 852 1404 897 autem
1454 844 1558 897 hoc
1585 845 1872 900 discrimen
1900 845 2045 900 circa

462 937 754 990 essentiam
801 935 1201 1001 consideretur,
1236 937 1362 1006 quid
1403 946 1455 990 tu
1490 938 1592 991 hoc
1634 937 1786 1005 quasi
1832 936 2044 990 ﬁrmum

462 1026 719 1094 quiddam
754 1027 1019 1095 profers?
1062 1027 1145 1080 An
1179 1039 1231 1082 tu
1285 1042 1499 1096 quoque
1546 1028 1714 1098 patris
1764 1037 1917 1098 pater
1965 1043 2043 1096 es,

466 1127 523 1170 ut
585 1118 728 1170 nulla
785 1132 842 1172 re
895 1133 923 1170 a
957 1126 1109 1186 patre
1150 1128 1241 1172 tuo
1269 1120 1564 1187 snpereris,
1613 1119 2044 1188 quandoquidem

463 1209 697 1261 essentia
732 1209 871 1261 idem
916 1223 1038 1263 eum
1074 1224 1138 1261 eo
1174 1210 1274 1262 es?
1319 1207 1505 1263 Nonne
1556 1210 1895 1279 perspicuum
1940 1220 2045 1277 est,

462 1300 796 1368 proprietate
825 1298 929 1353 lixa
956 1309 1009 1353 et
1054 1300 1232 1353 stabili
1278 1310 1645 1369 permanente,
1700 1301 2043 1369 quaerendum

468 1391 627 1444 nobis
677 1404 798 1445 esse
847 1406 967 1463 qua:
1021 1392 1091 1446 sit
1129 1393 1218 1447 Dei
1250 1393 1507 1456 essentia,
1543 1392 1586 1445 si
1630 1399 1810 1444 tamen
1844 1404 1907 1443 ea
1941 1390 2047 1444 ullo

463 1482 625 1535 modo
649 1484 937 1551 quaerenda
956 1483 1080 1537 est?
1109 1483 1259 1550 Quod
1288 1493 1467 1538 autem
1493 1483 1787 1552 ingenitum
1823 1491 1877 1536 et
1906 1482 2047 1545 Deus

466 1571 610 1624 idem
654 1586 758 1625 non
809 1572 937 1636 sint,
989 1572 1113 1627 hinc
1144 1572 1258 1627 fere
1311 1572 1593 1641 intelliges.
1640 1571 1695 1625 Si
1725 1571 1867 1624 enim
1903 1571 2046 1623 idem

464 1673 667 1730 essent,
738 1678 958 1733 prorsus
1237 1675 1530 1734 oporteret,
1583 1665 1836 1734 quoniam
1907 1665 2045 1717 Deus

465 1760 824 1826 quorunnlam
861 1759 1003 1814 Dens
1054 1767 1156 1823 est,
1209 1759 1563 1828 quorumdam
1593 1773 1809 1827 quoque
1835 1757 2048 1826 ingeni-

467 1860 578 1902 tum
613 1865 732 1905 esse
780 1867 793 1903 :
835 1861 927 1904 aut
955 1859 1169 1913 contra,
1220 1852 1473 1919 quoniam
1526 1851 1821 1920 ingenitum
1848 1849 2047 1904 nullius

465 1952 569 2003 est,
593 1957 691 1996 nec
725 1942 889 1996 Deunt
918 1957 1133 2012 quoque
1161 1943 1518 2010 quorumdam
1572 1958 1714 1997 esse.
1760 1942 1889 1995 Nam
1927 1956 2049 2012 qua:

466 2034 689 2086 nntnino
711 2033 901 2087 eadem
934 2044 1082 2099 sunt,
1133 2034 1384 2089 similiter
1412 2034 1575 2089 etiam
1625 2032 1940 2088 eil'eruntur.
1980 2032 2049 2085 At

467 2124 767 2189 ingenitum
827 2138 932 2177 non
984 2124 1342 2192 quorumdam
1393 2134 1478 2179 est
1523 2122 1772 2194 (quorum
1812 2120 1955 2176 enim
1976 2123 2044 2192 ἲ),

468 2215 612 2268 Deus
641 2229 767 2268 vero
801 2217 1159 2282 quorumdam
1200 2215 1339 2270 Deus
1392 2226 1496 2280 est,
1532 2216 1772 2270 omnium
1830 2215 2047 2283 quippe.

467 2308 585 2372 Quo
616 2321 746 2376 ergo
774 2309 933 2362 modo
968 2306 1109 2362 idem
1141 2316 1304 2361 erunt
1346 2308 1488 2362 Deus
1514 2316 1567 2361 et
1597 2305 1934 2377 ingenitum?
1972 2305 2050 2358 Ac

466 2409 676 2459 rursus,
706 2395 967 2464 quoniam
997 2397 1297 2465 ingenitum
1339 2406 1393 2451 et
1424 2398 1661 2467 genitum
1698 2397 1843 2450 inter
1868 2410 1927 2449 se
1954 2410 2051 2465 op-

466 2491 758 2550 ponuntur,
788 2492 846 2538 ut
874 2484 1091 2541 habitus
1119 2494 1174 2540 et
1201 2484 1452 2555 privatio,
1484 2484 1813 2540 substantias
1837 2497 2052 2553 quoque

466 2574 693 2628 interse
726 2574 1001 2644 appositas
1032 2576 1212 2631 induci
1276 2590 1499 2632 necesse
1547 2584 1648 2641 est,
1702 2577 1844 2644 quod
1894 2588 2051 2628 nemo

1721 365 2105 424 EU'I‘llYMH
2147 364 2507 424 ZlGABENI

536 483 643 537 Sed
681 484 726 536 si
778 480 970 547 Filius,
1020 483 1296 553 inquiunt,
1351 480 1601 533 essentia:
1644 481 1853 533 .atione
1893 480 2034 533 idem
2065 482 2109 536 A

3618 376 3711 440 538

2221 477 2345 530 Ἀλλ
2402 478 2449 529 εί
2515 476 2737 545 ταυτὸν,
2773 478 2956 547 ρασὶν,
3012 481 3066 542 ὁ,
3098 477 3225 541 Υίὸς
3266 461 3341 548 τῷ
3392 481 3561 553 [Ιατρῒ¹
3603 495 3715 541 κατ’

2148 568 2357 633 οὐσίλν,
2420 569 2720 638 ἀγέννητος
2773 569 2830 622 δὲ
2878 572 2906 623 ό
2954 570 3172 639 Πατὴρ,
3231 568 3386 624 ἔσται
3430 573 3584 628 τοῦτο
3630 579 3716 632 καὶ

2152 667 2181 716 ὀ
2203 664 2351 726 Υἱός.
2379 664 2596 727 Καλῶς,
2632 665 2789 735 εῐπερ
2817 665 2973 718 οὐσία
3007 666 3143 719 Θεοῦ
3169 667 3229 719 τὸ
3258 667 3565 736 ἀγέννητον,
3602 671 3661 723 ἵν’

2151 773 2236 818 τις
2270 755 2427 826 καινὴ
2467 754 2633 825 μίξις,
2663 758 3188 827 γεννητοαγέννητον
3219 758 3353 828 (98).
3409 762 3473 813 Εἰ
3515 761 3570 814 δὲ
3600 765 3717 831 περὶ

2153 847 2339 900 οὐσίαν
2391 847 2425 918 ή
2470 846 2721 917 διαφορὰ,
2767 847 2819 900 τί
2848 846 3027 912 τοῦτο,
3066 848 3143 912 ὡς
3188 850 3423 919 ἰσχυρὸν,
3454 851 3710 924 λέγεις;ῆ

2154 939 2247 991 καὶ
2281 939 2343 991 σὺ
2378 938 2558 1009 πατὴρ
2588 936 2682 991 τοῦ
2711 938 2938 1010 πατρὸς,
2972 939 3060 993 ἵνα
3099 940 3289 1011 μηδενὶ
3318 940 3478 1014 λείπῃ
3520 942 3608 995 τοῦ
3631 944 3715 997 σοῦ

2157 1029 2381 1099 πατρὸς,
2416 1030 2606 1102 ἐπειδὴ
2635 1030 2831 1084 ταυτὸν
2856 1027 2907 1083 εἷ
2929 1031 3049 1084 κατ’
3077 1031 3297 1097 οὐσίαν;
3325 1032 3397 1084 Ἢ
3433 1032 3599 1101 δῆλον,
3623 1035 3714 1098 ὅτι,

2154 1119 2255 1190 τῆς
2287 1119 2546 1191 ἰδιότητος
2718 1121 2978 1190 ἀκινήτου
3007 1120 3292 1193 μενούσης,
3323 1121 3617 1194 ζητήσομεν
3638 1110 3719 1178 οὑξ

2157 1210 2278 1264 σίαν
2303 1210 2460 1275 Θεοῦ,
2486 1212 2606 1282 ἥτις
2634 1212 2765 1264 ποτέ
2800 1212 2965 1287 ἐστιν,
3000 1213 3157 1283 εῐπερ
3174 1214 3481 1285 ζητήσομεν
3499 1233 3513 1279 ;
3531 1216 3644 1268 ’Ότι
3667 1217 3718 1268 δὲ

2156 1301 2215 1353 οὐ
2273 1301 2469 1354 ταυτὸν
2509 1302 2803 1371 ἀγέννητον
2847 1302 2942 1355 καὶ
2975 1301 3129 1369 Θεὸς,
3170 1298 3273 1357 ὦδε
3315 1304 3383 1358 ἂν
3429 1304 3719 1369 μάθοις-Εί

2158 1392 2352 1445 ταυτὸν
2388 1388 2477 1463 ἦν,
2520 1393 2626 1446 ἔδει
2672 1394 2908 1460 πάντως,
2945 1397 3134 1467 ἐπειδὴ
3163 1395 3328 1449 τινῶν
3373 1396 3502 1460 Θεὸς
3531 1400 3559 1450 ὁ
3584 1398 3718 1461 Θεὸς,

2159 1480 2319 1535 τινῶν
2352 1476 2491 1534 εἶναι
2512 1482 2680 1536 καὶτὸ
2701 1483 3014 1555 ἀγέννητον·
3037 1485 3070 1555 ἦ
3092 1485 3217 1537 ἐπεὶ
3246 1484 3476 1555 μηδενὸς
3501 1485 3561 1537 τὸ
3582 1485 3721 1553 ἀγέν-

2161 1588 2336 1643 νητον,
2357 1572 2491 1643 μηδὲ
2510 1572 2601 1627 τὸν
2627 1573 2758 1626 Θεὸν
2782 1570 2919 1627 εἶναι
2940 1575 3100 1629 τινῶν
3126 1591 3140 1606 ·
3175 1577 3243 1628 τὰ
3274 1575 3386 1647 γὰρ
3419 1576 3585 1645 πάντη
3606 1594 3721 1628 rau-

2162 1663 2247 1728 τὰ,
2268 1664 2360 1716 καὶ
2381 1663 2580 1734 ὁμοίως
2596 1664 2909 1735 ἐκφέρεται.
2929 1665 3089 1719 Ἀλλά
3116 1665 3220 1736 μὴν
3238 1666 3298 1718 οὐ
3328 1650 3493 1719 τινῶν
3506 1665 3563 1717 τὸ
3579 1666 3722 1733 ἀγέν-

2163 1771 2341 1824 νητον,
2359 1753 2517 1807 τίνων
2538 1754 2646 1826 γάρ
2667 1771 2681 1820 ;
2701 1756 2794 1808 καὶ
2816 1755 2976 1808 τινῶν
2993 1755 3124 1819 Θεὸς
3153 1756 3181 1807 ὁ
3207 1755 3362 1820 Θεὸς,
3384 1756 3593 1809 πάντων
3610 1756 3719 1826 γάρ.

2085 1836 2127 1889 Β
2166 1846 2288 1910 Πῶς
2313 1842 2405 1901 οῦν
2436 1845 2502 1901 ἂν
2532 1848 2618 1917 είη
2652 1849 2845 1902 ταυτὸν
2874 1849 3005 1912 Θεὸς
3031 1850 3124 1902 καὶ
3147 1848 3472 1918 ἀγέννηνον;
3505 1847 3609 1900 Καὶ
3636 1848 3727 1900 πά-

2166 1938 2266 2005 λιν,
2308 1939 2492 2011 ἐπειδὴ
2520 1940 2581 1994 τὸ
2602 1941 2916 2011 ἀγέννητον,
2956 1941 3051 1993 καὶ
3081 1941 3142 1993 τὸ
3168 1940 3427 2011 γεννητὸν
3456 1940 3727 1993 ἀντίκειται

2166 2028 2431 2100 ἀλλήλοις,
2479 2030 2555 2093 ὡς
2595 2029 2707 2094 ἕξις
2747 2031 2840 2083 καὶ
2873 2031 3147 2102 στέρησις,
3181 2031 3400 2100 ἀνάγκη
3438 2030 3529 2083 καὶ⁵
3558 2030 3729 2092 οὐσίας

2169 2122 2479 2193 εἰσαχθῆναι
2591 2124 2968 2194 ἀντικειμένας
2995 2123 3271 2195 ἀλλήλαις,
3292 2124 3431 2193 ὅπερ
3449 2124 3506 2176 οὐ
3522 2122 3728 2176 δέδοται.

2170 2211 2259 2275 Ἦ,
2286 2210 2470 2282 ἐπειδὴ
2486 2212 2646 2265 πάλιν
2669 2214 2724 2264 αἱ
2746 2211 2885 2277 ἕξεις
2913 2212 3019 2265 τῶν
3040 2230 3129 2265 στε
3139 2214 3351 2284 ρήσεων
3368 2212 3634 2284 πρότεραι,
3652 2212 3735 2265 καὶ

2173 2306 2511 2377 ἀναιρετικαὶ
2560 2307 2669 2359 τῶν
2692 2306 2857 2373 ’ἕξεων
2892 2307 2948 2359 αἱ
2984 2309 3289 2378 στερήσεις,
3329 2305 3403 2377 μὴ
3436 2305 3587 2376 μόνον
3619 2322 3736 2375 πρε-

2174 2396 2437 2468 σϐυτέραν
2463 2394 2601 2450 εἶναι
2636 2398 2735 2467 τῆς
2767 2397 2857 2450 τοῦ
2894 2397 3106 2468 Πατρὸς
3132 2398 3326 2460 οὐσίας
3356 2402 3451 2467 τὴν
3481 2395 3571 2448 τοῦ
3600 2394 3738 2463 Υἱοῦ,

2175 2486 2307 2540 ἀλλὰ
2348 2488 2443 2541 καὶ
2476 2489 2701 2560 ἀναιρου
2709 2488 2874 2560 μένην
2896 2488 3001 2541 ὑπὸ
3023 2487 3117 2540 τοῦ
3137 2488 3373 2558 Πατρὸς,
3396 2487 3515 2540 ὅσον
3535 2485 3620 2538 ἐπὶ
3635 2486 3738 2550 ταῖς

2176 2580 2296 2640 σαῖς
2319 2578 2628 2632 ὑποθέσεσι.

469 2666 827 2720 concesserit.
856 2665 968 2719 Aut
991 2679 1200 2728 rursus,
1246 2663 1502 2732 quoniam
1548 2661 1772 2716 habitus
1823 2660 2220 2731 privationibus
2267 2662 2480 2731 priores
2534 2670 2683 2728 sunt,
2728 2676 2793 2715 ac
2837 2662 3177 2731 privationes
3208 2664 3438 2723 habitus
3478 2668 3621 2738 ipsos
3640 2686 3725 2723 ex-

471 2758 776 2827 stinguunt,
815 2774 925 2813 non
976 2756 1153 2811 solum
1196 2756 1470 2826 antiquior
1516 2754 1623 2809 erit
1674 2752 1795 2807 Filii
1859 2755 2097 2809 essentia
2144 2770 2306 2824 quam
2349 2755 2552 2823 Patris,
2601 2756 2698 2811 sed
2750 2756 2937 2824 etiam,
2977 2757 3134 2829 juxta
3176 2760 3505 2831 hypotheses
3545 2772 3672 2829 tuas,
3702 2780 3728 2817 a

473 2855 636 2909 Patre
667 2851 1068 2920 exstinguetur,
1105 2864 1170 2903 ac
1198 2848 1267 2902 de
1296 2849 1477 2904 medio
1518 2847 1760 2903 tolletur.

546 2948 688 3013 Quid
733 2944 912 3000 adhuc
976 2959 1126 2999 nunc
1168 2952 1423 3012 superest
1473 2959 1538 2998 ex
1608 2941 2058 2996 itteluclahilibns

2236 2943 2333 3007 Τίς
2390 2943 2470 2997 ἔτι
2526 2945 2685 3014 λόγος
2729 2944 2918 3010 αὐτοῖς
2965 2946 3078 3001 τῶν
3128 2949 3431 3018 ἀφύκτων;
3483 2953 3627 3023 Τάχα
3670 2952 3730 3003 ἂν

470 3045 732 3111 ipsorum,
782 3048 841 3093 ut
868 3048 1080 3109 putant,
1113 3039 1484 3109 argumentis?
1516 3038 1772 3092 Fortasse
1815 3038 1882 3089 ad
1921 3037 2048 3093 illud

2170 3045 2258 3097 ἐπ’
2293 3044 2467 3095 ἐκεῖνο
2489 3042 2857 3111 καταφύγοιεν
2877 3044 3204 3109 τελευταῖον,
3234 3044 3314 3107 ὡς
3341 3045 3404 3097 Εί
3442 3044 3538 3115 μὲν
3561 3046 3619 3098 οὐ
3650 3044 3736 3098 πέ-

471 3144 801 3203 postremum
834 3131 1147 3201 confugient
1173 3149 1185 3184 :
1216 3131 1272 3185 Si
1300 3128 1442 3186 Deus
1480 3132 1726 3201 gignendi
1753 3131 1912 3188 linem
1941 3148 2046 3188 non

473 3224 622 3290 fecit,
663 3225 977 3295 imperfecta
1030 3234 1113 3280 est
1161 3226 1459 3296 generatio.
1506 3226 1570 3279 Et
1618 3228 1832 3296 quando
1887 3229 2048 3282 ﬁnem

474 3315 716 3370 facturus
747 3316 871 3369 est?
925 3317 981 3370 Si
1027 3326 1207 3371 autem
1263 3317 1485 3385 gignere
1522 3317 1776 3382 cessavit,
1830 3318 2051 3372 omnino

474 3420 689 3474 quoque
730 3406 912 3473 erepit.
948 3405 1039 3460 Sic
1061 3422 1247 3461 rursus
1298 3408 1473 3461 crassi
1533 3416 1587 3460 et
1616 3407 1860 3475 eorporis
1890 3414 2050 3463 rebus

475 3495 618 3550 aﬂixi
661 3496 913 3551 homines
965 3512 1254 3565 corporeas
1310 3498 1747 3553 ratiocinationes
1797 3496 2051 3554 all‘erunt.

478 3586 588 3655 Ego
621 3600 748 3640 vero
780 3586 859 3641 sic
918 3588 1216 3656 respondeo
1254 3609 1270 3642 ι
1310 3587 1777 3657 Sempiternumne
1810 3590 1882 3642 sit
1914 3587 2053 3642 Filio

478 3677 654 3741 nasci,
690 3692 886 3741 necne,
917 3680 1151 3733 nondum
1187 3678 1327 3740 dico.
1365 3678 1716 3749 quoadusque
1747 3677 1876 3733 illud
1902 3677 2051 3734 Scri-

479 3775 654 3832 ptura:
686 3784 704 3820 ι
732 3766 866 3821 Ante
909 3784 1085 3824 omnes
1139 3769 1295 3823 colles
1323 3769 1488 3839 gignit
1520 3784 1601 3823 me
1625 3770 1640 3800 ¹
1673 3809 1692 3836 ,
1749 3769 2053 3823 accuratius

485 3860 815 3927 expendere.
853 3859 984 3915 Illud
1016 3871 1195 3916 autem
1239 3878 1344 3916 non
1389 3861 1567 3926 video,
1611 3876 1770 3931 quam
1806 3874 2055 3915 necessa-

483 3951 629 4005 rium
659 3951 730 4004 sit
769 3951 872 4006 hoc
901 3966 1087 4006 eorum
1142 3962 1545 4024 argumentum.
1577 3951 1635 4008 Si
1671 3953 1837 4019 enim,
1868 3960 1927 4006 ut
1955 3951 2056 4020 ipsi

486 4046 657 4105 aiunt.
690 4046 983 4113 aliquando
1017 4047 1070 4099 id
1127 4047 1315 4116 coepit,
1339 4048 1483 4116 quod
1531 4047 1692 4102 ﬁnem
1744 4047 2055 4101 habiturum

488 4140 594 4191 εει,
634 4126 877 4197 profecto
914 4127 963 4180 id
993 4142 1095 4180 non
1120 4130 1306 4197 cwpit,
1344 4129 1486 4197 quod
1520 4130 1677 4184 tinem
1710 4145 1814 4185 non
1850 4139 1934 4186 est
1968 4133 2065 4185 ha-

492 4216 755 4271 biturum.
798 4216 938 4283 Quid
975 4232 1105 4285 ergo
1144 4219 1208 4271 de
1247 4220 1426 4273 anima
1471 4219 1554 4272 vel
1594 4220 1660 4274 de
1691 4221 1931 4290 angelica
1973 4239 2068 4275 na—

493 4318 615 4360 tura
646 4307 1109 4373 pronuntiabunt?
1165 4307 1222 4362 Si
1268 4310 1592 4379 principium
1653 4313 1860 4379 habuit,
1908 4313 2069 4368 ﬁnem

493 4408 711 4463 quoque
738 4392 955 4448 habebit
1000 4409 1016 4447 :
1049 4396 1095 4450 si
1124 4405 1302 4451 autem
1354 4398 1458 4453 line
1485 4401 1715 4467 carebit,
1778 4402 2054 4456 secundun

2168 4402 2228 4454 τὸ
2250 4402 2382 4455 αὐτὸ
2405 4397 2562 4465 εἶδος,
2590 4398 2667 4465 εἷς
2693 4402 2849 4469 λόγος

496 4500 594 4537 eos
620 4485 801 4552 utique
830 4484 1093 4554 principio
1126 4502 1341 4557 quoque
1384 4489 1524 4543 hanc
1560 4490 1807 4545 caruisse
1839 4500 2054 4545 constat

2169 4490 2261 4545 τοῦ
2284 4492 2464 4560 λόγου,
2498 4491 2654 4544 τοῦτο
2683 4491 2776 4546 καὶ
2809 4492 3013 4563 κυρίως
3035 4491 3288 4560 λέγεσθαι
3330 4503 3346 4519 ⁸

500 4574 661 4644 Atqui
691 4584 744 4629 et
777 4575 1096 4645 principium
1133 4577 1340 4643 habuit,
1392 4594 1491 4634 nec
1519 4595 1755 4649 unquam
1783 4595 1903 4636 esse
1929 4582 2073 4636 desi-

502 4674 611 4723 net.
667 4666 885 4722 Falsum
935 4676 1019 4722 est
1042 4668 1218 4736 itaque
1244 4670 1385 4738 quod
1411 4668 1585 4735 aiunt,
1624 4671 1697 4735 id,
1725 4673 1866 4740 quod
1916 4671 2073 4726 ﬁnem

503 4757 813 4812 habiturum
844 4767 955 4825 est,
989 4759 1314 4833 principium
1343 4775 1557 4829 quoque
1586 4762 1858 4818 habuisse.
1896 4763 2078 4818 Enim-

2173 3149 2377 3186 παυται
2412 3131 2505 3184 τοῦ
2544 3133 2738 3202 γεννᾷν
2774 3132 2802 3184 ό
2840 3131 2991 3198 Θεὸς,
3031 3131 3225 3203 ἀτελὴς
3266 3133 3302 3202 ή
3341 3132 3605 3203 γέννησις.
3640 3133 3738 3186 Καὶ

2174 3223 2303 3276 πότε
2334 3223 2633 3288 παύσεται;
2661 3224 2724 3275 Εἰ
2746 3222 2803 3275 δὲ
2828 3222 3122 3286 πέπαυται,
3154 3224 3377 3288 πάντως
3408 3225 3502 3277 καὶ
3531 3223 3733 3295 ήρξατο.

2174 3314 2343 3368 Πάλιν
2375 3315 2425 3366 οἱ
2464 3314 2766 3385 σωματικοὶ
2806 3314 2875 3367 τὰ
2931 3314 3239 3384 σωματικά.
3413 3315 3551 3383 Ἐγὼ
3599 3314 3668 3377 δὲ,
3694 3314 3737 3365 εί

2178 3405 2276 3476 μὲν
2298 3404 2464 3458 ἀΐδιον
2491 3403 2639 3475 αὐτῷ
2668 3405 2731 3459 τὸ
2755 3404 3045 3483 γεννᾶσθαι
3075 3405 3109 3475 ἢ
3147 3405 3245 3475 μὴ,
3279 3403 3439 3459 οὔπω
3459 3405 3613 3473 λέγω,
3645 3405 3739 3468 ἕως

2174 3495 2241 3550 ἂν
2271 3495 2355 3562 τὸ,
2391 3496 2509 3565 ηρό
2538 3496 2777 3551 πάντων
2799 3494 3051 3561 βουνῶν
3080 3494 3264 3567 γεννᾷ
3291 3514 3394 3565 με,
3445 3495 3743 3567 ἀκριϐέστε-

2178 3603 2271 3658 ρον
2416 3586 2820 3657 ὲπισκέψωμαι.
2853 3587 2965 3659 Οὐχ
2996 3586 3107 3658 όρῶ
3127 3586 3205 3649 δὲ,
3228 3586 3317 3650 τίς
3362 3589 3396 3659 ή
3424 3586 3628 3655 ἀνάγκη
3656 3584 3739 3643 τοῦ

2176 3677 2353 3747 λόγου.
2395 3679 2458 3730 Ei
2501 3678 2609 3748 γὰρ
2650 3674 2851 3749 ἦρκται
2892 3676 3014 3731 κατ’
3051 3678 3247 3741 αὐτοὺς
3294 3679 3361 3730 τὸ
3402 3679 3739 3748 παυσόμενον,

2176 3771 2275 3825 οὐκ
2304 3766 2508 3842 ἦρκται
2530 3771 2747 3833 πάντως
2776 3770 2838 3822 τὸ
2866 3770 2941 3843 μὴ
2962 3768 3329 3839 παυσόμενον.
3347 3769 3413 3822 Τί
3433 3769 3604 3822 τοίνυν
3624 3767 3738 3820 ἀπο-

2177 3861 2473 3933 φανοῦνται
2502 3862 2631 3931 περὶ
2654 3862 2852 3932 ψυχῆς,
2889 3861 2923 3932 ἢ
2951 3862 3049 3933 τῆς
3079 3860 3383 3931 ἀγγελικῆς
3417 3862 3653 3930 φύσεως;
3683 3858 3736 3909 Ei

2181 3953 2279 4024 μὲν
2300 3948 2521 4025 ἦρκται,
2549 3952 2645 4007 καὶ
2673 3950 2969 4007 παύσεται·
3007 3955 3055 4007 εί
3081 3952 3139 4006 δὲ
3164 3954 3225 4006 οὐ
3249 3952 3542 4017 παύσεται,
3574 3949 3736 4020 δῆλον,

2178 4046 2261 4098 ὅτι
2301 4046 2419 4099 κατ’
2442 4045 2639 4109 αὐτοὺς
2669 4045 2789 4098 οὐδὲ
2812 4039 3034 4116 ἦρκται.
3068 4044 3227 4099 Ἀλλά
3268 4046 3378 4117 μὴν
3406 4048 3500 4101 καὶ
3535 4041 3739 4115 ἦρκται.

2169 4136 2264 4188 καὶ
2317 4136 2375 4187 οὐ
2430 4153 2717 4189 παυσεται.
2759 4138 2874 4188 Ουκ
2907 4135 3014 4205 ἄρα
3044 4128 3245 4205 ἦρκται
3287 4134 3411 4186 κατ’
3457 4130 3638 4190 αὖτοὺς
3669 4125 3723 4178 τδ

2170 4220 2532 4290 παυσόμενον.
2573 4222 2631 4274 '0
2661 4221 2757 4291 μὲν
2782 4215 2873 4272 οὖν
2902 4220 3167 4291 ἡμέτερος
3190 4220 3379 4288 λόγος·
3414 4219 3617 4285 Ὥσπερ
3648 4213 3725 4266 lt:-

2170 4328 2295 4374 που,
2329 4312 2421 4365 καὶ
2461 4310 2600 4381 βοὸς,
2648 4312 2743 4365 καὶ
2774 4310 3085 4382 ἀνθρώπου,
3110 4310 3205 4363 καὶ
3236 4311 3468 4363 ἑκάστου
3496 4305 3598 4359 τῶν
3633 4302 3724 4356 ὑπὸ

2980 4401 3127 4454 ἐστίν
3142 4418 3156 4431 ’
3176 4402 3270 4455 καὶ
3288 4402 3316 4454 ὂ
3346 4402 3442 4469 μὲν
3462 4400 3527 4453 ἂν
3546 4396 3725 4468 μετέχῃ

3454 4484 3724 4553 ὅδ’ἂνμὴ

2175 4583 2399 4656 μετέχῃ,
2437 4583 2595 4636 τοῦτο
2622 4584 2654 4654 ἢ
2686 4583 2758 4654 μὴ
2791 4583 3062 4652 λέγεσθαι,
3081 4583 3114 4651 ἢ
3142 4581 3215 4651 μὴ
3238 4581 3442 4652 κυρίως
3461 4575 3723 4647 λέγεσθαι·

2172 4673 2385 4727 οὖτωηδὲ
2414 4674 2507 4727 καὶ
2526 4673 2659 4726 Θεοῦ
2687 4673 2815 4744 μίαν
2831 4674 3013 4726 οὐσίαν
3035 4668 3172 4726 εἶναι
3197 4674 3291 4727 καὶ
3313 4671 3595 4740 φύσιν,καὶ
3612 4667 3729 4734 κλῆσ-

2178 4780 2282 4828 σιν,
2303 4763 2403 4817 κᾶν
2420 4763 2681 4826 ἐπινοίαις
2704 4763 2813 4815 τισὶ
2840 4763 3241 4834 διαιρουμέναις
3270 4759 3634 4831 συνδιαιρῆται
3650 4752 3728 4808 καὶ

503 4862 634 4903 vero
661 4849 905 4903 doctrina
933 4857 1115 4904 nostra
1141 4850 1258 4904 hate
1291 4860 1375 4904 est
1418 4872 1430 4905 :
1470 4849 1539 4905 Ut
1560 4851 1709 4921 equi,
1732 4861 1786 4906 et
1818 4854 1989 4921 bovis,
2026 4868 2054 4906 c

2176 4853 2243 4906 τὰ
2275 4853 2540 4923 ὀνόματαο
2574 4854 2667 4906 καὶ
2691 4852 2719 4906 ὃ
2750 4854 2848 4924 μὲν
2876 4852 2941 4907 ἂν
2976 4854 3178 4924 κυρίως
3203 4852 3449 4924 λέγηται,
3477 4849 3627 4903 τοῦτο
3649 4842 3729 4896 καὶ

507 4935 761 5002 hominis,
818 4953 882 4992 ac
911 4938 1145 5009 denique
1174 4939 1599 5009 uniuscujusque
1650 4956 1833 4995 earum
1879 4958 2077 5008 rerum,

505 5041 625 5095 quae
668 5026 770 5081 sub
798 5028 938 5081 idem
962 5042 1131 5095 genus
1161 5033 1379 5095 cadunt,
1429 5030 1617 5084 eadem
1672 5040 1755 5085 est
1797 5029 2079 5097 deﬁnitio;

2178 4939 2319 4996 εἶναι
2348 4943 2479 4997 Θεόν
2497 4961 2510 4974 ·
2539 4943 2567 4996 ὃ
2602 4943 2645 4995 δ’
2675 4943 2739 4997 ἂν
2844 4943 2984 4997 κατὰ
3023 4943 3203 5012 φύσιν,
3236 4943 3396 4995 τοῦτο
3420 4941 3511 4994 καὶ
3538 4932 3729 5005 ἀληθῶς

2180 5031 2564 5102 ὀνομάζεσθαι·
2599 5035 2758 5105 εἴπερ
2792 5034 2866 5105 μὴ
2889 5036 2945 5086 ὲν
2975 5033 3252 5104 ὀνόμασιν,
3279 5034 3395 5089 ἀλλ’
3419 5034 3475 5085 ὲν
3498 5028 3729 5099 πράγμα-

508 5132 574 5171 ac
608 5117 866 5187 quidquid
919 5119 1248 5175 deﬁnitionis
1302 5120 1526 5188 hujusce
1552 5121 1821 5189 particeps
1851 5130 1955 5184 est,
1985 5121 2052 5173 ho

2185 5120 2267 5173 σίν
2313 5122 2460 5175 ἐστιν
2496 5123 2628 5192 ἡμῖν
2668 5123 2705 5192 ἡ
2734 5121 2979 5192 ἀλήθεια.
3018 5122 3081 5175 Οί
3113 5123 3187 5187 δὲ,
3225 5121 3415 5192 ὥσπερ
3432 5114 3721 5174 δεδοικότες,

508 5210 671 5265 etiam
735 5210 950 5278 proprie
981 5210 1217 5275 dicitur;
1272 5212 1533 5280 quidquid
1588 5221 1765 5266 autem
1818 5211 2054 5281 particep

2188 5211 2263 5280 μὴ
2290 5212 2463 5265 πάντα
2502 5215 2670 5267 κινεῖν
2709 5212 2848 5265 κατά
2884 5214 2982 5283 τῆς
3007 5212 3282 5282 ἀληθείας,
3311 5211 3445 5264 Θεὸν
3487 5208 3581 5279 μὲν
3609 5199 3725 5256 εἶναι

510 5317 616 5357 non
646 5311 754 5367 est,
819 5302 920 5355 hoc
950 5303 1031 5356 vel
1080 5318 1187 5356 non
1223 5304 1442 5367 dicitur,
1494 5303 1576 5357 vel
1605 5312 1753 5358 certe
1794 5302 2051 5371 impropri

2185 5301 2276 5354 τὸν
2300 5302 2426 5355 Υίὸν
2459 5303 2968 5373 ὁμολογοῦσιν,ὂταν
2983 5304 3245 5375 βιασθῶσι
3267 5303 3496 5374 τῷλόγῳ
3523 5299 3608 5351 καὶ
3624 5296 3726 5353 ταῖς

512 5392 708 5447 dicitur
755 5393 984 5447 :eodem
1016 5393 1172 5445 modo
1203 5407 1362 5445 unam
1392 5407 1607 5461 quoque
1644 5392 1735 5446 Dei
1778 5393 2088 5456 essentiam,

2193 5392 2518 5462 μαρτυρίαις
2571 5407 2586 5423 ⁸
2681 5396 2969 5467 ὁμώνυμον
3000 5396 3056 5450 δὲ
3083 5398 3175 5449 καὶ
3204 5395 3370 5467 μόνης
3403 5387 3728 5447 κοινωνοῦντα

515 5489 569 5533 et
601 5493 872 5549 naturam,
896 5493 950 5536 et
979 5481 1396 5552 appellationem
1430 5497 1570 5548 esse,
1617 5486 1822 5538 tametsi
1864 5498 1958 5552 per
1986 5496 2050 5536 co

2186 5481 2284 5551 τῆς
2310 5481 2574 5552 κλήσεως.

521 5574 806 5639 gitationes
863 5579 1125 5657 quasdam
1173 5578 1481 5645 distinctas,
1529 5577 1745 5631 nomina
1792 5591 2006 5647 quoque
2033 5576 2194 5632 simul
2219 5577 2652 5646 distinguantur:
2682 5589 2735 5634 et
2775 5580 2918 5649 quod
2984 5582 3200 5647 quidem
3259 5578 3474 5648 proprie
3532 5571 3727 5636 dicitur,

591 5740 607 5772 ¹
669 5740 823 5795 [‘mv.
858 5759 973 5809 VIII,
1002 5744 1091 5798 25.
