  <div class='ocr_page' id='page_1' title='image "/cluster/home/n/w/nwhite01/storage/ocr_20150623/130/mdp.39015078384255/292.png"; bbox 0 0 4026 6290; ppageno 0'>
   <div class='ocr_carea' id='block_1_1' title="bbox 304 368 411 429">
    <p class='ocr_par' dir='ltr' id='par_1_1' title="bbox 304 368 411 429">
     <span class='ocr_line' id='line_1_1' title="bbox 304 368 411 429; baseline 0.009 -2"><span class='ocrx_word' id='word_1_1' title='bbox 304 368 411 429; x_wconf 60' lang='lat' dir='ltr'><strong>5L9</strong></span> 
     </span>
    </p>
   </div>
   <div class='ocr_carea' id='block_1_2' title="bbox 1267 359 3580 441">
    <p class='ocr_par' dir='ltr' id='par_1_2' title="bbox 1267 359 3580 441">
     <span class='ocr_line' id='line_1_2' title="bbox 1267 359 3580 441; baseline -0.003 -19"><span class='ocrx_word' id='word_1_2' title='bbox 1267 359 1647 422; x_wconf 76' lang='lat' dir='ltr'><strong>PANOPLIA</strong></span> <span class='ocrx_word' id='word_1_3' title='bbox 1686 359 2148 421; x_wconf 87' lang='lat' dir='ltr'><strong>DOGMATICA.</strong></span> <span class='ocrx_word' id='word_1_4' title='bbox 2180 387 2242 397; x_wconf 95' lang='lat'><strong>—</strong></span> <span class='ocrx_word' id='word_1_5' title='bbox 2288 365 2438 426; x_wconf 91' lang='lat' dir='ltr'><strong>TlT.</strong></span> <span class='ocrx_word' id='word_1_6' title='bbox 2480 366 2616 427; x_wconf 78' lang='lat' dir='ltr'><strong>vn.</strong></span> <span class='ocrx_word' id='word_1_7' title='bbox 3473 377 3580 441; x_wconf 67' lang='lat'><strong>570</strong></span> 
     </span>
    </p>
   </div>
   <div class='ocr_carea' id='block_1_3' title="bbox 305 477 3205 556">
    <p class='ocr_par' dir='ltr' id='par_1_3' title="bbox 305 477 3205 556">
     <span class='ocr_line' id='line_1_3' title="bbox 305 477 3205 556; baseline 0.001 -18"><span class='ocrx_word' id='word_1_8' title='bbox 305 482 360 538; x_wconf 90' lang='lat' dir='ltr'><strong>id</strong></span> <span class='ocrx_word' id='word_1_9' title='bbox 398 480 563 536; x_wconf 88' lang='lat' dir='ltr'><strong>etiam</strong></span> <span class='ocrx_word' id='word_1_10' title='bbox 629 478 802 534; x_wconf 86' lang='lat' dir='ltr'><strong>Deum</strong></span> <span class='ocrx_word' id='word_1_11' title='bbox 862 493 1022 544; x_wconf 83' lang='lat' dir='ltr'><strong>esse;</strong></span> <span class='ocrx_word' id='word_1_12' title='bbox 1066 487 1121 533; x_wconf 88' lang='lat' dir='ltr'><strong>et</strong></span> <span class='ocrx_word' id='word_1_13' title='bbox 1177 492 1369 534; x_wconf 85' lang='lat' dir='ltr'><strong>rursus</strong></span> <span class='ocrx_word' id='word_1_14' title='bbox 1399 477 1543 546; x_wconf 92' lang='lat' dir='ltr'><strong>quod</strong></span> <span class='ocrx_word' id='word_1_15' title='bbox 1573 486 1770 532; x_wconf 86' lang='lat' dir='ltr'><strong>natura</strong></span> <span class='ocrx_word' id='word_1_16' title='bbox 1842 492 1938 530; x_wconf 90' lang='lat' dir='ltr'><strong>sua</strong></span> <span class='ocrx_word' id='word_1_17' title='bbox 1995 479 2104 543; x_wconf 92' lang='lat' dir='ltr'><strong>sit,</strong></span> <span class='ocrx_word' id='word_1_18' title='bbox 2165 479 2271 534; x_wconf 86' lang='lat' dir='ltr'><strong>hoc</strong></span> <span class='ocrx_word' id='word_1_19' title='bbox 2329 494 2548 550; x_wconf 88' lang='lat' dir='ltr'><strong>quoque</strong></span> <span class='ocrx_word' id='word_1_20' title='bbox 2614 482 2835 553; x_wconf 86' lang='lat' dir='ltr'><strong>proprie</strong></span> <span class='ocrx_word' id='word_1_21' title='bbox 2898 487 3205 556; x_wconf 83' lang='lat' dir='ltr'><strong>nuncupari</strong></span> 
     </span>
    </p>
   </div>
   <div class='ocr_carea' id='block_1_4' title="bbox 3257 490 3584 561">
    <p class='ocr_par' dir='ltr' id='par_1_4' title="bbox 3257 490 3584 561">
     <span class='ocr_line' id='line_1_4' title="bbox 3257 490 3584 561; baseline 0.015 -17"><span class='ocrx_word' id='word_1_22' title='bbox 3257 506 3272 544; x_wconf 88' lang='lat'><strong>:</strong></span> <span class='ocrx_word' id='word_1_23' title='bbox 3317 490 3584 561; x_wconf 85' lang='lat' dir='ltr'><strong>siquidem</strong></span> 
     </span>
    </p>
   </div>
   <div class='ocr_carea' id='block_1_5' title="bbox 307 573 3584 658">
    <p class='ocr_par' dir='ltr' id='par_1_5' title="bbox 307 573 3584 658">
     <span class='ocr_line' id='line_1_5' title="bbox 307 573 3584 658; baseline 0.003 -26"><span class='ocrx_word' id='word_1_24' title='bbox 307 591 414 632; x_wconf 90' lang='lat' dir='ltr'><strong>non</strong></span> <span class='ocrx_word' id='word_1_25' title='bbox 460 576 515 629; x_wconf 92' lang='lat' dir='ltr'><strong>in</strong></span> <span class='ocrx_word' id='word_1_26' title='bbox 550 575 714 628; x_wconf 89' lang='lat' dir='ltr'><strong>nudis</strong></span> <span class='ocrx_word' id='word_1_27' title='bbox 755 573 1086 640; x_wconf 88' lang='lat' dir='ltr'><strong>nominibus,</strong></span> <span class='ocrx_word' id='word_1_28' title='bbox 1130 575 1222 628; x_wconf 89' lang='lat' dir='ltr'><strong>sed</strong></span> <span class='ocrx_word' id='word_1_29' title='bbox 1260 574 1315 626; x_wconf 91' lang='lat' dir='ltr'><strong>in</strong></span> <span class='ocrx_word' id='word_1_30' title='bbox 1348 574 1511 628; x_wconf 87' lang='lat' dir='ltr'><strong>rebus</strong></span> <span class='ocrx_word' id='word_1_31' title='bbox 1538 573 1694 627; x_wconf 90' lang='lat' dir='ltr'><strong>nobis</strong></span> <span class='ocrx_word' id='word_1_32' title='bbox 1724 573 1926 628; x_wconf 89' lang='lat' dir='ltr'><strong>veritas</strong></span> <span class='ocrx_word' id='word_1_33' title='bbox 1950 574 2053 628; x_wconf 88' lang='lat' dir='ltr'><strong>sita</strong></span> <span class='ocrx_word' id='word_1_34' title='bbox 2100 585 2201 629; x_wconf 90' lang='lat' dir='ltr'><strong>est.</strong></span> <span class='ocrx_word' id='word_1_35' title='bbox 2249 576 2319 629; x_wconf 84' lang='lat' dir='ltr'><strong>At</strong></span> <span class='ocrx_word' id='word_1_36' title='bbox 2354 577 2462 642; x_wconf 89' lang='lat' dir='ltr'><strong>isti,</strong></span> <span class='ocrx_word' id='word_1_37' title='bbox 2505 579 2733 647; x_wconf 70' lang='lat' dir='ltr'><strong>perinde</strong></span> <span class='ocrx_word' id='word_1_38' title='bbox 2790 595 2854 633; x_wconf 89' lang='lat' dir='ltr'><strong>ac</strong></span> <span class='ocrx_word' id='word_1_39' title='bbox 2904 583 3293 649; x_wconf 90' lang='lat' dir='ltr'><strong>pertimescant</strong></span> <span class='ocrx_word' id='word_1_40' title='bbox 3336 602 3405 641; x_wconf 89' lang='lat' dir='ltr'><strong>ne</strong></span> <span class='ocrx_word' id='word_1_41' title='bbox 3454 592 3584 658; x_wconf 86' lang='lat' dir='ltr'><strong>quid</strong></span> 
     </span>
    </p>
   </div>
   <div class='ocr_carea' id='block_1_6' title="bbox 308 658 3584 748">
    <p class='ocr_par' dir='ltr' id='par_1_6' title="bbox 308 658 3584 748">
     <span class='ocr_line' id='line_1_6' title="bbox 308 658 3584 748; baseline 0.003 -20"><span class='ocrx_word' id='word_1_42' title='bbox 308 675 572 730; x_wconf 85' lang='lat' dir='ltr'><strong>adversus</strong></span> <span class='ocrx_word' id='word_1_43' title='bbox 629 659 915 726; x_wconf 79' lang='lat' dir='ltr'><strong>veritatem</strong></span> <span class='ocrx_word' id='word_1_44' title='bbox 968 670 1252 725; x_wconf 90' lang='lat' dir='ltr'><strong>immotum</strong></span> <span class='ocrx_word' id='word_1_45' title='bbox 1302 669 1635 740; x_wconf 80' lang='lat' dir='ltr'><strong>relinquant,</strong></span> <span class='ocrx_word' id='word_1_46' title='bbox 1684 669 1852 724; x_wconf 88' lang='lat' dir='ltr'><strong>Deum</strong></span> <span class='ocrx_word' id='word_1_47' title='bbox 1899 671 2117 740; x_wconf 88' lang='lat' dir='ltr'><strong>quidem</strong></span> <span class='ocrx_word' id='word_1_48' title='bbox 2162 658 2356 726; x_wconf 72' lang='lat' dir='ltr'><strong>Filium</strong></span> <span class='ocrx_word' id='word_1_49' title='bbox 2400 688 2522 727; x_wconf 90' lang='lat' dir='ltr'><strong>esse</strong></span> <span class='ocrx_word' id='word_1_50' title='bbox 2566 673 2829 741; x_wconf 69' lang='lat' dir='ltr'><strong>fatentur,</strong></span> <span class='ocrx_word' id='word_1_51' title='bbox 2880 691 3003 730; x_wconf 91' lang='lat' dir='ltr'><strong>cum</strong></span> <span class='ocrx_word' id='word_1_52' title='bbox 3055 677 3356 748; x_wconf 66' lang='lat' dir='ltr'><strong>Scriptura:</strong></span> <span class='ocrx_word' id='word_1_53' title='bbox 3392 696 3457 738; x_wconf 88' lang='lat' dir='ltr'><strong>ac</strong></span> <span class='ocrx_word' id='word_1_54' title='bbox 3486 700 3584 738; x_wconf 83' lang='lat' dir='ltr'><strong>au-</strong></span> 
     </span>
    </p>
   </div>
   <div class='ocr_carea' id='block_1_7' title="bbox 307 765 3588 842">
    <p class='ocr_par' dir='ltr' id='par_1_7' title="bbox 307 765 3588 842">
     <span class='ocr_line' id='line_1_7' title="bbox 307 765 3588 842; baseline 0.003 -18"><span class='ocrx_word' id='word_1_55' title='bbox 307 769 619 825; x_wconf 88' lang='lat' dir='ltr'><strong>ctoritatum</strong></span> <span class='ocrx_word' id='word_1_56' title='bbox 650 766 977 822; x_wconf 86' lang='lat' dir='ltr'><strong>testimoniis</strong></span> <span class='ocrx_word' id='word_1_57' title='bbox 1018 767 1432 837; x_wconf 85' lang='lat' dir='ltr'><strong>Opprituautur;</strong></span> <span class='ocrx_word' id='word_1_58' title='bbox 1471 765 1567 820; x_wconf 89' lang='lat' dir='ltr'><strong>sed</strong></span> <span class='ocrx_word' id='word_1_59' title='bbox 1607 766 1886 835; x_wconf 81' lang='lat' dir='ltr'><strong>aequivoce</strong></span> <span class='ocrx_word' id='word_1_60' title='bbox 1927 767 2099 823; x_wconf 88' lang='lat' dir='ltr'><strong>Deum</strong></span> <span class='ocrx_word' id='word_1_61' title='bbox 2145 768 2278 832; x_wconf 87' lang='lat' dir='ltr'><strong>dici,</strong></span> <span class='ocrx_word' id='word_1_62' title='bbox 2322 784 2386 824; x_wconf 92' lang='lat' dir='ltr'><strong>ac</strong></span> <span class='ocrx_word' id='word_1_63' title='bbox 2425 767 2670 823; x_wconf 85' lang='lat' dir='ltr'><strong>nominis</strong></span> <span class='ocrx_word' id='word_1_64' title='bbox 2720 770 2892 824; x_wconf 91' lang='lat' dir='ltr'><strong>solius</strong></span> <span class='ocrx_word' id='word_1_65' title='bbox 2936 773 3264 842; x_wconf 89' lang='lat' dir='ltr'><strong>participem</strong></span> <span class='ocrx_word' id='word_1_66' title='bbox 3292 791 3415 831; x_wconf 90' lang='lat' dir='ltr'><strong>esse</strong></span> <span class='ocrx_word' id='word_1_67' title='bbox 3453 791 3588 832; x_wconf 89' lang='lat' dir='ltr'><strong>con-</strong></span> 
     </span>
    </p>
   </div>
   <div class='ocr_carea' id='block_1_8' title="bbox 326 863 582 918">
    <p class='ocr_par' dir='ltr' id='par_1_8' title="bbox 326 863 582 918">
     <span class='ocr_line' id='line_1_8' title="bbox 326 863 582 918; baseline 0.004 -1"><span class='ocrx_word' id='word_1_68' title='bbox 326 863 582 918; x_wconf 87' lang='lat' dir='ltr'><strong>tendunt.</strong></span> 
     </span>
    </p>
   </div>
   <div class='ocr_carea' id='block_1_9' title="bbox 382 947 1902 1028">
    <p class='ocr_par' dir='ltr' id='par_1_9' title="bbox 382 947 1880 1023">
     <span class='ocr_line' id='line_1_9' title="bbox 382 947 1880 1023; baseline -0.001 -16"><span class='ocrx_word' id='word_1_69' title='bbox 382 957 548 1007; x_wconf 85' lang='grc' dir='ltr'>ὐταν</span> <span class='ocrx_word' id='word_1_70' title='bbox 597 954 656 1007; x_wconf 80' lang='grc' dir='ltr'>δὲ</span> <span class='ocrx_word' id='word_1_71' title='bbox 713 951 1184 1023; x_wconf 80' lang='grc' dir='ltr'>ἀνθυποφέρωμεν</span> <span class='ocrx_word' id='word_1_72' title='bbox 1238 952 1446 1018; x_wconf 85' lang='grc' dir='ltr'>αὐτοῖς,</span> <span class='ocrx_word' id='word_1_73' title='bbox 1495 949 1562 1002; x_wconf 90' lang='grc' dir='ltr'>Τί</span> <span class='ocrx_word' id='word_1_74' title='bbox 1610 947 1760 1019; x_wconf 81' lang='grc' dir='ltr'>οὖν;</span> <span class='ocrx_word' id='word_1_75' title='bbox 1816 951 1880 1006; x_wconf 83' lang='grc' dir='ltr'>οὐ</span> 
     </span>
    </p>
   </div>
   <div class='ocr_carea' id='block_1_10' title="bbox 2009 947 3574 1028">
    <p class='ocr_par' dir='ltr' id='par_1_10' title="bbox 2057 951 3574 1028">
     <span class='ocr_line' id='line_1_10' title="bbox 2057 951 3574 1028; baseline 0.007 -23"><span class='ocrx_word' id='word_1_76' title='bbox 2057 951 2195 1005; x_wconf 85' lang='lat' dir='ltr'><strong>Cum</strong></span> <span class='ocrx_word' id='word_1_77' title='bbox 2245 963 2432 1028; x_wconf 75' lang='lat' dir='ltr'><strong>autem</strong></span> <span class='ocrx_word' id='word_1_78' title='bbox 2509 951 2651 1008; x_wconf 88' lang='lat' dir='ltr'><strong>hanc</strong></span> <span class='ocrx_word' id='word_1_79' title='bbox 2711 953 2844 1024; x_wconf 88' lang='lat' dir='ltr'><strong>ipsis</strong></span> <span class='ocrx_word' id='word_1_80' title='bbox 2919 955 3282 1024; x_wconf 83' lang='lat' dir='ltr'><strong>objectionem</strong></span> <span class='ocrx_word' id='word_1_81' title='bbox 3343 959 3574 1028; x_wconf 83' lang='lat' dir='ltr'><strong>subjici-</strong></span> 
     </span>
    </p>
   </div>
   <div class='ocr_carea' id='block_1_11' title="bbox 313 1040 1891 1117">
    <p class='ocr_par' dir='ltr' id='par_1_11' title="bbox 313 1040 1891 1117">
     <span class='ocr_line' id='line_1_11' title="bbox 313 1040 1891 1117; baseline 0.005 -24"><span class='ocrx_word' id='word_1_82' title='bbox 313 1040 515 1109; x_wconf 99' lang='grc' dir='ltr'>κυρίως</span> <span class='ocrx_word' id='word_1_83' title='bbox 648 1041 780 1104; x_wconf 82' lang='grc' dir='ltr'>Θεὸς</span> <span class='ocrx_word' id='word_1_84' title='bbox 807 1043 836 1092; x_wconf 99' lang='lat'><strong>6</strong></span> <span class='ocrx_word' id='word_1_85' title='bbox 866 1042 1012 1106; x_wconf 85' lang='grc' dir='ltr'>Υἱὸς,</span> <span class='ocrx_word' id='word_1_86' title='bbox 1039 1042 1226 1117; x_wconf 80' lang='grc' dir='ltr'>ὥσπερ</span> <span class='ocrx_word' id='word_1_87' title='bbox 1249 1046 1370 1099; x_wconf 78' lang='grc' dir='ltr'>οὐδὲ</span> <span class='ocrx_word' id='word_1_88' title='bbox 1397 1047 1532 1110; x_wconf 81' lang='grc' dir='ltr'>ζῶον</span> <span class='ocrx_word' id='word_1_89' title='bbox 1557 1046 1618 1099; x_wconf 87' lang='grc' dir='ltr'>τὸ</span> <span class='ocrx_word' id='word_1_90' title='bbox 1644 1063 1891 1117; x_wconf 86' lang='grc' dir='ltr'>γεγραμ-</span> 
     </span>
    </p>
   </div>
   <div class='ocr_carea' id='block_1_12' title="bbox 319 1131 1891 1213">
    <p class='ocr_par' dir='ltr' id='par_1_12' title="bbox 319 1131 1891 1213">
     <span class='ocr_line' id='line_1_12' title="bbox 319 1131 1891 1213; baseline 0.004 -29"><span class='ocrx_word' id='word_1_91' title='bbox 319 1133 512 1204; x_wconf 84' lang='grc' dir='ltr'>μένον;</span> <span class='ocrx_word' id='word_1_92' title='bbox 553 1133 672 1196; x_wconf 82' lang='grc' dir='ltr'><strong>πῶς</strong></span> <span class='ocrx_word' id='word_1_93' title='bbox 711 1131 804 1187; x_wconf 82' lang='grc' dir='ltr'><strong>οῦν</strong></span> <span class='ocrx_word' id='word_1_94' title='bbox 833 1135 984 1202; x_wconf 87' lang='grc' dir='ltr'>Θεὸς,</span> <span class='ocrx_word' id='word_1_95' title='bbox 1016 1140 1065 1192; x_wconf 88' lang='grc' dir='ltr'><strong>εἰ</strong></span> <span class='ocrx_word' id='word_1_96' title='bbox 1107 1137 1181 1209; x_wconf 84' lang='grc' dir='ltr'>μὴ</span> <span class='ocrx_word' id='word_1_97' title='bbox 1225 1138 1430 1213; x_wconf 79' lang='grc' dir='ltr'><strong>κυρίως</strong></span> <span class='ocrx_word' id='word_1_98' title='bbox 1467 1139 1626 1204; x_wconf 84' lang='grc' dir='ltr'><strong>Θεός;</strong></span> <span class='ocrx_word' id='word_1_99' title='bbox 1664 1138 1729 1191; x_wconf 86' lang='grc' dir='ltr'>Τί</span> <span class='ocrx_word' id='word_1_100' title='bbox 1781 1139 1891 1208; x_wconf 85' lang='grc' dir='ltr'>γὰρ</span> 
     </span>
    </p>
   </div>
   <div class='ocr_carea' id='block_1_13' title="bbox 317 1222 1892 1298">
    <p class='ocr_par' dir='ltr' id='par_1_13' title="bbox 317 1222 1892 1298">
     <span class='ocr_line' id='line_1_13' title="bbox 317 1222 1892 1298; baseline 0.004 -24"><span class='ocrx_word' id='word_1_101' title='bbox 317 1222 536 1284; x_wconf 85' lang='grc' dir='ltr'>κωλύει,</span> <span class='ocrx_word' id='word_1_102' title='bbox 580 1223 734 1292; x_wconf 78' lang='grc' dir='ltr'>φασὶ,</span> <span class='ocrx_word' id='word_1_103' title='bbox 769 1225 862 1277; x_wconf 69' lang='grc' dir='ltr'><strong>καί¹</strong></span> <span class='ocrx_word' id='word_1_104' title='bbox 894 1225 1159 1297; x_wconf 80' lang='grc' dir='ltr'><strong>ὁμώνυμα</strong></span> <span class='ocrx_word' id='word_1_105' title='bbox 1181 1228 1354 1281; x_wconf 90' lang='grc' dir='ltr'>ταῦτα</span> <span class='ocrx_word' id='word_1_106' title='bbox 1381 1224 1541 1292; x_wconf 76' lang='grc' dir='ltr'>εἶναι,</span> <span class='ocrx_word' id='word_1_107' title='bbox 1570 1229 1663 1281; x_wconf 74' lang='grc' dir='ltr'>καὶ</span> <span class='ocrx_word' id='word_1_108' title='bbox 1688 1227 1892 1298; x_wconf 82' lang='grc' dir='ltr'><strong>κυρίως</strong></span> 
     </span>
    </p>
   </div>
   <div class='ocr_carea' id='block_1_14' title="bbox 317 1307 1892 1390">
    <p class='ocr_par' dir='ltr' id='par_1_14' title="bbox 317 1307 1892 1390">
     <span class='ocr_line' id='line_1_14' title="bbox 317 1307 1892 1390; baseline 0.003 -24"><span class='ocrx_word' id='word_1_109' title='bbox 317 1313 602 1383; x_wconf 80' lang='grc' dir='ltr'>ἀμφότερα</span> <span class='ocrx_word' id='word_1_110' title='bbox 638 1313 919 1382; x_wconf 73' lang='grc' dir='ltr'>λέγεσθαις</span> <span class='ocrx_word' id='word_1_111' title='bbox 951 1317 1060 1369; x_wconf 81' lang='grc' dir='ltr'><strong>Καὶ</strong></span> <span class='ocrx_word' id='word_1_112' title='bbox 1096 1307 1475 1387; x_wconf 88' lang='grc' dir='ltr'>προσοίσουσιν</span> <span class='ocrx_word' id='word_1_113' title='bbox 1514 1320 1645 1390; x_wconf 81' lang='grc' dir='ltr'>ἡμῖν</span> <span class='ocrx_word' id='word_1_114' title='bbox 1679 1319 1769 1371; x_wconf 81' lang='grc' dir='ltr'><strong>τὸν</strong></span> <span class='ocrx_word' id='word_1_115' title='bbox 1792 1317 1892 1371; x_wconf 84' lang='grc' dir='ltr'>κύ-</span> 
     </span>
    </p>
   </div>
   <div class='ocr_carea' id='block_1_15' title="bbox 319 1403 1897 1481">
    <p class='ocr_par' dir='ltr' id='par_1_15' title="bbox 319 1403 1897 1481">
     <span class='ocr_line' id='line_1_15' title="bbox 319 1403 1897 1481; baseline 0.004 -26"><span class='ocrx_word' id='word_1_116' title='bbox 319 1421 401 1466; x_wconf 91' lang='grc' dir='ltr'><strong>να,</strong></span> <span class='ocrx_word' id='word_1_117' title='bbox 430 1403 524 1456; x_wconf 84' lang='grc' dir='ltr'>τὸν</span> <span class='ocrx_word' id='word_1_118' title='bbox 557 1407 832 1475; x_wconf 85' lang='grc' dir='ltr'>χερσαῖον,</span> <span class='ocrx_word' id='word_1_119' title='bbox 855 1407 948 1459; x_wconf 74' lang='grc' dir='ltr'>καὶ</span> <span class='ocrx_word' id='word_1_120' title='bbox 981 1407 1074 1459; x_wconf 85' lang='grc' dir='ltr'>τὸν</span> <span class='ocrx_word' id='word_1_121' title='bbox 1099 1407 1403 1472; x_wconf 84' lang='grc' dir='ltr'><strong>θαλάττιον,</strong></span> <span class='ocrx_word' id='word_1_122' title='bbox 1437 1408 1700 1481; x_wconf 85' lang='grc' dir='ltr'>ὁμώνυμά</span> <span class='ocrx_word' id='word_1_123' title='bbox 1720 1426 1779 1462; x_wconf 87' lang='grc' dir='ltr'><strong>τε</strong></span> <span class='ocrx_word' id='word_1_124' title='bbox 1814 1408 1897 1462; x_wconf 80' lang='grc' dir='ltr'>δν-</span> 
     </span>
    </p>
   </div>
   <div class='ocr_carea' id='block_1_16' title="bbox 319 1490 1895 1569">
    <p class='ocr_par' dir='ltr' id='par_1_16' title="bbox 319 1490 1895 1569">
     <span class='ocr_line' id='line_1_16' title="bbox 319 1490 1895 1569; baseline 0.004 -25"><span class='ocrx_word' id='word_1_125' title='bbox 319 1508 406 1551; x_wconf 80' lang='grc' dir='ltr'><strong>τα,</strong></span> <span class='ocrx_word' id='word_1_126' title='bbox 441 1490 537 1543; x_wconf 73' lang='grc' dir='ltr'>καὶ</span> <span class='ocrx_word' id='word_1_127' title='bbox 565 1492 771 1562; x_wconf 83' lang='grc' dir='ltr'>κυρίως</span> <span class='ocrx_word' id='word_1_128' title='bbox 908 1491 1174 1564; x_wconf 86' lang='grc' dir='ltr'>λεγόμενα</span> <span class='ocrx_word' id='word_1_129' title='bbox 1203 1496 1338 1566; x_wconf 77' lang='grc' dir='ltr'>(ἔστι</span> <span class='ocrx_word' id='word_1_130' title='bbox 1367 1498 1475 1569; x_wconf 90' lang='grc' dir='ltr'><strong>γάρ</strong></span> <span class='ocrx_word' id='word_1_131' title='bbox 1510 1515 1562 1550; x_wconf 90' lang='grc' dir='ltr'><strong>τι</strong></span> <span class='ocrx_word' id='word_1_132' title='bbox 1592 1497 1686 1550; x_wconf 69' lang='grc' dir='ltr'>καὶ</span> <span class='ocrx_word' id='word_1_133' title='bbox 1721 1495 1895 1549; x_wconf 90' lang='grc' dir='ltr'>τοιοῦ-</span> 
     </span>
    </p>
   </div>
   <div class='ocr_carea' id='block_1_17' title="bbox 319 1578 1894 1662">
    <p class='ocr_par' dir='ltr' id='par_1_17' title="bbox 319 1578 1894 1662">
     <span class='ocr_line' id='line_1_17' title="bbox 319 1578 1894 1662; baseline 0.005 -30"><span class='ocrx_word' id='word_1_134' title='bbox 319 1597 407 1632; x_wconf 86' lang='grc' dir='ltr'><strong>τον</strong></span> <span class='ocrx_word' id='word_1_135' title='bbox 429 1578 568 1644; x_wconf 81' lang='grc' dir='ltr'>εἶδος</span> <span class='ocrx_word' id='word_1_136' title='bbox 590 1582 647 1633; x_wconf 83' lang='grc' dir='ltr'>ὲν</span> <span class='ocrx_word' id='word_1_137' title='bbox 667 1585 779 1646; x_wconf 86' lang='grc' dir='ltr'>τοῖς</span> <span class='ocrx_word' id='word_1_138' title='bbox 800 1583 1109 1653; x_wconf 86' lang='grc' dir='ltr'>ὁμωνύμοις</span> <span class='ocrx_word' id='word_1_139' title='bbox 1125 1602 1138 1616; x_wconf 86' lang='grc'><strong>·</strong></span> <span class='ocrx_word' id='word_1_140' title='bbox 1168 1588 1263 1639; x_wconf 72' lang='grc' dir='ltr'><strong>καὶ</strong></span> <span class='ocrx_word' id='word_1_141' title='bbox 1296 1588 1406 1641; x_wconf 76' lang='grc' dir='ltr'>εἴτε</span> <span class='ocrx_word' id='word_1_142' title='bbox 1437 1605 1488 1640; x_wconf 91' lang='grc' dir='ltr'><strong>τι</strong></span> <span class='ocrx_word' id='word_1_143' title='bbox 1516 1588 1641 1642; x_wconf 78' lang='grc' dir='ltr'>ἄλλο</span> <span class='ocrx_word' id='word_1_144' title='bbox 1663 1591 1727 1660; x_wconf 85' lang='grc' dir='ltr'><strong>τῇ</strong></span> <span class='ocrx_word' id='word_1_145' title='bbox 1754 1589 1894 1662; x_wconf 72' lang='grc' dir='ltr'>αὐτῇ</span> 
     </span>
    </p>
   </div>
   <div class='ocr_carea' id='block_1_18' title="bbox 321 1674 1897 1751">
    <p class='ocr_par' dir='ltr' id='par_1_18' title="bbox 321 1674 1897 1751">
     <span class='ocr_line' id='line_1_18' title="bbox 321 1674 1897 1751; baseline 0.006 -27"><span class='ocrx_word' id='word_1_146' title='bbox 321 1674 658 1745; x_wconf 81' lang='grc' dir='ltr'><strong>προσχρῆται</strong></span> <span class='ocrx_word' id='word_1_147' title='bbox 792 1677 1152 1747; x_wconf 80' lang='grc' dir='ltr'>προσηγορίᾳ,</span> <span class='ocrx_word' id='word_1_148' title='bbox 1187 1678 1280 1730; x_wconf 65' lang='grc' dir='ltr'><strong>καὶ⁹</strong></span> <span class='ocrx_word' id='word_1_149' title='bbox 1330 1679 1543 1749; x_wconf 82' lang='grc' dir='ltr'><strong>μετέχει</strong></span> <span class='ocrx_word' id='word_1_150' title='bbox 1569 1680 1773 1751; x_wconf 78' lang='grc' dir='ltr'><strong>ταύτης</strong></span> <span class='ocrx_word' id='word_1_151' title='bbox 1799 1680 1897 1733; x_wconf 82' lang='grc' dir='ltr'><strong>ὲπ-</strong></span> 
     </span>
    </p>
   </div>
   <div class='ocr_carea' id='block_1_19' title="bbox 327 1764 1895 1842">
    <p class='ocr_par' dir='ltr' id='par_1_19' title="bbox 327 1764 1895 1842">
     <span class='ocr_line' id='line_1_19' title="bbox 327 1764 1895 1842; baseline 0.007 -26"><span class='ocrx_word' id='word_1_152' title='bbox 327 1765 461 1835; x_wconf 82' lang='grc' dir='ltr'>ίσης,</span> <span class='ocrx_word' id='word_1_153' title='bbox 482 1768 547 1835; x_wconf 81' lang='grc' dir='ltr'>τῇ</span> <span class='ocrx_word' id='word_1_154' title='bbox 576 1766 734 1834; x_wconf 87' lang='grc' dir='ltr'>φύσει</span> <span class='ocrx_word' id='word_1_155' title='bbox 756 1766 1078 1837; x_wconf 86' lang='grc' dir='ltr'>διεστηκός).</span> <span class='ocrx_word' id='word_1_156' title='bbox 1116 1768 1252 1822; x_wconf 84' lang='grc' dir='ltr'>Ἀλλ’</span> <span class='ocrx_word' id='word_1_157' title='bbox 1280 1770 1398 1822; x_wconf 83' lang='grc' dir='ltr'>ἐκεῖ</span> <span class='ocrx_word' id='word_1_158' title='bbox 1417 1770 1535 1841; x_wconf 87' lang='grc' dir='ltr'>μὲν,</span> <span class='ocrx_word' id='word_1_159' title='bbox 1562 1764 1607 1826; x_wconf 80' lang='grc' dir='ltr'>ὧ</span> <span class='ocrx_word' id='word_1_160' title='bbox 1633 1771 1895 1842; x_wconf 79' lang='grc' dir='ltr'>βέλτιστε,</span> 
     </span>
    </p>
   </div>
   <div class='ocr_carea' id='block_1_20' title="bbox 323 1853 1898 1932">
    <p class='ocr_par' dir='ltr' id='par_1_20' title="bbox 323 1853 1898 1932">
     <span class='ocr_line' id='line_1_20' title="bbox 323 1853 1898 1932; baseline 0.008 -28"><span class='ocrx_word' id='word_1_161' title='bbox 323 1853 413 1905; x_wconf 88' lang='grc' dir='ltr'><strong>δύο</strong></span> <span class='ocrx_word' id='word_1_162' title='bbox 447 1853 639 1922; x_wconf 79' lang='grc' dir='ltr'>φύσεις</span> <span class='ocrx_word' id='word_1_163' title='bbox 658 1855 828 1918; x_wconf 76' lang='grc' dir='ltr'>τιθεὶς</span> <span class='ocrx_word' id='word_1_164' title='bbox 856 1855 965 1908; x_wconf 86' lang='grc' dir='ltr'><strong>ύπὸ</strong></span> <span class='ocrx_word' id='word_1_165' title='bbox 993 1856 1091 1926; x_wconf 83' lang='grc' dir='ltr'>τὴν</span> <span class='ocrx_word' id='word_1_166' title='bbox 1126 1857 1292 1928; x_wconf 83' lang='grc' dir='ltr'>αὐτὴν</span> <span class='ocrx_word' id='word_1_167' title='bbox 1325 1861 1718 1932; x_wconf 83' lang='grc' dir='ltr'><strong>προσηγορίαν,</strong></span> <span class='ocrx_word' id='word_1_168' title='bbox 1748 1861 1898 1916; x_wconf 79' lang='grc' dir='ltr'>οὐδὲν</span> 
     </span>
    </p>
   </div>
   <div class='ocr_carea' id='block_1_21' title="bbox 325 1945 1898 2023">
    <p class='ocr_par' dir='ltr' id='par_1_21' title="bbox 325 1945 1898 2023">
     <span class='ocr_line' id='line_1_21' title="bbox 325 1945 1898 2023; baseline 0.006 -26"><span class='ocrx_word' id='word_1_169' title='bbox 325 1945 528 2016; x_wconf 78' lang='grc' dir='ltr'>ἀμείνω</span> <span class='ocrx_word' id='word_1_170' title='bbox 558 1945 653 2016; x_wconf 85' lang='grc' dir='ltr'>τὴν</span> <span class='ocrx_word' id='word_1_171' title='bbox 679 1945 871 2016; x_wconf 80' lang='grc' dir='ltr'>ἑτέραν</span> <span class='ocrx_word' id='word_1_172' title='bbox 898 1947 996 2017; x_wconf 82' lang='grc' dir='ltr'>τῆς</span> <span class='ocrx_word' id='word_1_173' title='bbox 1026 1947 1216 2018; x_wconf 76' lang='grc' dir='ltr'>ἑτέρας</span> <span class='ocrx_word' id='word_1_174' title='bbox 1241 1950 1500 2020; x_wconf 81' lang='grc' dir='ltr'><strong>εἰσάγεις,</strong></span> <span class='ocrx_word' id='word_1_175' title='bbox 1527 1953 1648 2005; x_wconf 80' lang='grc' dir='ltr'>οὐδὲ</span> <span class='ocrx_word' id='word_1_176' title='bbox 1673 1953 1770 2023; x_wconf 83' lang='grc' dir='ltr'>τὴν</span> <span class='ocrx_word' id='word_1_177' title='bbox 1803 1953 1898 2023; x_wconf 84' lang='grc' dir='ltr'>μὲν</span> 
     </span>
    </p>
   </div>
   <div class='ocr_carea' id='block_1_22' title="bbox 326 2037 1898 2116">
    <p class='ocr_par' dir='ltr' id='par_1_22' title="bbox 326 2037 1898 2116">
     <span class='ocr_line' id='line_1_22' title="bbox 326 2037 1898 2116; baseline 0.004 -26"><span class='ocrx_word' id='word_1_178' title='bbox 326 2038 608 2110; x_wconf 85' lang='grc' dir='ltr'>πρότερον,</span> <span class='ocrx_word' id='word_1_179' title='bbox 641 2037 740 2108; x_wconf 81' lang='grc' dir='ltr'>τὴν</span> <span class='ocrx_word' id='word_1_180' title='bbox 768 2037 823 2111; x_wconf 67' lang='grc' dir='ltr'>δὲ</span> <span class='ocrx_word' id='word_1_181' title='bbox 857 2037 1103 2108; x_wconf 76' lang='grc' dir='ltr'>ὕστερον,</span> <span class='ocrx_word' id='word_1_182' title='bbox 1135 2039 1254 2092; x_wconf 80' lang='grc' dir='ltr'>οὐδὲ</span> <span class='ocrx_word' id='word_1_183' title='bbox 1277 2041 1376 2112; x_wconf 82' lang='grc' dir='ltr'>τὴν</span> <span class='ocrx_word' id='word_1_184' title='bbox 1412 2043 1509 2111; x_wconf 82' lang='grc' dir='ltr'>μὲν</span> <span class='ocrx_word' id='word_1_185' title='bbox 1545 2043 1765 2112; x_wconf 81' lang='grc' dir='ltr'>μᾶλλον,</span> <span class='ocrx_word' id='word_1_186' title='bbox 1800 2043 1898 2116; x_wconf 83' lang='grc' dir='ltr'>τὴν</span> 
     </span>
    </p>
   </div>
   <div class='ocr_carea' id='block_1_23' title="bbox 325 2125 1899 2204">
    <p class='ocr_par' dir='ltr' id='par_1_23' title="bbox 325 2125 1899 2204">
     <span class='ocr_line' id='line_1_23' title="bbox 325 2125 1899 2204; baseline 0.003 -22"><span class='ocrx_word' id='word_1_187' title='bbox 325 2130 380 2182; x_wconf 84' lang='grc' dir='ltr'>δὲ</span> <span class='ocrx_word' id='word_1_188' title='bbox 400 2125 561 2201; x_wconf 85' lang='grc' dir='ltr'>ἦττον</span> <span class='ocrx_word' id='word_1_189' title='bbox 585 2125 748 2184; x_wconf 79' lang='grc' dir='ltr'>οὖσαν</span> <span class='ocrx_word' id='word_1_190' title='bbox 775 2129 917 2183; x_wconf 85' lang='grc' dir='ltr'>τοῦθ’</span> <span class='ocrx_word' id='word_1_191' title='bbox 947 2131 1082 2202; x_wconf 86' lang='grc' dir='ltr'>ὅπερ</span> <span class='ocrx_word' id='word_1_192' title='bbox 1110 2131 1348 2200; x_wconf 84' lang='grc' dir='ltr'>λέγεται.</span> <span class='ocrx_word' id='word_1_193' title='bbox 1386 2134 1518 2186; x_wconf 82' lang='grc' dir='ltr'>Οὐδὲ</span> <span class='ocrx_word' id='word_1_194' title='bbox 1547 2135 1654 2204; x_wconf 84' lang='grc' dir='ltr'><strong>γάρ</strong></span> <span class='ocrx_word' id='word_1_195' title='bbox 1689 2152 1740 2187; x_wconf 87' lang='grc' dir='ltr'><strong>τι</strong></span> <span class='ocrx_word' id='word_1_196' title='bbox 1770 2151 1899 2187; x_wconf 89' lang='grc' dir='ltr'>συν-</span> 
     </span>
    </p>
   </div>
   <div class='ocr_carea' id='block_1_24' title="bbox 327 2221 1897 2296">
    <p class='ocr_par' dir='ltr' id='par_1_24' title="bbox 327 2221 1897 2296">
     <span class='ocr_line' id='line_1_24' title="bbox 327 2221 1897 2296; baseline 0.002 -23"><span class='ocrx_word' id='word_1_197' title='bbox 327 2221 576 2285; x_wconf 82' lang='grc' dir='ltr'>έζευκται</span> <span class='ocrx_word' id='word_1_198' title='bbox 600 2221 660 2274; x_wconf 86' lang='grc' dir='ltr'>τὸ</span> <span class='ocrx_word' id='word_1_199' title='bbox 686 2221 886 2294; x_wconf 88' lang='grc' dir='ltr'>ταύτην</span> <span class='ocrx_word' id='word_1_200' title='bbox 911 2223 1148 2296; x_wconf 82' lang='grc' dir='ltr'>παρέχον</span> <span class='ocrx_word' id='word_1_201' title='bbox 1179 2223 1368 2287; x_wconf 82' lang='grc' dir='ltr'>αὑταῖς</span> <span class='ocrx_word' id='word_1_202' title='bbox 1394 2224 1493 2295; x_wconf 79' lang='grc' dir='ltr'>τὴν</span> <span class='ocrx_word' id='word_1_203' title='bbox 1526 2225 1791 2296; x_wconf 82' lang='grc' dir='ltr'>ἀνάγκην.</span> <span class='ocrx_word' id='word_1_204' title='bbox 1823 2224 1897 2278; x_wconf 70' lang='grc' dir='ltr'><strong>Οὐ</strong></span> 
     </span>
    </p>
   </div>
   <div class='ocr_carea' id='block_1_25' title="bbox 2002 1025 3575 1109">
    <p class='ocr_par' dir='ltr' id='par_1_25' title="bbox 2002 1025 3575 1109">
     <span class='ocr_line' id='line_1_25' title="bbox 2002 1025 3575 1109; baseline 0.013 -31"><span class='ocrx_word' id='word_1_205' title='bbox 2002 1039 2166 1079; x_wconf 90' lang='lat' dir='ltr'><strong>mus:</strong></span> <span class='ocrx_word' id='word_1_206' title='bbox 2229 1025 2368 1091; x_wconf 85' lang='lat' dir='ltr'><strong>Quid</strong></span> <span class='ocrx_word' id='word_1_207' title='bbox 2420 1031 2588 1096; x_wconf 82' lang='lat' dir='ltr'><strong>ergo?</strong></span> <span class='ocrx_word' id='word_1_208' title='bbox 2645 1046 2750 1084; x_wconf 89' lang='lat' dir='ltr'><strong>non</strong></span> <span class='ocrx_word' id='word_1_209' title='bbox 2817 1037 3034 1103; x_wconf 83' lang='lat' dir='ltr'><strong>pmprie</strong></span> <span class='ocrx_word' id='word_1_210' title='bbox 3089 1036 3232 1091; x_wconf 82' lang='lat' dir='ltr'><strong>Deus</strong></span> <span class='ocrx_word' id='word_1_211' title='bbox 3269 1051 3351 1093; x_wconf 89' lang='lat' dir='ltr'><strong>est</strong></span> <span class='ocrx_word' id='word_1_212' title='bbox 3379 1025 3575 1109; x_wconf 86' lang='lat' dir='ltr'><strong>Filius,</strong></span> 
     </span>
    </p>
   </div>
   <div class='ocr_carea' id='block_1_26' title="bbox 2003 1117 3582 1191">
    <p class='ocr_par' dir='ltr' id='par_1_26' title="bbox 2003 1117 3582 1191">
     <span class='ocr_line' id='line_1_26' title="bbox 2003 1117 3582 1191; baseline 0.011 -22"><span class='ocrx_word' id='word_1_213' title='bbox 2003 1117 2458 1184; x_wconf 89' lang='lat' dir='ltr'><strong>quemadmodum</strong></span> <span class='ocrx_word' id='word_1_214' title='bbox 2493 1119 2542 1173; x_wconf 88' lang='lat' dir='ltr'><strong>id</strong></span> <span class='ocrx_word' id='word_1_215' title='bbox 2571 1122 2713 1189; x_wconf 91' lang='lat' dir='ltr'><strong>quod</strong></span> <span class='ocrx_word' id='word_1_216' title='bbox 2747 1123 2946 1191; x_wconf 84' lang='lat' dir='ltr'><strong>pietqu</strong></span> <span class='ocrx_word' id='word_1_217' title='bbox 2977 1135 3080 1190; x_wconf 90' lang='lat' dir='ltr'><strong>est,</strong></span> <span class='ocrx_word' id='word_1_218' title='bbox 3110 1142 3213 1180; x_wconf 93' lang='lat' dir='ltr'><strong>nou</strong></span> <span class='ocrx_word' id='word_1_219' title='bbox 3231 1139 3314 1182; x_wconf 85' lang='lat' dir='ltr'><strong>est</strong></span> <span class='ocrx_word' id='word_1_220' title='bbox 3342 1133 3582 1188; x_wconf 83' lang='lat' dir='ltr'><strong>animal?</strong></span> 
     </span>
    </p>
   </div>
   <div class='ocr_carea' id='block_1_27' title="bbox 2005 1207 3580 1284">
    <p class='ocr_par' dir='ltr' id='par_1_27' title="bbox 2005 1207 3580 1284">
     <span class='ocr_line' id='line_1_27' title="bbox 2005 1207 3580 1284; baseline 0.011 -25"><span class='ocrx_word' id='word_1_221' title='bbox 2005 1207 2285 1273; x_wconf 77' lang='lat' dir='ltr'><strong>Quomodo</strong></span> <span class='ocrx_word' id='word_1_222' title='bbox 2324 1223 2453 1279; x_wconf 86' lang='lat' dir='ltr'><strong>ergo</strong></span> <span class='ocrx_word' id='word_1_223' title='bbox 2487 1211 2646 1272; x_wconf 87' lang='lat' dir='ltr'><strong>Deus,</strong></span> <span class='ocrx_word' id='word_1_224' title='bbox 2679 1213 2722 1265; x_wconf 88' lang='lat' dir='ltr'><strong>si</strong></span> <span class='ocrx_word' id='word_1_225' title='bbox 2759 1214 2899 1267; x_wconf 86' lang='lat' dir='ltr'><strong>Deus</strong></span> <span class='ocrx_word' id='word_1_226' title='bbox 2927 1217 3142 1284; x_wconf 78' lang='lat' dir='ltr'><strong>proprie</strong></span> <span class='ocrx_word' id='word_1_227' title='bbox 3168 1234 3270 1272; x_wconf 92' lang='lat' dir='ltr'><strong>nou</strong></span> <span class='ocrx_word' id='word_1_228' title='bbox 3299 1222 3414 1274; x_wconf 85' lang='lat' dir='ltr'><strong>est?</strong></span> <span class='ocrx_word' id='word_1_229' title='bbox 3473 1222 3580 1277; x_wconf 81' lang='lat' dir='ltr'><strong>Re-</strong></span> 
     </span>
    </p>
   </div>
   <div class='ocr_carea' id='block_1_28' title="bbox 2003 1301 3578 1384">
    <p class='ocr_par' dir='ltr' id='par_1_28' title="bbox 2003 1301 3578 1384">
     <span class='ocr_line' id='line_1_28' title="bbox 2003 1301 3578 1384; baseline 0.01 -30"><span class='ocrx_word' id='word_1_230' title='bbox 2003 1301 2308 1369; x_wconf 88' lang='lat' dir='ltr'><strong>spondent:</strong></span> <span class='ocrx_word' id='word_1_231' title='bbox 2336 1302 2474 1368; x_wconf 87' lang='lat' dir='ltr'><strong>Quid</strong></span> <span class='ocrx_word' id='word_1_232' title='bbox 2517 1306 2786 1373; x_wconf 86' lang='lat' dir='ltr'><strong>prohibet,</strong></span> <span class='ocrx_word' id='word_1_233' title='bbox 2835 1311 3142 1378; x_wconf 88' lang='lat' dir='ltr'><strong>quominus,</strong></span> <span class='ocrx_word' id='word_1_234' title='bbox 3168 1323 3221 1366; x_wconf 92' lang='lat' dir='ltr'><strong>et</strong></span> <span class='ocrx_word' id='word_1_235' title='bbox 3249 1315 3362 1369; x_wconf 71' lang='lat' dir='ltr'><strong>haac</strong></span> <span class='ocrx_word' id='word_1_236' title='bbox 3406 1318 3578 1384; x_wconf 66' lang='lat' dir='ltr'><strong>aequi-</strong></span> 
     </span>
    </p>
   </div>
   <div class='ocr_carea' id='block_1_29' title="bbox 2006 1390 3576 1468">
    <p class='ocr_par' dir='ltr' id='par_1_29' title="bbox 2006 1390 3576 1468">
     <span class='ocr_line' id='line_1_29' title="bbox 2006 1390 3576 1468; baseline 0.012 -28"><span class='ocrx_word' id='word_1_237' title='bbox 2006 1401 2137 1442; x_wconf 87' lang='lat' dir='ltr'><strong>voca</strong></span> <span class='ocrx_word' id='word_1_238' title='bbox 2173 1390 2307 1456; x_wconf 90' lang='lat' dir='ltr'><strong>sint,</strong></span> <span class='ocrx_word' id='word_1_239' title='bbox 2338 1400 2392 1445; x_wconf 91' lang='lat' dir='ltr'><strong>et</strong></span> <span class='ocrx_word' id='word_1_240' title='bbox 2425 1394 2641 1461; x_wconf 90' lang='lat' dir='ltr'><strong>proprie</strong></span> <span class='ocrx_word' id='word_1_241' title='bbox 2682 1403 2971 1463; x_wconf 88' lang='lat' dir='ltr'><strong>utrumque</strong></span> <span class='ocrx_word' id='word_1_242' title='bbox 3013 1398 3266 1453; x_wconf 86' lang='lat' dir='ltr'><strong>dicatur?</strong></span> <span class='ocrx_word' id='word_1_243' title='bbox 3297 1402 3373 1455; x_wconf 86' lang='lat' dir='ltr'><strong>Ac</strong></span> <span class='ocrx_word' id='word_1_244' title='bbox 3400 1406 3576 1468; x_wconf 86' lang='lat' dir='ltr'><strong>nobis,</strong></span> 
     </span>
    </p>
   </div>
   <div class='ocr_carea' id='block_1_30' title="bbox 2003 1486 3574 1564">
    <p class='ocr_par' dir='ltr' id='par_1_30' title="bbox 2003 1486 3574 1564">
     <span class='ocr_line' id='line_1_30' title="bbox 2003 1486 3574 1564; baseline 0.008 -29"><span class='ocrx_word' id='word_1_245' title='bbox 2003 1489 2057 1536; x_wconf 87' lang='lat' dir='ltr'><strong>et</strong></span> <span class='ocrx_word' id='word_1_246' title='bbox 2088 1488 2419 1550; x_wconf 83' lang='lat' dir='ltr'><strong>terrestrem,</strong></span> <span class='ocrx_word' id='word_1_247' title='bbox 2476 1493 2528 1538; x_wconf 93' lang='lat' dir='ltr'><strong>et</strong></span> <span class='ocrx_word' id='word_1_248' title='bbox 2569 1486 2831 1540; x_wconf 85' lang='lat' dir='ltr'><strong>marinum</strong></span> <span class='ocrx_word' id='word_1_249' title='bbox 2895 1503 3079 1544; x_wconf 60' lang='lat' dir='ltr'><strong>canem</strong></span> <span class='ocrx_word' id='word_1_250' title='bbox 3122 1491 3417 1559; x_wconf 77' lang='lat' dir='ltr'><strong>profereut,</strong></span> <span class='ocrx_word' id='word_1_251' title='bbox 3459 1497 3574 1564; x_wconf 89' lang='lat' dir='ltr'><strong>qui,</strong></span> 
     </span>
    </p>
   </div>
   <div class='ocr_carea' id='block_1_31' title="bbox 2005 1574 3579 1650">
    <p class='ocr_par' dir='ltr' id='par_1_31' title="bbox 2005 1574 3579 1650">
     <span class='ocr_line' id='line_1_31' title="bbox 2005 1574 3579 1650; baseline 0.01 -25"><span class='ocrx_word' id='word_1_252' title='bbox 2005 1587 2124 1626; x_wconf 91' lang='lat' dir='ltr'><strong>cum</strong></span> <span class='ocrx_word' id='word_1_253' title='bbox 2158 1574 2256 1629; x_wconf 89' lang='lat' dir='ltr'><strong>sub</strong></span> <span class='ocrx_word' id='word_1_254' title='bbox 2302 1576 2491 1630; x_wconf 90' lang='lat' dir='ltr'><strong>eodem</strong></span> <span class='ocrx_word' id='word_1_255' title='bbox 2547 1578 2764 1632; x_wconf 89' lang='lat' dir='ltr'><strong>nomine</strong></span> <span class='ocrx_word' id='word_1_256' title='bbox 2813 1578 3076 1633; x_wconf 85' lang='lat' dir='ltr'><strong>diversam</strong></span> <span class='ocrx_word' id='word_1_257' title='bbox 3130 1582 3579 1650; x_wconf 79' lang='lat' dir='ltr'><strong>signiﬁcationem</strong></span> 
     </span>
    </p>
   </div>
   <div class='ocr_carea' id='block_1_32' title="bbox 2007 1664 3579 1746">
    <p class='ocr_par' dir='ltr' id='par_1_32' title="bbox 2007 1664 3579 1746">
     <span class='ocr_line' id='line_1_32' title="bbox 2007 1664 3579 1746; baseline 0.008 -27"><span class='ocrx_word' id='word_1_258' title='bbox 2007 1664 2268 1732; x_wconf 88' lang='lat' dir='ltr'><strong>habeant,</strong></span> <span class='ocrx_word' id='word_1_259' title='bbox 2298 1667 2518 1736; x_wconf 86' lang='lat' dir='ltr'><strong>proprie</strong></span> <span class='ocrx_word' id='word_1_260' title='bbox 2547 1677 2726 1723; x_wconf 88' lang='lat' dir='ltr'><strong>tamen</strong></span> <span class='ocrx_word' id='word_1_261' title='bbox 2762 1670 3034 1725; x_wconf 87' lang='lat' dir='ltr'><strong>dicuntur.</strong></span> <span class='ocrx_word' id='word_1_262' title='bbox 3062 1670 3180 1744; x_wconf 88' lang='lat' dir='ltr'><strong>(Est</strong></span> <span class='ocrx_word' id='word_1_263' title='bbox 3218 1676 3360 1728; x_wconf 91' lang='lat' dir='ltr'><strong>enim</strong></span> <span class='ocrx_word' id='word_1_264' title='bbox 3394 1676 3579 1746; x_wconf 82' lang='lat' dir='ltr'><strong>hujus—</strong></span> 
     </span>
    </p>
   </div>
   <div class='ocr_carea' id='block_1_33' title="bbox 2008 1755 3576 1832">
    <p class='ocr_par' dir='ltr' id='par_1_33' title="bbox 2008 1755 3576 1832">
     <span class='ocr_line' id='line_1_33' title="bbox 2008 1755 3576 1832; baseline 0.01 -24"><span class='ocrx_word' id='word_1_265' title='bbox 2008 1755 2154 1810; x_wconf 90' lang='lat' dir='ltr'><strong>modi</strong></span> <span class='ocrx_word' id='word_1_266' title='bbox 2179 1772 2392 1826; x_wconf 91' lang='lat' dir='ltr'><strong>quoque</strong></span> <span class='ocrx_word' id='word_1_267' title='bbox 2421 1759 2630 1827; x_wconf 89' lang='lat' dir='ltr'><strong>species</strong></span> <span class='ocrx_word' id='word_1_268' title='bbox 2663 1761 2907 1828; x_wconf 65' lang='lat' dir='ltr'><strong>quaedam</strong></span> <span class='ocrx_word' id='word_1_269' title='bbox 2941 1761 3084 1815; x_wconf 84' lang='lat' dir='ltr'><strong>inter</strong></span> <span class='ocrx_word' id='word_1_270' title='bbox 3110 1765 3421 1832; x_wconf 77' lang='lat' dir='ltr'><strong>:equivoca;</strong></span> <span class='ocrx_word' id='word_1_271' title='bbox 3456 1779 3507 1822; x_wconf 93' lang='lat' dir='ltr'><strong>et</strong></span> <span class='ocrx_word' id='word_1_272' title='bbox 3534 1771 3576 1824; x_wconf 90' lang='lat' dir='ltr'><strong>si</strong></span> 
     </span>
    </p>
   </div>
   <div class='ocr_carea' id='block_1_34' title="bbox 2004 1848 3580 1932">
    <p class='ocr_par' dir='ltr' id='par_1_34' title="bbox 2004 1848 3580 1932">
     <span class='ocr_line' id='line_1_34' title="bbox 2004 1848 3580 1932; baseline 0.01 -30"><span class='ocrx_word' id='word_1_273' title='bbox 2004 1848 2133 1917; x_wconf 86' lang='lat' dir='ltr'><strong>quid</strong></span> <span class='ocrx_word' id='word_1_274' title='bbox 2160 1849 2324 1916; x_wconf 84' lang='lat' dir='ltr'><strong>aliud,</strong></span> <span class='ocrx_word' id='word_1_275' title='bbox 2351 1850 2490 1919; x_wconf 90' lang='lat' dir='ltr'><strong>quod</strong></span> <span class='ocrx_word' id='word_1_276' title='bbox 2516 1853 2704 1906; x_wconf 87' lang='lat' dir='ltr'><strong>eadem</strong></span> <span class='ocrx_word' id='word_1_277' title='bbox 2729 1854 3094 1923; x_wconf 87' lang='lat' dir='ltr'><strong>appellatione</strong></span> <span class='ocrx_word' id='word_1_278' title='bbox 3127 1866 3328 1925; x_wconf 89' lang='lat' dir='ltr'><strong>utatur,</strong></span> <span class='ocrx_word' id='word_1_279' title='bbox 3358 1861 3580 1932; x_wconf 77' lang='lat' dir='ltr'><strong>ejusque</strong></span> 
     </span>
    </p>
   </div>
   <div class='ocr_carea' id='block_1_35' title="bbox 2005 1942 3581 2009">
    <p class='ocr_par' dir='ltr' id='par_1_35' title="bbox 2005 1942 3581 2009">
     <span class='ocr_line' id='line_1_35' title="bbox 2005 1942 3581 2009; baseline 0.011 -19"><span class='ocrx_word' id='word_1_280' title='bbox 2005 1951 2257 2007; x_wconf 57' lang='lat' dir='ltr'><strong>pera‘que</strong></span> <span class='ocrx_word' id='word_1_281' title='bbox 2287 1942 2560 2009; x_wconf 82' lang='lat' dir='ltr'><strong>particeps</strong></span> <span class='ocrx_word' id='word_1_282' title='bbox 2585 1942 2677 2006; x_wconf 91' lang='lat' dir='ltr'><strong>sit,</strong></span> <span class='ocrx_word' id='word_1_283' title='bbox 2712 1958 2834 1997; x_wconf 88' lang='lat' dir='ltr'><strong>cum</strong></span> <span class='ocrx_word' id='word_1_284' title='bbox 2868 1945 3083 2000; x_wconf 85' lang='lat' dir='ltr'><strong>interim</strong></span> <span class='ocrx_word' id='word_1_285' title='bbox 3124 1959 3329 2004; x_wconf 70' lang='lat' dir='ltr'><strong>natura:</strong></span> <span class='ocrx_word' id='word_1_286' title='bbox 3373 1955 3581 2008; x_wconf 85' lang='lat' dir='ltr'><strong>ratione</strong></span> 
     </span>
    </p>
   </div>
   <div class='ocr_carea' id='block_1_36' title="bbox 2008 2028 3580 2101">
    <p class='ocr_par' dir='ltr' id='par_1_36' title="bbox 2008 2028 3580 2101">
     <span class='ocr_line' id='line_1_36' title="bbox 2008 2028 3580 2101; baseline 0.01 -18"><span class='ocrx_word' id='word_1_287' title='bbox 2008 2028 2317 2100; x_wconf 88' lang='lat' dir='ltr'><strong>dissideat.)</strong></span> <span class='ocrx_word' id='word_1_288' title='bbox 2349 2033 2442 2096; x_wconf 87' lang='lat' dir='ltr'><strong>At,</strong></span> <span class='ocrx_word' id='word_1_289' title='bbox 2480 2033 2564 2085; x_wconf 89' lang='lat' dir='ltr'><strong>vir</strong></span> <span class='ocrx_word' id='word_1_290' title='bbox 2608 2033 2834 2101; x_wconf 83' lang='lat' dir='ltr'><strong>Optime,</strong></span> <span class='ocrx_word' id='word_1_291' title='bbox 2877 2052 2999 2089; x_wconf 89' lang='lat' dir='ltr'><strong>cum</strong></span> <span class='ocrx_word' id='word_1_292' title='bbox 3052 2038 3161 2093; x_wconf 91' lang='lat' dir='ltr'><strong>illic</strong></span> <span class='ocrx_word' id='word_1_293' title='bbox 3194 2042 3328 2096; x_wconf 87' lang='lat' dir='ltr'><strong>duas</strong></span> <span class='ocrx_word' id='word_1_294' title='bbox 3360 2056 3580 2098; x_wconf 90' lang='lat' dir='ltr'><strong>naturas</strong></span> 
     </span>
    </p>
   </div>
   <div class='ocr_carea' id='block_1_37' title="bbox 2006 2121 3579 2195">
    <p class='ocr_par' dir='ltr' id='par_1_37' title="bbox 2006 2121 3579 2195">
     <span class='ocr_line' id='line_1_37' title="bbox 2006 2121 3579 2195; baseline 0.01 -21"><span class='ocrx_word' id='word_1_295' title='bbox 2006 2121 2108 2175; x_wconf 88' lang='lat' dir='ltr'><strong>sub</strong></span> <span class='ocrx_word' id='word_1_296' title='bbox 2155 2123 2344 2177; x_wconf 89' lang='lat' dir='ltr'><strong>eadem</strong></span> <span class='ocrx_word' id='word_1_297' title='bbox 2387 2123 2746 2192; x_wconf 87' lang='lat' dir='ltr'><strong>appellatione</strong></span> <span class='ocrx_word' id='word_1_298' title='bbox 2791 2127 3048 2195; x_wconf 82' lang='lat' dir='ltr'><strong>collocas,</strong></span> <span class='ocrx_word' id='word_1_299' title='bbox 3115 2143 3362 2185; x_wconf 89' lang='lat' dir='ltr'><strong>neutram</strong></span> <span class='ocrx_word' id='word_1_300' title='bbox 3413 2135 3579 2189; x_wconf 84' lang='lat' dir='ltr'><strong>altera</strong></span> 
     </span>
    </p>
   </div>
   <div class='ocr_carea' id='block_1_38' title="bbox 2008 2214 3578 2293">
    <p class='ocr_par' dir='ltr' id='par_1_38' title="bbox 2008 2214 3578 2293">
     <span class='ocr_line' id='line_1_38' title="bbox 2008 2214 3578 2293; baseline 0.01 -29"><span class='ocrx_word' id='word_1_301' title='bbox 2008 2214 2445 2281; x_wconf 73' lang='lat' dir='ltr'><strong>przestantiorem</strong></span> <span class='ocrx_word' id='word_1_302' title='bbox 2501 2215 2842 2282; x_wconf 89' lang='lat' dir='ltr'><strong>iutroducis;</strong></span> <span class='ocrx_word' id='word_1_303' title='bbox 2896 2233 2997 2273; x_wconf 89' lang='lat' dir='ltr'><strong>nec</strong></span> <span class='ocrx_word' id='word_1_304' title='bbox 3043 2220 3270 2275; x_wconf 86' lang='lat' dir='ltr'><strong>alteram</strong></span> <span class='ocrx_word' id='word_1_305' title='bbox 3321 2226 3578 2293; x_wconf 86' lang='lat' dir='ltr'><strong>priorem,</strong></span> 
     </span>
    </p>
   </div>
   <div class='ocr_carea' id='block_1_39' title="bbox 328 2299 1902 2386">
    <p class='ocr_par' dir='ltr' id='par_1_39' title="bbox 328 2308 1897 2385">
     <span class='ocr_line' id='line_1_39' title="bbox 328 2308 1897 2385; baseline 0.002 -21"><span class='ocrx_word' id='word_1_306' title='bbox 328 2312 434 2383; x_wconf 83' lang='grc' dir='ltr'><strong>γὰρ</strong></span> <span class='ocrx_word' id='word_1_307' title='bbox 455 2315 482 2365; x_wconf 88' lang='grc' dir='ltr'><strong>ὁ</strong></span> <span class='ocrx_word' id='word_1_308' title='bbox 507 2313 607 2382; x_wconf 83' lang='grc' dir='ltr'>μὲν</span> <span class='ocrx_word' id='word_1_309' title='bbox 636 2313 833 2383; x_wconf 84' lang='grc' dir='ltr'>μᾶλλον</span> <span class='ocrx_word' id='word_1_310' title='bbox 866 2315 1034 2379; x_wconf 85' lang='grc' dir='ltr'>κύων,</span> <span class='ocrx_word' id='word_1_311' title='bbox 1061 2317 1088 2367; x_wconf 89' lang='lat'><strong>6</strong></span> <span class='ocrx_word' id='word_1_312' title='bbox 1115 2315 1171 2366; x_wconf 79' lang='grc' dir='ltr'>δὲ</span> <span class='ocrx_word' id='word_1_313' title='bbox 1195 2308 1355 2385; x_wconf 79' lang='grc' dir='ltr'>ἦττον</span> <span class='ocrx_word' id='word_1_314' title='bbox 1383 2314 1477 2367; x_wconf 87' lang='grc' dir='ltr'><strong>τοῦ</strong></span> <span class='ocrx_word' id='word_1_315' title='bbox 1500 2314 1686 2385; x_wconf 83' lang='grc' dir='ltr'>ἑτέρου</span> <span class='ocrx_word' id='word_1_316' title='bbox 1718 2313 1897 2381; x_wconf 83' lang='grc' dir='ltr'>κυνὸς,</span> 
     </span>
    </p>
   </div>
   <div class='ocr_carea' id='block_1_40' title="bbox 2009 2299 3582 2386">
    <p class='ocr_par' dir='ltr' id='par_1_40' title="bbox 2009 2299 3582 2386">
     <span class='ocr_line' id='line_1_40' title="bbox 2009 2299 3582 2386; baseline 0.01 -30"><span class='ocrx_word' id='word_1_317' title='bbox 2009 2303 2238 2358; x_wconf 89' lang='lat' dir='ltr'><strong>alteram</strong></span> <span class='ocrx_word' id='word_1_318' title='bbox 2299 2307 2700 2374; x_wconf 81' lang='lat' dir='ltr'><strong>posteriorem;</strong></span> <span class='ocrx_word' id='word_1_319' title='bbox 2753 2323 2851 2362; x_wconf 90' lang='lat' dir='ltr'><strong>nec</strong></span> <span class='ocrx_word' id='word_1_320' title='bbox 2912 2299 3146 2380; x_wconf 83' lang='lat' dir='ltr'><strong>denique</strong></span> <span class='ocrx_word' id='word_1_321' title='bbox 3186 2313 3409 2368; x_wconf 83' lang='lat' dir='ltr'><strong>alteram</strong></span> <span class='ocrx_word' id='word_1_322' title='bbox 3462 2334 3582 2386; x_wconf 83' lang='lat' dir='ltr'><strong>quae</strong></span> 
     </span>
    </p>
   </div>
   <div class='ocr_carea' id='block_1_41' title="bbox 327 2397 1900 2477">
    <p class='ocr_par' dir='ltr' id='par_1_41' title="bbox 327 2397 1900 2477">
     <span class='ocr_line' id='line_1_41' title="bbox 327 2397 1900 2477; baseline 0.002 -22"><span class='ocrx_word' id='word_1_323' title='bbox 327 2399 435 2456; x_wconf 76' lang='grc' dir='ltr'>οἷον</span> <span class='ocrx_word' id='word_1_324' title='bbox 465 2407 494 2456; x_wconf 90' lang='lat'><strong>6</strong></span> <span class='ocrx_word' id='word_1_325' title='bbox 516 2404 798 2468; x_wconf 84' lang='grc' dir='ltr'>θαλάττιος</span> <span class='ocrx_word' id='word_1_326' title='bbox 830 2404 923 2458; x_wconf 85' lang='grc' dir='ltr'><strong>τοῦ</strong></span> <span class='ocrx_word' id='word_1_327' title='bbox 946 2406 1220 2477; x_wconf 83' lang='grc' dir='ltr'>χερσαίου,</span> <span class='ocrx_word' id='word_1_328' title='bbox 1258 2405 1290 2477; x_wconf 83' lang='grc' dir='ltr'>ἢ</span> <span class='ocrx_word' id='word_1_329' title='bbox 1324 2407 1352 2458; x_wconf 93' lang='lat'><strong>6</strong></span> <span class='ocrx_word' id='word_1_330' title='bbox 1382 2397 1633 2477; x_wconf 72' lang='grc' dir='ltr'>χερσαῖος</span> <span class='ocrx_word' id='word_1_331' title='bbox 1665 2405 1900 2476; x_wconf 75' lang='grc' dir='ltr'>ἔμπαλιν</span> 
     </span>
    </p>
   </div>
   <div class='ocr_carea' id='block_1_42' title="bbox 329 2492 1898 2570">
    <p class='ocr_par' dir='ltr' id='par_1_42' title="bbox 329 2492 1898 2570">
     <span class='ocr_line' id='line_1_42' title="bbox 329 2492 1898 2570; baseline 0.003 -24"><span class='ocrx_word' id='word_1_332' title='bbox 329 2492 420 2546; x_wconf 85' lang='grc' dir='ltr'><strong>τοῦ</strong></span> <span class='ocrx_word' id='word_1_333' title='bbox 452 2493 770 2548; x_wconf 87' lang='grc' dir='ltr'>θαλαττίου·</span> <span class='ocrx_word' id='word_1_334' title='bbox 810 2496 897 2550; x_wconf 86' lang='grc' dir='ltr'>διὰ</span> <span class='ocrx_word' id='word_1_335' title='bbox 921 2499 973 2551; x_wconf 89' lang='grc' dir='ltr'><strong>τί</strong></span> <span class='ocrx_word' id='word_1_336' title='bbox 1013 2497 1140 2570; x_wconf 86' lang='grc' dir='ltr'>γὰρ,</span> <span class='ocrx_word' id='word_1_337' title='bbox 1167 2498 1200 2566; x_wconf 83' lang='grc' dir='ltr'>ἦ</span> <span class='ocrx_word' id='word_1_338' title='bbox 1239 2497 1376 2551; x_wconf 84' lang='grc' dir='ltr'>κατὰ</span> <span class='ocrx_word' id='word_1_339' title='bbox 1395 2496 1514 2548; x_wconf 87' lang='grc' dir='ltr'>τίνα</span> <span class='ocrx_word' id='word_1_340' title='bbox 1542 2497 1726 2566; x_wconf 87' lang='grc' dir='ltr'>λὸγον;</span> <span class='ocrx_word' id='word_1_341' title='bbox 1763 2496 1898 2550; x_wconf 77' lang='grc' dir='ltr'>Ἀλλ’</span> 
     </span>
    </p>
   </div>
   <div class='ocr_carea' id='block_1_43' title="bbox 331 2586 1901 2660">
    <p class='ocr_par' dir='ltr' id='par_1_43' title="bbox 331 2586 1901 2660">
     <span class='ocr_line' id='line_1_43' title="bbox 331 2586 1901 2660; baseline 0.003 -24"><span class='ocrx_word' id='word_1_342' title='bbox 331 2586 387 2636; x_wconf 84' lang='grc' dir='ltr'>ὲν</span> <span class='ocrx_word' id='word_1_343' title='bbox 425 2586 711 2657; x_wconf 79' lang='grc' dir='ltr'>ὁμοτίμοις</span> <span class='ocrx_word' id='word_1_344' title='bbox 764 2589 1050 2660; x_wconf 84' lang='grc' dir='ltr'>πράγμασι</span> <span class='ocrx_word' id='word_1_345' title='bbox 1088 2590 1182 2642; x_wconf 77' lang='grc' dir='ltr'>καὶ</span> <span class='ocrx_word' id='word_1_346' title='bbox 1219 2587 1514 2659; x_wconf 79' lang='grc' dir='ltr'>διαφόροις,</span> <span class='ocrx_word' id='word_1_347' title='bbox 1559 2588 1592 2658; x_wconf 81' lang='grc' dir='ltr'>ἡ</span> <span class='ocrx_word' id='word_1_348' title='bbox 1649 2586 1901 2641; x_wconf 87' lang='grc' dir='ltr'>κοινωνία</span> 
     </span>
    </p>
   </div>
   <div class='ocr_carea' id='block_1_44' title="bbox 331 2676 1901 2751">
    <p class='ocr_par' dir='ltr' id='par_1_44' title="bbox 331 2676 1901 2751">
     <span class='ocr_line' id='line_1_44' title="bbox 331 2676 1901 2751; baseline 0.004 -22"><span class='ocrx_word' id='word_1_349' title='bbox 331 2676 426 2745; x_wconf 83' lang='grc' dir='ltr'>τῆς</span> <span class='ocrx_word' id='word_1_350' title='bbox 459 2677 725 2748; x_wconf 82' lang='grc' dir='ltr'>κλήσεως.</span> <span class='ocrx_word' id='word_1_351' title='bbox 772 2679 1036 2734; x_wconf 82' lang='grc' dir='ltr'>Ἐνταῦθα</span> <span class='ocrx_word' id='word_1_352' title='bbox 1071 2679 1126 2732; x_wconf 82' lang='grc' dir='ltr'>δὲ</span> <span class='ocrx_word' id='word_1_353' title='bbox 1159 2680 1238 2750; x_wconf 76' lang='grc' dir='ltr'><strong>τῷ</strong></span> <span class='ocrx_word' id='word_1_354' title='bbox 1273 2679 1393 2750; x_wconf 82' lang='grc' dir='ltr'><strong>Θεῷ</strong></span> <span class='ocrx_word' id='word_1_355' title='bbox 1429 2681 1809 2751; x_wconf 77' lang='grc' dir='ltr'>παραζευγνὺς</span> <span class='ocrx_word' id='word_1_356' title='bbox 1840 2680 1901 2734; x_wconf 77' lang='grc' dir='ltr'>τὸ</span> 
     </span>
    </p>
   </div>
   <div class='ocr_carea' id='block_1_45' title="bbox 333 2766 1899 2840">
    <p class='ocr_par' dir='ltr' id='par_1_45' title="bbox 333 2766 1899 2840">
     <span class='ocr_line' id='line_1_45' title="bbox 333 2766 1899 2840; baseline 0.003 -20"><span class='ocrx_word' id='word_1_357' title='bbox 333 2769 647 2838; x_wconf 78' lang='grc' dir='ltr'>σεϐάσμιον,</span> <span class='ocrx_word' id='word_1_358' title='bbox 671 2769 764 2821; x_wconf 71' lang='grc' dir='ltr'><strong>καί¹</strong></span> <span class='ocrx_word' id='word_1_359' title='bbox 785 2771 845 2823; x_wconf 77' lang='grc' dir='ltr'>τὸ</span> <span class='ocrx_word' id='word_1_360' title='bbox 871 2770 1010 2840; x_wconf 85' lang='grc' dir='ltr'>ὑπὲρ</span> <span class='ocrx_word' id='word_1_361' title='bbox 1033 2772 1212 2824; x_wconf 80' lang='grc' dir='ltr'>πᾶσαν</span> <span class='ocrx_word' id='word_1_362' title='bbox 1234 2770 1420 2824; x_wconf 75' lang='grc' dir='ltr'>οὐσίαν</span> <span class='ocrx_word' id='word_1_363' title='bbox 1443 2766 1580 2825; x_wconf 76' lang='grc' dir='ltr'>εἶναι</span> <span class='ocrx_word' id='word_1_364' title='bbox 1605 2772 1697 2824; x_wconf 73' lang='grc' dir='ltr'>καὶ</span> <span class='ocrx_word' id='word_1_365' title='bbox 1718 2772 1899 2840; x_wconf 83' lang='grc' dir='ltr'>φύσιν,</span> 
     </span>
    </p>
   </div>
   <div class='ocr_carea' id='block_1_46' title="bbox 330 2858 1901 2933">
    <p class='ocr_par' dir='ltr' id='par_1_46' title="bbox 330 2858 1901 2933">
     <span class='ocr_line' id='line_1_46' title="bbox 330 2858 1901 2933; baseline 0.004 -23"><span class='ocrx_word' id='word_1_366' title='bbox 330 2858 359 2910; x_wconf 81' lang='grc' dir='ltr'><strong>ὃ</strong></span> <span class='ocrx_word' id='word_1_367' title='bbox 385 2859 545 2929; x_wconf 88' lang='grc' dir='ltr'>μόνου</span> <span class='ocrx_word' id='word_1_368' title='bbox 586 2859 719 2913; x_wconf 83' lang='grc' dir='ltr'>Θεοῦ</span> <span class='ocrx_word' id='word_1_369' title='bbox 749 2861 841 2913; x_wconf 79' lang='grc' dir='ltr'>καὶ</span> <span class='ocrx_word' id='word_1_370' title='bbox 867 2861 1029 2914; x_wconf 89' lang='grc' dir='ltr'>οἰονεί</span> <span class='ocrx_word' id='word_1_371' title='bbox 1057 2860 1216 2929; x_wconf 84' lang='grc' dir='ltr'>φύσις</span> <span class='ocrx_word' id='word_1_372' title='bbox 1243 2861 1513 2932; x_wconf 85' lang='grc' dir='ltr'>θεότητος,</span> <span class='ocrx_word' id='word_1_373' title='bbox 1544 2858 1663 2916; x_wconf 79' lang='grc' dir='ltr'>εἶτα</span> <span class='ocrx_word' id='word_1_374' title='bbox 1687 2862 1763 2933; x_wconf 82' lang='grc' dir='ltr'><strong>τῷ</strong></span> <span class='ocrx_word' id='word_1_375' title='bbox 1791 2864 1901 2917; x_wconf 80' lang='lat' dir='ltr'><strong>Ila-</strong></span> 
     </span>
    </p>
   </div>
   <div class='ocr_carea' id='block_1_47' title="bbox 327 2950 1900 3024">
    <p class='ocr_par' dir='ltr' id='par_1_47' title="bbox 327 2950 1900 3024">
     <span class='ocr_line' id='line_1_47' title="bbox 327 2950 1900 3024; baseline 0.003 -22"><span class='ocrx_word' id='word_1_376' title='bbox 327 2951 415 3020; x_wconf 77' lang='grc' dir='ltr'>τρὶ</span> <span class='ocrx_word' id='word_1_377' title='bbox 438 2950 535 3020; x_wconf 83' lang='grc' dir='ltr'>μὲν</span> <span class='ocrx_word' id='word_1_378' title='bbox 565 2950 722 3004; x_wconf 86' lang='grc' dir='ltr'>τοῦτο</span> <span class='ocrx_word' id='word_1_379' title='bbox 744 2951 942 3016; x_wconf 82' lang='grc' dir='ltr'>διδοὺς,</span> <span class='ocrx_word' id='word_1_380' title='bbox 967 2951 1058 3005; x_wconf 84' lang='grc' dir='ltr'>τὸν</span> <span class='ocrx_word' id='word_1_381' title='bbox 1085 2952 1212 3005; x_wconf 85' lang='grc' dir='ltr'>Υἰὸν</span> <span class='ocrx_word' id='word_1_382' title='bbox 1234 2951 1290 3004; x_wconf 83' lang='grc' dir='ltr'>δὲ</span> <span class='ocrx_word' id='word_1_383' title='bbox 1309 2953 1625 3024; x_wconf 84' lang='grc' dir='ltr'>ἀποστερῶν</span> <span class='ocrx_word' id='word_1_384' title='bbox 1652 2954 1746 3008; x_wconf 72' lang='grc' dir='ltr'>καὶ</span> <span class='ocrx_word' id='word_1_385' title='bbox 1767 2955 1900 3007; x_wconf 90' lang='grc' dir='ltr'>ύπο-</span> 
     </span>
    </p>
   </div>
   <div class='ocr_carea' id='block_1_48' title="bbox 326 3039 1902 3114">
    <p class='ocr_par' dir='ltr' id='par_1_48' title="bbox 326 3039 1902 3114">
     <span class='ocr_line' id='line_1_48' title="bbox 326 3039 1902 3114; baseline 0.002 -22"><span class='ocrx_word' id='word_1_386' title='bbox 326 3039 516 3104; x_wconf 77' lang='grc' dir='ltr'>τιθείς,</span> <span class='ocrx_word' id='word_1_387' title='bbox 541 3042 635 3094; x_wconf 75' lang='grc' dir='ltr'>καὶ</span> <span class='ocrx_word' id='word_1_388' title='bbox 656 3040 724 3094; x_wconf 87' lang='grc' dir='ltr'>τὰ</span> <span class='ocrx_word' id='word_1_389' title='bbox 748 3040 974 3112; x_wconf 87' lang='grc' dir='ltr'>δεύτερα</span> <span class='ocrx_word' id='word_1_390' title='bbox 999 3041 1178 3112; x_wconf 82' lang='grc' dir='ltr'>νέμων</span> <span class='ocrx_word' id='word_1_391' title='bbox 1201 3040 1348 3112; x_wconf 82' lang='grc' dir='ltr'>αὐτῷ</span> <span class='ocrx_word' id='word_1_392' title='bbox 1368 3041 1469 3111; x_wconf 82' lang='grc' dir='ltr'>τῆς</span> <span class='ocrx_word' id='word_1_393' title='bbox 1497 3045 1661 3112; x_wconf 84' lang='grc' dir='ltr'>τιμῆς</span> <span class='ocrx_word' id='word_1_394' title='bbox 1690 3041 1902 3114; x_wconf 73' lang='grc' dir='ltr'>καὶτῆς</span> 
     </span>
    </p>
   </div>
   <div class='ocr_carea' id='block_1_49' title="bbox 326 3129 1900 3202">
    <p class='ocr_par' dir='ltr' id='par_1_49' title="bbox 326 3129 1900 3202">
     <span class='ocr_line' id='line_1_49' title="bbox 326 3129 1900 3202; baseline 0.003 -21"><span class='ocrx_word' id='word_1_395' title='bbox 326 3131 772 3200; x_wconf 82' lang='grc' dir='ltr'>προσκυνήσεως,</span> <span class='ocrx_word' id='word_1_396' title='bbox 805 3131 906 3183; x_wconf 81' lang='grc' dir='ltr'>κᾶν</span> <span class='ocrx_word' id='word_1_397' title='bbox 935 3133 1053 3196; x_wconf 86' lang='grc' dir='ltr'>ταῖς</span> <span class='ocrx_word' id='word_1_398' title='bbox 1083 3131 1369 3195; x_wconf 75' lang='grc' dir='ltr'>συλλαϐαῖς</span> <span class='ocrx_word' id='word_1_399' title='bbox 1392 3129 1590 3202; x_wconf 78' lang='grc' dir='ltr'>χαρίζῃ</span> <span class='ocrx_word' id='word_1_400' title='bbox 1610 3131 1670 3184; x_wconf 84' lang='grc' dir='ltr'>τὸ</span> <span class='ocrx_word' id='word_1_401' title='bbox 1698 3133 1900 3202; x_wconf 83' lang='grc' dir='ltr'>ὅμοιον,</span> 
     </span>
    </p>
   </div>
   <div class='ocr_carea' id='block_1_50' title="bbox 319 3218 1902 3292">
    <p class='ocr_par' dir='ltr' id='par_1_50' title="bbox 319 3218 1902 3292">
     <span class='ocr_line' id='line_1_50' title="bbox 319 3218 1902 3292; baseline 0.002 -20"><span class='ocrx_word' id='word_1_402' title='bbox 319 3218 404 3290; x_wconf 79' lang='grc' dir='ltr'>τῷ</span> <span class='ocrx_word' id='word_1_403' title='bbox 429 3219 715 3289; x_wconf 85' lang='grc' dir='ltr'>πράγματι</span> <span class='ocrx_word' id='word_1_404' title='bbox 741 3220 838 3291; x_wconf 83' lang='grc' dir='ltr'>τὴν</span> <span class='ocrx_word' id='word_1_405' title='bbox 868 3221 1097 3291; x_wconf 86' lang='grc' dir='ltr'>θεότητα</span> <span class='ocrx_word' id='word_1_406' title='bbox 1120 3222 1488 3291; x_wconf 85' lang='grc' dir='ltr'>περικόπτεις,</span> <span class='ocrx_word' id='word_1_407' title='bbox 1517 3222 1612 3275; x_wconf 64' lang='grc' dir='ltr'><strong>καὶ⁴</strong></span> <span class='ocrx_word' id='word_1_408' title='bbox 1643 3222 1902 3292; x_wconf 78' lang='grc' dir='ltr'>μεταϐαί‹</span> 
     </span>
    </p>
   </div>
   <div class='ocr_carea' id='block_1_51' title="bbox 319 3310 1902 3383">
    <p class='ocr_par' dir='ltr' id='par_1_51' title="bbox 319 3310 1902 3383">
     <span class='ocr_line' id='line_1_51' title="bbox 319 3310 1902 3383; baseline 0.001 -20"><span class='ocrx_word' id='word_1_409' title='bbox 319 3327 438 3374; x_wconf 87' lang='grc' dir='ltr'>νεις</span> <span class='ocrx_word' id='word_1_410' title='bbox 467 3311 790 3380; x_wconf 84' lang='grc' dir='ltr'>κακούργως</span> <span class='ocrx_word' id='word_1_411' title='bbox 817 3311 923 3364; x_wconf 84' lang='grc' dir='ltr'><strong>ἀπὸ</strong></span> <span class='ocrx_word' id='word_1_412' title='bbox 953 3312 1050 3380; x_wconf 86' lang='grc' dir='ltr'>τῆς</span> <span class='ocrx_word' id='word_1_413' title='bbox 1077 3310 1136 3364; x_wconf 77' lang='grc' dir='ltr'><strong>τὸ</strong></span> <span class='ocrx_word' id='word_1_414' title='bbox 1162 3311 1274 3364; x_wconf 79' lang='grc' dir='ltr'>ἴσον</span> <span class='ocrx_word' id='word_1_415' title='bbox 1303 3311 1532 3382; x_wconf 70' lang='grc' dir='ltr'>ἐχούσης</span> <span class='ocrx_word' id='word_1_416' title='bbox 1561 3312 1902 3383; x_wconf 84' lang='grc' dir='ltr'>ὁμωνυμίας,</span> 
     </span>
    </p>
   </div>
   <div class='ocr_carea' id='block_1_52' title="bbox 318 3398 1900 3474">
    <p class='ocr_par' dir='ltr' id='par_1_52' title="bbox 318 3398 1900 3474">
     <span class='ocr_line' id='line_1_52' title="bbox 318 3398 1900 3474; baseline 0 -21"><span class='ocrx_word' id='word_1_417' title='bbox 318 3398 419 3453; x_wconf 73' lang='grc' dir='ltr'><strong>ἐπὶ</strong></span> <span class='ocrx_word' id='word_1_418' title='bbox 447 3399 546 3469; x_wconf 83' lang='grc' dir='ltr'>τὴν</span> <span class='ocrx_word' id='word_1_419' title='bbox 577 3399 647 3474; x_wconf 78' lang='grc' dir='ltr'><strong>τὰ</strong></span> <span class='ocrx_word' id='word_1_420' title='bbox 683 3399 756 3469; x_wconf 83' lang='grc' dir='ltr'>μὴ</span> <span class='ocrx_word' id='word_1_421' title='bbox 787 3398 879 3453; x_wconf 77' lang='grc' dir='ltr'><strong>ἴσα</strong></span> <span class='ocrx_word' id='word_1_422' title='bbox 904 3399 1248 3455; x_wconf 81' lang='grc' dir='ltr'>συνδέουσαν.</span> <span class='ocrx_word' id='word_1_423' title='bbox 1285 3401 1444 3454; x_wconf 84' lang='grc' dir='ltr'>Ὥστε</span> <span class='ocrx_word' id='word_1_424' title='bbox 1465 3403 1493 3454; x_wconf 92' lang='grc' dir='ltr'><strong>ὁ</strong></span> <span class='ocrx_word' id='word_1_425' title='bbox 1520 3400 1763 3471; x_wconf 90' lang='grc' dir='ltr'>γραπτός</span> <span class='ocrx_word' id='word_1_426' title='bbox 1795 3418 1900 3466; x_wconf 92' lang='grc' dir='ltr'>σοι,</span> 
     </span>
    </p>
   </div>
   <div class='ocr_carea' id='block_1_53' title="bbox 323 3475 1906 3563">
    <p class='ocr_par' dir='ltr' id='par_1_53' title="bbox 323 3475 1906 3563">
     <span class='ocr_line' id='line_1_53' title="bbox 323 3475 1906 3563; baseline 0.002 -19"><span class='ocrx_word' id='word_1_427' title='bbox 323 3495 426 3545; x_wconf 80' lang='grc' dir='ltr'>καὶ</span> <span class='ocrx_word' id='word_1_428' title='bbox 457 3493 488 3544; x_wconf 81' lang='lat'><strong>6</strong></span> <span class='ocrx_word' id='word_1_429' title='bbox 527 3475 634 3554; x_wconf 71' lang='grc' dir='ltr'><strong>ζῶν</strong></span> <span class='ocrx_word' id='word_1_430' title='bbox 660 3490 944 3560; x_wconf 80' lang='grc' dir='ltr'>ἅνθρωπος</span> <span class='ocrx_word' id='word_1_431' title='bbox 976 3492 1196 3562; x_wconf 84' lang='grc' dir='ltr'>μᾶλλον,</span> <span class='ocrx_word' id='word_1_432' title='bbox 1235 3492 1270 3563; x_wconf 84' lang='grc' dir='ltr'>ἢ</span> <span class='ocrx_word' id='word_1_433' title='bbox 1301 3494 1349 3545; x_wconf 89' lang='grc' dir='ltr'><strong>οἰ</strong></span> <span class='ocrx_word' id='word_1_434' title='bbox 1379 3491 1472 3545; x_wconf 87' lang='grc' dir='ltr'><strong>τοῦ</strong></span> <span class='ocrx_word' id='word_1_435' title='bbox 1510 3488 1906 3563; x_wconf 65' lang='grc' dir='ltr'>ὑπώείγματος</span> 
     </span>
    </p>
   </div>
   <div class='ocr_carea' id='block_1_54' title="bbox 325 3581 1906 3656">
    <p class='ocr_par' dir='ltr' id='par_1_54' title="bbox 325 3581 1906 3656">
     <span class='ocr_line' id='line_1_54' title="bbox 325 3581 1906 3656; baseline 0.002 -22"><span class='ocrx_word' id='word_1_436' title='bbox 325 3581 493 3646; x_wconf 85' lang='grc' dir='ltr'>κύνες</span> <span class='ocrx_word' id='word_1_437' title='bbox 520 3585 588 3654; x_wconf 80' lang='grc' dir='ltr'><strong>τῇ</strong></span> <span class='ocrx_word' id='word_1_438' title='bbox 617 3582 831 3653; x_wconf 86' lang='grc' dir='ltr'>θεότητι</span> <span class='ocrx_word' id='word_1_439' title='bbox 863 3582 1271 3654; x_wconf 79' lang='grc' dir='ltr'>πλησιάζουσιν.</span> <span class='ocrx_word' id='word_1_440' title='bbox 1308 3586 1377 3638; x_wconf 89' lang='grc' dir='ltr'><strong><em>Ἢ</em></strong></span> <span class='ocrx_word' id='word_1_441' title='bbox 1409 3585 1496 3649; x_wconf 82' lang='grc' dir='ltr'>δὸς</span> <span class='ocrx_word' id='word_1_442' title='bbox 1667 3584 1906 3656; x_wconf 79' lang='grc' dir='ltr'>ἀμφοτέ-</span> 
     </span>
    </p>
   </div>
   <div class='ocr_carea' id='block_1_55' title="bbox 327 3659 1984 3741">
    <p class='ocr_par' dir='ltr' id='par_1_55' title="bbox 327 3659 1984 3741">
     <span class='ocr_line' id='line_1_55' title="bbox 327 3659 1984 3741; baseline 0.002 -21"><span class='ocrx_word' id='word_1_443' title='bbox 327 3685 467 3741; x_wconf 81' lang='grc' dir='ltr'>ροις,</span> <span class='ocrx_word' id='word_1_444' title='bbox 498 3666 686 3736; x_wconf 83' lang='grc' dir='ltr'>ὥσπερ</span> <span class='ocrx_word' id='word_1_445' title='bbox 706 3681 805 3736; x_wconf 85' lang='grc' dir='ltr'><strong>την</strong></span> <span class='ocrx_word' id='word_1_446' title='bbox 830 3667 1113 3719; x_wconf 87' lang='grc' dir='ltr'>κοινωνίαν</span> <span class='ocrx_word' id='word_1_447' title='bbox 1130 3667 1230 3738; x_wconf 83' lang='grc' dir='ltr'>τῆς</span> <span class='ocrx_word' id='word_1_448' title='bbox 1256 3667 1520 3741; x_wconf 87' lang='grc' dir='ltr'>κλήσεως,</span> <span class='ocrx_word' id='word_1_449' title='bbox 1551 3663 1693 3724; x_wconf 70' lang='grc' dir='ltr'>οὕτω</span> <span class='ocrx_word' id='word_1_450' title='bbox 1732 3671 1788 3724; x_wconf 85' lang='grc' dir='ltr'>δὲ</span> <span class='ocrx_word' id='word_1_451' title='bbox 1817 3672 1912 3726; x_wconf 77' lang='grc' dir='ltr'>καὶ</span> <span class='ocrx_word' id='word_1_452' title='bbox 1942 3659 1984 3716; x_wconf 82' lang='lat' dir='ltr'><strong>C</strong></span> 
     </span>
    </p>
   </div>
   <div class='ocr_carea' id='block_1_56' title="bbox 321 3758 1909 3836">
    <p class='ocr_par' dir='ltr' id='par_1_56' title="bbox 321 3758 1909 3836">
     <span class='ocr_line' id='line_1_56' title="bbox 321 3758 1909 3836; baseline 0.003 -26"><span class='ocrx_word' id='word_1_453' title='bbox 321 3759 428 3831; x_wconf 75' lang='grc' dir='ltr'>τὴν</span> <span class='ocrx_word' id='word_1_454' title='bbox 460 3759 752 3829; x_wconf 81' lang='grc' dir='ltr'>ὁμοτιμίαν</span> <span class='ocrx_word' id='word_1_455' title='bbox 797 3759 906 3811; x_wconf 86' lang='grc' dir='ltr'><strong>τῶν</strong></span> <span class='ocrx_word' id='word_1_456' title='bbox 953 3758 1168 3828; x_wconf 85' lang='grc' dir='ltr'>φύσεων</span> <span class='ocrx_word' id='word_1_457' title='bbox 1227 3802 1242 3826; x_wconf 91' lang='grc'><strong>,</strong></span> <span class='ocrx_word' id='word_1_458' title='bbox 1383 3763 1432 3815; x_wconf 88' lang='grc' dir='ltr'><strong>εἰ</strong></span> <span class='ocrx_word' id='word_1_459' title='bbox 1482 3764 1576 3816; x_wconf 76' lang='grc' dir='ltr'><strong>καὶ</strong></span> <span class='ocrx_word' id='word_1_460' title='bbox 1620 3762 1909 3836; x_wconf 85' lang='grc' dir='ltr'>διαφόρους</span> 
     </span>
    </p>
   </div>
   <div class='ocr_carea' id='block_1_57' title="bbox 319 3849 1904 3919">
    <p class='ocr_par' dir='ltr' id='par_1_57' title="bbox 319 3849 1904 3919">
     <span class='ocr_line' id='line_1_57' title="bbox 319 3849 1904 3919; baseline 0.003 -17"><span class='ocrx_word' id='word_1_461' title='bbox 319 3849 532 3912; x_wconf 86' lang='grc' dir='ltr'>ταύτας</span> <span class='ocrx_word' id='word_1_462' title='bbox 560 3851 827 3919; x_wconf 84' lang='grc' dir='ltr'>εἰσάγεις·</span> <span class='ocrx_word' id='word_1_463' title='bbox 861 3849 959 3903; x_wconf 76' lang='grc' dir='ltr'>καὶ</span> <span class='ocrx_word' id='word_1_464' title='bbox 995 3850 1366 3916; x_wconf 83' lang='grc' dir='ltr'>καταλέλυκάς</span> <span class='ocrx_word' id='word_1_465' title='bbox 1406 3870 1499 3905; x_wconf 89' lang='grc' dir='ltr'><strong>σου</strong></span> <span class='ocrx_word' id='word_1_466' title='bbox 1543 3854 1666 3916; x_wconf 82' lang='grc' dir='ltr'>τοὺς</span> <span class='ocrx_word' id='word_1_467' title='bbox 1716 3854 1904 3919; x_wconf 90' lang='grc' dir='ltr'>κύνας,</span> 
     </span>
    </p>
   </div>
   <div class='ocr_carea' id='block_1_58' title="bbox 322 3938 1905 4024">
    <p class='ocr_par' dir='ltr' id='par_1_58' title="bbox 322 3938 1905 4024">
     <span class='ocr_line' id='line_1_58' title="bbox 322 3938 1905 4024; baseline 0.006 -33"><span class='ocrx_word' id='word_1_468' title='bbox 322 3938 422 4002; x_wconf 85' lang='grc' dir='ltr'>οὓς</span> <span class='ocrx_word' id='word_1_469' title='bbox 457 3939 676 4011; x_wconf 80' lang='grc' dir='ltr'>ἐξεῦρες</span> <span class='ocrx_word' id='word_1_470' title='bbox 706 3940 848 3994; x_wconf 83' lang='grc' dir='ltr'>κατὰ</span> <span class='ocrx_word' id='word_1_471' title='bbox 874 3942 974 4012; x_wconf 81' lang='grc' dir='ltr'>τῆς</span> <span class='ocrx_word' id='word_1_472' title='bbox 1001 3944 1336 4014; x_wconf 85' lang='grc' dir='ltr'>ἀνισότητος.</span> <span class='ocrx_word' id='word_1_473' title='bbox 1367 3945 1432 3997; x_wconf 86' lang='grc' dir='ltr'>Τί</span> <span class='ocrx_word' id='word_1_474' title='bbox 1456 3944 1564 4016; x_wconf 86' lang='grc' dir='ltr'><strong>γὰρ</strong></span> <span class='ocrx_word' id='word_1_475' title='bbox 1588 3945 1778 4014; x_wconf 76' lang='grc' dir='ltr'>ὖφελος</span> <span class='ocrx_word' id='word_1_476' title='bbox 1805 3948 1905 4024; x_wconf 81' lang='grc' dir='ltr'><strong>τῆς</strong></span> 
     </span>
    </p>
   </div>
   <div class='ocr_carea' id='block_1_59' title="bbox 322 4032 1903 4107">
    <p class='ocr_par' dir='ltr' id='par_1_59' title="bbox 322 4032 1903 4107">
     <span class='ocr_line' id='line_1_59' title="bbox 322 4032 1903 4107; baseline 0.003 -23"><span class='ocrx_word' id='word_1_477' title='bbox 322 4032 670 4101; x_wconf 82' lang='grc' dir='ltr'>ὁμωνυμίας,</span> <span class='ocrx_word' id='word_1_478' title='bbox 702 4035 750 4086; x_wconf 88' lang='grc' dir='ltr'><strong>εἰ</strong></span> <span class='ocrx_word' id='word_1_479' title='bbox 771 4032 831 4086; x_wconf 87' lang='grc' dir='ltr'>τὸ</span> <span class='ocrx_word' id='word_1_480' title='bbox 868 4033 1108 4106; x_wconf 86' lang='grc' dir='ltr'>ἰσότιμον</span> <span class='ocrx_word' id='word_1_481' title='bbox 1138 4034 1212 4107; x_wconf 81' lang='grc' dir='ltr'>μὴ</span> <span class='ocrx_word' id='word_1_482' title='bbox 1242 4035 1417 4107; x_wconf 73' lang='grc' dir='ltr'>ἔχοιεν</span> <span class='ocrx_word' id='word_1_483' title='bbox 1567 4038 1615 4088; x_wconf 89' lang='grc' dir='ltr'><strong>οἰ</strong></span> <span class='ocrx_word' id='word_1_484' title='bbox 1632 4036 1782 4107; x_wconf 86' lang='grc' dir='ltr'>παρὰ</span> <span class='ocrx_word' id='word_1_485' title='bbox 1807 4038 1903 4090; x_wconf 91' lang='grc' dir='ltr'><strong>σοῦ</strong></span> 
     </span>
    </p>
   </div>
   <div class='ocr_carea' id='block_1_60' title="bbox 322 4121 1904 4198">
    <p class='ocr_par' dir='ltr' id='par_1_60' title="bbox 322 4121 1904 4198">
     <span class='ocr_line' id='line_1_60' title="bbox 322 4121 1904 4198; baseline 0.003 -23"><span class='ocrx_word' id='word_1_486' title='bbox 322 4121 715 4194; x_wconf 86' lang='grc' dir='ltr'>διαιρούμενοι.</span> <span class='ocrx_word' id='word_1_487' title='bbox 757 4125 833 4178; x_wconf 81' lang='grc' dir='ltr'><strong>Οὐ</strong></span> <span class='ocrx_word' id='word_1_488' title='bbox 889 4125 998 4194; x_wconf 79' lang='grc' dir='ltr'><strong>γὰρ</strong></span> <span class='ocrx_word' id='word_1_489' title='bbox 1030 4127 1097 4179; x_wconf 76' lang='grc' dir='ltr'><strong>ἵν’</strong></span> <span class='ocrx_word' id='word_1_490' title='bbox 1287 4127 1502 4197; x_wconf 86' lang='grc' dir='ltr'>ἰσότιμα</span> <span class='ocrx_word' id='word_1_491' title='bbox 1545 4126 1745 4198; x_wconf 82' lang='grc' dir='ltr'>δείξῃς,</span> <span class='ocrx_word' id='word_1_492' title='bbox 1791 4127 1904 4180; x_wconf 80' lang='grc' dir='ltr'>ἀλλ’</span> 
     </span>
    </p>
   </div>
   <div class='ocr_carea' id='block_1_61' title="bbox 325 4213 1908 4290">
    <p class='ocr_par' dir='ltr' id='par_1_61' title="bbox 325 4213 1908 4290">
     <span class='ocr_line' id='line_1_61' title="bbox 325 4213 1908 4290; baseline 0.005 -25"><span class='ocrx_word' id='word_1_493' title='bbox 325 4213 418 4266; x_wconf 81' lang='grc' dir='ltr'><strong>ἴνα</strong></span> <span class='ocrx_word' id='word_1_494' title='bbox 449 4213 759 4286; x_wconf 80' lang='grc' dir='ltr'>ἀνισότιμα,</span> <span class='ocrx_word' id='word_1_495' title='bbox 796 4217 934 4286; x_wconf 84' lang='grc' dir='ltr'>πρὸς</span> <span class='ocrx_word' id='word_1_496' title='bbox 963 4218 1063 4290; x_wconf 79' lang='grc' dir='ltr'>τὴν</span> <span class='ocrx_word' id='word_1_497' title='bbox 1085 4219 1425 4290; x_wconf 88' lang='grc' dir='ltr'>ὁμωνυμίαν,</span> <span class='ocrx_word' id='word_1_498' title='bbox 1457 4219 1551 4272; x_wconf 73' lang='grc' dir='ltr'>καὶ</span> <span class='ocrx_word' id='word_1_499' title='bbox 1583 4221 1709 4288; x_wconf 65' lang='grc' dir='ltr'>τοὺς</span> <span class='ocrx_word' id='word_1_500' title='bbox 1737 4220 1908 4284; x_wconf 87' lang='grc' dir='ltr'>κύνας</span> 
     </span>
    </p>
   </div>
   <div class='ocr_carea' id='block_1_62' title="bbox 322 4305 1906 4384">
    <p class='ocr_par' dir='ltr' id='par_1_62' title="bbox 322 4305 1906 4384">
     <span class='ocr_line' id='line_1_62' title="bbox 322 4305 1906 4384; baseline 0.005 -28"><span class='ocrx_word' id='word_1_501' title='bbox 322 4305 654 4375; x_wconf 78' lang='grc' dir='ltr'>κατέφυγες.</span> <span class='ocrx_word' id='word_1_502' title='bbox 682 4308 806 4372; x_wconf 85' lang='grc' dir='ltr'><strong>Πῶς</strong></span> <span class='ocrx_word' id='word_1_503' title='bbox 835 4308 900 4363; x_wconf 81' lang='grc' dir='ltr'>ἄν</span> <span class='ocrx_word' id='word_1_504' title='bbox 921 4328 1003 4375; x_wconf 91' lang='grc' dir='ltr'><strong>τις</strong></span> <span class='ocrx_word' id='word_1_505' title='bbox 1042 4310 1320 4384; x_wconf 77' lang='grc' dir='ltr'>ἐλεγχθείη</span> <span class='ocrx_word' id='word_1_506' title='bbox 1358 4310 1578 4382; x_wconf 84' lang='grc' dir='ltr'>μᾶλλον,</span> <span class='ocrx_word' id='word_1_507' title='bbox 1609 4312 1704 4366; x_wconf 78' lang='grc' dir='ltr'>καὶ</span> <span class='ocrx_word' id='word_1_508' title='bbox 1729 4313 1906 4384; x_wconf 78' lang='grc' dir='ltr'>ἐαυτῷ</span> 
     </span>
    </p>
   </div>
   <div class='ocr_carea' id='block_1_63' title="bbox 325 4397 1058 4473">
    <p class='ocr_par' dir='ltr' id='par_1_63' title="bbox 325 4397 1058 4473">
     <span class='ocr_line' id='line_1_63' title="bbox 325 4397 1058 4473; baseline 0.005 -23"><span class='ocrx_word' id='word_1_509' title='bbox 325 4397 658 4468; x_wconf 84' lang='grc' dir='ltr'>μαχόμενος,</span> <span class='ocrx_word' id='word_1_510' title='bbox 689 4399 783 4452; x_wconf 81' lang='grc' dir='ltr'><strong>καί</strong></span> <span class='ocrx_word' id='word_1_511' title='bbox 816 4400 1058 4473; x_wconf 86' lang='grc' dir='ltr'>θεότητι;</span> 
     </span>
    </p>
   </div>
   <div class='ocr_carea' id='block_1_64' title="bbox 2009 2393 3580 2469">
    <p class='ocr_par' dir='ltr' id='par_1_64' title="bbox 2009 2393 3580 2469">
     <span class='ocr_line' id='line_1_64' title="bbox 2009 2393 3580 2469; baseline 0.01 -24"><span class='ocrx_word' id='word_1_512' title='bbox 2009 2394 2204 2463; x_wconf 89' lang='lat' dir='ltr'><strong>magis,</strong></span> <span class='ocrx_word' id='word_1_513' title='bbox 2236 2393 2459 2448; x_wconf 87' lang='lat' dir='ltr'><strong>alteram</strong></span> <span class='ocrx_word' id='word_1_514' title='bbox 2490 2413 2610 2465; x_wconf 79' lang='lat' dir='ltr'><strong>quae</strong></span> <span class='ocrx_word' id='word_1_515' title='bbox 2643 2399 2820 2451; x_wconf 90' lang='lat' dir='ltr'><strong>minus</strong></span> <span class='ocrx_word' id='word_1_516' title='bbox 2856 2398 2927 2452; x_wconf 92' lang='lat' dir='ltr'><strong>sit</strong></span> <span class='ocrx_word' id='word_1_517' title='bbox 2954 2399 3008 2452; x_wconf 91' lang='lat' dir='ltr'><strong>id</strong></span> <span class='ocrx_word' id='word_1_518' title='bbox 3047 2401 3188 2469; x_wconf 88' lang='lat' dir='ltr'><strong>quod</strong></span> <span class='ocrx_word' id='word_1_519' title='bbox 3219 2417 3338 2456; x_wconf 86' lang='lat' dir='ltr'><strong>esse</strong></span> <span class='ocrx_word' id='word_1_520' title='bbox 3364 2405 3580 2460; x_wconf 88' lang='lat' dir='ltr'><strong>dicitur.</strong></span> 
     </span>
    </p>
   </div>
   <div class='ocr_carea' id='block_1_65' title="bbox 2009 2485 3585 2564">
    <p class='ocr_par' dir='ltr' id='par_1_65' title="bbox 2009 2485 3585 2564">
     <span class='ocr_line' id='line_1_65' title="bbox 2009 2485 3585 2564; baseline 0.006 -24"><span class='ocrx_word' id='word_1_521' title='bbox 2009 2485 2195 2556; x_wconf 84' lang='lat' dir='ltr'><strong>Neque</strong></span> <span class='ocrx_word' id='word_1_522' title='bbox 2226 2488 2369 2543; x_wconf 91' lang='lat' dir='ltr'><strong>enim</strong></span> <span class='ocrx_word' id='word_1_523' title='bbox 2403 2489 2695 2558; x_wconf 87' lang='lat' dir='ltr'><strong>quidquam</strong></span> <span class='ocrx_word' id='word_1_524' title='bbox 2733 2490 3080 2559; x_wconf 70' lang='lat' dir='ltr'><strong>coniunctum</strong></span> <span class='ocrx_word' id='word_1_525' title='bbox 3122 2502 3225 2561; x_wconf 90' lang='lat' dir='ltr'><strong>est,</strong></span> <span class='ocrx_word' id='word_1_526' title='bbox 3271 2497 3414 2564; x_wconf 87' lang='lat' dir='ltr'><strong>quod</strong></span> <span class='ocrx_word' id='word_1_527' title='bbox 3447 2497 3585 2551; x_wconf 87' lang='lat' dir='ltr'><strong>hanc</strong></span> 
     </span>
    </p>
   </div>
   <div class='ocr_carea' id='block_1_66' title="bbox 2011 2577 3583 2645">
    <p class='ocr_par' dir='ltr' id='par_1_66' title="bbox 2011 2577 3583 2645">
     <span class='ocr_line' id='line_1_66' title="bbox 2011 2577 3583 2645; baseline 0.006 -15"><span class='ocrx_word' id='word_1_528' title='bbox 2011 2577 2142 2645; x_wconf 88' lang='lat' dir='ltr'><strong>ipsis</strong></span> <span class='ocrx_word' id='word_1_529' title='bbox 2173 2577 2552 2632; x_wconf 87' lang='lat' dir='ltr'><strong>necessitatem</strong></span> <span class='ocrx_word' id='word_1_530' title='bbox 2580 2579 2790 2634; x_wconf 65' lang='lat' dir='ltr'><strong>atterat.</strong></span> <span class='ocrx_word' id='word_1_531' title='bbox 2823 2579 2938 2634; x_wconf 83' lang='lat' dir='ltr'><strong>Non</strong></span> <span class='ocrx_word' id='word_1_532' title='bbox 2985 2583 3131 2637; x_wconf 88' lang='lat' dir='ltr'><strong>enim</strong></span> <span class='ocrx_word' id='word_1_533' title='bbox 3160 2583 3249 2638; x_wconf 88' lang='lat' dir='ltr'><strong>hic</strong></span> <span class='ocrx_word' id='word_1_534' title='bbox 3278 2586 3429 2640; x_wconf 88' lang='lat' dir='ltr'><strong>cauis</strong></span> <span class='ocrx_word' id='word_1_535' title='bbox 3468 2602 3583 2639; x_wconf 61' lang='lat' dir='ltr'><strong>ma.</strong></span> 
     </span>
    </p>
   </div>
   <div class='ocr_carea' id='block_1_67' title="bbox 2010 2668 3586 2740">
    <p class='ocr_par' dir='ltr' id='par_1_67' title="bbox 2010 2668 3586 2740">
     <span class='ocr_line' id='line_1_67' title="bbox 2010 2668 3586 2740; baseline 0.005 -18"><span class='ocrx_word' id='word_1_536' title='bbox 2010 2668 2090 2738; x_wconf 93' lang='lat' dir='ltr'><strong>gis</strong></span> <span class='ocrx_word' id='word_1_537' title='bbox 2124 2672 2278 2725; x_wconf 86' lang='lat' dir='ltr'><strong>canis</strong></span> <span class='ocrx_word' id='word_1_538' title='bbox 2333 2680 2436 2736; x_wconf 89' lang='lat' dir='ltr'><strong>est,</strong></span> <span class='ocrx_word' id='word_1_539' title='bbox 2489 2687 2649 2740; x_wconf 87' lang='lat' dir='ltr'><strong>quam</strong></span> <span class='ocrx_word' id='word_1_540' title='bbox 2675 2671 2764 2726; x_wconf 92' lang='lat' dir='ltr'><strong>ille</strong></span> <span class='ocrx_word' id='word_1_541' title='bbox 2816 2674 2993 2738; x_wconf 89' lang='lat' dir='ltr'><strong>cauis,</strong></span> <span class='ocrx_word' id='word_1_542' title='bbox 3048 2673 3152 2727; x_wconf 87' lang='lat' dir='ltr'><strong>hoc</strong></span> <span class='ocrx_word' id='word_1_543' title='bbox 3179 2684 3283 2740; x_wconf 89' lang='lat' dir='ltr'><strong>est,</strong></span> <span class='ocrx_word' id='word_1_544' title='bbox 3345 2678 3586 2731; x_wconf 83' lang='lat' dir='ltr'><strong>marinus</strong></span> 
     </span>
    </p>
   </div>
   <div class='ocr_carea' id='block_1_68' title="bbox 2012 2762 3585 2837">
    <p class='ocr_par' dir='ltr' id='par_1_68' title="bbox 2012 2762 3585 2837">
     <span class='ocr_line' id='line_1_68' title="bbox 2012 2762 3585 2837; baseline 0.004 -22"><span class='ocrx_word' id='word_1_545' title='bbox 2012 2762 2182 2832; x_wconf 82' lang='lat' dir='ltr'><strong>magis</strong></span> <span class='ocrx_word' id='word_1_546' title='bbox 2209 2778 2371 2832; x_wconf 89' lang='lat' dir='ltr'><strong>quam</strong></span> <span class='ocrx_word' id='word_1_547' title='bbox 2407 2765 2701 2831; x_wconf 90' lang='lat' dir='ltr'><strong>terrestris,</strong></span> <span class='ocrx_word' id='word_1_548' title='bbox 2735 2766 2818 2820; x_wconf 86' lang='lat' dir='ltr'><strong>vel</strong></span> <span class='ocrx_word' id='word_1_549' title='bbox 2846 2775 3061 2832; x_wconf 91' lang='lat' dir='ltr'><strong>contra,</strong></span> <span class='ocrx_word' id='word_1_550' title='bbox 3100 2768 3380 2822; x_wconf 88' lang='lat' dir='ltr'><strong>terrestris</strong></span> <span class='ocrx_word' id='word_1_551' title='bbox 3414 2771 3585 2837; x_wconf 89' lang='lat' dir='ltr'><strong>magis</strong></span> 
     </span>
    </p>
   </div>
   <div class='ocr_carea' id='block_1_69' title="bbox 2012 2855 3586 2927">
    <p class='ocr_par' dir='ltr' id='par_1_69' title="bbox 2012 2855 3586 2927">
     <span class='ocr_line' id='line_1_69' title="bbox 2012 2855 3586 2927; baseline 0.006 -21"><span class='ocrx_word' id='word_1_552' title='bbox 2012 2867 2172 2920; x_wconf 89' lang='lat' dir='ltr'><strong>quam</strong></span> <span class='ocrx_word' id='word_1_553' title='bbox 2208 2855 2493 2920; x_wconf 87' lang='lat' dir='ltr'><strong>marinus;</strong></span> <span class='ocrx_word' id='word_1_554' title='bbox 2531 2871 2631 2911; x_wconf 91' lang='lat' dir='ltr'><strong>cur</strong></span> <span class='ocrx_word' id='word_1_555' title='bbox 2681 2857 2849 2922; x_wconf 87' lang='lat' dir='ltr'><strong>enim,</strong></span> <span class='ocrx_word' id='word_1_556' title='bbox 2897 2867 2992 2911; x_wconf 90' lang='lat' dir='ltr'><strong>aut</strong></span> <span class='ocrx_word' id='word_1_557' title='bbox 3040 2873 3145 2927; x_wconf 90' lang='lat' dir='ltr'><strong>qua</strong></span> <span class='ocrx_word' id='word_1_558' title='bbox 3203 2859 3451 2913; x_wconf 87' lang='lat' dir='ltr'><strong>ratione?</strong></span> <span class='ocrx_word' id='word_1_559' title='bbox 3480 2861 3586 2915; x_wconf 83' lang='lat' dir='ltr'><strong>Sed</strong></span> 
     </span>
    </p>
   </div>
   <div class='ocr_carea' id='block_1_70' title="bbox 2012 2946 3587 3018">
    <p class='ocr_par' dir='ltr' id='par_1_70' title="bbox 2012 2946 3587 3018">
     <span class='ocr_line' id='line_1_70' title="bbox 2012 2946 3587 3018; baseline 0.002 -17"><span class='ocrx_word' id='word_1_560' title='bbox 2012 2946 2066 3001; x_wconf 89' lang='lat' dir='ltr'><strong>in</strong></span> <span class='ocrx_word' id='word_1_561' title='bbox 2101 2946 2286 3012; x_wconf 90' lang='lat' dir='ltr'><strong>rebus,</strong></span> <span class='ocrx_word' id='word_1_562' title='bbox 2332 2947 2564 3002; x_wconf 75' lang='lat' dir='ltr'><strong>diversis</strong></span> <span class='ocrx_word' id='word_1_563' title='bbox 2602 2949 2818 3017; x_wconf 90' lang='lat' dir='ltr'><strong>quidem</strong></span> <span class='ocrx_word' id='word_1_564' title='bbox 2847 2947 2976 3014; x_wconf 90' lang='lat' dir='ltr'><strong>illis,</strong></span> <span class='ocrx_word' id='word_1_565' title='bbox 3010 2963 3198 3003; x_wconf 91' lang='lat' dir='ltr'><strong>verum</strong></span> <span class='ocrx_word' id='word_1_566' title='bbox 3230 2949 3345 3018; x_wconf 91' lang='lat' dir='ltr'><strong>pari</strong></span> <span class='ocrx_word' id='word_1_567' title='bbox 3381 2950 3587 3004; x_wconf 88' lang='lat' dir='ltr'><strong>honore</strong></span> 
     </span>
    </p>
   </div>
   <div class='ocr_carea' id='block_1_71' title="bbox 2012 3037 3583 3109">
    <p class='ocr_par' dir='ltr' id='par_1_71' title="bbox 2012 3037 3583 3109">
     <span class='ocr_line' id='line_1_71' title="bbox 2012 3037 3583 3109; baseline 0.002 -19"><span class='ocrx_word' id='word_1_568' title='bbox 2012 3037 2278 3106; x_wconf 81' lang='lat' dir='ltr'><strong>praeditis,</strong></span> <span class='ocrx_word' id='word_1_569' title='bbox 2320 3039 2625 3093; x_wconf 87' lang='lat' dir='ltr'><strong>communis</strong></span> <span class='ocrx_word' id='word_1_570' title='bbox 2661 3049 2744 3094; x_wconf 90' lang='lat' dir='ltr'><strong>est</strong></span> <span class='ocrx_word' id='word_1_571' title='bbox 2773 3039 3088 3109; x_wconf 87' lang='lat' dir='ltr'><strong>appellatio.</strong></span> <span class='ocrx_word' id='word_1_572' title='bbox 3145 3039 3244 3094; x_wconf 88' lang='lat' dir='ltr'><strong>llic</strong></span> <span class='ocrx_word' id='word_1_573' title='bbox 3268 3054 3423 3104; x_wconf 87' lang='lat' dir='ltr'><strong>vero,</strong></span> <span class='ocrx_word' id='word_1_574' title='bbox 3461 3055 3583 3093; x_wconf 90' lang='lat' dir='ltr'><strong>eum</strong></span> 
     </span>
    </p>
   </div>
   <div class='ocr_carea' id='block_1_72' title="bbox 2014 3127 3585 3200">
    <p class='ocr_par' dir='ltr' id='par_1_72' title="bbox 2014 3127 3585 3200">
     <span class='ocr_line' id='line_1_72' title="bbox 2014 3127 3585 3200; baseline 0.001 -20"><span class='ocrx_word' id='word_1_575' title='bbox 2014 3127 2124 3184; x_wconf 92' lang='lat' dir='ltr'><strong>Deo</strong></span> <span class='ocrx_word' id='word_1_576' title='bbox 2150 3131 2555 3184; x_wconf 82' lang='lat' dir='ltr'><strong>venerationem</strong></span> <span class='ocrx_word' id='word_1_577' title='bbox 2580 3130 2866 3200; x_wconf 83' lang='lat' dir='ltr'><strong>adjungas,</strong></span> <span class='ocrx_word' id='word_1_578' title='bbox 2909 3145 3144 3198; x_wconf 89' lang='lat' dir='ltr'><strong>eumque</strong></span> <span class='ocrx_word' id='word_1_579' title='bbox 3169 3144 3333 3198; x_wconf 92' lang='lat' dir='ltr'><strong>supra</strong></span> <span class='ocrx_word' id='word_1_580' title='bbox 3369 3143 3585 3183; x_wconf 89' lang='lat' dir='ltr'><strong>omnem</strong></span> 
     </span>
    </p>
   </div>
   <div class='ocr_carea' id='block_1_73' title="bbox 2013 3218 3588 3290">
    <p class='ocr_par' dir='ltr' id='par_1_73' title="bbox 2013 3218 3588 3290">
     <span class='ocr_line' id='line_1_73' title="bbox 2013 3218 3588 3290; baseline -0.003 -16"><span class='ocrx_word' id='word_1_581' title='bbox 2013 3219 2308 3274; x_wconf 88' lang='lat' dir='ltr'><strong>essentiam</strong></span> <span class='ocrx_word' id='word_1_582' title='bbox 2345 3227 2399 3273; x_wconf 89' lang='lat' dir='ltr'><strong>et</strong></span> <span class='ocrx_word' id='word_1_583' title='bbox 2425 3229 2673 3273; x_wconf 90' lang='lat' dir='ltr'><strong>naturam</strong></span> <span class='ocrx_word' id='word_1_584' title='bbox 2702 3234 2823 3274; x_wconf 89' lang='lat' dir='ltr'><strong>esse</strong></span> <span class='ocrx_word' id='word_1_585' title='bbox 2863 3220 3014 3274; x_wconf 84' lang='lat' dir='ltr'><strong>dicas</strong></span> <span class='ocrx_word' id='word_1_586' title='bbox 3077 3218 3242 3290; x_wconf 89' lang='lat' dir='ltr'><strong>(quod</strong></span> <span class='ocrx_word' id='word_1_587' title='bbox 3277 3218 3368 3272; x_wconf 87' lang='lat' dir='ltr'><strong>Dei</strong></span> <span class='ocrx_word' id='word_1_588' title='bbox 3418 3218 3588 3272; x_wconf 84' lang='lat' dir='ltr'><strong>solius</strong></span> 
     </span>
    </p>
   </div>
   <div class='ocr_carea' id='block_1_74' title="bbox 2014 3309 3587 3381">
    <p class='ocr_par' dir='ltr' id='par_1_74' title="bbox 2014 3309 3587 3381">
     <span class='ocr_line' id='line_1_74' title="bbox 2014 3309 3587 3381; baseline -0.001 -17"><span class='ocrx_word' id='word_1_589' title='bbox 2014 3319 2118 3377; x_wconf 86' lang='lat' dir='ltr'><strong>est,</strong></span> <span class='ocrx_word' id='word_1_590' title='bbox 2153 3320 2208 3365; x_wconf 92' lang='lat' dir='ltr'><strong>et</strong></span> <span class='ocrx_word' id='word_1_591' title='bbox 2265 3309 2413 3366; x_wconf 89' lang='lat' dir='ltr'><strong>velut</strong></span> <span class='ocrx_word' id='word_1_592' title='bbox 2459 3311 2765 3366; x_wconf 89' lang='lat' dir='ltr'><strong>divinitatis</strong></span> <span class='ocrx_word' id='word_1_593' title='bbox 2816 3309 3074 3381; x_wconf 88' lang='lat' dir='ltr'><strong>natura),</strong></span> <span class='ocrx_word' id='word_1_594' title='bbox 3109 3325 3172 3365; x_wconf 91' lang='lat' dir='ltr'><strong>ac</strong></span> <span class='ocrx_word' id='word_1_595' title='bbox 3218 3310 3410 3365; x_wconf 89' lang='lat' dir='ltr'><strong>deinde</strong></span> <span class='ocrx_word' id='word_1_596' title='bbox 3439 3309 3587 3363; x_wconf 85' lang='lat' dir='ltr'><strong>Patri</strong></span> 
     </span>
    </p>
   </div>
   <div class='ocr_carea' id='block_1_75' title="bbox 2015 3403 3588 3472">
    <p class='ocr_par' dir='ltr' id='par_1_75' title="bbox 2015 3403 3588 3472">
     <span class='ocr_line' id='line_1_75' title="bbox 2015 3403 3588 3472; baseline 0 -16"><span class='ocrx_word' id='word_1_597' title='bbox 2015 3403 2231 3471; x_wconf 84' lang='lat' dir='ltr'><strong>quidem</strong></span> <span class='ocrx_word' id='word_1_598' title='bbox 2285 3403 2389 3458; x_wconf 91' lang='lat' dir='ltr'><strong>boc</strong></span> <span class='ocrx_word' id='word_1_599' title='bbox 2426 3403 2656 3468; x_wconf 89' lang='lat' dir='ltr'><strong>tribuas,</strong></span> <span class='ocrx_word' id='word_1_600' title='bbox 2692 3403 2889 3458; x_wconf 88' lang='lat' dir='ltr'><strong>Filium</strong></span> <span class='ocrx_word' id='word_1_601' title='bbox 2948 3411 3128 3457; x_wconf 91' lang='lat' dir='ltr'><strong>autem</strong></span> <span class='ocrx_word' id='word_1_602' title='bbox 3170 3403 3386 3472; x_wconf 88' lang='lat' dir='ltr'><strong>prives,</strong></span> <span class='ocrx_word' id='word_1_603' title='bbox 3426 3409 3588 3470; x_wconf 88' lang='lat' dir='ltr'><strong>atque</strong></span> 
     </span>
    </p>
   </div>
   <div class='ocr_carea' id='block_1_76' title="bbox 2017 3494 3592 3566">
    <p class='ocr_par' dir='ltr' id='par_1_76' title="bbox 2017 3494 3592 3566">
     <span class='ocr_line' id='line_1_76' title="bbox 2017 3494 3592 3566; baseline 0 -18"><span class='ocrx_word' id='word_1_604' title='bbox 2017 3495 2298 3564; x_wconf 80' lang='lat' dir='ltr'><strong>subjicias,</strong></span> <span class='ocrx_word' id='word_1_605' title='bbox 2351 3497 2728 3566; x_wconf 89' lang='lat' dir='ltr'><strong>secundasque</strong></span> <span class='ocrx_word' id='word_1_606' title='bbox 2767 3496 2846 3550; x_wconf 92' lang='lat' dir='ltr'><strong>illi</strong></span> <span class='ocrx_word' id='word_1_607' title='bbox 2903 3495 3128 3550; x_wconf 89' lang='lat' dir='ltr'><strong>honoris</strong></span> <span class='ocrx_word' id='word_1_608' title='bbox 3172 3504 3228 3549; x_wconf 87' lang='lat' dir='ltr'><strong>et</strong></span> <span class='ocrx_word' id='word_1_609' title='bbox 3260 3494 3592 3548; x_wconf 89' lang='lat' dir='ltr'><strong>adorationis</strong></span> 
     </span>
    </p>
   </div>
   <div class='ocr_carea' id='block_1_77' title="bbox 2021 3587 3590 3659">
    <p class='ocr_par' dir='ltr' id='par_1_77' title="bbox 2021 3587 3590 3659">
     <span class='ocr_line' id='line_1_77' title="bbox 2021 3587 3590 3659; baseline -0.001 -20"><span class='ocrx_word' id='word_1_610' title='bbox 2021 3599 2204 3654; x_wconf 90' lang='lat' dir='ltr'><strong>partes</strong></span> <span class='ocrx_word' id='word_1_611' title='bbox 2235 3589 2502 3659; x_wconf 83' lang='lat' dir='ltr'><strong>assignes,</strong></span> <span class='ocrx_word' id='word_1_612' title='bbox 2533 3592 2784 3659; x_wconf 88' lang='lat' dir='ltr'><strong>quamvis</strong></span> <span class='ocrx_word' id='word_1_613' title='bbox 2827 3590 3121 3643; x_wconf 85' lang='lat' dir='ltr'><strong>verborum</strong></span> <span class='ocrx_word' id='word_1_614' title='bbox 3151 3587 3374 3658; x_wconf 84' lang='lat' dir='ltr'><strong>syllabis</strong></span> <span class='ocrx_word' id='word_1_615' title='bbox 3409 3603 3590 3656; x_wconf 71' lang='lat' dir='ltr'><strong>aequa-</strong></span> 
     </span>
    </p>
   </div>
   <div class='ocr_carea' id='block_1_78' title="bbox 2016 3673 3575 3745">
    <p class='ocr_par' dir='ltr' id='par_1_78' title="bbox 2016 3673 3575 3745">
     <span class='ocr_line' id='line_1_78' title="bbox 2016 3673 3575 3745; baseline 0.003 -19"><span class='ocrx_word' id='word_1_616' title='bbox 2016 3673 2220 3728; x_wconf 87' lang='lat' dir='ltr'><strong>litatem</strong></span> <span class='ocrx_word' id='word_1_617' title='bbox 2256 3675 2355 3744; x_wconf 87' lang='lat' dir='ltr'><strong>ipsi</strong></span> <span class='ocrx_word' id='word_1_618' title='bbox 2382 3676 2654 3745; x_wconf 85' lang='lat' dir='ltr'><strong>largiaris,</strong></span> <span class='ocrx_word' id='word_1_619' title='bbox 2693 3690 2752 3730; x_wconf 91' lang='lat' dir='ltr'><strong>re</strong></span> <span class='ocrx_word' id='word_1_620' title='bbox 2781 3677 2892 3745; x_wconf 85' lang='lat' dir='ltr'><strong>ipsa</strong></span> <span class='ocrx_word' id='word_1_621' title='bbox 2926 3683 3107 3729; x_wconf 90' lang='lat' dir='ltr'><strong>tamen</strong></span> <span class='ocrx_word' id='word_1_622' title='bbox 3153 3675 3492 3730; x_wconf 86' lang='lat' dir='ltr'><strong>divinitatem</strong></span> <span class='ocrx_word' id='word_1_623' title='bbox 3525 3678 3575 3730; x_wconf 88' lang='lat' dir='ltr'><strong>ei</strong></span> 
     </span>
    </p>
   </div>
   <div class='ocr_carea' id='block_1_79' title="bbox 2017 3765 3578 3836">
    <p class='ocr_par' dir='ltr' id='par_1_79' title="bbox 2017 3765 3578 3836">
     <span class='ocr_line' id='line_1_79' title="bbox 2017 3765 3578 3836; baseline 0.001 -17"><span class='ocrx_word' id='word_1_624' title='bbox 2017 3777 2286 3835; x_wconf 86' lang='lat' dir='ltr'><strong>amputas,</strong></span> <span class='ocrx_word' id='word_1_625' title='bbox 2312 3782 2376 3820; x_wconf 92' lang='lat' dir='ltr'><strong>ac</strong></span> <span class='ocrx_word' id='word_1_626' title='bbox 2404 3765 2728 3821; x_wconf 83' lang='lat' dir='ltr'><strong>veteratorie</strong></span> <span class='ocrx_word' id='word_1_627' title='bbox 2747 3767 2814 3820; x_wconf 91' lang='lat' dir='ltr'><strong>ab</strong></span> <span class='ocrx_word' id='word_1_628' title='bbox 2843 3766 2944 3820; x_wconf 88' lang='lat' dir='ltr'><strong>hoc</strong></span> <span class='ocrx_word' id='word_1_629' title='bbox 2973 3766 3332 3834; x_wconf 79' lang='lat' dir='ltr'><strong>homouymiac</strong></span> <span class='ocrx_word' id='word_1_630' title='bbox 3355 3781 3578 3836; x_wconf 78' lang='lat' dir='ltr'><strong>genere,</strong></span> 
     </span>
    </p>
   </div>
   <div class='ocr_carea' id='block_1_80' title="bbox 2013 3854 3574 3925">
    <p class='ocr_par' dir='ltr' id='par_1_80' title="bbox 2013 3854 3574 3925">
     <span class='ocr_line' id='line_1_80' title="bbox 2013 3854 3574 3925; baseline 0.001 -17"><span class='ocrx_word' id='word_1_631' title='bbox 2013 3857 2157 3924; x_wconf 90' lang='lat' dir='ltr'><strong>quod</strong></span> <span class='ocrx_word' id='word_1_632' title='bbox 2209 3856 2572 3925; x_wconf 81' lang='lat' dir='ltr'><strong>aequalitatem</strong></span> <span class='ocrx_word' id='word_1_633' title='bbox 2635 3854 3040 3923; x_wconf 84' lang='lat' dir='ltr'><strong>complectitur,</strong></span> <span class='ocrx_word' id='word_1_634' title='bbox 3097 3855 3162 3907; x_wconf 92' lang='lat' dir='ltr'><strong>ad</strong></span> <span class='ocrx_word' id='word_1_635' title='bbox 3213 3869 3380 3922; x_wconf 85' lang='lat' dir='ltr'><strong>genus</strong></span> <span class='ocrx_word' id='word_1_636' title='bbox 3445 3856 3574 3910; x_wconf 90' lang='lat' dir='ltr'><strong>illud</strong></span> 
     </span>
    </p>
   </div>
   <div class='ocr_carea' id='block_1_81' title="bbox 2013 3944 3578 4016">
    <p class='ocr_par' dir='ltr' id='par_1_81' title="bbox 2013 3944 3578 4016">
     <span class='ocr_line' id='line_1_81' title="bbox 2013 3944 3578 4016; baseline 0.001 -18"><span class='ocrx_word' id='word_1_637' title='bbox 2013 3947 2415 4016; x_wconf 61' lang='lat' dir='ltr'><strong>transis,\quod</strong></span> <span class='ocrx_word' id='word_1_638' title='bbox 2474 3961 2562 3999; x_wconf 91' lang='lat' dir='ltr'><strong>res</strong></span> <span class='ocrx_word' id='word_1_639' title='bbox 2613 3946 2851 4013; x_wconf 61' lang='lat' dir='ltr'><strong>aequales</strong></span> <span class='ocrx_word' id='word_1_640' title='bbox 2905 3944 3127 3998; x_wconf 85' lang='lat' dir='ltr'><strong>minime</strong></span> <span class='ocrx_word' id='word_1_641' title='bbox 3173 3945 3463 3999; x_wconf 88' lang='lat' dir='ltr'><strong>connectit.</strong></span> <span class='ocrx_word' id='word_1_642' title='bbox 3499 3947 3578 4000; x_wconf 87' lang='lat' dir='ltr'><strong>Ac</strong></span> 
     </span>
    </p>
   </div>
   <div class='ocr_carea' id='block_1_82' title="bbox 2009 4033 3580 4106">
    <p class='ocr_par' dir='ltr' id='par_1_82' title="bbox 2009 4033 3580 4106">
     <span class='ocr_line' id='line_1_82' title="bbox 2009 4033 3580 4106; baseline 0.002 -17"><span class='ocrx_word' id='word_1_643' title='bbox 2009 4037 2258 4106; x_wconf 89' lang='lat' dir='ltr'><strong>proinde,</strong></span> <span class='ocrx_word' id='word_1_644' title='bbox 2311 4045 2371 4090; x_wconf 92' lang='lat' dir='ltr'><strong>ut</strong></span> <span class='ocrx_word' id='word_1_645' title='bbox 2425 4037 2650 4106; x_wconf 86' lang='lat' dir='ltr'><strong>quidem</strong></span> <span class='ocrx_word' id='word_1_646' title='bbox 2685 4038 3052 4105; x_wconf 79' lang='lat' dir='ltr'><strong>argumentari</strong></span> <span class='ocrx_word' id='word_1_647' title='bbox 3092 4034 3352 4100; x_wconf 90' lang='lat' dir='ltr'><strong>instituis,</strong></span> <span class='ocrx_word' id='word_1_648' title='bbox 3401 4033 3580 4106; x_wconf 74' lang='lat' dir='ltr'><strong>pictus</strong></span> 
     </span>
    </p>
   </div>
   <div class='ocr_carea' id='block_1_83' title="bbox 2012 4125 3578 4190">
    <p class='ocr_par' dir='ltr' id='par_1_83' title="bbox 2012 4125 3578 4190">
     <span class='ocr_line' id='line_1_83' title="bbox 2012 4125 3578 4190; baseline 0 -8"><span class='ocrx_word' id='word_1_649' title='bbox 2012 4127 2102 4182; x_wconf 88' lang='lat' dir='ltr'><strong>ille</strong></span> <span class='ocrx_word' id='word_1_650' title='bbox 2123 4141 2188 4181; x_wconf 91' lang='lat' dir='ltr'><strong>ac</strong></span> <span class='ocrx_word' id='word_1_651' title='bbox 2217 4127 2372 4182; x_wconf 90' lang='lat' dir='ltr'><strong>vivus</strong></span> <span class='ocrx_word' id='word_1_652' title='bbox 2405 4128 2588 4190; x_wconf 90' lang='lat' dir='ltr'><strong>homo,</strong></span> <span class='ocrx_word' id='word_1_653' title='bbox 2639 4127 2705 4181; x_wconf 92' lang='lat' dir='ltr'><strong>ad</strong></span> <span class='ocrx_word' id='word_1_654' title='bbox 2752 4125 3092 4180; x_wconf 86' lang='lat' dir='ltr'><strong>divinitatem</strong></span> <span class='ocrx_word' id='word_1_655' title='bbox 3149 4126 3578 4182; x_wconf 80' lang='lat' dir='ltr'><strong>adumbraudam</strong></span> 
     </span>
    </p>
   </div>
   <div class='ocr_carea' id='block_1_84' title="bbox 2012 4218 3578 4289">
    <p class='ocr_par' dir='ltr' id='par_1_84' title="bbox 2012 4218 3578 4289">
     <span class='ocr_line' id='line_1_84' title="bbox 2012 4218 3578 4289; baseline 0.001 -17"><span class='ocrx_word' id='word_1_656' title='bbox 2012 4220 2234 4288; x_wconf 89' lang='lat' dir='ltr'><strong>propius</strong></span> <span class='ocrx_word' id='word_1_657' title='bbox 2268 4221 2559 4286; x_wconf 88' lang='lat' dir='ltr'><strong>accedunt,</strong></span> <span class='ocrx_word' id='word_1_658' title='bbox 2595 4235 2756 4289; x_wconf 92' lang='lat' dir='ltr'><strong>quam</strong></span> <span class='ocrx_word' id='word_1_659' title='bbox 2786 4232 2972 4283; x_wconf 87' lang='lat' dir='ltr'><strong>canes,</strong></span> <span class='ocrx_word' id='word_1_660' title='bbox 2997 4232 3133 4287; x_wconf 89' lang='lat' dir='ltr'><strong>quos</strong></span> <span class='ocrx_word' id='word_1_661' title='bbox 3161 4218 3394 4286; x_wconf 84' lang='lat' dir='ltr'><strong>exempli</strong></span> <span class='ocrx_word' id='word_1_662' title='bbox 3413 4234 3578 4274; x_wconf 83' lang='lat' dir='ltr'><strong>causa</strong></span> 
     </span>
    </p>
   </div>
   <div class='ocr_carea' id='block_1_85' title="bbox 2011 4309 3577 4380">
    <p class='ocr_par' dir='ltr' id='par_1_85' title="bbox 2011 4309 3577 4380">
     <span class='ocr_line' id='line_1_85' title="bbox 2011 4309 3577 4380; baseline 0.001 -18"><span class='ocrx_word' id='word_1_663' title='bbox 2011 4309 2365 4380; x_wconf 89' lang='lat' dir='ltr'><strong>proposuisti.</strong></span> <span class='ocrx_word' id='word_1_664' title='bbox 2402 4309 2616 4379; x_wconf 88' lang='lat' dir='ltr'><strong>Alioqui</strong></span> <span class='ocrx_word' id='word_1_665' title='bbox 2653 4311 2892 4379; x_wconf 89' lang='lat' dir='ltr'><strong>utrique,</strong></span> <span class='ocrx_word' id='word_1_666' title='bbox 2942 4317 3002 4361; x_wconf 89' lang='lat' dir='ltr'><strong>ut</strong></span> <span class='ocrx_word' id='word_1_667' title='bbox 3036 4323 3229 4363; x_wconf 88' lang='lat' dir='ltr'><strong>nomen</strong></span> <span class='ocrx_word' id='word_1_668' title='bbox 3268 4323 3577 4376; x_wconf 88' lang='lat' dir='ltr'><strong>commune,</strong></span> 
     </span>
    </p>
   </div>
   <div class='ocr_carea' id='block_1_86' title="bbox 2012 4399 3580 4471">
    <p class='ocr_par' dir='ltr' id='par_1_86' title="bbox 2012 4399 3580 4471">
     <span class='ocr_line' id='line_1_86' title="bbox 2012 4399 3580 4471; baseline 0 -17"><span class='ocrx_word' id='word_1_669' title='bbox 2012 4400 2092 4455; x_wconf 90' lang='lat' dir='ltr'><strong>sic</strong></span> <span class='ocrx_word' id='word_1_670' title='bbox 2125 4401 2288 4455; x_wconf 86' lang='lat' dir='ltr'><strong>etiam</strong></span> <span class='ocrx_word' id='word_1_671' title='bbox 2318 4414 2501 4471; x_wconf 87' lang='lat' dir='ltr'><strong>parem</strong></span> <span class='ocrx_word' id='word_1_672' title='bbox 2531 4410 2738 4454; x_wconf 72' lang='lat' dir='ltr'><strong>naturae</strong></span> <span class='ocrx_word' id='word_1_673' title='bbox 2781 4399 3097 4469; x_wconf 89' lang='lat' dir='ltr'><strong>dignitatem</strong></span> <span class='ocrx_word' id='word_1_674' title='bbox 3135 4400 3329 4465; x_wconf 87' lang='lat' dir='ltr'><strong>tribue,</strong></span> <span class='ocrx_word' id='word_1_675' title='bbox 3364 4400 3580 4455; x_wconf 87' lang='lat' dir='ltr'><strong>etiamsi</strong></span> 
     </span>
    </p>
   </div>
   <div class='ocr_carea' id='block_1_87' title="bbox 327 4487 3580 4570">
    <p class='ocr_par' dir='ltr' id='par_1_87' title="bbox 327 4487 3580 4570">
     <span class='ocr_line' id='line_1_87' title="bbox 327 4487 3580 4570; baseline 0.002 -33"><span class='ocrx_word' id='word_1_676' title='bbox 327 4488 577 4542; x_wconf 88' lang='lat' dir='ltr'><strong>diversas</strong></span> <span class='ocrx_word' id='word_1_677' title='bbox 606 4503 698 4543; x_wconf 88' lang='lat' dir='ltr'><strong>eas</strong></span> <span class='ocrx_word' id='word_1_678' title='bbox 725 4487 981 4563; x_wconf 84' lang='lat' dir='ltr'><strong>inducis;</strong></span> <span class='ocrx_word' id='word_1_679' title='bbox 1013 4501 1177 4560; x_wconf 90' lang='lat' dir='ltr'><strong>atque</strong></span> <span class='ocrx_word' id='word_1_680' title='bbox 1214 4491 1286 4544; x_wconf 90' lang='lat' dir='ltr'><strong>ita</strong></span> <span class='ocrx_word' id='word_1_681' title='bbox 1315 4507 1476 4548; x_wconf 90' lang='lat' dir='ltr'><strong>canes</strong></span> <span class='ocrx_word' id='word_1_682' title='bbox 1501 4494 1618 4548; x_wconf 91' lang='lat' dir='ltr'><strong>illos</strong></span> <span class='ocrx_word' id='word_1_683' title='bbox 1647 4502 1765 4547; x_wconf 89' lang='lat' dir='ltr'><strong>tuos</strong></span> <span class='ocrx_word' id='word_1_684' title='bbox 1797 4489 2081 4554; x_wconf 90' lang='lat' dir='ltr'><strong>deleveris,</strong></span> <span class='ocrx_word' id='word_1_685' title='bbox 2113 4504 2246 4557; x_wconf 92' lang='lat' dir='ltr'><strong>quos</strong></span> <span class='ocrx_word' id='word_1_686' title='bbox 2305 4491 2371 4543; x_wconf 91' lang='lat' dir='ltr'><strong>ad</strong></span> <span class='ocrx_word' id='word_1_687' title='bbox 2409 4490 2742 4556; x_wconf 87' lang='lat' dir='ltr'><strong>probandam</strong></span> <span class='ocrx_word' id='word_1_688' title='bbox 2811 4488 2985 4570; x_wconf 75' lang='lat' dir='ltr'><strong>Patris</strong></span> <span class='ocrx_word' id='word_1_689' title='bbox 3025 4504 3090 4544; x_wconf 88' lang='lat' dir='ltr'><strong>ac</strong></span> <span class='ocrx_word' id='word_1_690' title='bbox 3156 4489 3276 4544; x_wconf 91' lang='lat' dir='ltr'><strong>Filii</strong></span> <span class='ocrx_word' id='word_1_691' title='bbox 3337 4490 3580 4559; x_wconf 70' lang='lat' dir='ltr'><strong>inzequa-</strong></span> 
     </span>
    </p>
   </div>
   <div class='ocr_carea' id='block_1_88' title="bbox 327 4576 539 4632">
    <p class='ocr_par' dir='ltr' id='par_1_88' title="bbox 327 4576 539 4632">
     <span class='ocr_line' id='line_1_88' title="bbox 327 4576 539 4632; baseline 0.019 -4"><span class='ocrx_word' id='word_1_692' title='bbox 327 4576 539 4632; x_wconf 89' lang='lat' dir='ltr'><strong>litatem</strong></span> 
     </span>
    </p>
   </div>
   <div class='ocr_carea' id='block_1_89' title="bbox 768 4579 3566 4652">
    <p class='ocr_par' dir='ltr' id='par_1_89' title="bbox 768 4579 3566 4652">
     <span class='ocr_line' id='line_1_89' title="bbox 768 4579 3566 4652; baseline 0.001 -19"><span class='ocrx_word' id='word_1_693' title='bbox 768 4581 1113 4651; x_wconf 79' lang='lat' dir='ltr'><strong>excogitasti.</strong></span> <span class='ocrx_word' id='word_1_694' title='bbox 1168 4582 1298 4650; x_wconf 88' lang='lat' dir='ltr'><strong>Quis</strong></span> <span class='ocrx_word' id='word_1_695' title='bbox 1341 4586 1488 4638; x_wconf 88' lang='lat' dir='ltr'><strong>enim</strong></span> <span class='ocrx_word' id='word_1_696' title='bbox 1545 4580 1903 4652; x_wconf 70' lang='lat' dir='ltr'><strong>homonymia:</strong></span> <span class='ocrx_word' id='word_1_697' title='bbox 1938 4580 2164 4642; x_wconf 80' lang='lat' dir='ltr'><strong>fructus,</strong></span> <span class='ocrx_word' id='word_1_698' title='bbox 2190 4579 2234 4633; x_wconf 90' lang='lat' dir='ltr'><strong>si</strong></span> <span class='ocrx_word' id='word_1_699' title='bbox 2271 4580 2530 4647; x_wconf 89' lang='lat' dir='ltr'><strong>dignitate</strong></span> <span class='ocrx_word' id='word_1_700' title='bbox 2562 4595 2719 4648; x_wconf 89' lang='lat' dir='ltr'><strong>pares</strong></span> <span class='ocrx_word' id='word_1_701' title='bbox 2779 4579 2905 4642; x_wconf 89' lang='lat' dir='ltr'><strong>sint,</strong></span> <span class='ocrx_word' id='word_1_702' title='bbox 2939 4579 3028 4647; x_wconf 91' lang='lat' dir='ltr'><strong>qui</strong></span> <span class='ocrx_word' id='word_1_703' title='bbox 3057 4594 3086 4634; x_wconf 88' lang='lat' dir='ltr'><strong>a</strong></span> <span class='ocrx_word' id='word_1_704' title='bbox 3119 4588 3169 4634; x_wconf 89' lang='lat' dir='ltr'><strong>te</strong></span> <span class='ocrx_word' id='word_1_705' title='bbox 3218 4580 3566 4636; x_wconf 73' lang='lat' dir='ltr'><strong>dividuntur?</strong></span> 
     </span>
    </p>
   </div>
   <div class='ocr_carea' id='block_1_90' title="bbox 324 4670 3572 4745">
    <p class='ocr_par' dir='ltr' id='par_1_90' title="bbox 324 4670 3572 4745">
     <span class='ocr_line' id='line_1_90' title="bbox 324 4670 3572 4745; baseline 0.001 -22"><span class='ocrx_word' id='word_1_706' title='bbox 324 4670 432 4725; x_wconf 85' lang='lat' dir='ltr'><strong>Nec</strong></span> <span class='ocrx_word' id='word_1_707' title='bbox 463 4672 633 4736; x_wconf 87' lang='lat' dir='ltr'><strong>enim,</strong></span> <span class='ocrx_word' id='word_1_708' title='bbox 661 4681 721 4726; x_wconf 95' lang='lat' dir='ltr'><strong>ut</strong></span> <span class='ocrx_word' id='word_1_709' title='bbox 770 4687 863 4728; x_wconf 91' lang='lat' dir='ltr'><strong>eos</strong></span> <span class='ocrx_word' id='word_1_710' title='bbox 914 4674 1116 4729; x_wconf 89' lang='lat' dir='ltr'><strong>honore</strong></span> <span class='ocrx_word' id='word_1_711' title='bbox 1155 4675 1412 4745; x_wconf 70' lang='lat' dir='ltr'><strong>aequales,</strong></span> <span class='ocrx_word' id='word_1_712' title='bbox 1437 4675 1531 4731; x_wconf 88' lang='lat' dir='ltr'><strong>sed</strong></span> <span class='ocrx_word' id='word_1_713' title='bbox 1563 4685 1619 4730; x_wconf 90' lang='lat' dir='ltr'><strong>ut</strong></span> <span class='ocrx_word' id='word_1_714' title='bbox 1648 4677 1892 4745; x_wconf 85' lang='lat' dir='ltr'><strong>dispares</strong></span> <span class='ocrx_word' id='word_1_715' title='bbox 1930 4671 2270 4736; x_wconf 83' lang='lat' dir='ltr'><strong>OStenderes,</strong></span> <span class='ocrx_word' id='word_1_716' title='bbox 2323 4673 2391 4725; x_wconf 88' lang='lat' dir='ltr'><strong>ad</strong></span> <span class='ocrx_word' id='word_1_717' title='bbox 2433 4672 2835 4742; x_wconf 82' lang='lat' dir='ltr'><strong>homouytniam</strong></span> <span class='ocrx_word' id='word_1_718' title='bbox 2885 4671 3055 4735; x_wconf 88' lang='lat' dir='ltr'><strong>illam,</strong></span> <span class='ocrx_word' id='word_1_719' title='bbox 3091 4679 3146 4723; x_wconf 88' lang='lat' dir='ltr'><strong>et</strong></span> <span class='ocrx_word' id='word_1_720' title='bbox 3211 4685 3373 4724; x_wconf 88' lang='lat' dir='ltr'><strong>canes</strong></span> <span class='ocrx_word' id='word_1_721' title='bbox 3437 4686 3572 4726; x_wconf 84' lang='lat' dir='ltr'><strong>con-</strong></span> 
     </span>
    </p>
   </div>
   <div class='ocr_carea' id='block_1_91' title="bbox 327 4760 3438 4836">
    <p class='ocr_par' dir='ltr' id='par_1_91' title="bbox 327 4760 3438 4836">
     <span class='ocr_line' id='line_1_91' title="bbox 327 4760 3438 4836; baseline 0.001 -22"><span class='ocrx_word' id='word_1_722' title='bbox 327 4760 540 4830; x_wconf 82' lang='lat' dir='ltr'><strong>fugisti.</strong></span> <span class='ocrx_word' id='word_1_723' title='bbox 604 4760 850 4828; x_wconf 88' lang='lat' dir='ltr'><strong>Quonam</strong></span> <span class='ocrx_word' id='word_1_724' title='bbox 903 4765 1064 4820; x_wconf 90' lang='lat' dir='ltr'><strong>modo</strong></span> <span class='ocrx_word' id='word_1_725' title='bbox 1127 4766 1393 4836; x_wconf 89' lang='lat' dir='ltr'><strong>quispiam</strong></span> <span class='ocrx_word' id='word_1_726' title='bbox 1445 4766 1614 4836; x_wconf 88' lang='lat' dir='ltr'><strong>magis</strong></span> <span class='ocrx_word' id='word_1_727' title='bbox 1652 4763 1899 4820; x_wconf 90' lang='lat' dir='ltr'><strong>convinci</strong></span> <span class='ocrx_word' id='word_1_728' title='bbox 1940 4771 2126 4834; x_wconf 81' lang='lat' dir='ltr'><strong>queat.</strong></span> <span class='ocrx_word' id='word_1_729' title='bbox 2159 4772 2210 4818; x_wconf 91' lang='lat' dir='ltr'><strong>et</strong></span> <span class='ocrx_word' id='word_1_730' title='bbox 2233 4776 2414 4818; x_wconf 89' lang='lat' dir='ltr'><strong>secum</strong></span> <span class='ocrx_word' id='word_1_731' title='bbox 2456 4763 2591 4831; x_wconf 89' lang='lat' dir='ltr'><strong>ipse,</strong></span> <span class='ocrx_word' id='word_1_732' title='bbox 2629 4773 2831 4817; x_wconf 91' lang='lat' dir='ltr'><strong>etcum</strong></span> <span class='ocrx_word' id='word_1_733' title='bbox 2856 4763 3136 4816; x_wconf 85' lang='lat' dir='ltr'><strong>divinitate</strong></span> <span class='ocrx_word' id='word_1_734' title='bbox 3162 4765 3438 4833; x_wconf 81' lang='lat' dir='ltr'><strong>pugnare?</strong></span> 
     </span>
    </p>
   </div>
   <div class='ocr_carea' id='block_1_92' title="bbox 551 4852 1983 4930">
    <p class='ocr_par' dir='ltr' id='par_1_92' title="bbox 551 4852 1983 4930">
     <span class='ocr_line' id='line_1_92' title="bbox 551 4852 1983 4930; baseline 0.005 -24"><span class='ocrx_word' id='word_1_735' title='bbox 551 4852 680 4907; x_wconf 81' lang='grc' dir='ltr'><strong>Ἐὰν</strong></span> <span class='ocrx_word' id='word_1_736' title='bbox 707 4853 763 4907; x_wconf 83' lang='grc' dir='ltr'>δὲ</span> <span class='ocrx_word' id='word_1_737' title='bbox 796 4854 1062 4925; x_wconf 87' lang='grc' dir='ltr'>λεγόντων</span> <span class='ocrx_word' id='word_1_738' title='bbox 1088 4857 1264 4928; x_wconf 78' lang='grc' dir='ltr'>ἡμῶν,</span> <span class='ocrx_word' id='word_1_739' title='bbox 1298 4859 1379 4912; x_wconf 82' lang='grc' dir='ltr'>ὅτι</span> <span class='ocrx_word' id='word_1_740' title='bbox 1408 4858 1486 4930; x_wconf 87' lang='grc' dir='ltr'>τῷ</span> <span class='ocrx_word' id='word_1_741' title='bbox 1515 4858 1671 4930; x_wconf 82' lang='grc' dir='ltr'>αἰτίῳ</span> <span class='ocrx_word' id='word_1_742' title='bbox 1706 4857 1906 4930; x_wconf 79' lang='grc' dir='ltr'>μείζων</span> <span class='ocrx_word' id='word_1_743' title='bbox 1940 4859 1983 4913; x_wconf 88' lang='lat' dir='ltr'><strong>D</strong></span> 
     </span>
    </p>
   </div>
   <div class='ocr_carea' id='block_1_93' title="bbox 324 4940 1904 5017">
    <p class='ocr_par' dir='ltr' id='par_1_93' title="bbox 324 4940 1904 5017">
     <span class='ocr_line' id='line_1_93' title="bbox 324 4940 1904 5017; baseline 0.003 -24"><span class='ocrx_word' id='word_1_744' title='bbox 324 4940 353 4992; x_wconf 86' lang='lat'><strong>6</strong></span> <span class='ocrx_word' id='word_1_745' title='bbox 391 4941 587 5013; x_wconf 77' lang='grc' dir='ltr'>Πατὴρ</span> <span class='ocrx_word' id='word_1_746' title='bbox 610 4941 706 4996; x_wconf 92' lang='grc' dir='ltr'><strong>τοῦ</strong></span> <span class='ocrx_word' id='word_1_747' title='bbox 733 4942 886 5009; x_wconf 84' lang='grc' dir='ltr'>Υίοῦ,</span> <span class='ocrx_word' id='word_1_748' title='bbox 920 4945 1316 5016; x_wconf 80' lang='grc' dir='ltr'>προσλαϐόντες</span> <span class='ocrx_word' id='word_1_749' title='bbox 1338 4946 1458 5017; x_wconf 85' lang='grc' dir='ltr'>τὴν,</span> <span class='ocrx_word' id='word_1_750' title='bbox 1485 4947 1558 5000; x_wconf 86' lang='grc' dir='ltr'>Τὸ</span> <span class='ocrx_word' id='word_1_751' title='bbox 1589 4947 1647 5000; x_wconf 81' lang='grc' dir='ltr'>δὲ</span> <span class='ocrx_word' id='word_1_752' title='bbox 1817 4945 1904 5001; x_wconf 79' lang='grc' dir='ltr'>αἰ-</span> 
     </span>
    </p>
   </div>
   <div class='ocr_carea' id='block_1_94' title="bbox 323 5031 1906 5108">
    <p class='ocr_par' dir='ltr' id='par_1_94' title="bbox 323 5031 1906 5108">
     <span class='ocr_line' id='line_1_94' title="bbox 323 5031 1906 5108; baseline 0.005 -28"><span class='ocrx_word' id='word_1_753' title='bbox 323 5045 438 5082; x_wconf 90' lang='grc' dir='ltr'>τιον</span> <span class='ocrx_word' id='word_1_754' title='bbox 472 5031 658 5098; x_wconf 80' lang='grc' dir='ltr'>φύσει,</span> <span class='ocrx_word' id='word_1_755' title='bbox 693 5032 988 5103; x_wconf 89' lang='grc' dir='ltr'>πρότασιν·</span> <span class='ocrx_word' id='word_1_756' title='bbox 1039 5033 1247 5101; x_wconf 77' lang='grc' dir='ltr'>ἔπειτα,</span> <span class='ocrx_word' id='word_1_757' title='bbox 1283 5035 1357 5088; x_wconf 88' lang='grc' dir='ltr'>Τὸ</span> <span class='ocrx_word' id='word_1_758' title='bbox 1392 5035 1578 5108; x_wconf 83' lang='grc' dir='ltr'>μεῖζον</span> <span class='ocrx_word' id='word_1_759' title='bbox 1610 5036 1676 5108; x_wconf 74' lang='grc' dir='ltr'>τῇ</span> <span class='ocrx_word' id='word_1_760' title='bbox 1720 5035 1906 5104; x_wconf 88' lang='grc' dir='ltr'>φύσει,</span> 
     </span>
    </p>
   </div>
   <div class='ocr_carea' id='block_1_95' title="bbox 328 5121 1905 5198">
    <p class='ocr_par' dir='ltr' id='par_1_95' title="bbox 328 5121 1905 5198">
     <span class='ocr_line' id='line_1_95' title="bbox 328 5121 1905 5198; baseline 0.006 -26"><span class='ocrx_word' id='word_1_761' title='bbox 328 5122 659 5190; x_wconf 80' lang='grc' dir='ltr'>συνάγωσιν·</span> <span class='ocrx_word' id='word_1_762' title='bbox 706 5124 806 5177; x_wconf 83' lang='grc' dir='ltr'>οὐκ</span> <span class='ocrx_word' id='word_1_763' title='bbox 839 5121 954 5179; x_wconf 75' lang='grc' dir='ltr'>οἶδα</span> <span class='ocrx_word' id='word_1_764' title='bbox 993 5127 1219 5197; x_wconf 86' lang='grc' dir='ltr'>πότερον</span> <span class='ocrx_word' id='word_1_765' title='bbox 1245 5127 1471 5191; x_wconf 81' lang='grc' dir='ltr'>ἑαυτοὺς</span> <span class='ocrx_word' id='word_1_766' title='bbox 1513 5126 1905 5198; x_wconf 76' lang='grc' dir='ltr'>παραλογίζον-</span> 
     </span>
    </p>
   </div>
   <div class='ocr_carea' id='block_1_96' title="bbox 326 5213 1904 5289">
    <p class='ocr_par' dir='ltr' id='par_1_96' title="bbox 326 5213 1904 5289">
     <span class='ocr_line' id='line_1_96' title="bbox 326 5213 1904 5289; baseline 0.005 -27"><span class='ocrx_word' id='word_1_767' title='bbox 326 5226 435 5278; x_wconf 84' lang='grc' dir='ltr'>ται,</span> <span class='ocrx_word' id='word_1_768' title='bbox 461 5213 495 5280; x_wconf 77' lang='grc' dir='ltr'>ἢ</span> <span class='ocrx_word' id='word_1_769' title='bbox 521 5213 653 5277; x_wconf 83' lang='grc' dir='ltr'>τοὺς</span> <span class='ocrx_word' id='word_1_770' title='bbox 677 5213 812 5285; x_wconf 85' lang='grc' dir='ltr'>πρὸς</span> <span class='ocrx_word' id='word_1_771' title='bbox 841 5214 935 5280; x_wconf 79' lang='grc' dir='ltr'>οὓς</span> <span class='ocrx_word' id='word_1_772' title='bbox 959 5217 987 5269; x_wconf 88' lang='grc' dir='ltr'><strong>ὁ</strong></span> <span class='ocrx_word' id='word_1_773' title='bbox 1009 5215 1184 5284; x_wconf 88' lang='grc' dir='ltr'>λόγος.</span> <span class='ocrx_word' id='word_1_774' title='bbox 1213 5218 1286 5271; x_wconf 81' lang='grc' dir='ltr'><strong>Οὐ</strong></span> <span class='ocrx_word' id='word_1_775' title='bbox 1310 5217 1417 5289; x_wconf 86' lang='grc' dir='ltr'><strong>γὰρ</strong></span> <span class='ocrx_word' id='word_1_776' title='bbox 1435 5217 1621 5282; x_wconf 87' lang='grc' dir='ltr'>ἁπλῶς</span> <span class='ocrx_word' id='word_1_777' title='bbox 1650 5254 1666 5280; x_wconf 96' lang='grc'><strong>,</strong></span> <span class='ocrx_word' id='word_1_778' title='bbox 1804 5219 1904 5270; x_wconf 86' lang='grc' dir='ltr'>ὅσα</span> 
     </span>
    </p>
   </div>
   <div class='ocr_carea' id='block_1_97' title="bbox 329 5302 1903 5380">
    <p class='ocr_par' dir='ltr' id='par_1_97' title="bbox 329 5302 1903 5380">
     <span class='ocr_line' id='line_1_97' title="bbox 329 5302 1903 5380; baseline 0.005 -27"><span class='ocrx_word' id='word_1_779' title='bbox 329 5302 467 5355; x_wconf 82' lang='grc' dir='ltr'>κατά</span> <span class='ocrx_word' id='word_1_780' title='bbox 485 5319 630 5366; x_wconf 88' lang='grc' dir='ltr'>τινος</span> <span class='ocrx_word' id='word_1_781' title='bbox 653 5303 892 5374; x_wconf 80' lang='grc' dir='ltr'>λέγεται,</span> <span class='ocrx_word' id='word_1_782' title='bbox 921 5306 1096 5361; x_wconf 90' lang='grc' dir='ltr'>ταῦτα</span> <span class='ocrx_word' id='word_1_783' title='bbox 1120 5307 1212 5359; x_wconf 75' lang='grc' dir='ltr'>καὶ</span> <span class='ocrx_word' id='word_1_784' title='bbox 1243 5308 1386 5362; x_wconf 82' lang='grc' dir='ltr'>κατὰ</span> <span class='ocrx_word' id='word_1_785' title='bbox 1420 5309 1514 5363; x_wconf 90' lang='grc' dir='ltr'><strong>τοῦ</strong></span> <span class='ocrx_word' id='word_1_786' title='bbox 1543 5309 1903 5380; x_wconf 82' lang='grc' dir='ltr'>ὑποκειμένου</span> 
     </span>
    </p>
   </div>
   <div class='ocr_carea' id='block_1_98' title="bbox 326 5389 1900 5467">
    <p class='ocr_par' dir='ltr' id='par_1_98' title="bbox 326 5389 1900 5467">
     <span class='ocr_line' id='line_1_98' title="bbox 326 5389 1900 5467; baseline 0.008 -27"><span class='ocrx_word' id='word_1_787' title='bbox 326 5389 495 5463; x_wconf 85' lang='grc' dir='ltr'>τούτῳ</span> <span class='ocrx_word' id='word_1_788' title='bbox 529 5393 860 5465; x_wconf 72' lang='grc' dir='ltr'>ῥηθήσεται*</span> <span class='ocrx_word' id='word_1_789' title='bbox 888 5394 1024 5449; x_wconf 85' lang='grc' dir='ltr'>ἀλλὰ</span> <span class='ocrx_word' id='word_1_790' title='bbox 1065 5396 1219 5467; x_wconf 85' lang='grc' dir='ltr'>δῆλον</span> <span class='ocrx_word' id='word_1_791' title='bbox 1264 5397 1402 5452; x_wconf 81' lang='grc' dir='ltr'>κατὰ</span> <span class='ocrx_word' id='word_1_792' title='bbox 1427 5398 1588 5464; x_wconf 90' lang='grc' dir='ltr'>τίνος,</span> <span class='ocrx_word' id='word_1_793' title='bbox 1624 5399 1718 5453; x_wconf 70' lang='grc' dir='ltr'>καὶ</span> <span class='ocrx_word' id='word_1_794' title='bbox 1760 5400 1900 5453; x_wconf 83' lang='grc' dir='ltr'>τίνα.</span> 
     </span>
    </p>
   </div>
   <div class='ocr_carea' id='block_1_99' title="bbox 341 5478 1901 5556">
    <p class='ocr_par' dir='ltr' id='par_1_99' title="bbox 341 5478 1901 5556">
     <span class='ocr_line' id='line_1_99' title="bbox 341 5478 1901 5556; baseline 0.004 -25"><span class='ocrx_word' id='word_1_795' title='bbox 341 5478 491 5534; x_wconf 79' lang='grc' dir='ltr'>Ἐπεὶ</span> <span class='ocrx_word' id='word_1_796' title='bbox 512 5481 566 5534; x_wconf 89' lang='grc' dir='ltr'><strong>τί</strong></span> <span class='ocrx_word' id='word_1_797' title='bbox 593 5483 789 5536; x_wconf 86' lang='grc' dir='ltr'>κωλύει</span> <span class='ocrx_word' id='word_1_798' title='bbox 820 5483 964 5554; x_wconf 83' lang='grc' dir='ltr'><strong>κάμὲ</strong></span> <span class='ocrx_word' id='word_1_799' title='bbox 989 5483 1195 5555; x_wconf 85' lang='grc' dir='ltr'>ταύτην</span> <span class='ocrx_word' id='word_1_800' title='bbox 1222 5484 1482 5556; x_wconf 86' lang='grc' dir='ltr'>πρότασιν</span> <span class='ocrx_word' id='word_1_801' title='bbox 1514 5486 1901 5556; x_wconf 84' lang='grc' dir='ltr'>ποιησάμενον,</span> 
     </span>
    </p>
   </div>
   <div class='ocr_carea' id='block_1_100' title="bbox 329 5569 1904 5648">
    <p class='ocr_par' dir='ltr' id='par_1_100' title="bbox 329 5569 1904 5648">
     <span class='ocr_line' id='line_1_100' title="bbox 329 5569 1904 5648; baseline 0.004 -25"><span class='ocrx_word' id='word_1_802' title='bbox 329 5569 451 5640; x_wconf 75' lang='grc' dir='ltr'>τὴν,</span> <span class='ocrx_word' id='word_1_803' title='bbox 496 5574 581 5627; x_wconf 81' lang='grc' dir='ltr'>ὅτι</span> <span class='ocrx_word' id='word_1_804' title='bbox 619 5575 676 5628; x_wconf 87' lang='grc'><strong>’0</strong></span> <span class='ocrx_word' id='word_1_805' title='bbox 707 5576 899 5648; x_wconf 81' lang='grc' dir='ltr'>Πατὴρ</span> <span class='ocrx_word' id='word_1_806' title='bbox 925 5575 1128 5646; x_wconf 76' lang='grc' dir='ltr'>μείζων</span> <span class='ocrx_word' id='word_1_807' title='bbox 1148 5579 1214 5648; x_wconf 79' lang='grc' dir='ltr'>τῇ</span> <span class='ocrx_word' id='word_1_808' title='bbox 1246 5576 1428 5647; x_wconf 89' lang='grc' dir='ltr'>φύσει,</span> <span class='ocrx_word' id='word_1_809' title='bbox 1457 5576 1646 5630; x_wconf 77' lang='grc' dir='ltr'>ἔπειτα</span> <span class='ocrx_word' id='word_1_810' title='bbox 1669 5577 1904 5648; x_wconf 86' lang='grc' dir='ltr'>προσλα-</span> 
     </span>
    </p>
   </div>
   <div class='ocr_carea' id='block_1_101' title="bbox 332 5661 1898 5741">
    <p class='ocr_par' dir='ltr' id='par_1_101' title="bbox 332 5661 1898 5741">
     <span class='ocr_line' id='line_1_101' title="bbox 332 5661 1898 5741; baseline 0.008 -29"><span class='ocrx_word' id='word_1_811' title='bbox 332 5661 491 5716; x_wconf 81' lang='grc' dir='ltr'>ϐόντα</span> <span class='ocrx_word' id='word_1_812' title='bbox 525 5664 606 5726; x_wconf 80' lang='grc' dir='ltr'>τὺ.</span> <span class='ocrx_word' id='word_1_813' title='bbox 659 5667 822 5720; x_wconf 79' lang='grc' dir='ltr'>Φύσει</span> <span class='ocrx_word' id='word_1_814' title='bbox 855 5668 914 5721; x_wconf 82' lang='grc' dir='ltr'>δὲ</span> <span class='ocrx_word' id='word_1_815' title='bbox 942 5669 1003 5721; x_wconf 86' lang='grc' dir='ltr'>οὐ</span> <span class='ocrx_word' id='word_1_816' title='bbox 1045 5668 1261 5732; x_wconf 84' lang='grc' dir='ltr'>πάντως</span> <span class='ocrx_word' id='word_1_817' title='bbox 1299 5669 1497 5741; x_wconf 80' lang='grc' dir='ltr'>μείζων</span> <span class='ocrx_word' id='word_1_818' title='bbox 1539 5668 1660 5722; x_wconf 82' lang='grc' dir='ltr'>οὐδὲ</span> <span class='ocrx_word' id='word_1_819' title='bbox 1683 5669 1898 5739; x_wconf 75' lang='grc' dir='ltr'>Πατήρ·</span> 
     </span>
    </p>
   </div>
   <div class='ocr_carea' id='block_1_102' title="bbox 329 5751 1898 5829">
    <p class='ocr_par' dir='ltr' id='par_1_102' title="bbox 329 5751 1898 5829">
     <span class='ocr_line' id='line_1_102' title="bbox 329 5751 1898 5829; baseline 0.008 -27"><span class='ocrx_word' id='word_1_820' title='bbox 329 5751 578 5810; x_wconf 66' lang='grc' dir='ltr'>ἐντεῦθεν</span> <span class='ocrx_word' id='word_1_821' title='bbox 611 5760 958 5826; x_wconf 81' lang='grc' dir='ltr'>συναγαγεῖν·</span> <span class='ocrx_word' id='word_1_822' title='bbox 995 5759 1068 5813; x_wconf 89' lang='lat' dir='ltr'><em>T6</em></span> <span class='ocrx_word' id='word_1_823' title='bbox 1131 5759 1314 5829; x_wconf 80' lang='grc' dir='ltr'>μεῖζον</span> <span class='ocrx_word' id='word_1_824' title='bbox 1341 5761 1403 5814; x_wconf 83' lang='grc' dir='ltr'>οὐ</span> <span class='ocrx_word' id='word_1_825' title='bbox 1440 5761 1655 5825; x_wconf 86' lang='grc' dir='ltr'>πάντως</span> <span class='ocrx_word' id='word_1_826' title='bbox 1687 5759 1898 5828; x_wconf 79' lang='grc' dir='ltr'>μεῖζον·</span> 
     </span>
    </p>
   </div>
   <div class='ocr_carea' id='block_1_103' title="bbox 2235 4856 3576 4930">
    <p class='ocr_par' dir='ltr' id='par_1_103' title="bbox 2235 4856 3576 4930">
     <span class='ocr_line' id='line_1_103' title="bbox 2235 4856 3576 4930; baseline 0.003 -18"><span class='ocrx_word' id='word_1_827' title='bbox 2235 4856 2353 4912; x_wconf 90' lang='lat' dir='ltr'><strong>Jam</strong></span> <span class='ocrx_word' id='word_1_828' title='bbox 2393 4857 2439 4910; x_wconf 91' lang='lat' dir='ltr'><strong>si</strong></span> <span class='ocrx_word' id='word_1_829' title='bbox 2479 4857 2782 4912; x_wconf 89' lang='lat' dir='ltr'><strong>dicentibus</strong></span> <span class='ocrx_word' id='word_1_830' title='bbox 2817 4857 2994 4921; x_wconf 83' lang='lat' dir='ltr'><strong>nobis,</strong></span> <span class='ocrx_word' id='word_1_831' title='bbox 3045 4856 3287 4923; x_wconf 88' lang='lat' dir='ltr'><strong>Patrem,</strong></span> <span class='ocrx_word' id='word_1_832' title='bbox 3316 4870 3576 4930; x_wconf 89' lang='lat' dir='ltr'><strong>quantum</strong></span> 
     </span>
    </p>
   </div>
   <div class='ocr_carea' id='block_1_104' title="bbox 2014 4948 3577 5020">
    <p class='ocr_par' dir='ltr' id='par_1_104' title="bbox 2014 4948 3577 5020">
     <span class='ocr_line' id='line_1_104' title="bbox 2014 4948 3577 5020; baseline 0.003 -18"><span class='ocrx_word' id='word_1_833' title='bbox 2014 4948 2080 5002; x_wconf 90' lang='lat' dir='ltr'><strong>ad</strong></span> <span class='ocrx_word' id='word_1_834' title='bbox 2107 4963 2352 5013; x_wconf 88' lang='lat' dir='ltr'><strong>causam,</strong></span> <span class='ocrx_word' id='word_1_835' title='bbox 2380 4948 2517 5002; x_wconf 82' lang='lat' dir='ltr'><strong>Filio</strong></span> <span class='ocrx_word' id='word_1_836' title='bbox 2548 4949 2809 5018; x_wconf 84' lang='lat' dir='ltr'><strong>majorem</strong></span> <span class='ocrx_word' id='word_1_837' title='bbox 2837 4963 2978 5012; x_wconf 90' lang='lat' dir='ltr'><strong>esse,</strong></span> <span class='ocrx_word' id='word_1_838' title='bbox 3016 4948 3115 5017; x_wconf 83' lang='lat' dir='ltr'><strong>ipsi</strong></span> <span class='ocrx_word' id='word_1_839' title='bbox 3161 4948 3299 5004; x_wconf 89' lang='lat' dir='ltr'><strong>hanc</strong></span> <span class='ocrx_word' id='word_1_840' title='bbox 3332 4952 3577 5020; x_wconf 83' lang='lat' dir='ltr'><strong>proposi-</strong></span> 
     </span>
    </p>
   </div>
   <div class='ocr_carea' id='block_1_105' title="bbox 2003 5039 3578 5111">
    <p class='ocr_par' dir='ltr' id='par_1_105' title="bbox 2003 5039 3578 5111">
     <span class='ocr_line' id='line_1_105' title="bbox 2003 5039 3578 5111; baseline 0.003 -19"><span class='ocrx_word' id='word_1_841' title='bbox 2003 5039 2202 5092; x_wconf 84' lang='lat' dir='ltr'><strong>tionem</strong></span> <span class='ocrx_word' id='word_1_842' title='bbox 2235 5049 2550 5093; x_wconf 83' lang='lat' dir='ltr'><strong>assumant:</strong></span> <span class='ocrx_word' id='word_1_843' title='bbox 2577 5039 2647 5092; x_wconf 87' lang='lat' dir='ltr'><strong>At</strong></span> <span class='ocrx_word' id='word_1_844' title='bbox 2669 5053 2832 5094; x_wconf 89' lang='lat' dir='ltr'><strong>causa</strong></span> <span class='ocrx_word' id='word_1_845' title='bbox 2870 5049 3059 5094; x_wconf 88' lang='lat' dir='ltr'><strong>natura</strong></span> <span class='ocrx_word' id='word_1_846' title='bbox 3087 5055 3100 5105; x_wconf 88' lang='lat'><strong>;</strong></span> <span class='ocrx_word' id='word_1_847' title='bbox 3128 5050 3419 5111; x_wconf 78' lang='lat' dir='ltr'><strong>posteaque</strong></span> <span class='ocrx_word' id='word_1_848' title='bbox 3446 5057 3578 5096; x_wconf 88' lang='lat' dir='ltr'><strong>cou-</strong></span> 
     </span>
    </p>
   </div>
   <div class='ocr_carea' id='block_1_106' title="bbox 2005 5129 3576 5203">
    <p class='ocr_par' dir='ltr' id='par_1_106' title="bbox 2005 5129 3576 5203">
     <span class='ocr_line' id='line_1_106' title="bbox 2005 5129 3576 5203; baseline 0.001 -19"><span class='ocrx_word' id='word_1_849' title='bbox 2005 5129 2308 5185; x_wconf 84' lang='lat' dir='ltr'><strong>clusiouem</strong></span> <span class='ocrx_word' id='word_1_850' title='bbox 2345 5132 2486 5184; x_wconf 92' lang='lat' dir='ltr'><strong>hanc</strong></span> <span class='ocrx_word' id='word_1_851' title='bbox 2546 5131 2916 5185; x_wconf 86' lang='lat' dir='ltr'><strong>subuectant:</strong></span> <span class='ocrx_word' id='word_1_852' title='bbox 2959 5131 3100 5203; x_wconf 88' lang='lat' dir='ltr'><strong>Ergo</strong></span> <span class='ocrx_word' id='word_1_853' title='bbox 3143 5132 3315 5201; x_wconf 83' lang='lat' dir='ltr'><strong>major</strong></span> <span class='ocrx_word' id='word_1_854' title='bbox 3349 5142 3576 5200; x_wconf 88' lang='lat' dir='ltr'><strong>natura;</strong></span> 
     </span>
    </p>
   </div>
   <div class='ocr_carea' id='block_1_107' title="bbox 2009 5221 3580 5293">
    <p class='ocr_par' dir='ltr' id='par_1_107' title="bbox 2009 5221 3580 5293">
     <span class='ocr_line' id='line_1_107' title="bbox 2009 5221 3580 5293; baseline 0.004 -19"><span class='ocrx_word' id='word_1_855' title='bbox 2009 5221 2318 5283; x_wconf 89' lang='lat' dir='ltr'><strong>haudscio,</strong></span> <span class='ocrx_word' id='word_1_856' title='bbox 2358 5221 2639 5287; x_wconf 87' lang='lat' dir='ltr'><strong>seipsosne</strong></span> <span class='ocrx_word' id='word_1_857' title='bbox 2693 5222 2891 5291; x_wconf 91' lang='lat' dir='ltr'><strong>potius,</strong></span> <span class='ocrx_word' id='word_1_858' title='bbox 2946 5239 3012 5278; x_wconf 92' lang='lat' dir='ltr'><strong>an</strong></span> <span class='ocrx_word' id='word_1_859' title='bbox 3071 5239 3186 5288; x_wconf 88' lang='lat' dir='ltr'><strong>eos,</strong></span> <span class='ocrx_word' id='word_1_860' title='bbox 3237 5240 3356 5278; x_wconf 90' lang='lat' dir='ltr'><strong>cum</strong></span> <span class='ocrx_word' id='word_1_861' title='bbox 3383 5225 3580 5293; x_wconf 88' lang='lat' dir='ltr'><strong>quibus</strong></span> 
     </span>
    </p>
   </div>
   <div class='ocr_carea' id='block_1_108' title="bbox 2004 5311 3578 5385">
    <p class='ocr_par' dir='ltr' id='par_1_108' title="bbox 2004 5311 3578 5385">
     <span class='ocr_line' id='line_1_108' title="bbox 2004 5311 3578 5385; baseline 0.003 -21"><span class='ocrx_word' id='word_1_862' title='bbox 2004 5311 2305 5380; x_wconf 78' lang='lat' dir='ltr'><strong>diSputaut,</strong></span> <span class='ocrx_word' id='word_1_863' title='bbox 2332 5313 2577 5382; x_wconf 87' lang='lat' dir='ltr'><strong>captiosa</strong></span> <span class='ocrx_word' id='word_1_864' title='bbox 2633 5313 2737 5368; x_wconf 88' lang='lat' dir='ltr'><strong>hac</strong></span> <span class='ocrx_word' id='word_1_865' title='bbox 2768 5317 3242 5385; x_wconf 81' lang='lat' dir='ltr'><strong>argumentatione</strong></span> <span class='ocrx_word' id='word_1_866' title='bbox 3269 5315 3578 5369; x_wconf 86' lang='lat' dir='ltr'><strong>circumve-</strong></span> 
     </span>
    </p>
   </div>
   <div class='ocr_carea' id='block_1_109' title="bbox 2007 5401 3578 5475">
    <p class='ocr_par' dir='ltr' id='par_1_109' title="bbox 2007 5401 3578 5475">
     <span class='ocr_line' id='line_1_109' title="bbox 2007 5401 3578 5475; baseline 0.003 -21"><span class='ocrx_word' id='word_1_867' title='bbox 2007 5403 2178 5456; x_wconf 88' lang='lat' dir='ltr'><strong>niant.</strong></span> <span class='ocrx_word' id='word_1_868' title='bbox 2214 5401 2398 5472; x_wconf 86' lang='lat' dir='ltr'><strong>Neque</strong></span> <span class='ocrx_word' id='word_1_869' title='bbox 2428 5405 2574 5457; x_wconf 88' lang='lat' dir='ltr'><strong>enim</strong></span> <span class='ocrx_word' id='word_1_870' title='bbox 2625 5405 2968 5475; x_wconf 88' lang='lat' dir='ltr'><strong>simpliciter,</strong></span> <span class='ocrx_word' id='word_1_871' title='bbox 3019 5414 3353 5474; x_wconf 65' lang='lat' dir='ltr'><strong>quascunque</strong></span> <span class='ocrx_word' id='word_1_872' title='bbox 3386 5406 3450 5458; x_wconf 90' lang='lat' dir='ltr'><strong>de</strong></span> <span class='ocrx_word' id='word_1_873' title='bbox 3476 5406 3578 5459; x_wconf 82' lang='lat' dir='ltr'><strong>ali-</strong></span> 
     </span>
    </p>
   </div>
   <div class='ocr_carea' id='block_1_110' title="bbox 2002 5493 3576 5562">
    <p class='ocr_par' dir='ltr' id='par_1_110' title="bbox 2002 5493 3576 5562">
     <span class='ocr_line' id='line_1_110' title="bbox 2002 5493 3576 5562; baseline 0 -16"><span class='ocrx_word' id='word_1_874' title='bbox 2002 5507 2109 5562; x_wconf 89' lang='lat' dir='ltr'><strong>quo</strong></span> <span class='ocrx_word' id='word_1_875' title='bbox 2135 5494 2406 5559; x_wconf 89' lang='lat' dir='ltr'><strong>dicuntur,</strong></span> <span class='ocrx_word' id='word_1_876' title='bbox 2443 5493 2609 5550; x_wconf 90' lang='lat' dir='ltr'><strong>etiam</strong></span> <span class='ocrx_word' id='word_1_877' title='bbox 2632 5494 2698 5549; x_wconf 90' lang='lat' dir='ltr'><strong>de</strong></span> <span class='ocrx_word' id='word_1_878' title='bbox 2723 5509 2811 5560; x_wconf 90' lang='lat' dir='ltr'><strong>eo,</strong></span> <span class='ocrx_word' id='word_1_879' title='bbox 2844 5495 2987 5560; x_wconf 91' lang='lat' dir='ltr'><strong>quod</strong></span> <span class='ocrx_word' id='word_1_880' title='bbox 3016 5495 3114 5561; x_wconf 91' lang='lat' dir='ltr'><strong>ipsi</strong></span> <span class='ocrx_word' id='word_1_881' title='bbox 3144 5494 3448 5562; x_wconf 83' lang='lat' dir='ltr'><strong>subjectum</strong></span> <span class='ocrx_word' id='word_1_882' title='bbox 3471 5505 3576 5562; x_wconf 86' lang='lat' dir='ltr'><strong>est,</strong></span> 
     </span>
    </p>
   </div>
   <div class='ocr_carea' id='block_1_111' title="bbox 2004 5584 3577 5655">
    <p class='ocr_par' dir='ltr' id='par_1_111' title="bbox 2004 5584 3577 5655">
     <span class='ocr_line' id='line_1_111' title="bbox 2004 5584 3577 5655; baseline 0 -17"><span class='ocrx_word' id='word_1_883' title='bbox 2004 5584 2299 5651; x_wconf 89' lang='lat' dir='ltr'><strong>dicuntur;</strong></span> <span class='ocrx_word' id='word_1_884' title='bbox 2332 5586 2426 5640; x_wconf 91' lang='lat' dir='ltr'><strong>sed</strong></span> <span class='ocrx_word' id='word_1_885' title='bbox 2485 5585 2826 5655; x_wconf 87' lang='lat' dir='ltr'><strong>perspicuum</strong></span> <span class='ocrx_word' id='word_1_886' title='bbox 2872 5593 2955 5638; x_wconf 91' lang='lat' dir='ltr'><strong>est</strong></span> <span class='ocrx_word' id='word_1_887' title='bbox 2991 5587 3057 5638; x_wconf 83' lang='lat' dir='ltr'><strong>de</strong></span> <span class='ocrx_word' id='word_1_888' title='bbox 3086 5598 3214 5653; x_wconf 90' lang='lat' dir='ltr'><strong>quo,</strong></span> <span class='ocrx_word' id='word_1_889' title='bbox 3244 5593 3298 5636; x_wconf 93' lang='lat' dir='ltr'><strong>et</strong></span> <span class='ocrx_word' id='word_1_890' title='bbox 3328 5599 3577 5653; x_wconf 63' lang='lat' dir='ltr'><strong>quasnam</strong></span> 
     </span>
    </p>
   </div>
   <div class='ocr_carea' id='block_1_112' title="bbox 2004 5674 3583 5746">
    <p class='ocr_par' dir='ltr' id='par_1_112' title="bbox 2004 5674 3583 5746">
     <span class='ocr_line' id='line_1_112' title="bbox 2004 5674 3583 5746; baseline 0 -16"><span class='ocrx_word' id='word_1_891' title='bbox 2004 5675 2274 5730; x_wconf 89' lang='lat' dir='ltr'><strong>dicantur.</strong></span> <span class='ocrx_word' id='word_1_892' title='bbox 2334 5676 2548 5746; x_wconf 82' lang='lat' dir='ltr'><strong>Alioqui</strong></span> <span class='ocrx_word' id='word_1_893' title='bbox 2599 5677 2728 5746; x_wconf 90' lang='lat' dir='ltr'><strong>quid</strong></span> <span class='ocrx_word' id='word_1_894' title='bbox 2787 5675 3059 5744; x_wconf 87' lang='lat' dir='ltr'><strong>prohibet,</strong></span> <span class='ocrx_word' id='word_1_895' title='bbox 3119 5674 3407 5743; x_wconf 89' lang='lat' dir='ltr'><strong>quominus</strong></span> <span class='ocrx_word' id='word_1_896' title='bbox 3465 5676 3583 5745; x_wconf 73' lang='lat' dir='ltr'><strong>ipse</strong></span> 
     </span>
    </p>
   </div>
   <div class='ocr_carea' id='block_1_113' title="bbox 2004 5763 3577 5840">
    <p class='ocr_par' dir='ltr' id='par_1_113' title="bbox 2004 5763 3577 5840">
     <span class='ocr_line' id='line_1_113' title="bbox 2004 5763 3577 5840; baseline 0.001 -22"><span class='ocrx_word' id='word_1_897' title='bbox 2004 5763 2220 5838; x_wconf 83' lang='lat' dir='ltr'><strong>quoque</strong></span> <span class='ocrx_word' id='word_1_898' title='bbox 2255 5767 2412 5823; x_wconf 86' lang='lat' dir='ltr'><strong>allata</strong></span> <span class='ocrx_word' id='word_1_899' title='bbox 2464 5769 2566 5824; x_wconf 90' lang='lat' dir='ltr'><strong>hac</strong></span> <span class='ocrx_word' id='word_1_900' title='bbox 2611 5766 2981 5840; x_wconf 74' lang='grc' dir='ltr'>ρτονοείιίοιιο</span> <span class='ocrx_word' id='word_1_901' title='bbox 3021 5784 3034 5820; x_wconf 89' lang='lat'><strong>:</strong></span> <span class='ocrx_word' id='word_1_902' title='bbox 3084 5766 3244 5823; x_wconf 86' lang='lat' dir='ltr'><strong>Pater</strong></span> <span class='ocrx_word' id='word_1_903' title='bbox 3271 5765 3442 5836; x_wconf 87' lang='lat' dir='ltr'><strong>major</strong></span> <span class='ocrx_word' id='word_1_904' title='bbox 3485 5781 3577 5821; x_wconf 90' lang='lat' dir='ltr'><strong>ua-</strong></span> 
     </span>
    </p>
   </div>
  </div>
