4102 6298
528 361 630 428 571

1735 366 2125 428 EUTI-IYMII
2166 367 2531 428 ZIGABENI
3660 376 3741 441 δυ

529 507 650 549 tura
679 504 800 562 est;
833 510 896 550 ac
947 493 1141 549 deinde
1192 503 1467 563 assumpta
1522 493 1687 548 altera
1720 509 1734 545 :
1772 492 1973 547 Natura
2007 508 2103 547 au-
2140 526 2149 550 Α

2140 499 2181 551 Δ
2211 495 2268 565 ἢ,
2303 496 2360 548 ⁸0
2391 495 2578 564 Πατὴρ
2610 495 2671 548 οὐ
2706 494 2921 556 πάντως
2950 495 3160 566 Πατήρ.
3192 496 3255 548 Et
3286 494 3458 565 βούλει
3483 495 3536 549 δὲ
3567 496 3734 563 οὕτως’

529 600 635 642 tem
665 603 768 641 non
799 587 1019 640 omnino
1049 585 1239 653 major,
1272 601 1444 654 neque
1472 584 1667 651 Pater;
1700 585 1774 638 ita
1829 595 2102 654 postremo

527 681 882 735 concludam:
917 678 1087 747 Majas
1147 677 1310 746 igitur
1356 694 1462 731 non
1486 678 1705 731 omnino
1753 677 1964 744 majus;
1995 674 2100 740 vel,

528 769 693 823 Pater
716 784 818 822 non
867 769 1087 821 omnino
1136 765 1317 819 Pater.
1368 764 1476 818 Aut
1543 766 1586 818 si
1635 764 1826 827 mavis,
1856 766 1921 817 ad
1960 766 2104 818 hunc

526 862 748 912 modum
806 873 1006 927 agam:
1054 857 1195 910 Deus
1242 864 1324 909 est
1376 857 1651 909 essentia:
1699 855 1946 909 Essentia
1993 871 2099 909 non

530 951 752 1002 omnino
784 957 866 1001 est
917 948 1091 1012 Deus;
1150 947 1291 1013 quod
1343 945 1577 1013 sequitur
1643 946 1756 1013 ipse
1797 946 2095 1000 conclude:

532 1044 673 1113 Ergo
708 1043 849 1095 Deus
885 1056 990 1094 non
1023 1040 1245 1093 omnino
1286 1039 1443 1093 Deus.
1490 1036 1710 1101 Verum,
1744 1038 1797 1091 ni
1834 1037 2009 1103 fallor,
2031 1039 2098 1093 ab

524 1141 614 1191 eo,
649 1127 792 1195 quod
825 1128 1120 1180 secundum
1156 1127 1423 1180 rationem
1463 1126 1749 1192 quamdam
1782 1127 2000 1186 dicitur,
2033 1126 2097 1179 ad

529 1219 581 1275 id
612 1220 751 1289 quod
776 1218 1093 1285 simpliciter
1108 1218 1326 1279 dicitur,
1352 1219 1590 1285 captiose
1615 1219 1958 1286 progreditur
1984 1218 2099 1271 hanc

2222 584 2281 636 'O
2337 583 2488 647 Θεὸς,
2523 584 2707 636 οὐσία·
2757 583 2820 636 Ἡ
2853 584 3010 636 οὐσία
3069 585 3145 647 δέ,
3176 586 3238 637 οὑ
3291 587 3498 650 πάντως
3529 587 3668 649 Θεός·
3694 590 3741 641 τὸ

2213 674 2340 743 ἑξῆς
2366 674 2524 736 αὐτὸς
2555 676 2826 743 συνάγαγε
2894 687 2910 704 ⁸
3041 676 3102 729 ⁸0
3129 674 3259 739 Θεὸς
3296 677 3354 729 οὐ
3392 678 3592 740 πάντως
3616 678 3739 742 Θεὸς.

2224 766 2361 818 Ἀλλ’
2389 762 2560 836 οἶμαι,
2590 770 2739 837 παρὰ
2765 768 2823 820 τὸ
2850 769 2925 837 πῆ
3044 808 3047 811 ‹
3095 767 3188 820 καὶ
3216 766 3399 831 ἁπλῶς
3430 771 3456 821 6
3489 770 3740 839 παραλογι-

2214 859 2349 929 σμὸς
2371 855 2545 923 οὗτος,
2571 860 2646 923 ὡς
2675 863 2788 922 τοῖς
2812 862 2938 931 περὶ
2966 860 3139 913 ταῦτα
3164 861 3497 929 τεχνολογεῖν
3528 861 3737 930 σύνηθες.

2222 950 2411 1020 Ἥμῶν
2446 949 2555 1021 γὰρ
2586 950 2652 1003 τὸ
2682 949 2885 1019 μεῖζον
2907 953 2971 1021 τῇ
2996 950 3087 1002 τοῦ
3118 952 3290 1004 αίτίου
3324 951 3478 1017 φύσει
3514 951 3741 1015 διδόντων,

2210 1042 2365 1097 αὐτοὶ
2387 1041 2446 1094 τὸ
2466 1043 2532 1111 τῇ
2569 1041 2726 1109 φύσει
2763 1039 2945 1110 μεῖζον
2967 1041 3290 1108 ἐπάγουσιν·
3322 1042 3504 1112 ὥσπερ
3529 1042 3587 1094 ἂν
3704 1046 3742 1095 εί

2210 1132 2305 1184 καὶ
2363 1131 2629 1199 λεγόντων
2663 1130 2838 1201 ήμῶν,
2875 1133 2955 1183 ὅτι
2984 1132 3012 1183 ὁ
3038 1131 3183 1185 δεῖνα
3236 1131 3425 1202 νεκρὸς
3480 1132 3742 1202 ἄνθρωπος,

2210 1224 2397 1287 ἁπλῶς
2421 1225 2626 1293 ἐπῆγον
2643 1223 2797 1276 αὐτοὶ
2827 1222 2920 1275 τὸν
2949 1222 3254 1293 ἄνθρωπον.

532 1305 956 1373 argumentatio,
985 1305 1131 1373 quod
1166 1304 1299 1358 artis
1344 1304 1508 1373 hujus
1546 1303 1806 1357 studiosis
1839 1303 2101 1357 usitatum
2132 1314 2287 1358 estet
2320 1306 2608 1359 familiare.
2650 1304 2783 1358 Nam
2834 1322 2957 1360 cum
3008 1322 3110 1360 nos
3147 1307 3290 1362 hanc
3332 1324 3538 1370 vocem,
3571 1313 3739 1379 majus,

531 1412 709 1453 causa:
742 1407 950 1450 natura:
978 1397 1303 1459 tribuamus,
1328 1396 1569 1451 inferunt
1593 1396 1717 1465 ipsi,
1754 1412 1972 1450 causam
2006 1408 2199 1452 natura
2218 1398 2479 1467 majorem
2515 1415 2658 1454 esse.
2692 1400 2849 1466 Quod
2882 1400 3111 1470 perinde
3159 1412 3269 1470 est,
3305 1418 3370 1457 ac
3399 1404 3442 1457 si
3467 1404 3739 1459 dicentibus

528 1489 688 1547 nobis
720 1507 733 1544 :
772 1490 869 1544 Hic
899 1501 1147 1546 mortuus
1174 1493 1372 1557 homo;
1403 1492 1670 1546 inferrent
1698 1490 1800 1560 ipsi
1835 1507 1849 1546 :
1890 1491 2029 1562 Ergo
2064 1493 2254 1547 homo.

601 1582 887 1648 Quomodo
941 1592 1122 1638 autem
1183 1584 1346 1648 istud,
1403 1585 1552 1655 quod
1613 1593 1762 1639 certe
1820 1600 1929 1639 non
1992 1584 2093 1637 nti-

2259 1586 2470 1638 Ἐκεῖνο
2523 1585 2580 1638 δὲ
2634 1587 2753 1647 πῶς
2812 1586 3301 1656 παραδρὰμωμεν,
3364 1588 3574 1651 οὐδενὸς
3602 1583 3738 1659 ἦττον

533 1679 649 1729 nori
686 1677 1045 1730 admiratione
1078 1678 1298 1745 dignum
1355 1689 1461 1742 est,
1508 1694 1668 1747 quam
1702 1694 1821 1746 quae
1858 1681 2153 1757 superiusf

2128 1705 2167 1757 Β
2198 1680 2306 1732 τῶν
2335 1678 2640 1750 εἰρημένων
2666 1677 2724 1730 ὃν
2758 1677 3125 1744 ἁξιάγαστον;
3167 1677 3225 1731 '0
3247 1679 3459 1749 Πατὴρ,
3493 1679 3657 1748 φησὶν,
3674 1680 3744 1730 οὐ·

534 1769 680 1822 dicta
711 1778 863 1834 sunt,
912 1770 1429 1837 praetermittemus?
1470 1768 1626 1823 Pater
1651 1808 1665 1833 ,
1721 1770 1994 1838 inquiunt,
2027 1772 2108 1825 vel

2201 1772 2342 1835 σίας,
2382 1772 2415 1842 ἢ
2452 1769 2732 1840 ἐνεργείας
2760 1770 2959 1839 ὄνομα·
2985 1770 3061 1832 ὡς
3092 1770 3483 1840 ἀμφοτέρωθεν
3516 1773 3648 1840 ἡμᾶς
3671 1771 3744 1841 δή-

525 1861 806 1924 essentim,
871 1860 955 1913 vel
1008 1861 1242 1915 actionis
1295 1876 1491 1914 nomen
1548 1868 1662 1913 est:
1721 1860 1800 1914 sic
1841 1862 1986 1915 enim
2012 1878 2108 1917 nos

2200 1880 2404 1927 σοντες.
2438 1864 2501 1915 Εἰ
2531 1863 2630 1928 μὲν
2654 1862 2841 1925 οὐσίας
2858 1863 3122 1932 φήσομεν,
3149 1862 3582 1933 συνθησομένους
3597 1864 3746 1932 ἑτερο-

529 1950 785 2019 utrinque
819 1951 893 2004 ita
946 1952 1209 2006 astrictos
1265 1940 1475 2020 putant,
1512 1961 1573 2006 ut
1619 1952 1762 2005 nulla
1800 1955 2009 2008 ratione
2036 1969 2104 2009 ex

2196 1955 2376 2009 ούσιον
2398 1952 2537 2008 εἶναι
2566 1955 2654 2007 τὸν
2679 1954 2804 2007 Υίόν
2823 1972 2836 1983 ·
2865 1955 3051 2025 ἐπειδὴ
3074 1954 3169 2024 μία
3190 1955 3287 2025 μὲν
3304 1955 3463 2007 οὐσία
3482 1954 3627 2016 Θεοῦ,
3643 1955 3744 2006 ταὺ-

528 2056 717 2093 eorum
759 2040 990 2095 vinculis
1019 2042 1157 2096 elabi
1200 2044 1491 2112 possimus.
1545 2045 1601 2100 Si
1644 2047 1790 2100 enim
1852 2050 2105 2103 eSSentim

2194 2066 2295 2119 την
2328 2047 2405 2112 δὲ,
2439 2047 2514 2109 ὡς
2539 2042 2702 2110 οὗτοι,
2722 2045 3158 2116 προκατείληφεν
3179 2047 3207 2097 6
3236 2047 3457 2115 Πατήρ⁸
3492 2047 3538 2097 εί
3564 2045 3611 2097 δὲ
3628 2047 3741 2114 ἐνερ-

532 2148 728 2184 nomen
757 2146 876 2185 esse
902 2134 1222 2197 dixerimus,
1249 2136 1627 2208 assentiemur,
1684 2145 1742 2189 ut
1766 2137 2102 2206 existimant,

2195 2141 2372 2211 γείας,
2388 2139 2597 2208 ποίημα
2614 2137 2801 2206 σαφῶς
2822 2137 3275 2206 ὁμολογήσοντας,
3291 2136 3408 2188 ἀλλ’
3430 2136 3489 2188 οὐ
3510 2136 3741 2204 γέννημα·

532 2223 731 2277 Filium
774 2224 1044 2277 diversam
1075 2242 1103 2278 a
1144 2224 1303 2280 Patre
1333 2227 1623 2281 essentiam
1654 2228 1892 2282 habere:
1922 2244 2099 2299 quan-

2194 2225 2256 2286 οὗ
2286 2233 2395 2303 γὰρ
2421 2233 2450 2283 6
2479 2229 2738 2301 ἐνεργῶν,
2766 2231 2879 2281 ἐκεῖ
2904 2229 3122 2291 πάντως
3154 2229 3248 2280 καὶ
3272 2229 3338 2280 τὸ
3371 2228 3742 2298 ἐνεργούμενον.

534 2316 821 2382 doquidem
881 2331 985 2369 una
1035 2318 1107 2371 sit
1158 2317 1247 2371 Dei
1296 2318 1553 2381 essentia,
1601 2334 1761 2386 quam
1817 2318 1998 2382 Pater,
2041 2330 2103 2375 ut

2196 2323 2306 2377 Καὶ
2320 2320 2435 2383 πῶς
2451 2317 2528 2387 τῷ
2544 2317 2863 2387 πεποιηκότι
2882 2316 3075 2371 ταυτὸν
3094 2316 3154 2368 τὸ
3168 2331 3367 2385 πεποιη
3377 2315 3550 2385 μένον,
3568 2311 3747 2381 θαυμά-

535 2406 781 2459 censent,
804 2411 915 2461 1am
973 2408 1099 2453 ante
1155 2404 1455 2469 occuparit.
1494 2404 1589 2459 Sin
1624 2416 1804 2459 autem
1853 2407 2099 2473 actionis,

2206 2408 2317 2472 ζειν
2334 2408 2615 2477 φήσουσιν.
2644 2406 2852 2474 Σφόδρα
2869 2405 2934 2458 ἂν
2949 2403 3178 2474 ᾐδέσθην
3209 2403 3365 2472 ὑμῶν
3392 2404 3483 2456 καὶ
3507 2401 3653 2463 αὐτὸς
3664 2400 3748 2470 τὴν

530 2496 774 2542 creatum
807 2501 927 2542 esse
984 2489 1296 2557 fatebimur,
1560 2513 1667 2551 non
1704 2499 1964 2567 genitmn.
2003 2498 2102 2553 Ubi

2208 2496 2488 2567 διαίρεσιν,
2508 2497 2555 2548 εἰ
2572 2494 2676 2547 τῶν
2691 2493 2783 2548 δύο
2805 2494 2865 2546 τὸ
2891 2494 3077 2567 ἓτερον
3098 2492 3349 2557 δέξασθαι
3383 2488 3450 2562 ἧν
3468 2492 3745 2558 ἀναγκαίαν,

530 2582 674 2635 enim
705 2590 790 2635 est
819 2596 1003 2649 agens,
1036 2583 1144 2637 illic
1174 2600 1393 2654 quoque
1423 2588 1648 2641 omnino
1687 2589 1739 2642 id
1765 2590 1905 2657 quod
1929 2590 2106 2659 agitur

2212 2585 2346 2641 ἀλλὰ
2377 2586 2448 2657 μὴ
2476 2586 2543 2638 τὰ
2573 2584 2665 2637 δύο
2691 2584 3043 2653 διαφυγόντα,
3069 2583 3248 2653 τρίτον
3288 2584 3465 2635 εἰπεῖν
3494 2580 3739 2652 ἀληθέστε-

528 2688 651 2727 esse
679 2689 898 2728 necesse
946 2686 1048 2729 est.
1112 2678 1189 2731 Ac
1220 2679 1405 2733 mirari
1470 2694 1529 2735 se
1562 2681 1761 2743 dicent,
1810 2697 1915 2750 quo
1950 2691 2105 2751 pacto

2213 2695 2304 2749 ρον
2326 2694 2340 2708 ο
2375 2678 2457 2731 ὃτι
2489 2675 2612 2729 οὔτε
2649 2676 2837 2740 οὐσίας
2871 2676 3042 2745 ὄνομα
3074 2677 3103 2728 6
3133 2675 3346 2745 Πατὴρ,
3393 2668 3438 2726 ὦ
3464 2670 3747 2740 σοφώτατοι,

531 2766 729 2818 factum
781 2782 901 2821 cum
958 2768 1167 2825 factore
1215 2773 1354 2826 idem
1408 2788 1532 2827 esse
1562 2783 1747 2843 queat.
1774 2775 1853 2828 Me
1893 2791 2105 2845 quoque

2209 2768 2331 2822 οὔτε
2362 2768 2670 2839 ἐνεργείαςο
2709 2766 2945 2837 σχέσεως
2978 2765 3035 2818 δὲ
3079 2765 3173 2818 καὶ
3216 2764 3311 2817 τοῦ
3352 2764 3475 2827 πῶς
3503 2762 3607 2832 ἔχει
3641 2760 3752 2831 πρὸς

531 2856 706 2922 ipsum
741 2860 1091 2915 vehementer
1148 2863 1259 2917 iure
1295 2866 1568 2919 distinctio
1613 2876 1788 2920 vestra
1826 2881 2105 2935 permove-

2207 2859 2299 2911 τὸν
2330 2857 2455 2910 Υίὸν
2503 2859 2530 2910 6
2580 2856 2790 2925 Πατὴρ,
2823 2855 2855 2925 ἢ
2892 2856 2920 2906 6
2950 2854 3075 2915 Υἱὸς
3111 2854 3247 2924 πρὸς
3294 2853 3388 2906 τὸν
3427 2853 3652 2922 Πατέρα.
3683 2851 3753 2912 Ὧς

531 2958 633 3008 ret,
660 2948 702 2998 si
738 2949 865 3002 mibi
886 2951 1112 3004 duorum
1140 2952 1460 3009 alterutrum
1490 2959 1797 3011 necessario
1820 2959 2107 3012 admittet»

2209 2949 2319 3021 γὰρ
2346 2952 2475 3019 παρ’
2505 2950 2635 3020 ἡμῖν
2665 2951 2719 3001 αἱ
2756 2947 2977 3017 κλήσεις
3017 2941 3175 2999 αὗται
3213 2946 3273 2998 τὸ
3306 2948 3530 3017 γνήσιον
3571 2944 3657 2999 καὶ
3690 2944 3754 2995 οἰ-

538 3036 661 3087 dum
692 3048 856 3101 esset,
917 3054 978 3091 ac
1035 3055 1139 3093 non
1195 3044 1396 3109 potius,
1452 3054 1679 3110 utraque
1734 3043 2151 3122 disjunctionis‘

2136 3105 2173 3122 η
2210 3044 2355 3093 κεῖον
2378 3040 2752 3110 γνωρίζουσιν,
2781 3037 2923 3090 οὕτω
2946 3037 3106 3089 κάκεῖ
3132 3037 3230 3107 τὴν
3259 3036 3357 3089 τοῦ
3390 3036 3754 3105 γεγεννημένου

531 3139 684 3191 parte
717 3129 902 3189 vitata,
939 3132 1156 3184 tertium
1198 3132 1400 3203 aliquid
1446 3138 1628 3191 verius
1677 3136 1860 3189 dicere
1897 3136 2102 3189 liceret.
2134 3106 2151 3159 ί

2135 3106 2175 3159 C
2210 3130 2346 3200 πρὸς
2372 3106 2431 3183 τὸ
2456 3106 2782 3199 γεγεννηκὸς
2810 3129 3078 3199 ὁμοφυΐαν
3107 3106 3487 3197 σημαίνουσιν.
3516 3128 3679 3179 Ἔστω
3692 3122 3755 3187 δὲ,

530 3216 640 3269 Nec
666 3220 806 3271 enim
849 3223 1099 3275 essentia:
1131 3239 1321 3279 nomen
1378 3238 1466 3280 est
1504 3225 1681 3290 Pater,
1718 3243 1750 3281 ο
1786 3229 1881 3283 viri
1911 3228 2106 3281 acutis-

2210 3217 2364 3288 ὑμῶν
2393 3218 2571 3287 χάριν,
2602 3218 2696 3270 καὶ
2720 3217 2908 3280 οὐσίας
3073 3233 3156 3279 τις
3177 3217 3205 3267 6
3224 3217 3450 3287 Πατήρ·
3489 3214 3756 3278 συνεισάξει

529 3308 673 3371 simi,
709 3325 806 3362 nec
859 3313 1121 3375 actionis;
1169 3317 1261 3368 sed
1324 3318 1642 3370 relationem
1699 3334 1816 3371 eam
1882 3319 2103 3383 indicat,

2210 3309 2300 3362 τὸν
2350 3308 2499 3374 Υίὸν,
2554 3309 2654 3361 οὐκ
2696 3307 3064 3378 ἀλλοτριώσει,
3118 3307 3260 3361 κατὰ
3306 3307 3410 3370 τὰς
3463 3306 3637 3369 κοινὰς
3690 3306 3756 3357 ἐν·

530 3414 693 3466 quam
716 3399 876 3452 Pater
908 3418 1033 3471 erga
1074 3402 1268 3455 Filium
1307 3406 1488 3469 habet,
1525 3407 1604 3459 vel
1642 3406 1815 3462 Filius
1840 3424 1966 3475 erga
2008 3408 2106 3461 Pa-

2209 3400 2359 3462 νοίας
2392 3438 2409 3464 ,
2554 3398 2649 3452 καὶ
2707 3397 2806 3469 τὴν
2860 3398 2970 3450 τῶν
3012 3399 3258 3468 κλήσεων
3298 3398 3507 3450 τούτων
3540 3396 3753 3462 δύναμιν.

535 3500 693 3543 trem.
741 3490 809 3545 Ut
849 3493 992 3545 enim
1027 3495 1166 3560 apud
1228 3511 1324 3549 nos
1362 3496 1476 3551 ltarc
1517 3499 1733 3551 nomina
1795 3514 2103 3569 germanam

2214 3493 2396 3544 Ἔστω
2427 3491 2522 3545 καὶ
2551 3490 2849 3563 ἐνεργείας,
2881 3492 2929 3543 εἰ
2952 3489 3111 3543 τοῦτο
3129 3491 3301 3543 δοκεῖ·
3337 3490 3459 3543 οὐδέ
3482 3488 3615 3542 οὕτω
3634 3485 3755 3556 ἡμᾶς

543 3580 832 3649 quamdam
866 3582 1304 3651 eonjunctioncm
1340 3595 1394 3640 et
1443 3588 1895 3641 necessitudinem
1919 3590 2102 3644 decla-

2211 3583 2488 3654 αἱρήσετε.
2664 3581 2805 3634 Αὐτὸ
2837 3581 2894 3634 δὲ
3067 3580 3225 3634 τοῦτο
3251 3578 3576 3652 ἐνηργηκὼς
3603 3578 3660 3631 ἂν
3684 3574 3754 3641 εἴη

531 3678 695 3724 rant:
733 3672 799 3723 ad
823 3674 1070 3725 eumdem
1124 3678 1340 3727 modum
1394 3674 1504 3729 illic
1541 3690 1756 3744 quoque
1807 3679 2105 3746 genitorem

2209 3673 2272 3725 τὸ
2312 3671 2616 3743 ὁμοούσιον,
2657 3672 2689 3742 ἢ
2730 3672 2823 3724 καὶ
2997 3671 3197 3732 ἄτοπος
3236 3671 3415 3735 ἄλλως
3454 3674 3486 3740 ή
3520 3669 3613 3739 τῆς
3648 3663 3754 3733 περὶ

530 3777 595 3816 ac
635 3764 873 3828 genitum
919 3766 1162 3817 eamdem
1226 3774 1474 3819 naturam
1530 3766 1733 3822 habere
1785 3767 2110 3835 significant.

2212 3765 2370 3819 τοῦτο
2393 3764 2671 3836 ἐνεργείας
2701 3764 2985 3833 ὑπόληψις.
3025 3763 3187 3834 Ὁρᾷς
3207 3764 3356 3826 ὅπως
3386 3765 3415 3816 ὑ
3424 3763 3556 3833 μῶν,
3584 3759 3756 3814 καὶκα-

533 3851 638 3905 Sed
675 3853 746 3905 sit
786 3868 937 3918 sane,
970 3854 1022 3907 in
1057 3856 1219 3909 vestri
1246 3857 1501 3925 gratiam,
1535 3856 1695 3911 Pater
1740 3858 1991 3912 essentia:
2016 3873 2113 3914 no-

2209 3858 2471 3927 κομαχεῖν
2528 3854 2855 3923 ἐθελόντων,
2914 3855 3015 3917 τὰς
3089 3855 3331 3927 στροφὰς
3389 3853 3753 3922 διαφεύγομεν;

531 3956 697 3996 men:
740 3941 938 3997 Filium
990 3946 1174 4015 utique
1213 3947 1372 3999 simul
1428 3947 1749 4013 introducet,
1798 3964 1901 4002 non
1931 3955 2110 4002 autem

2206 3946 2360 3999 *Επεὶ
2414 3945 2471 3997 δέ
2524 3961 2618 3997 σου
2666 3945 2728 3997 τὸ
2780 3946 2839 3998 ἐν
2884 3946 2996 4006 τοῖς
3038 3944 3315 4015 λογισμοῖς
3352 3947 3448 3998 καὶ
3485 3948 3598 4004 ταῖς
3627 3954 3756 4009 στρο-

533 4037 851 4101 removebit,
907 4045 962 4091 et
1013 4037 1287 4102 alienabit,
1327 4048 1385 4091 ut
1427 4049 1480 4093 et
1511 4055 1824 4095 communes
1852 4041 2098 4093 notiones

2208 4038 2337 4105 φαῖς
2382 4036 2593 4106 ἄμαχον
2639 4035 2902 4104 ἔγνωμεν,
2937 4035 3133 4104 ῐδωμέν
3175 4053 3267 4088 σου
3306 4037 3406 4088 καὶ
3448 4036 3544 4102 τὴν
3577 4037 3633 4085 ἐκ
3668 4028 3754 4081 τῶν

535 4126 737 4188 ferunt,
762 4139 814 4180 et
852 4128 965 4196 ipsa
997 4129 1188 4182 horum
1227 4130 1506 4183 nominum
1538 4134 1620 4183 vis
1650 4146 1712 4185 ac
1749 4129 1990 4183 facultas.
2022 4128 2107 4182 Sit

2206 4123 2363 4177 θείων
2401 4124 2597 4193 λογίων
2635 4124 2809 4194 ἰσχὺν,
2853 4123 2919 4178 ἂν
2947 4124 3055 4179 ἇοα
3084 4124 3213 4195 δέξῃ
3250 4126 3546 4187 κάντεῦθεν
3576 4120 3750 4175 πείθειν

531 4219 693 4271 ctiam
725 4218 972 4277 actionis,
1008 4220 1051 4271 si
1086 4220 1157 4271 ita
1184 4221 1433 4274 videtur:
1478 4236 1576 4273 nec
1606 4220 1687 4273 sic
1726 4220 1941 4287 quidem
1982 4235 2107 4271 cau-
2204 4219 2375 4287 ήμᾶς.
3386 4204 3387 4207 η

529 4324 644 4361 sam
681 4308 1015 4360 obtinebitis.
1046 4309 1247 4361 Eodem
1316 4310 1462 4364 enim
1517 4311 1674 4363 modo
1727 4311 1968 4363 dicemus
2002 4310 2103 4361 ltoc
2143 4307 2317 4374 ipsmn
2342 4306 2519 4374 egisse
2547 4308 2788 4371 Patrem,
2842 4316 2900 4360 ut
2939 4307 3422 4361 consubstantialis
3481 4306 3579 4369 ipsi
3613 4301 3754 4356 Filius

532 4413 710 4465 esset;
741 4402 844 4455 etsi
876 4400 1073 4469 alioqui
1107 4402 1442 4457 absurditate
1468 4420 1570 4457 non
1607 4414 1757 4458 caret
1798 4402 2101 4469 hujusmodi
2144 4400 2375 4453 actionis
2405 4400 2609 4465 opinio.
2674 4399 2908 4453 Videsne
2949 4414 3056 4466 quo
3081 4380 3278 4466 'pacto,
3324 4400 3615 4467 quamlibet
3669 4393 3748 4445 im-

526 4500 698 4558 probe
723 4508 785 4545 ac
817 4492 1048 4562 maligne
1080 4508 1319 4561 pugnare
1372 4496 1687 4562 studentis,
1744 4496 2017 4564 captiones
2079 4503 2255 4547 tamen
2319 4502 2529 4544 vestras
2583 4489 2941 4560 eﬂugiamus?
2996 4490 3258 4555 Quoniam
3298 4502 3479 4544 autem
3534 4489 3751 4541 invictum

522 4587 662 4641 illud
702 4597 849 4643 tuum
898 4587 951 4640 iu
1023 4587 1526 4643 ratiocinationibus
1568 4597 1622 4643 et
1693 4589 1920 4656 argutiis
1986 4586 2150 4642 robur
2187 4585 2564 4657 cognovimus,
2615 4585 2890 4638 videamus
2940 4584 3051 4652 jam
3102 4598 3261 4651 quam
3316 4584 3427 4637 vim
3480 4583 3531 4636 in
3592 4576 3755 4633 divinis

535 4682 768 4738 oraculis
796 4682 1023 4752 positam
1054 4681 1273 4749 habeas,
1301 4682 1346 4737 si
1378 4684 1537 4736 modo
1579 4682 1703 4737 hinc
1756 4696 1971 4751 quoque
2011 4681 2166 4734 nobis
2188 4681 2385 4750 dogma
2421 4687 2569 4732 tuum
2601 4678 2925 4744 persuadere
2951 4692 3054 4730 non
3085 4692 3250 4746 grave
3269 4676 3459 4731 ducas.

812 4775 923 4830 Nos
944 4776 1142 4846 quippe
1215 4790 1281 4831 ex
1320 4775 1531 4844 magnis
1589 4783 1643 4829 et
1693 4774 1923 4831 excelsis
1956 4775 2101 4829 voci-
2138 4774 2181 4827 Ι)
2424 4771 2432 4790 ⁴

2138 4774 2181 4827 D
2424 4771 2617 4842 Ἡμεῖς
2648 4770 2746 4841 μὲν
2774 4769 2883 4841 γὰρ
2923 4770 2986 4823 ἐκ
3024 4769 3273 4839 μεγάλων
3301 4768 3397 4827 καὶ
3423 4766 3634 4837 ὑψηλῶν
3669 4763 3756 4815 τῶν

533 4873 634 4924 bus
658 4868 782 4922 Filii
816 4869 1154 4923 divinitatem
1192 4868 1555 4938 percepimus,
1614 4882 1677 4922 ac
1720 4866 2101 4936 praedicamus.

2209 4863 2424 4934 φωνῶν,
2452 4861 2545 4916 τοῦ
2575 4858 2705 4915 Υίοΰ
2738 4859 2836 4931 τὴν
2866 4859 3094 4930 θεότητα
3123 4859 3215 4936 καὶ
3238 4858 3656 4929 κατειλήφαμεν,
3681 4848 3753 4938 καί

532 4960 738 5026 Quibus
769 4960 1027 5013 tandem?
1050 4960 1153 5014 His
1180 4936 1461 5025 nimirum,
1491 4960 1650 5025 Deus,
1680 4960 1939 5023 Verbum,
1964 4960 2103 5027 quod

2210 4949 2578 5019 κηρύσσομεν.
2615 4948 2787 5005 Τίνων
2824 4946 3058 5010 τούτων;
3084 4949 3193 5018 Τῆς
3225 4946 3378 5010 Θεὸς,
3408 4947 3507 5016 τῆς
3540 4936 3755 5027 Adrasti

533 5053 588 5106 in
622 5049 886 5119 principio
918 5059 1055 5110 erat,
1096 5061 1147 5104 et
1186 5066 1306 5103 cum
1337 5052 1623 5122 principio,
1654 5059 1708 5105 et
1743 5051 2104 5119 principium:

2210 5043 2268 5094 ἐν
2296 5042 2458 5112 ἀρχῆς
2493 5042 2521 5093 ὁ
2558 5039 2695 5109 μετά
2721 5039 2818 5108 τῆς
2844 5038 3037 5107 ἀρχῆς,
3066 5039 3099 5107 ἡ
3135 5038 3307 5107 ἀρκή’
3344 5036 3449 5089 Ἐν
3467 5030 3618 5103 ἀρχῆ
3642 5025 3754 5122 τίν-δ

532 5149 594 5195 ut
623 5116 680 5194 in
720 5116 807 5193 Itis
834 5138 997 5192 locis:
1039 5137 1105 5191 In
1132 5116 1386 5208 principio
1420 5116 1532 5194 erat
1594 5116 1838 5203 Verbum,
1891 5116 1940 5193 et
1986 5137 2112 5192 Ver-

2209 5132 2421 5199 Λόγος,
2452 5129 2549 5183 καὶ
2574 5132 2607 5182 ό
2641 5129 2832 5198 Λόγος
2870 5122 2949 5195 ἦν
2985 5126 3134 5193 πρὸς
3163 5125 3269 5178 τὸν
3309 5125 3480 5188 Θεὸν,
3512 5122 3601 5176 καί
3637 5116 3750 5173 Θεὸς

529 5236 653 5288 bum
685 5242 796 5287 erat
826 5233 966 5301 apud
1005 5230 1188 5294 Deum,
1220 5240 1266 5283 et
1324 5229 1460 5283 Deus
1494 5244 1604 5284 erat
1660 5231 1883 5285 Verbum
1921 5232 1937 5261 ¹
1987 5246 2002 5295 ;
2033 5240 2107 5297 et,

2209 5217 2288 5291 ἦν
2322 5223 2354 5274 δ
2383 5221 2573 5288 Λόγος
2596 5234 2610 5249 ο
2652 5217 2767 5279 καὶ,
2798 5216 2961 5270 Μετὰ
3002 5213 3119 5269 σοῦ
3152 5216 3191 5282 7i
3223 5213 3380 5293 ἀρχή
3402 5230 3416 5244 ”
3450 5213 3560 5278 xu“
3598 5211 3751 5301 Ὁ,

535 5326 726 5381 Tecum
760 5323 1076 5393 principium
1134 5320 1190 5388 ’;
1220 5330 1297 5387 et,
1340 5321 1442 5386 Qui
1476 5333 1618 5375 vocat
1675 5338 1787 5377 eam
1821 5339 1853 5376 a
1895 5337 2111 5391 genera-

2209 5311 2336 5367 λῶν
2362 5310 2559 5379 αὐτὴν
2584 5309 2699 5365 ἀπὸ
2738 5306 2958 5378 γενεῶν
2981 5306 3195 5374 ἀρχήν.
3292 5389 3303 5393 _
3399 5302 3609 5393 Ἐπειδὴ
3647 5294 3749 5393 fili;

535 5385 1106 5481 tionibus-principium
1151 5385 1191 5465 ³.
1217 5385 1297 5466 Ad
1338 5385 1452 5467 ham
1483 5410 1652 5467 Filius
1697 5385 2006 5481 unigenitus
2031 5411 2111 5464 di-

2176 5396 2180 5401 ’
2214 5399 2528 5473 μονογενὴς,
2578 5398 2639 5451 '0
2656 5394 2994 5467 μονογενὴς
3026 5394 3177 5459 Υἱὸς,
3208 5396 3241 5447 ό
3267 5389 3352 5445 ὢν
3380 5394 3469 5457 εἰς
3505 5389 3605 5443 τὸν

532 5508 709 5560 citur:
746 5503 1055 5574 Um'genitus
1080 5502 1277 5571 Filius,
1304 5503 1393 5574 qui
1423 5513 1497 5557 est
1538 5503 1591 5557 in
1626 5503 1747 5556 sinu
1776 5500 1979 5565 Patris,
2006 5502 2111 5569 ipse

2211 5510 2329 5548 πον
2368 5492 2474 5546 τοῦ
2505 5489 2753 5557 Πατρός,
2785 5487 3014 5552 ἐκεῖνος
3037 5484 3398 5554 ἐξηγήσατο·
3429 5481 3596 5574 Ὀδδςζ

534 5597 799 5649 enarravit
855 5594 895 5651 ⁸.
928 5596 1048 5663 Via,
1083 5594 1319 5663 Veritas,
1346 5594 1489 5660 Vita,
1520 5597 1672 5655 Lux:
1712 5594 1822 5662 Ego
1869 5608 1983 5646 sum
2009 5593 2108 5653 via,

2213 5586 2350 5648 θεια,
2396 5583 2537 5654 Ζωὴ,
2578 5581 2735 5645 Φῶς·
2784 5577 2931 5643 Ἐγώ
2972 5579 3087 5645 ειμι
3127 5576 3165 5645 ή
3214 5573 3373 5641 ὁδὸς,
3425 5571 3523 5627 και
3565 5568 3602 5636 ἠ
3627 5558 3747 5625 ἀλή-

636 5759 651 5789 ‘
681 5756 840 5812 Joan.
894 5776 932 5824 ι,
962 5760 1011 5815 ι.
1090 5762 1109 5790 ¹
1143 5762 1285 5817 Psai.
1327 5777 1437 5830 clx,
1478 5760 1532 5815 5.
1610 5758 1628 5790 ³
1660 5757 1765 5813 lsa.
1797 5772 1906 5821 xu,
1936 5757 1988 5810 4.
2068 5756 2087 5782 ⁸
2117 5754 2249 5809 Joan

894 5776 932 5824 I,
962 5760 1011 5815 ι.
1090 5762 1109 5790 ¹
1143 5762 1285 5817 Psai.
1327 5777 1437 5830 clx,
1478 5760 1532 5815 5.
1610 5758 1628 5790 ³
1660 5757 1765 5813 lsa.
1797 5772 1906 5821 xu,
1936 5757 1988 5810 4.
2068 5756 2087 5782 ⁸
2117 5754 2274 5809 Juan.
2317 5766 2353 5817 ι,
2397 5749 2484 5806 18.
