4102 6298
463 355 575 417 575

1675 345 2070 407 EUTHYMII
2110 344 2389 405 ZIGABE
2407 344 2487 404 NI

3608 348 3699 410 576

535 462 631 515 Hic
662 460 828 525 enim,
852 477 1014 530 quem
1058 476 1201 516 nunc
1227 459 1558 530 aspernaris,
1582 459 1857 527 quondam
1888 466 2030 523 erat,

2212 449 2384 519 Οὗτος
2429 457 2539 525 γὰρ
2576 458 2605 508 ὁ
2646 455 2743 508 νῦν
2806 474 2887 509 σοι
2929 459 3463 530 καταφρονούμενος,
3516 458 3577 532 ἦν
3621 467 3697 520 ὅτε

460 568 513 610 et
552 573 715 626 supra
762 565 815 611 te
848 567 966 611 erat
998 575 1013 610 :
1044 558 1135 625 qui
1170 571 1313 609 nunc
1356 557 1516 610 homo
1548 565 1656 617 est,
1682 555 2039 624 compositio-

463 652 543 702 nis
574 664 767 716 expers
805 657 941 702 erat.
975 646 1127 713 Quod
1164 656 1304 709 erat,
1340 648 1643 716 permansit
1673 663 1687 700 :
1724 647 1872 714 quod
1927 656 2038 699 nun

464 751 603 806 erat,
646 742 957 810 assumpsit.
986 741 1040 793 lu
1073 741 1337 809 principio
1370 740 1492 794 sine
1531 754 1695 794 causa
1730 748 1869 793 erat.
1902 738 2030 804 Quae

467 834 613 886 enim
682 832 775 886 Dei
831 847 993 887 causa
1039 831 1218 886 aﬂerri
1267 832 1566 903 queat?At
1596 840 1783 902 postea
1825 845 2041 901 quoque

467 934 615 978 certa
651 924 718 978 de
745 940 906 979 causa
941 935 1098 980 natus
1144 935 1245 981 est.
1281 925 1358 979 Ea
1404 934 1585 979 autem
1630 935 1771 990 erat,
1824 935 1885 980 ut
1958 933 2039 989 tu,

467 1017 706 1071 insolens
736 1032 799 1071 ac
835 1028 1105 1085 proterve,
1140 1017 1371 1073 salutem
1428 1020 1882 1087 consequereris,
1948 1019 2038 1087 qui

465 1110 722 1164 deitatem
762 1110 966 1163 idcirco
1000 1109 1328 1174 cOntemnis,
1373 1112 1499 1178 quia
1540 1111 1846 1165 crassitiem
1890 1120 2038 1164 tuam

464 1204 729 1270 suscepit,
756 1216 852 1270 per
874 1201 1251 1255 intermediam
1291 1211 1529 1257 mentem
1565 1217 1688 1256 cum
1724 1216 1888 1257 carne
1911 1218 2043 1257 con-

463 1284 705 1363 junctus,
733 1302 895 1362 atque
948 1293 1175 1348 inferior
1220 1293 1308 1347 hic
1355 1294 1521 1348 homo
1590 1294 1733 1349 Deus
1783 1294 2036 1359 ell'ectus,

471 1398 818 1453 posteaquam
853 1399 977 1439 cum
998 1385 1108 1440 Deo
1130 1387 1357 1451 coaluit,
1375 1387 1851 1456 prmstantiorique
1878 1395 2032 1454 parte

2137 548 2234 600 καὶ
2260 547 2402 614 ὑπὲρ
2430 548 2490 599 σὲ
2521 542 2611 617 ἦν·
2648 549 2675 600 ὁ
2698 547 2793 601 νῦν
2819 548 3132 618 ἄνθρωπος,
3177 553 3273 605 καὶ
3319 553 3605 618 ἁσύνθετος
3622 552 3700 626 ἦν.

2144 643 2209 693 '0
2244 640 2343 710 μὲν
2374 636 2463 711 ἦν,
2494 641 2788 709 διέμεινεν·
2823 641 2851 693 ὃ
2876 642 2931 693 δὲ
2962 643 3062 694 ούκ
3088 637 3178 711 ἦν,
3220 644 3571 712 προσέλαϐεν.
3622 649 3705 702 Ἐν

2140 736 2285 805 ἀρχῇ
2336 730 2405 805 ἦν
2463 735 2747 797 ἀναιτίως·
2780 737 2862 797 τίς
2893 738 3002 805 γὰρ
3053 736 3201 789 αίτία
3241 736 3379 788 Θεοῦ
3412 752 3427 803 ;
3469 738 3596 791 ἀλλὰ
3626 742 3706 792 καὶ

2152 829 2379 897 ὕστερον
2420 827 2614 895 γέγονε
2675 829 2742 880 δι’
2776 828 2978 884 αἰτίαν.
3032 829 3096 881 Ἦ
3123 829 3177 880 δὲ
3207 825 3297 898 ἦν,
3334 829 3397 881 τὸ
3448 830 3504 882 σὲ
3556 832 3711 900 σωθῆη

2152 938 2241 973 ναι
2274 922 2365 973 τὸν
2394 920 2681 989 ὑϐριστὴν,
2715 918 2774 981 ὂς
2804 921 2893 973 διὰ
2925 920 3083 973 τοῦτο
3105 924 3458 990 περιφρονεῖς
3481 920 3706 989 θεότητα,

2150 1017 2235 1069 ὅτι
2274 1015 2374 1082 τὴν
2404 1014 2503 1083 σὴν
2534 1013 2825 1082 παχύτητα
2849 1013 3195 1079 κατεδέξατο,
3258 1013 3348 1064 διὰ
3383 1013 3547 1081 μέσου
3604 1014 3708 1075 νοὸς

2150 1108 2418 1179 ὁμιλήσας
2454 1107 2639 1176 σαρκὶ,
2696 1107 2791 1157 καὶ
2850 1108 3147 1174 γενόμενος
3182 1105 3477 1175 ἄνθρωπος
3523 1106 3550 1156 ὁ
3581 1107 3710 1158 κάτω

2150 1202 2304 1266 Θεὸς,
2350 1199 2542 1267 ἐπειδὴ
2580 1199 2960 1269 συνανεκράθη
3010 1198 3149 1267 Θεῷ,
3202 1199 3298 1251 καὶ
3366 1199 3583 1266 γέγονεν
3639 1193 3709 1261 εἷς

2148 1295 2239 1348 τοῦ
2277 1294 2582 1365 κρείττονος
2612 1294 3037 1362 ὲκνικήσαντος,
3078 1294 3167 1347 ἵνα
3192 1296 3445 1362 γένωμαι
3480 1294 3711 1346 τοσοῦτον

2149 1385 2288 1449 θεὸς,
2325 1386 2448 1438 ὅσον
2474 1385 2679 1445 ἐκεῖνος
2711 1384 3015 1452 ἄνθρωπος.
3044 1428 3047 1429 ν

468 1491 785 1548 superante,
822 1494 962 1533 unus
985 1479 1159 1534 factus
1183 1490 1285 1544 est,
1321 1490 1378 1534 ut
1430 1482 1547 1549 ipse
1581 1496 1795 1550 quoque
1828 1490 2034 1533 tantum
2083 1480 2213 1533 deus
2239 1478 2460 1539 eiiiciur,
2489 1487 2750 1546 quantum
2784 1478 2873 1532 ille
2894 1479 3080 1531 homo.

575 1569 828 1638 Ejusdem
863 1574 914 1625 in
941 1573 1165 1628 eosdem.
1214 1573 1295 1626 Ea:
1333 1591 1370 1628 ll
1405 1576 1640 1628 oratione
1673 1574 1735 1626 de
1768 1572 1931 1628 Filio.

537 1729 671 1783 lllud
706 1731 926 1799 quidem
974 1747 1139 1784 unum
1174 1731 1305 1798 ipsis
1352 1732 1465 1785 lere
1518 1733 1572 1785 in
1625 1739 1873 1799 promptu
1908 1740 1992 1784 est
2025 1747 2041 1787 :

480 1816 734 1869 Dominus
751 1817 936 1869 creavit
955 1831 1033 1867 me
1048 1816 1354 1883 principium
1373 1814 1573 1865 viarum
1586 1829 1797 1866 suarum
1812 1814 1880 1865 ad
1897 1829 2049 1880 opera

480 1922 577 1959 sua
632 1904 669 1959 '.
707 1906 802 1957 Cui
827 1914 1145 1973 argumento
1177 1922 1284 1976 quo
1331 1906 1545 1960 tandem
1602 1905 1760 1959 modo
1801 1919 2048 1958 occurre-

485 1996 643 2048 mus?
670 1993 806 2047 Num
843 1996 1183 2049 Salomonem
1218 1993 1638 2048 accusabimus?
1664 1993 1798 2046 Num
1823 1994 2049 2062 pristina

485 2086 654 2152 ipsius
688 2087 826 2139 dicta
860 2087 927 2138 ob
950 2095 1281 2153 postremum
1312 2086 1480 2153 ipsius
1530 2085 1731 2155 lapsum
1764 2085 2051 2151 abrogabi-

488 2178 647 2231 mus?
673 2177 808 2231 Num
845 2178 1123 2246 ipsiusmet
1152 2178 1430 2245 sapientia:
1452 2217 1466 2242 ,
1520 2193 1583 2231 ac
1614 2177 1761 2231 velut
1790 2177 2048 2243 scientia},

487 2266 821 2334 artificisque
840 2266 1089 2331 rationis,
1108 2265 1399 2321 secundum
1427 2280 1590 2334 quam
1631 2267 1811 2319 omnia
1838 2266 2052 2319 condita

487 2368 632 2416 sunt,
665 2358 803 2409 hunc
827 2371 1131 2410 sermonem
1159 2370 1283 2410 esse
1314 2356 1597 2411 dicemus?
1628 2356 1890 2424 Pleraque
1909 2357 2052 2409 enim

486 2462 549 2497 cx
584 2446 685 2504 his,
723 2460 841 2510 quae
873 2445 1053 2498 anima
1087 2452 1299 2508 carent,
1348 2444 1630 2514 Scriptura
1662 2459 1757 2512 per
1796 2457 2057 2511 prosapo-

490 2536 682 2602 pmiam
718 2535 989 2602 loquentia
1050 2536 1311 2589 inducere
1373 2537 1680 2599 consuevit,
1705 2534 1856 2602 juxta
1890 2536 2053 2588 illud:

490 2623 641 2676 Mare
673 2624 783 2676 ha'c
834 2635 988 2692 atque
1013 2623 1109 2676 illa
1124 2625 1259 2677 dixit
1290 2626 1309 2654 '
1341 2634 1453 2690 ;et,
1486 2624 1717 2693 Abguus
1740 2625 1873 2676 dixit
1900 2622 2059 2676 :Non

488 2723 561 2765 eu
592 2714 644 2764 in
676 2729 756 2765 me
795 2717 814 2747 ³
848 2731 863 2781 ;
899 2725 973 2777 el,
1003 2713 1133 2769 Caeli
1180 2725 1428 2768 enarrant
1488 2714 1710 2783 gloriam
1748 2714 1843 2767 Dei
1884 2716 1952 2782 “;
2009 2723 2063 2767 et

494 2820 700 2869 rursus,
734 2805 953 2861 frameae
986 2806 1186 2875 aliquid
1231 2806 1527 2873 imperatur
1564 2805 1585 2835 ⁵
1607 2845 1623 2870 ,
1657 2816 1713 2860 et
1746 2814 1955 2859 montes
1998 2819 2062 2859 ac

2072 1559 2121 1618 Β
2158 1570 2263 1625 Τοῦ
2290 1569 2478 1623 αὑτοῦ
2518 1571 2666 1638 πρὸς
2710 1570 2855 1632 τοὺς
2904 1571 3126 1633 αὐτοὺς
3178 1569 3248 1623 ἐκ
3276 1569 3386 1623 τοῦ
3428 1567 3556 1637 περὶ
3592 1568 3707 1622 Υίοῦ

2676 1639 2959 1709 δευτέρου
2988 1642 3198 1710 λόγου.

2230 1729 2389 1782 Ἐστι
2437 1728 2546 1798 γὰρ
2587 1730 2645 1783 ὲν
2682 1731 2784 1800 μὲν
2830 1730 3016 1793 αὐτοῖς
3072 1732 3250 1783 έκεῖνο
3307 1732 3405 1784 καὶ
3437 1729 3555 1783 λίαν
3588 1730 3710 1800 πρός

2143 1824 2327 1880 );ειρον
2345 1811 2425 1873 τὸ,
2458 1814 2673 1880 Κύριος
2702 1815 2905 1869 ἐκτισέ
2925 1834 3002 1885 με
3031 1818 3230 1886 ἀρχὴν
3256 1818 3419 1871 ὁδῶν
3441 1819 3616 1874 αὑτοῦ
3638 1822 3709 1883 εὶς

2146 1894 2293 1965 ἔργα
2320 1899 2529 1953 αὑτοῦ.
2576 1901 2720 1971 Πρὸς
2750 1902 2779 1953 ὃ
2814 1903 2931 1966 πῶς
2964 1904 3428 1974 ἀπαντησόμεθας
3464 1906 3535 1957 Οὐ
3579 1902 3710 1957 Σολο-

2149 1987 2358 2055 μῶντος
2404 1994 2891 2063 κατηγορήσομεν;
2953 1996 3014 2048 ού
3057 1996 3127 2048 τὰ
3183 1998 3318 2067 πρὶν
3379 1997 3708 2068 ἀθετήσομεν,

2148 2076 2237 2131 διὰ
2278 2079 2376 2149 τὴν
2416 2080 2728 2135 τελευταίαν
2780 2083 3178 2154 παράπτωσιν;
3232 2086 3359 2155 οὐχὶ
3400 2086 3497 2155 τῆς
3546 2085 3712 2153 σοφίας

2148 2169 2317 2238 αὐτῆς
2345 2171 2579 2242 ἐροῦμεν
2616 2169 2756 2227 εἶναι
2806 2174 2899 2227 τὸν
2945 2174 3121 2243 λόγον,
3146 2177 3247 2246 τῆς
3276 2172 3396 2230 οἷον
3430 2178 3711 2246 ἐπιστήμης

2149 2259 2245 2311 καὶ
2270 2258 2362 2312 τοῦ
2389 2263 2631 2329 τεχνίτου
2832 2264 3011 2333 λόγου,
3052 2265 3176 2319 καθ’
3212 2267 3271 2319 ὃν
3303 2267 3374 2320 τὰ
3407 2266 3577 2319 πάντα
3608 2282 3713 2317 συν-

2151 2349 2316 2421 έστη;
2375 2353 2555 2407 Πολλὰ
2586 2355 2694 2427 γὰρ
2727 2358 2759 2426 ἡ
2805 2358 2996 2428 Γραφὴ
3026 2363 3463 2429 προσωποποιεῖν
3500 2354 3599 2410 οἶδε
3636 2359 3713 2410 καὶ

2150 2443 2258 2495 τῶν
2284 2444 2525 2513 ἀψύχων.
2547 2447 2619 2509 ὡς
2636 2447 2714 2511 τὸ,
2731 2448 2801 2501 Ἠ
2828 2447 3111 2503 θάλασσα
3140 2446 3270 2503 εἷπε
3287 2449 3435 2502 τάδε
3457 2450 3549 2503 καὶ
3573 2448 3711 2501 τάδε.

2152 2532 2282 2595 Καὶ,
2323 2534 2395 2586 ἸΙ
2424 2534 2696 2602 ἄϐυσσος
2724 2532 2893 2589 εἶπεν
2916 2553 2930 2566 ’
2968 2539 3091 2591 Οὐκ
3126 2537 3299 2590 ἔστιν
3332 2538 3402 2591 ἐν
3424 2538 3550 2606 ἐμοι
3572 2554 3585 2566 θ
3612 2538 3712 2595 καὶ.

2159 2622 2225 2672 Οἱ
2258 2623 2500 2688 οὐρανοὶ
2533 2624 2912 2695 διηγούμενοι
3086 2626 3274 2690 δόξαν
3294 2627 3468 2681 Θεοῦ.
3497 2628 3599 2679 Καὶ
3627 2626 3716 2678 πά-

2151 2709 2237 2762 λιν
2271 2714 2517 2784 ῥομφαίᾳ
2556 2733 2609 2768 τι
2654 2716 3051 2783 διακελεύεται,
3081 2718 3176 2769 καὶ
3200 2718 3297 2788 ὅρη
3340 2718 3435 2770 καὶ
3456 2717 3622 2786 βουνοί
3649 2717 3715 2769 λόο

2152 2819 2283 2872 γους
2331 2804 2645 2874 ἐρωτῶνται
2681 2808 3040 2877 σκιρτήσεως.
3088 2806 3305 2859 Τούτων
3340 2806 3492 2858 οὐδέν
3535 2822 3710 2874 φαμεν,

492 2894 655 2947 colles
684 2893 1059 2949 exsultationis
1110 2895 1131 2925 ‘
1181 2910 1401 2949 causam
1443 2906 1829 2964 exposcuntur.
1858 2895 2054 2951 [lorum

2154 2893 2203 2944 εἰ
2230 2891 2325 2946 καί
2350 2910 2458 2946 τισι
2486 2893 2596 2945 τῶν
2633 2894 2739 2965 πρὸ
2776 2894 2931 2964 ἡμῶν
2956 2894 3031 2957 ὼς
3067 2894 3262 2965 ἰσχυρὰ
3300 2894 3552 2947 τέθειται.
3594 2892 3712 2945 Ἀλλ’

494 2983 625 3036 nihil
657 2984 901 3052 proferre
929 2984 1079 3049 libet,
1110 2985 1327 3040 etiamsi
1357 2986 1559 3056 alioqui
1599 3005 1628 3041 a
1670 2988 1941 3043 nonnullis
1973 3004 2061 3042 eo-

429 3084 441 3091 ·
503 3091 643 3140 rmn,
677 3077 767 3145 qui
795 3087 921 3130 ante
947 3093 1043 3132 nos
1083 3079 1431 3147 exstiterunt,
1460 3093 1557 3149 pro
1590 3080 1760 3135 ﬁrmis
1790 3093 1844 3135 et
1872 3081 2062 3136 validis

497 3167 661 3220 allata
695 3178 842 3221 sunt.
879 3167 982 3221 Sed
1014 3169 1203 3223 demus
1233 3168 1335 3223 hoc
1392 3185 1520 3225 sane
1546 3170 1842 3225 Szilvatoris
1869 3173 2058 3241 ipsius,

498 3258 598 3310 hoc
628 3268 731 3323 est,
771 3272 911 3311 verae
939 3258 1250 3326 Sapientiae,
1286 3261 1400 3314 haec
1424 3261 1584 3314 verba
1615 3276 1756 3317 esse.
1779 3262 1909 3314 Illud
1931 3278 2056 3316 vero

499 3348 893 3418 aliquantisper
924 3366 1027 3402 una
1059 3350 1485 3404 consideremus.
1529 3351 1664 3416 Quid
1717 3362 1801 3407 est
1836 3368 1903 3405 ex
1941 3368 2060 3406 om-

501 3438 658 3491 nibus
678 3440 836 3492 rebus
851 3441 991 3506 quod
1023 3454 1201 3493 causae
1233 3440 1303 3493 sit
1334 3443 1565 3509 expers?
1598 3444 1875 3497 Divinitas.
1898 3445 2067 3499 Nemo

498 3527 643 3580 enim
675 3537 778 3590 est,
815 3528 903 3596 qui
937 3527 1027 3582 Dei
1063 3544 1279 3583 causam
1305 3532 1485 3585 dicere
1701 3545 1863 3603 queat
1892 3552 1906 3589 :
1933 3536 2066 3588 alio-

500 3618 591 3683 qui
625 3618 673 3669 id
710 3616 818 3672 Deo
848 3620 1125 3687 antiquius
1150 3631 1314 3675 esset.
1347 3620 1478 3686 Quae
1505 3631 1682 3677 autem
1711 3624 2065 3682 humanitatis

501 3722 531 3760 a
560 3708 668 3761 Deo
716 3718 932 3776 prepter
991 3723 1089 3763 nos
1143 3721 1407 3779 susceptae
1450 3727 1612 3768 causa
1645 3715 1892 3770 exstitit?
1930 3716 2067 3772 Pro-

502 3798 643 3853 fecto
675 3808 731 3851 ut
772 3800 927 3854 nobis
983 3800 1131 3854 salus
1182 3812 1485 3869 pararetur.
1545 3805 1682 3871 Quid
1740 3807 1883 3861 enim
1925 3810 2066 3863 aliud

501 3905 677 3943 causa:
712 3890 890 3944 alIerri
925 3891 1134 3960 possit?
1158 3892 1298 3962 Ergo
1341 3895 1596 3962 quoniam
1646 3897 1733 3953 hic
1767 3908 1973 3968 aperte,
2013 3911 2069 3956 et

502 3980 719 4044 creavit,
767 3990 822 4034 et
851 3983 1016 4051 gignit
1063 3999 1165 4049 me,
1228 3986 1551 4052 reperimus,
1600 3986 1700 4042 hoc
1754 3989 2070 4059 simpliciter

502 4070 705 4124 dictum
733 4086 1070 4129 censeamus.
1096 4074 1247 4141 Quod
1284 4063 1427 4129 enim
1463 4091 1583 4131 cun:
1626 4093 1789 4133 causa
1848 4083 2071 4151 conjun-

504 4170 649 4212 ctum
713 4161 1040 4225 invenimus,
1068 4163 1118 4215 id
1170 4162 1489 4217 humanitati
1546 4166 1926 4237 assignandum
1950 4178 2067 4222 est:

503 4250 645 4316 quod
703 4259 884 4303 autem
937 4252 1163 4319 simplex
1205 4268 1491 4325 causaeque
1542 4272 1763 4325 expers,
1801 4259 2068 4313 divinitati

505 4341 906 4394 ascribendum.
933 4342 1045 4410 Age
1075 4342 1260 4411 igitur,
1316 4360 1492 4401 annon
1534 4349 1661 4401 illud
1685 4388 1701 4412 ,
1736 4351 1951 4415 creavit,
1982 4352 2073 4405 ad-

506 4445 695 4483 nexam
752 4446 966 4485 causam
1022 4432 1221 4486 habet?
1267 4433 1476 4490 Creauit
1532 4440 1674 4493 enim
1732 4456 1834 4502 me,
1875 4439 2067 4508 inquit,

2156 2983 2295 3036 ἔστω
2317 2984 2412 3036 τοῦ
2437 2985 2688 3055 Σωτῆρος
2716 2986 2903 3044 αὑτοῦ,
2933 2986 3032 3055 τῆς
3059 2984 3319 3055 ἀληθινῆς
3346 2985 3557 3054 Σοφίας,
3588 2986 3614 3037 ὁ
3642 2982 3715 3035 λό-

2156 3088 2270 3138 γος.
2326 3073 2537 3142 Μικρὸν
2581 3073 2637 3124 δὲ
2685 3072 3236 3143 συνδιασκεψώμεθα·
3288 3074 3354 3125 Τί
3404 3073 3508 3125 τῶν
3569 3071 3714 3123 ὄντων

2157 3161 2395 3218 ἀναίτιον
2416 3181 2430 3229 ;
2454 3164 2675 3233 Θεότης.
2697 3165 2885 3226 Οὐδεὶς
2905 3164 3015 3234 γὰρ
3038 3165 3217 3217 αἰτίαν
3238 3167 3415 3217 εἰπεῖν
3439 3165 3547 3234 ἔχει
3566 3160 3686 3216 Θεοῦ
3703 3177 3714 3189 '

2158 3256 2192 3328 ἢ
2222 3255 2379 3309 τοῦτο
2407 3255 2473 3308 ἂν
2499 3255 2582 3325 εἴη
2614 3255 2747 3308 Θεοῦ
2791 3255 3180 3326 πρεσϐύτερον.
3210 3256 3307 3318 Τίς
3330 3256 3385 3308 δὲ
3411 3255 3510 3324 τῆς
3535 3252 3718 3322 ἀνθρω-

2159 3348 2414 3418 πότητος,
2436 3347 2503 3417 ἢν
2532 3348 2596 3399 δι’
2622 3348 2767 3417 ἡμᾶς
2819 3347 3025 3416 ὑπέστη
3053 3347 3205 3409 Θεὸς,
3236 3347 3424 3409 αἰτίας
3464 3346 3532 3398 Τὸ
3564 3342 3718 3408 σωθῆ-

2160 3456 2249 3493 ναι
2277 3438 2494 3500 πάντως
2660 3439 2828 3508 ἡμᾶς.
2881 3438 2945 3489 Τί
2981 3437 3089 3507 γὰρ
3116 3437 3308 3509 ἓτερον
3334 3455 3348 3502 ;
3396 3434 3601 3505 Ἐπειδὴ
3627 3431 3719 3484 τοί-

2159 3547 2257 3583 νυν
2286 3528 2542 3591 ὲνταῦθα,
2592 3529 2686 3582 καὶ⁵
2725 3529 2787 3581 τὸ
2812 3529 3039 3594 ἔκτισε,
3072 3529 3169 3582 καὶ
3216 3529 3279 3581 τὸ
3319 3526 3503 3597 γεννᾷ
3520 3542 3611 3594 με,
3636 3539 3717 3573 oa-

2163 3619 2279 3689 φῶς
2303 3619 2652 3690 εὑρίσκομεν,
2680 3618 2883 3681 ἁπλοῦς
2905 3621 2933 3671 ὁ
2967 3618 3147 3685 λόγος.
3182 3620 3248 3681 Ὃ
3276 3619 3376 3687 μὲν
3404 3617 3468 3669 ἂν
3492 3613 3620 3686 μετὰ
3636 3612 3720 3680 τῆς

2164 3712 2344 3774 αἰτίας
2372 3710 2740 3780 εὑρίσκωμεν,
2785 3709 3115 3781 προσθῶμεν
3162 3711 3227 3779 τῇ
3274 3701 3718 3779 ἀνθρωπότητιθό

2160 3804 2219 3857 δὲ
2249 3802 2452 3856 ἁπλοῦν
2482 3802 2576 3855 καὶ
2599 3801 2863 3865 ἀναίτιον,
2892 3804 2956 3871 τῇ
2988 3799 3202 3869 θεότητι
3230 3797 3591 3868 λογισώμεθα.
3614 3791 3717 3861 Ἆρ’

2163 3888 2257 3946 οὖν
2313 3892 2375 3944 ού
2419 3892 2482 3943 τὸ
2528 3892 2629 3960 μὲν
2679 3889 2922 3943 ἔκτισεν
2966 3890 3184 3961 εἴρηται
3222 3890 3363 3958 μετὰ
3414 3889 3509 3958 τῆς
3534 3885 3716 3944 αἰτίαςς

2171 3985 2413 4037 Ἕκτισε
2454 3984 2562 4054 γάρ
2612 3998 2708 4051 με,
2760 3984 2944 4051 φησιν,
2997 3977 3201 4049 ἀρχὴν
3235 3980 3394 4034 ὁδῶν
3444 3976 3614 4031 αὑτοῦ
3650 3974 3719 4036 είς

2168 4076 2312 4145 ἔργα
2341 4076 2549 4130 αὑτοῦ.
2595 4076 2771 4145 Ἔργα
2813 4074 2869 4125 δὲ
2907 4073 3106 4144 χειρῶν
3155 4072 3344 4137 αὐτοῦ,
3395 4069 3606 4140 ἀλήθεια
3642 4064 3719 4117 καὶ

2096 4206 2138 4259 D
2167 4170 2370 4240 κρίσις,
2410 4162 2483 4221 ὧν
2512 4168 2699 4239 ἕνεκεν
2731 4166 3214 4259 ὲχρίῖσθη-θεότητι.
3246 4164 3443 4236 Χρίσις
3465 4162 3566 4259 γὰρ
3604 4158 3718 4259 cum

2167 4261 2266 4332 τῆς
2322 4258 2766 4329 ἀνθρωπότητος.
2819 4257 2893 4309 Τὸ
2939 4256 2996 4309 δὲ
3019 4253 3201 4324 γεννᾷ
3223 4272 3322 4324 με,
3374 4254 3538 4325 χωρὶς
3568 4249 3730 4309 atria:

2160 4350 2193 4420 ἢ
2408 4349 2579 4415 δεῖξόν
2610 4368 2663 4403 τι
2695 4349 2871 4418 τούτῳ
2920 4350 3341 4419 προσκείμενον.
3377 4348 3473 4409 Τίς
3499 4340 3585 4397 οὖν
3611 4342 3720 4392 ἀντ-

2169 4446 2285 4513 ερεῖ
2316 4444 2493 4511 λόγος,
2538 4444 2743 4514 κτίσμα
2779 4443 2877 4513 μὲν
2935 4441 3192 4509 λέγεσθαι
3235 4440 3333 4510 τὴν
3370 4438 3572 4506 σοφίαν,
3602 4427 3719 4483 κατά

500 4523 823 4591 principium
846 4527 1048 4579 viarum
1101 4544 1318 4582 suarum
1365 4531 1435 4581 ad
1464 4546 1620 4597 opera
1660 4547 1756 4585 sua
1824 4532 1867 4589 '.
1896 4530 2054 4600 Oper:

2169 4535 2266 4605 τὴν
2308 4534 2459 4587 κάτω
2492 4534 2766 4604 γέννησιν,
2820 4534 3067 4603 γέννημα
3097 4532 3174 4595 δὲ,
3226 4530 3370 4584 κατὰ
3404 4529 3497 4599 τὴν
3527 4521 3719 4595 πρώτην

504 4623 685 4666 autem
716 4616 904 4682 ipsius,
933 4620 1133 4672 veritus
1166 4629 1219 4673 et
1240 4619 1501 4687 judicium
1554 4624 1602 4687 ⁸,
1646 4637 1873 4689 quorum
1900 4637 2054 4674 causa

2173 4629 2272 4683 καὶ
2300 4626 2462 4679 πλέον
2499 4626 2741 4692 ἄληπτον
2756 4643 2771 4691 ;
3711 4691 3721 4703 ι

497 4704 780 4760 divinitate
830 4707 1104 4762 delibutus
1120 4717 1225 4764 est.
1255 4707 1378 4761 Haec
1406 4707 1550 4759 enim
1587 4706 1941 4759 humanitatis
1977 4707 2162 4760 unctio
2196 4717 2300 4761 est.
2328 4707 2395 4761 At
2419 4705 2574 4769 illud,
2607 4707 2773 4774 gignit
2809 4722 2910 4769 me,
2942 4719 3164 4759 causam
3196 4722 3302 4759 non
3332 4706 3505 4781 habet.
3538 4702 3726 4765 Alioqui

497 4797 724 4851 ostende
760 4800 1017 4867 quidnam
1051 4800 1151 4870 ipsi
1183 4798 1499 4868 adjunctum
1521 4799 1612 4852 sit.
1643 4798 1778 4863 Quis
1809 4798 1974 4867 igitur
1995 4796 2203 4851 inlicias
2242 4799 2361 4863 ibit,
2395 4799 2523 4865 quin
2554 4798 2845 4865 sapientia,
2874 4782 3173 4851 secundum
3209 4796 3518 4850 inferiorem
3539 4791 3721 4869 quidem

497 4891 901 4956 generationem
951 4905 1154 4960 creata,
1192 4895 1488 4949 secundum
1524 4903 1703 4947 autem
1742 4894 1977 4961 primum
2016 4891 2161 4944 illam
2189 4894 2471 4960 magisque
2506 4892 3121 4956 incmnprehensibilem
3150 4878 3330 4959 genita
3382 4887 3626 4943 dicatur?

571 4984 711 5036 Huic
742 4983 889 5036 velut
919 4986 1321 5040 consectarium
1378 4994 1482 5049 est,
1541 4984 1685 5053 quod
1750 4984 1915 5037 etiam
1952 4996 2054 5035 ser-

2251 4981 2436 5049 Τούτῳ
2485 4981 2541 5032 δὲ
2611 4983 2805 5034 ἕπεται
2858 4982 2953 5033 καὶ
3004 4977 3085 5046 eo,
3145 4978 3336 5032 δοῦλον
3407 4977 3612 5032 ἀκούειν
3674 4967 3719 5020 εὗ

499 5092 600 5131 vus
631 5076 835 5129 dicitur
866 5077 908 5140 ',
951 5086 1006 5130 et
1062 5076 1246 5129 multis
1285 5077 1421 5129 bene
1460 5077 1707 5130 serviens
1763 5076 1809 5107 ¹⁰
1841 5092 1855 5140 ;
1912 5074 2054 5127 illud-

2179 5073 2499 5124 δουλεύοντα
2530 5073 2765 5135 πολλοῖς.
2829 5074 2942 5126 Καὶ
2994 5074 3079 5140 τὸ,
3115 5074 3260 5140 μέγα
3290 5071 3429 5125 εῐναι
3453 5069 3590 5136 αὑτῴ
3615 5065 3719 5127 κλη-

498 5184 604 5238 que
638 5170 786 5232 itctn,
819 5169 963 5237 quod
1008 5183 1261 5237 magnum
1322 5176 1486 5235 atque
1556 5169 1794 5236 amplum
1846 5168 1945 5236 ipsi
1999 5171 2054 5221 Sil

2184 5167 2341 5231 θῆναι
2376 5167 2545 5218 Παῖδα
2592 5165 2750 5219 Θεοῦ.
2813 5166 2900 5235 Τῷ
2928 5166 3041 5219 ὄντι
3087 5166 3193 5234 γὰρ
3240 5166 3511 5218 ἐδούλευσε
3560 5157 3714 5225 σαρκὶ.

498 5259 691 5314 Filium
727 5259 819 5313 Dei
856 5258 1032 5314 vacari
1066 5259 1129 5311 ιι.
1172 5256 1326 5313 [laud
1373 5258 1539 5312 dubie
1569 5259 1766 5327 quippe
1802 5259 1977 5317 carni,
2019 5274 2047 5310 e

2184 5264 2274 5310 καὶ
2339 5262 2576 5325 γενέσει,
2634 5260 2729 5311 καὶ¹
2768 5260 2965 5314 πάθεσι
3008 5263 3121 5321 τοῖς
3174 5261 3486 5330 ἡμετέροις,
3533 5253 3609 5307 διὰ
3641 5250 3718 5315 τὴν

498 5353 832 5423 generationi
853 5393 868 5419 ,
898 5360 953 5406 et
990 5350 1371 5406 affectionibus
1417 5352 1643 5413 nostris,
1673 5352 1944 5406 libertatis
1977 5368 2054 5407 nor

2181 5351 2457 5421 ἡμετέραν
2509 5349 2849 5417 ἐλευθερίαν,
2883 5350 2979 5402 καὶ
3022 5350 3187 5401 πᾶσιν
3247 5343 3329 5411 οἷς
3389 5349 3607 5401 σέσωκεν
3628 5338 3714 5391 ὑπὸ

498 5458 623 5501 sua:
653 5461 818 5501 causa
858 5446 1103 5512 servivit,
1134 5460 1197 5500 ac
1220 5445 1457 5513 denique
1510 5444 1767 5500 omnibus
1803 5442 1931 5512 illis,
1970 5458 2054 5514 pel

2176 5446 2271 5511 τῆς
2304 5443 2577 5515 ἁμαρτίας
2605 5445 3018 5513 κατεχομένοις.
3067 5442 3134 5497 Τί
3163 5443 3219 5496 δὲ
3249 5441 3430 5511 μεῖζον
3468 5435 3712 5507 ἀνθρώπου

576 5657 590 5686 ⁸
627 5654 785 5709 Prov.
819 5669 935 5718 rm,
968 5658 1056 5710 22.
1134 5654 1288 5710 'Joh
1341 5671 1534 5723 xxvut,
1597 5656 1682 5710 Η.
1763 5654 1784 5686 ³
1819 5655 1952 5709 ibid.
2031 5656 2225 5709 ‘Psal.
2262 5674 2410 5718 xvm,
2476 5659 2526 5711 l.
2603 5658 2625 5689 ³
2666 5657 2833 5713 Ζοιοὶι.
2894 5674 3035 5723 xui,
3094 5660 3180 5715 l7.
3261 5660 3280 5691 °
3318 5656 3455 5715 Psal.
3502 5640 3707 5713 exuui-

503 5724 523 5755 ⁷
554 5724 711 5779 Prov.
761 5741 873 5793 vni,
908 5728 1000 5780 2‘2.
1076 5726 1097 5755 ³
1152 5728 1293 5784 l’sal.
1335 5744 1424 5794 cx,
1461 5728 1513 5780 7.
1592 5730 1610 5760 ο
1642 5726 1745 5782 lsa.
1783 5742 1930 5791 χιιι,
1957 5726 2007 5780 6.
2092 5726 2134 5756 ¹⁶
2162 5727 2263 5783 lsa.
2308 5745 2421 5793 LIII,
2461 5730 2540 5783 ll.
2626 5731 2663 5761 “
2696 5729 2825 5785 Luc.
2858 5747 2895 5797 I,
2923 5731 3012 5784 35.
