4026 6290
357 357 456 420 5ἷῖ

1329 361 1708 422 PANOPLIA
1748 361 2204 425 DOGMATICA.
2229 389 2299 401 --
2329 365 2476 425 Τ1Τ.
2512 365 2620 424 ΧΙ.

3495 373 3598 437 578

355 474 722 540 ταπεινότητι,
753 470 785 539 ἢ
818 470 937 540 Θεῷ
967 469 1266 540 πλακῆναι,
1302 473 1396 524 καὶ
1419 474 1675 540 γενέσθαι
1693 476 1826 528 Θεὸν
1856 477 1920 528 ὲκ

2034 493 2144 546 qua:
2170 492 2285 542 eos,
2319 478 2464 545 quia
2500 486 2724 545 peccato
2772 476 3185 546 detinebantur,
3235 481 3287 534 in
3360 484 3590 541 salutem

354 566 450 632 τῆς
479 563 700 632 μίξεως,
736 565 830 631 καὶ
860 562 1116 616 τοσοῦτον
1145 565 1543 634 ὲπισκεφθῆναι
1582 567 1836 637 Ἀνατολῇ
1870 569 1930 634 ἐξ

354 656 544 725 ὕψους,
567 655 708 722 ὥστε
737 654 914 707 καὶτὸ
946 655 1282 724 γεννώμενον
1317 659 1474 723 ἆγιον
1507 657 1634 710 Υίὸν
1675 659 1929 728 Ὑψίστου

354 749 643 818 κληθῆναι,
699 748 793 800 καὶ
849 747 1170 817 χαρισθῆναι
1223 748 1374 818 αὑτῷ
1453 749 1624 819 ὄνομα
1680 751 1740 803 τὸ
1791 753 1930 821 ὑπὲρ

353 843 459 895 πᾶν
485 840 657 911 ὄνομα
682 855 698 907 ;
752 841 920 894 Τοῦτο
947 841 1003 892 δὲ
1031 841 1083 891 τί
1151 859 1280 894 ποτε
1334 841 1460 896 ἄλλο
1489 843 1638 895 ἐστὶν
1672 845 1704 915 ἢ
1746 845 1930 910 Bede;

355 934 462 989 Καὶ
492 935 573 998 τὸ,
615 935 724 986 πᾶν
772 936 900 1000 γόνυ
957 933 1170 1002 κάμψαι
1219 933 1296 1004 τῷ
1330 935 1615 988 κενωθέντι
1658 936 1922 1006 δι’-ἡμᾶς,

354 1028 448 1082 καὶ
480 1026 579 1094 τὴν
608 1025 759 1078 θείαν
780 1026 965 1078 εἰκόνα
994 1027 1214 1095 δουλικῇ
1267 1028 1450 1098 μορφῇ
1501 1031 1922 1098 συγκεράσαντι,

352 1118 450 1172 καί
484 1117 705 1186 γνῶναι
728 1116 924 1173 πάντα
952 1117 1122 1170 οἷκον
1149 1117 1412 1185 Ἰσραὴλ,
1456 1118 1547 1173 ὅτι
1590 1119 1688 1172 καί
1708 1122 1927 1187 Κύριον

351 1210 540 1267 αὐτὸν
570 1209 670 1263 καὶ
704 1210 962 1278 Χριστὸν
985 1213 1018 1263 d
1043 1209 1186 1274 Θεὸς
1211 1211 1522 1278 ἐποίησεν.
1581 1211 1772 1277 Γέγονε
1817 1214 1925 1283 γὰρ

351 1301 522 1356 ταῦτα
584 1301 834 1370 ἐνεργείᾳ
865 1300 973 1369 -μὲν
1001 1299 1096 1352 τοῦ
1126 1302 1482 1370 γεννήματος,
1506 1296 1722 1372 εὐδοκία
1748 1302 1804 1354 δὲ
1831 1303 1924 1355 τοῦ

353 1396 693 1462 γεννήτορος.
1224 1395 1226 1398 ’

2031 569 2284 622 asseruit.
2315 568 2452 634 Quid
2491 578 2666 622 autem
2711 569 2884 635 majus
2932 578 2986 623 et
3013 571 3460 628 honorificentius
3494 583 3595 629 ho-

2031 661 2194 715 tniuis
2228 661 2517 720 humilitati
2549 662 2862 729 contingere
2879 672 3064 726 queat,
3093 677 3252 730 quam
3289 663 3398 718 Deo
3428 681 3600 734 copu-

2030 753 2152 817 lari,
2179 761 2342 819 atque
2363 763 2428 804 ex
2463 751 2554 804 illa
2586 752 2842 806 mistione
2882 753 3051 805 Deum
3086 754 3243 815 ellici,
3279 763 3600 824 tantumque

2031 844 2098 897 ab
2119 842 2339 897 Oriente
2375 858 2442 896 ex
2470 843 2579 897 alto
2603 843 2810 897 visitari
2840 845 2878 908 ί,
2909 843 3114 895 utillud
3142 845 3300 898 etiam
3329 860 3598 914 sanctmn,

2033 937 2178 1004 quod
2214 936 2560 1004 gignebatur,
2595 935 2858 988 Altissimi
2912 934 3078 989 Filius
3116 947 3405 990 vocaretur
3437 939 3480 1002 ¹,
3508 951 3602 992 eo-

2032 1042 2137 1095 que
2175 1027 2398 1081 nomine
2421 1023 2735 1086 dornarettir,
2789 1026 2934 1094 quod
2963 1034 3040 1079 est
3101 1041 3264 1094 super
3315 1042 3474 1080 omne
3504 1042 3602 1081 no-

2034 1132 2158 1170 men
2190 1118 2252 1169 "i
2297 1117 2450 1181 Quod
2481 1131 2642 1184 porro
2670 1117 2812 1169 aliml
2869 1131 3061 1169 nomen
3099 1117 3244 1169 illud
3281 1127 3386 1184 est,
3434 1133 3598 1186 quam

2039 1207 2434 1276 Deus?Atque
2478 1207 2641 1271 istud,
2669 1221 2828 1259 onme
2884 1221 3020 1274 genu
3074 1217 3198 1260 ante
3245 1222 3368 1261 eum
3421 1207 3602 1260 llecta-

2033 1309 2118 1352 tur
2165 1299 2208 1363 δ,
2235 1301 2326 1367 qui
2363 1308 2544 1352 nostra
2578 1311 2740 1352 causa
2771 1299 3094 1368 exinanitus‘
3123 1309 3229 1360 est,
3259 1313 3321 1350 ac
3355 1299 3600 1352 divinum

2038 1381 2327 1457 imaginem
2362 1391 2544 1445 servili
2573 1386 2762 1444 forma:
2788 1391 3092 1462 conjunxit,
3149 1392 3387 1460 sciatque
3430 1393 3601 1443 omnis

360 1487 543 1538 domus
570 1485 761 1549 Israel,
795 1488 922 1554 quia
953 1497 1000 1538 et
1039 1486 1319 1541 Portunum
1352 1503 1470 1542 eum
1536 1497 1584 1541 et
1616 1485 1882 1540 Christum
1903 1483 2025 1554 fecit
2056 1481 2196 1538 Deus
2229 1485 2271 1536 ⁸.
2329 1483 2454 1537 11ωο
2482 1484 2626 1538 enim
2657 1484 2829 1537 lactus
2858 1495 2963 1546 est,
3015 1497 3177 1551 Opera
3212 1483 3428 1551 quidem
3483 1483 3602 1553 ejus

361 1589 451 1656 qui
490 1585 708 1656 genitus
739 1593 844 1646 cst,
877 1585 1015 1636 bona
1047 1593 1224 1637 autem
1251 1585 1536 1640 voluntate
1563 1583 1843 1655 genitoris.

425 1677 686 1745 Δεύτερον
735 1673 792 1727 δὲ
834 1675 888 1727 τί
917 1675 1024 1727 τῶν
1078 1675 1348 1744 μεγίστων
1401 1674 1584 1738 αὐτοῖς
1640 1673 1736 1726 καὶ
1787 1672 1934 1742 ἁμά-

2005 1666 2007 1669 ’
2112 1670 2253 1736 Quid
2308 1663 2547 1725 secundo
2613 1669 2756 1734 loco,
2832 1675 3088 1738 tanquam
3161 1661 3382 1722 maximi
3442 1677 3604 1736 atque

356 1778 466 1830 χων
495 1778 508 1825 ;
545 1763 636 1813 Δεῖ
666 1761 774 1832 γὰρ
819 1760 979 1814 αὐτὸν
1017 1759 1316 1829 βασιλεύειν
1367 1761 1494 1831 ἄχρι
1519 1760 1688 1823 τοῦδε,
1717 1760 1810 1813 καὶ
1839 1760 1930 1814 ὑπ’

2045 1757 2229 1810 invicti
2261 1755 2536 1823 cujusdam
2570 1759 2801 1821 roboris,
2834 1763 3156 1830 opponunt?
3201 1763 3424 1831 Oportet
3463 1767 3606 1822 cnim

354 1853 586 1922 ούρανοῦ
614 1853 864 1922 δεχθῆναι
899 1853 1026 1922 ἄχρι
1061 1853 1264 1921 χρόνων
1296 1853 1806 1917 ἀποκαταστάσεως,
1839 1855 1934 1907 καὶ

353 1945 454 2015 τὴν
488 1946 553 1996 ὲκ
600 1944 788 2008 δεξιῶν
829 1943 1094 2014 καθέδραν
1127 1943 1288 2013 ἔχειν.
1332 1944 1436 2008 ἓως
1461 1929 1694 2014 τῆςτῶν
1723 1944 1933 2018 ἐχθρῶν

354 2035 794 2105 ὲπικρατήσεως.
829 2035 902 2088 Τὸ
938 2036 1073 2106 μετὰ
1104 2035 1260 2088 τοῦτο
1289 2036 1347 2089 δὲ
1377 2037 1431 2089 τί
1455 2054 1469 2101 ;
1513 2037 1684 2106 Δῆξαι
1711 2039 1806 2108 τῆς
1835 2037 1933 2108 βα-

355 2127 584 2192 σιλείας,
610 2127 643 2197 ἢ
672 2127 782 2180 τῶν
815 2127 1059 2198 οὐρανῶν
1100 2128 1396 2198 ἀποστῆναι
1450 2141 1466 2190 ;
1617 2129 1770 2191 Τίνος
1795 2129 1934 2180 παύ-

351 2231 548 2278 σοντος
571 2214 643 2285 ςῆ
675 2215 740 2267 δι’
786 2216 975 2286 ἥντινα
1009 2215 1108 2286 τὴν
1149 2215 1328 2268 αἰτίαν
1382 2236 1396 2283 ;
1549 2215 1636 2278 Ὠς
1662 2217 1933 2288 τολμηρὸς

347 2302 632 2374 ἐξηγητὴς
844 2303 929 2366 σὺ,
977 2305 1070 2355 καὶ
1102 2303 1221 2356 λίαν
1266 2303 1650 2365 ἁϐασίλευτοςί
1678 2307 1785 2357 Καὶ
1829 2307 1932 2374 μὴν

346 2394 577 2455 ἀκούεις
629 2393 728 2463 τῆς
767 2389 1038 2462 βασιλείας
1068 2393 1231 2446 αὐτοῦ
1276 2397 1348 2465 μὴ
1379 2391 1516 2448 εἶναι
1545 2396 1735 2465 πέρας.
1777 2387 1935 2449 Ἀλλὰ

345 2483 514 2536 τοῦτο
538 2484 786 2554 πάσχεις,
843 2485 992 2555 παρὰ
1020 2484 1081 2537 τὸ
1115 2485 1187 2556 μὴ
1231 2485 1535 2552 γινώσκειν,
1571 2486 1652 2538 ὅτι
1682 2485 1762 2550 τὸ,
1801 2485 1931 2552 ἕως,

348 2575 411 2627 ού
441 2575 668 2636 πάντως
714 2574 1030 2645 ἀντιδιαιρεῖ
1053 2575 1131 2645 τῷ
1185 2574 1447 2645 μέλλοντι,
1503 2577 1638 2629 ἀλλὰ
1678 2577 1736 2631 τὸ
1773 2579 1934 2648 μέχρι

352 2666 460 2734 μὲν
495 2665 650 2717 τοῦδε
702 2703 718 2726 ,
848 2664 1031 2734 τίθησι
1052 2683 1064 2696 ·
1127 2665 1188 2717 τὸ
1219 2666 1357 2735 ὑπὲρ
1407 2665 1565 2719 τοῦτο
1731 2667 1807 2732 δὲ,
1835 2671 1934 2722 οὐκ

347 2754 659 2806 ἀναίνεται.
698 2755 768 2805 Ἢ
804 2753 922 2815 πῶς
953 2756 1185 2824 νοήσεις,
1233 2754 1318 2807 ἵνα
1347 2755 1419 2826 μὴ
1450 2756 1615 2810 τᾶλλα
1641 2756 1802 2825 λέγω,
1837 2759 1896 2811 τό
1916 2776 1928 2788 ·

350 2844 620 2908 "Ecquas
644 2843 772 2909 μεθ’
793 2841 958 2909 ὑμῶν
984 2841 1094 2906 ἕως
1135 2841 1244 2910 τῆς
1287 2845 1645 2909 συντελείας
1677 2846 1782 2898 τοῦ
1802 2845 1935 2898 αἰῶ-

342 2948 498 2995 νος;
527 2926 656 3000 τΑρ’
680 2930 754 2992 ὡς
811 2931 946 2999 μετὰ
985 2930 1143 2983 τοῦτο
1199 2933 1300 2983 οὐκ
1347 2930 1427 2984 ἔτι
1623 2934 1882 3002 ἐσομένου
1913 2953 1926 3001 ;

341 3021 461 3073 Καὶ
496 3018 632 3081 τίςό
656 3019 841 3086 λόγος;
873 3019 947 3072 Οὐ
993 3021 1150 3086 μόνον
1182 3020 1260 3084 δὲ,
1292 3020 1429 3074 ἀλλὰ
1453 3021 1546 3074 καὶ
1575 3023 1725 3092 παρὰ
1767 3022 1828 3074 τὸ
1858 3023 1932 3093 μὴ

339 3114 585 3183 διαιρεῖν
636 3111 706 3164 τὰ
740 3110 1125 3194 σημαινόμενα.
1184 3109 1497 3166 Βασιλεύειν
1538 3111 1646 3182 γὰρ
1696 3111 1928 3180 λέγεται,
1957 3096 1998 3149 CI

341 3205 472 3258 καθ’
540 3204 599 3257 ἒν
631 3203 747 3273 μὲν,
795 3203 870 3264 ὡς
903 3201 1323 3272 Παντοκράτωρ,
1379 3203 1472 3255 καὶ
1519 3202 1796 3266 θελόντων,
1837 3203 1931 3255 καὶ

343 3293 444 3362 μὴ,
481 3289 738 3360 βασιλεύς
759 3306 772 3319 ·
804 3287 923 3341 καθ’
950 3289 1133 3357 ἕτερον
1172 3289 1248 3350 δὲ,
1283 3289 1358 3351 ώς
1400 3289 1638 3360 ἐνεργῶν
1665 3291 1762 3360 τὴν
1802 3292 1931 3343 ὐπο-

339 3381 530 3449 ταγὴν
587 3415 602 3435 ,
767 3378 861 3430 καὶ
893 3376 998 3428 ὑπὸ
1039 3378 1137 3446 τὴν
1198 3376 1387 3430 ἑαυτοῦ
1438 3378 1712 3447 βασιλείαν
1762 3380 1928 3443 τιθεὶς

336 3471 525 3538 ἡμᾶς,
553 3466 777 3528 ἑκόντας
800 3465 1118 3534 δεχομένους
1139 3465 1202 3517 τὸ
1252 3465 1646 3534 βασιλεύεσθαι.
1688 3469 1799 3539 Τῆς
1831 3469 1928 3538 μὲν

339 3556 436 3608 οὗν
473 3557 704 3617 ἐκείνως
725 3555 1020 3624 νοουμένης
1077 3554 1350 3623 βασιλείας
1373 3556 1472 3608 ούκ
1523 3556 1673 3609 ἔσται
1714 3558 1886 3628 πέρας
1911 3574 1924 3587 '

337 3651 443 3714 τῆς
469 3645 738 3714 δευτέρας
763 3645 838 3707 δὲ,
861 3644 913 3696 τί
966 3657 981 3706 ;
1141 3645 1214 3697 Τὸ
1246 3645 1427 3698 λαϐεῖν
1453 3649 1600 3716 ἡμᾶς
1636 3648 1739 3700 ὑπὸ
1771 3653 1926 3720 χεῖρα

340 3734 712 3804 σωζομένους.
911 3733 976 3784 Τί
1003 3733 1113 3804 γὰρ
1141 3735 1223 3787 δεῖ
1252 3735 1350 3806 τ’ὴν
1382 3727 1655 3809 ὑποταγὴν
1685 3741 1925 3811 ἐνεργεῖν

339 3821 846 3892 ὑποτεταγμένωη
875 3823 1008 3876 Μεθ’
1041 3825 1107 3895 ἢν
1133 3814 1414 3880 ἀνίσταται
1447 3829 1646 3899 κρίνων
1666 3829 1764 3900 τὴν
1796 3830 1922 3900 γῆν,

340 3914 438 3966 καὶ
459 3911 689 3982 διαιρῶν
713 3911 772 3962 τὸ
799 3911 1120 3983 σωζόμενον,
1153 3915 1248 3968 καὶ
1276 3915 1335 3968 τὸ
1364 3916 1732 3988 ἀπολλύμενον
1755 3935 1769 3948 ·
1805 3919 1923 3989 μεθ’

338 4004 409 4073 ἢν
472 4004 694 4056 ἵσταται
742 4003 872 4066 Θεὸς
921 4007 979 4056 ἐν
1027 4006 1174 4076 μέσῳ
1227 4007 1383 4072 θεῶν,
1431 4009 1538 4062 τῶν
1581 4009 1920 4079 σωζομένων,

337 4091 646 4162 διακρίνων
677 4091 771 4143 καὶ
799 4091 1141 4155 διαστέλλων,
1172 4094 1314 4158 τίνος
1365 4096 1593 4160 ἕκαστος
1628 4099 1790 4169 τιμῆς
1828 4099 1924 4152 καὶ

340 4190 524 4255 μονῆς
546 4184 712 4248 ἄξιος.

2046 1845 2191 1900 ἱΙΙιιιη
2221 1862 2447 1916 regnare
2491 1848 2512 1878 ⁶
2556 1848 2661 1902 huc
2695 1866 2882 1919 usque.
2915 1861 2964 1904 et
2995 1868 3022 1904 a
3054 1854 3192 1906 co‘lo
3215 1857 3412 1924 suscipi
3443 1873 3612 1927 usque

2009 1937 2111 1990 ad
2169 1938 2530 1992 restitutionis
2583 1948 2827 2006 tempora
2857 1945 2900 2005 ⁷,
2957 1953 3011 1994 et
3045 1958 3071 2004 ιι
3124 1944 3323 1999 dextris
3357 1947 3605 2010 sedere”,

2046 2026 2215 2080 donec
2247 2027 2431 2082 hostes
2493 2029 2543 2081 in
2582 2037 2902 2096 potestatem
2955 2034 3244 2103 redegerit.
3293 2035 3430 2099 Quid
3485 2051 3611 2089 vero

2045 2119 2272 2185 postea?
2305 2119 2584 2186 Regnandi
2643 2119 2800 2173 linem
2854 2120 3054 2184 lacere,
3114 2132 3206 2175 aut
3257 2139 3285 2176 e
3342 2127 3494 2178 caelis
3519 2143 3612 2178 ex-

2044 2206 2592 2277 pelliithuisuam,
2649 2209 2900 2272 obsecro,
2946 2225 3064 2262 eum
3115 2226 3145 2264 e
3195 2228 3357 2281 regno
3396 2215 3612 2277 t-jiciet?

2043 2299 2152 2349 Aut
2181 2293 2341 2364 Quam
2384 2295 2452 2350 ob
2477 2296 2738 2350 causam?
2788 2296 2956 2361 Quam
3001 2298 3173 2360 audax
3217 2313 3503 2353 enarrator
3531 2321 3607 2364 es,

2045 2387 2375 2454 nimiumque
2409 2402 2438 2440 a
2471 2388 2616 2455 regio
2662 2387 2788 2454 jugo
2833 2379 3161 2442 abhorrens!
3196 2375 3262 2441 At
3294 2393 3438 2460 regni
3471 2393 3609 2445 illius

2044 2479 2244 2532 nullum
2289 2481 2445 2532 linem
2501 2481 2523 2510 '
2715 2479 2830 2532 fore
2901 2480 3072 2533 audis.
3127 2480 3321 2534 Verum
3357 2483 3468 2535 haec
3511 2484 3603 2536 tibi

2041 2569 2246 2622 erroris
2267 2582 2427 2622 causa
2453 2575 2554 2631 est,
2587 2569 2727 2636 quod
2777 2585 2880 2622 non
2931 2569 3183 2639 intelligis
3217 2572 3354 2624 hanc
3394 2587 3601 2637 vocem,

2042 2656 2148 2719 ἕως
2207 2657 2279 2727 (id
2335 2667 2436 2721 est,
2483 2662 2707 2726 usque),
2751 2674 2856 2710 non
2915 2672 3126 2725 semper
3157 2657 3334 2710 futuro
3377 2662 3602 2727 tempori

2041 2748 2257 2816 opponi,
2297 2748 2388 2801 sed
2416 2747 2486 2800 ita
2511 2745 2848 2814 iuterjectum
2879 2757 3088 2815 tempus
3119 2757 3378 2811 statuere,
3426 2758 3481 2802 ut
3527 2751 3604 2802 in-

2042 2842 2198 2893 terim
2231 2854 2464 2908 sequens
2488 2848 2698 2909 tempus
2748 2855 2852 2892 non
2907 2838 3172 2893 excludat.
3216 2837 3348 2891 Nam
3385 2841 3486 2892 nisi
3531 2841 3602 2894 ita

2039 2915 2446 2996 resse-habeat,
2477 2945 2709 3000 quonam
2736 2919 2893 2984 modo
2939 2930 3088 2994 illud,
3124 2941 3181 2985 ut
3230 2931 3329 2983 alia
3383 2941 3605 2998 pnetcr-

2037 3037 2180 3088 eam,
2218 3023 2477 3090 intelliges
2510 3041 2523 3076 :
2565 3020 2671 3074 Ero
2701 3020 2963 3074 uobiscum
2990 3038 3149 3091 usque
3179 3022 3246 3073 ad
3273 3037 3604 3074 consumma-

2038 3112 2525 3167 tioncmswculi”?
2562 3112 2641 3164 An
2678 3111 2832 3178 quasi
2875 3119 3056 3177 postea
3113 3111 3330 3164 minime
3388 3110 3600 3165 futurus

2038 3203 2235 3258 sit?Et
2271 3218 2388 3270 quae
2425 3204 2538 3255 haec
2568 3189 2705 3255 ratio
2746 3200 2924 3253 esset?
2965 3199 3072 3252 Nec
3121 3215 3245 3253 vero
3295 3201 3394 3253 hac
3429 3201 3600 3254 solum

2038 3297 2103 3350 de
2126 3310 2286 3349 causa
2320 3295 2370 3346 in
2400 3308 2639 3347 errorem
2673 3291 2862 3345 incidis
2884 3330 2899 3354 ,
2956 3290 3049 3343 sed
3083 3291 3243 3342 etiam
3275 3291 3398 3358 quia
3434 3291 3602 3358 signi-

2039 3389 2314 3441 ﬁcationes
2344 3388 2486 3455 ipsas
2519 3401 2622 3438 nou
2679 3385 2988 3449 distinguis.
3033 3382 3283 3451 Regnare
3323 3384 3466 3436 enim
3505 3384 3600 3435 du-

2039 3479 2163 3549 plici
2190 3479 2349 3531 modo
2386 3478 2600 3537 dicitur,
2654 3491 2780 3537 uno,
2827 3487 2882 3526 ut
2911 3473 3304 3542 Omnipotens,
3332 3488 3393 3525 ac
3421 3473 3599 3526 volen-

2039 3569 2168 3622 tium
2197 3569 2601 3633 nolentiumque
2635 3565 2747 3618 Rex
2778 3583 2790 3617 :
2821 3564 3010 3625 altero,
3040 3575 3096 3617 ιιι
3133 3564 3516 3633 ειιιι]ι·οιίοιιοιιι
3549 3564 3598 3614 in

2037 3658 2192 3711 nobis
2218 3658 2460 3727 gignens,
2491 3666 2542 3709 et
2589 3655 2687 3709 sub
2738 3656 3018 3724 imperium
3057 3671 3209 3706 suum
3249 3669 3311 3705 ac
3342 3653 3598 3705 ditionem

2035 3763 2133 3802 nos
2166 3750 2429 3817 redigens,
2457 3758 2640 3816 utpote
2675 3747 2763 3812 qui
2800 3747 3045 3798 lubenter
3070 3746 3240 3812 ipsius
3271 3759 3430 3812 regno
3463 3745 3596 3796 colla

2038 3839 2426 3890 submittimus.
2456 3836 2609 3902 Quod
2634 3843 2760 3905 ergo
2789 3836 2852 3888 ad
2877 3836 3109 3902 priorem
3147 3833 3593 3906 signiﬁcationem

2033 3928 2242 3987 attinet,
2278 3927 2424 3994 regni
2453 3927 2618 3994 ipsius
2646 3927 2766 3977 linis
2793 3925 2970 3977 nullus
2993 3924 3114 3977 erit.
3137 3922 3287 3988 Quod
3323 3933 3502 3975 autem
3529 3923 3596 3975 ad

2032 4015 2342 4080 secundam,
2373 4015 2491 4082 quis
2521 4015 2627 4066 erit
2659 4011 2818 4065 linis?
2839 4008 2911 4063 Ut
2943 4025 3040 4063 nus
3095 4008 3367 4075 subjectos
3392 4017 3594 4071 teneat,

2031 4112 2332 4172 servetque.
2375 4104 2510 4169 Quid
2563 4103 2704 4156 enim
2756 4116 2889 4170 opus
2945 4100 3047 4153 erit
3093 4098 3482 4167 subjectionem
3543 4096 3597 4150 iu

2031 4196 2184 4248 nobis
2218 4196 2416 4256 moliri,
2447 4177 2565 4247 cum
2594 4176 2702 4259 jam
2739 4192 2837 4260 ipsi
2876 4189 3097 4256 subjecti
3124 4187 3596 4253 interimus?Quod

344 4279 650 4339 postquam
684 4269 944 4335 eli'ererit,
969 4282 1312 4328 surrecturus
1338 4281 1422 4328 est
1455 4273 1522 4327 ad
1557 4272 1818 4342 judicium
1847 4273 1912 4327 de
1939 4283 2082 4327 terra
2116 4273 2413 4334 ferendam,
2445 4282 2498 4325 et
2532 4276 2893 4329 secernendos
2920 4288 3013 4327 eos
3063 4271 3155 4337 qui
3197 4271 3422 4326 salutem
3454 4287 3588 4327 con-

341 4373 686 4434 sequuntur,
727 4366 795 4420 ab
825 4368 891 4420 iis
919 4369 1007 4436 qui
1035 4377 1260 4437 pereunt
1288 4385 1304 4431 ;
1348 4369 1622 4436 stabitque
1647 4368 1788 4422 Deus
1828 4371 1881 4423 in
1912 4369 2091 4423 medio
2124 4369 2351 4422 deorum
2392 4368 2456 4431 η,
2488 4369 2588 4422 hoc
2620 4377 2722 4430 est,
2759 4369 3036 4423 beatorum
3066 4370 3373 4430 hominum,
3417 4379 3476 4422 ut
3502 4369 3590 4422 di-

333 4461 559 4528 judicet
597 4472 662 4512 ac
687 4457 1004 4530 distinguat,
1040 4476 1145 4529 quo
1176 4463 1402 4529 quisque
1429 4461 1654 4515 honoris
1688 4463 1878 4528 gradu,
1907 4475 2124 4532 quaque
2162 4459 2440 4513 mansione
2473 4460 2665 4526 dignus
2694 4461 2782 4513 sit.

413 4549 621 4619 Τούτῳ
675 4550 915 4603 σύναπτε
949 4554 1042 4604 καὶ
1072 4554 1170 4620 τὴν
1214 4553 1512 4622 ὑποταγὴν,
1572 4553 1640 4622 ἢν
1698 4553 1930 4605 ὑποτάσ-

2104 4551 2240 4604 lluic
2292 4550 2678 4617 subjectionem
2734 4566 2949 4620 quoque
2989 4551 3144 4604 istam
3176 4551 3428 4619 adjnnge,
3490 4565 3596 4618 qua

339 4657 461 4704 σεις
499 4639 584 4707 τῷ
643 4640 818 4708 Πατρὶ
849 4641 941 4692 τὸν
996 4639 1141 4694 Υίόν.
1206 4639 1270 4694 Τί
1321 4640 1523 4708 λέγεις,
1572 4643 1648 4702 ὡς
1683 4641 1777 4694 νῦν
1837 4641 1935 4711 οὐχ

336 4729 844 4797 ύποτεταγμένου;
899 4733 1077 4784 Δεῖται
1133 4731 1190 4784 δὲ
1249 4731 1385 4794 ὅλως
1446 4733 1782 4801 ὑποταγῆναι
1816 4733 1933 4800 Θεῷ

357 4819 504 4879 Θεὸς
541 4817 626 4883 ῶν,
646 4834 662 4884 ;
709 4807 800 4880 Ὦς
829 4819 961 4886 περὶ
989 4819 1186 4891 λῃστοῦ
1223 4837 1388 4886 τινος,
1439 4821 1469 4891 ἢ
1503 4822 1770 4888 ἀντιθέου,
1803 4823 1931 4891 ποιῇ

336 4909 440 4979 τὴν
503 4908 686 4976 λόγον.
720 4909 891 4961 τἈλλ’
916 4908 1058 4962 οὕτω
1101 4911 1316 4964 σκόπειο
1371 4913 1454 4964 ὅτι
1488 4912 1675 4982 ὥσπερ
1711 4913 1925 4976 κατάρα

335 5003 556 5070 ἤκουσε
608 5000 678 5053 δι’
719 5001 843 5070 ἐμὲ,
901 5004 928 5054 ὁ
973 5001 1070 5074 τὴν
1120 5003 1257 5072 ἐμὴν
1309 5003 1450 5056 λύων
1515 5005 1784 5073 κατάραν·
1834 5005 1929 5058 καὶ

338 5095 681 5164 ἁμαρτία,ὀ
714 5098 884 5165 αἴρων
915 5096 1014 5165 τὴν
1067 5096 1348 5168 ἁμαρτίαν
1402 5096 1497 5149 τοῦ
1553 5098 1780 5167 κόσμου’
1835 5097 1930 5149 καὶ

348 5188 540 5256 Ἀδὰμ
564 5188 686 5239 ἀντὶ
719 5187 810 5238 τοῦ
848 5186 1076 5240 παλαιοῦ
1129 5189 1342 5255 γίνεται
1387 5188 1523 5250 νέος·
1571 5189 1712 5240 οὓτω
1746 5167 1930 5241 mtas

336 5278 484 5347 ἐμὸν
510 5279 886 5330 ἀνυπότακτον
928 5280 1118 5332 ἑαυτοῦ
1157 5281 1416 5343 ποιεῖται,
1472 5279 1546 5340 ὡς
1577 5280 1788 5348 κεφαλὴ
1838 5278 1930 5331 τοῦ

2030 4642 2222 4697 Filium
2265 4641 2414 4694 Patri
2465 4643 2708 4708 subjicis.
2765 4643 2907 4708 Quid
2958 4641 3058 4705 ais,
3093 4643 3244 4709 quasi
3302 4643 3414 4710 jam
3452 4657 3598 4695 nunc

2029 4735 2306 4800 subjectus
2338 4748 2443 4786 non
2473 4735 2542 4788 sit
2573 4735 2616 4764 η
2638 4734 2660 4787 ?
2686 4735 2789 4786 Aut
2817 4735 2979 4787 etiam
3016 4732 3241 4785 omnino
3265 4747 3398 4800 opus
3429 4741 3508 4784 est
3537 4741 3599 4785 ut

2032 4825 2142 4880 Deo
2183 4826 2526 4891 subjiciatur,
2565 4826 2651 4893 qui
2684 4834 2738 4877 et
2767 4825 2881 4891 ipse
2924 4821 3064 4875 Deus
3103 4823 3222 4876 est?
3250 4823 3390 4890 Ergo
3440 4824 3596 4891 quasi

2031 4919 2095 4971 de
2124 4917 2336 4970 latrone
2366 4917 2620 4982 quodam,
2651 4924 2744 4966 aut
2775 4913 2867 4965 1).ιὶ
2911 4913 3085 4975 hoste,
3120 4912 3277 4966 verba
3309 4913 3462 4967 facis.
3498 4912 3602 4967 Ve-

2034 5023 2152 5082 rum
2178 5010 2247 5058 ita
2285 5019 2395 5058 rem
2429 5007 2692 5073 expende.
2722 5003 3188 5068 Quemadmodum
3246 5005 3438 5058 salutis
3470 5018 3602 5056 mea:

2035 5115 2197 5153 Causa
2232 5100 2574 5152 maledictum
2600 5105 2818 5150 vocatus
2849 5107 2932 5150 est
2967 5097 3031 5161 “,
3052 5099 3141 5166 qui
3165 5098 3599 5150 maledictionem

2037 5206 2210 5244 meam
2240 5191 2401 5243 solvit
2435 5205 2451 5256 ;
2494 5198 2547 5242 et
2577 5198 2884 5256 peceatum,
2947 5191 3037 5258 qui
3073 5189 3253 5242 nmndi
3318 5196 3600 5256 peccatqu

2037 5280 2178 5334 delet.
2210 5280 2288 5346 “;
2316 5295 2379 5334 ac
2411 5295 2508 5347 pro
2526 5281 2692 5353 veteri
2723 5282 2948 5344 Adamo,
2976 5295 3145 5333 novus
3168 5278 3404 5331 Adamus
3430 5275 3604 5328 elﬁci-

337 5366 560 5428 παντὺς
577 5366 850 5436 σώματος.
879 5367 1022 5429 Ἕως
1053 5371 1150 5439 μὲν
1179 5369 1272 5422 οὖν
1295 5369 1669 5432 ἁνυπότακτος
1704 5371 1816 5438 ἐγὼ
1841 5371 1930 5423 καὶ

2040 5378 2128 5423 ῑιιι·
2155 5371 2197 5402 ι’
2229 5388 2242 5424 :
2279 5372 2340 5424 ad
2377 5373 2619 5426 eumdem
2642 5386 2858 5440 quoque
2881 5371 3099 5424 modum
3123 5365 3522 5422 contumaciam
3549 5373 3603 5416 et

338 5456 685 5529 στασιώδης,
715 5463 782 5531 τῇ
814 5477 875 5514 τε
905 5462 1130 5532 ἀρνήσει
1170 5461 1265 5516 τοῦ
1300 5462 1457 5528 Θεοῦ,
1505 5465 1600 5518 καὶ
1633 5467 1742 5527 τοῖς
1766 5465 1930 5517 πάθε-

2043 5463 2392 5518 rebellionem
2427 5479 2601 5518 meam
2629 5464 2729 5518 sibi
2768 5463 3005 5527 asciscit,
3038 5471 3096 5514 ut
3132 5459 3296 5513 totius
3353 5456 3604 5526 corporis

420 5637 726 5728 sipiens.
801 5658 1103 5713 usurae.
1183 5656 1438 5728 'Philipp

342 5723 560 5800 {ﬁsa}.
600 5739 702 5787 cxx.
746 5728 816 5800 1.7
872 5729 1046 5800 ’Luc.
1074 5745 1110 5800 ι,
1147 5729 1234 5782 52.
1315 5723 1577 5800 ιοξΜειιιιι.
1607 5747 1796 5800 xxvut,
1825 5731 1917 5786 20.

343 5795 394 5826 “
425 5793 474 5845 11
501 5795 634 5849 Cor.
676 5811 728 5862 ν,
760 5797 823 5850 “ll
925 5801 969 5830 ”
1003 5799 1024 5853 1
1055 5793 1180 5855 Cor.
1212 5817 1299 5863 xv,
1325 5798 1410 5853 15.

1446 5700 1458 5712 .
1491 5674 1553 5718 ιι.
1597 5663 1650 5715 9.
1726 5659 1748 5691 ⁸
1779 5658 1907 5714 ibid.

2109 5661 2130 5692 ⁸
2170 5660 2289 5712 Act.
2323 5675 2382 5723 ιι,
2443 5659 2531 5712 36.
2611 5658 2631 5689 ⁸
2662 5659 2683 5708 l
2715 5657 2837 5709 Cor.
2864 5670 2951 5720 xv,
2969 5655 3058 5710 ‘25.
3135 5655 3155 5687 '
3212 5658 3327 5708 Act.
3385 5669 3464 5718 ιιι,
3503 5654 3597 5707 9|.

2005 5733 2043 5762 “
2075 5729 2218 5785 Psal.
2256 5745 2440 5790 Lxxxt.
2471 5731 2523 5782 1.
2571 5726 2778 5782 "lCor.
2814 5739 2903 5789 xv,
2933 5726 3024 5780 ‘28.
3103 5725 3147 5756 “
3173 5726 3349 5782 Galst.
3383 5740 3467 5790 ιιι,
3515 5726 3603 5781 15.
