4026 6290
289 350 397 414 581

726 461 828 516 Ἐκ
853 465 960 520 τοῦ
982 463 1168 522 αὐτοῦ
1195 469 1404 536 λόγου.

261 583 270 588 ·
368 556 585 611 Ἔσται
629 554 702 610 ὑὲ
733 559 765 610 ό
800 558 949 622 Θεὸς
989 557 1296 613 τὰ’πάντα
1346 559 1418 613 ἐν
1441 556 1656 626 πᾶσιν,
1694 563 1751 616 ἐν
1797 563 1876 633 τῷ

293 648 471 720 και.ρῷ
516 650 617 718 τῆς
665 649 1184 714 ἀπεκαταστάσεωςο
1226 652 1324 722 οὐχ
1367 654 1401 706 ‘6
1463 653 1677 724 Πατὴρ,
1740 657 1879 708 πάν.

280 758 395 806 ’τως
447 745 527 805 είς
567 742 732 795 αὐτὸν
779 741 1140 806 ἀναλυθέντος
1194 744 1288 797 τοῦ
1350 743 1505 808 Υίοῦ,
1557 747 1747 819 ὥσπερ
1797 752 1877 812 εἰς

293 836 475 906 πυρὰν
533 837 780 906 μεγάλην
834 835 1116 906 λαμπάδος
1174 837 1314 904 πρὸς
1367 839 1562 909 καιρὸν
1624 842 1878 895 ἀποσπα-

293 929 538 998 σθείσης,
587 926 716 982 -εῐτα
771 929 1165 998 συναφθείσης,
1236 931 1373 1001 μηδέ
1435 933 1544 1002 γὰρ
1596 934 1875 988 Σαδέλλιοι

291 1020 367 1087 τῷ
427 1021 580 1090 ῥητῷ
655 1018 831 1089 τούτῳ
901 1021 1520 1091 παραφοειρέσθωσαν,
1585 1023 1699 1076 ἀλλ’
1756 1026 1878 1088 ὅλος

293 1112 447 1174 Θεὸς,
483 1113 614 1164 ὅταν
659 1112 856 1182 μηκέτι
903 1113 1073 1168 πολλὰ
1127 1131 1304 1183 ωμεν,
1381 1114 1574 1184 ὥσπερ
1621 1115 1716 1170 νῦν
1762 1119 1879 1180 τοῖς

296 1213 561 1272 κινήμασι
612 1205 860 1268 καὶτοῖς
901 1205 1156 1273 πάθεσιν,
1216 1206 1371 1260 οὐδὲν
1429 1209 1568 1266 ὅλως
1622 1209 1782 1270 Θεοῦ.
1841 1209 1874 1280 ἢ

293 1297 473 1364 ὀλίγον
500 1299 557 1349 ἐν
580 1298 712 1365 ἡμῖν
753 1297 937 1360 αὐτοῖς
962 1299 1240 1367 φέροντες,
1295 1299 1412 1352 ἀλλ’
1442 1300 1554 1354 ὃλοι
1601 1301 1877 1364 θεοειδεῖς,

299 1390 420 1442 ὅλου
473 1389 621 1441 Θεοῦ
701 1391 1004 1459 χωρητικόὶ
1064 1392 1156 1444 καὶ
1215 1392 1402 1460 μόνου⁸
1447 1392 1608 1446 τοῦτο
1674 1397 1784 1464 γὰρ
1843 1397 1876 1464 ὴ

299 1483 596 1549 τελείωσις,
634 1483 770 1551 πρὸς
822 1487 888 1552 ἢν
947 1483 1274 1554 σπεύδομεν·
1319 1488 1612 1557 τεκμηριοῖ
1672 1487 1728 1539 δὲ
1775 1489 1878 1557 μά-

299 1577 455 1630 λιστα
505 1575 715 1637 Παῦλος
769 1576 950 1637 αὐτός’
1007 1576 1036 1628 ὃ
1086 1578 1194 1645 γὰρ
1245 1577 1480 1631 ἐνταῦθα
1556 1580 1683 1649 περὶ
1735 1579 1869 1632 Θεοῦ

299 1683 460 1737 φησιν
484 1669 774 1737 ἀορίστως,
806 1667 1040 1738 ἅλλαχοῦ
1073 1669 1258 1736 σαφῶς
1287 1669 1592 1739 περιορίζει
1625 1669 1871 1740 Χριστῷ.

295 1763 358 1814 Τί
381 1761 586 1827 λέγων;
621 1760 813 1812 Ὅπου
837 1761 948 1812 οὐκ
967 1758 1058 1811 sm
1089 1757 1348 1824 Ἕλλην,
1384 1761 1528 1812 οὐδὲ
1548 1759 1871 1826 Ἰουδαῖος,

295 1853 580 1922 περιτομὴ
633 1852 734 1906 καὶ
781 1849 1170 1920 ἀκροϐυστία,
1217 1853 1547 1920 βάρϐαρος,
1607 1856 1867 1920 Σκύθης,

290 1950 536 2014 δοῦλος,
563 1947 895 2013 ἐλεύθερος·
921 1945 1084 1999 ἀλλὰ
1115 1944 1186 1997 τὰ
1207 1945 1404 1998 πάντα
1451 1947 1551 2000 καὶ
1599 1948 1678 2008 ἐν,
1701 1949 1862 2004 πᾶσι

295 2042 569 2109 Δίοιστός.
1257 2109 1260 2112 λ

367 2133 597 2200 Τρίτον,
669 2129 893 2199 ἀρίθμει
989 2130 1071 2194 τὸ,
1117 2130 1354 2199 μεῖζον-ο
1424 2133 1686 2201 τέταρτον
1769 2131 1872 2196 τὸ,

298 2222 443 2274 Θεόν
473 2238 593 2289 μου
645 2220 745 2274 καὶ
814 2220 964 2273 Θεὸν
1017 2222 1206 2288 ὑμῶν.
1262 2222 1325 2272 Et
1367 2220 1468 2288 μὲν
1519 2217 1614 2274 οὖν
1661 2224 1875 2292 μείζων

305 2310 396 2377 μὲν
425 2307 658 2373 ἐλέγετο,
697 2302 772 2372 μὴ
825 2304 935 2366 ἴσος
1098 2307 1175 2370 δὲ,
1217 2308 1356 2378 τάχα
1395 2310 1461 2362 ἂν
1501 2307 1568 2381 ἧν
1611 2331 1663 2366 τι
1702 2316 1861 2369 τοῦτο

299 2402 512 2463 αὐτοῖς·
551 2399 600 2452 εί
637 2400 693 2454 δὲ
733 2400 1017 2472 ἀμφότερα
1065 2401 1252 2470 σαφῶς
1296 2403 1643 2474 εὑρίσκομεν,
1677 2409 1730 2461 τί
1765 2410 1866 2480 φή-

304 2507 478 2543 σουσιν
511 2491 560 2544 οἱ
593 2491 876 2558 γεννάδαι;
905 2489 958 2542 τί
991 2489 1050 2543 τὸ
1085 2491 1302 2563 ίσχυρὸν
1332 2494 1549 2560 αὐτοίς;
1584 2497 1702 2560 πῶς
1732 2515 1868 2570 συμ-

305 2588 524 2658 ϐήσεται
555 2587 625 2642 τὰ
646 2588 935 2658 ἀσύμϐατα
953 2605 970 2654 ;
991 2589 1052 2640 τὸ
1071 2587 1180 2656 γὰρ
1201 2587 1341 2640 αὐτὸ
1365 2586 1458 2639 τοῦ
1483 2587 1644 2640 αὐτοῦ
1669 2588 1866 2658 ὁμοίως

309 2679 485 2746 μεζζον
520 2680 614 2732 καὶ
647 2681 759 2732 ἴσον
787 2675 946 2740 εἶναι,
974 2678 1085 2731 τῶν
1109 2679 1384 2732 ἀδυνάτων
1401 2677 1672 2748 ’·ἢ.δῆλον,
1700 2679 1779 2731 ὃτι.
1807 2678 1868 2731 τὸ

307 2767 487 2834 μεῖζον
514 2768 612 2837 μέν
642 2770 754 2826 ἐστι
786 2768 882 2837 τῆς
908 2767 1104 2830 αἰτίας,
1138 2767 1198 2819 τὸ
1228 2768 1284 2820 δὲ
1316 2768 1449 2832 ἴσον,
1478 2767 1578 2836 τῆς
1611 2767 1865 2834 φύσεως;

308 2856 396 2907 καὶ
442 2855 602 2909 τοῦτο
649 2859 752 2926 ὑπὸ
796 2858 995 2928 πολλῆς
1041 2857 1455 2927 εὐγνωμοσύνης
1498 2857 1867 2930 ὁμολογοῦμεν

305 2946 479 3013 ἡμεῖς.
510 2948 660 3016 Τάχα
701 2948 743 3000 δ’
791 2948 856 3001 ἂν
894 2949 1037 3000 εἴποι
1086 2966 1168 3011 τις
1213 2947 1369 3010 ἄλλος
1556 2947 1634 3018 τῷ
1673 2949 1870 3019 ἡμετέ-

305 3051 378 3104 ρῳ
533 3037 678 3108 λόγῳ
706 3038 1162 3108 προσφιλονεικῶν
1206 3075 1221 3099 ,
1359 3037 1432 3108 μὴ
1474 3038 1694 3094 ἔλαττον
1728 3036 1868 3092 εἷναι

305 3125 360 3175 τὸ
387 3126 450 3178 ἐκ
477 3127 730 3198 τοιαύτης
755 3129 930 3190 αἰτίας
955 3124 1092 3181 εἶναι
1128 3126 1221 3179 τοῦ
1244 3127 1504 3180 ὰναιτίου.

1220 352 1601 414 PANOPLIA
1647 355 2121 418 DOGMA‘TICA.
2156 383 2221 396 -
2247 357 2396 426 ΤῐΤ.
2441 359 2543 428 Xl.

1899 487 1958 535 ,Α

3464 379 3488 416 Ε

3462 381 3569 444 582

2482 475 2566 530 Ea:
2593 477 2770 532 eadem
2803 485 3065 540 oratione.

2054 563 2210 621 Sicut
2235 568 2398 623 etiam
2429 587 2443 623 :
2476 571 2593 623 Erit
2620 584 2796 629 autem
2821 577 2957 630 Deus
2991 596 3172 640 omnm
3202 581 3256 634 in
3281 587 3558 642 etnnibus‘

1985 658 2081 713 illo
2104 661 2471 716 restitutionis
2494 673 2762 732 tempore;
2790 683 2896 720 non
2923 671 3112 736 utique
3140 672 3323 738 Pater,
3354 681 3567 734 resoluo

1982 760 2036 805 to
2072 752 2324 806 videlicet
2357 754 2408 805 in
2449 754 2627 822 ipsum
2661 757 2818 822 Filio,
2851 776 2956 813 non
2980 777 3152 820 aecus
3177 770 3313 822 ate-si
3347 771 3431 824 fax
3459 775 3564 826 ali-

1981 859 2086 912 qua
2133 844 2200 896 ad
2232 846 2452 914 aliquod
2493 857 2708 915 tempus
2739 851 2807 903 ab
2853 854 3055 919 ingenti
3097 872 3228 926 rogo
3261 866 3560 927 abstracta,

1981 935 2035 988 in
2065 951 2190 989 eum
2213 952 2406 992 rursus
2429 940 2780 1012 (adjuugatur
2801 960 2975 1013 tthtte
2991 950 3138 1000 enim
3165 954 3458 1008 Sabelliani
3481 959 3563 1011 his

1979 1028 2167 1082 verbis
2221 1030 2539 1100 abutantur)
2568 1073 2583 1096 ,
2616 1036 2711 1087 scd
2750 1045 2898 1090 totus
2952 1038 3124 1104 Deus;
3183 1051 3295 1096 tum
3334 1060 3559 1114 nempe,

1981 1136 2102 1174 cum
2130 1121 2244 1188 jam
2282 1139 2388 1176 non
2444 1127 2597 1179 multi
2625 1128 2850 1195 erimus,
2899 1132 3040 1187 sicut
3070 1150 3216 1190 nunc
3254 1155 3446 1195 sumus
3479 1158 3560 1196 ra-

1984 1212 2134 1267 tione
2195 1229 2441 1272 matuum
2483 1228 2554 1272 et
2583 1219 2976 1284 aﬂ'ectiunum.
3018 1227 3154 1281 nihil
3207 1231 3432 1284 omnino
3469 1234 3560 1286 Dei

1981 1311 2262 1370 gestantes
2291 1305 2344 1358 in
2374 1307 2554 1373 nobis,
2585 1319 2681 1362 aut
2707 1312 2900 1366 saltem
2928 1331 3144 1384 parum,
3172 1321 3271 1373 sed
3306 1323 3403 1375 toti
3442 1325 3561 1378 dei-

1981 1394 2226 1460 formes,
2299 1398 2575 1467 totiusque
2631 1416 2696 1455 ac
2759 1406 2932 1460 solius
2991 1409 3080 1460 Dei
3137 1416 3558 1478 cnpaces:h:vc

1980 1485 2126 1539 enim
2163 1501 2227 1541 ea
2283 1488 2549 1555 perfectio
2588 1503 2704 1558 est,
2753 1496 2821 1549 ad
2862 1513 3025 1565 quam
3085 1505 3230 1556 omni
3280 1505 3562 1562 celeritate

1977 1592 2382 1646 properamus;
2439 1582 2585 1650 quod
2643 1587 2862 1653 quidem
2907 1588 3106 1646 Paulus
3154 1593 3268 1659 ipse
3323 1597 3561 1652 maxime

1979 1670 2245 1738 conjicit;
2277 1674 2422 1744 quod
2468 1679 2614 1728 enim
2653 1679 2740 1732 hic
2769 1680 2835 1733 de
2871 1680 2980 1734 Deo
3015 1685 3296 1741 indetinite
3317 1690 3415 1752 ait,
3449 1691 3560 1744 alio

1987 1763 2104 1815 luco
2133 1767 2500 1832 apertissimis
2525 1771 2709 1824 verbis
2736 1772 2954 1827 Christo
2982 1778 3555 1845 sigillatitnattribuit.

1977 1854 2186 1920 Quibus
2223 1857 2448 1912 verbis?
2481 1858 2580 1913 Ubi
2617 1878 2719 1915 non
2767 1874 2845 1916 est
2881 1865 3122 1929 ercus,
3158 1887 3260 1924 non
3304 1873 3556 1948 J-udwus,

1975 1951 2304 2004 circumcisio
2323 1961 2373 2004 et
2389 1957 2731 2021 praeputium,
2760 1959 3017 2012 barbarus
3040 1972 3087 2013 et
3117 1961 3340 2032 Scytha,
3375 1983 3555 2021 servus

1977 2053 2022 2096 et
2047 2043 2180 2095 liber
2208 2060 2242 2100 ε»
2261 2046 2349 2097 sed
2366 2049 2544 2100 omnia
2574 2063 2622 2100 et
2645 2051 2699 2102 in
2727 2051 2968 2106 omnibus
2991 2052 3302 2110 Christus".

2071 2135 2254 2189 Tertio
2317 2138 2436 2192 loco
2504 2155 2689 2194 vocem
2748 2142 2890 2196 hanc
2926 2182 2942 2206 ,
3004 2145 3179 2214 major
3215 2147 3236 2177 ³
3268 2189 3282 2210 ,
3335 2163 3552 2201 nume-

1978 2235 2100 2280 rant
2129 2242 2144 2279 :
2175 2241 2372 2295 quarto
2399 2229 2548 2291 item,
2585 2231 2751 2286 Deum
2787 2249 2959 2287 meum
2983 2247 3031 2288 et
3065 2239 3230 2290 Deum
3266 2237 3548 2295 vectrum‘.

1988 2324 2148 2385 Sane,
2180 2323 2222 2374 si
2247 2319 2416 2384 maior
2438 2320 2659 2388 quidem
2687 2320 2976 2380 diceretur,
3015 2334 3121 2372 non
3148 2321 3272 2372 item
3299 2321 3544 2388 aequalis,

1965 2414 2212 2468 fortasse
2242 2412 2346 2464 vim
2385 2411 2616 2478 aliquam
2667 2411 2890 2464 haberet
2923 2412 3062 2479 quod
3115 2410 3367 2464 aﬂeruut.
3409 2411 3543 2465 Cum

1983 2508 2160 2552 autem
2183 2497 2731 2564 utrumqueinveniri
2766 2496 2970 2565 liquido
3023 2505 3257 2562 constet,
3277 2497 3403 2567 qttid
3427 2509 3546 2551 tau-

1987 2589 2106 2642 dem
2129 2589 2381 2656 generosi
2414 2587 2661 2640 homines
2715 2587 2933 2640 dicent?
2966 2589 3102 2653 Quid
3151 2590 3357 2641 roboris
3391 2590 3552 2642 babe-

1984 2681 2151 2734 bunt?
2200 2679 2477 2744 Quomodo
2520 2679 2876 2740 convenient,
2918 2694 3054 2747 quae
3107 2680 3397 2734 convenire
3444 2694 3539 2733 ne-

1984 2768 2219 2836 queunt?
2259 2767 2406 2821 idem
2447 2766 2795 2833 enim-seipse
2843 2766 3386 2834 majus,.pariterque
3443 2766 3543 2818 sibi

1985 2861 2085 2929 ipsi
2103 2859 2324 2928 aequale,
2355 2857 2468 2911 ﬁeri
2501 2871 2604 2908 non
2628 2865 2822 2924 potest.
2845 2854 3038 2909 ‘Nonue
3057 2871 3185 2924 ergo
3205 2857 3542 2924 perspicuum

1983 2959 2062 3004 est
2094 2948 2310 3014 majoris
2349 2962 2530 3001 vocem
2590 2949 2657 2998 ad
2708 2959 2952 3009 causam,
3008 2947 3229 3012 :Bqtlalis
3256 2957 3440 2998 autem
3475 2946 3540 2997 ad

1961 3049 2234 3094 .naturam
2280 3037 2616 3091 referendam
2647 3037 2806 3090 esse?
2851 3035 2939 3089 Ac
2975 3050 3092 3088 .nos
3126 3035 3261 3087 istud
3321 3035 3551 3100 ingenue

1673 3131 1782 3199 Τῆς
1812 3147 1868 3183 τε
1902 3128 2271 3199 "Admodum
2305 3136 2358 3181 et
2384 3126 2611 3180 candide
2665 3125 3005 3179 conﬁtemur.
3065 3121 3319 3178 Fortasse
3359 3130 3535 3174 autem

1902 3173 1941 3229 C

1975 3219 2174 3271 dixerit
2206 3216 2343 3269 alius
2369 3215 2670 3283 quispiam,
2712 3224 3034 3264 sermonem
3299 3218 3539 3262 nostrum

1955 3307 2174 3364 ..acriori
2202 3307 2364 3359 animi
2401 3302 2747 3359 contentione
2793 3314 3146 3368 prosequens,
3195 3298 3418 3352 inferius
3447 3297 3544 3354 ha-

1959 3399 2212 3452 .bendum
2245 3412 2348 3449 non
2381 3409 2523 3460 esse,
2554 3395 2624 3446 ab
2653 3391 2958 3460 huiusmodi
2997 3405 3183 3451 causa,
3223 3403 3399 3442 causae
3425 3403 3544 3440 om-

1956 3489 2063 3542 nis
2093 3483 2653 3554 expcrte,proiicisci.
2676 3481 2806 3534 Nam
2837 3489 2893 3534 et
2917 3480 3050 3547 ,quia
3080 3480 3146 3531 ab
3170 3492 3255 3542 eo,
3280 3477 3544 3545 quiprin-

1963 3577 2120 3646 .cipio
2146 3585 2336 3639 caret,
2387 3573 2658 3640 originem
2697 3571 2902 3629 .trahit.
2943 3569 3059 3636 ejus
3112 3581 3326 3635 quoque
3363 3567 3545 3634 gloriae

1976 3677 2184 3735 partem
2225 3666 2324 3719 sibi
2361 3665 2634 3716 vindicat:
2663 3672 2717 3715 et
2745 3660 2954 3714 accedit
2979 3660 3205 3727 insuper
3238 3657 3546 3727 generatio-

1961 3759 2066 3811 nis
2102 3756 2482 3826 ptmrogat'tva,
2510 3768 2600 3807 res
2635 3761 2808 3811 tanta,
2873 3760 3092 3816 tamque
3125 3747 3448 3806 veneranda.
3480 3745 3548 3799 iis

306 3841 515 3904 quidem
553 3853 718 3903 certe,
764 3843 852 3911 qui
905 3856 1082 3899 mente
1115 3847 1318 3912 praaditi
1355 3856 1499 3902 sunt.
1545 3846 1702 3913 Nam,
1731 3849 1872 3916 quod
1915 3849 2126 3902 ratione
2152 3844 2694 3902 lutntauitatisPater
2761 3841 2896 3896 Filio
2960 3839 3133 3907 major
3172 3836 3550 3905 intelligendus

306 3932 393 3992 sit,
424 3945 548 3983 vere
588 3933 802 3998 quidem
834 3934 937 3986 dici
975 3937 1299 4002 potest,.sed
1360 3953 1464 3990 non
1511 3939 1731 4008 perinde
1767 3939 2065 3994 honoriﬁce
2092 3960 2104 3992 :
2135 3938 2262 4006 quid
2331 3937 2474 3991 enim
2505 3937 2722 3994 mirutn,
2784 3932 2950 3986 Deum
3020 3929 3234 3985 homine
3291 3925 3546 3994 majorem

299 3211 404 3281 γὰρ
427 3211 522 3263 τοῦ
551 3212 786 3280 ἁνὰρχου
814 3210 970 3280 δόξης
1005 3213 1218 3281 μετέχοι
1248 3213 1336 3276 ἂν,
1363 3215 1444 3267 ὅτι
1473 3217 1538 3268 ἐκ
1579 3217 1686 3271 τοῦ.
1705 3220 1870 3288 ἀνάρ-

301 3315 390 3367 χου
406 3317 419 3329 ·
443 3299 538 3352 καὶ
561 3299 846 3369 πρόσεστιν
871 3302 904 3370 ἡ
927 3300 1198 3371 γέννησις,
1226 3304 1459 3374 πρᾶγμα
1606 3310 1827 3362 τοσοῦτο
1851 3343 1866 3366 ,

303 3389 407 3450 τοῖς
436 3405 499 3456 γε
546 3385 673 3441 νοῦν
726 3388 924 3458 ἔχουσι,
976 3391 1070 3442 καὶ
1121 3390 1264 3444 οὕτω
1452 3394 1763 3466 σεϐάσμιον.
1792 3396 1870 3448 -Τὸ

304 3476 408 3548 γὰρ
439 3478 502 3548 δὴ
535 3478 734 3547 λέγειν,
761 3481 842 3533 ὅτι
867 3475 960 3533 τοῦ
987 3482 1124 3535 κατὰ
1152 3483 1242 3536 τὸν
1266 3482 1549 3557 ἄνθρωπον
1579 3487 1869 3557 νοουμένου

306 3570 499 3636 μείζων
538 3610 554 3634 ,
693 3569 886 3640 ἀληθὲς
930 3572 1048 3640 μὲν,
1089 3574 1150 3626 οὐ
1201 3574 1462 3642 μέγα-δέ·
1497 3574 1550 3629 τί
1584 3575 1694 3648 γὰρ
1736 3575 1869 3630 θαυ-

307 3659 521 3725 μαστὸν,
549 3660 598 3710 εί
627 3657 823 3728 μείζων
842 3659 1127 3732 ἀνθρώπου
1155 3663 1285 3726 Θεός
1308 3682 1321 3726 ;
1348 3665 1540 3724 Ταῦτα,¹
1555 3665 1652 3736 μὲν
1773 3664 1870 3720 οὖν

305 3747 532 3818 εἰρήσοω
565 3750 702 3820 πρὸς
727 3751 849 3813 τοὺς
878 3752 937 3804 τὸ
958 3751 1158 3821 μεῖζον
1188 3755 1584 3824 κομπάζοντας.

307 4021 459 4076 esse?
495 4021 672 4089 Atque
712 4024 823 4078 haec
857 4026 1160 4080 mihidicta
1187 4029 1293 4080 sint
1340 4029 1600 4083 adversus
1624 4044 1740 4088 eos,
1773 4031 1866 4098 qui
1908 4030 2133 4100 majoris
2168 4043 2352 4083 vocem
2380 4024 2698 4080 insolentius
2721 4021 2946 4088 jactant.

479 4111 611 4173 Θεὸς
643 4112 700 4165 δὲ
730 4113 941 4180 λέγοιτο
967 4115 1052 4179 ἂν,
1088 4119 1148 4170 οὺ
1179 4116 1270 4170 τοῦ
1317 4119 1512 4187 Λόγου,
1538 4121 1632 4173 τοῦ
1658 4122 1872 4192 ὁρωμέ-

308 4218 395 4254 νου
420 4199 475 4252 δέ
497 4217 511 4230 ·
549 4197 665 4265 πῶς
695 4203 803 4275 γὰρ
829 4204 894 4257 ἂν
921 4205 1007 4275 εἴη
1029 4206 1126 4258 τοῦ
1157 4209 1360 4280 κυρίως
1396 4209 1529 4262 Θεοῦ
1558 4211 1718 4276 Θεός;
1748 4212 1880 4263 Ὥσ-

312 4309 409 4364 περ
453 4293 546 4345 καὶ
583 4294 796 4365 Πατὴρ,
843 4295 903 4346 οὐ
951 4295 1044 4348 τοῦ
1085 4298 1381 4369 ὁρωμένου,
1424 4298 1520 4352 τοῦ
1559 4301 1732 4368 Λόγου
1780 4301 1876 4354 δέ’

312 4385 400 4435 καὶ
429 4385 536 4456 γὰρ
577 4380 645 4454 ἦν
690 4385 945 4450 διπλοῦς’
987 4386 1128 4439 ὣστε
1168 4389 1228 4441 τὸ
1262 4390 1360 4459 μὲν
1403 4390 1605 4460 κυρίως
1648 4393 1734 4444 ἐπ’
1769 4393 1879 4462 ἀμ-

316 4493 422 4542 φαν
453 4517 470 4541 ι

329 4565 504 4636 Ἥμῶν
532 4566 642 4637 γὰρ
667 4567 870 4638 κυρίως
905 4569 1000 4637 μὲν
1039 4568 1169 4632 Θεὸς
1209 4572 1236 4623 ό
1275 4570 1406 4633 Θεὸς
1430 4607 1446 4632 ,

315 4655 370 4708 δέ
410 4659 617 4728 Πατήρ.
661 4659 772 4711 Καὶ
813 4659 970 4711 τοῦτό
1012 4661 1156 4712 ἐστιν
1186 4659 1214 4712 ὃ
1247 4663 1391 4713 ποιεῖ
1425 4663 1538 4725 τοῖς
1581 4663 1882 4732 αίρετικοῖς

316 4747 409 4816 τὴν
437 4748 664 4819 πλάνην,
698 4751 730 4818 ἡ
760 4748 869 4801 τῶν
900 4751 1179 4820 ὀνομάτων
1212 4751 1506 4817 ἐπίζευξις,
1550 4753 1881 4806 ἐπαλλαττο-

323 4835 487 4903 μένων
516 4836 625 4890 τῶν
655 4837 931 4907 ὀνομάτων
951 4838 1038 4891 διὰ
1061 4843 1160 4908 τὴν
1195 4839 1515 4910 σύγκρασιν.
1544 4841 1775 4912 Σημεῖον
1801 4842 1880 4906 δὲ,

317 4926 473 4993 ἡνίκα
507 4929 561 4980 αἱ
602 4927 794 4995 φύσεις
947 4929 1242 4983 διίστανται
1275 4933 1395 4994 ταῖς
1434 4931 1720 4994 ἐπινοίαις,
1759 4948 1884 4984 συν-

319 5014 594 5087 διαιρεῖται
625 5019 721 5072 καὶ
749 5019 816 5072 τὰ
837 5020 1094 5090 ὀνόματα.
1120 5021 1333 5075 Παύλου
1355 5021 1606 5088 λέγοντος
1629 5023 1880 5077 ἄκουσον·

321 5104 441 5158 Ἵνα
471 5112 502 5160 ό
533 5109 674 5176 Θεὸς
708 5110 814 5163 τοῦ
846 5113 1066 5179 Κυρίου
1097 5110 1268 5180 ,ἡμῶν
1305 5111 1500 5177 Ἰησοῦ
1544 5114 1822 5179 Χριστοῦ,
1853 5119 1888 5169 ὁ

319 5196 511 5265 Πατὴρ
549 5199 656 5266 τῆς
689 5199 893 5267 δόξης.
939 5201 1174 5270 Χριστοῦ
1209 5202 1306 5271 μὲν
1331 5201 1483 5263 Θεὸς,
1519 5201 1618 5270 τῆς
1647 5204 1702 5254 δὲ
1730 5203 1886 5274 δόξης

321 5281 532 5355 Πατήρ·
569 5290 617 5339 εἰ
650 5289 759 5358 γὰρ
800 5291 893 5341 καὶ
923 5290 984 5342 τὸ
1021 5290 1426 5360 συναμφότερον
1457 5289 1514 5343 ἒν
1550 5327 1566 5353 ,
1681 5293 1793 5345 ἀλλ’
1825 5295 1885 5346 οὐ

315 5371 390 5440 τῇ
419 5376 589 5442 φύσει,
621 5380 688 5447 τῇ
730 5377 786 5429 δέ
830 5378 1029 5450 συνόδῳ
1057 5380 1282 5434 τούτων.
1313 5379 1377 5431 Τί
1409 5379 1473 5431 ἂν
1503 5379 1715 5448 γένοιτο
1746 5398 1887 5449 γνω-

321 5461 613 5534 ριμώτερον
635 5483 650 5532 ;

573 4475 637 4528 τὸ
664 4476 719 4529 δὲ
745 4478 806 4529 οὐ
838 4478 1062 4549 κυρίως,
1097 4480 1353 4543 ἐναντίως
1387 4481 1419 4551 ἦ
1451 4482 1535 4550 ἐφ’
1561 4481 1719 4552 ἡμῶν
1741 4481 1872 4552 ἔχει.
1908 4540 1931 4552 __

1673 4540 1878 4642 κυρίως
1908 4540 1949 4593 D
1979 4570 2178 4639 duplici
2217 4569 2412 4638 quippe
2438 4575 2627 4619 natura
2655 4563 2979 4628 constabat;
3013 4575 3120 4630 quo
3161 4560 3220 4612 tit
3245 4569 3300 4611 ut
3329 4560 3551 4612 alterum

2219 4119 2372 4186 Quod
2413 4125 2595 4172 autem
2649 4117 2715 4168 ad
2781 4113 3002 4166 alteram
3059 4116 3266 4178 partem
3299 4107 3526 4169 attinet,

1983 4210 2386 4272 Deusdicitur,
2420 4221 2530 4259 non,
2555 4205 2764 4258 ratione
2784 4199 2980 4263 Verbi,
3030 4198 3124 4253 sed
3155 4195 3323 4266 partis
3345 4211 3472 4263 quae
3497 4196 3548 4249 itt

1973 4301 2256 4357 oculorum
2298 4311 2514 4352 sensum
2587 4295 2734 4350 cadit
2795 4293 2924 4362 (quo
2971 4290 3113 4343 enim
3182 4287 3342 4340 modo
3388 4285 3548 4350 illius,

1978 4392 2079 4461 qui,
2101 4388 2314 4456 preprie
2347 4387 2484 4439 Dens
2514 4394 2617 4446 est,
2651 4383 2790 4436 Deus
2820 4380 2922 4433 dici
2978 4387 3140 4447 queat
3162 4377 3230 4448 ?).
3284 4376 3553 4443 Quemad-

1981 4479 2196 4534 modum
2218 4476 2407 4533 Pater.
2435 4490 2539 4528 non
2569 4470 2939 4531 humanitatis,
2965 4469 3056 4523 sed
3095 4466 3254 4522 Verbi
3281 4474 3549 4536 respectu;

1978 4663 2045 4717 de
2073 4678 2138 4716 eo
2171 4661 2386 4730 proprie
2421 4659 2658 4723 dicatur,
2713 4657 2941 4710 alterum
2995 4652 3322 4720 impmprie:
3357 4657 3554 4704 contra

1979 4769 2140 4821 quam
2169 4753 2220 4805 itt
2257 4750 2410 4804 nobis
2435 4765 2493 4804 se
2518 4763 2604 4802 res
2636 4747 2817 4800 habet.
2847 4746 2988 4798 Deus
3015 4744 3157 4796 enim
3179 4740 3392 4809 proprie
3413 4738 3554 4791 Deus

1980 4852 2163 4896 noster
2197 4849 2300 4904 est,
2341 4854 2444 4894 non
2480 4849 2659 4892 autem
2689 4835 2904 4904 proprie
2925 4834 3107 4887 Pater.
3149 4831 3326 4898 Atque
3353 4830 3454 4884 hoc
3474 4835 3562 4887 est

1980 4935 2120 5002 quod
2158 4933 2436 4987 haereticos
2494 4930 2547 4984 in
2592 4941 2833 4982 errorem
2883 4924 3110 4987 inducit,
3153 4935 3344 4990 nempe
3383 4919 3565 4974 nomia

1985 5037 2110 5075 num
2141 5022 2332 5074 horum
2393 5015 2736 5084 coniunctio,
2776 5013 3100 5082 permutatis
3130 5011 3382 5065 videlicet
3420 5010 3567 5062 inter

1983 5128 2042 5166 se
2074 5111 2385 5165 nominibus
2425 5116 2640 5176 propter
2679 5106 2967 5172 utriusque
3019 5113 3224 5158 naturae
3267 5099 3560 5157 connexio.

1988 5218 2133 5256 nem.
2172 5201 2502 5268 Argumento
2540 5206 2642 5259 est,
2684 5197 2826 5264 quod
2873 5211 2995 5249 cum
3051 5206 3255 5249 natura:
3274 5195 3455 5247 animo
3505 5198 3559 5242 ct

1984 5292 2313 5360 cogitatione
2347 5290 2758 5356 distinguuntur
2789 5326 2804 5349 ,
2846 5286 3003 5340 simul
3065 5298 3277 5354 quoque
3339 5281 3557 5335 nomina

1983 5381 2322 5432 dividuntur.
2373 5379 2508 5430 Audi
2574 5377 2796 5431 Paulum
2853 5376 2935 5429 his
2997 5375 3178 5428 verbis
3212 5372 3554 5437 loquentem;

1989 5470 2051 5525 Ut
2084 5471 2222 5524 Deus
2250 5470 2461 5523 Domini
2494 5470 2659 5523 nostri
2683 5469 2810 5522 Jesu
2859 5465 3079 5528 Christi,
3131 5461 3290 5519 Pater
3333 5455 3560 5527 illeglos

321 5554 418 5606 ria'
465 5556 582 5611 '.\‘i
607 5565 681 5613 tes
721 5562 989 5628 quomodo
1023 5560 1224 5615 Christi
1255 5563 1471 5629 quidem
1508 5563 1670 5625 Deus,
1693 5562 1877 5631 gloria:
1910 5571 2087 5615 autem
2126 5561 2284 5616 Pater
2323 5559 2852 5626 dicaturzquatm-is
2885 5557 3024 5608 enim
3057 5553 3172 5606 haec
3233 5549 3339 5603 duo
3393 5562 3561 5605 unum

322 5642 564 5708 cﬂiciant,
606 5650 656 5701 id
699 5661 876 5703 tamen
925 5669 1026 5703 uult
1070 5660 1256 5703 natura
1287 5655 1365 5717 ht,
1426 5653 1518 5707 scd
1551 5669 1732 5707 eorum
1767 5653 2015 5708 coitione.
2051 5655 2185 5721 Quid
2234 5654 2317 5707 his
2347 5652 2586 5721 apertius
2639 5659 2692 5701 et
2736 5645 3073 5702 manifestius
3100 5640 3430 5710 esscqttcat?

409 5727 648 5799 Πέμπτον
717 5736 956 5803 λεγέσθω
1013 5738 1092 5803 τὸ,
1154 5737 1452 5807 λαμΰάνειν
1504 5739 1662 5792 αὑτὸν
1717 5739 1885 5809 ζωὴν,

2101 5739 2356 5804 Quintum
2426 5741 2760 5795 muneretur,
2823 5727 2968 5798 quod
3024 5727 3184 5780 vitam
3224 5727 3267 5791 ⁸,
3323 5733 3415 5780 aut
3467 5723 3558 5795 ju-

413 5938 468 5993 ¹1
500 5939 617 5996 Cor.
647 5958 737 6010 xv,
770 5941 858 5998 28.
891 5943 910 5973 ’
940 5941 1112 5998 Galat.
1150 5956 1231 6008 ιιι,
1264 5941 1352 6000 28.
1404 5943 1424 5976 ⁸
1452 5941 1610 6001 Joan.
1656 5960 1764 6016 χειν,
1790 5945 1879 6003 28.
1928 5943 1948 5975 ⁸
1979 5943 2138 6001 Joan.
2167 5943 2372 6013 3,17.
2431 5943 2448 5974 ⁵
2477 5941 2678 6012 Epltcs.
2713 5955 2747 6005 I,
2775 5937 2862 5995 t7.
2921 5941 2940 5970 °
2971 5935 3209 6004 Joan..v,
3231 5935 3340 5990 '26.
3443 6015 3446 6017 _
