4026 6290
486 383 592 443 δ83
1176 416 1179 417 ν
1742 380 1841 439 EU
1858 380 2080 439 ΓΠΥΜ]

2185 379 2534 441 ΞΙΗΛΒΕΝῙ
3626 376 3728 439 ὅθί

485 514 683 567 dicium
711 513 728 543 ¹
762 553 777 575 ,
802 525 895 566 aut
937 514 1173 581 gentium
1204 509 1574 564 haereditatem
1620 509 1640 538 '
1674 547 1689 571 ,
1741 518 1831 561 aut
1870 511 2049 565 carnis

2185 531 2189 576 γ
2224 506 2425 578 κρίσιν,
2466 507 2500 578 ἢ
2547 505 2908 578 κληρονομίαν
2951 505 3141 570 ἐθνῶν,
3176 507 3209 578 ἢ
3261 505 3513 571 ἐξουσίαν
3555 508 3731 579 πάσης

484 606 663 656 omnis
704 610 1029 669 potestatem
1077 606 1123 665 ³,
1151 607 1241 651 aut
1268 600 1492 667 gloriam
1533 605 1584 662 ⁸,
1615 608 1707 651 aut
1745 598 2055 668 discipulos,

2185 596 2379 667 ῖαρκὸς,
2408 596 2442 668 ἢ
2468 596 2643 662 δόξαν,
2667 596 2701 667 ἢ
2733 595 2998 666 μαθητὰς,
3028 596 3061 666 ἢ
3096 598 3197 650 ὅσα
3224 596 3464 666 λέγεται,
3497 598 3593 650 καὶ
3616 597 3733 651 τοῦο

486 701 787 758 ιιιειοτοψιε
820 689 1059 756 ejusdem
1120 688 1353 757 generis,
1391 689 1639 756 accipere
1690 686 1919 753 dicitur;
1958 689 2059 743 hoc

2185 705 2219 740 ὀ
2346 688 2443 758 τῆς
2475 688 2909 758 ἀνθρωπότητος.
2940 688 3001 739 Ei
3026 687 3083 739 δέ
3108 688 3201 741 καὶ
3223 687 3301 758 τῷ
3325 687 3444 759 Θεῷ
3559 686 3728 755 δοίης,

486 798 701 852 quoque
740 784 805 835 ad
849 780 1237 835 humanitatem
1266 789 1492 851 spectat.
1519 779 1837 848 Quanquam
1867 792 1923 833 ut
1948 783 2059 835 haec

2185 779 2259 831 ιύκ
2305 778 2539 832 ἄτοπον·
2568 779 2627 830 οὐ
2678 778 2786 851 γὰρ
2834 778 2908 842 ὡς
2958 778 3228 849 ἐπίκτητα
3266 778 3478 843 δώσεις,
3518 778 3629 832 ἀλλ’
3660 778 3731 841 ὼς

486 877 653 928 etiam
688 874 797 928 Deo
835 875 1157 937 tribuamus,
1195 872 1337 927 nulla
1368 872 1492 927 inde
1526 874 1831 929 absurditas
1871 890 2061 930 consc-

2185 871 2258 923 ιπ’
2309 872 2482 941 ἀρχῆς
2535 871 2951 942 συνυπάρχοντσ.
2997 906 3013 932 ,
3152 872 3244 925 καὶ
3298 872 3443 943 λόγῳ
3495 870 3730 940 φύσεως,

485 976 681 1033 quetur
706 982 718 1017 :
745 980 850 1019 non
881 967 1021 1018 enim
1053 965 1197 1017 velut
1247 964 1477 1019 ascititia
1510 965 1557 1018 ei
1614 965 1933 1029 tribuemus,
1966 966 2059 1020 sed

2185 962 2278 1014 ιλλ’
2309 962 2368 1014 ού
2403 962 2644 1033 χάριτος.

485 1057 631 1110 velut
657 1071 777 1124 qua:
799 1072 827 1109 a
858 1056 1120 1123 principio
1148 1071 1253 1110 una
1283 1071 1402 1110 cum
1433 1057 1550 1116 ipso
1593 1056 1918 1123 exstiterint,
1951 1071 2057 1109 non
2710 1046 2715 1051 ⁷

488 1146 699 1199 ratione
730 1145 938 1213 gratiae,
970 1147 1064 1198 sed
1091 1155 1318 1198 naturae.

667 1235 833 1289 Sexto
874 1236 993 1289 loco
1024 1245 1279 1303 ponatur,
1308 1234 1449 1303 quod
1484 1233 1606 1287 Non
1638 1244 1801 1302 potest
1828 1233 1998 1288 Filius
2026 1251 2059 1287 a

484 1328 657 1394 seipse
683 1327 855 1395 facere
880 1327 1187 1395 quidquam,
1214 1326 1315 1377 nisi
1334 1325 1386 1376 id
1417 1325 1597 1377 viderit
1623 1324 1831 1376 Patrem
1863 1324 2059 1392 facien-

487 1432 587 1470 tem
642 1418 687 1470 '.
718 1417 848 1483 Quae
876 1418 1036 1471 verba
1064 1416 1325 1484 ejusmodi
1357 1430 1514 1470 sensu
1547 1416 1860 1485 eXplicanda
1886 1426 2013 1469 sunt
2041 1432 2054 1467 :

491 1510 672 1572 Posse,
703 1510 787 1564 vel
806 1526 907 1563 non
931 1525 1099 1577 posse,
1130 1523 1237 1563 non
1268 1524 1374 1561 uno
1414 1508 1570 1561 modo
1592 1508 1793 1561 dicitur
1817 1523 1830 1571 ;
1856 1508 2057 1560 variant

486 1603 631 1654 enim
666 1616 728 1655 ac
790 1600 1139 1670 multiplicem
1179 1600 1629 1671 significationem
1693 1600 1871 1653 habet.
1916 1598 2061 1652 Non-

490 1706 765 1759 nunquam
992 1693 1136 1745 enim
1195 1691 1490 1745 secundum
1534 1690 1731 1743 virium
1788 1690 2057 1743 defectum

495 1786 717 1846 dicitur,
744 1792 799 1836 et
836 1784 969 1836 certi
1006 1782 1264 1848 temporis
1295 1794 1357 1833 ac
1408 1793 1654 1846 personae
1719 1779 1925 1833 ratione
1966 1780 2061 1832 ha-

2326 1235 2521 1287 Ἕκτον
2570 1234 2798 1288 τιθέσθω
2845 1236 2906 1289 τὸ
2948 1236 3034 1304 μὴ
3099 1236 3392 1289 δύνασθαι
3446 1237 3553 1289 τὸν
3605 1234 3736 1288 Υίὸν

2167 1327 2266 1394 ἀφ’
2309 1325 2524 1380 ἑαυτοῦ
2567 1325 2760 1380 ποιεῖν
2800 1325 2997 1396 μηδὲν
3036 1366 3051 1391 ,
3171 1326 3280 1378 ἐὰν
3322 1324 3407 1393 μή
3449 1342 3502 1378 τι
3532 1325 3735 1394 ,ϐλέπῃ

2167 1418 2273 1471 τὸν
2302 1416 2532 1484 Πατέρα
2555 1418 2860 1472 ποιοῦντα.
2895 1417 3063 1471 Τοῦτο
3094 1418 3150 1471 δέ
3186 1417 3423 1470 τοιοῦτόν
3467 1420 3643 1469 ἐστιν·
3680 1419 3736 1470 οὐ

2167 1510 2274 1563 τῶν
2300 1510 2418 1562 καθ’
2450 1509 2545 1561 ἐνα
2573 1509 2771 1580 τρόπον
2796 1509 3125 1580 λεγομένων,
3158 1509 3217 1562 τὸ
3246 1507 3563 1573 δύνασθαι,
3595 1508 3627 1579 ἢ
3654 1510 3736 1577 μὴ

2168 1601 2488 1655 δύνασθαι.’
2542 1601 2854 1673 πολύσημον
2900 1601 2977 1656 δέ.
3028 1601 3102 1653 Τὸ
3154 1600 3251 1671 μέν
3294 1600 3401 1669 γάρ
3430 1618 3483 1652 τι
3527 1600 3741 1669 λέγεται

2170 1692 2313 1748 κατά
2343 1692 2623 1763 δυνάμεως
2662 1692 2915 1761 ἔλλειψιν,
2957 1691 3052 1744 καὶ
3095 1690 3248 1753 ποτέ,
3282 1691 3375 1743 καὶ
3403 1690 3541 1761 πρός
3568 1706 3640 1753 τι,
3671 1686 3743 1752 ὡς

2170 1783 2251 1845 τὸ,
2284 1784 2358 1854 μὴ
2386 1784 2644 1838 δύνασθαι
2693 1785 2754 1837 τὸ
2800 1783 3012 1836 παιδίον
3040 1782 3241 1844 ἀθλεῖν,
3277 1781 3309 1851 ἥ
3348 1782 3408 1834 τὸ
3455 1781 3745 1834 σκυλάκιον

492 1869 597 1922 hita
627 1886 639 1921 :
678 1881 733 1922 ut
767 1869 909 1937 quod
946 1882 1078 1936 puer
1123 1867 1318 1921 luctari
1353 1882 1459 1920 non
1493 1869 1681 1935 possit,
1729 1877 1821 1921 aut
1852 1869 2060 1922 catulus

2185 1872 2410 1939 ὃλέπειν,
2442 1874 2475 1945 ἢ
2510 1875 2650 1946 πρὸς
2695 1874 2846 1927 τόνδε
2881 1871 3327 1942 διαγωνίζεσθαν
3370 1870 3595 1942 ἀθλήσει
3638 1872 3743 1942 γὰρ

486 1975 739 2025 cernere,
775 1973 867 2013 aut
892 1976 1013 2013 cum
1037 1958 1218 2028 aliquo
1250 1960 1545 2015 dimicare:
1594 1959 1887 2013 luctabitur
1915 1960 2057 2014 enim

490 2054 721 2105 fortasse
752 2050 1063 2119 aliquando,
1104 2060 1160 2104 et
1191 2061 1396 2118 cernet,
1439 2059 1645 2105 etcum
1687 2051 1789 2104 hoc
1829 2051 2059 2105 dimica-

489 2144 590 2205 bit,
626 2143 839 2196 etiamsi
882 2157 1003 2194 cum
1061 2141 1233 2193 altero
1267 2151 1518 2209 nequeat.
1571 2139 1843 2194 Interdum
1898 2142 1961 2195 de
1994 2155 2059 2195 eo

488 2236 706 2295 dicitur,
732 2232 874 2300 quod
916 2246 1292 2300 smpenumero
1317 2233 1600 2301 contingit,
1641 2242 1699 2284 ut
1743 2231 1898 2285 illud:
1935 2228 2060 2284 Non

489 2322 657 2378 potest
687 2314 872 2367 civitas
904 2316 1156 2369 abscondi
1181 2332 1339 2384 supra
1370 2330 1592 2371 montem
1630 2322 1801 2387 posita
1857 2320 1899 2375 ⁸.
1919 2322 2064 2376 Fieri

491 2402 635 2455 enim
676 2413 872 2470 potest,
901 2416 957 2458 ut
984 2408 1229 2474 quaedam
1277 2408 1472 2463 civitas
1515 2409 1881 2464 abscondatur
1905 2451 1921 2477 ,
1950 2426 2065 2463 ma-

490 2493 595 2558 jori
625 2495 880 2549 nimirum
919 2497 1101 2567 aliquo
1152 2508 1335 2553 monte
1381 2501 1547 2568 ipsius
1594 2510 1870 2570 aspectum
1904 2502 2068 2570 impe-

495 2583 1062 2654 diente.l'mpossibile
1086 2589 1250 2641 etiam
1297 2588 1516 2655 dicitur,
1575 2592 1717 2659 quod
1751 2592 1975 2645 minime
1997 2606 2069 2644 ze-

495 2689 663 2738 quum
694 2683 799 2740 est,
826 2677 1132 2745 rationique
1166 2691 1625 2745 consentaneum;
1667 2683 1822 2749 cujus
1858 2682 2072 2749 generis

497 2774 584 2819 est
616 2765 779 2820 illud:
816 2767 940 2821 Non
962 2780 1176 2834 possunt
1204 2770 1306 2837 ﬁlii
1332 2772 1511 2838 sponsi
1525 2772 1793 2840 jejunare,
1838 2773 2072 2841 quandiu

497 2871 726 2923 presens
772 2866 849 2910 est
902 2875 1121 2927 sponsus
1172 2863 1234 2926 ’;
1287 2864 1399 2914 sive
1452 2875 1573 2914 eum
1642 2861 1931 2928 intelligas,
1978 2863 2073 2930 qui

498 2947 779 3016 corporeis
817 2949 989 3005 oculis
1038 2952 1278 3006 cernitur
1308 2953 1506 3023 (neque
1542 2954 1685 3006 enim
1713 2966 1966 3006 :ernmnze
1996 2962 2077 3005 at-

503 3053 612 3108 que
646 3038 953 3095 amictionis
987 3050 1199 3110 tempus
1233 3050 1350 3095 erat
1376 3042 1501 3095 illud
1532 3051 1763 3111 tempus,
1789 3056 1897 3110 quo
1919 3040 2079 3095 Chri-

503 3140 622 3183 stus
643 3144 764 3184 cum
790 3132 1070 3200 discipulis
1114 3134 1479 3203 versabatur).
1539 3134 1653 3186 sive
1675 3148 1797 3187 eum
1836 3141 1894 3186 ut
1940 3130 2078 3185 Ver-

505 3221 630 3273 bum
655 3231 867 3290 spectes
893 3243 904 3277 :
938 3223 1064 3291 quid
1087 3224 1231 3276 enim
1260 3237 1356 3277 eos
1378 3237 1639 3290 corporeo
1658 3224 1816 3275 modo
1832 3224 2080 3291 jejunare

2185 3229 2282 3299 τῆς
2310 3228 2405 3281 τοῦ
2436 3227 2773 3300 θεραπευτοῦ

408 3308 437 3323 “’
507 3326 733 3366 necesse
765 3324 868 3376 est,
912 3316 1001 3382 qui
1030 3330 1059 3367 a
1086 3314 1265 3367 Verbo
1297 3313 1630 3381 purgantur?
1665 3313 1867 3378 Quarta
1916 3312 2082 3380 signi-

510 3404 763 3458 ﬁcatione
789 3405 891 3457 hoc
923 3404 1039 3457 ﬁeri
1074 3420 1178 3457 non
1218 3418 1377 3473 posse
1407 3404 1624 3467 dicitur,
1678 3419 1707 3455 a
1756 3419 1862 3469 quo
1898 3413 2085 3457 nostra

509 3494 761 3550 voluntas
787 3496 1078 3560 abhorret;
1110 3495 1410 3561 cuiusmodi
1430 3504 1511 3550 est
1535 3495 1700 3549 illud:
1730 3493 1855 3549 Non
1880 3505 2085 3564 poterat

2175 1965 2305 2028 ῐσως
2336 1967 2487 2030 ποτὲ,
2526 1967 2618 2019 καὶ
2643 1966 2852 2035 ὄψεται,
2882 1966 2976 2018 καὶ
3016 1965 3379 2033 διαγωνιεῖται
3409 1962 3546 2031 πρὸς
3575 1962 3744 2028 τόνδε,

2175 2057 2277 2110 κᾶν
2302 2056 2436 2128 πρὸς
2460 2058 2643 2125 ἕτερον
2676 2059 2949 2119 ἀδυνάτως
2978 2056 3098 2127 ἔχῃ.
3128 2057 3200 2107 Τὸ
3228 2055 3305 2121 δὲ,
3341 2054 3415 2116 ὡς
3457 2054 3549 2105 ἐπὶ
3594 2052 3745 2104 πλεῖ-

2158 2165 2321 2215 στον,
2357 2149 2431 2212 ὼς
2454 2150 2543 2201 τό·
2591 2152 2672 2203 Οὐ
2699 2150 2946 2203 δύναται
2981 2149 3157 2213 πόλις
3191 2144 3479 2214 κρυϐῆναι
3504 2145 3597 2197 ἐπ’
3631 2145 3747 2197 ἅνω

2175 2236 2352 2305 ὄρους
2383 2239 2644 2307 κειμένη.
2676 2238 2829 2308 Τάχα
2853 2239 2958 2309 γάρ
2992 2238 3056 2291 ἂν
3086 2236 3181 2290 καὶ
3201 2235 3466 2307 κρυφθείη
3500 2252 3606 2299 τις,
3637 2237 3749 2287 ἐπι-

2169 2320 2530 2394 προσθοῦντος
2567 2320 2829 2390 μείζονος.
2862 2318 2934 2370 Τὸ
2958 2317 3034 2385 δὲ,
3060 2318 3137 2381 ὡς
3168 2318 3266 2370 οὐκ
3295 2316 3538 2384 εὔλογον,
3567 2315 3643 2378 ὡς
3668 2318 3749 2368 τό·

2165 2415 2247 2465 Οὐ
2298 2412 2585 2464 δύνανται
2633 2414 2686 2465 οί
2728 2410 2847 2466 υἱοὶ
2887 2408 2995 2464 τοῦ
3035 2408 3358 2478 νυμφῶνος
3404 2408 3750 2475 νηστεύειν,

2169 2502 2260 2569 ἐφ’
2300 2502 2451 2555 ὅσον
2494 2499 2753 2567 ἔνδημος
2795 2502 2828 2553 ό
2872 2499 3165 2567 νυμφίοςο
3197 2497 3305 2548 εἴτε
3356 2497 3385 2547 ὁ
3428 2492 3755 2563 σωματικῶς

2173 2592 2447 2663 ὁρώμενος
2464 2592 2546 2661 (ού
2567 2591 2675 2662 γὰρ
2702 2589 3090 2651 κακοπαθείας,
3125 2587 3241 2641 ἀλλ’
3268 2585 3607 2657 εὐφροσύνης
3635 2602 3758 2636 και-

2179 2684 2271 2754 ρὸς
2295 2684 2323 2734 ὁ
2349 2682 2453 2751 τῆς
2495 2680 2839 2752 ἐπιδημίας),
2888 2681 2996 2733 εἴτε
3030 2680 3106 2743 ὡς
3150 2681 3178 2732 ὁ
3220 2680 3391 2746 Λόγος
3431 2676 3754 2746 νοούμενοςο

2174 2773 2227 2825 τί
2260 2771 2369 2842 γὰρ
2406 2770 2486 2823 δεῖ
2524 2769 2805 2841 νηστεύειν
2847 2766 3175 2839 σωματικῶς
3219 2768 3345 2829 τοὺς
3375 2766 3533 2836 Λόγῳ
3562 2764 3760 2817 καθαι-

2183 2864 2441 2934 ρομένους
2482 2883 2497 2931 ;
2640 2862 2712 2915 Tb
2735 2862 2812 2925 δὲ,
2846 2862 2922 2922 ὡς
2958 2859 3276 2930 ἀϐούλητον,
3310 2857 3386 2921 ὡς
3423 2858 3507 2920 τὸ,
3530 2856 3627 2922 Μὴ
3657 2855 3763 2909 δύο

2181 2958 2397 3010 νασθαι
2419 2954 2547 3009 ἐκεῖ
2559 2954 2776 3023 σημεῖα
2797 2952 3063 3022 ποιῆσαι,
3084 2953 3181 3006 διὰ
3203 2951 3318 3019 τὴν
3338 2951 3625 3004 ἀπιστίαν
3642 2948 3766 3002 τῶν

2180 3045 2537 3115 δεχοοιιένιινιι·⁸
2555 3045 2741 3117 ἐπειδὴ
2756 3046 2866 3115 γὰρ
2885 3043 2978 3097 τοῦ
3007 3043 3415 3115 συναμφοτέρου
3442 3040 3600 3112 χρεία
3626 3041 3767 3111 πρὸς

2180 3138 2279 3201 τὰς
2312 3136 2504 3200 ἰάσεις,
2527 3137 2622 3191 καὶ
2644 3136 2744 3207 τῆς
2767 3136 2873 3189 τῶν
2896 3134 3347 3205 θεραπευομένων
3380 3133 3639 3195 πίστεως,
3670 3134 3768 3185 καὶ

2937 3227 3237 3297 δυνάμεως,
3280 3224 3380 3277 ούκ
3408 3223 3681 3293 ἐνεδέχετο
3708 3223 3771 3275 τὸ

2185 3319 2370 3389 ἕτερον
2396 3319 2489 3372 τοῦ
2517 3319 2751 3387 συζύγου
2796 3316 3152 3380 ἐλλείποντος.
3180 3317 3292 3369 Οὐκ
3338 3312 3448 3368 οἶδα
3608 3315 3691 3377 δέ,
3724 3317 3771 3368 εἱ

2190 3409 2263 3479 μὴ
2298 3410 2393 3463 καὶ
2423 3408 2581 3462 τοῦτο
2610 3409 2686 3480 τῷ
2742 3408 2946 3479 εὐλόγῳ
2989 3406 3342 3480 προσθετέον·
3380 3407 3439 3459 οὐ
3474 3406 3580 3478 γὰρ
3611 3406 3771 3458 εῦλο-

2187 3514 2283 3565 γος
2334 3499 2475 3561 ἴασις
2516 3500 2631 3561 τοῖς
2685 3497 3106 3568 βλαϐησομένοις
3150 3496 3210 3562 ἐξ
3255 3496 3531 3558 ἀπιστίας.
3576 3494 3689 3548 Τοῦ
3715 3494 3771 3547 δὲ

510 3585 622 3637 illic
651 3585 801 3654 signa
824 3585 996 3653 facere
1017 3585 1661 3654 propterinsredulitatem
1688 3601 1868 3639 eorum
1920 3590 1970 3653 ⁸,
1994 3589 2080 3656 qui

2191 3589 2353 3642 αὐτοῦ
2392 3589 2574 3658 λόγου,
2605 3590 2698 3643 καὶ
2728 3590 2790 3642 τό
2812 3606 2826 3622 ο
2862 3591 2943 3644 Οὐ
2975 3589 3221 3642 δύναται
3256 3589 3289 3641 ὀ
3312 3586 3541 3655 κόσμος
3564 3584 3770 3655 μισεῖν

511 3691 575 3729 ea
602 3677 981 3743 excipiebant:
1034 3676 1288 3745 quoniam
1348 3676 1492 3729 enim
1542 3677 1607 3729 ad
1644 3677 1949 3731 morborum
1986 3679 2080 3732 de-

2186 3678 2339 3748 ὐμᾶς
2364 3697 2378 3712 ο
2423 3682 2539 3741 καὶ,
2564 3678 2697 3745 Πῶς
2742 3679 3005 3733 δύνασθε
3038 3676 3228 3747 ἀγαθὰ
3259 3675 3491 3737 λαλεῖν,
3518 3674 3770 3741 πονηροί

516 3767 790 3833 pulsiones
820 3777 1108 3836 utrumque
1138 3772 1397 3822 accedere
1435 3782 1660 3821 necesse
1690 3776 1791 3830 est,
1828 3783 2018 3837 nempe
2033 3778 2080 3821 ut

2185 3772 2389 3838 ὄντες;
2420 3771 2544 3834 Πῶς
2572 3771 2681 3842 γὰρ
2706 3771 2966 3825 ἀδύνατόν
3000 3787 3052 3822 τι
3081 3768 3305 3830 τούτων,
3339 3768 3372 3837 ἢ
3420 3767 3501 3820 ὅτι
3534 3765 3773 3833 ἀϐούλη-

513 3867 567 3911 et
584 3859 769 3927 κλει-οιί
800 3858 980 3927 ﬁdem,
1008 3870 1059 3913 et
1088 3859 1279 3913 medici
1307 3860 1413 3912 vim
1442 3872 1493 3914 et
1513 3858 1820 3911 facultatem
1846 3861 2080 3913 medendi

2187 3879 2308 3927 τον;
2343 3863 2498 3914 Ἔστι
2536 3861 2593 3914 δέ
2629 3878 2683 3913 τι
2721 3863 2815 3914 καὶ
2848 3858 3086 3912 τοιοῦτον
3123 3859 3179 3911 ἐν
3221 3859 3333 3919 τοῖς
3360 3855 3701 3925 λεγομένοις,
3748 3854 3775 3907 ὃ

516 3949 767 4010 aﬂ'erant,
800 3950 999 4004 idcirco
1032 3950 1281 4016 alterum,
1311 3952 1596 4007 deﬁciente
1637 3952 1827 4016 altero,
1874 3951 2080 4004 minime

2189 3956 2252 4024 τῇ
2430 3951 2590 4021 φύσει
2626 3952 2729 4019 μὲν
2760 3952 3039 4014 ἀδύνατον,
3068 3948 3189 4020 Θεῷ
3218 3948 3274 4002 δέ
3308 3947 3533 4000 δυνατὸν
3581 3946 3765 4015 βουλη-

518 4042 887 4111 contingebat.
912 4040 1063 4094 llaud
1096 4044 1209 4096 scio
1244 4057 1445 4106 autem,
1504 4058 1567 4096 an
1613 4044 1712 4097 hoc
1740 4057 1958 4110 quoque
1988 4057 2080 4093 nor

2190 4043 2355 4111 θέντι,
2393 4043 2467 4107 ὡς
2501 4044 2582 4107 τὸ,
2623 4044 2696 4114 μὴ
2719 4041 2980 4096 δύνασθαι
3006 4040 3096 4093 τὸν
3114 4039 3275 4093 αὐτὸν
3305 4036 3635 4109 γεννηθῆναι
3661 4035 3781 4090 δεύ-

517 4133 919 4201 adjungendum
943 4134 1033 4193 sit,
1066 4133 1130 4187 ad
1162 4134 1213 4188 id
1243 4138 1384 4203 quod
1440 4134 1635 4187 rationi
1668 4142 2080 4187 consentaneum

2190 4149 2367 4204 τερον,
2415 4133 2509 4185 καὶ
2559 4134 2723 4203 ῥαφὶς
2751 4132 2851 4185 οὐκ
2881 4130 3230 4201 είσδεχομένη
3258 4128 3503 4199 κάμηλον
3526 4143 3538 4155 ·
3579 4127 3637 4179 τί
3673 4126 3780 4198 γὰρ

517 4233 641 4277 est:
674 4238 848 4291 neque
876 4226 1019 4276 enim
1046 4225 1112 4277 iis
1144 4226 1465 4278 medicinam
1498 4222 1690 4277 afferre
1718 4223 2072 4277 conveniebat

2201 4222 2265 4276 ἂν
2305 4225 2398 4276 καὶ
2445 4223 2709 4277 κωλύσειε
2738 4222 2992 4291 γενέσθαι
3033 4220 3223 4281 ταῦτα,
3255 4217 3388 4274 Θεοῦ
3421 4219 3775 4289 θελήσαντος;

520 4318 719 4385 quibus
761 4317 1112 4371 incredulitas
1146 4318 1525 4371 detrimentum
1570 4316 1794 4370 allatura
1818 4323 1957 4370 erat.
2022 4315 2140 4380 Quo
2179 4318 2340 4370 etiam
2405 4318 2455 4370 in
2493 4319 2681 4370 ordine
2725 4314 3030 4384 ponemlum
3077 4322 3159 4367 est
3212 4312 3381 4365 illud:
3434 4309 3551 4363 Non
3617 4322 3778 4379 potest

520 4411 748 4463 mundus
781 4411 951 4463 odisse
981 4427 1067 4465 vos
1125 4414 1146 4445 ⁹
1183 4426 1197 4473 ;
1227 4420 1281 4463 et
1304 4452 1318 4475 ,
1375 4410 1648 4475 Quomodo
1695 4412 1906 4476 potestis
1962 4412 2097 4464 bona
2136 4411 2296 4480 loqui.
2324 4428 2441 4464 cum
2469 4412 2583 4465 sitis
2611 4412 2738 4465 mali
2770 4410 2856 4463 "3
2922 4410 3038 4476 Quo
3075 4409 3216 4477 enim
3266 4417 3421 4477 pacto
3485 4405 3778 4474 quidquam

523 4503 717 4557 horum
772 4502 1103 4568 impossibile
1163 4514 1263 4567 est,
1329 4503 1431 4555 nisi
1495 4503 1621 4570 quia
1682 4502 1931 4556 voluntas
1992 4504 2293 4573 repugnat?
2358 4502 2473 4555 Jam
2505 4504 2628 4555 illud
2675 4518 2887 4571 quoque
2946 4500 3273 4570 impossibile
3345 4498 3574 4559 dicitur,
3644 4492 3780 4563 quod

528 4604 720 4647 natura
757 4594 972 4662 quidem
1006 4592 1337 4662 impossibile
1365 4602 1468 4653 est,
1525 4594 1633 4645 Deo
1682 4601 1861 4645 autem
1895 4594 2093 4647 volenti
2139 4594 2630 4662 possibile;qnoin
2664 4611 2860 4663 genere
2930 4603 3008 4647 est
3071 4593 3198 4645 illud
3230 4607 3244 4621 ο
3296 4591 3555 4644 Eumdem
3614 4587 3782 4644 homi-

528 4702 649 4739 nem
685 4686 767 4740 bis
796 4688 941 4739 nasci
981 4700 1085 4739 non
1124 4699 1281 4752 posse
1314 4684 1385 4751 “,
1431 4698 1529 4737 nec
1564 4698 1661 4737 acu
1712 4684 1973 4739 camelum
2007 4686 2217 4740 admitti
2250 4684 2291 4716 "
2326 4706 2340 4743 :
2374 4690 2499 4755 quid
2562 4690 2702 4740 enim
2770 4687 3051 4755 prohibeat
3114 4683 3402 4754 quominus
3468 4682 3589 4737 hmo
3636 4682 3780 4744 ﬂant,

528 4782 572 4834 si
611 4779 703 4833 Dei
743 4779 994 4831 voluntas
1026 4779 1094 4829 ita
1132 4776 1355 4830 tulerit?

722 4871 924 4923 Prmter
948 4871 1046 4923 hos
1082 4883 1271 4922 omnes
1303 4868 1486 4921 modos
1524 4866 1854 4934 impossibile
1904 4869 2080 4921 dicitul

2405 4868 2621 4919 Τούτων
2650 4866 2706 4918 δὲ
2733 4866 2945 4917 πάντων
2980 4862 3158 4925 ἐκτὸς,
3189 4860 3249 4912 τὸ
3274 4857 3556 4921 παντελῶς
3593 4857 3784 4911 ἀδύνα-

530 4961 671 5031 quod
699 4962 840 5013 nulla
893 4963 1111 5013 omnino
1164 4961 1370 5013 ratione
1424 4958 1535 5012 lieri
1598 4966 1810 5026 potest,
1877 4961 2102 5029 utquod

537 5064 680 5101 nunc
715 5048 1070 5115 exquirimus.
1119 5050 1187 5103 Ut
1217 5050 1357 5103 enim
1386 5048 1716 5116 impossibile
1733 5064 1852 5104 esse
1880 5051 2111 5106 dicimus

535 5143 701 5194 Deum
760 5140 958 5192 malum
1026 5155 1166 5202 es<e,
1230 5152 1319 5194 aut
1368 5143 1591 5195 omnino
1657 5157 1761 5195 non
1814 5158 1934 5197 esse
1988 5146 2111 5213 (hoc

535 5232 678 5285 enim
746 5230 834 5282 Dei
901 5229 1269 5297 impotentiam
1328 5232 1503 5297 potius
1584 5240 1745 5299 atque
1832 5233 2114 5287 imbecilli-

537 5335 740 5387 tatem,
794 5338 953 5392 quam
1012 5322 1305 5391 potentiam
1353 5324 1670 5395 arguerit);
1754 5334 1844 5376 aut
1896 5334 1953 5376 ut
2018 5326 2112 5387 sit,

536 5418 677 5484 quod
728 5433 830 5469 nun
884 5424 986 5475 est.
1039 5424 1128 5466 aut
1161 5423 1221 5468 ut
1275 5415 1357 5467 bis
1408 5416 1514 5468 duo
1570 5416 1727 5469 simul
1786 5427 1839 5469 et
1883 5426 2115 5485 quatuor

536 5510 644 5559 sint
750 5518 803 5561 et
938 5510 1159 5561 decem:
1192 5506 1263 5560 ita
1299 5522 1397 5560 nec
1431 5507 1541 5560 fieri
1588 5508 1696 5559 ullo
1729 5508 1885 5561 modo
1919 5519 2112 5576 potest,

540 5609 596 5651 ιιι
620 5599 788 5652 Filius
814 5600 1014 5667 aliquid
1053 5598 1240 5662 faciat,
1285 5599 1425 5665 quod
1456 5598 1615 5652 Pater
1650 5616 1752 5652 non
1781 5598 1958 5653 faciat.
1991 5599 2119 5653 0m-

540 5695 628 5741 uia
660 5694 798 5742 enim
846 5709 962 5754 qum
1001 5691 1163 5745 Pater
1206 5691 1376 5754 habet,
1420 5704 1539 5744 sunt
1590 5689 1717 5743 Filii
1747 5692 1788 5721 ³¹
1816 5708 1828 5720 ·
1862 5692 2118 5755 quemad-

627 5794 643 5825 ¹
677 5791 836 5846 Joan.
862 5806 915 5853 ν,
944 5793 1032 5845 9.7.

558 5932 600 5963 ¹³
632 5929 788 5987 Joan.
821 5944 933 5991 τινι,
975 5929 1060 5983 15.

1116 5795 1133 5823 ¹
1162 5790 1306 5843 Psal.
1344 5806 1399 5855 ιι,
1433 5792 1488 5845 8.
1564 5789 1758 5842 'Joau.
1784 5804 1914 5853 xvn,
1940 5786 1995 5840 2.
2058 5786 2079 5817 δ

2185 5800 2263 5839 oc.
2296 5799 2348 5851 v,
2390 5786 2473 5837 12.
2553 5781 2747 5855 "Joa_n.
2776 5796 2828 5843 v,
2860 5781 2949 5833 9.5.

556 5863 759 5932 ur,_15.
834 5862 855 5891 ⁸
892 5861 1081 5932 Matth.
1114 5876 1210 5914 xm
1237 5898 1254 5926 ,
1294 5854 1391 5915 58.
1460 5861 1481 5893 ⁹
1512 5858 1673 5915 Joan.
1714 5872 1808 5927 vn,
1848 5860 1902 5913 7.
1946 5856 2023 5932 _“
2051 5856 2080 5913 Δ

2189 5858 2241 5910 h.
2282 5871 2380 5924 xu,
2412 5856 2500 5910 δι.

2213 4978 2303 5015 τον
2332 4961 2425 5013 καὶ
2456 4958 2822 5016 ἀνεπίδεκτον,
2850 4957 2927 5019 ὡς
2972 4956 3001 5007 ὃ
3032 4955 3126 5007 νῦν
3164 4950 3511 5020 ἐξετάζομεν.
3569 4950 3659 5011 Ὦς
3686 4947 3787 5016 γὰρ

2213 5053 2472 5107 ἀδύνατον
2522 5046 2660 5103 εἶναι
2692 5049 2942 5119 λέγομεν,
2988 5044 3223 5117 πονηρὸν
3272 5037 3411 5095 εἶναι
3452 5039 3610 5102 Θεὸν,
3648 5039 3681 5108 ἢ
3718 5038 3785 5107 μὴ

2214 5140 2351 5196 εἶναι
2374 5160 2387 5173 ο
2419 5141 2575 5194 τοῦτο
2596 5139 2704 5211 γὰρ
2730 5139 3028 5208 ἀδυναμίας
3055 5136 3119 5190 ἂν
3145 5134 3229 5205 εἴη
3259 5132 3455 5204 μᾶλλον
3471 5130 3637 5192 Θεοῦ,
3654 5130 3785 5198 ᾗπερ

2213 5234 2493 5302 δυνάμεως
2512 5232 2576 5302 ’ἢ
2602 5231 2661 5283 τὸ
2687 5230 2760 5301 μὴ
2784 5228 2843 5282 ὃν
2864 5225 3023 5291 εἶναι,
3053 5228 3087 5298 ἢ
3117 5226 3186 5279 τά
3211 5226 3291 5288 δἰς
3314 5222 3406 5277 δύο
3432 5223 3528 5275 καὶ
3553 5220 3787 5288 τέσσαρα

2216 5319 2472 5375 εἶναικαὶ
2501 5321 2631 5375 δέκα
2676 5331 2688 5345 ·
2830 5318 3002 5381 οῦτως
3036 5315 3293 5370 ἀδύνατον
3337 5312 3431 5367 καὶ
3473 5309 3788 5381 ἀνεγχώρη-

2216 5433 2305 5469 τον
2341 5419 2512 5467 ποιεῖν
2545 5433 2595 5467 τι
2628 5413 2718 5465 τὸν
2746 5412 2894 5476 Υίὸν,
2923 5404 2998 5469 ὧν
3023 5411 3082 5462 ού
3120 5410 3261 5462 ποιεῖ
3292 5410 3319 5461 ό
3346 5407 3559 5476 Πατήρ.
3593 5402 3789 5456 Πάντα

2216 5508 2325 5578 γὰρ
2355 5508 2471 5559 ὅσα
2491 5506 2613 5575 ἔχει
2633 5508 2665 5559 d
2685 5504 2904 5573 Πατὴρ,
2939 5503 3045 5557 τοῦ
3081 5500 3216 5555 Υἱοῦ
3236 5498 3435 5552 ἐστιν’
3466 5496 3540 5558 ὡς
3558 5492 3789 5564 ἔμπαλιν

2217 5600 2285 5654 τὰ
2313 5599 2405 5657 τοῦ
2436 5598 2587 5661 Υίοῦ,
2615 5597 2708 5650 τοῦ
2740 5595 2973 5669 Πατρός.
3004 5594 3166 5647 Ούδὲν
3196 5587 3287 5644 οῦν
3319 5590 3467 5650 ῐδιον,
3493 5588 3578 5641 ὅτι
3609 5584 3788 5639 κοινά’

2221 5691 2344 5743 ἐπεὶ
2368 5692 2461 5743 καὶ
2487 5690 2619 5742 αὐτὸ
2660 5690 2719 5741 τὸ
2760 5684 2898 5742 εἶναι
2930 5687 3105 5740 κοινὸν
3153 5684 3247 5739 καὶ⁵
3294 5682 3579 5749 ὁμότιμον,
3612 5679 3662 5729 εἰ
3704 5672 3792 5727 καὶ

3029 5781 3048 5809 ⁸
3078 5779 3261 5834 Matth.
3292 5779 3453 5835 v.14.
3533 5778 3554 5806 ⁷
3593 5776 3781 5828 Matth.

2595 5855 2634 5885 ¹¹
2672 5850 2832 5907 Joan.
2865 5866 2948 5919 ιιι,
3015 5848 3067 5905 4.
3180 5852 3222 5881 ¹²
3259 5849 3456 5902 Matth.
3517 5861 3635 5912 sis,
3694 5845 3780 5899 ει.
