4100 6290
313 367 422 426 5.9.5

1307 379 1672 440 ΡᾹΝΟΡΗΑ
1715 383 2167 446 ΒΟΟΜΛΤΙΟΑ.
2212 409 2274 420 -·-
2310 385 2457 448 ΤΙΤ.
2490 389 2586 448 XL

3451 397 3552 452 εδδ

308 509 389 577 τῷ
420 508 532 578 ΥΞῷ
580 511 727 581 παρὰ
774 513 865 564 τοῦ
912 513 1139 583 Πατρός.
1185 515 1320 568 Καθ’
1352 517 1380 567 ὂ
1423 517 1514 568 καὶ
1548 517 1762 586 λέγεται
1794 537 1883 573 και

1981 519 2187 570 modum
2222 533 2410 572 rursus
2442 519 2642 581 omnia,
2674 531 2788 584 quae
2813 516 3001 582 Filius,
3035 515 3233 573 Patris.
3267 518 3548 589 Nihitergn

305 599 368 652 τό
392 619 405 631 ·
451 599 599 668 Ἐγὼ
624 600 697 660 (Et
718 603 938 656 διὰ-τὸν
962 605 1192 673 Πατέρα
1212 623 1224 636 ·
1279 609 1377 676 οὑχ
1409 607 1482 670 ὡς
1510 608 1718 662 ἐκεῖθεν
1738 611 1883 682 αὑτῷ

1981 610 2260 677 peculiare,
2293 611 2416 678 quia
2474 609 2780 663 communia
2839 611 3057 672 munia,
3113 613 3548 679 quandoquidem

305 691 402 743 τοῦ
427 691 550 762 ζῇν,
591 693 685 745 καὶ
719 695 814 747 τοῦ
847 691 986 748 εἶναι
1022 699 1400 768 συνεχομένου,
1441 700 1555 753 ἀλλ’
1581 701 1655 765 ὡς
1679 702 1886 756 ἐκεῖθεν

308 783 648 855 ὑπάρχοντος
699 786 942 857 ἀχρόνως
989 791 1083 843 καὶ
1129 790 1402 856 ἀναιτίως.
1458 793 1651 848 Βλέπει
1695 793 1750 846 δὲ
1795 794 1886 847 τὸν

309 878 530 949 Πατέρα
567 879 840 945 ποιοῦντα,
881 882 1012 947 πῶς,
1039 884 1134 936 καὶ
1181 883 1323 940 οὑτω
1368 889 1536 951 ποιεῖς
1590 882 1698 958 ἆρα
1737 886 1813 950 ὡς
1835 889 1882 939 οἱ

310 966 406 1028 τάς
436 967 650 1037 μορφὰς
671 969 992 1038 γράψοντες,
1025 973 1120 1026 καὶ
1147 972 1216 1026 τὰ
1247 975 1567 1045 γράμματα,
1596 975 1692 1028 διὰ
1717 976 1777 1028 τὸ
1809 976 1882 1046 μὴ

310 1054 451 1112 εἶναι
503 1061 599 1129 τῆς
642 1060 896 1131 ἀληθείας
940 1063 1114 1127 ἄλλως
1164 1065 1461 1134 ἐπιτυχεῖν,
1513 1069 1561 1120 εί
1623 1068 1697 1137 μὴ
1749 1067 1884 1138 πρὸς

313 1150 372 1201 τὸ
414 1149 720 1219 ἀρχέτυπον
767 1152 1081 1222 βλέποντας,
1134 1157 1388 1209 κάκεῖθεν
1440 1157 1885 1227 χειραγωγουμέ-

312 1250 432 1294 νους
467 1255 480 1304 ;
651 1236 759 1288 Καὶ
787 1236 902 1298 πῶς
937 1239 970 1306 ή
1019 1239 1183 1307 Σοφία
1227 1241 1396 1293 δεῖται
1422 1243 1512 1293 τοῦ
1540 1243 1875 1307 διδάξοντοςς

313 1325 344 1392 ἢ
372 1323 432 1374 οὑ
457 1325 669 1389 ποιήσει.
695 1343 748 1378 τι
785 1340 858 1398 μη
889 1327 1276 1400 διδασκομένη;
1305 1333 1454 1386 [Ιοιεῖ
1479 1334 1536 1386 δὲ
1568 1335 1684 1398 πῶς
1710 1337 1738 1388 ὁ
1772 1321 1881 1388 Πα-

245 1435 264 1452 σ
311 1417 436 1486 τὴρ,
465 1419 498 1487 ἢ
532 1418 860 1488 πεποίηκεν;
894 1417 1038 1492 Ἄρα
1067 1423 1222 1477 ἄλλον
1262 1427 1641 1497 προὺπέστησε
1680 1429 1884 1499 κόσμον

309 1509 433 1560 ἀντὶ
455 1509 548 1561 τοῦ
576 1510 861 1580 παρόντος,
908 1513 1002 1564 καὶ
1036 1514 1327 1586 ὑποστήσει
1351 1519 1441 1571 τὸν
1479 1519 1758 1588 μέλλοντα,
1789 1521 1883 1572 καὶ

315 1599 449 1666 πρὸς
488 1599 668 1652 ἐκεῖνα
704 1600 916 1670 βλέπων
943 1605 970 1656 ὁ
1013 1605 1158 1670 Υἱὸς,
1208 1607 1298 1659 τὸν
1345 1611 1444 1679 μὲν
1476 1610 1768 1681 ὑπέστησε,
1791 1612 1882 1663 τὸν

308 1688 368 1740 δὲ
402 1689 728 1760 ὑποστήσει;
763 1693 1036 1765 Τέσσαρες
1075 1693 1167 1748 οὖν
1219 1698 1414 1768 κόσμοι
1609 1701 1748 1754 κατά
1789 1703 1881 1754 τὸν

309 1781 469 1880 λόγον
494 1780 701 1880 τοῦτον,
741 1786 789 1836 οἱ
828 1785 924 1854 μὲν
971 1787 1200 1857 [ἰατρὸς.
1237 1790 1284 1840 οἱ
1327 1789 1382 1842 δὲ
1420 1789 1548 1843 Υἱοῦ
1579 1793 1876 1861 ποιήματα.
1909 1827 1950 1880 Β

312 1873 378 1924 Ὢ
403 1871 502 1941 τῆς
535 1873 796 1942 ἀλογίαςι
933 1881 940 1884 ”
985 1877 1253 1948 Καθαίρει
1293 1879 1349 1932 δὲ
1378 1879 1603 1950 λέπρας,
1637 1882 1730 1934 καὶ
1763 1882 1880 1935 δαι-

312 1963 510 2032 μόνων,
539 1965 633 2017 καὶ
665 1965 833 2017 νόσων
857 1965 1184 2022 ἀπαλλάττει
1228 2003 1243 2025 ,
1387 1971 1479 2022 καὶ
1511 1968 1764 2032 ζωοποιεῖ
1791 1988 1880 2023 νε-

310 2052 499 2123 κροὺς,
552 2053 646 2106 ναὶ
687 2053 826 2124 ὑπὲρ
869 2054 1142 2126 θαλάσσης
1171 2056 1363 2120 ὁδεύει,
1407 2058 1500 2112 καὶ
1538 2058 1706 2112 τᾶλλα
1740 2062 1881 2113 ποιεῖ

307 2143 412 2195 ὃσα
445 2143 764 2213 πεποίηκεν,
799 2145 890 2197 ἐπὶ
921 2145 1086 2209 τίνος,
1120 2147 1152 2216 ἢ
1187 2147 1314 2200 πότε
1350 2147 1442 2200 τοῦ
1471 2149 1686 2219 Πατρός
1712 2150 1882 2204 ταῦτα

308 2231 844 2302 προενεργήσαντος;
874 2235 944 2286 Ἦ
970 2234 1148 2302 δῆλον,
1181 2236 1390 2290 ὅτιτῶν
1427 2236 1604 2290 αὐτῶν
1626 2239 1880 2308 πραγμά-

307 2339 417 2375 των
454 2323 580 2385 τοὺς
611 2323 813 2387 τύπους
842 2326 1226 2396 ἐνσημαίνεται
1257 2327 1355 2396 μὲν
1393 2330 1422 2380 ὁ
1453 2327 1662 2398 Πατὴρ,
1699 2330 1880 2382 ἐπιτε-

308 2414 396 2466 λεῖ
417 2414 475 2467 δὲ
505 2416 534 2467 ό
570 2415 762 2483 Λόγος,
792 2417 853 2469 οὐ
881 2417 1163 2482 δουλικῶς,
1188 2418 1310 2472 οὑδὲ
1333 2418 1581 2488 ἀμαθῶς,
1619 2419 1732 2472 ἀλλ’
1757 2422 1871 2472 ὲηπι-

307 2505 652 2574 στημονικῶς
696 2524 756 2559 τε
807 2509 902 2560 καὶ
939 2491 1290 2574 δεσποτικῶς,
1319 2510 1412 2562 καὶ
1450 2510 1774 2581 οἰκειότερον
1802 2514 1878 2563 εἰ·
1908 2547 1914 2550 -

308 2601 455 2660 πεῖν,
486 2601 762 2671 πατρικῶς
779 2619 795 2665 ;
821 2601 976 2656 Οὕτω
1006 2603 1114 2674 γὰρ
1129 2603 1238 2671 ἐγὼ
1252 2603 1475 2674 δέχομαι
1497 2603 1577 2664 τὸ,
1597 2603 1744 2670 ἅπερ
1763 2603 1883 2656 ὑπὸ

307 2688 418 2740 τοῦ
446 2691 673 2758 Πατρός
704 2693 956 2760 γίνεται,
997 2694 1182 2747 ταῦτα
1217 2695 1314 2749 καὶ
1353 2695 1458 2748 τὸν
1497 2693 1632 2746 Υἱὸν
1664 2695 1880 2763 ὁμοίως

307 2780 504 2834 ποιεῖν
524 2798 539 2812 ·
570 2782 631 2834 οὐ
661 2783 799 2836 κατά
826 2783 923 2855 τὴν
954 2784 1061 2838 τῶν
1103 2785 1400 2856 γινομένων
1438 2785 1715 2856 ὁμοίωσιν,
1743 2785 1882 2838 ἀλλά

309 2871 450 2924 κατὰ
484 2872 584 2942 τὴν
758 2877 855 2945 τῆς
882 2874 1128 2942 ἐξουσίας
1156 2877 1443 2947 ὁμοτιμίαν
1463 2893 1475 2903 ·
1517 2879 1610 2931 καὶ
1637 2877 1794 2930 τοῦτο
1815 2877 1883 2930 ἂν

306 2963 392 3031 εῖη
417 2963 494 3025 τὸ,
518 2964 624 3027 ἕως
657 2965 780 3036 ἄρτι
807 2967 901 3020 καὶ
932 2967 1024 3020 τὸν
1051 2969 1269 3039 Πατέρα
1296 2967 1643 3038 ἐργάζεσθαι,
1675 2969 1770 3021 καὶ
1789 2969 1882 3020 τὸν

310 3051 435 3105 Υίὸν
456 3070 467 3080 ·
499 3055 559 3105 οὑ
595 3055 751 3124 μόνον
783 3056 858 3120 δὲ,
885 3057 1021 3110 ἀλλά
1053 3059 1144 3110 καὶ
1168 3059 1287 3128 τὴν,
1316 3052 1390 3111 ὧν
1534 3058 1830 3127 πεποίηκεν
1863 3096 1879 3121 ν

304 3144 618 3214 οἰκονομίαν
640 3149 814 3214 τεσκαὶ
840 3150 1184 3219 συντήρησιν,
1207 3149 1280 3212 ὡς
1303 3149 1452 3219 δηλοί
1479 3150 1558 3215 τὸ,
1589 3150 1878 3203 ποιεῖσθαι
1908 3178 1947 3231 C

306 3233 450 3299 τοὺς
466 3235 759 3306 ἀγγέλους
774 3240 958 3292 αὐτοῦ
983 3241 1306 3308 πνεύματα,
1330 3241 1444 3302 καὶ,
1464 3241 1880 3310 θεμελιοῦσθαι

306 3323 422 3390 τὴν
435 3325 552 3394 γῆν
567 3326 664 3380 ἐπὶ
679 3328 793 3396 τὴν
809 3329 1149 3397 ἀσφάλειαν
1167 3329 1358 3398 αὐτῆς
1378 3348 1391 3361 ’
1412 3331 1556 3394 ἅπαξ
1572 3331 1882 3402 ἡδρασμένα

305 3431 368 3465 τε
403 3415 498 3466 καὶ
525 3417 791 3486 γενόμενα
813 3435 826 3449 ο
862 3420 957 3471 καὶ
981 3418 1330 3489 στερεοῦσθαι
1371 3419 1614 3490 βροντὴν,
1643 3417 1735 3470 καί
1766 3419 1882 3472 κτί-

307 3503 498 3568 ξεσθαι
530 3508 763 3578 πνεῦμα,
795 3505 870 3563 ὧν
914 3509 1061 3574 ἅπαξ
1112 3511 1208 3580 μὲν
1256 3513 1284 3564 ὁ
1309 3511 1464 3578 λόγος
1499 3511 1727 3580 ὑπέστη,
1759 3528 1882 3563 συν-

1973 702 2148 770 ipsum
2178 717 2393 772 quoque
2416 717 2558 764 esse.
2591 717 2874 756 commune
2913 710 3076 769 atque
3106 703 3311 769 :Pqnalc
3335 715 3413 757 est
3452 704 3550 772 ipsi

1973 809 2094 849 cum
2131 795 2312 856 Patre,
2353 796 2478 850 licet
2507 794 2706 862 alioqui
2747 795 2845 847 hoc
2885 809 2912 843 ιι
2953 793 3107 846 Patre
3147 794 3548 849 Ftlittsltaltcat.

1975 888 2092 953 Quo
2117 889 2280 943 etiam
2311 902 2470 942 sensu
2501 887 2704 940 dictum
2736 895 2843 937 est:
2885 885 2992 956 Ego
3044 886 3152 938 rivo
3187 895 3400 953 propter
3443 889 3552 939 Pa-

1975 988 2105 1032 trem
2167 982 2339 1044 ';non
2371 979 2510 1048 quod
2544 980 2611 1030 ah
2645 978 2733 1029 illo
2758 979 2924 1044 ipsius
2982 980 3088 1032 vita
3129 989 3291 1046 atque
3314 979 3550 1031 es-u-ntia

1975 1072 2326 1131 Sustineatur,
2366 1087 2547 1124 verum
2576 1072 2715 1135 quod
2747 1086 2811 1123 ex
2847 1070 2934 1122 illo
2961 1072 3091 1122 citra
3142 1079 3351 1134 It-ntpns
3385 1069 3554 1121 ullum

1973 1171 2135 1228 atque
2163 1175 2384 1214 causam
2447 1161 2698 1214 exsistat.
2759 1159 2864 1212 Sed
2897 1159 3166 1229 quomodo
3227 1159 3352 1211 illud
3410 1158 3554 1212 acci-

1982 1246 2275 1312 piendum,
2314 1245 2455 1315 quod
2509 1245 2723 1298 Patrem
2781 1243 3062 1296 facientem
3105 1243 3284 1295 videre
3333 1243 3547 1305 dicitur,

1981 1347 2142 1408 atque
2200 1341 2272 1392 ita
2329 1338 2508 1393 facere
2557 1335 2620 1387 ’ἲν
2668 1350 2734 1387 an
2794 1343 2851 1386 nt
2878 1335 2966 1402 qui
3002 1334 3201 1388 formas
3249 1349 3312 1387 ac
3343 1332 3548 1387 litteras

1982 1431 2228 1498 pingunt,
2267 1443 2332 1484 eo
2359 1428 2500 1498 quod
2524 1428 2800 1479 veritatem
2824 1425 2982 1477 aliter
3011 1427 3226 1492 assequi
3258 1435 3545 1492 nequeant,

1984 1519 2085 1573 nisi
2136 1519 2414 1588 exemplar
2461 1533 2616 1570 suum
2670 1518 2998 1578 intueantur,
3033 1525 3192 1582 atque
3239 1514 3359 1566 imle
3407 1514 3551 1566 velut

1983 1626 2142 1663 manu
2169 1609 2469 1663 ducantur?
2500 1607 2599 1674 Qui
2625 1621 2754 1661 vero
2771 1606 3024 1674 quadrat,
3059 1613 3116 1656 ut
3141 1603 3414 1672 Sapientia
3435 1617 3550 1654 ma-

1979 1701 2146 1769 gistro
2192 1713 2324 1768 opus
2376 1698 2606 1753 habeat?
2678 1697 2880 1751 nihilne
2928 1695 3140 1760 elliciet,
3188 1693 3293 1747 nisi
3320 1693 3550 1747 educta?

1980 1787 2425 1859 Quid,1Paterne
2492 1785 2696 1855 aliquid
2761 1785 2910 1848 facit,
2985 1791 3080 1837 aut
3117 1782 3284 1837 fecit?
3353 1781 3541 1839 Utrum

1983 1879 2194 1934 tandem
2255 1876 2416 1929 alium
2506 1874 2759 1928 mundum
2828 1881 2952 1926 ante
3031 1873 3178 1925 hunc
3260 1882 3551 1935 coagmen-

1983 1967 2137 2031 tavit,
2176 1971 2341 2034 atque
2373 1962 2536 2016 alium
2574 1977 2763 2017 rursus
2791 1962 2844 2014 in
2876 1969 3154 2030 posterum
3204 1967 3550 2028 coagmenta-

1981 2058 2082 2118 bit,
2111 2069 2247 2124 quos
2273 2052 2441 2107 Filius
2464 2052 2568 2106 sibi
2596 2062 2722 2106 ante
2746 2050 2932 2107 oculos
2955 2063 3284 2128 proponens,
3317 2047 3547 2101 alterum

1980 2147 2196 2216 quidem
2216 2145 2323 2211 jam
2356 2142 2751 2210 procreaverit,
2781 2140 3009 2195 alterum
3031 2147 3208 2192 autem
3231 2147 3547 2208 procreatu-

1983 2249 2077 2291 rus
2110 2236 2218 2288 sit?
2251 2235 2497 2302 Quatuor
2523 2247 2653 2302 ergo
2684 2232 2784 2285 hac
2812 2231 3020 2284 ratione
3047 2229 3422 2292 mundiernnt,
3444 2232 3552 2283 duo

1979 2344 2008 2382 a
2041 2327 2220 2392 Patre,
2283 2328 2391 2382 duo
2431 2343 2460 2380 a
2517 2324 2655 2380 Filio
2721 2321 2938 2377 eil'ectii
2977 2319 3023 2375 Ο
3057 2321 3303 2390 supinam
3363 2335 3547 2374 vecor-

1980 2422 2160 2476 diam!
2193 2424 2325 2488 Age,
2365 2433 2488 2476 cum
2533 2418 2710 2487 lepras
2760 2422 2972 2484 purgat,
3017 2413 3288 2467 daemones
3319 2423 3374 2466 et
3400 2428 3545 2465 mor-

1983 2516 2081 2568 hos
2107 2513 2377 2581 proﬂigat,
2416 2517 2660 2565 mortuos
2688 2507 2754 2560 ad
2801 2507 2961 2558 vitam
3010 2514 3248 2567 revocat,
3281 2520 3428 2558 mare
3459 2521 3552 2573 pe-

1984 2606 2142 2658 dibus
2171 2609 2454 2673 peragrat,
2515 2599 2730 2667 aliaque
2759 2598 2940 2650 omnia
2996 2594 3144 2658 facit,
3195 2595 3247 2647 in
3280 2610 3388 2664 quo
3426 2605 3548 2648 tan-

1985 2696 2126 2758 dem,
2157 2703 2246 2748 aut
2270 2693 2484 2762 quando
2518 2691 2679 2744 Pater
2713 2690 2826 2743 haec
2851 2697 2975 2742 ante
3004 2685 3170 2741 fecit?
3209 2686 3394 2740 Nonne
3431 2702 3550 2755 per.

1988 2787 2234 2856 spicuum
2267 2794 2374 2849 est,
2399 2784 2718 2838 earumdem
2749 2794 2926 2834 rerum
2954 2779 3155 2833 formas
3183 2791 3212 2830 a
3243 2776 3397 2830 Patre
3424 2777 3548 2845 qui-

1984 2883 2106 2932 dem
2140 2876 2281 2933 velut
2311 2874 2602 2944 designari,
2636 2888 2664 2926 a
2695 2870 2831 2925 Filio
2872 2880 3050 2924 autem
3079 2869 3282 2938 peragi,
3313 2883 3417 2923 non
3434 2885 3550 2923 ser-

1985 2971 2164 3023 viliter
2195 2981 2357 3036 atque
2389 2967 2624 3030 indocte,
2654 2965 2747 3018 sed
2777 2964 2948 3031 perite
2977 2972 3030 3017 et
3063 2961 3329 3025 heriliter,
3362 2971 3545 3029 atque.

1987 3069 2042 3112 ut
2071 3058 2248 3127 aptius
2275 3057 2484 3124 loquar,
2520 3055 2790 3122 paterno?
2831 3051 2886 3104 ln
2920 3053 3063 3106 hunc
3106 3051 3302 3120 quippe
3329 3066 3545 3105 sensum

1986 3149 2145 3201 verba
2178 3148 2290 3200 hate
2321 3145 2528 3213 accipio
2556 3163 2568 3198 :
2608 3143 2939 3208 Quicumque
2983 3141 3142 3194 Pater
3174 3141 3324 3208 facit,
3366 3139 3548 3192 eadem

1980 3246 2027 3289 et
2053 3233 2226 3286 Filius
2251 3233 2493 3286 similiter
2509 3232 2640 3296 facit
2695 3233 2745 3295 ³;
2772 3245 2876 3285 non
2901 3229 3042 3298 quod
3061 3229 3251 3284 similia
3272 3229 3376 3282 sint
3411 3229 3545 3279 utri-

1980 3340 2152 3394 usque
2175 3339 2362 3389 opera,
2398 3322 2490 3376 sed
2524 3323 2666 3389 quod
2722 3335 2817 3389 par
2877 3321 2948 3374 sit
3000 3320 3282 3388 utriusque
3309 3327 3547 3386 potestas

1979 3429 2144 3486 atque
2173 3417 2504 3479 auctoritas;
2562 3420 2726 3480 atque
2769 3413 2872 3466 hoc
2929 3412 3160 3466 fortasse
3210 3425 3332 3464 esse
3360 3421 3544 3476 queat,

1980 3509 2122 3577 quod
2150 3518 2216 3561 ἐι
2251 3507 2408 3560 Pater
2445 3518 2613 3572 usque
2641 3503 2800 3557 modo
2831 3505 3039 3571 operari
3093 3502 3306 3566 dicitur,
3357 3509 3411 3555 et
3459 3501 3546 3553 Fi-

1983 3603 2084 3655 lius
2139 3602 2200 3664 ⁶;
2231 3614 2333 3652 ηοιι
2361 3609 2541 3651 autem
2576 3597 2675 3650 hoc
2707 3597 2970 3650 duntaxat
3002 3595 3236 3658 nomine,
3267 3595 3359 3648 sed
3379 3594 3542 3647 etiam

307 3599 438 3668 εχὴς
467 3599 524 3653 δὲ
550 3602 641 3654 καὶ
666 3601 758 3654 νῦν
797 3605 830 3673 ἡ
862 3605 1123 3675 ἐνέργεια.

321 3694 531 3745 ratione
565 3694 969 3759 gubernationis
994 3706 1048 3748 et
1071 3696 1496 3748 conservationis
1520 3711 1726 3759 eorum,
1751 3711 1870 3764 qua:
1911 3695 2048 3748 facta
2078 3699 2225 3752 sunt,
2285 3698 2342 3743 ut
2393 3691 2600 3743 indicat
2629 3688 2798 3742 illud:
2839 3689 2942 3751 Qui
2991 3687 3114 3754 facit
3161 3687 3371 3755 angelos
3423 3701 3546 3737 suos

307 3785 527 3852 spiritus
576 3786 630 3850 5;
665 3795 741 3848 et,
783 3784 883 3850 Qui
933 3786 1120 3853 [undat
1172 3796 1364 3839 terram
1403 3802 1558 3852 super
1605 3787 1941 3840 stabilitatem
2005 3785 2052 3835 ‘z
2120 3796 2240 3834 cum
2299 3780 2463 3834 semel
2531 3791 2582 3832 et
2626 3780 2739 3833 haec
2818 3779 3026 3831 ﬁrmata
3081 3786 3242 3843 atque
3293 3776 3527 3830 stabilita

310 3877 407 3939 sit,
443 3889 496 3932 et
527 3877 599 3931 illi
628 3877 919 3946 procreati.
953 3877 1069 3942 Ouo
1092 3877 1254 3931 etiam
1301 3878 1571 3944 pertinet:
1637 3879 1780 3944 quod
1851 3876 2067 3928 lit-mare
2125 3872 2326 3925 tonitru
2389 3869 2590 3923 dicitur
2635 3871 2678 3933 ⁷,
2709 3879 2763 3923 et
2815 3880 3028 3922 ventum
3060 3883 3249 3923 creare
3317 3869 3372 3920 3:
3411 3883 3546 3935 quo-

312 3981 432 4020 rum
459 3968 571 4034 ipsa
599 3965 813 4033 quidem
839 3966 980 4020 ratio
1013 3967 1180 4021 semel
1209 3969 1422 4021 condita
1471 3976 1577 4032 est,
1624 3975 1874 4021 cauterqu
1918 3980 2057 4018 nunc
2083 3976 2296 4031 quoque
2318 3969 2574 4029 perpetua
2615 3961 2697 4012 vis
2726 3970 2809 4013 εει
2843 3974 2905 4012 ac
2939 3958 3191 4012 facultas.

518 4056 780 4126 Ἔϐδομον
831 4057 1072 4124 λεγέσθω
1106 4059 1167 4110 τὸ
1206 4058 1637 4128 καταῦεὸηκέναι
1683 4059 1746 4110 ἐκ
1787 4056 1880 4109 τοῦ

306 4143 538 4214 οὐρανοῦ
570 4144 659 4196 τὸν
693 4145 840 4207 Υίὺν,
874 4145 972 4213 οὐχ
1014 4145 1101 4198 ἵνα
1141 4148 1265 4215 ποιῇ
1309 4145 1370 4197 τὸ
1402 4145 1610 4214 θέλημα
1653 4145 1714 4197 τὸ
1756 4146 1882 4198 ἐαυ-

305 4231 426 4296 τοῦ,
463 4231 597 4284 ἀλλὰ
637 4234 697 4285 τὸ
738 4232 833 4284 τοῦ
1027 4233 1358 4304 πέμψαντος.
1411 4235 1471 4286 Εί
1519 4236 1618 4304 μὲν
1665 4233 1758 4288 οὖν
1807 4235 1880 4305 μὴ

308 4323 465 4392 παρά
488 4322 581 4375 τοῦ
616 4322 1038 4394 κατεληλυθότος
1067 4323 1230 4376 αὑτοῦ
1261 4323 1430 4376 ταῦτα
1462 4325 1698 4392 ἐλέγετο.
1735 4325 1880 4377 εἴπο-

312 4432 413 4485 μεν
442 4414 506 4466 ἂν
535 4415 608 4476 ὼς
633 4415 782 4486 παρά
811 4416 903 4467 τοῦ
939 4414 1224 4485 ἀνθρώπου
1265 4415 1566 4468 τυποῦσθαι
1587 4416 1677 4468 τὸν
1701 4415 1876 4483 λόγον,

2203 4053 2504 4123 Septimum
2537 4051 2884 4119 proferatur,-
2921 4051 3062 4117 quod
3108 4049 3274 4105 Filius
3319 4066 3350 4106 e
3410 4056 3545 4108 caelo

1985 4147 2329 4201 descendisse
2359 4145 2579 4207 dicitur,
2622 4158 2725 4196 non
2754 4151 2812 4196 ut
2835 4143 3166 4197 voluntatem
3392 4160 3544 4198 suam

1983 4238 2163 4301 l'aciat,
2195 4233 2436 4303 sedcjus
2495 4250 2524 4285 a
2565 4248 2672 4300 quo
2733 4231 2930 4286 missus
2957 4239 3040 4286 est
3093 4232 3133 4284 '.
3181 4232 3325 4287 Sane
3350 4235 3450 4288 nisi
3479 4244 3547 4289 ah

1982 4327 2071 4380 illo
2099 4326 2234 4394 ipso,
2263 4325 2354 4394 qni
2379 4325 2672 4387 descendit,
2709 4324 2795 4376 hic
2819 4338 2996 4378 sermo
3026 4323 3336 4390 haberetur,
3363 4327 3548 4380 dicere

1980 4429 2277 4484 possemus,
2313 4416 2425 4468 haec
2457 4412 2618 4466 verba
2655 4412 2798 4466 velut
2831 4415 2898 4464 ah
2931 4413 3149 4467 homine
3170 4415 3545 4483 expritni,non

307 4506 370 4556 οὐ
412 4503 502 4556 τοῦ
531 4507 672 4557 κατά
711 4505 799 4556 τὸν
832 4505 1058 4573 Σωτῆρα
1082 4507 1368 4574 νοουμένου
1401 4505 1494 4574 (τὸ
1522 4505 1630 4576 γὰρ
1671 4506 1878 4557 ἐκείνου

1996 4507 2084 4572 ιιιιί
2117 4507 2181 4558 de
2215 4505 2492 4558 Salvatore
2524 4503 2854 4572 intelligatur
2889 4503 3054 4571 (illius
3097 4504 3240 4556 enim
3272 4505 3545 4570 voluntas,

310 4594 485 4647 θέλειν
515 4593 634 4646 οὐδὲ
671 4593 983 4646 ὑπεναντίον
1012 4593 1150 4663 Θεῷ,
1188 4595 1384 4647 θεωθὲν
1425 4594 1564 4664 ὅλον)
1612 4594 1747 4647 ἀλλά
1784 4594 1877 4647 τοῦ

309 4684 433 4738 καθ’
461 4686 624 4756 ἡμᾶς,
671 4685 746 4748 ὼς
797 4684 1276 4755 τοῦ⁸ἀνθρωπίνου
1472 4686 1770 4756 θελήματος
1815 4687 1876 4738 οὐ

307 4775 526 4838 πάντως
580 4775 842 4846 ἑπομένου
881 4776 957 4846 τῷ
999 4777 1146 4846 θείῳ,
1192 4777 1305 4830 ἀλλ’
1339 4777 1768 4842 ἀντιπίπτοντος,
1803 4780 1878 4842 ὼς

306 4867 378 4919 τὰ
409 4866 595 4929 πολλὰ,
628 4868 720 4920 καὶ
750 4868 1208 4930 ἁντιπαλαίοντος.
1239 4869 1346 4921 Καὶ
1369 4869 1476 4940 γὰρ
1511 4871 1686 4923 ἐκεῖνο
1707 4869 1877 4932 οὑτως

306 4957 609 5025 ἑνοήσαμεν
645 4957 704 5009 τό
728 4974 740 4986 ·
771 4957 1072 5025 Πάτερκει
1103 4957 1350 5012 δυνατὸν
1369 4999 1382 5019 ,
1411 4957 1745 5026 παρελθέτω
1775 4959 1874 5012 ἀπ’

303 5044 456 5113 ἐμοῦ
481 5044 544 5097 τὸ
574 5045 860 5114 ποτήριον
890 5046 1066 5100 τοῦτο
1087 5062 1098 5074 ·
1129 5045 1296 5113 πλὴν
1335 5048 1447 5114 οὺχ
1486 5045 1517 5098 ὃ
1549 5045 1664 5115 ἐγὼ
1701 5047 1873 5109 θέλω,

304 5135 472 5190 ἀλλὰ
504 5137 568 5190 τὸ
599 5138 714 5191 σὺν
735 5138 991 5206 ὶσχυέτω
1015 5137 1258 5206 θέλημα.
1297 5136 1433 5190 Οὔτε
1471 5138 1598 5208 γὰρ,
1637 5141 1686 5190 εἰ
1720 5139 1869 5192 δυνα-

302 5227 422 5290 τὸν,
451 5229 484 5298 ἢ
519 5229 618 5299 μὴ,
655 5229 815 5282 τοῦτο
851 5230 1064 5298 ἀγνοεῖν
1095 5231 1298 5282 ἐκεῖνον
1330 5229 1495 5292 εἰκὸς,
1531 5229 1652 5283 οὔτε
1681 5231 1758 5300 τῷ
1787 5231 1873 5283 θε-

302 5320 509 5389 λήματι
554 5321 925 5390 ἀντεισφέρειν
969 5321 1028 5372 τὸ
1067 5321 1295 5390 θέλημα.
1347 5320 1498 5372 Ἐπεὶ
1537 5321 1591 5374 δὲ
1616 5357 1632 5382 ,
1800 5323 1874 5386 ὡς

305 5409 460 5478 παρὰ
489 5407 581 5460 τοῦ
613 5409 1007 5480 προσλαϐόντος
1038 5411 1065 5461 ὁ
1091 5408 1245 5476 λόγος
1285 5408 1462 5473 (τοῦτο
1495 5405 1604 5478 γάρ
1652 5407 1712 5459 τὸ
1746 5425 1874 5459 κατ-

301 5499 602 5568 εληλυθὸς),
614 5501 674 5552 οὑ
691 5499 782 5552 τοῦ
800 5499 1001 5570 προσλή
1011 5515 1237 5568 μματος,
1253 5497 1422 5561 οὕτως
1435 5498 1873 5568 ἁπαπησόμεθω

301 5590 404 5658 οὑχ
435 5589 508 5654 ὡς
540 5591 690 5655 ὄντος
744 5591 873 5643 ἰδίου
921 5589 1014 5642 τοῦ
1069 5588 1196 5642 Υίοῦ
1398 5587 1698 5659 θελήματος
1727 5589 1876 5660 παρὰ

1979 4613 2100 4650 ειιιιι
2137 4606 2245 4649 tota
2281 4596 2532 4649 deilicata
2556 4596 2646 4656 sit,
2692 4595 2800 4647 Deo
2829 4596 3015 4662 procul
3039 4595 3201 4650 dubio
3222 4611 3326 4650 non
3355 4601 3548 4652 adver-

1979 4686 2182 4756 satur);
2222 4688 2313 4740 sed
2375 4685 2465 4755 qui
2527 4694 2723 4739 nostrze
2790 4685 3118 4739 conditionis
3161 4686 3250 4739 sit.
3299 4686 3544 4741 Humana

1977 4780 2174 4846 quippe
2196 4777 2440 4830 voluntas
2474 4775 2708 4828 divinam
2737 4790 2842 4828 non
2873 4776 3132 4830 centintto
3159 4777 3426 4844 sequitur,
3451 4795 3513 4829 ve
3531 4807 3544 4815 -

1981 4885 2094 4921 rnm
2114 4877 2167 4920 ut
2186 4866 2468 4935 plurimum
2486 4867 2532 4920 ei
2550 4866 2745 4920 resistit
2760 4876 2921 4934 atque
2932 4866 3394 4920 obluctatur.Nam
3414 4869 3543 4923 illud

1984 4974 2201 5026 quoque
2233 4959 2424 5012 eodem
2453 4956 2613 5010 modo
2637 4954 3026 5022 intelligimus:
3066 4955 3252 5022 Pater,
3292 4960 3337 5012 si
3370 4963 3543 5028 possi-

1978 5052 2080 5104 bile
2117 5062 2212 5112 ρει,
2241 5059 2474 5102 transeat
2513 5065 2544 5100 a
2569 5062 2650 5098 me
2694 5046 2835 5100 calix
2885 5049 3016 5110 iste;
3062 5061 3408 5106 verumtamen
3442 5070 3544 5107 non

1977 5158 2112 5206 mea,
2145 5144 2232 5192 sed
2265 5151 2355 5192 tua
2389 5137 2628 5192 voluntas
2657 5139 2826 5192 uincat
2859 5139 2922 5192 ‘°.
2965 5139 3146 5209 Neque
3171 5143 3315 5196 enim
3366 5147 3544 5211 possi-

1985 5232 2090 5284 bile
2125 5240 2288 5291 esset,
2323 5242 2492 5282 necne
2541 5229 2715 5295 ipsnnt
2769 5229 3046 5295 ignorasse
3097 5232 3391 5286 verisimile
3438 5247 3541 5296 est,

1987 5335 2082 5372 nec
2109 5317 2369 5370 volun-tati
2409 5315 2734 5370 voluntatem
2761 5319 3094 5386 opposuisse.
3147 5318 3252 5376 Sed
3289 5322 3542 5388 quoniam

1985 5411 2158 5478 partis
2183 5409 2346 5472 illius,
2372 5422 2491 5476 qua:
2539 5409 2832 5474 assumpsit
2885 5408 3009 5477 (hoc
3057 5411 3202 5463 enim
3243 5420 3346 5473 est,
3400 5413 3544 5478 quod
3590 5408 3594 5412 ’

1980 5500 2303 5567 descendit),
2338 5487 2442 5552 nou
2473 5508 2650 5551 autem
2680 5499 2851 5568 partis
2880 5510 3186 5568 assnntptte,
3242 5501 3327 5556 hic
3358 5517 3542 5555 sermo

1990 5599 2096 5654 est,
2131 5591 2196 5643 ad
2240 5592 2381 5646 hunc
2412 5594 2624 5647 modum
2659 5594 3094 5662 respondebimus
3128 5610 3140 5646 :
3183 5595 3295 5649 hmc
3334 5611 3437 5650 non
3471 5598 3545 5651 ita

300 5759 331 5794 ⁸
369 5691 590 5794 A‘Joan.
618 5711 689 5752 vr.
716 5695 808 5749 58.
881 5696 900 5725 '
929 5694 1083 5750 Joan.
1120 5711 1171 5756 ν,
1201 5695 1287 5750 19.
1364 5697 1386 5728 ³
1414 5697 1550 5752 lhid.
1582 5697 1672 5751 33.
1747 5697 1768 5727 ⁸
1800 5695 1874 5748 ibi

417 5779 526 5794 an“.
574 5782 620 5794 ..ν
683 5766 745 5794 I‘Z
845 5765 865 5794 I
905 5765 1026 5794 Im...
1087 5780 1136 5794 ιη
1192 5766 1258 5794 ’ΧΩ
1360 5767 1402 5794 ιιι
1435 5765 1600 5794 “non.
1662 5782 1782 5794 νυ...
1840 5769 1883 5794 -ιι

1981 5698 2052 5751 tt.
2131 5699 2152 5729 υ
2186 5697 2326 5751 Psal.
2372 5663 2573 5758 cm,‘t.
2643 5698 2661 5728 ο
2695 5697 2830 5753 ibid.
2861 5696 2914 5750 5.
2996 5697 3014 5727 τ
3049 5696 3148 5750 Job
3196 5711 3423 5758 ΧςιιἹιι,
3456 5695 3549 5754 25.

363 5761 530 5817 Amos
574 5782 643 5820 tv.
683 5766 768 5818 15.
845 5765 865 5794 ⁹
895 5765 1048 5818 Juan.
1087 5780 1160 5825 γι,
1191 5766 1280 5819 5R.
1360 5767 1402 5797 ¹⁰
1434 5765 1623 5820 Matth.
1662 5782 1806 5830 XXVI,
1840 5769 1928 5821 39.

623 5861 889 5918 ΡΑΤιιοι..
939 5861 1052 5919 Gn.
1093 5859 1346 5918 CXXX.

3128 5865 3198 5923 19
