  <div class='ocr_page' id='page_1' title='image "/cluster/home/n/w/nwhite01/storage/ocr_20150623/130/mdp.39015078384255/303.png"; bbox 0 0 4026 6290; ppageno 0'>
   <div class='ocr_carea' id='block_1_1' title="bbox 516 357 615 424">
    <p class='ocr_par' dir='ltr' id='par_1_1' title="bbox 516 357 615 424">
     <span class='ocr_line' id='line_1_1' title="bbox 516 357 615 424; baseline 0.02 -2"><span class='ocrx_word' id='word_1_1' title='bbox 516 357 615 424; x_wconf 76' lang='lat'><strong>591</strong></span> 
     </span>
    </p>
   </div>
   <div class='ocr_carea' id='block_1_2' title="bbox 1772 364 2569 427">
    <p class='ocr_par' dir='ltr' id='par_1_2' title="bbox 1772 364 2569 427">
     <span class='ocr_line' id='line_1_2' title="bbox 1772 364 2569 427; baseline 0.004 -3"><span class='ocrx_word' id='word_1_2' title='bbox 1772 364 2156 426; x_wconf 76' lang='lat' dir='ltr'><strong>EUTHYMII</strong></span> <span class='ocrx_word' id='word_1_3' title='bbox 2201 366 2569 427; x_wconf 68' lang='lat' dir='ltr'><strong>ZIGABENI</strong></span> 
     </span>
    </p>
   </div>
   <div class='ocr_carea' id='block_1_3' title="bbox 3653 373 3743 439">
    <p class='ocr_par' dir='ltr' id='par_1_3' title="bbox 3653 373 3743 439">
     <span class='ocr_line' id='line_1_3' title="bbox 3653 373 3743 439; baseline 0.056 -5"><span class='ocrx_word' id='word_1_4' title='bbox 3653 373 3743 439; x_wconf 69' lang='lat'><strong>599.</strong></span> 
     </span>
    </p>
   </div>
   <div class='ocr_carea' id='block_1_4' title="bbox 518 499 2112 580">
    <p class='ocr_par' dir='ltr' id='par_1_4' title="bbox 518 499 2100 570">
     <span class='ocr_line' id='line_1_4' title="bbox 518 499 2100 570; baseline 0.003 -19"><span class='ocrx_word' id='word_1_5' title='bbox 518 502 747 552; x_wconf 58' lang='lat' dir='ltr'><strong>at-ttt&#39;nlo</strong></span> <span class='ocrx_word' id='word_1_6' title='bbox 809 507 954 562; x_wconf 89' lang='lat' dir='ltr'><strong>sunt,</strong></span> <span class='ocrx_word' id='word_1_7' title='bbox 1022 501 1365 552; x_wconf 74' lang='lat' dir='ltr'><strong>exactissime</strong></span> <span class='ocrx_word' id='word_1_8' title='bbox 1396 499 1553 566; x_wconf 84' lang='lat' dir='ltr'><strong>scire,</strong></span> <span class='ocrx_word' id='word_1_9' title='bbox 1601 500 1770 570; x_wconf 87' lang='lat' dir='ltr'><strong>ipsam</strong></span> <span class='ocrx_word' id='word_1_10' title='bbox 1797 507 1978 554; x_wconf 87' lang='lat' dir='ltr'><strong>autem</strong></span> <span class='ocrx_word' id='word_1_11' title='bbox 2003 500 2100 555; x_wconf 84' lang='lat' dir='ltr'><strong>ho-</strong></span> 
     </span>
    </p>
   </div>
   <div class='ocr_carea' id='block_1_5' title="bbox 2214 499 3746 580">
    <p class='ocr_par' dir='ltr' id='par_1_5' title="bbox 2214 502 3746 580">
     <span class='ocr_line' id='line_1_5' title="bbox 2214 502 3746 580; baseline 0.011 -31"><span class='ocrx_word' id='word_1_12' title='bbox 2214 505 2264 557; x_wconf 69' lang='grc' dir='ltr'><strong>τὰ</strong></span> <span class='ocrx_word' id='word_1_13' title='bbox 2292 504 2390 574; x_wconf 79' lang='grc' dir='ltr'>μὲν</span> <span class='ocrx_word' id='word_1_14' title='bbox 2429 503 2535 575; x_wconf 69' lang='grc' dir='ltr'>πρὸ</span> <span class='ocrx_word' id='word_1_15' title='bbox 2562 503 2655 556; x_wconf 77' lang='grc' dir='ltr'>τοῦ</span> <span class='ocrx_word' id='word_1_16' title='bbox 2699 503 2912 574; x_wconf 75' lang='grc' dir='ltr'><strong>τείχους</strong></span> <span class='ocrx_word' id='word_1_17' title='bbox 2957 502 3200 575; x_wconf 76' lang='grc' dir='ltr'>ἀκριϐῶς</span> <span class='ocrx_word' id='word_1_18' title='bbox 3255 504 3566 562; x_wconf 74' lang='grc' dir='ltr'>ἐπίστασθαι</span> <span class='ocrx_word' id='word_1_19' title='bbox 3596 511 3746 580; x_wconf 81' lang='grc' dir='ltr'>λέγοι,</span> 
     </span>
    </p>
   </div>
   <div class='ocr_carea' id='block_1_6' title="bbox 522 591 2096 661">
    <p class='ocr_par' dir='ltr' id='par_1_6' title="bbox 522 591 2096 661">
     <span class='ocr_line' id='line_1_6' title="bbox 522 591 2096 661; baseline 0.002 -17"><span class='ocrx_word' id='word_1_20' title='bbox 522 606 638 644; x_wconf 89' lang='lat' dir='ltr'><strong>ram</strong></span> <span class='ocrx_word' id='word_1_21' title='bbox 676 591 965 660; x_wconf 83' lang='lat' dir='ltr'><strong>ignorare?</strong></span> <span class='ocrx_word' id='word_1_22' title='bbox 988 591 1284 660; x_wconf 64' lang='lat' dir='ltr'><strong>Ainigmati</strong></span> <span class='ocrx_word' id='word_1_23' title='bbox 1312 591 1508 661; x_wconf 84' lang='lat' dir='ltr'><strong>quippe</strong></span> <span class='ocrx_word' id='word_1_24' title='bbox 1525 606 1610 646; x_wconf 87' lang='lat' dir='ltr'><strong>rcs</strong></span> <span class='ocrx_word' id='word_1_25' title='bbox 1639 593 1752 647; x_wconf 69' lang='lat' dir='ltr'><strong>haec</strong></span> <span class='ocrx_word' id='word_1_26' title='bbox 1774 594 1969 648; x_wconf 84' lang='lat' dir='ltr'><strong>similis</strong></span> <span class='ocrx_word' id='word_1_27' title='bbox 1995 605 2096 648; x_wconf 84' lang='lat' dir='ltr'><strong>est:</strong></span> 
     </span>
    </p>
   </div>
   <div class='ocr_carea' id='block_1_7' title="bbox 517 682 2084 754">
    <p class='ocr_par' dir='ltr' id='par_1_7' title="bbox 517 682 2084 754">
     <span class='ocr_line' id='line_1_7' title="bbox 517 682 2084 754; baseline 0.001 -16"><span class='ocrx_word' id='word_1_28' title='bbox 517 684 739 754; x_wconf 77' lang='lat' dir='ltr'><strong>perinde</strong></span> <span class='ocrx_word' id='word_1_29' title='bbox 791 683 1038 737; x_wconf 78' lang='lat' dir='ltr'><strong>videlicet</strong></span> <span class='ocrx_word' id='word_1_30' title='bbox 1075 697 1138 738; x_wconf 84' lang='lat' dir='ltr'><strong>ac</strong></span> <span class='ocrx_word' id='word_1_31' title='bbox 1161 683 1204 737; x_wconf 91' lang='lat' dir='ltr'><strong>si</strong></span> <span class='ocrx_word' id='word_1_32' title='bbox 1266 682 1390 752; x_wconf 85' lang='lat' dir='ltr'><strong>quis</strong></span> <span class='ocrx_word' id='word_1_33' title='bbox 1433 699 1518 748; x_wconf 88' lang='lat' dir='ltr'><strong>ea,</strong></span> <span class='ocrx_word' id='word_1_34' title='bbox 1569 700 1690 754; x_wconf 78' lang='lat' dir='ltr'><strong>quze</strong></span> <span class='ocrx_word' id='word_1_35' title='bbox 1716 695 1840 740; x_wconf 90' lang='lat' dir='ltr'><strong>ante</strong></span> <span class='ocrx_word' id='word_1_36' title='bbox 1869 701 2084 740; x_wconf 78' lang='lat' dir='ltr'><strong>murum</strong></span> 
     </span>
    </p>
   </div>
   <div class='ocr_carea' id='block_1_8' title="bbox 517 773 2098 841">
    <p class='ocr_par' dir='ltr' id='par_1_8' title="bbox 517 773 2098 841">
     <span class='ocr_line' id='line_1_8' title="bbox 517 773 2098 841; baseline -0.001 -12"><span class='ocrx_word' id='word_1_37' title='bbox 517 775 1003 838; x_wconf 88' lang='lat' dir='ltr'><strong>sunt,certissime</strong></span> <span class='ocrx_word' id='word_1_38' title='bbox 1050 790 1110 828; x_wconf 91' lang='lat' dir='ltr'><strong>sc</strong></span> <span class='ocrx_word' id='word_1_39' title='bbox 1169 789 1334 830; x_wconf 86' lang='lat' dir='ltr'><strong>nosse</strong></span> <span class='ocrx_word' id='word_1_40' title='bbox 1381 773 1632 841; x_wconf 82' lang='lat' dir='ltr'><strong>allirmet,</strong></span> <span class='ocrx_word' id='word_1_41' title='bbox 1666 792 1877 829; x_wconf 89' lang='lat' dir='ltr'><strong>murum</strong></span> <span class='ocrx_word' id='word_1_42' title='bbox 1919 788 2098 830; x_wconf 83' lang='lat' dir='ltr'><strong>autem</strong></span> 
     </span>
    </p>
   </div>
   <div class='ocr_carea' id='block_1_9' title="bbox 519 866 2102 940">
    <p class='ocr_par' dir='ltr' id='par_1_9' title="bbox 519 866 2102 940">
     <span class='ocr_line' id='line_1_9' title="bbox 519 866 2102 940; baseline 0.004 -22"><span class='ocrx_word' id='word_1_43' title='bbox 519 867 697 934; x_wconf 75' lang='lat' dir='ltr'><strong>ipsum</strong></span> <span class='ocrx_word' id='word_1_44' title='bbox 754 867 1004 936; x_wconf 85' lang='lat' dir='ltr'><strong>ignorare</strong></span> <span class='ocrx_word' id='word_1_45' title='bbox 1049 883 1107 920; x_wconf 89' lang='lat' dir='ltr'><strong>se</strong></span> <span class='ocrx_word' id='word_1_46' title='bbox 1145 866 1379 922; x_wconf 81' lang='lat' dir='ltr'><strong>fateatur</strong></span> <span class='ocrx_word' id='word_1_47' title='bbox 1414 885 1427 921; x_wconf 91' lang='lat'>:</span> <span class='ocrx_word' id='word_1_48' title='bbox 1465 877 1556 922; x_wconf 91' lang='lat' dir='ltr'><strong>aut</strong></span> <span class='ocrx_word' id='word_1_49' title='bbox 1588 868 1691 922; x_wconf 93' lang='lat' dir='ltr'><strong>dici</strong></span> <span class='ocrx_word' id='word_1_50' title='bbox 1730 868 1888 924; x_wconf 88' lang='lat' dir='ltr'><strong>linem</strong></span> <span class='ocrx_word' id='word_1_51' title='bbox 1932 871 2102 940; x_wconf 91' lang='lat' dir='ltr'><strong>probe</strong></span> 
     </span>
    </p>
   </div>
   <div class='ocr_carea' id='block_1_10' title="bbox 517 957 2100 1031">
    <p class='ocr_par' dir='ltr' id='par_1_10' title="bbox 517 957 2100 1031">
     <span class='ocr_line' id='line_1_10' title="bbox 517 957 2100 1031; baseline 0.003 -21"><span class='ocrx_word' id='word_1_52' title='bbox 517 957 716 1024; x_wconf 89' lang='lat' dir='ltr'><strong>sciens,</strong></span> <span class='ocrx_word' id='word_1_53' title='bbox 748 958 923 1014; x_wconf 84' lang='lat' dir='ltr'><strong>noctis</strong></span> <span class='ocrx_word' id='word_1_54' title='bbox 967 959 1294 1028; x_wconf 85' lang='lat' dir='ltr'><strong>principium</strong></span> <span class='ocrx_word' id='word_1_55' title='bbox 1355 958 1578 1013; x_wconf 90' lang='lat' dir='ltr'><strong>minimc</strong></span> <span class='ocrx_word' id='word_1_56' title='bbox 1631 970 1918 1031; x_wconf 78' lang='lat' dir='ltr'><strong>t-oguoscat</strong></span> <span class='ocrx_word' id='word_1_57' title='bbox 1957 979 1970 1014; x_wconf 90' lang='lat'><strong>:</strong></span> <span class='ocrx_word' id='word_1_58' title='bbox 2012 960 2100 1015; x_wconf 92' lang='lat' dir='ltr'><strong>ubi</strong></span> 
     </span>
    </p>
   </div>
   <div class='ocr_carea' id='block_1_11' title="bbox 522 1049 2099 1120">
    <p class='ocr_par' dir='ltr' id='par_1_11' title="bbox 522 1049 2099 1120">
     <span class='ocr_line' id='line_1_11' title="bbox 522 1049 2099 1120; baseline 0.004 -20"><span class='ocrx_word' id='word_1_59' title='bbox 522 1049 750 1104; x_wconf 79' lang='lat' dir='ltr'><strong>alterius</strong></span> <span class='ocrx_word' id='word_1_60' title='bbox 783 1051 1024 1120; x_wconf 87' lang='lat' dir='ltr'><strong>cognitio</strong></span> <span class='ocrx_word' id='word_1_61' title='bbox 1071 1051 1302 1106; x_wconf 80' lang='lat' dir='ltr'><strong>alterum</strong></span> <span class='ocrx_word' id='word_1_62' title='bbox 1361 1053 1672 1107; x_wconf 86' lang='lat' dir='ltr'><strong>necessario</strong></span> <span class='ocrx_word' id='word_1_63' title='bbox 1715 1067 1900 1107; x_wconf 89' lang='lat' dir='ltr'><strong>secum</strong></span> <span class='ocrx_word' id='word_1_64' title='bbox 1933 1054 2099 1107; x_wconf 90' lang='lat' dir='ltr'><strong>ducit.</strong></span> 
     </span>
    </p>
   </div>
   <div class='ocr_carea' id='block_1_12' title="bbox 521 1139 2100 1214">
    <p class='ocr_par' dir='ltr' id='par_1_12' title="bbox 521 1139 2100 1214">
     <span class='ocr_line' id='line_1_12' title="bbox 521 1139 2100 1214; baseline 0.003 -21"><span class='ocrx_word' id='word_1_65' title='bbox 521 1139 686 1195; x_wconf 85' lang='lat' dir='ltr'><strong>Eccui</strong></span> <span class='ocrx_word' id='word_1_66' title='bbox 718 1143 886 1212; x_wconf 84' lang='lat' dir='ltr'><strong>igitur</strong></span> <span class='ocrx_word' id='word_1_67' title='bbox 920 1143 1140 1197; x_wconf 89' lang='lat' dir='ltr'><strong>dubium</strong></span> <span class='ocrx_word' id='word_1_68' title='bbox 1169 1159 1291 1200; x_wconf 77' lang='lat' dir='ltr'><strong>esse</strong></span> <span class='ocrx_word' id='word_1_69' title='bbox 1333 1156 1535 1214; x_wconf 90' lang='lat' dir='ltr'><strong>potest,</strong></span> <span class='ocrx_word' id='word_1_70' title='bbox 1587 1145 1716 1214; x_wconf 90' lang='lat' dir='ltr'><strong>quin</strong></span> <span class='ocrx_word' id='word_1_71' title='bbox 1752 1146 1939 1199; x_wconf 86' lang='lat' dir='ltr'><strong>horam</strong></span> <span class='ocrx_word' id='word_1_72' title='bbox 1978 1145 2100 1214; x_wconf 85' lang='lat' dir='ltr'><strong>qui-</strong></span> 
     </span>
    </p>
   </div>
   <div class='ocr_carea' id='block_1_13' title="bbox 517 1232 2106 1306">
    <p class='ocr_par' dir='ltr' id='par_1_13' title="bbox 517 1232 2106 1306">
     <span class='ocr_line' id='line_1_13' title="bbox 517 1232 2106 1306; baseline 0.003 -21"><span class='ocrx_word' id='word_1_73' title='bbox 517 1232 663 1298; x_wconf 76' lang='lat' dir='ltr'><strong>deni,</strong></span> <span class='ocrx_word' id='word_1_74' title='bbox 699 1243 756 1286; x_wconf 91' lang='grc' dir='ltr'><strong>ιιι</strong></span> <span class='ocrx_word' id='word_1_75' title='bbox 789 1235 949 1300; x_wconf 83' lang='grc' dir='ltr'>Οειιε,</span> <span class='ocrx_word' id='word_1_76' title='bbox 984 1239 1254 1305; x_wconf 75' lang='lat' dir='ltr'><strong>cognitam</strong></span> <span class='ocrx_word' id='word_1_77' title='bbox 1294 1238 1511 1300; x_wconf 83' lang='lat' dir='ltr'><strong>habeat,</strong></span> <span class='ocrx_word' id='word_1_78' title='bbox 1559 1237 1772 1306; x_wconf 79' lang='lat' dir='ltr'><strong>ignoret</strong></span> <span class='ocrx_word' id='word_1_79' title='bbox 1829 1246 2009 1290; x_wconf 82' lang='lat' dir='ltr'><strong>autem</strong></span> <span class='ocrx_word' id='word_1_80' title='bbox 2048 1245 2106 1290; x_wconf 84' lang='lat' dir='ltr'><strong>ut</strong></span> 
     </span>
    </p>
   </div>
   <div class='ocr_carea' id='block_1_14' title="bbox 521 1324 2100 1397">
    <p class='ocr_par' dir='ltr' id='par_1_14' title="bbox 521 1324 2100 1397">
     <span class='ocr_line' id='line_1_14' title="bbox 521 1324 2100 1397; baseline 0.002 -21"><span class='ocrx_word' id='word_1_81' title='bbox 521 1324 707 1389; x_wconf 64' lang='lat' dir='ltr'><strong>homo,</strong></span> <span class='ocrx_word' id='word_1_82' title='bbox 737 1325 780 1379; x_wconf 87' lang='lat' dir='ltr'><strong>si</strong></span> <span class='ocrx_word' id='word_1_83' title='bbox 814 1325 935 1394; x_wconf 85' lang='lat' dir='ltr'><strong>quis</strong></span> <span class='ocrx_word' id='word_1_84' title='bbox 966 1337 1173 1396; x_wconf 90' lang='lat' dir='ltr'><strong>partem</strong></span> <span class='ocrx_word' id='word_1_85' title='bbox 1203 1327 1588 1397; x_wconf 69' lang='lat' dir='ltr'><strong>aspectabilem</strong></span> <span class='ocrx_word' id='word_1_86' title='bbox 1624 1328 1689 1381; x_wconf 88' lang='lat' dir='ltr'><strong>ab</strong></span> <span class='ocrx_word' id='word_1_87' title='bbox 1715 1342 1778 1380; x_wconf 86' lang='lat' dir='ltr'><strong>ea</strong></span> <span class='ocrx_word' id='word_1_88' title='bbox 1807 1326 2100 1394; x_wconf 83' lang='lat' dir='ltr'><strong>disjungat,</strong></span> 
     </span>
    </p>
   </div>
   <div class='ocr_carea' id='block_1_15' title="bbox 521 1416 2104 1487">
    <p class='ocr_par' dir='ltr' id='par_1_15' title="bbox 521 1416 2104 1487">
     <span class='ocr_line' id='line_1_15' title="bbox 521 1416 2104 1487; baseline 0.002 -19"><span class='ocrx_word' id='word_1_89' title='bbox 521 1429 646 1482; x_wconf 70' lang='lat' dir='ltr'><strong>qum</strong></span> <span class='ocrx_word' id='word_1_90' title='bbox 682 1427 865 1472; x_wconf 90' lang='lat' dir='ltr'><strong>mente</strong></span> <span class='ocrx_word' id='word_1_91' title='bbox 891 1417 1003 1471; x_wconf 86' lang='lat' dir='ltr'><strong>sola</strong></span> <span class='ocrx_word' id='word_1_92' title='bbox 1037 1419 1268 1487; x_wconf 75' lang='lat' dir='ltr'><strong>perspici</strong></span> <span class='ocrx_word' id='word_1_93' title='bbox 1313 1428 1492 1486; x_wconf 80' lang='lat' dir='ltr'><strong>potest</strong></span> <span class='ocrx_word' id='word_1_94' title='bbox 1531 1417 1553 1469; x_wconf 85' lang='lat'><strong>?</strong></span> <span class='ocrx_word' id='word_1_95' title='bbox 1589 1416 1718 1470; x_wconf 82' lang='lat' dir='ltr'><strong>Nam</strong></span> <span class='ocrx_word' id='word_1_96' title='bbox 1769 1417 1894 1486; x_wconf 86' lang='lat' dir='ltr'><strong>quia</strong></span> <span class='ocrx_word' id='word_1_97' title='bbox 1947 1417 2104 1471; x_wconf 88' lang='lat' dir='ltr'><strong>abso-</strong></span> 
     </span>
    </p>
   </div>
   <div class='ocr_carea' id='block_1_16' title="bbox 522 1503 2102 1575">
    <p class='ocr_par' dir='ltr' id='par_1_16' title="bbox 522 1503 2102 1575">
     <span class='ocr_line' id='line_1_16' title="bbox 522 1503 2102 1575; baseline 0.002 -18"><span class='ocrx_word' id='word_1_98' title='bbox 522 1503 634 1559; x_wconf 88' lang='lat' dir='ltr'><strong>lute</strong></span> <span class='ocrx_word' id='word_1_99' title='bbox 667 1505 766 1560; x_wconf 90' lang='lat' dir='ltr'><strong>hoc</strong></span> <span class='ocrx_word' id='word_1_100' title='bbox 800 1505 917 1561; x_wconf 90' lang='lat' dir='ltr'><strong>loco</strong></span> <span class='ocrx_word' id='word_1_101' title='bbox 948 1522 1011 1562; x_wconf 88' lang='lat' dir='ltr'><strong>ac</strong></span> <span class='ocrx_word' id='word_1_102' title='bbox 1036 1508 1152 1562; x_wconf 90' lang='lat' dir='ltr'><strong>sine</strong></span> <span class='ocrx_word' id='word_1_103' title='bbox 1180 1508 1446 1563; x_wconf 90' lang='lat' dir='ltr'><strong>relatione</strong></span> <span class='ocrx_word' id='word_1_104' title='bbox 1469 1549 1482 1572; x_wconf 92' lang='lat'><strong>,</strong></span> <span class='ocrx_word' id='word_1_105' title='bbox 1549 1507 1669 1561; x_wconf 77' lang='lat' dir='ltr'><strong>Filii</strong></span> <span class='ocrx_word' id='word_1_106' title='bbox 1721 1523 1912 1562; x_wconf 86' lang='lat' dir='ltr'><strong>nomen</strong></span> <span class='ocrx_word' id='word_1_107' title='bbox 1949 1508 2102 1575; x_wconf 86' lang='lat' dir='ltr'><strong>poni-</strong></span> 
     </span>
    </p>
   </div>
   <div class='ocr_carea' id='block_1_17' title="bbox 2199 593 3745 667">
    <p class='ocr_par' dir='ltr' id='par_1_17' title="bbox 2199 593 3745 667">
     <span class='ocr_line' id='line_1_17' title="bbox 2199 593 3745 667; baseline 0.005 -21"><span class='ocrx_word' id='word_1_108' title='bbox 2199 595 2332 646; x_wconf 79' lang='grc' dir='ltr'>αὺτὸ</span> <span class='ocrx_word' id='word_1_109' title='bbox 2351 594 2406 646; x_wconf 81' lang='grc' dir='ltr'><strong>δὲ</strong></span> <span class='ocrx_word' id='word_1_110' title='bbox 2435 595 2648 662; x_wconf 79' lang='grc' dir='ltr'><strong>ἀγνοεῖν</strong></span> <span class='ocrx_word' id='word_1_111' title='bbox 2675 594 2734 646; x_wconf 78' lang='grc' dir='ltr'><strong>τὸ</strong></span> <span class='ocrx_word' id='word_1_112' title='bbox 2764 597 2943 663; x_wconf 87' lang='grc' dir='ltr'>τεῖχος</span> <span class='ocrx_word' id='word_1_113' title='bbox 2963 611 2976 624; x_wconf 88' lang='grc'><strong>·</strong></span> <span class='ocrx_word' id='word_1_114' title='bbox 3011 594 3043 666; x_wconf 82' lang='grc' dir='ltr'>ἦ</span> <span class='ocrx_word' id='word_1_115' title='bbox 3087 593 3148 646; x_wconf 84' lang='grc' dir='ltr'>τὸ</span> <span class='ocrx_word' id='word_1_116' title='bbox 3170 594 3272 664; x_wconf 82' lang='grc' dir='ltr'>τῆς</span> <span class='ocrx_word' id='word_1_117' title='bbox 3300 597 3506 667; x_wconf 71' lang='grc' dir='ltr'>ἡμέρας</span> <span class='ocrx_word' id='word_1_118' title='bbox 3529 600 3664 664; x_wconf 83' lang='grc' dir='ltr'><strong>τέλος</strong></span> <span class='ocrx_word' id='word_1_119' title='bbox 3691 599 3745 656; x_wconf 72' lang='grc' dir='ltr'><strong>εὖ</strong></span> 
     </span>
    </p>
   </div>
   <div class='ocr_carea' id='block_1_18' title="bbox 2201 684 3744 757">
    <p class='ocr_par' dir='ltr' id='par_1_18' title="bbox 2201 684 3744 757">
     <span class='ocr_line' id='line_1_18' title="bbox 2201 684 3744 757; baseline 0.005 -20"><span class='ocrx_word' id='word_1_120' title='bbox 2201 686 2582 754; x_wconf 80' lang='grc' dir='ltr'>ἐπιστάμενος,</span> <span class='ocrx_word' id='word_1_121' title='bbox 2613 684 2710 754; x_wconf 82' lang='grc' dir='ltr'>τὴν</span> <span class='ocrx_word' id='word_1_122' title='bbox 2745 684 2921 755; x_wconf 80' lang='grc' dir='ltr'>ἀρχὴν</span> <span class='ocrx_word' id='word_1_123' title='bbox 2951 687 3051 756; x_wconf 83' lang='grc' dir='ltr'>τῆς</span> <span class='ocrx_word' id='word_1_124' title='bbox 3097 685 3290 748; x_wconf 83' lang='grc' dir='ltr'>νυκτὸς</span> <span class='ocrx_word' id='word_1_125' title='bbox 3333 686 3406 757; x_wconf 79' lang='grc' dir='ltr'>μὴ</span> <span class='ocrx_word' id='word_1_126' title='bbox 3446 687 3710 755; x_wconf 81' lang='grc' dir='ltr'><strong>γινώσκειν</strong></span> <span class='ocrx_word' id='word_1_127' title='bbox 3732 709 3744 724; x_wconf 93' lang='grc'>·</span> 
     </span>
    </p>
   </div>
   <div class='ocr_carea' id='block_1_19' title="bbox 2201 774 3754 849">
    <p class='ocr_par' dir='ltr' id='par_1_19' title="bbox 2201 774 3754 849">
     <span class='ocr_line' id='line_1_19' title="bbox 2201 774 3754 849; baseline 0.005 -21"><span class='ocrx_word' id='word_1_128' title='bbox 2201 775 2329 829; x_wconf 76' lang='grc' dir='ltr'>ἔνθα</span> <span class='ocrx_word' id='word_1_129' title='bbox 2361 777 2395 846; x_wconf 81' lang='grc' dir='ltr'><strong>ἡ</strong></span> <span class='ocrx_word' id='word_1_130' title='bbox 2422 774 2516 828; x_wconf 79' lang='grc' dir='ltr'><strong>τοῦ</strong></span> <span class='ocrx_word' id='word_1_131' title='bbox 2549 775 2736 848; x_wconf 82' lang='grc' dir='ltr'>ἐτέρου</span> <span class='ocrx_word' id='word_1_132' title='bbox 2769 775 2991 844; x_wconf 83' lang='grc' dir='ltr'>γνῶσις,</span> <span class='ocrx_word' id='word_1_133' title='bbox 3036 776 3348 843; x_wconf 79' lang='grc' dir='ltr'><strong>ἀναγκαίως</strong></span> <span class='ocrx_word' id='word_1_134' title='bbox 3380 779 3671 849; x_wconf 72' lang='grc' dir='ltr'><strong>συνεισάγει</strong></span> <span class='ocrx_word' id='word_1_135' title='bbox 3698 782 3754 836; x_wconf 79' lang='grc' dir='ltr'><strong>τὸ</strong></span> 
     </span>
    </p>
   </div>
   <div class='ocr_carea' id='block_1_20' title="bbox 2201 866 3754 942">
    <p class='ocr_par' dir='ltr' id='par_1_20' title="bbox 2201 866 3754 942">
     <span class='ocr_line' id='line_1_20' title="bbox 2201 866 3754 942; baseline 0.003 -20"><span class='ocrx_word' id='word_1_136' title='bbox 2201 869 2405 942; x_wconf 84' lang='grc' dir='ltr'>ἓτερον.</span> <span class='ocrx_word' id='word_1_137' title='bbox 2435 869 2509 920; x_wconf 84' lang='grc' dir='ltr'><strong>Ἦ</strong></span> <span class='ocrx_word' id='word_1_138' title='bbox 2561 870 2724 922; x_wconf 83' lang='grc' dir='ltr'>πᾶσιν</span> <span class='ocrx_word' id='word_1_139' title='bbox 2775 866 3026 938; x_wconf 72' lang='grc' dir='ltr'>εὔδηλον,</span> <span class='ocrx_word' id='word_1_140' title='bbox 3081 870 3164 921; x_wconf 83' lang='grc' dir='ltr'>ὅτι</span> <span class='ocrx_word' id='word_1_141' title='bbox 3217 870 3473 937; x_wconf 72' lang='grc' dir='ltr'>γινώσκει</span> <span class='ocrx_word' id='word_1_142' title='bbox 3531 873 3642 942; x_wconf 84' lang='grc' dir='ltr'>μὲν,</span> <span class='ocrx_word' id='word_1_143' title='bbox 3686 876 3754 940; x_wconf 86' lang='grc' dir='ltr'>ὡς</span> 
     </span>
    </p>
   </div>
   <div class='ocr_carea' id='block_1_21' title="bbox 2202 957 3754 1032">
    <p class='ocr_par' dir='ltr' id='par_1_21' title="bbox 2202 957 3754 1032">
     <span class='ocr_line' id='line_1_21' title="bbox 2202 957 3754 1032; baseline 0.005 -22"><span class='ocrx_word' id='word_1_144' title='bbox 2202 957 2352 1022; x_wconf 79' lang='grc' dir='ltr'>Θεὸς,</span> <span class='ocrx_word' id='word_1_145' title='bbox 2387 959 2598 1028; x_wconf 79' lang='grc' dir='ltr'>ἀγνοεῖν</span> <span class='ocrx_word' id='word_1_146' title='bbox 2621 959 2676 1012; x_wconf 85' lang='grc' dir='ltr'><strong>δέ</strong></span> <span class='ocrx_word' id='word_1_147' title='bbox 2699 975 2883 1029; x_wconf 88' lang='grc' dir='ltr'>φησιν,</span> <span class='ocrx_word' id='word_1_148' title='bbox 2921 959 2996 1023; x_wconf 86' lang='grc' dir='ltr'>ὡς</span> <span class='ocrx_word' id='word_1_149' title='bbox 3036 960 3340 1030; x_wconf 83' lang='grc' dir='ltr'>ἄνθρωπος,</span> <span class='ocrx_word' id='word_1_150' title='bbox 3370 961 3432 1014; x_wconf 80' lang='grc' dir='ltr'>ἄν</span> <span class='ocrx_word' id='word_1_151' title='bbox 3461 979 3540 1025; x_wconf 85' lang='grc' dir='ltr'><strong>τις</strong></span> <span class='ocrx_word' id='word_1_152' title='bbox 3563 963 3618 1015; x_wconf 76' lang='grc' dir='ltr'><strong>τὸ</strong></span> <span class='ocrx_word' id='word_1_153' title='bbox 3644 981 3754 1032; x_wconf 75' lang='grc' dir='ltr'>φαι-</span> 
     </span>
    </p>
   </div>
   <div class='ocr_carea' id='block_1_22' title="bbox 2204 1049 3756 1122">
    <p class='ocr_par' dir='ltr' id='par_1_22' title="bbox 2204 1049 3756 1122">
     <span class='ocr_line' id='line_1_22' title="bbox 2204 1049 3756 1122; baseline 0.003 -18"><span class='ocrx_word' id='word_1_154' title='bbox 2204 1049 2428 1120; x_wconf 85' lang='grc' dir='ltr'>νόμενον</span> <span class='ocrx_word' id='word_1_155' title='bbox 2473 1049 2684 1122; x_wconf 81' lang='grc' dir='ltr'><strong>χωρίσῃ</strong></span> <span class='ocrx_word' id='word_1_156' title='bbox 2719 1049 2814 1102; x_wconf 84' lang='grc' dir='ltr'>τοῦ</span> <span class='ocrx_word' id='word_1_157' title='bbox 2865 1051 3190 1121; x_wconf 88' lang='grc' dir='ltr'>νοουμένου;</span> <span class='ocrx_word' id='word_1_158' title='bbox 3235 1051 3309 1103; x_wconf 85' lang='grc' dir='ltr'><strong>Τὸ</strong></span> <span class='ocrx_word' id='word_1_159' title='bbox 3357 1051 3466 1122; x_wconf 84' lang='grc' dir='ltr'>γὰρ</span> <span class='ocrx_word' id='word_1_160' title='bbox 3514 1054 3756 1109; x_wconf 82' lang='grc' dir='ltr'>ἀπόλυτον</span> 
     </span>
    </p>
   </div>
   <div class='ocr_carea' id='block_1_23' title="bbox 2204 1137 3756 1212">
    <p class='ocr_par' dir='ltr' id='par_1_23' title="bbox 2204 1137 3756 1212">
     <span class='ocr_line' id='line_1_23' title="bbox 2204 1137 3756 1212; baseline 0.004 -18"><span class='ocrx_word' id='word_1_161' title='bbox 2204 1137 2342 1194; x_wconf 74' lang='grc' dir='ltr'>εἶναι</span> <span class='ocrx_word' id='word_1_162' title='bbox 2370 1140 2464 1194; x_wconf 80' lang='grc' dir='ltr'>τοῦ</span> <span class='ocrx_word' id='word_1_163' title='bbox 2495 1141 2624 1194; x_wconf 79' lang='grc' dir='ltr'><strong>Υἱοῦ</strong></span> <span class='ocrx_word' id='word_1_164' title='bbox 2647 1143 2746 1212; x_wconf 77' lang='grc' dir='ltr'><strong>τὴν</strong></span> <span class='ocrx_word' id='word_1_165' title='bbox 2773 1143 3141 1212; x_wconf 76' lang='grc' dir='ltr'>προσηγορίαν</span> <span class='ocrx_word' id='word_1_166' title='bbox 3170 1144 3264 1196; x_wconf 74' lang='grc' dir='ltr'><strong>καὶ</strong></span> <span class='ocrx_word' id='word_1_167' title='bbox 3304 1142 3525 1212; x_wconf 78' lang='grc' dir='ltr'>ἄσχετον</span> <span class='ocrx_word' id='word_1_168' title='bbox 3557 1182 3572 1205; x_wconf 85' lang='grc'><strong>,</strong></span> <span class='ocrx_word' id='word_1_169' title='bbox 3703 1147 3756 1200; x_wconf 83' lang='grc' dir='ltr'><strong>οὐ</strong></span> 
     </span>
    </p>
   </div>
   <div class='ocr_carea' id='block_1_24' title="bbox 2205 1233 3757 1306">
    <p class='ocr_par' dir='ltr' id='par_1_24' title="bbox 2205 1233 3757 1306">
     <span class='ocr_line' id='line_1_24' title="bbox 2205 1233 3757 1306; baseline 0.001 -18"><span class='ocrx_word' id='word_1_170' title='bbox 2205 1233 2604 1305; x_wconf 81' lang='grc' dir='ltr'><strong>προσκειμένου</strong></span> <span class='ocrx_word' id='word_1_171' title='bbox 2646 1234 2724 1304; x_wconf 79' lang='grc' dir='ltr'>τῷ</span> <span class='ocrx_word' id='word_1_172' title='bbox 2761 1233 2874 1303; x_wconf 83' lang='grc' dir='ltr'><strong>Υίῷ</strong></span> <span class='ocrx_word' id='word_1_173' title='bbox 2915 1234 3020 1287; x_wconf 88' lang='grc' dir='ltr'>τοῦ</span> <span class='ocrx_word' id='word_1_174' title='bbox 3064 1234 3232 1299; x_wconf 75' lang='grc' dir='ltr'>τινὸς</span> <span class='ocrx_word' id='word_1_175' title='bbox 3271 1273 3286 1295; x_wconf 93' lang='grc'><strong>,</strong></span> <span class='ocrx_word' id='word_1_176' title='bbox 3430 1235 3622 1304; x_wconf 77' lang='grc' dir='ltr'>ταύτην</span> <span class='ocrx_word' id='word_1_177' title='bbox 3644 1238 3757 1306; x_wconf 77' lang='grc' dir='ltr'>ἡμῖν</span> 
     </span>
    </p>
   </div>
   <div class='ocr_carea' id='block_1_25' title="bbox 2203 1324 3760 1397">
    <p class='ocr_par' dir='ltr' id='par_1_25' title="bbox 2203 1324 3760 1397">
     <span class='ocr_line' id='line_1_25' title="bbox 2203 1324 3760 1397; baseline 0.002 -20"><span class='ocrx_word' id='word_1_178' title='bbox 2203 1325 2384 1378; x_wconf 87' lang='grc' dir='ltr'>δίδωσι</span> <span class='ocrx_word' id='word_1_179' title='bbox 2413 1324 2511 1396; x_wconf 85' lang='grc' dir='ltr'>τὴν</span> <span class='ocrx_word' id='word_1_180' title='bbox 2539 1325 2812 1390; x_wconf 80' lang='grc' dir='ltr'>ὑπόνοιαν,</span> <span class='ocrx_word' id='word_1_181' title='bbox 2845 1326 2982 1379; x_wconf 80' lang='grc' dir='ltr'>ὣστε</span> <span class='ocrx_word' id='word_1_182' title='bbox 3011 1326 3109 1397; x_wconf 82' lang='grc' dir='ltr'><strong>τὴν</strong></span> <span class='ocrx_word' id='word_1_183' title='bbox 3138 1325 3359 1392; x_wconf 75' lang='grc' dir='ltr'>ἄγνοιαν</span> <span class='ocrx_word' id='word_1_184' title='bbox 3389 1325 3760 1396; x_wconf 65' lang='grc' dir='ltr'>ὑπολαμϐάνειν</span> 
     </span>
    </p>
   </div>
   <div class='ocr_carea' id='block_1_26' title="bbox 2207 1417 3760 1489">
    <p class='ocr_par' dir='ltr' id='par_1_26' title="bbox 2207 1417 3760 1489">
     <span class='ocr_line' id='line_1_26' title="bbox 2207 1417 3760 1489; baseline 0.001 -19"><span class='ocrx_word' id='word_1_185' title='bbox 2207 1419 2299 1470; x_wconf 73' lang='grc' dir='ltr'><strong>ἐπὶ</strong></span> <span class='ocrx_word' id='word_1_186' title='bbox 2325 1417 2384 1471; x_wconf 76' lang='grc' dir='ltr'>τὸ</span> <span class='ocrx_word' id='word_1_187' title='bbox 2409 1417 2816 1488; x_wconf 76' lang='grc' dir='ltr'>εὐσεϐέστερον,</span> <span class='ocrx_word' id='word_1_188' title='bbox 2839 1417 2916 1489; x_wconf 79' lang='grc' dir='ltr'>τῷ</span> <span class='ocrx_word' id='word_1_189' title='bbox 2937 1417 3284 1488; x_wconf 81' lang='grc' dir='ltr'>ἀνθρωπίνῳ,</span> <span class='ocrx_word' id='word_1_190' title='bbox 3317 1417 3389 1487; x_wconf 80' lang='grc' dir='ltr'><strong>μὴ</strong></span> <span class='ocrx_word' id='word_1_191' title='bbox 3412 1417 3488 1488; x_wconf 80' lang='grc' dir='ltr'>τῷ</span> <span class='ocrx_word' id='word_1_192' title='bbox 3507 1418 3627 1489; x_wconf 79' lang='grc' dir='ltr'>θείῳ</span> <span class='ocrx_word' id='word_1_193' title='bbox 3646 1419 3760 1472; x_wconf 81' lang='grc' dir='ltr'>ταύ-</span> 
     </span>
    </p>
   </div>
   <div class='ocr_carea' id='block_1_27' title="bbox 2206 1507 2736 1578">
    <p class='ocr_par' dir='ltr' id='par_1_27' title="bbox 2206 1507 2736 1578">
     <span class='ocr_line' id='line_1_27' title="bbox 2206 1507 2736 1578; baseline 0.002 -18"><span class='ocrx_word' id='word_1_194' title='bbox 2206 1525 2305 1578; x_wconf 87' lang='grc' dir='ltr'><strong>την</strong></span> <span class='ocrx_word' id='word_1_195' title='bbox 2335 1507 2736 1578; x_wconf 74' lang='grc' dir='ltr'>λογιζομένους.</span> 
     </span>
    </p>
   </div>
   <div class='ocr_carea' id='block_1_28' title="bbox 525 1603 3754 1675">
    <p class='ocr_par' dir='ltr' id='par_1_28' title="bbox 525 1603 3754 1675">
     <span class='ocr_line' id='line_1_28' title="bbox 525 1603 3754 1675; baseline 0.001 -21"><span class='ocrx_word' id='word_1_196' title='bbox 525 1611 634 1667; x_wconf 90' lang='lat' dir='ltr'><strong>tur,</strong></span> <span class='ocrx_word' id='word_1_197' title='bbox 662 1618 764 1658; x_wconf 91' lang='lat' dir='ltr'><strong>ncc</strong></span> <span class='ocrx_word' id='word_1_198' title='bbox 797 1604 1559 1675; x_wconf 72' lang='lat' dir='ltr'><strong>adjungilur,cujus,ideirco</strong></span> <span class='ocrx_word' id='word_1_199' title='bbox 1600 1605 1728 1660; x_wconf 90' lang='lat' dir='ltr'><strong>hinc</strong></span> <span class='ocrx_word' id='word_1_200' title='bbox 1773 1606 1930 1659; x_wconf 90' lang='lat' dir='ltr'><strong>nobis</strong></span> <span class='ocrx_word' id='word_1_201' title='bbox 1996 1619 2128 1659; x_wconf 86' lang='lat' dir='ltr'><strong>ansa</strong></span> <span class='ocrx_word' id='word_1_202' title='bbox 2200 1605 2498 1674; x_wconf 86' lang='lat' dir='ltr'><strong>porrigitur</strong></span> <span class='ocrx_word' id='word_1_203' title='bbox 2551 1605 2621 1657; x_wconf 89' lang='lat' dir='ltr'><strong>ita</strong></span> <span class='ocrx_word' id='word_1_204' title='bbox 2677 1603 3062 1664; x_wconf 76' lang='lat' dir='ltr'><strong>existttnandt,</strong></span> <span class='ocrx_word' id='word_1_205' title='bbox 3121 1613 3178 1657; x_wconf 87' lang='lat' dir='ltr'><strong>ut</strong></span> <span class='ocrx_word' id='word_1_206' title='bbox 3227 1603 3582 1673; x_wconf 72' lang='lat' dir='ltr'><strong>Ignorantiatu</strong></span> <span class='ocrx_word' id='word_1_207' title='bbox 3633 1605 3754 1661; x_wconf 81' lang='lat' dir='ltr'><strong>hanc</strong></span> 
     </span>
    </p>
   </div>
   <div class='ocr_carea' id='block_1_29' title="bbox 522 1696 3027 1771">
    <p class='ocr_par' dir='ltr' id='par_1_29' title="bbox 522 1696 3027 1771">
     <span class='ocr_line' id='line_1_29' title="bbox 522 1696 3027 1771; baseline -0.002 -17"><span class='ocrx_word' id='word_1_208' title='bbox 522 1713 684 1754; x_wconf 77' lang='lat' dir='ltr'><strong>sensu</strong></span> <span class='ocrx_word' id='word_1_209' title='bbox 713 1700 946 1755; x_wconf 79' lang='lat' dir='ltr'><strong>maxime</strong></span> <span class='ocrx_word' id='word_1_210' title='bbox 972 1702 1060 1770; x_wconf 89' lang='lat' dir='ltr'><strong>pio</strong></span> <span class='ocrx_word' id='word_1_211' title='bbox 1087 1701 1528 1771; x_wconf 76' lang='lat' dir='ltr'><strong>interpretemur,</strong></span> <span class='ocrx_word' id='word_1_212' title='bbox 1562 1716 1792 1769; x_wconf 83' lang='lat' dir='ltr'><strong>eamque</strong></span> <span class='ocrx_word' id='word_1_213' title='bbox 1844 1699 2188 1766; x_wconf 88' lang='lat' dir='ltr'><strong>humanitati,</strong></span> <span class='ocrx_word' id='word_1_214' title='bbox 2215 1714 2320 1754; x_wconf 90' lang='lat' dir='ltr'><strong>non</strong></span> <span class='ocrx_word' id='word_1_215' title='bbox 2357 1699 2634 1754; x_wconf 82' lang='lat' dir='ltr'><strong>divinitati</strong></span> <span class='ocrx_word' id='word_1_216' title='bbox 2669 1696 3027 1752; x_wconf 63' lang='lat' dir='ltr'><strong>ascribamus.</strong></span> 
     </span>
    </p>
   </div>
   <div class='ocr_carea' id='block_1_30' title="bbox 773 1790 2103 1859">
    <p class='ocr_par' dir='ltr' id='par_1_30' title="bbox 773 1790 2103 1859">
     <span class='ocr_line' id='line_1_30' title="bbox 773 1790 2103 1859; baseline -0.002 -15"><span class='ocrx_word' id='word_1_217' title='bbox 773 1790 830 1845; x_wconf 86' lang='lat' dir='ltr'><strong>Si</strong></span> <span class='ocrx_word' id='word_1_218' title='bbox 882 1792 1046 1859; x_wconf 80' lang='lat' dir='ltr'><strong>igitur</strong></span> <span class='ocrx_word' id='word_1_219' title='bbox 1090 1792 1204 1846; x_wconf 68' lang='lat' dir='ltr'><strong>hmo</strong></span> <span class='ocrx_word' id='word_1_220' title='bbox 1261 1792 1398 1848; x_wconf 86' lang='lat' dir='ltr'><strong>ratio</strong></span> <span class='ocrx_word' id='word_1_221' title='bbox 1445 1793 1773 1847; x_wconf 74' lang='lat' dir='ltr'><strong>adversariis</strong></span> <span class='ocrx_word' id='word_1_222' title='bbox 1807 1791 2103 1855; x_wconf 80' lang='lat' dir='ltr'><strong>satisfacit,</strong></span> 
     </span>
    </p>
   </div>
   <div class='ocr_carea' id='block_1_31' title="bbox 524 1881 2112 1954">
    <p class='ocr_par' dir='ltr' id='par_1_31' title="bbox 524 1881 2107 1954">
     <span class='ocr_line' id='line_1_31' title="bbox 524 1881 2107 1954; baseline 0.001 -19"><span class='ocrx_word' id='word_1_223' title='bbox 524 1881 613 1936; x_wconf 88' lang='lat' dir='ltr'><strong>hic</strong></span> <span class='ocrx_word' id='word_1_224' title='bbox 649 1882 836 1950; x_wconf 78' lang='lat' dir='ltr'><strong>pedem</strong></span> <span class='ocrx_word' id='word_1_225' title='bbox 878 1883 1124 1952; x_wconf 83' lang='lat' dir='ltr'><strong>ligemus,</strong></span> <span class='ocrx_word' id='word_1_226' title='bbox 1161 1898 1261 1938; x_wconf 90' lang='lat' dir='ltr'><strong>nec</strong></span> <span class='ocrx_word' id='word_1_227' title='bbox 1293 1885 1586 1954; x_wconf 80' lang='lat' dir='ltr'><strong>quidquam</strong></span> <span class='ocrx_word' id='word_1_228' title='bbox 1625 1883 1856 1954; x_wconf 81' lang='lat' dir='ltr'><strong>amplius</strong></span> <span class='ocrx_word' id='word_1_229' title='bbox 1883 1901 1911 1939; x_wconf 71' lang='grc' dir='ltr'><strong>τι</strong></span> <span class='ocrx_word' id='word_1_230' title='bbox 1951 1883 2107 1938; x_wconf 90' lang='lat' dir='ltr'><strong>nobis</strong></span> 
     </span>
    </p>
   </div>
   <div class='ocr_carea' id='block_1_32' title="bbox 2214 1881 2570 1954">
    <p class='ocr_par' dir='ltr' id='par_1_32' title="bbox 2214 1882 2570 1954">
     <span class='ocr_line' id='line_1_32' title="bbox 2214 1882 2570 1954; baseline 0 -17"><span class='ocrx_word' id='word_1_231' title='bbox 2214 1882 2528 1954; x_wconf 79' lang='grc' dir='ltr'>στησόμεθα</span> <span class='ocrx_word' id='word_1_232' title='bbox 2554 1919 2570 1943; x_wconf 90' lang='grc'><strong>,</strong></span> 
     </span>
    </p>
   </div>
   <div class='ocr_carea' id='block_1_33' title="bbox 529 1972 2107 2045">
    <p class='ocr_par' dir='ltr' id='par_1_33' title="bbox 529 1972 2107 2045">
     <span class='ocr_line' id='line_1_33' title="bbox 529 1972 2107 2045; baseline 0.001 -19"><span class='ocrx_word' id='word_1_233' title='bbox 529 1972 857 2041; x_wconf 81' lang='lat' dir='ltr'><strong>inquiratur.</strong></span> <span class='ocrx_word' id='word_1_234' title='bbox 887 1974 982 2028; x_wconf 89' lang='lat' dir='ltr'><strong>Sin</strong></span> <span class='ocrx_word' id='word_1_235' title='bbox 1012 1989 1188 2039; x_wconf 78' lang='lat' dir='ltr'><strong>secus,</strong></span> <span class='ocrx_word' id='word_1_236' title='bbox 1216 1975 1356 2030; x_wconf 85' lang='lat' dir='ltr'><strong>hanc</strong></span> <span class='ocrx_word' id='word_1_237' title='bbox 1387 1976 1678 2030; x_wconf 90' lang='lat' dir='ltr'><strong>secundam</strong></span> <span class='ocrx_word' id='word_1_238' title='bbox 1712 1975 2107 2045; x_wconf 83' lang='lat' dir='ltr'><strong>expositionem</strong></span> 
     </span>
    </p>
   </div>
   <div class='ocr_carea' id='block_1_34' title="bbox 529 2060 2108 2135">
    <p class='ocr_par' dir='ltr' id='par_1_34' title="bbox 529 2060 2108 2135">
     <span class='ocr_line' id='line_1_34' title="bbox 529 2060 2108 2135; baseline 0.003 -21"><span class='ocrx_word' id='word_1_239' title='bbox 529 2060 854 2130; x_wconf 65' lang='lat' dir='ltr'><strong>aderentus;</strong></span> <span class='ocrx_word' id='word_1_240' title='bbox 901 2065 1042 2132; x_wconf 91' lang='lat' dir='ltr'><strong>quod</strong></span> <span class='ocrx_word' id='word_1_241' title='bbox 1089 2065 1543 2133; x_wconf 87' lang='lat' dir='ltr'><strong>quemadmodum</strong></span> <span class='ocrx_word' id='word_1_242' title='bbox 1596 2065 1811 2135; x_wconf 81' lang='lat' dir='ltr'><strong>singula</strong></span> <span class='ocrx_word' id='word_1_243' title='bbox 1860 2066 1984 2129; x_wconf 85' lang='lat' dir='ltr'><strong>alia,</strong></span> <span class='ocrx_word' id='word_1_244' title='bbox 2037 2066 2108 2119; x_wconf 83' lang='lat' dir='ltr'><strong>ita</strong></span> 
     </span>
    </p>
   </div>
   <div class='ocr_carea' id='block_1_35' title="bbox 530 2157 2113 2227">
    <p class='ocr_par' dir='ltr' id='par_1_35' title="bbox 530 2157 2113 2227">
     <span class='ocr_line' id='line_1_35' title="bbox 530 2157 2113 2227; baseline 0.003 -20"><span class='ocrx_word' id='word_1_245' title='bbox 530 2169 712 2208; x_wconf 87' lang='lat' dir='ltr'><strong>rerum</strong></span> <span class='ocrx_word' id='word_1_246' title='bbox 763 2170 979 2224; x_wconf 89' lang='lat' dir='ltr'><strong>quoque</strong></span> <span class='ocrx_word' id='word_1_247' title='bbox 1036 2157 1400 2210; x_wconf 79' lang='lat' dir='ltr'><strong>maximarum</strong></span> <span class='ocrx_word' id='word_1_248' title='bbox 1435 2158 1672 2227; x_wconf 79' lang='lat' dir='ltr'><strong>cognitio</strong></span> <span class='ocrx_word' id='word_1_249' title='bbox 1725 2158 1776 2212; x_wconf 84' lang='grc' dir='ltr'><strong>ιη</strong></span> <span class='ocrx_word' id='word_1_250' title='bbox 1833 2157 2113 2213; x_wconf 87' lang='lat' dir='ltr'><strong>Genitoris</strong></span> 
     </span>
    </p>
   </div>
   <div class='ocr_carea' id='block_1_36' title="bbox 531 2247 2113 2325">
    <p class='ocr_par' dir='ltr' id='par_1_36' title="bbox 531 2247 2113 2325">
     <span class='ocr_line' id='line_1_36' title="bbox 531 2247 2113 2325; baseline 0.002 -24"><span class='ocrx_word' id='word_1_251' title='bbox 531 2247 790 2302; x_wconf 82' lang='lat' dir='ltr'><strong>honorem</strong></span> <span class='ocrx_word' id='word_1_252' title='bbox 829 2249 894 2302; x_wconf 90' lang='lat' dir='ltr'><strong>ad</strong></span> <span class='ocrx_word' id='word_1_253' title='bbox 927 2263 1147 2305; x_wconf 83' lang='lat' dir='ltr'><strong>causam</strong></span> <span class='ocrx_word' id='word_1_254' title='bbox 1201 2249 1383 2325; x_wconf 63' lang='lat' dir='ltr'><strong>ipsam&#39;</strong></span> <span class='ocrx_word' id='word_1_255' title='bbox 1418 2250 1701 2305; x_wconf 78' lang='lat' dir='ltr'><strong>referenda</strong></span> <span class='ocrx_word' id='word_1_256' title='bbox 1737 2260 1839 2305; x_wconf 91' lang='lat' dir='ltr'><strong>est.</strong></span> <span class='ocrx_word' id='word_1_257' title='bbox 1873 2251 2012 2318; x_wconf 89' lang='lat' dir='ltr'><strong>Quin</strong></span> <span class='ocrx_word' id='word_1_258' title='bbox 2045 2265 2113 2304; x_wconf 91' lang='lat' dir='ltr'><strong>ne</strong></span> 
     </span>
    </p>
   </div>
   <div class='ocr_carea' id='block_1_37' title="bbox 529 2340 2114 2410">
    <p class='ocr_par' dir='ltr' id='par_1_37' title="bbox 529 2340 2114 2410">
     <span class='ocr_line' id='line_1_37' title="bbox 529 2340 2114 2410; baseline 0 -16"><span class='ocrx_word' id='word_1_259' title='bbox 529 2340 782 2410; x_wconf 78' lang='lat' dir='ltr'><strong>exiguum</strong></span> <span class='ocrx_word' id='word_1_260' title='bbox 823 2340 1039 2408; x_wconf 79' lang='lat' dir='ltr'><strong>quidem</strong></span> <span class='ocrx_word' id='word_1_261' title='bbox 1077 2341 1206 2394; x_wconf 91' lang='lat' dir='ltr'><strong>tnihi</strong></span> <span class='ocrx_word' id='word_1_262' title='bbox 1244 2340 1620 2397; x_wconf 89' lang='lat' dir='ltr'><strong>intellecturus</strong></span> <span class='ocrx_word' id='word_1_263' title='bbox 1653 2342 1886 2407; x_wconf 83' lang='lat' dir='ltr'><strong>videtur,</strong></span> <span class='ocrx_word' id='word_1_264' title='bbox 1917 2341 2114 2410; x_wconf 90' lang='lat' dir='ltr'><strong>quisic</strong></span> 
     </span>
    </p>
   </div>
   <div class='ocr_carea' id='block_1_38' title="bbox 530 2430 2110 2504">
    <p class='ocr_par' dir='ltr' id='par_1_38' title="bbox 530 2430 2110 2504">
     <span class='ocr_line' id='line_1_38' title="bbox 530 2430 2110 2504; baseline 0.001 -20"><span class='ocrx_word' id='word_1_265' title='bbox 530 2430 746 2502; x_wconf 85' lang='lat' dir='ltr'><strong>legerit,</strong></span> <span class='ocrx_word' id='word_1_266' title='bbox 776 2441 833 2485; x_wconf 91' lang='grc' dir='ltr'><strong>ιιι</strong></span> <span class='ocrx_word' id='word_1_267' title='bbox 879 2443 1082 2486; x_wconf 73' lang='lat' dir='ltr'><strong>nostra:</strong></span> <span class='ocrx_word' id='word_1_268' title='bbox 1117 2433 1391 2488; x_wconf 73' lang='lat' dir='ltr'><strong>memoriae</strong></span> <span class='ocrx_word' id='word_1_269' title='bbox 1420 2434 1506 2488; x_wconf 91' lang='lat' dir='ltr'><strong>vir</strong></span> <span class='ocrx_word' id='word_1_270' title='bbox 1535 2434 1756 2504; x_wconf 89' lang='lat' dir='ltr'><strong>quidam</strong></span> <span class='ocrx_word' id='word_1_271' title='bbox 1809 2433 2110 2488; x_wconf 89' lang='lat' dir='ltr'><strong>litterarum</strong></span> 
     </span>
    </p>
   </div>
   <div class='ocr_carea' id='block_1_39' title="bbox 531 2520 2114 2591">
    <p class='ocr_par' dir='ltr' id='par_1_39' title="bbox 531 2520 2114 2591">
     <span class='ocr_line' id='line_1_39' title="bbox 531 2520 2114 2591; baseline 0.003 -17"><span class='ocrx_word' id='word_1_272' title='bbox 531 2521 826 2587; x_wconf 88' lang='lat' dir='ltr'><strong>studiosus,</strong></span> <span class='ocrx_word' id='word_1_273' title='bbox 859 2537 1051 2591; x_wconf 89' lang='lat' dir='ltr'><strong>nempe</strong></span> <span class='ocrx_word' id='word_1_274' title='bbox 1082 2520 1276 2577; x_wconf 87' lang='lat' dir='ltr'><strong>Filium</strong></span> <span class='ocrx_word' id='word_1_275' title='bbox 1317 2538 1420 2577; x_wconf 93' lang='lat' dir='ltr'><strong>non</strong></span> <span class='ocrx_word' id='word_1_276' title='bbox 1452 2525 1608 2578; x_wconf 86' lang='lat' dir='ltr'><strong>aliter</strong></span> <span class='ocrx_word' id='word_1_277' title='bbox 1647 2525 1795 2578; x_wconf 89' lang='lat' dir='ltr'><strong>diem</strong></span> <span class='ocrx_word' id='word_1_278' title='bbox 1849 2525 1996 2579; x_wconf 91' lang='lat' dir='ltr'><strong>illum</strong></span> <span class='ocrx_word' id='word_1_279' title='bbox 2032 2525 2114 2579; x_wconf 88' lang='lat' dir='ltr'><strong>vel</strong></span> 
     </span>
    </p>
   </div>
   <div class='ocr_carea' id='block_1_40' title="bbox 535 2613 2116 2682">
    <p class='ocr_par' dir='ltr' id='par_1_40' title="bbox 535 2613 2116 2682">
     <span class='ocr_line' id='line_1_40' title="bbox 535 2613 2116 2682; baseline 0.001 -16"><span class='ocrx_word' id='word_1_280' title='bbox 535 2613 724 2666; x_wconf 87' lang='lat' dir='ltr'><strong>horam</strong></span> <span class='ocrx_word' id='word_1_281' title='bbox 756 2627 935 2679; x_wconf 91' lang='lat' dir='ltr'><strong>nosse,</strong></span> <span class='ocrx_word' id='word_1_282' title='bbox 965 2628 1126 2682; x_wconf 87' lang='lat' dir='ltr'><strong>quam</strong></span> <span class='ocrx_word' id='word_1_283' title='bbox 1163 2623 1218 2666; x_wconf 88' lang='lat' dir='ltr'><strong>ut</strong></span> <span class='ocrx_word' id='word_1_284' title='bbox 1248 2614 1428 2672; x_wconf 85' lang='lat' dir='ltr'><strong>Pater.</strong></span> <span class='ocrx_word' id='word_1_285' title='bbox 1453 2615 1593 2682; x_wconf 87' lang='lat' dir='ltr'><strong>Quid</strong></span> <span class='ocrx_word' id='word_1_286' title='bbox 1625 2616 1770 2670; x_wconf 91' lang='lat' dir='ltr'><strong>enim</strong></span> <span class='ocrx_word' id='word_1_287' title='bbox 1811 2615 1938 2670; x_wconf 91' lang='lat' dir='ltr'><strong>hinc</strong></span> <span class='ocrx_word' id='word_1_288' title='bbox 1964 2616 2116 2670; x_wconf 90' lang='lat' dir='ltr'><strong>colli-</strong></span> 
     </span>
    </p>
   </div>
   <div class='ocr_carea' id='block_1_41' title="bbox 535 2701 2112 2774">
    <p class='ocr_par' dir='ltr' id='par_1_41' title="bbox 535 2701 2112 2774">
     <span class='ocr_line' id='line_1_41' title="bbox 535 2701 2112 2774; baseline 0.004 -20"><span class='ocrx_word' id='word_1_289' title='bbox 535 2702 680 2772; x_wconf 80' lang='lat' dir='ltr'><strong>gitur</strong></span> <span class='ocrx_word' id='word_1_290' title='bbox 700 2701 723 2756; x_wconf 86' lang='lat'><strong>?</strong></span> <span class='ocrx_word' id='word_1_291' title='bbox 746 2703 1014 2769; x_wconf 82' lang='lat' dir='ltr'><strong>Quoniam</strong></span> <span class='ocrx_word' id='word_1_292' title='bbox 1045 2702 1205 2758; x_wconf 88' lang='lat' dir='ltr'><strong>Pater</strong></span> <span class='ocrx_word' id='word_1_293' title='bbox 1222 2707 1522 2774; x_wconf 85' lang='lat' dir='ltr'><strong>cognoscit,</strong></span> <span class='ocrx_word' id='word_1_294' title='bbox 1565 2707 1686 2761; x_wconf 90' lang='lat' dir='ltr'><strong>ideo</strong></span> <span class='ocrx_word' id='word_1_295' title='bbox 1711 2705 1876 2762; x_wconf 91' lang='lat' dir='ltr'><strong>etiam</strong></span> <span class='ocrx_word' id='word_1_296' title='bbox 1901 2706 2071 2761; x_wconf 85' lang='lat' dir='ltr'><strong>Filius</strong></span> <span class='ocrx_word' id='word_1_297' title='bbox 2099 2725 2112 2761; x_wconf 92' lang='lat'>:</span> 
     </span>
    </p>
   </div>
   <div class='ocr_carea' id='block_1_42' title="bbox 535 2793 2117 2868">
    <p class='ocr_par' dir='ltr' id='par_1_42' title="bbox 535 2793 2117 2868">
     <span class='ocr_line' id='line_1_42' title="bbox 535 2793 2117 2868; baseline 0.004 -25"><span class='ocrx_word' id='word_1_298' title='bbox 535 2801 792 2860; x_wconf 87' lang='lat' dir='ltr'><strong>tanquam</strong></span> <span class='ocrx_word' id='word_1_299' title='bbox 841 2793 1091 2849; x_wconf 74' lang='lat' dir='ltr'><strong>videlicet</strong></span> <span class='ocrx_word' id='word_1_300' title='bbox 1126 2811 1285 2850; x_wconf 92' lang='lat' dir='ltr'><strong>nemo</strong></span> <span class='ocrx_word' id='word_1_301' title='bbox 1323 2796 1424 2852; x_wconf 88' lang='lat' dir='ltr'><strong>hoc</strong></span> <span class='ocrx_word' id='word_1_302' title='bbox 1463 2812 1791 2868; x_wconf 75' lang='lat' dir='ltr'><strong>cognoscere</strong></span> <span class='ocrx_word' id='word_1_303' title='bbox 1831 2812 1896 2852; x_wconf 88' lang='lat' dir='ltr'><strong>ac</strong></span> <span class='ocrx_word' id='word_1_304' title='bbox 1943 2797 2117 2866; x_wconf 88' lang='lat' dir='ltr'><strong>perci-</strong></span> 
     </span>
    </p>
   </div>
   <div class='ocr_carea' id='block_1_43' title="bbox 535 2887 2121 2958">
    <p class='ocr_par' dir='ltr' id='par_1_43' title="bbox 535 2887 2121 2958">
     <span class='ocr_line' id='line_1_43' title="bbox 535 2887 2121 2958; baseline 0.004 -24"><span class='ocrx_word' id='word_1_305' title='bbox 535 2898 664 2951; x_wconf 89' lang='lat' dir='ltr'><strong>pere</strong></span> <span class='ocrx_word' id='word_1_306' title='bbox 687 2893 872 2951; x_wconf 84' lang='lat' dir='ltr'><strong>queat,</strong></span> <span class='ocrx_word' id='word_1_307' title='bbox 901 2895 1096 2952; x_wconf 58' lang='lat' dir='ltr'><strong>praeter</strong></span> <span class='ocrx_word' id='word_1_308' title='bbox 1120 2887 1416 2956; x_wconf 87' lang='lat' dir='ltr'><strong>principem</strong></span> <span class='ocrx_word' id='word_1_309' title='bbox 1448 2887 1591 2942; x_wconf 90' lang='lat' dir='ltr'><strong>illam</strong></span> <span class='ocrx_word' id='word_1_310' title='bbox 1618 2899 1887 2943; x_wconf 84' lang='lat' dir='ltr'><strong>naturam.</strong></span> <span class='ocrx_word' id='word_1_311' title='bbox 1919 2887 2121 2958; x_wconf 90' lang='lat' dir='ltr'><strong>Super-</strong></span> 
     </span>
    </p>
   </div>
   <div class='ocr_carea' id='block_1_44' title="bbox 536 2973 2120 3044">
    <p class='ocr_par' dir='ltr' id='par_1_44' title="bbox 536 2973 2120 3044">
     <span class='ocr_line' id='line_1_44' title="bbox 536 2973 2120 3044; baseline 0.005 -18"><span class='ocrx_word' id='word_1_312' title='bbox 536 2984 653 3028; x_wconf 86' lang='lat' dir='ltr'><strong>erat</strong></span> <span class='ocrx_word' id='word_1_313' title='bbox 699 2973 810 3042; x_wconf 85' lang='lat' dir='ltr'><strong>jam</strong></span> <span class='ocrx_word' id='word_1_314' title='bbox 875 2977 940 3031; x_wconf 90' lang='lat' dir='ltr'><strong>de</strong></span> <span class='ocrx_word' id='word_1_315' title='bbox 994 2977 1098 3032; x_wconf 87' lang='lat' dir='ltr'><strong>hoc</strong></span> <span class='ocrx_word' id='word_1_316' title='bbox 1173 2977 1711 3033; x_wconf 80' lang='lat' dir='ltr'><strong>verbonandatum</strong></span> <span class='ocrx_word' id='word_1_317' title='bbox 1778 2987 1884 3044; x_wconf 87' lang='lat' dir='ltr'><strong>est,</strong></span> <span class='ocrx_word' id='word_1_318' title='bbox 1942 2981 2008 3034; x_wconf 87' lang='lat' dir='ltr'><strong>de</strong></span> <span class='ocrx_word' id='word_1_319' title='bbox 2054 2995 2120 3034; x_wconf 92' lang='lat' dir='ltr'><strong>eo</strong></span> 
     </span>
    </p>
   </div>
   <div class='ocr_carea' id='block_1_45' title="bbox 535 3065 2114 3140">
    <p class='ocr_par' dir='ltr' id='par_1_45' title="bbox 535 3065 2114 3140">
     <span class='ocr_line' id='line_1_45' title="bbox 535 3065 2114 3140; baseline 0.005 -23"><span class='ocrx_word' id='word_1_320' title='bbox 535 3065 724 3130; x_wconf 89' lang='lat' dir='ltr'><strong>etiam,</strong></span> <span class='ocrx_word' id='word_1_321' title='bbox 748 3068 890 3136; x_wconf 89' lang='lat' dir='ltr'><strong>quod</strong></span> <span class='ocrx_word' id='word_1_322' title='bbox 926 3067 1104 3123; x_wconf 85' lang='lat' dir='ltr'><strong>Patris</strong></span> <span class='ocrx_word' id='word_1_323' title='bbox 1135 3069 1386 3124; x_wconf 85' lang='lat' dir='ltr'><strong>mandata</strong></span> <span class='ocrx_word' id='word_1_324' title='bbox 1435 3084 1707 3134; x_wconf 88' lang='lat' dir='ltr'><strong>servasse,</strong></span> <span class='ocrx_word' id='word_1_325' title='bbox 1740 3079 1814 3134; x_wconf 85' lang='lat' dir='ltr'><strong>et,</strong></span> <span class='ocrx_word' id='word_1_326' title='bbox 1845 3085 1966 3140; x_wconf 75' lang='lat' dir='ltr'><strong>qua:</strong></span> <span class='ocrx_word' id='word_1_327' title='bbox 2002 3069 2114 3140; x_wconf 84' lang='lat' dir='ltr'><strong>pla-</strong></span> 
     </span>
    </p>
   </div>
   <div class='ocr_carea' id='block_1_46' title="bbox 537 3155 2121 3226">
    <p class='ocr_par' dir='ltr' id='par_1_46' title="bbox 537 3155 2121 3226">
     <span class='ocr_line' id='line_1_46' title="bbox 537 3155 2121 3226; baseline 0.004 -22"><span class='ocrx_word' id='word_1_328' title='bbox 537 3155 646 3207; x_wconf 89' lang='lat' dir='ltr'><strong>cita</strong></span> <span class='ocrx_word' id='word_1_329' title='bbox 696 3165 826 3209; x_wconf 90' lang='lat' dir='ltr'><strong>sunt</strong></span> <span class='ocrx_word' id='word_1_330' title='bbox 856 3156 925 3218; x_wconf 89' lang='lat' dir='ltr'><strong>ei,</strong></span> <span class='ocrx_word' id='word_1_331' title='bbox 959 3171 1174 3226; x_wconf 86' lang='lat' dir='ltr'><strong>semper</strong></span> <span class='ocrx_word' id='word_1_332' title='bbox 1211 3157 1409 3212; x_wconf 81' lang='lat' dir='ltr'><strong>fecisse</strong></span> <span class='ocrx_word' id='word_1_333' title='bbox 1457 3157 1654 3210; x_wconf 91' lang='lat' dir='ltr'><strong>dicitur</strong></span> <span class='ocrx_word' id='word_1_334' title='bbox 1698 3161 1748 3217; x_wconf 82' lang='grc'><strong>¹;</strong></span> <span class='ocrx_word' id='word_1_335' title='bbox 1781 3172 1846 3210; x_wconf 89' lang='lat' dir='ltr'><strong>ac</strong></span> <span class='ocrx_word' id='word_1_336' title='bbox 1894 3157 2121 3225; x_wconf 90' lang='lat' dir='ltr'><strong>insuper</strong></span> 
     </span>
    </p>
   </div>
   <div class='ocr_carea' id='block_1_47' title="bbox 536 3243 2120 3315">
    <p class='ocr_par' dir='ltr' id='par_1_47' title="bbox 536 3243 2120 3315">
     <span class='ocr_line' id='line_1_47' title="bbox 536 3243 2120 3315; baseline 0.003 -17"><span class='ocrx_word' id='word_1_337' title='bbox 536 3243 604 3299; x_wconf 81' lang='lat' dir='ltr'><strong>d:</strong></span> <span class='ocrx_word' id='word_1_338' title='bbox 633 3252 1101 3304; x_wconf 87' lang='lat' dir='ltr'><strong>consummatione</strong></span> <span class='ocrx_word' id='word_1_339' title='bbox 1121 3258 1176 3304; x_wconf 92' lang='lat' dir='ltr'><strong>et</strong></span> <span class='ocrx_word' id='word_1_340' title='bbox 1203 3249 1556 3315; x_wconf 81' lang='lat' dir='ltr'><strong>exaltatione,</strong></span> <span class='ocrx_word' id='word_1_341' title='bbox 1585 3263 1651 3302; x_wconf 90' lang='lat' dir='ltr'><strong>ac</strong></span> <span class='ocrx_word' id='word_1_342' title='bbox 1679 3247 1744 3302; x_wconf 89' lang='lat' dir='ltr'><strong>de</strong></span> <span class='ocrx_word' id='word_1_343' title='bbox 1767 3261 1851 3310; x_wconf 88' lang='lat' dir='ltr'><strong>eo,</strong></span> <span class='ocrx_word' id='word_1_344' title='bbox 1887 3249 2031 3313; x_wconf 90' lang='lat' dir='ltr'><strong>quod</strong></span> <span class='ocrx_word' id='word_1_345' title='bbox 2053 3264 2120 3303; x_wconf 84' lang='lat' dir='ltr'><strong>ex</strong></span> 
     </span>
    </p>
   </div>
   <div class='ocr_carea' id='block_1_48' title="bbox 539 3337 2123 3404">
    <p class='ocr_par' dir='ltr' id='par_1_48' title="bbox 539 3337 2123 3404">
     <span class='ocr_line' id='line_1_48' title="bbox 539 3337 2123 3404; baseline -0.001 -13"><span class='ocrx_word' id='word_1_346' title='bbox 539 3337 652 3403; x_wconf 86' lang='lat' dir='ltr'><strong>his,</strong></span> <span class='ocrx_word' id='word_1_347' title='bbox 689 3351 808 3404; x_wconf 78' lang='lat' dir='ltr'><strong>qua:</strong></span> <span class='ocrx_word' id='word_1_348' title='bbox 843 3353 1036 3404; x_wconf 85' lang='lat' dir='ltr'><strong>passus</strong></span> <span class='ocrx_word' id='word_1_349' title='bbox 1069 3345 1173 3399; x_wconf 85' lang='lat' dir='ltr'><strong>est,</strong></span> <span class='ocrx_word' id='word_1_350' title='bbox 1227 3338 1592 3392; x_wconf 87' lang='lat' dir='ltr'><strong>obedientiam</strong></span> <span class='ocrx_word' id='word_1_351' title='bbox 1638 3337 1894 3391; x_wconf 86' lang='lat' dir='ltr'><strong>didicisse</strong></span> <span class='ocrx_word' id='word_1_352' title='bbox 1926 3339 2123 3393; x_wconf 86' lang='lat' dir='ltr'><strong>scribi-</strong></span> 
     </span>
    </p>
   </div>
   <div class='ocr_carea' id='block_1_49' title="bbox 543 3426 2124 3492">
    <p class='ocr_par' dir='ltr' id='par_1_49' title="bbox 543 3426 2124 3492">
     <span class='ocr_line' id='line_1_49' title="bbox 543 3426 2124 3492; baseline 0.001 -14"><span class='ocrx_word' id='word_1_353' title='bbox 543 3437 634 3479; x_wconf 94' lang='lat' dir='ltr'><strong>tur</strong></span> <span class='ocrx_word' id='word_1_354' title='bbox 663 3427 706 3491; x_wconf 81' lang='lat'><strong>’,</strong></span> <span class='ocrx_word' id='word_1_355' title='bbox 741 3429 809 3479; x_wconf 88' lang='lat' dir='ltr'><strong>de</strong></span> <span class='ocrx_word' id='word_1_356' title='bbox 845 3427 1156 3480; x_wconf 84' lang='lat' dir='ltr'><strong>sacerdotio</strong></span> <span class='ocrx_word' id='word_1_357' title='bbox 1190 3426 1209 3456; x_wconf 89' lang='grc'>³</span> <span class='ocrx_word' id='word_1_358' title='bbox 1237 3426 1386 3491; x_wconf 90' lang='lat' dir='ltr'><strong>item,</strong></span> <span class='ocrx_word' id='word_1_359' title='bbox 1421 3437 1474 3482; x_wconf 88' lang='lat' dir='ltr'><strong>et</strong></span> <span class='ocrx_word' id='word_1_360' title='bbox 1513 3429 1792 3483; x_wconf 86' lang='lat' dir='ltr'><strong>oblatione</strong></span> <span class='ocrx_word' id='word_1_361' title='bbox 1823 3428 1864 3492; x_wconf 66' lang='grc' dir='ltr'>δ,</span> <span class='ocrx_word' id='word_1_362' title='bbox 1918 3438 1973 3482; x_wconf 81' lang='grc' dir='ltr'><strong>ει</strong></span> <span class='ocrx_word' id='word_1_363' title='bbox 2009 3442 2124 3482; x_wconf 85' lang='lat' dir='ltr'><strong>tra-</strong></span> 
     </span>
    </p>
   </div>
   <div class='ocr_carea' id='block_1_50' title="bbox 540 3518 2118 3586">
    <p class='ocr_par' dir='ltr' id='par_1_50' title="bbox 540 3518 2118 3586">
     <span class='ocr_line' id='line_1_50' title="bbox 540 3518 2118 3586; baseline 0.001 -16"><span class='ocrx_word' id='word_1_364' title='bbox 540 3518 745 3572; x_wconf 87' lang='lat' dir='ltr'><strong>ditione</strong></span> <span class='ocrx_word' id='word_1_365' title='bbox 774 3525 816 3581; x_wconf 81' lang='grc'>⁵,</span> <span class='ocrx_word' id='word_1_366' title='bbox 846 3528 904 3572; x_wconf 85' lang='lat' dir='ltr'><strong>et.</strong></span> <span class='ocrx_word' id='word_1_367' title='bbox 941 3521 1192 3573; x_wconf 86' lang='lat' dir='ltr'><strong>oratione</strong></span> <span class='ocrx_word' id='word_1_368' title='bbox 1223 3521 1288 3573; x_wconf 85' lang='lat' dir='ltr'><strong>ad</strong></span> <span class='ocrx_word' id='word_1_369' title='bbox 1326 3534 1452 3573; x_wconf 91' lang='lat' dir='ltr'><strong>eum</strong></span> <span class='ocrx_word' id='word_1_370' title='bbox 1489 3522 1579 3586; x_wconf 89' lang='lat' dir='ltr'><strong>qui</strong></span> <span class='ocrx_word' id='word_1_371' title='bbox 1619 3535 1648 3572; x_wconf 88' lang='lat' dir='ltr'><strong>a</strong></span> <span class='ocrx_word' id='word_1_372' title='bbox 1690 3530 1864 3574; x_wconf 89' lang='lat' dir='ltr'><strong>morte</strong></span> <span class='ocrx_word' id='word_1_373' title='bbox 1905 3521 2118 3574; x_wconf 83' lang='lat' dir='ltr'><strong>salvum</strong></span> 
     </span>
    </p>
   </div>
   <div class='ocr_carea' id='block_1_51' title="bbox 537 3609 2119 3679">
    <p class='ocr_par' dir='ltr' id='par_1_51' title="bbox 537 3609 2119 3679">
     <span class='ocr_line' id='line_1_51' title="bbox 537 3609 2119 3679; baseline 0.002 -18"><span class='ocrx_word' id='word_1_374' title='bbox 537 3623 662 3661; x_wconf 91' lang='lat' dir='ltr'><strong>eum</strong></span> <span class='ocrx_word' id='word_1_375' title='bbox 697 3609 876 3664; x_wconf 83' lang='lat' dir='ltr'><strong>lacere</strong></span> <span class='ocrx_word' id='word_1_376' title='bbox 909 3621 1158 3678; x_wconf 81' lang='lat' dir='ltr'><strong>poterat;</strong></span> <span class='ocrx_word' id='word_1_377' title='bbox 1202 3609 1269 3665; x_wconf 86' lang='lat' dir='ltr'><strong>ad</strong></span> <span class='ocrx_word' id='word_1_378' title='bbox 1306 3610 1419 3664; x_wconf 68' lang='lat' dir='ltr'><strong>haec</strong></span> <span class='ocrx_word' id='word_1_379' title='bbox 1447 3611 1514 3664; x_wconf 90' lang='lat' dir='ltr'><strong>de</strong></span> <span class='ocrx_word' id='word_1_380' title='bbox 1543 3612 1761 3678; x_wconf 79' lang='lat' dir='ltr'><strong>agonia,</strong></span> <span class='ocrx_word' id='word_1_381' title='bbox 1795 3620 1848 3664; x_wconf 89' lang='lat' dir='ltr'><strong>et</strong></span> <span class='ocrx_word' id='word_1_382' title='bbox 1900 3612 2119 3679; x_wconf 84' lang='lat' dir='ltr'><strong>sangui-</strong></span> 
     </span>
    </p>
   </div>
   <div class='ocr_carea' id='block_1_52' title="bbox 540 3703 2121 3773">
    <p class='ocr_par' dir='ltr' id='par_1_52' title="bbox 540 3703 2121 3773">
     <span class='ocr_line' id='line_1_52' title="bbox 540 3703 2121 3773; baseline 0.003 -21"><span class='ocrx_word' id='word_1_383' title='bbox 540 3714 641 3752; x_wconf 88' lang='lat' dir='ltr'><strong>neo</strong></span> <span class='ocrx_word' id='word_1_384' title='bbox 664 3703 884 3764; x_wconf 86' lang='lat' dir='ltr'><strong>sudore,</strong></span> <span class='ocrx_word' id='word_1_385' title='bbox 923 3711 1088 3769; x_wconf 87' lang='lat' dir='ltr'><strong>atque</strong></span> <span class='ocrx_word' id='word_1_386' title='bbox 1113 3704 1364 3758; x_wconf 89' lang='lat' dir='ltr'><strong>oratione</strong></span> <span class='ocrx_word' id='word_1_387' title='bbox 1391 3705 1434 3768; x_wconf 79' lang='lat'><strong>°,</strong></span> <span class='ocrx_word' id='word_1_388' title='bbox 1479 3712 1533 3756; x_wconf 88' lang='lat' dir='ltr'><strong>et</strong></span> <span class='ocrx_word' id='word_1_389' title='bbox 1563 3703 1609 3757; x_wconf 89' lang='lat' dir='ltr'><strong>si</strong></span> <span class='ocrx_word' id='word_1_390' title='bbox 1644 3704 1771 3773; x_wconf 91' lang='lat' dir='ltr'><strong>quid</strong></span> <span class='ocrx_word' id='word_1_391' title='bbox 1806 3703 1948 3756; x_wconf 85' lang='lat' dir='ltr'><strong>aliud</strong></span> <span class='ocrx_word' id='word_1_392' title='bbox 1973 3703 2121 3771; x_wconf 84' lang='lat' dir='ltr'><strong>ejus-</strong></span> 
     </span>
    </p>
   </div>
   <div class='ocr_carea' id='block_1_53' title="bbox 2441 1782 3766 1860">
    <p class='ocr_par' dir='ltr' id='par_1_53' title="bbox 2441 1782 3766 1860">
     <span class='ocr_line' id='line_1_53' title="bbox 2441 1782 3766 1860; baseline -0.002 -17"><span class='ocrx_word' id='word_1_393' title='bbox 2441 1791 2505 1843; x_wconf 76' lang='grc' dir='ltr'><strong>Εἰ</strong></span> <span class='ocrx_word' id='word_1_394' title='bbox 2543 1790 2639 1860; x_wconf 78' lang='grc' dir='ltr'><strong>μὲν</strong></span> <span class='ocrx_word' id='word_1_395' title='bbox 2675 1783 2768 1843; x_wconf 75' lang='grc' dir='ltr'><strong>οὖν</strong></span> <span class='ocrx_word' id='word_1_396' title='bbox 2807 1782 2962 1851; x_wconf 68' lang='grc' dir='ltr'>οὗτος</span> <span class='ocrx_word' id='word_1_397' title='bbox 2987 1787 3271 1858; x_wconf 81' lang='grc' dir='ltr'>αὐτάρκης</span> <span class='ocrx_word' id='word_1_398' title='bbox 3297 1789 3328 1840; x_wconf 99' lang='lat'><strong>6</strong></span> <span class='ocrx_word' id='word_1_399' title='bbox 3351 1787 3524 1855; x_wconf 86' lang='grc' dir='ltr'>λόγος,</span> <span class='ocrx_word' id='word_1_400' title='bbox 3557 1785 3766 1840; x_wconf 75' lang='grc' dir='ltr'>ἐνταῦθα</span> 
     </span>
    </p>
   </div>
   <div class='ocr_carea' id='block_1_54' title="bbox 2750 1879 3767 1951">
    <p class='ocr_par' dir='ltr' id='par_1_54' title="bbox 2750 1879 3767 1951">
     <span class='ocr_line' id='line_1_54' title="bbox 2750 1879 3767 1951; baseline -0.002 -17"><span class='ocrx_word' id='word_1_401' title='bbox 2750 1881 2843 1934; x_wconf 79' lang='grc' dir='ltr'><strong>καὶ</strong></span> <span class='ocrx_word' id='word_1_402' title='bbox 2882 1881 3048 1951; x_wconf 81' lang='grc' dir='ltr'>μηδὲν</span> <span class='ocrx_word' id='word_1_403' title='bbox 3088 1880 3249 1933; x_wconf 81' lang='grc' dir='ltr'>πλέον</span> <span class='ocrx_word' id='word_1_404' title='bbox 3299 1879 3681 1950; x_wconf 78' lang='grc' dir='ltr'>ὲπιζητείσθωο</span> <span class='ocrx_word' id='word_1_405' title='bbox 3726 1881 3767 1932; x_wconf 77' lang='grc' dir='ltr'>εὶ</span> 
     </span>
    </p>
   </div>
   <div class='ocr_carea' id='block_1_55' title="bbox 2207 1971 3766 2047">
    <p class='ocr_par' dir='ltr' id='par_1_55' title="bbox 2207 1971 3766 2047">
     <span class='ocr_line' id='line_1_55' title="bbox 2207 1971 3766 2047; baseline -0.004 -17"><span class='ocrx_word' id='word_1_406' title='bbox 2207 1975 2384 2047; x_wconf 79' lang='grc' dir='ltr'>δὲμὴ,</span> <span class='ocrx_word' id='word_1_407' title='bbox 2409 1976 2469 2028; x_wconf 88' lang='grc' dir='ltr'><strong>τό</strong></span> <span class='ocrx_word' id='word_1_408' title='bbox 2513 1991 2577 2042; x_wconf 89' lang='grc' dir='ltr'><strong>γε</strong></span> <span class='ocrx_word' id='word_1_409' title='bbox 2617 1973 2889 2044; x_wconf 82' lang='grc' dir='ltr'>δεύτερον,</span> <span class='ocrx_word' id='word_1_410' title='bbox 2931 1972 3119 2044; x_wconf 84' lang='grc' dir='ltr'>ὥσπερ</span> <span class='ocrx_word' id='word_1_411' title='bbox 3167 1973 3276 2025; x_wconf 83' lang='grc' dir='ltr'><strong>τῶν</strong></span> <span class='ocrx_word' id='word_1_412' title='bbox 3319 1971 3491 2026; x_wconf 77' lang='grc' dir='ltr'>ἄλλων</span> <span class='ocrx_word' id='word_1_413' title='bbox 3538 1972 3766 2035; x_wconf 78' lang='grc' dir='ltr'>ἕκαστον,</span> 
     </span>
    </p>
   </div>
   <div class='ocr_carea' id='block_1_56' title="bbox 2207 2063 3771 2138">
    <p class='ocr_par' dir='ltr' id='par_1_56' title="bbox 2207 2063 3771 2138">
     <span class='ocr_line' id='line_1_56' title="bbox 2207 2063 3771 2138; baseline -0.003 -17"><span class='ocrx_word' id='word_1_414' title='bbox 2207 2067 2349 2121; x_wconf 69' lang='grc' dir='ltr'>οὕτω</span> <span class='ocrx_word' id='word_1_415' title='bbox 2379 2066 2444 2136; x_wconf 83' lang='grc' dir='ltr'>δὴ</span> <span class='ocrx_word' id='word_1_416' title='bbox 2621 2067 2713 2120; x_wconf 77' lang='grc' dir='ltr'><strong>καὶ</strong></span> <span class='ocrx_word' id='word_1_417' title='bbox 2756 2068 2789 2138; x_wconf 81' lang='grc' dir='ltr'>ἡ</span> <span class='ocrx_word' id='word_1_418' title='bbox 2833 2065 3033 2134; x_wconf 84' lang='grc' dir='ltr'>γνῶσις</span> <span class='ocrx_word' id='word_1_419' title='bbox 3085 2064 3192 2118; x_wconf 84' lang='grc' dir='ltr'><strong>τῶν</strong></span> <span class='ocrx_word' id='word_1_420' title='bbox 3235 2063 3528 2135; x_wconf 87' lang='grc' dir='ltr'>μεγίστων,</span> <span class='ocrx_word' id='word_1_421' title='bbox 3564 2064 3652 2116; x_wconf 77' lang='grc' dir='ltr'>ἐπὶ</span> <span class='ocrx_word' id='word_1_422' title='bbox 3684 2063 3771 2130; x_wconf 78' lang='grc' dir='ltr'>τὴν</span> 
     </span>
    </p>
   </div>
   <div class='ocr_carea' id='block_1_57' title="bbox 2211 2154 3771 2229">
    <p class='ocr_par' dir='ltr' id='par_1_57' title="bbox 2211 2154 3771 2229">
     <span class='ocr_line' id='line_1_57' title="bbox 2211 2154 3771 2229; baseline -0.004 -17"><span class='ocrx_word' id='word_1_423' title='bbox 2211 2161 2390 2212; x_wconf 81' lang='grc' dir='ltr'>αἰτίαν</span> <span class='ocrx_word' id='word_1_424' title='bbox 2433 2158 2786 2229; x_wconf 75' lang='grc' dir='ltr'>ἀναφερέσθω</span> <span class='ocrx_word' id='word_1_425' title='bbox 2838 2160 2970 2227; x_wconf 84' lang='grc' dir='ltr'>τιμῇ</span> <span class='ocrx_word' id='word_1_426' title='bbox 3016 2155 3110 2210; x_wconf 82' lang='grc' dir='ltr'>τοῦ</span> <span class='ocrx_word' id='word_1_427' title='bbox 3165 2156 3509 2227; x_wconf 81' lang='grc' dir='ltr'>γεννήτορος.</span> <span class='ocrx_word' id='word_1_428' title='bbox 3556 2154 3771 2207; x_wconf 77' lang='grc' dir='ltr'>Δοκεῖδέ</span> 
     </span>
    </p>
   </div>
   <div class='ocr_carea' id='block_1_58' title="bbox 2214 2244 3768 2322">
    <p class='ocr_par' dir='ltr' id='par_1_58' title="bbox 2214 2244 3768 2322">
     <span class='ocr_line' id='line_1_58' title="bbox 2214 2244 3768 2322; baseline -0.003 -17"><span class='ocrx_word' id='word_1_429' title='bbox 2214 2251 2305 2322; x_wconf 86' lang='grc' dir='ltr'><strong>μοί</strong></span> <span class='ocrx_word' id='word_1_430' title='bbox 2337 2268 2440 2314; x_wconf 90' lang='grc' dir='ltr'>τις,</span> <span class='ocrx_word' id='word_1_431' title='bbox 2475 2250 2596 2321; x_wconf 87' lang='grc' dir='ltr'>μηδ’</span> <span class='ocrx_word' id='word_1_432' title='bbox 2619 2248 2684 2302; x_wconf 85' lang='grc' dir='ltr'>ἂν</span> <span class='ocrx_word' id='word_1_433' title='bbox 2714 2248 2936 2310; x_wconf 82' lang='grc' dir='ltr'>ἐκείνως</span> <span class='ocrx_word' id='word_1_434' title='bbox 2958 2248 3246 2315; x_wconf 83' lang='grc' dir='ltr'>ἀναγνοὺς,</span> <span class='ocrx_word' id='word_1_435' title='bbox 3273 2247 3351 2310; x_wconf 88' lang='grc' dir='ltr'>ὼς</span> <span class='ocrx_word' id='word_1_436' title='bbox 3376 2245 3483 2298; x_wconf 83' lang='grc' dir='ltr'>τῶν</span> <span class='ocrx_word' id='word_1_437' title='bbox 3510 2244 3624 2299; x_wconf 77' lang='grc' dir='ltr'>καθ’</span> <span class='ocrx_word' id='word_1_438' title='bbox 3641 2245 3768 2315; x_wconf 79' lang='grc' dir='ltr'>ἡμᾶς</span> 
     </span>
    </p>
   </div>
   <div class='ocr_carea' id='block_1_59' title="bbox 2212 2336 3773 2414">
    <p class='ocr_par' dir='ltr' id='par_1_59' title="bbox 2212 2336 3773 2414">
     <span class='ocr_line' id='line_1_59' title="bbox 2212 2336 3773 2414; baseline -0.008 -15"><span class='ocrx_word' id='word_1_439' title='bbox 2212 2344 2512 2414; x_wconf 86' lang='grc' dir='ltr'>φιλολόγων</span> <span class='ocrx_word' id='word_1_440' title='bbox 2536 2359 2618 2404; x_wconf 91' lang='grc' dir='ltr'><strong>τις</strong></span> <span class='ocrx_word' id='word_1_441' title='bbox 2647 2340 2781 2412; x_wconf 80' lang='grc'>(56),</span> <span class='ocrx_word' id='word_1_442' title='bbox 2809 2339 3006 2410; x_wconf 82' lang='grc' dir='ltr'>μικρὸν</span> <span class='ocrx_word' id='word_1_443' title='bbox 3039 2339 3316 2409; x_wconf 77' lang='grc' dir='ltr'>ἐννοῆσαι,</span> <span class='ocrx_word' id='word_1_444' title='bbox 3349 2339 3430 2390; x_wconf 82' lang='grc' dir='ltr'><strong>ὅτι</strong></span> <span class='ocrx_word' id='word_1_445' title='bbox 3457 2337 3572 2390; x_wconf 80' lang='grc' dir='ltr'>οὐδὲ</span> <span class='ocrx_word' id='word_1_446' title='bbox 3601 2338 3628 2389; x_wconf 94' lang='lat'><strong>6</strong></span> <span class='ocrx_word' id='word_1_447' title='bbox 3659 2336 3773 2396; x_wconf 71' lang='grc' dir='ltr'>Υἱος</span> 
     </span>
    </p>
   </div>
   <div class='ocr_carea' id='block_1_60' title="bbox 2212 2422 3777 2507">
    <p class='ocr_par' dir='ltr' id='par_1_60' title="bbox 2212 2422 3777 2507">
     <span class='ocr_line' id='line_1_60' title="bbox 2212 2422 3777 2507; baseline -0.011 -16"><span class='ocrx_word' id='word_1_448' title='bbox 2212 2437 2386 2499; x_wconf 81' lang='grc' dir='ltr'>ἄλλως</span> <span class='ocrx_word' id='word_1_449' title='bbox 2418 2431 2524 2487; x_wconf 79' lang='grc' dir='ltr'>οἵδε</span> <span class='ocrx_word' id='word_1_450' title='bbox 2553 2433 2652 2502; x_wconf 82' lang='grc' dir='ltr'><strong>τὴν</strong></span> <span class='ocrx_word' id='word_1_451' title='bbox 2688 2431 2922 2502; x_wconf 83' lang='grc' dir='ltr'>ἡμέραν,</span> <span class='ocrx_word' id='word_1_452' title='bbox 2962 2429 2994 2500; x_wconf 87' lang='grc' dir='ltr'>ἢ</span> <span class='ocrx_word' id='word_1_453' title='bbox 3030 2428 3129 2507; x_wconf 77' lang='grc' dir='ltr'><strong>τῂν</strong></span> <span class='ocrx_word' id='word_1_454' title='bbox 3158 2428 3334 2498; x_wconf 84' lang='grc' dir='ltr'>ὥραν,</span> <span class='ocrx_word' id='word_1_455' title='bbox 3383 2429 3415 2500; x_wconf 83' lang='grc' dir='ltr'>ἢ</span> <span class='ocrx_word' id='word_1_456' title='bbox 3461 2427 3534 2491; x_wconf 89' lang='grc' dir='ltr'><strong>ώς</strong></span> <span class='ocrx_word' id='word_1_457' title='bbox 3702 2422 3777 2475; x_wconf 84' lang='grc' dir='ltr'>ὅτι</span> 
     </span>
    </p>
   </div>
   <div class='ocr_carea' id='block_1_61' title="bbox 2213 2516 3774 2596">
    <p class='ocr_par' dir='ltr' id='par_1_61' title="bbox 2213 2516 3774 2596">
     <span class='ocr_line' id='line_1_61' title="bbox 2213 2516 3774 2596; baseline -0.008 -15"><span class='ocrx_word' id='word_1_458' title='bbox 2213 2530 2242 2580; x_wconf 88' lang='lat'><strong>6</strong></span> <span class='ocrx_word' id='word_1_459' title='bbox 2281 2527 2493 2596; x_wconf 85' lang='grc' dir='ltr'>Πατήρ.</span> <span class='ocrx_word' id='word_1_460' title='bbox 2531 2523 2605 2577; x_wconf 91' lang='grc' dir='ltr'><strong>Τό</strong></span> <span class='ocrx_word' id='word_1_461' title='bbox 2643 2523 2748 2595; x_wconf 79' lang='grc' dir='ltr'><strong>γὰρ</strong></span> <span class='ocrx_word' id='word_1_462' title='bbox 2801 2520 3200 2591; x_wconf 75' lang='grc' dir='ltr'>συναγόμενον,</span> <span class='ocrx_word' id='word_1_463' title='bbox 3259 2522 3478 2584; x_wconf 84' lang='grc' dir='ltr'>ὁποῖον;</span> <span class='ocrx_word' id='word_1_464' title='bbox 3521 2516 3774 2588; x_wconf 78' lang='grc' dir='ltr'>Ἐπειδὴό</span> 
     </span>
    </p>
   </div>
   <div class='ocr_carea' id='block_1_62' title="bbox 2215 2607 3774 2689">
    <p class='ocr_par' dir='ltr' id='par_1_62' title="bbox 2215 2607 3774 2689">
     <span class='ocr_line' id='line_1_62' title="bbox 2215 2607 3774 2689; baseline -0.008 -18"><span class='ocrx_word' id='word_1_465' title='bbox 2215 2618 2406 2689; x_wconf 84' lang='grc' dir='ltr'>Πατὴρ</span> <span class='ocrx_word' id='word_1_466' title='bbox 2464 2613 2741 2684; x_wconf 83' lang='grc' dir='ltr'>γινώσκει,</span> <span class='ocrx_word' id='word_1_467' title='bbox 2781 2612 2869 2666; x_wconf 84' lang='grc' dir='ltr'><strong>διὰ</strong></span> <span class='ocrx_word' id='word_1_468' title='bbox 2910 2609 3066 2665; x_wconf 81' lang='grc' dir='ltr'>τοῦτο</span> <span class='ocrx_word' id='word_1_469' title='bbox 3113 2611 3206 2664; x_wconf 72' lang='grc' dir='ltr'>καὶ</span> <span class='ocrx_word' id='word_1_470' title='bbox 3247 2612 3276 2663; x_wconf 88' lang='lat'><strong>6</strong></span> <span class='ocrx_word' id='word_1_471' title='bbox 3323 2610 3475 2672; x_wconf 79' lang='grc' dir='ltr'>Υἱὸς,</span> <span class='ocrx_word' id='word_1_472' title='bbox 3507 2609 3581 2671; x_wconf 84' lang='grc' dir='ltr'>ὼς</span> <span class='ocrx_word' id='word_1_473' title='bbox 3615 2607 3774 2677; x_wconf 79' lang='grc' dir='ltr'>δῆλον,</span> 
     </span>
    </p>
   </div>
   <div class='ocr_carea' id='block_1_63' title="bbox 2215 2697 3775 2777">
    <p class='ocr_par' dir='ltr' id='par_1_63' title="bbox 2215 2697 3775 2777">
     <span class='ocr_line' id='line_1_63' title="bbox 2215 2697 3775 2777; baseline -0.004 -16"><span class='ocrx_word' id='word_1_474' title='bbox 2215 2709 2297 2762; x_wconf 81' lang='grc' dir='ltr'>ὅτι</span> <span class='ocrx_word' id='word_1_475' title='bbox 2335 2705 2523 2777; x_wconf 73' lang='grc' dir='ltr'>μηδενὶ</span> <span class='ocrx_word' id='word_1_476' title='bbox 2558 2702 2798 2772; x_wconf 70' lang='grc' dir='ltr'>γνωστὸν</span> <span class='ocrx_word' id='word_1_477' title='bbox 2834 2700 3011 2763; x_wconf 74' lang='grc' dir='ltr'>τοῦτο,</span> <span class='ocrx_word' id='word_1_478' title='bbox 3057 2701 3192 2772; x_wconf 82' lang='grc' dir='ltr'>μηδὲ</span> <span class='ocrx_word' id='word_1_479' title='bbox 3247 2699 3478 2771; x_wconf 78' lang='grc' dir='ltr'>ληπτὸν,</span> <span class='ocrx_word' id='word_1_480' title='bbox 3519 2698 3650 2769; x_wconf 82' lang='grc' dir='ltr'>πλὴν</span> <span class='ocrx_word' id='word_1_481' title='bbox 3689 2697 3775 2766; x_wconf 83' lang='grc' dir='ltr'><strong>τῆς</strong></span> 
     </span>
    </p>
   </div>
   <div class='ocr_carea' id='block_1_64' title="bbox 2218 2788 3777 2870">
    <p class='ocr_par' dir='ltr' id='par_1_64' title="bbox 2218 2788 3777 2870">
     <span class='ocr_line' id='line_1_64' title="bbox 2218 2788 3777 2870; baseline -0.008 -17"><span class='ocrx_word' id='word_1_482' title='bbox 2218 2799 2442 2870; x_wconf 80' lang='grc' dir='ltr'>πρώτης</span> <span class='ocrx_word' id='word_1_483' title='bbox 2469 2797 2704 2866; x_wconf 85' lang='grc' dir='ltr'>φύσεως.</span> <span class='ocrx_word' id='word_1_484' title='bbox 2753 2794 3032 2847; x_wconf 83' lang='grc' dir='ltr'>Ἐλείπετο</span> <span class='ocrx_word' id='word_1_485' title='bbox 3066 2795 3194 2864; x_wconf 78' lang='grc' dir='ltr'>περὶ</span> <span class='ocrx_word' id='word_1_486' title='bbox 3216 2792 3314 2845; x_wconf 82' lang='grc' dir='ltr'>τοῦ</span> <span class='ocrx_word' id='word_1_487' title='bbox 3356 2789 3673 2853; x_wconf 76' lang='grc' dir='ltr'>ἐντετάλθαι,</span> <span class='ocrx_word' id='word_1_488' title='bbox 3694 2788 3777 2841; x_wconf 80' lang='grc' dir='ltr'>καὶ</span> 
     </span>
    </p>
   </div>
   <div class='ocr_carea' id='block_1_65' title="bbox 2216 2879 3778 2960">
    <p class='ocr_par' dir='ltr' id='par_1_65' title="bbox 2216 2879 3778 2960">
     <span class='ocr_line' id='line_1_65' title="bbox 2216 2879 3778 2960; baseline -0.008 -17"><span class='ocrx_word' id='word_1_489' title='bbox 2216 2888 2578 2960; x_wconf 81' lang='grc' dir='ltr'>τετηρηκέναι</span> <span class='ocrx_word' id='word_1_490' title='bbox 2614 2886 2713 2948; x_wconf 85' lang='grc' dir='ltr'>τὰς</span> <span class='ocrx_word' id='word_1_491' title='bbox 2755 2883 2994 2947; x_wconf 77' lang='grc' dir='ltr'>ἐντολὰς,</span> <span class='ocrx_word' id='word_1_492' title='bbox 3020 2883 3115 2937; x_wconf 72' lang='grc' dir='ltr'><strong>καὶ</strong></span> <span class='ocrx_word' id='word_1_493' title='bbox 3143 2882 3214 2936; x_wconf 80' lang='grc' dir='ltr'>τὰ</span> <span class='ocrx_word' id='word_1_494' title='bbox 3247 2881 3458 2954; x_wconf 86' lang='grc' dir='ltr'>ἀρεστά</span> <span class='ocrx_word' id='word_1_495' title='bbox 3482 2879 3778 2948; x_wconf 73' lang='grc' dir='ltr'>αὐτῷ.πάνο</span> 
     </span>
    </p>
   </div>
   <div class='ocr_carea' id='block_1_66' title="bbox 2219 2966 3778 3041">
    <p class='ocr_par' dir='ltr' id='par_1_66' title="bbox 2219 2966 3778 3041">
     <span class='ocr_line' id='line_1_66' title="bbox 2219 2966 3778 3041; baseline -0.006 -13"><span class='ocrx_word' id='word_1_496' title='bbox 2219 2991 2339 3028; x_wconf 87' lang='grc' dir='ltr'>τοτε</span> <span class='ocrx_word' id='word_1_497' title='bbox 2393 2971 2772 3041; x_wconf 83' lang='grc' dir='ltr'>πεποιηκέναι,</span> <span class='ocrx_word' id='word_1_498' title='bbox 2819 2971 3094 3024; x_wconf 81' lang='grc' dir='ltr'>διαλαϐεῖν</span> <span class='ocrx_word' id='word_1_499' title='bbox 3147 2971 3298 3040; x_wconf 71' lang='grc' dir='ltr'>ἡμᾶς</span> <span class='ocrx_word' id='word_1_500' title='bbox 3325 2987 3339 3000; x_wconf 88' lang='grc'>·</span> <span class='ocrx_word' id='word_1_501' title='bbox 3377 2970 3455 3023; x_wconf 80' lang='grc' dir='ltr'>ἔτι</span> <span class='ocrx_word' id='word_1_502' title='bbox 3495 2969 3550 3023; x_wconf 84' lang='grc' dir='ltr'>δὲ</span> <span class='ocrx_word' id='word_1_503' title='bbox 3587 2966 3778 3020; x_wconf 87' lang='grc' dir='ltr'>τελειώ-</span> 
     </span>
    </p>
   </div>
   <div class='ocr_carea' id='block_1_67' title="bbox 2225 3053 3777 3133">
    <p class='ocr_par' dir='ltr' id='par_1_67' title="bbox 2225 3053 3777 3133">
     <span class='ocr_line' id='line_1_67' title="bbox 2225 3053 3777 3133; baseline -0.005 -14"><span class='ocrx_word' id='word_1_504' title='bbox 2225 3083 2386 3130; x_wconf 88' lang='grc' dir='ltr'>σεως,</span> <span class='ocrx_word' id='word_1_505' title='bbox 2415 3065 2510 3119; x_wconf 72' lang='grc' dir='ltr'><strong>καὶ</strong></span> <span class='ocrx_word' id='word_1_506' title='bbox 2556 3062 2838 3133; x_wconf 63' lang='grc' dir='ltr'>ὐψώσεως,</span> <span class='ocrx_word' id='word_1_507' title='bbox 2886 3062 2980 3115; x_wconf 82' lang='grc' dir='ltr'>καὶ</span> <span class='ocrx_word' id='word_1_508' title='bbox 3025 3061 3120 3114; x_wconf 82' lang='grc' dir='ltr'>τοῦ</span> <span class='ocrx_word' id='word_1_509' title='bbox 3170 3061 3387 3132; x_wconf 86' lang='grc' dir='ltr'>μαθεῖν,</span> <span class='ocrx_word' id='word_1_510' title='bbox 3430 3059 3488 3126; x_wconf 78' lang='grc' dir='ltr'>ἐξ</span> <span class='ocrx_word' id='word_1_511' title='bbox 3517 3053 3777 3116; x_wconf 77' lang='grc' dir='ltr'>ὧνέπαοε.</span> 
     </span>
    </p>
   </div>
   <div class='ocr_carea' id='block_1_68' title="bbox 2169 3151 3777 3229">
    <p class='ocr_par' dir='ltr' id='par_1_68' title="bbox 2169 3151 3777 3229">
     <span class='ocr_line' id='line_1_68' title="bbox 2169 3151 3777 3229; baseline -0.006 -17"><span class='ocrx_word' id='word_1_512' title='bbox 2169 3210 2183 3226; x_wconf 71' lang='grc'><strong>,</strong></span> <span class='ocrx_word' id='word_1_513' title='bbox 2224 3158 2323 3229; x_wconf 78' lang='grc' dir='ltr'>τὴν</span> <span class='ocrx_word' id='word_1_514' title='bbox 2355 3156 2626 3227; x_wconf 82' lang='grc' dir='ltr'>ὑπακοὴν,</span> <span class='ocrx_word' id='word_1_515' title='bbox 2663 3155 2757 3208; x_wconf 73' lang='grc' dir='ltr'><strong>καὶ</strong></span> <span class='ocrx_word' id='word_1_516' title='bbox 2791 3153 3200 3226; x_wconf 76' lang='grc' dir='ltr'>ἀρχιερωσύνης</span> <span class='ocrx_word' id='word_1_517' title='bbox 3231 3170 3293 3206; x_wconf 88' lang='grc' dir='ltr'><strong>τε</strong></span> <span class='ocrx_word' id='word_1_518' title='bbox 3329 3153 3424 3208; x_wconf 73' lang='grc' dir='ltr'><strong>καὶ</strong></span> <span class='ocrx_word' id='word_1_519' title='bbox 3467 3151 3777 3224; x_wconf 72' lang='grc' dir='ltr'>προσφορᾶς,</span> 
     </span>
    </p>
   </div>
   <div class='ocr_carea' id='block_1_69' title="bbox 2225 3241 3780 3317">
    <p class='ocr_par' dir='ltr' id='par_1_69' title="bbox 2225 3241 3780 3317">
     <span class='ocr_line' id='line_1_69' title="bbox 2225 3241 3780 3317; baseline -0.006 -15"><span class='ocrx_word' id='word_1_520' title='bbox 2225 3250 2320 3302; x_wconf 69' lang='grc' dir='ltr'><strong>καὶ</strong></span> <span class='ocrx_word' id='word_1_521' title='bbox 2347 3247 2696 3317; x_wconf 85' lang='grc' dir='ltr'>παραδόσεως</span> <span class='ocrx_word' id='word_1_522' title='bbox 2729 3285 2748 3311; x_wconf 93' lang='grc'><strong>,</strong></span> <span class='ocrx_word' id='word_1_523' title='bbox 2881 3245 2976 3298; x_wconf 74' lang='grc' dir='ltr'><strong>καὶ</strong></span> <span class='ocrx_word' id='word_1_524' title='bbox 3007 3245 3243 3314; x_wconf 83' lang='grc' dir='ltr'>δεήσεως</span> <span class='ocrx_word' id='word_1_525' title='bbox 3289 3247 3391 3314; x_wconf 78' lang='grc' dir='ltr'>τῆς</span> <span class='ocrx_word' id='word_1_526' title='bbox 3434 3243 3566 3314; x_wconf 84' lang='grc' dir='ltr'>πρὸς</span> <span class='ocrx_word' id='word_1_527' title='bbox 3597 3241 3678 3295; x_wconf 81' lang='grc' dir='ltr'><strong>τὸν</strong></span> <span class='ocrx_word' id='word_1_528' title='bbox 3706 3241 3780 3293; x_wconf 79' lang='grc' dir='ltr'>δυ·</span> 
     </span>
    </p>
   </div>
   <div class='ocr_carea' id='block_1_70' title="bbox 2228 3335 3779 3406">
    <p class='ocr_par' dir='ltr' id='par_1_70' title="bbox 2228 3335 3779 3406">
     <span class='ocr_line' id='line_1_70' title="bbox 2228 3335 3779 3406; baseline 0.002 -18"><span class='ocrx_word' id='word_1_529' title='bbox 2228 3337 2463 3402; x_wconf 84' lang='grc' dir='ltr'>νάμενον</span> <span class='ocrx_word' id='word_1_530' title='bbox 2491 3335 2685 3400; x_wconf 76' lang='grc' dir='ltr'>σώζειν</span> <span class='ocrx_word' id='word_1_531' title='bbox 2717 3336 2881 3392; x_wconf 82' lang='grc' dir='ltr'>αὐτὸν</span> <span class='ocrx_word' id='word_1_532' title='bbox 2909 3339 2974 3390; x_wconf 85' lang='grc' dir='ltr'>ὲκ</span> <span class='ocrx_word' id='word_1_533' title='bbox 3005 3337 3260 3403; x_wconf 79' lang='grc' dir='ltr'>Θανάτου,</span> <span class='ocrx_word' id='word_1_534' title='bbox 3294 3340 3393 3392; x_wconf 77' lang='grc' dir='ltr'><strong>καὶ</strong></span> <span class='ocrx_word' id='word_1_535' title='bbox 3413 3339 3668 3406; x_wconf 74' lang='grc' dir='ltr'>ἀγωνίας,</span> <span class='ocrx_word' id='word_1_536' title='bbox 3697 3340 3779 3392; x_wconf 77' lang='grc' dir='ltr'>καὶ</span> 
     </span>
    </p>
   </div>
   <div class='ocr_carea' id='block_1_71' title="bbox 2230 3427 3780 3500">
    <p class='ocr_par' dir='ltr' id='par_1_71' title="bbox 2230 3427 3780 3500">
     <span class='ocr_line' id='line_1_71' title="bbox 2230 3427 3780 3500; baseline 0.001 -20"><span class='ocrx_word' id='word_1_537' title='bbox 2230 3427 2510 3497; x_wconf 75' lang='grc' dir='ltr'>θρόμεων,</span> <span class='ocrx_word' id='word_1_538' title='bbox 2557 3430 2652 3481; x_wconf 80' lang='grc' dir='ltr'><strong>καὶ</strong></span> <span class='ocrx_word' id='word_1_539' title='bbox 2687 3428 3023 3500; x_wconf 69' lang='grc' dir='ltr'>προσευχῆς,</span> <span class='ocrx_word' id='word_1_540' title='bbox 3057 3431 3149 3482; x_wconf 77' lang='grc' dir='ltr'>καὶ</span> <span class='ocrx_word' id='word_1_541' title='bbox 3198 3429 3252 3482; x_wconf 78' lang='grc' dir='ltr'>ετ</span> <span class='ocrx_word' id='word_1_542' title='bbox 3279 3448 3337 3484; x_wconf 91' lang='grc' dir='ltr'><strong>τι</strong></span> <span class='ocrx_word' id='word_1_543' title='bbox 3369 3431 3496 3485; x_wconf 81' lang='grc' dir='ltr'>ἄλλο</span> <span class='ocrx_word' id='word_1_544' title='bbox 3526 3430 3747 3484; x_wconf 72' lang='grc' dir='ltr'>τοιοῦτον</span> <span class='ocrx_word' id='word_1_545' title='bbox 3767 3446 3780 3460; x_wconf 83' lang='lat'><strong><em>°</em></strong></span> 
     </span>
    </p>
   </div>
   <div class='ocr_carea' id='block_1_72' title="bbox 2230 3518 3778 3594">
    <p class='ocr_par' dir='ltr' id='par_1_72' title="bbox 2230 3518 3778 3594">
     <span class='ocr_line' id='line_1_72' title="bbox 2230 3518 3778 3594; baseline 0 -21"><span class='ocrx_word' id='word_1_546' title='bbox 2230 3523 2278 3575; x_wconf 82' lang='grc' dir='ltr'><strong>εί</strong></span> <span class='ocrx_word' id='word_1_547' title='bbox 2335 3521 2409 3590; x_wconf 82' lang='grc' dir='ltr'>μὴ</span> <span class='ocrx_word' id='word_1_548' title='bbox 2459 3523 2598 3574; x_wconf 85' lang='grc' dir='ltr'>πᾶσι</span> <span class='ocrx_word' id='word_1_549' title='bbox 2639 3521 2906 3589; x_wconf 83' lang='grc' dir='ltr'>πρόδηλον</span> <span class='ocrx_word' id='word_1_550' title='bbox 2948 3518 3038 3593; x_wconf 82' lang='grc' dir='ltr'>ἦν,</span> <span class='ocrx_word' id='word_1_551' title='bbox 3069 3524 3152 3576; x_wconf 80' lang='grc' dir='ltr'>ὅτι</span> <span class='ocrx_word' id='word_1_552' title='bbox 3198 3529 3334 3594; x_wconf 68' lang='grc' dir='ltr'>περὶ</span> <span class='ocrx_word' id='word_1_553' title='bbox 3377 3525 3439 3577; x_wconf 89' lang='grc' dir='ltr'><strong>τὸ</strong></span> <span class='ocrx_word' id='word_1_554' title='bbox 3481 3526 3679 3594; x_wconf 78' lang='grc' dir='ltr'>πάσχον</span> <span class='ocrx_word' id='word_1_555' title='bbox 3720 3524 3778 3574; x_wconf 69' lang='grc' dir='ltr'>τὶ</span> 
     </span>
    </p>
   </div>
   <div class='ocr_carea' id='block_1_73' title="bbox 2228 3591 3781 3686">
    <p class='ocr_par' dir='ltr' id='par_1_73' title="bbox 2228 3591 3781 3686">
     <span class='ocr_line' id='line_1_73' title="bbox 2228 3591 3781 3686; baseline 0 -22"><span class='ocrx_word' id='word_1_556' title='bbox 2228 3610 2452 3664; x_wconf 79' lang='grc' dir='ltr'>τοιαῦτα</span> <span class='ocrx_word' id='word_1_557' title='bbox 2482 3613 2591 3664; x_wconf 84' lang='grc' dir='ltr'>τῶν</span> <span class='ocrx_word' id='word_1_558' title='bbox 2627 3612 2931 3681; x_wconf 83' lang='grc' dir='ltr'>ὀνομάτων,</span> <span class='ocrx_word' id='word_1_559' title='bbox 2963 3615 3025 3665; x_wconf 90' lang='grc' dir='ltr'><strong>οὐ</strong></span> <span class='ocrx_word' id='word_1_560' title='bbox 3070 3615 3199 3684; x_wconf 74' lang='grc' dir='ltr'>περὶ</span> <span class='ocrx_word' id='word_1_561' title='bbox 3242 3616 3347 3684; x_wconf 83' lang='grc' dir='ltr'><strong>τὴν</strong></span> <span class='ocrx_word' id='word_1_562' title='bbox 3393 3591 3652 3686; x_wconf 77' lang='grc' dir='ltr'>ἄτρεπτον</span> <span class='ocrx_word' id='word_1_563' title='bbox 3694 3613 3781 3682; x_wconf 69' lang='lat' dir='ltr'><strong>cpti-</strong></span> 
     </span>
    </p>
   </div>
   <div class='ocr_carea' id='block_1_74' title="bbox 2231 3704 3237 3776">
    <p class='ocr_par' dir='ltr' id='par_1_74' title="bbox 2231 3704 3237 3776">
     <span class='ocr_line' id='line_1_74' title="bbox 2231 3704 3237 3776; baseline 0.007 -22"><span class='ocrx_word' id='word_1_564' title='bbox 2231 3721 2335 3766; x_wconf 84' lang='grc' dir='ltr'>σιν,</span> <span class='ocrx_word' id='word_1_565' title='bbox 2365 3706 2458 3757; x_wconf 65' lang='grc' dir='ltr'><strong>καὶ</strong></span> <span class='ocrx_word' id='word_1_566' title='bbox 2487 3704 2580 3757; x_wconf 77' lang='grc' dir='ltr'><strong>τοῦ</strong></span> <span class='ocrx_word' id='word_1_567' title='bbox 2613 3704 2846 3773; x_wconf 78' lang='grc' dir='ltr'>πάσχειν</span> <span class='ocrx_word' id='word_1_568' title='bbox 2878 3705 3237 3776; x_wconf 72' lang='grc' dir='ltr'>ὑψηλοτέραν.</span> 
     </span>
    </p>
   </div>
   <div class='ocr_carea' id='block_1_75' title="bbox 536 3787 3773 3864">
    <p class='ocr_par' dir='ltr' id='par_1_75' title="bbox 536 3787 3773 3864">
     <span class='ocr_line' id='line_1_75' title="bbox 536 3787 3773 3864; baseline 0.003 -23"><span class='ocrx_word' id='word_1_569' title='bbox 536 3787 661 3842; x_wconf 88' lang='lat' dir='ltr'><strong>dem</strong></span> <span class='ocrx_word' id='word_1_570' title='bbox 694 3799 776 3845; x_wconf 85' lang='grc' dir='ltr'><strong>εει</strong></span> <span class='ocrx_word' id='word_1_571' title='bbox 807 3792 1044 3857; x_wconf 75' lang='lat' dir='ltr'><strong>generis,</strong></span> <span class='ocrx_word' id='word_1_572' title='bbox 1081 3799 1419 3859; x_wconf 83' lang='lat' dir='ltr'><strong>pertractare</strong></span> <span class='ocrx_word' id='word_1_573' title='bbox 1464 3809 1476 3844; x_wconf 93' lang='lat'>:</span> <span class='ocrx_word' id='word_1_574' title='bbox 1517 3791 1617 3845; x_wconf 91' lang='lat' dir='ltr'><strong>nisi</strong></span> <span class='ocrx_word' id='word_1_575' title='bbox 1663 3791 1837 3845; x_wconf 79' lang='lat' dir='ltr'><strong>cuivis</strong></span> <span class='ocrx_word' id='word_1_576' title='bbox 1867 3793 2211 3860; x_wconf 78' lang='lat' dir='ltr'><strong>exploratum</strong></span> <span class='ocrx_word' id='word_1_577' title='bbox 2303 3803 2446 3864; x_wconf 84' lang='lat' dir='ltr'><strong>esset</strong></span> <span class='ocrx_word' id='word_1_578' title='bbox 2479 3835 2492 3858; x_wconf 89' lang='lat'><strong>,</strong></span> <span class='ocrx_word' id='word_1_579' title='bbox 2530 3794 2838 3863; x_wconf 79' lang='lat' dir='ltr'><strong>hujusmudi</strong></span> <span class='ocrx_word' id='word_1_580' title='bbox 2888 3798 3104 3848; x_wconf 89' lang='lat' dir='ltr'><strong>nomina</strong></span> <span class='ocrx_word' id='word_1_581' title='bbox 3163 3797 3492 3864; x_wconf 87' lang='lat' dir='ltr'><strong>perpetienti</strong></span> <span class='ocrx_word' id='word_1_582' title='bbox 3543 3797 3773 3850; x_wconf 85' lang='lat' dir='ltr'><strong>humani-</strong></span> 
     </span>
    </p>
   </div>
   <div class='ocr_carea' id='block_1_76' title="bbox 540 3882 3630 3953">
    <p class='ocr_par' dir='ltr' id='par_1_76' title="bbox 540 3882 3630 3953">
     <span class='ocr_line' id='line_1_76' title="bbox 540 3882 3630 3953; baseline 0.002 -19"><span class='ocrx_word' id='word_1_583' title='bbox 540 3882 636 3935; x_wconf 81' lang='lat' dir='ltr'><strong>tati</strong></span> <span class='ocrx_word' id='word_1_584' title='bbox 667 3886 1014 3938; x_wconf 86' lang='lat' dir='ltr'><strong>attribuenda</strong></span> <span class='ocrx_word' id='word_1_585' title='bbox 1041 3900 1182 3947; x_wconf 84' lang='lat' dir='ltr'><strong>esse,</strong></span> <span class='ocrx_word' id='word_1_586' title='bbox 1236 3901 1341 3938; x_wconf 93' lang='lat' dir='ltr'><strong>non</strong></span> <span class='ocrx_word' id='word_1_587' title='bbox 1375 3893 1557 3937; x_wconf 89' lang='lat' dir='ltr'><strong>autem</strong></span> <span class='ocrx_word' id='word_1_588' title='bbox 1592 3883 1911 3937; x_wconf 89' lang='lat' dir='ltr'><strong>immutabili</strong></span> <span class='ocrx_word' id='word_1_589' title='bbox 1957 3883 2032 3936; x_wconf 88' lang='lat' dir='ltr'><strong>illi</strong></span> <span class='ocrx_word' id='word_1_590' title='bbox 2066 3891 2298 3946; x_wconf 70' lang='lat' dir='ltr'><strong>naturte,</strong></span> <span class='ocrx_word' id='word_1_591' title='bbox 2341 3894 2504 3953; x_wconf 88' lang='lat' dir='ltr'><strong>atque</strong></span> <span class='ocrx_word' id='word_1_592' title='bbox 2538 3887 2685 3937; x_wconf 91' lang='lat' dir='ltr'><strong>omni</strong></span> <span class='ocrx_word' id='word_1_593' title='bbox 2714 3885 2900 3939; x_wconf 90' lang='lat' dir='ltr'><strong>dolore</strong></span> <span class='ocrx_word' id='word_1_594' title='bbox 2921 3894 2975 3938; x_wconf 89' lang='lat' dir='ltr'><strong>et</strong></span> <span class='ocrx_word' id='word_1_595' title='bbox 3013 3889 3256 3940; x_wconf 84' lang='lat' dir='ltr'><strong>cruciatu</strong></span> <span class='ocrx_word' id='word_1_596' title='bbox 3309 3887 3630 3942; x_wconf 90' lang='lat' dir='ltr'><strong>sublimiori.</strong></span> 
     </span>
    </p>
   </div>
   <div class='ocr_carea' id='block_1_77' title="bbox 650 3999 2014 4070">
    <p class='ocr_par' dir='ltr' id='par_1_77' title="bbox 650 3999 2014 4070">
     <span class='ocr_line' id='line_1_77' title="bbox 650 3999 2014 4070; baseline -0.001 -16"><span class='ocrx_word' id='word_1_597' title='bbox 650 4000 901 4070; x_wconf 71' lang='lat' dir='ltr'><strong>Ejusdem</strong></span> <span class='ocrx_word' id='word_1_598' title='bbox 942 4003 1006 4054; x_wconf 85' lang='lat' dir='ltr'><strong>de</strong></span> <span class='ocrx_word' id='word_1_599' title='bbox 1051 4001 1294 4070; x_wconf 78' lang='lat' dir='ltr'><strong>dogmate</strong></span> <span class='ocrx_word' id='word_1_600' title='bbox 1326 4011 1374 4053; x_wconf 84' lang='lat' dir='ltr'><strong>et</strong></span> <span class='ocrx_word' id='word_1_601' title='bbox 1425 4000 1761 4052; x_wconf 75' lang='lat' dir='ltr'><strong>ordinatione</strong></span> <span class='ocrx_word' id='word_1_602' title='bbox 1811 3999 2014 4068; x_wconf 77' lang='lat' dir='ltr'><strong>episco~</strong></span> 
     </span>
    </p>
   </div>
   <div class='ocr_carea' id='block_1_78' title="bbox 1246 4087 1450 4140">
    <p class='ocr_par' dir='ltr' id='par_1_78' title="bbox 1246 4087 1450 4140">
     <span class='ocr_line' id='line_1_78' title="bbox 1246 4087 1450 4140; baseline 0.015 -18"><span class='ocrx_word' id='word_1_603' title='bbox 1246 4087 1450 4140; x_wconf 84' lang='lat' dir='ltr'><strong>porum.</strong></span> 
     </span>
    </p>
   </div>
   <div class='ocr_carea' id='block_1_79' title="bbox 614 4161 2124 4232">
    <p class='ocr_par' dir='ltr' id='par_1_79' title="bbox 614 4161 2124 4232">
     <span class='ocr_line' id='line_1_79' title="bbox 614 4161 2124 4232; baseline -0.001 -17"><span class='ocrx_word' id='word_1_604' title='bbox 614 4161 776 4216; x_wconf 88' lang='lat' dir='ltr'><strong>Pater</strong></span> <span class='ocrx_word' id='word_1_605' title='bbox 820 4162 1038 4232; x_wconf 89' lang='lat' dir='ltr'><strong>quidem</strong></span> <span class='ocrx_word' id='word_1_606' title='bbox 1088 4162 1208 4215; x_wconf 89' lang='lat' dir='ltr'><strong>sine</strong></span> <span class='ocrx_word' id='word_1_607' title='bbox 1249 4161 1517 4229; x_wconf 78' lang='lat' dir='ltr'><strong>principio</strong></span> <span class='ocrx_word' id='word_1_608' title='bbox 1547 4171 1653 4225; x_wconf 89' lang='lat' dir='ltr'><strong>est,</strong></span> <span class='ocrx_word' id='word_1_609' title='bbox 1703 4172 1757 4214; x_wconf 90' lang='lat' dir='ltr'><strong>et</strong></span> <span class='ocrx_word' id='word_1_610' title='bbox 1793 4161 2124 4229; x_wconf 83' lang='lat' dir='ltr'><strong>principatus</strong></span> 
     </span>
    </p>
   </div>
   <div class='ocr_carea' id='block_1_80' title="bbox 539 4252 2122 4320">
    <p class='ocr_par' dir='ltr' id='par_1_80' title="bbox 539 4252 2122 4320">
     <span class='ocr_line' id='line_1_80' title="bbox 539 4252 2122 4320; baseline -0.002 -13"><span class='ocrx_word' id='word_1_611' title='bbox 539 4267 664 4308; x_wconf 85' lang='lat' dir='ltr'><strong>esse</strong></span> <span class='ocrx_word' id='word_1_612' title='bbox 692 4252 1012 4320; x_wconf 84' lang='lat' dir='ltr'><strong>intelligitur</strong></span> <span class='ocrx_word' id='word_1_613' title='bbox 1040 4267 1104 4305; x_wconf 88' lang='lat' dir='ltr'><strong>ac</strong></span> <span class='ocrx_word' id='word_1_614' title='bbox 1131 4253 1369 4318; x_wconf 86' lang='lat' dir='ltr'><strong>dicitur;</strong></span> <span class='ocrx_word' id='word_1_615' title='bbox 1401 4253 1746 4320; x_wconf 85' lang='lat' dir='ltr'><strong>principium,</strong></span> <span class='ocrx_word' id='word_1_616' title='bbox 1782 4253 2021 4320; x_wconf 90' lang='lat' dir='ltr'><strong>inquam,</strong></span> <span class='ocrx_word' id='word_1_617' title='bbox 2063 4259 2122 4304; x_wconf 86' lang='grc' dir='ltr'><strong>ιιι</strong></span> 
     </span>
    </p>
   </div>
   <div class='ocr_carea' id='block_1_81' title="bbox 2245 3996 3775 4070">
    <p class='ocr_par' dir='ltr' id='par_1_81' title="bbox 2245 3996 3775 4070">
     <span class='ocr_line' id='line_1_81' title="bbox 2245 3996 3775 4070; baseline 0.004 -22"><span class='ocrx_word' id='word_1_618' title='bbox 2245 3996 2345 4048; x_wconf 76' lang='grc' dir='ltr'>Ἐκ</span> <span class='ocrx_word' id='word_1_619' title='bbox 2375 3996 2480 4049; x_wconf 81' lang='grc' dir='ltr'>τοῦ</span> <span class='ocrx_word' id='word_1_620' title='bbox 2507 3997 2693 4051; x_wconf 83' lang='grc' dir='ltr'>αὐτοῦ</span> <span class='ocrx_word' id='word_1_621' title='bbox 2725 3999 2913 4070; x_wconf 70' lang='grc' dir='ltr'>λόγου</span> <span class='ocrx_word' id='word_1_622' title='bbox 2945 3998 3050 4052; x_wconf 87' lang='grc' dir='ltr'>τοῦ</span> <span class='ocrx_word' id='word_1_623' title='bbox 3078 4001 3209 4066; x_wconf 78' lang='grc' dir='ltr'>περὶ</span> <span class='ocrx_word' id='word_1_624' title='bbox 3243 4001 3536 4070; x_wconf 79' lang='grc' dir='ltr'>δόγματος</span> <span class='ocrx_word' id='word_1_625' title='bbox 3569 4001 3658 4056; x_wconf 76' lang='grc' dir='ltr'><strong>καί</strong></span> <span class='ocrx_word' id='word_1_626' title='bbox 3683 4019 3775 4054; x_wconf 81' lang='grc' dir='ltr'>κα-</span> 
     </span>
    </p>
   </div>
   <div class='ocr_carea' id='block_1_82' title="bbox 2639 4069 3393 4134">
    <p class='ocr_par' dir='ltr' id='par_1_82' title="bbox 2639 4069 3393 4134">
     <span class='ocr_line' id='line_1_82' title="bbox 2639 4069 3393 4134; baseline 0.011 -16"><span class='ocrx_word' id='word_1_627' title='bbox 2639 4069 2986 4134; x_wconf 79' lang='grc' dir='ltr'>ταστάσεως</span> <span class='ocrx_word' id='word_1_628' title='bbox 3015 4069 3393 4126; x_wconf 78' lang='grc' dir='ltr'>ἐπισκόπων.</span> 
     </span>
    </p>
   </div>
   <div class='ocr_carea' id='block_1_83' title="bbox 2303 4161 3772 4238">
    <p class='ocr_par' dir='ltr' id='par_1_83' title="bbox 2303 4161 3772 4238">
     <span class='ocr_line' id='line_1_83' title="bbox 2303 4161 3772 4238; baseline 0.003 -26"><span class='ocrx_word' id='word_1_629' title='bbox 2303 4161 2517 4230; x_wconf 58' lang='grc' dir='ltr'>Πατρδις</span> <span class='ocrx_word' id='word_1_630' title='bbox 2547 4162 2666 4230; x_wconf 78' lang='grc' dir='ltr'>μὲν,</span> <span class='ocrx_word' id='word_1_631' title='bbox 2707 4163 2799 4214; x_wconf 74' lang='grc' dir='ltr'>καὶ</span> <span class='ocrx_word' id='word_1_632' title='bbox 2841 4163 3102 4234; x_wconf 78' lang='grc' dir='ltr'>ἀνάρχου,</span> <span class='ocrx_word' id='word_1_633' title='bbox 3146 4167 3242 4218; x_wconf 75' lang='grc' dir='ltr'><strong>καὶ</strong></span> <span class='ocrx_word' id='word_1_634' title='bbox 3277 4168 3453 4238; x_wconf 84' lang='grc' dir='ltr'>ἀρχῆς</span> <span class='ocrx_word' id='word_1_635' title='bbox 3480 4166 3772 4234; x_wconf 79' lang='grc' dir='ltr'>ἔπινοουμὲ-</span> 
     </span>
    </p>
   </div>
   <div class='ocr_carea' id='block_1_84' title="bbox 2229 4253 3774 4325">
    <p class='ocr_par' dir='ltr' id='par_1_84' title="bbox 2229 4253 3774 4325">
     <span class='ocr_line' id='line_1_84' title="bbox 2229 4253 3774 4325; baseline 0.003 -22"><span class='ocrx_word' id='word_1_636' title='bbox 2229 4270 2319 4304; x_wconf 88' lang='grc' dir='ltr'><strong>νου</strong></span> <span class='ocrx_word' id='word_1_637' title='bbox 2351 4255 2446 4306; x_wconf 83' lang='grc' dir='ltr'><strong>καὶ</strong></span> <span class='ocrx_word' id='word_1_638' title='bbox 2474 4253 2769 4322; x_wconf 82' lang='grc' dir='ltr'>λεγομένου</span> <span class='ocrx_word' id='word_1_639' title='bbox 2804 4253 3002 4325; x_wconf 77' lang='grc' dir='ltr'>(ἀρχῆς</span> <span class='ocrx_word' id='word_1_640' title='bbox 3031 4257 3108 4318; x_wconf 84' lang='grc' dir='ltr'>δὲ,</span> <span class='ocrx_word' id='word_1_641' title='bbox 3134 4255 3211 4319; x_wconf 83' lang='grc' dir='ltr'>ὡς</span> <span class='ocrx_word' id='word_1_642' title='bbox 3242 4260 3448 4322; x_wconf 86' lang='grc' dir='ltr'>αἰτίου,</span> <span class='ocrx_word' id='word_1_643' title='bbox 3475 4262 3562 4311; x_wconf 68' lang='grc' dir='ltr'><strong>καὶ</strong></span> <span class='ocrx_word' id='word_1_644' title='bbox 3591 4260 3658 4320; x_wconf 87' lang='grc' dir='ltr'>ὡς</span> <span class='ocrx_word' id='word_1_645' title='bbox 3683 4274 3774 4321; x_wconf 90' lang='grc' dir='ltr'>πη-</span> 
     </span>
    </p>
   </div>
   <div class='ocr_carea' id='block_1_85' title="bbox 539 4341 2112 4420">
    <p class='ocr_par' dir='ltr' id='par_1_85' title="bbox 539 4341 2112 4412">
     <span class='ocr_line' id='line_1_85' title="bbox 539 4341 2112 4412; baseline -0.001 -16"><span class='ocrx_word' id='word_1_646' title='bbox 539 4357 705 4397; x_wconf 84' lang='lat' dir='ltr'><strong>causa</strong></span> <span class='ocrx_word' id='word_1_647' title='bbox 737 4353 791 4395; x_wconf 88' lang='grc' dir='ltr'><strong>ει</strong></span> <span class='ocrx_word' id='word_1_648' title='bbox 848 4341 970 4397; x_wconf 82' lang='lat' dir='ltr'><strong>fons</strong></span> <span class='ocrx_word' id='word_1_649' title='bbox 999 4342 1224 4396; x_wconf 91' lang='lat' dir='ltr'><strong>luminis</strong></span> <span class='ocrx_word' id='word_1_650' title='bbox 1247 4343 1588 4412; x_wconf 86' lang='lat' dir='ltr'><strong>sempiterni.</strong></span> <span class='ocrx_word' id='word_1_651' title='bbox 1622 4341 1794 4397; x_wconf 81' lang='lat' dir='ltr'><strong>Filius</strong></span> <span class='ocrx_word' id='word_1_652' title='bbox 1813 4355 1989 4396; x_wconf 88' lang='lat' dir='ltr'><strong>autem</strong></span> <span class='ocrx_word' id='word_1_653' title='bbox 2014 4359 2112 4396; x_wconf 89' lang='lat' dir='ltr'><strong>non</strong></span> 
     </span>
    </p>
   </div>
   <div class='ocr_carea' id='block_1_86' title="bbox 2214 4341 3772 4420">
    <p class='ocr_par' dir='ltr' id='par_1_86' title="bbox 2226 4345 3772 4420">
     <span class='ocr_line' id='line_1_86' title="bbox 2226 4345 3772 4420; baseline 0 -22"><span class='ocrx_word' id='word_1_654' title='bbox 2226 4347 2348 4412; x_wconf 83' lang='grc' dir='ltr'>γῆς,</span> <span class='ocrx_word' id='word_1_655' title='bbox 2391 4347 2486 4397; x_wconf 73' lang='grc' dir='ltr'><strong>καὶ</strong></span> <span class='ocrx_word' id='word_1_656' title='bbox 2529 4345 2604 4407; x_wconf 80' lang='grc' dir='ltr'>ὡς</span> <span class='ocrx_word' id='word_1_657' title='bbox 2653 4347 2827 4398; x_wconf 79' lang='grc' dir='ltr'>ἀϊδίου</span> <span class='ocrx_word' id='word_1_658' title='bbox 2868 4347 3064 4416; x_wconf 70' lang='grc' dir='ltr'>φωτός)</span> <span class='ocrx_word' id='word_1_659' title='bbox 3101 4366 3112 4377; x_wconf 93' lang='grc'><strong>·</strong></span> <span class='ocrx_word' id='word_1_660' title='bbox 3161 4349 3290 4402; x_wconf 75' lang='grc' dir='ltr'><strong>Υιοῦ</strong></span> <span class='ocrx_word' id='word_1_661' title='bbox 3332 4353 3406 4417; x_wconf 72' lang='grc' dir='ltr'>δὲ,</span> <span class='ocrx_word' id='word_1_662' title='bbox 3441 4351 3666 4420; x_wconf 83' lang='grc' dir='ltr'>ἁνάρχου</span> <span class='ocrx_word' id='word_1_663' title='bbox 3690 4349 3772 4417; x_wconf 83' lang='grc' dir='ltr'>μὲν</span> 
     </span>
    </p>
   </div>
   <div class='ocr_carea' id='block_1_87' title="bbox 541 4422 2118 4503">
    <p class='ocr_par' dir='ltr' id='par_1_87' title="bbox 541 4422 2118 4503">
     <span class='ocr_line' id='line_1_87' title="bbox 541 4422 2118 4503; baseline -0.001 -15"><span class='ocrx_word' id='word_1_664' title='bbox 541 4443 629 4489; x_wconf 83' lang='grc' dir='ltr'><strong>εει</strong></span> <span class='ocrx_word' id='word_1_665' title='bbox 665 4433 753 4487; x_wconf 92' lang='lat' dir='ltr'><strong>ille</strong></span> <span class='ocrx_word' id='word_1_666' title='bbox 791 4433 1010 4501; x_wconf 76' lang='lat' dir='ltr'><strong>quidem</strong></span> <span class='ocrx_word' id='word_1_667' title='bbox 1073 4434 1299 4486; x_wconf 91' lang='lat' dir='ltr'><strong>omnino</strong></span> <span class='ocrx_word' id='word_1_668' title='bbox 1330 4422 1447 4487; x_wconf 79' lang='lat' dir='ltr'><strong>sitio</strong></span> <span class='ocrx_word' id='word_1_669' title='bbox 1486 4434 1754 4503; x_wconf 78' lang='lat' dir='ltr'><strong>principe,</strong></span> <span class='ocrx_word' id='word_1_670' title='bbox 1790 4433 1882 4487; x_wconf 90' lang='lat' dir='ltr'><strong>scd</strong></span> <span class='ocrx_word' id='word_1_671' title='bbox 1939 4445 2118 4492; x_wconf 90' lang='lat' dir='ltr'><strong>tamen</strong></span> 
     </span>
    </p>
   </div>
   <div class='ocr_carea' id='block_1_88' title="bbox 540 4525 2120 4594">
    <p class='ocr_par' dir='ltr' id='par_1_88' title="bbox 540 4525 2120 4594">
     <span class='ocr_line' id='line_1_88' title="bbox 540 4525 2120 4594; baseline -0.001 -16"><span class='ocrx_word' id='word_1_672' title='bbox 540 4535 622 4580; x_wconf 83' lang='grc' dir='ltr'><strong>εει</strong></span> <span class='ocrx_word' id='word_1_673' title='bbox 653 4539 834 4578; x_wconf 88' lang='lat' dir='ltr'><strong>rerum</strong></span> <span class='ocrx_word' id='word_1_674' title='bbox 863 4525 1103 4578; x_wconf 80' lang='lat' dir='ltr'><strong>Omnium</strong></span> <span class='ocrx_word' id='word_1_675' title='bbox 1139 4525 1466 4594; x_wconf 88' lang='lat' dir='ltr'><strong>principium</strong></span> <span class='ocrx_word' id='word_1_676' title='bbox 1496 4545 1510 4590; x_wconf 91' lang='lat'><strong>;</strong></span> <span class='ocrx_word' id='word_1_677' title='bbox 1573 4525 1897 4594; x_wconf 90' lang='lat' dir='ltr'><strong>principium</strong></span> <span class='ocrx_word' id='word_1_678' title='bbox 1960 4542 2120 4594; x_wconf 86' lang='lat' dir='ltr'><strong>porro</strong></span> 
     </span>
    </p>
   </div>
   <div class='ocr_carea' id='block_1_89' title="bbox 542 4617 2120 4687">
    <p class='ocr_par' dir='ltr' id='par_1_89' title="bbox 542 4617 2120 4687">
     <span class='ocr_line' id='line_1_89' title="bbox 542 4617 2120 4687; baseline -0.002 -15"><span class='ocrx_word' id='word_1_679' title='bbox 542 4633 668 4672; x_wconf 91' lang='lat' dir='ltr'><strong>cum</strong></span> <span class='ocrx_word' id='word_1_680' title='bbox 699 4617 844 4682; x_wconf 84' lang='lat' dir='ltr'><strong>dico,</strong></span> <span class='ocrx_word' id='word_1_681' title='bbox 877 4633 947 4671; x_wconf 88' lang='lat' dir='ltr'><strong>ne</strong></span> <span class='ocrx_word' id='word_1_682' title='bbox 991 4627 1205 4686; x_wconf 85' lang='lat' dir='ltr'><strong>tempus</strong></span> <span class='ocrx_word' id='word_1_683' title='bbox 1240 4617 1561 4682; x_wconf 84' lang='lat' dir='ltr'><strong>interjicias,</strong></span> <span class='ocrx_word' id='word_1_684' title='bbox 1599 4632 1698 4670; x_wconf 91' lang='lat' dir='ltr'><strong>nec</strong></span> <span class='ocrx_word' id='word_1_685' title='bbox 1723 4619 1866 4672; x_wconf 89' lang='lat' dir='ltr'><strong>inter</strong></span> <span class='ocrx_word' id='word_1_686' title='bbox 1911 4619 2120 4687; x_wconf 87' lang='lat' dir='ltr'><strong>genito-</strong></span> 
     </span>
    </p>
   </div>
   <div class='ocr_carea' id='block_1_90' title="bbox 540 4707 2123 4779">
    <p class='ocr_par' dir='ltr' id='par_1_90' title="bbox 540 4707 2123 4779">
     <span class='ocr_line' id='line_1_90' title="bbox 540 4707 2123 4779; baseline -0.003 -17"><span class='ocrx_word' id='word_1_687' title='bbox 540 4724 656 4762; x_wconf 87' lang='lat' dir='ltr'><strong>rem</strong></span> <span class='ocrx_word' id='word_1_688' title='bbox 693 4719 745 4762; x_wconf 91' lang='lat' dir='ltr'><strong>ct</strong></span> <span class='ocrx_word' id='word_1_689' title='bbox 772 4711 1023 4779; x_wconf 88' lang='lat' dir='ltr'><strong>genitum</strong></span> <span class='ocrx_word' id='word_1_690' title='bbox 1062 4709 1297 4762; x_wconf 90' lang='lat' dir='ltr'><strong>medium</strong></span> <span class='ocrx_word' id='word_1_691' title='bbox 1331 4707 1536 4775; x_wconf 86' lang='lat' dir='ltr'><strong>aliquid</strong></span> <span class='ocrx_word' id='word_1_692' title='bbox 1562 4710 2004 4768; x_wconf 83' lang='lat' dir='ltr'><strong>constitttas.nec</strong></span> <span class='ocrx_word' id='word_1_693' title='bbox 2029 4723 2123 4778; x_wconf 87' lang='lat' dir='ltr'><strong>per</strong></span> 
     </span>
    </p>
   </div>
   <div class='ocr_carea' id='block_1_91' title="bbox 541 4801 2119 4872">
    <p class='ocr_par' dir='ltr' id='par_1_91' title="bbox 541 4801 2119 4872">
     <span class='ocr_line' id='line_1_91' title="bbox 541 4801 2119 4872; baseline -0.003 -16"><span class='ocrx_word' id='word_1_694' title='bbox 541 4805 617 4867; x_wconf 88' lang='lat' dir='ltr'><strong>id,</strong></span> <span class='ocrx_word' id='word_1_695' title='bbox 645 4803 787 4872; x_wconf 89' lang='lat' dir='ltr'><strong>quod</strong></span> <span class='ocrx_word' id='word_1_696' title='bbox 847 4803 991 4856; x_wconf 89' lang='lat' dir='ltr'><strong>inter</strong></span> <span class='ocrx_word' id='word_1_697' title='bbox 1017 4817 1103 4865; x_wconf 86' lang='lat' dir='ltr'><strong>ea,</strong></span> <span class='ocrx_word' id='word_1_698' title='bbox 1141 4817 1261 4869; x_wconf 75' lang='lat' dir='ltr'><strong>qua:</strong></span> <span class='ocrx_word' id='word_1_699' title='bbox 1301 4801 1550 4854; x_wconf 87' lang='lat' dir='ltr'><strong>eamdem</strong></span> <span class='ocrx_word' id='word_1_700' title='bbox 1603 4801 1961 4852; x_wconf 65' lang='lat' dir='ltr'><strong>aeternitatem</strong></span> <span class='ocrx_word' id='word_1_701' title='bbox 2024 4802 2119 4851; x_wconf 77' lang='lat' dir='ltr'><strong>ha-</strong></span> 
     </span>
    </p>
   </div>
   <div class='ocr_carea' id='block_1_92' title="bbox 540 4891 2118 4962">
    <p class='ocr_par' dir='ltr' id='par_1_92' title="bbox 540 4891 2118 4962">
     <span class='ocr_line' id='line_1_92' title="bbox 540 4891 2118 4962; baseline -0.003 -15"><span class='ocrx_word' id='word_1_702' title='bbox 540 4894 691 4953; x_wconf 78' lang='lat' dir='ltr'><strong>bent,</strong></span> <span class='ocrx_word' id='word_1_703' title='bbox 724 4902 778 4946; x_wconf 85' lang='lat' dir='ltr'><strong>et</strong></span> <span class='ocrx_word' id='word_1_704' title='bbox 815 4893 1102 4962; x_wconf 80' lang='lat' dir='ltr'><strong>conjuncta</strong></span> <span class='ocrx_word' id='word_1_705' title='bbox 1139 4901 1288 4956; x_wconf 81' lang='lat' dir='ltr'><strong>sunt,</strong></span> <span class='ocrx_word' id='word_1_706' title='bbox 1327 4891 1464 4944; x_wconf 90' lang='lat' dir='ltr'><strong>tnale</strong></span> <span class='ocrx_word' id='word_1_707' title='bbox 1513 4892 1832 4959; x_wconf 88' lang='lat' dir='ltr'><strong>interponis,</strong></span> <span class='ocrx_word' id='word_1_708' title='bbox 1866 4901 2118 4944; x_wconf 87' lang='lat' dir='ltr'><strong>naturam</strong></span> 
     </span>
    </p>
   </div>
   <div class='ocr_carea' id='block_1_93' title="bbox 542 4982 2118 5052">
    <p class='ocr_par' dir='ltr' id='par_1_93' title="bbox 542 4982 2118 5052">
     <span class='ocr_line' id='line_1_93' title="bbox 542 4982 2118 5052; baseline -0.002 -15"><span class='ocrx_word' id='word_1_709' title='bbox 542 4982 778 5037; x_wconf 83' lang='lat' dir='ltr'><strong>dividas.</strong></span> <span class='ocrx_word' id='word_1_710' title='bbox 813 4982 947 5036; x_wconf 85' lang='lat' dir='ltr'><strong>Nam</strong></span> <span class='ocrx_word' id='word_1_711' title='bbox 990 4984 1034 5038; x_wconf 91' lang='lat' dir='ltr'><strong>si</strong></span> <span class='ocrx_word' id='word_1_712' title='bbox 1070 4996 1282 5052; x_wconf 91' lang='lat' dir='ltr'><strong>tempus</strong></span> <span class='ocrx_word' id='word_1_713' title='bbox 1314 4983 1450 5038; x_wconf 76' lang='lat' dir='ltr'><strong>Filio</strong></span> <span class='ocrx_word' id='word_1_714' title='bbox 1485 4993 1568 5037; x_wconf 90' lang='lat' dir='ltr'><strong>est</strong></span> <span class='ocrx_word' id='word_1_715' title='bbox 1621 4982 1926 5052; x_wconf 89' lang='lat' dir='ltr'><strong>antiquius,</strong></span> <span class='ocrx_word' id='word_1_716' title='bbox 1969 4983 2118 5035; x_wconf 90' lang='lat' dir='ltr'><strong>illius</strong></span> 
     </span>
    </p>
   </div>
   <div class='ocr_carea' id='block_1_94' title="bbox 540 5075 2117 5146">
    <p class='ocr_par' dir='ltr' id='par_1_94' title="bbox 540 5075 2117 5146">
     <span class='ocr_line' id='line_1_94' title="bbox 540 5075 2117 5146; baseline -0.003 -14"><span class='ocrx_word' id='word_1_717' title='bbox 540 5076 728 5146; x_wconf 79' lang='lat' dir='ltr'><strong>procul</strong></span> <span class='ocrx_word' id='word_1_718' title='bbox 753 5075 915 5130; x_wconf 85' lang='lat' dir='ltr'><strong>dubio</strong></span> <span class='ocrx_word' id='word_1_719' title='bbox 939 5078 1174 5145; x_wconf 90' lang='lat' dir='ltr'><strong>primum</strong></span> <span class='ocrx_word' id='word_1_720' title='bbox 1196 5078 1356 5132; x_wconf 85' lang='lat' dir='ltr'><strong>Pater</strong></span> <span class='ocrx_word' id='word_1_721' title='bbox 1382 5091 1544 5132; x_wconf 85' lang='lat' dir='ltr'><strong>causa</strong></span> <span class='ocrx_word' id='word_1_722' title='bbox 1573 5075 1738 5128; x_wconf 75' lang='lat' dir='ltr'><strong>fuerit.</strong></span> <span class='ocrx_word' id='word_1_723' title='bbox 1767 5089 1990 5129; x_wconf 83' lang='lat' dir='ltr'><strong>necesse</strong></span> <span class='ocrx_word' id='word_1_724' title='bbox 2013 5082 2117 5128; x_wconf 80' lang='lat' dir='ltr'><strong>est.</strong></span> 
     </span>
    </p>
   </div>
   <div class='ocr_carea' id='block_1_95' title="bbox 542 5166 2116 5237">
    <p class='ocr_par' dir='ltr' id='par_1_95' title="bbox 542 5166 2116 5237">
     <span class='ocr_line' id='line_1_95' title="bbox 542 5166 2116 5237; baseline 0 -18"><span class='ocrx_word' id='word_1_725' title='bbox 542 5166 696 5232; x_wconf 84' lang='lat' dir='ltr'><strong>Quod</strong></span> <span class='ocrx_word' id='word_1_726' title='bbox 722 5167 766 5220; x_wconf 88' lang='lat' dir='ltr'><strong>si</strong></span> <span class='ocrx_word' id='word_1_727' title='bbox 799 5169 869 5220; x_wconf 89' lang='lat' dir='ltr'><strong>ita</strong></span> <span class='ocrx_word' id='word_1_728' title='bbox 927 5179 1029 5233; x_wconf 91' lang='lat' dir='ltr'><strong>est,</strong></span> <span class='ocrx_word' id='word_1_729' title='bbox 1064 5184 1170 5237; x_wconf 92' lang='lat' dir='ltr'><strong>quo</strong></span> <span class='ocrx_word' id='word_1_730' title='bbox 1202 5170 1416 5223; x_wconf 91' lang='lat' dir='ltr'><strong>tandem</strong></span> <span class='ocrx_word' id='word_1_731' title='bbox 1466 5172 1626 5223; x_wconf 86' lang='lat' dir='ltr'><strong>modo</strong></span> <span class='ocrx_word' id='word_1_732' title='bbox 1674 5178 1978 5237; x_wconf 91' lang='lat' dir='ltr'><strong>temporum</strong></span> <span class='ocrx_word' id='word_1_733' title='bbox 2039 5166 2116 5220; x_wconf 83' lang='lat' dir='ltr'><strong>fa-</strong></span> 
     </span>
    </p>
   </div>
   <div class='ocr_carea' id='block_1_96' title="bbox 540 5257 2119 5330">
    <p class='ocr_par' dir='ltr' id='par_1_96' title="bbox 540 5257 2119 5330">
     <span class='ocr_line' id='line_1_96' title="bbox 540 5257 2119 5330; baseline -0.002 -17"><span class='ocrx_word' id='word_1_734' title='bbox 540 5257 790 5314; x_wconf 82' lang='lat' dir='ltr'><strong>ctor-erit</strong></span> <span class='ocrx_word' id='word_1_735' title='bbox 820 5259 862 5323; x_wconf 84' lang='lat'><strong>&#39;,</strong></span> <span class='ocrx_word' id='word_1_736' title='bbox 901 5260 990 5328; x_wconf 88' lang='lat' dir='ltr'><strong>qtti</strong></span> <span class='ocrx_word' id='word_1_737' title='bbox 1034 5259 1134 5314; x_wconf 92' lang='lat' dir='ltr'><strong>sub</strong></span> <span class='ocrx_word' id='word_1_738' title='bbox 1166 5272 1374 5330; x_wconf 86' lang='lat' dir='ltr'><strong>tempus</strong></span> <span class='ocrx_word' id='word_1_739' title='bbox 1398 5261 1581 5314; x_wconf 86' lang='lat' dir='ltr'><strong>cadit?</strong></span> <span class='ocrx_word' id='word_1_740' title='bbox 1615 5261 1734 5326; x_wconf 79' lang='lat' dir='ltr'><strong>Quo</strong></span> <span class='ocrx_word' id='word_1_741' title='bbox 1775 5261 1902 5314; x_wconf 89' lang='lat' dir='ltr'><strong>item</strong></span> <span class='ocrx_word' id='word_1_742' title='bbox 1961 5260 2119 5312; x_wconf 86' lang='lat' dir='ltr'><strong>modo</strong></span> 
     </span>
    </p>
   </div>
   <div class='ocr_carea' id='block_1_97' title="bbox 542 5352 2115 5422">
    <p class='ocr_par' dir='ltr' id='par_1_97' title="bbox 542 5352 2115 5422">
     <span class='ocr_line' id='line_1_97' title="bbox 542 5352 2115 5422; baseline -0.003 -14"><span class='ocrx_word' id='word_1_743' title='bbox 542 5353 806 5408; x_wconf 84' lang='lat' dir='ltr'><strong>Dominus</strong></span> <span class='ocrx_word' id='word_1_744' title='bbox 838 5353 1079 5405; x_wconf 89' lang='lat' dir='ltr'><strong>omnium</strong></span> <span class='ocrx_word' id='word_1_745' title='bbox 1115 5353 1158 5415; x_wconf 83' lang='grc'>⁸,</span> <span class='ocrx_word' id='word_1_746' title='bbox 1197 5353 1240 5406; x_wconf 89' lang='lat' dir='ltr'><strong>si</strong></span> <span class='ocrx_word' id='word_1_747' title='bbox 1303 5368 1424 5405; x_wconf 87' lang='lat' dir='ltr'><strong>eum</strong></span> <span class='ocrx_word' id='word_1_748' title='bbox 1494 5357 1704 5421; x_wconf 83' lang='lat' dir='ltr'><strong>tempus</strong></span> <span class='ocrx_word' id='word_1_749' title='bbox 1747 5352 2115 5422; x_wconf 65' lang='lat' dir='ltr'><strong>praecesserit,</strong></span> 
     </span>
    </p>
   </div>
   <div class='ocr_carea' id='block_1_98' title="bbox 537 5441 2112 5512">
    <p class='ocr_par' dir='ltr' id='par_1_98' title="bbox 537 5441 2112 5512">
     <span class='ocr_line' id='line_1_98' title="bbox 537 5441 2112 5512; baseline 0 -16"><span class='ocrx_word' id='word_1_750' title='bbox 537 5443 700 5512; x_wconf 83' lang='lat' dir='ltr'><strong>eique</strong></span> <span class='ocrx_word' id='word_1_751' title='bbox 734 5441 1082 5498; x_wconf 80' lang='lat' dir='ltr'><strong>dominetur?</strong></span> <span class='ocrx_word' id='word_1_752' title='bbox 1104 5441 1366 5511; x_wconf 86' lang='lat' dir='ltr'><strong>Principii</strong></span> <span class='ocrx_word' id='word_1_753' title='bbox 1403 5444 1570 5509; x_wconf 83' lang='lat' dir='ltr'><strong>igitur</strong></span> <span class='ocrx_word' id='word_1_754' title='bbox 1587 5458 1786 5510; x_wconf 82' lang='lat' dir='ltr'><strong>expers</strong></span> <span class='ocrx_word' id='word_1_755' title='bbox 1805 5452 1886 5496; x_wconf 82' lang='lat' dir='ltr'><strong>est</strong></span> <span class='ocrx_word' id='word_1_756' title='bbox 1909 5442 2065 5494; x_wconf 85' lang='lat' dir='ltr'><strong>l&#39;ater</strong></span> <span class='ocrx_word' id='word_1_757' title='bbox 2098 5457 2112 5496; x_wconf 91' lang='lat'><strong>:</strong></span> 
     </span>
    </p>
   </div>
   <div class='ocr_carea' id='block_1_99' title="bbox 543 5531 2113 5600">
    <p class='ocr_par' dir='ltr' id='par_1_99' title="bbox 543 5531 2113 5600">
     <span class='ocr_line' id='line_1_99' title="bbox 543 5531 2113 5600; baseline -0.001 -14"><span class='ocrx_word' id='word_1_758' title='bbox 543 5548 645 5588; x_wconf 89' lang='lat' dir='ltr'><strong>nec</strong></span> <span class='ocrx_word' id='word_1_759' title='bbox 674 5535 818 5590; x_wconf 86' lang='lat' dir='ltr'><strong>enim</strong></span> <span class='ocrx_word' id='word_1_760' title='bbox 852 5535 1090 5597; x_wconf 83' lang='lat' dir='ltr'><strong>aliunde,</strong></span> <span class='ocrx_word' id='word_1_761' title='bbox 1120 5548 1222 5588; x_wconf 91' lang='lat' dir='ltr'><strong>nec</strong></span> <span class='ocrx_word' id='word_1_762' title='bbox 1257 5549 1287 5586; x_wconf 91' lang='lat' dir='ltr'><strong>a</strong></span> <span class='ocrx_word' id='word_1_763' title='bbox 1325 5550 1382 5587; x_wconf 85' lang='lat' dir='ltr'><strong>se</strong></span> <span class='ocrx_word' id='word_1_764' title='bbox 1420 5535 1538 5600; x_wconf 83' lang='lat' dir='ltr'><strong>ipso</strong></span> <span class='ocrx_word' id='word_1_765' title='bbox 1559 5548 1679 5586; x_wconf 86' lang='lat' dir='ltr'><strong>esse</strong></span> <span class='ocrx_word' id='word_1_766' title='bbox 1714 5535 1898 5587; x_wconf 87' lang='lat' dir='ltr'><strong>habet.</strong></span> <span class='ocrx_word' id='word_1_767' title='bbox 1937 5531 2113 5585; x_wconf 81' lang='lat' dir='ltr'><strong>Filius</strong></span> 
     </span>
    </p>
   </div>
   <div class='ocr_carea' id='block_1_100' title="bbox 544 5624 2114 5695">
    <p class='ocr_par' dir='ltr' id='par_1_100' title="bbox 544 5624 2114 5695">
     <span class='ocr_line' id='line_1_100' title="bbox 544 5624 2114 5695; baseline -0.001 -17"><span class='ocrx_word' id='word_1_768' title='bbox 544 5634 750 5689; x_wconf 80' lang='lat' dir='ltr'><strong>autem,</strong></span> <span class='ocrx_word' id='word_1_769' title='bbox 781 5629 826 5681; x_wconf 91' lang='lat' dir='ltr'><strong>si</strong></span> <span class='ocrx_word' id='word_1_770' title='bbox 858 5627 1073 5695; x_wconf 92' lang='lat' dir='ltr'><strong>quidem</strong></span> <span class='ocrx_word' id='word_1_771' title='bbox 1106 5624 1319 5680; x_wconf 84' lang='lat' dir='ltr'><strong>Patrem</strong></span> <span class='ocrx_word' id='word_1_772' title='bbox 1354 5633 1411 5680; x_wconf 93' lang='grc' dir='ltr'><strong>ιιι</strong></span> <span class='ocrx_word' id='word_1_773' title='bbox 1442 5640 1662 5680; x_wconf 83' lang='lat' dir='ltr'><strong>causam</strong></span> <span class='ocrx_word' id='word_1_774' title='bbox 1700 5627 1960 5694; x_wconf 74' lang='lat' dir='ltr'><strong>accipias,</strong></span> <span class='ocrx_word' id='word_1_775' title='bbox 2023 5638 2114 5677; x_wconf 87' lang='lat' dir='ltr'><strong>ne-</strong></span> 
     </span>
    </p>
   </div>
   <div class='ocr_carea' id='block_1_101' title="bbox 612 5741 2489 5863">
    <p class='ocr_par' dir='ltr' id='par_1_101' title="bbox 612 5741 2489 5863">
     <span class='ocr_line' id='line_1_101' title="bbox 612 5741 2489 5810; baseline -0.002 -16"><span class='ocrx_word' id='word_1_776' title='bbox 612 5744 627 5773; x_wconf 79' lang='grc'><strong>⁸</strong></span> <span class='ocrx_word' id='word_1_777' title='bbox 657 5741 812 5796; x_wconf 81' lang='lat' dir='ltr'><strong>Joan.</strong></span> <span class='ocrx_word' id='word_1_778' title='bbox 854 5761 908 5806; x_wconf 79' lang='grc' dir='ltr'><strong>ιι,</strong></span> <span class='ocrx_word' id='word_1_779' title='bbox 947 5746 1042 5810; x_wconf 82' lang='grc'><strong>18;</strong></span> <span class='ocrx_word' id='word_1_780' title='bbox 1077 5760 1162 5809; x_wconf 76' lang='lat' dir='ltr'><strong>xv,</strong></span> <span class='ocrx_word' id='word_1_781' title='bbox 1203 5745 1312 5807; x_wconf 76' lang='lat'><strong>10;</strong></span> <span class='ocrx_word' id='word_1_782' title='bbox 1345 5759 1458 5804; x_wconf 87' lang='lat' dir='ltr'><strong>vnt,</strong></span> <span class='ocrx_word' id='word_1_783' title='bbox 1500 5743 1591 5797; x_wconf 74' lang='lat'><strong>29.</strong></span> <span class='ocrx_word' id='word_1_784' title='bbox 1669 5745 1688 5774; x_wconf 84' lang='grc'>¹</span> <span class='ocrx_word' id='word_1_785' title='bbox 1728 5743 1890 5796; x_wconf 83' lang='lat' dir='ltr'><strong>llehr.</strong></span> <span class='ocrx_word' id='word_1_786' title='bbox 1919 5757 1969 5803; x_wconf 81' lang='grc' dir='ltr'><strong>ν,</strong></span> <span class='ocrx_word' id='word_1_787' title='bbox 2005 5741 2036 5792; x_wconf 87' lang='lat'><strong>9</strong></span> <span class='ocrx_word' id='word_1_788' title='bbox 2095 5751 2149 5792; x_wconf 91' lang='lat' dir='ltr'><strong>et</strong></span> <span class='ocrx_word' id='word_1_789' title='bbox 2179 5753 2333 5807; x_wconf 90' lang='lat' dir='ltr'><strong>seqq.</strong></span> <span class='ocrx_word' id='word_1_790' title='bbox 2413 5741 2433 5770; x_wconf 91' lang='grc'><em>³</em></span> <span class='ocrx_word' id='word_1_791' title='bbox 2464 5741 2489 5791; x_wconf 64' lang='lat' dir='ltr'><strong>l€</strong></span> 
     </span>
     <span class='ocr_line' id='line_1_102' title="bbox 612 5807 2489 5863; baseline -0.001 -1"><span class='ocrx_word' id='word_1_792' title='bbox 612 5850 632 5863; x_wconf 50' lang='grc' dir='ltr'><strong>η.</strong></span> <span class='ocrx_word' id='word_1_793' title='bbox 673 5827 732 5863; x_wconf 88' lang='grc' dir='ltr'><strong>ιι.</strong></span> <span class='ocrx_word' id='word_1_794' title='bbox 762 5814 848 5863; x_wconf 78' lang='lat'><strong>‘20.</strong></span> <span class='ocrx_word' id='word_1_795' title='bbox 928 5815 946 5843; x_wconf 80' lang='grc'>⁶</span> <span class='ocrx_word' id='word_1_796' title='bbox 981 5813 1111 5863; x_wconf 86' lang='lat' dir='ltr'><strong>an.</strong></span> <span class='ocrx_word' id='word_1_797' title='bbox 1149 5831 1279 5863; x_wconf 76' lang='lat' dir='ltr'><strong>uti.</strong></span> <span class='ocrx_word' id='word_1_798' title='bbox 1318 5815 1385 5863; x_wconf 67' lang='grc'><strong>44</strong></span> <span class='ocrx_word' id='word_1_799' title='bbox 1439 5830 1552 5863; x_wconf 86' lang='lat' dir='ltr'><strong>seu.</strong></span> <span class='ocrx_word' id='word_1_800' title='bbox 1630 5815 1647 5844; x_wconf 85' lang='grc'><strong><em>⁷</em></strong></span> <span class='ocrx_word' id='word_1_801' title='bbox 1678 5811 1843 5863; x_wconf 83' lang='lat' dir='ltr'><strong>Hebr.</strong></span> <span class='ocrx_word' id='word_1_802' title='bbox 1881 5828 1918 5863; x_wconf 88' lang='grc' dir='ltr'><strong>ι.</strong></span> <span class='ocrx_word' id='word_1_803' title='bbox 1949 5815 2003 5863; x_wconf 74' lang='lat'><strong>2.</strong></span> <span class='ocrx_word' id='word_1_804' title='bbox 2083 5807 2104 5838; x_wconf 86' lang='grc'><strong><em>⁸</em></strong></span> <span class='ocrx_word' id='word_1_805' title='bbox 2139 5810 2298 5863; x_wconf 77' lang='lat' dir='ltr'><strong>llom.</strong></span> <span class='ocrx_word' id='word_1_806' title='bbox 2337 5823 2389 5863; x_wconf 71' lang='grc' dir='ltr'><strong>κ.</strong></span> <span class='ocrx_word' id='word_1_807' title='bbox 2424 5809 2489 5861; x_wconf 73' lang='grc'><strong>12</strong></span> 
     </span>
    </p>
   </div>
   <div class='ocr_carea' id='block_1_102' title="bbox 539 5808 2003 5882">
    <p class='ocr_par' dir='ltr' id='par_1_102' title="bbox 539 5808 2003 5882">
     <span class='ocr_line' id='line_1_103' title="bbox 539 5808 2003 5882; baseline 0.001 -21"><span class='ocrx_word' id='word_1_808' title='bbox 539 5808 632 5866; x_wconf 81' lang='lat' dir='ltr'><strong>lat.</strong></span> <span class='ocrx_word' id='word_1_809' title='bbox 673 5827 732 5874; x_wconf 90' lang='lat' dir='ltr'><strong>ll,</strong></span> <span class='ocrx_word' id='word_1_810' title='bbox 762 5814 848 5866; x_wconf 78' lang='lat'><strong>‘20.</strong></span> <span class='ocrx_word' id='word_1_811' title='bbox 928 5815 946 5843; x_wconf 79' lang='grc'>⁶</span> <span class='ocrx_word' id='word_1_812' title='bbox 981 5808 1111 5868; x_wconf 83' lang='lat' dir='ltr'><strong>Luc.</strong></span> <span class='ocrx_word' id='word_1_813' title='bbox 1149 5808 1279 5879; x_wconf 67' lang='grc' dir='ltr'>ιιιιι,</span> <span class='ocrx_word' id='word_1_814' title='bbox 1318 5815 1385 5867; x_wconf 68' lang='grc'><strong>44</strong></span> <span class='ocrx_word' id='word_1_815' title='bbox 1439 5830 1552 5882; x_wconf 87' lang='lat' dir='ltr'><strong>seq.</strong></span> <span class='ocrx_word' id='word_1_816' title='bbox 1630 5815 1647 5844; x_wconf 84' lang='grc'><strong><em>⁷</em></strong></span> <span class='ocrx_word' id='word_1_817' title='bbox 1678 5811 1843 5866; x_wconf 85' lang='lat' dir='ltr'><strong>llebr.</strong></span> <span class='ocrx_word' id='word_1_818' title='bbox 1881 5828 1918 5865; x_wconf 91' lang='grc' dir='ltr'><strong>ι.</strong></span> <span class='ocrx_word' id='word_1_819' title='bbox 1949 5815 2003 5864; x_wconf 75' lang='lat'><strong>2.</strong></span> 
     </span>
    </p>
   </div>
   <div class='ocr_carea' id='block_1_103' title="bbox 2224 4437 3768 4512">
    <p class='ocr_par' dir='ltr' id='par_1_103' title="bbox 2224 4437 3768 4512">
     <span class='ocr_line' id='line_1_104' title="bbox 2224 4437 3768 4512; baseline 0.002 -25"><span class='ocrx_word' id='word_1_820' title='bbox 2224 4437 2496 4507; x_wconf 80' lang='grc' dir='ltr'>οὐδαμῶς,</span> <span class='ocrx_word' id='word_1_821' title='bbox 2537 4441 2710 4509; x_wconf 83' lang='grc' dir='ltr'>ἀρχῆς</span> <span class='ocrx_word' id='word_1_822' title='bbox 2745 4439 2801 4491; x_wconf 80' lang='grc' dir='ltr'>δὲ</span> <span class='ocrx_word' id='word_1_823' title='bbox 2843 4442 2950 4492; x_wconf 82' lang='grc' dir='ltr'>τῶν</span> <span class='ocrx_word' id='word_1_824' title='bbox 2980 4441 3120 4494; x_wconf 75' lang='grc' dir='ltr'>ὅλων</span> <span class='ocrx_word' id='word_1_825' title='bbox 3144 4459 3156 4473; x_wconf 90' lang='grc'><strong>·</strong></span> <span class='ocrx_word' id='word_1_826' title='bbox 3188 4444 3365 4512; x_wconf 78' lang='grc' dir='ltr'>ἀρχὴν</span> <span class='ocrx_word' id='word_1_827' title='bbox 3395 4444 3452 4497; x_wconf 79' lang='grc' dir='ltr'>δὲ</span> <span class='ocrx_word' id='word_1_828' title='bbox 3478 4447 3600 4496; x_wconf 79' lang='grc' dir='ltr'>ὅταν</span> <span class='ocrx_word' id='word_1_829' title='bbox 3633 4443 3768 4499; x_wconf 83' lang='grc' dir='ltr'>εῐπω,</span> 
     </span>
    </p>
   </div>
   <div class='ocr_carea' id='block_1_104' title="bbox 2225 4529 3772 4608">
    <p class='ocr_par' dir='ltr' id='par_1_104' title="bbox 2225 4529 3772 4608">
     <span class='ocr_line' id='line_1_105' title="bbox 2225 4529 3772 4608; baseline 0.003 -27"><span class='ocrx_word' id='word_1_830' title='bbox 2225 4529 2300 4597; x_wconf 87' lang='grc' dir='ltr'>μὴ</span> <span class='ocrx_word' id='word_1_831' title='bbox 2345 4529 2535 4598; x_wconf 83' lang='grc' dir='ltr'>χρόνον</span> <span class='ocrx_word' id='word_1_832' title='bbox 2573 4531 2869 4600; x_wconf 77' lang='grc' dir='ltr'>παρενθῇς,</span> <span class='ocrx_word' id='word_1_833' title='bbox 2907 4535 3042 4604; x_wconf 85' lang='grc' dir='ltr'>μηδὲ</span> <span class='ocrx_word' id='word_1_834' title='bbox 3095 4535 3262 4604; x_wconf 82' lang='grc' dir='ltr'>μέσον</span> <span class='ocrx_word' id='word_1_835' title='bbox 3292 4553 3346 4588; x_wconf 91' lang='grc' dir='ltr'><strong>τι</strong></span> <span class='ocrx_word' id='word_1_836' title='bbox 3384 4536 3550 4608; x_wconf 76' lang='grc' dir='ltr'>τάξῃς</span> <span class='ocrx_word' id='word_1_837' title='bbox 3582 4534 3664 4588; x_wconf 77' lang='grc' dir='ltr'>τοῦ</span> <span class='ocrx_word' id='word_1_838' title='bbox 3691 4548 3772 4598; x_wconf 84' lang='grc' dir='ltr'>γε·</span> 
     </span>
    </p>
   </div>
   <div class='ocr_carea' id='block_1_105' title="bbox 2221 4622 3770 4697">
    <p class='ocr_par' dir='ltr' id='par_1_105' title="bbox 2221 4622 3770 4697">
     <span class='ocr_line' id='line_1_106' title="bbox 2221 4622 3770 4697; baseline 0.001 -25"><span class='ocrx_word' id='word_1_839' title='bbox 2221 4623 2543 4688; x_wconf 80' lang='grc' dir='ltr'>γεννηκότος</span> <span class='ocrx_word' id='word_1_840' title='bbox 2591 4623 2686 4675; x_wconf 78' lang='grc' dir='ltr'>καὶ</span> <span class='ocrx_word' id='word_1_841' title='bbox 2731 4625 2826 4676; x_wconf 75' lang='grc' dir='ltr'>τοῦ</span> <span class='ocrx_word' id='word_1_842' title='bbox 2879 4626 3244 4695; x_wconf 86' lang='grc' dir='ltr'>γεννήματος,</span> <span class='ocrx_word' id='word_1_843' title='bbox 3302 4628 3442 4696; x_wconf 81' lang='grc' dir='ltr'>μηδὲ</span> <span class='ocrx_word' id='word_1_844' title='bbox 3477 4627 3645 4697; x_wconf 76' lang='grc' dir='ltr'>διέλῃς</span> <span class='ocrx_word' id='word_1_845' title='bbox 3688 4622 3770 4690; x_wconf 67' lang='grc' dir='ltr'>τὴν</span> 
     </span>
    </p>
   </div>
   <div class='ocr_carea' id='block_1_106' title="bbox 2189 4715 3768 4786">
    <p class='ocr_par' dir='ltr' id='par_1_106' title="bbox 2189 4715 3768 4786">
     <span class='ocr_line' id='line_1_107' title="bbox 2189 4715 3768 4786; baseline 0.002 -21"><span class='ocrx_word' id='word_1_846' title='bbox 2189 4718 2385 4782; x_wconf 40' lang='grc' dir='ltr'>,φύσιν</span> <span class='ocrx_word' id='word_1_847' title='bbox 2431 4715 2508 4784; x_wconf 85' lang='grc' dir='ltr'>τῷ</span> <span class='ocrx_word' id='word_1_848' title='bbox 2555 4717 2738 4777; x_wconf 79' lang='grc' dir='ltr'>κακῶς</span> <span class='ocrx_word' id='word_1_849' title='bbox 2773 4720 3160 4786; x_wconf 86' lang='grc' dir='ltr'>παρεντεθέντι</span> <span class='ocrx_word' id='word_1_850' title='bbox 3201 4723 3314 4784; x_wconf 84' lang='grc' dir='ltr'>τοῖς</span> <span class='ocrx_word' id='word_1_851' title='bbox 3365 4721 3649 4780; x_wconf 86' lang='grc' dir='ltr'>συναῖδίοις</span> <span class='ocrx_word' id='word_1_852' title='bbox 3689 4715 3768 4768; x_wconf 65' lang='grc' dir='ltr'><strong>καὶ</strong></span> 
     </span>
    </p>
   </div>
   <div class='ocr_carea' id='block_1_107' title="bbox 2223 4808 3766 4881">
    <p class='ocr_par' dir='ltr' id='par_1_107' title="bbox 2223 4808 3766 4881">
     <span class='ocr_line' id='line_1_108' title="bbox 2223 4808 3766 4881; baseline 0.005 -22"><span class='ocrx_word' id='word_1_853' title='bbox 2223 4808 2613 4876; x_wconf 87' lang='grc' dir='ltr'>συνημμένοις.</span> <span class='ocrx_word' id='word_1_854' title='bbox 2679 4809 2738 4860; x_wconf 79' lang='grc' dir='ltr'><strong>Εἰ</strong></span> <span class='ocrx_word' id='word_1_855' title='bbox 2789 4809 2898 4879; x_wconf 82' lang='grc' dir='ltr'><strong>γὰρ</strong></span> <span class='ocrx_word' id='word_1_856' title='bbox 2952 4812 3144 4879; x_wconf 81' lang='grc' dir='ltr'>χρόνος</span> <span class='ocrx_word' id='word_1_857' title='bbox 3214 4811 3349 4866; x_wconf 83' lang='grc' dir='ltr'><strong>Υἱοῦ</strong></span> <span class='ocrx_word' id='word_1_858' title='bbox 3402 4811 3766 4881; x_wconf 73' lang='grc' dir='ltr'>πρεσϐύτερος.</span> 
     </span>
    </p>
   </div>
   <div class='ocr_carea' id='block_1_108' title="bbox 2223 4897 3765 4970">
    <p class='ocr_par' dir='ltr' id='par_1_108' title="bbox 2223 4897 3765 4970">
     <span class='ocr_line' id='line_1_109' title="bbox 2223 4897 3765 4970; baseline 0.003 -23"><span class='ocrx_word' id='word_1_859' title='bbox 2223 4897 2431 4949; x_wconf 80' lang='grc' dir='ltr'>ἐκείνου</span> <span class='ocrx_word' id='word_1_860' title='bbox 2454 4897 2654 4967; x_wconf 83' lang='grc' dir='ltr'>δηλαδὴ</span> <span class='ocrx_word' id='word_1_861' title='bbox 2691 4897 2923 4968; x_wconf 87' lang='grc' dir='ltr'>πρώτως</span> <span class='ocrx_word' id='word_1_862' title='bbox 2955 4899 3020 4952; x_wconf 78' lang='grc' dir='ltr'>ἂν</span> <span class='ocrx_word' id='word_1_863' title='bbox 3054 4903 3141 4970; x_wconf 73' lang='grc' dir='ltr'>εἴη</span> <span class='ocrx_word' id='word_1_864' title='bbox 3175 4902 3352 4964; x_wconf 72' lang='grc' dir='ltr'>αἴτιος</span> <span class='ocrx_word' id='word_1_865' title='bbox 3386 4906 3412 4954; x_wconf 88' lang='lat'><strong>6</strong></span> <span class='ocrx_word' id='word_1_866' title='bbox 3446 4900 3643 4969; x_wconf 79' lang='grc' dir='ltr'>Πατήρ.</span> <span class='ocrx_word' id='word_1_867' title='bbox 3674 4898 3765 4950; x_wconf 72' lang='grc' dir='ltr'><strong>Καὶ</strong></span> 
     </span>
    </p>
   </div>
   <div class='ocr_carea' id='block_1_109' title="bbox 2224 4989 3762 5063">
    <p class='ocr_par' dir='ltr' id='par_1_109' title="bbox 2224 4989 3762 5063">
     <span class='ocr_line' id='line_1_110' title="bbox 2224 4989 3762 5063; baseline 0.003 -22"><span class='ocrx_word' id='word_1_868' title='bbox 2224 4989 2339 5051; x_wconf 84' lang='grc' dir='ltr'><strong>πῶς</strong></span> <span class='ocrx_word' id='word_1_869' title='bbox 2391 4990 2622 5060; x_wconf 78' lang='grc' dir='ltr'>ποιητὴς</span> <span class='ocrx_word' id='word_1_870' title='bbox 2667 4992 2872 5061; x_wconf 80' lang='grc' dir='ltr'>χρόνων</span> <span class='ocrx_word' id='word_1_871' title='bbox 2921 4994 2948 5044; x_wconf 88' lang='grc' dir='ltr'>ὁ</span> <span class='ocrx_word' id='word_1_872' title='bbox 2999 4993 3103 5045; x_wconf 76' lang='grc' dir='ltr'><strong>ὐπὸ</strong></span> <span class='ocrx_word' id='word_1_873' title='bbox 3152 4999 3383 5063; x_wconf 79' lang='grc' dir='ltr'>χρόνονς</span> <span class='ocrx_word' id='word_1_874' title='bbox 3439 4995 3557 5053; x_wconf 85' lang='grc' dir='ltr'>Πῶς</span> <span class='ocrx_word' id='word_1_875' title='bbox 3595 4993 3645 5045; x_wconf 83' lang='grc' dir='ltr'>δὲ</span> <span class='ocrx_word' id='word_1_876' title='bbox 3687 4990 3762 5040; x_wconf 68' lang='grc' dir='ltr'>καὶ</span> 
     </span>
    </p>
   </div>
   <div class='ocr_carea' id='block_1_110' title="bbox 2222 5075 3760 5153">
    <p class='ocr_par' dir='ltr' id='par_1_110' title="bbox 2222 5075 3760 5153">
     <span class='ocr_line' id='line_1_111' title="bbox 2222 5075 3760 5153; baseline 0.001 -23"><span class='ocrx_word' id='word_1_877' title='bbox 2222 5075 2427 5147; x_wconf 78' lang='grc' dir='ltr'>Κύριος</span> <span class='ocrx_word' id='word_1_878' title='bbox 2460 5079 2698 5144; x_wconf 83' lang='grc' dir='ltr'>πάντων,</span> <span class='ocrx_word' id='word_1_879' title='bbox 2729 5083 2777 5133; x_wconf 76' lang='grc' dir='ltr'>εἰ</span> <span class='ocrx_word' id='word_1_880' title='bbox 2822 5082 2926 5134; x_wconf 82' lang='grc' dir='ltr'>ὐπὸ</span> <span class='ocrx_word' id='word_1_881' title='bbox 2957 5083 3153 5151; x_wconf 83' lang='grc' dir='ltr'>χρόνου</span> <span class='ocrx_word' id='word_1_882' title='bbox 3187 5083 3550 5153; x_wconf 82' lang='grc' dir='ltr'>προείληπταί</span> <span class='ocrx_word' id='word_1_883' title='bbox 3593 5099 3644 5134; x_wconf 87' lang='grc' dir='ltr'><strong>τε</strong></span> <span class='ocrx_word' id='word_1_884' title='bbox 3686 5079 3760 5131; x_wconf 63' lang='grc' dir='ltr'>χιι</span> 
     </span>
    </p>
   </div>
   <div class='ocr_carea' id='block_1_111' title="bbox 2222 5166 3761 5242">
    <p class='ocr_par' dir='ltr' id='par_1_111' title="bbox 2222 5166 3761 5242">
     <span class='ocr_line' id='line_1_112' title="bbox 2222 5166 3761 5242; baseline 0.002 -24"><span class='ocrx_word' id='word_1_885' title='bbox 2222 5166 2573 5236; x_wconf 78' lang='grc' dir='ltr'>κυριεύεταις</span> <span class='ocrx_word' id='word_1_886' title='bbox 2608 5169 2875 5239; x_wconf 82' lang='grc' dir='ltr'>Ἀναρχος</span> <span class='ocrx_word' id='word_1_887' title='bbox 2908 5170 3003 5223; x_wconf 80' lang='grc' dir='ltr'><strong>οὖν</strong></span> <span class='ocrx_word' id='word_1_888' title='bbox 3032 5174 3060 5224; x_wconf 92' lang='lat'><strong>6</strong></span> <span class='ocrx_word' id='word_1_889' title='bbox 3087 5173 3276 5242; x_wconf 85' lang='grc' dir='ltr'>Πατήρ</span> <span class='ocrx_word' id='word_1_890' title='bbox 3299 5187 3312 5200; x_wconf 92' lang='grc'><strong>·</strong></span> <span class='ocrx_word' id='word_1_891' title='bbox 3351 5173 3414 5225; x_wconf 84' lang='grc' dir='ltr'><strong>οὐ</strong></span> <span class='ocrx_word' id='word_1_892' title='bbox 3458 5173 3563 5241; x_wconf 74' lang='grc' dir='ltr'>γὰρ</span> <span class='ocrx_word' id='word_1_893' title='bbox 3595 5171 3761 5232; x_wconf 81' lang='grc' dir='ltr'>ἑτέρω-</span> 
     </span>
    </p>
   </div>
   <div class='ocr_carea' id='block_1_112' title="bbox 2220 5257 3756 5332">
    <p class='ocr_par' dir='ltr' id='par_1_112' title="bbox 2220 5257 3756 5332">
     <span class='ocr_line' id='line_1_113' title="bbox 2220 5257 3756 5332; baseline 0.005 -24"><span class='ocrx_word' id='word_1_894' title='bbox 2220 5257 2315 5309; x_wconf 86' lang='grc' dir='ltr'>Θεν</span> <span class='ocrx_word' id='word_1_895' title='bbox 2357 5258 2526 5327; x_wconf 85' lang='grc' dir='ltr'>αὐτῷ,</span> <span class='ocrx_word' id='word_1_896' title='bbox 2568 5259 2688 5312; x_wconf 85' lang='grc' dir='ltr'>οὐδὲ</span> <span class='ocrx_word' id='word_1_897' title='bbox 2741 5261 2874 5332; x_wconf 80' lang='grc' dir='ltr'>παρ’</span> <span class='ocrx_word' id='word_1_898' title='bbox 2903 5263 3098 5314; x_wconf 75' lang='grc' dir='ltr'>ἑαυτοῦ</span> <span class='ocrx_word' id='word_1_899' title='bbox 3149 5263 3208 5314; x_wconf 81' lang='grc' dir='ltr'>τὸ</span> <span class='ocrx_word' id='word_1_900' title='bbox 3247 5260 3409 5317; x_wconf 71' lang='grc' dir='ltr'>εἶναι.</span> <span class='ocrx_word' id='word_1_901' title='bbox 3455 5262 3514 5315; x_wconf 80' lang='grc'><strong>’0</strong></span> <span class='ocrx_word' id='word_1_902' title='bbox 3549 5263 3599 5314; x_wconf 85' lang='grc' dir='ltr'>δὲ</span> <span class='ocrx_word' id='word_1_903' title='bbox 3634 5259 3756 5318; x_wconf 73' lang='grc' dir='ltr'><strong>Υἱὸς.</strong></span> 
     </span>
    </p>
   </div>
   <div class='ocr_carea' id='block_1_113' title="bbox 2221 5346 3759 5421">
    <p class='ocr_par' dir='ltr' id='par_1_113' title="bbox 2221 5346 3759 5421">
     <span class='ocr_line' id='line_1_114' title="bbox 2221 5346 3759 5421; baseline 0.005 -25"><span class='ocrx_word' id='word_1_904' title='bbox 2221 5346 2317 5397; x_wconf 80' lang='grc' dir='ltr'><strong>ὲάν</strong></span> <span class='ocrx_word' id='word_1_905' title='bbox 2348 5348 2446 5417; x_wconf 82' lang='grc' dir='ltr'>μὲν</span> <span class='ocrx_word' id='word_1_906' title='bbox 2477 5347 2552 5410; x_wconf 89' lang='grc' dir='ltr'><strong>ώς</strong></span> <span class='ocrx_word' id='word_1_907' title='bbox 2584 5349 2756 5402; x_wconf 78' lang='grc' dir='ltr'>αῐτιον</span> <span class='ocrx_word' id='word_1_908' title='bbox 2783 5351 2876 5401; x_wconf 78' lang='grc' dir='ltr'><strong>τὸν</strong></span> <span class='ocrx_word' id='word_1_909' title='bbox 2916 5351 3134 5420; x_wconf 78' lang='grc' dir='ltr'>Πατέρα</span> <span class='ocrx_word' id='word_1_910' title='bbox 3161 5351 3470 5421; x_wconf 77' lang='grc' dir='ltr'>λαμϐάνῃς,</span> <span class='ocrx_word' id='word_1_911' title='bbox 3499 5352 3591 5402; x_wconf 85' lang='grc' dir='ltr'><strong>οὐκ</strong></span> <span class='ocrx_word' id='word_1_912' title='bbox 3619 5349 3759 5412; x_wconf 76' lang='grc' dir='ltr'>ἄναρ-</span> 
     </span>
    </p>
   </div>
   <div class='ocr_carea' id='block_1_114' title="bbox 2219 5437 3756 5513">
    <p class='ocr_par' dir='ltr' id='par_1_114' title="bbox 2219 5437 3756 5513">
     <span class='ocr_line' id='line_1_115' title="bbox 2219 5437 3756 5513; baseline -0.003 -20"><span class='ocrx_word' id='word_1_913' title='bbox 2219 5457 2311 5508; x_wconf 87' lang='grc' dir='ltr'><strong>χος</strong></span> <span class='ocrx_word' id='word_1_914' title='bbox 2337 5455 2350 5469; x_wconf 77' lang='grc'><strong><em>⁸</em></strong></span> <span class='ocrx_word' id='word_1_915' title='bbox 2393 5443 2535 5510; x_wconf 82' lang='grc' dir='ltr'>ἀρχὴ</span> <span class='ocrx_word' id='word_1_916' title='bbox 2570 5444 2676 5510; x_wconf 82' lang='grc' dir='ltr'>γὰρ</span> <span class='ocrx_word' id='word_1_917' title='bbox 2725 5441 2852 5494; x_wconf 85' lang='grc' dir='ltr'><strong>Υίοῦ</strong></span> <span class='ocrx_word' id='word_1_918' title='bbox 2890 5445 3076 5513; x_wconf 77' lang='grc' dir='ltr'>Πατὴρ</span> <span class='ocrx_word' id='word_1_919' title='bbox 3105 5448 3180 5506; x_wconf 82' lang='grc' dir='ltr'>ὡς</span> <span class='ocrx_word' id='word_1_920' title='bbox 3223 5446 3433 5506; x_wconf 79' lang='grc' dir='ltr'>αἴτιος·</span> <span class='ocrx_word' id='word_1_921' title='bbox 3470 5443 3560 5494; x_wconf 80' lang='grc' dir='ltr'><strong>ἐὰν</strong></span> <span class='ocrx_word' id='word_1_922' title='bbox 3587 5441 3637 5492; x_wconf 83' lang='grc' dir='ltr'>δὲ</span> <span class='ocrx_word' id='word_1_923' title='bbox 3674 5437 3756 5504; x_wconf 74' lang='grc' dir='ltr'><strong>τὴν</strong></span> 
     </span>
    </p>
   </div>
   <div class='ocr_carea' id='block_1_115' title="bbox 2220 5529 3758 5602">
    <p class='ocr_par' dir='ltr' id='par_1_115' title="bbox 2220 5529 3758 5602">
     <span class='ocr_line' id='line_1_116' title="bbox 2220 5529 3758 5602; baseline -0.006 -19"><span class='ocrx_word' id='word_1_924' title='bbox 2220 5531 2327 5583; x_wconf 76' lang='grc' dir='ltr'>ἀπὸ</span> <span class='ocrx_word' id='word_1_925' title='bbox 2363 5531 2558 5600; x_wconf 86' lang='grc' dir='ltr'>χρόνου</span> <span class='ocrx_word' id='word_1_926' title='bbox 2591 5533 2719 5602; x_wconf 79' lang='grc' dir='ltr'>νοῇς</span> <span class='ocrx_word' id='word_1_927' title='bbox 2750 5532 2946 5602; x_wconf 85' lang='grc' dir='ltr'>ἀρχὴν,</span> <span class='ocrx_word' id='word_1_928' title='bbox 2987 5535 3082 5586; x_wconf 70' lang='grc' dir='ltr'><strong>καὶ</strong></span> <span class='ocrx_word' id='word_1_929' title='bbox 3121 5533 3386 5602; x_wconf 79' lang='grc' dir='ltr'>ἄναρχος·</span> <span class='ocrx_word' id='word_1_930' title='bbox 3419 5532 3516 5583; x_wconf 87' lang='grc' dir='ltr'><strong>οὐκ</strong></span> <span class='ocrx_word' id='word_1_931' title='bbox 3555 5529 3758 5596; x_wconf 79' lang='grc' dir='ltr'>ἄρχεται</span> 
     </span>
    </p>
   </div>
   <div class='ocr_carea' id='block_1_116' title="bbox 2219 5622 3304 5694">
    <p class='ocr_par' dir='ltr' id='par_1_116' title="bbox 2219 5622 3304 5694">
     <span class='ocr_line' id='line_1_117' title="bbox 2219 5622 3304 5694; baseline 0.002 -20"><span class='ocrx_word' id='word_1_932' title='bbox 2219 5622 2326 5692; x_wconf 75' lang='grc' dir='ltr'>γὰρ</span> <span class='ocrx_word' id='word_1_933' title='bbox 2353 5623 2458 5674; x_wconf 73' lang='grc' dir='ltr'>ὑπὸ</span> <span class='ocrx_word' id='word_1_934' title='bbox 2493 5623 2688 5692; x_wconf 87' lang='grc' dir='ltr'>χρόνου</span> <span class='ocrx_word' id='word_1_935' title='bbox 2719 5627 2747 5676; x_wconf 95' lang='lat'><strong>6</strong></span> <span class='ocrx_word' id='word_1_936' title='bbox 2772 5626 2976 5694; x_wconf 74' lang='grc' dir='ltr'>χρόνων</span> <span class='ocrx_word' id='word_1_937' title='bbox 3008 5627 3304 5693; x_wconf 78' lang='grc' dir='ltr'>Δεσπότης.</span> 
     </span>
    </p>
   </div>
   <div class='ocr_carea' id='block_1_117' title="bbox 2413 5728 3757 5810">
    <p class='ocr_par' dir='ltr' id='par_1_117' title="bbox 2413 5728 3757 5810">
     <span class='ocr_line' id='line_1_118' title="bbox 2413 5728 3757 5810; baseline -0.022 2"><span class='ocrx_word' id='word_1_938' title='bbox 2413 5740 2437 5810; x_wconf 19' lang='grc'>³.</span> <span class='ocrx_word' id='word_1_939' title='bbox 2464 5739 2629 5810; x_wconf 70' lang='lat' dir='ltr'><strong>Hebr.</strong></span> <span class='ocrx_word' id='word_1_940' title='bbox 2666 5755 2757 5806; x_wconf 72' lang='grc' dir='ltr'>ιιι,</span> <span class='ocrx_word' id='word_1_941' title='bbox 2800 5740 2823 5793; x_wconf 90' lang='grc' dir='ltr'>ι</span> <span class='ocrx_word' id='word_1_942' title='bbox 2858 5755 3010 5810; x_wconf 84' lang='lat' dir='ltr'><strong>seqq.</strong></span> <span class='ocrx_word' id='word_1_943' title='bbox 3087 5740 3107 5771; x_wconf 78' lang='grc'><strong>’⁵</strong></span> <span class='ocrx_word' id='word_1_944' title='bbox 3143 5738 3292 5793; x_wconf 77' lang='lat' dir='ltr'><strong>Rom.</strong></span> <span class='ocrx_word' id='word_1_945' title='bbox 3329 5753 3404 5803; x_wconf 89' lang='lat' dir='ltr'><strong>tv,</strong></span> <span class='ocrx_word' id='word_1_946' title='bbox 3436 5736 3524 5791; x_wconf 62' lang='lat' dir='ltr'><strong>Q5.</strong></span> <span class='ocrx_word' id='word_1_947' title='bbox 3597 5734 3616 5764; x_wconf 88' lang='lat'><strong>&#39;</strong></span> <span class='ocrx_word' id='word_1_948' title='bbox 3662 5728 3757 5783; x_wconf 77' lang='lat' dir='ltr'><strong>Gd-</strong></span> 
     </span>
    </p>
   </div>
  </div>
