4026 6290
262 365 371 432 593

1327 370 1706 433 PANOI‘LIA
1735 372 2196 432 DOt‘rMA'l‘lCA.
2226 392 2294 404 —
2314 369 2460 432 TlT.
2494 369 2599 429 Χῐ.

254 512 529 568 quaquam
573 498 838 569 principio
881 505 1069 563 caret;
1123 497 1449 568 principium
1492 498 1638 554 enim
1694 497 1816 554 Filii
1888 499 2050 554 Pater
2086 509 2165 555 est
2200 541 2216 564 ,

3408 357 3516 423 ὅθί

2300 509 2358 554 ιιι
2407 514 2605 566 causa;
2642 496 2728 552 sin
2780 498 2846 553 de
2906 505 3146 566 tempore
3195 495 3518 566 principium

257 591 619 657 intellexeris,
671 591 924 662 principii
988 605 1202 661 quoque
1256 591 1434 646 omnis
1490 600 1573 646 est
1625 606 1841 662 expers.
1881 591 2064 661 Neque
2129 593 2271 645 enim
2339 599 2640 660 temporum
2675 589 2932 644 Dominus
2980 588 3210 658 tempori
3246 588 3521 657 subjectus

256 692 360 739 εει.

443 778 509 830 Ei
539 778 619 842 δὲ,
651 778 733 830 ὅτι
769 777 838 831 τὰ
882 779 1108 849 σώματα
1147 777 1252 831 ὑπὸ
1293 778 1505 850 χρόνον,
1550 777 1638 831 διὰ
1686 779 1843 832 τοῦτο
1871 783 1914 836 Δ

259 867 516 932 ἀξιώσεις
553 866 766 921 κεῖσθαι
802 867 897 920 καὶ
929 867 1020 920 τὸν
1062 867 1189 920 Υίδν
1227 867 1332 920 ὑπὸ
1374 868 1585 939 χρόνον,
1618 867 1842 939 περιθή-

263 976 375 1022 σεις
408 959 503 1014 καὶ
548 960 709 1030 σῶμα
751 958 830 1030 τῷ
877 959 1186 1030 ἀσωμάτῳ·
1235 961 1331 1012 καὶ¹
1373 961 1423 1012 εί
1466 961 1549 1014 ὅτι
1598 960 1668 1013 τὰ
1713 960 1840 1030 παρ’

264 1052 394 1121 ἡμῖν
425 1049 744 1121 γεννώμενα
764 1091 778 1114 ,
809 1051 909 1104 οὐκ
933 1051 1066 1105 ὄντα
1097 1051 1248 1115 ποτὲ,
1285 1047 1404 1105 εἶτα
1441 1052 1721 1122 γινόμενα,
1754 1051 1842 1106 διὰ

263 1141 421 1196 τοῦτο
449 1143 543 1195 καὶ
575 1142 669 1195 τὸν
703 1142 831 1195 Υίὸν
863 1143 1194 1212 ἀναγκάσεις
1235 1143 1293 1210 ἐξ
1326 1144 1424 1196 οὐκ
1458 1143 1624 1196 όντων
1663 1145 1744 1208 εἰς
1782 1143 1843 1196 τὸ

268 1229 403 1286 εἶναι
444 1232 899 1305 παρεληλυθέναι,
935 1233 1245 1304 συγκρίνεις
1417 1233 1486 1286 τὰ
1515 1233 1840 1304 ἀσύγκριτα,

268 1327 398 1379 Θεὸν
431 1327 527 1379 καὶ
551 1326 858 1396 ἄνθρωπον,
902 1326 1059 1395 σῶμα
1094 1327 1186 1378 καὶ
1211 1325 1272 1378 τὸ
1299 1325 1588 1395 ἀσώματον
1609 1343 1621 1356 ·
1651 1325 1845 1378 οὐκοῦν

271 1419 361 1471 καὶ
394 1418 642 1470 πείσεται
670 1418 765 1470 καὶ
793 1416 1104 1486 λυθήσεται,
1140 1418 1220 1470 ὅτι
1253 1417 1344 1469 καὶ
1381 1417 1448 1468 τὰ
1477 1416 1719 1488 ἡμέτερα
1745 1415 1847 1469 σώ-

272 1525 438 1579 ματα.
475 1509 547 1561 Σὺ
585 1509 683 1578 μὲν
717 1503 809 1561 οὖν
844 1508 1015 1572 ἀξιοῖς
1051 1508 1138 1560 διὰ
1181 1505 1340 1560 τοῦτο
1378 1505 1520 1559 οὕτω
1556 1505 1845 1574 γεννᾶσθαι

267 1600 422 1662 Θεὸν,
457 1599 591 1652 διότι
626 1599 692 1651 τὰ
724 1598 969 1669 σώματα·
1002 1597 1111 1666 ἐγὼ
1141 1598 1198 1650 δὲ
1230 1597 1318 1651 διὰ
1344 1597 1500 1650 τοῦτο
1528 1597 1624 1666 οὐχ
1652 1596 1843 1660 οὕτως,

273 1691 353 1743 ὅτι
380 1689 526 1741 οὕτω
557 1689 625 1742 τὰ
658 1689 908 1758 σώματα.
943 1679 1044 1738 Ὧν
1073 1687 1180 1756 γὰρ
1227 1685 1282 1738 τὸ
1325 1682 1463 1738 εἶναι
1507 1687 1604 1755 οὐχ
1649 1687 1853 1756 ὅμοιον,

275 1772 478 1832 τούτων
517 1779 641 1831 οὐδὲ
686 1777 748 1830 τὸ
799 1779 994 1847 γεννᾷν
1052 1778 1271 1846 ὅμοιον·
1318 1778 1365 1829 εί
1422 1778 1497 1848 μὴ
1554 1794 1648 1830 και
1693 1777 1857 1831 τᾶλλα

277 1869 537 1940 δουλεύσῃ
720 1870 840 1930 ταῖς
881 1868 1054 1930 ὕλαις,
1086 1862 1196 1918 οἷον
1235 1867 1482 1936 πάσχων,
1533 1869 1622 1921 καὶ
1659 1865 1858 1920 λυπού-

2183 774 2336 838 Quod
2365 771 2432 836 si,
2466 765 2590 841 qtiia
2640 784 2867 838 corpora
2929 769 3159 835 tempori
3218 765 3518 834 subiacent,

1951 866 2156 922 idcirco
2215 864 2411 918 Filium
2473 877 2690 933 quoque
2743 859 2971 930 tempori
3022 859 3246 914 subesse
3292 869 3521 923 statuas,

1947 969 2073 1014 tunc
2111 957 2185 1014 rei
2229 958 2562 1026 incorporeas
2596 969 2793 1023 corpus
2835 951 3129 1017 attribues;
3167 959 3218 1006 et
3268 951 3338 1016 si,
3383 965 3523 1020 quo-

1949 1051 2092 1104 niam
2126 1066 2186 1103 ea
2226 1064 2344 1120 qua‘.
2375 1049 2513 1118 apud
2557 1062 2656 1101 nos
2713 1047 3026 1116 gignuntur,
3060 1061 3182 1099 cum
3237 1054 3362 1098 ante
3415 1059 3521 1099 nou

1947 1152 2148 1205 essent,
2192 1151 2378 1210 postea
2425 1150 2540 1193 orta
2577 1149 2723 1205 sunt,
2769 1139 2889 1191 ideo
2919 1137 3112 1190 Filituu
3161 1151 3379 1206 quoque
3425 1151 3523 1189 ne-
3584 1171 3593 1178 ι-

1948 1236 2184 1290 t-essario
2239 1251 2302 1290 ex
2359 1235 2527 1289 nihilo
2591 1233 2642 1287 in
2717 1247 2894 1285 rerum
2955 1241 3203 1283 naturam
3259 1229 3525 1298 prodiisse

1948 1326 2250 1393 contendis,
2289 1340 2571 1396 comparas
2601 1341 2686 1387 ea,
2716 1340 2835 1394 quae
2888 1322 3346 1392 comparationem
3404 1336 3522 1374 ont-

1950 1435 2070 1472 nem
2117 1426 2401 1487 I‘CSpllllnl,
2432 1414 2600 1492 Deum
2637 1430 2827 1482 nempe
2866 1424 2920 1467 ct
2965 1411 3260 1478 hominem,
3305 1425 3521 1480 corpus,

1947 1520 1999 1563 et
2031 1509 2082 1562 id
2135 1510 2276 1577 quod
2313 1524 2539 1579 corpore
2575 1516 2746 1562 vacat.
2793 1507 2930 1576 Ergo
2961 1515 3013 1558 et
3044 1507 3300 1574 patietur,
3330 1513 3386 1558 et
3414 1503 3522 1555 dis-

1952 1599 2217 1662 Snivclttr,
2251 1609 2412 1666 atque
2455 1601 2713 1663 interibit,
2759 1599 3206 1666 quemadmodum
3245 1606 3299 1652 ct
3341 1606 3524 1650 nostra

1943 1692 2194 1750 corpora.
2230 1683 2306 1736 Tu
2340 1687 2555 1752 quidem
2591 1687 2796 1741 idcirco
2827 1689 2992 1742 Dcutn
3024 1693 3092 1744 ita
3123 1689 3370 1759 generari
3405 1705 3527 1740 ιειξιι⁴

1947 1789 2055 1842 ses,
2083 1778 2222 1844 quod
2250 1794 2475 1848 corpora
2502 1780 2570 1832 ita
2606 1794 2933 1849 generentur
3028 1799 3043 1834 :
3183 1796 3280 1851 ego
3309 1795 3437 1834 vero
3466 1782 3534 1831 uti

1949 1870 2000 1923 id
2039 1885 2144 1923 non
2195 1873 2266 1924 ita
2329 1871 2471 1942 gigni
2513 1871 2745 1936 afﬁrmo,
2795 1875 2936 1942 quod
2995 1889 3056 1925 ea
3114 1873 3182 1928 sit
3246 1888 3530 1941 corporum

286 1979 464 2032 μενος,
497 1961 593 2014 καὶ
624 1959 845 2024 πεινῶν,
884 1961 977 2012 καὶ
1009 1959 1176 2028 διψῶν
1203 2001 1216 2023 ,
1258 1961 1350 2012 καὶ
1377 1961 1474 2012 ὅσα
1517 1961 1548 2030 ἢ
1588 1959 1859 2031 σώματος,

1964 1964 2342 2033 gignendorum
2405 1965 2546 2018 ratio
2613 1971 2864 2033 (quorum
2902 1967 3046 2020 enim
3095 1975 3286 2018 natura
3321 1963 3532 2016 diversa

285 2055 315 2125 ἢ
346 2053 438 2106 τοῦ
476 2052 886 2122 συναμφοτέρου
923 2051 1092 2118 πάθη.
1142 2051 1301 2102 Ἀλλὰ
1330 2051 1502 2104 ταῦτα
1529 2053 1587 2103 οὐ
1626 2051 1861 2122 παραδέ-

1964 2065 2056 2114 est,
2095 2056 2285 2108 horum
2336 2056 2518 2124 dispar
2559 2071 2772 2124 quoquc
2804 2058 3096 2126 generandi
3142 2056 3392 2122 medus);
3433 2054 3534 2106 nisi

287 2146 439 2216 χεταί
468 2163 564 2198 σου
593 2149 621 2200 ὁ
647 2146 771 2210 νοῦς
793 2165 804 2177 ·
841 2145 969 2216 περὶ
1003 2143 1138 2198 Θεοῦ
1168 2145 1276 2215 γὰρ
1301 2145 1330 2196 ὁ
1359 2143 1534 2212 λόγος.
1564 2144 1656 2216 Μὴ
1685 2144 1865 2199 τοίνυν

1964 2162 2076 2199 eum
2121 2150 2172 2200 ιιι
2202 2149 2453 2200 omnibus
2492 2148 2612 2201 aliis
2644 2163 2858 2217 quoque
2891 2150 3050 2201 rebus
3093 2163 3367 2216 corporea:
3419 2162 3534 2198 tua-

291 2238 424 2307 μηδὲ
471 2237 570 2308 τὴν
613 2238 868 2309 γέννησιν
906 2237 1110 2303 ἄλλως,
1148 2237 1181 2306 ἢ
1245 2237 1320 2298 ὼς
1379 2236 1565 2308 θεῖκὴν
1627 2236 1862 2308 παραδέ⁶

1964 2239 2106 2292 terize
2134 2239 2342 2292 servire
2372 2239 2693 2302 contendas,
2721 2241 2823 2294 hoc
2856 2250 2963 2304 est,
2997 2249 3053 2292 ut
3108 2239 3368 2309 patiatur,
3401 2247 3453 2290 et
3485 2237 3537 2289 iu

289 2344 404 2397 χου.
1960 2343 2196 2383 ιηωιοιθ
2232 2339 2498 2394 versetur,
2547 2341 2601 2384 et
2637 2330 2782 2385 fame
2834 2347 2896 2386 ac
2951 2333 3040 2386 siti
3081 2331 3315 2395 laboret,
3352 2343 3540 2384 omnes

288 2419 520 2488 denique
557 2434 653 2475 eas
703 2416 1039 2482 alfectiones,
1073 2417 1291 2486 quibus,
1333 2417 1417 2473 vel
1461 2414 1749 2486 corporis,
1803 2414 1884 2466 vel
1939 2412 2270 2480 conjunctim
2321 2415 2604 2484 utriusque
2657 2416 2827 2485 partis
2879 2427 3072 2473 natura
3135 2419 3374 2486 subjecta
3429 2432 3534 2486 est,

289 2511 620 2579 experiatur.
650 2512 772 2567 “ch
821 2513 964 2566 enim
1023 2527 1150 2566 vero
1196 2525 1352 2566 mens
1400 2523 1485 2565 tua
1525 2523 1628 2563 non
1670 2505 1926 2563 admittit.
1971 2506 2045 2560 De
2112 2505 2220 2560 Deo
2283 2507 2480 2576 quippe
2544 2524 2724 2563 sermo
2758 2521 2860 2566 est.
2925 2511 3000 2565 Ne
3033 2525 3086 2566 ιιι
3123 2515 3284 2580 igitur
3319 2530 3543 2584 genera-

295 2603 492 2656 tionem
527 2602 686 2657 aliter
710 2617 869 2672 quam
901 2611 958 2656 ut
989 2602 1224 2657 divinam
1257 2601 1504 2657 admitte.

479 2691 618 2741 Ἀλλ’
653 2693 701 2742 εί
739 2691 1082 2763 γεγέννηται,
1117 2695 1234 2757 πῶς
1261 2693 1616 2762 γεγέννηται,
1669 2694 1866 2764 φησίνς

304 2779 622 2852 Ἀπόκριναί
671 2800 781 2854 μοι,
824 2776 868 2834 ὧ
911 2782 1214 2837 διαλεκτικὲ
1262 2785 1325 2837 σὺ
1376 2783 1470 2837 καὶ
1509 2784 1738 2852 ἄφυκτε.
1808 2783 1870 2835 El

287 2871 555 2937 ἔκτισται,
591 2874 708 2938 πῶς
737 2874 1014 2940 Exstant;
1047 2876 1193 2946 κάμὲ
1235 2875 1458 2930 ἀπαίτει
1494 2875 1575 2937 τὸ,
1617 2875 1742 2939 Πῶς
1781 2891 1872 2943 γε-

288 2964 580 3035 γέννηται;
613 2965 790 3030 Πάθος
961 2966 1092 3038 περὶ
1122 2967 1223 3036 τὴν
1248 2967 1537 3038 γέννησινς
1569 2966 1746 3030 Πάθος
1779 2966 1874 3020 καὶ

289 3055 414 3125 περὶ
442 3055 541 3124 τὴν
575 3056 783 3108 κτίσιν·
818 3055 852 3126 ἢ
887 3056 994 3127 γὰρ
1015 3057 1079 3110 ού
1117 3055 1288 3120 πάθος
1318 3059 1351 3128 ή
1381 3056 1746 3121 άνατύπωσις,
1779 3058 1874 3110 καὶ

290 3146 321 3214 ἡ
364 3145 608 3215 φροντὶς,
648 3147 745 3198 καὶ
771 3148 803 3217 ἡ
830 3146 924 3199 τοῦ
950 3146 1238 3218 νοηθέντος
1270 3147 1482 3218 ἁθρόως
1521 3149 1601 3213 είς
1632 3148 1690 3200 τὸ
1735 3147 1874 3201 κατὰ

293 3236 459 3308 μέρος
510 3236 853 3303 ὲξάπλωσιςς
905 3239 1110 3310 Χρόνος
1153 3239 1284 3310 περὶ
1316 3238 1415 3310 τὴν
1455 3239 1745 3311 γέννησιν;
1787 3240 1876 3310 Ἐν

291 3323 464 3393 χρόνῳ
515 3324 610 3376 καὶ
659 3323 728 3377 τὰ
778 3325 1093 3396 κτιζὸμενα.
1145 3326 1324 3390 Τόπος
1377 3327 1640 3394 ὲνταῦθα;
1699 3328 1876 3391 Τόπος

289 3415 423 3468 ἐκεῖ.
477 3414 775 3484 Ἀποτυχία
808 3415 937 3486 περὶ
973 3417 1073 3485 τὴν
1106 3416 1396 3487 γέννησιν;
1437 3417 1734 3488 ’Δποτυχία
1783 3418 1878 3472 καὶ

290 3507 418 3578 περὶ
445 3506 546 3575 τὴν
572 3505 769 3560 κτίσιν.
797 3506 986 3560 Ταῦτα
1012 3507 1220 3575 ἥκουσα
1246 3508 1675 3579 φιλοσοφούντων
1699 3507 1874 3580 ὑμῶν·

283 3597 322 3650 ἃ
361 3598 470 3669 γὰρ
499 3599 528 3650 ὁ
561 3595 688 3660 νοῦς
723 3597 1030 3668 ὑπέγραψε,
1065 3597 1328 3662 πολλάκις
1359 3598 1531 3654 ταῦτα
1560 3603 1593 3671 ἡ
1627 3601 1748 3671 χεὶρ
1778 3599 1878 3652 οὐκ

285 3689 558 3743 ἐτέλεσεν.
622 3689 785 3742 Ἀλλὰ
821 3689 988 3761 λόγῳ,
1031 3691 1186 3762 φησι,
1220 3691 1279 3744 τὸ
1314 3693 1422 3745 πᾶν
1459 3691 1738 3762 ὑπέστησε
1784 3692 1878 3744 καὶ

290 3779 619 3851 βουλήματι.
642 3779 833 3847 Αὐτὸς
861 3781 970 3852 γὰρ
1002 3776 1154 3845 εἷπε,
1186 3780 1288 3836 καὶ
1459 3781 1836 3853 ἐγενήθησαν
1858 3799 1874 3814 ο

286 3874 476 3938 αὐτὸς
531 3872 891 3935 ἐνετείλατο,
946 3873 1044 3927 καὶ
1083 3873 1481 3942 ἐκτίσθησαν.
1512 3875 1680 3929 Ὅταν
1719 3876 1878 3947 εἴπῃς

287 3963 372 4034 τῷ
393 3963 538 4035 λόγῳ
560 3963 655 4017 τοῦ
681 3963 816 4017 Θεοῦ
845 3965 916 4018 τὰ
943 3964 1118 4019 πάντα
1151 3966 1422 4027 ἐκτίσθαι,
1456 3967 1516 4018 ού
1543 3967 1640 4038 τὴν
1671 3966 1881 4036 ἀνθρω-

292 4054 458 4125 πίνην
495 4053 672 4107 κτίσιν
709 4054 979 4122 εἰσάγεις·
1007 4054 1180 4118 οὐδεὶς
1213 4055 1321 4124 γὰρ
1352 4056 1508 4125 ἡμῶν
1534 4056 1677 4126 λόγῳ
1708 4057 1880 4127 πράτ-

293 4159 380 4194 τει
405 4141 473 4195 τὰ
507 4141 793 4212 γινόμενα.
827 4140 993 4195 Οὐδὲν
1019 4142 1128 4212 γὰρ
1153 4140 1218 4195 ἂν
1246 4138 1314 4213 ἦν
1344 4141 1673 4212 ὑψηλότερον
1702 4139 1879 4211 ἡμῶν,

293 4235 418 4287 οὐδὲ
452 4233 832 4304 ἀπονώτερον,
873 4234 921 4286 εἰ
966 4233 1025 4287 τὸ
1069 4233 1248 4302 λέγειν
1292 4232 1455 4304 ἔργου
1491 4232 1882 4304 συμπλήρωσις

294 4321 362 4397 ἦν
391 4343 405 4356 ο
445 4324 592 4378 ὥστε
647 4325 695 4376 εί
749 4323 842 4376 καὶ
877 4322 1018 4393 λόγῳ
1063 4322 1236 4388 κτίζει
1287 4323 1418 4387 Θεὸς
1461 4323 1527 4376 τὰ
1570 4321 1881 4392 κτιζόμεναν

295 4417 397 4470 οὐκ
428 4414 773 4485 ἀνθρώπινον
803 4412 952 4484 αὐτῷ
981 4413 1042 4466 τὸ
1071 4413 1300 4478 κτίζειν.
1474 4415 1546 4466 Ἢ
1573 4412 1682 4484 γὰρ
1713 4413 1884 4476 δεῖξον

299 4509 393 4562 καὶ
428 4507 720 4578 ἄνθρωπον
751 4506 894 4577 λόγῳ
934 4524 987 4560 τι
1019 4506 1359 4577 πράττοντα·
1399 4505 1432 4575 ἢ
1475 4504 1641 4571 δέξαι,
1675 4505 1758 4558 ὅτι
1786 4503 1885 4574 οὐχ

297 4599 373 4661 ὡς
410 4597 702 4668 ἄνθρωπος
739 4599 912 4662 κτίζει
947 4597 1102 4661 Θεός.
1153 4595 1644 4666 Ἐπεὶ,διάγραψον
1691 4595 1885 4666 βουλή-

302 4707 433 4759 ματι
467 4689 646 4756 πόλιν,
677 4690 773 4742 καὶ
804 4691 1141 4760 παραστήτω
1317 4685 1470 4750 πόλις
1493 4703 1507 4716 ·
1538 4686 1762 4749 θέλησον
1789 4703 1885 4755 γε-

301 4776 488 4830 νέσθαι
520 4794 602 4830 σοι
789 4778 924 4841 υἱὸν,
965 4779 1058 4831 καὶ
1091 4777 1430 4848 παραστήτω
1462 4778 1592 4840 παῖς
1613 4792 1627 4808 ο
1649 4775 1886 4848 ’θέλησον

303 4869 428 4922 ἄλλο
467 4887 521 4922 τι
555 4869 663 4922 τῶν
695 4871 1112 4942 πραττομένων,
1154 4870 1250 4922 καὶ
1280 4871 1359 4933 είς
1386 4869 1545 4939 ἔργον
1573 4871 1606 4940 ἡ
1635 4867 1888 4939 βούλησις

303 4961 626 5032 χωρησάτω.
670 4963 732 5014 Ei
767 4962 823 5014 δὲ
845 4961 1048 5015 τούτων
1069 4961 1220 5014 οὐδὲν
1247 4961 1440 5014 ἕπεται
1473 4960 1550 5031 τῷ
1579 4959 1886 5030 βούλεσθαι,

305 5051 438 5105 Θεοῦ
481 5053 537 5106 δὲ
566 5053 626 5106 τὸ
667 5052 951 5122 βούλεσθαι
981 5052 1183 5124 πρᾶξίς
1221 5053 1371 5106 ἐστιν
1397 5093 1409 5115 ,
1443 5052 1618 5114 ἄλλως
1650 5051 1748 5122 μὲν
1791 5051 1886 5104 ἄν-

309 5143 527 5214 θρωπος
575 5145 768 5209 κτίζει,
803 5145 978 5209 ἄλλως
1021 5145 1079 5199 δὲ
1127 5147 1155 5198 ὁ
1202 5145 1421 5198 πάντων
1461 5144 1688 5214 κτίστης
1732 5143 1882 5206 Θεός.

308 5236 432 5300 Πῶς
473 5233 566 5291 οὖν
617 5237 794 5302 κτίζει
849 5239 945 5308 μὲν
993 5239 1094 5291 οὐκ
1145 5235 1531 5308 ἀνθρωπικῶς,
1588 5233 1887 5305 γεννᾷν,δὲ

309 5327 678 5396 ἀναγκάζεται
715 5328 1118 5400 ἀνθρωπικῶς;
1169 5329 1240 5381 Συ
1289 5327 1388 5396 μὲν
1427 5325 1526 5379 οὐκ
1571 5325 1667 5389 ὣν,
1699 5325 1888 5376 ἔπειτα

310 5419 519 5486 ἐγένου,
553 5415 673 5472 εἶτα
703 5423 898 5490 γεννᾷς
917 5437 931 5450 ο
967 5420 1054 5474 διὰ
1077 5419 1236 5473 τοῦτο
1269 5419 1369 5472 οὐκ
1397 5419 1525 5471 ὅντα
1551 5418 1630 5480 είς
1656 5417 1716 5469 τὸ
1751 5411 1888 5468 εἶναι

312 5531 603 5599 πιράγεις.
642 5530 735 5594 Ἢ,
783 5529 870 5581 ἵνα
914 5544 968 5579 τι
1023 5524 1318 5594 βαθύτερον
1367 5523 1534 5588 είπω,
1580 5521 1717 5590 τάχα
1761 5519 1880 5572 οὐδὲ

315 5621 474 5684 αὐτὸς
501 5621 561 5686 ἐξ
589 5621 691 5674 οὐκ
724 5621 895 5673 ὄντων
928 5617 1200 5688 παράγεις
1222 5631 1241 5678 ζ
1275 5615 1396 5668 ἐπεὶ
1419 5616 1512 5667 καὶ
1540 5613 1568 5666 δ
1597 5611 1749 5675 Λευῗι
1777 5628 1880 5681 φη-

321 5712 430 5774 σὶν,
449 5712 526 5765 ἔτι
553 5714 614 5766 ὲν
643 5715 708 5782 τῇ
738 5711 899 5780 ὀσφύϊ
929 5709 1024 5765 τοῦ
1050 5708 1254 5782 πατρὸς
1285 5703 1374 5780 ἦν,
1395 5706 1524 5777 πρὶν
1548 5705 1629 5768 εἰς
1651 5704 1710 5758 τὸ
1743 5700 1882 5758 εἶναι

392 5813 406 5841 ⁸
439 5810 584 5868 Psal.
612 5828 833 5882 CXLVIII,
868 5816 917 5868 5.

2142 2690 2336 2747 Verum
2365 2695 2408 2748 si
2438 2707 2723 2772 generatus
2747 2705 2846 2754 est.
2868 2700 3068 2766 inquis,
3089 2700 3361 2769 quomodo
3379 2714 3545 2767 geneo

1957 2794 2103 2838 ratus
2121 2785 2227 2839 est?
2245 2784 2527 2856 Responde
2553 2799 2604 2840 ιιι
2629 2804 2844 2859 quoque
2867 2791 3020 2853 mihi,
3041 2805 3072 2844 o
3100 2801 3253 2844 acute
3273 2801 3323 2844 et
3341 2792 3545 2846 invicte

1954 2877 2214 2946 suphista.
2235 2877 2293 2931 Si
2311 2879 2922 2948 crcatusest,qu0modo
2947 2890 3158 2935 creatus
3183 2892 3256 2935 est
3275 2881 3543 2951 ἳΑθιιοει-

1956 2983 2018 3021 ea
2053 2983 2118 3022 ex
2165 2984 2250 3023 me
2294 2970 3191 3041 sciscitare,qunmodngeneratus
3209 2973 3320 3026 sit?
3350 2973 3539 3028 Passio

1958 3069 2060 3124 est,
2086 3060 2320 3130 inquies.
2343 3063 2487 3114 circa
2516 3063 2955 3130 generationem?
2980 3062 3134 3117 Esth
3163 3063 3340 3132 passio
3356 3065 3543 3128 etiam,

1958 3151 2177 3220 inqtmm
2210 3166 2332 3220 ego.
2374 3151 2515 3205 circa
2557 3152 2915 3206 creationem.
2950 3153 3052 3218 (An
3097 3170 3200 3207 non
3237 3153 3380 3207 enim
3417 3170 3544 3223 pas~

1961 3245 2134 3300 sionis
2164 3245 2426 3298 rationem
2459 3245 2624 3298 habet
2677 3244 3016 3310 informatio,
3053 3255 3109 3300 et
3148 3260 3302 3310 cura,
3333 3254 3389 3300 et
3432 3247 3547 3313 ejus

1899 3338 2061 3441 Crei,
2095 3353 2214 3406 qua:
2247 3345 2355 3390 tota
2387 3336 2548 3391 simul
2590 3353 2655 3392 ac
2680 3349 2899 3408 repente
2931 3339 3164 3408 cogitata
3197 3346 3299 3403 est,
3337 3341 3388 3393 in
3425 3355 3548 3409 par-

1964 3443 2045 3485 tes
2079 3428 2386 3497 extensio?)
2409 3429 2664 3499 Tempus,
2706 3433 2896 3495 addes,
2923 3431 3067 3486 circa
3100 3431 3550 3501 generationem?

1964 3518 2021 3572 l'u
2069 3531 2309 3590 tempore
2339 3523 2502 3576 etiam
2535 3533 2661 3576 sunt
2698 3539 2822 3591 qua:
2858 3536 3152 3578 creantur-
3193 3523 3370 3578 Locus
3404 3522 3554 3576 illic?

1963 3613 2063 3668 llic
2110 3630 2324 3684 quoque
2384 3613 2557 3670 locus.
2600 3614 2722 3684 Spei
2791 3616 3074 3670 frustratio
3113 3615 3262 3668 circa
3313 3630 3550 3683 genera-

1966 3706 2204 3762 tionem?
2229 3705 2445 3761 Creatio
2476 3722 2690 3775 quoque
2718 3707 2988 3763 interdum
3032 3722 3184 3774 spent
3235 3706 3546 3759 frustratur.

1967 3796 2094 3852 Haec
2145 3812 2174 3851 a
2236 3799 2390 3852 vobis
2444 3798 2840 3852 disserentibus
2898 3797 3114 3863 audivi;
3167 3796 3368 3850 etenim
3432 3811 3552 3864 qua:

1970 3906 2122 3945 tuens
2148 3889 2458 3955 delineavil,
2491 3904 2553 3942 ea
2585 3890 2904 3955 plerumque
2935 3903 3126 3941 manus
3156 3887 3419 3956 perlicere
3445 3902 3551 3939 non

1970 3983 2164 4054 potuit.
2204 3982 2275 4033 At
2311 3979 2501 4033 dices:
2537 3980 2702 4033 verbo
2742 3989 2793 4033 et
2823 3979 3098 4032 voluntate
3132 3977 3313 4031 omnia
3366 3977 3556 4029 condi-

1970 4073 2048 4126 dit
2081 4091 2093 4125 :
2128 4069 2248 4138 Ipse
2274 4070 2416 4123 enim
2454 4068 2610 4133 dixit,
2655 4079 2704 4122 et
2751 4070 2894 4137 facta
2925 4075 3046 4120 sunt
3077 4082 3096 4119 :
3132 4066 3240 4136 ipse
3264 4066 3550 4126 mandarit,

1970 4172 2016 4215 et
2048 4171 2222 4214 creata
2255 4169 2376 4215 sunt
2431 4157 2474 4216 ⁸.
2507 4159 2691 4229 Atqui,
2720 4176 2841 4214 cum
2872 4159 2950 4213 ais
3000 4158 3180 4212 omnia
3246 4157 3336 4211 Dei
3391 4155 3556 4210 verbo

1973 4263 2158 4308 creata
2213 4253 2414 4316 fuisse,
2461 4270 2568 4309 tton
2621 4255 2910 4308 humanam
2965 4252 3172 4307 scilicet
3224 4251 3553 4306 creationem

1977 4346 2224 4412 inducis;
2285 4360 2386 4400 nec
2434 4345 2577 4398 enim
2621 4345 2906 4414 quisquam
2969 4351 3253 4397 nostrum.
3305 4356 3392 4405 ea,
3438 4356 3557 4408 quae

1978 4438 2129 4502 liunt,
2169 4437 2334 4490 verbo
2395 4435 2578 4490 ellicit.
2632 4427 2776 4489 Mhi]
2819 4433 3016 4502 quippe
3072 4430 3226 4488 nobis
3275 4430 3559 4485 sublimius

1977 4547 2039 4584 ac
2098 4530 2446 4600 praestantius
2495 4534 2687 4592 esset,
2758 4525 3046 4594 minusque
3102 4523 3464 4585 laboriosum,
3515 4521 3560 4575 si

1979 4637 2231 4677 sermone
2257 4622 2370 4675 solo
2411 4619 2612 4689 aliqttid
2653 4617 2922 4673 coniicere
2957 4629 3258 4685 possemus.
3287 4612 3561 4678 Quamob-

1981 4730 2118 4780 rem,
2165 4714 2264 4768 etsi
2327 4713 2488 4778 Deus,
2531 4727 2618 4775 ea,
2665 4724 2783 4778 quae
2830 4717 3121 4770 creantur,
3170 4705 3335 4758 verbo
3387 4711 3562 4767 creat,

1910 4801 2088 4856 Dnon
2134 4809 2310 4853 tamen
2358 4799 2588 4852 humana
2645 4807 2728 4852 est
2785 4795 2903 4864 ejus
2961 4794 3180 4846 creandi
3247 4792 3402 4844 ratio.
3460 4793 3565 4843 Ant

1981 4893 2126 4947 enim
2191 4892 2464 4946 hominem
2507 4904 2723 4959 quoque
2772 4902 3024 4942 sermone
3075 4883 3276 4952 aliquid
3328 4881 3565 4937 eﬂieien-

1987 4993 2091 5038 tem
2125 4983 2352 5037 ostende
2391 5001 2403 5034 :
2438 4991 2530 5033 aut
2563 4980 2691 5032 mihi
2725 4979 2960 5033 concede
2991 4979 3153 5032 Deum
3195 4993 3299 5029 non
3333 4976 3566 5029 humano

1986 5089 2139 5128 more
2176 5087 2386 5126 creare.
2421 5070 2574 5138 Quod
2609 5071 2652 5123 si
2687 5084 2845 5124 secus
2872 5069 3175 5130 existimas,
3207 5081 3326 5136 age,
3375 5065 3567 5119 volun-

1989 5174 2098 5222 tate
2150 5165 2426 5218 civitatem
2469 5163 2735 5227 describe,
2791 5171 2845 5216 et
2898 5160 3084 5215 statim
3131 5160 3323 5214 civitas
3374 5171 3570 5224 reprae-

1990 5267 2250 5318 sentetur.
2294 5255 2428 5324 Opta
2468 5254 2558 5307 tibi
2612 5254 2778 5306 lilium
2831 5253 3022 5316 nasci,
3071 5261 3124 5306 ct
3177 5249 3424 5318 protinus
3476 5245 3568 5298 tibi

1991 5364 2126 5418 puer
2161 5348 2405 5402 exsistat.
2469 5345 2614 5400 Velis
2658 5345 2800 5398 aliud
2845 5343 3121 5411 quidpiam
3180 5353 3388 5398 eorum,
3453 5350 3572 5403 qua:

1994 5438 2243 5492 manibus
2280 5435 2604 5501 eliieiuntur,
2650 5441 2702 5488 et
2742 5432 3023 5486 confestim
3057 5427 3304 5479 voluntas
3357 5427 3406 5476 in
3439 5439 3574 5491 Opus

1995 5535 2237 5604 prodeat.
2276 5531 2426 5597 Quod
2465 5530 2509 5583 si
2549 5527 2766 5596 quidem
2824 5525 2955 5578 nihil
2994 5523 3185 5575 horum
3239 5517 3571 5572 voluntatem

1996 5632 2236 5678 nostram
2302 5628 2582 5689 sequatur,
2639 5617 2730 5669 liei
2788 5628 2915 5668 vero
2974 5611 3218 5662 voluntas
3271 5607 3414 5690 actio
3465 5606 3571 5672 sit;

1995 5715 2342 5788 perspicuum
2401 5711 2586 5779 utique
2625 5713 2724 5772 cst,
2761 5705 2866 5760 alio
2921 5701 3136 5774 quidem
3197 5699 3355 5757 modo
3399 5699 3576 5755 homi-
