4026 6290
346 381 447 441 5⁷η

1304 383 1673 443 PANOPLIA
1723 381 2182 441 DOGMATICA.
2225 405 2291 414 --
2331 382 2479 440 'Il'l‘.
2520 381 2620 439 Xl.

3477 367 3578 430 598

345 499 580 561 anzipo‘v
607 491 821 560 κέηται.
861 491 934 544 Τὸ
968 493 1064 561 μὲν
1099 491 1204 562 γὰρ
1248 493 1588 560 ἀφιλότιμον,
1617 492 1676 544 τὸ
1703 492 1757 543 δὲ
1786 492 1916 544 ἄτα-

2027 494 2089 545 ita
2117 491 2391 553 distincta,
2427 497 2481 543 ut
2509 502 2670 542 unum
2701 486 2832 548 sint,
2860 499 2959 538 nec
3018 482 3195 536 minus
3243 487 3430 559 mutuo
3478 481 3580 536 hoc

345 601 510 638 κτον·
548 587 643 637 καὶ
675 585 732 638 τὸ
759 584 858 652 μὲν
897 585 1184 639 Ἰουδαϊκὸν
1213 585 1512 648 παντελῶς,
1545 586 1604 637 τὸ
1632 586 1686 637 δὲ
1728 585 1914 654 Ἐλλη-

342 681 496 732 νικῗν
523 678 620 731 καὶ
651 678 932 732 πολύθεον.
959 679 1151 730 Σκοπῶ
1175 678 1231 729 δὲ
1261 678 1503 740 κάκεῖνο,
1541 675 1632 728 καὶ
1661 678 1790 738 ἴσως
1815 679 1914 728 οὐκ

343 769 710 832 ἀπαιδεύτως,
753 770 874 821 οὐδὲ
904 769 1154 838 ἀμαθῶς,
1184 770 1316 820 ἀλλὰ
1344 769 1437 821 καὶ
1490 769 1610 821 λίαν
1638 771 1934 838 ἐπεσκεμ-¹

346 858 550 926 μένως.
580 862 662 911 ὅτι
695 862 779 912 σοὶ
811 860 909 928 μὲν
956 860 1196 920 κίνδυνος
1246 860 1366 912 οὐδὲ
1396 857 1472 923 εἷς
1507 861 1766 930 γεννητὸν
1797 862 1913 912 εἰσ-

342 953 530 1018 άγοντι
559 952 654 1004 τὸν
677 950 805 1005 Υἰὸν
829 969 844 982 ·
873 954 933 1004 οὐ
960 953 1066 1021 γὰρ
1100 951 1173 1021 μὴ
1204 952 1353 1022 πάθῃ
1385 971 1436 1004 τι
1462 951 1664 1019 γεννῶν
1693 954 1721 1005 ὁ
1758 953 1914 1019 ἀγέν-

342 1059 503 1112 ιητος
532 1045 640 1096 τῶν
672 1047 996 1115 σωματικῶν
1021 1063 1076 1098 τε
1102 1049 1194 1100 καὶ
1213 1046 1430 1108 ὑλικῶν.
1460 1046 1540 1098 δτι
1566 1046 1700 1115 μηδὲ
1731 1046 1908 1114 σῶμα·

339 1136 436 1187 καὶ
469 1134 634 1187 τοῦτο
676 1138 731 1186 ai
781 1137 959 1188 κοιναὶ
993 1137 1120 1206 περὶ
1170 1135 1300 1188 Θεοῦ
1331 1135 1754 1204 παραχωροῦσιν
1786 1136 1916 1186 ὑπο-

341 1223 558 1291 λήψεις,
581 1224 726 1276 ῶστε
758 1224 810 1275 τί
837 1225 1151 1295 φοϐούμεθα
1178 1225 1365 1293 φόϐον,
1386 1218 1448 1276 οὗ
1480 1225 1552 1293 μὴ
1573 1224 1687 1275 ἔστι
1711 1224 1874 1292 φὸῦος
1900 1240 1914 1286 ;

339 1318 434 1366 καὶ
467 1316 780 1384 ἀσεϐοῡμεν
835 1316 923 1370 διὰ
970 1317 1155 1383 κενῆς,
1185 1317 1212 1367 ὅ
1267 1317 1330 1384 δὴ
1379 1315 1630 1383 λέγεταη
1677 1315 1829 1382 Ἐμοὶ
1861 1315 1916 1364 δὲ

338 1407 594 1468 κίνδυνος
627 1407 970 1475 ζημιωθῆναι
1005 1409 1256 1476 deorum,
1280 1409 1328 1459 εἰ
1359 1411 1419 1459 τὸ
1449 1407 1654 1475 κτίσμα
1684 1405 1917 1474 παραδε-

337 1496 566 1565 χοίμηνο
593 1497 655 1548 οὐ
675 1496 784 1565 γὰρ
815 1496 947 1556 Θεδς
996 1495 1058 1547 τὸ
1086 1493 1423 1563 κτιζόμενον,
1453 1493 1572 1544 οὐδὲ
1603 1490 1917 1543 δεσποτικὸν

336 1585 396 1634 τὸ
420 1584 744 1652 ὁμόδουλον,
782 1587 883 1636 κᾶν
924 1586 990 1636 τὰ
1025 1584 1218 1653 πρῶτα
1267 1583 1500 1651 φέρηται
1538 1579 1782 1639 δουλείας
1826 1580 1917 1629 καὶ

334 1675 598 1738 κτίσεως,
645 1678 738 1727 καὶ
769 1675 926 1727 τοῦτο
955 1676 1116 1745 μόνον
1148 1672 1660 1743 φιλανθρωπεύηταιι
1693 1669 1913 1738 ὑϐριζό-

335 1781 529 1830 μενον.
577 1766 638 1818 ⁴Ο
667 1766 776 1834 γὰρ
805 1767 903 1834 τῆς
945 1765 1298 1833 ὀφειλομένης
1325 1762 1642 1827 ἀποστερῶν
1669 1762 1830 1829 τιμῆς
1854 1759 1913 1810 οὑ

2019 582 2158 635 inter
2183 595 2241 635 se
2269 579 2453 633 habitu
2481 577 2640 632 simul
2673 575 2851 630 omnia
2879 571 3164 630 laodamia,
3197 583 3354 637 quam
3385 581 3582 620 unum-

2019 676 2267 738 quodque
2291 685 2474 724 eorum
2508 682 2603 736 per
2628 681 2706 730 se,
2750 665 2794 718 si
2833 662 3104 732 sigillatiin
3132 659 3458 728 cogitatione
3499 667 3585 710 at-

2019 775 2122 832 que
2159 763 2340 815 animo
2373 759 2921 828 comprehendantur.
2973 753 3207 808 Trinitas
3258 749 3494 820 perfecta
3517 763 3586 804 ex

2018 855 2192 907 tribus
2223 861 2438 906 constat
2471 849 2744 920 perfectis,
2775 863 2841 902 ex
2875 849 3081 900 unitate
3133 851 3401 896 eniinniota
3451 855 3586 911 pros

2019 953 2137 1012 pter
2164 944 2380 997 divitias
2412 943 2670 996 bonitatis
2709 955 2726 994 :
2757 956 2822 994 ex
2852 939 3062 993 liinario
3121 933 3585 1004 supergrediente,

2021 1044 2303 1104 propterea
2338 1034 2478 1102 quod
2521 1047 2683 1102 super
2718 1030 2997 1084 materiam
3029 1037 3082 1082 et
3109 1026 3340 1080 formant-
3368 1038 3435 1078 ex
3469 1023 3590 1090 qui-

2020 1128 2120 1178 bus
2147 1140 2372 1194 corpora
2395 1125 2720 1187 consistunt,
2752 1120 3023 1191 egreditur
3049 1133 3153 1172 τοι
3182 1114 3418 1170 ternario
3447 1113 3585 1168 deli-

2021 1219 2134 1272 nito
2159 1230 2378 1286 promer
2406 1216 2787 1286 perfectionem
2815 1215 2832 1281 (
2861 1227 3116 1266 iiiiinerus
3177 1209 3323 1264 enim
3399 1216 3586 1261 terna-

2021 1309 2132 1363 rius
2159 1310 2357 1364 binnrli
2419 1308 2869 1375 compositionem
2923 1303 3131 1372 primus
3171 1297 3508 1353 transcendit
3542 1298 3584 1363 ),

2022 1407 2080 1451 ut
2105 1412 2276 1466 neque
2304 1408 2526 1467 angusta
2563 1397 2828 1449 divinitas
2866 1400 3103 1452 maneat,
3137 1402 3309 1457 neque
3347 1387 3402 1440 in
3464 1384 3590 1438 iulio

2021 1490 2192 1542 nilum
2231 1487 2560 1542 diffundatur
2599 1503 2611 1538 :
2655 1487 2705 1539 id
2749 1485 2892 1539 enim
2923 1491 3064 1537 esset
3108 1479 3445 1541 indecorum,
3487 1476 3591 1528 hoc

2021 1587 2200 1634 autem
2227 1580 2534 1653 ‘c0nlusum
2568 1594 2583 1642 ;
2622 1575 2751 1630 illud
2823 1573 3128 1629 Judmoruui
3187 1567 3430 1632 Omnino,
3489 1565 3592 1618 hoc

2020 1674 2328 1729 Graecorum
2365 1670 2724 1738 multiplicem
2758 1666 2984 1721 deorum
3021 1663 3229 1716 turbam
3279 1659 3592 1725 contingen-

2024 1767 2176 1820 tium.
2199 1763 2279 1817 Δί]
2311 1763 2419 1816 lucc
2451 1777 2555 1816 non
2587 1759 2854 1814 inerudite
2887 1757 3136 1816 fortassP,
3163 1767 3262 1807 nec
3285 1749 3465 1812 stulte,
3497 1747 3590 1801 sed

340 1858 558 1926 μᾶλλον
590 1862 724 1930 τιμᾷ
745 1861 817 1928 τῷ
847 1861 1130 1928 διδομένῳ,
1162 1861 1191 1926 ἢ
1233 1856 1492 1925 ἀτιμάζει
1528 1855 1605 1924 τῷ
1645 1858 1918 1923 ἀφαιρου-

2027 1856 2177 1909 valde
2231 1853 2573 1906 considerate
2605 1850 2875 1920 perpendo
2933 1857 3094 1914 atque
3152 1841 3444 1912 perspicio,
3493 1838 3591 1892 tibi

333 1951 516 2017 μένῳ,
552 1951 654 2002 κᾶν
680 1952 1038 2018 προσποίησιν
1071 1951 1166 2022 ἔχῃ
1194 1950 1362 2019 τιμῆς
1386 1949 1444 2000 τὸ
1480 1947 1782 2015 γινόμενον.
1811 1944 1920 1996 Καὶ

328 2041 385 2093 ετ
418 2058 515 2092 σοι
555 2041 852 2094 πλάττεται
895 2041 1040 2109 παθη
1093 2042 1218 2108 περὶ
1277 2040 1373 2111 τὴν
1429 2041 1703 2106 γέννησιν,
1755 2038 1922 2106 κάμοὶ

329 2134 472 2200 περὶ
507 2136 610 2202 τὴν
662 2134 861 2186 κτίσιν.
903 2133 1040 2185 Οὐδὲ
1079 2133 1190 2202 γὰρ
1240 2133 1302 2185 τὸ
1334 2131 1654 2200 κτιζόμενον
1694 2129 1921 2190 ἀπαθῶς

326 2222 456 2274 εδει
497 2223 845 2292 κτιζὸμενον,
900 2226 950 2275 εἰ
1010 2225 1102 2276 καὶ
1167 2226 1240 2293 μὴ
1294 2224 1617 2292 γεγέννηται
1654 2220 1797 2272 κατὰ
1834 2221 1916 2281 σὲ,

331 2312 484 2379 μηδὲ
513 2313 764 2365 ἔκτισται
801 2315 939 2366 κατὰ
972 2317 1060 2367 τὸν
1091 2315 1266 2384 ἀληθῆ
1297 2315 1475 2381 λόγον.
1508 2312 1666 2376 Δέξαι
1705 2312 1800 2364 τοῦ
1831 2310 1920 2364 λό-

329 2421 437 2468 γου
469 2421 560 2455 σοι
599 2405 660 2455 τὸ
697 2407 1013 2474 λειπόμενον
1042 2409 1068 2458 ὁ
1102 2405 1301 2476 μικροῦ
1339 2408 1399 2457 τὸ
1443 2407 1558 2458 ῐσον
1599 2405 1778 2471 λέγειν
1804 2403 1918 2456 τολ-

330 2495 462 2562 μῶν
490 2495 583 2547 διὰ
607 2498 706 2564 τῆς
738 2499 1111 2567 προσηγορίας
1132 2497 1226 2550 τοῦ
1254 2497 1564 2558 κτίσαντος.

2017 1948 2258 2016 quidem,
2299 1945 2342 2000 si
2383 1943 2577 1997 Filium
2607 1942 2845 2011 genitum
2879 1938 3156 2003 admittas,
3183 1936 3382 1990 nullum
3438 1932 3583 2002 peri-

2018 2038 2198 2092 culum
2231 2035 2542 2098 imminere,
2575 2045 2629 2087 ut
2670 2033 2760 2101 qui
2798 2040 3043 2102 generat,
3077 2031 3125 2082 in
3150 2043 3334 2082 caru'u
3368 2039 3486 2092 qua:
3524 2024 3574 2074 in

2019 2144 2244 2197 corpora
2273 2136 2327 2180 et
2358 2126 2639 2179 materiam
2671 2124 2892 2186 cadunt,
2948 2113 3287 2174 dilectionem
3349 2115 3582 2182 aliquam

2020 2220 2285 2282 incurrat,
2313 2232 2436 2271 cum
2469 2231 2574 2269 non
2604 2214 2677 2268 sit
2702 2228 2923 2283 corpus.
2983 2211 3174 2265 Procul
3201 2209 3346 2262 enim
3402 2206 3592 2261 absce-

2025 2311 2174 2373 dant,
2201 2324 2322 2361 cum
2352 2309 2415 2360 de
2443 2308 2548 2361 Deo
2569 2306 2859 2375 loquimur,
2897 2317 3212 2358 communes
3243 2301 3362 2355 ista:
3415 2297 3596 2365 suspi-

2025 2405 2230 2464 ciones,
2263 2400 2627 2454 uttimcamus
2652 2398 2742 2451 ubi
2780 2398 2954 2452 nullus
2985 2405 3069 2451 est
3094 2397 3274 2458 timor,
3329 2399 3382 2446 ct
3451 2389 3594 2459 quod

2023 2493 2125 2546 dici
2160 2491 2316 2557 solet,
2356 2492 2549 2544 frustra
2578 2489 2724 2558 impii
2755 2489 2946 2544 simus.
2981 2485 3107 2540 Mihi
3134 2501 3279 2549 vero,
3335 2484 3379 2537 si
3433 2496 3588 2537 cre-i-

334 2604 459 2641 tum
498 2590 800 2655 admisero,
845 2565 1211 2643 illudinstare
1273 2588 1576 2658 periculum
1621 2586 1794 2648 video,
1858 2592 1916 2635 ut
1957 2581 2300 2635 divinitatem
2336 2578 2626 2634 offendam.
2692 2577 2878 2645 Neque
2912 2576 3054 2631 enim
3100 2577 3237 2628 Deus
3299 2581 3382 2626 est
3435 2571 3480 2623 is
3507 2565 3598 2636 qui

327 2692 568 2736 creatus
601 2690 707 2745 est,
736 2697 833 2735 nec
867 2683 1140 2747 Dominus,
1165 2681 1255 2750 qui
1308 2693 1626 2742 conservus,
1684 2677 1808 2730 licet
1864 2678 1916 2728 in
1958 2685 2144 2728 eorum
2202 2672 2291 2742 qui
2355 2672 2520 2725 creati
2551 2679 2604 2723 et
2644 2669 2786 2724 servi
2829 2676 2957 2723 sunt
3003 2677 3232 2720 numero
3270 2663 3474 2732 primas
3532 2661 3603 2712 ιδ.

328 2793 448 2845 rat,
485 2791 544 2834 et
583 2779 684 2833 hac
721 2795 823 2830 una
852 2792 908 2830 re
960 2792 1016 2831 se
1079 2777 1402 2830 contumelia
1446 2775 1696 2829 affectum
1747 2772 2070 2827 demulccat.
2101 2769 2236 2823 Nam
2284 2767 2376 2836 qui
2409 2767 2590 2821 debito
2657 2766 2860 2819 honore
2931 2762 3164 2830 aliquem
3231 2761 3427 2828 privat,
3490 2769 3600 2808 non

329 2871 526 2939 magis
548 2885 673 2922 eum
703 2867 948 2934 decorat,
974 2864 1197 2936 quod’ei
1243 2867 1443 2935 aliquid
1489 2865 1634 2919 aliud
1699 2862 2062 2931 iinpartiatur,
2090 2873 2247 2928 quam
2307 2857 2598 2927 ignominia
2639 2853 2805 2908 adicit
2869 2865 2932 2906 ex
2967 2865 3032 2905 eo
3060 2850 3202 2917 quod
3251 2847 3328 2901 illi
3387 2845 3598 2906 adimit,

325 2970 474 3022 licet
499 2981 566 3021 ea
601 2981 704 3029 res,
736 2979 898 3034 quam
930 2966 1195 3031 attribuit,
1255 2964 1475 3018 honoris
1537 2962 1770 3031 speciem
1828 2957 2093 3028 prmi-rat.
2125 2955 2275 3023 Quod
2313 2955 2356 3008 si
2424 2952 2517 3006 tibi
2545 2952 2599 3004 in
2656 2949 3002 3019 generatione
3030 2944 3340 2998 affectiones
3410 2942 3602 2994 occur-

331 3073 505 3124 runt,
539 3071 833 3114 occurrunt
864 3060 1024 3112 etiam
1055 3059 1184 3112 mihi
1247 3061 1299 3111 in
1337 3058 1632 3122 creatione,
1665 3058 1781 3109 sine
1832 3055 2028 3124 quibus
2092 3052 2224 3122 nihil
2276 3059 2515 3104 creatum
2546 3048 2942 3108 animadverto,
3013 3041 3058 3096 si
3127 3049 3182 3092 tu
3219 3047 3322 3091 non
3350 3047 3469 3088 esse
3506 3046 3597 3101 ge-

331 3152 527 3206 nitum
554 3149 788 3206 adirmas
810 3166 874 3204 ex
915 3152 1169 3220 Opinione
1197 3160 1379 3215 tua,et
1409 3166 1506 3221 ego
1538 3165 1640 3202 non
1685 3162 1802 3202 esse
1838 3155 2075 3198 creatum
2114 3149 2296 3197 assero
2321 3153 2384 3195 ex
2429 3138 2673 3193 veritate.
2706 3135 2811 3189 Sed
2862 3133 2974 3202 jam
3029 3131 3294 3199 reliquam
3346 3124 3602 3181 orationis

334 3259 566 3319 partem
600 3247 784 3315 accipe
808 3255 882 3310 tu,
909 3249 999 3316 qui
1026 3256 1266 3301 creatum
1298 3247 1573 3314 appellans
1601 3245 1766 3298 audes
1794 3259 1912 3296 cum

2027 3242 2070 3292 ui
2109 3251 2306 3307 parvus
2331 3242 2433 3297 est,
2471 3232 2731 3300 aequalem
2764 3231 2966 3285 dicere.

461 3337 581 3394 Τοῦ
608 3340 792 3393 αὑτοῦ
822 3341 891 3393 ἐκ
924 3339 1028 3392 τοῦ
1060 3342 1146 3404 εις
1177 3342 1240 3394 τὸ
1272 3339 1486 3409 Πάσχα
1522 3339 1580 3403 β’
1616 3341 1822 3407 λόγου.

413 3433 618 3486 Ταῦτα
653 3432 904 3496 ἐγκαλεῖς
939 3433 1099 3502 Θεῷ;
1148 3433 1247 3485 Διὰ
1290 3433 1462 3486 ταῦτα
1520 3432 1930 3500 ὑπολαμϐάνεις

336 3523 600 3593 χείρονα,
633 3523 714 3573 ὄτι
764 3521 954 3592 λεντίῳ
1007 3521 1390 3586 διαζώννυται,
1433 3526 1527 3574 καὶ
1583 3522 1762 3575 νίπτει
1806 3522 1930 3582 τοὺς

342 3617 532 3675 πόδας
574 3613 686 3665 τῶν
739 3615 1018 3683 μαθητῶν,
1067 3615 1161 3667 καὶ
1210 3615 1483 3668 δείκνυσιν
1535 3616 1764 3686 ἀρίστην
1813 3615 1931 3666 66in-

344 3707 629 3777 ὑψώσεως
665 3707 763 3776 τὴν
797 3708 1160 3775 ταπείνωσιν;
1197 3711 1317 3760 Ὅτι
1343 3709 1429 3761 διὰ
1455 3713 1554 3778 τὴν
1584 3709 1929 3776 συγκύπτοι)⁵

347 3819 456 3855 σαν
488 3803 669 3870 χαμαὶ
691 3801 869 3871 ψυχὴν
902 3802 1278 3868 ταπεινοῦται,
1317 3804 1406 3854 ἵνα
1438 3805 1530 3854 καί
1555 3801 1848 3871 συνυψώσῃ
1871 3802 1931 3851 τὸ

345 3895 512 3946 uitio
547 3893 702 3945 νεῦυν
756 3895 860 3946 ὑπὸ
896 3896 992 3963 τῆς
1025 3896 1338 3965 ἁμαρτίας;
1389 3897 1596 3948 Ἐκεῖνο
1629 3895 1686 3947 δὲ
1719 3894 1833 3956 πῶς
1869 3894 1928 3945 οὺ

347 3987 712 4054 κατηγορεῖς,
747 3985 827 4037 ὅτι
865 3988 956 4037 καὶ
990 3989 1124 4055 μετὰ
1146 3986 1392 4038 τελωνῶν
1427 3985 1616 4045 ἐσοίει,
1657 3987 1747 4036 καὶ
1781 3983 1931 4050 παρὰ

348 4075 645 4141 τελώναις,
693 4078 786 4128 καὶ
823 4077 1122 4147 μαθητεὺει
1155 4078 1412 4139 τελώνας,
1456 4077 1542 4128 ἵνα
1566 4077 1660 4129 καὶ
1692 4076 1852 4138 αὐτός
1879 4091 1931 4126 τι

350 4165 603 4237 κερδάνῃ
631 4183 644 4228 ;
675 4167 740 4218 Τί
770 4165 961 4232 τοῦτο]
991 4167 1100 4237 Τὴν
1131 4168 1238 4219 τῶν
1267 4165 1608 4236 ἁμαρτωλῶν
1632 4178 1928 4235 σωτηριανο

351 4261 405 4310 εἰ
452 4257 529 4327 μὴ
579 4258 676 4308 καὶ
705 4259 794 4310 τὸν
847 4259 1030 4326 ἰατρὸν
1069 4257 1287 4327 αἰτιῷτό
1348 4275 1452 4321 τις,
1507 4259 1587 4308 ὅτι
1624 4256 1930 4322 συγκύπτει

358 4353 457 4401 ἐπὶ
486 4351 559 4400 τὰ
592 4348 762 4417 πάθη,
803 4348 899 4400 καὶ
961 4348 1225 4401 δυσωδίαν
1257 4349 1528 4418 ἀνέχεται,
1572 4347 1656 4399 ἵνα
1718 4347 1791 4415 δῷ
1832 4349 1931 4412 τὴν

359 4441 580 4510 ὑγίειαν
610 4445 721 4504 τοῖς
746 4443 1034 4511 κάμνουσι,
1070 4443 1164 4495 καὶ
1197 4443 1287 4494 τὸν
1317 4442 1726 4510 ὲπικλινόμενον
1751 4440 1929 4509 βόθρῳ

357 4534 448 4587 διὰ
478 4534 920 4603 φιλανθρωπίαν,
954 4533 1039 4586 ἵνα
1068 4533 1128 4586 τὸ
1175 4534 1534 4603 ὲμπεπτωκὸς
1559 4532 1756 4601 κτῆνος
1788 4533 1931 4584 κατὰ

356 4627 457 4678 τὸν
493 4627 661 4694 νόμον
714 4626 1089 4696 ἀνασώσηται.
1143 4627 1445 4695 Ἀπεστάλη
1494 4625 1626 4694 μὲν,
1686 4625 1799 4677 ἀλλ’
1854 4625 1928 4686 ὡς

2291 3325 2548 3399 Ejusdem
2586 3341 2650 3378 ea:
2684 3325 2919 3378 oratione
2946 3338 2982 3377 ιι
3025 3323 3078 3374 in
3106 3320 3334 3376 Pascha.

2106 3423 2226 3477 “th
2256 3421 2451 3490 obiicis
2487 3419 2630 3473 Deo?
2683 3419 2973 3485 PrOptcrea
3029 3425 3186 3485 putas
3240 3413 3391 3467 illum
3453 3401 3601 3478 aliie-

2031 3518 2281 3579 ctioreni,
2316 3514 2458 3581 quod
2492 3511 2657 3564 linteo
2701 3509 3059 3577 succingitur,
3093 3513 3148 3559 et
3212 3503 3601 3581 discipulorum

2031 3610 2194 3677 pedes
2228 3606 2369 3658 lavat
2402 3643 2417 3665 ,
2461 3604 2826 3670 optimumque
2857 3599 2921 3653 ad
2953 3597 3333 3652 exaltationeni
3394 3575 3447 3646 ἐι
3493 3593 3608 3660 glo-

2031 3701 2163 3753 riam
2205 3697 2372 3760 viam,
2413 3695 2795 3756 humilitatem,
2838 3690 3223 3744 deinissionem
3269 3700 3388 3738 esse
3423 3683 3604 3738 decla-

2033 3797 2150 3850 rat“!
2182 3793 2320 3862 quod
2356 3801 2574 3860 propter
2605 3789 2841 3840 animum
2892 3783 3039 3836 humi
3087 3781 3348 3849 deiectam
3418 3774 3604 3840 depri-

2032 3885 2219 3948 mitur,
2246 3892 2304 3935 ut
2335 3881 2388 3934 id
2418 3881 2560 3948 quod
2595 3885 2818 3947 peccato
2871 3872 3126 3926 alllictiini
3166 3871 3420 3922 deorsum
3478 3877 3601 3917 ten-

2030 3975 2431 4042 debat,excitct
2487 3983 2648 4041 atque
2706 3967 2976 4023 extollat?
3025 3965 3134 4017 Cur
3168 3977 3272 4015 non
3347 3958 3394 4012 ei
3441 3955 3605 4013 simul

2034 4068 2200 4121 etiam
2257 4064 2474 4120 crimini
2548 4063 2737 4126 vertis,
2787 4058 2927 4127 quod
2989 4071 3112 4109 cum
3178 4051 3477 4121 publicanis
3551 4059 3607 4102 et

2031 4161 2172 4228 apud
2217 4157 2532 4229 publicanos
2559 4153 2818 4216 comedit,
2848 4160 2904 4204 ut
2935 4150 3049 4218 ipse
3096 4159 3311 4214 quoque
3366 4142 3606 4194 lucretur

2031 4251 2277 4321 aliquid?
2308 4247 2612 4316 Quidnam?
2645 4244 2880 4300 Salutem
2909 4249 3277 4311 peccatorum.
3311 4234 3376 4289 Ut
3401 4237 3444 4286 si
3481 4233 3604 4301 quis

2031 4344 2298 4397 medicum
2357 4349 2595 4402 accuset,
2631 4336 2775 4406 quod
2826 4323 2893 4387 ad
2957 4329 3330 4400 mgrotantium
3389 4325 3606 4378 morbos

2031 4446 2082 4488 ct
2113 4435 2329 4488 vulnera
2375 4431 2713 4498 inspicienda
2768 4440 2886 4481 sese
2942 4423 3193 4487 demittit,
3252 4420 3609 4484 fmtoreinque

2031 4528 2256 4597 perfert,
2288 4534 2347 4580 ut
2399 4540 2493 4580 eos
2555 4534 2730 4576 curet.
2803 4521 2909 4573 Aut
2959 4517 3003 4571 si
3061 4516 3184 4585 quis
3248 4509 3610 4580 reprehendat

2031 4635 2153 4672 eum
2184 4619 2273 4688 qui
2306 4597 2639 4671 humanitate
2670 4611 2980 4677 compulsus
3014 4608 3065 4660 in
3119 4604 3320 4659 fossnm
3381 4603 3606 4653 descen-

358 4691 669 4784 ᾶνθρωπος.
700 4715 928 4776 Διπλοῦς
957 4691 1062 4786 γὰρ
1091 4712 1180 4785 ἦν.
1218 4715 1375 4769 Ἐπεὶ
1403 4691 1802 4781 καῖὲκοπίασε,
1837 4717 1925 4769 καὶ

2039 4714 2140 4779 dit,
2165 4721 2220 4764 ut
2251 4709 2561 4780 jumentutn
2619 4706 2952 4777 prolapsum,
3012 4694 3483 4782 quemadmodum
3519 4691 3602 4745 lex

359 4806 646 4876 ὲπείνησε,
685 4807 776 4860 καὶ
811 4807 1056 4875 ἐδίψησε,
1093 4807 1187 4861 καὶ
1216 4811 1511 4878 ἠγωνίασε,
1541 4809 1632 4860 καὶ
1663 4809 1930 4879 ἐδάκρυσε

359 4897 516 4966 viae
553 4898 828 4965 σώματος.
873 4901 934 4951 Εἰ
972 4899 1027 4952 δι
1066 4901 1161 4952 και
1199 4902 1272 4962 ὡς
1301 4901 1454 4966 Θεὸς,
1501 4901 1552 4954 τι
1592 4902 1785 4964 τοῦτο;
1819 4901 1933 4970 Τὴν

363 4989 618 5041 εὐδικίαν
651 4987 745 5041 τοῦ
803 4990 1014 5059 Πατρδς
1041 4988 1510 5061 ἀποστολὴννεῖναι
1554 4993 1795 5062 νόμισον,
1847 4995 1933 5062 ἐφ’

362 5078 424 5128 ὃν
461 5078 722 5147 ἀναφέρει
757 5079 822 5130 τὰ
851 5079 1069 5145 ἑαυτοῦ,
1099 5081 1193 5133 καὶ
1223 5081 1295 5144 ὡς
1333 5082 1510 5152 ἀρχὴν
1551 5082 1726 5151 τιμῶν
1769 5083 1932 5151 ἄχρο-

366 5186 478 5233 νον,
511 5170 609 5222 καὶ
656 5170 748 5223 τοῦ
798 5173 875 5242 μὴ
918 5172 1094 5226 δοκεῖν
1151 5168 1288 5225 εἶναι
1325 5174 1591 5237 ἀντίθεος.
1640 5175 1791 5226 Ἐπεὶ
1839 5173 1932 5227 καὶ

367 5265 771 5332 παραδεδόσθαι
815 5266 1054 5335 λέγεται,
1087 5266 1224 5320 ἀλλὰ
1257 5268 1352 5320 καλ⁸
1388 5268 1576 5320 ἑαυτὸν
1621 5265 1935 5335 παραδεδω-

365 5362 518 5410 κέναι
545 5359 880 5428 γέγραπται,
915 5362 1009 5412 καὶ
1057 5361 1358 5430 ἐγηγέρθαι
1388 5360 1539 5428 παρά
1563 5359 1658 5412 τοῦ
1696 5361 1932 5428 Πατρὸς,

366 5453 460 5500 καὶ
495 5449 840 5519 ἀνειλῆφθαι,
883 5451 1021 5503 ἀλλὰ
1051 5453 1146 5504 καὶ
1191 5452 1380 5504 ἑαυτὸν
1426 5451 1810 5518 ἁνεστηκέναι,
1840 5451 1936 5504 καὶ

368 5539 759 5609 ἀνεληλυθέναι
811 5541 995 5596 πάλιν.
1064 5543 1280 5596 Ἐκεῖνα
1315 5545 1410 5612 τῆς
1457 5543 1727 5604 εὐδοκίας,
1765 5541 1936 5594 ταῦτα

367 5630 464 5698 τῆς
501 5631 772 5696 ἐξουσίας.
809 5633 880 5686 Σὺ
923 5633 976 5686 δὲ
1022 5633 1089 5686 τὰ
1123 5635 1223 5703 μὲν
1263 5633 1587 5686 ἐλαττοῦντα
1620 5632 1824 5700 λέγεις,
1868 5632 1936 5683 τὰ

369 5721 610 5790 ὑψοῦ-ιτα
638 5723 695 5776 δὲ
725 5727 1116 5796 παρατρέχεις.
1141 5727 1250 5780 Καὶ
1273 5727 1353 5778 ὅτι
1385 5727 1480 5794 μὲν
1505 5725 1694 5790 ἔπαθε,
1719 5723 1933 5794 λογίζῃ,

369 5812 453 5864 ὅτι
489 5813 544 5866 δὲ
575 5814 739 5882 ἑκὼν,
793 5818 854 5870 οὐ
884 5818 1209 5889 προστίθης·
1255 5813 1342 5872 οἵα
1377 5819 1572 5886 πάσχει
1628 5816 1720 5870 καὶ
1765 5817 1860 5870 νῦν
1909 5815 1937 5867 ὁ

2033 4806 2296 4876 ιπιοοίρῑι,
2327 4803 2529 4858 excitet
2571 4814 2635 4852 ac
2696 4797 2959 4851 sublevet.
2998 4780 3193 4844 Missus
3248 4787 3336 4839 ille
3387 4783 3603 4854 quidem

2031 4875 2132 4962 e~t,
2155 4898 2248 4951 sed
2284 4905 2338 4949 ut
2369 4897 2548 4948 homo.
2587 4889 2793 4956 Duplex
2860 4882 3001 4938 enim
3054 4888 3198 4936 erat.
3241 4875 3604 4943 Quamobrem

2029 5003 2084 5047 et
2124 4989 2372 5052 esurivil,
2400 4995 2454 5040 et
2481 4983 2677 5044 sitivit,
2721 4987 2778 5033 et
2822 4987 3060 5028 ιιιωιοιο
3101 4969 3324 5026 allectus
3391 4978 3497 5032 est,
3552 4977 3607 5020 et

2032 5077 2349 5148 lacrymavit
2379 5070 2629 5142 corporis
2659 5069 2795 5136 lege.
2835 5064 2974 5130 Quid
3000 5063 3046 5118 si
3101 5063 3263 5116 etiam
3326 5069 3383 5114 ut
3431 5057 3607 5112 Deus?

2037 5173 2173 5238 Quid
2208 5166 2362 5222 tum?
2405 5161 2715 5217 Missiouem
2748 5173 2809 5212 ac
2851 5156 3172 5225 legationem
3207 5154 3352 5206 illam
3410 5153 3604 5204 bonam

2037 5263 2212 5318 Patris
2239 5258 2565 5312 voluntatem
2605 5254 2980 5320 interpretare,
3033 5247 3120 5301 cui
3169 5258 3265 5300 sua
3312 5242 3400 5295 ille
3437 5240 3606 5294 refert

2038 5361 2280 5420 accepta,
2315 5362 2547 5416 eumque
2580 5355 2819 5407 tempore
2840 5347 3110 5394 carentem
3158 5335 3309 5396 colit,
3342 5340 3400 5382 ut
3459 5327 3607 5396 prin-

2037 5417 2260 5511 cipium,
2299 5455 2364 5494 ne
2398 5443 2464 5491 ab
2505 5439 2622 5507 ipso
2644 5435 2951 5500 discrepare
3015 5428 3283 5480 videatur.
3344 5417 3602 5511 Quando-

2040 5507 2259 5606 quidem
2284 5539 2338 5585 et
2387 5531 2618 5583 traditus
2679 5525 2896 5585 dicitur,
2929 5530 2984 5573 et
3030 5531 3088 5570 se
3144 5515 3258 5582 ipse
3322 5507 3607 5562 tradidisse

2043 5600 2298 5680 scribitur
2328 5629 2382 5674 et
2404 5618 2694 5674 suscitatus
2731 5623 2891 5680 atque
2914 5615 3221 5672 assumptus
3253 5616 3280 5655 a
3314 5600 3493 5661 Patre,
3555 5606 3610 5652 et

2044 5734 2104 5773 se
2144 5717 2257 5785 ipse
2291 5712 2605 5773 suscitasse,
2647 5717 2809 5775 atque
2838 5705 2890 5757 in
2926 5699 3122 5756 cmlum
3147 5693 3472 5750 ascendisse.
3514 5689 3608 5742 llla

2044 5814 2197 5880 bona:
2226 5803 2516 5864 voluntatis
2548 5807 2694 5868 sunt,
2749 5801 2859 5854 hazc
2915 5790 3222 5865 potestatis.
3284 5786 3362 5843 Tu
3427 5789 3606 5847 autem
