4100 6290
562 311 631 374 59
642 312 667 371 ’)

1807 308 2188 370 EUTHYMII
2233 307 2589 368 ZlGABENI

3685 301 3770 364 60]

562 440 682 486 quae
713 424 936 479 humilia
965 435 1021 480 et
1056 425 1263 492 abiecta
1301 433 1424 477 sunt.
1479 436 1874 477 commemoras
1903 437 1918 484 ;
1975 421 2142 473 sutili-

2248 419 2441 486 Λόγος,
2473 418 2577 472 ὑπὸ
2612 419 2710 485 μὲν
2745 419 2856 471 τῶν
2887 419 2963 483 ὡς
2994 420 3126 480 Θεὸς
3153 419 3401 488 τιμᾶται,
3450 414 3541 468 καὶ
3572 416 3778 469 συναλεί-

567 521 672 571 mia
707 534 834 573 vero
857 530 1020 588 atque
1051 521 1308 588 praeclara
1351 517 1743 587 praetenuittis.
1794 515 1946 578 Quod
2005 529 2148 566 mor-

565 620 692 666 tuus
721 613 790 666 sit
822 614 1096 680 expendis.
1124 612 1267 682 quod
1301 622 1479 664 autem
1521 609 1661 663 ultro
1701 615 1930 662 mortem
1983 621 2148 675 Oppe-

569 706 737 768 ticrit,
766 721 870 758 utin
887 706 1222 759 consideras.
1244 703 1392 756 Talia
1421 687 1656 757 Verbum
1700 716 1840 756 nunc
1862 701 2024 755 etiam
2059 713 2150 766 pa-

570 799 722 858 t'tur,
753 796 880 850 dum
907 795 972 850 ah
1003 795 1120 848 aliis
1153 806 1212 850 ut
1247 794 1386 849 Deus
1444 794 1638 848 colitur
1700 803 1863 860 atque
1919 791 2147 845 confun-

569 889 736 951 ditur,
774 890 840 939 ah
869 887 990 941 aliis
1042 897 1100 941 nt
1166 902 1294 941 caro
1359 885 1662 954 despicitur
1727 892 1782 936 et
1833 890 2141 948 separatur.

575 975 722 1032 Uti-is
752 978 920 1044 magis
965 977 1252 1043 irascatur,
1277 987 1369 1031 aut
1405 976 1584 1045 potius
1620 973 1907 1044 ignoscat?
1943 972 2141 1036 lllisue,

569 1085 598 1119 a
626 1068 823 1134 quibus
862 1067 1001 1120 male
1030 1069 1393 1133 contrahitur,
1437 1082 1504 1120 au
1551 1065 1678 1127 illis,
1727 1080 1756 1118 a
1813 1065 2009 1134 quibus
2066 1064 2144 1115 di-

572 1159 840 1212 scinditur
859 1159 880 1212 ?
899 1159 1198 1227 Oportebat
1223 1162 1366 1214 enim
1394 1169 1452 1215 ut
1477 1173 1533 1215 et
1563 1160 1640 1214 illi
1673 1171 1932 1226 personas
1955 1171 2147 1210 mune-

571 1262 633 1300 ιο
660 1246 1078 1316 distinguerent.
1107 1259 1160 1304 et
1191 1251 1242 1303 hi
1285 1265 1379 1305 eas
1417 1249 1702 1304 divinitate
1733 1248 2146 1316 coniungerent.

568 1337 746 1393 Carne
778 1341 947 1408 ipsius
973 1341 1302 1396 olleuderis?
1335 1341 1390 1395 ld
1420 1339 1622 1396 Juda'is
1650 1340 1813 1394 etiam
1843 1337 2142 1392 accidebat.

571 1430 708 1487 Num
735 1443 790 1487 et
819 1431 1219 1488 Samaritanutn
1252 1434 1270 1504 (
1305 1443 1363 1487 ut
1392 1435 1535 1504 quod
1591 1432 1838 1502 sequitur
1889 1443 2094 1484 taceam
2127 1429 2146 1499 )

573 1522 727 1576 illum
758 1524 993 1591 appellas
1021 1524 1044 1576 ?
1073 1524 1151 1578 Tu
1198 1524 1470 1578 Divinitati
1498 1540 1603 1577 non
1637 1523 1832 1578 credis.
1894 1521 2048 1586 Quod
2083 1535 2148 1573 ne

575 1619 850 1670 Uretuones
873 1617 1089 1685 quidem
1153 1615 1520 1671 faciebant.0
1581 1617 1915 1670 daemonibus
1978 1611 2151 1678 magis

2245 526 2428 576 φεται,
2456 508 2560 560 ὑπὸ
2583 508 2640 560 δὲ
2674 509 2784 561 τῶν
2808 511 2883 571 ὡς
2921 508 3059 580 σὰρξ
3086 509 3432 578 ἀτιμάζεται,
3461 505 3549 558 καὶ
3581 507 3778 576 χωρίζε-

2245 620 2358 657 ται.
2391 600 2548 655 Τίσιν
2573 602 2805 672 ὀργισθῇ
2845 603 3030 666 πλέον,
3068 603 3267 671 μᾶλλον
3295 599 3353 652 δὲ
3375 600 3515 652 τίσιν
3539 601 3662 669 ἀφῇ,
3687 602 3779 662 τοῖς

2248 693 2564 764 συναιροῦσι
2601 695 2810 756 κακῶς.
2863 695 2894 764 ἢ
2946 698 3060 757 τοῖς
3093 696 3388 765 τέμνουσι;
3424 694 3530 745 Καὶ
3577 693 3673 760 γὰρ
3700 695 3782 743 κὰ.

2247 784 2462 846 κείνους
2499 783 2731 854 διαιρεῖν
2760 784 2890 844 ἔδει.
2933 784 3032 837 καὶ
3073 783 3297 845 τούτους
3335 782 3782 844 συνάπτειν’τοὸς

2252 876 2352 946 μὲν
2382 875 2463 946 τῷ
2495 874 2737 946 ἀριθμῷ,
2792 877 2918 938 τοὺς
2951 875 3006 928 δὲ
3040 878 3103 945 τῇ
3160 875 3400 943 θεότητι.
3450 872 3784 942 Προσκόπτεις

2244 969 2310 1038 τῇ
2348 968 2549 1039 caput;
2588 968 2758 1022 Τοῦτο
2791 969 2887 1021 καὶ
2942 968 3207 1022 Ἰουδαῖοι.
3240 967 3312 1019 ’Ἦ
3345 965 3441 1018 καὶ
3479 964 3785 1033 Σαμαρείτην

2247 1057 2546 1118 ἀποκαλεῖς
2577 1075 2592 1122 ;
2653 1058 2751 1110 καὶ
2783 1057 2844 1109 τὸ
2881 1055 3009 1126 ἑξῆς
3037 1058 3408 1127 σιωπήσομαι.
3456 1053 3705 1114 ’Δπιστείς
3732 1057 3783 1121 τῇ

2248 1150 2505 1219 θεότητις
2535 1147 2709 1202 Τοῦτο
2757 1149 2879 1202 οὐδὲ
2929 1151 2977 1202 οἱ
3018 1149 3294 1216 δαίμονες,
3338 1141 3385 1200 ὧ
3435 1145 3528 1199 καὶ
3555 1143 3786 1212 δαιμόνων

2248 1244 2573 1312 ἀπιστότερε
2647 1243 2746 1304 σὺ,
2813 1242 2907 1294 καὶ
2987 1241 3262 1294 Ἰουδαίων
3331 1236 3779 1306 ἀγνωμονέστερει

2265 1336 2495 1388 Ἐκεῖνοι
2526 1333 2626 1402 τὴν
2648 1333 2740 1386 τοῦ
2766 1334 2895 1386 Υίοῦ
2924 1332 3299 1404 προσηγορίαν
3327 1327 3614 1399 ὀμοτιμίας
3640 1324 3788 1392 φωνὴν

2255 1428 2539 1496 ἐνόμισαν,
2571 1421 2716 1480 οῦτοι
2751 1426 2841 1479 τὸν
2876 1425 3168 1480 ἐλαύνοντα
3209 1425 3344 1476 Θεὸν
3374 1422 3586 1492 ᾔδεσαν.
3639 1417 3787 1470 Ἐπεί-

2257 1519 2415 1572 θοντο
2443 1519 2554 1590 γὰρ
2585 1519 2644 1582 ἐξ
2691 1512 2767 1570 ὧν
2811 1518 3071 1586 ἔπασχον.
3107 1517 3180 1568 Σὺ
3211 1515 3268 1567 δὲ
3309 1514 3432 1566 οὐδὲ
3469 1511 3580 1582 τὴν,
3607 1508 3789 1574 ἰσότητι

2255 1611 2416 1682 δέγῃ,
2448 1611 2570 1663 οὐδὲ
2597 1611 2879 1680 ὁμολογεῖς
2913 1611 3013 1678 τὴν
3045 1609 3301 1676 θεότητα.

575 1709 1174 1776 ἱιιιϊθιΙυΙμ,οι.Ιη‹1ωἰε
1232 1713 1405 1781 magis
1459 1711 1703 1779 ingrate!
1747 1710 1808 1760 Hi
1860 1708 1981 1761 Filii
2034 1719 2168 1775 appe

2251 1706 2451 1758 tionem
2524 1705 2747 1772 aequalis
2811 1704 3032 1758 honoris
3067 1717 3253 1755 vocem
3308 1695 3692 1753 existimabant,
3734 1685 3790 1738 illi

574 1818 720 1866 t'lllll,
761 1820 790 1857 a
821 1821 928 1874 quo
962 1805 1332 1873 ejit-ietiantur,
1395 1804 1560 1856 Deum
1611 1802 1978 1870 agnoscebant
2023 1816 2036 1852 :
2071 1816 2132 1852 ex
2204 1799 2273 1852 iis
2317 1800 2460 1851 enim
2506 1811 2628 1866 qua:
2679 1796 3042 1864 patiebantur,
3081 1792 3265 1848 id-sihi
3301 1789 3695 1860 persuadebant.
3730 1782 3790 1836 Τιι

576 1885 756 1952 autem
790 1915 888 1954 nec
941 1900 1297 1968 aequalitatem
1349 1899 1600 1967 suscipis,
1659 1914 1756 1952 nec
1805 1898 2138 1950 divinitatem
2182 1895 2479 1950 conﬁteris.

582 2021 718 2075 Dem
750 2023 997 2074 adversus
1027 2023 1248 2075 Arianos
1271 2031 1316 2073 et
1344 2019 1703 2073 Eunomimtos
1757 2018 1992 2087 Gregorii
2024 2017 2161 2084 Nys-

2273 1998 2399 2068 Ἕτι
2429 2013 2580 2066 κατὰ
2643 2011 2979 2087 viperas-6r“
3004 2026 3070 2063 τε
3093 2080 3104 2087 _
3127 2009 3224 2061 καὶ
3273 2003 3665 2087 Εἰίνομιανιῇν.
3710 2001 3792 2087 τοῦ

653 2110 726 2214 qu.-
766 2093 1034 2214 ἵρὶιιὶᾕείδ
1065 2109 1128 2144 ex
1170 2093 1406 2145 oratione
1466 2091 1534 2142 ad
1579 2089 1910 2159 Simplirimn
1964 2090 2162 2154 scripta

653 2179 713 2214 τε
815 2178 928 2214 tto.

648 2178 713 2215 ιη
766 2178 928 2216 μιιιο.

661 2337 801 2390 Deus
831 2348 924 2402 per
953 2330 1274 2400 Prophetam
1305 2329 1545 2399 prmcipit
1576 2345 1642 2383 ne
1674 2328 1840 2383 ullum
1867 2329 2028 2383 deum
2061 2341 2159 2380 no-

585 2443 712 2481 vutn
750 2424 919 2479 Deum
969 2438 1092 2476 esse
1126 2421 1524 2483 existimemus,
1570 2434 1745 2488 neque
1774 2419 1933 2473 deum
1971 2418 2164 2472 adore-

591 2534 712 2574 mus
740 2517 974 2570 alienum
1004 2515 1042 2568 ί.
1086 2511 1436 2565 Manifestum
1463 2519 1546 2566 est
1576 2521 1754 2564 autem
1784 2509 1930 2578 quod
1955 2525 2158 2562 norunt

593 2611 790 2664 dicitur
824 2607 876 2660 id
911 2606 1054 2674 quod
1089 2620 1119 2657 a
1152 2608 1484 2673 sempiterno
1513 2616 1622 2654 non
1645 2610 1728 2655 est
1750 2619 1764 2666 ;
1790 2616 1854 2654 ac
1881 2616 2074 2655 rursus
2098 2616 2163 2654 ex

592 2695 891 2758 contrario,
935 2693 1326 2765 sempiternum
1359 2690 1559 2745 dicitur
1607 2687 1754 2758 quod
1801 2703 2002 2742 novum
2055 2704 2163 2741 non

594 2796 698 2844 cst.
753 2787 918 2856 Igitur
972 2785 1064 2852 qui
1121 2797 1226 2836 non
1287 2797 1350 2837 ex
1417 2782 1750 2850 sempiterno
1815 2779 2164 2849 Unigenitum

596 2879 766 2934 Deum
800 2893 867 2932 ex
899 2875 1059 2929 Patre
1093 2890 1218 2928 esse
1254 2874 1448 2936 credit,
1496 2889 1696 2941 novum
1737 2887 1859 2926 eum
1898 2887 2020 2926 esse
2057 2887 2164 2924 non

597 2979 792 3040 negat;
825 2968 965 3036 quod
997 2967 1142 3020 enim
1176 2980 1284 3018 non
1320 2964 1732 3033 sempiternum.
1778 2978 1976 3018 novum
2015 2977 2170 3031 pror-

599 3079 696 3118 sus
727 3069 848 3128 est;
885 3059 1250 3130 quodcunque
1282 3068 1462 3111 autem
1497 3072 1698 3110 novum
1732 3064 1838 3118 est,
1888 3053 2032 3110 Detis
2065 3070 2170 3106 non

599 3157 705 3211 est.
739 3134 1197 3220 quemadmodum
1243 3146 1375 3200 dicit
1416 3145 1695 3216 Scriptura
1730 3165 1742 3198 :
1779 3165 1797 3196 ι
1824 3143 1942 3198 Non
1981 3145 2084 3200 erit
2119 3145 2172 3197 in

604 3250 656 3292 te.
685 3239 828 3295 Deus
865 3256 1059 3294 novus.
1096 3239 1116 3268 ³
1157 3255 1174 3287 ι
1217 3235 1360 3307 Ergo
1386 3237 1476 3306 qui
1509 3237 1661 3299 dicit,
1705 3236 1848 3304 quod
1883 3235 2175 3303 aliquando

606 3330 776 3384 Filius
809 3346 914 3383 non
967 3337 1106 3394 erat,
1159 3329 1206 3383 is
1255 3339 1416 3397 negat
1455 3328 1575 3396 ejus
1620 3327 1899 3381 deitatem.
1965 3325 2175 3379 Rursus
2207 3375 2245 3397 ι,

606 3421 844 3473 alienum
877 3418 1046 3472 Deum
1075 3426 1219 3472 vetat
1247 3418 1494 3479 adorare.
1517 3418 1611 3486 qui
1643 3417 1775 3470 dicit
1803 3436 1816 3471 :
1847 3435 1865 3467 ‹
1890 3415 2176 3485 Nunquam
2207 3406 2250 3426 “

607 3509 862 3564 adorabis
889 3508 1050 3564 deum
1081 3510 1318 3563 alienum
1350 3507 1370 3538 ³
1401 3525 1415 3561 :
1453 3526 1472 3558 ι
1521 3509 1736 3563 alienus
1760 3516 1944 3562 autem
1982 3507 2178 3561 collata

608 3611 734 3647 cum
771 3604 965 3651 nostro
997 3597 1218 3667 proprio
1246 3597 1359 3660 Deo
1385 3599 1742 3657 distinctione
1770 3604 2173 3657 consutcratur.

611 3684 746 3752 Quis
786 3689 949 3759 igitur
973 3703 1161 3747 noster
1207 3693 1457 3762 proprius
1500 3701 1583 3748 est
1636 3693 1819 3747 Deus?
1861 3691 2045 3744 Palam
2097 3697 2174 3744 est

608 3781 751 3849 quod
796 3797 958 3838 verus
1004 3783 1168 3839 Deus.
1207 3785 1343 3851 Quis
1387 3789 1514 3839 item
1567 3783 1820 3839 alienus?
1855 3797 2083 3852 prorsus
2109 3781 2176 3846 is,

607 3871 700 3940 qui
729 3887 758 3925 a
789 3881 982 3927 natura
1010 3873 1104 3928 Dei
1138 3875 1249 3930 veri
1273 3875 1485 3931 alienus
1514 3883 1617 3930 est.
1647 3873 1702 3928 Si
1736 3873 1899 3945 igitur
1923 3873 2177 3942 preprius

609 3971 797 4016 uoster
844 3962 1006 4027 Deus,
1047 3964 1186 4020 Deus
1230 3980 1395 4020 verus
1438 3972 1544 4026 est,
1583 3965 1628 4019 si
1673 3963 2001 4034 Unigenitus
2039 3960 2178 4016 Deus

607 4066 674 4105 ex
707 4063 901 4107 natura
930 4057 1040 4110 veri
1077 4057 1168 4112 Dei
1206 4072 1311 4111 non
1359 4057 1474 4121 sit,“
1497 4054 1957 4126 quemadmodum
2002 4053 2176 4106 haere-

607 4143 701 4196 tici
752 4145 961 4207 dicunt,
1010 4148 1220 4203 alienus
1262 4147 1405 4202 Deus
1435 4155 1541 4214 est,
1573 4155 1628 4200 et
1662 4154 1852 4205 noster
1893 4144 2034 4198 Deus
2069 4157 2177 4196 non

608 4245 712 4288 cst.
748 4235 1096 4306 Evangelium
1124 4249 1304 4292 autem
1351 4237 1486 4293 dicit
1513 4237 1658 4309 quod
1703 4252 1833 4292 oves
1859 4235 2038 4290 alieno
2070 4248 2178 4286 non

609 4324 867 4378 obediant
897 4326 937 4378 δ.
971 4325 1072 4390 Qui
1106 4337 1348 4381 creatum
1378 4345 1502 4383 eum
1526 4343 1649 4383 esse
1676 4327 1831 4390 dicit,
1877 4325 2112 4379 alienum
2150 4337 2177 4374 a

608 4415 723 4469 vcri
747 4414 837 4469 Dci
860 4425 1052 4470 natura
1091 4417 1237 4471 facit.
1266 4417 1404 4483 Quid
1438 4419 1602 4489 igitur
1626 4407 1833 4472 faciunt
1854 4416 1944 4486 qui
1967 4414 2177 4475 dicunt,

610 4507 754 4576 quod
795 4514 1010 4562 creatus
1051 4510 1163 4564 sit?
1194 4511 1588 4565 Adorahuntne
1634 4527 1780 4576 eum,
1825 4511 1916 4580 qui
1961 4516 2178 4563 creatus

611 4597 702 4660 sit,
735 4598 949 4652 annon?
971 4597 1101 4652 Nam
1134 4600 1179 4655 si
1206 4617 1310 4654 non
1334 4599 1818 4666 adorant,.lud:cos
1851 4607 2176 4668 sequuntur,

2337 2086 2592 2149 Νύσσης
2651 2074 2718 2134 ἐκ
2780 2084 2884 2136 τοῦ
2925 2081 2979 2146 β’
3026 2080 3214 2150 λόγου
3255 2078 3366 2131 τοῦ
3413 2078 3556 2144 πρὸς
3586 2074 3790 2142 23:le-

2342 2172 2476 2209 κιον
2505 2154 2639 2221 περὶ
2684 2154 2842 2207 Υὶοῦ.

2333 2325 2557 2376 Κελεύει
2584 2325 2610 2376 ὁ
2637 2323 2764 2385 Θεὸς
2795 2323 2883 2376 διὰ
2914 2323 3006 2376 τοῦ
3039 2324 3328 2396 Προφήτου
3372 2324 3566 2394 μηδένα
3587 2325 3792 2396 11966;:-

2265 2433 2354 2468 τον
2386 2414 2505 2467 θεὸν
2535 2414 2664 2467 Θεὸν
2695 2409 2832 2466 εἶναι
2880 2414 3151 2484 νομίζειν,
3209 2415 3350 2486 μηδὲ
3388 2419 3686 2484 προσκυνεῖν
3717 2418 3791 2470 ἀλα

2266 2508 2462 2578 λοτρίῳ
2494 2506 2619 2576 θεῷ.
2673 2505 2881 2559 Οὐκοῦν
2916 2506 3071 2575 δῆλον
3106 2508 3274 2570 ἐστιν,
3318 2508 3402 2560 ὃτι
3425 2508 3708 2579 πρόσφατον
3724 2508 3781 2561 λέ-

2265 2615 2416 2665 γεται
2437 2595 2464 2648 ὃ
2489 2597 2563 2666 μὴ
2585 2594 2645 2660 ὲξ
2674 2596 2844 2648 ἀϊδίου
2867 2593 2980 2646 ἐστί
3007 2608 3020 2622 ⁸
3066 2595 3161 2647 καὶ
3190 2597 3254 2648 ὲκ
3291 2597 3388 2648 τοῦ
3411 2598 3638 2650 ἐναντίου
3662 2599 3788 2652 πάλιν

2267 2691 2433 2743 ἀΐδιον
2462 2689 2676 2756 λέγεται
2717 2688 2744 2741 ὃ
2787 2687 2863 2758 μὴ
2893 2688 3204 2758 πρόσφατόν
3245 2689 3418 2742 ἐστιν.
3463 2691 3519 2743 '0
3553 2691 3708 2743 τοίνυν
3732 2691 3788 2760 μὴ

2269 2783 2326 2849 ἐξ
2350 2782 2514 2834 ἀϊδίου
2545 2781 2633 2833 τὸν
2655 2780 2930 2850 Μονογενῆ
2959 2779 3090 2833 Θεὸν
3121 2781 3186 2832 ἐκ
3218 2779 3316 2833 τοῦ
3347 2783 3551 2852 [ἰατρὸς
3581 2778 3697 2835 εἶναι
3719 2799 3788 2833 πι-

2271 2876 2494 2938 στεύων,
2517 2874 2826 2945 πρόσφατον
2855 2873 3015 2926 αὑτὸν
3044 2870 3182 2926 εἶναι
3205 2875 3309 2927 οὐκ
3340 2876 3573 2945 ἀρνεῖται
3597 2891 3610 2905 ⁸
3635 2874 3684 2926 τὸ
3703 2873 3786 2942 γὰρ

2275 2969 2346 3038 μὴ
2372 2967 2556 3026 ἀΐδιον,
2591 2967 2896 3034 πρόσφατον
2921 2963 3136 3027 πάντως
3161 2982 3174 2995 ’
3207 2967 3317 3017 πᾶν
3338 2965 3392 3018 δὲ
3419 2965 3476 3016 τὸ
3507 2965 3785 3034 πρόσφατον,

2271 3059 2401 3122 Θεὸς
2449 3058 2548 3111 οὐκ
2592 3057 2772 3120 ἐστιν,
2817 3055 2997 3118 καθὼς
3032 3051 3183 3108 εἶπεν
3213 3057 3501 3127 ήΓραφὴ,
3549 3059 3620 3108 ὅτι
3662 3056 3786 3108 «Uti!

2274 3150 2424 3202 ἔσται
2454 3150 2510 3200 ἐν
2557 3149 2640 3200 σοὶ
2672 3148 2802 3211 Θεὸς
2847 3148 3171 3218 πρόσφατος.
3201 3168 3218 3199 ι
3282 3151 3422 3219 Ἀρα
3447 3151 3474 3202 ὁ
3501 3149 3681 3214 λέγων.
3725 3147 3784 3198 ὅτι

2275 3240 2403 3293 πἰτὲ
2433 3239 2532 3292 οὐκ
2563 3234 2650 3309 ἦν,
2685 3233 2837 3302 οὗτος
2861 3239 3099 3308 ἀρνεῖται
3127 3238 3291 3291 αὑτοῦ
3319 3239 3414 3308 τὴν
3439 3238 3663 3306 θεότητα.
3706 3235 3782 3288 Πά-

2274 3333 2354 3383 λιν
2383 3331 2656 3402 ἀλλότριον
2682 3331 2812 3382 Θεὸν
2841 3323 3160 3402 προσκυνεῖν
3187 3331 3434 3384 κωλύειὸ
3465 3331 3646 3398 λέγων,
3681 3327 3785 3380 «0'5-

2274 3423 2463 3476 δέττοτε
2488 3423 2886 3493 προσκυνήσεις
2909 3421 3014 3492 θεῷ
3035 3421 3301 3491 ἀλλοτρίῳ
3318 3438 3332 3452 ·
3365 3442 3383 3474 ι
3433 3421 3461 3472 ὁ
3489 3421 3539 3473 δὲ
3561 3419 3785 3486 ἀλλότριος

2276 3518 2342 3583 τῇ
2378 3513 2512 3583 πρὸς
2540 3514 2628 3566 τὸν
2660 3514 2789 3566 ἴδιον
2813 3513 2968 3583 ήμῶν
2993 3513 3124 3566 Θεὸν
3145 3513 3510 3583 ἀντιδιαστολῇ
3532 3509 3780 3579 θεωρεῖται.

2272 3586 2368 3647 Τίς
2396 3584 2487 3640 οὖν
2514 3590 2541 3642 ὁ
2567 3589 2693 3653 ίδιος
2717 3594 2871 3662 ἡμῶν
2895 3597 3012 3651 ἐστι
3032 3599 3193 3667 Θεός;
3230 3604 3400 3675 Δῆλον
3426 3607 3504 3658 ὅτι
3533 3605 3560 3658 ὁ
3584 3598 3781 3671 ἀληθινὴ

2274 3678 2424 3742 Θεός.
2475 3681 2569 3745 Τίς
2601 3683 2658 3735 δὲ
2690 3686 2718 3738 ὁ
2743 3686 3051 3758 ἁλλότριος;
3102 3695 3328 3759 Πάντως
3359 3701 3387 3751 ὁ
3416 3698 3509 3767 τῆς
3532 3695 3614 3749 τοῦ
3638 3689 3782 3759 atat:-

2276 3770 2366 3826 νοῦ
2394 3771 2527 3824 Θεοῦ
2563 3773 2777 3841 φύσεως
2803 3778 3093 3851 ἀλλοτρίως
3117 3784 3277 3854 ἔχων.
3333 3789 3393 3840 EE
3416 3785 3501 3841 οὖν
3529 3787 3641 3846 ῖδιος
3664 3777 3780 3850 ἡμῶν

2277 3866 2422 3915 ἐστιν
2441 3865 2470 3916 ὁ
2489 3865 2736 3936 ἀληθινὸς
2767 3867 2915 3933 Θεὸς,
2943 3871 3006 3925 ἂν
3035 3876 3107 3948 μὴ
3199 3879 3298 3948 τῆς
3323 3878 3414 3932 τοῦ
3447 3865 3778 3947 ἀληθινοῦθεοῦ

2279 3952 2490 4021 φύσεως
2511 3959 2539 4009 ὁ
2565 3961 2874 4035 Μονογενὴς
2903 3963 3054 4028 Θεὸς,
3090 3966 3275 4030 καθὼς
3305 3967 3545 4035 λέγουσιν
3566 3965 3607 4017 οἱ
3633 3963 3780 4029 αἱρετι-

2278 4044 2394 4108 κοὶν
2439 4047 2713 4120 ἀλλότριος
2756 4053 2888 4119 Θεός
2928 4056 3067 4120 ἐστι,
3107 4057 3197 4109 καὶ
3227 4058 3328 4129 οὐχ
3369 4057 3631 4128 ἡμέτερος.
3657 4048 3776 4114 Λέγει

2277 4135 2333 4187 δὲ
2371 4137 2432 4189 τὸ
2481 4140 2809 4210 Εὑαγγέλιον
2849 4146 2930 4198 ὃτι
2975 4146 3045 4199 τά
3086 4147 3333 4217 πρόϐατα
3367 4147 3609 4216 ἀλλοτρίῳ
3645 4142 3692 4193 οὗ
3724 4134 3776 4207 μὴ

2281 4228 2586 4302 ὑπακούσῃ.
2647 4235 2704 4287 ’0
2731 4235 2904 4304 λέγων
2935 4239 3151 4292 mme
3179 4241 3341 4292 αὐτὸν
3369 4235 3530 4298 εἶναι,
3563 4232 3775 4298 ἀλλότριον

2279 4319 2376 4387 τῆς
2409 4321 2501 4373 τοῦ
2536 4323 2788 4393 ἀληθινοῦ
2821 4326 2954 4380 Θεοῦ
3001 4329 3212 4398 φύσεως
3248 4325 3393 4392 ,εἶναι
3430 4321 3772 4382 κατασκευάσει.

2281 4410 2345 4461 Τί
2376 4407 2468 4464 οὗν
2496 4413 2737 4466 ποιοῦσιν
2765 4418 2813 4468 οἱ
2841 4417 3108 4486 λέγοντες,
3145 4421 3227 4474 ὅτι
3260 4422 3473 4483 κτιστός
3501 4422 3631 4479 eam;
3654 4413 3774 4480 1190⁵⁸

2281 4503 2502 4556 κυνοῦσι
2541 4505 2632 4557 τὸν
2680 4508 2895 4561 κτιστὸν
2923 4511 3107 4576 αὑτὸν,
3149 4513 3181 4583 ἦ
3221 4513 3378 4583 οὐχί;
3424 4512 3484 4564 Εἰ
3507 4511 3592 4579 μὲν
3624 4498 3773 4576 γάρώ

2283 4595 2697 4662 προσκυνοῦσιν,
2729 4599 3123 4670 Ἰουδαῒζουσιν,
3150 4605 3465 4674 ἀρνούμενοι
3493 4599 3575 4654 τοῦ
3595 4584 3772 4666 Χριπσῧ

612 4699 872 4757 negantes
914 4693 1284 4747 adorationem
1313 4693 1514 4747 Christi
1543 4711 1556 4760 ;
1593 4694 1678 4748 sin
1714 4702 1894 4746 autem
1929 4691 2170 4753 adorant,

2246 4687 2377 4757 ’τὴν
2437 4691 2831 4762 προσκύνησιν·
2890 4696 2938 4748 εἰ
2989 4696 3042 4747 δὲ
3099 4696 3515 4767 προσκυνοῦσιν,
3558 4682 3772 4742 εἰδωλολα-

613 4779 911 4834 idololatrae
950 4789 1097 4846 sunt,
1123 4781 1355 4834 adorant
1387 4782 1530 4836 enim
1561 4787 1708 4844 eum,
1734 4783 1826 4850 qui
1868 4781 2080 4833 alienus
2111 4781 2182 4833 sit

614 4882 643 4918 a
677 4866 782 4921 Deo
830 4884 976 4923 vero.
1021 4870 1179 4938 Atqui
1221 4885 1375 4939 teque
1427 4870 1652 4939 impium
1695 4877 1778 4924 est
1822 4869 1904 4923 vel
1939 4884 2046 4922 non
2083 4869 2179 4920 ad-

610 4971 769 5010 orare
814 4956 1033 5023 Filium,
1063 4962 1147 5014 vel
1192 4964 1420 5016 adorare
1448 4960 1613 5016 Deum
1664 4961 1920 5015 alienum.
1958 4959 2181 5028 Oportet

613 5060 746 5115 ergo
779 5048 896 5100 veri
927 5047 1103 5104 Patris
1131 5067 1318 5105 verum
1356 5053 1553 5107 Filittm
1581 5054 1787 5116 dicere,
1812 5061 1870 5105 ttt
1894 5051 2180 5105 adoremus

612 5151 762 5199 eum,
797 5143 851 5190 et
900 5151 1008 5191 non
1052 5139 1481 5196 condemnemur
1535 5151 1795 5214 tanquam
1854 5141 2020 5195 Deum
2061 5141 2185 5195 alie-

613 5243 743 5281 num
780 5227 1090 5284 adorantes.
1145 5229 1425 5287 Adversus
1475 5249 1570 5288 eos
1618 5242 1798 5288 autem
1842 5235 1936 5303 qui
1993 5233 2184 5287 dicunt

612 5319 745 5373 illud
769 5335 833 5373 ex
861 5317 1180 5384 Proverbio,
1211 5339 1228 5371 ι
1263 5321 1522 5378 Dominus
1550 5326 1858 5379 creavitme
1882 5327 1924 5386 ⁸,
1962 5343 1980 5374 ι
2013 5331 2065 5378 et
2092 5339 2186 5392 per

614 5408 717 5463 hoc
755 5418 964 5480 putant,
994 5426 1053 5466 se
1082 5411 1302 5482 aliquod
1332 5413 1544 5466 firmum
1578 5415 1774 5469 afferre
1803 5421 2182 5482 argumentum

615 5500 682 5554 ad
723 5502 1066 5570 probandum
1101 5504 1247 5574 quod
1284 5513 1504 5560 creatus
1552 5507 1623 5561 sit
1654 5507 1896 5560 omnium
1934 5505 2184 5559 conditor

616 5602 668 5646 et
708 5603 948 5657 creator,
981 5593 1095 5649 hac
1138 5598 1396 5651 convenit
1424 5595 1624 5663 dicere,
1661 5596 1806 5667 quod
1847 5597 2015 5650 multa
2069 5611 2188 5665 pro-

696 5754 715 5788 ⁸
751 5753 896 5810 Psal.
928 5770 1094 5821 Lxxx,
1118 5756 1200 5811 ιο.
1278 5757 1298 5789 ²
1339 5757 1510 5813 Exod.
1543 5771 1731 5822 xxxiv,
1761 5756 1846 5809 lt.

1926 5752 1942 5782 ³
1979 5752 2147 5810 Exod.
2193 5773 2286 5824 xx,
2313 5756 2363 5809 5.

2281 4778 2470 4848 τροῧσι
2493 4797 2506 4810 ⁸
2552 4783 2644 4834 τὸν
2677 4783 2784 4856 γὰρ
2814 4786 3090 4858 ἀλλότριον
3122 4787 3214 4840 τοῦ
3243 4785 3487 4858 ἀληθινοῦ
3511 4779 3625 4836 Θεοῦ
3650 4785 3771 4844 προτ-

2285 4870 2554 4925 ιιυνοῦσιν.
2601 4873 2759 4926 Ἀλλὰ
2791 4874 2896 4945 μὴν
2925 4877 3117 4947 ἐπίσης
3146 4879 3358 4940 ἀσεϐὲς,
3383 4877 3471 4929 καὶ
3501 4873 3567 4944 μὴ
3595 4878 3771 4936 προσκν-

2283 4963 2394 5011 νεῖν
2442 4961 2533 5014 τὸν
2564 4963 2712 5025 Υίὸν,
2758 4966 2852 5017 καὶ
2907 4971 3228 5036 προσκυνεῖν
3264 4969 3353 5021 τὸν
3391 4966 3635 5032 ἀλλότριον
3659 4951 3767 5007 Θεὸν.

2284 5049 2326 5100 Χ
2337 5049 2399 5118 pi;
2425 5050 2530 5120 ἄρα
2563 5050 2654 5103 τοῦ
2681 5053 2931 5124 ἀληθινοῦ
2957 5058 3168 5127 Πατρὸς
3221 5057 3463 5128 ἀληθινὸν
3494 5053 3573 5105 τὸν
3594 5046 3691 5100 my
3711 5038 3769 5089 λέ-

2285 5157 2417 5206 γειν,
2456 5141 2542 5193 ἵνα
2568 5145 2960 5215 προσκυνῶμεν
2985 5147 3167 5210 αὑτὸν,
3196 5147 3290 5201 καὶ
3333 5147 3403 5218 μὴ
3429 5132 3767 5208 κατακριθῶμεν

2283 5231 2354 5293 ὡς
2376 5233 2649 5304 ἀλλότριον
2672 5238 3102 5306 προσκυνοῦντες
3123 5239 3262 5293 θεὸν.
3288 5238 3424 5310 Πρὸς
3442 5237 3491 5287 δὲ
3510 5233 3616 5289 τοὺς
3639 5224 3766 5310 λέῖονξ

2283 5341 2379 5386 τας
2407 5323 2547 5393 τὸέκ
2564 5329 2659 5396 τῆς
2684 5329 2990 5399 Παροιμίας
3005 5331 3087 5382 ὅτι
3111 5349 3127 5380 ι
3154 5329 3354 5401 Κύριος
3380 5324 3540 5380 ἐκτισέ
3563 5336 3616 5390 με
3641 5335 3676 5367 ³η
3702 5305 3766 5361 καὶ

2283 5417 2368 5469 διὰ
2397 5418 2554 5470 τοῦτο
2587 5420 2902 5489 νομίζοντας
2938 5423 3153 5494 ἰσχυρόν
3183 5441 3235 5475 τι
3266 5424 3434 5490 λέγειν
3462 5410 3764 5489 1:591:05er-

2286 5509 2408 5560 στὸν
2429 5504 2565 5562 εἶναι
2593 5511 2683 5563 τὸν
2708 5512 2920 5566 πάντων
2943 5514 3166 5583 κτίστην
3197 5515 3287 5567 καὶ
3313 5507 3622 5582 δημιουργὸν,
3641 5493 3763 5550 ταῦτα

2286 5601 2550 5669 προσήκει
2583 5601 2781 5668 λέγειν,
2812 5604 2893 5656 ὅτι
2929 5604 3096 5658 πολλὰ
3123 5605 3188 5658 δι’
3217 5588 3761 5673 ἡμᾶς-ἐγένετοὸΜονο’

2446 5753 2647 5810 ⁵]οειη.
2691 5771 2745 5819 x,
2785 5753 2878 5810 ‘27.
2955 5754 3158 5811 l’Pt'ov.
3203 5771 3316 5822 vni,
3343 5755 3427 5813 22.
