4100 6290
326 341 435 406 631
1243 357 1621 418 PANOPLIA
1665 360 1955 424 DCC-MM

2059 366 2132 426 ῖΛ.
2175 391 2247 402 -
2283 366 2435 429 TIT.
2480 369 2585 428 Xl.
3504 375 3609 437 δαὶ

336 468 504 540 γενὴς
533 469 684 535 Θεός.
738 472 848 527 Καὶ
880 475 987 547 γὰρ
1027 476 1118 529 καὶ
1141 477 1310 545 Λόγος
1347 476 1446 541 ὢν,
1500 479 1634 548 σὰρξ
1663 481 1876 548 ἐγένετο
1903 497 1916 509 ·
1950 523 1955 534 ι

2059 484 2277 530 ternos
2312 480 2488 534 factus
2535 482 2606 534 sit
2651 481 2972 553 [inigenitus
3020 485 3182 538 Deus.
3225 485 3433 542 Etenim
3473 504 3595 542 cum

338 561 438 613 καὶ
466 560 598 624 Θεὸς
625 559 722 626 ὢν,
759 563 1042 635 ἄνθρωπος
1074 566 1290 634 ἐγένετο
1313 585 1326 598 ·
1377 569 1471 622 καὶ
1503 568 1790 638 ἀσώματος
1821 570 1917 636 ὢν,

2059 569 2264 622 ’erbum
2297 572 2387 637 sit,
2420 588 2550 626 caro
2583 573 2760 628 factus
2789 587 2892 640 est,
2917 583 3114 629 etcum
3150 576 3288 634 Deus
3315 581 3406 645 sit,
3436 580 3598 632 homo
3679 615 3690 625 .

340 654 503 724 σῶμα
541 654 796 722 ὲγένετο’
845 658 938 711 καὶ
970 658 1051 712 ἔτι
1097 660 1233 730 πρὸς
1276 661 1486 726 τούτοις
1527 663 1620 715 καὶ
1651 663 1919 733 ἁμαρτία,

2059 669 2202 714 actus
2260 670 2374 727 est;
2424 673 2478 717 et
2547 679 2670 718 cum
2740 665 3097 735 incorporalis
3153 677 3318 732 esset,
3400 685 3599 738 corpus

338 745 439 797 καὶ
471 745 703 815 κατάρα,
741 747 836 800 καὶ
878 747 1052 814 λίθος,
1100 753 1193 804 και¹
1237 752 1414 822 ἀξίνη,
1458 753 1551 806 καὶ
1591 754 1775 824 ἄρτος,
1825 757 1922 809 καὶ

2059 762 2202 808 actus
2234 762 2359 820 est;
2389 766 2550 826 alque
2598 757 2683 811 his
2720 759 2879 812 etiam
2917 759 3148 828 amplius
3197 771 3250 813 et
3293 770 3597 829 peccatum,

337 837 638 908 πρόϐατον,
668 839 760 892 καὶ
783 840 920 904 ὁδὸς.
952 842 1045 896 καὶ
1067 842 1226 914 θύρα,
1275 846 1368 898 καὶ
1401 846 1595 916 πέτρα,
1629 849 1723 901 καὶ
1750 847 1920 902 πολλὰ

2060 847 2079 892 ι
2109 841 2441 904 maledictio,
2469 851 2522 898 et
2553 845 2712 914 lapis,
2743 853 2796 898 et
2826 848 3058 909 securis,
3089 855 3142 901 et
3170 849 3348 916 panis,
3377 857 3430 902 et
3455 850 3594 909 ovis,

337 929 566 984 τοιαῦτα
591 931 826 998 ἐγένετο,
858 933 1009 987 οὐδὲν
1030 935 1234 989 τούτων
1269 939 1336 1007 τῇ
1368 939 1524 1006 φύσει
1553 937 1650 1004 ὢν,
1687 939 1823 993 ἀλλά
1853 939 1920 992 δι’

2060 942 2080 986 ι
2115 933 2221 998 via,
2257 942 2312 988 et
2350 936 2572 1000 ostium.
2613 946 2666 992 et
2697 947 2869 1007 petra.
2910 947 2963 993 et
3007 940 3274 1009 ejusmodi
3311 942 3480 994 multa
3521 943 3601 994 fa-

339 1021 492 1091 ήμᾶς
513 1021 633 1076 κατ’
671 1023 981 1095 οἰκονομίαν
1013 1027 1318 1098 γενόμενος.

2065 1031 2150 1078 tus
2187 1032 2291 1088 est,
2323 1042 2445 1080 cum
2485 1036 2678 1082 natura
2711 1030 2842 1083 nihil
2876 1031 3067 1084 horum
3110 1033 3198 1095 sit,
3257 1031 3348 1086 sed
3383 1040 3601 1102 propter

2032 1127 2132 1167 nos
2180 1130 2277 1184 per
2322 1115 2786 1186 dispensationem
2819 1129 2872 1174 et
2903 1118 3431 1174 administrationem
3475 1123 3601 1174 talis

2029 1207 2286 1260 evaserit.

421 1371 630 1444 Ὠσπερ
658 1369 753 1428 οὖν
785 1375 955 1444 Λόγος
979 1375 1074 1441 ὢν,
1107 1379 1175 1431 δι’
1210 1382 1357 1451 ἡμᾶς
1385 1383 1598 1451 ἐγένετο
1626 1384 1789 1456 σάρξ·
1835 1389 1928 1440 καὶ

346 1464 482 1529 8gb;
513 1464 608 1527 ὢν,
647 1465 930 1538 ἄνθρωπος
969 1470 1216 1536 ἐγένετο·
1268 1472 1411 1527 οὕτω
1439 1477 1531 1530 καὶ
1566 1478 1794 1548 κτίστης
1826 1479 1921 1544 ὢν,

344 1555 416 1608 δι’
441 1558 588 1627 ἡμᾶς
620 1558 823 1628 κτίσμα
847 1560 1082 1628 ἐγένετο,
1107 1565 1296 1635 κτιστὴ
1321 1565 1426 1638 γὰρ
1453 1569 1484 1637 ἡ
1519 1567 1676 1638 σάρξ.
1719 1571 1805 1633 Ὡς
1829 1567 1921 1623 οὖν

347 1643 506 1701 εἶπεν
532 1649 618 1702 διὰ
647 1649 740 1704 τοῦ
771 1655 1070 1724 προφήτου,
1115 1657 1196 1709 ὅτι
1254 1676 1272 1707 ι
1306 1658 1491 1721 Οὕτως
1517 1661 1662 1728 λέγει
1696 1664 1920 1734 Κύριος,

2065 1668 2150 1712 tus
2191 1667 2295 1723 est,
2327 1661 2528 1730 quippe
2575 1676 2698 1713 cum
2735 1676 2861 1714 caro
2896 1677 2982 1715 res
3029 1668 3210 1715 creata
3261 1662 3351 1715 sit.
3399 1659 3603 1726 Quem-

345 1740 382 1791 6
411 1738 621 1804 πλάσας
651 1759 718 1812 με
749 1744 812 1796 ὲκ
853 1745 1058 1810 κοιλίας
1085 1747 1268 1801 δοῦλον
1301 1749 1484 1810 αὑτοῦ,
1518 1772 1534 1803 ι
1577 1751 1748 1816 οὕτως
1777 1753 1927 1808 εἶπεν

2066 1749 2322 1802 dmodum
2376 1751 2539 1818 igitur
2589 1766 2684 1818 per
2718 1751 3034 1819 prophetam
3072 1750 3242 1801 dixit:
3280 1768 3298 1800 ι
3339 1746 3428 1801 Sic
3469 1749 3602 1801 dicit

353 1831 455 1885 καὶ
481 1833 568 1886 διὰ
604 1835 697 1887 τοῦ
733 1836 1184 1907 Σολομῶντος,τὸ
1233 1860 1250 1891 ι
1289 1841 1494 1913 Κύριος
1527 1843 1706 1898 ἔκτισέ
1744 1865 1810 1917 με
1833 1849 1928 1919 ἀρ-

2059 1841 2313 1904 )οιιιίιιιιε,
2332 1841 2423 1910 qui
2445 1840 2696 1894 formavit
2713 1857 2795 1895 me
2811 1857 2872 1895 ex
2894 1848 3081 1894 ventre
3104 1854 3318 1894 servum
3342 1855 3498 1892 suum
3526 1841 3565 1901 ',
3581 1855 3596 1886 ι

344 1924 452 1994 χὴν
477 1925 610 1980 ὁδῶν
639 1926 825 1989 αὐτοῦ,
857 1929 935 1990 εἰς
977 1928 1109 2000 ἔργα
1135 1931 1361 1984 αὑτοῦ.»
1422 1935 1631 1988 Οὐκοῦν
1661 1937 1752 1990 καὶ
1796 1939 1824 1990 6
1871 1942 1928 1992 ὲν

2059 1939 2108 1984 la
2157 1932 2320 1986 etiam
2363 1932 2499 1986 dixit
2533 1932 2664 1986 illud
2709 1949 2804 2001 per
2847 1932 3194 1986 Salomonem
3232 1950 3244 1984 :
3283 1951 3301 1981 ‹
3342 1929 3603 1983 Dominus

345 2016 418 2084 τῇ
447 2013 623 2086 κοιλίᾳ
643 2015 744 2086 τῆς
770 2017 1040 2086 παρθένου
1068 2019 1327 2085 πλασθεὶς
1355 2023 1496 2077 κατὰ
1533 2025 1624 2078 τὸν
1650 2027 1807 2094 λόγον
1832 2029 1925 2082 τού

2066 2021 2237 2074 reavit
2258 2036 2344 2074 me
2364 2022 2692 2091 principium
2719 2021 2927 2074 viarum
2950 2035 3174 2076 suarum
3201 2019 3266 2072 ad
3289 2033 3453 2088 opera
3517 2021 3562 2072 ’.
3580 2037 3598 2067 ι

349 2103 656 2173 προφήτου,
695 2107 722 2158 6
750 2104 932 2169 δοῦλός
959 2108 1126 2173 ἐστιν,
1161 2110 1256 2179 οὐχ
1287 2111 1315 2162 6
1346 2111 1550 2183 Κύριος
1575 2133 1587 2144 ·
1630 2115 1926 2180 τουτέστιν,

2059 2112 2218 2166 lmnis
2257 2113 2401 2167 enim
2537 2121 2784 2167 creatura
2810 2113 2998 2173 servit,
3023 2121 3080 2164 ut
3100 2109 3596 2180 inquitApostolus.

346 2193 382 2243 6
416 2193 558 2246 κατά
601 2195 779 2264 σάρκα
818 2195 1100 2268 ἄνθρωπος
1154 2201 1212 2252 ὲν
1257 2193 1302 2268 ᾧ
1348 2205 1376 2256 6
1415 2203 1547 2267 Θεὸς
1587 2207 1924 2278 ἐφανερώθη.

2059 2205 2266 2258 ’roinde
2315 2213 2370 2258 et
2419 2203 2465 2258 is
2498 2204 2588 2273 qui
2635 2204 2908 2266 in,ventre
2934 2203 3160 2270 virginis
3199 2202 3465 2254 formatus
3495 2207 3600 2260 est,

349 2283 447 2336 καὶ
472 2285 703 2339 ἐνταῦθα
744 2288 772 2339 6
812 2288 1052 2354 κτισθεὶς
1090 2294 1170 2355 εἰς
1204 2294 1376 2364 ἀρχὴν
1402 2295 1533 2348 ὁδῶν
1565 2298 1750 2361 αὑτοῦ,
1779 2301 1875 2369 οὐχ
1901 2301 1928 2352 6

2060 2294 2329 2348 ecundum
2377 2293 2601 2347 verbum
2637 2292 2941 2362 prophetar,
2985 2306 3172 2344 servus
3210 2297 3315 2353 est,
3353 2303 3458 2342 non
3501 2286 3604 2341 Do-

349 2375 490 2439 Θεός
519 2378 684 2440 ἐστιν,
719 2379 834 2432 ἀλλ’
859 2383 888 2434 6
912 2381 1198 2452 ἄνθρωπος
1224 2403 1238 2416 ε
1275 2388 1332 2438 ἐν
1360 2379 1403 2454 ᾧ
1433 2389 1564 2457 ἡμῖν
1592 2391 1619 2440 6
1649 2391 1778 2453 Θεὸς
1800 2394 1928 2459 ἐφα-

2059 2387 2213 2440 ninns
2257 2404 2270 2439 :
2309 2385 2410 2438 hoc
2465 2392 2568 2444 est,
2621 2383 2665 2438 is
2710 2383 2801 2452 qui
2843 2382 3142 2436 secundum
3185 2395 3403 2434 carnem
3443 2379 3603 2432 honm

352 2465 593 2538 νερώθη,
622 2469 714 2523 ἐπὶ
737 2471 798 2523 τὸ
838 2472 935 2542 τὴν
970 2474 1410 2543 καταφθαρεῖσαν
1449 2477 1567 2530 ὁδὸν
1597 2479 1694 2548 τῆς
1719 2480 1930 2544 ἀνθρω-

2059 2488 2139 2542 ει,
2176 2479 2228 2531 in
2264 2495 2372 2547 quo
2410 2476 2551 2532 Deus
2581 2479 2958 2531 manifestatus
3015 2482 3119 2536 est,
3163 2484 3216 2525 et
3261 2473 3328 2534 is,
3371 2471 3463 2540 qui
3497 2469 3606 2523 illic

351 2555 525 2626 πίνης
573 2561 842 2630 σωτηρίας
876 2563 1037 2618 πάλιν
1075 2563 1502 2619 ἀνανεώσασθαι.
1559 2567 1718 2619 Ὥστε
1747 2566 1933 2638 ἐπειδὴ

2059 2579 2253 2625 :reatus
2293 2578 2377 2624 est
2419 2569 2475 2623 in
2517 2569 2838 2638 principium
2885 2569 3091 2620 viarum
3125 2566 3274 2634 ejus.
3316 2580 3424 2616 non
3463 2561 3607 2615 Deus

353 2643 455 2696 δύο
491 2649 617 2716 περὶ
652 2649 745 2702 τοῦ
787 2650 1023 2721 Χριστοῦ
1055 2651 1418 2722 γινώσκομεν,
1449 2652 1509 2705 τὸ
1560 2652 1659 2724 μὲν
1693 2651 1857 2710 θεῖον,
1883 2661 1942 2699 το

2059 2662 2137 2710 εει,
2167 2653 2260 2703 sed
2289 2650 2453 2706 homo
2484 2669 2497 2706 :
2532 2651 2588 2705 in
2609 2666 2716 2720 quo
2743 2652 2899 2706 nobis
2931 2651 3070 2705 lleus
3103 2650 3482 2704 manifestatus
3506 2659 3610 2712 est,

351 2739 416 2793 δὲ
450 2740 789 2811 ἀνθρώπινον
810 2784 824 2808 ,
875 2745 932 2795 ἐν
967 2743 1065 2814 μὲν
1093 2746 1160 2815 τῇ
1201 2744 1361 2814 φύσει
1389 2744 1450 2798 τὸ
1481 2743 1644 2806 θεῖον,
1680 2745 1737 2797 ἐν
1783 2741 1841 2794 δὲ
1875 2745 1940 2812 τῇ

2059 2747 2096 2794 ιι
2133 2748 2389 2810 corrupta
2420 2757 2484 2796 ac
2526 2741 2848 2796 labefactata
2887 2742 2968 2795 via
3001 2741 3196 2795 salutis
3237 2741 3489 2795 humanae
3518 2741 3617 2794 ite-

355 2831 640 2902 οἰκονομίᾳ
655 2831 716 2885 τὸ
736 2833 876 2887 κατά
912 2833 1216 2904 ἄνθρωπον,
1236 2836 1543 2902 ἀκολούθως
1573 2837 1633 2890 τὸ
1660 2836 1756 2907 μὲν
1777 2837 1944 2889 ἀΐδιον

2059 2846 2161 2885 ἰιιιι
2225 2840 2597 2886 renovaretur.
2653 2831 2838 2900 itaque
2888 2831 3148 2900 quoniam
3213 2846 3302 2885 res
3364 2831 3502 2884 duas
3550 2829 3618 2882 de

359 2923 432 2990 τῇ
461 2919 676 2993 θεότητι
710 2923 1262 2996 προσμαρτυροῦμεν,
1297 2926 1358 2978 τὸ
1397 2926 1452 2979 δὲ
1503 2925 1720 2996 κτιστδῠν
1759 2929 1823 2995 τῇ
1852 2926 1944 2977 ἀν-

2059 2923 2260 2980 Jhristo
2291 2925 2586 2979 statuimus
2616 2931 2670 2979 et
2701 2923 2990 2987 sentimus,
3032 2939 3198 2977 unum
3236 2922 3456 2991 quidem
3478 2922 3618 2974 divi-

366 3009 613 3084 θρωπίνῃ
643 3011 975 3084 λογιζόμεθα
1012 3013 1191 3082 φύσει.
1247 3015 1334 3077 Ὠς
1365 3013 1474 3086 γὰρ
1505 3015 1646 3066 κατά
1672 3013 1766 3066 τὸν
1810 3029 1943 3082 προς

2063 3031 2194 3079 ium,
2249 3017 2478 3069 alterum
2519 3030 2646 3069 vero
2688 3015 3012 3081 lnnnanum,
3055 3014 3108 3068 in
3151 3023 3345 3068 natura
3399 3013 3615 3083 quidem

365 3103 544 3173 φήτην
577 3104 635 3156 ἐν
662 3107 728 3174 τῇ
763 3104 939 3177 κοιλίᾳ
968 3105 1210 3176 ἐπλάσθη
1240 3105 1442 3169 δοῦλος,
1485 3104 1657 3168 οὓτως
1687 3104 1781 3157 καὶ
1803 3101 1948 3156 κατὰ

2059 3108 2312 3171 1ἰνὶιιιιιιι,
2365 3109 2420 3161 in
2463 3108 2944 3163 administratione
2997 3123 3060 3164 ac
3110 3107 3520 3178 dispensatione
3563 3107 3616 3160 id

361 3194 459 3246 τὸν
485 3193 826 3265 Σολομῶντσ,
859 3197 945 3250 διὰ
973 3198 1070 3267 τῆς
1111 3197 1363 3267 δουλικῆς
1402 3196 1607 3265 ταύτης
1633 3195 1860 3259 κτίσεως
1888 3198 1945 3248 ὲν

2059 3199 2190 3268 ιιιοά
2221 3198 2520 3253 secundum
2557 3199 2829 3253 hominem
2863 3207 2946 3255 est
2981 3217 2995 3256 :
3033 3207 3436 3268 consequenter
3471 3214 3617 3256 seni-

363 3286 535 3355 σαρκὶ
562 3285 897 3356 ἐφανερώθη.
935 3287 1101 3340 Ὅταν
1123 3287 1179 3340 δὲ
1204 3286 1433 3355 λέγωσιν
1459 3303 1472 3320 ·
1500 3286 1561 3338 Ei
1584 3281 1780 3356 ἦν,οὐκ
1805 3286 1947 3351 ὲγεν-

2059 3293 2316 3361 piternum
2351 3291 2536 3345 deitati
2562 3299 2906 3353 attestamur,
2946 3298 3187 3344 creatum
3211 3304 3340 3343 vero
3373 3290 3622 3344 humana:

2102 1383 2568 1448 Quemadmodum
2613 1385 2777 1455 igitur
2810 1401 2931 1438 cum
2983 1385 3218 1439 Verbum
3255 1386 3344 1442 sit.
3380 1393 3603 1454 prop!”

2032 1489 2131 1530 nos
2165 1490 2294 1529 caro
2327 1476 2500 1531 factus
2534 1485 2644 1539 est;
2679 1487 2730 1530 et
2763 1479 2903 1531 Dens
2935 1493 3056 1530 cum
3097 1479 3185 1540 sit,
3221 1479 3381 1531 homo
3425 1477 3601 1530 laetus

2031 1574 2114 1619 εει
2155 1583 2166 1618 :
2209 1568 2276 1619 ita
2301 1574 2516 1620 creator
2543 1583 2663 1620 cum
2697 1568 2787 1629 sit,
2831 1576 3046 1637 propter
3090 1583 3190 1621 nos
3236 1575 3483 1622 creatura
3519 1568 3601 1618 fa-

362 3375 506 3445 νήθη
535 3391 548 3405 ·
601 3374 716 3442 καὶ,
767 3376 829 3428 Εἰ
857 3375 1141 3448 ἐγεννήθη,
1173 3376 1272 3429 οὐκ
1311 3371 1400 3445 ἦν,
1433 3373 1835 3445 διδαχθήτωσαν
1867 3373 1949 3427 ὅτι

363 3465 563 3538 ούρχρὴ
590 3466 659 3519 τά
684 3465 786 3537 τῆς
811 3468 1076 3538 σαρκικῆς
1093 3468 1400 3537 γεννήσεως
1425 3465 1690 3537 ἰδιώματα
1707 3465 1951 3537 ἐφαρμό-

368 3559 488 3623 ζειν
520 3561 585 3630 τῇ
624 3558 744 3628 θείᾳ.
779 3557 958 3628 φύσει.
1023 3557 1258 3629 Σώματα
1293 3559 1392 3630 μὲν
1430 3558 1541 3630 γὰρ
1574 3559 1649 3629 μὴ
1677 3557 1806 3612 ὄντα
1831 3575 1953 3626 γεν-

369 3653 534 3705 νᾶται
562 3668 575 3680 ·
614 3652 643 3704 6
667 3652 722 3705 δὲ
749 3651 882 3715 Θεὸς
913 3651 980 3705 τὰ
1008 3654 1082 3723 μὴ
1113 3651 1240 3706 ὄντα
1270 3647 1410 3705 εἶναι
1443 3653 1585 3705 ποιεῖ
1610 3669 1624 3684 ’
1666 3652 1765 3704 οὐκ
1793 3649 1953 3712 αὐτὸς

370 3729 441 3796 ἐκ
474 3744 568 3796 τοῦ
606 3744 680 3816 μὴ
703 3743 856 3808 ὄντος
880 3745 1111 3813 γίνεται.
1161 3745 1253 3796 Διὸ
1275 3745 1370 3797 καὶ
1401 3745 1428 3797 6
1459 3742 1673 3806 Παῦλος
1703 3742 1954 3810 ἀπαύγα-

373 3851 489 3904 σμα
510 3835 666 3905 δόξης
691 3836 853 3888 αὑτὸν
873 3835 1147 3906 ὀνομάζει,
1173 3835 1260 3888 ἵνα
1279 3835 1635 3907 διδαχθῶμεν,
1661 3836 1744 3889 ὅτι
1767 3835 1914 3888 ὥσπε
1923 3851 1955 3904 ρ

371 3925 439 3978 τὸ
477 3928 540 3979 ὲκ
569 3925 660 3978 τοῦ
687 3926 881 3996 λύχνου
914 3926 1150 3998 φῶςδκαὶ
1205 3928 1271 3980 ὲκ
1300 3929 1398 3998 τῆς
1433 3925 1646 3996 φύσεώς
1691 3926 1809 3979 ἐστι
1859 3924 1954 3977 τοῦ

371 4015 803 4083 ἁπαυγάζοντος,
835 4018 930 4090 καὶ
961 4019 1078 4088 μετ’
1114 4016 1321 4070 ἐκείνου
1349 4018 1499 4073 ἐστὶν
1540 4015 1696 4088 (ὁμοῦ
1748 4033 1809 4069 τε
1849 4015 1956 4086 γὰρ

371 4107 609 4178 ἐξεφάνη
641 4109 670 4161 6
693 4107 902 4179 λύχνος,
931 4109 1025 4161 καὶ
1055 4108 1114 4161 τὸ
1138 4107 1252 4178 φῶς
1280 4108 1340 4161 τὸ
1364 4107 1422 4175 ἐξ
1446 4107 1611 4160 αὑτοῦ
1632 4106 1958 4177 συνεξέλαμο

371 4198 522 4268 ψεν),
555 4199 694 4253 οὕτω
723 4200 932 4253 κελεύει
968 4199 1062 4254 καὶ
1108 4199 1341 4253 ἐνταῦθα
1372 4200 1512 4251 νοεῖν
1553 4200 1580 4250 ὁ
1613 4199 1956 4260 Ἀπόστολος,

373 4293 458 4344 ὅτι
482 4293 575 4345 καὶ
596 4294 658 4346 ὲκ
685 4291 1006 4363 τοῦπατρὸς
1033 4293 1060 4344 6
1086 4291 1231 4356 Υἱὸς,
1263 4293 1353 4345 καὶ
1381 4291 1633 4344 οὐδέποτε
1667 4292 1834 4361 χωρὶς
1865 4289 1958 4342 τοῦ

377 4383 515 4438 Υἱοῦ
565 4386 592 4437 6
632 4385 857 4456 Πατήρ·
913 4385 1013 4436 οὐκ
1063 4383 1298 4454 ἐγχωρεῖ
1349 4383 1455 4454 γὰρ
1521 4383 1747 4452 ἀλαμπῆ
1797 4377 1936 4434 εἶναι

376 4476 482 4546 τὴν
529 4474 725 4540 δόξαν,
798 4475 874 4538 ὡς
926 4475 1026 4526 οὐκ
1065 4475 1300 4544 ἐγχωρεῖ
1353 4475 1479 4527 ἄνευ
1536 4472 1962 4540 ἁπαυγὰσματος

2046 3390 2254 3436 natura:
2301 3383 2663 3451 assignamus.
2712 3381 3180 3448 Quemadmodum
3230 3380 3375 3436 enim
3428 3396 3626 3434 secun-

2047 3473 2175 3527 dum
2208 3473 2528 3543 prophetam
2567 3473 2622 3526 in
2671 3482 2861 3527 ventre
2893 3472 3162 3526 formatus
3183 3479 3270 3526 est
3304 3487 3516 3532 servus,
3551 3473 3626 3524 ita

2049 3565 2212 3619 etiam
2251 3563 2552 3618 secundum
2598 3561 2972 3626 Salomonem,
3024 3579 3118 3633 per
3167 3564 3310 3618 hanc
3373 3563 3626 3617 servilem

2056 3663 2366 3711 creaturam
2408 3655 2463 3708 in
2510 3670 2677 3709 carne
2724 3655 3109 3710 rnanil‘eslatus
3152 3666 3254 3710 est.
3292 3653 3462 3710 Porro
3503 3671 3628 3708 cum

2050 3747 2240 3800 dicunt
2271 3764 2283 3800 :
2314 3746 2370 3800 Si
2400 3759 2536 3810 erat,
2572 3763 2681 3801 non
2712 3755 2796 3802 est
2841 3747 3098 3816 genitus;
3123 3753 3197 3809 et,
3240 3745 3296 3800 Si
3330 3756 3491 3799 natus
3525 3754 3629 3811 est,

2054 3853 2164 3891 non
2199 3847 2317 3891 erat
2363 3856 2376 3894 :
2422 3838 2727 3892 doceantur
2761 3837 2906 3908 quod
2948 3853 3057 3890 non
3101 3845 3347 3906 Oporteat
3395 3837 3632 3890 carnalis

2055 3929 2364 3983 nativitatis
2413 3929 2778 3998 proprietates
2830 3928 3248 3984 accommodare
3293 3928 3491 3981 divitue
3530 3943 3632 3979 na-

2055 4027 2212 4072 turae.
2268 4016 2402 4071 Nam
2459 4033 2692 4088 corpora
2741 4018 2962 4089 quidem
3015 4033 3138 4088 qua!
3173 4033 3280 4070 non
3313 4025 3490 4079 erant,
3543 4016 3629 4085 gi-

2058 4115 2304 4179 gnuntur
2343 4127 2356 4163 :
2391 4108 2537 4165 Deus
2571 4116 2752 4163 autem
2789 4107 2950 4162 eﬂicit
2986 4118 3043 4163 ut
3085 4123 3148 4163 ea
3186 4124 3308 4178 qua:
3347 4124 3456 4161 non
3507 4117 3636 4162 sunt

2059 4203 2332 4258 exsistant
2369 4220 2381 4254 :
2412 4217 2522 4256 non
2557 4202 2676 4272 ipse
2720 4217 2784 4256 ex
2809 4216 2874 4256 eo
2909 4201 3054 4270 quod
3103 4217 3210 4254 non
3257 4207 3342 4255 est
3396 4200 3633 4254 exsistit.

2062 4295 2268 4349 Idcirco
2326 4292 2530 4349 Paulus
2587 4308 2803 4363 quoque
2860 4309 2983 4347 eum
3044 4293 3392 4362 splendorem
3449 4291 3638 4362 gloria:

2063 4390 2306 4443 nominat
2326 4383 2368 4451 ³,
2420 4395 2478 4440 ιιι
2536 4387 2852 4449 doceamur,
2885 4385 3030 4454 quod
3071 4386 3211 4440 sicut
3237 4385 3417 4437 lumen
3455 4383 3520 4436 de
3558 4383 3639 4436 lu—

2062 4495 2224 4534 cerna
2258 4486 2312 4533 et
2345 4494 2409 4534 ex
2444 4486 2640 4532 natura
2678 4478 2857 4531 lumen
2898 4476 3114 4531 edentis
3156 4486 3258 4541 est,
3292 4484 3344 4528 et
3377 4491 3482 4527 una
3515 4482 3638 4527 cu;n

379 4564 521 4622 εἶναι
545 4567 636 4620 τὸν
657 4566 868 4638 λύχνον.
901 4566 1071 4635 Δῆλον
1107 4566 1162 4617 δὲ
1195 4559 1276 4619 ὅτι
1298 4564 1488 4635 ὥσπερ
1521 4564 1581 4616 τὸ
1607 4559 1744 4616 εἶναι
1777 4563 1955 4616 ἀπαύ-

2066 4569 2156 4622 illa
2197 4575 2278 4622 est
2313 4568 2500 4638 (simul
2531 4566 2677 4621 enim
2718 4574 2882 4635 atque
2911 4566 3138 4620 emicuit
3173 4566 3420 4626 lucerna,
3459 4564 3641 4616 lumen

379 4677 574 4730 γασμα
610 4658 884 4730 μαρτυρία
913 4658 1030 4711 ἐστὶ
1066 4657 1160 4710 τοῦ
1200 4655 1341 4710 κατά
1379 4659 1477 4727 τὴν
1506 4655 1660 4720 δόξαν
1688 4651 1824 4708 εἶναι
1852 4655 1961 4726 (μὴ

382 4750 497 4820 γὰρ
525 4747 690 4818 ούσης
711 4749 815 4818 τῆς
847 4747 1004 4817 δόξης
1033 4747 1131 4798 ούκ
1161 4744 1225 4798 ἂν
1260 4744 1344 4816 εἴη
1375 4745 1434 4797 τὸ
1461 4747 1524 4798 ὲκ
1552 4744 1756 4812 ταύτης
1784 4745 1930 4796 ἀπαυ
1949 4773 1960 4782 -

382 4838 728 4910 γαξόμενον),
757 4839 926 4902 οὓτως
957 4840 1016 4891 τὸ
1041 4838 1224 4907 λέγειν
1253 4838 1327 4908 μὴ
1353 4834 1489 4891 εἶναί
1521 4855 1578 4890 τε
1601 4837 1962 4907 ἀπαύγασμα,

385 4931 660 4998 ἀπόδειξίς
689 4934 805 4984 ἐστι
843 4931 936 4983 τοῦ
976 4916 1120 5001 tur-.61.:-
1138 4930 1234 5001 τὴν
1264 4925 1615 4996 δόξανςεῖναι,
1648 4929 1734 4981 ὅτε
1769 4930 1869 4981 ούκ
1901 4923 1966 5000 ἦν

383 5025 450 5077 τὸ
481 5023 819 5093 ἀπαύγασμα
845 5039 858 5053 ο
909 5023 1006 5093 τὴν
1033 5025 1141 5093 γὰρ
1167 5024 1322 5089 δόξαν
1366 5023 1493 5076 ἄνευ
1537 5023 1968 5092 ἀπαυγάσματος

387 5109 532 5169 εἶναι
559 5116 860 5184 ἀμήχανον.
889 5117 1099 5185 ’Ὠσπερ
1136 5111 1227 5168 οὖν
1256 5115 1354 5168 οὐκ
1379 5114 1525 5168 ἔστιν
1553 5114 1643 5167 ἐπὶ
1670 5113 1762 5165 τοῦ
1795 5113 1969 5166 ἀπαυ-

388 5209 673 5278 γάσματος
703 5207 881 5276 λέγειν
907 5210 1008 5272 ὅτι,
1031 5209 1091 5262 Ei
1118 5205 1305 5280 ἧκ’,οὐκ
1335 5210 1570 5277 ἐγένετο,
1607 5209 1719 5272 καὶ,
1752 5209 1815 5262 Et
1855 5209 1972 5276 ὲγέυ

387 5299 744 5374 νετο,ούκῆν,
776 5303 946 5366 οὕτως
977 5301 1204 5372 μάταιόν
1229 5306 1342 5355 ἐστι
1373 5303 1611 5375 περὶτοῦ
1642 5303 1774 5358 Υἱοῦ
1801 5303 1976 5356 ταῦτα

389 5394 595 5461 λέγειν.
623 5395 758 5447 διότι
787 5396 815 5447 6
844 5395 974 5460 Υἱός
1007 5398 1122 5449 ἐστι
1154 5395 1214 5447 τὸ
1236 5397 1592 5464 ἀπαύγασμα.

2065 4675 2284 4732 quoque
2333 4659 2479 4730 quod
2514 4659 2580 4712 ab
2614 4673 2675 4712 ea
2717 4657 2934 4711 exsistit
2991 4657 3194 4726 pariter
3245 4653 3510 4722 cll'ulgct),
3570 4653 3643 4706 ita

2069 4757 2156 4809 hic
2186 4769 2404 4824 quoque
2434 4753 2591 4821 jubet
2625 4751 2921 4820 Apostolus
2964 4749 3268 4815 intelligere
3302 4750 3448 4816 quod
3496 4754 3549 4800 et
3577 4762 3644 4799 ex

2071 4845 2227 4900 Patre
2257 4849 2329 4901 sit
2355 4844 2546 4906 Filius,
2572 4851 2624 4897 et
2648 4843 2857 4910 absque
2881 4840 3019 4893 Filio
3045 4853 3320 4907 nunquam
3355 4840 3426 4892 sit
3451 4836 3644 4891 Pater:

2073 4955 2192 4992 nam
2217 4939 2331 4993 fieri
2361 4953 2466 4990 non
2496 4943 2695 5006 potest,
2722 4942 2779 4987 ut
2803 4931 2974 5001 gloria
3005 4931 3076 4984 sit
3099 4931 3307 4998 absque
3334 4929 3647 4998 splendore,

2073 5029 2531 5102 quemadmodum
2583 5025 2698 5080 ﬁeri
2748 5039 2856 5078 non
2893 5033 3090 5092 potest,
3132 5029 3189 5076 ut
3223 5023 3430 5092 alisque
3468 5021 3652 5109 Spll'll-
3695 5021 3700 5028 '

2075 5123 2206 5178 dore
2237 5121 2461 5173 lucerna
2490 5117 2579 5171 sit.
2617 5113 2962 5168 Manifestum
2987 5122 3071 5168 est
3102 5121 3282 5169 autem
3309 5113 3453 5183 quod
3489 5113 3653 5167 sicuti

2077 5211 2426 5283 splendorem
2483 5221 2628 5270 esse,
2682 5191 3058 5259 testimonium
3109 5213 3194 5259 est
3228 5206 3349 5270 ejus
3401 5204 3544 5272 quod
3602 5204 3654 5255 in

2079 5304 2250 5376 gloria
2288 5309 2373 5357 est
2401 5301 2468 5370 (si
2495 5299 2639 5354 enim
2676 5312 2784 5352 non
2817 5297 2887 5353 sit
2916 5298 3110 5368 gloria,
3146 5312 3252 5349 non
3286 5295 3449 5348 fuerit
3491 5294 3536 5347 is
3565 5295 3656 5362 qui

2082 5400 2149 5452 ab
2185 5398 2287 5451 hac
2321 5394 2502 5449 editur
2558 5393 2860 5464 splendor),
2913 5395 2984 5446 ita
3039 5391 3083 5447 si
3138 5389 3263 5458 quis
3309 5389 3452 5442 dicat
3509 5387 3653 5454 quod

395 5497 678 5551 nunquam
725 5487 845 5536 erat
895 5479 1173 5551 splendor,
1211 5480 1554 5536 demonstrat
1601 5485 1747 5552 quod
1831 5500 2010 5554 neque
2047 5487 2219 5556 gloria
2290 5495 2455 5549 esset,
2510 5499 2634 5538 eum
2688 5499 2796 5537 non
2839 5490 2986 5537 esset
3023 5480 3312 5551 splendor;
3354 5479 3470 5533 ﬁeri
3514 5479 3658 5533 enim

396 5594 508 5633 non
551 5585 749 5647 potest,
803 5585 860 5629 ut
919 5575 1090 5647 gloria
1148 5576 1221 5630 sit
1280 5576 1488 5646 absque
1531 5577 1842 5645 splendore.
1909 5578 1978 5634 Ut
2019 5581 2186 5650 igitur
2253 5580 2320 5635 de
2385 5577 2678 5649 Splendore
2709 5577 2816 5631 dici
2863 5593 2969 5630 non
3023 5582 3205 5646 potest
3240 5595 3253 5630 :
3287 5577 3343 5630 Si
3376 5581 3515 5639 erat,
3551 5590 3662 5628 non

396 5674 582 5729 editus
614 5680 719 5737 est,
753 5680 826 5740 et,
852 5672 908 5727 Si
955 5662 1138 5728 editus
1173 5680 1280 5736 est,
1311 5685 1418 5724 non
1452 5680 1605 5742 erat;
1647 5672 1720 5726 ita
1755 5688 1953 5728 vanum
1984 5683 2038 5731 et
2077 5675 2375 5732 absurdum
2426 5682 2509 5729 est
2557 5671 2670 5726 lucc
2715 5670 2782 5726 de
2842 5669 2982 5726 Filio
3029 5670 3232 5735 dicere,
3287 5669 3490 5741 quippe
3538 5682 3664 5722 cum

400 5762 574 5820 Filius
598 5766 667 5819 sit
701 5766 976 5834 splendor.

493 5874 509 5908 ⁸
543 5872 649 5933 isa.
677 5891 823 5944 χιιι,
853 5877 904 5934 5.
985 5880 1004 5909 ²
1029 5873 1187 5932 Prov.
1220 5887 1340 5946 vni,
1371 5875 1458 5935 9.2.
1538 5875 1558 5907 ³
1587 5873 1751 5934 llebr.
1785 5892 1826 5948 ι,
1855 5879 1908 5936 3.
