4026 6290
556 352 664 418 603

547 571 760 633 dicunt,
792 569 1010 623 discant
1035 582 1064 621 ιι
1105 567 1273 620 Paulo
1304 583 1372 621 ne
1404 567 1702 622 metiantur
1736 583 1796 622 ea
1826 585 1946 637 qum
1974 585 2132 622 nemo

547 670 725 730 potest
766 662 944 715 metiri
989 662 1005 690 ί
1050 678 1064 726 ;
1099 675 1220 712 nam
1265 659 1562 728 Apostolus
1601 659 1796 713 Filium
1847 661 1983 714 dicit
2021 662 2122 714 eili-

549 756 685 823 gicm
718 769 841 809 esse
872 752 1048 806 Patris
1073 752 1412 805 substantize.
1437 751 1663 806 Planum
1694 753 1960 823 estigitur
1990 754 2132 824 quod

547 851 757 911 quanta
810 842 973 894 fuerit
1015 842 1328 896 substantia
1371 841 1568 904 Patris,
1635 849 1788 896 tanta
1844 849 1929 897 est
1968 845 2132 897 etiam

547 935 761 1004 efﬁgies
802 933 1169 988 substantia):
1211 933 1324 987 ﬁeri
1361 935 1506 986 enim
1553 949 1660 987 non
1697 941 1900 1003 potest,
1940 943 2000 987 ut
2031 935 2132 1000 mj-

547 1042 650 1080 nor
677 1028 748 1080 sit
786 1026 994 1096 efﬁgies
1041 1043 1203 1096 quam
1242 1027 1551 1082 substantia
1583 1045 1705 1097 qum
1735 1044 1830 1097 per
1857 1043 1976 1082 eam
2002 1043 2135 1083 con-

551 1117 842 1172 sideratur.
867 1117 1011 1182 Quin
1035 1118 1198 1170 etiam
1231 1133 1463 1187 magnus
1483 1115 1723 1172 Joannes
1755 1118 1944 1172 eadem
1975 1119 2134 1172 docet

547 1225 672 1262 eum
705 1209 862 1272 dicit,
901 1228 918 1259 ι
959 1209 1016 1262 ln
1056 1209 1330 1280 principio
1361 1219 1477 1264 erat
1511 1209 1772 1275 Verbum,
1803 1218 1858 1265 et
1891 1207 2133 1266 Verbum

549 1312 668 1355 erat
723 1300 865 1370 apud
920 1302 1086 1354 Deum
1145 1304 1185 1355 '.
1229 1320 1247 1352 ι
1299 1303 1374 1354 Ex
1411 1317 1476 1354 eo
1513 1318 1747 1371 namque
1785 1303 1930 1370 quod
1974 1301 2130 1364 dixit,

549 1391 696 1462 quod
747 1392 801 1445 in
849 1392 1121 1460 principio
1159 1399 1298 1453 erat,
1351 1403 1400 1445 et
1449 1409 1553 1445 non
1611 1401 1731 1461 post
1779 1393 2132 1462 principium,

551 1485 791 1540 ostendit
842 1485 986 1554 quod
1018 1501 1295 1554 nunquam
1327 1485 1534 1554 absque
1582 1485 1757 1540 Verbo
1807 1485 2133 1555 principium

551 1588 691 1632 erat.
756 1576 835 1630 Ex
879 1592 946 1632 eo
1002 1594 1131 1631 vero
1170 1579 1313 1646 quod
1383 1580 1651 1641 ostendit,
1705 1579 1848 1648 quod
1901 1577 2134 1631 Verbum

555 1669 720 1721 etiam
754 1676 869 1722 erat
902 1669 1040 1737 apud
1068 1666 1254 1731 Deum,
1288 1666 1618 1735 signiﬁcavit
1647 1666 1793 1734 quod
1821 1664 1952 1717 nihil
1995 1663 2136 1716 desit

1798 350 2108 411 EUTHYM
2126 351 2180 409 II
2238 352 2596 412 ZlG.\BENI

617 479 890 534 Caeterum
933 477 1024 547 qui
1056 477 1239 532 minus
1273 485 1327 530 et
1365 474 1542 545 majus
1583 476 1649 530 de
1697 476 1838 531 Filio
1873 487 1926 532 et
1973 477 2130 532 Patre
2165 485 2202 534 Α

2211 883 2214 886 -
2236 847 2403 918 Δῆλον
2431 841 2523 900 οὖν
2552 847 2632 899 ὅτι

3689 348 3780 410 6οῑ

2301 479 2362 530 et
2385 477 2437 529 δὲ
2472 477 2533 528 τὸ
2556 476 2876 546 μικρότερον
2909 475 3004 528 καὶ
3036 475 3095 528 τὸ
3123 475 3308 545 μεῖζον
3331 473 3420 527 ἐπὶ
3449 474 3540 529 τοῦ
3563 471 3681 530 Υξοὺ
3700 482 3780 532 καὶ

2232 568 2326 622 τοῦ
2356 569 2568 638 Πατρὸς
2594 567 2864 636 λέγοντες,
2899 567 3308 638 διδαχθήτωσαν
3351 567 3500 636 παρά
3543 568 3632 621 τοῦ
3657 570 3784 624 Παύ-

2232 662 2324 714 λου
2359 661 2432 731 μὴ
2462 663 2680 731 μετρεῖν
2711 662 2776 713 τὰ
2803 661 3088 731 ἁμέτρητα
3108 677 3122 690 ·
3169 662 3197 712 6
3227 661 3335 732 γὰρ
3375 661 3682 726 ’Λπόστολος
3709 663 3786 716 τὸν

2235 756 2362 808 Υἰὸν
2393 753 2721 824 χαρακτῆρα
2747 753 2896 820 λέγει
2943 752 3040 822 τῆς
3068 751 3163 804 τοῦ
3194 752 3405 821 Πατρδς
3445 752 3786 818 ὑποστάσεως.

2761 846 2860 915 ὅση
2889 845 2956 898 ἂν
2983 846 3018 914 ἡ
3050 845 3344 907 ὑπόστασις
3453 844 3544 896 τοῦ
3580 845 3790 917 Πατρὶς,

2240 935 2493 998 τοσοῦτος
2521 937 2612 989 καὶ
2635 937 2664 988 6
2689 937 2974 1006 χαρακτήρ
2991 937 3104 988 ἐστι
3125 935 3221 1005 τῆς
3240 935 3604 999 ὑποστάσεως·
3626 937 3683 988 οὑ
3701 937 3794 1009 γὰρ

2242 1029 2514 1098 ἐνδέχεται
2549 1023 2686 1080 εἶναι
2723 1028 3045 1099 μικρότερον
3072 1027 3177 1082 τὸν
3216 1029 3539 1098 χαρακτῆρα
3569 1029 3663 1098 τῆς
3684 1028 3796 1081 θεω-

2244 1120 2512 1190 ρουμένης
2545 1119 2601 1170 ἐν
2629 1117 2778 1189 αὑτῷ
2808 1118 3176 1180 ὑποστάσεως.
3241 1116 3406 1169 Ἀλλά
3447 1118 3537 1169 καὶ
3581 1120 3608 1170 6
3647 1118 3796 1187 μέγας

2255 1210 2505 1279 Ἰωάννης
2555 1209 2728 1262 ταῦτα
2781 1207 3020 1261 διδάσκει
3076 1208 3271 1274 λέγων,
3343 1224 3361 1256 ι
3398 1206 3486 1258 Ἐν
3514 1207 3646 1276 ἀρχῇ
3674 1202 3735 1276 ἦν
3773 1209 3797 1259 ό

2243 1303 2436 1369 Λόγος,
2470 1301 2564 1354 καὶ
2596 1304 2624 1353 6
2654 1299 2824 1368 Λόγος
2849 1295 2916 1370 ἦν
2953 1299 3088 1370 πρὸς
3120 1298 3210 1352 τὸν
3235 1297 3389 1351 Θεόν.
3423 1316 3441 1348 ι
3481 1298 3571 1350 Ἐκ
3595 1299 3694 1368 γὰρ
3717 1297 3798 1350 τοῦ

2243 1395 2437 1455 εἰπεῖν,
2469 1393 2552 1444 ὅτι
2589 1411 2605 1442 ι
2635 1394 2691 1444 ὲν
2733 1393 2872 1463 ἀρχῇ
2902 1383 3029 1462 ἦν,»
3079 1389 3170 1444 καὶ
3202 1389 3263 1444 οὐ
3318 1389 3459 1461 μετά
3497 1391 3589 1459 τὴν
3624 1391 3797 1458 ἀρχὴν.

2243 1485 2442 1549 ἔδειξεν
2482 1485 2562 1537 ὅτι
2604 1485 2862 1537 οὑδέποτε
2911 1483 3100 1551 ἄλογος
3141 1478 3273 1555 ἦνή
3320 1484 3484 1554 ἀρχή.
3530 1483 3619 1535 Ἐκ
3645 1483 3695 1534 δὲ
3719 1483 3798 1536 τοῦ

2244 1576 2520 1640 ἀποδεῖξαι
2541 1577 2623 1628 ὅτι
2654 1577 2747 1629 καὶ
2775 1578 2802 1628 6
2827 1576 2997 1643 Λόγος
3021 1571 3088 1644 ἦν
3115 1575 3250 1644 πρὸς
3284 1576 3376 1628 τὸν
3403 1576 3554 1634 Θεὸν,
3582 1575 3638 1626 τὸ
3669 1572 3802 1625 ἀνελ·

2258 1662 2409 1726 λιπες
2453 1662 2546 1714 τοῦ
2578 1662 2708 1714 Υἱοῦ
2747 1659 2823 1725 ὡς
2849 1660 2984 1731 πρὸς
3018 1662 3108 1711 τὸν
3141 1659 3357 1728 Πατέρα
3391 1659 3674 1730 ἐσήμανεν,
3714 1661 3803 1731 ὅλῳ

560 1759 694 1813 Filio
749 1762 803 1814 in
857 1760 1265 1829 comparatione
1314 1757 1527 1822 Patris;
1571 1772 1693 1810 cum
1734 1765 1847 1810 toto
1901 1771 2136 1825 namque

2257 1755 2363 1824 γὰρ
2395 1753 2471 1824 τῷ
2499 1753 2616 1822 Θεῷ
2644 1753 2778 1815 ὅλως
2804 1751 3183 1819 συνθεωρεῐται
3205 1753 3233 1803 6
3267 1751 3460 1817 Λόγος.
3517 1749 3576 1804 ΕΞ
3608 1750 3708 1817 γὰρ
3733 1749 3807 1802 ὲλ-

558 1853 668 1905 Deo
719 1859 892 1905 totmn
953 1853 1117 1905 simul
1165 1850 1550 1905 consideratur
1606 1839 1862 1902 Verbum.
1901 1848 2035 1902 Nam
2089 1849 2137 1904 si

557 1942 688 2011 quid
743 1941 924 1996 Verbo
964 1942 1178 1996 deesset
1227 1941 1281 1994 in
1324 1955 1422 1995 sua
1477 1940 1874 2010 magnitudine,
1920 1949 1979 1993 ut
2025 1955 2134 1994 non

559 2045 744 2105 posset
794 2034 937 2105 apud
991 2042 1162 2090 totum
1197 2049 1320 2089 esse
1365 2033 1558 2098 Deum,
1625 2048 1856 2102 prorsus
1913 2049 2137 2090 necesse

557 2137 705 2182 esset
772 2135 832 2180 ut
885 2128 1329 2182 cxistimaremus
1385 2127 1594 2194 absque
1629 2125 1809 2178 Verbo
1848 2140 1972 2178 esse
2015 2139 2133 2178 eam

561 2217 651 2271 Dei
709 2226 939 2287 partem,
977 2234 1081 2286 qua
1121 2215 1295 2270 Verbo
1355 2218 1606 2286 superior
1653 2231 1716 2270 ac
1750 2215 1926 2284 major
1969 2223 2132 2269 esset.

557 2308 720 2374 Atqui
750 2322 874 2359 eum
911 2315 1021 2358 tota
1051 2305 1103 2357 Da
1129 2307 1141 2359 i
1181 2306 1464 2374 majestate
1494 2304 1657 2360 Verbi
1685 2306 1943 2372 majestas
1971 2305 2134 2359 simul

557 2399 954 2452 consideratur.
997 2397 1136 2467 Ergo
1179 2399 1229 2451 in
1271 2398 1474 2452 divinis
1505 2397 1770 2451 doctrinis
1804 2398 2136 2453 Iocumnon

561 2491 742 2555 habet,
774 2499 831 2544 ut
861 2490 945 2544 vel
991 2491 1168 2558 majus
1198 2492 1282 2546 vel
1319 2491 1502 2545 minus
1541 2505 1664 2544 esse
1697 2489 1964 2543 dicamus.
1999 2487 2132 2541 Nam

557 2583 650 2652 qui
691 2582 880 2635 dicunt
919 2582 1062 2651 quod
1101 2583 1339 2652 genitum
1379 2599 1486 2636 non
1521 2584 1705 2652 genito
1738 2590 1932 2635 natura
1972 2580 2134 2636 dissi-

559 2674 686 2726 mile
717 2674 808 2733 sit,
833 2680 885 2726 et
910 2673 1269 2727 similitudine
1292 2681 1344 2727 et
1376 2674 1624 2742 exemplo
1651 2673 1834 2726 Abelis
1861 2671 2135 2736 etAdami

559 2764 774 2817 discant
803 2763 947 2816 haud
977 2763 1142 2817 stulte
1162 2763 1430 2831 judicare.
1476 2763 1684 2817 Etenim
1722 2765 1891 2816 Adam
1921 2779 2137 2832 quoque

559 2854 862 2909 secundum
893 2853 1193 2908 naturalem
1225 2853 1504 2907 hominum
1535 2855 1870 2908 nativitatem
1902 2868 2006 2906 non
2045 2863 2140 2917 ge-

565 2950 714 3003 nitus
747 2948 843 3001 fuit
878 2963 892 3002 :
922 2947 1058 3001 Abel
1090 2962 1222 3002 vero
1254 2960 1317 2999 ex
1361 2945 1568 2999 Adamo
1617 2944 1836 3014 genitus
1875 2948 1980 2994 est.
2041 2937 2144 2992 Sed

2259 1845 2418 1915 λιπὴς
2450 1840 2517 1914 ἦν
2551 1846 2608 1896 ὲν
2639 1843 2717 1913 τῷ
2742 1839 2855 1912 ιδίῳ
2887 1842 3156 1912 μεγέθειὸ
3195 1842 3389 1909 Λόγος,
3419 1841 3555 1894 ὥστε
3585 1842 3655 1912 μὴ
3674 1841 3810 1894 δύνα-

2259 1937 2382 1990 σθαι
2411 1937 2546 2007 πρὸς
2576 1936 2696 1989 ὅλον
2735 1935 2826 1988 τὸν
2859 1934 2990 1986 Θεὸν
3019 1929 3157 1986 εἶναι
3177 1974 3192 1998 ,
3228 1933 3444 2004 ἀνάγκη
3474 1935 3620 1986 πᾶσα
3643 1933 3810 1999 ἄλογον

2256 2025 2394 2082 εἶναι
2432 2027 2526 2081 τοῦ
2573 2026 2707 2080 Θεοῦ
2751 2027 2990 2096 νομίζειν
3037 2025 3098 2078 τὸ
3139 2025 3486 2096 ὑπερπίπτον
3515 2022 3606 2082 τοῦ
3637 2024 3808 2090 Λόγου.

2269 2120 2429 2173 Ἀλλά
2455 2119 2560 2190 μὴν
2594 2121 2740 2189 πάσῃ
2767 2117 2862 2170 τοῦ
2905 2117 3040 2170 Θεοῦ
3073 2116 3458 2187 μεγαλειότητι
3492 2113 3636 2186 ἡτοὺ
3662 2113 3812 2179 Λόγον

2263 2209 2614 2279 μεγαλειότης
2653 2207 3060 2278 συνθεωρεῖται.
3114 2207 3255 2278 ’Δρα
3281 2207 3386 2259 οὐκ
3411 2205 3520 2276 ἔχει
3546 2201 3716 2275 χώραν
3735 2205 3812 2255 ἐπὶ

2258 2300 2363 2354 τῶν
2389 2301 2546 2353 θείων
2582 2300 2864 2368 δογμάτων
2906 2298 2966 2350 τὸ
2999 2297 3179 2368 μεῖζον
3211 2297 3392 2365 λέγειν
3428 2296 3519 2350 καὶ
3560 2295 3618 2348 τὸ
3645 2293 3814 2364 μικρό-

2257 2408 2434 2462 τερον.
2472 2392 2534 2442 Oi
2564 2391 2619 2442 δὲ
2659 2392 2904 2457 λέγοντες
2934 2390 3001 2442 ιτῦ
3035 2389 3292 2458 γεννητὸν
3341 2387 3423 2458 τῷ
3459 2388 3719 2458 ἀγεννήτῳ
3745 2382 3812 2437 εἷ-

2261 2501 2348 2538 ναι
2380 2483 2522 2537 κατὰ
2550 2482 2646 2553 τὴν
2672 2483 2830 2550 φύσιν
2872 2482 3143 2552 ἀνόμοιον,
3183 2480 3591 2551 διδαχθήτωσαν
3619 2479 3686 2548 μὴ
3717 2495 3812 2548 μω·

2264 2577 2462 2648 ραίνειν
2489 2578 2552 2628 ὲκ
2579 2574 2672 2627 τοῦ
2699 2574 2838 2627 κατά
2867 2574 2957 2626 τὸν
2991 2573 3156 2626 ’Λϐελ
3179 2573 3274 2626 καὶ
3305 2573 3404 2625 τὸν
3449 2571 3612 2642 Ἀδὰμ
3637 2569 3814 2624 ὑπεδέξ-

2260 2685 2484 2738 γματος.
2524 2667 2635 2719 Καὶ
2666 2667 2772 2736 γὰρ
2795 2666 2886 2718 καὶ
2917 2666 2946 2717 6
2977 2665 3148 2736 Ἀδὰμ
3183 2666 3320 2718 κατὰ
3349 2665 3453 2727 τὴν
3482 2662 3703 2735 φυσικὴν
3724 2662 3814 2715 τῶν

2256 2760 2563 2829 ἀνθρώπων
2597 2761 2856 2830 γέννησιν
2909 2762 3011 2814 οὑκ
3053 2760 3352 2831 ἐγεννήθηο
3394 2764 3422 2816 6
3466 2762 3522 2816 δὲ
3561 2763 3713 2815 I316:1
3756 2767 3808 2815 ἐκ

2253 2853 2348 2906 τοῦ
2393 2855 2565 2924 Ἀδὰμ
2596 2853 2887 2924 ἐγεννήθη.
2939 2853 3110 2908 Οὑδὲν
3142 2855 3196 2907 δὲ
3240 2854 3491 2910 ἐκώλυσε
3526 2856 3612 2909 τὸν
3656 2855 3808 2919 Ἀδάμ

2253 2947 2312 2999 τὸ
2360 2947 2436 3017 μὴ
2477 2948 2805 3017 γεννηθῆναι
2856 2947 2995 3016 πρὸς
3025 2948 3084 3001 τὺ
3117 2933 3412 3019 ἄνθρωπον
3442 2946 3612 3001 εἶναι’
3642 2949 3751 3002 οὐδὲ
3780 2951 3806 3018 ἡ

564 3038 700 3094 nihil
737 3039 1014 3108 prohibuit
1043 3037 1307 3094 Adamum
1343 3051 1462 3092 esse
1487 3036 1790 3096 hominem,
1814 3032 1957 3103 quod
1987 3032 2139 3100 geni-

2254 3037 2506 3109 γὲννησις
2539 3040 2630 3093 τὸν
2669 3039 2834 3092 Ἀϐελ
2883 3040 3012 3093 ἄλλο
3047 3058 3099 3093 τι
3135 3041 3285 3110 παρά
3328 3041 3436 3110 τὴν
3489 3040 3808 3111 ἀνθρωπίνην

566 3141 654 3184 tus
687 3144 789 3184 non
823 3142 980 3196 erat;
1015 3144 1196 3200 neque
1235 3127 1496 3182 nativitas
1526 3125 1748 3180 Ahelem
1783 3125 1926 3178 aliud
1961 3137 2026 3177 ac
2069 3122 2148 3176 di-

562 3237 784 3277 versum
803 3223 1058 3294 quiddam
1092 3225 1159 3278 ab
1194 3222 1428 3276 humana
1483 3218 1716 3275 reddidit
1747 3228 1986 3287 .natura,
2048 3213 2143 3268 sed

565 3327 675 3368 tam
717 3314 808 3370 hic
835 3330 998 3383 quam
1021 3315 1110 3370 ille
1142 3315 1306 3370 homo
1332 3313 1456 3380 fuit,
1485 3313 1585 3368 etsi
1615 3314 1705 3368 hic
1732 3311 1952 3380 quidem
1987 3315 2147 3362 natus

563 3417 703 3474 erat,
731 3408 821 3462 ille
846 3423 974 3462 vero
1006 3408 1212 3476 absque
1233 3407 1518 3463 nativitate
1544 3406 1854 3462 exstiterat.

636 3500 809 3569 Igitur
832 3501 886 3554 in
920 3499 1124 3555 divinis
1146 3513 1363 3570 quoque
1378 3500 1725 3569 dogmatibus
1757 3499 1959 3554 nullam
1981 3509 2142 3555 natu-

567 3611 642 3648 ra:
660 3593 1023 3648 diﬂ'erentiam
1041 3592 1456 3665 eiiicitgenitnm
1473 3595 1556 3650 vel
1589 3610 1696 3648 non
1728 3595 1968 3666 genitum
1996 3610 2142 3659 esse,

564 3682 659 3739 sed
688 3684 1143 3753 quemadmodum
1170 3683 1222 3738 in
1255 3685 1460 3741 Adamo
1485 3693 1536 3738 ei
1563 3685 1729 3741 Abele
1759 3701 1865 3740 una
1889 3687 2143 3741 Immani-

572 3789 676 3841 las,
734 3775 848 3830 sive
879 3786 1070 3830 natura
1120 3777 1382 3842 hmnana,
1444 3777 1630 3832 eodem
1683 3776 1845 3832 modo
1896 3778 1948 3830 in
1989 3777 2148 3832 Patre

564 3883 782 3940 quoque
809 3885 873 3925 ac
906 3869 1040 3923 Filio
1073 3869 1270 3937 deitas,
1297 3885 1389 3925 seu
1424 3870 1604 3925 divina
1655 3881 1846 3925 natura
1888 3887 1991 3924 una
2042 3880 2147 3926 est.

567 3985 821 4056 Ejusdem
861 4001 927 4040 ex
951 3987 1194 4042 oratione
1223 3985 1286 4042 de
1321 3985 1450 4040 Filii
1485 3999 1532 4044 et
1561 3987 1795 4058 Spiritus
1849 3988 2146 4042 divinitate.

632 4145 883 4200 EunOmii
942 4143 1212 4214 discipuli,
1265 4145 1456 4212 Filius,
1523 4147 1796 4216 inquiunt,
1857 4147 2144 4217 aliquando

565 4254 671 4294 non
703 4248 839 4293 erat.
882 4237 939 4291 Si
993 4238 1160 4293 Filius
1193 4255 1298 4292 non
1341 4251 1479 4301 erat,
1510 4256 1576 4314 ne
1605 4240 1766 4294 Pater
1789 4241 2002 4308 quidem
2024 4255 2142 4294 om-

565 4333 712 4383 nino.
749 4330 804 4382 Si
829 4329 1082 4398 splendor
1116 4346 1221 4384 non
1259 4339 1396 4394 erat,
1428 4346 1498 4384 ne
1547 4330 1838 4399 splendens
1897 4332 2138 4398 quidem.

564 4421 621 4474 Si
669 4422 836 4487 ﬁgura
871 4437 978 4474 non
1013 4430 1152 4484 erat,
1183 4437 1250 4476 ne
1277 4423 1580 4477 substantia
1607 4422 1846 4492 quidem.
1875 4422 1930 4477 Si
1953 4431 2142 4490 poten-

564 4515 637 4567 tia
671 4528 774 4566 non
801 4519 943 4574 erat,
973 4511 1014 4565 si
1050 4513 1312 4581 sapientia
1343 4527 1445 4567 non
1484 4523 1620 4577 erat,
1653 4512 1770 4566 sine
1789 4513 1986 4582 quibus
2035 4527 2138 4566 non

2254 3129 2418 3196 φύσιν
2448 3130 2725 3199 ἐποίησεν,
2755 3121 2891 3182 ἀλλά
2922 3130 3017 3184 καὶ
3041 3124 3197 3192 οὗτος
3228 3131 3523 3202 ἄνθρωπος
3559 3129 3802 3192 κάκεῖνός,

2253 3223 2301 3275 εἰ
2331 3221 2423 3274 καὶ
2447 3223 2473 3273 6
2501 3223 2597 3290 μὲν
2629 3221 2913 3292 γεννηθεὶς
2940 3219 3032 3294 ἦν,
3065 3223 3091 3274 6
3121 3221 3178 3276 δὲ
3209 3222 3330 3293 δίχα
3370 3227 3692 3297 γεννήσεως.

2325 3506 2470 3576 Ἀρα
2506 3503 2599 3557 καὶ
2635 3505 2726 3558 ἐπὶ
2761 3506 2870 3559 τῶν
2910 3507 3070 3560 θείων
3106 3507 3401 3576 δογμάτων
3437 3511 3496 3560 τὸ
3533 3509 3604 3577 μὴ
3634 3523 3803 3576 γεννη-

2248 3597 2404 3665 θῆναι
2447 3598 2542 3651 καὶ
2587 3597 2649 3650 τὸ
2681 3600 3006 3669 γεννηθῆναι
3039 3599 3306 3670 διαφορὰν
3335 3601 3434 3653 οὑκ
3472 3599 3795 3670 ἐξεργάζεται

2250 3691 2488 3759 φύσεως,
2534 3691 2650 3745 ἀλλ’
2676 3691 2867 3764 ὥσπερ
2910 3695 3000 3746 ἐπὶ
3045 3694 3137 3747 τοῦ
3179 3696 3354 3764 Ἀδάμ
3385 3699 3478 3748 καὶ
3521 3696 3609 3748 τοῦ
3654 3693 3797 3746 ’Ἅϐελ

2249 3784 2611 3856 ἁνθρωπότης
2645 3787 2763 3856 μία,
2793 3785 2936 3840 οὕτω
2961 3789 3056 3839 καὶ
3081 3789 3172 3839 ἐπὶ
3210 3788 3306 3841 τοῦ
3337 3789 3546 3859 Ματρὸς
3591 3787 3680 3839 καὶ¹
3717 3785 3794 3836 ἐπὶ

2250 3878 2342 3930 τοῦ
2373 3878 2502 3932 Υἱοῦ
2539 3880 2728 3949 θεόῖης
2761 3881 2880 3948 μία.

2253 3991 2364 4045 Τοῦ
2404 3993 2592 4047 αὑτοῦ
2622 3994 2692 4047 ἐκ
2723 3994 2827 4047 τοῦ
2855 3997 3041 4062 λόγου
3073 3983 3179 4050 τοῦ
3207 3999 3340 4066 περὶ
3378 3998 3648 4065 θεότητος
3677 3990 3794 4048 Υὶοῡ

2775 4066 2872 4118 καὶ
2926 4068 3295 4136 Ηνεύματος.

2313 4154 2581 4220 Λέγουσιν
2615 4156 2664 4208 σί
2701 4155 2832 4225 περὶ
2873 4155 2965 4209 τὸν
3000 4159 3290 4228 Εὐνόμιον,
3325 4160 3410 4212 ὅτι
3453 4161 3481 4211 6
3520 4159 3640 4220 Υἱός
3685 4169 3794 4208 ποτε

2241 4248 2342 4300 οὑκ
2375 4243 2464 4318 ἦν.
2499 4249 2558 4300 Ei
2581 4248 2680 4301 οὐκ
2708 4245 2775 4318 ἦν
2813 4250 2840 4300 6
2872 4249 3019 4313 Υἱὸς,
3055 4251 3272 4313 πάντως
3307 4252 3429 4305 οὑδὲ
3461 4254 3488 4305 ὁ
3524 4251 3699 4318 Πατὴρ
3720 4245 3793 4315 ἦν.

2244 4340 2305 4393 Εἰ
2335 4341 2435 4392 οὑκ
2461 4335 2529 4410 ἦν
2567 4341 2594 4392 6
2623 4342 2932 4414 χαρακτὴρ,
2962 4343 3084 4397 οὐδὲ
3118 4345 3150 4414 ἡ
3177 4345 3483 4408 ὑπόστασις
3507 4339 3589 4414 ἦν.
3625 4343 3680 4394 ΕΞ
3711 4340 3795 4393 οὑκ

2241 4426 2309 4502 ἦν
2343 4434 2401 4484 τὸ
2432 4433 2798 4503 ἀπαύγασμα,
2849 4436 2972 4490 οὐδὲ
3015 4436 3077 4489 τὸ
3128 4438 3462 4506 ἀπαυγάζον
3495 4435 3580 4507 ἦν.
3622 4435 3678 4487 Ei
3709 4432 3793 4484 οὐκ

2243 4521 2309 4597 ἦν
2348 4525 2604 4598 δύναμις,
2651 4529 2699 4580 εί
2736 4530 2837 4582 οὑκ
2897 4525 2966 4600 ἦν
3007 4531 3192 4599 σοφία,
3241 4525 3318 4585 ὧν
3371 4531 3502 4585 ἄνευ
3536 4530 3660 4593 Θεὸς
3709 4526 3792 4578 οὑκ

559 4611 644 4657 est
675 4601 836 4667 Dens,
871 4619 935 4656 ne
971 4602 1109 4657 Deus
1142 4602 1355 4671 quidem
1387 4611 1524 4658 erat.
1559 4603 1743 4672 Neque
1797 4604 1943 4658 enim
1986 4607 2137 4674 cogi-

2248 4618 2414 4685 ἔστιν,
2449 4619 2572 4673 οὐδὲ
2627 4620 2761 4684 Θεὸς
2792 4620 2882 4692 ἦν.
2915 4585 2992 4676 ὸὺ
3036 4623 3148 4694 γὰρ
3198 4624 3352 4678 ἐστιν
3383 4626 3628 4694 ἐννοῆσαι
3659 4620 3791 4683 δόξαν

563 4705 679 4750 tare
711 4709 1002 4765 possumus
1030 4695 1254 4762 gloriam
1287 4695 1406 4751 sine
1437 4695 1740 4764 splendore,
1768 4705 1860 4750 aut
1890 4697 2142 4752 substan-

563 4791 694 4843 tiam
756 4792 873 4843 sine
930 4788 1123 4859 ﬁgura,
1182 4797 1275 4842 aut
1327 4790 1443 4844 sine
1481 4789 1747 4860 sapientia
1813 4789 2139 4858 sapientem,

560 4880 800 4933 autsine
834 4881 1075 4948 potentia
1106 4887 1404 4947 potentem,
1458 4881 1812 4947 antdeniqne
1865 4882 1983 4938 sine
2031 4869 2142 4937 ﬁlio

562 4981 792 5033 patrem.
835 4971 911 5024 Ex
945 4972 1025 5025 his
1053 4973 1234 5040 igitur,
1265 4987 1383 5041 qua:
1410 4972 1549 5027 dicta
1579 4983 1726 5036 sunt,
1784 4973 2098 5028 demonstra
2121 5004 2141 5017 -

535 5071 676 5116 .tum
707 5071 810 5127 est,
847 5078 967 5117 eum
1001 5064 1091 5132 qui
1139 5062 1333 5118 Filium
1368 5064 1526 5130 tollit,
1559 5075 1612 5119 et
1643 5065 1860 5121 Patrem
1929 5065 2136 5121 tollere.

558 5155 662 5211 Ubi
707 5164 886 5209 autem
923 5153 1093 5210 Filius
1127 5170 1232 5208 non
1263 5157 1478 5223 colitur,
1507 5172 1604 5212 nec
1628 5157 1790 5212 Pater
1829 5174 1949 5214 esse
2018 5171 2143 5212 cre-

562 5249 734 5314 ditur,
768 5257 878 5302 tota
921 5247 1187 5302 Divinitas
1218 5248 1486 5304 aufertur.
1551 5250 1725 5306 Porro
1790 5251 2142 5306 Divinitatem

562 5341 779 5396 auferre
814 5340 1014 5395 nullius
1037 5348 1143 5408 est,
1180 5341 1282 5395 nisi
1323 5340 1596 5409 Epicurei.
1629 5343 1782 5399 Patet
1815 5359 1944 5414 ergo
1990 5343 2145 5397 istius

561 5433 832 5503 opinionis
863 5442 1113 5488 auctores
1151 5448 1273 5489 esse
1300 5432 1617 5504 Epicureos.

1068 5547 1150 5601 Ea:
1178 5547 1359 5602 eadem
1378 5547 1637 5601 oratione.

634 5637 940 5695 Sententias
975 5643 1234 5711 quasdam
1271 5642 1594 5696 abscindunt
1623 5656 1651 5694 e
1685 5639 1984 5711 Scriptura,
2012 5658 2148 5713 quas

567 5730 996 5799 imperitioribus
1016 5734 1300 5802 ohjieiant.
1337 5733 1529 5788 Dicunt
1573 5735 1740 5802 enim,
1784 5736 1956 5806 ipsum
2033 5735 2140 5791 Do-

639 5867 653 5898 ¹
694 5869 854 5928 Rom.
883 5885 962 5932 ιι.
987 5871 1074 5926 5-1.
1155 5874 1176 5904 ¹
1210 5871 1366 5930 Joan.
1403 5889 1438 5937 I,
1471 5875 1518 5928 i.

2241 4711 2489 4782 ἀλαμπῆ,
2516 4711 2548 4780 ἤ
2579 4713 2876 4768 ὑπόστασιν
2899 4717 3401 4786 ἀχαρακτήριστον,
3424 4719 3456 4789 ἢ
3484 4717 3608 4770 ἄνευ
3630 4713 3792 4789 σοφίας

2245 4807 2427 4876 σοφὸν,
2461 4808 2492 4879 ἢ
2519 4808 2648 4861 ἄνευ
2682 4810 2966 4879 δυνάμεως
3001 4811 3254 4881 δύναμιν,
3286 4812 3318 4882 ἢ
3359 4788 3560 4866 ἄπαιδα
3585 4788 3786 4872 πατέρα.

2244 4898 2458 4953 Οὐκοῦν
2485 4901 2870 4968 ἀποδέδεικται
2911 4902 3002 4956 διὰ
3049 4904 3159 4956 τῶν
3192 4905 3524 4980 εἰρημένων,
3555 4905 3634 4955 ὅτι
3663 4899 3688 4950 6
3715 4896 3790 4949 τὸν

2243 4991 2369 5044 Υἱδν
2399 4991 2613 5047 ἀθετῶν
2659 4995 2950 5048 συναθετεῖ
2988 4997 3083 5049 καὶ
3129 4997 3221 5049 τὸν
3267 4998 3518 5068 Πατέρα.
3553 4997 3714 5045 Ὅπου
3743 4986 3787 5038 δὲ

2241 5084 2365 5138 οὔτε
2382 5087 2410 5137 6
2436 5086 2560 5150 Υἱὸς
2583 5087 2888 5154 δοξάζεται,
2909 5088 3034 5142 οὔτε
3055 5092 3082 5142 6
3101 5091 3292 5159 Πατὴρ
3312 5086 3457 5143 εἶναι
3482 5085 3784 5141 πιστεύεται,

2243 5179 2475 5233 καθόλου
2499 5182 2532 5252 ὴ
2557 5181 2747 5254 θεότης
2771 5183 3031 5252 ὴθὲωται.
3057 5185 3128 5236 T6
3150 5185 3205 5236 δὲ
3227 5185 3441 5237 ἀθετεῖν
3471 5183 3564 5254 τὴν
3588 5180 3784 5242 θεότητα

2243 5273 2456 5337 οὐδενὸς
2484 5275 2647 5330 ἄλλου
2706 5276 2738 5348 ῆ
2797 5277 3128 5347 Ἐπικούρου
3178 5279 3350 5332 ἐστίν.
3401 5275 3605 5330 Οὐκοῦν
3655 5268 3783 5322 Ἐπι-

2247 5367 2492 5437 κούρειοι
2524 5371 2574 5422 οἱ
2617 5369 2713 5425 νῦν
2759 5371 3134 5444 δογματισταὶ
3172 5374 3270 5443 τῆς
3315 5371 3574 5432 ἀσεϐείας
3607 5368 3785 5420 ἀναπε-

2246 5461 2501 5532 φήνασιν.

2685 5557 2788 5611 Ἐκ
2827 5557 2934 5611 τοῦ
2967 5557 3156 5612 αὖτοῦ
3193 5561 3399 5627 λόγου.

2319 5647 2483 5712 Τινάς
2531 5650 2720 5719 ῥήσεις
2773 5651 2838 5702 ἐκ
2891 5650 2990 5720 τῆς
3046 5651 3270 5722 Γραφῆς
3294 5645 3785 5719 ἀποσπαράσσοντις

2250 5741 2362 5807 τοῖς
2396 5741 2648 5814 ἀνοήτοις
2679 5742 3080 5815 προτείνονται,
3109 5747 3204 5799 καί
3237 5761 3397 5814 φασιν
3439 5741 3594 5797 αὑτὸν
3619 5731 3786 5804 ὁμοὶο·
