  <div class='ocr_page' id='page_1' title='image "/cluster/home/n/w/nwhite01/storage/ocr_20150623/130/mdp.39015078384255/312.png"; bbox 0 0 4100 6290; ppageno 0'>
   <div class='ocr_carea' id='block_1_1' title="bbox 327 380 438 444">
    <p class='ocr_par' dir='ltr' id='par_1_1' title="bbox 327 380 438 444">
     <span class='ocr_line' id='line_1_1' title="bbox 327 380 438 444; baseline 0.018 -3"><span class='ocrx_word' id='word_1_1' title='bbox 327 380 438 444; x_wconf 77' lang='lat'><strong>609</strong></span> 
     </span>
    </p>
   </div>
   <div class='ocr_carea' id='block_1_2' title="bbox 1304 397 2626 467">
    <p class='ocr_par' dir='ltr' id='par_1_2' title="bbox 1304 397 2626 467">
     <span class='ocr_line' id='line_1_2' title="bbox 1304 397 2626 467; baseline 0.005 -10"><span class='ocrx_word' id='word_1_2' title='bbox 1304 397 1680 461; x_wconf 78' lang='lat' dir='ltr'><strong>PANOPLIA</strong></span> <span class='ocrx_word' id='word_1_3' title='bbox 1729 401 2193 464; x_wconf 78' lang='lat' dir='ltr'><strong>DOGMATICA.</strong></span> <span class='ocrx_word' id='word_1_4' title='bbox 2228 429 2293 440; x_wconf 85' lang='lat'><strong>-</strong></span> <span class='ocrx_word' id='word_1_5' title='bbox 2328 405 2480 467; x_wconf 87' lang='lat' dir='ltr'><strong>TIT.</strong></span> <span class='ocrx_word' id='word_1_6' title='bbox 2517 405 2626 466; x_wconf 82' lang='grc' dir='ltr'><strong>Χῐ.</strong></span> 
     </span>
    </p>
   </div>
   <div class='ocr_carea' id='block_1_3' title="bbox 3488 406 3592 468">
    <p class='ocr_par' dir='ltr' id='par_1_3' title="bbox 3488 406 3592 468">
     <span class='ocr_line' id='line_1_3' title="bbox 3488 406 3592 468; baseline -0.01 0"><span class='ocrx_word' id='word_1_7' title='bbox 3488 406 3592 468; x_wconf 81' lang='grc'><strong>610</strong></span> 
     </span>
    </p>
   </div>
   <div class='ocr_carea' id='block_1_4' title="bbox 329 500 1928 603">
    <p class='ocr_par' dir='ltr' id='par_1_4' title="bbox 329 500 1916 590">
     <span class='ocr_line' id='line_1_4' title="bbox 329 500 1916 590; baseline 0.014 -41"><span class='ocrx_word' id='word_1_8' title='bbox 329 500 489 568; x_wconf 75' lang='grc' dir='ltr'>ἡμῖν,</span> <span class='ocrx_word' id='word_1_9' title='bbox 517 501 613 558; x_wconf 74' lang='grc' dir='ltr'><strong>καὶ</strong></span> <span class='ocrx_word' id='word_1_10' title='bbox 641 503 830 558; x_wconf 86' lang='grc' dir='ltr'>τοῦτον</span> <span class='ocrx_word' id='word_1_11' title='bbox 860 511 1320 581; x_wconf 75' lang='grc' dir='ltr'><strong>πεπερατωμένον</strong></span> <span class='ocrx_word' id='word_1_12' title='bbox 1343 530 1357 545; x_wconf 74' lang='grc' dir='ltr'>ο</span> <span class='ocrx_word' id='word_1_13' title='bbox 1385 517 1512 569; x_wconf 79' lang='grc' dir='ltr'>ὅταν</span> <span class='ocrx_word' id='word_1_14' title='bbox 1538 519 1594 571; x_wconf 77' lang='grc' dir='ltr'>δὲ</span> <span class='ocrx_word' id='word_1_15' title='bbox 1625 521 1754 590; x_wconf 78' lang='grc' dir='ltr'>περὶ</span> <span class='ocrx_word' id='word_1_16' title='bbox 1781 520 1916 574; x_wconf 82' lang='grc' dir='ltr'>Θεοῦ</span> 
     </span>
    </p>
   </div>
   <div class='ocr_carea' id='block_1_5' title="bbox 2030 500 3592 603">
    <p class='ocr_par' dir='ltr' id='par_1_5' title="bbox 2030 521 3592 592">
     <span class='ocr_line' id='line_1_5' title="bbox 2030 521 3592 592; baseline -0.001 -19"><span class='ocrx_word' id='word_1_17' title='bbox 2030 531 2129 587; x_wconf 89' lang='lat' dir='ltr'><strong>Iur,</strong></span> <span class='ocrx_word' id='word_1_18' title='bbox 2153 522 2360 577; x_wconf 88' lang='lat' dir='ltr'><strong>instans</strong></span> <span class='ocrx_word' id='word_1_19' title='bbox 2393 525 2655 577; x_wconf 82' lang='lat' dir='ltr'><strong>duntaxat</strong></span> <span class='ocrx_word' id='word_1_20' title='bbox 2684 531 2894 590; x_wconf 88' lang='lat' dir='ltr'><strong>tempus</strong></span> <span class='ocrx_word' id='word_1_21' title='bbox 2921 521 3212 592; x_wconf 80' lang='lat' dir='ltr'><strong>significat.</strong></span> <span class='ocrx_word' id='word_1_22' title='bbox 3242 535 3359 576; x_wconf 84' lang='lat' dir='ltr'><strong>cum</strong></span> <span class='ocrx_word' id='word_1_23' title='bbox 3413 529 3592 574; x_wconf 86' lang='lat' dir='ltr'><strong>autem</strong></span> 
     </span>
    </p>
   </div>
   <div class='ocr_carea' id='block_1_6' title="bbox 325 591 1160 668">
    <p class='ocr_par' dir='ltr' id='par_1_6' title="bbox 325 591 1160 668">
     <span class='ocr_line' id='line_1_6' title="bbox 325 591 1160 668; baseline 0.01 -22"><span class='ocrx_word' id='word_1_24' title='bbox 325 591 560 663; x_wconf 74' lang='grc' dir='ltr'>ῥηθείη,</span> <span class='ocrx_word' id='word_1_25' title='bbox 587 596 649 648; x_wconf 80' lang='grc' dir='ltr'>τὸ</span> <span class='ocrx_word' id='word_1_26' title='bbox 681 596 852 650; x_wconf 79' lang='grc' dir='ltr'>ἀΐδιον</span> <span class='ocrx_word' id='word_1_27' title='bbox 882 599 1160 668; x_wconf 79' lang='grc' dir='ltr'>ἐμφαίνει.</span> 
     </span>
    </p>
   </div>
   <div class='ocr_carea' id='block_1_7' title="bbox 2027 606 3593 676">
    <p class='ocr_par' dir='ltr' id='par_1_7' title="bbox 2027 606 3593 676">
     <span class='ocr_line' id='line_1_7' title="bbox 2027 606 3593 676; baseline -0.004 -10"><span class='ocrx_word' id='word_1_28' title='bbox 2027 613 2092 666; x_wconf 92' lang='lat' dir='ltr'><strong>de</strong></span> <span class='ocrx_word' id='word_1_29' title='bbox 2124 613 2232 666; x_wconf 86' lang='lat' dir='ltr'><strong>Deo</strong></span> <span class='ocrx_word' id='word_1_30' title='bbox 2257 614 2612 667; x_wconf 81' lang='lat' dir='ltr'><strong>aeternitatem</strong></span> <span class='ocrx_word' id='word_1_31' title='bbox 2673 613 2934 676; x_wconf 97' lang='lat' dir='ltr'><strong>declarat,</strong></span> <span class='ocrx_word' id='word_1_32' title='bbox 2965 613 3044 666; x_wconf 88' lang='lat' dir='ltr'><strong>sic</strong></span> <span class='ocrx_word' id='word_1_33' title='bbox 3075 620 3128 666; x_wconf 87' lang='lat' dir='ltr'><strong>et</strong></span> <span class='ocrx_word' id='word_1_34' title='bbox 3158 611 3308 671; x_wconf 84' lang='lat' dir='ltr'><strong>illud,</strong></span> <span class='ocrx_word' id='word_1_35' title='bbox 3344 606 3496 670; x_wconf 83' lang='lat' dir='ltr'><strong>Erat,</strong></span> <span class='ocrx_word' id='word_1_36' title='bbox 3545 607 3593 661; x_wconf 87' lang='lat' dir='ltr'><strong>si</strong></span> 
     </span>
    </p>
   </div>
   <div class='ocr_carea' id='block_1_8' title="bbox 328 690 3596 782">
    <p class='ocr_par' dir='ltr' id='par_1_8' title="bbox 328 690 3596 782">
     <span class='ocr_line' id='line_1_8' title="bbox 328 690 3596 782; baseline 0.006 -42"><span class='ocrx_word' id='word_1_37' title='bbox 328 690 400 742; x_wconf 85' lang='lat' dir='ltr'><strong>ad</strong></span> <span class='ocrx_word' id='word_1_38' title='bbox 435 698 681 744; x_wconf 87' lang='lat' dir='ltr'><strong>naturam</strong></span> <span class='ocrx_word' id='word_1_39' title='bbox 721 703 964 750; x_wconf 84' lang='lat' dir='ltr'><strong>nostram</strong></span> <span class='ocrx_word' id='word_1_40' title='bbox 999 698 1289 768; x_wconf 89' lang='lat' dir='ltr'><strong>referatur,</strong></span> <span class='ocrx_word' id='word_1_41' title='bbox 1336 710 1550 775; x_wconf 91' lang='lat' dir='ltr'><strong>tempus</strong></span> <span class='ocrx_word' id='word_1_42' title='bbox 1617 709 1948 778; x_wconf 52' lang='lat' dir='ltr'><strong>praeteritum</strong></span> <span class='ocrx_word' id='word_1_43' title='bbox 1991 709 2152 782; x_wconf 82' lang='lat' dir='ltr'><strong>idque</strong></span> <span class='ocrx_word' id='word_1_44' title='bbox 2213 710 2558 766; x_wconf 82' lang='lat' dir='ltr'><strong>terminatum</strong></span> <span class='ocrx_word' id='word_1_45' title='bbox 2590 711 2844 776; x_wconf 84' lang='lat' dir='ltr'><strong>ostendit,</strong></span> <span class='ocrx_word' id='word_1_46' title='bbox 2877 710 2958 766; x_wconf 90' lang='lat' dir='ltr'><strong>sin</strong></span> <span class='ocrx_word' id='word_1_47' title='bbox 2998 709 3262 765; x_wconf 80' lang='lat' dir='ltr'><strong>referatur</strong></span> <span class='ocrx_word' id='word_1_48' title='bbox 3289 707 3355 762; x_wconf 91' lang='lat' dir='ltr'><strong>ad</strong></span> <span class='ocrx_word' id='word_1_49' title='bbox 3404 705 3596 770; x_wconf 83' lang='lat' dir='ltr'><strong>Deum,</strong></span> 
     </span>
    </p>
   </div>
   <div class='ocr_carea' id='block_1_9' title="bbox 325 783 715 841">
    <p class='ocr_par' dir='ltr' id='par_1_9' title="bbox 325 783 715 841">
     <span class='ocr_line' id='line_1_9' title="bbox 325 783 715 841; baseline 0.015 -6"><span class='ocrx_word' id='word_1_50' title='bbox 325 783 715 841; x_wconf 60' lang='lat' dir='ltr'><strong>aeternitatem.</strong></span> 
     </span>
    </p>
   </div>
   <div class='ocr_carea' id='block_1_10' title="bbox 681 878 1575 962">
    <p class='ocr_par' dir='ltr' id='par_1_10' title="bbox 681 878 1575 962">
     <span class='ocr_line' id='line_1_10' title="bbox 681 878 1575 962; baseline 0.022 -31"><span class='ocrx_word' id='word_1_51' title='bbox 681 878 782 932; x_wconf 80' lang='grc' dir='ltr'>Ἐκ</span> <span class='ocrx_word' id='word_1_52' title='bbox 813 881 923 950; x_wconf 82' lang='grc' dir='ltr'><strong>τῆς</strong></span> <span class='ocrx_word' id='word_1_53' title='bbox 956 887 1147 955; x_wconf 81' lang='grc' dir='ltr'>αὐτῆς</span> <span class='ocrx_word' id='word_1_54' title='bbox 1181 892 1575 962; x_wconf 77' lang='grc' dir='ltr'><strong>ἀκολουθίας.</strong></span> 
     </span>
    </p>
   </div>
   <div class='ocr_carea' id='block_1_11' title="bbox 405 968 1920 1062">
    <p class='ocr_par' dir='ltr' id='par_1_11' title="bbox 405 968 1920 1062">
     <span class='ocr_line' id='line_1_11' title="bbox 405 968 1920 1062; baseline 0.019 -43"><span class='ocrx_word' id='word_1_55' title='bbox 405 968 532 1033; x_wconf 77' lang='grc' dir='ltr'>Ναὶ,</span> <span class='ocrx_word' id='word_1_56' title='bbox 573 972 771 1040; x_wconf 74' lang='grc' dir='ltr'>φησὶν,</span> <span class='ocrx_word' id='word_1_57' title='bbox 813 975 928 1028; x_wconf 83' lang='grc' dir='ltr'>ἀλλ’</span> <span class='ocrx_word' id='word_1_58' title='bbox 955 979 983 1029; x_wconf 88' lang='grc' dir='ltr'><strong>ὁ</strong></span> <span class='ocrx_word' id='word_1_59' title='bbox 1023 982 1228 1052; x_wconf 75' lang='grc' dir='ltr'>Πέτρος</span> <span class='ocrx_word' id='word_1_60' title='bbox 1265 982 1386 1039; x_wconf 78' lang='grc' dir='ltr'>εἷπε</span> <span class='ocrx_word' id='word_1_61' title='bbox 1427 988 1583 1043; x_wconf 80' lang='grc' dir='ltr'>τοῦτο</span> <span class='ocrx_word' id='word_1_62' title='bbox 1613 993 1802 1062; x_wconf 67' lang='grc' dir='ltr'>σαφῶς</span> <span class='ocrx_word' id='word_1_63' title='bbox 1826 995 1920 1049; x_wconf 71' lang='grc' dir='ltr'><strong>καὶ</strong></span> 
     </span>
    </p>
   </div>
   <div class='ocr_carea' id='block_1_12' title="bbox 328 1061 1923 1156">
    <p class='ocr_par' dir='ltr' id='par_1_12' title="bbox 328 1061 1923 1156">
     <span class='ocr_line' id='line_1_12' title="bbox 328 1061 1923 1156; baseline 0.019 -45"><span class='ocrx_word' id='word_1_64' title='bbox 328 1061 654 1156; x_wconf 72' lang='grc' dir='ltr'>διαρρήδην.</span> <span class='ocrx_word' id='word_1_65' title='bbox 686 1066 818 1130; x_wconf 81' lang='grc' dir='ltr'>Ποῦ,</span> <span class='ocrx_word' id='word_1_66' title='bbox 853 1071 948 1122; x_wconf 80' lang='grc' dir='ltr'><strong>καὶ</strong></span> <span class='ocrx_word' id='word_1_67' title='bbox 976 1073 1140 1138; x_wconf 84' lang='grc' dir='ltr'>πότε;</span> <span class='ocrx_word' id='word_1_68' title='bbox 1169 1077 1341 1132; x_wconf 83' lang='grc' dir='ltr'>Ὀταν</span> <span class='ocrx_word' id='word_1_69' title='bbox 1373 1080 1648 1146; x_wconf 78' lang='grc' dir='ltr'><strong>Ἰουδαίοις</strong></span> <span class='ocrx_word' id='word_1_70' title='bbox 1679 1061 1923 1156; x_wconf 83' lang='grc' dir='ltr'>διαλεγό-</span> 
     </span>
    </p>
   </div>
   <div class='ocr_carea' id='block_1_13' title="bbox 334 1155 1921 1247">
    <p class='ocr_par' dir='ltr' id='par_1_13' title="bbox 334 1155 1921 1247">
     <span class='ocr_line' id='line_1_13' title="bbox 334 1155 1921 1247; baseline 0.019 -43"><span class='ocrx_word' id='word_1_71' title='bbox 334 1171 498 1247; x_wconf 54' lang='grc' dir='ltr'>μενος</span> <span class='ocrx_word' id='word_1_72' title='bbox 527 1155 734 1224; x_wconf 76' lang='grc' dir='ltr'>ἔλεγεν,</span> <span class='ocrx_word' id='word_1_73' title='bbox 768 1161 849 1215; x_wconf 83' lang='grc' dir='ltr'><strong>ὅτι</strong></span> <span class='ocrx_word' id='word_1_74' title='bbox 869 1166 1090 1233; x_wconf 79' lang='grc' dir='ltr'><strong>Κύριον</strong></span> <span class='ocrx_word' id='word_1_75' title='bbox 1118 1170 1307 1224; x_wconf 76' lang='grc' dir='ltr'>αὐτὸν</span> <span class='ocrx_word' id='word_1_76' title='bbox 1323 1173 1418 1226; x_wconf 71' lang='grc' dir='ltr'><strong>καί</strong></span> <span class='ocrx_word' id='word_1_77' title='bbox 1440 1177 1697 1243; x_wconf 80' lang='grc' dir='ltr'>Χριστὸν</span> <span class='ocrx_word' id='word_1_78' title='bbox 1726 1183 1759 1233; x_wconf 84' lang='grc' dir='ltr'><em>ὀ</em></span> <span class='ocrx_word' id='word_1_79' title='bbox 1777 1155 1921 1247; x_wconf 74' lang='grc' dir='ltr'>Θεὸς</span> 
     </span>
    </p>
   </div>
   <div class='ocr_carea' id='block_1_14' title="bbox 329 1244 1923 1336">
    <p class='ocr_par' dir='ltr' id='par_1_14' title="bbox 329 1244 1923 1336">
     <span class='ocr_line' id='line_1_14' title="bbox 329 1244 1923 1336; baseline 0.02 -41"><span class='ocrx_word' id='word_1_80' title='bbox 329 1244 604 1310; x_wconf 82' lang='grc' dir='ltr'>ἐποίησε.</span> <span class='ocrx_word' id='word_1_81' title='bbox 633 1247 698 1301; x_wconf 82' lang='grc' dir='ltr'>Τί</span> <span class='ocrx_word' id='word_1_82' title='bbox 723 1250 818 1304; x_wconf 80' lang='grc' dir='ltr'><strong>οὖν</strong></span> <span class='ocrx_word' id='word_1_83' title='bbox 847 1257 940 1306; x_wconf 79' lang='grc' dir='ltr'>καὶ</span> <span class='ocrx_word' id='word_1_84' title='bbox 965 1256 1025 1308; x_wconf 75' lang='grc' dir='ltr'><strong>τὸ</strong></span> <span class='ocrx_word' id='word_1_85' title='bbox 1048 1258 1176 1327; x_wconf 81' lang='grc' dir='ltr'>ἐξῆς</span> <span class='ocrx_word' id='word_1_86' title='bbox 1198 1261 1260 1312; x_wconf 87' lang='grc' dir='ltr'>οὐ</span> <span class='ocrx_word' id='word_1_87' title='bbox 1286 1265 1656 1336; x_wconf 81' lang='grc' dir='ltr'><strong>προσέθηκας,</strong></span> <span class='ocrx_word' id='word_1_88' title='bbox 1675 1270 1756 1322; x_wconf 80' lang='grc' dir='ltr'><strong>ὅτι</strong></span> <span class='ocrx_word' id='word_1_89' title='bbox 1787 1244 1923 1326; x_wconf 46' lang='grc' dir='ltr'><em>Τοῦλ-</em></span> 
     </span>
    </p>
   </div>
   <div class='ocr_carea' id='block_1_15' title="bbox 330 1341 1919 1430">
    <p class='ocr_par' dir='ltr' id='par_1_15' title="bbox 330 1341 1919 1430">
     <span class='ocr_line' id='line_1_15' title="bbox 330 1341 1919 1430; baseline 0.016 -40"><span class='ocrx_word' id='word_1_90' title='bbox 330 1354 442 1430; x_wconf 65' lang='grc' dir='ltr'>τον</span> <span class='ocrx_word' id='word_1_91' title='bbox 461 1341 567 1394; x_wconf 83' lang='grc' dir='ltr'><strong>τὸν</strong></span> <span class='ocrx_word' id='word_1_92' title='bbox 581 1342 826 1407; x_wconf 78' lang='grc' dir='ltr'><em>Ἰησοῦν</em></span> <span class='ocrx_word' id='word_1_93' title='bbox 841 1345 914 1398; x_wconf 83' lang='grc' dir='ltr'>ὃν</span> <span class='ocrx_word' id='word_1_94' title='bbox 929 1348 1098 1414; x_wconf 85' lang='grc' dir='ltr'><strong>ὑμεῖς</strong></span> <span class='ocrx_word' id='word_1_95' title='bbox 1112 1351 1537 1421; x_wconf 84' lang='grc' dir='ltr'>ἐσταυρώσατε</span> <span class='ocrx_word' id='word_1_96' title='bbox 1551 1375 1572 1423; x_wconf 91' lang='grc'><strong><em>;</em></strong></span> <span class='ocrx_word' id='word_1_97' title='bbox 1593 1361 1662 1412; x_wconf 87' lang='grc' dir='ltr'><strong>Ἦ</strong></span> <span class='ocrx_word' id='word_1_98' title='bbox 1680 1363 1919 1430; x_wconf 81' lang='grc' dir='ltr'><strong>ἀγνοεῖς,</strong></span> 
     </span>
    </p>
   </div>
   <div class='ocr_carea' id='block_1_16' title="bbox 330 1429 1922 1519">
    <p class='ocr_par' dir='ltr' id='par_1_16' title="bbox 330 1429 1922 1519">
     <span class='ocr_line' id='line_1_16' title="bbox 330 1429 1922 1519; baseline 0.016 -36"><span class='ocrx_word' id='word_1_99' title='bbox 330 1429 419 1484; x_wconf 84' lang='grc' dir='ltr'>ὅτι</span> <span class='ocrx_word' id='word_1_100' title='bbox 446 1431 553 1483; x_wconf 88' lang='grc' dir='ltr'>τῶν</span> <span class='ocrx_word' id='word_1_101' title='bbox 582 1432 892 1504; x_wconf 80' lang='grc' dir='ltr'>λεγομένων</span> <span class='ocrx_word' id='word_1_102' title='bbox 919 1438 988 1492; x_wconf 85' lang='grc' dir='ltr'><strong>τὰ</strong></span> <span class='ocrx_word' id='word_1_103' title='bbox 1023 1441 1121 1510; x_wconf 81' lang='grc' dir='ltr'><strong>μὲν</strong></span> <span class='ocrx_word' id='word_1_104' title='bbox 1147 1445 1246 1513; x_wconf 79' lang='grc' dir='ltr'><strong>τῆς</strong></span> <span class='ocrx_word' id='word_1_105' title='bbox 1274 1447 1554 1518; x_wconf 84' lang='grc' dir='ltr'><strong>ἀκηράτου</strong></span> <span class='ocrx_word' id='word_1_106' title='bbox 1587 1451 1824 1519; x_wconf 83' lang='grc' dir='ltr'>φύσεως,</span> <span class='ocrx_word' id='word_1_107' title='bbox 1852 1429 1922 1509; x_wconf 73' lang='grc' dir='ltr'><strong>τὰ</strong></span> 
     </span>
    </p>
   </div>
   <div class='ocr_carea' id='block_1_17' title="bbox 331 1521 1922 1610">
    <p class='ocr_par' dir='ltr' id='par_1_17' title="bbox 331 1521 1922 1610">
     <span class='ocr_line' id='line_1_17' title="bbox 331 1521 1922 1610; baseline 0.019 -37"><span class='ocrx_word' id='word_1_108' title='bbox 331 1521 394 1575; x_wconf 84' lang='grc' dir='ltr'><strong>δέ</strong></span> <span class='ocrx_word' id='word_1_109' title='bbox 422 1523 518 1594; x_wconf 74' lang='grc' dir='ltr'>τῆς</span> <span class='ocrx_word' id='word_1_110' title='bbox 547 1529 860 1596; x_wconf 70' lang='grc' dir='ltr'>οἰκονομίας</span> <span class='ocrx_word' id='word_1_111' title='bbox 889 1533 1068 1601; x_wconf 86' lang='grc' dir='ltr'>ἐστίν;</span> <span class='ocrx_word' id='word_1_112' title='bbox 1100 1536 1162 1589; x_wconf 84' lang='grc' dir='ltr'>Εἰ</span> <span class='ocrx_word' id='word_1_113' title='bbox 1189 1537 1244 1590; x_wconf 78' lang='grc' dir='ltr'>δὲ</span> <span class='ocrx_word' id='word_1_114' title='bbox 1277 1541 1350 1610; x_wconf 80' lang='grc' dir='ltr'><strong>μὴ</strong></span> <span class='ocrx_word' id='word_1_115' title='bbox 1380 1541 1546 1609; x_wconf 79' lang='grc' dir='ltr'>ἔστιν,</span> <span class='ocrx_word' id='word_1_116' title='bbox 1578 1545 1716 1598; x_wconf 77' lang='grc' dir='ltr'>ἀλλὰ</span> <span class='ocrx_word' id='word_1_117' title='bbox 1743 1547 1922 1603; x_wconf 81' lang='grc' dir='ltr'>πάντα</span> 
     </span>
    </p>
   </div>
   <div class='ocr_carea' id='block_1_18' title="bbox 332 1613 1922 1708">
    <p class='ocr_par' dir='ltr' id='par_1_18' title="bbox 332 1613 1922 1708">
     <span class='ocr_line' id='line_1_18' title="bbox 332 1613 1922 1708; baseline 0.018 -41"><span class='ocrx_word' id='word_1_118' title='bbox 332 1613 526 1708; x_wconf 72' lang='grc' dir='ltr'>ᾲπλῶς</span> <span class='ocrx_word' id='word_1_119' title='bbox 558 1618 650 1671; x_wconf 80' lang='grc' dir='ltr'><strong>ἐπὶ</strong></span> <span class='ocrx_word' id='word_1_120' title='bbox 680 1620 780 1690; x_wconf 82' lang='grc' dir='ltr'><strong>τῆς</strong></span> <span class='ocrx_word' id='word_1_121' title='bbox 813 1621 1067 1691; x_wconf 77' lang='grc' dir='ltr'><strong>θεότητος</strong></span> <span class='ocrx_word' id='word_1_122' title='bbox 1100 1628 1290 1700; x_wconf 77' lang='grc' dir='ltr'>ἐκδέξῃ</span> <span class='ocrx_word' id='word_1_123' title='bbox 1311 1670 1326 1694; x_wconf 91' lang='grc'><strong>,</strong></span> <span class='ocrx_word' id='word_1_124' title='bbox 1381 1636 1474 1686; x_wconf 80' lang='grc' dir='ltr'><strong>καὶ</strong></span> <span class='ocrx_word' id='word_1_125' title='bbox 1509 1637 1752 1708; x_wconf 84' lang='grc' dir='ltr'>παθητὸν</span> <span class='ocrx_word' id='word_1_126' title='bbox 1804 1642 1922 1693; x_wconf 75' lang='grc' dir='ltr'>εἱσ-</span> 
     </span>
    </p>
   </div>
   <div class='ocr_carea' id='block_1_19' title="bbox 330 1707 1922 1800">
    <p class='ocr_par' dir='ltr' id='par_1_19' title="bbox 330 1707 1922 1800">
     <span class='ocr_line' id='line_1_19' title="bbox 330 1707 1922 1800; baseline 0.016 -40"><span class='ocrx_word' id='word_1_127' title='bbox 330 1707 492 1800; x_wconf 83' lang='grc' dir='ltr'>ἀγεις</span> <span class='ocrx_word' id='word_1_128' title='bbox 515 1710 575 1762; x_wconf 83' lang='grc' dir='ltr'>τὸ</span> <span class='ocrx_word' id='word_1_129' title='bbox 595 1710 770 1766; x_wconf 83' lang='grc' dir='ltr'>Θεῖον.</span> <span class='ocrx_word' id='word_1_130' title='bbox 794 1715 852 1767; x_wconf 79' lang='lat' dir='ltr'><strong>El</strong></span> <span class='ocrx_word' id='word_1_131' title='bbox 875 1716 930 1769; x_wconf 85' lang='grc' dir='ltr'>δὲ</span> <span class='ocrx_word' id='word_1_132' title='bbox 951 1716 1028 1788; x_wconf 86' lang='grc' dir='ltr'><strong>μὴ</strong></span> <span class='ocrx_word' id='word_1_133' title='bbox 1042 1718 1310 1790; x_wconf 83' lang='grc' dir='ltr'>παθητὸν,</span> <span class='ocrx_word' id='word_1_134' title='bbox 1330 1724 1450 1777; x_wconf 83' lang='grc' dir='ltr'>οὐδὲ</span> <span class='ocrx_word' id='word_1_135' title='bbox 1465 1707 1711 1798; x_wconf 82' lang='grc' dir='ltr'>ποιητόν.</span> <span class='ocrx_word' id='word_1_136' title='bbox 1735 1731 1794 1782; x_wconf 76' lang='lat' dir='ltr'><strong>Ei</strong></span> <span class='ocrx_word' id='word_1_137' title='bbox 1822 1733 1922 1800; x_wconf 83' lang='grc' dir='ltr'>μὲν</span> 
     </span>
    </p>
   </div>
   <div class='ocr_carea' id='block_1_20' title="bbox 2599 899 3054 956">
    <p class='ocr_par' dir='ltr' id='par_1_20' title="bbox 2599 899 3054 956">
     <span class='ocr_line' id='line_1_20' title="bbox 2599 899 3054 956; baseline -0.004 -2"><span class='ocrx_word' id='word_1_138' title='bbox 2599 900 2686 955; x_wconf 73' lang='lat' dir='ltr'><strong>Ex</strong></span> <span class='ocrx_word' id='word_1_139' title='bbox 2707 901 2887 956; x_wconf 84' lang='lat' dir='ltr'><strong>eodem</strong></span> <span class='ocrx_word' id='word_1_140' title='bbox 2923 899 3054 956; x_wconf 87' lang='lat' dir='ltr'><strong>loco.</strong></span> 
     </span>
    </p>
   </div>
   <div class='ocr_carea' id='block_1_21' title="bbox 2092 986 3598 1062">
    <p class='ocr_par' dir='ltr' id='par_1_21' title="bbox 2092 986 3598 1062">
     <span class='ocr_line' id='line_1_21' title="bbox 2092 986 3598 1062; baseline -0.005 -15"><span class='ocrx_word' id='word_1_141' title='bbox 2092 992 2205 1058; x_wconf 61' lang='lat' dir='ltr'><strong>Nae,</strong></span> <span class='ocrx_word' id='word_1_142' title='bbox 2236 994 2332 1057; x_wconf 86' lang='lat' dir='ltr'><strong>ait,</strong></span> <span class='ocrx_word' id='word_1_143' title='bbox 2360 995 2452 1050; x_wconf 88' lang='lat' dir='ltr'><strong>sed</strong></span> <span class='ocrx_word' id='word_1_144' title='bbox 2485 995 2676 1050; x_wconf 81' lang='lat' dir='ltr'><strong>Petrus</strong></span> <span class='ocrx_word' id='word_1_145' title='bbox 2699 993 2831 1048; x_wconf 77' lang='lat' dir='ltr'><strong>dixit</strong></span> <span class='ocrx_word' id='word_1_146' title='bbox 2863 995 2965 1048; x_wconf 91' lang='lat' dir='ltr'><strong>hoc</strong></span> <span class='ocrx_word' id='word_1_147' title='bbox 3006 993 3162 1062; x_wconf 82' lang='lat' dir='ltr'><strong>plane</strong></span> <span class='ocrx_word' id='word_1_148' title='bbox 3193 989 3462 1059; x_wconf 85' lang='lat' dir='ltr'><strong>etpalam.</strong></span> <span class='ocrx_word' id='word_1_149' title='bbox 3493 986 3598 1041; x_wconf 89' lang='lat' dir='ltr'><strong>Ubi</strong></span> 
     </span>
    </p>
   </div>
   <div class='ocr_carea' id='block_1_22' title="bbox 2020 1080 3600 1154">
    <p class='ocr_par' dir='ltr' id='par_1_22' title="bbox 2020 1080 3600 1154">
     <span class='ocr_line' id='line_1_22' title="bbox 2020 1080 3600 1154; baseline -0.006 -16"><span class='ocrx_word' id='word_1_150' title='bbox 2020 1095 2073 1138; x_wconf 92' lang='lat' dir='ltr'><strong>et</strong></span> <span class='ocrx_word' id='word_1_151' title='bbox 2095 1087 2349 1154; x_wconf 88' lang='lat' dir='ltr'><strong>quando?</strong></span> <span class='ocrx_word' id='word_1_152' title='bbox 2378 1086 2508 1141; x_wconf 88' lang='lat' dir='ltr'><strong>Cttm</strong></span> <span class='ocrx_word' id='word_1_153' title='bbox 2545 1085 2762 1140; x_wconf 64' lang='lat' dir='ltr'><strong>Judaios</strong></span> <span class='ocrx_word' id='word_1_154' title='bbox 2791 1085 3077 1152; x_wconf 84' lang='lat' dir='ltr'><strong>alloquens</strong></span> <span class='ocrx_word' id='word_1_155' title='bbox 3120 1102 3132 1138; x_wconf 90' lang='lat'>:</span> <span class='ocrx_word' id='word_1_156' title='bbox 3173 1083 3458 1136; x_wconf 85' lang='lat' dir='ltr'><strong>Dominum</strong></span> <span class='ocrx_word' id='word_1_157' title='bbox 3513 1080 3600 1146; x_wconf 79' lang='lat' dir='ltr'><strong>ip-</strong></span> 
     </span>
    </p>
   </div>
   <div class='ocr_carea' id='block_1_23' title="bbox 2019 1173 3601 1246">
    <p class='ocr_par' dir='ltr' id='par_1_23' title="bbox 2019 1173 3601 1246">
     <span class='ocr_line' id='line_1_23' title="bbox 2019 1173 3601 1246; baseline -0.003 -19"><span class='ocrx_word' id='word_1_158' title='bbox 2019 1192 2156 1242; x_wconf 77' lang='lat' dir='ltr'><strong>sum,</strong></span> <span class='ocrx_word' id='word_1_159' title='bbox 2189 1177 2384 1246; x_wconf 85' lang='lat' dir='ltr'><strong>inquit,</strong></span> <span class='ocrx_word' id='word_1_160' title='bbox 2414 1189 2459 1231; x_wconf 83' lang='lat' dir='ltr'><strong>et</strong></span> <span class='ocrx_word' id='word_1_161' title='bbox 2503 1177 2768 1232; x_wconf 79' lang='lat' dir='ltr'><strong>Christum</strong></span> <span class='ocrx_word' id='word_1_162' title='bbox 2801 1177 2940 1231; x_wconf 79' lang='lat' dir='ltr'><strong>Deus</strong></span> <span class='ocrx_word' id='word_1_163' title='bbox 2999 1177 3120 1245; x_wconf 78' lang='lat' dir='ltr'><strong>fecit</strong></span> <span class='ocrx_word' id='word_1_164' title='bbox 3154 1175 3196 1228; x_wconf 79' lang='lat'><strong>‘.</strong></span> <span class='ocrx_word' id='word_1_165' title='bbox 3227 1173 3338 1228; x_wconf 82' lang='lat' dir='ltr'><strong>Cur</strong></span> <span class='ocrx_word' id='word_1_166' title='bbox 3383 1187 3487 1225; x_wconf 91' lang='lat' dir='ltr'><strong>non</strong></span> <span class='ocrx_word' id='word_1_167' title='bbox 3545 1181 3601 1223; x_wconf 86' lang='lat' dir='ltr'><strong>et</strong></span> 
     </span>
    </p>
   </div>
   <div class='ocr_carea' id='block_1_24' title="bbox 2020 1266 3601 1338">
    <p class='ocr_par' dir='ltr' id='par_1_24' title="bbox 2020 1266 3601 1338">
     <span class='ocr_line' id='line_1_24' title="bbox 2020 1266 3601 1338; baseline -0.003 -20"><span class='ocrx_word' id='word_1_168' title='bbox 2020 1267 2094 1328; x_wconf 85' lang='lat' dir='ltr'><strong>id,</strong></span> <span class='ocrx_word' id='word_1_169' title='bbox 2130 1272 2270 1336; x_wconf 84' lang='lat' dir='ltr'><strong>quod</strong></span> <span class='ocrx_word' id='word_1_170' title='bbox 2298 1270 2488 1323; x_wconf 87' lang='lat' dir='ltr'><strong>ordine</strong></span> <span class='ocrx_word' id='word_1_171' title='bbox 2516 1269 2697 1323; x_wconf 86' lang='lat' dir='ltr'><strong>statim</strong></span> <span class='ocrx_word' id='word_1_172' title='bbox 2731 1269 2980 1338; x_wconf 88' lang='lat' dir='ltr'><strong>sequitur</strong></span> <span class='ocrx_word' id='word_1_173' title='bbox 3033 1266 3320 1331; x_wconf 84' lang='lat' dir='ltr'><strong>addidisti,</strong></span> <span class='ocrx_word' id='word_1_174' title='bbox 3387 1277 3601 1332; x_wconf 84' lang='lat' dir='ltr'><strong>nempe,</strong></span> 
     </span>
    </p>
   </div>
   <div class='ocr_carea' id='block_1_25' title="bbox 2026 1356 3603 1431">
    <p class='ocr_par' dir='ltr' id='par_1_25' title="bbox 2026 1356 3603 1431">
     <span class='ocr_line' id='line_1_25' title="bbox 2026 1356 3603 1431; baseline -0.003 -19"><span class='ocrx_word' id='word_1_175' title='bbox 2026 1359 2184 1414; x_wconf 82' lang='lat' dir='ltr'><strong>Hunc</strong></span> <span class='ocrx_word' id='word_1_176' title='bbox 2213 1360 2397 1414; x_wconf 73' lang='lat' dir='ltr'><strong>Iesum</strong></span> <span class='ocrx_word' id='word_1_177' title='bbox 2430 1377 2580 1431; x_wconf 81' lang='lat' dir='ltr'><strong>quem</strong></span> <span class='ocrx_word' id='word_1_178' title='bbox 2626 1378 2712 1415; x_wconf 76' lang='lat' dir='ltr'><strong>eos</strong></span> <span class='ocrx_word' id='word_1_179' title='bbox 2769 1360 3110 1428; x_wconf 68' lang='lat' dir='ltr'><strong>cruci/Frisiis</strong></span> <span class='ocrx_word' id='word_1_180' title='bbox 3141 1361 3161 1390; x_wconf 83' lang='grc'>²</span> <span class='ocrx_word' id='word_1_181' title='bbox 3191 1359 3213 1412; x_wconf 73' lang='lat'><strong>7</strong></span> <span class='ocrx_word' id='word_1_182' title='bbox 3242 1358 3320 1410; x_wconf 81' lang='lat' dir='ltr'><strong>An</strong></span> <span class='ocrx_word' id='word_1_183' title='bbox 3384 1356 3603 1422; x_wconf 85' lang='lat' dir='ltr'><strong>ignoras</strong></span> 
     </span>
    </p>
   </div>
   <div class='ocr_carea' id='block_1_26' title="bbox 2019 1450 3605 1522">
    <p class='ocr_par' dir='ltr' id='par_1_26' title="bbox 2019 1450 3605 1522">
     <span class='ocr_line' id='line_1_26' title="bbox 2019 1450 3605 1522; baseline -0.003 -17"><span class='ocrx_word' id='word_1_184' title='bbox 2019 1467 2082 1506; x_wconf 88' lang='lat' dir='ltr'><strong>ea</strong></span> <span class='ocrx_word' id='word_1_185' title='bbox 2149 1469 2268 1522; x_wconf 71' lang='lat' dir='ltr'><strong>qua:</strong></span> <span class='ocrx_word' id='word_1_186' title='bbox 2326 1455 2470 1508; x_wconf 89' lang='lat' dir='ltr'><strong>dicta</strong></span> <span class='ocrx_word' id='word_1_187' title='bbox 2521 1462 2651 1508; x_wconf 86' lang='lat' dir='ltr'><strong>sunt</strong></span> <span class='ocrx_word' id='word_1_188' title='bbox 2716 1454 2913 1522; x_wconf 84' lang='lat' dir='ltr'><strong>partim</strong></span> <span class='ocrx_word' id='word_1_189' title='bbox 2977 1452 3042 1505; x_wconf 91' lang='lat' dir='ltr'><strong>ad</strong></span> <span class='ocrx_word' id='word_1_190' title='bbox 3097 1450 3456 1505; x_wconf 87' lang='lat' dir='ltr'><strong>immortalem</strong></span> <span class='ocrx_word' id='word_1_191' title='bbox 3508 1465 3605 1503; x_wconf 88' lang='lat' dir='ltr'><strong>na-</strong></span> 
     </span>
    </p>
   </div>
   <div class='ocr_carea' id='block_1_27' title="bbox 2023 1543 3606 1615">
    <p class='ocr_par' dir='ltr' id='par_1_27' title="bbox 2023 1543 3606 1615">
     <span class='ocr_line' id='line_1_27' title="bbox 2023 1543 3606 1615; baseline -0.004 -16"><span class='ocrx_word' id='word_1_192' title='bbox 2023 1555 2223 1614; x_wconf 87' lang='lat' dir='ltr'><strong>turam,</strong></span> <span class='ocrx_word' id='word_1_193' title='bbox 2256 1549 2451 1615; x_wconf 88' lang='lat' dir='ltr'><strong>partim</strong></span> <span class='ocrx_word' id='word_1_194' title='bbox 2486 1549 2550 1602; x_wconf 88' lang='lat' dir='ltr'><strong>ad</strong></span> <span class='ocrx_word' id='word_1_195' title='bbox 2580 1549 2836 1602; x_wconf 75' lang='lat' dir='ltr'><strong>curanda:</strong></span> <span class='ocrx_word' id='word_1_196' title='bbox 2884 1547 3077 1601; x_wconf 83' lang='lat' dir='ltr'><strong>salutis</strong></span> <span class='ocrx_word' id='word_1_197' title='bbox 3132 1546 3381 1598; x_wconf 67' lang='lat' dir='ltr'><strong>humana:</strong></span> <span class='ocrx_word' id='word_1_198' title='bbox 3426 1543 3606 1596; x_wconf 86' lang='lat' dir='ltr'><strong>consi-</strong></span> 
     </span>
    </p>
   </div>
   <div class='ocr_carea' id='block_1_28' title="bbox 2021 1633 3607 1704">
    <p class='ocr_par' dir='ltr' id='par_1_28' title="bbox 2021 1633 3607 1704">
     <span class='ocr_line' id='line_1_28' title="bbox 2021 1633 3607 1704; baseline -0.001 -17"><span class='ocrx_word' id='word_1_199' title='bbox 2021 1634 2148 1688; x_wconf 90' lang='lat' dir='ltr'><strong>lium</strong></span> <span class='ocrx_word' id='word_1_200' title='bbox 2190 1636 2494 1702; x_wconf 77' lang='lat' dir='ltr'><strong>pertinere?</strong></span> <span class='ocrx_word' id='word_1_201' title='bbox 2529 1637 2657 1704; x_wconf 70' lang='lat' dir='ltr'><strong>Quae</strong></span> <span class='ocrx_word' id='word_1_202' title='bbox 2696 1639 2740 1692; x_wconf 90' lang='lat' dir='ltr'><strong>si</strong></span> <span class='ocrx_word' id='word_1_203' title='bbox 2772 1651 2927 1692; x_wconf 89' lang='lat' dir='ltr'><strong>secus</strong></span> <span class='ocrx_word' id='word_1_204' title='bbox 2969 1637 3195 1698; x_wconf 86' lang='lat' dir='ltr'><strong>habent,</strong></span> <span class='ocrx_word' id='word_1_205' title='bbox 3231 1645 3284 1691; x_wconf 90' lang='lat' dir='ltr'><strong>et</strong></span> <span class='ocrx_word' id='word_1_206' title='bbox 3321 1645 3374 1689; x_wconf 92' lang='lat' dir='ltr'><strong>tu</strong></span> <span class='ocrx_word' id='word_1_207' title='bbox 3397 1633 3607 1702; x_wconf 77' lang='lat' dir='ltr'><strong>simpli-</strong></span> 
     </span>
    </p>
   </div>
   <div class='ocr_carea' id='block_1_29' title="bbox 2020 1725 3604 1794">
    <p class='ocr_par' dir='ltr' id='par_1_29' title="bbox 2020 1725 3604 1794">
     <span class='ocr_line' id='line_1_29' title="bbox 2020 1725 3604 1794; baseline -0.003 -13"><span class='ocrx_word' id='word_1_208' title='bbox 2020 1728 2157 1781; x_wconf 89' lang='lat' dir='ltr'><strong>citer</strong></span> <span class='ocrx_word' id='word_1_209' title='bbox 2182 1729 2361 1782; x_wconf 86' lang='lat' dir='ltr'><strong>omnia</strong></span> <span class='ocrx_word' id='word_1_210' title='bbox 2390 1729 2561 1784; x_wconf 79' lang='lat' dir='ltr'><strong>refers</strong></span> <span class='ocrx_word' id='word_1_211' title='bbox 2601 1730 2667 1784; x_wconf 91' lang='lat' dir='ltr'><strong>ad</strong></span> <span class='ocrx_word' id='word_1_212' title='bbox 2703 1728 3062 1785; x_wconf 79' lang='lat' dir='ltr'><strong>divinitatem.</strong></span> <span class='ocrx_word' id='word_1_213' title='bbox 3096 1728 3262 1781; x_wconf 89' lang='lat' dir='ltr'><strong>Deum</strong></span> <span class='ocrx_word' id='word_1_214' title='bbox 3297 1727 3456 1780; x_wconf 90' lang='lat' dir='ltr'><strong>etiam</strong></span> <span class='ocrx_word' id='word_1_215' title='bbox 3495 1725 3604 1794; x_wconf 86' lang='lat' dir='ltr'><strong>pati</strong></span> 
     </span>
    </p>
   </div>
   <div class='ocr_carea' id='block_1_30' title="bbox 329 1799 1928 1902">
    <p class='ocr_par' dir='ltr' id='par_1_30' title="bbox 329 1799 1922 1902">
     <span class='ocr_line' id='line_1_30' title="bbox 329 1799 1922 1902; baseline 0.018 -53"><span class='ocrx_word' id='word_1_216' title='bbox 472 1801 537 1854; x_wconf 86' lang='grc' dir='ltr'><strong>ἐκ</strong></span> <span class='ocrx_word' id='word_1_217' title='bbox 561 1800 657 1872; x_wconf 82' lang='grc' dir='ltr'>τῆς</span> <span class='ocrx_word' id='word_1_218' title='bbox 691 1803 839 1868; x_wconf 85' lang='grc' dir='ltr'>θείας</span> <span class='ocrx_word' id='word_1_219' title='bbox 867 1807 1030 1860; x_wconf 85' lang='grc' dir='ltr'>αὑτοῦ</span> <span class='ocrx_word' id='word_1_220' title='bbox 1059 1815 1154 1862; x_wconf 80' lang='grc' dir='ltr'><strong>καὶ</strong></span> <span class='ocrx_word' id='word_1_221' title='bbox 1183 1813 1428 1886; x_wconf 71' lang='grc' dir='ltr'>ἀρρήτου</span> <span class='ocrx_word' id='word_1_222' title='bbox 1456 1819 1670 1886; x_wconf 81' lang='grc' dir='ltr'>φύσεως</span> <span class='ocrx_word' id='word_1_223' title='bbox 1694 1821 1755 1874; x_wconf 79' lang='grc' dir='ltr'>τὸ</span> <span class='ocrx_word' id='word_1_224' title='bbox 1781 1799 1922 1892; x_wconf 61' lang='grc' dir='ltr'>αἷμα</span> 
     </span>
    </p>
   </div>
   <div class='ocr_carea' id='block_1_31' title="bbox 2030 1799 3609 1902">
    <p class='ocr_par' dir='ltr' id='par_1_31' title="bbox 2030 1811 3609 1890">
     <span class='ocr_line' id='line_1_31' title="bbox 2030 1811 3609 1890; baseline -0.001 -18"><span class='ocrx_word' id='word_1_225' title='bbox 2030 1820 2141 1884; x_wconf 88' lang='lat' dir='ltr'><strong>vis;</strong></span> <span class='ocrx_word' id='word_1_226' title='bbox 2198 1820 2281 1874; x_wconf 91' lang='lat' dir='ltr'><strong>sin</strong></span> <span class='ocrx_word' id='word_1_227' title='bbox 2335 1822 2444 1888; x_wconf 82' lang='lat' dir='ltr'><strong>pati</strong></span> <span class='ocrx_word' id='word_1_228' title='bbox 2504 1821 2654 1874; x_wconf 92' lang='lat' dir='ltr'><strong>illum</strong></span> <span class='ocrx_word' id='word_1_229' title='bbox 2688 1835 2874 1890; x_wconf 85' lang='lat' dir='ltr'><strong>negas,</strong></span> <span class='ocrx_word' id='word_1_230' title='bbox 2902 1835 2968 1874; x_wconf 93' lang='lat' dir='ltr'><strong>ne</strong></span> <span class='ocrx_word' id='word_1_231' title='bbox 3003 1818 3206 1874; x_wconf 88' lang='lat' dir='ltr'><strong>factum</strong></span> <span class='ocrx_word' id='word_1_232' title='bbox 3236 1811 3452 1887; x_wconf 82' lang='lat' dir='ltr'><strong>quidem</strong></span> <span class='ocrx_word' id='word_1_233' title='bbox 3484 1831 3609 1872; x_wconf 85' lang='lat' dir='ltr'><strong>esse</strong></span> 
     </span>
    </p>
   </div>
   <div class='ocr_carea' id='block_1_32' title="bbox 330 1890 1920 1978">
    <p class='ocr_par' dir='ltr' id='par_1_32' title="bbox 330 1890 1920 1978">
     <span class='ocr_line' id='line_1_32' title="bbox 330 1890 1920 1978; baseline 0.017 -36"><span class='ocrx_word' id='word_1_234' title='bbox 330 1890 586 1961; x_wconf 75' lang='grc' dir='ltr'>ἔῤῥευσε,</span> <span class='ocrx_word' id='word_1_235' title='bbox 627 1897 721 1948; x_wconf 75' lang='grc' dir='ltr'><strong>καὶ</strong></span> <span class='ocrx_word' id='word_1_236' title='bbox 763 1897 887 1950; x_wconf 75' lang='grc' dir='ltr'>ἀντὶ</span> <span class='ocrx_word' id='word_1_237' title='bbox 928 1899 1028 1969; x_wconf 82' lang='grc' dir='ltr'><strong>τῆς</strong></span> <span class='ocrx_word' id='word_1_238' title='bbox 1069 1906 1272 1974; x_wconf 86' lang='grc' dir='ltr'>σαρκὸς</span> <span class='ocrx_word' id='word_1_239' title='bbox 1313 1907 1451 1978; x_wconf 83' lang='grc' dir='ltr'>αὐτὴ</span> <span class='ocrx_word' id='word_1_240' title='bbox 1491 1911 1606 1974; x_wconf 86' lang='grc' dir='ltr'>τοῖς</span> <span class='ocrx_word' id='word_1_241' title='bbox 1645 1913 1788 1967; x_wconf 83' lang='grc' dir='ltr'>κατὰ</span> <span class='ocrx_word' id='word_1_242' title='bbox 1826 1890 1920 1968; x_wconf 79' lang='grc' dir='ltr'>τὸν</span> 
     </span>
    </p>
   </div>
   <div class='ocr_carea' id='block_1_33' title="bbox 333 1984 1920 2076">
    <p class='ocr_par' dir='ltr' id='par_1_33' title="bbox 333 1984 1920 2076">
     <span class='ocr_line' id='line_1_33' title="bbox 333 1984 1920 2076; baseline 0.018 -44"><span class='ocrx_word' id='word_1_243' title='bbox 333 1984 571 2052; x_wconf 70' lang='grc' dir='ltr'>σταυρὸν</span> <span class='ocrx_word' id='word_1_244' title='bbox 601 1984 754 2054; x_wconf 83' lang='grc' dir='ltr'>ἥλοις</span> <span class='ocrx_word' id='word_1_245' title='bbox 789 1988 1029 2060; x_wconf 79' lang='grc' dir='ltr'>διῃρεῖτο</span> <span class='ocrx_word' id='word_1_246' title='bbox 1059 1995 1157 2047; x_wconf 81' lang='grc' dir='ltr'>καὶ</span> <span class='ocrx_word' id='word_1_247' title='bbox 1209 1997 1488 2066; x_wconf 79' lang='grc' dir='ltr'><strong>ἐτέμνετο,</strong></span> <span class='ocrx_word' id='word_1_248' title='bbox 1523 2002 1679 2071; x_wconf 72' lang='grc' dir='ltr'>λόγον</span> <span class='ocrx_word' id='word_1_249' title='bbox 1709 2004 1776 2058; x_wconf 83' lang='grc' dir='ltr'>ἂν</span> <span class='ocrx_word' id='word_1_250' title='bbox 1806 2002 1920 2076; x_wconf 73' lang='grc' dir='ltr'><strong>εἶχέ</strong></span> 
     </span>
    </p>
   </div>
   <div class='ocr_carea' id='block_1_34' title="bbox 335 2079 1922 2158">
    <p class='ocr_par' dir='ltr' id='par_1_34' title="bbox 335 2079 1922 2158">
     <span class='ocr_line' id='line_1_34' title="bbox 335 2079 1922 2158; baseline 0.018 -33"><span class='ocrx_word' id='word_1_251' title='bbox 335 2090 438 2126; x_wconf 88' lang='grc' dir='ltr'><strong>σου</strong></span> <span class='ocrx_word' id='word_1_252' title='bbox 484 2079 625 2130; x_wconf 71' lang='grc' dir='ltr'>κατὰ</span> <span class='ocrx_word' id='word_1_253' title='bbox 672 2079 833 2134; x_wconf 83' lang='grc' dir='ltr'>τοῦτο</span> <span class='ocrx_word' id='word_1_254' title='bbox 881 2085 941 2135; x_wconf 81' lang='grc' dir='ltr'><strong>τὸ</strong></span> <span class='ocrx_word' id='word_1_255' title='bbox 990 2086 1254 2158; x_wconf 82' lang='grc' dir='ltr'>σόφισμα.</span> <span class='ocrx_word' id='word_1_256' title='bbox 1301 2091 1364 2143; x_wconf 77' lang='grc' dir='ltr'><strong>ΕΞ</strong></span> <span class='ocrx_word' id='word_1_257' title='bbox 1411 2093 1467 2145; x_wconf 82' lang='grc' dir='ltr'>δὲ</span> <span class='ocrx_word' id='word_1_258' title='bbox 1514 2095 1674 2149; x_wconf 85' lang='grc' dir='ltr'>τοῦτο</span> <span class='ocrx_word' id='word_1_259' title='bbox 1718 2097 1827 2152; x_wconf 83' lang='grc' dir='ltr'>οὐδ’</span> <span class='ocrx_word' id='word_1_260' title='bbox 1856 2099 1922 2153; x_wconf 85' lang='grc' dir='ltr'>ἂν</span> 
     </span>
    </p>
   </div>
   <div class='ocr_carea' id='block_1_35' title="bbox 331 2164 1923 2254">
    <p class='ocr_par' dir='ltr' id='par_1_35' title="bbox 331 2164 1923 2254">
     <span class='ocr_line' id='line_1_35' title="bbox 331 2164 1923 2254; baseline 0.016 -36"><span class='ocrx_word' id='word_1_261' title='bbox 331 2164 504 2229; x_wconf 80' lang='grc' dir='ltr'>αὐτὸς</span> <span class='ocrx_word' id='word_1_262' title='bbox 536 2169 563 2219; x_wconf 86' lang='grc' dir='ltr'>ὁ</span> <span class='ocrx_word' id='word_1_263' title='bbox 594 2167 840 2235; x_wconf 79' lang='grc' dir='ltr'>διάϐολος</span> <span class='ocrx_word' id='word_1_264' title='bbox 876 2172 1292 2248; x_wconf 83' lang='grc' dir='ltr'>βλασφημήσειε</span> <span class='ocrx_word' id='word_1_265' title='bbox 1314 2220 1329 2246; x_wconf 94' lang='grc'><strong>,</strong></span> <span class='ocrx_word' id='word_1_266' title='bbox 1364 2183 1509 2247; x_wconf 88' lang='grc' dir='ltr'>τίνος</span> <span class='ocrx_word' id='word_1_267' title='bbox 1543 2185 1731 2241; x_wconf 73' lang='grc' dir='ltr'>ἕνεκεν</span> <span class='ocrx_word' id='word_1_268' title='bbox 1759 2190 1923 2254; x_wconf 75' lang='grc' dir='ltr'>αὐτὸς</span> 
     </span>
    </p>
   </div>
   <div class='ocr_carea' id='block_1_36' title="bbox 333 2258 1924 2345">
    <p class='ocr_par' dir='ltr' id='par_1_36' title="bbox 333 2258 1924 2345">
     <span class='ocr_line' id='line_1_36' title="bbox 333 2258 1924 2345; baseline 0.016 -36"><span class='ocrx_word' id='word_1_269' title='bbox 333 2258 554 2325; x_wconf 79' lang='grc' dir='ltr'>ἀγνοεῖν</span> <span class='ocrx_word' id='word_1_270' title='bbox 587 2267 883 2336; x_wconf 73' lang='grc' dir='ltr'><strong>προσποιῇ,</strong></span> <span class='ocrx_word' id='word_1_271' title='bbox 918 2267 1306 2338; x_wconf 79' lang='grc' dir='ltr'>άσύγγνωστον</span> <span class='ocrx_word' id='word_1_272' title='bbox 1339 2273 1512 2340; x_wconf 78' lang='grc' dir='ltr'>οὕτως</span> <span class='ocrx_word' id='word_1_273' title='bbox 1535 2277 1792 2345; x_wconf 81' lang='grc' dir='ltr'>ἄγνοιαν,</span> <span class='ocrx_word' id='word_1_274' title='bbox 1830 2283 1924 2334; x_wconf 76' lang='grc' dir='ltr'>καὶ</span> 
     </span>
    </p>
   </div>
   <div class='ocr_carea' id='block_1_37' title="bbox 333 2351 1924 2436">
    <p class='ocr_par' dir='ltr' id='par_1_37' title="bbox 333 2351 1924 2436">
     <span class='ocr_line' id='line_1_37' title="bbox 333 2351 1924 2436; baseline 0.016 -34"><span class='ocrx_word' id='word_1_275' title='bbox 333 2352 408 2419; x_wconf 70' lang='grc' dir='ltr'><strong>ἦν</strong></span> <span class='ocrx_word' id='word_1_276' title='bbox 446 2351 557 2405; x_wconf 79' lang='grc' dir='ltr'>οὐδ’</span> <span class='ocrx_word' id='word_1_277' title='bbox 581 2352 647 2407; x_wconf 79' lang='grc' dir='ltr'><strong>ἂν</strong></span> <span class='ocrx_word' id='word_1_278' title='bbox 685 2356 738 2408; x_wconf 80' lang='grc' dir='ltr'><strong>οῖ</strong></span> <span class='ocrx_word' id='word_1_279' title='bbox 781 2356 1040 2427; x_wconf 76' lang='grc' dir='ltr'>δαίμονες</span> <span class='ocrx_word' id='word_1_280' title='bbox 1080 2363 1478 2435; x_wconf 75' lang='grc' dir='ltr'>ὑπεκρίναντος</span> <span class='ocrx_word' id='word_1_281' title='bbox 1511 2371 1718 2436; x_wconf 81' lang='grc' dir='ltr'>’Δλλως</span> <span class='ocrx_word' id='word_1_282' title='bbox 1762 2389 1822 2426; x_wconf 80' lang='grc' dir='ltr'>τε</span> <span class='ocrx_word' id='word_1_283' title='bbox 1865 2375 1924 2427; x_wconf 85' lang='grc' dir='ltr'><strong>τὸ</strong></span> 
     </span>
    </p>
   </div>
   <div class='ocr_carea' id='block_1_38' title="bbox 333 2443 1914 2532">
    <p class='ocr_par' dir='ltr' id='par_1_38' title="bbox 333 2443 1914 2532">
     <span class='ocr_line' id='line_1_38' title="bbox 333 2443 1914 2532; baseline 0.014 -38"><span class='ocrx_word' id='word_1_284' title='bbox 333 2443 559 2511; x_wconf 84' lang='grc' dir='ltr'>Κύριος</span> <span class='ocrx_word' id='word_1_285' title='bbox 577 2449 670 2500; x_wconf 69' lang='grc' dir='ltr'>καὶ</span> <span class='ocrx_word' id='word_1_286' title='bbox 689 2449 947 2516; x_wconf 81' lang='grc' dir='ltr'>Χριστὸς</span> <span class='ocrx_word' id='word_1_287' title='bbox 976 2453 1077 2507; x_wconf 84' lang='grc' dir='ltr'><strong>οὐκ</strong></span> <span class='ocrx_word' id='word_1_288' title='bbox 1107 2455 1257 2509; x_wconf 80' lang='grc' dir='ltr'>ἐστιν</span> <span class='ocrx_word' id='word_1_289' title='bbox 1285 2459 1496 2525; x_wconf 82' lang='grc' dir='ltr'><strong>οὐσίας,</strong></span> <span class='ocrx_word' id='word_1_290' title='bbox 1529 2460 1645 2514; x_wconf 80' lang='grc' dir='ltr'>ἀλλ’</span> <span class='ocrx_word' id='word_1_291' title='bbox 1667 2461 1914 2532; x_wconf 76' lang='grc' dir='ltr'><strong>ἀξιώμα-</strong></span> 
     </span>
    </p>
   </div>
   <div class='ocr_carea' id='block_1_39' title="bbox 333 2539 1922 2626">
    <p class='ocr_par' dir='ltr' id='par_1_39' title="bbox 333 2539 1922 2626">
     <span class='ocr_line' id='line_1_39' title="bbox 333 2539 1922 2626; baseline 0.013 -39"><span class='ocrx_word' id='word_1_292' title='bbox 333 2553 455 2598; x_wconf 86' lang='grc' dir='ltr'>τος.</span> <span class='ocrx_word' id='word_1_293' title='bbox 481 2539 551 2590; x_wconf 81' lang='grc' dir='ltr'><strong>Τὸ</strong></span> <span class='ocrx_word' id='word_1_294' title='bbox 580 2541 676 2609; x_wconf 81' lang='grc' dir='ltr'>μὲν</span> <span class='ocrx_word' id='word_1_295' title='bbox 703 2542 810 2613; x_wconf 82' lang='grc' dir='ltr'>γὰρ</span> <span class='ocrx_word' id='word_1_296' title='bbox 835 2544 932 2613; x_wconf 85' lang='grc' dir='ltr'><strong>τῆς</strong></span> <span class='ocrx_word' id='word_1_297' title='bbox 959 2545 1212 2613; x_wconf 81' lang='grc' dir='ltr'>ἐξουσίας</span> <span class='ocrx_word' id='word_1_298' title='bbox 1236 2551 1378 2614; x_wconf 76' lang='grc' dir='ltr'>ἐστὶ,</span> <span class='ocrx_word' id='word_1_299' title='bbox 1406 2553 1466 2604; x_wconf 83' lang='grc' dir='ltr'>τὸ</span> <span class='ocrx_word' id='word_1_300' title='bbox 1493 2552 1548 2606; x_wconf 85' lang='grc' dir='ltr'><strong>δέ</strong></span> <span class='ocrx_word' id='word_1_301' title='bbox 1573 2553 1667 2606; x_wconf 91' lang='grc' dir='ltr'>τοῦ</span> <span class='ocrx_word' id='word_1_302' title='bbox 1696 2555 1922 2626; x_wconf 86' lang='grc' dir='ltr'>χρισθῆ-</span> 
     </span>
    </p>
   </div>
   <div class='ocr_carea' id='block_1_40' title="bbox 334 2629 1925 2713">
    <p class='ocr_par' dir='ltr' id='par_1_40' title="bbox 334 2629 1925 2713">
     <span class='ocr_line' id='line_1_40' title="bbox 334 2629 1925 2713; baseline 0.013 -32"><span class='ocrx_word' id='word_1_303' title='bbox 334 2647 452 2683; x_wconf 73' lang='lat' dir='ltr'><strong>vat.</strong></span> <span class='ocrx_word' id='word_1_304' title='bbox 489 2631 554 2683; x_wconf 89' lang='grc' dir='ltr'>Τί</span> <span class='ocrx_word' id='word_1_305' title='bbox 597 2629 690 2686; x_wconf 82' lang='grc' dir='ltr'>οὖν</span> <span class='ocrx_word' id='word_1_306' title='bbox 725 2635 792 2689; x_wconf 80' lang='grc' dir='ltr'>ἂν</span> <span class='ocrx_word' id='word_1_307' title='bbox 825 2638 1006 2702; x_wconf 81' lang='grc' dir='ltr'>ετποις</span> <span class='ocrx_word' id='word_1_308' title='bbox 1047 2643 1179 2712; x_wconf 81' lang='grc' dir='ltr'>περὶ</span> <span class='ocrx_word' id='word_1_309' title='bbox 1211 2643 1306 2697; x_wconf 91' lang='grc' dir='ltr'>τοῦ</span> <span class='ocrx_word' id='word_1_310' title='bbox 1349 2645 1480 2698; x_wconf 81' lang='grc' dir='ltr'>Υίοῦ</span> <span class='ocrx_word' id='word_1_311' title='bbox 1515 2645 1606 2699; x_wconf 92' lang='grc' dir='ltr'><strong>τοῦ</strong></span> <span class='ocrx_word' id='word_1_312' title='bbox 1649 2647 1824 2713; x_wconf 85' lang='grc' dir='ltr'>Θεοῦ;</span> <span class='ocrx_word' id='word_1_313' title='bbox 1865 2648 1925 2702; x_wconf 79' lang='grc' dir='ltr'><strong>Εἰ</strong></span> 
     </span>
    </p>
   </div>
   <div class='ocr_carea' id='block_1_41' title="bbox 333 2722 1925 2810">
    <p class='ocr_par' dir='ltr' id='par_1_41' title="bbox 333 2722 1925 2810">
     <span class='ocr_line' id='line_1_41' title="bbox 333 2722 1925 2810; baseline 0.013 -38"><span class='ocrx_word' id='word_1_314' title='bbox 333 2722 452 2790; x_wconf 72' lang='grc' dir='ltr'><strong>γὰρ</strong></span> <span class='ocrx_word' id='word_1_315' title='bbox 493 2727 589 2776; x_wconf 76' lang='grc' dir='ltr'><strong>καὶ</strong></span> <span class='ocrx_word' id='word_1_316' title='bbox 634 2728 846 2792; x_wconf 79' lang='grc' dir='ltr'>κτιστὺς</span> <span class='ocrx_word' id='word_1_317' title='bbox 889 2726 958 2802; x_wconf 76' lang='grc' dir='ltr'>ἦν</span> <span class='ocrx_word' id='word_1_318' title='bbox 999 2733 1126 2784; x_wconf 85' lang='grc' dir='ltr'>καθ’</span> <span class='ocrx_word' id='word_1_319' title='bbox 1154 2735 1322 2804; x_wconf 77' lang='grc' dir='ltr'>ὑμᾶς,</span> <span class='ocrx_word' id='word_1_320' title='bbox 1366 2736 1524 2791; x_wconf 88' lang='grc' dir='ltr'>τοῦτο</span> <span class='ocrx_word' id='word_1_321' title='bbox 1565 2739 1665 2791; x_wconf 86' lang='grc' dir='ltr'><strong>οὐκ</strong></span> <span class='ocrx_word' id='word_1_322' title='bbox 1707 2738 1772 2792; x_wconf 88' lang='grc' dir='ltr'>ἂν</span> <span class='ocrx_word' id='word_1_323' title='bbox 1811 2739 1925 2810; x_wconf 83' lang='grc' dir='ltr'>ἔχοι</span> 
     </span>
    </p>
   </div>
   <div class='ocr_carea' id='block_1_42' title="bbox 337 2813 1928 2895">
    <p class='ocr_par' dir='ltr' id='par_1_42' title="bbox 337 2813 1928 2895">
     <span class='ocr_line' id='line_1_42' title="bbox 337 2813 1928 2895; baseline 0.012 -31"><span class='ocrx_word' id='word_1_324' title='bbox 337 2813 547 2884; x_wconf 76' lang='grc' dir='ltr'>χώραν.</span> <span class='ocrx_word' id='word_1_325' title='bbox 580 2818 656 2870; x_wconf 85' lang='grc' dir='ltr'><strong>Οὐ</strong></span> <span class='ocrx_word' id='word_1_326' title='bbox 687 2819 796 2892; x_wconf 87' lang='grc' dir='ltr'><strong>γὰρ</strong></span> <span class='ocrx_word' id='word_1_327' title='bbox 824 2821 888 2891; x_wconf 81' lang='grc' dir='ltr'>δὴ</span> <span class='ocrx_word' id='word_1_328' title='bbox 921 2823 1190 2895; x_wconf 84' lang='grc' dir='ltr'>πρότερον</span> <span class='ocrx_word' id='word_1_329' title='bbox 1220 2828 1453 2893; x_wconf 77' lang='grc' dir='ltr'>ἐγένετο,</span> <span class='ocrx_word' id='word_1_330' title='bbox 1490 2830 1583 2882; x_wconf 76' lang='grc' dir='ltr'><strong>καὶ</strong></span> <span class='ocrx_word' id='word_1_331' title='bbox 1611 2831 1733 2882; x_wconf 83' lang='grc' dir='ltr'>τότε</span> <span class='ocrx_word' id='word_1_332' title='bbox 1765 2831 1928 2884; x_wconf 74' lang='grc' dir='ltr'>αὑτὸν</span> 
     </span>
    </p>
   </div>
   <div class='ocr_carea' id='block_1_43' title="bbox 342 2906 1928 2992">
    <p class='ocr_par' dir='ltr' id='par_1_43' title="bbox 342 2906 1928 2992">
     <span class='ocr_line' id='line_1_43' title="bbox 342 2906 1928 2992; baseline 0.012 -35"><span class='ocrx_word' id='word_1_333' title='bbox 342 2906 753 2982; x_wconf 70' lang='grc' dir='ltr'>ἐχειροτόνησεν</span> <span class='ocrx_word' id='word_1_334' title='bbox 776 2913 805 2965; x_wconf 87' lang='grc' dir='ltr'>ὀ</span> <span class='ocrx_word' id='word_1_335' title='bbox 829 2913 981 2979; x_wconf 77' lang='grc' dir='ltr'>Θεὸς,</span> <span class='ocrx_word' id='word_1_336' title='bbox 1005 2915 1126 2969; x_wconf 84' lang='grc' dir='ltr'>οὐδὲ</span> <span class='ocrx_word' id='word_1_337' title='bbox 1151 2918 1444 2989; x_wconf 77' lang='grc' dir='ltr'>ἐπίκτητον</span> <span class='ocrx_word' id='word_1_338' title='bbox 1467 2919 1582 2991; x_wconf 75' lang='grc' dir='ltr'>ἔχει</span> <span class='ocrx_word' id='word_1_339' title='bbox 1603 2921 1703 2992; x_wconf 83' lang='grc' dir='ltr'>τὴν</span> <span class='ocrx_word' id='word_1_340' title='bbox 1727 2921 1928 2992; x_wconf 78' lang='grc' dir='ltr'>ἀρχὴν.</span> 
     </span>
    </p>
   </div>
   <div class='ocr_carea' id='block_1_44' title="bbox 345 2997 1925 3083">
    <p class='ocr_par' dir='ltr' id='par_1_44' title="bbox 345 2997 1925 3083">
     <span class='ocr_line' id='line_1_44' title="bbox 345 2997 1925 3083; baseline 0.023 -36"><span class='ocrx_word' id='word_1_341' title='bbox 345 2997 480 3050; x_wconf 80' lang='grc' dir='ltr'>ἀλλὰ</span> <span class='ocrx_word' id='word_1_342' title='bbox 509 3001 669 3068; x_wconf 83' lang='grc' dir='ltr'>φύσει</span> <span class='ocrx_word' id='word_1_343' title='bbox 696 3003 790 3056; x_wconf 76' lang='grc' dir='ltr'><strong>καὶ</strong></span> <span class='ocrx_word' id='word_1_344' title='bbox 817 3005 1181 3076; x_wconf 79' lang='grc' dir='ltr'>οὐσιωμὲνην.</span> <span class='ocrx_word' id='word_1_345' title='bbox 1217 3007 1551 3080; x_wconf 78' lang='grc' dir='ltr'>Ἐρωτηθεὶς</span> <span class='ocrx_word' id='word_1_346' title='bbox 1580 3012 1712 3083; x_wconf 78' lang='grc' dir='ltr'>γὰρ,</span> <span class='ocrx_word' id='word_1_347' title='bbox 1746 3014 1794 3065; x_wconf 60' lang='grc' dir='ltr'><strong>ει</strong></span> <span class='ocrx_word' id='word_1_348' title='bbox 1827 3013 1925 3082; x_wconf 71' lang='grc' dir='ltr'><strong>βα·</strong></span> 
     </span>
    </p>
   </div>
   <div class='ocr_carea' id='block_1_45' title="bbox 344 3089 1929 3175">
    <p class='ocr_par' dir='ltr' id='par_1_45' title="bbox 344 3089 1929 3175">
     <span class='ocr_line' id='line_1_45' title="bbox 344 3089 1929 3175; baseline 0.013 -35"><span class='ocrx_word' id='word_1_349' title='bbox 344 3089 524 3153; x_wconf 84' lang='grc' dir='ltr'>σιλεὺς</span> <span class='ocrx_word' id='word_1_350' title='bbox 557 3094 666 3163; x_wconf 78' lang='grc' dir='ltr'>εἴη,</span> <span class='ocrx_word' id='word_1_351' title='bbox 699 3094 863 3166; x_wconf 67' lang='grc' dir='ltr'><strong>Ἐγὼ</strong></span> <span class='ocrx_word' id='word_1_352' title='bbox 885 3100 973 3164; x_wconf 83' lang='grc' dir='ltr'>είς</span> <span class='ocrx_word' id='word_1_353' title='bbox 1007 3099 1186 3154; x_wconf 81' lang='grc' dir='ltr'>τοῦτο</span> <span class='ocrx_word' id='word_1_354' title='bbox 1213 3101 1573 3172; x_wconf 79' lang='grc' dir='ltr'><strong>γεγέννημαι</strong></span> <span class='ocrx_word' id='word_1_355' title='bbox 1593 3146 1610 3171; x_wconf 84' lang='grc'><strong>,</strong></span> <span class='ocrx_word' id='word_1_356' title='bbox 1641 3106 1826 3175; x_wconf 82' lang='grc' dir='ltr'>φησίν.</span> <span class='ocrx_word' id='word_1_357' title='bbox 1871 3107 1929 3160; x_wconf 85' lang='grc'><strong>’0</strong></span> 
     </span>
    </p>
   </div>
   <div class='ocr_carea' id='block_1_46' title="bbox 2023 1910 3611 1978">
    <p class='ocr_par' dir='ltr' id='par_1_46' title="bbox 2023 1910 3611 1978">
     <span class='ocr_line' id='line_1_46' title="bbox 2023 1910 3611 1978; baseline -0.003 -13"><span class='ocrx_word' id='word_1_358' title='bbox 2023 1910 2301 1965; x_wconf 83' lang='lat' dir='ltr'><strong>concedis.</strong></span> <span class='ocrx_word' id='word_1_359' title='bbox 2333 1910 2388 1964; x_wconf 89' lang='lat' dir='ltr'><strong>Si</strong></span> <span class='ocrx_word' id='word_1_360' title='bbox 2415 1911 2556 1966; x_wconf 92' lang='lat' dir='ltr'><strong>enim</strong></span> <span class='ocrx_word' id='word_1_361' title='bbox 2589 1926 2657 1966; x_wconf 79' lang='lat' dir='ltr'><strong>ex</strong></span> <span class='ocrx_word' id='word_1_362' title='bbox 2687 1911 2864 1964; x_wconf 84' lang='lat' dir='ltr'><strong>divina</strong></span> <span class='ocrx_word' id='word_1_363' title='bbox 2891 1910 2981 1963; x_wconf 90' lang='lat' dir='ltr'><strong>illa</strong></span> <span class='ocrx_word' id='word_1_364' title='bbox 3037 1917 3250 1972; x_wconf 89' lang='lat' dir='ltr'><strong>natura,</strong></span> <span class='ocrx_word' id='word_1_365' title='bbox 3309 1921 3428 1978; x_wconf 75' lang='lat' dir='ltr'><strong>qua:</strong></span> <span class='ocrx_word' id='word_1_366' title='bbox 3485 1921 3611 1961; x_wconf 67' lang='lat' dir='ltr'><strong>ver-</strong></span> 
     </span>
    </p>
   </div>
   <div class='ocr_carea' id='block_1_47' title="bbox 2023 1999 3607 2074">
    <p class='ocr_par' dir='ltr' id='par_1_47' title="bbox 2023 1999 3607 2074">
     <span class='ocr_line' id='line_1_47' title="bbox 2023 1999 3607 2074; baseline -0.004 -15"><span class='ocrx_word' id='word_1_367' title='bbox 2023 2005 2108 2059; x_wconf 89' lang='lat' dir='ltr'><strong>bis</strong></span> <span class='ocrx_word' id='word_1_368' title='bbox 2135 2003 2394 2074; x_wconf 79' lang='lat' dir='ltr'><strong>explicari</strong></span> <span class='ocrx_word' id='word_1_369' title='bbox 2418 2019 2528 2057; x_wconf 84' lang='lat' dir='ltr'><strong>non</strong></span> <span class='ocrx_word' id='word_1_370' title='bbox 2564 2013 2764 2072; x_wconf 87' lang='lat' dir='ltr'><strong>potest,</strong></span> <span class='ocrx_word' id='word_1_371' title='bbox 2798 2004 3020 2073; x_wconf 76' lang='lat' dir='ltr'><strong>sanguis</strong></span> <span class='ocrx_word' id='word_1_372' title='bbox 3049 2001 3319 2066; x_wconf 79' lang='lat' dir='ltr'><strong>ﬂuxisset,</strong></span> <span class='ocrx_word' id='word_1_373' title='bbox 3378 2009 3433 2055; x_wconf 91' lang='lat' dir='ltr'><strong>et</strong></span> <span class='ocrx_word' id='word_1_374' title='bbox 3492 1999 3607 2068; x_wconf 88' lang='lat' dir='ltr'><strong>ipsa</strong></span> 
     </span>
    </p>
   </div>
   <div class='ocr_carea' id='block_1_48' title="bbox 2025 2091 3612 2164">
    <p class='ocr_par' dir='ltr' id='par_1_48' title="bbox 2025 2091 3612 2164">
     <span class='ocr_line' id='line_1_48' title="bbox 2025 2091 3612 2164; baseline -0.004 -15"><span class='ocrx_word' id='word_1_375' title='bbox 2025 2110 2122 2164; x_wconf 91' lang='lat' dir='ltr'><strong>pro</strong></span> <span class='ocrx_word' id='word_1_376' title='bbox 2175 2110 2341 2149; x_wconf 86' lang='lat' dir='ltr'><strong>carne</strong></span> <span class='ocrx_word' id='word_1_377' title='bbox 2375 2095 2542 2149; x_wconf 79' lang='lat' dir='ltr'><strong>claris</strong></span> <span class='ocrx_word' id='word_1_378' title='bbox 2586 2095 2638 2148; x_wconf 94' lang='lat' dir='ltr'><strong>in</strong></span> <span class='ocrx_word' id='word_1_379' title='bbox 2702 2108 2864 2150; x_wconf 90' lang='lat' dir='ltr'><strong>cruce</strong></span> <span class='ocrx_word' id='word_1_380' title='bbox 2918 2094 3178 2148; x_wconf 86' lang='lat' dir='ltr'><strong>dilaniata</strong></span> <span class='ocrx_word' id='word_1_381' title='bbox 3228 2102 3282 2147; x_wconf 91' lang='lat' dir='ltr'><strong>et</strong></span> <span class='ocrx_word' id='word_1_382' title='bbox 3334 2091 3612 2147; x_wconf 84' lang='lat' dir='ltr'><strong>conscissa</strong></span> 
     </span>
    </p>
   </div>
   <div class='ocr_carea' id='block_1_49' title="bbox 2023 2182 3605 2254">
    <p class='ocr_par' dir='ltr' id='par_1_49' title="bbox 2023 2182 3605 2254">
     <span class='ocr_line' id='line_1_49' title="bbox 2023 2182 3605 2254; baseline -0.004 -13"><span class='ocrx_word' id='word_1_383' title='bbox 2023 2197 2591 2254; x_wconf 79' lang='lat' dir='ltr'><strong>esset,argumentum</strong></span> <span class='ocrx_word' id='word_1_384' title='bbox 2639 2193 2787 2240; x_wconf 91' lang='lat' dir='ltr'><strong>tuum</strong></span> <span class='ocrx_word' id='word_1_385' title='bbox 2823 2187 2927 2240; x_wconf 92' lang='lat' dir='ltr'><strong>hoc</strong></span> <span class='ocrx_word' id='word_1_386' title='bbox 2977 2185 3095 2239; x_wconf 87' lang='lat' dir='ltr'><strong>loco</strong></span> <span class='ocrx_word' id='word_1_387' title='bbox 3125 2183 3402 2253; x_wconf 87' lang='lat' dir='ltr'><strong>probabile</strong></span> <span class='ocrx_word' id='word_1_388' title='bbox 3453 2182 3605 2237; x_wconf 87' lang='lat' dir='ltr'><strong>vidc-</strong></span> 
     </span>
    </p>
   </div>
   <div class='ocr_carea' id='block_1_50' title="bbox 2026 2271 3610 2342">
    <p class='ocr_par' dir='ltr' id='par_1_50' title="bbox 2026 2271 3610 2342">
     <span class='ocr_line' id='line_1_50' title="bbox 2026 2271 3610 2342; baseline -0.003 -12"><span class='ocrx_word' id='word_1_389' title='bbox 2026 2289 2199 2330; x_wconf 90' lang='lat' dir='ltr'><strong>retur.</strong></span> <span class='ocrx_word' id='word_1_390' title='bbox 2229 2276 2380 2342; x_wconf 83' lang='lat' dir='ltr'><strong>Quod</strong></span> <span class='ocrx_word' id='word_1_391' title='bbox 2407 2277 2452 2330; x_wconf 90' lang='lat' dir='ltr'><strong>si</strong></span> <span class='ocrx_word' id='word_1_392' title='bbox 2503 2277 2618 2330; x_wconf 68' lang='lat' dir='ltr'><strong>haec</strong></span> <span class='ocrx_word' id='word_1_393' title='bbox 2681 2285 2790 2329; x_wconf 91' lang='lat' dir='ltr'><strong>tam</strong></span> <span class='ocrx_word' id='word_1_394' title='bbox 2847 2275 3180 2329; x_wconf 74' lang='lat' dir='ltr'><strong>exsecranda</strong></span> <span class='ocrx_word' id='word_1_395' title='bbox 3242 2289 3310 2328; x_wconf 92' lang='lat' dir='ltr'><strong>ne</strong></span> <span class='ocrx_word' id='word_1_396' title='bbox 3360 2271 3610 2326; x_wconf 88' lang='lat' dir='ltr'><strong>diabolus</strong></span> 
     </span>
    </p>
   </div>
   <div class='ocr_carea' id='block_1_51' title="bbox 2026 2361 3632 2438">
    <p class='ocr_par' dir='ltr' id='par_1_51' title="bbox 2026 2361 3632 2438">
     <span class='ocr_line' id='line_1_51' title="bbox 2026 2361 3632 2438; baseline -0.005 -17"><span class='ocrx_word' id='word_1_397' title='bbox 2026 2368 2240 2436; x_wconf 90' lang='lat' dir='ltr'><strong>quidem</strong></span> <span class='ocrx_word' id='word_1_398' title='bbox 2271 2367 2387 2433; x_wconf 89' lang='lat' dir='ltr'><strong>ipse</strong></span> <span class='ocrx_word' id='word_1_399' title='bbox 2415 2367 2644 2434; x_wconf 85' lang='lat' dir='ltr'><strong>diceret,</strong></span> <span class='ocrx_word' id='word_1_400' title='bbox 2676 2382 2776 2421; x_wconf 89' lang='lat' dir='ltr'><strong>cur</strong></span> <span class='ocrx_word' id='word_1_401' title='bbox 2807 2366 2963 2421; x_wconf 88' lang='lat' dir='ltr'><strong>istam</strong></span> <span class='ocrx_word' id='word_1_402' title='bbox 3031 2375 3086 2418; x_wconf 90' lang='lat' dir='ltr'><strong>ttt</strong></span> <span class='ocrx_word' id='word_1_403' title='bbox 3112 2363 3254 2419; x_wconf 89' lang='lat' dir='ltr'><strong>nulla</strong></span> <span class='ocrx_word' id='word_1_404' title='bbox 3313 2364 3471 2418; x_wconf 87' lang='lat' dir='ltr'><strong>venia</strong></span> <span class='ocrx_word' id='word_1_405' title='bbox 3534 2361 3632 2438; x_wconf 42' lang='lat' dir='ltr'><strong>di:</strong></span> 
     </span>
    </p>
   </div>
   <div class='ocr_carea' id='block_1_52' title="bbox 2026 2455 3611 2530">
    <p class='ocr_par' dir='ltr' id='par_1_52' title="bbox 2026 2455 3611 2530">
     <span class='ocr_line' id='line_1_52' title="bbox 2026 2455 3611 2530; baseline -0.003 -17"><span class='ocrx_word' id='word_1_406' title='bbox 2026 2475 2184 2526; x_wconf 89' lang='lat' dir='ltr'><strong>gnam</strong></span> <span class='ocrx_word' id='word_1_407' title='bbox 2219 2459 2376 2527; x_wconf 83' lang='lat' dir='ltr'><strong>ﬁngis</strong></span> <span class='ocrx_word' id='word_1_408' title='bbox 2423 2459 2806 2530; x_wconf 87' lang='lat' dir='ltr'><strong>ignorantiam,</strong></span> <span class='ocrx_word' id='word_1_409' title='bbox 2839 2474 3001 2528; x_wconf 87' lang='lat' dir='ltr'><strong>quam</strong></span> <span class='ocrx_word' id='word_1_410' title='bbox 3039 2472 3106 2511; x_wconf 91' lang='lat' dir='ltr'><strong>ne</strong></span> <span class='ocrx_word' id='word_1_411' title='bbox 3159 2459 3433 2511; x_wconf 68' lang='lat' dir='ltr'><strong>daemones</strong></span> <span class='ocrx_word' id='word_1_412' title='bbox 3485 2455 3611 2523; x_wconf 85' lang='lat' dir='ltr'><strong>qui-</strong></span> 
     </span>
    </p>
   </div>
   <div class='ocr_carea' id='block_1_53' title="bbox 2027 2548 3610 2621">
    <p class='ocr_par' dir='ltr' id='par_1_53' title="bbox 2027 2548 3610 2621">
     <span class='ocr_line' id='line_1_53' title="bbox 2027 2548 3610 2621; baseline -0.001 -17"><span class='ocrx_word' id='word_1_413' title='bbox 2027 2551 2148 2605; x_wconf 86' lang='lat' dir='ltr'><strong>dem</strong></span> <span class='ocrx_word' id='word_1_414' title='bbox 2187 2552 2286 2621; x_wconf 74' lang='lat' dir='ltr'><strong>ipsi</strong></span> <span class='ocrx_word' id='word_1_415' title='bbox 2325 2568 2434 2620; x_wconf 72' lang='lat' dir='ltr'><strong>prae</strong></span> <span class='ocrx_word' id='word_1_416' title='bbox 2463 2568 2521 2606; x_wconf 90' lang='lat' dir='ltr'><strong>se</strong></span> <span class='ocrx_word' id='word_1_417' title='bbox 2573 2551 2820 2606; x_wconf 84' lang='lat' dir='ltr'><strong>ferrent?</strong></span> <span class='ocrx_word' id='word_1_418' title='bbox 2869 2553 3189 2621; x_wconf 82' lang='lat' dir='ltr'><strong>Quanquam</strong></span> <span class='ocrx_word' id='word_1_419' title='bbox 3246 2548 3410 2603; x_wconf 85' lang='lat' dir='ltr'><strong>verba</strong></span> <span class='ocrx_word' id='word_1_420' title='bbox 3467 2548 3557 2602; x_wconf 86' lang='lat' dir='ltr'><strong>illa</strong></span> <span class='ocrx_word' id='word_1_421' title='bbox 3593 2563 3610 2603; x_wconf 89' lang='lat'><strong>:</strong></span> 
     </span>
    </p>
   </div>
   <div class='ocr_carea' id='block_1_54' title="bbox 2030 2639 3614 2708">
    <p class='ocr_par' dir='ltr' id='par_1_54' title="bbox 2030 2639 3614 2708">
     <span class='ocr_line' id='line_1_54' title="bbox 2030 2639 3614 2708; baseline -0.003 -12"><span class='ocrx_word' id='word_1_422' title='bbox 2030 2643 2285 2697; x_wconf 75' lang='lat' dir='ltr'><strong>Dominus</strong></span> <span class='ocrx_word' id='word_1_423' title='bbox 2307 2655 2363 2698; x_wconf 91' lang='lat' dir='ltr'><strong>et</strong></span> <span class='ocrx_word' id='word_1_424' title='bbox 2395 2643 2661 2708; x_wconf 78' lang='lat' dir='ltr'><strong>Christus,</strong></span> <span class='ocrx_word' id='word_1_425' title='bbox 2692 2658 2796 2698; x_wconf 91' lang='lat' dir='ltr'><strong>non</strong></span> <span class='ocrx_word' id='word_1_426' title='bbox 2840 2644 3090 2697; x_wconf 70' lang='lat' dir='ltr'><strong>essentia:</strong></span> <span class='ocrx_word' id='word_1_427' title='bbox 3121 2651 3270 2704; x_wconf 90' lang='lat' dir='ltr'><strong>sunt,</strong></span> <span class='ocrx_word' id='word_1_428' title='bbox 3299 2639 3399 2695; x_wconf 84' lang='lat' dir='ltr'><strong>sed</strong></span> <span class='ocrx_word' id='word_1_429' title='bbox 3431 2639 3614 2708; x_wconf 87' lang='lat' dir='ltr'><strong>digni-</strong></span> 
     </span>
    </p>
   </div>
   <div class='ocr_carea' id='block_1_55' title="bbox 2029 2731 3612 2803">
    <p class='ocr_par' dir='ltr' id='par_1_55' title="bbox 2029 2731 3612 2803">
     <span class='ocr_line' id='line_1_55' title="bbox 2029 2731 3612 2803; baseline -0.005 -15"><span class='ocrx_word' id='word_1_430' title='bbox 2029 2734 2179 2789; x_wconf 79' lang='lat' dir='ltr'><strong>tatis.</strong></span> <span class='ocrx_word' id='word_1_431' title='bbox 2213 2735 2473 2788; x_wconf 85' lang='lat' dir='ltr'><strong>Dominus</strong></span> <span class='ocrx_word' id='word_1_432' title='bbox 2504 2735 2646 2788; x_wconf 90' lang='lat' dir='ltr'><strong>enim</strong></span> <span class='ocrx_word' id='word_1_433' title='bbox 2679 2742 3034 2803; x_wconf 86' lang='lat' dir='ltr'><strong>potestatem,</strong></span> <span class='ocrx_word' id='word_1_434' title='bbox 3091 2731 3345 2786; x_wconf 83' lang='lat' dir='ltr'><strong>Christus</strong></span> <span class='ocrx_word' id='word_1_435' title='bbox 3399 2731 3612 2784; x_wconf 82' lang='lat' dir='ltr'><strong>unctio-</strong></span> 
     </span>
    </p>
   </div>
   <div class='ocr_carea' id='block_1_56' title="bbox 2031 2817 3612 2894">
    <p class='ocr_par' dir='ltr' id='par_1_56' title="bbox 2031 2817 3612 2894">
     <span class='ocr_line' id='line_1_56' title="bbox 2031 2817 3612 2894; baseline -0.004 -16"><span class='ocrx_word' id='word_1_436' title='bbox 2031 2840 2150 2879; x_wconf 91' lang='lat' dir='ltr'><strong>nem</strong></span> <span class='ocrx_word' id='word_1_437' title='bbox 2181 2824 2474 2894; x_wconf 88' lang='lat' dir='ltr'><strong>signiticat.</strong></span> <span class='ocrx_word' id='word_1_438' title='bbox 2505 2823 2641 2889; x_wconf 86' lang='lat' dir='ltr'><strong>Quid</strong></span> <span class='ocrx_word' id='word_1_439' title='bbox 2671 2824 2834 2892; x_wconf 83' lang='lat' dir='ltr'><strong>igitur</strong></span> <span class='ocrx_word' id='word_1_440' title='bbox 2865 2824 3012 2877; x_wconf 86' lang='lat' dir='ltr'><strong>dices</strong></span> <span class='ocrx_word' id='word_1_441' title='bbox 3039 2822 3106 2876; x_wconf 90' lang='lat' dir='ltr'><strong>de</strong></span> <span class='ocrx_word' id='word_1_442' title='bbox 3157 2820 3294 2876; x_wconf 74' lang='lat' dir='ltr'><strong>Filio</strong></span> <span class='ocrx_word' id='word_1_443' title='bbox 3353 2821 3486 2875; x_wconf 84' lang='lat' dir='ltr'><strong>Dei?</strong></span> <span class='ocrx_word' id='word_1_444' title='bbox 3553 2817 3612 2873; x_wconf 87' lang='lat' dir='ltr'><strong>Si</strong></span> 
     </span>
    </p>
   </div>
   <div class='ocr_carea' id='block_1_57' title="bbox 2029 2913 3612 2985">
    <p class='ocr_par' dir='ltr' id='par_1_57' title="bbox 2029 2913 3612 2985">
     <span class='ocr_line' id='line_1_57' title="bbox 2029 2913 3612 2985; baseline -0.004 -16"><span class='ocrx_word' id='word_1_445' title='bbox 2029 2917 2199 2981; x_wconf 89' lang='lat' dir='ltr'><strong>enim,</strong></span> <span class='ocrx_word' id='word_1_446' title='bbox 2229 2916 2690 2985; x_wconf 82' lang='lat' dir='ltr'><strong>quemadmodum</strong></span> <span class='ocrx_word' id='word_1_447' title='bbox 2745 2929 2842 2968; x_wconf 84' lang='lat' dir='ltr'><strong>vos</strong></span> <span class='ocrx_word' id='word_1_448' title='bbox 2871 2913 3109 2977; x_wconf 91' lang='lat' dir='ltr'><strong>sentitis,</strong></span> <span class='ocrx_word' id='word_1_449' title='bbox 3170 2924 3387 2968; x_wconf 89' lang='lat' dir='ltr'><strong>creatus</strong></span> <span class='ocrx_word' id='word_1_450' title='bbox 3442 2923 3612 2976; x_wconf 86' lang='lat' dir='ltr'><strong>esset,</strong></span> 
     </span>
    </p>
   </div>
   <div class='ocr_carea' id='block_1_58' title="bbox 2031 3005 3618 3076">
    <p class='ocr_par' dir='ltr' id='par_1_58' title="bbox 2031 3005 3618 3076">
     <span class='ocr_line' id='line_1_58' title="bbox 2031 3005 3618 3076; baseline -0.004 -13"><span class='ocrx_word' id='word_1_451' title='bbox 2031 3010 2136 3064; x_wconf 89' lang='lat' dir='ltr'><strong>hoc</strong></span> <span class='ocrx_word' id='word_1_452' title='bbox 2175 3025 2282 3063; x_wconf 92' lang='lat' dir='ltr'><strong>non</strong></span> <span class='ocrx_word' id='word_1_453' title='bbox 2311 3009 2537 3064; x_wconf 89' lang='lat' dir='ltr'><strong>haberet</strong></span> <span class='ocrx_word' id='word_1_454' title='bbox 2578 3009 2782 3062; x_wconf 90' lang='lat' dir='ltr'><strong>locum.</strong></span> <span class='ocrx_word' id='word_1_455' title='bbox 2807 3005 2923 3062; x_wconf 89' lang='lat' dir='ltr'><strong>Non</strong></span> <span class='ocrx_word' id='word_1_456' title='bbox 2980 3009 3122 3062; x_wconf 86' lang='lat' dir='ltr'><strong>enim</strong></span> <span class='ocrx_word' id='word_1_457' title='bbox 3155 3021 3274 3062; x_wconf 93' lang='lat' dir='ltr'><strong>cum</strong></span> <span class='ocrx_word' id='word_1_458' title='bbox 3333 3008 3483 3076; x_wconf 90' lang='lat' dir='ltr'><strong>prius</strong></span> <span class='ocrx_word' id='word_1_459' title='bbox 3534 3007 3618 3059; x_wconf 89' lang='lat' dir='ltr'><strong>fa-</strong></span> 
     </span>
    </p>
   </div>
   <div class='ocr_carea' id='block_1_59' title="bbox 2033 3095 3614 3169">
    <p class='ocr_par' dir='ltr' id='par_1_59' title="bbox 2033 3095 3614 3169">
     <span class='ocr_line' id='line_1_59' title="bbox 2033 3095 3614 3169; baseline -0.004 -15"><span class='ocrx_word' id='word_1_460' title='bbox 2033 3108 2173 3165; x_wconf 92' lang='lat' dir='ltr'><strong>ctus,</strong></span> <span class='ocrx_word' id='word_1_461' title='bbox 2235 3100 2398 3169; x_wconf 89' lang='lat' dir='ltr'><strong>elegit</strong></span> <span class='ocrx_word' id='word_1_462' title='bbox 2455 3110 2583 3152; x_wconf 89' lang='lat' dir='ltr'><strong>tunc</strong></span> <span class='ocrx_word' id='word_1_463' title='bbox 2664 3099 2825 3153; x_wconf 82' lang='lat' dir='ltr'><strong>Deus.</strong></span> <span class='ocrx_word' id='word_1_464' title='bbox 2886 3095 2995 3151; x_wconf 89' lang='lat' dir='ltr'><strong>Nec</strong></span> <span class='ocrx_word' id='word_1_465' title='bbox 3068 3096 3425 3151; x_wconf 87' lang='lat' dir='ltr'><strong>adventitittm</strong></span> <span class='ocrx_word' id='word_1_466' title='bbox 3501 3096 3614 3161; x_wconf 76' lang='lat' dir='ltr'><strong>ille,</strong></span> 
     </span>
    </p>
   </div>
   <div class='ocr_carea' id='block_1_60' title="bbox 340 3181 1928 3266">
    <p class='ocr_par' dir='ltr' id='par_1_60' title="bbox 340 3181 1925 3266">
     <span class='ocr_line' id='line_1_60' title="bbox 340 3181 1925 3266; baseline 0.01 -31"><span class='ocrx_word' id='word_1_467' title='bbox 340 3181 403 3235; x_wconf 81' lang='grc' dir='ltr'><strong>δέ</strong></span> <span class='ocrx_word' id='word_1_468' title='bbox 429 3185 651 3257; x_wconf 73' lang='grc' dir='ltr'>Πέτρος,</span> <span class='ocrx_word' id='word_1_469' title='bbox 672 3189 746 3248; x_wconf 82' lang='grc' dir='ltr'>ὡς</span> <span class='ocrx_word' id='word_1_470' title='bbox 776 3193 908 3262; x_wconf 85' lang='grc' dir='ltr'>περί</span> <span class='ocrx_word' id='word_1_471' title='bbox 943 3210 1090 3257; x_wconf 89' lang='grc' dir='ltr'>τινος</span> <span class='ocrx_word' id='word_1_472' title='bbox 1124 3196 1617 3266; x_wconf 82' lang='grc' dir='ltr'>χειροτονηθέντος,</span> <span class='ocrx_word' id='word_1_473' title='bbox 1641 3197 1784 3251; x_wconf 77' lang='grc' dir='ltr'>οὕτω</span> <span class='ocrx_word' id='word_1_474' title='bbox 1809 3200 1925 3253; x_wconf 77' lang='grc' dir='ltr'>δια-</span> 
     </span>
    </p>
   </div>
   <div class='ocr_carea' id='block_1_61' title="bbox 2030 3181 3618 3266">
    <p class='ocr_par' dir='ltr' id='par_1_61' title="bbox 2032 3187 3618 3263">
     <span class='ocr_line' id='line_1_61' title="bbox 2032 3187 3618 3263; baseline -0.003 -15"><span class='ocrx_word' id='word_1_475' title='bbox 2032 3195 2124 3248; x_wconf 89' lang='lat' dir='ltr'><strong>sed</strong></span> <span class='ocrx_word' id='word_1_476' title='bbox 2177 3207 2278 3263; x_wconf 89' lang='lat' dir='ltr'><strong>per</strong></span> <span class='ocrx_word' id='word_1_477' title='bbox 2356 3203 2608 3245; x_wconf 83' lang='lat' dir='ltr'><strong>naturam</strong></span> <span class='ocrx_word' id='word_1_478' title='bbox 2687 3199 2742 3245; x_wconf 87' lang='lat' dir='ltr'><strong>et</strong></span> <span class='ocrx_word' id='word_1_479' title='bbox 2819 3190 3109 3245; x_wconf 89' lang='lat' dir='ltr'><strong>essentiam</strong></span> <span class='ocrx_word' id='word_1_480' title='bbox 3183 3187 3348 3244; x_wconf 88' lang='lat' dir='ltr'><strong>habet</strong></span> <span class='ocrx_word' id='word_1_481' title='bbox 3442 3189 3618 3258; x_wconf 83' lang='lat' dir='ltr'><strong>impe-</strong></span> 
     </span>
    </p>
   </div>
   <div class='ocr_carea' id='block_1_62' title="bbox 336 3273 1929 3360">
    <p class='ocr_par' dir='ltr' id='par_1_62' title="bbox 336 3273 1929 3360">
     <span class='ocr_line' id='line_1_62' title="bbox 336 3273 1929 3360; baseline 0.01 -30"><span class='ocrx_word' id='word_1_482' title='bbox 336 3276 586 3345; x_wconf 79' lang='grc' dir='ltr'>λέγεται.</span> <span class='ocrx_word' id='word_1_483' title='bbox 611 3281 742 3348; x_wconf 63' lang='grc' dir='ltr'>Περὶ</span> <span class='ocrx_word' id='word_1_484' title='bbox 778 3283 888 3354; x_wconf 82' lang='grc' dir='ltr'>γὰρ</span> <span class='ocrx_word' id='word_1_485' title='bbox 916 3289 1016 3354; x_wconf 83' lang='grc' dir='ltr'><strong>τῆς</strong></span> <span class='ocrx_word' id='word_1_486' title='bbox 1050 3286 1366 3356; x_wconf 76' lang='grc' dir='ltr'>οἰκονομίας</span> <span class='ocrx_word' id='word_1_487' title='bbox 1396 3290 1423 3341; x_wconf 85' lang='grc' dir='ltr'>ὁ</span> <span class='ocrx_word' id='word_1_488' title='bbox 1455 3288 1613 3356; x_wconf 83' lang='grc' dir='ltr'>λόγος</span> <span class='ocrx_word' id='word_1_489' title='bbox 1646 3291 1794 3360; x_wconf 83' lang='grc' dir='ltr'>αὐτῷ</span> <span class='ocrx_word' id='word_1_490' title='bbox 1824 3273 1929 3346; x_wconf 57' lang='lat' dir='ltr'><strong>eo;</strong></span> 
     </span>
    </p>
   </div>
   <div class='ocr_carea' id='block_1_63' title="bbox 339 3371 1929 3452">
    <p class='ocr_par' dir='ltr' id='par_1_63' title="bbox 339 3371 1929 3452">
     <span class='ocr_line' id='line_1_63' title="bbox 339 3371 1929 3452; baseline 0.01 -31"><span class='ocrx_word' id='word_1_491' title='bbox 339 3386 470 3437; x_wconf 84' lang='grc' dir='ltr'>σης.</span> <span class='ocrx_word' id='word_1_492' title='bbox 490 3371 598 3424; x_wconf 80' lang='lat' dir='ltr'><strong>Kal</strong></span> <span class='ocrx_word' id='word_1_493' title='bbox 611 3371 660 3424; x_wconf 85' lang='grc' dir='ltr'>τί</span> <span class='ocrx_word' id='word_1_494' title='bbox 685 3373 984 3444; x_wconf 76' lang='grc' dir='ltr'>θαυμάζεις</span> <span class='ocrx_word' id='word_1_495' title='bbox 1003 3377 1052 3430; x_wconf 78' lang='grc' dir='ltr'>ει</span> <span class='ocrx_word' id='word_1_496' title='bbox 1075 3378 1232 3431; x_wconf 80' lang='grc' dir='ltr'>τοῦτο</span> <span class='ocrx_word' id='word_1_497' title='bbox 1251 3379 1278 3430; x_wconf 87' lang='grc' dir='ltr'>ὁ</span> <span class='ocrx_word' id='word_1_498' title='bbox 1310 3380 1516 3449; x_wconf 81' lang='grc' dir='ltr'>Πέτρος</span> <span class='ocrx_word' id='word_1_499' title='bbox 1544 3384 1748 3450; x_wconf 81' lang='grc' dir='ltr'>φησίν’;</span> <span class='ocrx_word' id='word_1_500' title='bbox 1767 3384 1929 3452; x_wconf 79' lang='grc' dir='ltr'>Ἀθη-</span> 
     </span>
    </p>
   </div>
   <div class='ocr_carea' id='block_1_64' title="bbox 339 3461 1955 3544">
    <p class='ocr_par' dir='ltr' id='par_1_64' title="bbox 339 3461 1955 3544">
     <span class='ocr_line' id='line_1_64' title="bbox 339 3461 1955 3544; baseline 0.01 -33"><span class='ocrx_word' id='word_1_501' title='bbox 339 3461 514 3522; x_wconf 69' lang='lat' dir='ltr'><strong>vatim;</strong></span> <span class='ocrx_word' id='word_1_502' title='bbox 539 3464 648 3532; x_wconf 77' lang='grc' dir='ltr'>γὰρ</span> <span class='ocrx_word' id='word_1_503' title='bbox 674 3464 1055 3534; x_wconf 81' lang='grc' dir='ltr'>διαλεγόμενος</span> <span class='ocrx_word' id='word_1_504' title='bbox 1077 3467 1105 3518; x_wconf 85' lang='grc' dir='ltr'>ὁ</span> <span class='ocrx_word' id='word_1_505' title='bbox 1129 3468 1358 3532; x_wconf 84' lang='grc' dir='ltr'><strong>Παῦλος,</strong></span> <span class='ocrx_word' id='word_1_506' title='bbox 1385 3469 1555 3538; x_wconf 80' lang='grc' dir='ltr'>ἄνδρα</span> <span class='ocrx_word' id='word_1_507' title='bbox 1581 3472 1742 3524; x_wconf 85' lang='grc' dir='ltr'>καλεῖ</span> <span class='ocrx_word' id='word_1_508' title='bbox 1768 3474 1955 3544; x_wconf 80' lang='grc' dir='ltr'>μόνον’</span> 
     </span>
    </p>
   </div>
   <div class='ocr_carea' id='block_1_65' title="bbox 337 3551 1930 3636">
    <p class='ocr_par' dir='ltr' id='par_1_65' title="bbox 337 3551 1930 3636">
     <span class='ocr_line' id='line_1_65' title="bbox 337 3551 1930 3636; baseline 0.012 -33"><span class='ocrx_word' id='word_1_509' title='bbox 337 3551 488 3605; x_wconf 71' lang='grc' dir='ltr'>οὕτω</span> <span class='ocrx_word' id='word_1_510' title='bbox 516 3553 710 3623; x_wconf 77' lang='grc' dir='ltr'>λέγων’</span> <span class='ocrx_word' id='word_1_511' title='bbox 741 3558 845 3610; x_wconf 82' lang='grc' dir='ltr'>Ἐν</span> <span class='ocrx_word' id='word_1_512' title='bbox 871 3559 1045 3626; x_wconf 74' lang='grc' dir='ltr'>ἀνδρὶ</span> <span class='ocrx_word' id='word_1_513' title='bbox 1076 3554 1124 3626; x_wconf 84' lang='grc' dir='ltr'><strong>ᾧ</strong></span> <span class='ocrx_word' id='word_1_514' title='bbox 1151 3559 1334 3628; x_wconf 80' lang='grc' dir='ltr'>ὥρισε</span> <span class='ocrx_word' id='word_1_515' title='bbox 1361 3564 1568 3618; x_wconf 81' lang='grc' dir='ltr'>πίστιν</span> <span class='ocrx_word' id='word_1_516' title='bbox 1596 3569 1930 3636; x_wconf 79' lang='grc' dir='ltr'>παρασχὼν</span> 
     </span>
    </p>
   </div>
   <div class='ocr_carea' id='block_1_66' title="bbox 340 3644 1928 3724">
    <p class='ocr_par' dir='ltr' id='par_1_66' title="bbox 340 3644 1928 3724">
     <span class='ocr_line' id='line_1_66' title="bbox 340 3644 1928 3724; baseline 0.011 -27"><span class='ocrx_word' id='word_1_517' title='bbox 340 3644 558 3710; x_wconf 82' lang='grc' dir='ltr'>πᾶσιν,</span> <span class='ocrx_word' id='word_1_518' title='bbox 587 3648 948 3716; x_wconf 79' lang='grc' dir='ltr'><strong>ἀναστήσας</strong></span> <span class='ocrx_word' id='word_1_519' title='bbox 991 3655 1182 3706; x_wconf 77' lang='grc' dir='ltr'>αὐτόν</span> <span class='ocrx_word' id='word_1_520' title='bbox 1217 3655 1285 3706; x_wconf 80' lang='grc' dir='ltr'><strong>ἐκ</strong></span> <span class='ocrx_word' id='word_1_521' title='bbox 1333 3656 1592 3724; x_wconf 79' lang='grc' dir='ltr'>νεκρῶν,</span> <span class='ocrx_word' id='word_1_522' title='bbox 1654 3660 1746 3711; x_wconf 79' lang='grc' dir='ltr'><strong>καὶ</strong></span> <span class='ocrx_word' id='word_1_523' title='bbox 1777 3661 1928 3714; x_wconf 78' lang='grc' dir='ltr'>οὐδὲν</span> 
     </span>
    </p>
   </div>
   <div class='ocr_carea' id='block_1_67' title="bbox 341 3737 1925 3821">
    <p class='ocr_par' dir='ltr' id='par_1_67' title="bbox 341 3737 1925 3821">
     <span class='ocr_line' id='line_1_67' title="bbox 341 3737 1925 3821; baseline 0.009 -33"><span class='ocrx_word' id='word_1_524' title='bbox 341 3737 479 3807; x_wconf 72' lang='grc' dir='ltr'>περὶ</span> <span class='ocrx_word' id='word_1_525' title='bbox 502 3737 601 3807; x_wconf 81' lang='grc' dir='ltr'><strong>τῆς</strong></span> <span class='ocrx_word' id='word_1_526' title='bbox 627 3739 722 3792; x_wconf 88' lang='grc' dir='ltr'>τοῦ</span> <span class='ocrx_word' id='word_1_527' title='bbox 752 3741 888 3794; x_wconf 82' lang='grc' dir='ltr'>Θεοῦ</span> <span class='ocrx_word' id='word_1_528' title='bbox 917 3741 1064 3810; x_wconf 69' lang='grc' dir='ltr'>λέγει</span> <span class='ocrx_word' id='word_1_529' title='bbox 1099 3745 1333 3815; x_wconf 79' lang='grc' dir='ltr'>μορφῆς,</span> <span class='ocrx_word' id='word_1_530' title='bbox 1361 3746 1481 3798; x_wconf 82' lang='grc' dir='ltr'>οὐδὲ</span> <span class='ocrx_word' id='word_1_531' title='bbox 1503 3747 1583 3800; x_wconf 82' lang='grc' dir='ltr'><strong>ὅτι</strong></span> <span class='ocrx_word' id='word_1_532' title='bbox 1608 3747 1723 3812; x_wconf 76' lang='grc' dir='ltr'>ἴσος</span> <span class='ocrx_word' id='word_1_533' title='bbox 1753 3750 1925 3821; x_wconf 81' lang='grc' dir='ltr'>αὐτῷ,</span> 
     </span>
    </p>
   </div>
   <div class='ocr_carea' id='block_1_68' title="bbox 341 3829 1929 3909">
    <p class='ocr_par' dir='ltr' id='par_1_68' title="bbox 341 3829 1929 3909">
     <span class='ocr_line' id='line_1_68' title="bbox 341 3829 1929 3909; baseline 0.011 -29"><span class='ocrx_word' id='word_1_534' title='bbox 341 3829 456 3880; x_wconf 78' lang='grc' dir='ltr'>οὐδ’</span> <span class='ocrx_word' id='word_1_535' title='bbox 481 3831 562 3882; x_wconf 82' lang='grc' dir='ltr'><strong>ὅτι</strong></span> <span class='ocrx_word' id='word_1_536' title='bbox 589 3833 934 3904; x_wconf 76' lang='grc' dir='ltr'>ἀπαύγασμα</span> <span class='ocrx_word' id='word_1_537' title='bbox 957 3836 1057 3904; x_wconf 81' lang='grc' dir='ltr'>τῆς</span> <span class='ocrx_word' id='word_1_538' title='bbox 1089 3837 1246 3909; x_wconf 83' lang='grc' dir='ltr'>δόξης</span> <span class='ocrx_word' id='word_1_539' title='bbox 1278 3841 1464 3906; x_wconf 86' lang='grc' dir='ltr'>αὑτοῦ,</span> <span class='ocrx_word' id='word_1_540' title='bbox 1489 3842 1735 3906; x_wconf 74' lang='grc' dir='ltr'><strong>εἰκότως.</strong></span> <span class='ocrx_word' id='word_1_541' title='bbox 1761 3844 1929 3898; x_wconf 72' lang='grc' dir='ltr'><strong>Οὔπω</strong></span> 
     </span>
    </p>
   </div>
   <div class='ocr_carea' id='block_1_69' title="bbox 343 3919 1952 4009">
    <p class='ocr_par' dir='ltr' id='par_1_69' title="bbox 343 3919 1952 4009">
     <span class='ocr_line' id='line_1_69' title="bbox 343 3919 1952 4009; baseline 0.012 -37"><span class='ocrx_word' id='word_1_542' title='bbox 343 3919 456 3991; x_wconf 77' lang='grc' dir='ltr'>γὰρ</span> <span class='ocrx_word' id='word_1_543' title='bbox 481 3925 669 3995; x_wconf 77' lang='grc' dir='ltr'>καιρὸς</span> <span class='ocrx_word' id='word_1_544' title='bbox 690 3926 894 3980; x_wconf 86' lang='grc' dir='ltr'>τούτων</span> <span class='ocrx_word' id='word_1_545' title='bbox 915 3928 1021 3981; x_wconf 86' lang='grc' dir='ltr'><strong>τῶν</strong></span> <span class='ocrx_word' id='word_1_546' title='bbox 1045 3930 1416 4005; x_wconf 73' lang='grc' dir='ltr'><strong>ῥημάτων-ἦν.</strong></span> <span class='ocrx_word' id='word_1_547' title='bbox 1461 3937 1768 4005; x_wconf 65' lang='grc' dir='ltr'>Ἀγαπητὸν</span> <span class='ocrx_word' id='word_1_548' title='bbox 1787 3937 1842 3991; x_wconf 82' lang='grc' dir='ltr'>δὲ</span> <span class='ocrx_word' id='word_1_549' title='bbox 1865 3935 1952 4009; x_wconf 62' lang='grc' dir='ltr'>ἦν,</span> 
     </span>
    </p>
   </div>
   <div class='ocr_carea' id='block_1_70' title="bbox 344 4015 1933 4096">
    <p class='ocr_par' dir='ltr' id='par_1_70' title="bbox 344 4015 1933 4096">
     <span class='ocr_line' id='line_1_70' title="bbox 344 4015 1933 4096; baseline 0.011 -30"><span class='ocrx_word' id='word_1_550' title='bbox 344 4015 548 4079; x_wconf 73' lang='grc' dir='ltr'>αὐτοὺς</span> <span class='ocrx_word' id='word_1_551' title='bbox 579 4019 989 4087; x_wconf 77' lang='grc' dir='ltr'>παραδέξασθαι</span> <span class='ocrx_word' id='word_1_552' title='bbox 1015 4024 1149 4084; x_wconf 78' lang='grc' dir='ltr'>τέως</span> <span class='ocrx_word' id='word_1_553' title='bbox 1172 4062 1186 4086; x_wconf 87' lang='grc'><strong>,</strong></span> <span class='ocrx_word' id='word_1_554' title='bbox 1216 4026 1297 4076; x_wconf 85' lang='grc' dir='ltr'>ὅτι</span> <span class='ocrx_word' id='word_1_555' title='bbox 1327 4025 1612 4096; x_wconf 80' lang='grc' dir='ltr'>ἇνθωπρὸς</span> <span class='ocrx_word' id='word_1_556' title='bbox 1647 4031 1764 4082; x_wconf 76' lang='grc' dir='ltr'>ἐστι</span> <span class='ocrx_word' id='word_1_557' title='bbox 1787 4069 1802 4093; x_wconf 90' lang='grc'><strong>,</strong></span> <span class='ocrx_word' id='word_1_558' title='bbox 1840 4032 1933 4084; x_wconf 75' lang='grc' dir='ltr'>καὶ</span> 
     </span>
    </p>
   </div>
   <div class='ocr_carea' id='block_1_71' title="bbox 343 4105 1932 4188">
    <p class='ocr_par' dir='ltr' id='par_1_71' title="bbox 343 4105 1932 4188">
     <span class='ocr_line' id='line_1_71' title="bbox 343 4105 1932 4188; baseline 0.009 -32"><span class='ocrx_word' id='word_1_559' title='bbox 343 4105 432 4156; x_wconf 84' lang='grc' dir='ltr'><strong>ὅτι</strong></span> <span class='ocrx_word' id='word_1_560' title='bbox 459 4105 679 4177; x_wconf 73' lang='grc' dir='ltr'>ἀνέστη.</span> <span class='ocrx_word' id='word_1_561' title='bbox 706 4108 866 4164; x_wconf 76' lang='grc' dir='ltr'><strong>Οὕτω</strong></span> <span class='ocrx_word' id='word_1_562' title='bbox 893 4113 988 4164; x_wconf 81' lang='grc' dir='ltr'>καὶ</span> <span class='ocrx_word' id='word_1_563' title='bbox 1018 4115 1179 4176; x_wconf 70' lang='grc' dir='ltr'>αὐτὸς</span> <span class='ocrx_word' id='word_1_564' title='bbox 1208 4113 1234 4164; x_wconf 84' lang='grc' dir='ltr'>ὁ</span> <span class='ocrx_word' id='word_1_565' title='bbox 1262 4115 1498 4181; x_wconf 82' lang='grc' dir='ltr'>Χριστὸς</span> <span class='ocrx_word' id='word_1_566' title='bbox 1528 4117 1774 4186; x_wconf 82' lang='grc' dir='ltr'>ἐποίησε,</span> <span class='ocrx_word' id='word_1_567' title='bbox 1803 4120 1932 4188; x_wconf 78' lang='grc' dir='ltr'>παρ’</span> 
     </span>
    </p>
   </div>
   <div class='ocr_carea' id='block_1_72' title="bbox 344 4191 1929 4280">
    <p class='ocr_par' dir='ltr' id='par_1_72' title="bbox 344 4191 1929 4280">
     <span class='ocr_line' id='line_1_72' title="bbox 344 4191 1929 4280; baseline 0.012 -31"><span class='ocrx_word' id='word_1_568' title='bbox 344 4191 412 4249; x_wconf 66' lang='lat' dir='ltr'><strong>o5</strong></span> <span class='ocrx_word' id='word_1_569' title='bbox 441 4199 533 4250; x_wconf 74' lang='grc' dir='ltr'>καὶ</span> <span class='ocrx_word' id='word_1_570' title='bbox 562 4200 771 4264; x_wconf 81' lang='grc' dir='ltr'>Παῦλος</span> <span class='ocrx_word' id='word_1_571' title='bbox 799 4203 1008 4272; x_wconf 83' lang='grc' dir='ltr'>μαθὼν,</span> <span class='ocrx_word' id='word_1_572' title='bbox 1036 4203 1178 4258; x_wconf 70' lang='grc' dir='ltr'>οὕτω</span> <span class='ocrx_word' id='word_1_573' title='bbox 1203 4207 1272 4259; x_wconf 77' lang='grc' dir='ltr'><strong>τὰ</strong></span> <span class='ocrx_word' id='word_1_574' title='bbox 1303 4208 1604 4276; x_wconf 83' lang='grc' dir='ltr'>πράγματα</span> <span class='ocrx_word' id='word_1_575' title='bbox 1635 4213 1929 4280; x_wconf 83' lang='grc' dir='ltr'>οἰκονομεῖ.</span> 
     </span>
    </p>
   </div>
   <div class='ocr_carea' id='block_1_73' title="bbox 347 4287 1931 4373">
    <p class='ocr_par' dir='ltr' id='par_1_73' title="bbox 347 4287 1931 4373">
     <span class='ocr_line' id='line_1_73' title="bbox 347 4287 1931 4373; baseline 0.011 -33"><span class='ocrx_word' id='word_1_576' title='bbox 347 4287 428 4340; x_wconf 67' lang='lat' dir='ltr'><strong>Uti</strong></span> <span class='ocrx_word' id='word_1_577' title='bbox 455 4288 564 4358; x_wconf 75' lang='grc' dir='ltr'>γὰρ</span> <span class='ocrx_word' id='word_1_578' title='bbox 588 4291 788 4354; x_wconf 80' lang='grc' dir='ltr'>εὐθέως</span> <span class='ocrx_word' id='word_1_579' title='bbox 818 4295 948 4363; x_wconf 79' lang='grc' dir='ltr'>ἡμῖν</span> <span class='ocrx_word' id='word_1_580' title='bbox 974 4296 1168 4349; x_wconf 80' lang='grc' dir='ltr'>ἑαυτοῦ</span> <span class='ocrx_word' id='word_1_581' title='bbox 1195 4297 1293 4368; x_wconf 79' lang='grc' dir='ltr'>τὴν</span> <span class='ocrx_word' id='word_1_582' title='bbox 1320 4298 1552 4369; x_wconf 74' lang='grc' dir='ltr'>θεότητα</span> <span class='ocrx_word' id='word_1_583' title='bbox 1578 4300 1931 4373; x_wconf 80' lang='grc' dir='ltr'>ἐξεκὰλυψεν,</span> 
     </span>
    </p>
   </div>
   <div class='ocr_carea' id='block_1_74' title="bbox 345 4380 1933 4465">
    <p class='ocr_par' dir='ltr' id='par_1_74' title="bbox 345 4380 1933 4465">
     <span class='ocr_line' id='line_1_74' title="bbox 345 4380 1933 4465; baseline 0.009 -31"><span class='ocrx_word' id='word_1_584' title='bbox 345 4380 488 4434; x_wconf 74' lang='grc' dir='ltr'>ἀλλὰ</span> <span class='ocrx_word' id='word_1_585' title='bbox 521 4384 737 4452; x_wconf 84' lang='grc' dir='ltr'>πρῶτον</span> <span class='ocrx_word' id='word_1_586' title='bbox 771 4386 870 4453; x_wconf 79' lang='grc' dir='ltr'><strong>μὲν</strong></span> <span class='ocrx_word' id='word_1_587' title='bbox 903 4388 1184 4457; x_wconf 74' lang='grc' dir='ltr'>ἐνομίζετο</span> <span class='ocrx_word' id='word_1_588' title='bbox 1218 4393 1536 4463; x_wconf 85' lang='grc' dir='ltr'>προφήτης,</span> <span class='ocrx_word' id='word_1_589' title='bbox 1572 4394 1668 4447; x_wconf 73' lang='grc' dir='ltr'><strong>καὶ</strong></span> <span class='ocrx_word' id='word_1_590' title='bbox 1699 4396 1933 4465; x_wconf 69' lang='grc' dir='ltr'>Χριστὸς</span> 
     </span>
    </p>
   </div>
   <div class='ocr_carea' id='block_1_75' title="bbox 2034 3285 3610 3353">
    <p class='ocr_par' dir='ltr' id='par_1_75' title="bbox 2034 3285 3610 3353">
     <span class='ocr_line' id='line_1_75' title="bbox 2034 3285 3610 3353; baseline -0.003 -13"><span class='ocrx_word' id='word_1_591' title='bbox 2034 3288 2195 3341; x_wconf 89' lang='lat' dir='ltr'><strong>rium.</strong></span> <span class='ocrx_word' id='word_1_592' title='bbox 2298 3285 2669 3353; x_wconf 80' lang='lat' dir='ltr'><strong>Interrogatus</strong></span> <span class='ocrx_word' id='word_1_593' title='bbox 2766 3285 2968 3349; x_wconf 90' lang='lat' dir='ltr'><strong>enim,</strong></span> <span class='ocrx_word' id='word_1_594' title='bbox 3059 3298 3126 3337; x_wconf 92' lang='lat' dir='ltr'><strong>an</strong></span> <span class='ocrx_word' id='word_1_595' title='bbox 3223 3291 3371 3339; x_wconf 88' lang='lat' dir='ltr'><strong>esset</strong></span> <span class='ocrx_word' id='word_1_596' title='bbox 3471 3299 3610 3346; x_wconf 80' lang='lat' dir='ltr'><strong>rex,</strong></span> 
     </span>
    </p>
   </div>
   <div class='ocr_carea' id='block_1_76' title="bbox 2035 3375 3619 3447">
    <p class='ocr_par' dir='ltr' id='par_1_76' title="bbox 2035 3375 3619 3447">
     <span class='ocr_line' id='line_1_76' title="bbox 2035 3375 3619 3447; baseline -0.003 -15"><span class='ocrx_word' id='word_1_597' title='bbox 2035 3377 2167 3446; x_wconf 80' lang='lat' dir='ltr'><strong>Ego,</strong></span> <span class='ocrx_word' id='word_1_598' title='bbox 2219 3377 2412 3447; x_wconf 90' lang='lat' dir='ltr'><strong>inquit,</strong></span> <span class='ocrx_word' id='word_1_599' title='bbox 2450 3377 2520 3430; x_wconf 87' lang='lat' dir='ltr'><strong>ad</strong></span> <span class='ocrx_word' id='word_1_600' title='bbox 2553 3379 2650 3429; x_wconf 81' lang='lat' dir='ltr'><strong>hoc</strong></span> <span class='ocrx_word' id='word_1_601' title='bbox 2696 3388 2849 3430; x_wconf 79' lang='lat' dir='ltr'><strong>natus</strong></span> <span class='ocrx_word' id='word_1_602' title='bbox 2902 3393 3016 3430; x_wconf 81' lang='lat' dir='ltr'><strong>sum</strong></span> <span class='ocrx_word' id='word_1_603' title='bbox 3048 3377 3086 3430; x_wconf 86' lang='grc'><strong><em>³.</em></strong></span> <span class='ocrx_word' id='word_1_604' title='bbox 3125 3375 3317 3431; x_wconf 89' lang='lat' dir='ltr'><strong>Petrus</strong></span> <span class='ocrx_word' id='word_1_605' title='bbox 3345 3386 3520 3429; x_wconf 89' lang='lat' dir='ltr'><strong>autem</strong></span> <span class='ocrx_word' id='word_1_606' title='bbox 3551 3377 3619 3428; x_wconf 87' lang='lat' dir='ltr'><strong>de</strong></span> 
     </span>
    </p>
   </div>
   <div class='ocr_carea' id='block_1_77' title="bbox 2035 3466 3616 3538">
    <p class='ocr_par' dir='ltr' id='par_1_77' title="bbox 2035 3466 3616 3538">
     <span class='ocr_line' id='line_1_77' title="bbox 2035 3466 3616 3538; baseline -0.002 -15"><span class='ocrx_word' id='word_1_607' title='bbox 2035 3469 2124 3524; x_wconf 90' lang='lat' dir='ltr'><strong>illo</strong></span> <span class='ocrx_word' id='word_1_608' title='bbox 2159 3480 2414 3538; x_wconf 87' lang='lat' dir='ltr'><strong>tanquam</strong></span> <span class='ocrx_word' id='word_1_609' title='bbox 2463 3469 2633 3523; x_wconf 85' lang='lat' dir='ltr'><strong>electo</strong></span> <span class='ocrx_word' id='word_1_610' title='bbox 2682 3475 2735 3523; x_wconf 89' lang='lat' dir='ltr'><strong>et</strong></span> <span class='ocrx_word' id='word_1_611' title='bbox 2767 3478 3020 3536; x_wconf 86' lang='lat' dir='ltr'><strong>cooptato</strong></span> <span class='ocrx_word' id='word_1_612' title='bbox 3056 3469 3214 3523; x_wconf 87' lang='lat' dir='ltr'><strong>verba</strong></span> <span class='ocrx_word' id='word_1_613' title='bbox 3279 3466 3429 3522; x_wconf 84' lang='lat' dir='ltr'><strong>facit.</strong></span> <span class='ocrx_word' id='word_1_614' title='bbox 3479 3467 3616 3521; x_wconf 86' lang='lat' dir='ltr'><strong>Tota</strong></span> 
     </span>
    </p>
   </div>
   <div class='ocr_carea' id='block_1_78' title="bbox 2033 3558 3621 3627">
    <p class='ocr_par' dir='ltr' id='par_1_78' title="bbox 2033 3558 3621 3627">
     <span class='ocr_line' id='line_1_78' title="bbox 2033 3558 3621 3627; baseline -0.001 -13"><span class='ocrx_word' id='word_1_615' title='bbox 2033 3562 2174 3614; x_wconf 91' lang='lat' dir='ltr'><strong>enim</strong></span> <span class='ocrx_word' id='word_1_616' title='bbox 2207 3560 2349 3614; x_wconf 89' lang='lat' dir='ltr'><strong>illius</strong></span> <span class='ocrx_word' id='word_1_617' title='bbox 2394 3560 2569 3614; x_wconf 84' lang='lat' dir='ltr'><strong>oratio</strong></span> <span class='ocrx_word' id='word_1_618' title='bbox 2605 3560 2670 3613; x_wconf 90' lang='lat' dir='ltr'><strong>ad</strong></span> <span class='ocrx_word' id='word_1_619' title='bbox 2713 3558 3088 3627; x_wconf 77' lang='lat' dir='ltr'><strong>explicandum</strong></span> <span class='ocrx_word' id='word_1_620' title='bbox 3146 3559 3386 3611; x_wconf 89' lang='lat' dir='ltr'><strong>divinum</strong></span> <span class='ocrx_word' id='word_1_621' title='bbox 3429 3559 3621 3613; x_wconf 86' lang='lat' dir='ltr'><strong>salutis</strong></span> 
     </span>
    </p>
   </div>
   <div class='ocr_carea' id='block_1_79' title="bbox 2032 3647 3621 3719">
    <p class='ocr_par' dir='ltr' id='par_1_79' title="bbox 2032 3647 3621 3719">
     <span class='ocr_line' id='line_1_79' title="bbox 2032 3647 3621 3719; baseline -0.001 -14"><span class='ocrx_word' id='word_1_622' title='bbox 2032 3651 2280 3705; x_wconf 68' lang='lat' dir='ltr'><strong>humanae</strong></span> <span class='ocrx_word' id='word_1_623' title='bbox 2311 3649 2596 3705; x_wconf 85' lang='lat' dir='ltr'><strong>consilium</strong></span> <span class='ocrx_word' id='word_1_624' title='bbox 2635 3652 2887 3719; x_wconf 84' lang='lat' dir='ltr'><strong>pertinet.</strong></span> <span class='ocrx_word' id='word_1_625' title='bbox 2927 3647 3044 3702; x_wconf 86' lang='lat' dir='ltr'><strong>Jam</strong></span> <span class='ocrx_word' id='word_1_626' title='bbox 3077 3647 3206 3717; x_wconf 87' lang='lat' dir='ltr'><strong>quid</strong></span> <span class='ocrx_word' id='word_1_627' title='bbox 3239 3650 3458 3703; x_wconf 86' lang='lat' dir='ltr'><strong>miraris</strong></span> <span class='ocrx_word' id='word_1_628' title='bbox 3520 3649 3621 3703; x_wconf 84' lang='lat' dir='ltr'><strong>Pe-</strong></span> 
     </span>
    </p>
   </div>
   <div class='ocr_carea' id='block_1_80' title="bbox 2036 3740 3656 3812">
    <p class='ocr_par' dir='ltr' id='par_1_80' title="bbox 2036 3740 3656 3812">
     <span class='ocr_line' id='line_1_80' title="bbox 2036 3740 3656 3812; baseline -0.001 -16"><span class='ocrx_word' id='word_1_629' title='bbox 2036 3754 2173 3797; x_wconf 89' lang='lat' dir='ltr'><strong>trum</strong></span> <span class='ocrx_word' id='word_1_630' title='bbox 2251 3744 2321 3796; x_wconf 83' lang='lat' dir='ltr'><strong>ita</strong></span> <span class='ocrx_word' id='word_1_631' title='bbox 2395 3744 2562 3812; x_wconf 87' lang='lat' dir='ltr'><strong>loqui,</strong></span> <span class='ocrx_word' id='word_1_632' title='bbox 2637 3757 2759 3796; x_wconf 90' lang='lat' dir='ltr'><strong>cum</strong></span> <span class='ocrx_word' id='word_1_633' title='bbox 2827 3740 3020 3793; x_wconf 86' lang='lat' dir='ltr'><strong>Paulus</strong></span> <span class='ocrx_word' id='word_1_634' title='bbox 3091 3740 3371 3810; x_wconf 90' lang='lat' dir='ltr'><strong>alloquens</strong></span> <span class='ocrx_word' id='word_1_635' title='bbox 3453 3740 3656 3794; x_wconf 85' lang='lat' dir='ltr'><strong>Athe--</strong></span> 
     </span>
    </p>
   </div>
   <div class='ocr_carea' id='block_1_81' title="bbox 2035 3831 3618 3902">
    <p class='ocr_par' dir='ltr' id='par_1_81' title="bbox 2035 3831 3618 3902">
     <span class='ocr_line' id='line_1_81' title="bbox 2035 3831 3618 3902; baseline -0.003 -11"><span class='ocrx_word' id='word_1_636' title='bbox 2035 3839 2250 3892; x_wconf 89' lang='lat' dir='ltr'><strong>nienses</strong></span> <span class='ocrx_word' id='word_1_637' title='bbox 2318 3853 2440 3891; x_wconf 89' lang='lat' dir='ltr'><strong>eum</strong></span> <span class='ocrx_word' id='word_1_638' title='bbox 2490 3837 2763 3891; x_wconf 87' lang='lat' dir='ltr'><strong>hominem</strong></span> <span class='ocrx_word' id='word_1_639' title='bbox 2843 3836 3016 3889; x_wconf 90' lang='lat' dir='ltr'><strong>solum</strong></span> <span class='ocrx_word' id='word_1_640' title='bbox 3061 3834 3334 3902; x_wconf 88' lang='lat' dir='ltr'><strong>appellet:</strong></span> <span class='ocrx_word' id='word_1_641' title='bbox 3390 3831 3454 3886; x_wconf 83' lang='lat' dir='ltr'><strong>In</strong></span> <span class='ocrx_word' id='word_1_642' title='bbox 3489 3835 3618 3898; x_wconf 79' lang='lat' dir='ltr'><strong>riro,</strong></span> 
     </span>
    </p>
   </div>
   <div class='ocr_carea' id='block_1_82' title="bbox 2035 3927 3620 3999">
    <p class='ocr_par' dir='ltr' id='par_1_82' title="bbox 2035 3927 3620 3999">
     <span class='ocr_line' id='line_1_82' title="bbox 2035 3927 3620 3999; baseline -0.002 -16"><span class='ocrx_word' id='word_1_643' title='bbox 2035 3929 2310 3996; x_wconf 83' lang='lat' dir='ltr'><strong>inquiens,</strong></span> <span class='ocrx_word' id='word_1_644' title='bbox 2373 3944 2523 3999; x_wconf 85' lang='lat' dir='ltr'><strong>quem</strong></span> <span class='ocrx_word' id='word_1_645' title='bbox 2563 3935 2843 3988; x_wconf 79' lang='lat' dir='ltr'><strong>statuerat,</strong></span> <span class='ocrx_word' id='word_1_646' title='bbox 2882 3927 3036 3994; x_wconf 80' lang='lat' dir='ltr'><strong>ﬁdem</strong></span> <span class='ocrx_word' id='word_1_647' title='bbox 3079 3927 3316 3984; x_wconf 79' lang='lat' dir='ltr'><strong>omnibus</strong></span> <span class='ocrx_word' id='word_1_648' title='bbox 3366 3929 3620 3996; x_wconf 70' lang='lat' dir='ltr'><strong>prmbens,</strong></span> 
     </span>
    </p>
   </div>
   <div class='ocr_carea' id='block_1_83' title="bbox 2035 4016 3624 4075">
    <p class='ocr_par' dir='ltr' id='par_1_83' title="bbox 2035 4016 3624 4075">
     <span class='ocr_line' id='line_1_83' title="bbox 2035 4016 3624 4075; baseline -0.001 -1"><span class='ocrx_word' id='word_1_649' title='bbox 2035 4038 2150 4075; x_wconf 85' lang='lat' dir='ltr'><strong>cum</strong></span> <span class='ocrx_word' id='word_1_650' title='bbox 2211 4021 2358 4075; x_wconf 86' lang='lat' dir='ltr'><strong>illum</strong></span> <span class='ocrx_word' id='word_1_651' title='bbox 2391 4039 2422 4074; x_wconf 90' lang='lat' dir='ltr'><strong>a</strong></span> <span class='ocrx_word' id='word_1_652' title='bbox 2459 4023 2679 4075; x_wconf 85' lang='lat' dir='ltr'><strong>mortuis</strong></span> <span class='ocrx_word' id='word_1_653' title='bbox 2740 4017 3083 4072; x_wconf 62' lang='lat' dir='ltr'><strong>suscitarit‘.</strong></span> <span class='ocrx_word' id='word_1_654' title='bbox 3140 4016 3284 4072; x_wconf 86' lang='lat' dir='ltr'><strong>Nihil</strong></span> <span class='ocrx_word' id='word_1_655' title='bbox 3318 4029 3496 4072; x_wconf 87' lang='lat' dir='ltr'><strong>autem</strong></span> <span class='ocrx_word' id='word_1_656' title='bbox 3557 4021 3624 4072; x_wconf 87' lang='lat' dir='ltr'><strong>tle</strong></span> 
     </span>
    </p>
   </div>
   <div class='ocr_carea' id='block_1_84' title="bbox 2036 4113 3624 4183">
    <p class='ocr_par' dir='ltr' id='par_1_84' title="bbox 2036 4113 3624 4183">
     <span class='ocr_line' id='line_1_84' title="bbox 2036 4113 3624 4183; baseline -0.001 -14"><span class='ocrx_word' id='word_1_657' title='bbox 2036 4117 2207 4170; x_wconf 87' lang='lat' dir='ltr'><strong>forma</strong></span> <span class='ocrx_word' id='word_1_658' title='bbox 2252 4115 2342 4168; x_wconf 89' lang='lat' dir='ltr'><strong>l)ci</strong></span> <span class='ocrx_word' id='word_1_659' title='bbox 2398 4115 2658 4183; x_wconf 89' lang='lat' dir='ltr'><strong>loquitur,</strong></span> <span class='ocrx_word' id='word_1_660' title='bbox 2695 4129 2791 4167; x_wconf 90' lang='lat' dir='ltr'><strong>nec</strong></span> <span class='ocrx_word' id='word_1_661' title='bbox 2859 4129 2984 4166; x_wconf 89' lang='lat' dir='ltr'><strong>cum</strong></span> <span class='ocrx_word' id='word_1_662' title='bbox 3047 4113 3144 4181; x_wconf 80' lang='lat' dir='ltr'><strong>ipsi</strong></span> <span class='ocrx_word' id='word_1_663' title='bbox 3184 4113 3469 4182; x_wconf 78' lang='lat' dir='ltr'><strong>:equalem,</strong></span> <span class='ocrx_word' id='word_1_664' title='bbox 3525 4130 3624 4169; x_wconf 88' lang='lat' dir='ltr'><strong>nec</strong></span> 
     </span>
    </p>
   </div>
   <div class='ocr_carea' id='block_1_85' title="bbox 2035 4207 3622 4279">
    <p class='ocr_par' dir='ltr' id='par_1_85' title="bbox 2035 4207 3622 4279">
     <span class='ocr_line' id='line_1_85' title="bbox 2035 4207 3622 4279; baseline 0 -19"><span class='ocrx_word' id='word_1_665' title='bbox 2035 4208 2219 4279; x_wconf 71' lang='lat' dir='ltr'><strong>glorise</strong></span> <span class='ocrx_word' id='word_1_666' title='bbox 2270 4207 2609 4276; x_wconf 83' lang='lat' dir='ltr'><strong>splendorem</strong></span> <span class='ocrx_word' id='word_1_667' title='bbox 2666 4208 2837 4274; x_wconf 87' lang='lat' dir='ltr'><strong>ipsum</strong></span> <span class='ocrx_word' id='word_1_668' title='bbox 2879 4221 2996 4260; x_wconf 88' lang='lat' dir='ltr'><strong>esse</strong></span> <span class='ocrx_word' id='word_1_669' title='bbox 3029 4208 3178 4268; x_wconf 88' lang='lat' dir='ltr'><strong>dicit,</strong></span> <span class='ocrx_word' id='word_1_670' title='bbox 3233 4222 3295 4259; x_wconf 90' lang='lat' dir='ltr'><strong>ac</strong></span> <span class='ocrx_word' id='word_1_671' title='bbox 3338 4207 3531 4260; x_wconf 87' lang='lat' dir='ltr'><strong>merito</strong></span> <span class='ocrx_word' id='word_1_672' title='bbox 3569 4207 3622 4260; x_wconf 73' lang='lat' dir='ltr'><strong>itl</strong></span> 
     </span>
    </p>
   </div>
   <div class='ocr_carea' id='block_1_86' title="bbox 2035 4297 3622 4368">
    <p class='ocr_par' dir='ltr' id='par_1_86' title="bbox 2035 4297 3622 4368">
     <span class='ocr_line' id='line_1_86' title="bbox 2035 4297 3622 4368; baseline 0.001 -18"><span class='ocrx_word' id='word_1_673' title='bbox 2035 4302 2252 4368; x_wconf 86' lang='lat' dir='ltr'><strong>quidem</strong></span> <span class='ocrx_word' id='word_1_674' title='bbox 2316 4297 2464 4352; x_wconf 81' lang='lat' dir='ltr'><strong>facit.</strong></span> <span class='ocrx_word' id='word_1_675' title='bbox 2518 4297 2700 4366; x_wconf 84' lang='lat' dir='ltr'><strong>Neque</strong></span> <span class='ocrx_word' id='word_1_676' title='bbox 2733 4300 2870 4352; x_wconf 85' lang='lat' dir='ltr'><strong>enim</strong></span> <span class='ocrx_word' id='word_1_677' title='bbox 2905 4310 3111 4366; x_wconf 86' lang='lat' dir='ltr'><strong>tempus</strong></span> <span class='ocrx_word' id='word_1_678' title='bbox 3169 4298 3430 4364; x_wconf 84' lang='lat' dir='ltr'><strong>ejusmodi</strong></span> <span class='ocrx_word' id='word_1_679' title='bbox 3461 4299 3622 4353; x_wconf 83' lang='lat' dir='ltr'><strong>verba</strong></span> 
     </span>
    </p>
   </div>
   <div class='ocr_carea' id='block_1_87' title="bbox 2035 4391 3624 4463">
    <p class='ocr_par' dir='ltr' id='par_1_87' title="bbox 2035 4391 3624 4463">
     <span class='ocr_line' id='line_1_87' title="bbox 2035 4391 3624 4463; baseline -0.003 -16"><span class='ocrx_word' id='word_1_680' title='bbox 2035 4393 2368 4463; x_wconf 80' lang='lat' dir='ltr'><strong>postulabat,</strong></span> <span class='ocrx_word' id='word_1_681' title='bbox 2403 4408 2521 4445; x_wconf 90' lang='lat' dir='ltr'><strong>cum</strong></span> <span class='ocrx_word' id='word_1_682' title='bbox 2552 4396 2684 4446; x_wconf 83' lang='lat' dir='ltr'><strong>satis</strong></span> <span class='ocrx_word' id='word_1_683' title='bbox 2717 4401 2841 4446; x_wconf 89' lang='lat' dir='ltr'><strong>tunc</strong></span> <span class='ocrx_word' id='word_1_684' title='bbox 2871 4401 3016 4446; x_wconf 87' lang='lat' dir='ltr'><strong>esset</strong></span> <span class='ocrx_word' id='word_1_685' title='bbox 3051 4391 3234 4454; x_wconf 62' lang='lat' dir='ltr'><strong>Paulo,</strong></span> <span class='ocrx_word' id='word_1_686' title='bbox 3284 4394 3326 4446; x_wconf 90' lang='lat' dir='ltr'><strong>si</strong></span> <span class='ocrx_word' id='word_1_687' title='bbox 3362 4392 3465 4446; x_wconf 88' lang='lat' dir='ltr'><strong>illis</strong></span> <span class='ocrx_word' id='word_1_688' title='bbox 3503 4407 3624 4461; x_wconf 71' lang='lat' dir='ltr'><strong>pet-</strong></span> 
     </span>
    </p>
   </div>
   <div class='ocr_carea' id='block_1_88' title="bbox 347 4472 1928 4556">
    <p class='ocr_par' dir='ltr' id='par_1_88' title="bbox 347 4472 1928 4556">
     <span class='ocr_line' id='line_1_88' title="bbox 347 4472 1928 4556; baseline 0.008 -31"><span class='ocrx_word' id='word_1_689' title='bbox 347 4472 538 4536; x_wconf 75' lang='grc' dir='ltr'>ἁπλῶς</span> <span class='ocrx_word' id='word_1_690' title='bbox 573 4475 864 4548; x_wconf 82' lang='grc' dir='ltr'>ἅνθρωπος</span> <span class='ocrx_word' id='word_1_691' title='bbox 887 4491 899 4504; x_wconf 92' lang='grc'><strong>·</strong></span> <span class='ocrx_word' id='word_1_692' title='bbox 938 4479 1161 4549; x_wconf 82' lang='grc' dir='ltr'>ὕστερον</span> <span class='ocrx_word' id='word_1_693' title='bbox 1191 4483 1247 4534; x_wconf 90' lang='grc' dir='ltr'><strong>δέ</strong></span> <span class='ocrx_word' id='word_1_694' title='bbox 1283 4483 1457 4554; x_wconf 76' lang='grc' dir='ltr'>ἐφάνη</span> <span class='ocrx_word' id='word_1_695' title='bbox 1494 4485 1582 4536; x_wconf 82' lang='grc' dir='ltr'>διὰ.</span> <span class='ocrx_word' id='word_1_696' title='bbox 1614 4485 1722 4538; x_wconf 84' lang='grc' dir='ltr'>τῶν</span> <span class='ocrx_word' id='word_1_697' title='bbox 1757 4486 1928 4556; x_wconf 76' lang='grc' dir='ltr'>ἔργων</span> 
     </span>
    </p>
   </div>
   <div class='ocr_carea' id='block_1_89' title="bbox 2030 4472 3624 4556">
    <p class='ocr_par' dir='ltr' id='par_1_89' title="bbox 2040 4483 3624 4550">
     <span class='ocr_line' id='line_1_89' title="bbox 2040 4483 3624 4550; baseline 0 -10"><span class='ocrx_word' id='word_1_698' title='bbox 2040 4487 2317 4549; x_wconf 85' lang='lat' dir='ltr'><strong>suasisset,</strong></span> <span class='ocrx_word' id='word_1_699' title='bbox 2352 4488 2474 4538; x_wconf 80' lang='lat' dir='ltr'><strong>eum</strong></span> <span class='ocrx_word' id='word_1_700' title='bbox 2508 4496 2560 4538; x_wconf 91' lang='lat' dir='ltr'><strong>ct</strong></span> <span class='ocrx_word' id='word_1_701' title='bbox 2588 4487 2860 4539; x_wconf 88' lang='lat' dir='ltr'><strong>hominem</strong></span> <span class='ocrx_word' id='word_1_702' title='bbox 2908 4500 3047 4550; x_wconf 84' lang='lat' dir='ltr'><strong>esse,</strong></span> <span class='ocrx_word' id='word_1_703' title='bbox 3081 4494 3134 4538; x_wconf 90' lang='lat' dir='ltr'><strong>et</strong></span> <span class='ocrx_word' id='word_1_704' title='bbox 3170 4484 3494 4540; x_wconf 74' lang='lat' dir='ltr'><strong>surrexisse.</strong></span> <span class='ocrx_word' id='word_1_705' title='bbox 3530 4483 3624 4540; x_wconf 89' lang='lat' dir='ltr'><strong>Sic</strong></span> 
     </span>
    </p>
   </div>
   <div class='ocr_carea' id='block_1_90' title="bbox 348 4567 1928 4650">
    <p class='ocr_par' dir='ltr' id='par_1_90' title="bbox 348 4567 1928 4646">
     <span class='ocr_line' id='line_1_90' title="bbox 348 4567 1928 4646; baseline 0.008 -26"><span class='ocrx_word' id='word_1_706' title='bbox 348 4567 448 4620; x_wconf 80' lang='grc' dir='ltr'>καὶ</span> <span class='ocrx_word' id='word_1_707' title='bbox 481 4568 590 4622; x_wconf 83' lang='grc' dir='ltr'>τῶν</span> <span class='ocrx_word' id='word_1_708' title='bbox 626 4570 892 4639; x_wconf 71' lang='grc' dir='ltr'>ῥημάτων</span> <span class='ocrx_word' id='word_1_709' title='bbox 931 4572 1087 4626; x_wconf 89' lang='grc' dir='ltr'>τοῦτο</span> <span class='ocrx_word' id='word_1_710' title='bbox 1126 4576 1261 4646; x_wconf 83' lang='grc' dir='ltr'>ὅπερ</span> <span class='ocrx_word' id='word_1_711' title='bbox 1302 4571 1390 4646; x_wconf 84' lang='grc' dir='ltr'><strong>ἦν.</strong></span> <span class='ocrx_word' id='word_1_712' title='bbox 1431 4577 1533 4630; x_wconf 85' lang='grc' dir='ltr'>Διὰ</span> <span class='ocrx_word' id='word_1_713' title='bbox 1571 4579 1733 4632; x_wconf 85' lang='grc' dir='ltr'>τοῦτο</span> <span class='ocrx_word' id='word_1_714' title='bbox 1772 4582 1867 4633; x_wconf 80' lang='grc' dir='ltr'>καὶ</span> <span class='ocrx_word' id='word_1_715' title='bbox 1905 4583 1928 4633; x_wconf 76' lang='grc' dir='ltr'><strong>ὁ</strong></span> 
     </span>
    </p>
   </div>
   <div class='ocr_carea' id='block_1_91' title="bbox 2030 4567 3621 4650">
    <p class='ocr_par' dir='ltr' id='par_1_91' title="bbox 2043 4578 3621 4650">
     <span class='ocr_line' id='line_1_91' title="bbox 2043 4578 3621 4650; baseline -0.001 -15"><span class='ocrx_word' id='word_1_716' title='bbox 2043 4582 2146 4650; x_wconf 80' lang='lat' dir='ltr'><strong>egit</strong></span> <span class='ocrx_word' id='word_1_717' title='bbox 2180 4590 2233 4634; x_wconf 89' lang='lat' dir='ltr'><strong>et</strong></span> <span class='ocrx_word' id='word_1_718' title='bbox 2262 4580 2377 4648; x_wconf 91' lang='lat' dir='ltr'><strong>ipse</strong></span> <span class='ocrx_word' id='word_1_719' title='bbox 2404 4578 2676 4645; x_wconf 85' lang='lat' dir='ltr'><strong>Christus,</strong></span> <span class='ocrx_word' id='word_1_720' title='bbox 2728 4595 2756 4630; x_wconf 86' lang='lat' dir='ltr'><strong>a</strong></span> <span class='ocrx_word' id='word_1_721' title='bbox 2789 4593 2893 4646; x_wconf 92' lang='lat' dir='ltr'><strong>quo</strong></span> <span class='ocrx_word' id='word_1_722' title='bbox 2926 4578 3122 4640; x_wconf 85' lang='lat' dir='ltr'><strong>Paulus</strong></span> <span class='ocrx_word' id='word_1_723' title='bbox 3147 4581 3368 4633; x_wconf 90' lang='lat' dir='ltr'><strong>edoctus</strong></span> <span class='ocrx_word' id='word_1_724' title='bbox 3403 4580 3476 4632; x_wconf 92' lang='lat' dir='ltr'><strong>ita</strong></span> <span class='ocrx_word' id='word_1_725' title='bbox 3508 4595 3621 4633; x_wconf 91' lang='lat' dir='ltr'><strong>rem</strong></span> 
     </span>
    </p>
   </div>
   <div class='ocr_carea' id='block_1_92' title="bbox 350 4658 1935 4744">
    <p class='ocr_par' dir='ltr' id='par_1_92' title="bbox 350 4658 1935 4744">
     <span class='ocr_line' id='line_1_92' title="bbox 350 4658 1935 4744; baseline 0.009 -34"><span class='ocrx_word' id='word_1_726' title='bbox 350 4658 559 4731; x_wconf 81' lang='grc' dir='ltr'>Πέτρος</span> <span class='ocrx_word' id='word_1_727' title='bbox 587 4662 646 4714; x_wconf 78' lang='grc' dir='ltr'><strong>ἐν</strong></span> <span class='ocrx_word' id='word_1_728' title='bbox 676 4663 818 4734; x_wconf 81' lang='grc' dir='ltr'><strong>ἀρχῇ</strong></span> <span class='ocrx_word' id='word_1_729' title='bbox 847 4665 1020 4735; x_wconf 86' lang='grc' dir='ltr'>τούτῳ</span> <span class='ocrx_word' id='word_1_730' title='bbox 1047 4667 1316 4737; x_wconf 79' lang='grc' dir='ltr'>κέχρηται</span> <span class='ocrx_word' id='word_1_731' title='bbox 1345 4669 1422 4739; x_wconf 82' lang='grc' dir='ltr'><strong>τῷ</strong></span> <span class='ocrx_word' id='word_1_732' title='bbox 1450 4670 1656 4742; x_wconf 84' lang='grc' dir='ltr'>τρόπῳ.</span> <span class='ocrx_word' id='word_1_733' title='bbox 1690 4673 1799 4725; x_wconf 90' lang='lat' dir='ltr'><strong>Kal</strong></span> <span class='ocrx_word' id='word_1_734' title='bbox 1826 4675 1935 4744; x_wconf 79' lang='grc' dir='ltr'>γὰρ</span> 
     </span>
    </p>
   </div>
   <div class='ocr_carea' id='block_1_93' title="bbox 347 4750 1938 4834">
    <p class='ocr_par' dir='ltr' id='par_1_93' title="bbox 347 4750 1938 4834">
     <span class='ocr_line' id='line_1_93' title="bbox 347 4750 1938 4834; baseline 0.01 -32"><span class='ocrx_word' id='word_1_735' title='bbox 347 4750 560 4820; x_wconf 80' lang='grc' dir='ltr'>ταύτην</span> <span class='ocrx_word' id='word_1_736' title='bbox 589 4752 818 4824; x_wconf 84' lang='grc' dir='ltr'>πρώτην</span> <span class='ocrx_word' id='word_1_737' title='bbox 853 4757 990 4825; x_wconf 68' lang='grc' dir='ltr'>πρὸς</span> <span class='ocrx_word' id='word_1_738' title='bbox 1023 4757 1314 4823; x_wconf 85' lang='grc' dir='ltr'>Ἰουδαίους</span> <span class='ocrx_word' id='word_1_739' title='bbox 1349 4762 1681 4832; x_wconf 84' lang='grc' dir='ltr'>ἐδημηγόρει</span> <span class='ocrx_word' id='word_1_740' title='bbox 1713 4763 1810 4834; x_wconf 77' lang='grc' dir='ltr'>τὴν</span> <span class='ocrx_word' id='word_1_741' title='bbox 1843 4765 1938 4834; x_wconf 85' lang='grc' dir='ltr'>δη-</span> 
     </span>
    </p>
   </div>
   <div class='ocr_carea' id='block_1_94' title="bbox 355 4845 1934 4925">
    <p class='ocr_par' dir='ltr' id='par_1_94' title="bbox 355 4845 1934 4925">
     <span class='ocr_line' id='line_1_94' title="bbox 355 4845 1934 4925; baseline 0.009 -29"><span class='ocrx_word' id='word_1_742' title='bbox 355 4845 648 4913; x_wconf 76' lang='grc' dir='ltr'>μηγορίαν.</span> <span class='ocrx_word' id='word_1_743' title='bbox 677 4847 789 4899; x_wconf 80' lang='grc' dir='ltr'><strong>Καὶ</strong></span> <span class='ocrx_word' id='word_1_744' title='bbox 817 4848 1006 4919; x_wconf 75' lang='grc' dir='ltr'>ἐπειδὴ</span> <span class='ocrx_word' id='word_1_745' title='bbox 1033 4850 1187 4903; x_wconf 82' lang='grc' dir='ltr'>οὐδὲν</span> <span class='ocrx_word' id='word_1_746' title='bbox 1213 4853 1340 4925; x_wconf 78' lang='grc' dir='ltr'>περὶ</span> <span class='ocrx_word' id='word_1_747' title='bbox 1365 4853 1467 4923; x_wconf 81' lang='grc' dir='ltr'><strong>τῆς</strong></span> <span class='ocrx_word' id='word_1_748' title='bbox 1492 4847 1742 4924; x_wconf 74' lang='grc' dir='ltr'>θεότητος</span> <span class='ocrx_word' id='word_1_749' title='bbox 1770 4857 1934 4910; x_wconf 86' lang='grc' dir='ltr'>αὐτοῦ</span> 
     </span>
    </p>
   </div>
   <div class='ocr_carea' id='block_1_95' title="bbox 353 4936 1936 5016">
    <p class='ocr_par' dir='ltr' id='par_1_95' title="bbox 353 4936 1936 5016">
     <span class='ocr_line' id='line_1_95' title="bbox 353 4936 1936 5016; baseline 0.008 -28"><span class='ocrx_word' id='word_1_750' title='bbox 353 4936 529 5003; x_wconf 78' lang='grc' dir='ltr'>σαφὲς</span> <span class='ocrx_word' id='word_1_751' title='bbox 564 4937 758 5006; x_wconf 82' lang='grc' dir='ltr'>μαθεῖν</span> <span class='ocrx_word' id='word_1_752' title='bbox 791 4940 981 5009; x_wconf 81' lang='grc' dir='ltr'>ίσχυον</span> <span class='ocrx_word' id='word_1_753' title='bbox 1000 4981 1014 5005; x_wconf 92' lang='grc'><strong>,</strong></span> <span class='ocrx_word' id='word_1_754' title='bbox 1050 4941 1139 4994; x_wconf 82' lang='grc' dir='ltr'>διὰ</span> <span class='ocrx_word' id='word_1_755' title='bbox 1167 4943 1325 4996; x_wconf 84' lang='grc' dir='ltr'>τοῦτο</span> <span class='ocrx_word' id='word_1_756' title='bbox 1355 4947 1468 5008; x_wconf 87' lang='grc' dir='ltr'>τοῖς</span> <span class='ocrx_word' id='word_1_757' title='bbox 1501 4947 1630 5016; x_wconf 75' lang='grc' dir='ltr'>περὶ</span> <span class='ocrx_word' id='word_1_758' title='bbox 1658 4946 1758 5016; x_wconf 87' lang='grc' dir='ltr'><strong>τῆς</strong></span> <span class='ocrx_word' id='word_1_759' title='bbox 1788 4948 1936 5002; x_wconf 76' lang='grc' dir='ltr'>οἱκο-</span> 
     </span>
    </p>
   </div>
   <div class='ocr_carea' id='block_1_96' title="bbox 349 5029 1938 5111">
    <p class='ocr_par' dir='ltr' id='par_1_96' title="bbox 349 5029 1938 5111">
     <span class='ocr_line' id='line_1_96' title="bbox 349 5029 1938 5111; baseline 0.007 -30"><span class='ocrx_word' id='word_1_760' title='bbox 349 5029 550 5098; x_wconf 79' lang='grc' dir='ltr'>νομίας</span> <span class='ocrx_word' id='word_1_761' title='bbox 586 5031 918 5102; x_wconf 77' lang='grc' dir='ltr'>ἐνδιατρίόει</span> <span class='ocrx_word' id='word_1_762' title='bbox 959 5033 1160 5102; x_wconf 84' lang='grc' dir='ltr'>λόγοις,</span> <span class='ocrx_word' id='word_1_763' title='bbox 1203 5035 1291 5089; x_wconf 82' lang='grc' dir='ltr'><strong>ἵνα</strong></span> <span class='ocrx_word' id='word_1_764' title='bbox 1331 5037 1546 5102; x_wconf 80' lang='grc' dir='ltr'>τούτοις</span> <span class='ocrx_word' id='word_1_765' title='bbox 1584 5042 1616 5111; x_wconf 81' lang='grc' dir='ltr'>ἠ</span> <span class='ocrx_word' id='word_1_766' title='bbox 1658 5041 1794 5111; x_wconf 85' lang='grc' dir='ltr'>ἀκοὴ</span> <span class='ocrx_word' id='word_1_767' title='bbox 1839 5058 1938 5108; x_wconf 85' lang='grc' dir='ltr'>γυ-</span> 
     </span>
    </p>
   </div>
   <div class='ocr_carea' id='block_1_97' title="bbox 356 5122 1939 5204">
    <p class='ocr_par' dir='ltr' id='par_1_97' title="bbox 356 5122 1939 5204">
     <span class='ocr_line' id='line_1_97' title="bbox 356 5122 1939 5204; baseline 0.01 -33"><span class='ocrx_word' id='word_1_768' title='bbox 356 5122 661 5191; x_wconf 74' lang='grc' dir='ltr'>μνασθεῖσα</span> <span class='ocrx_word' id='word_1_769' title='bbox 680 5127 745 5196; x_wconf 79' lang='grc' dir='ltr'><strong>τῇ</strong></span> <span class='ocrx_word' id='word_1_770' title='bbox 773 5125 934 5197; x_wconf 83' lang='grc' dir='ltr'>λοιπῇ</span> <span class='ocrx_word' id='word_1_771' title='bbox 963 5128 1363 5200; x_wconf 77' lang='grc' dir='ltr'>προοδοποιήσῃ</span> <span class='ocrx_word' id='word_1_772' title='bbox 1385 5129 1728 5204; x_wconf 81' lang='grc' dir='ltr'>διδασκαλίᾳ.</span> <span class='ocrx_word' id='word_1_773' title='bbox 1754 5134 1865 5187; x_wconf 84' lang='lat' dir='ltr'><strong>Kal</strong></span> <span class='ocrx_word' id='word_1_774' title='bbox 1890 5133 1939 5186; x_wconf 75' lang='grc' dir='ltr'><strong>εἰ</strong></span> 
     </span>
    </p>
   </div>
   <div class='ocr_carea' id='block_1_98' title="bbox 355 5211 1935 5289">
    <p class='ocr_par' dir='ltr' id='par_1_98' title="bbox 355 5211 1935 5289">
     <span class='ocr_line' id='line_1_98' title="bbox 355 5211 1935 5289; baseline 0.008 -25"><span class='ocrx_word' id='word_1_775' title='bbox 355 5211 600 5279; x_wconf 78' lang='grc' dir='ltr'>βούλοιτό</span> <span class='ocrx_word' id='word_1_776' title='bbox 630 5230 712 5278; x_wconf 87' lang='grc' dir='ltr'><strong>τις</strong></span> <span class='ocrx_word' id='word_1_777' title='bbox 743 5215 841 5285; x_wconf 81' lang='grc' dir='ltr'><strong>τὴν</strong></span> <span class='ocrx_word' id='word_1_778' title='bbox 871 5215 1216 5288; x_wconf 81' lang='grc' dir='ltr'>δημηγορίαν</span> <span class='ocrx_word' id='word_1_779' title='bbox 1245 5221 1423 5272; x_wconf 82' lang='grc' dir='ltr'>πᾶσαν</span> <span class='ocrx_word' id='word_1_780' title='bbox 1451 5222 1656 5275; x_wconf 83' lang='grc' dir='ltr'>ἄνωθεν</span> <span class='ocrx_word' id='word_1_781' title='bbox 1687 5223 1935 5289; x_wconf 82' lang='grc' dir='ltr'>διελθεῖν,</span> 
     </span>
    </p>
   </div>
   <div class='ocr_carea' id='block_1_99' title="bbox 2041 4671 3623 4744">
    <p class='ocr_par' dir='ltr' id='par_1_99' title="bbox 2041 4671 3623 4744">
     <span class='ocr_line' id='line_1_99' title="bbox 2041 4671 3623 4744; baseline 0.001 -18"><span class='ocrx_word' id='word_1_782' title='bbox 2041 4674 2200 4744; x_wconf 82' lang='lat' dir='ltr'><strong>gerit.</strong></span> <span class='ocrx_word' id='word_1_783' title='bbox 2277 4671 2464 4741; x_wconf 90' lang='lat' dir='ltr'><strong>Neque</strong></span> <span class='ocrx_word' id='word_1_784' title='bbox 2511 4674 2653 4725; x_wconf 89' lang='lat' dir='ltr'><strong>enim</strong></span> <span class='ocrx_word' id='word_1_785' title='bbox 2693 4674 2875 4726; x_wconf 88' lang='lat' dir='ltr'><strong>statim</strong></span> <span class='ocrx_word' id='word_1_786' title='bbox 2909 4671 3244 4725; x_wconf 89' lang='lat' dir='ltr'><strong>divinitatem</strong></span> <span class='ocrx_word' id='word_1_787' title='bbox 3276 4687 3426 4724; x_wconf 89' lang='lat' dir='ltr'><strong>suam</strong></span> <span class='ocrx_word' id='word_1_788' title='bbox 3467 4673 3623 4728; x_wconf 89' lang='lat' dir='ltr'><strong>nobis</strong></span> 
     </span>
    </p>
   </div>
   <div class='ocr_carea' id='block_1_100' title="bbox 2041 4763 3628 4833">
    <p class='ocr_par' dir='ltr' id='par_1_100' title="bbox 2041 4763 3628 4833">
     <span class='ocr_line' id='line_1_100' title="bbox 2041 4763 3628 4833; baseline -0.003 -14"><span class='ocrx_word' id='word_1_789' title='bbox 2041 4765 2330 4831; x_wconf 86' lang='lat' dir='ltr'><strong>patefecit;</strong></span> <span class='ocrx_word' id='word_1_790' title='bbox 2363 4763 2458 4819; x_wconf 85' lang='lat' dir='ltr'><strong>sed</strong></span> <span class='ocrx_word' id='word_1_791' title='bbox 2492 4765 2666 4832; x_wconf 84' lang='lat' dir='ltr'><strong>primo</strong></span> <span class='ocrx_word' id='word_1_792' title='bbox 2710 4765 2928 4833; x_wconf 89' lang='lat' dir='ltr'><strong>quidem</strong></span> <span class='ocrx_word' id='word_1_793' title='bbox 2985 4763 3274 4832; x_wconf 90' lang='lat' dir='ltr'><strong>putabatur</strong></span> <span class='ocrx_word' id='word_1_794' title='bbox 3322 4776 3443 4818; x_wconf 89' lang='lat' dir='ltr'><strong>esse</strong></span> <span class='ocrx_word' id='word_1_795' title='bbox 3499 4777 3628 4830; x_wconf 85' lang='lat' dir='ltr'><strong>pro-</strong></span> 
     </span>
    </p>
   </div>
   <div class='ocr_carea' id='block_1_101' title="bbox 2041 4853 3628 4927">
    <p class='ocr_par' dir='ltr' id='par_1_101' title="bbox 2041 4853 3628 4927">
     <span class='ocr_line' id='line_1_101' title="bbox 2041 4853 3628 4927; baseline 0.001 -18"><span class='ocrx_word' id='word_1_796' title='bbox 2041 4857 2220 4927; x_wconf 78' lang='lat' dir='ltr'><strong>pheta,</strong></span> <span class='ocrx_word' id='word_1_797' title='bbox 2239 4865 2294 4912; x_wconf 92' lang='lat' dir='ltr'><strong>et</strong></span> <span class='ocrx_word' id='word_1_798' title='bbox 2324 4857 2572 4911; x_wconf 81' lang='lat' dir='ltr'><strong>Christus</strong></span> <span class='ocrx_word' id='word_1_799' title='bbox 2586 4857 2902 4925; x_wconf 81' lang='lat' dir='ltr'><strong>simpliciter</strong></span> <span class='ocrx_word' id='word_1_800' title='bbox 2931 4856 3124 4918; x_wconf 90' lang='lat' dir='ltr'><strong>homo;</strong></span> <span class='ocrx_word' id='word_1_801' title='bbox 3155 4854 3351 4909; x_wconf 88' lang='lat' dir='ltr'><strong>deinde</strong></span> <span class='ocrx_word' id='word_1_802' title='bbox 3380 4868 3442 4910; x_wconf 74' lang='lat' dir='ltr'><strong>ex</strong></span> <span class='ocrx_word' id='word_1_803' title='bbox 3471 4853 3628 4911; x_wconf 82' lang='lat' dir='ltr'><strong>fat-tis</strong></span> 
     </span>
    </p>
   </div>
   <div class='ocr_carea' id='block_1_102' title="bbox 2036 4943 3628 5016">
    <p class='ocr_par' dir='ltr' id='par_1_102' title="bbox 2036 4943 3628 5016">
     <span class='ocr_line' id='line_1_102' title="bbox 2036 4943 3628 5016; baseline -0.001 -13"><span class='ocrx_word' id='word_1_804' title='bbox 2036 4958 2090 5003; x_wconf 90' lang='lat' dir='ltr'><strong>et</strong></span> <span class='ocrx_word' id='word_1_805' title='bbox 2149 4947 2330 5001; x_wconf 87' lang='lat' dir='ltr'><strong>verbis</strong></span> <span class='ocrx_word' id='word_1_806' title='bbox 2392 4947 2640 5016; x_wconf 88' lang='lat' dir='ltr'><strong>apparuit</strong></span> <span class='ocrx_word' id='word_1_807' title='bbox 2692 4946 2742 4998; x_wconf 90' lang='lat' dir='ltr'><strong>id</strong></span> <span class='ocrx_word' id='word_1_808' title='bbox 2793 4945 2935 5014; x_wconf 89' lang='lat' dir='ltr'><strong>quod</strong></span> <span class='ocrx_word' id='word_1_809' title='bbox 2967 4943 3332 5000; x_wconf 86' lang='lat' dir='ltr'><strong>erat.ldcirco</strong></span> <span class='ocrx_word' id='word_1_810' title='bbox 3359 4955 3411 5000; x_wconf 90' lang='lat' dir='ltr'><strong>et</strong></span> <span class='ocrx_word' id='word_1_811' title='bbox 3434 4947 3628 5002; x_wconf 84' lang='lat' dir='ltr'><strong>Petrus</strong></span> 
     </span>
    </p>
   </div>
   <div class='ocr_carea' id='block_1_103' title="bbox 2041 5034 3624 5110">
    <p class='ocr_par' dir='ltr' id='par_1_103' title="bbox 2041 5034 3624 5110">
     <span class='ocr_line' id='line_1_103' title="bbox 2041 5034 3624 5110; baseline 0.001 -19"><span class='ocrx_word' id='word_1_812' title='bbox 2041 5039 2306 5110; x_wconf 80' lang='lat' dir='ltr'><strong>principio</strong></span> <span class='ocrx_word' id='word_1_813' title='bbox 2331 5039 2433 5092; x_wconf 89' lang='lat' dir='ltr'><strong>hac</strong></span> <span class='ocrx_word' id='word_1_814' title='bbox 2466 5040 2677 5091; x_wconf 89' lang='lat' dir='ltr'><strong>ratione</strong></span> <span class='ocrx_word' id='word_1_815' title='bbox 2705 5037 2892 5089; x_wconf 90' lang='lat' dir='ltr'><strong>utitur.</strong></span> <span class='ocrx_word' id='word_1_816' title='bbox 2931 5034 3080 5090; x_wconf 82' lang='lat' dir='ltr'><strong>lianc</strong></span> <span class='ocrx_word' id='word_1_817' title='bbox 3124 5037 3267 5090; x_wconf 89' lang='lat' dir='ltr'><strong>enim</strong></span> <span class='ocrx_word' id='word_1_818' title='bbox 3301 5037 3532 5105; x_wconf 88' lang='lat' dir='ltr'><strong>primam</strong></span> <span class='ocrx_word' id='word_1_819' title='bbox 3556 5039 3624 5092; x_wconf 86' lang='lat' dir='ltr'><strong>ad</strong></span> 
     </span>
    </p>
   </div>
   <div class='ocr_carea' id='block_1_104' title="bbox 2040 5126 3630 5198">
    <p class='ocr_par' dir='ltr' id='par_1_104' title="bbox 2040 5126 3630 5198">
     <span class='ocr_line' id='line_1_104' title="bbox 2040 5126 3630 5198; baseline 0 -14"><span class='ocrx_word' id='word_1_820' title='bbox 2040 5129 2255 5185; x_wconf 65' lang='lat' dir='ltr'><strong>Judaros</strong></span> <span class='ocrx_word' id='word_1_821' title='bbox 2287 5130 2602 5184; x_wconf 89' lang='lat' dir='ltr'><strong>concionem</strong></span> <span class='ocrx_word' id='word_1_822' title='bbox 2637 5128 2844 5182; x_wconf 89' lang='lat' dir='ltr'><strong>habuit.</strong></span> <span class='ocrx_word' id='word_1_823' title='bbox 2902 5126 2964 5182; x_wconf 88' lang='lat' dir='ltr'><strong>Et</strong></span> <span class='ocrx_word' id='word_1_824' title='bbox 3001 5129 3124 5198; x_wconf 88' lang='lat' dir='ltr'><strong>quia</strong></span> <span class='ocrx_word' id='word_1_825' title='bbox 3154 5129 3288 5183; x_wconf 88' lang='lat' dir='ltr'><strong>nihil</strong></span> <span class='ocrx_word' id='word_1_826' title='bbox 3324 5130 3392 5185; x_wconf 90' lang='lat' dir='ltr'><strong>de</strong></span> <span class='ocrx_word' id='word_1_827' title='bbox 3427 5130 3630 5185; x_wconf 86' lang='lat' dir='ltr'><strong>divini-</strong></span> 
     </span>
    </p>
   </div>
   <div class='ocr_carea' id='block_1_105' title="bbox 2046 5205 3626 5290">
    <p class='ocr_par' dir='ltr' id='par_1_105' title="bbox 2046 5205 3626 5290">
     <span class='ocr_line' id='line_1_105' title="bbox 2046 5205 3626 5290; baseline -0.003 -16"><span class='ocrx_word' id='word_1_828' title='bbox 2046 5229 2154 5274; x_wconf 88' lang='lat' dir='ltr'><strong>tate</strong></span> <span class='ocrx_word' id='word_1_829' title='bbox 2181 5220 2525 5290; x_wconf 88' lang='lat' dir='ltr'><strong>perspicunm</strong></span> <span class='ocrx_word' id='word_1_830' title='bbox 2563 5217 2772 5272; x_wconf 88' lang='lat' dir='ltr'><strong>discere</strong></span> <span class='ocrx_word' id='word_1_831' title='bbox 2811 5229 3083 5287; x_wconf 87' lang='lat' dir='ltr'><strong>poterant,</strong></span> <span class='ocrx_word' id='word_1_832' title='bbox 3117 5221 3186 5273; x_wconf 86' lang='lat' dir='ltr'><strong>ob</strong></span> <span class='ocrx_word' id='word_1_833' title='bbox 3213 5218 3265 5273; x_wconf 90' lang='lat' dir='ltr'><strong>id</strong></span> <span class='ocrx_word' id='word_1_834' title='bbox 3295 5219 3348 5272; x_wconf 93' lang='lat' dir='ltr'><strong>in</strong></span> <span class='ocrx_word' id='word_1_835' title='bbox 3381 5205 3446 5271; x_wconf 85' lang='lat' dir='ltr'><strong>eo</strong></span> <span class='ocrx_word' id='word_1_836' title='bbox 3474 5233 3626 5273; x_wconf 83' lang='lat' dir='ltr'><strong>com-</strong></span> 
     </span>
    </p>
   </div>
   <div class='ocr_carea' id='block_1_106' title="bbox 354 5301 1928 5388">
    <p class='ocr_par' dir='ltr' id='par_1_106' title="bbox 354 5305 1928 5388">
     <span class='ocr_line' id='line_1_106' title="bbox 354 5305 1928 5388; baseline 0.01 -33"><span class='ocrx_word' id='word_1_837' title='bbox 354 5305 580 5376; x_wconf 71' lang='grc' dir='ltr'>εὑρήσει</span> <span class='ocrx_word' id='word_1_838' title='bbox 617 5307 776 5361; x_wconf 86' lang='grc' dir='ltr'>τοῦτο</span> <span class='ocrx_word' id='word_1_839' title='bbox 815 5309 843 5362; x_wconf 86' lang='grc' dir='ltr'>ὃ</span> <span class='ocrx_word' id='word_1_840' title='bbox 885 5310 1028 5378; x_wconf 83' lang='grc' dir='ltr'>λέγω</span> <span class='ocrx_word' id='word_1_841' title='bbox 1071 5313 1275 5384; x_wconf 71' lang='grc' dir='ltr'>σφόδρα</span> <span class='ocrx_word' id='word_1_842' title='bbox 1313 5313 1642 5382; x_wconf 83' lang='grc' dir='ltr'>διαλάμπον.</span> <span class='ocrx_word' id='word_1_843' title='bbox 1686 5317 1796 5370; x_wconf 82' lang='lat' dir='ltr'><strong>Kal</strong></span> <span class='ocrx_word' id='word_1_844' title='bbox 1836 5319 1928 5388; x_wconf 64' lang='grc' dir='ltr'><strong>γὰρ</strong></span> 
     </span>
    </p>
   </div>
   <div class='ocr_carea' id='block_1_107' title="bbox 2030 5301 3627 5388">
    <p class='ocr_par' dir='ltr' id='par_1_107' title="bbox 2047 5301 3627 5382">
     <span class='ocr_line' id='line_1_107' title="bbox 2047 5301 3627 5382; baseline -0.001 -17"><span class='ocrx_word' id='word_1_845' title='bbox 2047 5321 2308 5376; x_wconf 88' lang='lat' dir='ltr'><strong>moratur,</strong></span> <span class='ocrx_word' id='word_1_846' title='bbox 2331 5301 2394 5364; x_wconf 82' lang='lat' dir='ltr'><strong>ut</strong></span> <span class='ocrx_word' id='word_1_847' title='bbox 2427 5311 2666 5364; x_wconf 87' lang='lat' dir='ltr'><strong>divinum</strong></span> <span class='ocrx_word' id='word_1_848' title='bbox 2698 5311 2915 5364; x_wconf 88' lang='lat' dir='ltr'><strong>humani</strong></span> <span class='ocrx_word' id='word_1_849' title='bbox 2943 5312 3157 5382; x_wconf 86' lang='lat' dir='ltr'><strong>generis</strong></span> <span class='ocrx_word' id='word_1_850' title='bbox 3204 5312 3458 5366; x_wconf 84' lang='lat' dir='ltr'><strong>servandi</strong></span> <span class='ocrx_word' id='word_1_851' title='bbox 3487 5325 3627 5365; x_wconf 71' lang='lat' dir='ltr'><strong>cono</strong></span> 
     </span>
    </p>
   </div>
   <div class='ocr_carea' id='block_1_108' title="bbox 354 5397 1928 5474">
    <p class='ocr_par' dir='ltr' id='par_1_108' title="bbox 354 5397 1928 5470">
     <span class='ocr_line' id='line_1_108' title="bbox 354 5397 1928 5470; baseline 0.005 -18"><span class='ocrx_word' id='word_1_852' title='bbox 354 5397 530 5466; x_wconf 64' lang='grc' dir='ltr'>ἄνδρα.</span> <span class='ocrx_word' id='word_1_853' title='bbox 568 5398 730 5452; x_wconf 81' lang='grc' dir='ltr'>αὐτὸν</span> <span class='ocrx_word' id='word_1_854' title='bbox 769 5401 926 5455; x_wconf 87' lang='grc' dir='ltr'>καλεῖ</span> <span class='ocrx_word' id='word_1_855' title='bbox 965 5405 1059 5457; x_wconf 86' lang='grc' dir='ltr'><strong>καί</strong></span> <span class='ocrx_word' id='word_1_856' title='bbox 1097 5405 1282 5467; x_wconf 80' lang='grc' dir='ltr'>αὐτὸς,</span> <span class='ocrx_word' id='word_1_857' title='bbox 1323 5406 1419 5458; x_wconf 76' lang='grc' dir='ltr'><strong>καὶ</strong></span> <span class='ocrx_word' id='word_1_858' title='bbox 1455 5409 1566 5467; x_wconf 87' lang='grc' dir='ltr'>τοῖς</span> <span class='ocrx_word' id='word_1_859' title='bbox 1599 5406 1693 5459; x_wconf 82' lang='grc' dir='ltr'>τοῦ</span> <span class='ocrx_word' id='word_1_860' title='bbox 1737 5409 1928 5470; x_wconf 71' lang='grc' dir='ltr'>πάθους</span> 
     </span>
    </p>
   </div>
   <div class='ocr_carea' id='block_1_109' title="bbox 2030 5397 3630 5474">
    <p class='ocr_par' dir='ltr' id='par_1_109' title="bbox 2054 5402 3630 5474">
     <span class='ocr_line' id='line_1_109' title="bbox 2054 5402 3630 5474; baseline -0.003 -15"><span class='ocrx_word' id='word_1_861' title='bbox 2054 5404 2234 5459; x_wconf 82' lang='lat' dir='ltr'><strong>silium</strong></span> <span class='ocrx_word' id='word_1_862' title='bbox 2265 5403 2515 5472; x_wconf 77' lang='lat' dir='ltr'><strong>explicet,</strong></span> <span class='ocrx_word' id='word_1_863' title='bbox 2541 5419 2647 5474; x_wconf 91' lang='lat' dir='ltr'><strong>quo</strong></span> <span class='ocrx_word' id='word_1_864' title='bbox 2687 5403 2787 5460; x_wconf 89' lang='lat' dir='ltr'><strong>sibi</strong></span> <span class='ocrx_word' id='word_1_865' title='bbox 2822 5405 2886 5458; x_wconf 88' lang='lat' dir='ltr'><strong>ad</strong></span> <span class='ocrx_word' id='word_1_866' title='bbox 2920 5404 3125 5472; x_wconf 88' lang='lat' dir='ltr'><strong>reliqua</strong></span> <span class='ocrx_word' id='word_1_867' title='bbox 3157 5404 3394 5457; x_wconf 87' lang='lat' dir='ltr'><strong>docenda</strong></span> <span class='ocrx_word' id='word_1_868' title='bbox 3422 5402 3630 5456; x_wconf 88' lang='lat' dir='ltr'><strong>aditum</strong></span> 
     </span>
    </p>
   </div>
   <div class='ocr_carea' id='block_1_110' title="bbox 358 5490 1928 5570">
    <p class='ocr_par' dir='ltr' id='par_1_110' title="bbox 358 5491 1928 5569">
     <span class='ocr_line' id='line_1_110' title="bbox 358 5491 1928 5569; baseline 0.005 -27"><span class='ocrx_word' id='word_1_869' title='bbox 358 5493 460 5542; x_wconf 84' lang='grc' dir='ltr'>καὶ</span> <span class='ocrx_word' id='word_1_870' title='bbox 485 5491 583 5560; x_wconf 86' lang='grc' dir='ltr'><strong>τῆς</strong></span> <span class='ocrx_word' id='word_1_871' title='bbox 611 5493 964 5557; x_wconf 82' lang='grc' dir='ltr'>ἀναστάσεως</span> <span class='ocrx_word' id='word_1_872' title='bbox 992 5495 1088 5548; x_wconf 75' lang='grc' dir='ltr'>καὶ</span> <span class='ocrx_word' id='word_1_873' title='bbox 1115 5499 1228 5560; x_wconf 87' lang='grc' dir='ltr'>τοῖς</span> <span class='ocrx_word' id='word_1_874' title='bbox 1256 5497 1400 5550; x_wconf 81' lang='grc' dir='ltr'>κατὰ</span> <span class='ocrx_word' id='word_1_875' title='bbox 1430 5497 1609 5568; x_wconf 80' lang='grc' dir='ltr'>σάρκα</span> <span class='ocrx_word' id='word_1_876' title='bbox 1643 5501 1928 5569; x_wconf 70' lang='grc' dir='ltr'>γεννήσεως</span> 
     </span>
    </p>
   </div>
   <div class='ocr_carea' id='block_1_111' title="bbox 2030 5490 3633 5570">
    <p class='ocr_par' dir='ltr' id='par_1_111' title="bbox 2045 5490 3633 5570">
     <span class='ocr_line' id='line_1_111' title="bbox 2045 5490 3633 5570; baseline -0.001 -20"><span class='ocrx_word' id='word_1_877' title='bbox 2045 5490 2364 5570; x_wconf 56' lang='grc' dir='ltr'>ἰηιοίωοὶςιι.</span> <span class='ocrx_word' id='word_1_878' title='bbox 2394 5500 2469 5551; x_wconf 86' lang='lat' dir='ltr'><strong>Ac</strong></span> <span class='ocrx_word' id='word_1_879' title='bbox 2535 5497 2578 5551; x_wconf 90' lang='lat' dir='ltr'><strong>si</strong></span> <span class='ocrx_word' id='word_1_880' title='bbox 2610 5497 2732 5566; x_wconf 89' lang='lat' dir='ltr'><strong>quis</strong></span> <span class='ocrx_word' id='word_1_881' title='bbox 2781 5503 2950 5549; x_wconf 86' lang='lat' dir='ltr'><strong>totam</strong></span> <span class='ocrx_word' id='word_1_882' title='bbox 3001 5495 3316 5549; x_wconf 89' lang='lat' dir='ltr'><strong>concionem</strong></span> <span class='ocrx_word' id='word_1_883' title='bbox 3363 5493 3533 5561; x_wconf 84' lang='lat' dir='ltr'><strong>ipsam</strong></span> <span class='ocrx_word' id='word_1_884' title='bbox 3599 5508 3633 5548; x_wconf 83' lang='lat' dir='ltr'><strong>a</strong></span> 
     </span>
    </p>
   </div>
   <div class='ocr_carea' id='block_1_112' title="bbox 359 5581 1928 5663">
    <p class='ocr_par' dir='ltr' id='par_1_112' title="bbox 359 5584 1928 5663">
     <span class='ocr_line' id='line_1_112' title="bbox 359 5584 1928 5663; baseline 0.005 -27"><span class='ocrx_word' id='word_1_885' title='bbox 359 5584 689 5654; x_wconf 80' lang='grc' dir='ltr'>ἐνδιατριὸει</span> <span class='ocrx_word' id='word_1_886' title='bbox 729 5586 927 5655; x_wconf 82' lang='grc' dir='ltr'>λόγοις.</span> <span class='ocrx_word' id='word_1_887' title='bbox 968 5589 1077 5642; x_wconf 85' lang='lat' dir='ltr'><strong>Kal</strong></span> <span class='ocrx_word' id='word_1_888' title='bbox 1117 5589 1329 5653; x_wconf 79' lang='grc' dir='ltr'>Παῦλος</span> <span class='ocrx_word' id='word_1_889' title='bbox 1364 5591 1420 5642; x_wconf 82' lang='grc' dir='ltr'>δὲ</span> <span class='ocrx_word' id='word_1_890' title='bbox 1460 5591 1590 5643; x_wconf 85' lang='grc' dir='ltr'>ὅταν</span> <span class='ocrx_word' id='word_1_891' title='bbox 1628 5590 1794 5663; x_wconf 80' lang='grc' dir='ltr'>λέγῃ,</span> <span class='ocrx_word' id='word_1_892' title='bbox 1838 5591 1928 5645; x_wconf 79' lang='lat' dir='ltr'><strong>Toi</strong></span> 
     </span>
    </p>
   </div>
   <div class='ocr_carea' id='block_1_113' title="bbox 2030 5581 3636 5663">
    <p class='ocr_par' dir='ltr' id='par_1_113' title="bbox 2060 5581 3636 5657">
     <span class='ocr_line' id='line_1_113' title="bbox 2060 5581 3636 5657; baseline -0.001 -19"><span class='ocrx_word' id='word_1_893' title='bbox 2060 5587 2326 5657; x_wconf 81' lang='lat' dir='ltr'><strong>principio</strong></span> <span class='ocrx_word' id='word_1_894' title='bbox 2363 5585 2620 5656; x_wconf 82' lang='lat' dir='ltr'><strong>perlegat,</strong></span> <span class='ocrx_word' id='word_1_895' title='bbox 2655 5585 2886 5653; x_wconf 88' lang='lat' dir='ltr'><strong>reperiet</strong></span> <span class='ocrx_word' id='word_1_896' title='bbox 2917 5584 2967 5637; x_wconf 91' lang='lat' dir='ltr'><strong>id</strong></span> <span class='ocrx_word' id='word_1_897' title='bbox 3015 5581 3159 5652; x_wconf 89' lang='lat' dir='ltr'><strong>quod</strong></span> <span class='ocrx_word' id='word_1_898' title='bbox 3226 5582 3457 5636; x_wconf 90' lang='lat' dir='ltr'><strong>dicimus</strong></span> <span class='ocrx_word' id='word_1_899' title='bbox 3513 5595 3636 5637; x_wconf 80' lang='lat' dir='ltr'><strong>esse</strong></span> 
     </span>
    </p>
   </div>
   <div class='ocr_carea' id='block_1_114' title="bbox 362 5675 1928 5750">
    <p class='ocr_par' dir='ltr' id='par_1_114' title="bbox 362 5678 1917 5750">
     <span class='ocr_line' id='line_1_114' title="bbox 362 5678 1917 5750; baseline 0.004 -22"><span class='ocrx_word' id='word_1_900' title='bbox 362 5678 695 5746; x_wconf 76' lang='grc' dir='ltr'>γενομένου</span> <span class='ocrx_word' id='word_1_901' title='bbox 727 5678 794 5733; x_wconf 79' lang='grc' dir='ltr'><strong>ἐκ</strong></span> <span class='ocrx_word' id='word_1_902' title='bbox 827 5680 1173 5750; x_wconf 80' lang='grc' dir='ltr'>σπέρματος</span> <span class='ocrx_word' id='word_1_903' title='bbox 1206 5682 1381 5736; x_wconf 77' lang='grc' dir='ltr'>Δαϐὶδ</span> <span class='ocrx_word' id='word_1_904' title='bbox 1414 5683 1565 5736; x_wconf 81' lang='grc' dir='ltr'>κατὰ</span> <span class='ocrx_word' id='word_1_905' title='bbox 1595 5682 1792 5750; x_wconf 82' lang='grc' dir='ltr'>σάρκα</span> <span class='ocrx_word' id='word_1_906' title='bbox 1812 5722 1826 5748; x_wconf 88' lang='grc'><strong>,</strong></span> <span class='ocrx_word' id='word_1_907' title='bbox 1859 5685 1917 5734; x_wconf 79' lang='grc' dir='ltr'>οὑ</span> 
     </span>
    </p>
   </div>
   <div class='ocr_carea' id='block_1_115' title="bbox 2030 5675 3637 5750">
    <p class='ocr_par' dir='ltr' id='par_1_115' title="bbox 2063 5675 3637 5746">
     <span class='ocr_line' id='line_1_115' title="bbox 2063 5675 3637 5746; baseline -0.003 -12"><span class='ocrx_word' id='word_1_908' title='bbox 2063 5679 2447 5734; x_wconf 87' lang='lat' dir='ltr'><strong>clarissimum.</strong></span> <span class='ocrx_word' id='word_1_909' title='bbox 2486 5675 2620 5730; x_wconf 85' lang='lat' dir='ltr'><strong>Nam</strong></span> <span class='ocrx_word' id='word_1_910' title='bbox 2651 5686 2704 5731; x_wconf 90' lang='lat' dir='ltr'><strong>et</strong></span> <span class='ocrx_word' id='word_1_911' title='bbox 2736 5676 2849 5746; x_wconf 87' lang='lat' dir='ltr'><strong>ipse</strong></span> <span class='ocrx_word' id='word_1_912' title='bbox 2897 5675 3073 5730; x_wconf 88' lang='lat' dir='ltr'><strong>virum</strong></span> <span class='ocrx_word' id='word_1_913' title='bbox 3108 5689 3229 5730; x_wconf 90' lang='lat' dir='ltr'><strong>eum</strong></span> <span class='ocrx_word' id='word_1_914' title='bbox 3263 5682 3441 5739; x_wconf 86' lang='lat' dir='ltr'><strong>vocat,</strong></span> <span class='ocrx_word' id='word_1_915' title='bbox 3470 5681 3524 5728; x_wconf 89' lang='lat' dir='ltr'><strong>et</strong></span> <span class='ocrx_word' id='word_1_916' title='bbox 3580 5675 3637 5730; x_wconf 93' lang='lat' dir='ltr'><strong>in</strong></span> 
     </span>
    </p>
   </div>
   <div class='ocr_carea' id='block_1_116' title="bbox 364 5766 1928 5846">
    <p class='ocr_par' dir='ltr' id='par_1_116' title="bbox 364 5769 1928 5846">
     <span class='ocr_line' id='line_1_116' title="bbox 364 5769 1928 5846; baseline 0.004 -26"><span class='ocrx_word' id='word_1_917' title='bbox 364 5769 456 5821; x_wconf 68' lang='grc' dir='ltr'><strong>ὃέν</strong></span> <span class='ocrx_word' id='word_1_918' title='bbox 483 5770 671 5839; x_wconf 71' lang='grc' dir='ltr'>ἕτερον</span> <span class='ocrx_word' id='word_1_919' title='bbox 700 5773 846 5840; x_wconf 82' lang='grc' dir='ltr'>ἡμᾶς</span> <span class='ocrx_word' id='word_1_920' title='bbox 873 5772 1140 5840; x_wconf 79' lang='grc' dir='ltr'>παιδεύει,</span> <span class='ocrx_word' id='word_1_921' title='bbox 1173 5773 1286 5826; x_wconf 78' lang='grc' dir='ltr'>ἀλλ’</span> <span class='ocrx_word' id='word_1_922' title='bbox 1311 5775 1342 5845; x_wconf 84' lang='grc' dir='ltr'><strong>ἢ</strong></span> <span class='ocrx_word' id='word_1_923' title='bbox 1377 5775 1456 5828; x_wconf 80' lang='grc' dir='ltr'><strong>ὅτι</strong></span> <span class='ocrx_word' id='word_1_924' title='bbox 1486 5773 1546 5827; x_wconf 79' lang='grc' dir='ltr'>τὸ</span> <span class='ocrx_word' id='word_1_925' title='bbox 1575 5776 1828 5846; x_wconf 85' lang='grc' dir='ltr'>ἐποίησεν</span> <span class='ocrx_word' id='word_1_926' title='bbox 1858 5775 1928 5826; x_wconf 71' lang='grc' dir='ltr'><strong>ἐπ</strong></span> 
     </span>
    </p>
   </div>
   <div class='ocr_carea' id='block_1_117' title="bbox 2030 5766 3642 5846">
    <p class='ocr_par' dir='ltr' id='par_1_117' title="bbox 2058 5766 3642 5841">
     <span class='ocr_line' id='line_1_117' title="bbox 2058 5766 3642 5841; baseline -0.005 -13"><span class='ocrx_word' id='word_1_927' title='bbox 2058 5773 2176 5841; x_wconf 86' lang='lat' dir='ltr'><strong>ejus</strong></span> <span class='ocrx_word' id='word_1_928' title='bbox 2190 5781 2382 5838; x_wconf 85' lang='lat' dir='ltr'><strong>morte,</strong></span> <span class='ocrx_word' id='word_1_929' title='bbox 2406 5769 2952 5834; x_wconf 85' lang='lat' dir='ltr'><strong>etresurrectione,et</strong></span> <span class='ocrx_word' id='word_1_930' title='bbox 2975 5767 3211 5824; x_wconf 87' lang='lat' dir='ltr'><strong>humano</strong></span> <span class='ocrx_word' id='word_1_931' title='bbox 3230 5775 3350 5823; x_wconf 89' lang='lat' dir='ltr'><strong>ortu</strong></span> <span class='ocrx_word' id='word_1_932' title='bbox 3363 5766 3642 5838; x_wconf 78' lang='lat' dir='ltr'><strong>explicau-</strong></span> 
     </span>
    </p>
   </div>
   <div class='ocr_carea' id='block_1_118' title="bbox 445 5859 2208 5940">
    <p class='ocr_par' dir='ltr' id='par_1_118' title="bbox 445 5859 2208 5940">
     <span class='ocr_line' id='line_1_118' title="bbox 445 5859 2208 5940; baseline 0.002 -22"><span class='ocrx_word' id='word_1_933' title='bbox 445 5863 464 5896; x_wconf 79' lang='lat'><strong><em>‘</em></strong></span> <span class='ocrx_word' id='word_1_934' title='bbox 503 5867 627 5919; x_wconf 85' lang='lat' dir='ltr'><strong>Act.</strong></span> <span class='ocrx_word' id='word_1_935' title='bbox 661 5880 718 5932; x_wconf 87' lang='lat' dir='ltr'><strong>ll,</strong></span> <span class='ocrx_word' id='word_1_936' title='bbox 750 5867 838 5923; x_wconf 80' lang='grc'><strong>56.</strong></span> <span class='ocrx_word' id='word_1_937' title='bbox 916 5869 936 5899; x_wconf 86' lang='grc'>¹</span> <span class='ocrx_word' id='word_1_938' title='bbox 962 5869 1101 5925; x_wconf 86' lang='lat' dir='ltr'><strong>ibid.</strong></span> <span class='ocrx_word' id='word_1_939' title='bbox 1180 5871 1200 5904; x_wconf 87' lang='grc'><strong><em>⁸</em></strong></span> <span class='ocrx_word' id='word_1_940' title='bbox 1227 5868 1558 5938; x_wconf 78' lang='lat' dir='ltr'><strong>Joan.xxut,</strong></span> <span class='ocrx_word' id='word_1_941' title='bbox 1593 5859 1681 5927; x_wconf 40' lang='lat'><strong>37&#39;.</strong></span> <span class='ocrx_word' id='word_1_942' title='bbox 1759 5869 1781 5901; x_wconf 81' lang='grc'><strong>’⁵</strong></span> <span class='ocrx_word' id='word_1_943' title='bbox 1804 5870 1924 5926; x_wconf 84' lang='lat' dir='ltr'><strong>Act.</strong></span> <span class='ocrx_word' id='word_1_944' title='bbox 1956 5885 2087 5940; x_wconf 74' lang='lat' dir='ltr'><strong>xvu,</strong></span> <span class='ocrx_word' id='word_1_945' title='bbox 2118 5867 2208 5923; x_wconf 81' lang='grc'><strong>51.</strong></span> 
     </span>
    </p>
   </div>
  </div>
