4026 6290
511 345 608 412 till

509 555 715 612 semine
743 555 909 612 David
938 562 1235 616 secundum
1261 579 1478 621 carnem
1497 569 1536 630 ¹.
1555 570 1683 624 nihil
1705 573 1848 627 aliud
1875 591 1972 629 nos
1993 579 2092 632 do.

510 648 643 709 cuit,
671 650 770 705 nisi
806 653 1026 707 verbum
1073 654 1222 721 illud,
1251 653 1422 722 Fecit,
1453 661 1521 714 ad
1549 662 1938 721 humanitatem
1962 667 2080 734 ejus

509 752 630 792 esse
665 741 1025 797 referendum.
1067 744 1220 810 Quod
1277 763 1371 802 nos
1406 751 1532 805 item
1590 755 1932 811 confitemur.
1975 759 2079 814 Sed

1735 366 2121 434 EUTllYMlI
2179 378 2537 443 ZlGABENI

510 465 952 519 disimmoratur.
982 467 1048 522 Et
1078 468 1278 527 Paulus
1296 487 1416 528 cum
1435 473 1638 532 diceret
1655 492 1781 533 eum
1807 481 2002 538 factum
2022 501 2087 542 ex

2194 493 2292 560 τῆς
2322 496 2630 565 οἰκονομίας

3642 401 3735 462 612

2667 503 3058 572 παρείληπται,
3092 506 3120 559 ὃ
3155 507 3248 560 καὶ⁵
3282 508 3436 576 ἡμεῖς
3469 510 3736 579 ὁμολογοῦ-

2203 603 2324 652 μεν.
2357 588 2544 642 Ἀλλ’ὀ
2573 594 2669 660 τῆς
2706 594 2934 666 βροντῆς
2969 599 3083 660 υίὸς
3117 599 3245 668 περὶ
3272 599 3368 668 τῆς
3399 601 3622 671 ἀρρήτου
3654 605 3737 656 καὶ

2189 679 2520 744 προαιων-ίου
2563 683 2851 754 ὑπάρξεως
2887 689 3192 758 διαλέγεται
3233 689 3348 756 νῦν,
3386 691 3471 745 διὰ
3506 692 3651 746 τοῦτο
3684 697 3737 749 τὸ

2188 768 2482 836 ἐποίησεν
2512 776 2699 843 ἀφεὶς,
2731 778 2790 831 τὸ
2812 775 2890 849 ἦν
2915 781 3131 851 ἔθηκεν.

511 833 651 885 tilius
687 837 908 888 tonitrui
952 837 1018 889 de
1053 847 1243 892 natura
1267 840 1419 896 illius
1457 857 1576 910 qua:
1611 847 1793 901 verbis
1826 851 2084 914 explicari
2128 873 2231 912 non
2287 873 2485 930 potest,
2527 880 2754 937 quaeque
2798 880 2883 924 est
2929 883 3055 926 ante
3089 872 3304 937 sa'cula,
3335 887 3470 926 nunc
3504 872 3734 943 loquitur.

508 927 865 992 Quamobrem
923 931 1146 983 verbum
1189 933 1319 988 illud
1355 951 1368 988 :
1405 934 1582 1003 Fecit,
1621 939 1901 1010 omittens,
1935 943 2071 998 dixit
2101 965 2115 1001 :
2147 927 2300 1010 Erat.

1065 1019 1151 1075 Ex
1195 1025 1372 1078 eodem
1415 1027 1570 1083 libro.

578 1109 770 1164 Audivi
800 1129 811 1164 :
854 1110 919 1165 In
952 1115 1206 1182 principio
1235 1130 1346 1172 erat
1385 1119 1631 1176 Verbum.
1666 1123 1805 1188 Quid
1836 1126 2092 1198 intelligis

507 1219 570 1256 ex
609 1204 708 1258 hoc
745 1207 1050 1276 principio?
1082 1209 1272 1265 Nonne
1304 1213 1354 1268 id
1410 1217 1586 1282 plane,
1658 1235 1850 1286 nempe
1913 1221 2088 1288 ipsum

507 1310 632 1349 esse
663 1308 788 1351 ante
820 1314 905 1353 res
939 1314 1061 1368 quae
1108 1314 1288 1359 mente
1326 1309 1498 1360 solum
1533 1311 2087 1376 comprehenduntur,

507 1397 562 1438 et
594 1397 716 1441 ante
771 1390 1194 1455 saecula?Quod
1225 1394 1270 1448 si
1323 1395 1516 1465 aliquis
1574 1400 1757 1455 dicat:
1813 1401 2095 1467 Quomodo

2543 1053 2639 1106 Ἐκ
2672 1053 2782 1121 τῆς
2815 1054 3006 1122 αὐτῆς
3041 1057 3420 1124 ἀκολουθίας.

2265 1143 2510 1197 Ἤκουσα
2562 1147 2645 1198 ὃτι
2685 1146 2789 1200 Ἔν
2817 1147 2975 1215 ἀρχῇ
3001 1145 3079 1218 ἦν
3116 1154 3149 1203 d
3171 1153 3384 1218 Λόγος.
3403 1153 3465 1204 Τί
3493 1159 3622 1221 νοεῖς
3647 1162 3740 1212 ἀπὸ

2189 1235 2287 1301 τῆς
2312 1235 2484 1303 ἀρχῆς
2510 1237 2713 1304 ταύτης
2731 1254 2748 1302 ;
2767 1239 2836 1290 Ἣ
2854 1237 3032 1308 δῆλον,
3059 1239 3140 1293 ὅτι
3161 1238 3221 1292 τδ
3243 1243 3350 1310 πρὸ
3371 1243 3577 1298 πάντων
3595 1250 3736 1301 αὑτὸν

2193 1319 2336 1378 εἶναι
2359 1326 2468 1380 τῶν
2492 1328 2718 1398 νοητῶν,
2745 1329 2840 1381 καὶ
2869 1329 2976 1398 πρὸ
3005 1330 3115 1383 τῶν
3144 1330 3357 1385 αἰώνων
3390 1351 3402 1398 ;
3441 1336 3500 1387 Ei
3525 1335 3576 1389 δὲ
3606 1338 3737 1405 λέγοι

2193 1433 2297 1478 τις,
2327 1417 2434 1470 Καὶ
2456 1418 2573 1480 πῶς
2601 1420 2748 1471 ἐστιν
2782 1421 2910 1474 Υίὸν
2939 1421 3065 1473 ὄντα
3096 1423 3172 1493 μὴ
3204 1424 3470 1492 νεώτερον
3499 1423 3626 1482 εἶναι
3653 1431 3736 1483 τοῦ

508 1487 702 1543 potest,
749 1479 791 1534 si
827 1478 996 1536 Filius
1043 1493 1145 1547 est,
1185 1499 1287 1538 non
1316 1501 1434 1542 esse
1472 1488 1653 1557 iunior
1703 1490 1908 1548 Patre?
1952 1496 2087 1564 quod

515 1571 656 1592 Λ-ιε--.
697 1584 756 1592 Α..
796 1569 862 1592 ,12
888 1586 968 1592 η--
1009 1583 1080 1592 --.
1138 1575 1149 1592 ξ
1177 1573 1188 1592 1
1229 1575 1309 1592 HI,
1376 1591 1384 1592 κ
2033 1586 2044 1592 -

2197 1509 2438 1577 Πατρός;
2485 1478 2681 1580 τὸγὰρ
2723 1512 2784 1566 ἐκ
2811 1530 2954 1575 τινος
2979 1512 3039 1566 ὃν
3065 1478 3283 1585 ἀνάγκη
3327 1478 3479 1572 tilica
3539 1478 3743 1592 ὕστερον

513 1571 659 1622 enim
694 1584 760 1623 ex
794 1569 974 1638 aliquo
1003 1583 1106 1636 est,
1138 1573 1191 1626 id
1229 1575 1340 1640 illo,
1365 1591 1427 1630 ex
1462 1595 1570 1646 quo
1599 1592 1706 1646 est,
1772 1586 2085 1638 necessario

511 1660 784 1726 posterius
814 1677 932 1716 esse
967 1663 1197 1719 dicimus
1231 1681 1245 1718 :
1293 1665 1409 1723 haec
1446 1681 1573 1722 sunt
1619 1671 1898 1726 hominum
1931 1689 2096 1742 argu-

510 1760 685 1803 menta
719 1752 877 1806 rebus
905 1753 1154 1809 bmnanis
1181 1759 1573 1830 corn'fnientin.
1610 1763 1667 1815 Et
1692 1765 1780 1830 qui
1813 1763 1914 1819 hoc
1945 1783 2095 1834 qua:-

519 1842 610 1906 rit,
638 1842 739 1894 alia
781 1846 950 1912 magis
980 1845 1142 1898 etiam
1165 1849 1396 1903 absurda
1433 1862 1656 1919 quaeret.
1691 1852 1877 1921 Itaque
1901 1872 1996 1910 nos
2026 1872 2095 1911 ne

510 1932 724 1988 audisse
747 1934 962 2000 quidem
991 1936 1104 1989 bmc
1119 1940 1420 2004 oportebat.
1448 1941 1519 1996 De
1546 1945 1649 1997 Deo
1672 1946 1812 1998 enim
1838 1962 1980 2000 nunc
2005 1963 2097 2002 no-

520 2024 598 2077 bis
631 2034 711 2077 est
749 2040 951 2088 sermo,
977 2043 1082 2080 non
1112 2029 1176 2082 de
1217 2029 1489 2084 hominum
1525 2044 1740 2100 natura,
1766 2051 1883 2104 quae
1909 2038 2094 2093 istius-

509 2113 650 2165 modi
681 2125 1117 2184 argumentornm
1171 2120 1348 2172 Ordini
1409 2132 1464 2176 ct
1505 2127 1811 2179 necessitati
1861 2127 2094 2182 obnoxia

506 2211 606 2257 est.
639 2202 835 2260 Verum
871 2217 928 2261 ut
958 2209 1344 2267 inﬁrmioribus
1369 2213 1615 2279 satisﬁat,
1675 2217 1740 2270 ad
1803 2219 1916 2272 haec
1969 2221 2093 2275 item

507 2297 972 2362 respondebimus.
1019 2301 1110 2354 Dic
1140 2302 1267 2356 mihi
1293 2317 1310 2356 ;
1345 2301 1614 2371 Splendor
1643 2308 1772 2361 solis
1801 2325 1866 2362 ex
1898 2311 2087 2379 ipsane

505 2384 638 2439 solis
653 2395 863 2452 natura,
886 2405 954 2443 an
977 2390 1196 2444 aliunde
1225 2395 1444 2447 manat?
1475 2395 1706 2452 Necesse
1728 2415 1950 2467 prorsus
1979 2413 2086 2468 est,

505 2477 609 2530 nisi
647 2479 804 2547 plane
838 2483 1089 2538 sensibus
1121 2487 1283 2538 etiam
1331 2471 1508 2553 cares,
1544 2500 1602 2543 ut
1662 2507 1786 2545 eum
1851 2508 1915 2546 ex
1963 2495 2093 2549 solis

452 2597 460 2602 -
504 2578 697 2621 natura
730 2586 951 2626 manare
980 2572 1226 2630 fatearis.
1255 2577 1508 2633 Attamen
1543 2596 1662 2634 cum
1685 2597 1767 2640 ,οι
1799 2585 1930 2639 solis
1995 2602 2090 2639 na-

507 2670 624 2713 tura
659 2662 916 2731 splendor
943 2668 1245 2734 proveniat,
1281 2685 1389 2724 non
1434 2671 1674 2728 dicemus
1711 2675 1855 2728 illum
1897 2688 2089 2732 natura

503 2753 632 2805 solis
673 2769 793 2810 esse
822 2758 1198 2824 posteriorem.
1258 2759 1544 2828 Nunquam
1577 2764 1720 2817 enim
1767 2767 1886 2821 sine
1918 2769 2092 2836 Splen-

502 2847 634 2897 dore
665 2847 744 2900 sol
777 2849 1090 2905 exstitisset.
1125 2851 1274 2916 Quod
1307 2856 1349 2907 si
1383 2854 1436 2907 in
1469 2857 1790 2925 corporibus
1823 2858 1944 2914 istis
1970 2876 2088 2929 qm:

499 2937 748 2990 sensibus
803 2939 1126 3008 percipimus
1155 2950 1208 2995 et
1254 2944 1546 3009 intuemur,
1574 2947 1768 3015 aliquid
1799 2964 1864 3003 ex
1908 2950 2089 3019 aliqua

502 3030 581 3082 sic
617 3045 740 3084 esse
773 3043 1008 3092 οοιιεῐιιι.
1047 3043 1106 3086 ut
1138 3049 1223 3098 eo,
1247 3050 1313 3089 ex
1348 3051 1452 3104 quo
1484 3052 1586 3101 εει.
1642 3044 1908 3105 υοεξοτίυε
1977 3059 2080 3098 non

500 3122 592 3186 sit,
622 3137 730 3177 non
758 3126 936 3179 credis
966 3126 1018 3180 in
1050 3127 1158 3195 ipsa
1195 3138 1406 3193 natura,
1441 3146 1561 3198 qua:
1595 3149 1693 3186 nec
1721 3137 1877 3188 cerni
1910 3145 2086 3204 potest

500 3316 706 3361 natura:
736 3310 1065 3363 conveniat?
1124 3307 1236 3363 Hac
1277 3314 1424 3366 enim
1457 3315 1524 3368 de
1568 3331 1733 3369 causa
1782 3329 1835 3370 et
1887 3319 2085 3374 Paulus

497 3415 622 3452 eum
657 3401 997 3468 splendorem
1026 3407 1335 3473 appellavit,
1383 3419 1437 3460 ut
1479 3409 1624 3462 illum
1663 3420 1716 3464 et
1744 3427 1813 3465 ex
1849 3412 2002 3468 Patre
2030 3423 2085 3468 et

496 3489 655 3542 simul
688 3504 808 3543 cum
839 3489 1002 3544 Patre
1027 3505 1290 3548 mternum
1317 3497 1732 3555 demonstraret.
1767 3502 1949 3567 Quid?
1977 3521 2081 3557 non

497 3579 693 3633 saecula
727 3596 822 3649 per
849 3583 1018 3652 ipsum
1046 3584 1182 3641 laeta
1229 3598 1355 3641 sunt
1383 3591 1591 3655 Omnia,
1633 3603 1687 3647 et
1737 3609 1898 3648 omne
1957 3612 2083 3663 spa-

501 3672 633 3724 tium
659 3672 681 3724 ?
707 3672 939 3728 Necesse
969 3688 1052 3730 est
1076 3687 1145 3741 te,
1181 3679 1280 3732 nisi
1317 3681 1540 3748 desipis.
1569 3684 1617 3736 id
1647 3685 1913 3739 t-onl‘tteri.
1942 3686 2083 3742 Nihil

499 3763 660 3831 igitur
686 3765 915 3820 medium
941 3768 1077 3823 inter
1102 3768 1294 3823 Filium
1329 3783 1381 3824 et
1413 3770 1649 3828 Patrem.
1683 3775 1834 3840 Quod
1876 3778 1920 3832 si
1953 3780 2083 3832 nihil

497 3853 640 3908 inter
671 3870 763 3911 eos
796 3859 1028 3912 medium
1061 3861 1370 3927 intercedit,
1407 3864 1580 3920 Filius
1624 3883 1730 3921 non
1761 3877 1842 3923 est.
1897 3879 2083 3936 poste-

497 3948 630 4010 rior,
673 3948 765 4002 sed
799 3963 1032 4005 aeternus
1065 3967 1187 4006 cum
1217 3952 1399 4011 Patre.
1435 3957 1503 4010 At
1541 3959 1627 4012 illa
1673 3959 1853 4022 verba,
1881 3971 2000 4015 ante
2031 3971 2084 4015 et

495 4045 632 4108 post,
695 4051 992 4109 temporum
1023 4041 1362 4098 diﬂ'erentias
1401 4046 1666 4113 indicant,
1702 4061 1755 4103 et
1822 4052 1936 4104 sine
1977 4068 2079 4104 sa:-

499 4130 619 4184 culo
661 4142 714 4184 et
751 4141 991 4202 tempore
1027 4135 1173 4188 nulla
1205 4146 1350 4190 sunt.
1381 4136 1737 4206 Temporibus
1795 4150 1974 4194 autem
2027 4150 2083 4195 et

497 4223 707 4278 smculis
729 4226 973 4292 superior
1003 4237 1085 4280 est
1113 4227 1270 4282 Deus.
1301 4227 1416 4282 Jam
1442 4231 1487 4284 si
1510 4228 1633 4285 Filii
1662 4232 1980 4301 principium
2005 4235 2085 4286 ais
2115 4253 2118 4258 '

491 4299 722 4366 iimnino
753 4314 1204 4380 comprehensum
1229 4333 1369 4382 esse,
1406 4320 1524 4373 vide
1554 4338 1620 4374 ne
1653 4322 1841 4375 eadem
1877 4324 2084 4378 ratione

496 4412 551 4456 et
578 4416 892 4473 argumento
923 4408 1134 4474 cogaris
1183 4420 1235 4462 et
1271 4408 1486 4465 Patrem
1532 4411 1632 4466 sub
1665 4415 1931 4484 principio
1983 4431 2080 4468 an-

499 4495 732 4564 tiquiore
761 4495 1001 4564 quidem,
1052 4499 1144 4552 sed
1205 4501 1466 4570 principio
1498 4513 1674 4557 tamen
1734 4510 2080 4561 constituere.

501 4587 594 4640 Die
622 4588 762 4640 enim
795 4587 949 4653 mihi,
979 4604 1158 4643 nonne
1207 4593 1493 4645 terminum
1523 4597 1810 4663 quemdam
1851 4609 1907 4652 et
1933 4600 2081 4670 prin-
2116 4590 2158 4644 D

498 4679 694 4746 cipiunt
759 4679 830 4731 ita
889 4682 1155 4748 pracponis
1214 4681 1370 4747 Filio,
1402 4693 1459 4737 ut
1512 4689 1578 4739 ab
1609 4702 1674 4741 eo
1711 4703 1924 4743 sursum
1962 4707 2084 4759 pro-

499 4772 758 4838 grediaris
783 4773 846 4828 ad
880 4773 1136 4828 Patrem!
1165 4775 1254 4830 Sic
1284 4787 1528 4844 apparet.
1565 4778 1657 4834 Dic
1681 4781 1844 4850 igitur
1868 4791 1921 4836 et
1950 4784 2078 4838 illud

501 4862 653 4928 mihi,
721 4875 924 4932 quanto
962 4867 1134 4934 spatio
1179 4867 1339 4924 Pater
1391 4871 1694 4925 antecedat.
1752 4872 1886 4928 Nam
1957 4877 2073 4931 sive

499 4968 721 5021 parvum
755 4957 867 5010 sive
918 4974 1172 5028 magnum
1237 4961 1526 5030 protuleris
1585 4963 1949 5032 intervallum,
1985 4972 2082 5022 sub

499 5042 764 5111 principio
801 5043 1011 5099 Patrem
1047 5048 1356 5104 collocabis.
1405 5050 1754 5122 Perspicuum
1808 5057 1951 5110 enim
2001 5069 2084 5112 est

502 5144 553 5188 te
591 5135 825 5204 spatimn
857 5134 913 5191 in
947 5140 1121 5192 medio
1152 5141 1518 5211 interiectum,
1551 5161 1644 5200 seu
1683 5163 1934 5217 magnum
1986 5166 2077 5203 seu

497 5243 724 5297 parvum
779 5232 868 5294 sit,
933 5231 1187 5284 dimetiri.
1239 5226 1396 5296 Quod
1440 5235 1556 5289 ﬁeri
1588 5242 1796 5307 nequit,
1834 5242 1934 5294 nisi
2012 5257 2075 5296 ex

498 5328 728 5386 utraque
763 5330 914 5389 parte
945 5322 1264 5391 principium
1299 5325 1516 5394 aliquod
1563 5329 1652 5381 sit.
1711 5331 2074 5394 Quamobrem
2162 5341 2176 5350 ‘

499 5400 754 5476 ctoPatri,
815 5422 1076 5481 quantum
1135 5414 1192 5467 in
1226 5423 1277 5468 te
1329 5424 1430 5478 est,
1489 5417 1808 5488 principium
1857 5424 2070 5477 dedisti.

499 5499 566 5554 Ut
591 5503 702 5571 jam
743 5518 838 5571 per
862 5518 955 5557 vos
991 5518 1055 5556 ne
1098 5503 1258 5560 Pater
1281 5507 1494 5575 quidem
1535 5512 1654 5564 s'ne
1684 5514 1946 5583 principio
1977 5517 2070 5570 sit.

1025 5595 1108 5650 Ex
1145 5600 1322 5653 eodem
1364 5599 1518 5658 libra.

566 5683 817 5739 Libenter
843 5687 910 5740 ab
935 5687 1053 5744 istis
1083 5691 1172 5760 qui
1198 5692 1649 5765 contradicuut_et
1674 5694 1802 5749 illud
1824 5698 2065 5753 audirem

565 5775 595 5842 ’ί
617 5771 771 5830 Rom.
804 5791 842 5842 ι,
875 5778 927 5832 3.

2195 1596 2334 1653 εἶναι
2387 1601 2484 1654 τοῦ
2515 1602 2573 1666 ἐξ
2607 1599 2667 1657 οὗ
2722 1606 2905 1656 ἐστιν’
2970 1603 3228 1675 ἐροῦμεν,
3270 1606 3358 1659 ὅτι
3401 1609 3625 1677 μὰλιστα
3654 1614 3743 1681 μὲν

2198 1691 2375 1749 ταῦτα
2413 1692 2693 1761 λογισμῶν
2727 1694 3085 1765 ἀνθρωπίνων
3113 1697 3253 1762 ἐστὶ,
3291 1699 3386 1750 καὶ
3430 1699 3457 1752 ό
3487 1698 3636 1753 τοῦτο
3660 1703 3742 1772 ζη-

2201 1782 2310 1833 τῶν
2341 1785 2434 1834 καὶ
2486 1782 2652 1852 ἕτερα
2683 1783 2892 1838 τούτων
2927 1784 3253 1856 ἀτοπώτερα
3303 1789 3550 1859 ζητήσει,
3584 1793 3740 1846 καίτοι

2200 1873 2322 1926 οὐδὲ
2355 1876 2424 1942 τῇ
2456 1875 2593 1943 ἀκοῇ
2621 1876 2686 1929 τὰ
2716 1876 2943 1930 τοιαῦτα
2985 1877 3398 1947 παραδέχεσθαι
3452 1879 3573 1937 ἔδει.
3624 1885 3742 1954 Περὶ

2199 1963 2334 2016 Θεοῦ
2363 1964 2476 2033 γὰρ
2505 1965 2602 2017 νῦν
2625 1967 2756 2034 ἡμῖν
2787 1969 2815 2018 ὁ
2845 1966 3002 2035 λόγος
3059 1967 3230 2034 ἐστὶν,
3268 1970 3331 2020 οὐ
3358 1971 3486 2039 περὶ
3523 1972 3616 2040 τῆς
3647 1975 3744 2024 τῶν

2197 2055 2500 2125 ἀνθρώπων
2538 2056 2770 2125 ’φύσεως
2818 2058 3189 2126 ὑποκειμένης
3244 2060 3308 2128 τῇ
3344 2059 3453 2112 τῶν
3493 2059 3746 2130 λογισμῶν

2197 2149 2404 2203 τούτων
2435 2150 2730 2222 ἀκολουθίᾳ
2782 2169 2842 2204 τε
2871 2153 2967 2205 καὶ
3007 2153 3243 2226 ἀνάγκη.
3278 2154 3428 2221 Πλὴν
3474 2154 3582 2206 ἀλλ’
3620 2155 3746 2219 ὑπὲρ

2205 2241 2581 2312 πληροφορίας
2632 2242 2742 2296 τῶν
2794 2243 3202 2316 ἀσθενεστέρων
3252 2245 3354 2297 καὶ
3419 2245 3551 2315 πρὸς
3592 2245 3746 2297 ταῦτα

2198 2331 2456 2402 ἐροῦμεν.
2490 2333 2627 2386 Εἰπὲ
2660 2334 2769 2405 γάρ
2799 2351 2911 2404 μοι,
2941 2336 3003 2387 τὸ
3028 2334 3378 2406 ἀπαύγασμα
3411 2337 3504 2390 τοῦ
3532 2337 3673 2408 ἡλίου
3696 2339 3744 2402 ἐξ

2198 2424 2366 2492 αὐτῆς
2399 2425 2616 2496 ἐκπηδᾷ
2645 2427 2742 2493 τῆς
2769 2425 2862 2479 τοῦ
2895 2427 3052 2495 ἡλίου
3083 2427 3328 2496 φύσεως,
3358 2427 3391 2498 ἢ
3426 2427 3638 2482 ἄλλοθέν
3658 2445 3744 2480 ποι

2195 2513 2315 2578 03v;
2357 2516 2595 2586 Ἀνάγκη
2633 2519 2786 2570 πᾶσα
2813 2519 3149 2587 ὁμολογῆσαι
3175 2519 3272 2572 τὸν
3299 2521 3378 2589 μὴ
3411 2522 3505 2574 καὶ
3528 2521 3622 2584 τὰς
3659 2522 3732 2572 ai-

2195 2606 2418 2675 σθὴσεις
2450 2609 2870 2678 πεπηρωμένον,
2905 2611 2986 2663 ὅτι
3024 2610 3083 2675 ἐξ
3110 2612 3304 2681 αὐτῆς,
3342 2612 3481 2664 Ἀλλ’
3507 2613 3645 2680 ὅμως
3662 2613 3746 2664 καὶ

2193 2698 2249 2764 ἐξ
2284 2699 2452 2768 αὐτῆς
2479 2699 2538 2751 ὃν
2580 2700 2673 2753 τοῦ
2705 2701 2860 2771 ἡλίου
2901 2703 2964 2754 τὸ
2999 2702 3366 2773 ἀπαύγασμα,
3407 2705 3504 2756 οὐκ
3535 2705 3596 2757 ἄν
3621 2720 3736 2754 ποτε

2196 2792 2423 2863 ὕστερον
2455 2791 2594 2848 εἶναι
2623 2797 2865 2864 φαίημεν
2897 2795 2995 2863 τῆς
3023 2795 3263 2864 ἡλιακῆς
3295 2795 3536 2864 φύσεως,
3576 2794 3744 2863 ἐπειδὴ

2194 2884 2328 2954 μηδὲ
2359 2887 2527 2956 χωρὶς
2556 2888 2994 2955 ἁπαυγὰσματος
3026 2887 3180 2958 ἥλιος
3204 2889 3384 2958 ἐφάνη
3420 2889 3566 2940 ποτέ,
3603 2889 3658 2940 Et
3691 2887 3743 2938 δὲ

2193 2977 2282 3028 ἐπὶ
2315 2977 2421 3029 τῶν
2454 2980 2723 3045 σωμάτων
2755 2979 2966 3031 τούτων
2989 2981 3125 3032 τῶν·
3153 2980 3433 3050 αίσθιητῶν
3492 2981 3582 3032 καὶ
3625 2981 3741 3048 opa-

2190 3067 2320 3128 τῶν,
2355 3070 2451 3120 xxi
2511 3069 2747 3132 ἔκ-τινος
2799 3069 2878 3135 ὃν,
2928 3073 3019 3124 καὶ
3054 3071 3151 3141 οὐχ
3184 3070 3417 3141 ὕστερον
3471 3071 3562 3123 τοῦ
3614 3060 3746 3133 ὲξοῦ

2149 3199 2156 3202 -
2192 3161 2339 3213 ἐστιν
2362 3163 2534 3232 ἐφάνη
2567 3181 2618 3214 τι
2647 3163 2726 3225 ὃν,
2755 3164 2808 3216 τί
2830 3166 3102 3225 ἀπιστεῖς,
3151 3165 3200 3214 εξ
3250 3163 3350 3217 ἐπὶ
3390 3165 3488 3230 τῆς
3518 3163 3731 3230 ἀοράτου

501 3228 598 3268 nec
628 3217 896 3282 enarrari,
927 3217 1066 3271 idem
1103 3233 1243 3283 esse,
1269 3235 1329 3289 ea
1351 3223 1564 3289 quidem
1600 3224 1831 3286 ratione,
1857 3243 1976 3295 quze
2002 3230 2091 3289 tali
2120 3241 2161 3297 ο
2198 3252 2292 3304 καὶ
2325 3217 2566 3322 (unus

2611 3253 2825 3320 φύσεως
2853 3255 2914 3308 τὸ
2940 3255 3070 3307 αὐτὸ
3108 3254 3172 3325 δὴ
3195 3254 3358 3308 τοῦτό
3399 3257 3545 3307 ἐστιν
3565 3253 3746 3313 οὕτως..

2189 3343 2264 3406 ὡς
2301 3345 2484 3416 ἐκείνῃ
2511 3347 2573 3413 τῇ
2606 3345 2763 3415 οὐσίᾳ
2799 3346 3008 3413 πρέπον
3049 3342 3146 3415 ἦνς
3185 3347 3287 3399 Διὰ
3319 3346 3427 3415 γάρ
3461 3361 3538 3398 τοι
3599 3343 3740 3395 τοῦτο

2185 3436 2281 3486 καὶ
2307 3438 2334 3488 ὁ
2361 3436 2569 3499 Παῦλος
2609 3437 2774 3491 αὐτὸν
2818 3436 2991 3498 οὕτως
3027 3438 3277 3503 ὲκάιλεσε,
3313 3439 3408 3492 καὶ
3441 3440 3500 3490 τδ
3550 3434 3604 3499 ἐξ
3649 3435 3736 3487 αὺ-

2185 3524 2301 3588 τοῦ,
2333 3527 2424 3580 καὶ
2462 3527 2522 3580 τὸ
2557 3529 2830 3580 συναῖδιον
2866 3529 3172 3598 παριστῶν.
3233 3530 3303 3582 Τί
3346 3529 3428 3593 δὲ,
3464 3527 3580 3580 εἰπέ
3636 3541 3736 3595 μοι.

2186 3616 2310 3685 οὐχὶ
2374 3618 2424 3669 οἱ
2476 3618 2674 3680 αἰῶνες
2723 3619 2793 3671 δι’
2857 3620 3022 3673 αὐτοῦ
3075 3620 3337 3688 γεγόνασι
3400 3619 3614 3679 πάντες,
3655 3614 3738 3667 καὶ

2186 3711 2463 3779 διάστημα
2503 3713 2681 3775 ἃπανς
2731 3712 2973 3782 Ἀνάγκη
3009 3715 3160 3766 πᾶσα
3193 3713 3526 3782 ὁμολογῆσαι
3563 3711 3648 3763 τὸν
3670 3708 3742 3777 μὴ

2187 3805 2595 3869 παραπαίοντα.
2620 3805 2830 3859 Οὐκοῦν
2863 3806 3017 3859 οὐδὲν
3041 3806 3206 3876 μέσον
3232 3804 3368 3859 Υίοῦ
3395 3806 3489 3858 καὶ
3517 3801 3730 3868 Πατρός·

2185 3897 2234 3947 εἰ
2263 3897 2316 3948 δὲ
2351 3896 2522 3958 οὐδὲν,
2553 3897 2651 3966 οὐχ
2684 3897 2932 3968 ὕστερος,
2965 3899 3103 3950 ἀλλὰ
3155 3898 3451 3960 ωναῖδιος.
3519 3896 3588 3947 Τὸ
3636 3891 3742 3959 γὰρ

2186 3990 2322 4056 πρὸ,
2355 3991 2448 4043 καὶ
2477 3989 2538 4044 τὸ
2564 3991 2716 4058 μετὰ
2741 4031 2753 4055 ,
2781 3991 2990 4061 χρόνων
3021 3991 3158 4044 εἰσὶν
3185 3989 3392 4044 ἔννοιαι
3423 3984 3728 4058 δηλωτικαί.

2185 4080 2370 4150 Χωρὶς
2425 4083 2532 4152 γὰρ
2580 4083 2776 4146 αἰῶνος
2822 4082 2855 4152 ἢ
2908 4083 3103 4154 χρόνου
3153 4083 3256 4136 οὐκ
3291 4083 3358 4137 ἂν
3390 4079 3632 4150 δυνηθείη
3659 4088 3734 4136 τις

2184 4172 2358 4225 ταῦτα
2392 4176 2582 4244 νοῆσαι
2633 4175 2700 4228 τὰ
2732 4177 2976 4246 ῥήματα.
3026 4176 3250 4246 Χρόνων
3319 4176 3378 4228 δὲ
3418 4175 3510 4226 καὶ
3541 4170 3736 4224 αἰώνων

2186 4256 2458 4335 ἀνώτερος
2509 4268 2536 4318 ὀ
2585 4265 2747 4328 Θεὸς,
2788 4265 2851 4319 Εἰ
2877 4267 2935 4318 δὲ
2968 4266 3105 4329 ὅλως
3154 4267 3248 4318 τοῦ
3280 4267 3413 4319 Υἱοῦ
3447 4265 3548 4335 φῂς
3579 4259 3736 4330 ἀρχὴν

2187 4357 2602 4423 κατειληφέναι,
2639 4358 2740 4425 ὅρα
2792 4363 2870 4428 μὴ
2923 4359 3018 4410 καὶ
3074 4357 3166 4410 τὸν
3195 4358 3420 4426 Πατέρα
3451 4355 3552 4409 ὑπὸ
3580 4351 3736 4420 ἀρχὴν

2189 4449 2550 4518 ἀναγκασίξῇς
2573 4441 2800 4518 ἀγαγεῖν
2824 4450 2969 4502 κατὰ
3006 4448 3195 4503 τοῦτον
3226 4449 3320 4501 τὸν
3349 4449 3506 4515 λόγον
3538 4445 3623 4498 καὶ
3655 4443 3733 4493 τὸν

2187 4540 2474 4609 λογισμὸν,
2508 4541 2898 4612 πρεσϐυτέραν
2928 4541 3050 4610 μὲν,
3084 4541 3260 4610 ἀρχὴν
3313 4541 3371 4594 δὲ
3415 4541 3580 4630 ὅμως,
3614 4533 3733 4630 Bittis

2184 4631 2291 4700 γάρ
2322 4649 2432 4700 μοι,
2465 4633 2564 4700 οὐχ
2609 4632 2738 4702 ὅρον
2786 4632 2914 4684 τινὰ
2963 4633 3058 4686 καὶ
3114 4631 3289 4701 ἀρχὴν
3348 4628 3616 4701 προτιθεὶς
3651 4628 3732 4675 τοῦ

2185 4724 2338 4787 Υἰοῦ,
2359 4724 2502 4777 οὕτω
2526 4726 2734 4794 προῖὼν
2756 4725 2855 4778 ἀπ’
2878 4725 3051 4792 αὐτῆς
3078 4725 3168 4776 ἐπὶ
3196 4725 3257 4776 τὸ
3280 4724 3396 4778 ἄνω
3421 4724 3512 4775 τὸν
3534 4716 3735 4784 Πατέρα

2181 4817 2434 4884 προϊέναι
2471 4814 2689 4883 λέγεις;
2742 4814 3000 4884 Εὔδηλον.
3033 4815 3172 4867 Εἰπὲ
3204 4813 3296 4867 οὖν
3331 4831 3426 4881 μοι·
3449 4811 3622 4871 πάλιν,
3646 4805 3730 4856 πόο

2183 4926 2280 4960 σον·
2303 4911 2328 4960 ὁ
2357 4909 2556 4979 Πατὴρ
2579 4907 2963 4978 προῦπάρχει;
3003 4907 3104 4958 Ἀν
3132 4924 3190 4959 τε
3223 4907 3332 4974 γὰρ
3365 4905 3560 4972 ὀλίγον,
3603 4899 3662 4950 ἄν
3681 4911 3729 4946 τε

2186 4999 2322 5052 πολὺ
2352 5000 2630 5068 διάστημα
2683 4998 2885 5062 εἴποις,
2919 4998 3026 5051 ὑπὸ
3054 4996 3228 5068 ἀρχὴν
3258 4998 3351 5050 τὸν
3376 4997 3588 5064 Πατέρα
3615 4992 3729 5059 ἠγα-

2185 5107 2302 5156 γες.
2359 5092 2659 5159 Μετρήσας
2711 5092 2843 5158 γὰρ,
2889 5090 3134 5160 εὔδηλον,
3171 5091 3252 5142 ὅτι
3302 5088 3364 5141 τὸ
3391 5089 3553 5156 μέσον
3578 5082 3728 5139 οὕτως

2185 5175 2365 5243 ὀλίγον
2395 5179 2562 5245 ἐρεῖς,
2613 5178 2648 5244 ἣ
2681 5178 2840 5232 πολύ.
2871 5179 3158 5247 Μετρῆοαι
3185 5178 3238 5231 δὲ
3272 5179 3376 5231 οὐκ
3417 5177 3482 5229 ἂν
3521 5175 3723 5242 γένοιτο.

2184 5267 2530 5338 ἑκατέρωθεν
2564 5269 2735 5339 οὔσης
2762 5271 2955 5338 ἀρχῆς.
2997 5271 3160 5324 Ὥστε
3220 5270 3314 5321 καὶ
3342 5268 3422 5338 τῷ
3458 5265 3621 5333 Πατρὶ
3649 5260 3721 5312 δέ-

2183 5361 2360 5422 δωκας
2393 5361 2568 5430 ἀρχὴν
2598 5366 2657 5414 τό
2685 5379 2747 5428 γε
2779 5365 2858 5425 εἰς
2890 5366 2947 5415 σὲ
2987 5360 3124 5434 ἧκον
3147 5404 3161 5427 ,
3199 5363 3294 5415 καὶ
3319 5363 3421 5415 οὐκ
3452 5361 3598 5412 ἔσται
3627 5353 3721 5403 λοιο

2182 5452 2282 5503 πον
2312 5453 2433 5505 οὐδὲ
2460 5456 2486 5506 ὁ
2515 5453 2702 5524 Πατὴρ
2737 5456 2974 5526 ἄναρχος
2996 5455 3119 5509 καθ’
3148 5455 3312 5524 ὑμᾶς.

2523 5610 2617 5663 Ἐκ
2652 5612 2761 5679 τῆς
2793 5613 2984 5681 αὐτῆς
3009 5614 3394 5677 ἀκολουθίας.

2175 5755 2178 5758 .
2259 5702 2460 5766 Ἡδέως
2489 5703 2532 5755 δ’
2573 5705 2637 5757 ἂν
2683 5707 2903 5772 κάκεῖνο
2930 5705 3157 5776 ἐροίμην
3192 5705 3317 5768 τοὺς
3362 5700 3715 5768 ἀντιλέγοντας
