4026 6290
492 355 597 419 6ιὸ

1712 345 2091 409 EUTIIYMII
2136 345 2493 405 ZIGABENI

3632 344 3740 409 £16

498 480 581 519 tus
626 479 729 517 non
799 466 960 517 addat
1006 463 1323 529 articulum,
1376 464 1543 519 Deum
1606 473 1787 517 tamen
1826 478 1929 517 non
1964 476 2060 515 ne-

2181 461 2337 512 ἣεού·
2373 460 2512 514 οὕτω
2546 459 2636 511 καὶ
2682 456 2936 519 ἐνταῦθα,
2991 457 3096 509 κᾶν
3148 456 3224 525 μὴ
3279 440 3616 525 πρωκέηται
3661 460 3743 528 τῷ

497 571 685 625 gamus
712 557 954 625 corporis
991 568 1262 625 expertem
1321 571 1464 621 esse,
1500 558 1580 610 sic
1641 560 1804 610 etiam
1852 554 1960 617 hic,
2007 553 2069 604 li-

499 663 586 704 cet
634 650 770 703 Filio
806 665 908 703 non
940 648 1590 709 adhibeatnr'articulus,
1634 664 1736 701 non
1784 656 2066 714 propterea

501 741 672 796 Filius
711 757 815 795 non
847 741 1144 795 ostenditur
1181 743 1341 795 Deus.
1370 741 1501 794 Cum
1525 741 1667 795 enim
1698 742 1841 794 dicat
1873 739 2066 801 Deum,

501 843 560 888 et
594 836 778 895 Deum,
810 834 948 887 inter
972 836 1110 887 hanc
1133 834 1464 887 divinitatem
1495 832 1627 885 nihil
1655 833 1885 886 medium
1916 832 2070 884 nobis

503 939 625 979 esse
660 925 948 988 signiticet.
986 925 1124 988 Quin
1152 926 1315 977 etiam
1346 939 1465 977 cum
1491 932 1646 976 antea
1672 923 1904 976 dixisset
1930 940 1943 975 :
2005 919 2069 973 Et

504 1015 644 1067 Deus
684 1025 795 1066 erat
855 1012 1101 1076 Verbum,
1130 1029 1199 1067 nc
1226 1014 1349 1081 quis
1380 1013 1716 1067 divinitatem
1753 1013 1873 1066 Filii
1900 1013 2073 1066 miuo-

506 1122 613 1158 rem
641 1105 999 1169 existimaret,
1029 1104 1210 1157 statim
1242 1118 1381 1158 vera:
1405 1104 1699 1157 divinitatis
1727 1103 1981 1156 indicium
2010 1118 2073 1155 ac

506 1210 687 1249 notaui
734 1196 887 1249 εὕει-ι
916 1196 1074 1249 etiam
1108 1195 1462 1249 aeternitatem
1495 1194 1637 1248 :Hoc
1678 1197 1844 1258 enim,
1875 1195 2070 1263 inquit,

502 1297 615 1339 erat
650 1287 702 1339 in
734 1288 988 1353 principio
1020 1291 1157 1354 apud
1185 1289 1369 1352 Deum,
1401 1297 1455 1339 et
1487 1297 1883 1356 procreatorem
1933 1286 2074 1338 indi—

503 1389 591 1431 cat
623 1393 765 1443 esse,
804 1378 993 1441 Omnia
1035 1394 1126 1446 per
1147 1380 1339 1444 ipsum,
1377 1379 1646 1447 inquiens,
1680 1378 1824 1445 facta
1855 1386 1994 1440 sunt,
2025 1386 2072 1428 et

504 1468 615 1520 sine
664 1471 775 1534 ipso
810 1469 1009 1536 factum
1061 1478 1135 1521 est
1181 1485 1242 1522 ne
1298 1486 1457 1521 unum
1508 1471 1741 1538 quidem,
1792 1468 1930 1536 quod
1988 1468 2073 1535 [α-

507 1568 645 1610 ctum
674 1568 772 1612 est.
807 1558 978 1622 Quam
1022 1559 1236 1627 quidem
1276 1559 1577 1612 divinitatis
1610 1567 1664 1610 et
1695 1557 1945 1614 essentia:
1965 1571 2075 1611 suae

507 1660 684 1703 notam
719 1658 772 1703 et
795 1650 954 1703 Pater
976 1666 1067 1718 per
1088 1650 1377 1720 prophetas
1400 1651 1597 1719 ubique
1622 1650 1859 1704 adhibet.
1886 1649 1953 1703 Et
1974 1648 2076 1702 hoc

504 1738 976 1795 demonstrationis
1022 1753 1217 1809 genere
1256 1754 1468 1808 semper
1531 1750 1754 1794 utuntur
1802 1743 2076 1809 prephette

507 1846 612 1885 non
654 1833 990 1901 simpliciter,
1036 1834 1129 1888 sed
1172 1833 1582 1888 simulacrorqu
1636 1833 1858 1902 gloriam
1898 1836 2072 1903 impu—

506 1937 762 1995 gnantes:
802 1925 888 1976 Dii
921 1926 1085 1987 enim,
1119 1924 1310 1993 inquit,
1338 1928 1425 1993 qui
1454 1924 1637 1979 caelum
1676 1938 1721 1978 et
1745 1936 1941 1977 terram
1972 1942 2074 1979 non

508 2017 739 2085 fecerunt
774 2017 1121 2078 perdantur‘.
1159 2015 1223 2070 Et
1262 2015 1652 2087 rursum,Ego,
1689 2018 1885 2084 inqttit,
1912 2033 2074 2069 manu

508 2123 622 2159 mea
651 2106 847 2159 calum
875 2109 1080 2160 extendi
1102 2109 1142 2160 ⁸.
1176 2106 1241 2161 Et
1275 2109 1374 2161 hoc
1403 2107 1694 2162 divinitatis
1720 2107 1919 2162 indicio
1953 2123 2076 2179 pas-

508 2197 608 2250 sim
645 2198 829 2251 utitur.
853 2197 918 2251 At
944 2200 1270 2269 evangelista
1308 2215 1374 2253 ne
1405 2200 1486 2253 his
1502 2200 1714 2268 quidem
1747 2199 1923 2253 verbis
1948 2216 2078 2252 con-

509 2296 709 2352 tentus,
751 2287 920 2343 Vitam
960 2300 1241 2358 praeterea,
1272 2300 1329 2346 et
1358 2289 1557 2345 Lucem
1598 2292 1772 2360 ipsum
1840 2292 2078 2359 appella-

507 2380 603 2433 vit.
657 2370 1016 2446 Quamobrem
1077 2382 1124 2437 si
1167 2397 1383 2453 semper
1421 2399 1543 2437 cum
1587 2381 1748 2437 Patre
1811 2394 1970 2449 erat;
2031 2384 2075 2437 si

506 2472 687 2524 omnia
723 2473 838 2540 ipse
875 2472 1167 2528 fabricatus
1217 2484 1341 2540 est;
1373 2473 1419 2527 si
1448 2477 1623 2530 omnia
1669 2478 1991 2544 procreavit,
2025 2486 2079 2531 et

508 2564 691 2616 omnia
753 2564 916 2629 fovet,
990 2565 1042 2618 id
1075 2566 1216 2618 cnim
1255 2566 1350 2633 ‘per
1386 2567 1626 2624 ,verhum
1683 2566 1835 2632 illud,
1899 2570 2077 2634 vitam,

510 2656 847 2720 signiﬁcatur
875 2674 889 2710 :
926 2658 970 2712 si
993 2661 1171 2712 omnia
1194 2659 1440 2724 illustrat,
1466 2660 1583 2728 quis
1600 2662 1734 2714 adeo
1756 2662 1947 2715 stultus
1973 2673 2077 2727 est,

511 2757 567 2799 ut
600 2748 740 2800 dicat
786 2747 1170 2817 evangelistam
1208 2750 1290 2803 his
1319 2752 1494 2803 verbis
1530 2752 1763 2805 voluisse
1818 2754 2079 2807 minorem

510 2836 629 2890 Filii
667 2839 999 2892 divinitatem
1044 2843 1348 2906 ostendere,
1407 2844 1601 2912 quibus
1628 2845 1856 2897 maxima
1906 2855 2081 2912 po‘est

510 2929 790 2997 :equalitas
819 2939 872 2984 et
899 2929 1198 2985 similitudo
1231 2933 1587 2987 demonstrari
1614 2933 1636 2986 2
1669 2932 1746 2989 Νε
1788 2938 2082 2990 confunda-

514 3035 634 3072 mus
662 3034 746 3072 res
784 3030 1095 3088 procreatas
1123 3036 1246 3075 cum
1279 3022 1515 3091 ipsarum
1550 3036 1919 3093 procreatore,
1952 3028 2083 3080 alio-

2174 552 2287 620 Υἱῴ
2336 552 2393 603 ἰδ
2432 550 2653 620 ἄρθρον,
2691 552 2750 601 οὐ
2791 550 2877 605 διὰ
2914 549 3067 603 τοῦτο
3124 550 3303 619 ἥττων
3355 550 3485 614 Θεὸς
3522 552 3550 603 ὁ
3589 551 3749 611 Υἱός.

2170 642 2303 693 Θεὸν
2326 641 2431 709 γὰρ
2480 643 2574 692 καὶ
2606 640 2738 692 Θεὸν
2788 639 2977 700 εἰπὼν,
3012 640 3112 692 οὐκ
3171 641 3425 708 ἐμφαίνει
3476 657 3530 692 τι
3570 640 3748 709 μέσον

2172 736 2304 802 ἡμῖν
2355 732 2457 800 τῆς
2507 732 2762 800 θεότητος
2811 731 3033 801 ταύτης,
3071 732 3209 786 ἀλλὰ
3260 733 3357 785 καὶ
3401 733 3749 787 τούναντίον.

2174 823 2457 893 ιΙροειπὼν
2482 822 2611 892 γὰρ,
2631 822 2741 874 Kal
2764 823 2904 888 Θεὸς
2926 818 3003 891 ἦν
3029 826 3061 876 ό
3086 822 3297 891 Λόγος,
3330 822 3413 874 ἵνα
3436 822 3510 892 μὴ
3541 825 3756 895 νομίσῃ

2170 934 2252 979 τις
2286 916 2548 967 ἐλάττονα
2594 910 2734 967 εἶναι
2790 914 2888 983 τὴν
2934 914 3163 983 θεότητα
3216 914 3311 967 τοῦ
3344 914 3497 978 Υίοῦ,
3530 915 3755 978 εὐθέως

2172 1008 2336 1061 αὐτοῦ
2367 1007 2459 1060 καὶ
2492 1007 2560 1059 τὰ
2597 1006 2931 1076 γνωριστικὰ
2955 1007 3054 1075 τῆς
3084 1006 3315 1075 γνησίας
3341 1006 3522 1076 τίθησι
3550 1005 3759 1075 θεότη-

2171 1122 2284 1165 τος.
2320 1103 2380 1154 τό
2421 1119 2479 1154 τε
2504 1102 2693 1161 ἀΐδιον,
2732 1097 2921 1166 Οὗτος
2952 1100 3059 1168 γὰρ
3101 1096 3199 1169 ἦν,
3249 1099 3436 1169 φησὶν,
3462 1100 3520 1152 ὲν
3583 1098 3759 1167 ἀρχῇ

2172 1196 2320 1263 πρὸς
2347 1196 2454 1248 τὸν
2490 1195 2661 1256 Θεὸν,
2705 1194 2797 1244 ναὶ
2846 1192 2905 1245 τὸ
2950 1193 3344 1260 δημιουργικὸν
3375 1191 3705 1261 προστιθείς
3739 1208 3753 1221 ο

2171 1288 2376 1341 Πάντα
2406 1288 2513 1355 γὰρ
2542 1328 2559 1352 ,
2604 1288 2759 1356 φησὶ,
2809 1285 2882 1337 δι’
2917 1287 3103 1339 αὐτοῦ
3150 1284 3408 1354 ἐγένετο,
3437 1283 3532 1335 καί
3564 1284 3760 1351 χωρὶς

2172 1379 2357 1433 αὐτοῦ
2387 1378 2622 1447 ἐγένετο
2646 1377 2786 1431 οὐδὲ
2816 1377 2904 1442 ἐν,
2934 1377 2964 1429 ὃ
2988 1377 3257 1446 γέγονεν.
3297 1379 3362 1428 Ὃ
3384 1374 3623 1445 μάλιστα
3654 1375 3763 1428 καὶ

2173 1472 2200 1523 6
2234 1471 2423 1540 Πατὴρ
2457 1469 2623 1523 αὑτοῦ
2656 1469 2745 1521 διὰ
2799 1469 2907 1522 τῶν
2952 1466 3249 1537 προφητῶν
3294 1467 3608 1534 ἁπανταχοῦ
3647 1468 3761 1533 τῆς

2173 1562 2363 1625 οὐσίας
2393 1563 2494 1630 τῆς
2524 1560 2694 1614 αὑτοῦ
2737 1560 3097 1630 γνωριστικὸν
3142 1552 3278 1612 εἷναί
3301 1574 3452 1628 φησι.
3485 1558 3595 1609 Καὶ
3619 1573 3764 1629 συν-

2175 1651 2314 1721 εχῶς
2352 1650 2513 1704 τοῦτο
2569 1652 2667 1721 τῆς
2702 1649 3033 1714 ἀποδείξεως
3060 1649 3119 1701 τὸ
3154 1643 3296 1709 εἶδος
3336 1648 3761 1717 περιστρέφου-

2178 1761 2261 1795 σιν
2281 1744 2329 1795 oi
2363 1744 2662 1811 προφῆται,
2697 1744 2790 1795 καὶ
2817 1742 2915 1811 οὐχ
2940 1740 3151 1803 ἁπλῶς,
3182 1739 3318 1792 ἀλλὰ
3343 1741 3481 1809 πρὸς
3506 1740 3605 1810 τὴν
3637 1739 3763 1792 τῶν

2175 1834 2407 1887 είδώλων
2431 1833 2816 1903 ἀγωνιζόμενοι
2843 1833 3015 1899 δόξαν·
3044 1833 3172 1886 Θεοί
3202 1833 3327 1903 γὰρ,
3350 1833 3532 1902 φησὶν,
3560 1832 3621 1886 οἵ
3644 1835 3766 1885 τεν

2176 1927 2438 1993 οὐρανὸν
2466 1926 2564 1979 καί
2592 1926 2706 1993 τὴν
2740 1925 2858 1995 γῆν
2880 1926 2991 1979 οὐκ
3034 1925 3353 1992 ἐποίησαν,
3389 1926 3767 1979 damnarat.»

2177 2035 2317 2071 σαν.
2352 2018 2457 2070 Καὶ
2480 2015 2662 2081 πάλιν,
2708 2016 2855 2087 Ἐγὼ
2900 2015 2975 2084 τῇ
3014 2018 3170 2084 χειρί
3192 2034 3313 2085 μου
3346 2015 3619 2080 ἐξέτεινα
3646 2018 3767 2071 τεν

2176 2110 2459 2177 οὐρανόν.
2518 2110 2631 2162 Καὶ
2685 2108 2897 2171 δεικνὺς
2943 2107 3200 2179 θεότητος
3256 2102 3397 2161 εἶναι
3447 2108 3769 2176 δηλωτικὸν

2178 2195 2454 2268 πανταχοῦ
2490 2196 2621 2250 αὐτὸ
2662 2197 2898 2267 τίθησιν.
2966 2197 3140 2261 Αὐτὸς
3185 2197 3243 2250 δὲ
3294 2200 3321 2251 ὁ
3355 2197 3771 2265 εὐαγγελιστὴς

2179 2289 2301 2341 οὐδὲ
2338 2289 2550 2352 τούτοις
2576 2288 2823 2359 ὴρκέσθη
2857 2290 2969 2350 τοῖς
2995 2290 3260 2359 ῥήμασιν,
3293 2288 3427 2342 ἀλλὰ
3461 2289 3558 2342 καὶ
3602 2288 3771 2359 ζωὴν

2181 2382 2346 2436 αὐτὸν
2390 2382 2616 2434 ἐκάλεσε
2656 2383 2752 2435 καὶ
2806 2380 2941 2447 φῶς.
2986 2382 3048 2432 Ei
3101 2380 3279 2434 τοίνυν
3325 2381 3415 2434 ἀεὶ
3450 2379 3591 2449 μετὰ
3657 2381 3766 2433 τοῦ

2182 2475 2393 2543 Πατρδς
2415 2470 2505 2543 ἦν,
2535 2476 2583 2526 εί
2621 2474 2797 2526 πάντα
2829 2472 2988 2535 αὐτὸς
3010 2472 3463 2542 ἐδημιούργησεν,
3498 2476 3548 2525 τί
3572 2474 3772 2528 πάντα

2182 2566 2348 2629 αὐτὸς
2375 2565 2689 2636 παρήγαγε,
2725 2566 2818 2618 καὶ
2857 2567 3168 2635 συγκροτεί,
3198 2564 3356 2616 τοῦτο
3402 2565 3509 2635 γὰρ
3538 2565 3630 2618 διὰ
3656 2566 3771 2635 τῆς

2181 2659 2325 2728 ζωῆς
2354 2656 2594 2727 ᾐνίξατο,
2620 2661 2669 2710 εί
2701 2658 2876 2712 πάντα
2906 2657 3132 2725 φωτίζει
3166 2672 3179 2687 ο
3205 2656 3288 2718 τίς
3313 2654 3483 2718 οὕτως
3501 2657 3768 2724 ἀνόητος,

2181 2749 2258 2810 ὡς
2301 2749 2472 2800 εἰπεῖν
2501 2749 2592 2800 τὸν
2635 2746 3027 2818 εὐαγγελιστὴν
3059 2748 3146 2801 διὰ
3174 2749 3378 2800 τούτων
3415 2748 3767 2801 ἐσπουδακέ-

2182 2856 2269 2889 ναι
2297 2836 2592 2891 ίλάττωσιν
2628 2837 2883 2904 θεότητος
2914 2836 3348 2904 είσηγήσασθαι,
3390 2835 3457 2887 δι’
3488 2829 3565 2888 ὦν
3595 2835 3766 2904 μάλι-

2185 2946 2283 2982 στα
2321 2929 2542 2997 ίσότητα
2570 2930 2663 2981 καὶ
2695 2927 3109 2996 ἀπαραλλαξίαν
3142 2928 3482 2993 ἐνδείξασθαι
3510 2929 3767 2981 δυνατόν

2184 3023 2332 3087 tem;
2365 3021 2457 3091 Μὴ
2488 3021 2806 3090 συγχέωμεν
2827 3021 2924 3090 τὴν
2942 3020 3120 3074 κτίσιν
3150 3022 3290 3091 μετὰ
3320 3021 3412 3073 τοῦ
3440 3023 3767 3086 κτίσαντος,

512 3113 642 3180 quin
690 3111 816 3165 illud
879 3112 1001 3165 item
1036 3112 1086 3165 in
1129 3127 1226 3167 nos
1256 3116 1651 3185 usurpabitur:
1686 3116 1755 3170 Et
1815 3118 2078 3173 coluerunt

2186 3114 2272 3166 ἵνα
2306 3112 2379 3182 μὴ
2434 3112 2527 3165 καὶ
2557 3114 2716 3181 ἡμεῖς
2759 3113 3101 3182 ἀκούσωμεν,
3148 3113 3229 3167 ὃτι
3291 3113 3768 3183 Ἐσεόιὶσθησαν

514 3207 812 3251 crcaturam
847 3199 1013 3268 magis
1046 3215 1203 3268 quam
1227 3199 1595 3256 Creatorem’.

514 3308 769 3376 Ejusdem
798 3308 851 3359 in
889 3308 985 3361 illa
1018 3308 1172 3362 verba
1200 3328 1220 3366 :
1274 3329 1293 3361 ι
1329 3312 1523 3366 Omnia
1556 3329 1647 3381 per
1700 3315 1871 3381 ipsum
1935 3313 2080 3381 facta

1213 3394 1355 3437 sunt.
1383 3401 1402 3432 ι

585 3472 640 3522 Si
679 3474 1110 3538 praepositionem
1169 3475 1335 3538 illam,
1367 3489 1477 3542 per,
1541 3475 1928 3529 imminutionis
1990 3493 2082 3531 no~

516 3568 621 3612 tam
670 3565 970 3627 existimas,
1003 3566 1123 3618 audi
1162 3565 1383 3619 Paulum
1447 3566 1765 3622 dicentem:
1827 3567 1923 3632 Tu,
1978 3569 2083 3623 Do-

513 3650 749 3713 mine,in
793 3655 1061 3729 principio
1120 3667 1313 3709 terram
1363 3659 1629 3726 fundasti,
1658 3668 1706 3712 et
1756 3678 1910 3727 opera
1963 3680 2079 3715 ma-

513 3755 673 3793 nuum
708 3754 921 3797 tuarum
961 3756 1082 3800 sunt
1119 3750 1235 3801 caeli
1264 3748 1301 3800 ‘.
1330 3747 1483 3813 Quod
1516 3749 1683 3819 igitur
1712 3750 1777 3804 de
1826 3750 1981 3807 Patre
2024 3760 2082 3807 ut

515 3851 862 3904 procreatore
890 3843 1093 3897 dictum
1125 3855 1226 3910 est,
1288 3845 1339 3899 id
1373 3848 1437 3900 de
1493 3847 1629 3902 Filio
1656 3850 1786 3903 dicit
1844 3852 1971 3905 item
2026 3861 2083 3905 ut

515 3942 883 3998 procreatore,
920 3950 1025 3987 non
1088 3949 1266 3989 autent
1326 3940 1556 4007 cuipiam
1613 3942 2076 3999 subministrante.

513 4017 685 4075 Porro
712 4023 913 4076 dictum
950 4035 1031 4079 est
1061 4026 1148 4081 hic
1193 4029 1345 4093 illud,
1404 4047 1493 4098 per
1523 4034 1714 4099 ipsum,
1775 4035 1913 4087 nulla
1977 4038 2079 4090 alia

517 4109 580 4163 de
606 4125 767 4165 causa
800 4115 898 4167 nisi
926 4126 981 4168 ut
1013 4134 1077 4170 ne
1106 4116 1300 4173 Filium
1334 4122 1666 4190 unigenitum
1732 4139 1853 4180 esse
1909 4129 2083 4196 Sllspi-

515 4201 675 4254 ceris.
725 4202 857 4258 Nam
916 4211 1060 4274 quod
1124 4208 1296 4266 Filius
1326 4228 1428 4265 nou
1486 4217 1557 4267 sit
1616 4216 1837 4268 inferior
1897 4215 2079 4279 Patre,

518 4304 778 4361 quantum
815 4300 1048 4364 pertinet
1077 4302 1138 4352 ad
1203 4306 1385 4356 mundi
1450 4310 1901 4375 procreationem,
1956 4312 2079 4365 audi

520 4386 696 4455 ipsum
758 4389 1063 4444 dicentem:
1130 4392 1583 4457 Quemadmodum
1642 4398 1806 4453 Pater
1861 4405 2078 4455 suscitat

2183 3205 2299 3273 τὴν
2329 3205 2532 3258 κτίσιν
2562 3203 2720 3272 παρὰ
2750 3204 2857 3257 τὸν
2890 3206 3206 3258 κτίσαντα.

2188 3321 2299 3375 Τοῦ
2326 3320 2513 3374 αὑτοῦ
2552 3322 2621 3373 ἐκ
2646 3320 2755 3386 τῆς
2783 3320 3096 3388 ἑρμηνείας
3122 3320 3229 3387 τῆς
3253 3323 3335 3387 είς
3368 3322 3436 3374 τό
3461 3338 3474 3351 ·
3506 3340 3525 3373 ι
3554 3320 3767 3376 Πάντα

2628 3391 2703 3442 δι’
2746 3390 2929 3443 αὐτοῦ
2972 3389 3226 3458 ἐγένετο.
3281 3411 3300 3442 ι
3605 3407 3615 3418 ·

2258 3484 2318 3535 Ei
2374 3483 2434 3535 τὸ
2466 3480 2564 3535 διὰ
2617 3482 2857 3551 νομίζεις
2916 3480 3267 3545 ἐλαττώσεως
3314 3479 3480 3545 εἶναι,
3516 3484 3761 3537 ἄκουσον

2185 3575 2398 3628 Παύλου
2432 3573 2708 3640 λέγοντος’
2738 3572 2821 3626 Σὺ
2847 3574 2972 3625 κατ’
3012 3572 3222 3641 ἀρχὰς,
3260 3575 3460 3642 Κύριε,
3504 3575 3615 3641 τὴν
3638 3577 3762 3646 γῆν

2182 3664 2605 3731 ἐθεμελίωσας,
2640 3661 2734 3715 καὶ
2768 3661 2911 3729 ἔργα
2942 3660 3059 3714 τῶν
3089 3661 3307 3750 χειρῶῑ
3343 3662 3458 3715 σού
3507 3665 3665 3715 εἰσιν
3699 3667 3758 3715 οι

2184 3754 2447 3821 οὺρανοί¹
2476 3754 2504 3804 ὃ
2531 3755 2657 3823 περὶ
2682 3752 2775 3805 τοῦ
2805 3753 3016 3823 Πατρός
3045 3755 3118 3815 ὡς
3142 3754 3478 3823 δημιουργοῦ
3511 3755 3755 3823 είρηται,

2183 3846 2339 3898 τοῦτο
2370 3845 2492 3913 περῖ
2530 3844 2623 3897 τοῦ
2657 3844 2786 3897 Υίοῦ
2826 3845 2997 3912 λέγει,
3028 3848 3127 3898 οὐκ
3159 3846 3224 3899 ἂν
3246 3846 3437 3907 εἰπὼν,
3491 3847 3539 3897 εί
3573 3846 3648 3916 μὴ
3679 3847 3757 3907 ὡς

2186 3940 2312 4006 περὶ
2343 3937 2696 4007 δημιουργοῦ,
2733 3935 2849 3989 ἀλλ’
2877 3938 2975 4007 οὐχ
3008 3936 3410 4004 ὑπουργοῦντός
3449 3954 3576 3988 τινι.
3608 3936 3672 3987 Ei
3697 3936 3754 3987 δὲ

2188 4028 2417 4081 ἐνταῦθα
2456 4029 2514 4080 τὸ
2543 4028 2609 4079 δι’
2637 4029 2800 4081 αὑτοῦ
2824 4027 3060 4098 εἴρηται,
3088 4028 3156 4080 δι’
3183 4028 3336 4079 οὐδὲν
3365 4027 3551 4097 ἓτερον
3572 4026 3751 4078 τέθει-

2186 4136 2293 4182 ται,
2328 4119 2442 4171 ἁλλ’
2471 4121 2555 4171 ἵνα
2585 4119 2658 4187 μὴ
2693 4118 2986 4188 ἀγέννητον
3020 4116 3337 4189 ὑποπτεύσῃ
3367 4134 3450 4179 τις
3476 4116 3565 4168 τὸν
3602 4116 3750 4168 Υίόν.

2198 4213 2369 4278 Ἐπεὶ,
2412 4214 2538 4265 ὅταν
2572 4212 2712 4264 κατὰ
2736 4213 2795 4264 τδ
2822 4215 2921 4281 τῆς
2950 4212 3313 4282 δημιουργίας
3345 4211 3562 4277 ἀξίωμα
3598 4208 3747 4260 οὐδὲν

2184 4305 2401 4357 ἔλαττον
2431 4305 2529 4373 ἔχῃ
2560 4304 2654 4359 τοῦ
2706 4304 2937 4371 Πατρὸς,
2983 4303 3215 4355 ἄκουσον
3252 4301 3415 4354 αὐτοῦ
3458 4300 3702 4366 λέγοντος
3728 4316 3740 4328 ·

2185 4394 2412 4461 ’Ὠσπερ
2444 4397 2475 4446 ό
2504 4392 2703 4460 Πατὴρ
2730 4393 2942 4461 ἐγείρει
2974 4392 3115 4456 τοὺς
3166 4390 3438 4458 νεκροὺς,
3472 4388 3569 4441 καί
3613 4387 3745 4447 ζωο-

518 4488 752 4531 mortuos
803 4490 852 4532 et
889 4480 1138 4546 ririﬁcat,
1175 4485 1249 4536 sic
1297 4496 1345 4539 et
1381 4486 1551 4541 Filius
1602 4507 1728 4558 quos
1754 4496 1855 4544 vult
1917 4496 2078 4561 viri/i-

2187 4485 2361 4549 ποιεῖ,
2418 4486 2569 4538 οὕτω
2612 4484 2710 4536 καὶ
2758 4484 2947 4549 ὀΥίὸς
2980 4483 3088 4549 οὓς
3140 4482 3298 4537 θέλει
3348 4480 3632 4542 ζωοποιεῖ.
3687 4481 3744 4532 Et

517 4580 600 4623 cat
634 4571 657 4601 ⁸
692 4607 707 4623 .
745 4569 800 4624 Si
828 4572 993 4638 igitur
1024 4577 1087 4626 de
1115 4574 1251 4628 FlliO
1278 4591 1332 4631 et
1374 4580 1424 4631 iu
1492 4580 1672 4634 Veteri
1730 4580 2083 4641 Testamento

518 4659 724 4715 dictum
765 4673 921 4730 putas
954 4681 967 4718 :
1002 4661 1078 4716 Tu
1097 4665 1148 4717 in
1173 4668 1448 4733 principio,
1472 4668 1713 4735 Domine,
1743 4683 1937 4727 terram
1963 4676 2084 4743 [iut-

518 4752 658 4806 dasti
686 4753 726 4817 ⁸,
762 4755 1046 4823 perspicua
1107 4766 1191 4810 est
1237 4758 1407 4826 ipsius
1464 4760 1695 4827 dignitas
1747 4766 2080 4831 procreatio-

520 4847 625 4898 nis.
656 4844 808 4910 Quod
840 4846 884 4900 si
919 4850 985 4900 de
1008 4846 1169 4903 Patro
1229 4850 1308 4903 vis
1341 4851 1452 4904 haec
1488 4838 1809 4922 Proplietam
1861 4857 2081 4923 dixisse,

522 4949 642 4987 cum
670 4950 731 4989 ea
761 4934 958 4990 Paulus
990 4938 1124 4992 Filio
1181 4941 1399 5007 tribuat,
1447 4944 1587 4998 idem
1615 4948 1918 5001 conﬁt-itur.
1984 4950 2089 5004 Ne-

522 5034 627 5088 que
650 5021 792 5073 enim
832 5022 920 5075 illa
975 5023 1113 5079 Filio
1173 5043 1469 5097 congruere
1526 5030 1724 5086 Paulus
1787 5035 2085 5102 statuisset,

523 5110 624 5165 nisi
657 5126 995 5167 communem
1027 5115 1169 5168 illius
1200 5119 1472 5187 dignitatis
1498 5122 1755 5177 honorem
1780 5127 2087 5181 existimas-

521 5210 622 5257 set.
654 5200 889 5253 Summae
936 5205 1077 5256 enim
1140 5208 1328 5261 luisset
1388 5213 1625 5265 audacia:
1683 5217 1821 5281 quod
1884 5229 2090 5272 naturae

520 5293 618 5358 illi,
652 5293 734 5346 cui
793 5293 927 5347 nihil
993 5300 1292 5364 comparari
1323 5313 1516 5367 potest,
1551 5307 1818 5369 convenit,
1851 5309 1900 5360 id
1932 5321 2088 5364 natu-

522 5384 1245 5455 raeinl’eriorideteriorique
1302 5390 1559 5445 tribuere.
1612 5391 1801 5446 Verum
1864 5397 2088 5454 inferior

523 5489 626 5526 non
664 5484 744 5530 est
773 5475 961 5543 Filius,
1007 5493 1181 5545 neque
1228 5480 1460 5533 deterior
1502 5480 1683 5537 Patre.
1744 5487 1925 5557 Itaque
1976 5509 2080 5546 non

524 5564 637 5621 haec
666 5569 836 5622 solum
865 5568 1061 5626 Paulus
1084 5587 1245 5626 ausus
1272 5583 1355 5627 est
1411 5575 1612 5639 dicere,
1676 5579 1768 5633 sed
1838 5583 1939 5634 alia
1998 5586 2081 5639 his

594 5708 609 5737 ¹
635 5705 891 5773 1ετυιη.ι,
926 5709 1009 5761 il.
1054 5709 1193 5764 'Isa.
1219 5726 1361 5777 XLtv,
1394 5714 1483 5767 2-5.

2188 4581 2285 4650 μὲν
2318 4574 2409 4632 οὖν
2448 4579 2579 4646 περ)⁹
2611 4576 2706 4629 τοῦ
2767 4576 2899 4628 Υίοῦ
2940 4578 3036 4629 καὶ
3074 4578 3131 4628 ὲν
3164 4578 3229 4645 τῇ
3266 4574 3479 4643 παλαιᾷ
3520 4574 3581 4625 τὸ
3621 4572 3741 4624 κατ’

2184 4671 2360 4740 ἀρχάς
2385 4686 2398 4700 ·
2430 4669 2513 4722 Σὺ
2541 4668 2654 4735 τὴν
2678 4665 2797 4735 γῆν
2832 4667 3255 4737 ἐθεμελίωσας,
3288 4666 3488 4732 Κύριε,
3512 4666 3741 4733 εἴρηται,

2187 4764 2356 4830 σαφὲς
2382 4766 2441 4815 τὸ
2467 4764 2561 4831 τῆς
2597 4759 2961 4830 δημιουργίας
3006 4757 3221 4825 ἀξίωμα
3245 4774 3259 4787 ·
3311 4759 3360 4809 εἰ
3406 4756 3464 4808 δὲ
3500 4756 3627 4823 περὶ
3656 4753 3745 4805 τεῦ

2188 4853 2399 4921 Πατρδς
2428 4851 2585 4903 τοῦτο
2610 4850 2701 4902 τὸν
2730 4850 3017 4918 προφήτην
3040 4847 3318 4917 εἰρηκέναι
3344 4845 3549 4911 λέγεις,
3576 4844 3669 4897 τὸν
3695 4843 3746 4893 δὲ

2186 4944 2396 4998 Παῦλον
2432 4942 2510 5011 τῷ
2542 4942 2657 5011 Υίῷ
2701 4940 3203 5012 προσνενεμηκέναι
3259 4937 3323 4989 τὸ
3368 4937 3498 5005 περὶ
3539 4936 3747 4988 ἐκείνου

2184 5037 2393 5105 λεχθὲν,
2422 5037 2514 5088 καὶ
2538 5034 2678 5088 οὕτω
2708 5035 2768 5087 τὸ
2790 5033 2920 5087 αὐτὸ
2950 5032 3159 5100 γίνεται
3183 5030 3363 5082 πάλιν.
3397 5028 3534 5099 esse
3562 5028 3671 5096 γὰρ
3689 5027 3749 5077 ἄν

2186 5131 2279 5183 καὶ
2305 5129 2381 5197 τῷ
2404 5127 2516 5196 Υἱῷ
2538 5128 2768 5196 πρέπειν
2794 5125 2924 5177 αὐτὸ
2948 5124 2975 5175 ὁ
3000 5123 3207 5184 Παῦλος
3260 5121 3671 5189 ἐνομοθέτησεν,
3704 5118 3747 5167 εἰ

2190 5220 2264 5290 μὴ
2292 5218 2495 5287 σφόδρα
2520 5218 2862 5289 ἐθάρῤει,ὂτι
2881 5216 2947 5268 τὸ.
2964 5215 3062 5284 τῆς
3090 5212 3243 5276 ἀξίας
3272 5212 3514 5280 δμότιμα
3540 5206 3626 5279 ἦν.
3651 5207 3751 5260 Καὶ

2191 5313 2301 5379 γὰρ
2330 5307 2396 5381 ἦν
2428 5311 2633 5379 τόλμης
2660 5309 2899 5379 ἐσχάτης
2937 5309 3005 5361 τὰ
3024 5310 3089 5377 τῇ
3123 5304 3443 5373 ἀσυγκρίτῳ
3479 5301 3751 5372 πρέποντι

2192 5403 2374 5470 φύσει,
2409 5403 2503 5455 ἐπὶ
2527 5403 2624 5471 τὴν
2651 5402 2858 5455 ἐλάττω
2886 5402 2977 5458 καὶ
3020 5398 3353 5453 ἀποδέουσαν
3373 5394 3591 5464 ἐκείνης
3620 5397 3749 5459 ἀγι-

2186 5498 2319 5561 γεῖν.
2364 5495 2502 5547 Ἀλλ’
2538 5494 2661 5547 οὔτε
2687 5495 2920 5547 ἐλάττων
2954 5494 3122 5556 ἐστὶν,
3146 5490 3269 5543 οὔτε
3291 5487 3513 5541 ἀποδέει
3546 5484 3642 5553 τῆς
3665 5480 3752 5534 τοῦ

2187 5586 2400 5656 Πατρδς
2430 5587 2615 5650 οὐσίας
2649 5588 2675 5638 ὁ
2714 5587 2859 5647 Υἱός.
2890 5585 3093 5654 Διόπερ
3116 5586 3175 5637 οὐ
3204 5583 3374 5636 ταῦτα
3405 5582 3567 5651 μόνον
3596 5578 3752 5645 sosp-

1565 5715 1583 5745 ³
1612 5715 1824 5783 “01ml,
1856 5719 1945 5774 25.
2023 5720 2078 5774 ‘l

2181 5722 2211 5777 Ι.
2246 5738 2318 5788 Cl,
2354 5722 2422 5776 26
2454 5740 2467 5789 ;
2535 5723 2700 5779 llehr.
2734 5738 2773 5787 ι,
2810 5722 2893 5776 10.
2936 5692 3131 5776 ηοω.
3158 5737 3207 5784 v,
3240 5721 3329 5774 21.
3372 5717 3553 5773 ‘Psal.
3585 5734 3636 5783 c,
3663 5718 3746 5769 26.
