  <div class='ocr_page' id='page_1' title='image "/cluster/home/n/w/nwhite01/storage/ocr_20150623/130/mdp.39015078384255/316.png"; bbox 0 0 4100 6290; ppageno 0'>
   <div class='ocr_carea' id='block_1_1' title="bbox 387 383 497 447">
    <p class='ocr_par' dir='ltr' id='par_1_1' title="bbox 387 383 497 447">
     <span class='ocr_line' id='line_1_1' title="bbox 387 383 497 447; baseline -0.018 0"><span class='ocrx_word' id='word_1_1' title='bbox 387 383 497 447; x_wconf 84' lang='lat'><strong>617</strong></span> 
     </span>
    </p>
   </div>
   <div class='ocr_carea' id='block_1_2' title="bbox 1360 391 2657 455">
    <p class='ocr_par' dir='ltr' id='par_1_2' title="bbox 1360 391 2657 455">
     <span class='ocr_line' id='line_1_2' title="bbox 1360 391 2657 455; baseline -0.002 -2"><span class='ocrx_word' id='word_1_2' title='bbox 1360 392 1733 455; x_wconf 77' lang='lat' dir='ltr'><strong>PANOPLlA</strong></span> <span class='ocrx_word' id='word_1_3' title='bbox 1775 392 2226 452; x_wconf 72' lang='lat' dir='ltr'><strong>DCGMATICA.</strong></span> <span class='ocrx_word' id='word_1_4' title='bbox 2260 415 2326 425; x_wconf 92' lang='grc'><strong>-·-</strong></span> <span class='ocrx_word' id='word_1_5' title='bbox 2365 392 2509 451; x_wconf 83' lang='grc' dir='ltr'><strong>ΤΙΤ.</strong></span> <span class='ocrx_word' id='word_1_6' title='bbox 2555 391 2657 451; x_wconf 83' lang='grc' dir='ltr'><strong>ΧΙ.</strong></span> 
     </span>
    </p>
   </div>
   <div class='ocr_carea' id='block_1_3' title="bbox 3525 387 3630 455">
    <p class='ocr_par' dir='ltr' id='par_1_3' title="bbox 3525 387 3630 455">
     <span class='ocr_line' id='line_1_3' title="bbox 3525 387 3630 455; baseline -0.01 -1"><span class='ocrx_word' id='word_1_7' title='bbox 3525 387 3630 455; x_wconf 79' lang='grc'><strong>618</strong></span> 
     </span>
    </p>
   </div>
   <div class='ocr_carea' id='block_1_4' title="bbox 389 501 1965 575">
    <p class='ocr_par' dir='ltr' id='par_1_4' title="bbox 389 503 1965 575">
     <span class='ocr_line' id='line_1_4' title="bbox 389 503 1965 575; baseline 0.004 -24"><span class='ocrx_word' id='word_1_8' title='bbox 389 503 560 571; x_wconf 74' lang='grc' dir='ltr'>ῥησεν</span> <span class='ocrx_word' id='word_1_9' title='bbox 597 504 772 557; x_wconf 82' lang='grc' dir='ltr'>εἰπεῖν</span> <span class='ocrx_word' id='word_1_10' title='bbox 801 508 827 557; x_wconf 84' lang='grc' dir='ltr'>ὁ</span> <span class='ocrx_word' id='word_1_11' title='bbox 856 506 1067 568; x_wconf 84' lang='grc' dir='ltr'>Παῦλος</span> <span class='ocrx_word' id='word_1_12' title='bbox 1095 508 1223 575; x_wconf 74' lang='grc' dir='ltr'>περὶ</span> <span class='ocrx_word' id='word_1_13' title='bbox 1252 507 1443 571; x_wconf 83' lang='grc' dir='ltr'>αὑτοῦ,</span> <span class='ocrx_word' id='word_1_14' title='bbox 1490 508 1625 562; x_wconf 79' lang='grc' dir='ltr'>ἀλλὰ</span> <span class='ocrx_word' id='word_1_15' title='bbox 1669 509 1763 560; x_wconf 71' lang='grc' dir='ltr'>καὶ</span> <span class='ocrx_word' id='word_1_16' title='bbox 1806 507 1965 573; x_wconf 77' lang='grc' dir='ltr'>ἕτερα</span> 
     </span>
    </p>
   </div>
   <div class='ocr_carea' id='block_1_5' title="bbox 2069 501 3632 575">
    <p class='ocr_par' dir='ltr' id='par_1_5' title="bbox 2070 501 3632 573">
     <span class='ocr_line' id='line_1_5' title="bbox 2070 501 3632 573; baseline -0.001 -13"><span class='ocrx_word' id='word_1_17' title='bbox 2070 506 2290 561; x_wconf 81' lang='lat' dir='ltr'><strong>similia.</strong></span> <span class='ocrx_word' id='word_1_18' title='bbox 2317 506 2448 560; x_wconf 84' lang='lat' dir='ltr'><strong>Nam</strong></span> <span class='ocrx_word' id='word_1_19' title='bbox 2483 506 2614 560; x_wconf 87' lang='lat' dir='ltr'><strong>illud</strong></span> <span class='ocrx_word' id='word_1_20' title='bbox 2644 522 2658 557; x_wconf 90' lang='lat'><strong>:</strong></span> <span class='ocrx_word' id='word_1_21' title='bbox 2687 501 2770 557; x_wconf 76' lang='lat' dir='ltr'><em>Ex</em></span> <span class='ocrx_word' id='word_1_22' title='bbox 2801 520 2925 573; x_wconf 79' lang='lat' dir='ltr'><strong>quo,</strong></span> <span class='ocrx_word' id='word_1_23' title='bbox 2954 504 3094 572; x_wconf 88' lang='lat' dir='ltr'><strong>quod</strong></span> <span class='ocrx_word' id='word_1_24' title='bbox 3126 513 3180 558; x_wconf 92' lang='lat' dir='ltr'><strong>tu</strong></span> <span class='ocrx_word' id='word_1_25' title='bbox 3211 503 3308 558; x_wconf 89' lang='lat' dir='ltr'><strong>soli</strong></span> <span class='ocrx_word' id='word_1_26' title='bbox 3338 502 3487 559; x_wconf 81' lang='lat' dir='ltr'><strong>Patri</strong></span> <span class='ocrx_word' id='word_1_27' title='bbox 3515 517 3632 559; x_wconf 72' lang='lat' dir='ltr'><strong>tau.</strong></span> 
     </span>
    </p>
   </div>
   <div class='ocr_carea' id='block_1_6' title="bbox 387 591 1966 667">
    <p class='ocr_par' dir='ltr' id='par_1_6' title="bbox 387 591 1966 667">
     <span class='ocr_line' id='line_1_6' title="bbox 387 591 1966 667; baseline 0.007 -26"><span class='ocrx_word' id='word_1_28' title='bbox 387 591 641 645; x_wconf 88' lang='grc' dir='ltr'>τοιαῦτα.</span> <span class='ocrx_word' id='word_1_29' title='bbox 674 594 746 645; x_wconf 81' lang='grc' dir='ltr'>Τὸ</span> <span class='ocrx_word' id='word_1_30' title='bbox 777 595 883 665; x_wconf 75' lang='grc' dir='ltr'><strong>γὰρ</strong></span> <span class='ocrx_word' id='word_1_31' title='bbox 917 596 1021 659; x_wconf 76' lang='grc' dir='ltr'><strong>Ἐξ</strong></span> <span class='ocrx_word' id='word_1_32' title='bbox 1057 592 1153 660; x_wconf 82' lang='grc' dir='ltr'><strong>οὗ,</strong></span> <span class='ocrx_word' id='word_1_33' title='bbox 1179 598 1353 666; x_wconf 82' lang='grc' dir='ltr'>ῥῆμα,</span> <span class='ocrx_word' id='word_1_34' title='bbox 1381 599 1520 667; x_wconf 74' lang='grc' dir='ltr'>ὅπερ</span> <span class='ocrx_word' id='word_1_35' title='bbox 1550 598 1623 661; x_wconf 75' lang='grc' dir='ltr'>ὡς</span> <span class='ocrx_word' id='word_1_36' title='bbox 1656 598 1814 663; x_wconf 78' lang='grc' dir='ltr'>ἀξίαν</span> <span class='ocrx_word' id='word_1_37' title='bbox 1844 599 1966 652; x_wconf 80' lang='grc' dir='ltr'>τινὰ</span> 
     </span>
    </p>
   </div>
   <div class='ocr_carea' id='block_1_7' title="bbox 393 683 1963 760">
    <p class='ocr_par' dir='ltr' id='par_1_7' title="bbox 393 683 1963 760">
     <span class='ocr_line' id='line_1_7' title="bbox 393 683 1963 760; baseline 0.005 -25"><span class='ocrx_word' id='word_1_38' title='bbox 393 683 556 752; x_wconf 83' lang='grc' dir='ltr'>μόνον</span> <span class='ocrx_word' id='word_1_39' title='bbox 576 684 653 752; x_wconf 80' lang='grc' dir='ltr'><strong>τῷ</strong></span> <span class='ocrx_word' id='word_1_40' title='bbox 681 684 856 755; x_wconf 82' lang='grc' dir='ltr'>Πατρὶ</span> <span class='ocrx_word' id='word_1_41' title='bbox 879 687 1199 756; x_wconf 75' lang='grc' dir='ltr'><strong>ἀπονέμεις,</strong></span> <span class='ocrx_word' id='word_1_42' title='bbox 1233 691 1327 742; x_wconf 72' lang='grc' dir='ltr'>καὶ</span> <span class='ocrx_word' id='word_1_43' title='bbox 1350 689 1573 760; x_wconf 84' lang='grc' dir='ltr'>κλῆρον,</span> <span class='ocrx_word' id='word_1_44' title='bbox 1602 691 1696 742; x_wconf 80' lang='grc' dir='ltr'>καὶ</span> <span class='ocrx_word' id='word_1_45' title='bbox 1720 691 1849 759; x_wconf 73' lang='grc' dir='ltr'>περὶ</span> <span class='ocrx_word' id='word_1_46' title='bbox 1871 689 1963 743; x_wconf 88' lang='grc' dir='ltr'><strong>τοῦ</strong></span> 
     </span>
    </p>
   </div>
   <div class='ocr_carea' id='block_1_8' title="bbox 390 774 1963 847">
    <p class='ocr_par' dir='ltr' id='par_1_8' title="bbox 390 774 1963 847">
     <span class='ocr_line' id='line_1_8' title="bbox 390 774 1963 847; baseline 0.004 -20"><span class='ocrx_word' id='word_1_47' title='bbox 390 776 521 828; x_wconf 88' lang='grc' dir='ltr'>Υίοῦ</span> <span class='ocrx_word' id='word_1_48' title='bbox 544 792 711 844; x_wconf 85' lang='grc' dir='ltr'>φησιν</span> <span class='ocrx_word' id='word_1_49' title='bbox 738 774 883 829; x_wconf 77' lang='grc' dir='ltr'>οὕτω</span> <span class='ocrx_word' id='word_1_50' title='bbox 904 777 1079 844; x_wconf 80' lang='grc' dir='ltr'>λέγων</span> <span class='ocrx_word' id='word_1_51' title='bbox 1110 794 1125 810; x_wconf 77' lang='grc'><strong>⁸</strong></span> <span class='ocrx_word' id='word_1_52' title='bbox 1163 780 1265 842; x_wconf 81' lang='grc' dir='ltr'><strong>Ἐξ</strong></span> <span class='ocrx_word' id='word_1_53' title='bbox 1306 776 1377 835; x_wconf 86' lang='grc' dir='ltr'><strong>οὗ</strong></span> <span class='ocrx_word' id='word_1_54' title='bbox 1418 780 1541 834; x_wconf 79' lang='grc' dir='ltr'><strong>πᾶν</strong></span> <span class='ocrx_word' id='word_1_55' title='bbox 1567 782 1632 835; x_wconf 83' lang='grc' dir='ltr'>τὸ</span> <span class='ocrx_word' id='word_1_56' title='bbox 1662 781 1834 847; x_wconf 84' lang='grc' dir='ltr'>σῶμα</span> <span class='ocrx_word' id='word_1_57' title='bbox 1863 780 1963 833; x_wconf 78' lang='grc' dir='ltr'><strong>διὰ</strong></span> 
     </span>
    </p>
   </div>
   <div class='ocr_carea' id='block_1_9' title="bbox 389 864 1958 939">
    <p class='ocr_par' dir='ltr' id='par_1_9' title="bbox 389 864 1958 939">
     <span class='ocr_line' id='line_1_9' title="bbox 389 864 1958 939; baseline 0.003 -18"><span class='ocrx_word' id='word_1_58' title='bbox 389 870 509 922; x_wconf 78' lang='grc' dir='ltr'><strong>τῶν</strong></span> <span class='ocrx_word' id='word_1_59' title='bbox 553 864 726 935; x_wconf 68' lang='grc' dir='ltr'><strong>ἁφῶν</strong></span> <span class='ocrx_word' id='word_1_60' title='bbox 792 866 891 921; x_wconf 82' lang='grc' dir='ltr'><strong>καί</strong></span> <span class='ocrx_word' id='word_1_61' title='bbox 937 869 1308 938; x_wconf 80' lang='grc' dir='ltr'><strong>συνδέσμων</strong></span> <span class='ocrx_word' id='word_1_62' title='bbox 1384 872 1958 939; x_wconf 61' lang='grc' dir='ltr'><strong>ἐπιχορηγούμενον,</strong></span> 
     </span>
    </p>
   </div>
   <div class='ocr_carea' id='block_1_10' title="bbox 389 956 1962 1030">
    <p class='ocr_par' dir='ltr' id='par_1_10' title="bbox 389 956 1962 1030">
     <span class='ocr_line' id='line_1_10' title="bbox 389 956 1962 1030; baseline 0.003 -18"><span class='ocrx_word' id='word_1_63' title='bbox 389 959 489 1013; x_wconf 78' lang='grc' dir='ltr'><strong>καί</strong></span> <span class='ocrx_word' id='word_1_64' title='bbox 529 956 1037 1027; x_wconf 73' lang='grc' dir='ltr'><strong>συμόιὸαζόμενον</strong></span> <span class='ocrx_word' id='word_1_65' title='bbox 1080 962 1251 1023; x_wconf 78' lang='grc' dir='ltr'>αὔξει</span> <span class='ocrx_word' id='word_1_66' title='bbox 1281 964 1368 1027; x_wconf 79' lang='grc' dir='ltr'><strong>εἰς</strong></span> <span class='ocrx_word' id='word_1_67' title='bbox 1389 962 1507 1030; x_wconf 83' lang='grc' dir='ltr'><strong>τὴν</strong></span> <span class='ocrx_word' id='word_1_68' title='bbox 1539 964 1812 1027; x_wconf 76' lang='grc' dir='ltr'>αὔξησιν</span> <span class='ocrx_word' id='word_1_69' title='bbox 1855 964 1962 1016; x_wconf 85' lang='grc' dir='ltr'><strong>τοῦ</strong></span> 
     </span>
    </p>
   </div>
   <div class='ocr_carea' id='block_1_11' title="bbox 392 1050 1961 1123">
    <p class='ocr_par' dir='ltr' id='par_1_11' title="bbox 392 1050 1961 1123">
     <span class='ocr_line' id='line_1_11' title="bbox 392 1050 1961 1123; baseline 0.001 -17"><span class='ocrx_word' id='word_1_70' title='bbox 392 1052 566 1106; x_wconf 84' lang='grc' dir='ltr'><strong>Θεοῦ.</strong></span> <span class='ocrx_word' id='word_1_71' title='bbox 596 1053 702 1104; x_wconf 75' lang='grc' dir='ltr'><strong>Καὶ</strong></span> <span class='ocrx_word' id='word_1_72' title='bbox 732 1050 830 1101; x_wconf 81' lang='grc' dir='ltr'>οὐκ</span> <span class='ocrx_word' id='word_1_73' title='bbox 861 1052 1112 1120; x_wconf 75' lang='grc' dir='ltr'><strong>ἀρκεῖται</strong></span> <span class='ocrx_word' id='word_1_74' title='bbox 1140 1053 1298 1107; x_wconf 74' lang='grc' dir='ltr'>τοῦτο</span> <span class='ocrx_word' id='word_1_75' title='bbox 1331 1055 1512 1123; x_wconf 76' lang='grc' dir='ltr'>μόνον,</span> <span class='ocrx_word' id='word_1_76' title='bbox 1549 1056 1684 1108; x_wconf 70' lang='grc' dir='ltr'>ἀλλὰ</span> <span class='ocrx_word' id='word_1_77' title='bbox 1714 1056 1809 1107; x_wconf 74' lang='grc' dir='ltr'>καὶ</span> <span class='ocrx_word' id='word_1_78' title='bbox 1842 1058 1961 1109; x_wconf 74' lang='lat' dir='ltr'><strong>titi-</strong></span> 
     </span>
    </p>
   </div>
   <div class='ocr_carea' id='block_1_12' title="bbox 393 1141 1959 1213">
    <p class='ocr_par' dir='ltr' id='par_1_12' title="bbox 393 1141 1959 1213">
     <span class='ocr_line' id='line_1_12' title="bbox 393 1141 1959 1213; baseline 0.003 -19"><span class='ocrx_word' id='word_1_79' title='bbox 393 1143 571 1213; x_wconf 83' lang='grc' dir='ltr'>ρωθεν</span> <span class='ocrx_word' id='word_1_80' title='bbox 596 1143 727 1212; x_wconf 85' lang='grc' dir='ltr'>ὑμῖν</span> <span class='ocrx_word' id='word_1_81' title='bbox 752 1142 1092 1213; x_wconf 78' lang='grc' dir='ltr'>ἀποφράττει</span> <span class='ocrx_word' id='word_1_82' title='bbox 1109 1142 1176 1196; x_wconf 81' lang='grc' dir='ltr'><strong>τὰ</strong></span> <span class='ocrx_word' id='word_1_83' title='bbox 1200 1144 1466 1213; x_wconf 85' lang='grc' dir='ltr'>στόματα.</span> <span class='ocrx_word' id='word_1_84' title='bbox 1499 1145 1574 1199; x_wconf 81' lang='lat' dir='ltr'><em>T6</em></span> <span class='ocrx_word' id='word_1_85' title='bbox 1598 1146 1678 1197; x_wconf 80' lang='grc' dir='ltr'><strong>Δι’</strong></span> <span class='ocrx_word' id='word_1_86' title='bbox 1700 1141 1771 1200; x_wconf 89' lang='grc' dir='ltr'><strong>οὗ</strong></span> <span class='ocrx_word' id='word_1_87' title='bbox 1800 1146 1959 1199; x_wconf 83' lang='grc' dir='ltr'>τοῦτο</span> 
     </span>
    </p>
   </div>
   <div class='ocr_carea' id='block_1_13' title="bbox 391 1230 1959 1304">
    <p class='ocr_par' dir='ltr' id='par_1_13' title="bbox 391 1230 1959 1304">
     <span class='ocr_line' id='line_1_13' title="bbox 391 1230 1959 1304; baseline 0.001 -18"><span class='ocrx_word' id='word_1_88' title='bbox 391 1233 537 1302; x_wconf 82' lang='grc' dir='ltr'>ὑπὲρ</span> <span class='ocrx_word' id='word_1_89' title='bbox 561 1235 914 1294; x_wconf 76' lang='grc' dir='ltr'><strong>ἐλαττώσεως</strong></span> <span class='ocrx_word' id='word_1_90' title='bbox 938 1230 1076 1286; x_wconf 73' lang='grc' dir='ltr'>εἶναι</span> <span class='ocrx_word' id='word_1_91' title='bbox 1105 1233 1284 1301; x_wconf 82' lang='grc' dir='ltr'>λέγεις</span> <span class='ocrx_word' id='word_1_92' title='bbox 1308 1234 1387 1303; x_wconf 84' lang='grc' dir='ltr'>τῷ</span> <span class='ocrx_word' id='word_1_93' title='bbox 1412 1236 1585 1304; x_wconf 65' lang='lat' dir='ltr'><strong>“arpi.</strong></span> <span class='ocrx_word' id='word_1_94' title='bbox 1616 1237 1959 1304; x_wconf 66' lang='grc' dir='ltr'>προσνέμων*</span> 
     </span>
    </p>
   </div>
   <div class='ocr_carea' id='block_1_14' title="bbox 390 1322 1963 1393">
    <p class='ocr_par' dir='ltr' id='par_1_14' title="bbox 390 1322 1963 1393">
     <span class='ocr_line' id='line_1_14' title="bbox 390 1322 1963 1393; baseline 0.002 -16"><span class='ocrx_word' id='word_1_95' title='bbox 390 1325 615 1388; x_wconf 83' lang='grc' dir='ltr'>Πιστὸς</span> <span class='ocrx_word' id='word_1_96' title='bbox 641 1324 753 1393; x_wconf 77' lang='grc' dir='ltr'><strong>γὰρ</strong></span> <span class='ocrx_word' id='word_1_97' title='bbox 778 1329 811 1378; x_wconf 83' lang='grc' dir='ltr'><em>ό</em></span> <span class='ocrx_word' id='word_1_98' title='bbox 834 1326 999 1389; x_wconf 73' lang='grc' dir='ltr'>Θεὸς.</span> <span class='ocrx_word' id='word_1_99' title='bbox 1026 1328 1184 1393; x_wconf 77' lang='grc' dir='ltr'>φησὶ.</span> <span class='ocrx_word' id='word_1_100' title='bbox 1217 1325 1295 1378; x_wconf 84' lang='grc' dir='ltr'>δι’</span> <span class='ocrx_word' id='word_1_101' title='bbox 1321 1322 1391 1381; x_wconf 85' lang='grc' dir='ltr'><strong>οὗ</strong></span> <span class='ocrx_word' id='word_1_102' title='bbox 1417 1325 1715 1392; x_wconf 80' lang='grc' dir='ltr'><strong>ἐκλήθητε</strong></span> <span class='ocrx_word' id='word_1_103' title='bbox 1738 1329 1825 1392; x_wconf 82' lang='grc' dir='ltr'><strong>είς</strong></span> <span class='ocrx_word' id='word_1_104' title='bbox 1844 1344 1963 1381; x_wconf 78' lang='grc' dir='ltr'>κοι-</span> 
     </span>
    </p>
   </div>
   <div class='ocr_carea' id='block_1_15' title="bbox 387 1416 1961 1472">
    <p class='ocr_par' dir='ltr' id='par_1_15' title="bbox 387 1416 1961 1472">
     <span class='ocr_line' id='line_1_15' title="bbox 387 1416 1961 1472; baseline 0.002 -4"><span class='ocrx_word' id='word_1_105' title='bbox 387 1417 615 1469; x_wconf 71' lang='grc' dir='ltr'>νωνίαν</span> <span class='ocrx_word' id='word_1_106' title='bbox 643 1417 749 1469; x_wconf 82' lang='grc' dir='ltr'><strong>τοῦ</strong></span> <span class='ocrx_word' id='word_1_107' title='bbox 783 1417 918 1471; x_wconf 82' lang='grc' dir='ltr'>Υιοῦ</span> <span class='ocrx_word' id='word_1_108' title='bbox 949 1416 1137 1471; x_wconf 84' lang='grc' dir='ltr'>αὐτοῦ</span> <span class='ocrx_word' id='word_1_109' title='bbox 1161 1433 1174 1447; x_wconf 86' lang='grc'>⁶</span> <span class='ocrx_word' id='word_1_110' title='bbox 1218 1418 1310 1469; x_wconf 79' lang='grc' dir='ltr'>καὶ</span> <span class='ocrx_word' id='word_1_111' title='bbox 1347 1418 1508 1471; x_wconf 86' lang='grc' dir='ltr'>πάλιν</span> <span class='ocrx_word' id='word_1_112' title='bbox 1535 1434 1548 1448; x_wconf 91' lang='grc'>·</span> <span class='ocrx_word' id='word_1_113' title='bbox 1582 1417 1683 1470; x_wconf 83' lang='grc' dir='ltr'><strong>Διὰ</strong></span> <span class='ocrx_word' id='word_1_114' title='bbox 1731 1419 1837 1472; x_wconf 84' lang='grc' dir='ltr'><strong>τοῦ</strong></span> <span class='ocrx_word' id='word_1_115' title='bbox 1866 1421 1961 1471; x_wconf 79' lang='grc' dir='ltr'><strong>θε-</strong></span> 
     </span>
    </p>
   </div>
   <div class='ocr_carea' id='block_1_16' title="bbox 387 1510 1959 1580">
    <p class='ocr_par' dir='ltr' id='par_1_16' title="bbox 387 1510 1959 1580">
     <span class='ocr_line' id='line_1_16' title="bbox 387 1510 1959 1580; baseline 0 -16"><span class='ocrx_word' id='word_1_116' title='bbox 387 1512 662 1578; x_wconf 70' lang='grc' dir='ltr'>λήματος</span> <span class='ocrx_word' id='word_1_117' title='bbox 693 1512 883 1565; x_wconf 83' lang='grc' dir='ltr'>αὐτοῦ</span> <span class='ocrx_word' id='word_1_118' title='bbox 908 1526 922 1542; x_wconf 79' lang='lat'>&#39;</span> <span class='ocrx_word' id='word_1_119' title='bbox 953 1513 1044 1563; x_wconf 73' lang='grc' dir='ltr'>καὶ</span> <span class='ocrx_word' id='word_1_120' title='bbox 1074 1510 1311 1580; x_wconf 79' lang='grc' dir='ltr'><strong>ἀλλαχοῦ</strong></span> <span class='ocrx_word' id='word_1_121' title='bbox 1336 1527 1353 1546; x_wconf 80' lang='grc' dir='ltr'>ο</span> <span class='ocrx_word' id='word_1_122' title='bbox 1382 1511 1503 1564; x_wconf 83' lang='grc' dir='ltr'>Ὅτι</span> <span class='ocrx_word' id='word_1_123' title='bbox 1540 1511 1611 1574; x_wconf 85' lang='grc' dir='ltr'><strong>ἐξ</strong></span> <span class='ocrx_word' id='word_1_124' title='bbox 1635 1511 1959 1576; x_wconf 76' lang='grc' dir='ltr'>αὐτοῦ,καὶ</span> 
     </span>
    </p>
   </div>
   <div class='ocr_carea' id='block_1_17' title="bbox 388 1601 1964 1672">
    <p class='ocr_par' dir='ltr' id='par_1_17' title="bbox 388 1601 1964 1672">
     <span class='ocr_line' id='line_1_17' title="bbox 388 1601 1964 1672; baseline -0.003 -15"><span class='ocrx_word' id='word_1_125' title='bbox 388 1602 468 1657; x_wconf 78' lang='grc' dir='ltr'><strong>δι’</strong></span> <span class='ocrx_word' id='word_1_126' title='bbox 510 1603 718 1668; x_wconf 87' lang='grc' dir='ltr'>αὑτοῦ,</span> <span class='ocrx_word' id='word_1_127' title='bbox 777 1604 873 1656; x_wconf 78' lang='grc' dir='ltr'><strong>καί</strong></span> <span class='ocrx_word' id='word_1_128' title='bbox 910 1603 996 1667; x_wconf 85' lang='grc' dir='ltr'><strong>εις</strong></span> <span class='ocrx_word' id='word_1_129' title='bbox 1031 1602 1219 1655; x_wconf 81' lang='grc' dir='ltr'>αὐτὸν</span> <span class='ocrx_word' id='word_1_130' title='bbox 1267 1601 1342 1655; x_wconf 78' lang='grc' dir='ltr'>τὰ</span> <span class='ocrx_word' id='word_1_131' title='bbox 1393 1601 1613 1656; x_wconf 77' lang='grc' dir='ltr'>πάντα.</span> <span class='ocrx_word' id='word_1_132' title='bbox 1651 1602 1760 1655; x_wconf 79' lang='grc' dir='ltr'><strong>Καὶ</strong></span> <span class='ocrx_word' id='word_1_133' title='bbox 1793 1604 1853 1653; x_wconf 81' lang='grc' dir='ltr'>οὐ</span> <span class='ocrx_word' id='word_1_134' title='bbox 1885 1603 1964 1672; x_wconf 84' lang='grc' dir='ltr'>τῷ</span> 
     </span>
    </p>
   </div>
   <div class='ocr_carea' id='block_1_18' title="bbox 392 1688 1964 1763">
    <p class='ocr_par' dir='ltr' id='par_1_18' title="bbox 392 1688 1964 1763">
     <span class='ocr_line' id='line_1_18' title="bbox 392 1688 1964 1763; baseline -0.001 -18"><span class='ocrx_word' id='word_1_135' title='bbox 392 1693 510 1762; x_wconf 85' lang='grc' dir='ltr'><strong>Υἱῷ</strong></span> <span class='ocrx_word' id='word_1_136' title='bbox 539 1693 687 1763; x_wconf 83' lang='grc' dir='ltr'>μόνῳ</span> <span class='ocrx_word' id='word_1_137' title='bbox 712 1692 771 1744; x_wconf 81' lang='grc' dir='ltr'>τὸ</span> <span class='ocrx_word' id='word_1_138' title='bbox 801 1692 903 1755; x_wconf 79' lang='grc' dir='ltr'><strong>Ἐξ</strong></span> <span class='ocrx_word' id='word_1_139' title='bbox 922 1688 1167 1757; x_wconf 81' lang='grc' dir='ltr'>οὗ,ἅλλὰ</span> <span class='ocrx_word' id='word_1_140' title='bbox 1194 1692 1291 1745; x_wconf 72' lang='grc' dir='ltr'>καὶ</span> <span class='ocrx_word' id='word_1_141' title='bbox 1319 1691 1396 1761; x_wconf 85' lang='grc' dir='ltr'>τῷ</span> <span class='ocrx_word' id='word_1_142' title='bbox 1420 1692 1559 1745; x_wconf 76' lang='grc' dir='ltr'><strong>11νεὺ</strong></span> <span class='ocrx_word' id='word_1_143' title='bbox 1570 1709 1700 1761; x_wconf 86' lang='grc' dir='ltr'>ματι</span> <span class='ocrx_word' id='word_1_144' title='bbox 1731 1698 1964 1763; x_wconf 81' lang='grc' dir='ltr'>προσνε-</span> 
     </span>
    </p>
   </div>
   <div class='ocr_carea' id='block_1_19' title="bbox 390 1782 1961 1855">
    <p class='ocr_par' dir='ltr' id='par_1_19' title="bbox 390 1782 1961 1855">
     <span class='ocr_line' id='line_1_19' title="bbox 390 1782 1961 1855; baseline -0.001 -16"><span class='ocrx_word' id='word_1_145' title='bbox 390 1786 644 1855; x_wconf 85' lang='grc' dir='ltr'>νέμηται.</span> <span class='ocrx_word' id='word_1_146' title='bbox 686 1782 794 1836; x_wconf 79' lang='grc' dir='ltr'><strong>Καὶ</strong></span> <span class='ocrx_word' id='word_1_147' title='bbox 815 1785 921 1853; x_wconf 77' lang='grc' dir='ltr'>γὰρ</span> <span class='ocrx_word' id='word_1_148' title='bbox 969 1784 1046 1853; x_wconf 84' lang='grc' dir='ltr'>τῷ</span> <span class='ocrx_word' id='word_1_149' title='bbox 1085 1784 1283 1853; x_wconf 76' lang='grc' dir='ltr'>Ἰωσὴφ</span> <span class='ocrx_word' id='word_1_150' title='bbox 1312 1786 1340 1837; x_wconf 97' lang='lat'><strong>6</strong></span> <span class='ocrx_word' id='word_1_151' title='bbox 1376 1784 1605 1852; x_wconf 73' lang='grc' dir='ltr'>ἄγγελος</span> <span class='ocrx_word' id='word_1_152' title='bbox 1635 1784 1791 1851; x_wconf 77' lang='grc' dir='ltr'>ἔλεγε</span> <span class='ocrx_word' id='word_1_153' title='bbox 1818 1799 1834 1817; x_wconf 89' lang='grc'><strong>·</strong></span> <span class='ocrx_word' id='word_1_154' title='bbox 1865 1784 1961 1851; x_wconf 77' lang='grc' dir='ltr'><strong>Μὴ</strong></span> 
     </span>
    </p>
   </div>
   <div class='ocr_carea' id='block_1_20' title="bbox 2065 595 3630 666">
    <p class='ocr_par' dir='ltr' id='par_1_20' title="bbox 2065 595 3630 666">
     <span class='ocr_line' id='line_1_20' title="bbox 2065 595 3630 666; baseline 0.001 -16"><span class='ocrx_word' id='word_1_155' title='bbox 2065 612 2226 666; x_wconf 89' lang='lat' dir='ltr'><strong>quam</strong></span> <span class='ocrx_word' id='word_1_156' title='bbox 2280 596 2593 665; x_wconf 82' lang='lat' dir='ltr'><strong>dignitatem</strong></span> <span class='ocrx_word' id='word_1_157' title='bbox 2681 605 2842 663; x_wconf 81' lang='lat' dir='ltr'><strong>atque</strong></span> <span class='ocrx_word' id='word_1_158' title='bbox 2919 595 3285 649; x_wconf 59' lang='lat' dir='ltr'><strong>hereditatem</strong></span> <span class='ocrx_word' id='word_1_159' title='bbox 3340 598 3630 666; x_wconf 80' lang='lat' dir='ltr'><strong>quamdam</strong></span> 
     </span>
    </p>
   </div>
   <div class='ocr_carea' id='block_1_21' title="bbox 2067 687 3635 757">
    <p class='ocr_par' dir='ltr' id='par_1_21' title="bbox 2067 687 3635 757">
     <span class='ocr_line' id='line_1_21' title="bbox 2067 687 3635 757; baseline -0.003 -12"><span class='ocrx_word' id='word_1_160' title='bbox 2067 691 2314 753; x_wconf 85' lang='lat' dir='ltr'><strong>ascribis,</strong></span> <span class='ocrx_word' id='word_1_161' title='bbox 2359 692 2474 756; x_wconf 75' lang='lat' dir='ltr'><strong>ipse</strong></span> <span class='ocrx_word' id='word_1_162' title='bbox 2505 688 2570 742; x_wconf 91' lang='lat' dir='ltr'><strong>de</strong></span> <span class='ocrx_word' id='word_1_163' title='bbox 2626 688 2763 741; x_wconf 85' lang='lat' dir='ltr'><strong>Filio</strong></span> <span class='ocrx_word' id='word_1_164' title='bbox 2816 687 2977 740; x_wconf 88' lang='lat' dir='ltr'><strong>etiam</strong></span> <span class='ocrx_word' id='word_1_165' title='bbox 3035 687 3319 741; x_wconf 78' lang='lat' dir='ltr'><strong>dicitzEa:</strong></span> <span class='ocrx_word' id='word_1_166' title='bbox 3371 705 3493 757; x_wconf 88' lang='lat' dir='ltr'><strong>quo,</strong></span> <span class='ocrx_word' id='word_1_167' title='bbox 3553 691 3635 742; x_wconf 81' lang='lat' dir='ltr'><strong>iu-</strong></span> 
     </span>
    </p>
   </div>
   <div class='ocr_carea' id='block_1_22' title="bbox 2068 778 3633 850">
    <p class='ocr_par' dir='ltr' id='par_1_22' title="bbox 2068 778 3633 850">
     <span class='ocr_line' id='line_1_22' title="bbox 2068 778 3633 850; baseline 0 -16"><span class='ocrx_word' id='word_1_168' title='bbox 2068 783 2284 850; x_wconf 91' lang='lat' dir='ltr'><strong>quiens,</strong></span> <span class='ocrx_word' id='word_1_169' title='bbox 2305 790 2469 833; x_wconf 85' lang='lat' dir='ltr'><strong>totum</strong></span> <span class='ocrx_word' id='word_1_170' title='bbox 2498 795 2685 845; x_wconf 87' lang='lat' dir='ltr'><strong>corpus</strong></span> <span class='ocrx_word' id='word_1_171' title='bbox 2722 794 2815 846; x_wconf 83' lang='lat' dir='ltr'><strong>per</strong></span> <span class='ocrx_word' id='word_1_172' title='bbox 2843 793 3003 830; x_wconf 76' lang='lat' dir='ltr'><strong>nexus</strong></span> <span class='ocrx_word' id='word_1_173' title='bbox 3023 787 3072 831; x_wconf 88' lang='lat' dir='ltr'><strong>et</strong></span> <span class='ocrx_word' id='word_1_174' title='bbox 3093 778 3486 847; x_wconf 69' lang='lat' dir='ltr'><strong>coniunctiones</strong></span> <span class='ocrx_word' id='word_1_175' title='bbox 3509 782 3633 834; x_wconf 86' lang='lat' dir='ltr'><strong>sub-</strong></span> 
     </span>
    </p>
   </div>
   <div class='ocr_carea' id='block_1_23' title="bbox 2067 871 3635 941">
    <p class='ocr_par' dir='ltr' id='par_1_23' title="bbox 2067 871 3635 941">
     <span class='ocr_line' id='line_1_23' title="bbox 2067 871 3635 941; baseline 0.003 -16"><span class='ocrx_word' id='word_1_176' title='bbox 2067 874 2415 925; x_wconf 83' lang='lat' dir='ltr'><strong>ntinistratum</strong></span> <span class='ocrx_word' id='word_1_177' title='bbox 2445 873 2626 924; x_wconf 81' lang='lat' dir='ltr'><strong>crescit</strong></span> <span class='ocrx_word' id='word_1_178' title='bbox 2651 871 2704 923; x_wconf 84' lang='lat' dir='ltr'><strong>in</strong></span> <span class='ocrx_word' id='word_1_179' title='bbox 2729 882 3059 939; x_wconf 70' lang='lat' dir='ltr'><strong>augmentum</strong></span> <span class='ocrx_word' id='word_1_180' title='bbox 3113 871 3208 925; x_wconf 78' lang='lat' dir='ltr'><strong>Dei</strong></span> <span class='ocrx_word' id='word_1_181' title='bbox 3235 874 3274 923; x_wconf 80' lang='grc'>⁸.</span> <span class='ocrx_word' id='word_1_182' title='bbox 3307 872 3488 941; x_wconf 80' lang='lat' dir='ltr'><strong>Neque</strong></span> <span class='ocrx_word' id='word_1_183' title='bbox 3531 875 3635 929; x_wconf 83' lang='lat' dir='ltr'><strong>hoc</strong></span> 
     </span>
    </p>
   </div>
   <div class='ocr_carea' id='block_1_24' title="bbox 2070 961 3632 1029">
    <p class='ocr_par' dir='ltr' id='par_1_24' title="bbox 2070 961 3632 1029">
     <span class='ocr_line' id='line_1_24' title="bbox 2070 961 3632 1029; baseline 0.003 -15"><span class='ocrx_word' id='word_1_184' title='bbox 2070 964 2141 1017; x_wconf 88' lang='lat' dir='ltr'><strong>illi</strong></span> <span class='ocrx_word' id='word_1_185' title='bbox 2181 964 2312 1017; x_wconf 86' lang='lat' dir='ltr'><strong>satis</strong></span> <span class='ocrx_word' id='word_1_186' title='bbox 2358 972 2462 1029; x_wconf 84' lang='lat' dir='ltr'><strong>est,</strong></span> <span class='ocrx_word' id='word_1_187' title='bbox 2506 963 2599 1016; x_wconf 86' lang='lat' dir='ltr'><strong>sed</strong></span> <span class='ocrx_word' id='word_1_188' title='bbox 2631 961 2734 1014; x_wconf 84' lang='lat' dir='ltr'><strong>alia</strong></span> <span class='ocrx_word' id='word_1_189' title='bbox 2772 976 2986 1029; x_wconf 77' lang='lat' dir='ltr'><strong>quoque</strong></span> <span class='ocrx_word' id='word_1_190' title='bbox 3022 963 3228 1016; x_wconf 86' lang='lat' dir='ltr'><strong>ratione</strong></span> <span class='ocrx_word' id='word_1_191' title='bbox 3283 963 3632 1019; x_wconf 88' lang='lat' dir='ltr'><strong>obstruitora</strong></span> 
     </span>
    </p>
   </div>
   <div class='ocr_carea' id='block_1_25' title="bbox 2068 1052 3633 1122">
    <p class='ocr_par' dir='ltr' id='par_1_25' title="bbox 2068 1052 3633 1122">
     <span class='ocr_line' id='line_1_25' title="bbox 2068 1052 3633 1122; baseline 0.001 -13"><span class='ocrx_word' id='word_1_192' title='bbox 2068 1065 2271 1118; x_wconf 82' lang='lat' dir='ltr'><strong>vestra,</strong></span> <span class='ocrx_word' id='word_1_193' title='bbox 2297 1069 2417 1107; x_wconf 89' lang='lat' dir='ltr'><strong>cum</strong></span> <span class='ocrx_word' id='word_1_194' title='bbox 2450 1053 2579 1106; x_wconf 86' lang='lat' dir='ltr'><strong>illud</strong></span> <span class='ocrx_word' id='word_1_195' title='bbox 2624 1071 2638 1107; x_wconf 87' lang='lat'><strong>:</strong></span> <span class='ocrx_word' id='word_1_196' title='bbox 2670 1052 2771 1106; x_wconf 79' lang='lat' dir='ltr'><strong>Per</strong></span> <span class='ocrx_word' id='word_1_197' title='bbox 2802 1071 2972 1121; x_wconf 82' lang='lat' dir='ltr'><strong>quem,</strong></span> <span class='ocrx_word' id='word_1_198' title='bbox 3033 1056 3172 1122; x_wconf 85' lang='lat' dir='ltr'><strong>quod</strong></span> <span class='ocrx_word' id='word_1_199' title='bbox 3209 1066 3261 1108; x_wconf 92' lang='lat' dir='ltr'><strong>tu</strong></span> <span class='ocrx_word' id='word_1_200' title='bbox 3322 1056 3633 1111; x_wconf 78' lang='lat' dir='ltr'><strong>diminutio—</strong></span> 
     </span>
    </p>
   </div>
   <div class='ocr_carea' id='block_1_26' title="bbox 2070 1144 3631 1214">
    <p class='ocr_par' dir='ltr' id='par_1_26' title="bbox 2070 1144 3631 1214">
     <span class='ocr_line' id='line_1_26' title="bbox 2070 1144 3631 1214; baseline 0.001 -15"><span class='ocrx_word' id='word_1_201' title='bbox 2070 1163 2189 1200; x_wconf 83' lang='lat' dir='ltr'><strong>Itetn</strong></span> <span class='ocrx_word' id='word_1_202' title='bbox 2226 1145 2530 1214; x_wconf 77' lang='lat' dir='ltr'><strong>signiﬁcare</strong></span> <span class='ocrx_word' id='word_1_203' title='bbox 2566 1146 2719 1204; x_wconf 83' lang='lat' dir='ltr'><strong>dicis,</strong></span> <span class='ocrx_word' id='word_1_204' title='bbox 2758 1145 2943 1197; x_wconf 72' lang='lat' dir='ltr'><strong>tribuit</strong></span> <span class='ocrx_word' id='word_1_205' title='bbox 2976 1146 3135 1197; x_wconf 65' lang='lat' dir='ltr'><strong>etiam</strong></span> <span class='ocrx_word' id='word_1_206' title='bbox 3179 1144 3325 1199; x_wconf 88' lang='lat' dir='ltr'><strong>Patri</strong></span> <span class='ocrx_word' id='word_1_207' title='bbox 3360 1164 3373 1200; x_wconf 91' lang='lat'><strong>:</strong></span> <span class='ocrx_word' id='word_1_208' title='bbox 3409 1144 3631 1210; x_wconf 80' lang='lat' dir='ltr'><strong>Fidelis,</strong></span> 
     </span>
    </p>
   </div>
   <div class='ocr_carea' id='block_1_27' title="bbox 2066 1236 3635 1305">
    <p class='ocr_par' dir='ltr' id='par_1_27' title="bbox 2066 1236 3635 1305">
     <span class='ocr_line' id='line_1_27' title="bbox 2066 1236 3635 1305; baseline 0.001 -15"><span class='ocrx_word' id='word_1_209' title='bbox 2066 1238 2335 1305; x_wconf 84' lang='lat' dir='ltr'><strong>inquiens,</strong></span> <span class='ocrx_word' id='word_1_210' title='bbox 2370 1236 2527 1301; x_wconf 86' lang='lat' dir='ltr'><strong>Deus,</strong></span> <span class='ocrx_word' id='word_1_211' title='bbox 2564 1250 2654 1302; x_wconf 88' lang='lat' dir='ltr'><strong>per</strong></span> <span class='ocrx_word' id='word_1_212' title='bbox 2682 1249 2832 1303; x_wconf 87' lang='lat' dir='ltr'><strong>quem</strong></span> <span class='ocrx_word' id='word_1_213' title='bbox 2868 1236 3037 1287; x_wconf 82' lang='lat' dir='ltr'><strong>vocati</strong></span> <span class='ocrx_word' id='word_1_214' title='bbox 3070 1236 3190 1289; x_wconf 84' lang='lat' dir='ltr'><strong>estis</strong></span> <span class='ocrx_word' id='word_1_215' title='bbox 3219 1236 3275 1289; x_wconf 84' lang='lat' dir='ltr'><strong>in</strong></span> <span class='ocrx_word' id='word_1_216' title='bbox 3330 1238 3635 1291; x_wconf 82' lang='lat' dir='ltr'><strong>societatem</strong></span> 
     </span>
    </p>
   </div>
   <div class='ocr_carea' id='block_1_28' title="bbox 2066 1327 3637 1397">
    <p class='ocr_par' dir='ltr' id='par_1_28' title="bbox 2066 1327 3637 1397">
     <span class='ocr_line' id='line_1_28' title="bbox 2066 1327 3637 1397; baseline 0 -16"><span class='ocrx_word' id='word_1_217' title='bbox 2066 1327 2198 1381; x_wconf 79' lang='lat' dir='ltr'><strong>Filii</strong></span> <span class='ocrx_word' id='word_1_218' title='bbox 2224 1331 2337 1397; x_wconf 83' lang='lat' dir='ltr'><strong>ejus</strong></span> <span class='ocrx_word' id='word_1_219' title='bbox 2366 1329 2408 1380; x_wconf 85' lang='lat'><strong>&#39;.</strong></span> <span class='ocrx_word' id='word_1_220' title='bbox 2443 1329 2507 1381; x_wconf 80' lang='lat' dir='ltr'><strong>Et</strong></span> <span class='ocrx_word' id='word_1_221' title='bbox 2562 1341 2775 1381; x_wconf 88' lang='lat' dir='ltr'><strong>rursum</strong></span> <span class='ocrx_word' id='word_1_222' title='bbox 2806 1345 2820 1381; x_wconf 91' lang='lat'><strong>:</strong></span> <span class='ocrx_word' id='word_1_223' title='bbox 2850 1329 2955 1381; x_wconf 86' lang='lat' dir='ltr'><strong>Per</strong></span> <span class='ocrx_word' id='word_1_224' title='bbox 3006 1331 3317 1382; x_wconf 73' lang='lat' dir='ltr'><strong>voluntatem</strong></span> <span class='ocrx_word' id='word_1_225' title='bbox 3351 1329 3464 1396; x_wconf 83' lang='lat' dir='ltr'><strong>ejus</strong></span> <span class='ocrx_word' id='word_1_226' title='bbox 3493 1330 3533 1383; x_wconf 85' lang='grc'>³.</span> <span class='ocrx_word' id='word_1_227' title='bbox 3570 1331 3637 1383; x_wconf 84' lang='grc' dir='ltr'><strong>Ει</strong></span> 
     </span>
    </p>
   </div>
   <div class='ocr_carea' id='block_1_29' title="bbox 2065 1419 3634 1486">
    <p class='ocr_par' dir='ltr' id='par_1_29' title="bbox 2065 1419 3634 1486">
     <span class='ocr_line' id='line_1_29' title="bbox 2065 1419 3634 1486; baseline 0.001 -14"><span class='ocrx_word' id='word_1_228' title='bbox 2065 1419 2191 1472; x_wconf 87' lang='lat' dir='ltr'><strong>alibi</strong></span> <span class='ocrx_word' id='word_1_229' title='bbox 2228 1436 2242 1473; x_wconf 89' lang='lat'><strong>:</strong></span> <span class='ocrx_word' id='word_1_230' title='bbox 2283 1419 2546 1485; x_wconf 81' lang='lat' dir='ltr'><strong>Quoniam</strong></span> <span class='ocrx_word' id='word_1_231' title='bbox 2576 1433 2641 1472; x_wconf 80' lang='lat' dir='ltr'><strong>ea:</strong></span> <span class='ocrx_word' id='word_1_232' title='bbox 2671 1419 2808 1483; x_wconf 86' lang='lat' dir='ltr'><strong>ipso,</strong></span> <span class='ocrx_word' id='word_1_233' title='bbox 2861 1429 2910 1473; x_wconf 87' lang='lat' dir='ltr'><strong>et</strong></span> <span class='ocrx_word' id='word_1_234' title='bbox 2949 1435 3039 1486; x_wconf 82' lang='lat' dir='ltr'><strong>per</strong></span> <span class='ocrx_word' id='word_1_235' title='bbox 3070 1421 3260 1486; x_wconf 82' lang='lat' dir='ltr'><strong>ipsum,</strong></span> <span class='ocrx_word' id='word_1_236' title='bbox 3285 1430 3331 1473; x_wconf 83' lang='lat' dir='ltr'><strong>et</strong></span> <span class='ocrx_word' id='word_1_237' title='bbox 3363 1421 3417 1472; x_wconf 88' lang='lat' dir='ltr'><strong>in</strong></span> <span class='ocrx_word' id='word_1_238' title='bbox 3462 1422 3634 1485; x_wconf 83' lang='lat' dir='ltr'><strong>ipsum</strong></span> 
     </span>
    </p>
   </div>
   <div class='ocr_carea' id='block_1_30' title="bbox 2065 1509 3633 1583">
    <p class='ocr_par' dir='ltr' id='par_1_30' title="bbox 2065 1509 3633 1583">
     <span class='ocr_line' id='line_1_30' title="bbox 2065 1509 3633 1583; baseline 0.002 -19"><span class='ocrx_word' id='word_1_239' title='bbox 2065 1512 2237 1565; x_wconf 81' lang='lat' dir='ltr'><strong>omnia</strong></span> <span class='ocrx_word' id='word_1_240' title='bbox 2265 1510 2304 1563; x_wconf 70' lang='grc'>⁸.</span> <span class='ocrx_word' id='word_1_241' title='bbox 2330 1512 2408 1565; x_wconf 83' lang='lat' dir='ltr'><strong>Ac</strong></span> <span class='ocrx_word' id='word_1_242' title='bbox 2432 1525 2534 1566; x_wconf 91' lang='lat' dir='ltr'><strong>non</strong></span> <span class='ocrx_word' id='word_1_243' title='bbox 2554 1509 2689 1564; x_wconf 85' lang='lat' dir='ltr'><strong>Filio</strong></span> <span class='ocrx_word' id='word_1_244' title='bbox 2715 1512 2888 1565; x_wconf 90' lang='lat' dir='ltr'><strong>solum</strong></span> <span class='ocrx_word' id='word_1_245' title='bbox 2917 1512 3206 1566; x_wconf 67' lang='lat' dir='ltr'><strong>ascriltltur</strong></span> <span class='ocrx_word' id='word_1_246' title='bbox 3233 1514 3381 1579; x_wconf 77' lang='lat' dir='ltr'><strong>illud,</strong></span> <span class='ocrx_word' id='word_1_247' title='bbox 3412 1512 3493 1566; x_wconf 75' lang='lat' dir='ltr'><strong>Ex</strong></span> <span class='ocrx_word' id='word_1_248' title='bbox 3510 1532 3633 1583; x_wconf 82' lang='lat' dir='ltr'><strong>quo,</strong></span> 
     </span>
    </p>
   </div>
   <div class='ocr_carea' id='block_1_31' title="bbox 2064 1600 3685 1680">
    <p class='ocr_par' dir='ltr' id='par_1_31' title="bbox 2064 1600 3685 1680">
     <span class='ocr_line' id='line_1_31' title="bbox 2064 1600 3685 1680; baseline -0.001 -23"><span class='ocrx_word' id='word_1_249' title='bbox 2064 1603 2157 1657; x_wconf 90' lang='lat' dir='ltr'><strong>sed</strong></span> <span class='ocrx_word' id='word_1_250' title='bbox 2184 1603 2345 1656; x_wconf 89' lang='lat' dir='ltr'><strong>etiam</strong></span> <span class='ocrx_word' id='word_1_251' title='bbox 2374 1600 2623 1670; x_wconf 77' lang='lat' dir='ltr'><strong>Spiritui.</strong></span> <span class='ocrx_word' id='word_1_252' title='bbox 2683 1602 2959 1671; x_wconf 87' lang='lat' dir='ltr'><strong>Siquidem</strong></span> <span class='ocrx_word' id='word_1_253' title='bbox 3016 1605 3238 1670; x_wconf 75' lang='lat' dir='ltr'><strong>angelus</strong></span> <span class='ocrx_word' id='word_1_254' title='bbox 3265 1604 3329 1655; x_wconf 88' lang='lat' dir='ltr'><strong>ad</strong></span> <span class='ocrx_word' id='word_1_255' title='bbox 3376 1602 3574 1673; x_wconf 79' lang='lat' dir='ltr'><strong>Joseph</strong></span> <span class='ocrx_word' id='word_1_256' title='bbox 3618 1621 3629 1655; x_wconf 93' lang='lat'><strong>:</strong></span> <span class='ocrx_word' id='word_1_257' title='bbox 3680 1676 3685 1680; x_wconf 18' lang='grc' dir='ltr'><strong>ι</strong></span> 
     </span>
    </p>
   </div>
   <div class='ocr_carea' id='block_1_32' title="bbox 2068 1690 3711 1761">
    <p class='ocr_par' dir='ltr' id='par_1_32' title="bbox 2068 1690 3711 1761">
     <span class='ocr_line' id='line_1_32' title="bbox 2068 1690 3711 1761; baseline -0.002 -14"><span class='ocrx_word' id='word_1_258' title='bbox 2068 1693 2150 1747; x_wconf 86' lang='lat' dir='ltr'><strong>Ne</strong></span> <span class='ocrx_word' id='word_1_259' title='bbox 2177 1694 2382 1757; x_wconf 85' lang='lat' dir='ltr'><strong>timeas,</strong></span> <span class='ocrx_word' id='word_1_260' title='bbox 2410 1692 2621 1761; x_wconf 74' lang='lat' dir='ltr'><strong>inquit,”</strong></span> <span class='ocrx_word' id='word_1_261' title='bbox 2641 1691 2880 1757; x_wconf 85' lang='lat' dir='ltr'><strong>accipere</strong></span> <span class='ocrx_word' id='word_1_262' title='bbox 2909 1690 3132 1744; x_wconf 71' lang='lat' dir='ltr'><strong>Mariam</strong></span> <span class='ocrx_word' id='word_1_263' title='bbox 3167 1691 3435 1760; x_wconf 82' lang='lat' dir='ltr'><strong>conjugem</strong></span> <span class='ocrx_word' id='word_1_264' title='bbox 3467 1701 3636 1754; x_wconf 85' lang='lat' dir='ltr'><strong>tuam,</strong></span> 
     </span>
    </p>
   </div>
   <div class='ocr_carea' id='block_1_33' title="bbox 2063 1781 3631 1853">
    <p class='ocr_par' dir='ltr' id='par_1_33' title="bbox 2063 1781 3631 1853">
     <span class='ocr_line' id='line_1_33' title="bbox 2063 1781 3631 1853; baseline -0.002 -15"><span class='ocrx_word' id='word_1_265' title='bbox 2063 1784 2202 1853; x_wconf 80' lang='lat' dir='ltr'><strong>quod</strong></span> <span class='ocrx_word' id='word_1_266' title='bbox 2235 1786 2371 1837; x_wconf 85' lang='lat' dir='ltr'><strong>enim</strong></span> <span class='ocrx_word' id='word_1_267' title='bbox 2397 1785 2451 1837; x_wconf 88' lang='lat' dir='ltr'><strong>in</strong></span> <span class='ocrx_word' id='word_1_268' title='bbox 2478 1784 2592 1850; x_wconf 87' lang='lat' dir='ltr'><strong>ipsa</strong></span> <span class='ocrx_word' id='word_1_269' title='bbox 2615 1793 2917 1851; x_wconf 80' lang='lat' dir='ltr'><strong>conceptum</strong></span> <span class='ocrx_word' id='word_1_270' title='bbox 2955 1792 3051 1846; x_wconf 80' lang='lat' dir='ltr'><strong>est,</strong></span> <span class='ocrx_word' id='word_1_271' title='bbox 3088 1797 3151 1836; x_wconf 79' lang='lat' dir='ltr'><strong>ea:</strong></span> <span class='ocrx_word' id='word_1_272' title='bbox 3207 1781 3410 1850; x_wconf 80' lang='lat' dir='ltr'><strong>Spiritu</strong></span> <span class='ocrx_word' id='word_1_273' title='bbox 3447 1790 3631 1836; x_wconf 81' lang='lat' dir='ltr'><strong>sancto</strong></span> 
     </span>
    </p>
   </div>
   <div class='ocr_carea' id='block_1_34' title="bbox 389 1855 1965 1945">
    <p class='ocr_par' dir='ltr' id='par_1_34' title="bbox 389 1874 1957 1945">
     <span class='ocr_line' id='line_1_34' title="bbox 389 1874 1957 1945; baseline -0.001 -16"><span class='ocrx_word' id='word_1_274' title='bbox 389 1875 665 1945; x_wconf 72' lang='grc' dir='ltr'><strong>φοϐηθῇς</strong></span> <span class='ocrx_word' id='word_1_275' title='bbox 707 1876 1076 1939; x_wconf 76' lang='grc' dir='ltr'>παραλαϐεῖν</span> <span class='ocrx_word' id='word_1_276' title='bbox 1102 1876 1335 1943; x_wconf 80' lang='grc' dir='ltr'>Μαριὰμ</span> <span class='ocrx_word' id='word_1_277' title='bbox 1372 1875 1488 1943; x_wconf 75' lang='grc' dir='ltr'><strong>τὴν</strong></span> <span class='ocrx_word' id='word_1_278' title='bbox 1513 1874 1773 1944; x_wconf 68' lang='grc' dir='ltr'><strong>γυναῖκά</strong></span> <span class='ocrx_word' id='word_1_279' title='bbox 1817 1888 1957 1940; x_wconf 83' lang='grc' dir='ltr'><strong>σου,</strong></span> 
     </span>
    </p>
   </div>
   <div class='ocr_carea' id='block_1_35' title="bbox 2069 1855 3631 1945">
    <p class='ocr_par' dir='ltr' id='par_1_35' title="bbox 2069 1873 3631 1945">
     <span class='ocr_line' id='line_1_35' title="bbox 2069 1873 3631 1945; baseline -0.001 -16"><span class='ocrx_word' id='word_1_280' title='bbox 2069 1886 2138 1930; x_wconf 77' lang='lat' dir='ltr'><strong>est</strong></span> <span class='ocrx_word' id='word_1_281' title='bbox 2161 1877 2203 1928; x_wconf 88' lang='grc'>⁸.</span> <span class='ocrx_word' id='word_1_282' title='bbox 2270 1875 2728 1941; x_wconf 85' lang='lat' dir='ltr'><strong>Quemadmodum</strong></span> <span class='ocrx_word' id='word_1_283' title='bbox 2785 1875 2948 1945; x_wconf 89' lang='lat' dir='ltr'><strong>igitur</strong></span> <span class='ocrx_word' id='word_1_284' title='bbox 3004 1873 3186 1928; x_wconf 89' lang='lat' dir='ltr'><strong>illud:</strong></span> <span class='ocrx_word' id='word_1_285' title='bbox 3225 1873 3290 1927; x_wconf 83' lang='lat' dir='ltr'><strong>In</strong></span> <span class='ocrx_word' id='word_1_286' title='bbox 3337 1891 3458 1944; x_wconf 85' lang='lat' dir='ltr'><strong>quo,</strong></span> <span class='ocrx_word' id='word_1_287' title='bbox 3508 1890 3631 1928; x_wconf 88' lang='lat' dir='ltr'><strong>cum</strong></span> 
     </span>
    </p>
   </div>
   <div class='ocr_carea' id='block_1_36' title="bbox 387 1965 1959 2037">
    <p class='ocr_par' dir='ltr' id='par_1_36' title="bbox 387 1965 1959 2037">
     <span class='ocr_line' id='line_1_36' title="bbox 387 1965 1959 2037; baseline 0 -16"><span class='ocrx_word' id='word_1_288' title='bbox 387 1974 459 2022; x_wconf 67' lang='lat' dir='ltr'><strong>eo</strong></span> <span class='ocrx_word' id='word_1_289' title='bbox 474 1968 583 2035; x_wconf 80' lang='grc' dir='ltr'><strong>γὰρ</strong></span> <span class='ocrx_word' id='word_1_290' title='bbox 599 1965 828 2033; x_wconf 77' lang='grc' dir='ltr'><strong>ὲναῠτῇ</strong></span> <span class='ocrx_word' id='word_1_291' title='bbox 849 1968 1141 2035; x_wconf 71' lang='grc' dir='ltr'><strong>γεννηθὲν</strong></span> <span class='ocrx_word' id='word_1_292' title='bbox 1150 1967 1217 2019; x_wconf 77' lang='grc' dir='ltr'>ἐκ</span> <span class='ocrx_word' id='word_1_293' title='bbox 1232 1968 1573 2035; x_wconf 81' lang='grc' dir='ltr'>Πνεύματός</span> <span class='ocrx_word' id='word_1_294' title='bbox 1584 1967 1754 2019; x_wconf 79' lang='grc' dir='ltr'>ἐστιν</span> <span class='ocrx_word' id='word_1_295' title='bbox 1766 1967 1959 2037; x_wconf 70' lang='grc' dir='ltr'>ἁγίου.</span> 
     </span>
    </p>
   </div>
   <div class='ocr_carea' id='block_1_37' title="bbox 391 2052 1965 2128">
    <p class='ocr_par' dir='ltr' id='par_1_37' title="bbox 391 2052 1965 2128">
     <span class='ocr_line' id='line_1_37' title="bbox 391 2052 1965 2128; baseline 0.001 -16"><span class='ocrx_word' id='word_1_296' title='bbox 391 2061 612 2128; x_wconf 76' lang='grc' dir='ltr'>Ὠσπερ</span> <span class='ocrx_word' id='word_1_297' title='bbox 637 2054 732 2111; x_wconf 83' lang='grc' dir='ltr'>οὖν</span> <span class='ocrx_word' id='word_1_298' title='bbox 756 2061 850 2110; x_wconf 73' lang='grc' dir='ltr'>καὶ</span> <span class='ocrx_word' id='word_1_299' title='bbox 878 2058 940 2110; x_wconf 81' lang='grc' dir='ltr'>τὸ</span> <span class='ocrx_word' id='word_1_300' title='bbox 958 2059 1027 2110; x_wconf 81' lang='grc' dir='ltr'><strong>ἐν</strong></span> <span class='ocrx_word' id='word_1_301' title='bbox 1045 2052 1093 2124; x_wconf 81' lang='grc' dir='ltr'>ᾧ</span> <span class='ocrx_word' id='word_1_302' title='bbox 1114 2057 1207 2110; x_wconf 86' lang='grc' dir='ltr'><strong>τοῦ</strong></span> <span class='ocrx_word' id='word_1_303' title='bbox 1239 2057 1552 2127; x_wconf 71' lang='grc' dir='ltr'>Πνεῦματος</span> <span class='ocrx_word' id='word_1_304' title='bbox 1582 2058 1664 2122; x_wconf 78' lang='grc' dir='ltr'>ὃν,</span> <span class='ocrx_word' id='word_1_305' title='bbox 1688 2059 1790 2110; x_wconf 74' lang='grc' dir='ltr'>οὐκ</span> <span class='ocrx_word' id='word_1_306' title='bbox 1821 2060 1965 2113; x_wconf 81' lang='grc' dir='ltr'>ἀπα-</span> 
     </span>
    </p>
   </div>
   <div class='ocr_carea' id='block_1_38' title="bbox 390 2153 1962 2225">
    <p class='ocr_par' dir='ltr' id='par_1_38' title="bbox 390 2153 1962 2225">
     <span class='ocr_line' id='line_1_38' title="bbox 390 2153 1962 2225; baseline 0.002 -19"><span class='ocrx_word' id='word_1_307' title='bbox 390 2155 499 2221; x_wconf 81' lang='grc' dir='ltr'><strong>ξιοί</strong></span> <span class='ocrx_word' id='word_1_308' title='bbox 528 2155 622 2207; x_wconf 74' lang='grc' dir='ltr'>καὶ</span> <span class='ocrx_word' id='word_1_309' title='bbox 648 2153 725 2222; x_wconf 82' lang='grc' dir='ltr'>τῷ</span> <span class='ocrx_word' id='word_1_310' title='bbox 748 2153 867 2223; x_wconf 85' lang='grc' dir='ltr'><strong>Θεῷ</strong></span> <span class='ocrx_word' id='word_1_311' title='bbox 893 2155 1224 2223; x_wconf 77' lang='grc' dir='ltr'><strong>προσνέμειν</strong></span> <span class='ocrx_word' id='word_1_312' title='bbox 1268 2156 1294 2206; x_wconf 85' lang='grc'>6</span> <span class='ocrx_word' id='word_1_313' title='bbox 1338 2157 1645 2225; x_wconf 82' lang='grc' dir='ltr'><strong>προφήτης,</strong></span> <span class='ocrx_word' id='word_1_314' title='bbox 1696 2156 1840 2209; x_wconf 75' lang='grc' dir='ltr'>οὕτω</span> <span class='ocrx_word' id='word_1_315' title='bbox 1872 2157 1962 2209; x_wconf 78' lang='grc' dir='ltr'>λέ-</span> 
     </span>
    </p>
   </div>
   <div class='ocr_carea' id='block_1_39' title="bbox 390 2247 1967 2318">
    <p class='ocr_par' dir='ltr' id='par_1_39' title="bbox 390 2247 1967 2318">
     <span class='ocr_line' id='line_1_39' title="bbox 390 2247 1967 2318; baseline 0.001 -16"><span class='ocrx_word' id='word_1_316' title='bbox 390 2266 530 2318; x_wconf 79' lang='grc' dir='ltr'><strong>γων⁸</strong></span> <span class='ocrx_word' id='word_1_317' title='bbox 572 2250 677 2303; x_wconf 79' lang='grc' dir='ltr'><em>Ἕν</em></span> <span class='ocrx_word' id='word_1_318' title='bbox 697 2249 775 2311; x_wconf 86' lang='grc' dir='ltr'>τῷ</span> <span class='ocrx_word' id='word_1_319' title='bbox 807 2247 930 2312; x_wconf 84' lang='grc' dir='ltr'><strong>Θεῷ</strong></span> <span class='ocrx_word' id='word_1_320' title='bbox 952 2248 1301 2316; x_wconf 75' lang='grc' dir='ltr'>ποιήσωμεν</span> <span class='ocrx_word' id='word_1_321' title='bbox 1322 2248 1600 2317; x_wconf 72' lang='grc' dir='ltr'>δύναμιν.</span> <span class='ocrx_word' id='word_1_322' title='bbox 1624 2250 1731 2302; x_wconf 74' lang='grc' dir='ltr'><strong>Καὶ</strong></span> <span class='ocrx_word' id='word_1_323' title='bbox 1758 2251 1787 2301; x_wconf 89' lang='lat'><strong>6</strong></span> <span class='ocrx_word' id='word_1_324' title='bbox 1820 2250 1967 2303; x_wconf 84' lang='grc' dir='ltr'>Παῦ-</span> 
     </span>
    </p>
   </div>
   <div class='ocr_carea' id='block_1_40' title="bbox 393 2336 1963 2407">
    <p class='ocr_par' dir='ltr' id='par_1_40' title="bbox 393 2336 1963 2407">
     <span class='ocr_line' id='line_1_40' title="bbox 393 2336 1963 2407; baseline 0 -16"><span class='ocrx_word' id='word_1_325' title='bbox 393 2340 488 2401; x_wconf 88' lang='grc' dir='ltr'><strong>λος</strong></span> <span class='ocrx_word' id='word_1_326' title='bbox 518 2339 771 2407; x_wconf 75' lang='grc' dir='ltr'>δεόμενός</span> <span class='ocrx_word' id='word_1_327' title='bbox 796 2355 962 2406; x_wconf 81' lang='grc' dir='ltr'>φησιν</span> <span class='ocrx_word' id='word_1_328' title='bbox 982 2354 996 2369; x_wconf 74' lang='grc' dir='ltr'><strong>ο</strong></span> <span class='ocrx_word' id='word_1_329' title='bbox 1022 2338 1092 2391; x_wconf 80' lang='lat' dir='ltr'><strong>El</strong></span> <span class='ocrx_word' id='word_1_330' title='bbox 1123 2354 1249 2401; x_wconf 80' lang='grc' dir='ltr'><strong>πως</strong></span> <span class='ocrx_word' id='word_1_331' title='bbox 1269 2336 1388 2405; x_wconf 79' lang='grc' dir='ltr'><strong>ἤδη</strong></span> <span class='ocrx_word' id='word_1_332' title='bbox 1418 2338 1565 2390; x_wconf 83' lang='grc' dir='ltr'>ποτὲ</span> <span class='ocrx_word' id='word_1_333' title='bbox 1587 2338 1963 2403; x_wconf 79' lang='grc' dir='ltr'><strong>εὐοδωθήσο-</strong></span> 
     </span>
    </p>
   </div>
   <div class='ocr_carea' id='block_1_41' title="bbox 389 2426 1962 2500">
    <p class='ocr_par' dir='ltr' id='par_1_41' title="bbox 389 2426 1962 2500">
     <span class='ocr_line' id='line_1_41' title="bbox 389 2426 1962 2500; baseline 0.003 -18"><span class='ocrx_word' id='word_1_334' title='bbox 389 2446 498 2500; x_wconf 80' lang='grc' dir='ltr'><strong>μαι</strong></span> <span class='ocrx_word' id='word_1_335' title='bbox 521 2432 589 2483; x_wconf 79' lang='grc' dir='ltr'><strong>ἐν</strong></span> <span class='ocrx_word' id='word_1_336' title='bbox 615 2426 696 2496; x_wconf 81' lang='grc' dir='ltr'><strong>τῷ</strong></span> <span class='ocrx_word' id='word_1_337' title='bbox 730 2430 1016 2498; x_wconf 74' lang='grc' dir='ltr'><strong>θελήματι</strong></span> <span class='ocrx_word' id='word_1_338' title='bbox 1049 2429 1155 2483; x_wconf 87' lang='grc' dir='ltr'><strong>τοῦ</strong></span> <span class='ocrx_word' id='word_1_339' title='bbox 1198 2429 1350 2482; x_wconf 82' lang='grc' dir='ltr'><strong>Θεοῦ</strong></span> <span class='ocrx_word' id='word_1_340' title='bbox 1382 2430 1588 2483; x_wconf 74' lang='grc' dir='ltr'><strong>ἐλθεῖν</strong></span> <span class='ocrx_word' id='word_1_341' title='bbox 1616 2431 1764 2499; x_wconf 82' lang='grc' dir='ltr'>πρὸς</span> <span class='ocrx_word' id='word_1_342' title='bbox 1788 2428 1962 2498; x_wconf 84' lang='grc' dir='ltr'>ὑμᾶς.</span> 
     </span>
    </p>
   </div>
   <div class='ocr_carea' id='block_1_42' title="bbox 407 2520 1963 2594">
    <p class='ocr_par' dir='ltr' id='par_1_42' title="bbox 407 2520 1963 2594">
     <span class='ocr_line' id='line_1_42' title="bbox 407 2520 1963 2594; baseline 0.001 -21"><span class='ocrx_word' id='word_1_343' title='bbox 407 2521 538 2574; x_wconf 77' lang='grc' dir='ltr'>Ἐπὶ</span> <span class='ocrx_word' id='word_1_344' title='bbox 571 2522 664 2574; x_wconf 85' lang='grc' dir='ltr'><strong>τοῦ</strong></span> <span class='ocrx_word' id='word_1_345' title='bbox 722 2521 961 2594; x_wconf 80' lang='grc' dir='ltr'><strong>Χριστοῦ</strong></span> <span class='ocrx_word' id='word_1_346' title='bbox 1024 2520 1080 2573; x_wconf 79' lang='grc' dir='ltr'><strong>δὲ</strong></span> <span class='ocrx_word' id='word_1_347' title='bbox 1126 2521 1292 2573; x_wconf 88' lang='grc' dir='ltr'>πάλιν</span> <span class='ocrx_word' id='word_1_348' title='bbox 1330 2521 1489 2574; x_wconf 82' lang='grc' dir='ltr'>τοῦτο</span> <span class='ocrx_word' id='word_1_349' title='bbox 1542 2522 1726 2589; x_wconf 86' lang='grc' dir='ltr'>τίθησι</span> <span class='ocrx_word' id='word_1_350' title='bbox 1770 2524 1963 2588; x_wconf 80' lang='grc' dir='ltr'>λέγων,</span> 
     </span>
    </p>
   </div>
   <div class='ocr_carea' id='block_1_43' title="bbox 409 2601 1966 2681">
    <p class='ocr_par' dir='ltr' id='par_1_43' title="bbox 409 2601 1966 2681">
     <span class='ocr_line' id='line_1_43' title="bbox 409 2601 1966 2681; baseline 0.001 -13"><span class='ocrx_word' id='word_1_351' title='bbox 409 2615 514 2668; x_wconf 81' lang='grc' dir='ltr'><em>Ἔν</em></span> <span class='ocrx_word' id='word_1_352' title='bbox 542 2615 771 2681; x_wconf 70' lang='grc' dir='ltr'>Χριστῷ</span> <span class='ocrx_word' id='word_1_353' title='bbox 820 2614 1038 2681; x_wconf 80' lang='grc' dir='ltr'><strong>Ἰησοῦ.</strong></span> <span class='ocrx_word' id='word_1_354' title='bbox 1070 2613 1182 2667; x_wconf 81' lang='grc' dir='ltr'><strong>Καὶ</strong></span> <span class='ocrx_word' id='word_1_355' title='bbox 1219 2601 1377 2678; x_wconf 80' lang='grc' dir='ltr'>ὅλως</span> <span class='ocrx_word' id='word_1_356' title='bbox 1400 2615 1682 2680; x_wconf 77' lang='grc' dir='ltr'><strong>πολλάκις,</strong></span> <span class='ocrx_word' id='word_1_357' title='bbox 1712 2616 1807 2668; x_wconf 73' lang='grc' dir='ltr'>καὶ</span> <span class='ocrx_word' id='word_1_358' title='bbox 1839 2633 1966 2669; x_wconf 88' lang='grc' dir='ltr'>συν-</span> 
     </span>
    </p>
   </div>
   <div class='ocr_carea' id='block_1_44' title="bbox 392 2701 1963 2774">
    <p class='ocr_par' dir='ltr' id='par_1_44' title="bbox 392 2701 1963 2774">
     <span class='ocr_line' id='line_1_44' title="bbox 392 2701 1963 2774; baseline 0 -17"><span class='ocrx_word' id='word_1_359' title='bbox 392 2706 687 2774; x_wconf 79' lang='grc' dir='ltr'>εχέστερον</span> <span class='ocrx_word' id='word_1_360' title='bbox 726 2705 985 2773; x_wconf 77' lang='grc' dir='ltr'><strong>εὕροιμεν</strong></span> <span class='ocrx_word' id='word_1_361' title='bbox 1029 2703 1096 2756; x_wconf 78' lang='grc' dir='ltr'>ἂν</span> <span class='ocrx_word' id='word_1_362' title='bbox 1145 2701 1556 2772; x_wconf 79' lang='grc' dir='ltr'><strong>μεθισταμένοις</strong></span> <span class='ocrx_word' id='word_1_363' title='bbox 1601 2704 1804 2766; x_wconf 78' lang='grc' dir='ltr'>ταύτας</span> <span class='ocrx_word' id='word_1_364' title='bbox 1864 2706 1963 2769; x_wconf 76' lang='grc' dir='ltr'><strong>τὰς</strong></span> 
     </span>
    </p>
   </div>
   <div class='ocr_carea' id='block_1_45' title="bbox 393 2794 1968 2867">
    <p class='ocr_par' dir='ltr' id='par_1_45' title="bbox 393 2794 1968 2867">
     <span class='ocr_line' id='line_1_45' title="bbox 393 2794 1968 2867; baseline -0.003 -16"><span class='ocrx_word' id='word_1_365' title='bbox 393 2797 591 2863; x_wconf 79' lang='grc' dir='ltr'>λέξεις.</span> <span class='ocrx_word' id='word_1_366' title='bbox 623 2797 808 2849; x_wconf 84' lang='grc' dir='ltr'>Ταῦτα</span> <span class='ocrx_word' id='word_1_367' title='bbox 836 2796 891 2847; x_wconf 75' lang='grc' dir='ltr'><strong>δὲ</strong></span> <span class='ocrx_word' id='word_1_368' title='bbox 939 2796 1037 2849; x_wconf 80' lang='grc' dir='ltr'><strong>οὐκ</strong></span> <span class='ocrx_word' id='word_1_369' title='bbox 1081 2794 1148 2849; x_wconf 81' lang='grc' dir='ltr'>ἂν</span> <span class='ocrx_word' id='word_1_370' title='bbox 1180 2796 1403 2863; x_wconf 76' lang='grc' dir='ltr'>συνέϐη,</span> <span class='ocrx_word' id='word_1_371' title='bbox 1449 2796 1523 2866; x_wconf 79' lang='grc' dir='ltr'>μὴ</span> <span class='ocrx_word' id='word_1_372' title='bbox 1556 2795 1836 2866; x_wconf 81' lang='grc' dir='ltr'>πανταχοῦ</span> <span class='ocrx_word' id='word_1_373' title='bbox 1868 2798 1968 2867; x_wconf 79' lang='grc' dir='ltr'>τῆς</span> 
     </span>
    </p>
   </div>
   <div class='ocr_carea' id='block_1_46' title="bbox 392 2885 1217 2955">
    <p class='ocr_par' dir='ltr' id='par_1_46' title="bbox 392 2885 1217 2955">
     <span class='ocr_line' id='line_1_46' title="bbox 392 2885 1217 2955; baseline -0.002 -15"><span class='ocrx_word' id='word_1_374' title='bbox 392 2886 568 2953; x_wconf 80' lang='grc' dir='ltr'>αὐτῆς</span> <span class='ocrx_word' id='word_1_375' title='bbox 604 2885 793 2948; x_wconf 78' lang='grc' dir='ltr'><strong>οὐσίας</strong></span> <span class='ocrx_word' id='word_1_376' title='bbox 826 2886 1217 2955; x_wconf 82' lang='grc' dir='ltr'><strong>ὑποκειμένης.</strong></span> 
     </span>
    </p>
   </div>
   <div class='ocr_carea' id='block_1_47' title="bbox 405 3032 1972 3103">
    <p class='ocr_par' dir='ltr' id='par_1_47' title="bbox 405 3032 1972 3103">
     <span class='ocr_line' id='line_1_47' title="bbox 405 3032 1972 3103; baseline 0.001 -11"><span class='ocrx_word' id='word_1_377' title='bbox 405 3032 512 3093; x_wconf 80' lang='grc' dir='ltr'><strong>Τοῦ</strong></span> <span class='ocrx_word' id='word_1_378' title='bbox 534 3037 724 3091; x_wconf 82' lang='grc' dir='ltr'>αὑτοῦ</span> <span class='ocrx_word' id='word_1_379' title='bbox 745 3037 814 3089; x_wconf 82' lang='grc' dir='ltr'>ἐκ</span> <span class='ocrx_word' id='word_1_380' title='bbox 843 3036 954 3103; x_wconf 82' lang='grc' dir='ltr'>τῆς</span> <span class='ocrx_word' id='word_1_381' title='bbox 974 3036 1294 3103; x_wconf 76' lang='grc' dir='ltr'><strong>ἑρμηνείας</strong></span> <span class='ocrx_word' id='word_1_382' title='bbox 1314 3035 1424 3103; x_wconf 81' lang='grc' dir='ltr'>τῆς</span> <span class='ocrx_word' id='word_1_383' title='bbox 1447 3038 1537 3100; x_wconf 81' lang='grc' dir='ltr'><strong>εις</strong></span> <span class='ocrx_word' id='word_1_384' title='bbox 1562 3038 1651 3100; x_wconf 81' lang='grc' dir='ltr'>τὸ,</span> <span class='ocrx_word' id='word_1_385' title='bbox 1671 3057 1689 3088; x_wconf 80' lang='grc' dir='ltr'><strong>ι</strong></span> <span class='ocrx_word' id='word_1_386' title='bbox 1709 3038 1774 3091; x_wconf 88' lang='lat'><strong>&#39;0</strong></span> <span class='ocrx_word' id='word_1_387' title='bbox 1795 3036 1881 3092; x_wconf 73' lang='grc' dir='ltr'><strong>ὢν</strong></span> <span class='ocrx_word' id='word_1_388' title='bbox 1901 3039 1972 3093; x_wconf 66' lang='grc' dir='ltr'><strong>ἐν</strong></span> 
     </span>
    </p>
   </div>
   <div class='ocr_carea' id='block_1_48' title="bbox 752 3106 1633 3173">
    <p class='ocr_par' dir='ltr' id='par_1_48' title="bbox 752 3106 1633 3173">
     <span class='ocr_line' id='line_1_48' title="bbox 752 3106 1633 3173; baseline -0.003 -15"><span class='ocrx_word' id='word_1_389' title='bbox 752 3106 879 3170; x_wconf 83' lang='grc' dir='ltr'>τοῖς</span> <span class='ocrx_word' id='word_1_390' title='bbox 910 3106 1163 3169; x_wconf 78' lang='grc' dir='ltr'><strong>κόλποις</strong></span> <span class='ocrx_word' id='word_1_391' title='bbox 1200 3106 1305 3159; x_wconf 86' lang='grc' dir='ltr'><strong>τοῦ</strong></span> <span class='ocrx_word' id='word_1_392' title='bbox 1333 3107 1582 3173; x_wconf 82' lang='grc' dir='ltr'><strong>Πατρός.</strong></span> <span class='ocrx_word' id='word_1_393' title='bbox 1616 3124 1633 3155; x_wconf 83' lang='grc' dir='ltr'><strong>ι</strong></span> 
     </span>
    </p>
   </div>
   <div class='ocr_carea' id='block_1_49' title="bbox 2064 1964 3631 2036">
    <p class='ocr_par' dir='ltr' id='par_1_49' title="bbox 2064 1964 3631 2036">
     <span class='ocr_line' id='line_1_49' title="bbox 2064 1964 3631 2036; baseline -0.003 -14"><span class='ocrx_word' id='word_1_394' title='bbox 2064 1968 2297 2035; x_wconf 83' lang='lat' dir='ltr'><strong>Spiritus</strong></span> <span class='ocrx_word' id='word_1_395' title='bbox 2329 1972 2422 2028; x_wconf 86' lang='lat' dir='ltr'><strong>sit.</strong></span> <span class='ocrx_word' id='word_1_396' title='bbox 2452 1980 2556 2021; x_wconf 90' lang='lat' dir='ltr'><strong>non</strong></span> <span class='ocrx_word' id='word_1_397' title='bbox 2586 1966 2820 2021; x_wconf 86' lang='lat' dir='ltr'><strong>alienum</strong></span> <span class='ocrx_word' id='word_1_398' title='bbox 2849 1974 3002 2036; x_wconf 91' lang='lat' dir='ltr'><strong>putat</strong></span> <span class='ocrx_word' id='word_1_399' title='bbox 3028 1964 3315 2031; x_wconf 73' lang='lat' dir='ltr'><strong>Propheta,</strong></span> <span class='ocrx_word' id='word_1_400' title='bbox 3347 1975 3402 2017; x_wconf 93' lang='lat' dir='ltr'><strong>ut</strong></span> <span class='ocrx_word' id='word_1_401' title='bbox 3424 1964 3631 2018; x_wconf 81' lang='lat' dir='ltr'><strong>tribua-</strong></span> 
     </span>
    </p>
   </div>
   <div class='ocr_carea' id='block_1_50' title="bbox 2066 2056 3640 2127">
    <p class='ocr_par' dir='ltr' id='par_1_50' title="bbox 2066 2056 3640 2127">
     <span class='ocr_line' id='line_1_50' title="bbox 2066 2056 3640 2127; baseline -0.006 -12"><span class='ocrx_word' id='word_1_402' title='bbox 2066 2072 2155 2115; x_wconf 91' lang='lat' dir='ltr'><strong>tur</strong></span> <span class='ocrx_word' id='word_1_403' title='bbox 2186 2062 2312 2124; x_wconf 88' lang='lat' dir='ltr'><strong>Deo,</strong></span> <span class='ocrx_word' id='word_1_404' title='bbox 2340 2069 2393 2115; x_wconf 88' lang='lat' dir='ltr'><strong>et</strong></span> <span class='ocrx_word' id='word_1_405' title='bbox 2421 2068 2702 2127; x_wconf 78' lang='lat' dir='ltr'><strong>propterea</strong></span> <span class='ocrx_word' id='word_1_406' title='bbox 2769 2058 2941 2113; x_wconf 84' lang='lat' dir='ltr'><strong>dicit:</strong></span> <span class='ocrx_word' id='word_1_407' title='bbox 2981 2056 3047 2110; x_wconf 80' lang='lat' dir='ltr'><strong>In</strong></span> <span class='ocrx_word' id='word_1_408' title='bbox 3097 2056 3202 2110; x_wconf 91' lang='lat' dir='ltr'><strong>Deo</strong></span> <span class='ocrx_word' id='word_1_409' title='bbox 3226 2056 3483 2123; x_wconf 77' lang='lat' dir='ltr'><strong>faciemus</strong></span> <span class='ocrx_word' id='word_1_410' title='bbox 3532 2057 3640 2111; x_wconf 75' lang='grc' dir='ltr'>τίν-</span> 
     </span>
    </p>
   </div>
   <div class='ocr_carea' id='block_1_51' title="bbox 2066 2145 3639 2217">
    <p class='ocr_par' dir='ltr' id='par_1_51' title="bbox 2066 2145 3639 2217">
     <span class='ocr_line' id='line_1_51' title="bbox 2066 2145 3639 2217; baseline -0.003 -14"><span class='ocrx_word' id='word_1_411' title='bbox 2066 2161 2225 2204; x_wconf 78' lang='lat' dir='ltr'><strong>tutem</strong></span> <span class='ocrx_word' id='word_1_412' title='bbox 2255 2151 2295 2207; x_wconf 84' lang='grc'>⁸.</span> <span class='ocrx_word' id='word_1_413' title='bbox 2332 2150 2399 2204; x_wconf 88' lang='lat' dir='ltr'><strong>Et</strong></span> <span class='ocrx_word' id='word_1_414' title='bbox 2454 2148 2653 2204; x_wconf 83' lang='lat' dir='ltr'><strong>Paulus</strong></span> <span class='ocrx_word' id='word_1_415' title='bbox 2685 2157 2879 2217; x_wconf 87' lang='lat' dir='ltr'><strong>optans</strong></span> <span class='ocrx_word' id='word_1_416' title='bbox 2935 2165 2950 2202; x_wconf 87' lang='lat'><strong>:</strong></span> <span class='ocrx_word' id='word_1_417' title='bbox 3008 2145 3189 2215; x_wconf 79' lang='lat' dir='ltr'><strong>Siqua</strong></span> <span class='ocrx_word' id='word_1_418' title='bbox 3210 2150 3385 2210; x_wconf 88' lang='lat' dir='ltr'><strong>modo,</strong></span> <span class='ocrx_word' id='word_1_419' title='bbox 3439 2147 3639 2214; x_wconf 85' lang='lat' dir='ltr'><strong>inquit,</strong></span> 
     </span>
    </p>
   </div>
   <div class='ocr_carea' id='block_1_52' title="bbox 2060 2238 3639 2310">
    <p class='ocr_par' dir='ltr' id='par_1_52' title="bbox 2060 2238 3639 2310">
     <span class='ocr_line' id='line_1_52' title="bbox 2060 2238 3639 2310; baseline -0.001 -16"><span class='ocrx_word' id='word_1_420' title='bbox 2060 2242 2173 2309; x_wconf 77' lang='lat' dir='ltr'><strong>jam</strong></span> <span class='ocrx_word' id='word_1_421' title='bbox 2208 2241 2491 2310; x_wconf 82' lang='lat' dir='ltr'><strong>aliquando</strong></span> <span class='ocrx_word' id='word_1_422' title='bbox 2519 2255 2825 2309; x_wconf 76' lang='lat' dir='ltr'><strong>prosperum</strong></span> <span class='ocrx_word' id='word_1_423' title='bbox 2850 2240 2950 2292; x_wconf 82' lang='lat' dir='ltr'><strong>iter</strong></span> <span class='ocrx_word' id='word_1_424' title='bbox 2989 2238 3207 2292; x_wconf 70' lang='lat' dir='ltr'><strong>habeam</strong></span> <span class='ocrx_word' id='word_1_425' title='bbox 3264 2240 3321 2293; x_wconf 87' lang='lat' dir='ltr'><strong>in</strong></span> <span class='ocrx_word' id='word_1_426' title='bbox 3368 2238 3639 2292; x_wconf 74' lang='lat' dir='ltr'><strong>voluntate</strong></span> 
     </span>
    </p>
   </div>
   <div class='ocr_carea' id='block_1_53' title="bbox 2068 2329 3641 2399">
    <p class='ocr_par' dir='ltr' id='par_1_53' title="bbox 2068 2329 3641 2399">
     <span class='ocr_line' id='line_1_53' title="bbox 2068 2329 3641 2399; baseline -0.003 -12"><span class='ocrx_word' id='word_1_427' title='bbox 2068 2333 2161 2387; x_wconf 87' lang='lat' dir='ltr'><strong>Dei</strong></span> <span class='ocrx_word' id='word_1_428' title='bbox 2195 2333 2364 2387; x_wconf 76' lang='lat' dir='ltr'><strong>venire</strong></span> <span class='ocrx_word' id='word_1_429' title='bbox 2407 2332 2479 2385; x_wconf 82' lang='lat' dir='ltr'><strong>ad</strong></span> <span class='ocrx_word' id='word_1_430' title='bbox 2522 2347 2608 2386; x_wconf 78' lang='lat' dir='ltr'><strong>vos</strong></span> <span class='ocrx_word' id='word_1_431' title='bbox 2656 2332 2698 2384; x_wconf 84' lang='lat'><strong>’.</strong></span> <span class='ocrx_word' id='word_1_432' title='bbox 2740 2330 2806 2385; x_wconf 88' lang='lat' dir='ltr'><strong>Et</strong></span> <span class='ocrx_word' id='word_1_433' title='bbox 2852 2331 2918 2386; x_wconf 86' lang='lat' dir='ltr'><strong>de</strong></span> <span class='ocrx_word' id='word_1_434' title='bbox 2976 2329 3191 2386; x_wconf 78' lang='lat' dir='ltr'><strong>Christo</strong></span> <span class='ocrx_word' id='word_1_435' title='bbox 3232 2332 3361 2384; x_wconf 89' lang='lat' dir='ltr'><strong>item</strong></span> <span class='ocrx_word' id='word_1_436' title='bbox 3416 2330 3641 2399; x_wconf 86' lang='lat' dir='ltr'><strong>loquens</strong></span> 
     </span>
    </p>
   </div>
   <div class='ocr_carea' id='block_1_54' title="bbox 2066 2419 3639 2492">
    <p class='ocr_par' dir='ltr' id='par_1_54' title="bbox 2066 2419 3639 2492">
     <span class='ocr_line' id='line_1_54' title="bbox 2066 2419 3639 2492; baseline -0.002 -14"><span class='ocrx_word' id='word_1_437' title='bbox 2066 2422 2260 2478; x_wconf 85' lang='lat' dir='ltr'><strong>eodem</strong></span> <span class='ocrx_word' id='word_1_438' title='bbox 2290 2424 2465 2477; x_wconf 89' lang='lat' dir='ltr'><strong>utitur</strong></span> <span class='ocrx_word' id='word_1_439' title='bbox 2517 2421 2702 2486; x_wconf 75' lang='lat' dir='ltr'><strong>verbo,</strong></span> <span class='ocrx_word' id='word_1_440' title='bbox 2752 2422 2820 2476; x_wconf 81' lang='lat' dir='ltr'><strong>In</strong></span> <span class='ocrx_word' id='word_1_441' title='bbox 2881 2421 3120 2488; x_wconf 78' lang='lat' dir='ltr'><strong>Christo,</strong></span> <span class='ocrx_word' id='word_1_442' title='bbox 3180 2421 3450 2492; x_wconf 82' lang='lat' dir='ltr'><strong>inquiens,</strong></span> <span class='ocrx_word' id='word_1_443' title='bbox 3490 2419 3639 2475; x_wconf 75' lang='lat' dir='ltr'><strong>Iesu.</strong></span> 
     </span>
    </p>
   </div>
   <div class='ocr_carea' id='block_1_55' title="bbox 2071 2514 3641 2586">
    <p class='ocr_par' dir='ltr' id='par_1_55' title="bbox 2071 2514 3641 2586">
     <span class='ocr_line' id='line_1_55' title="bbox 2071 2514 3641 2586; baseline -0.001 -17"><span class='ocrx_word' id='word_1_444' title='bbox 2071 2516 2308 2586; x_wconf 88' lang='lat' dir='ltr'><strong>Denique</strong></span> <span class='ocrx_word' id='word_1_445' title='bbox 2343 2517 2455 2569; x_wconf 63' lang='lat' dir='ltr'><strong>hac</strong></span> <span class='ocrx_word' id='word_1_446' title='bbox 2497 2515 2659 2571; x_wconf 81' lang='lat' dir='ltr'><strong>verba</strong></span> <span class='ocrx_word' id='word_1_447' title='bbox 2725 2528 2868 2584; x_wconf 69' lang='lat' dir='ltr'><strong>saepe</strong></span> <span class='ocrx_word' id='word_1_448' title='bbox 2919 2524 3082 2584; x_wconf 85' lang='lat' dir='ltr'><strong>atque</strong></span> <span class='ocrx_word' id='word_1_449' title='bbox 3144 2515 3278 2569; x_wconf 86' lang='lat' dir='ltr'><strong>adeo</strong></span> <span class='ocrx_word' id='word_1_450' title='bbox 3335 2514 3548 2569; x_wconf 77' lang='lat' dir='ltr'><strong>assidue</strong></span> <span class='ocrx_word' id='word_1_451' title='bbox 3571 2515 3641 2567; x_wconf 88' lang='lat' dir='ltr'><strong>ab</strong></span> 
     </span>
    </p>
   </div>
   <div class='ocr_carea' id='block_1_56' title="bbox 2072 2604 3644 2676">
    <p class='ocr_par' dir='ltr' id='par_1_56' title="bbox 2072 2604 3644 2676">
     <span class='ocr_line' id='line_1_56' title="bbox 2072 2604 3644 2676; baseline -0.001 -15"><span class='ocrx_word' id='word_1_452' title='bbox 2072 2624 2176 2661; x_wconf 86' lang='lat' dir='ltr'><strong>una</strong></span> <span class='ocrx_word' id='word_1_453' title='bbox 2222 2608 2274 2661; x_wconf 92' lang='lat' dir='ltr'><strong>in</strong></span> <span class='ocrx_word' id='word_1_454' title='bbox 2311 2608 2469 2661; x_wconf 86' lang='lat' dir='ltr'><strong>aliam</strong></span> <span class='ocrx_word' id='word_1_455' title='bbox 2508 2620 2795 2676; x_wconf 82' lang='lat' dir='ltr'><strong>personam</strong></span> <span class='ocrx_word' id='word_1_456' title='bbox 2829 2607 3089 2662; x_wconf 85' lang='lat' dir='ltr'><strong>translata</strong></span> <span class='ocrx_word' id='word_1_457' title='bbox 3137 2607 3456 2676; x_wconf 89' lang='lat' dir='ltr'><strong>comperies.</strong></span> <span class='ocrx_word' id='word_1_458' title='bbox 3487 2604 3644 2670; x_wconf 82' lang='lat' dir='ltr'><strong>Quod</strong></span> 
     </span>
    </p>
   </div>
   <div class='ocr_carea' id='block_1_57' title="bbox 2070 2699 3646 2769">
    <p class='ocr_par' dir='ltr' id='par_1_57' title="bbox 2070 2699 3646 2769">
     <span class='ocr_line' id='line_1_57' title="bbox 2070 2699 3646 2769; baseline -0.001 -17"><span class='ocrx_word' id='word_1_459' title='bbox 2070 2699 2289 2769; x_wconf 89' lang='lat' dir='ltr'><strong>quidem</strong></span> <span class='ocrx_word' id='word_1_460' title='bbox 2320 2714 2427 2754; x_wconf 90' lang='lat' dir='ltr'><strong>non</strong></span> <span class='ocrx_word' id='word_1_461' title='bbox 2467 2700 2642 2765; x_wconf 80' lang='lat' dir='ltr'><strong>ﬁeret,</strong></span> <span class='ocrx_word' id='word_1_462' title='bbox 2683 2700 2782 2754; x_wconf 84' lang='lat' dir='ltr'><strong>nisi</strong></span> <span class='ocrx_word' id='word_1_463' title='bbox 2817 2699 2869 2752; x_wconf 93' lang='lat' dir='ltr'><strong>in</strong></span> <span class='ocrx_word' id='word_1_464' title='bbox 2902 2699 3149 2753; x_wconf 88' lang='lat' dir='ltr'><strong>omnibus</strong></span> <span class='ocrx_word' id='word_1_465' title='bbox 3181 2712 3286 2751; x_wconf 90' lang='lat' dir='ltr'><strong>una</strong></span> <span class='ocrx_word' id='word_1_466' title='bbox 3340 2706 3502 2766; x_wconf 86' lang='lat' dir='ltr'><strong>atque</strong></span> <span class='ocrx_word' id='word_1_467' title='bbox 3551 2712 3646 2751; x_wconf 86' lang='lat' dir='ltr'><strong>ea-</strong></span> 
     </span>
    </p>
   </div>
   <div class='ocr_carea' id='block_1_58' title="bbox 2071 2791 3073 2860">
    <p class='ocr_par' dir='ltr' id='par_1_58' title="bbox 2071 2791 3073 2860">
     <span class='ocr_line' id='line_1_58' title="bbox 2071 2791 3073 2860; baseline -0.004 -14"><span class='ocrx_word' id='word_1_468' title='bbox 2071 2791 2193 2846; x_wconf 85' lang='lat' dir='ltr'><strong>dem</strong></span> <span class='ocrx_word' id='word_1_469' title='bbox 2215 2798 2361 2846; x_wconf 89' lang='lat' dir='ltr'><strong>esset</strong></span> <span class='ocrx_word' id='word_1_470' title='bbox 2398 2797 2589 2845; x_wconf 88' lang='lat' dir='ltr'><strong>natura</strong></span> <span class='ocrx_word' id='word_1_471' title='bbox 2623 2799 2784 2860; x_wconf 79' lang='lat' dir='ltr'><strong>atque</strong></span> <span class='ocrx_word' id='word_1_472' title='bbox 2817 2791 3073 2844; x_wconf 72' lang='lat' dir='ltr'><strong>essentia.</strong></span> 
     </span>
    </p>
   </div>
   <div class='ocr_carea' id='block_1_59' title="bbox 2073 3019 3641 3093">
    <p class='ocr_par' dir='ltr' id='par_1_59' title="bbox 2073 3019 3641 3093">
     <span class='ocr_line' id='line_1_59' title="bbox 2073 3019 3641 3093; baseline -0.003 -16"><span class='ocrx_word' id='word_1_473' title='bbox 2073 3020 2329 3093; x_wconf 82' lang='lat' dir='ltr'><strong>Ejusdem</strong></span> <span class='ocrx_word' id='word_1_474' title='bbox 2356 3038 2422 3078; x_wconf 71' lang='lat' dir='ltr'><strong>ex</strong></span> <span class='ocrx_word' id='word_1_475' title='bbox 2452 3023 2877 3093; x_wconf 82' lang='lat' dir='ltr'><strong>interpretatione</strong></span> <span class='ocrx_word' id='word_1_476' title='bbox 2896 3022 3041 3093; x_wconf 78' lang='lat' dir='ltr'><strong>illius</strong></span> <span class='ocrx_word' id='word_1_477' title='bbox 3060 3024 3348 3078; x_wconf 62' lang='lat' dir='ltr'><strong>sententiis:</strong></span> <span class='ocrx_word' id='word_1_478' title='bbox 3382 3039 3401 3073; x_wconf 82' lang='grc' dir='ltr'><strong>ι</strong></span> <span class='ocrx_word' id='word_1_479' title='bbox 3428 3019 3532 3086; x_wconf 89' lang='lat' dir='ltr'><strong>Qui</strong></span> <span class='ocrx_word' id='word_1_480' title='bbox 3562 3031 3641 3074; x_wconf 80' lang='lat' dir='ltr'><strong>est</strong></span> 
     </span>
    </p>
   </div>
   <div class='ocr_carea' id='block_1_60' title="bbox 2568 3092 3092 3148">
    <p class='ocr_par' dir='ltr' id='par_1_60' title="bbox 2568 3092 3092 3148">
     <span class='ocr_line' id='line_1_60' title="bbox 2568 3092 3092 3148; baseline -0.006 -2"><span class='ocrx_word' id='word_1_481' title='bbox 2568 3095 2623 3146; x_wconf 90' lang='lat' dir='ltr'><strong>in</strong></span> <span class='ocrx_word' id='word_1_482' title='bbox 2645 3094 2763 3147; x_wconf 89' lang='lat' dir='ltr'><strong>sinu</strong></span> <span class='ocrx_word' id='word_1_483' title='bbox 2786 3092 2968 3146; x_wconf 81' lang='lat' dir='ltr'><strong>l’atris</strong></span> <span class='ocrx_word' id='word_1_484' title='bbox 2990 3092 3032 3148; x_wconf 86' lang='grc'>⁸.</span> <span class='ocrx_word' id='word_1_485' title='bbox 3073 3110 3092 3143; x_wconf 80' lang='grc' dir='ltr'><strong>ι</strong></span> 
     </span>
    </p>
   </div>
   <div class='ocr_carea' id='block_1_61' title="bbox 481 3180 1965 3303">
    <p class='ocr_par' dir='ltr' id='par_1_61' title="bbox 481 3232 1965 3303">
     <span class='ocr_line' id='line_1_61' title="bbox 481 3232 1965 3303; baseline 0.002 -16"><span class='ocrx_word' id='word_1_486' title='bbox 481 3236 540 3287; x_wconf 83' lang='grc' dir='ltr'>ὐ</span> <span class='ocrx_word' id='word_1_487' title='bbox 575 3234 983 3303; x_wconf 77' lang='grc' dir='ltr'>Εὐαγγελιστὴς</span> <span class='ocrx_word' id='word_1_488' title='bbox 1008 3234 1099 3287; x_wconf 87' lang='grc' dir='ltr'><strong>τοῦ</strong></span> <span class='ocrx_word' id='word_1_489' title='bbox 1146 3233 1351 3287; x_wconf 85' lang='grc' dir='ltr'>κόλπου</span> <span class='ocrx_word' id='word_1_490' title='bbox 1410 3232 1688 3303; x_wconf 72' lang='grc' dir='ltr'>μέμνηται</span> <span class='ocrx_word' id='word_1_491' title='bbox 1746 3235 1838 3287; x_wconf 80' lang='grc' dir='ltr'><strong>διὰ</strong></span> <span class='ocrx_word' id='word_1_492' title='bbox 1876 3235 1965 3290; x_wconf 86' lang='grc' dir='ltr'><strong>τοῦ</strong></span> 
     </span>
    </p>
   </div>
   <div class='ocr_carea' id='block_1_62' title="bbox 2069 3180 3642 3303">
    <p class='ocr_par' dir='ltr' id='par_1_62' title="bbox 2143 3215 3642 3286">
     <span class='ocr_line' id='line_1_62' title="bbox 2143 3215 3642 3286; baseline -0.001 -13"><span class='ocrx_word' id='word_1_493' title='bbox 2143 3218 2482 3286; x_wconf 82' lang='lat' dir='ltr'><strong>Evangelista</strong></span> <span class='ocrx_word' id='word_1_494' title='bbox 2515 3222 2582 3273; x_wconf 79' lang='lat' dir='ltr'><strong>de</strong></span> <span class='ocrx_word' id='word_1_495' title='bbox 2624 3219 2749 3276; x_wconf 82' lang='lat' dir='ltr'><strong>sinu</strong></span> <span class='ocrx_word' id='word_1_496' title='bbox 2779 3219 3103 3274; x_wconf 77' lang='lat' dir='ltr'><strong>mentionem</strong></span> <span class='ocrx_word' id='word_1_497' title='bbox 3131 3215 3286 3284; x_wconf 76' lang='lat' dir='ltr'><strong>facit,</strong></span> <span class='ocrx_word' id='word_1_498' title='bbox 3316 3229 3375 3272; x_wconf 91' lang='lat' dir='ltr'><strong>ut</strong></span> <span class='ocrx_word' id='word_1_499' title='bbox 3412 3219 3514 3272; x_wconf 86' lang='lat' dir='ltr'><strong>hoc</strong></span> <span class='ocrx_word' id='word_1_500' title='bbox 3535 3231 3642 3271; x_wconf 85' lang='lat' dir='ltr'><strong>uno</strong></span> 
     </span>
    </p>
   </div>
   <div class='ocr_carea' id='block_1_63' title="bbox 398 3322 1970 3396">
    <p class='ocr_par' dir='ltr' id='par_1_63' title="bbox 398 3322 1970 3396">
     <span class='ocr_line' id='line_1_63' title="bbox 398 3322 1970 3396; baseline -0.003 -17"><span class='ocrx_word' id='word_1_501' title='bbox 398 3326 518 3389; x_wconf 76' lang='grc' dir='ltr'>ἑνὸς</span> <span class='ocrx_word' id='word_1_502' title='bbox 550 3328 792 3396; x_wconf 80' lang='grc' dir='ltr'>ῥήματος</span> <span class='ocrx_word' id='word_1_503' title='bbox 818 3325 1009 3377; x_wconf 85' lang='grc' dir='ltr'>τούτου</span> <span class='ocrx_word' id='word_1_504' title='bbox 1039 3327 1174 3394; x_wconf 77' lang='grc' dir='ltr'>ἡμῖν</span> <span class='ocrx_word' id='word_1_505' title='bbox 1212 3322 1494 3393; x_wconf 75' lang='grc' dir='ltr'>ἐμφαίνων</span> <span class='ocrx_word' id='word_1_506' title='bbox 1534 3324 1618 3376; x_wconf 83' lang='grc' dir='ltr'>ὅτι</span> <span class='ocrx_word' id='word_1_507' title='bbox 1672 3322 1841 3395; x_wconf 84' lang='grc' dir='ltr'>πολλὴ</span> <span class='ocrx_word' id='word_1_508' title='bbox 1871 3325 1970 3395; x_wconf 82' lang='grc' dir='ltr'>τῆς</span> 
     </span>
    </p>
   </div>
   <div class='ocr_carea' id='block_1_64' title="bbox 394 3415 1968 3487">
    <p class='ocr_par' dir='ltr' id='par_1_64' title="bbox 394 3415 1968 3487">
     <span class='ocr_line' id='line_1_64' title="bbox 394 3415 1968 3487; baseline -0.001 -16"><span class='ocrx_word' id='word_1_509' title='bbox 394 3419 588 3480; x_wconf 81' lang='grc' dir='ltr'>οὐσίας</span> <span class='ocrx_word' id='word_1_510' title='bbox 647 3419 681 3487; x_wconf 78' lang='grc' dir='ltr'><strong>ἡ</strong></span> <span class='ocrx_word' id='word_1_511' title='bbox 729 3417 1023 3483; x_wconf 73' lang='grc' dir='ltr'>συγγένεια</span> <span class='ocrx_word' id='word_1_512' title='bbox 1078 3416 1176 3468; x_wconf 80' lang='grc' dir='ltr'>καὶ</span> <span class='ocrx_word' id='word_1_513' title='bbox 1209 3417 1449 3484; x_wconf 75' lang='grc' dir='ltr'>ὲτγύτης</span> <span class='ocrx_word' id='word_1_514' title='bbox 1475 3434 1490 3447; x_wconf 79' lang='grc' dir='ltr'><strong>ο</strong></span> <span class='ocrx_word' id='word_1_515' title='bbox 1529 3416 1611 3468; x_wconf 84' lang='grc' dir='ltr'>ὅτι</span> <span class='ocrx_word' id='word_1_516' title='bbox 1651 3415 1968 3484; x_wconf 77' lang='grc' dir='ltr'>ἀπαράλλα-</span> 
     </span>
    </p>
   </div>
   <div class='ocr_carea' id='block_1_65' title="bbox 393 3507 1971 3578">
    <p class='ocr_par' dir='ltr' id='par_1_65' title="bbox 393 3507 1971 3578">
     <span class='ocr_line' id='line_1_65' title="bbox 393 3507 1971 3578; baseline -0.002 -15"><span class='ocrx_word' id='word_1_517' title='bbox 393 3528 528 3572; x_wconf 83' lang='grc' dir='ltr'>κτος</span> <span class='ocrx_word' id='word_1_518' title='bbox 559 3512 591 3578; x_wconf 82' lang='grc' dir='ltr'>ἠ</span> <span class='ocrx_word' id='word_1_519' title='bbox 622 3510 849 3577; x_wconf 78' lang='grc' dir='ltr'>γνῶσις,</span> <span class='ocrx_word' id='word_1_520' title='bbox 887 3510 968 3561; x_wconf 78' lang='grc' dir='ltr'>ὅτι</span> <span class='ocrx_word' id='word_1_521' title='bbox 1006 3510 1097 3575; x_wconf 71' lang='grc' dir='ltr'>ἴση</span> <span class='ocrx_word' id='word_1_522' title='bbox 1142 3509 1175 3577; x_wconf 81' lang='grc' dir='ltr'><strong>ἡ</strong></span> <span class='ocrx_word' id='word_1_523' title='bbox 1204 3508 1448 3571; x_wconf 78' lang='grc' dir='ltr'>ἐξουσία.</span> <span class='ocrx_word' id='word_1_524' title='bbox 1481 3508 1555 3559; x_wconf 86' lang='grc' dir='ltr'><strong>Οὐ</strong></span> <span class='ocrx_word' id='word_1_525' title='bbox 1597 3507 1707 3577; x_wconf 78' lang='grc' dir='ltr'><strong>γὰρ</strong></span> <span class='ocrx_word' id='word_1_526' title='bbox 1731 3507 1822 3560; x_wconf 81' lang='grc' dir='ltr'>τὸν</span> <span class='ocrx_word' id='word_1_527' title='bbox 1856 3508 1971 3560; x_wconf 70' lang='grc' dir='ltr'>ἑτε-</span> 
     </span>
    </p>
   </div>
   <div class='ocr_carea' id='block_1_66' title="bbox 398 3598 1967 3672">
    <p class='ocr_par' dir='ltr' id='par_1_66' title="bbox 398 3598 1967 3672">
     <span class='ocr_line' id='line_1_66' title="bbox 398 3598 1967 3672; baseline -0.003 -17"><span class='ocrx_word' id='word_1_528' title='bbox 398 3602 646 3672; x_wconf 82' lang='grc' dir='ltr'>ροούσιον</span> <span class='ocrx_word' id='word_1_529' title='bbox 673 3604 733 3653; x_wconf 81' lang='grc' dir='ltr'>ὲν</span> <span class='ocrx_word' id='word_1_530' title='bbox 763 3603 875 3663; x_wconf 84' lang='grc' dir='ltr'>τοῖς</span> <span class='ocrx_word' id='word_1_531' title='bbox 903 3601 1125 3661; x_wconf 81' lang='grc' dir='ltr'>κόλποις</span> <span class='ocrx_word' id='word_1_532' title='bbox 1141 3600 1209 3653; x_wconf 76' lang='grc' dir='ltr'>ἂν</span> <span class='ocrx_word' id='word_1_533' title='bbox 1242 3600 1401 3669; x_wconf 75' lang='grc' dir='ltr'>ἔσχεν</span> <span class='ocrx_word' id='word_1_534' title='bbox 1428 3602 1455 3652; x_wconf 94' lang='lat'><strong>6</strong></span> <span class='ocrx_word' id='word_1_535' title='bbox 1483 3598 1693 3670; x_wconf 77' lang='grc' dir='ltr'>Πατὴρ,</span> <span class='ocrx_word' id='word_1_536' title='bbox 1722 3599 1840 3652; x_wconf 78' lang='grc' dir='ltr'>ἀλλ’</span> <span class='ocrx_word' id='word_1_537' title='bbox 1860 3598 1967 3651; x_wconf 80' lang='grc' dir='ltr'><strong>οὐδ’</strong></span> 
     </span>
    </p>
   </div>
   <div class='ocr_carea' id='block_1_67' title="bbox 398 3684 1968 3761">
    <p class='ocr_par' dir='ltr' id='par_1_67' title="bbox 398 3684 1968 3761">
     <span class='ocr_line' id='line_1_67' title="bbox 398 3684 1968 3761; baseline -0.004 -13"><span class='ocrx_word' id='word_1_538' title='bbox 398 3694 467 3748; x_wconf 80' lang='grc' dir='ltr'>ἂν</span> <span class='ocrx_word' id='word_1_539' title='bbox 505 3693 664 3754; x_wconf 80' lang='grc' dir='ltr'>αὐτὸς</span> <span class='ocrx_word' id='word_1_540' title='bbox 696 3693 965 3761; x_wconf 66' lang='grc' dir='ltr'>ἐτόλμησε</span> <span class='ocrx_word' id='word_1_541' title='bbox 1000 3690 1185 3753; x_wconf 80' lang='grc' dir='ltr'>δοῦλος</span> <span class='ocrx_word' id='word_1_542' title='bbox 1239 3690 1339 3757; x_wconf 81' lang='grc' dir='ltr'>ὢν,</span> <span class='ocrx_word' id='word_1_543' title='bbox 1384 3692 1479 3744; x_wconf 85' lang='grc' dir='ltr'>καὶ</span> <span class='ocrx_word' id='word_1_544' title='bbox 1514 3691 1625 3743; x_wconf 82' lang='grc' dir='ltr'>τῶν</span> <span class='ocrx_word' id='word_1_545' title='bbox 1654 3689 1863 3743; x_wconf 84' lang='grc' dir='ltr'>πολλῶν</span> <span class='ocrx_word' id='word_1_546' title='bbox 1888 3684 1968 3753; x_wconf 80' lang='grc' dir='ltr'>εἷς</span> 
     </span>
    </p>
   </div>
   <div class='ocr_carea' id='block_1_68' title="bbox 398 3777 1969 3850">
    <p class='ocr_par' dir='ltr' id='par_1_68' title="bbox 398 3777 1969 3850">
     <span class='ocr_line' id='line_1_68' title="bbox 398 3777 1969 3850; baseline -0.005 -13"><span class='ocrx_word' id='word_1_547' title='bbox 398 3787 460 3837; x_wconf 68' lang='grc' dir='ltr'>ἐν</span> <span class='ocrx_word' id='word_1_548' title='bbox 497 3785 611 3844; x_wconf 80' lang='grc' dir='ltr'>τοῖς</span> <span class='ocrx_word' id='word_1_549' title='bbox 650 3783 875 3844; x_wconf 86' lang='grc' dir='ltr'>κόλποις</span> <span class='ocrx_word' id='word_1_550' title='bbox 933 3779 1266 3850; x_wconf 85' lang='grc' dir='ltr'>στρέφεσθαι</span> <span class='ocrx_word' id='word_1_551' title='bbox 1317 3779 1411 3831; x_wconf 90' lang='grc' dir='ltr'><strong>τοῦ</strong></span> <span class='ocrx_word' id='word_1_552' title='bbox 1464 3780 1758 3831; x_wconf 84' lang='grc' dir='ltr'>Δεσπότου.</span> <span class='ocrx_word' id='word_1_553' title='bbox 1800 3777 1969 3830; x_wconf 90' lang='grc' dir='ltr'>Τοῦτο</span> 
     </span>
    </p>
   </div>
   <div class='ocr_carea' id='block_1_69' title="bbox 395 3868 1969 3945">
    <p class='ocr_par' dir='ltr' id='par_1_69' title="bbox 395 3868 1969 3945">
     <span class='ocr_line' id='line_1_69' title="bbox 395 3868 1969 3945; baseline -0.004 -18"><span class='ocrx_word' id='word_1_554' title='bbox 395 3876 509 3945; x_wconf 82' lang='grc' dir='ltr'>γὰρ</span> <span class='ocrx_word' id='word_1_555' title='bbox 539 3874 665 3926; x_wconf 85' lang='grc' dir='ltr'>Υἱοῦ</span> <span class='ocrx_word' id='word_1_556' title='bbox 698 3874 925 3943; x_wconf 81' lang='grc' dir='ltr'>γνησίου</span> <span class='ocrx_word' id='word_1_557' title='bbox 957 3874 1142 3942; x_wconf 85' lang='grc' dir='ltr'>μόνου,</span> <span class='ocrx_word' id='word_1_558' title='bbox 1177 3872 1270 3924; x_wconf 73' lang='grc' dir='ltr'>καὶ</span> <span class='ocrx_word' id='word_1_559' title='bbox 1317 3870 1483 3940; x_wconf 85' lang='grc' dir='ltr'>πολλῇ</span> <span class='ocrx_word' id='word_1_560' title='bbox 1519 3870 1809 3940; x_wconf 68' lang='grc' dir='ltr'>παρρησίᾳ</span> <span class='ocrx_word' id='word_1_561' title='bbox 1831 3868 1969 3938; x_wconf 81' lang='grc' dir='ltr'>πρὸς</span> 
     </span>
    </p>
   </div>
   <div class='ocr_carea' id='block_1_70' title="bbox 393 3961 1967 4034">
    <p class='ocr_par' dir='ltr' id='par_1_70' title="bbox 393 3961 1967 4034">
     <span class='ocr_line' id='line_1_70' title="bbox 393 3961 1967 4034; baseline -0.003 -17"><span class='ocrx_word' id='word_1_562' title='bbox 393 3966 489 4017; x_wconf 68' lang='grc' dir='ltr'><strong>τὸν</strong></span> <span class='ocrx_word' id='word_1_563' title='bbox 517 3965 888 4034; x_wconf 79' lang='grc' dir='ltr'>γεγεννηκότα</span> <span class='ocrx_word' id='word_1_564' title='bbox 917 3966 1227 4033; x_wconf 74' lang='grc' dir='ltr'>χρωμένου,</span> <span class='ocrx_word' id='word_1_565' title='bbox 1250 3962 1346 4014; x_wconf 81' lang='grc' dir='ltr'>καὶ</span> <span class='ocrx_word' id='word_1_566' title='bbox 1376 3962 1532 4014; x_wconf 78' lang='grc' dir='ltr'>οὐδὲν</span> <span class='ocrx_word' id='word_1_567' title='bbox 1574 3961 1795 4013; x_wconf 74' lang='grc' dir='ltr'>ἔλαττον</span> <span class='ocrx_word' id='word_1_568' title='bbox 1816 3962 1967 4029; x_wconf 81' lang='grc' dir='ltr'>ἔχον-</span> 
     </span>
    </p>
   </div>
   <div class='ocr_carea' id='block_1_71' title="bbox 394 4053 1968 4121">
    <p class='ocr_par' dir='ltr' id='par_1_71' title="bbox 394 4053 1968 4121">
     <span class='ocr_line' id='line_1_71' title="bbox 394 4053 1968 4121; baseline -0.004 -13"><span class='ocrx_word' id='word_1_569' title='bbox 394 4072 509 4115; x_wconf 76' lang='grc' dir='ltr'>τος.</span> <span class='ocrx_word' id='word_1_570' title='bbox 538 4055 724 4106; x_wconf 79' lang='grc' dir='ltr'>Βούλει</span> <span class='ocrx_word' id='word_1_571' title='bbox 749 4056 844 4106; x_wconf 74' lang='grc' dir='ltr'>καὶ</span> <span class='ocrx_word' id='word_1_572' title='bbox 867 4055 928 4106; x_wconf 66' lang='grc' dir='ltr'><strong>τὸ</strong></span> <span class='ocrx_word' id='word_1_573' title='bbox 953 4054 1124 4107; x_wconf 69' lang='grc' dir='ltr'>ἀΐδιον</span> <span class='ocrx_word' id='word_1_574' title='bbox 1154 4053 1347 4121; x_wconf 82' lang='grc' dir='ltr'>μαθεῖν</span> <span class='ocrx_word' id='word_1_575' title='bbox 1372 4067 1387 4115; x_wconf 88' lang='grc'><strong>;</strong></span> <span class='ocrx_word' id='word_1_576' title='bbox 1419 4053 1689 4105; x_wconf 76' lang='grc' dir='ltr'>Ἄκουσον</span> <span class='ocrx_word' id='word_1_577' title='bbox 1716 4053 1769 4102; x_wconf 86' lang='grc' dir='ltr'><strong>τί</strong></span> <span class='ocrx_word' id='word_1_578' title='bbox 1801 4066 1968 4119; x_wconf 78' lang='grc' dir='ltr'>φησιν</span> 
     </span>
    </p>
   </div>
   <div class='ocr_carea' id='block_1_72' title="bbox 395 4144 1971 4215">
    <p class='ocr_par' dir='ltr' id='par_1_72' title="bbox 395 4144 1971 4215">
     <span class='ocr_line' id='line_1_72' title="bbox 395 4144 1971 4215; baseline -0.002 -16"><span class='ocrx_word' id='word_1_579' title='bbox 395 4148 429 4199; x_wconf 87' lang='lat'><strong>6</strong></span> <span class='ocrx_word' id='word_1_580' title='bbox 452 4148 691 4215; x_wconf 81' lang='grc' dir='ltr'><strong>Μωῦσῆς</strong></span> <span class='ocrx_word' id='word_1_581' title='bbox 722 4147 847 4215; x_wconf 89' lang='grc' dir='ltr'><strong>περί</strong></span> <span class='ocrx_word' id='word_1_582' title='bbox 869 4145 964 4198; x_wconf 88' lang='grc' dir='ltr'><strong>τοῦ</strong></span> <span class='ocrx_word' id='word_1_583' title='bbox 999 4146 1235 4215; x_wconf 85' lang='grc' dir='ltr'>Πατρός.</span> <span class='ocrx_word' id='word_1_584' title='bbox 1278 4144 1595 4214; x_wconf 85' lang='grc' dir='ltr'>Ἐρωτήσας</span> <span class='ocrx_word' id='word_1_585' title='bbox 1629 4144 1737 4210; x_wconf 85' lang='grc' dir='ltr'>γὰρ</span> <span class='ocrx_word' id='word_1_586' title='bbox 1761 4144 1811 4195; x_wconf 86' lang='grc' dir='ltr'><strong>εί</strong></span> <span class='ocrx_word' id='word_1_587' title='bbox 1831 4144 1971 4211; x_wconf 67' lang='grc' dir='ltr'>ἔρω-</span> 
     </span>
    </p>
   </div>
   <div class='ocr_carea' id='block_1_73' title="bbox 394 4231 1969 4307">
    <p class='ocr_par' dir='ltr' id='par_1_73' title="bbox 394 4231 1969 4307">
     <span class='ocr_line' id='line_1_73' title="bbox 394 4231 1969 4307; baseline -0.003 -17"><span class='ocrx_word' id='word_1_588' title='bbox 394 4237 595 4306; x_wconf 85' lang='grc' dir='ltr'>τηθείη</span> <span class='ocrx_word' id='word_1_589' title='bbox 632 4239 783 4307; x_wconf 80' lang='grc' dir='ltr'>παρὰ</span> <span class='ocrx_word' id='word_1_590' title='bbox 805 4237 912 4289; x_wconf 79' lang='grc' dir='ltr'>τῶν</span> <span class='ocrx_word' id='word_1_591' title='bbox 953 4234 1225 4288; x_wconf 83' lang='grc' dir='ltr'>Ἰουδαίων</span> <span class='ocrx_word' id='word_1_592' title='bbox 1247 4234 1328 4298; x_wconf 85' lang='grc' dir='ltr'><strong>τίς</strong></span> <span class='ocrx_word' id='word_1_593' title='bbox 1349 4235 1377 4286; x_wconf 85' lang='lat'><strong>6</strong></span> <span class='ocrx_word' id='word_1_594' title='bbox 1412 4232 1778 4296; x_wconf 82' lang='grc' dir='ltr'>ἀπεσταλκὼς</span> <span class='ocrx_word' id='word_1_595' title='bbox 1808 4231 1969 4285; x_wconf 77' lang='grc' dir='ltr'>αὑτὸν</span> 
     </span>
    </p>
   </div>
   <div class='ocr_carea' id='block_1_74' title="bbox 394 4322 1969 4395">
    <p class='ocr_par' dir='ltr' id='par_1_74' title="bbox 394 4322 1969 4395">
     <span class='ocr_line' id='line_1_74' title="bbox 394 4322 1969 4395; baseline -0.004 -16"><span class='ocrx_word' id='word_1_596' title='bbox 394 4328 513 4395; x_wconf 74' lang='grc' dir='ltr'>εἴη,</span> <span class='ocrx_word' id='word_1_597' title='bbox 548 4327 600 4378; x_wconf 86' lang='grc' dir='ltr'><strong>τί</strong></span> <span class='ocrx_word' id='word_1_598' title='bbox 633 4325 917 4378; x_wconf 83' lang='grc' dir='ltr'>κελεύεται</span> <span class='ocrx_word' id='word_1_599' title='bbox 951 4323 1359 4393; x_wconf 79' lang='grc' dir='ltr'>ἀποκρίνασθαι</span> <span class='ocrx_word' id='word_1_600' title='bbox 1393 4323 1530 4392; x_wconf 82' lang='grc' dir='ltr'>πρὸς</span> <span class='ocrx_word' id='word_1_601' title='bbox 1566 4323 1783 4386; x_wconf 74' lang='grc' dir='ltr'>αὐτοὺς,</span> <span class='ocrx_word' id='word_1_602' title='bbox 1806 4322 1969 4393; x_wconf 67' lang='grc' dir='ltr'>ἢκου-</span> 
     </span>
    </p>
   </div>
   <div class='ocr_carea' id='block_1_75' title="bbox 400 4410 1966 4481">
    <p class='ocr_par' dir='ltr' id='par_1_75' title="bbox 400 4410 1966 4481">
     <span class='ocr_line' id='line_1_75' title="bbox 400 4410 1966 4481; baseline -0.004 -12"><span class='ocrx_word' id='word_1_603' title='bbox 400 4433 497 4469; x_wconf 73' lang='grc' dir='ltr'><strong>σεν</strong></span> <span class='ocrx_word' id='word_1_604' title='bbox 518 4432 532 4448; x_wconf 75' lang='grc' dir='ltr'><strong>ο</strong></span> <span class='ocrx_word' id='word_1_605' title='bbox 562 4415 710 4469; x_wconf 72' lang='grc' dir='ltr'><strong>Εἰπὲ</strong></span> <span class='ocrx_word' id='word_1_606' title='bbox 731 4415 818 4467; x_wconf 79' lang='grc' dir='ltr'>ὅτι</span> <span class='ocrx_word' id='word_1_607' title='bbox 847 4417 879 4468; x_wconf 82' lang='grc' dir='ltr'><strong><em>ό</em></strong></span> <span class='ocrx_word' id='word_1_608' title='bbox 895 4414 979 4467; x_wconf 78' lang='grc' dir='ltr'><strong>ὢν</strong></span> <span class='ocrx_word' id='word_1_609' title='bbox 1001 4411 1348 4467; x_wconf 71' lang='grc' dir='ltr'>ἀπέσταλκά</span> <span class='ocrx_word' id='word_1_610' title='bbox 1363 4428 1459 4481; x_wconf 78' lang='grc' dir='ltr'><strong>με.</strong></span> <span class='ocrx_word' id='word_1_611' title='bbox 1492 4412 1563 4463; x_wconf 90' lang='grc' dir='ltr'>Τὸ</span> <span class='ocrx_word' id='word_1_612' title='bbox 1592 4412 1649 4464; x_wconf 75' lang='grc' dir='ltr'>δὲ</span> <span class='ocrx_word' id='word_1_613' title='bbox 1682 4410 1740 4463; x_wconf 93' lang='lat'><strong>&#39;0</strong></span> <span class='ocrx_word' id='word_1_614' title='bbox 1757 4410 1843 4463; x_wconf 81' lang='grc' dir='ltr'><strong>ὢν</strong></span> <span class='ocrx_word' id='word_1_615' title='bbox 1871 4412 1966 4462; x_wconf 86' lang='grc' dir='ltr'><strong>τοῦ</strong></span> 
     </span>
    </p>
   </div>
   <div class='ocr_carea' id='block_1_76' title="bbox 2074 3309 3640 3379">
    <p class='ocr_par' dir='ltr' id='par_1_76' title="bbox 2074 3309 3640 3379">
     <span class='ocr_line' id='line_1_76' title="bbox 2074 3309 3640 3379; baseline -0.002 -15"><span class='ocrx_word' id='word_1_616' title='bbox 2074 3312 2240 3366; x_wconf 75' lang='lat' dir='ltr'><strong>verbo</strong></span> <span class='ocrx_word' id='word_1_617' title='bbox 2268 3310 2426 3365; x_wconf 89' lang='lat' dir='ltr'><strong>nobis</strong></span> <span class='ocrx_word' id='word_1_618' title='bbox 2458 3310 2727 3375; x_wconf 82' lang='lat' dir='ltr'><strong>ostendat,</strong></span> <span class='ocrx_word' id='word_1_619' title='bbox 2776 3324 3024 3379; x_wconf 87' lang='lat' dir='ltr'><strong>magnam</strong></span> <span class='ocrx_word' id='word_1_620' title='bbox 3064 3312 3314 3365; x_wconf 71' lang='lat' dir='ltr'><strong>essentia:</strong></span> <span class='ocrx_word' id='word_1_621' title='bbox 3359 3309 3640 3379; x_wconf 79' lang='lat' dir='ltr'><strong>cognatio-</strong></span> 
     </span>
    </p>
   </div>
   <div class='ocr_carea' id='block_1_77' title="bbox 2072 3400 3644 3472">
    <p class='ocr_par' dir='ltr' id='par_1_77' title="bbox 2072 3400 3644 3472">
     <span class='ocr_line' id='line_1_77' title="bbox 2072 3400 3644 3472; baseline -0.003 -16"><span class='ocrx_word' id='word_1_622' title='bbox 2072 3415 2193 3456; x_wconf 87' lang='lat' dir='ltr'><strong>nem</strong></span> <span class='ocrx_word' id='word_1_623' title='bbox 2217 3415 2357 3463; x_wconf 84' lang='lat' dir='ltr'><strong>esse,</strong></span> <span class='ocrx_word' id='word_1_624' title='bbox 2376 3409 2432 3455; x_wconf 92' lang='lat' dir='ltr'><strong>et</strong></span> <span class='ocrx_word' id='word_1_625' title='bbox 2460 3401 2934 3470; x_wconf 84' lang='lat' dir='ltr'><strong>pr0pinquitatem,</strong></span> <span class='ocrx_word' id='word_1_626' title='bbox 2958 3402 3437 3472; x_wconf 84' lang='lat' dir='ltr'><strong>similemqueesse</strong></span> <span class='ocrx_word' id='word_1_627' title='bbox 3457 3400 3644 3468; x_wconf 83' lang='lat' dir='ltr'><strong>cogni-</strong></span> 
     </span>
    </p>
   </div>
   <div class='ocr_carea' id='block_1_78' title="bbox 2073 3486 3646 3557">
    <p class='ocr_par' dir='ltr' id='par_1_78' title="bbox 2073 3486 3646 3557">
     <span class='ocr_line' id='line_1_78' title="bbox 2073 3486 3646 3557; baseline -0.002 -13"><span class='ocrx_word' id='word_1_628' title='bbox 2073 3490 2273 3545; x_wconf 87' lang='lat' dir='ltr'><strong>tionem</strong></span> <span class='ocrx_word' id='word_1_629' title='bbox 2318 3499 2374 3544; x_wconf 92' lang='lat' dir='ltr'><strong>et</strong></span> <span class='ocrx_word' id='word_1_630' title='bbox 2397 3490 2656 3557; x_wconf 71' lang='lat' dir='ltr'><strong>aequalem</strong></span> <span class='ocrx_word' id='word_1_631' title='bbox 2686 3499 3023 3557; x_wconf 86' lang='lat' dir='ltr'><strong>potestatem.</strong></span> <span class='ocrx_word' id='word_1_632' title='bbox 3055 3486 3192 3543; x_wconf 81' lang='lat' dir='ltr'><strong>Eum</strong></span> <span class='ocrx_word' id='word_1_633' title='bbox 3216 3489 3388 3555; x_wconf 88' lang='lat' dir='ltr'><strong>enim,</strong></span> <span class='ocrx_word' id='word_1_634' title='bbox 3417 3489 3462 3543; x_wconf 87' lang='lat' dir='ltr'><strong>si</strong></span> <span class='ocrx_word' id='word_1_635' title='bbox 3508 3489 3646 3542; x_wconf 51' lang='lat' dir='ltr'><strong>alte¢</strong></span> 
     </span>
    </p>
   </div>
   <div class='ocr_carea' id='block_1_79' title="bbox 2072 3580 3644 3645">
    <p class='ocr_par' dir='ltr' id='par_1_79' title="bbox 2072 3580 3644 3645">
     <span class='ocr_line' id='line_1_79' title="bbox 2072 3580 3644 3645; baseline -0.003 -8"><span class='ocrx_word' id='word_1_636' title='bbox 2072 3581 2185 3637; x_wconf 87' lang='lat' dir='ltr'><strong>rius</strong></span> <span class='ocrx_word' id='word_1_637' title='bbox 2214 3590 2356 3637; x_wconf 85' lang='lat' dir='ltr'><strong>esset</strong></span> <span class='ocrx_word' id='word_1_638' title='bbox 2390 3580 2655 3645; x_wconf 61' lang='lat' dir='ltr'><strong>essentia,</strong></span> <span class='ocrx_word' id='word_1_639' title='bbox 2698 3596 2803 3635; x_wconf 91' lang='lat' dir='ltr'><strong>non</strong></span> <span class='ocrx_word' id='word_1_640' title='bbox 2845 3589 3054 3637; x_wconf 87' lang='lat' dir='ltr'><strong>teneret</strong></span> <span class='ocrx_word' id='word_1_641' title='bbox 3083 3581 3136 3635; x_wconf 92' lang='lat' dir='ltr'><strong>in</strong></span> <span class='ocrx_word' id='word_1_642' title='bbox 3199 3582 3320 3636; x_wconf 85' lang='lat' dir='ltr'><strong>sinu</strong></span> <span class='ocrx_word' id='word_1_643' title='bbox 3350 3581 3532 3635; x_wconf 83' lang='lat' dir='ltr'><strong>Pater.</strong></span> <span class='ocrx_word' id='word_1_644' title='bbox 3564 3581 3644 3633; x_wconf 81' lang='lat' dir='ltr'><strong>Ac</strong></span> 
     </span>
    </p>
   </div>
   <div class='ocr_carea' id='block_1_80' title="bbox 2072 3669 3634 3741">
    <p class='ocr_par' dir='ltr' id='par_1_80' title="bbox 2072 3669 3634 3741">
     <span class='ocr_line' id='line_1_80' title="bbox 2072 3669 3634 3741; baseline -0.001 -14"><span class='ocrx_word' id='word_1_645' title='bbox 2072 3686 2144 3727; x_wconf 90' lang='lat' dir='ltr'><strong>ne</strong></span> <span class='ocrx_word' id='word_1_646' title='bbox 2183 3672 2297 3741; x_wconf 89' lang='lat' dir='ltr'><strong>ipse</strong></span> <span class='ocrx_word' id='word_1_647' title='bbox 2324 3671 2567 3741; x_wconf 88' lang='lat' dir='ltr'><strong>quidem,</strong></span> <span class='ocrx_word' id='word_1_648' title='bbox 2607 3672 2652 3725; x_wconf 90' lang='lat' dir='ltr'><strong>si</strong></span> <span class='ocrx_word' id='word_1_649' title='bbox 2692 3680 2835 3725; x_wconf 84' lang='lat' dir='ltr'><strong>esset</strong></span> <span class='ocrx_word' id='word_1_650' title='bbox 2862 3685 3072 3726; x_wconf 78' lang='lat' dir='ltr'><strong>servus.</strong></span> <span class='ocrx_word' id='word_1_651' title='bbox 3099 3682 3154 3724; x_wconf 83' lang='lat' dir='ltr'><strong>et</strong></span> <span class='ocrx_word' id='word_1_652' title='bbox 3181 3686 3321 3725; x_wconf 83' lang='lat' dir='ltr'><strong>unus</strong></span> <span class='ocrx_word' id='word_1_653' title='bbox 3346 3686 3377 3725; x_wconf 94' lang='lat' dir='ltr'><strong>e</strong></span> <span class='ocrx_word' id='word_1_654' title='bbox 3428 3669 3634 3733; x_wconf 85' lang='lat' dir='ltr'><strong>multis,</strong></span> 
     </span>
    </p>
   </div>
   <div class='ocr_carea' id='block_1_81' title="bbox 2074 3760 3640 3818">
    <p class='ocr_par' dir='ltr' id='par_1_81' title="bbox 2074 3760 3640 3818">
     <span class='ocr_line' id='line_1_81' title="bbox 2074 3760 3640 3818; baseline 0 -2"><span class='ocrx_word' id='word_1_655' title='bbox 2074 3767 2299 3818; x_wconf 85' lang='lat' dir='ltr'><strong>auderet</strong></span> <span class='ocrx_word' id='word_1_656' title='bbox 2384 3765 2435 3816; x_wconf 91' lang='lat' dir='ltr'><strong>in</strong></span> <span class='ocrx_word' id='word_1_657' title='bbox 2530 3762 2738 3818; x_wconf 88' lang='lat' dir='ltr'><strong>Domini</strong></span> <span class='ocrx_word' id='word_1_658' title='bbox 2824 3763 2944 3818; x_wconf 87' lang='lat' dir='ltr'><strong>sinu</strong></span> <span class='ocrx_word' id='word_1_659' title='bbox 3023 3763 3251 3817; x_wconf 81' lang='lat' dir='ltr'><strong>versari.</strong></span> <span class='ocrx_word' id='word_1_660' title='bbox 3321 3760 3434 3816; x_wconf 81' lang='lat' dir='ltr'><strong>Hoc</strong></span> <span class='ocrx_word' id='word_1_661' title='bbox 3494 3762 3640 3816; x_wconf 80' lang='lat' dir='ltr'><strong>enim</strong></span> 
     </span>
    </p>
   </div>
   <div class='ocr_carea' id='block_1_82' title="bbox 2073 3854 3638 3925">
    <p class='ocr_par' dir='ltr' id='par_1_82' title="bbox 2073 3854 3638 3925">
     <span class='ocr_line' id='line_1_82' title="bbox 2073 3854 3638 3925; baseline -0.001 -16"><span class='ocrx_word' id='word_1_662' title='bbox 2073 3856 2317 3925; x_wconf 75' lang='lat' dir='ltr'><strong>germani</strong></span> <span class='ocrx_word' id='word_1_663' title='bbox 2374 3855 2542 3909; x_wconf 88' lang='lat' dir='ltr'><strong>solius</strong></span> <span class='ocrx_word' id='word_1_664' title='bbox 2616 3854 2740 3908; x_wconf 82' lang='lat' dir='ltr'><strong>Filii</strong></span> <span class='ocrx_word' id='word_1_665' title='bbox 2800 3854 3074 3922; x_wconf 89' lang='lat' dir='ltr'><strong>proprium</strong></span> <span class='ocrx_word' id='word_1_666' title='bbox 3136 3864 3237 3917; x_wconf 86' lang='lat' dir='ltr'><strong>est,</strong></span> <span class='ocrx_word' id='word_1_667' title='bbox 3291 3854 3384 3922; x_wconf 91' lang='lat' dir='ltr'><strong>qui</strong></span> <span class='ocrx_word' id='word_1_668' title='bbox 3442 3868 3638 3921; x_wconf 76' lang='lat' dir='ltr'><strong>magna</strong></span> 
     </span>
    </p>
   </div>
   <div class='ocr_carea' id='block_1_83' title="bbox 2072 3944 3639 4013">
    <p class='ocr_par' dir='ltr' id='par_1_83' title="bbox 2072 3944 3639 4013">
     <span class='ocr_line' id='line_1_83' title="bbox 2072 3944 3639 4013; baseline -0.001 -13"><span class='ocrx_word' id='word_1_669' title='bbox 2072 3947 2268 4001; x_wconf 88' lang='lat' dir='ltr'><strong>ﬁducia</strong></span> <span class='ocrx_word' id='word_1_670' title='bbox 2303 3948 2355 4000; x_wconf 90' lang='lat' dir='ltr'><strong>in</strong></span> <span class='ocrx_word' id='word_1_671' title='bbox 2398 3946 2607 4000; x_wconf 83' lang='lat' dir='ltr'><strong>Patrem</strong></span> <span class='ocrx_word' id='word_1_672' title='bbox 2642 3946 2828 4008; x_wconf 82' lang='lat' dir='ltr'><strong>utitur.</strong></span> <span class='ocrx_word' id='word_1_673' title='bbox 2869 3960 3041 4013; x_wconf 91' lang='lat' dir='ltr'><strong>eoque</strong></span> <span class='ocrx_word' id='word_1_674' title='bbox 3070 3944 3212 3999; x_wconf 88' lang='lat' dir='ltr'><strong>nulla</strong></span> <span class='ocrx_word' id='word_1_675' title='bbox 3244 3957 3305 3999; x_wconf 87' lang='lat' dir='ltr'><strong>re</strong></span> <span class='ocrx_word' id='word_1_676' title='bbox 3337 3945 3510 3998; x_wconf 87' lang='lat' dir='ltr'><strong>minor</strong></span> <span class='ocrx_word' id='word_1_677' title='bbox 3538 3958 3639 3999; x_wconf 84' lang='lat' dir='ltr'><strong>cst.</strong></span> 
     </span>
    </p>
   </div>
   <div class='ocr_carea' id='block_1_84' title="bbox 2076 4034 3644 4109">
    <p class='ocr_par' dir='ltr' id='par_1_84' title="bbox 2076 4034 3644 4109">
     <span class='ocr_line' id='line_1_84' title="bbox 2076 4034 3644 4109; baseline 0.003 -20"><span class='ocrx_word' id='word_1_678' title='bbox 2076 4034 2167 4089; x_wconf 84' lang='lat' dir='ltr'><strong>Vis</strong></span> <span class='ocrx_word' id='word_1_679' title='bbox 2200 4045 2254 4089; x_wconf 88' lang='lat' dir='ltr'><strong>et</strong></span> <span class='ocrx_word' id='word_1_680' title='bbox 2280 4036 2634 4090; x_wconf 67' lang='lat' dir='ltr'><strong>aeternitatem</strong></span> <span class='ocrx_word' id='word_1_681' title='bbox 2675 4037 2791 4106; x_wconf 87' lang='lat' dir='ltr'><strong>ejus</strong></span> <span class='ocrx_word' id='word_1_682' title='bbox 2822 4036 3161 4106; x_wconf 74' lang='lat' dir='ltr'><strong>intelligere?</strong></span> <span class='ocrx_word' id='word_1_683' title='bbox 3207 4038 3345 4093; x_wconf 77' lang='lat' dir='ltr'><strong>Audi</strong></span> <span class='ocrx_word' id='word_1_684' title='bbox 3373 4040 3502 4109; x_wconf 89' lang='lat' dir='ltr'><strong>quid</strong></span> <span class='ocrx_word' id='word_1_685' title='bbox 3530 4040 3644 4093; x_wconf 80' lang='lat' dir='ltr'><strong>Mo-</strong></span> 
     </span>
    </p>
   </div>
   <div class='ocr_carea' id='block_1_85' title="bbox 2070 4127 3642 4195">
    <p class='ocr_par' dir='ltr' id='par_1_85' title="bbox 2070 4127 3642 4195">
     <span class='ocr_line' id='line_1_85' title="bbox 2070 4127 3642 4195; baseline 0.002 -12"><span class='ocrx_word' id='word_1_686' title='bbox 2070 4142 2160 4183; x_wconf 88' lang='lat' dir='ltr'><strong>ses</strong></span> <span class='ocrx_word' id='word_1_687' title='bbox 2208 4128 2275 4182; x_wconf 91' lang='lat' dir='ltr'><strong>de</strong></span> <span class='ocrx_word' id='word_1_688' title='bbox 2334 4127 2495 4181; x_wconf 82' lang='lat' dir='ltr'><strong>Patre</strong></span> <span class='ocrx_word' id='word_1_689' title='bbox 2558 4128 2720 4182; x_wconf 83' lang='lat' dir='ltr'><strong>dicat.</strong></span> <span class='ocrx_word' id='word_1_690' title='bbox 2782 4129 3040 4195; x_wconf 60' lang='lat' dir='ltr'><strong>Querens</strong></span> <span class='ocrx_word' id='word_1_691' title='bbox 3062 4131 3206 4184; x_wconf 83' lang='lat' dir='ltr'><strong>enim</strong></span> <span class='ocrx_word' id='word_1_692' title='bbox 3262 4132 3306 4184; x_wconf 89' lang='lat' dir='ltr'><strong>si</strong></span> <span class='ocrx_word' id='word_1_693' title='bbox 3363 4147 3392 4184; x_wconf 93' lang='lat' dir='ltr'><strong>a</strong></span> <span class='ocrx_word' id='word_1_694' title='bbox 3442 4129 3642 4187; x_wconf 71' lang='lat' dir='ltr'><strong>Judaeis</strong></span> 
     </span>
    </p>
   </div>
   <div class='ocr_carea' id='block_1_86' title="bbox 2073 4221 3641 4293">
    <p class='ocr_par' dir='ltr' id='par_1_86' title="bbox 2073 4221 3641 4293">
     <span class='ocr_line' id='line_1_86' title="bbox 2073 4221 3641 4293; baseline 0.002 -19"><span class='ocrx_word' id='word_1_695' title='bbox 2073 4221 2523 4289; x_wconf 79' lang='lat' dir='ltr'><strong>interrogaretur,</strong></span> <span class='ocrx_word' id='word_1_696' title='bbox 2547 4222 2752 4287; x_wconf 88' lang='lat' dir='ltr'><strong>ecquod</strong></span> <span class='ocrx_word' id='word_1_697' title='bbox 2784 4229 2925 4274; x_wconf 81' lang='lat' dir='ltr'><strong>esset</strong></span> <span class='ocrx_word' id='word_1_698' title='bbox 2951 4236 3142 4275; x_wconf 89' lang='lat' dir='ltr'><strong>nomen</strong></span> <span class='ocrx_word' id='word_1_699' title='bbox 3170 4221 3361 4291; x_wconf 88' lang='lat' dir='ltr'><strong>ipsius,</strong></span> <span class='ocrx_word' id='word_1_700' title='bbox 3392 4224 3641 4293; x_wconf 83' lang='lat' dir='ltr'><strong>quisnam</strong></span> 
     </span>
    </p>
   </div>
   <div class='ocr_carea' id='block_1_87' title="bbox 2070 4309 3649 4383">
    <p class='ocr_par' dir='ltr' id='par_1_87' title="bbox 2070 4309 3649 4383">
     <span class='ocr_line' id='line_1_87' title="bbox 2070 4309 3649 4383; baseline 0.001 -18"><span class='ocrx_word' id='word_1_701' title='bbox 2070 4319 2217 4365; x_wconf 85' lang='lat' dir='ltr'><strong>esset</strong></span> <span class='ocrx_word' id='word_1_702' title='bbox 2246 4309 2333 4364; x_wconf 88' lang='lat' dir='ltr'><strong>ille</strong></span> <span class='ocrx_word' id='word_1_703' title='bbox 2376 4310 2467 4379; x_wconf 91' lang='lat' dir='ltr'><strong>qui</strong></span> <span class='ocrx_word' id='word_1_704' title='bbox 2499 4325 2557 4364; x_wconf 86' lang='lat' dir='ltr'><strong>se</strong></span> <span class='ocrx_word' id='word_1_705' title='bbox 2591 4311 2851 4375; x_wconf 85' lang='lat' dir='ltr'><strong>misisset,</strong></span> <span class='ocrx_word' id='word_1_706' title='bbox 2909 4312 3038 4381; x_wconf 88' lang='lat' dir='ltr'><strong>quid</strong></span> <span class='ocrx_word' id='word_1_707' title='bbox 3070 4313 3178 4369; x_wconf 89' lang='lat' dir='ltr'><strong>illis</strong></span> <span class='ocrx_word' id='word_1_708' title='bbox 3228 4322 3376 4368; x_wconf 87' lang='lat' dir='ltr'><strong>esset</strong></span> <span class='ocrx_word' id='word_1_709' title='bbox 3424 4328 3649 4383; x_wconf 84' lang='lat' dir='ltr'><strong>respon-</strong></span> 
     </span>
    </p>
   </div>
   <div class='ocr_carea' id='block_1_88' title="bbox 2072 4401 3643 4470">
    <p class='ocr_par' dir='ltr' id='par_1_88' title="bbox 2072 4401 3643 4470">
     <span class='ocr_line' id='line_1_88' title="bbox 2072 4401 3643 4470; baseline 0.005 -15"><span class='ocrx_word' id='word_1_710' title='bbox 2072 4401 2330 4463; x_wconf 83' lang='lat' dir='ltr'><strong>dendum.</strong></span> <span class='ocrx_word' id='word_1_711' title='bbox 2358 4402 2558 4456; x_wconf 79' lang='lat' dir='ltr'><strong>audivit</strong></span> <span class='ocrx_word' id='word_1_712' title='bbox 2589 4402 2713 4455; x_wconf 90' lang='lat' dir='ltr'><strong>illud</strong></span> <span class='ocrx_word' id='word_1_713' title='bbox 2746 4419 2759 4457; x_wconf 91' lang='lat'><strong>:</strong></span> <span class='ocrx_word' id='word_1_714' title='bbox 2800 4404 2994 4467; x_wconf 78' lang='lat' dir='ltr'><strong>Dicito,</strong></span> <span class='ocrx_word' id='word_1_715' title='bbox 3024 4404 3129 4470; x_wconf 83' lang='lat' dir='ltr'><strong>Qui</strong></span> <span class='ocrx_word' id='word_1_716' title='bbox 3154 4416 3255 4469; x_wconf 85' lang='lat' dir='ltr'><strong>est,</strong></span> <span class='ocrx_word' id='word_1_717' title='bbox 3290 4406 3434 4460; x_wconf 65' lang='lat' dir='ltr'><strong>misit</strong></span> <span class='ocrx_word' id='word_1_718' title='bbox 3493 4422 3574 4460; x_wconf 79' lang='lat' dir='ltr'><strong>nte</strong></span> <span class='ocrx_word' id='word_1_719' title='bbox 3602 4410 3643 4463; x_wconf 76' lang='grc' dir='ltr'>ν.</span> 
     </span>
    </p>
   </div>
   <div class='ocr_carea' id='block_1_89' title="bbox 400 4493 1965 4576">
    <p class='ocr_par' dir='ltr' id='par_1_89' title="bbox 400 4499 1965 4576">
     <span class='ocr_line' id='line_1_89' title="bbox 400 4499 1965 4576; baseline -0.003 -16"><span class='ocrx_word' id='word_1_720' title='bbox 400 4507 493 4560; x_wconf 74' lang='grc' dir='ltr'><strong>ἀεὶ</strong></span> <span class='ocrx_word' id='word_1_721' title='bbox 546 4507 907 4576; x_wconf 82' lang='grc' dir='ltr'>σημαντικὸν,</span> <span class='ocrx_word' id='word_1_722' title='bbox 944 4507 1037 4558; x_wconf 72' lang='grc' dir='ltr'>καὶ</span> <span class='ocrx_word' id='word_1_723' title='bbox 1079 4504 1174 4558; x_wconf 86' lang='grc' dir='ltr'><strong>τοῦ</strong></span> <span class='ocrx_word' id='word_1_724' title='bbox 1229 4504 1487 4574; x_wconf 80' lang='grc' dir='ltr'>ἁνάρχως</span> <span class='ocrx_word' id='word_1_725' title='bbox 1525 4499 1688 4567; x_wconf 73' lang='grc' dir='ltr'>εἶναι,</span> <span class='ocrx_word' id='word_1_726' title='bbox 1731 4503 1824 4555; x_wconf 78' lang='grc' dir='ltr'>καὶ</span> <span class='ocrx_word' id='word_1_727' title='bbox 1870 4500 1965 4555; x_wconf 80' lang='grc' dir='ltr'><strong>τοῦ</strong></span> 
     </span>
    </p>
   </div>
   <div class='ocr_carea' id='block_1_90' title="bbox 2069 4493 3646 4576">
    <p class='ocr_par' dir='ltr' id='par_1_90' title="bbox 2074 4493 3646 4566">
     <span class='ocr_line' id='line_1_90' title="bbox 2074 4493 3646 4566; baseline 0.003 -19"><span class='ocrx_word' id='word_1_728' title='bbox 2074 4494 2179 4558; x_wconf 86' lang='lat' dir='ltr'><strong>Qui</strong></span> <span class='ocrx_word' id='word_1_729' title='bbox 2222 4503 2296 4547; x_wconf 80' lang='lat' dir='ltr'><strong>est</strong></span> <span class='ocrx_word' id='word_1_730' title='bbox 2337 4502 2518 4547; x_wconf 87' lang='lat' dir='ltr'><strong>autem</strong></span> <span class='ocrx_word' id='word_1_731' title='bbox 2576 4493 2711 4547; x_wconf 86' lang='lat' dir='ltr'><strong>nihil</strong></span> <span class='ocrx_word' id='word_1_732' title='bbox 2739 4495 2882 4548; x_wconf 87' lang='lat' dir='ltr'><strong>aliud</strong></span> <span class='ocrx_word' id='word_1_733' title='bbox 2906 4496 3198 4564; x_wconf 87' lang='lat' dir='ltr'><strong>signiﬁcat,</strong></span> <span class='ocrx_word' id='word_1_734' title='bbox 3228 4498 3331 4552; x_wconf 91' lang='lat' dir='ltr'><strong>nisi</strong></span> <span class='ocrx_word' id='word_1_735' title='bbox 3356 4500 3447 4566; x_wconf 84' lang='lat' dir='ltr'><strong>qui</strong></span> <span class='ocrx_word' id='word_1_736' title='bbox 3501 4513 3646 4553; x_wconf 75' lang='lat' dir='ltr'><strong>seiu-</strong></span> 
     </span>
    </p>
   </div>
   <div class='ocr_carea' id='block_1_91' title="bbox 400 4592 1964 4663">
    <p class='ocr_par' dir='ltr' id='par_1_91' title="bbox 400 4592 1964 4663">
     <span class='ocr_line' id='line_1_91' title="bbox 400 4592 1964 4663; baseline -0.001 -13"><span class='ocrx_word' id='word_1_737' title='bbox 400 4599 574 4659; x_wconf 81' lang='grc' dir='ltr'>δντως</span> <span class='ocrx_word' id='word_1_738' title='bbox 606 4593 767 4662; x_wconf 79' lang='grc' dir='ltr'>εἶναι,</span> <span class='ocrx_word' id='word_1_739' title='bbox 814 4598 907 4649; x_wconf 76' lang='grc' dir='ltr'>καὶ</span> <span class='ocrx_word' id='word_1_740' title='bbox 935 4596 1158 4663; x_wconf 85' lang='grc' dir='ltr'>κυρίως.</span> <span class='ocrx_word' id='word_1_741' title='bbox 1198 4596 1370 4649; x_wconf 86' lang='grc' dir='ltr'>Τοῦτο</span> <span class='ocrx_word' id='word_1_742' title='bbox 1398 4596 1491 4648; x_wconf 80' lang='grc' dir='ltr'>καὶ</span> <span class='ocrx_word' id='word_1_743' title='bbox 1520 4594 1601 4657; x_wconf 86' lang='grc' dir='ltr'>τὸ,</span> <span class='ocrx_word' id='word_1_744' title='bbox 1665 4594 1763 4647; x_wconf 77' lang='grc' dir='ltr'><strong>Ἐν</strong></span> <span class='ocrx_word' id='word_1_745' title='bbox 1809 4592 1964 4661; x_wconf 77' lang='grc' dir='ltr'><strong>ἀρχῇ</strong></span> 
     </span>
    </p>
   </div>
   <div class='ocr_carea' id='block_1_92' title="bbox 397 4684 1970 4760">
    <p class='ocr_par' dir='ltr' id='par_1_92' title="bbox 397 4684 1970 4760">
     <span class='ocr_line' id='line_1_92' title="bbox 397 4684 1970 4760; baseline -0.003 -18"><span class='ocrx_word' id='word_1_746' title='bbox 397 4685 504 4760; x_wconf 80' lang='grc' dir='ltr'><strong>ἦν,</strong></span> <span class='ocrx_word' id='word_1_747' title='bbox 535 4690 797 4757; x_wconf 69' lang='grc' dir='ltr'>ἐμφαίνει</span> <span class='ocrx_word' id='word_1_748' title='bbox 829 4687 925 4740; x_wconf 86' lang='grc' dir='ltr'><strong>τοῦ</strong></span> <span class='ocrx_word' id='word_1_749' title='bbox 977 4688 1065 4739; x_wconf 77' lang='grc' dir='ltr'><strong>ἀεὶ</strong></span> <span class='ocrx_word' id='word_1_750' title='bbox 1097 4685 1395 4756; x_wconf 79' lang='grc' dir='ltr'>δηλωτικὸν</span> <span class='ocrx_word' id='word_1_751' title='bbox 1423 4686 1507 4741; x_wconf 81' lang='grc' dir='ltr'>δν.</span> <span class='ocrx_word' id='word_1_752' title='bbox 1537 4684 1724 4756; x_wconf 86' lang='grc' dir='ltr'>Τούτῳ</span> <span class='ocrx_word' id='word_1_753' title='bbox 1761 4685 1826 4753; x_wconf 76' lang='grc' dir='ltr'><strong>δὴ</strong></span> <span class='ocrx_word' id='word_1_754' title='bbox 1874 4687 1970 4738; x_wconf 79' lang='grc' dir='ltr'>καὶ</span> 
     </span>
    </p>
   </div>
   <div class='ocr_carea' id='block_1_93' title="bbox 400 4778 1969 4850">
    <p class='ocr_par' dir='ltr' id='par_1_93' title="bbox 400 4778 1969 4850">
     <span class='ocr_line' id='line_1_93' title="bbox 400 4778 1969 4850; baseline -0.003 -16"><span class='ocrx_word' id='word_1_755' title='bbox 400 4780 638 4834; x_wconf 69' lang='grc' dir='ltr'>ἐνταῦθα</span> <span class='ocrx_word' id='word_1_756' title='bbox 666 4780 743 4849; x_wconf 82' lang='grc' dir='ltr'>τῷ</span> <span class='ocrx_word' id='word_1_757' title='bbox 779 4780 927 4849; x_wconf 82' lang='grc' dir='ltr'><strong>ῥητῷ</strong></span> <span class='ocrx_word' id='word_1_758' title='bbox 955 4778 1220 4850; x_wconf 67' lang='grc' dir='ltr'>κέκρηται</span> <span class='ocrx_word' id='word_1_759' title='bbox 1255 4780 1283 4829; x_wconf 90' lang='lat'><strong>6</strong></span> <span class='ocrx_word' id='word_1_760' title='bbox 1334 4778 1608 4848; x_wconf 80' lang='grc' dir='ltr'>Ἰωάννης.</span> <span class='ocrx_word' id='word_1_761' title='bbox 1641 4778 1855 4838; x_wconf 79' lang='grc' dir='ltr'>δεικνὺς</span> <span class='ocrx_word' id='word_1_762' title='bbox 1887 4778 1969 4830; x_wconf 82' lang='grc' dir='ltr'>ὃτι</span> 
     </span>
    </p>
   </div>
   <div class='ocr_carea' id='block_1_94' title="bbox 398 4869 1969 4941">
    <p class='ocr_par' dir='ltr' id='par_1_94' title="bbox 398 4869 1969 4941">
     <span class='ocr_line' id='line_1_94' title="bbox 398 4869 1969 4941; baseline -0.003 -16"><span class='ocrx_word' id='word_1_763' title='bbox 398 4874 656 4941; x_wconf 76' lang='grc' dir='ltr'>ἁνάρχως</span> <span class='ocrx_word' id='word_1_764' title='bbox 688 4874 783 4924; x_wconf 83' lang='grc' dir='ltr'>καὶ</span> <span class='ocrx_word' id='word_1_765' title='bbox 809 4871 998 4933; x_wconf 82' lang='grc' dir='ltr'>ἀϊδίως</span> <span class='ocrx_word' id='word_1_766' title='bbox 1034 4874 1091 4923; x_wconf 75' lang='grc' dir='ltr'>ὲν</span> <span class='ocrx_word' id='word_1_767' title='bbox 1117 4869 1195 4934; x_wconf 84' lang='grc' dir='ltr'><strong>τῷ</strong></span> <span class='ocrx_word' id='word_1_768' title='bbox 1228 4870 1415 4938; x_wconf 80' lang='grc' dir='ltr'>κόλπῳ</span> <span class='ocrx_word' id='word_1_769' title='bbox 1443 4869 1537 4922; x_wconf 90' lang='grc' dir='ltr'><strong>τοῦ</strong></span> <span class='ocrx_word' id='word_1_770' title='bbox 1574 4870 1788 4939; x_wconf 86' lang='grc' dir='ltr'>Πατρός</span> <span class='ocrx_word' id='word_1_771' title='bbox 1819 4872 1969 4935; x_wconf 83' lang='grc' dir='ltr'>ἐστιν</span> 
     </span>
    </p>
   </div>
   <div class='ocr_carea' id='block_1_95' title="bbox 398 4960 1968 5032">
    <p class='ocr_par' dir='ltr' id='par_1_95' title="bbox 398 4960 1968 5032">
     <span class='ocr_line' id='line_1_95' title="bbox 398 4960 1968 5032; baseline -0.003 -16"><span class='ocrx_word' id='word_1_772' title='bbox 398 4966 431 5016; x_wconf 89' lang='lat'><strong>6</strong></span> <span class='ocrx_word' id='word_1_773' title='bbox 473 4963 620 5024; x_wconf 84' lang='grc' dir='ltr'>Υἱός.</span> <span class='ocrx_word' id='word_1_774' title='bbox 650 4962 766 5015; x_wconf 85' lang='grc' dir='ltr'>Ἵνα</span> <span class='ocrx_word' id='word_1_775' title='bbox 792 4964 901 5032; x_wconf 81' lang='grc' dir='ltr'><strong>γὰρ</strong></span> <span class='ocrx_word' id='word_1_776' title='bbox 934 4964 1008 5031; x_wconf 83' lang='grc' dir='ltr'>μὴ</span> <span class='ocrx_word' id='word_1_777' title='bbox 1028 4962 1117 5014; x_wconf 81' lang='grc' dir='ltr'>διὰ</span> <span class='ocrx_word' id='word_1_778' title='bbox 1141 4962 1241 5029; x_wconf 69' lang='grc' dir='ltr'>τὴν</span> <span class='ocrx_word' id='word_1_779' title='bbox 1272 4960 1363 5013; x_wconf 90' lang='grc' dir='ltr'><strong>τοῦ</strong></span> <span class='ocrx_word' id='word_1_780' title='bbox 1393 4962 1655 5030; x_wconf 85' lang='grc' dir='ltr'>ὀνόματος</span> <span class='ocrx_word' id='word_1_781' title='bbox 1683 4962 1968 5014; x_wconf 83' lang='grc' dir='ltr'>κοινωνίαν</span> 
     </span>
    </p>
   </div>
   <div class='ocr_carea' id='block_1_96' title="bbox 395 5050 1964 5123">
    <p class='ocr_par' dir='ltr' id='par_1_96' title="bbox 395 5050 1964 5123">
     <span class='ocr_line' id='line_1_96' title="bbox 395 5050 1964 5123; baseline -0.003 -17"><span class='ocrx_word' id='word_1_782' title='bbox 395 5054 498 5106; x_wconf 76' lang='grc' dir='ltr'>ἕνα</span> <span class='ocrx_word' id='word_1_783' title='bbox 526 5054 646 5105; x_wconf 70' lang='grc' dir='ltr'>τινὰ</span> <span class='ocrx_word' id='word_1_784' title='bbox 671 5054 778 5106; x_wconf 82' lang='grc' dir='ltr'>τῶν</span> <span class='ocrx_word' id='word_1_785' title='bbox 809 5055 995 5123; x_wconf 76' lang='grc' dir='ltr'>χάριτι</span> <span class='ocrx_word' id='word_1_786' title='bbox 1016 5054 1329 5121; x_wconf 77' lang='grc' dir='ltr'>γενομένων</span> <span class='ocrx_word' id='word_1_787' title='bbox 1374 5053 1509 5106; x_wconf 75' lang='grc' dir='ltr'>υἱῶν</span> <span class='ocrx_word' id='word_1_788' title='bbox 1540 5050 1679 5105; x_wconf 77' lang='grc' dir='ltr'>εἶναι</span> <span class='ocrx_word' id='word_1_789' title='bbox 1708 5051 1964 5122; x_wconf 66' lang='grc' dir='ltr'>νομίσῃς,</span> 
     </span>
    </p>
   </div>
   <div class='ocr_carea' id='block_1_97' title="bbox 395 5143 1966 5215">
    <p class='ocr_par' dir='ltr' id='par_1_97' title="bbox 395 5143 1966 5215">
     <span class='ocr_line' id='line_1_97' title="bbox 395 5143 1966 5215; baseline -0.001 -19"><span class='ocrx_word' id='word_1_790' title='bbox 395 5144 619 5212; x_wconf 76' lang='grc' dir='ltr'>πρῶτον</span> <span class='ocrx_word' id='word_1_791' title='bbox 648 5146 747 5214; x_wconf 77' lang='grc' dir='ltr'>μὲν</span> <span class='ocrx_word' id='word_1_792' title='bbox 792 5145 1118 5215; x_wconf 68' lang='grc' dir='ltr'>πρόσκειιαι</span> <span class='ocrx_word' id='word_1_793' title='bbox 1154 5144 1215 5196; x_wconf 82' lang='grc' dir='ltr'>τὸ</span> <span class='ocrx_word' id='word_1_794' title='bbox 1249 5143 1476 5213; x_wconf 74' lang='grc' dir='ltr'>ἄρθρον,</span> <span class='ocrx_word' id='word_1_795' title='bbox 1530 5143 1772 5212; x_wconf 82' lang='grc' dir='ltr'>διαιροῦν</span> <span class='ocrx_word' id='word_1_796' title='bbox 1804 5143 1966 5195; x_wconf 75' lang='grc' dir='ltr'>αὑτὸν</span> 
     </span>
    </p>
   </div>
   <div class='ocr_carea' id='block_1_98' title="bbox 393 5233 1964 5309">
    <p class='ocr_par' dir='ltr' id='par_1_98' title="bbox 393 5233 1964 5309">
     <span class='ocr_line' id='line_1_98' title="bbox 393 5233 1964 5309; baseline -0.003 -19"><span class='ocrx_word' id='word_1_797' title='bbox 393 5238 512 5290; x_wconf 81' lang='grc' dir='ltr'>τῶν</span> <span class='ocrx_word' id='word_1_798' title='bbox 536 5241 676 5290; x_wconf 73' lang='grc' dir='ltr'>κατὰ</span> <span class='ocrx_word' id='word_1_799' title='bbox 706 5237 890 5309; x_wconf 82' lang='grc' dir='ltr'>χάριν.</span> <span class='ocrx_word' id='word_1_800' title='bbox 927 5238 986 5289; x_wconf 87' lang='lat' dir='ltr'><strong>Ei</strong></span> <span class='ocrx_word' id='word_1_801' title='bbox 1019 5236 1075 5288; x_wconf 72' lang='lat' dir='ltr'><strong>at</strong></span> <span class='ocrx_word' id='word_1_802' title='bbox 1113 5238 1187 5305; x_wconf 87' lang='grc' dir='ltr'>μὴ</span> <span class='ocrx_word' id='word_1_803' title='bbox 1209 5237 1372 5288; x_wconf 85' lang='grc' dir='ltr'>τοῦτο</span> <span class='ocrx_word' id='word_1_804' title='bbox 1403 5238 1567 5305; x_wconf 72' lang='grc' dir='ltr'>ἀρκεῖ</span> <span class='ocrx_word' id='word_1_805' title='bbox 1597 5252 1699 5298; x_wconf 88' lang='grc' dir='ltr'>σοι,</span> <span class='ocrx_word' id='word_1_806' title='bbox 1741 5233 1859 5285; x_wconf 76' lang='grc' dir='ltr'>ἀλλ’</span> <span class='ocrx_word' id='word_1_807' title='bbox 1882 5233 1964 5285; x_wconf 74' lang='grc' dir='ltr'>ἔτι</span> 
     </span>
    </p>
   </div>
   <div class='ocr_carea' id='block_1_99' title="bbox 396 5324 1963 5397">
    <p class='ocr_par' dir='ltr' id='par_1_99' title="bbox 396 5324 1963 5397">
     <span class='ocr_line' id='line_1_99' title="bbox 396 5324 1963 5397; baseline -0.004 -15"><span class='ocrx_word' id='word_1_808' title='bbox 396 5330 557 5384; x_wconf 72' lang='grc' dir='ltr'>κάτω</span> <span class='ocrx_word' id='word_1_809' title='bbox 588 5329 839 5393; x_wconf 84' lang='grc' dir='ltr'>κύπτεις,</span> <span class='ocrx_word' id='word_1_810' title='bbox 866 5330 1056 5381; x_wconf 78' lang='grc' dir='ltr'>τούτου</span> <span class='ocrx_word' id='word_1_811' title='bbox 1097 5328 1434 5397; x_wconf 82' lang='grc' dir='ltr'>κυριώτερον</span> <span class='ocrx_word' id='word_1_812' title='bbox 1482 5326 1651 5395; x_wconf 77' lang='grc' dir='ltr'>ὄνομα</span> <span class='ocrx_word' id='word_1_813' title='bbox 1688 5327 1853 5378; x_wconf 76' lang='grc' dir='ltr'>ἄκουε</span> <span class='ocrx_word' id='word_1_814' title='bbox 1881 5324 1963 5389; x_wconf 81' lang='grc' dir='ltr'>τὸ,</span> 
     </span>
    </p>
   </div>
   <div class='ocr_carea' id='block_1_100' title="bbox 395 5415 1967 5487">
    <p class='ocr_par' dir='ltr' id='par_1_100' title="bbox 395 5415 1967 5487">
     <span class='ocr_line' id='line_1_100' title="bbox 395 5415 1967 5487; baseline -0.004 -12"><span class='ocrx_word' id='word_1_815' title='bbox 395 5420 769 5487; x_wconf 74' lang='grc' dir='ltr'><strong>Μονογενής,</strong></span> <span class='ocrx_word' id='word_1_816' title='bbox 806 5421 867 5471; x_wconf 86' lang='lat' dir='ltr'><strong>El</strong></span> <span class='ocrx_word' id='word_1_817' title='bbox 898 5419 954 5471; x_wconf 73' lang='grc' dir='ltr'><strong>δὲ</strong></span> <span class='ocrx_word' id='word_1_818' title='bbox 981 5418 1075 5471; x_wconf 79' lang='grc' dir='ltr'>καὶ</span> <span class='ocrx_word' id='word_1_819' title='bbox 1099 5419 1238 5483; x_wconf 82' lang='grc' dir='ltr'>μετὰ</span> <span class='ocrx_word' id='word_1_820' title='bbox 1263 5417 1419 5469; x_wconf 88' lang='grc' dir='ltr'>τοῦτο</span> <span class='ocrx_word' id='word_1_821' title='bbox 1449 5417 1599 5469; x_wconf 85' lang='grc' dir='ltr'>κάτω</span> <span class='ocrx_word' id='word_1_822' title='bbox 1626 5415 1865 5484; x_wconf 78' lang='grc' dir='ltr'>βλέπεις,</span> <span class='ocrx_word' id='word_1_823' title='bbox 1892 5416 1967 5469; x_wconf 84' lang='grc' dir='ltr'><strong>Οὐ</strong></span> 
     </span>
    </p>
   </div>
   <div class='ocr_carea' id='block_1_101' title="bbox 395 5508 1967 5583">
    <p class='ocr_par' dir='ltr' id='par_1_101' title="bbox 395 5508 1967 5583">
     <span class='ocr_line' id='line_1_101' title="bbox 395 5508 1967 5583; baseline -0.004 -17"><span class='ocrx_word' id='word_1_824' title='bbox 395 5513 834 5583; x_wconf 75' lang='grc' dir='ltr'>παραιτήσομαι,</span> <span class='ocrx_word' id='word_1_825' title='bbox 868 5510 1026 5579; x_wconf 66' lang='grc' dir='ltr'>φησι,</span> <span class='ocrx_word' id='word_1_826' title='bbox 1055 5510 1151 5563; x_wconf 78' lang='grc' dir='ltr'>καὶ</span> <span class='ocrx_word' id='word_1_827' title='bbox 1176 5508 1529 5580; x_wconf 77' lang='grc' dir='ltr'>ἀνθρωπίνην</span> <span class='ocrx_word' id='word_1_828' title='bbox 1558 5508 1681 5559; x_wconf 77' lang='grc' dir='ltr'>τινὰ</span> <span class='ocrx_word' id='word_1_829' title='bbox 1704 5508 1863 5576; x_wconf 74' lang='grc' dir='ltr'>ῥῆσιν</span> <span class='ocrx_word' id='word_1_830' title='bbox 1890 5508 1967 5559; x_wconf 80' lang='lat' dir='ltr'><strong>al-</strong></span> 
     </span>
    </p>
   </div>
   <div class='ocr_carea' id='block_1_102' title="bbox 2070 4584 3647 4658">
    <p class='ocr_par' dir='ltr' id='par_1_102' title="bbox 2070 4584 3647 4658">
     <span class='ocr_line' id='line_1_102' title="bbox 2070 4584 3647 4658; baseline 0.004 -20"><span class='ocrx_word' id='word_1_831' title='bbox 2070 4600 2166 4652; x_wconf 90' lang='lat' dir='ltr'><strong>per</strong></span> <span class='ocrx_word' id='word_1_832' title='bbox 2204 4593 2309 4648; x_wconf 88' lang='lat' dir='ltr'><strong>est,</strong></span> <span class='ocrx_word' id='word_1_833' title='bbox 2343 4584 2437 4653; x_wconf 90' lang='lat' dir='ltr'><strong>qui</strong></span> <span class='ocrx_word' id='word_1_834' title='bbox 2468 4585 2584 4639; x_wconf 85' lang='lat' dir='ltr'><strong>sine</strong></span> <span class='ocrx_word' id='word_1_835' title='bbox 2613 4586 2878 4655; x_wconf 89' lang='lat' dir='ltr'><strong>principio</strong></span> <span class='ocrx_word' id='word_1_836' title='bbox 2898 4596 3002 4649; x_wconf 83' lang='lat' dir='ltr'><strong>est,</strong></span> <span class='ocrx_word' id='word_1_837' title='bbox 3031 4589 3120 4656; x_wconf 90' lang='lat' dir='ltr'><strong>qui</strong></span> <span class='ocrx_word' id='word_1_838' title='bbox 3154 4604 3281 4644; x_wconf 76' lang='lat' dir='ltr'><strong>vero</strong></span> <span class='ocrx_word' id='word_1_839' title='bbox 3307 4600 3389 4643; x_wconf 84' lang='lat' dir='ltr'><strong>et</strong></span> <span class='ocrx_word' id='word_1_840' title='bbox 3429 4594 3647 4658; x_wconf 83' lang='lat' dir='ltr'><strong>proprie</strong></span> 
     </span>
    </p>
   </div>
   <div class='ocr_carea' id='block_1_103' title="bbox 2066 4677 3649 4749">
    <p class='ocr_par' dir='ltr' id='par_1_103' title="bbox 2066 4677 3649 4749">
     <span class='ocr_line' id='line_1_103' title="bbox 2066 4677 3649 4749; baseline 0.004 -19"><span class='ocrx_word' id='word_1_841' title='bbox 2066 4686 2170 4730; x_wconf 87' lang='lat' dir='ltr'><strong>est.</strong></span> <span class='ocrx_word' id='word_1_842' title='bbox 2208 4677 2348 4730; x_wconf 88' lang='lat' dir='ltr'><strong>Idem</strong></span> <span class='ocrx_word' id='word_1_843' title='bbox 2390 4688 2565 4731; x_wconf 85' lang='lat' dir='ltr'><strong>autem</strong></span> <span class='ocrx_word' id='word_1_844' title='bbox 2596 4687 2651 4731; x_wconf 89' lang='lat' dir='ltr'><strong>et</strong></span> <span class='ocrx_word' id='word_1_845' title='bbox 2678 4678 2857 4732; x_wconf 79' lang='lat' dir='ltr'><strong>verbis</strong></span> <span class='ocrx_word' id='word_1_846' title='bbox 2886 4678 2990 4732; x_wconf 87' lang='lat' dir='ltr'><strong>illis</strong></span> <span class='ocrx_word' id='word_1_847' title='bbox 3012 4680 3382 4749; x_wconf 78' lang='lat' dir='ltr'><strong>signiﬁcatur:</strong></span> <span class='ocrx_word' id='word_1_848' title='bbox 3410 4680 3477 4734; x_wconf 82' lang='lat' dir='ltr'><strong>In</strong></span> <span class='ocrx_word' id='word_1_849' title='bbox 3499 4687 3649 4749; x_wconf 80' lang='lat' dir='ltr'><strong>priu-</strong></span> 
     </span>
    </p>
   </div>
   <div class='ocr_carea' id='block_1_104' title="bbox 2068 4767 3648 4842">
    <p class='ocr_par' dir='ltr' id='par_1_104' title="bbox 2068 4767 3648 4842">
     <span class='ocr_line' id='line_1_104' title="bbox 2068 4767 3648 4842; baseline 0.006 -22"><span class='ocrx_word' id='word_1_850' title='bbox 2068 4769 2201 4836; x_wconf 83' lang='lat' dir='ltr'><strong>cipio</strong></span> <span class='ocrx_word' id='word_1_851' title='bbox 2231 4776 2366 4822; x_wconf 88' lang='lat' dir='ltr'><strong>erat.</strong></span> <span class='ocrx_word' id='word_1_852' title='bbox 2402 4767 2599 4822; x_wconf 85' lang='lat' dir='ltr'><strong>Eodem</strong></span> <span class='ocrx_word' id='word_1_853' title='bbox 2632 4770 2798 4824; x_wconf 80' lang='lat' dir='ltr'><strong>verbo</strong></span> <span class='ocrx_word' id='word_1_854' title='bbox 2833 4780 2889 4824; x_wconf 90' lang='lat' dir='ltr'><strong>et</strong></span> <span class='ocrx_word' id='word_1_855' title='bbox 2915 4771 3001 4824; x_wconf 87' lang='lat' dir='ltr'><strong>hic</strong></span> <span class='ocrx_word' id='word_1_856' title='bbox 3035 4769 3270 4827; x_wconf 80' lang='lat' dir='ltr'><strong>Joannes</strong></span> <span class='ocrx_word' id='word_1_857' title='bbox 3293 4773 3459 4828; x_wconf 83' lang='lat' dir='ltr'><strong>utitur</strong></span> <span class='ocrx_word' id='word_1_858' title='bbox 3491 4790 3504 4827; x_wconf 94' lang='lat'>:</span> <span class='ocrx_word' id='word_1_859' title='bbox 3542 4778 3648 4842; x_wconf 83' lang='lat' dir='ltr'><strong>Qui</strong></span> 
     </span>
    </p>
   </div>
   <div class='ocr_carea' id='block_1_105' title="bbox 2066 4858 3646 4932">
    <p class='ocr_par' dir='ltr' id='par_1_105' title="bbox 2066 4858 3646 4932">
     <span class='ocr_line' id='line_1_105' title="bbox 2066 4858 3646 4932; baseline 0.008 -20"><span class='ocrx_word' id='word_1_860' title='bbox 2066 4870 2167 4923; x_wconf 75' lang='lat' dir='ltr'><strong>est,</strong></span> <span class='ocrx_word' id='word_1_861' title='bbox 2194 4861 2461 4928; x_wconf 83' lang='lat' dir='ltr'><strong>inquiens,</strong></span> <span class='ocrx_word' id='word_1_862' title='bbox 2493 4861 2545 4912; x_wconf 88' lang='lat' dir='ltr'><strong>in</strong></span> <span class='ocrx_word' id='word_1_863' title='bbox 2570 4861 2693 4913; x_wconf 88' lang='lat' dir='ltr'><strong>sinu</strong></span> <span class='ocrx_word' id='word_1_864' title='bbox 2719 4858 2919 4924; x_wconf 82' lang='lat' dir='ltr'><strong>Patris,</strong></span> <span class='ocrx_word' id='word_1_865' title='bbox 2955 4872 3014 4914; x_wconf 90' lang='lat' dir='ltr'><strong>ut</strong></span> <span class='ocrx_word' id='word_1_866' title='bbox 3042 4862 3158 4915; x_wconf 86' lang='lat' dir='ltr'><strong>sine</strong></span> <span class='ocrx_word' id='word_1_867' title='bbox 3189 4863 3449 4932; x_wconf 87' lang='lat' dir='ltr'><strong>principio</strong></span> <span class='ocrx_word' id='word_1_868' title='bbox 3479 4875 3534 4923; x_wconf 89' lang='lat' dir='ltr'><strong>et</strong></span> <span class='ocrx_word' id='word_1_869' title='bbox 3578 4870 3646 4924; x_wconf 88' lang='lat' dir='ltr'><strong>ab</strong></span> 
     </span>
    </p>
   </div>
   <div class='ocr_carea' id='block_1_106' title="bbox 2077 4951 3648 5013">
    <p class='ocr_par' dir='ltr' id='par_1_106' title="bbox 2077 4951 3648 5013">
     <span class='ocr_line' id='line_1_106' title="bbox 2077 4951 3648 5013; baseline 0.005 -8"><span class='ocrx_word' id='word_1_870' title='bbox 2077 4951 2221 5005; x_wconf 86' lang='lat' dir='ltr'><strong>omni</strong></span> <span class='ocrx_word' id='word_1_871' title='bbox 2251 4953 2557 5006; x_wconf 67' lang='lat' dir='ltr'><strong>aternitate</strong></span> <span class='ocrx_word' id='word_1_872' title='bbox 2606 4952 2938 5006; x_wconf 85' lang='lat' dir='ltr'><strong>demonstret</strong></span> <span class='ocrx_word' id='word_1_873' title='bbox 2965 4966 3103 5006; x_wconf 84' lang='lat' dir='ltr'><strong>esse.</strong></span> <span class='ocrx_word' id='word_1_874' title='bbox 3127 4955 3205 5008; x_wconf 84' lang='lat' dir='ltr'><strong>Ac</strong></span> <span class='ocrx_word' id='word_1_875' title='bbox 3230 4970 3298 5010; x_wconf 89' lang='lat' dir='ltr'><strong>ne</strong></span> <span class='ocrx_word' id='word_1_876' title='bbox 3352 4970 3417 5010; x_wconf 72' lang='lat' dir='ltr'><strong>ex</strong></span> <span class='ocrx_word' id='word_1_877' title='bbox 3474 4963 3648 5013; x_wconf 85' lang='lat' dir='ltr'><strong>nomi-</strong></span> 
     </span>
    </p>
   </div>
   <div class='ocr_carea' id='block_1_107' title="bbox 2078 5044 3648 5117">
    <p class='ocr_par' dir='ltr' id='par_1_107' title="bbox 2078 5044 3648 5117">
     <span class='ocr_line' id='line_1_107' title="bbox 2078 5044 3648 5117; baseline 0.007 -21"><span class='ocrx_word' id='word_1_878' title='bbox 2078 5044 2166 5096; x_wconf 89' lang='lat' dir='ltr'><strong>nis</strong></span> <span class='ocrx_word' id='word_1_879' title='bbox 2198 5044 2570 5109; x_wconf 87' lang='lat' dir='ltr'><strong>similitudine,</strong></span> <span class='ocrx_word' id='word_1_880' title='bbox 2592 5044 2827 5112; x_wconf 89' lang='lat' dir='ltr'><strong>aliquem</strong></span> <span class='ocrx_word' id='word_1_881' title='bbox 2854 5058 2918 5097; x_wconf 73' lang='grc' dir='ltr'><strong>οι</strong></span> <span class='ocrx_word' id='word_1_882' title='bbox 2940 5046 3005 5098; x_wconf 87' lang='lat' dir='ltr'><strong>iis</strong></span> <span class='ocrx_word' id='word_1_883' title='bbox 3033 5048 3124 5114; x_wconf 88' lang='lat' dir='ltr'><strong>qui</strong></span> <span class='ocrx_word' id='word_1_884' title='bbox 3176 5050 3345 5117; x_wconf 79' lang='lat' dir='ltr'><strong>gratia</strong></span> <span class='ocrx_word' id='word_1_885' title='bbox 3374 5051 3469 5105; x_wconf 91' lang='lat' dir='ltr'><strong>ﬁlii</strong></span> <span class='ocrx_word' id='word_1_886' title='bbox 3526 5063 3648 5107; x_wconf 87' lang='lat' dir='ltr'><strong>sunt</strong></span> 
     </span>
    </p>
   </div>
   <div class='ocr_carea' id='block_1_108' title="bbox 2078 5134 3645 5205">
    <p class='ocr_par' dir='ltr' id='par_1_108' title="bbox 2078 5134 3645 5205">
     <span class='ocr_line' id='line_1_108' title="bbox 2078 5134 3645 5205; baseline 0.005 -17"><span class='ocrx_word' id='word_1_887' title='bbox 2078 5134 2423 5205; x_wconf 84' lang='lat' dir='ltr'><strong>intelligeres,</strong></span> <span class='ocrx_word' id='word_1_888' title='bbox 2452 5135 2682 5203; x_wconf 86' lang='lat' dir='ltr'><strong>primum</strong></span> <span class='ocrx_word' id='word_1_889' title='bbox 2713 5134 2955 5202; x_wconf 72' lang='lat' dir='ltr'><strong>adiunxit</strong></span> <span class='ocrx_word' id='word_1_890' title='bbox 2994 5139 3300 5204; x_wconf 87' lang='lat' dir='ltr'><strong>articulum,</strong></span> <span class='ocrx_word' id='word_1_891' title='bbox 3346 5152 3407 5195; x_wconf 91' lang='lat' dir='ltr'><strong>ut</strong></span> <span class='ocrx_word' id='word_1_892' title='bbox 3443 5158 3565 5197; x_wconf 91' lang='lat' dir='ltr'><strong>eum</strong></span> <span class='ocrx_word' id='word_1_893' title='bbox 3618 5162 3645 5196; x_wconf 86' lang='lat' dir='ltr'><strong>a</strong></span> 
     </span>
    </p>
   </div>
   <div class='ocr_carea' id='block_1_109' title="bbox 2077 5227 3652 5298">
    <p class='ocr_par' dir='ltr' id='par_1_109' title="bbox 2077 5227 3652 5298">
     <span class='ocr_line' id='line_1_109' title="bbox 2077 5227 3652 5298; baseline 0.005 -17"><span class='ocrx_word' id='word_1_894' title='bbox 2077 5227 2204 5281; x_wconf 88' lang='lat' dir='ltr'><strong>ﬁliis</strong></span> <span class='ocrx_word' id='word_1_895' title='bbox 2236 5242 2331 5295; x_wconf 88' lang='lat' dir='ltr'><strong>per</strong></span> <span class='ocrx_word' id='word_1_896' title='bbox 2359 5230 2589 5294; x_wconf 80' lang='lat' dir='ltr'><strong>gratiam</strong></span> <span class='ocrx_word' id='word_1_897' title='bbox 2638 5228 2909 5294; x_wconf 85' lang='lat' dir='ltr'><strong>ad0ptatis</strong></span> <span class='ocrx_word' id='word_1_898' title='bbox 2952 5242 3251 5298; x_wconf 85' lang='lat' dir='ltr'><strong>separaret.</strong></span> <span class='ocrx_word' id='word_1_899' title='bbox 3311 5234 3532 5298; x_wconf 82' lang='lat' dir='ltr'><strong>Deinde,</strong></span> <span class='ocrx_word' id='word_1_900' title='bbox 3583 5250 3652 5289; x_wconf 87' lang='lat' dir='ltr'><strong>ne</strong></span> 
     </span>
    </p>
   </div>
   <div class='ocr_carea' id='block_1_110' title="bbox 2075 5319 3650 5386">
    <p class='ocr_par' dir='ltr' id='par_1_110' title="bbox 2075 5319 3650 5386">
     <span class='ocr_line' id='line_1_110' title="bbox 2075 5319 3650 5386; baseline 0.003 -13"><span class='ocrx_word' id='word_1_901' title='bbox 2075 5319 2213 5373; x_wconf 79' lang='lat' dir='ltr'><strong>forte</strong></span> <span class='ocrx_word' id='word_1_902' title='bbox 2244 5320 2295 5374; x_wconf 94' lang='lat' dir='ltr'><strong>id</strong></span> <span class='ocrx_word' id='word_1_903' title='bbox 2324 5320 2421 5373; x_wconf 84' lang='lat' dir='ltr'><strong>tibi</strong></span> <span class='ocrx_word' id='word_1_904' title='bbox 2454 5320 2704 5373; x_wconf 89' lang='lat' dir='ltr'><strong>deorsum</strong></span> <span class='ocrx_word' id='word_1_905' title='bbox 2734 5321 2961 5376; x_wconf 86' lang='lat' dir='ltr'><strong>intuenti</strong></span> <span class='ocrx_word' id='word_1_906' title='bbox 2993 5337 3100 5376; x_wconf 91' lang='lat' dir='ltr'><strong>non</strong></span> <span class='ocrx_word' id='word_1_907' title='bbox 3155 5336 3295 5377; x_wconf 85' lang='lat' dir='ltr'><strong>esset</strong></span> <span class='ocrx_word' id='word_1_908' title='bbox 3348 5325 3500 5386; x_wconf 83' lang='lat' dir='ltr'><strong>satis,</strong></span> <span class='ocrx_word' id='word_1_909' title='bbox 3555 5339 3650 5377; x_wconf 85' lang='grc' dir='ltr'>ιιο-</span> 
     </span>
    </p>
   </div>
   <div class='ocr_carea' id='block_1_111' title="bbox 2070 5411 3649 5482">
    <p class='ocr_par' dir='ltr' id='par_1_111' title="bbox 2070 5411 3649 5482">
     <span class='ocr_line' id='line_1_111' title="bbox 2070 5411 3649 5482; baseline 0.003 -18"><span class='ocrx_word' id='word_1_910' title='bbox 2070 5426 2191 5466; x_wconf 86' lang='lat' dir='ltr'><strong>mcn</strong></span> <span class='ocrx_word' id='word_1_911' title='bbox 2221 5412 2395 5464; x_wconf 87' lang='lat' dir='ltr'><strong>adhuc</strong></span> <span class='ocrx_word' id='word_1_912' title='bbox 2426 5411 2598 5479; x_wconf 85' lang='lat' dir='ltr'><strong>magis</strong></span> <span class='ocrx_word' id='word_1_913' title='bbox 2632 5412 2907 5481; x_wconf 85' lang='lat' dir='ltr'><strong>proprium</strong></span> <span class='ocrx_word' id='word_1_914' title='bbox 2935 5415 3158 5478; x_wconf 84' lang='lat' dir='ltr'><strong>addidit,</strong></span> <span class='ocrx_word' id='word_1_915' title='bbox 3197 5415 3298 5469; x_wconf 83' lang='lat' dir='ltr'><strong>hoc</strong></span> <span class='ocrx_word' id='word_1_916' title='bbox 3324 5423 3425 5477; x_wconf 89' lang='lat' dir='ltr'><strong>est,</strong></span> <span class='ocrx_word' id='word_1_917' title='bbox 3455 5413 3649 5482; x_wconf 84' lang='lat' dir='ltr'><strong>Unige-</strong></span> 
     </span>
    </p>
   </div>
   <div class='ocr_carea' id='block_1_112' title="bbox 2076 5502 3653 5572">
    <p class='ocr_par' dir='ltr' id='par_1_112' title="bbox 2076 5502 3653 5572">
     <span class='ocr_line' id='line_1_112' title="bbox 2076 5502 3653 5572; baseline 0.004 -14"><span class='ocrx_word' id='word_1_918' title='bbox 2076 5505 2243 5559; x_wconf 85' lang='lat' dir='ltr'><strong>nitus.</strong></span> <span class='ocrx_word' id='word_1_919' title='bbox 2278 5502 2429 5569; x_wconf 83' lang='lat' dir='ltr'><strong>Quod</strong></span> <span class='ocrx_word' id='word_1_920' title='bbox 2463 5504 2507 5557; x_wconf 87' lang='lat' dir='ltr'><strong>si</strong></span> <span class='ocrx_word' id='word_1_921' title='bbox 2537 5513 2659 5572; x_wconf 85' lang='lat' dir='ltr'><strong>post</strong></span> <span class='ocrx_word' id='word_1_922' title='bbox 2723 5506 2824 5559; x_wconf 81' lang='lat' dir='ltr'><strong>hoc</strong></span> <span class='ocrx_word' id='word_1_923' title='bbox 2856 5506 3043 5561; x_wconf 88' lang='lat' dir='ltr'><strong>oculos</strong></span> <span class='ocrx_word' id='word_1_924' title='bbox 3074 5507 3248 5560; x_wconf 84' lang='lat' dir='ltr'><strong>adhuc</strong></span> <span class='ocrx_word' id='word_1_925' title='bbox 3280 5506 3425 5560; x_wconf 89' lang='lat' dir='ltr'><strong>humi</strong></span> <span class='ocrx_word' id='word_1_926' title='bbox 3448 5507 3653 5564; x_wconf 76' lang='lat' dir='ltr'><strong>deﬁxos</strong></span> 
     </span>
    </p>
   </div>
   <div class='ocr_carea' id='block_1_113' title="bbox 463 5684 1965 5762">
    <p class='ocr_par' dir='ltr' id='par_1_113' title="bbox 463 5686 1965 5762">
     <span class='ocr_line' id='line_1_113' title="bbox 463 5686 1965 5762; baseline -0.008 -11"><span class='ocrx_word' id='word_1_927' title='bbox 463 5699 489 5731; x_wconf 63' lang='grc' dir='ltr'><strong>ί</strong></span> <span class='ocrx_word' id='word_1_928' title='bbox 512 5695 719 5751; x_wconf 86' lang='lat' dir='ltr'><strong>Coloss.</strong></span> <span class='ocrx_word' id='word_1_929' title='bbox 751 5708 814 5754; x_wconf 77' lang='grc' dir='ltr'>ιι.</span> <span class='ocrx_word' id='word_1_930' title='bbox 846 5691 931 5745; x_wconf 80' lang='lat' dir='ltr'><strong>l9.</strong></span> <span class='ocrx_word' id='word_1_931' title='bbox 1007 5692 1027 5721; x_wconf 86' lang='grc'>¹</span> <span class='ocrx_word' id='word_1_932' title='bbox 1055 5690 1071 5743; x_wconf 94' lang='grc'><strong>1</strong></span> <span class='ocrx_word' id='word_1_933' title='bbox 1100 5690 1298 5762; x_wconf 87' lang='lat' dir='ltr'><strong>Cor._t,</strong></span> <span class='ocrx_word' id='word_1_934' title='bbox 1331 5689 1385 5742; x_wconf 87' lang='lat'><strong>9.</strong></span> <span class='ocrx_word' id='word_1_935' title='bbox 1419 5760 1429 5762; x_wconf 75' lang='lat'><strong><em>_</em></strong></span> <span class='ocrx_word' id='word_1_936' title='bbox 1459 5688 1483 5762; x_wconf 63' lang='grc' dir='ltr'><strong><em>ξ</em></strong></span> <span class='ocrx_word' id='word_1_937' title='bbox 1511 5687 1684 5742; x_wconf 83' lang='lat' dir='ltr'><strong>Galat.</strong></span> <span class='ocrx_word' id='word_1_938' title='bbox 1710 5704 1749 5753; x_wconf 89' lang='grc' dir='ltr'><strong>ι,</strong></span> <span class='ocrx_word' id='word_1_939' title='bbox 1779 5690 1814 5743; x_wconf 75' lang='grc'><strong>4</strong></span> <span class='ocrx_word' id='word_1_940' title='bbox 1883 5688 1903 5717; x_wconf 76' lang='grc'>⁸</span> <span class='ocrx_word' id='word_1_941' title='bbox 1938 5686 1965 5739; x_wconf 78' lang='lat' dir='ltr'><strong>ll</strong></span> 
     </span>
    </p>
   </div>
   <div class='ocr_carea' id='block_1_114' title="bbox 2069 5684 3657 5762">
    <p class='ocr_par' dir='ltr' id='par_1_114' title="bbox 2069 5684 3657 5762">
     <span class='ocr_line' id='line_1_114' title="bbox 2069 5684 3657 5762; baseline 0.006 -23"><span class='ocrx_word' id='word_1_942' title='bbox 2069 5706 2095 5739; x_wconf 82' lang='grc' dir='ltr'><strong>ι.</strong></span> <span class='ocrx_word' id='word_1_943' title='bbox 2131 5704 2202 5753; x_wconf 62' lang='grc' dir='ltr'>λι,</span> <span class='ocrx_word' id='word_1_944' title='bbox 2226 5687 2314 5741; x_wconf 82' lang='grc'>56.</span> <span class='ocrx_word' id='word_1_945' title='bbox 2386 5688 2407 5719; x_wconf 84' lang='grc'><strong>⁸</strong></span> <span class='ocrx_word' id='word_1_946' title='bbox 2438 5686 2627 5741; x_wconf 75' lang='lat' dir='ltr'><strong>Matth.</strong></span> <span class='ocrx_word' id='word_1_947' title='bbox 2668 5702 2709 5752; x_wconf 88' lang='grc' dir='ltr'><strong>ι,</strong></span> <span class='ocrx_word' id='word_1_948' title='bbox 2738 5687 2828 5740; x_wconf 67' lang='lat'><strong>20.</strong></span> <span class='ocrx_word' id='word_1_949' title='bbox 2895 5686 2915 5717; x_wconf 83' lang='lat'><strong><em>‘</em></strong></span> <span class='ocrx_word' id='word_1_950' title='bbox 2941 5684 3081 5741; x_wconf 80' lang='lat' dir='ltr'><strong>Psal.</strong></span> <span class='ocrx_word' id='word_1_951' title='bbox 3118 5692 3321 5757; x_wconf 68' lang='lat' dir='ltr'><strong>m,lt.</strong></span> <span class='ocrx_word' id='word_1_952' title='bbox 3368 5689 3388 5720; x_wconf 87' lang='lat'><strong>&#39;</strong></span> <span class='ocrx_word' id='word_1_953' title='bbox 3412 5689 3573 5748; x_wconf 78' lang='lat' dir='ltr'><strong>Rom.</strong></span> <span class='ocrx_word' id='word_1_954' title='bbox 3608 5704 3657 5762; x_wconf 83' lang='grc' dir='ltr'><strong>ι,</strong></span> 
     </span>
    </p>
   </div>
   <div class='ocr_carea' id='block_1_115' title="bbox 398 5758 1498 5826">
    <p class='ocr_par' dir='ltr' id='par_1_115' title="bbox 398 5758 1498 5826">
     <span class='ocr_line' id='line_1_115' title="bbox 398 5758 1498 5826; baseline -0.01 -3"><span class='ocrx_word' id='word_1_955' title='bbox 398 5767 490 5823; x_wconf 78' lang='grc'><strong>10.</strong></span> <span class='ocrx_word' id='word_1_956' title='bbox 571 5766 591 5797; x_wconf 83' lang='grc'><strong>⁸</strong></span> <span class='ocrx_word' id='word_1_957' title='bbox 614 5763 771 5819; x_wconf 80' lang='lat' dir='ltr'><strong>Joan.</strong></span> <span class='ocrx_word' id='word_1_958' title='bbox 804 5763 842 5826; x_wconf 93' lang='lat' dir='ltr'><strong>i,</strong></span> <span class='ocrx_word' id='word_1_959' title='bbox 882 5763 969 5817; x_wconf 80' lang='lat' dir='ltr'><strong>l8.</strong></span> <span class='ocrx_word' id='word_1_960' title='bbox 1043 5763 1065 5793; x_wconf 84' lang='lat'><strong>’</strong></span> <span class='ocrx_word' id='word_1_961' title='bbox 1097 5760 1266 5814; x_wconf 78' lang='lat' dir='ltr'><strong>Exod.</strong></span> <span class='ocrx_word' id='word_1_962' title='bbox 1299 5774 1379 5823; x_wconf 87' lang='grc' dir='ltr'>ιιι,</span> <span class='ocrx_word' id='word_1_963' title='bbox 1412 5758 1498 5812; x_wconf 78' lang='lat' dir='ltr'><strong>M.</strong></span> 
     </span>
    </p>
   </div>
   <div class='ocr_carea' id='block_1_116' title="bbox 682 5850 1409 5919">
    <p class='ocr_par' dir='ltr' id='par_1_116' title="bbox 682 5850 1409 5919">
     <span class='ocr_line' id='line_1_116' title="bbox 682 5850 1409 5919; baseline -0.015 1"><span class='ocrx_word' id='word_1_964' title='bbox 682 5888 690 5895; x_wconf 83' lang='lat'><strong><em>-</em></strong></span> <span class='ocrx_word' id='word_1_965' title='bbox 721 5859 985 5919; x_wconf 73' lang='lat' dir='ltr'><strong>PamoL.</strong></span> <span class='ocrx_word' id='word_1_966' title='bbox 1028 5855 1141 5916; x_wconf 73' lang='lat' dir='ltr'><strong>Gtt.</strong></span> <span class='ocrx_word' id='word_1_967' title='bbox 1176 5850 1409 5915; x_wconf 71' lang='lat' dir='ltr'><strong>CXXX.</strong></span> 
     </span>
    </p>
   </div>
   <div class='ocr_carea' id='block_1_117' title="bbox 3260 5853 3333 5915">
    <p class='ocr_par' dir='ltr' id='par_1_117' title="bbox 3260 5853 3333 5915">
     <span class='ocr_line' id='line_1_117' title="bbox 3260 5853 3333 5915; baseline 0 0"><span class='ocrx_word' id='word_1_968' title='bbox 3260 5853 3333 5915; x_wconf 75' lang='grc'><strong>20</strong></span> 
     </span>
    </p>
   </div>
  </div>
