4100 6290
428 397 535 458 625

1380 397 1766 460 PANOPLIA
1804 395 2268 459 DOGMATIC‘A.
2308 423 2373 433 -
2415 397 2565 458 TlT.
2609 397 2714 456 Xl.

3565 395 3672 459 621‘»

420 534 451 584 6
483 531 751 601 μακάριος
793 530 1184 604 εὖαγγελιστὴς
1231 533 1555 604 δριμύτερον
1602 538 1714 599 τοῖς
1769 538 1987 608 ὲτεροδι·

2105 531 2299 586 beatus
2337 529 2674 599 evangelista
2703 527 2885 584 aerius
2915 528 3142 584 insultat
3182 531 3476 593 haereticis.
3505 540 3560 584 et
3585 534 3674 585 sali

419 623 780 676 δασκαλοῦσιν
810 626 1066 697 ἐπιπηδᾷι
1123 627 1215 679 καὶ
1257 627 1501 691 δουλείας
1551 629 1647 697 μὲν
1676 629 1891 701 ἀπάσης
1917 632 2002 696 ἐξ·-

2101 619 2251 675 omni
2281 618 2504 688 quidem
2539 617 2804 674 servitute
2829 617 3026 672 Filium
3063 619 3326 687 vindieat,
3363 629 3416 675 et
3450 621 3518 674 ab
3552 635 3672 674 orn—

420 715 564 769 έὶικει
591 716 684 769 τὸν
717 717 880 771 Υἱόνο
940 719 1004 771 ἐκ
1049 719 1106 771 δὲ
1160 721 1258 790 τῆς
1310 722 1598 794 ἐλευθέρας
1631 724 1724 777 καὶ
1781 724 1987 780 πάντωι

2101 710 2380 779 nipotente
2431 709 2742 763 substantia
2793 722 3016 763 manare
3066 709 3337 772 ostendit,
3394 710 3450 764 in
3501 725 3674 779 eaque

419 807 696 877 ἀρχούσης
747 811 934 874 οὐσίας
976 812 1323 883 ὲκπεφηνότα
1361 815 1615 875 δεικνύει.
1645 818 1748 872 καὶ.
1771 819 1830 870 ἐν
1861 819 1996 890 αὐτῇ

420 899 668 965 φυσικῶς
693 901 954 972 ὑπάρχειν
981 905 1334 976 ἰσχυρίζεται,
1364 907 1556 976 λέγων·
1578 909 1680 963 Ἐν
1715 909 1872 979 ἀρχῇ
1918 907 1997 979 ἦν

421 992 454 1043 ὁ
487 991 700 1056 Λόγος.

503 1079 816 1133 Ἐπιπλέκει
859 1082 916 1134 δὲ
973 1082 1052 1150 τῷ
1074 1085 1174 1152 τῆς
1219 1087 1414 1156 ἀρχῆς
1458 1088 1682 1158 ὀνόματι
1712 1093 1996 1162 χρησίμως

415 1167 480 1222 τὸ
508 1165 606 1238 ἦν,
637 1170 724 1222 ἵνα
752 1170 826 1242 μὴ
857 1172 1020 1241 μόνον
1048 1175 1294 1248 εὐκλεὴς,
1334 1179 1470 1233 ἀλλὰ
1507 1181 1695 1249 νοῆται
1745 1185 1837 1236 καί
1865 1201 1988 1250 πρου

415 1257 631 1323 αιώνιος
655 1275 668 1290 ’
690 1261 926 1316 τέθειται
950 1263 1058 1335 γὰρ
1109 1269 1167 1319 ὲν
1190 1268 1400 1332 τούτοις
1441 1271 1498 1323 τὸ
1524 1267 1620 1339 ἦν,
1657 1269 1735 1335 εἷς
1771 1272 1992 1341 βαθεῖάν

407 1365 557 1438 ξτινα,
592 1349 686 1401 καὶ
717 1349 1119 1422 ἀκατάληπτον,
1150 1357 1243 1409 καὶ
1269 1357 1368 1427 τὴν
1397 1359 1501 1422 ἔξω
1528 1359 1734 1428 χρόνων
1757 1361 1994 1433 ἆρῤητον

411 1437 668 1508 ξίέννησιν
691 1440 965 1494 ἀνατεῖνον
1026 1445 1119 1497 τοῦ
1169 1447 1499 1517 θεωροῦντος
1530 1451 1628 1522 τὴν
1666 1452 1890 1508 ἔννοιαν.
1923 1454 1994 1509 Τὸ

405 1521 524 1599 ’γὰρ
554 1526 651 1600 ἦν,
677 1531 1001 1601 ἀδιορίστως
1025 1536 1360 1609 ὲκφωνηθὲν,
1387 1545 1466 1606 είς
1498 1521 1646 1598 ποῖον
1668 1547 1800 1615 ἡμῖν
1821 1565 1991 1600 κατα-

412 1619 563 1692 λήξει
644 1622 830 1684 τόπον,
875 1624 959 1677 ἀεὶ
1011 1627 1362 1695 προελαύνειν
1417 1633 1510 1686 τοῦ
1555 1632 1836 1700 διώκοντος
1897 1637 1990 1691 νοῦ

413 1711 680 1779 πεφυκὸς,
719 1714 814 1765 καὶ
840 1715 906 1782 ἢν
934 1714 1111 1785 οἴηταί
1132 1736 1212 1782 τις
1241 1720 1384 1791 ἔχειν
1410 1724 1572 1777 αὑτοῦ
1590 1726 1688 1796 τὴν
1707 1728 1990 1792 κατάπαυ-

2099 801 2428 854 naturaliter
2472 799 2652 869 ipsum
2708 797 2980 854 exsistere
3037 801 3259 866 asserit,
3313 800 3504 857 dicens
3545 819 3560 856 :
3607 800 3670 855 In

2097 891 2352 970 prinnipio
2382 899 2499 942 erat
2548 887 2794 944 Verbum.

2174 1066 2432 1132 Principii
2461 1075 2639 1120 autem
2676 1067 2946 1122 vocabulo
3006 1067 3162 1132 illud,
3192 1079 3327 1129 erat,
3364 1068 3666 1138 subjungit,

2097 1163 2288 1209 utnon
2333 1156 2508 1209 solum
2550 1156 2847 1224 gloriosus,
2888 1172 3076 1211 verum
3106 1158 3266 1212 etiam
3293 1168 3419 1213 ante
3467 1162 3668 1213 saecula

2092 1247 2311 1318 genitus
2343 1247 2698 1318 intelligatur.
2738 1246 2872 1302 Illud
2906 1249 3083 1312 enim,
3131 1259 3278 1315 erat,
3313 1249 3401 1304 hic
3428 1252 3666 1319 positum

2095 1348 2215 1402 est,
2285 1352 2393 1407 quo
2457 1339 2881 1408 contemplantis
2944 1341 3162 1395 animus
3221 1341 3273 1394 in
3341 1343 3666 1411 profundam

2091 1430 2385 1500 quamdam
2434 1438 2487 1484 et
2526 1413 3166 1499 incomprehensibilem,
3218 1437 3272 1486 et
3339 1431 3666 1487 ineffabilem

2091 1537 2212 1588 qum
2242 1529 2444 1575 cuncta
2487 1533 2712 1590 superat
2744 1531 2990 1590 tempora
3037 1523 3448 1592 generationem
3483 1525 3667 1580 inten-

2090 1615 2274 1668 datur.
2314 1631 2331 1664 ι
2370 1613 2500 1667 Erat
2531 1631 2548 1663 ι
2577 1613 2743 1678 enim,
2779 1610 3061 1666 indeﬁnite
3096 1611 3390 1681 prolatum,
3424 1628 3662 1681 quonam

2092 1702 2144 1754 in
2195 1701 2314 1755 loco
2366 1715 2466 1754 nos
2518 1699 2706 1764 sistet,
2768 1715 2892 1754 cum
2954 1707 3372 1769 prosequentem
3431 1713 3663 1756 mentem

413 1821 520 1867 σιν,
547 1804 751 1873 ταύτην
771 1805 863 1858 τοῦ
890 1807 1144 1862 ἐπέκεινα
1173 1811 1372 1882 δρόμου
1413 1815 1732 1886 ποιούμενον
1767 1821 1943 1889 ἀρχὴν
1965 1839 1980 1884 ς

2093 1799 2284 1846 natura
2313 1806 2411 1844 sua
2441 1805 2660 1860 semper
2690 1800 3011 1855 antevertat,
3043 1801 3097 1846 et
3129 1807 3290 1860 quam
3325 1792 3471 1846 illius
3505 1793 3665 1862 quie-
3767 1858 3771 1861 ς

416 1915 436 1949 ι
475 1893 580 1950 Ἦν
633 1893 726 1950 οὖν
770 1899 798 1950 ὁ
852 1898 1022 1967 Λόγος
1052 1901 1110 1952 ὲν
1150 1903 1312 1973 ἀρχῇ,
1348 1925 1365 1956 ι
1397 1907 1538 1961 τοῦτ’
1591 1909 1758 1973 ἐστιν,
1797 1910 1872 1973 ὡς
1927 1915 1986 1964 ἐν

408 1989 556 2058 ἀρχῇ
585 1992 650 2060 τῇ
677 1990 772 2042 ἐπὶ
800 1990 997 2058 πάντα,
1025 1995 1120 2046 καὶ
1148 1993 1208 2058 ἐξ
1251 1997 1419 2066 αὐτῆς
1447 1999 1708 2070 ὑπάρχων
1738 2003 1982 2069 φυσικῶς

408 2079 471 2132 τὸ
495 2079 811 2134 δεσποτικὸν
840 2079 977 2151 ἔχων
1016 2081 1251 2154 ἀξίωμα.
1282 2087 1344 2139 Εἰ
1362 2088 1418 2140 δὲ
1443 2089 1599 2143 τοῦτο
1628 2092 1843 2164 ἀληθὲς,
1867 2095 1983 2158 πῶς

406 2170 492 2224 ἔτι
542 2172 788 2242 γενητὸς,
824 2173 857 2245 ἢ
892 2175 1289 2247 πεποιημένος;
1329 2165 1500 2233 Ὅπου
1536 2182 1590 2235 δὲ
1631 2184 1763 2246 ὅλως
1793 2185 1852 2236 τὸ
1881 2186 1979 2252 ἦν,

409 2261 554 2315 κατὰ
574 2262 696 2315 τίνα
723 2266 922 2333 τρόπον
965 2267 1027 2319 τὸ
1085 2270 1202 2322 οὐκ
1257 2264 1332 2338 ἦν
1375 2273 1724 2344 είσόήσεται;
1763 2276 1795 2346 ἢ
1833 2280 1986 2330 ποῖον

415 2349 530 2415 ἕξει
552 2350 734 2406 λοιπὸν
759 2355 849 2408 τὸν
879 2357 1018 2411 κατὰ
1043 2358 1136 2411 τοῦ
1165 2352 1294 2413 Υίοῦ
1330 2363 1519 2428 τόπον;

581 2610 694 2664 Τοῦ
723 2609 910 2664 αὑτοῦ
939 2609 1007 2660 ἐκ
1038 2607 1143 2661 τοῦ
1169 2607 1300 2675 περὶ
1331 2607 1572 2675 Τριάδος
1611 2609 1819 2676 λόγον.

483 2700 651 2772 Εἴπερ
682 2691 754 2772 μή
783 2697 850 2772 ἦν
893 2717 1019 2753 ποτε
1049 2701 1135 2752 ὅτε
1165 2701 1264 2754 οὐκ
1301 2695 1388 2770 ἦν,
1425 2701 1610 2769 φησιν,
1650 2699 1787 2754 ἀλλὰ
1817 2699 1983 2762 ἀΐδιός

404 2794 610 2850 ἀστινό
634 2793 782 2860 Υίός,
807 2793 899 2846 καὶ
924 2793 1254 2864 συνυπάρχει
1279 2792 1357 2860 τῷ
1384 2793 1579 2864 Πατρὶ,
1604 2793 1704 2846 οὑκ
1725 2792 1802 2846 ἔτι
1833 2793 1983 2858 Υίὸν,

409 2887 522 2940 ἰλλθ
557 2886 786 2955 ἀδελφὸν
817 2886 940 2948 λέγε
975 2885 1182 2952 τοῦτον,
1217 2886 1492 2940 συναῖδιον
1533 2883 1673 2939 εἶναι
1708 2885 1980 2953 λέγοντες,

408 2981 503 3033 καὶ
535 2980 664 3032 Υίὸν
695 2975 833 3032 εἷναί
884 2997 1086 3049 φαμεν.
1142 2981 1204 3033 Ei
1233 2983 1331 3047 μὲν
1359 2980 1452 3049 οὖν
1491 2979 1676 3042 ἁπλῶς
1702 2974 1768 3048 ἦν
1800 2978 1983 3030 συναΐ-

403 3073 539 3138 δςος,
598 3074 692 3125 καὶ
746 3073 868 3142 οὐχὶ
901 3073 1051 3140 Υἱὸς,
1085 3072 1266 3143 χώραν
1318 3070 1466 3143 εῖχεν
1495 3073 1702 3143 ὑμῶνὴ
1730 3073 1978 3125 ὑπόνοια.

2087 1889 2192 1936 tem
2234 1897 2356 1936 esse
2399 1882 2712 1950 putaveris,
2759 1881 2901 1934 hanc
2946 1881 3227 1935 ulterioris
3265 1896 3466 1938 cursus
3501 1881 3666 1938 faciat

2085 1971 2335 2028 initium?
2373 1989 2391 2023 ι
2422 1971 2551 2025 Erat
2590 1990 2608 2023 ι
2644 1973 2809 2042 igitur
2848 1992 2864 2023 ι
2898 1971 3135 2028 Verbum
3186 1973 3241 2027 in
3292 1975 3596 2045 principio,
3639 1997 3657 2028 ι

2089 2065 2194 2119 hoc
2225 2074 2339 2129 est,
2387 2064 2440 2116 in
2478 2071 2749 2133 potestate
2782 2079 2902 2132 quae
2941 2072 3024 2118 est
3069 2080 3233 2134 supra
3271 2067 3472 2129 omnia,
3515 2075 3567 2120 et
3596 2083 3660 2120 ex

2087 2159 2204 2228 ipsa
2252 2158 2524 2212 exsistens
2579 2156 2940 2219 naturaliter,
2998 2153 3322 2223 Dominique
3376 2157 3662 2224 majestate
3716 2229 3722 2233 _

2088 2250 2395 2317 prmditum.
2449 2247 2606 2313 Quod
2636 2247 2680 2299 si
2720 2247 2791 2298 ita
2823 2255 2942 2308 est,
2981 2248 3258 2314 quomodo
3293 2257 3514 2302 creatus
3565 2250 3632 2301 de

2092 2356 2239 2394 mum
2283 2348 2378 2392 aut
2425 2340 2603 2392 factus
2629 2338 2772 2390 erit?
2804 2335 2906 2390 Ubi
2932 2337 3168 2406 denique
3220 2337 3351 2391 illud
3401 2349 3517 2391 erat
3555 2340 3655 2392 ali-

2089 2446 2201 2501 quo
2224 2431 2385 2486 modo
2412 2447 2514 2483 non
2543 2437 2678 2491 erat,
2709 2427 2887 2487 inibit,
2919 2434 3014 2481 aut
3039 2442 3199 2496 quem
3229 2426 3451 2482 tandem
3479 2429 3656 2482 loeutn

2090 2521 2314 2576 habebit
2345 2520 2398 2573 in
2431 2517 2608 2571 Filio?
3709 2504 3714 2508 ’

2413 2608 2664 2672 Eiusdem
2693 2627 2758 2664 ex
2791 2611 2923 2665 libro
2963 2613 3026 2664 de
3057 2613 3340 2669 Trinitate.

2164 2699 2220 2753 Si
2269 2715 2548 2770 nunquam
2583 2700 2707 2764 fuit,
2738 2703 3010 2770 inquiunt,
3062 2719 3182 2757 cum
3226 2721 3331 2758 non
3366 2718 3528 2766 esset.
3564 2709 3658 2763 sed

2092 2793 2349 2860 proprius
2379 2801 2464 2846 est
2488 2791 2680 2856 Filius,
2704 2801 2756 2846 et
2783 2794 2945 2848 simul
2967 2795 3178 2850 exsistit
3206 2811 3328 2850 cum
3361 2798 3534 2863 Patre,
3563 2815 3660 2854 cur

2089 2883 2264 2940 Filius
2318 2900 2381 2940 ac
2414 2898 2523 2939 non
2568 2883 2739 2940 frater
2779 2887 2958 2954 potius
2985 2888 3327 2955 appellatur?
3366 2888 3502 2944 Eum
3535 2906 3656 2945 cum

2089 2975 2249 3030 Patre
2305 2983 2566 3030 arternum
2621 2977 2900 3044 dicentes,
2944 2977 3138 3032 Filium
3181 2980 3345 3034 etiam
3401 2979 3658 3033 dicimus.

2089 3070 2146 3122 Si
2179 3078 2440 3123 aeternum
2470 3069 2638 3139 igitur
2660 3071 2825 3123 simul
2851 3085 2973 3123 cum
3013 3069 3173 3124 Patre
3199 3072 3522 3135 diceremus,
3552 3089 3657 3126 non

415 3165 636 3235 Ἐπειδὴ
667 3165 724 3218 δὲ
763 3167 899 3236 πρὸς
949 3166 1026 3237 τῷ
1074 3167 1228 3234 ἀϊδίῳ
1281 3167 1378 3220 καὶ
1426 3165 1559 3220 Υἱὸν
1590 3165 1980 3236 ὁμολογοῦμεν,

2090 3172 2266 3218 autem
2303 3163 2524 3228 Filium,
2549 3162 2730 3217 locum
2770 3162 2994 3217 haberet
3022 3171 3199 3217 vestra
3233 3164 3492 3234 suspicio.
3523 3164 3660 3220 Cum

403 3256 524 3320 πῶς
551 3258 578 3310 ὁ
603 3257 731 3322 Υἱὸς
763 3258 989 3324 ἁδελφός
1018 3260 1134 3311 ἐστι
1173 3257 1268 3310 τοῦ
1305 3261 1701 3328 γεννήσαντοςς

849 3453 949 3509 Ἐκ
983 3454 1089 3508 τοῦ
1125 3457 1313 3511 αὐτοῦ
1345 3459 1554 3524 λόγου.

480 3548 652 3615 Εἴπερ
690 3549 722 3618 ή
755 3547 936 3609 πίστις
964 3548 1122 3618 ήμῶν
1173 3549 1252 3611 είς
1301 3550 1516 3620 Πατέρα
1566 3553 1660 3605 καὶ
1690 3551 1818 3607 Υίόν
1847 3552 1981 3619 ἐστι,

407 3642 505 3695 καὶ
541 3639 684 3694 οὕτω
713 3639 1113 3710 βαπτιζόμεθα,
1178 3641 1306 3696 ποία
1366 3643 1663 3716 ἀδελφότης
1720 3647 1778 3698 ὲν
1807 3645 1984 3715 τούτῳ

410 3732 752 3802 φαίνεταιςῆ
786 3733 902 3797 πῶς
936 3737 962 3787 ὁ
995 3734 1167 3802 Λόγος
1202 3735 1430 3804 ἁδελφὸς
1469 3735 1609 3791 εἶναι
1644 3736 1866 3791 δύναται
1921 3732 1982 3793 οὗ

407 3826 524 3877 ὲστι
562 3824 732 3892 Λόγος
759 3840 775 3888 ;

1027 3937 1135 3992 Kal
1167 3937 1364 3991 τοῦτο.

487 4030 601 4082 Οὐκ
637 4028 700 4082 ἐκ
727 4045 872 4093 τινος
902 4030 1077 4100 ἀρχῆς
1116 4028 1584 4100 προϋπαρχούσης
1617 4032 1984 4103 ἐγεννήθησαν

408 4125 438 4176 ὁ
473 4123 660 4195 Πατὴρ
717 4129 813 4181 καὶ
867 4128 894 4177 ὁ
925 4125 1075 4189 Υἱὸς,
1115 4125 1202 4177 ἵνα
1250 4125 1343 4177 καὶ
1369 4125 1591 4193 ἀδελφοὶ
1629 4124 2000 4195 νομισθῶσιν,

406 4214 524 4267 ἀλλ’
559 4217 585 4267 ὁ
612 4216 803 4284 Πατὴρ
855 4214 998 4286 ἀρχὴ
1060 4213 1155 4267 τοῦ
1187 4214 1340 4278 Υίοῦ,
1388 4216 1484 4268 καὶ
1514 4217 1688 4268 τίκτει
1711 4215 1802 4269 τὸν
1833 4218 1982 4282 Υἱὺν,

405 4307 502 4359 καὶ
533 4307 682 4374 μένει
716 4306 929 4375 Πατὴρ,
971 4310 1066 4359 καὶ
1096 4306 1194 4374 οὐχ
1245 4307 1374 4370 Υἱός
1417 4324 1559 4370 τινος
1605 4307 1856 4376 λέγεταισ
1888 4310 1985 4362 καὶ

408 4399 442 4449 όΔ
473 4397 599 4460 Υίὺς
631 4398 744 4460 υίός
775 4399 914 4461 ἐστι,
953 4399 1044 4450 καὶ
1066 4399 1202 4467 ὅπερ
1232 4400 1349 4452 ἐστὶ
1389 4402 1562 4468 μένει,
1595 4401 1809 4454 καὶούκ
1834 4401 1986 4454 ἀδελ-

2086 3266 2266 3311 autem
2330 3257 2533 3327 pariter
2587 3266 2639 3310 et
2691 3264 2977 3321 :eternum,
3011 3265 3065 3309 et
3115 3255 3310 3309 Filium
3369 3255 3657 3318 fateamur,

2086 3349 2362 3418 quomodo
2394 3345 2566 3403 Filius
2600 3348 2864 3418 genitoris
2888 3347 3058 3402 frater
3096 3363 3216 3403 esse
3254 3347 3450 3417 queat?

2534 3459 2598 3514 Et
2625 3461 2733 3514 haec
2757 3477 2820 3516 ea:
2851 3461 3028 3515 eodem
3063 3461 3218 3515 libro.

2161 3556 2218 3611 Si
2251 3555 2385 3612 ﬁdes
2417 3563 2601 3609 nostra
2630 3556 2682 3608 in
2708 3555 2921 3609 Patrem
2949 3565 3000 3608 et
3024 3551 3220 3607 Filium
3256 3562 3360 3617 est,
3395 3561 3556 3622 atque
3584 3553 3654 3606 ita

2087 3640 2460 3719 baptizamur,
2492 3644 2738 3718 quaenam
2768 3647 2858 3702 hic
2895 3646 3229 3709 fraternitas,
3269 3654 3327 3700 ut
3357 3646 3429 3700 ita
3459 3645 3657 3706 dicam.

2089 3743 2348 3810 apparet?
2382 3745 2488 3795 Aut
2523 3739 2800 3809 quomodo
2833 3737 3072 3794 Verbum
3127 3741 3294 3792 frater
3325 3752 3444 3793 esse
3478 3745 3654 3805 potest

2087 3833 2257 3896 illius,
2287 3832 2445 3902 cujus
2475 3840 2556 3888 est
2579 3830 2855 3887 Verbum?

2757 3943 2824 3996 Et
2854 3945 2963 3997 Ita'c

2159 4037 2275 4092 Non
2330 4053 2396 4093 ex
2449 4037 2562 4092 ullo
2597 4035 2958 4091 antecedente
3001 4033 3270 4103 principio
3305 4031 3470 4105 geniti
3528 4041 3658 4087 sunt

2089 4131 2247 4185 Pater
2271 4138 2324 4184 et
2356 4130 2550 4197 Filius,
2579 4137 2639 4184 ut
2672 4128 2870 4182 fratres
2891 4127 3053 4182 etiam
3088 4127 3301 4196 possint
3325 4125 3651 4182 existimari.

2089 4226 2194 4282 Sed
2224 4226 2385 4280 Pater
2415 4234 2501 4281 est
2531 4225 2654 4280 Filii
2694 4223 3046 4294 principium.
3084 4233 3137 4277 et
3168 4221 3367 4276 Filium
3401 4221 3568 4289 parit,
3602 4231 3656 4275 et

2087 4329 2270 4371 manet
2307 4317 2490 4379 Pater,
2527 4330 2629 4370 nec
2659 4315 2824 4370 ullius
2857 4329 2976 4369 esse
3012 4312 3185 4368 Filius
3213 4313 3432 4368 dicitur.
3481 4310 3656 4366 Filius

2088 4411 2214 4463 item
2271 4407 2444 4462 Filius
2489 4416 2597 4470 est,
2642 4415 2696 4462 et
2749 4407 2894 4475 quod
2940 4413 3024 4460 est
3073 4414 3276 4469 manet,
3331 4421 3430 4460 nec
3486 4405 3656 4458 frater

409 4489 510 4557 φός
538 4505 680 4552 τινος
706 4491 846 4542 κατὰ
894 4489 1058 4559 φύσιν
1089 4491 1330 4558 λέγεται,
1375 4493 1527 4544 ποῖον
1556 4490 1648 4544 οὖν
1680 4491 1793 4556 ἕξει
1821 4493 1985 4548 τόπον

2093 4500 2422 4567 cuiusquam
2476 4510 2670 4553 natura
2705 4496 2929 4552 dicitur.
2983 4497 3116 4562 Quis
3143 4497 3304 4565 igitur
3340 4497 3395 4551 in
3433 4497 3517 4552 his
3551 4497 3660 4552 fra-

408 4578 712 4650 ἀδελφότης
745 4581 804 4631 ὲν
837 4580 1046 4642 τούτοις
1068 4596 1083 4644 ἶ

1027 4695 1138 4750 Καὶ
1168 4694 1364 4749 τοῦτο.

489 4787 548 4839 Et
578 4787 780 4849 τέλειος
802 4786 830 4838 ὁ
857 4786 1066 4857 Πατὴρ,
1102 4789 1305 4841 τέλειον
1325 4789 1480 4844 ἔσται
1513 4790 1608 4844 καὶ
1632 4791 1690 4843 τὸ
1715 4789 1772 4855 ἐξ
1795 4790 1984 4844 αὑτοῦ.

2091 4592 2331 4646 teruitati
2359 4592 2555 4647 locus?

2759 4704 2824 4757 Et
2855 4704 2986 4758 Itwc.

2163 4795 2217 4849 Si
2247 4794 2522 4864 perfectus
2544 4807 2630 4851 est
2663 4797 2842 4862 Pater,
2879 4795 3181 4866 perfectum
3208 4803 3314 4849 erit
3341 4804 3396 4849 et
3420 4795 3564 4864 quod
3589 4811 3656 4850 ex

414 4881 527 4933 Kal.
559 4880 606 4931 el
657 4880 792 4949 πρὸς
820 4879 994 4950 τούτῳ
1022 4880 1081 4932 τδ
1132 4881 1302 4935 ἀΐδιον
1333 4882 1471 4952 ἔχει,
1506 4883 1676 4936 ἀΐδιον
1706 4884 1860 4937 ἔσται
1893 4885 1987 4936 καὶ

2091 4887 2208 4956 ipso
2247 4896 2350 4942 est.
2386 4887 2446 4942 Si
2473 4897 2709 4942 asternus
2739 4897 2996 4957 praeterea
3030 4895 3138 4948 est.
3171 4895 3430 4940 aeternum
3467 4890 3572 4940 erit
3605 4894 3660 4940 et

414 4973 479 5024 τὸ
509 4969 566 5034 ἐξ
619 4971 790 5023 ἀϊδίου
844 4970 1076 5038 Πατρὶς,
1139 4972 1239 5025 οὐκ
1292 4973 1738 5044 ἐπισυμεεόηκὸς
1787 4979 1852 5046 τῇ
1893 4975 1986 5028 τοῦ

2090 4981 2162 5042 id,
2216 4981 2358 5050 quod
2415 4998 2479 5035 ex
2531 4980 2692 5035 Patre
2723 4989 2930 5034 aeterno
2986 4987 3091 5035 est.
3146 4977 3332 5050 Neque
3387 4981 3660 5050 gignentia

411 5063 776 5132 γεννήσαντος
799 5062 977 5135 οὐσίᾳ,
1006 5063 1120 5117 ἀλλ’
1151 5064 1239 5117 ἀεὶ
1289 5067 1641 5138 συνυπάρχον
1673 5068 1835 5138 αὐτῇ,
1892 5069 1987 5121 καὶ

2090 5071 2404 5138 adjunctum
2441 5074 2715 5136 essentia,
2746 5073 2836 5126 sed
2867 5088 2990 5127 cum
3024 5073 3140 5144 ipsa
3171 5073 3334 5128 simul
3362 5074 3657 5137 exsistens,

410 5151 513 5203 οὐκ
566 5152 754 5215 ἀτελὲς
792 5153 880 5205 διὰ
933 5153 997 5206 τὺ
1031 5155 1090 5206 ἐν
1115 5155 1294 5225 χρόνῳ
1350 5157 1608 5224 γενέσθαι
1640 5161 1782 5212 κατά
1808 5175 1981 5222 τινας,

411 5243 548 5295 ἀλλὰ
576 5244 779 5297 τέλειον
801 5245 893 5298 διὰ
929 5245 989 5297 τὸ
1027 5245 1134 5316 πρὸ
1159 5249 1358 5311 παντὸς
1397 5245 1539 5302 εἶναι
1565 5249 1775 5319 χρόνου.

1022 5445 1132 5498 Kal
1172 5446 1368 5500 τοῦτο.

496 5530 796 5596 Ἀντίθεσις
853 5536 956 5587 οὐκ
1004 5536 1209 5608 ἀληθής
1254 5541 1585 5609 ἀνατρέπειν
1633 5532 1864 5599 δοκοῦσα
1888 5546 1984 5600 τοῦ

411 5622 548 5676 Υἱοῦ
581 5624 642 5675 τὺ
674 5624 844 5680 ἀΐδιον
866 5626 1064 5691 οὕτως.
1098 5631 1159 5683 El
1191 5632 1368 5702 τομήν
1407 5650 1574 5703 φησιν
1607 5635 1641 5706 ή
1683 5635 1804 5690 θεία
1825 5637 1985 5706 φύσις

409 5716 512 5769 οὐκ
545 5715 875 5786 ἐπιδέχεται,
907 5718 993 5773 διὰ
1023 5721 1082 5774 τὸ
1112 5721 1186 5790 μὴ
1208 5718 1348 5781 εἶναι
1376 5725 1585 5790 πάθους
1606 5726 1855 5798 δεκτική.
1888 5724 1983 5794 Οἷς

410 5811 521 5879 γὰρ
545 5810 606 5862 τὸ
645 5810 877 5882 πάσχειν
904 5815 1047 5868 κατὰ
1097 5815 1256 5884 φύσιν
1292 5817 1548 5888 ὑπάρχει,
1597 5821 1809 5886 τούτοις
1836 5823 1982 5876 ἐστὶν

2094 5177 2220 5226 nec,
2255 5173 2311 5215 ut
2363 5163 2585 5230 quidam
2618 5165 2825 5226 volunt,
2884 5165 3260 5233 imperfectum
3311 5165 3439 5228 erit,
3476 5172 3660 5231 utpote

2093 5251 2297 5306 factum
2325 5253 2378 5305 in
2413 5261 2656 5322 tempore
2697 5255 2788 5309 sed
2822 5253 3148 5322 perfectum,
3173 5255 3316 5323 quod
3350 5263 3478 5308 ante
3498 5265 3660 5306 omne

2086 5353 2297 5412 tempus
2330 5345 2582 5398 exsistat.

2763 5459 2826 5514 Et
2860 5461 2988 5514 Ita‘c.

2158 5550 2518 5619 Argumenta,
2574 5552 2774 5622 quibus
2828 5553 2946 5606 Filii
2983 5560 3250 5606 conantur
3297 5553 3658 5608 mternitatem

2086 5652 2348 5701 evertere.
2402 5644 2537 5702 falsa
2589 5657 2739 5700 sunt.
2779 5643 2833 5697 Si
2871 5645 3074 5708 divina,
3131 5645 3409 5711 inquiunt,
3463 5655 3659 5702 natura

2087 5737 2259 5789 secari
2295 5753 2402 5792 non
2459 5746 2656 5808 potest,
2711 5739 2834 5804 quia
2878 5737 2930 5789 in
2989 5737 3136 5790 illam
3186 5737 3502 5796 affectiones
3551 5757 3662 5795 non

2089 5829 2314 5882 cadunt.
2347 5828 2476 5896 Quae
2530 5831 2674 5887 enim
2737 5841 2931 5889 natura
2987 5833 3305 5893 affectiones
3343 5837 3662 5902 admittunt,
