4026 6290
419 330 519 390 627

1656 334 1972 393 EUTIIYM
1984 335 2039 395 II
2081 334 2444 396 ZIGABENI

3577 334 3675 396 (ἱΞῖ

416 443 710 496 sectionem
763 441 924 495 etiam
961 442 1286 512 suscipiunt,
1321 438 1428 498 non
1466 445 1724 499 debemus
1779 446 1987 508 dicere.

2100 446 2302 499 οἰκεῖον
2336 446 2430 499 καὶ
2461 442 2521 496 τὸ
2546 442 2861 513 τέμνεσθαι.
2896 443 2971 497 Οὑ
2999 440 3106 513 χρὴ
3134 440 3313 509 λέγειν
3348 440 3412 492 ὲκ
3456 440 3553 511 τῆς
3580 445 3673 497 οὗ·

424 534 617 586 lt‘ilium
657 549 775 588 esse
804 551 865 589 ex
903 533 1079 589 Patris
1106 538 1363 601 essentia,
1397 552 1462 591 ne
1493 553 1596 607 qua
1631 538 1867 602 alii-otio,
1902 545 1997 591 aut

421 626 621 681 divisio
659 629 710 681 in
763 629 993 697 simpfici
1038 630 1126 681 ilia
1172 639 1365 683 natura
1422 642 1701 698 appareat.
1757 630 1811 683 Si
1848 634 1992 683 enim

421 722 563 786 quod
601 738 664 775 ex
702 722 805 773 alio
838 730 921 775 est
951 737 1201 783 numero,
1238 723 1512 777 diversum
1566 735 1645 775 ιιδὶ
1685 722 1752 775 ab
1781 722 1892 785 illo,
1926 739 1995 777 ex

419 830 529 879 quo
565 824 668 876 est,
696 822 748 867 et
781 814 1051 881 provenit,
1085 815 1256 869 sectio
1290 825 1343 867 et
1392 815 1609 882 partitio
1655 814 1904 883 quaedam
1941 818 1993 867 in

422 914 615 958 natura
674 904 859 958 divina
911 906 1295 973 perspieictur.
1331 905 1423 960 Sin
1490 908 1830 961 extrinsecus
1887 917 1989 968 est,

422 999 751 1053 adventitius
788 1002 1039 1065 accessit,
1069 1012 1122 1053 et
1150 1016 1253 1054 non
1295 1010 1375 1054 est
1414 1000 1574 1054 simul
1602 1010 1836 1056 aeternus
1869 1018 1993 1055 cum

422 1090 602 1144 Patre.
628 1091 814 1160 lnepte
839 1103 1003 1161 atque
1029 1094 1279 1163 imperite
1302 1110 1420 1163 qua":
1452 1109 1740 1162 corporum
1775 1096 1992 1162 propria

421 1191 571 1247 sunt,
601 1199 663 1238 ea
701 1194 912 1239 natura:
938 1188 1185 1254 corporis
1213 1187 1420 1254 experti
1467 1187 1738 1253 quadrare
1782 1186 1990 1241 volunt.

420 1275 657 1344 Corpora
689 1277 833 1330 enim
868 1277 1203 1342 affectiones,
1237 1287 1291 1331 et
1340 1281 1634 1342 sectiones,
1674 1288 1727 1331 ct
1761 1278 1993 1334 divisio-

421 1386 518 1423 nes
553 1371 878 1439 suscipiunt,
922 1371 973 1423 in
1015 1381 1263 1425 naturam
1309 1381 1487 1424 autem
1520 1371 1769 1439 corporis
1802 1386 1994 1442 exper—

421 1474 525 1514 tum
567 1464 699 1515 nihil
730 1464 873 1517 cadit
902 1463 1192 1532 ejusmodi.
1227 1466 1406 1531 Quare
1438 1481 1561 1519 cum
1594 1463 1736 1520 Deus
1762 1480 1993 1535 corpore

420 1563 629 1620 careat,
664 1556 782 1610 sine
830 1558 1127 1626 partitione
1158 1560 1323 1628 parit,
1364 1560 1535 1630 gignit
1567 1560 1685 1615 sine
1725 1559 1990 1614 sectione.

424 1646 878 1717 Quandoquidem
943 1659 997 1703 et
1051 1650 1193 1721 ignis
1246 1666 1308 1705 ex
1364 1668 1422 1706 se
1475 1652 1649 1706 lucem
1692 1652 1856 1723 parit,
1889 1668 1993 1706 nec

422 1739 591 1792 uilam
630 1749 810 1796 tamen
845 1741 1075 1812 suscipit
1108 1743 1455 1809 divisionem,
1491 1744 1618 1798 licet
1661 1746 1991 1815 cegitatione

2110 538 2230 601 σίας
2251 538 2347 590 τοῦ
2381 536 2594 606 Πατρδς
2615 532 2756 593 εἶναι
2785 535 2877 588 τὸν
2906 535 3062 598 Υίὸν,
3085 533 3176 588 ἵνα
3208 532 3282 602 μή
3309 550 3363 585 τι
3393 532 3561 596 πάθος
3585 536 3678 589 καὶ

2100 631 2373 700 διαίρεσις
2428 632 2556 699 περὶ
2603 629 2702 698 τὴν
2734 627 2918 694 ἁπλῆν
2947 627 3213 695 φαίνηται
3244 624 3429 695 φύσιν.
3473 625 3534 679 Ei
3570 627 3678 696 γὰρ

2102 727 2163 780 τὸ
2183 724 2248 776 ἐκ
2283 740 2431 785 τινος
2457 721 2724 791 προελθὸν
2756 721 2943 790 ἔτερόν
2976 737 3031 772 τι
3044 719 3266 783 πάντως
3305 721 3424 772 ἐστὶ
3448 720 3525 791 τῷ
3555 722 3677 792 ἁρι.

2103 816 2226 887 θμῷ
2252 817 2381 885 παρ’
2436 817 2614 868 ἐκεῖνο
2642 796 2700 880 ἐξ
2748 808 2809 867 οὗ
2865 813 2960 864 καὶ
2991 810 3252 882 προῆλθε,
3296 812 3565 881 μερισμός
3593 829 3675 874 τις

2102 910 2199 961 καί
2224 906 2459 976 διακοπὴ
2489 906 2621 973 περὶ
2644 904 2742 973 τὴν
2765 903 2917 955 θείαν
2940 904 3135 970 δρᾶται
3162 902 3345 969 φύσιν,
3371 903 3419 953 εί
3445 903 3521 972 μὴ
3543 901 3674 967 ἔξω·

2105 1007 2220 1070 θεν,
2250 1004 2366 1057 ἀλλ’
2415 1003 2585 1064 ὅντως
2640 1000 2699 1065 εξ
2758 998 2932 1068 αὐτῆς
2984 998 3210 1067 δοίημεν
3272 995 3559 1065 προελθεῖν
3584 996 3675 1048 τὸν

2104 1099 2252 1152 Υίόν.
2281 1098 2342 1150 El
2387 1097 2444 1149 δὲ
2482 1096 2687 1162 ἔξωθέν
2730 1095 2904 1154 ἐστιν,
2934 1090 3391 1161 ἑπισυμὸέῦηκεν
3415 1088 3542 1158 ἄρα,
3574 1091 3671 1140 καὶ

2101 1192 2203 1243 οὑκ
2236 1189 2351 1242 ἔστι
2375 1188 2451 1257 τῷ
2467 1189 2644 1256 Ilotth
2672 1186 2966 1248 συναῖδιος.
2989 1180 3191 1243 Κακῶς
3213 1183 3308 1236 καὶ
3332 1181 3675 1241 ἀπαιδεύτως

2102 1283 2171 1335 τά
2206 1281 2474 1350 σωμάτων
2511 1279 2641 1341 ἴδια,
2668 1280 2735 1348 τῇ
2770 1277 3051 1345 ἀσωμάτῳ
3078 1274 3223 1336 τινὲς
3266 1273 3675 1342 προσάπτουσιν

2099 1374 2282 1443 οὐσίᾳ.
2327 1372 2451 1423 Ἐπὶ
2479 1368 2752 1437 σωμάτων
2779 1367 2878 1436 μὶν
2917 1368 3023 1435 γὰρ
3070 1363 3312 1434 ἁρμόσει
3358 1362 3537 1428 λέγειν
3568 1362 3671 1415 πά·

2100 1467 2191 1531 θος
2216 1467 2485 1535 γίνεσθαι,
2534 1465 2629 1517 καὶ
2652 1461 2830 1531 τομὴν
2882 1463 2976 1514 καὶ
3021 1461 3289 1527 διαίρεσιν
3315 1474 3329 1489 ο
3385 1458 3475 1510 ἐπὶ
3494 1456 3553 1509 δὲ
3576 1455 3671 1522 τῆς

2098 1559 2395 1626 ἀσωμάτου
2447 1556 2664 1624 φύσεως
2723 1552 2877 1606 οὐδέν
2908 1553 3026 1604 ἐστι
3078 1550 3188 1603 τῶν
3219 1547 3495 1602 τοιούτων.
3524 1547 3584 1599 EE
3614 1546 3671 1599 δὶ

2099 1648 2389 1716 ἀσώματος
2424 1649 2452 1700 6
2481 1647 2636 1708 Θεὸς,
2676 1645 2848 1697 τίκτει
2874 1643 2950 1714 μὴ
2985 1641 3369 1711 μεριζόμενος,
3396 1639 3563 1708 γεννᾷ
3598 1635 3671 1706 μὴ

2097 1746 2452 1812 τεμνόμενος.
2501 1740 2722 1811 Ἐπειδὴ
2746 1741 2841 1794 καὶ
2866 1740 2925 1793 τδ
2951 1738 3063 1807 πῦρ
3103 1735 3162 1801 ἐξ
3188 1734 3383 1788 ἑαυτοῦ
3415 1734 3589 1786 τίκτει
3614 1733 3673 1785 τδ

422 1834 511 1883 lux
553 1832 622 1885 ab
656 1848 722 1887 eo
766 1834 1091 1902 proveniens
1148 1835 1213 1888 ab
1248 1835 1364 1904 ipso
1417 1836 1662 1905 sejuncta
1717 1836 1988 1891 videatur.

2099 1834 2213 1901 φῶς
2260 1834 2380 1886 οὑδὲ
2418 1833 2547 1903 μίαν
2601 1831 2872 1899 ὑπομένον
2900 1830 3185 1897 διαίρεσιν,
3232 1825 3335 1879 κᾶν
3366 1827 3430 1894 τῇ
3462 1823 3672 1893 ἐπινοίᾳ

422 1923 574 1988 Quod
609 1924 653 1978 si
688 1925 811 1993 quis
847 1940 954 1979 non
984 1934 1184 1994 potest,
1214 1928 1354 1997 quod
1382 1943 1614 1997 corpore
1649 1938 1826 1994 vacat,
1856 1946 1993 1983 con-

423 2016 704 2086 templari,
752 2017 885 2086 quin
928 2018 1059 2072 illud
1087 2021 1376 2088 corporeis
1417 2021 1832 2075 necessitatibus
1868 2023 1995 2077 sub-

416 2106 595 2176 jiciat,
648 2108 694 2161 is
744 2109 978 2176 promite
1031 2110 1226 2164 mentis
1275 2120 1498 2167 accuset
1535 2112 1990 2177 imbecillitatem.

421 2216 526 2269 qua
552 2200 849 2269 impeditus
886 2211 1095 2256 natura:
1121 2205 1367 2272 corporis
1398 2206 1604 2274 experti
1639 2206 1992 2278 congruentia

423 2308 528 2345 non
562 2302 745 2362 potest
783 2294 1112 2365 intelligere.
1144 2297 1207 2349 Et
1233 2313 1474 2361 rursum,
1503 2299 1592 2367 qui
1620 2297 1815 2354 Filium
1837 2308 1994 2355 teter.

421 2399 551 2437 num
586 2400 651 2439 ex
685 2385 847 2441 Patre
870 2399 1074 2441 αξιοι-110
1106 2389 1346 2456 genitum
1370 2401 1648 2460 nequeunt
1669 2391 1993 2459 intelligere,

372 2490 375 2493 λ
420 2485 473 2526 et
506 2476 743 2539 idcirco,
769 2479 915 2546 quod
944 2494 1170 2548 corpore
1203 2492 1370 2545 caret,
1407 2496 1699 2551 corporum
1721 2485 1995 2539 conditio-

421 2567 582 2621 nibus
646 2569 972 2638 subjiciunt,
1031 2571 1192 2626 iidem
1259 2573 1477 2629 Patrem
1536 2577 1702 2630 etiam
1771 2587 1990 2648 negent,

420 2660 680 2728 quoniam
716 2662 849 2729 quid
883 2673 1075 2719 natura
1110 2664 1203 2723 sit.
1244 2673 1339 2718 aut
1363 2674 1604 2737 quantus
1640 2668 1710 2722 sit
1750 2669 1995 2735 invenire

422 2767 529 2807 non
560 2767 810 2821 possunt.
849 2754 1004 2825 Quod
1047 2756 1093 2810 si
1125 2772 1208 2820 ea,
1236 2772 1359 2828 quae
1389 2774 1553 2829 supra
1581 2774 1679 2815 nos
1706 2770 1856 2822 sunt,
1895 2761 1995 2816 [ide

420 2845 984 2913 comprehenduntur,
1019 2864 1183 2919 supra
1220 2864 1321 2905 nos
1355 2861 1534 2918 autem
1565 2866 1648 2907 est
1679 2851 1801 2907 Filii
1826 2870 1994 2923 geno-

422 2938 583 2990 ratio.
611 2934 1012 2994 Generationem
1041 2941 1184 2996 enim
1209 2943 1378 3009 illius,
1412 2953 1471 2997 ut
1501 2944 1676 3015 inquit
1699 2944 1990 3014 Propheta,

417 3031 537 3100 quis
565 3032 883 3088 enarrabtt?
914 3031 1044 3087 Fide
1075 3033 1202 3090 item
1241 3034 1357 3090 haec
1402 3037 1759 3106 percipiatur.
1791 3049 1993 3094 cesset-

419 3140 525 3195 que
559 3125 689 3179 illud
742 3144 755 3179 :
794 3125 920 3180 Non
953 3138 1093 3194 erat,
1147 3127 1292 3196 quod
1326 3129 1600 3199 promitur
1630 3145 1698 3186 ex
1735 3130 1989 3187 humanae

420 3219 649 3273 rationis
691 3219 1030 3281 inﬁrmitate.

1088 3314 1154 3367 Et
1207 3316 1336 3369 Ita'c.

490 3404 547 3458 Si
578 3408 755 3458 lumen
793 3419 874 3459 est
896 3406 1036 3460 Deus
1066 3418 1121 3461 et
1150 3407 1331 3473 Pater,
1368 3410 1417 3462 iu
1451 3410 1564 3477 ipso
1597 3421 1715 3463 erat
1743 3412 1999 3480 splendor

419 3493 608 3564 ipsius.
639 3493 694 3547 Si
720 3493 886 3562 ﬁgura
917 3496 1229 3551 substantia:
1254 3496 1432 3552 Patris
1456 3507 1535 3553 est
1561 3496 1745 3562 Filius,
1772 3510 1827 3553 ut
1853 3499 1997 3555 Pau-

419 3591 503 3641 lus
543 3589 637 3651 ait,
668 3590 760 3657 qui
812 3590 878 3642 de
930 3591 1045 3657 ipso
1101 3592 1298 3646 audent
1368 3592 1636 3647 amrmare
1684 3593 1835 3659 illud,
1876 3594 1997 3651 Non

417 3690 553 3744 erat,
582 3681 783 3750 dicant,
813 3683 1028 3750 quando
1061 3682 1178 3737 sine
1231 3683 1403 3753 ligura
1463 3684 1637 3740 Patris
1696 3688 1995 3743 substantia

420 3770 602 3825 fuerit.
637 3770 807 3824 Simul
830 3774 973 3824 enim
1003 3787 1123 3827 cum
1157 3771 1459 3828 substantia
1511 3782 1562 3828 et
1596 3775 1761 3845 ﬁgura
1827 3778 1995 3847 ipsius

417 3864 647 3918 exsistit.
693 3861 747 3916 Si
781 3863 979 3917 veritas
1010 3875 1063 3918 et
1108 3865 1368 3932 sapientia
1397 3864 1570 3922 Filius
1621 3879 1725 3931 est,
1777 3872 1995 3938 quando

419 3969 526 4007 non
563 3954 663 4008 fuit
686 3969 804 4008 cuni
833 3957 1010 4023 Patre,
1037 3959 1087 4010 in
1120 3972 1455 4029 qitesemper
1471 3968 1554 4014 est
1576 3961 1777 4016 veritas
1803 3972 1855 4017 et
1905 3978 1994 4017 sa-

420 4045 618 4114 pientia
641 4047 665 4099 τ

1093 4231 1154 4283 Et
1193 4232 1322 4285 Iiwc.

489 4316 543 4369 Si
566 4317 617 4370 in
637 4316 774 4373 Filio
794 4322 1031 4373 cernitur
1046 4322 1226 4386 Pater,
1250 4333 1298 4377 et
1323 4322 1493 4378 Filius
1520 4337 1599 4378 est
1620 4326 1795 4381 Patris
1810 4342 1994 4382 essen-

423 4408 509 4461 tia:
533 4410 708 4479 imago
739 4412 1064 4479 certissima,
1099 4425 1152 4468 et
1184 4417 1341 4471 ideo:
1374 4419 1479 4483 Qui
1507 4420 1638 4473 vidit
1662 4437 1761 4482 me,
1798 4422 1991 4489 inquit,

2095 1929 2249 1997 δοκῇ,
2279 1926 2395 1990 πῶς
2416 1925 2752 1996 χωρίζεσθαι
2781 1923 2970 1976 τούτου
3000 1923 3062 1973 τὺ
3084 1922 3144 1986 ἐξ
3172 1919 3338 1973 αὑτοῦ
3370 1916 3668 1987 προελθόν;

2098 2019 2159 2070 Et
2191 2018 2248 2070 δέ
2289 2034 2375 2082 τις
2420 2019 2544 2080 ταῖς
2599 2016 2942 2086 σωματικαῖς
2976 2013 3243 2079 ἀνάγκαις
3286 2009 3581 2063 ὑποϐάλλει
3613 2008 3674 2059 τδ

2096 2110 2416 2180 ἀσώματον,
2451 2107 2724 2160 αἰτιάσθω
2754 2107 2848 2159 τοῦ
2878 2105 3083 2158 οίκεὶοο
3115 2102 3208 2155 νοῦ
3240 2101 3341 2167 τὴν
3388 2098 3675 2154 ἀσθένειαν

2096 2202 2159 2254 οὑ
2181 2201 2484 2270 δυναμένου
2513 2202 2656 2252 νοεῖν
2685 2199 2754 2252 τὰ
2783 2199 2852 2268 τῇ
2877 2197 3153 2265 ἀσωμάτῳ
3175 2194 3459 2264 πρέποντα
3488 2191 3673 2258 φύσει.

2098 2295 2208 2349 Καὶ
2238 2293 2404 2348 πάλιν
2439 2294 2487 2345 εί
2515 2290 2805 2347 ἀσθενοῦσι
2833 2305 2979 2350 τινες
3010 2288 3138 2357 περὶ
3160 2287 3221 2340 τὸ
3261 2286 3449 2354 νοῆσαι
3476 2284 3577 2354 τὴν
3614 2283 3677 2346 ἐξ

2102 2388 2278 2441 ἀϊδίου
2317 2385 2532 2455 Πατρὶς
2564 2385 2737 2439 ἀΐδιον
2755 2383 2851 2438 τοῦ
2879 2382 3011 2437 Υίοῦ
3033 2383 3305 2452 γέννησιν,
3330 2380 3417 2433 διά
3433 2396 3491 2432 τε
3514 2376 3679 2431 τοῦτο

2095 2462 2220 2543 ταῖς
2259 2482 2603 2550 σωματικαῖς
2658 2476 3002 2539 ἀκολουθίαις
3048 2473 3350 2529 ὑποσάλλου
3383 2472 3444 2524 sb
3469 2471 3679 2523 άσὼσι-

2099 2589 2292 2643 ματον,
2319 2572 2508 2640 ἐπειδὴ
2535 2574 2629 2625 καὶ
2659 2572 2710 2622 τί
2741 2571 2912 2635 ἐστιν,
2934 2569 2967 2640 ἢ
2992 2569 3232 2630 ποταπὸς
3266 2569 3293 2619 6
3318 2565 3507 2635 Πατὴρ
3534 2566 3680 2616 κατὰ

2098 2665 2266 2733 φύσιν
2290 2665 2389 2736 οὐχ
2419 2664 2799 2734 εὑρίσκουσιν,
2850 2661 3224 2734 ἀρνείσθωσαν
3252 2659 3348 2714 καὶ
3378 2659 3563 2713 αὑτὸν.
3612 2656 3680 2709 Et

2095 2757 2153 2808 δὲ
2205 2755 2385 2808 πίστει
2444 2753 2515 2806 τά
2567 2753 2711 2824 ὑπὲρ
2748 2754 2899 2822 ἡμᾶς
2955 2749 3474 2823 παραλαμϐάνεται,
3529 2746 3676 2814 ὑπὲρ

2098 2849 2248 2916 ἡμᾶς
2273 2848 2330 2900 δὲ
2352 2850 2386 2916 ἡ
2417 2846 2513 2900 τοῦ
2567 2838 2697 2899 ’1ίοῦ
2746 2840 3022 2913 γέννησις,
3048 2842 3220 2905 οὐδεὶς
3249 2841 3357 2911 γάρ
3380 2837 3547 2892 αὑτοῦ
3580 2837 3679 2908 τὴν

2097 2958 2224 3007 γενε
2238 2942 2305 2993 ἀν
2328 2934 2673 3011 διηγήσεται,
2701 2932 2883 2999 καθώς
2915 2954 3080 3007 φησιν
3100 2938 3127 2989 ὁ
3151 2936 3457 3004 προφήτης.
3488 2933 3677 2984 ῐΙίστ.ι

2097 3035 2189 3084 καὶ
2223 3031 2460 3100 δεχέσθω
2495 3031 2587 3084 καὶ
2637 3028 2817 3091 τοῦτο,
2854 3027 2952 3083 καὶ
3000 3026 3240 3098 ἆργείτω
3266 3025 3326 3078 τὸ
3363 3024 3462 3077 οὑκ
3484 3018 3578 3094 ἦν.
3619 3019 3679 3087 ἐξ

2098 3126 2457 3198 άίθρωπίνων
2483 3123 2763 3194 λογισμῶν
2791 3122 3033 3185 ddiem;
3073 3121 3485 3193 είσφερὸμενον.

2718 3308 2825 3361 Καὶ
2860 3306 3055 3361 τοῦτο.

2174 3400 2233 3451 lii
2266 3400 2381 3467 φῶς
2407 3403 2555 3453 ἐστιν
2583 3401 2609 3450 6
2634 3400 2766 3461 Θεὸς
2798 3400 2894 3451 καὶ
2918 3399 3128 3468 Πατὴρ,
3154 3399 3210 3449 ὲν
3234 3396 3379 3465 αὑτῷ
3410 3399 3469 3449 τὸ
3490 3398 3677 3450 ἀπαύ-

2096 3509 2288 3561 γασμα
2330 3491 2493 3544 αὑτοῦ
2682 3491 2741 3543 Et
2790 3493 3078 3561 χαρακτήρ
3128 3493 3275 3543 ἐστιν
3326 3493 3354 3542 6
3403 3489 3529 3551 Υἱὸς
3574 3490 3677 3556 τῆς

2096 3582 2190 3635 τοῦ
2217 3584 2431 3646 Harpe;
2469 3583 2824 3646 ὑποστάσεως
2857 3585 2998 3635 κατᾶ
3028 3583 3125 3652 τὴν
3165 3582 3258 3634 τοῦ
3309 3581 3524 3635 Παύλου
3559 3599 3675 3650 (εω-

2096 3677 2216 3745 νὴν,
2250 3676 2562 3744 λεγέτωσαν
2591 3677 2640 3728 οἰ
2679 3677 2767 3727 ἐπ’
2798 3674 2964 3727 αὑτοῦ
2992 3675 3051 3727 τὸ
3083 3677 3205 3728 Οὐκ
3241 3669 3320 3743 ἦν
3348 3674 3674 3744 τολμῶντες

2098 3769 2307 3838 φέρειν,
2352 3771 2482 3821 πότε
2513 3769 2862 3840 χαρακτῆρος
2893 3769 3061 3838 χωρὶς
3086 3764 3150 3839 ἦν
3176 3770 3207 3836 ὴ
3253 3767 3555 3830 ὑπόστασις
3578 3767 3673 3820 τοῦ

2099 3862 2331 3930 Πατρός.
2375 3859 2542 3929 Ὁμοῦ
2588 3862 2697 3930 γὰρ
2725 3865 2789 3931 τῇ
2824 3861 3120 3914 ὑποστάσει
3161 3860 3303 3912 καὶό
3334 3859 3536 3929 ταύτης
3582 3877 3676 3929 χα-

2100 3954 2309 4023 ρακτὴρ
2337 3952 2742 4019 συνεισάγεται.
2787 3952 2850 4004 Ei
2885 3953 3115 4022 ἀλήθεια
3168 3953 3263 4004 καὶ
3320 3953 3480 4020 σοφία
3519 3954 3675 4005 ἐστὶν

2098 4047 2126 4096 6
2155 4048 2301 4110 Υἱὺς,
2331 4048 2460 4098 πότε
2490 4048 2589 4098 οὑκ
2622 4042 2691 4117 ἦν
2720 4049 2777 4098 ἐν
2802 4044 2879 4113 τῷ
2910 4047 3123 4116 Πατρί;
3168 4044 3281 4096 ‘Az‘t
3317 4046 3424 4112 γὰρ
3472 4045 3505 4113 ἡ
3538 4046 3676 4115 ἀλή-

2098 4140 2217 4191 θεια
2254 4140 2348 4191 καὶ
2386 4140 2544 4207 σοφία
2575 4142 2631 4191 ὲν
2669 4138 2786 4207 Θεῷ
2812 4140 2905 4191 καὶ
2941 4138 3135 4210 Πατρί,

2709 4231 2815 4283 Καὶ
2851 4229 3054 4283 ταῦτα.

2168 4324 2230 4375 El
2268 4325 2325 4373 ἐν
2358 4323 2470 4393 Υίῷ
2511 4323 2796 4393 θεωρεῖται
2852 4324 2879 4374 6
2916 4322 3124 4392 Πατὴρ,
3158 4326 3254 4375 καὶ
3310 4322 3477 4375 εἰκών
3529 4327 3676 4375 ἐστιν

2098 4414 2517 4484 ἀπαράλλακτος
2546 4417 2647 4483 τῆς
2677 4414 2770 4467 τοῦ
2803 4417 3163 4483 γεννήσαντος
3193 4415 3382 4476 οὐσίας
3427 4417 3575 4468 κατὰ
3620 4415 3677 4467 τὺ

423 4499 548 4553 vidit
590 4502 826 4566 Patrem,
880 4507 1247 4561 necessarium
1303 4520 1386 4564 est
1449 4520 1506 4564 ut
1555 4521 1747 4569 natura
1794 4515 1990 4569 habeat

2099 4508 2392 4577 λεγόμενον
2416 4507 2545 4577 παρ’
2577 4507 2764 4560 αὐτοῦ’
2809 4509 2863 4559 Ὀ
2904 4506 3175 4574 ἑωρακὼς
3193 4508 3298 4576 ἐμὲ
3320 4506 3548 4576 ἑώρακε
3573 4510 3677 4562 τὸν

422 4592 601 4644 omnia
647 4608 765 4663 qua:
795 4593 950 4649 l’ater
984 4598 1163 4652 habet.
1197 4599 1288 4653 Sic
1316 4601 1459 4655 enim
1485 4603 1663 4672 imago
1694 4606 1796 4660 erit
1835 4607 1992 4660 abso-

422 4684 711 4740 lutissima.
744 4687 905 4742 Pater
934 4697 1208 4759 autemest
1235 4692 1579 4761 immortalis,
1601 4712 1715 4762 rex,
1742 4713 1995 4767 procrea-

422 4785 522 4842 tor,
547 4779 915 4847 omnipotens,
951 4781 1115 4847 Dens,
1170 4782 1412 4849 elTector,
1465 4786 1646 4841 itidem
1696 4798 1748 4842 ct
1798 4787 1989 4844 Filius.

420 4868 671 4938 Alioquin
706 4872 750 4925 si
771 4872 949 4928 factus
978 4884 1143 4940 esset,
1176 4886 1271 4930 aut
1299 4878 1589 4945 aliquando
1628 4894 1730 4933 non
1778 4880 1989 4945 fuisset,

422 4961 473 5014 id
507 4962 648 5031 quod
674 4974 954 5031 internum,
979 4977 1033 5022 et
1063 4983 1278 5038 semper
1318 4982 1418 5033 est,
1449 4972 1501 5024 in
1541 4986 1607 5025 eo
1641 4988 1745 5025 non
1807 4989 1992 5027 cerne-

424 5063 573 5107 retur
600 5069 942 5122 expressum.
979 5057 1245 5128 Imagines
1304 5072 1483 5117 autem
1544 5079 1759 5132 semper
1808 5080 1990 5120 exciu-

422 5143 591 5211 plaris
627 5146 1033 5204 similitudinem
1070 5152 1329 5207 referunt.

422 5344 675 5415 Ejusdem
705 5364 771 5402 ea:
797 5351 1023 5403 secundo
1060 5349 1316 5405 Thesauri
1359 5353 1514 5414 libro,
1575 5356 1630 5406 in
1668 5373 1730 5409 ea
1780 5358 1933 5409 rerba
1969 5374 1987 5411 :

498 5416 874 5494 «Considerate
934 5421 1245 5485 Apostolum
1270 5431 1319 5476 et
1368 5422 1679 5490 Ponti/iectu
1712 5428 1999 5494 confessio—

494 5490 573 5541 m's
604 5498 788 5542 vestra:
817 5489 1016 5544 Iesum.
1034 5509 1052 5542 ι

493 5623 612 5683 Non
648 5638 895 5683 naturam
934 5630 1092 5688 Verbi
1128 5634 1414 5689 declarans
1451 5632 1652 5690 Paulus
1686 5636 1799 5692 haec
1832 5638 1987 5699 dixit,

497 5744 512 5773 ⁸
546 5753 646 5798 lsi.
678 5764 791 5807 χιιι,
825 5758 873 5801 δ.

2103 4601 2335 4668 Πατέρα
2364 4618 2376 4631 ο
2434 4604 2717 4669 προσεῖναι
2751 4600 2967 4662 πάντως
3000 4601 3297 4667 ἀναγκαῖον
3338 4600 3489 4671 αὑτῷ
3532 4601 3677 4654 κατὰ

2102 4692 2288 4759 φύσιν,
2321 4693 2421 4745 ὅσα
2450 4694 2546 4745 καὶ
2563 4694 2637 4761 τῷ
2666 4692 2863 4761 Πατρί.
2894 4692 3209 4759 Ἔσταιγάρ
3239 4692 3411 4756 οὑτως
3439 4692 3675 4763 ἀκριϐὴς

2102 4786 2130 4836 6
2160 4786 2463 4854 χαρακτὴρ,
2500 4784 2671 4847 ἀΐδιος
2695 4784 2751 4838 δὲ
2782 4787 2810 4838 6
2842 4784 3053 4855 Πατὴρ,
3076 4784 3362 4848 ἀθάνατος,
3389 4783 3671 4853 βασιλεκ,

2101 4876 2349 4944 κτίστης,
2386 4876 2806 4945 παντοκράτωρ,
2859 4876 3014 4938 Θεὸς,
3072 4875 3321 4943 ποιητὴς,
3372 4876 3543 4927 ταυτὸ
3581 4874 3672 4927 καὶ

2102 4968 2249 5030 Υἱός.
2294 4968 2447 5020 Ἐπεὶ
2478 4968 2591 5029 πῶς
2623 4970 2680 5020 ὲν
2705 4968 2782 5037 τῷ
2816 4967 3061 5037 γεννητῷ
3090 4969 3151 5019 τὸ
3193 4967 3366 5021 ἀΐδιον
3396 4968 3671 5034 φαίνεται,

2095 5060 2128 5129 ἢ
2165 5061 2221 5111 ὲν
2250 5058 2327 5127 τῷ
2356 5076 2484 5111 ποτε
2518 5058 2593 5129 μὴ
2620 5059 2736 5113 ὄντι
2770 5058 2830 5111 τὸ
2857 5057 2946 5111 ἀεὶ
2966 5057 3048 5121 ὃν,
3084 5057 3116 5127 ἢ
3156 5058 3213 5108 ὲν
3244 5055 3323 5127 τῷ
3358 5057 3623 5125 ποιήματι
3646 5057 3672 5106 6

2097 5151 2332 5219 ποιητής
2355 5165 2368 5210 ;
2392 5149 2458 5199 Ai
2498 5149 2607 5217 γὰρ
2632 5151 2837 5210 εἰκόνες
2867 5150 2956 5204 ἀεὶ
2996 5148 3132 5218 πρὸς
3162 5149 3227 5203 τὰ
3256 5148 3546 5218 ἀρχέτυπα
3574 5148 3672 5214 τὴν

2095 5242 2392 5309 ὶμφέρειαν
2420 5241 2656 5310 ἔχουσιν.

2103 5338 2213 5391 Τοῦ
2245 5336 2434 5390 αὑτοῦ
2462 5338 2530 5389 ἐκ
2556 5338 2665 5390 τοῦ
2704 5337 2989 5406 δευτέρου
3022 5336 3268 5401 ,βιϐλίου
3302 5336 3407 5390 τοῦ
3433 5337 3670 5401 Θησαυ·

2168 5407 2282 5475 ροῦ
2310 5410 2397 5471 εις
2453 5408 2541 5469 τὸ,
2577 5427 2594 5458 ι
2633 5408 3060 5475 Κατανοήσατε
3117 5407 3224 5460 τὸν
3284 5406 3667 5464 Ἀπόστολω·.

2177 5477 2273 5601 alat
2332 5478 2623 5558 ’ῥρχηγὸν
2676 5477 2786 5545 τῆς
2839 5480 3160 5547 ὁμολογίας
3202 5476 3368 5547 ἡμῶν
3412 5475 3670 5543 Χριστὸν

2232 5562 2481 5615 uocor.»

2168 5639 2241 5692 Οὑ
2265 5639 2361 5709 τὴν
2383 5638 2476 5692 τοῦ
2496 5640 2669 5708 Λόγου
2695 5639 2859 5707 φῦσιν
2883 5637 3245 5711 ἐξηγούμενος
3272 5640 3301 5692 6
3320 5634 3664 5705 ’Δπόστολος.
