4100 6290
388 405 496 472 629

1276 409 1656 474 PANOPLIA
1700 412 2159 474 DOGMATICA.
2207 433 2273 448 ·-
2305 410 2460 471 ΤΙΤ.
2498 407 2607 470 XI.

3537 413 3650 476 6"0

387 537 619 596 τοιαῦτά
665 557 850 610 φησιν,
889 539 1024 594 ἀλλά
1070 541 1168 612 τὴν
1201 541 1338 612 μετά
1396 543 1598 613 σαρκὸς
1639 545 1970 615 οἰκονομίαν.

2078 528 2169 584 sed
2192 527 2335 585 illius
2369 533 2819 591 incarnationem.
2883 535 3108 603 Quando
3134 538 3280 594 enim
3319 539 3517 595 lat-tus
3565 554 3649 596 esi.

390 629 528 683 Πότε
563 631 667 699 γὰρ
711 628 935 698 γέγονεν
973 631 1264 700 ἀρχιερεὺς
1311 632 1409 702 τῆς
1459 633 1748 702 ὁμολογίας
1782 635 1972 705 ἡμῶν;

390 722 529 774 Πότε
573 721 630 774 δὲ
681 721 1007 788 ἀπόστολος;
1043 723 1178 775 Πότε
1225 723 1283 778 δὲ
1329 724 1518 787 πιστὸς
1561 725 1640 796 τῷ
1688 728 1974 798 ποιήσαντι

389 813 585 877 αὑτὸν;
615 808 693 866 'H
728 813 815 866 ὅτε
859 813 926 866 δι’
954 815 1101 884 ἡμᾶς
1133 814 1223 868 καὶ
1257 815 1396 886 ὑπὲρ
1426 816 1581 886 ἡμῶν
1611 817 1832 886 γέγονεν
1877 819 1972 872 ἆν-

390 901 631 972 ορωπος,
676 903 774 955 καὶ
806 906 945 956 κατὰ
976 904 1073 974 τὴν
1120 904 1368 959 Ἰωάννου
1402 907 1606 978 φωνὴν,
1644 927 1662 960 ι
1709 908 1765 962 Ὁ
1805 910 1975 978 Λόγος

391 998 529 1070 σὰρξ
575 999 810 1066 ἐγένετο.
855 1018 872 1050 ι
915 1000 1048 1052 Τότε
1099 999 1178 1070 τῷ
1218 1003 1502 1070 ποιήσαντι
1540 1000 1726 1066 αὑτὸν,
1773 1001 1847 1066 ὡς
1881 1002 1973 1056 ἄν-

389 1089 630 1160 θρωπος,
662 1093 758 1145 καὶ
787 1091 975 1156 πιστὸς
1008 1093 1224 1161 ἐγένετο
1249 1093 1472 1164 πληρῶν
1510 1093 1674 1146 αὑτοῦ
1704 1098 1764 1148 τὺ
1792 1094 1972 1165 ἔργον,

389 1181 641 1251 καθάπερ
667 1182 828 1244 αὐτὸς
856 1181 1008 1250 ἔλεγε
1030 1199 1044 1212 ·
1072 1184 1195 1236 τότε
1242 1183 1465 1252 γέγονεν
1503 1183 1798 1248 ἀπόστολος
1832 1185 1974 1257 ὑπὲρ

388 1271 547 1342 ἡμῶν
568 1273 662 1324 καί⁵
676 1272 741 1326 δι’
757 1274 903 1344 ἡμᾶς
923 1275 1267 1340 ἀποσταλείς·
1290 1276 1410 1330 τότε
1441 1277 1631 1345 γέγονε
1659 1277 1756 1348 τῆς
1781 1279 1971 1350 ὁμολο-

377 1351 518 1436 ’γῖας
539 1367 696 1438 ἡμῶν
722 1368 1032 1440 ἀρχιερεὺς,
1062 1371 1388 1442 προσφέρων
1421 1372 1520 1441 τῆς
1546 1371 1782 1435 πίστεως
1814 1371 1970 1442 ἡμῶν

386 1460 488 1532 τὴν
526 1461 816 1531 ὁμολογίαν
847 1462 924 1532 τῷ
967 1464 1166 1534 Πατρὶ,
1195 1464 1288 1517 καὶ
1316 1465 1376 1516 τὸ
1403 1464 1532 1517 ἱδιον
1580 1464 1758 1535 σῶμα,
1797 1464 1970 1518 καθά-

388 1571 497 1623 περ
529 1571 578 1605 τι
608 1554 755 1624 θῦμα
805 1555 1098 1624 προσάγων
1150 1555 1403 1626 ἄμωμον,
1444 1557 1529 1610 ἵνα
1571 1555 1778 1621 πάντας
1826 1559 1973 1628 ἡμᾶς

385 1647 455 1698 δι’
504 1645 668 1698 αὐτοῦ
710 1643 1000 1718 καθαρίσῃ.
1033 1649 1132 1700 Ἂν
1178 1649 1360 1702 τοίνυν
1406 1649 1630 1720 λέγηται
1662 1652 1790 1720 περὶ
1844 1652 1972 1705 Υίοῦ

386 1739 470 1788 ὅτι
507 1737 695 1805 γέγονε
745 1737 958 1802 πιστὸς,
997 1737 1076 1792 ὃτι
1109 1740 1330 1809 γέγονεν
1382 1742 1699 1807 ἀπόστολος,
1751 1743 1972 1812 γέγονεν

388 1829 704 1898 ἀρχιερεὺς,
744 1831 818 1900 μὴ
855 1831 994 1885 κατά
1041 1832 1140 1902 τῆς
1185 1834 1372 1898 οὐσίας
1403 1835 1568 1889 αὐτοῦ
1619 1837 1869 1908 φερέσθω
1914 1838 1975 1891 τὸ
2001 1868 2044 1922 Β

388 1922 562 1992 ῥῆμα,
611 1922 748 1976 ἀλλά
795 1925 936 1978 κατά
981 1927 1079 1996 τῆς
1122 1924 1231 1979 τῶν
1283 1927 1623 2000 πραγμάτων
1667 1933 1970 2004 ποιότητος.

401 2013 622 2084 Ἐπειδὴ
643 2015 738 2066 καὶ
752 2015 979 2080 Παῦλος,
1020 2017 1306 2088 ἄνθρωπος
1336 2019 1411 2073 ὢν
1434 2021 1528 2074 καὶ
1557 2021 1819 2093 ὑπάρχων
1845 2025 1969 2095 ήδη,

385 2105 614 2172 γέγονεν
648 2106 964 2172 ἀπόστολος,
1004 2109 1099 2162 καὶ
1138 2111 1344 2182 Μωσῆς
1370 2111 1629 2177 ὡσαύτως
1658 2115 1849 2183 γέγονε
1881 2133 1971 2168 πι-

388 2195 514 2260 στὸς
544 2199 602 2251 ὲν
652 2197 759 2267 ὅλῳ
797 2199 874 2268 τῷ
925 2199 1058 2270 οἴκῳ
1091 2201 1278 2266 αὑτοῦ,
1324 2205 1418 2258 καὶ
1456 2203 1666 2275 Ἀαρὼν
1709 2206 1972 2270 ὡσαύτως

384 2287 612 2353 γέγονεν
644 2289 938 2361 ἀρχιερεὺς
983 2293 1041 2344 έν
1073 2294 1251 2364 ἑαυτῷ
1280 2296 1374 2349 καὶ
1413 2295 1582 2350 πάλαι
1609 2297 1699 2351 τὸν
1742 2299 1972 2371 Σωτῆρα

395 2379 636 2450 μορφῶν.
667 2381 878 2453 Ὅνπερ
912 2385 1021 2456 γὰρ
1048 2385 1249 2456 τρόπον
1277 2389 1306 2439 6
1342 2387 1549 2460 Ἀαρὼν
1578 2390 1678 2442 οὐκ
1707 2391 1969 2464 ἐγεννήθη

396 2467 499 2538 μὲν
526 2470 831 2542 ἀρχιερεὺς,
869 2474 1084 2538 πολλοῖς
1110 2475 1166 2530 δὲ
1202 2476 1428 2549 ὕστερον
1458 2479 1670 2551 χρόνοις
1691 2482 1851 2536 τοῦτο
1881 2483 1972 2551 γέ-

391 2575 538 2626 γονε,
569 2561 658 2613 τὸν
687 2563 896 2636 ποδήρη
948 2567 1396 2640 περιϐαλόμενος,
1437 2572 1530 2624 καὶ
1562 2572 1660 2644 τὴν
1699 2573 1967 2644 ἐπωμίδα,

391 2652 486 2704 καὶ
515 2650 584 2704 τά
611 2652 743 2706 ἄλλα
775 2655 877 2724 τῆς
925 2658 1208 2729 ἱερατικῆς
1247 2660 1473 2732 ἐσθῆτος
1507 2663 1782 2734 σχήματα,
1826 2664 1969 2736 ἅπερ

384 2737 456 2812 ἦν
485 2742 624 2814 ἔργα
675 2749 985 2814 γυναικῶν·
1038 2751 1128 2804 τὸν
1161 2753 1325 2807 αὐτὸν
1355 2754 1420 2824 δὴ
1475 2758 1677 2827 τρόπον
1724 2757 1818 2810 καὶ
1875 2758 1969 2810 ἐπὶ

387 2835 646 2906 Χριστοῦ.
680 2835 788 2892 Ἦν
835 2842 932 2910 μὲν
971 2842 1079 2913 γὰρ
1104 2844 1132 2894 6
1170 2845 1339 2912 Λόγος
1372 2848 1430 2900 ὲν
1479 2849 1642 2921 ἀρχῇ,
1685 2848 1865 2920 πολλῷ
1910 2849 1968 2902 δὲ

2078 624 2318 690 pontifex
2369 626 2732 682 conlessionis
2776 631 3012 684 nostra?
3064 633 3280 702 quando
3342 635 3650 703 apostolus?

2077 715 2294 783 Quando
2329 717 2501 771 ﬁdelis
2542 720 2589 773 ei
2641 721 2730 790 qui
2786 721 2959 790 ipsum
3006 717 3169 778 fecit?
3208 724 3398 782 Nonne
3434 731 3652 797 quando

2076 815 2300 876 propter
2360 820 2459 860 nos
2519 817 2572 861 et
2631 824 2726 878 pro
2777 813 2930 865 nobis
2981 812 3153 868 factus
3191 827 3276 870 est
3305 817 3488 885 homo,
3513 827 3567 872 et
3595 827 3654 872 ut

2075 895 2312 950 Joannes
2366 900 2574 966 scribit,
2617 919 2634 951 ι
2691 901 2922 957 Verbum
2975 920 3102 960 caro
3140 905 3338 962 factum
3393 921 3476 963 est
3522 909 3585 964 ’?
3627 927 3644 960 ι

2075 987 2228 1043 Tunc
2256 988 2447 1046 [actori
2474 1007 2593 1060 suo,
2629 1005 2687 1050 ut
2717 997 2900 1064 homo,
2931 997 3102 1055 ﬁdelis
3126 999 3300 1055 iactus
3329 1012 3434 1067 est,
3485 1003 3649 1073 perli-

2077 1081 2228 1135 ciens
2251 1085 2386 1150 opus
2411 1083 2574 1154 illius,
2616 1089 2756 1142 sicut
2785 1090 2900 1159 ipse
2942 1093 3169 1147 testatur
3213 1094 3235 1125 ¹
3284 1109 3299 1146 :
3328 1100 3456 1148 tunc
3486 1094 3650 1147 etiam

2075 1175 2348 1244 apostolus
2370 1177 2661 1246 factusest,
2693 1198 2790 1252 pro
2815 1184 2968 1238 nobis
2993 1193 3047 1239 et
3065 1195 3286 1256 propter
3308 1202 3406 1243 nos
3425 1189 3646 1244 missus:

2076 1275 2201 1322 tunc
2227 1267 2399 1325 iactus
2433 1281 2514 1326 est
2539 1275 2777 1341 pontifex
2802 1275 3158 1334 cenl'essionis
3180 1279 3649 1346 nostrae,oﬁ‘ereus

2073 1361 2474 1420 confessionem
2515 1367 2634 1422 ﬁdei
2681 1375 2880 1424 nostra:
2915 1368 3084 1437 Patri,
3129 1381 3185 1426 et
3228 1356 3424 1444 corp'us
3467 1391 3647 1441 suum,

2074 1454 2239 1510 veluti
2274 1458 2671 1516 immaculatam
2717 1465 3007 1533 quamdam
3083 1467 3313 1521 hostiam
3357 1467 3648 1533 adducens,

2076 1555 2134 1599 ut
2164 1561 2354 1604 omnes
2387 1566 2486 1605 nos
2515 1566 2612 1621 per
2645 1553 2821 1623 ipsum
2857 1559 3157 1611 mundaret.
3187 1556 3245 1612 Si
3273 1571 3402 1625 ergo
3463 1559 3529 1614 de
3563 1559 3654 1614 Fi-

2075 1633 2147 1690 lio
2173 1637 2393 1704 dicitur,
2421 1643 2566 1710 quod
2603 1640 2777 1698 factus
2817 1643 2896 1698 sit
2942 1646 3138 1714 lidelis,
3166 1647 3307 1715 quod
3341 1646 3520 1701 factus
3580 1650 3653 1703 sit

2074 1729 2370 1796 apostolus,
2403 1732 2576 1787 factus
2594 1735 2834 1804 pontifex
2859 1753 2874 1801 ;
2903 1749 3009 1792 non
3037 1740 3102 1792 ad
3144 1741 3435 1795 essentiam
3483 1741 3653 1810 ipsius

2075 1821 2275 1876 dictum
2304 1824 2644 1881 referendum
2669 1840 2772 1895 est,
2809 1834 2901 1886 sed
2931 1837 2994 1887 ad
3028 1835 3340 1903 qualitatem
3563 1855 3650 1894 re-

2075 1927 2217 1966 rum.
2292 1912 2575 1986 Siquidem
2608 1927 2662 1974 et
2686 1919 2882 1976 Paulus
2909 1923 3072 1978 homo
3097 1940 3218 1978 cum
3249 1937 3412 1994 esset,
3452 1939 3504 1982 et
3539 1929 3650 1995 jam

2073 2007 2382 2074 exsisteret,
2414 2009 2586 2066 iactus
2613 2021 2695 2067 est
2717 2015 2988 2082 apostolus
3019 2035 3032 2071 :
3063 2027 3116 2071 et
3137 2018 3315 2073 Moses
3339 2021 3523 2075 eadem
3560 2036 3650 2073 ru-

2075 2100 2228 2156 tione
2253 2101 2431 2157 factus
2461 2113 2543 2158 est
2574 2105 2768 2171 ﬁdelis,
2807 2109 2858 2160 in
2891 2118 3004 2164 tota
3041 2109 3203 2164 domo
3226 2112 3342 2181 ejus
3405 2113 3449 2165 ³.
3476 2111 3651 2166 Simili

2074 2195 2236 2250 modo
2264 2196 2428 2250 etiam
2455 2198 2633 2253 Aaron
2681 2197 2856 2254 iactus
2908 2211 2990 2255 est
3044 2201 3306 2272 pontifex,
3353 2203 3650 2258 Salvatoris

2075 2295 2259 2356 typum
2289 2287 2403 2358 jam
2452 2289 2580 2343 olim
2634 2289 2688 2344 in
2754 2305 2816 2347 se
2861 2292 3125 2348 referens.
3182 2294 3648 2360 Quemadmodum

2073 2378 2216 2431 enim
2251 2379 2433 2434 Aaron
2465 2395 2570 2434 non
2601 2388 2683 2436 est
2711 2390 2869 2437 natus
2898 2383 3262 2452 pontifex,sed
3300 2384 3482 2438 multis
3497 2396 3650 2455 post-

2073 2484 2138 2524 ea
2190 2471 2522 2539 temporibus
2568 2471 2621 2528 id
2651 2471 2824 2528 factus
2852 2486 2959 2542 est,
2997 2474 3220 2530 talarem
3249 2487 3452 2532 vestem
3493 2479 3648 2532 indu-

2076 2573 2185 2632 tus,
2212 2573 2263 2620 et
2289 2567 2752 2636 superhumerale,
2784 2567 3100 2638 reliquaque
3145 2567 3470 2640 pontiﬁcalis
3493 2571 3650 2627 habi-

2076 2666 2162 2710 tus
2193 2667 2512 2712 ornamenta
2544 2673 2574 2712 a
2597 2658 2912 2716 mulieribus
2936 2660 3180 2716 coniecta
3212 2682 3227 2718 :
3289 2664 3430 2717 idem
3493 2666 3652 2734 plane

2073 2749 2141 2804 de
2161 2748 2379 2804 Christo
2408 2750 2572 2804 etiam
2600 2754 2926 2806 censendum
2950 2763 3051 2808 est.
3089 2753 3217 2809 Erat
3240 2758 3382 2810 enim
3416 2757 3649 2813 Verbum

2075 2845 2126 2898 in
2156 2845 2424 2915 principio
2459 2862 2476 2902 :
2527 2843 2712 2900 multis
2737 2859 2869 2899 vero
2891 2855 3079 2915 postea
3101 2849 3432 2916 temporibus
3477 2850 3651 2904 tactus

385 2934 616 3006 ὕστερον
640 2936 817 3007 χρόνῳ
840 2937 1066 3005 γέγονεν
1091 2937 1231 3008 ὕπὶρ
1253 2936 1415 3008 ἡμῶν
1436 2936 1748 3008 ἀρχιερεὺς,
1767 2934 1958 3005 ὥσπερ

2078 2947 2153 2993 εει
2189 2953 2286 3007 pro
2316 2937 2476 2995 nobis
2507 2939 2776 3009 pontifex,
2811 2939 3084 2994 hominem
3109 2953 3172 2995 ex
3204 2939 3456 3006 muliere,
3485 2939 3653 2994 veluti

387 3028 512 3081 τινὰ
548 3028 758 3100 ποδήρη
788 3029 880 3082 τὸν
904 3031 969 3083 ἐκ
998 3027 1260 3098 γυναικὸς
1295 3027 1584 3099 ἄνθρωπον
1627 3028 1749 3097 ἦτοι
1779 3027 1958 3098 παθη-

2078 3030 2292 3084 talarem
2343 3020 2574 3099 vestem,
2614 3019 2927 3101 passibilem
2991 3047 3305 3098 assumens,
3343 3042 3400 3086 ut
3431 3032 3654 3103 proprio

382 3114 476 3169 τὸν
530 3114 849 3170 ἀναλαϐών*
888 3117 974 3170 ἵνα
1016 3117 1095 3188 τῷ
1147 3115 1260 3186 ἰδίῳ
1299 3115 1497 3184 αἵματι
1541 3116 1814 3188 καθαρίσῃ
1867 3117 1963 3168 τὸν

2078 3135 2170 3175 suo
2195 3122 2466 3189 sanguine
2496 3122 2757 3193 populum
2789 3123 3098 3187 mundaret,
3125 3134 3187 3177 ut
3215 3123 3456 3193 seipsum
3480 3123 3649 3178 veluti

385 3207 537 3272 λαιὸν,
573 3207 765 3261 ἑαυτὸν
814 3208 1202 3279 προσενεγκὼν
1242 3209 1320 3271 ὠς
1378 3209 1550 3278 ἀμνὸν
1603 3209 1838 3278 ἄμωμον
1882 3208 1960 3278 τῷ

2078 3229 2266 3282 agnum
2321 3214 2738 3269 immaculatum
2775 3215 2886 3269 Deo
2914 3213 3174 3270 offerret:
3202 3233 3222 3267 ι
3263 3212 3453 3284 Neque
3504 3214 3650 3271 enini

383 3296 542 3368 Θεῷ·
582 3318 600 3351 ι
651 3301 726 3353 Οὐ
777 3302 884 3370 γάρ
934 3300 1192 3371 ἐποίησεν
1244 3302 1544 3372 ἁμαρτίαν,
1584 3302 1706 3354 οὐδὲ
1759 3301 1959 3371 εὑρέθη

2078 3306 2197 3360 fecit
2253 3315 2564 3376 peccatum,
2609 3323 2789 3377 neque
2837 3308 3093 3362 inventus
3143 3314 3229 3363 est
3276 3307 3442 3363 dolus
3474 3308 3529 3363 in
3557 3321 3653 3364 ore

383 3390 536 3454 δόλος
567 3391 628 3444 ἐν
663 3390 743 3462 τῷ
773 3391 1004 3462 στόματι
1035 3392 1224 3445 αὐτοῦ.
1273 3409 1291 3444 ι
2070 3399 2188 3467 ejus
2210 3399 2248 3450 ⁸.
2292 3418 2309 3450 ι

403 3503 507 3556 Ἐκ
563 3504 674 3583 toﬁ
728 3504 916 3583 αὐτοῦ
955 3507 1206 3583 βιβλίου
1237 3510 1345 3583 ἐἰς
1396 3508 1541 3583 τᾲι
1595 3507 1816 3583 Κύριον
1863 3508 1964 3560 καί

2078 3515 2156 3568 Ea:
2187 3515 2366 3568 eodem
2399 3515 2538 3568 libro
2573 3516 2624 3567 in
2661 3531 2722 3569 ea
2769 3515 2922 3569 verba
2944 3532 2962 3568 :
2997 3534 3016 3566 ι
3056 3515 3122 3570 Et
3157 3515 3442 3571 Dominum
3475 3517 3650 3583 ipsum

624 3575 882 3644 Χριστὸν
901 3579 1086 3631 αὑτὸν
1112 3577 1402 3644 ἐποίησεν
1434 3580 1467 3631 ό
1502 3580 1666 3640 Θεός.
1711 3595 1730 3630 ι

460 3665 666 3734 Κύριον
696 3667 860 3720 αὑτὸν
901 3667 995 3721 καὶ
1026 3667 1262 3736 Χριστδν
1294 3667 1548 3737 ἐποίησεν
1593 3669 1621 3720 6
1671 3665 1825 3733 Θιδς,
1861 3666 1962 3720 οὐκ

384 3755 498 3809 ἀπὸ
517 3754 613 3810 τοῦ
640 3757 714 3826 μὴ
744 3757 896 3822 ὄντος
941 3761 1020 3823 είς
1062 3762 1122 3814 τὸ
1161 3757 1302 3813 εἶναι
1327 3761 1616 3831 παράγωνο
1650 3755 1722 3833 ἦν
1745 3760 1855 3830 γάρ
1876 3762 1963 3815 ἀεὶ

387 3853 486 3905 καὶ
520 3852 626 3922 πρὸ
651 3854 749 3923 τῆς
777 3850 1106 3922 σαρκώσεως
1147 3851 1176 3904 6
1214 3849 1307 3903 τοῦ
1337 3848 1472 3903 Θεοῦ
1516 3849 1712 3918 Λόγος,
1741 3848 1836 3902 καὶ
1872 3849 1972 3902 οὐκ

386 3944 455 3997 ἄν
487 3959 572 4004 τις
603 3937 662 3995 εὖ
705 3939 920 4010 φρονῶν
953 3939 1015 3992 τὸ
1064 3957 1082 3990 ι
1117 3939 1370 4007 εποίησεν
1401 3956 1418 3988 ι
1469 3937 1658 3990 ἐνθάδε
1698 3935 1841 3989 κατά
1876 3936 1972 4004 τῆς

386 4033 576 4096 οὐσίας
612 4031 863 4098 ὲκλάϐοι,
908 4031 996 4084 ἴνα
1039 4031 1116 4100 μὴ
1163 4029 1379 4081 ἀσεϐεῖν
1420 4026 1822 4094 ἀναγκάζηται·
1854 4025 1974 4078 τότε

389 4125 610 4196 πρῶτον
655 4123 831 4186 διδοὺς
878 4121 1118 4192 ὑπάρξαι
1165 4121 1256 4172 τὸν
1308 4119 1403 4172 τοῦ
1460 4119 1594 4171 Θεοῦ
1650 4119 1844 4186 Λόγον,
1886 4119 1974 4171 ὅτε

388 4219 615 4284 γέγονεν
663 4216 948 4286 ἄνθρωπος
969 4231 982 4244 ·
1019 4213 1156 4266 ἀλλά
1186 4211 1248 4264 τὸ
1286 4231 1303 4262 ι
1333 4211 1608 4281 ἐποίησεν,
1640 4230 1659 4263 ι
1692 4211 1814 4263 ἀντὶ
1855 4209 1974 4274 τοῦ,

391 4307 662 4372 ἀπέδειξε,
687 4308 925 4377 νοητέον.
953 4305 1106 4358 Οὕτω
1123 4306 1216 4357 καὶ
1243 4303 1404 4366 αὐτὸς
1430 4305 1457 4356 6
1485 4303 1686 4373 Πέτρος
1711 4305 1822 4365 τοῖς
1855 4304 1979 4354 Ἰου-

387 4401 563 4462 δαίοις
595 4399 1114 4470 προσδιαλεγόμενος
1147 4397 1412 4466 ἔφασκεν·
1456 4413 1474 4445 ι
1515 4393 1719 4465 Ἰησοῦν
1749 4394 1837 4447 τὸν
1866 4394 1978 4446 Να-

391 4490 627 4560 ζωραῖον
675 4490 842 4562 ἄνδρα
903 4488 1356 4558 ἀποδεδειγμένον
1403 4487 1511 4540 ἀπὸ
1561 4486 1656 4538 τοῦ
1714 4486 1848 4538 Θεοῦ
1900 4489 1977 4549 εἰς

391 4587 538 4654 ὑμᾶς
563 4583 826 4654 δυνάμεσι
854 4583 946 4634 καὶ
971 4581 1163 4652 τέρασι
1190 4581 1286 4634 καὶ
1314 4580 1585 4651 σημείοις,
1620 4578 1800 4642 καθὼς
1823 4579 1980 4631 αὐτοὶ

387 4677 589 4730 οἴδατε.
618 4695 637 4727 ι
673 4675 883 4729 Οὐκοῦν
915 4673 1002 4727 διά
1031 4673 1139 4725 τῶν
1184 4673 1359 4744 ἔργων
1385 4671 1644 4724 δεικνύων
1675 4671 1980 4740 ἐνυπάρχον

390 4767 542 4839 αὺτῷ
579 4768 672 4820 τοῦ
719 4767 933 4836 Πατρὸς
980 4764 1041 4818 τὸ
1072 4765 1320 4833 ἀξίωμα,
1371 4761 1576 4831 Κύριος
1615 4760 1824 4828 γίνεται
1873 4757 1980 4812 τῶν

391 4859 800 4913 πιστευσάντων
851 4859 931 4919 εἰς
979 4856 1176 4908 αὐτόν·
1228 4854 1612 4908 ἀναδείκνυται
1663 4852 1722 4906 δὲ
1765 4851 1846 4904 ὅτι
1885 4850 1982 4902 καὶ

391 4953 557 5014 αὑτός
588 4953 734 5004 ἐστιν
762 4953 790 5003 6
825 4950 1075 5021 Χριστός.
1102 4947 1203 5001 Διά
1235 4947 1342 5017 γάρ
1377 4945 1534 5000 τοῦτο
1565 4947 1677 5008 τοῖς
1711 4943 1982 5006 Ἰουδαίοις

393 5040 712 5094 ἀπειθοῦσιν
765 5040 956 5108 ἔλεγεο
998 5059 1015 5090 ι
1048 5038 1166 5092 Κᾶν
1202 5038 1325 5108 ἐμοὶ
1367 5038 1441 5107 μὴ
1493 5035 1826 5106 πιστεύητε,
1869 5038 1982 5097 τοῖς

394 5136 580 5208 ἔργοις
623 5152 724 5205 μου
759 5133 1125 5195 πιστεύσατε,
1169 5130 1256 5182 ἵνα
1300 5127 1473 5196 γνῶτε
1521 5128 1604 5180 ὅτι
1640 5125 1751 5194 ἐγὼ
1796 5128 1854 5178 ὲν
1901 5125 1979 5194 τῷ

396 5227 603 5298 Πατρὶ,
637 5227 730 5278 καὶ
768 5227 796 5278 6
833 5223 1021 5294 Πατὴρ
1067 5224 1124 5274 ὲν
1157 5221 1312 5291 ὲμοί·
1347 5239 1364 5270 ι
1400 5219 1494 5272 καὶ
1525 5219 1720 5272 πάλιν·
1760 5237 1778 5268 ι
1811 5217 1875 5270 Εἰ
1917 5217 1978 5270 οὐ

397 5314 538 5369 ποιῶ
566 5315 633 5368 τά
672 5313 810 5384 ἔργα
847 5312 941 5367 τοῦ
978 5311 1189 5381 Πατρός
1236 5326 1360 5379 μου,
1394 5309 1469 5378 μὴ
1499 5307 1784 5361 πιστεύετέ
1819 5323 1927 5376 μοι.
1955 5323 1973 5356 ι

396 5409 464 5462 Ei
495 5408 551 5460 δὲ
580 5406 667 5460 διὰ
711 5403 807 5460 τοῦ
845 5403 1106 5458 δύνασθαι
1139 5403 1310 5455 ποιεῖν
1351 5399 1420 5452 τά
1457 5397 1594 5468 ἔργα
1642 5397 1737 5450 τοῦ
1767 5396 1980 5468 Πατρδς

397 5503 492 5554 καὶ¹
533 5499 676 5569 ἔχειν
720 5500 779 5552 ἐν
819 5495 998 5566 ἑαυτῷ
1032 5495 1121 5548 τὸν
1154 5495 1396 5565 Πατέρα,
1429 5489 1568 5545 εἷναί
1597 5509 1656 5544 τε
1689 5491 1890 5562 ὁμοίως
1923 5491 1980 5540 ὲν

403 5591 599 5662 "arpi,
632 5591 764 5656 Θεὸς
791 5591 865 5643 ὣν
903 5587 1155 5656 ἀληθινὸς
1200 5584 1609 5650 ἀναδείκνυται,
1649 5584 1790 5638 κατά
1825 5582 1982 5636 τοῦτο

478 5762 674 5817 ‘Joan.
710 5780 748 5828 ι,
797 5765 880 5820 Η.
959 5763 979 5792 ¹
1008 5760 1165 5818 Joan.
1205 5775 1331 5826 xm,
1372 5761 1423 5816 ι.

401 5836 422 5868 ⁸
457 5834 587 5891 ibid.
618 5836 702 5893 57.

2469 3596 2518 3638 et
2555 3583 2822 3639 Christum
2859 3586 2981 3650 fecit
3021 3585 3184 3640 Deus.
3221 3605 3240 3637 ι

2147 3665 2287 3722 Deus
2331 3667 2505 3737 ipsum
2549 3668 2677 3722 fecit
2718 3667 3001 3723 Dominum
3043 3678 3097 3724 et
3143 3681 3392 3736 unctum,
3434 3689 3539 3728 non
3581 3689 3647 3728 ex

2075 3769 2180 3810 non
2216 3757 2510 3812 exsistente
2543 3758 2609 3810 ad
2645 3771 2766 3812 esse
2801 3759 3089 3812 traducens
3127 3776 3140 3811 :
3178 3771 3297 3813 erat
3331 3761 3474 3814 enim
3509 3777 3652 3816 sem-

2075 3861 2190 3916 per,
2223 3846 2388 3899 etiam
2423 3855 2550 3900 ante
2583 3845 3010 3898 incarnationem
3045 3844 3138 3898 Dei
3173 3842 3438 3907 Verbum,
3477 3860 3650 3916 neque

2075 3937 2358 4004 quisquam
2395 3947 2539 3991 reete
2567 3936 2815 3990 sentiens
2845 3935 3067 3992 verbum
3105 3935 3254 3999 illud,
3292 3953 3309 3985 ι
3348 3935 3495 4001 fecit,
3533 3953 3551 3987 ι
3585 3953 3650 3992 eo

2076 4027 2194 4081 loco
2229 4027 2294 4080 de
2328 4029 2562 4081 essentia
2791 4028 3202 4094 interpretetur,
3237 4041 3302 4082 ne
3336 4026 3558 4097 impium
3595 4042 3653 4084 se

2077 4116 2313 4172 declaret
2334 4157 2350 4182 ,
2375 4117 2467 4188 qui
2499 4128 2608 4171 tum
2637 4118 2869 4186 primum
2896 4117 3128 4173 Verbum
3157 4117 3253 4172 Dei
3279 4133 3399 4174 esse
3422 4120 3654 4189 coepisse

2079 4209 2258 4273 dicat,
2288 4211 2508 4279 quando
2554 4207 2760 4263 factum
2791 4219 2874 4264 est
2919 4209 3079 4264 homo
3111 4228 3124 4264 :
3158 4210 3254 4264 sed
3291 4228 3309 4262 ι
3345 4210 3474 4264 fecit
3509 4230 3526 4261 ι
3561 4225 3654 4266 ae-

2077 4301 2383 4370 cipieudum
2427 4312 2512 4356 est
2559 4317 2655 4371 pro
2702 4301 3019 4368 declaravit,
3062 4303 3145 4356 vel
3185 4304 3440 4357 ostendit.
3482 4302 3557 4356 Ita
3602 4315 3656 4358 et

2080 4392 2270 4447 Petrus
2301 4411 2422 4447 cum
2453 4393 2654 4448 Judaeis
2685 4394 2960 4448 disserens
2991 4394 3122 4448 dixit
3157 4413 3169 4448 :
3209 4413 3227 4446 ι
3263 4393 3447 4450 Jesum
3479 4393 3653 4449 Naza-

2081 4502 2298 4552 renam,
2332 4487 2420 4555 qui
2458 4487 2762 4540 declaratus
2796 4497 2880 4542 est
2911 4487 2990 4542 vir
3018 4501 3047 4540 a
3085 4486 3194 4542 Deo
3230 4487 3284 4541 in
3315 4503 3411 4543 vos
3441 4489 3656 4542 virtuti-

2081 4577 2200 4641 lms,
2235 4589 2287 4630 et
2322 4578 2598 4648 prodigiis,
2636 4579 2867 4648 etsignis
2901 4594 3020 4649 quae
3056 4578 3204 4647 fecit,
3237 4579 3379 4634 sicut
3414 4579 3513 4650 ipsi
3548 4581 3658 4636 sci-

2081 4671 2149 4722 tis
2191 4670 2234 4723 ⁵.
2268 4689 2286 4720 ›
2321 4669 2585 4735 Quocirca
2615 4686 2735 4725 cum
2766 4684 2861 4740 per
2886 4685 3044 4741 opera
3074 4671 3308 4725 ostendit
3337 4670 3655 4741 dignitatem

2081 4759 2259 4816 Patris
2297 4762 2398 4818 sibi
2439 4764 2888 4828 inexsisteutem,
2928 4762 3187 4817 Dominus
3226 4762 3282 4815 ﬁt
3323 4761 3658 4818 credentium

2084 4855 2136 4908 in
2170 4855 2341 4922 ipsum
2373 4874 2384 4908 :
2414 4855 2717 4909 ostenditur
2741 4870 2872 4908 vero
2901 4855 3042 4922 quod
3073 4855 3185 4922 ipse
3212 4853 3376 4908 etiam
3403 4853 3474 4908 sit
3498 4853 3660 4910 Chri-

2083 4956 2217 5000 stus.
2245 4944 2378 4999 Nani
2408 4947 2610 5001 ideirco
2635 4946 2835 5001 Judaais
2860 4945 3151 5000 incredulis
3176 4945 3312 5000 dixit
3338 4963 3351 5001 :
3384 4963 3402 4998 ι
3434 4946 3658 5002 Etiamsi

2086 5039 2214 5092 mihi
2248 5053 2352 5092 non
2383 5040 2642 5103 credatis,
2670 5039 2922 5105 operibus
2953 5037 3087 5093 meis
3116 5039 3344 5105 crdiite,
3375 5047 3432 5093 ut
3460 5053 3662 5111 cogno-

2085 5129 2252 5182 scatis
2279 5129 2405 5197 quia
2431 5143 2529 5198 ego
2559 5128 2612 5182 in
2643 5128 2820 5192 Patre.
2845 5138 2901 5184 et
2927 5129 3154 5184 Paterin
3177 5145 3263 5186 me
3291 5141 3374 5186 est
3418 5131 3486 5163 ⁸’τ
3526 5151 3540 5198 ;
3565 5152 3582 5184 ι
3606 5143 3662 5190 et

2087 5236 2300 5274 rursum
2335 5242 2349 5275 :
2391 5241 2408 5270 ι
2450 5221 2508 5274 Si
2541 5235 2642 5289 ego
2675 5237 2780 5276 non
2813 5220 2955 5278 facio
2984 5238 3149 5294 Opera
3187 5223 3360 5280 Patris
3392 5226 3519 5292 mei,
3553 5242 3660 5282 non

2087 5311 2322 5364 credatis
2352 5311 2483 5364 mihi
2530 5314 2570 5366 ⁸.
2607 5331 2625 5364 ι
2661 5310 2716 5366 Si
2749 5329 2898 5384 ergo,
2928 5315 3053 5382 quia
3085 5322 3260 5383 potest
3293 5313 3470 5368 facere
3495 5329 3658 5382 opera

2091 5400 2285 5464 Patris.
2314 5412 2368 5456 et
2396 5403 2518 5470 quia
2549 5403 2710 5457 habet
2737 5404 2788 5458 ιε.
2820 5419 2878 5459 se
2907 5404 3142 5468 Patrem,
3175 5405 3394 5473 ipseque
3420 5406 3658 5461 vicissim

2089 5500 2171 5546 est
2207 5494 2256 5546 iu
2295 5492 2483 5559 Patre,
2517 5509 2679 5550 verus
2717 5498 2854 5550 Deus
2888 5511 3007 5550 esse
3041 5494 3346 5551 declaratur
3383 5513 3396 5548 :
3437 5499 3536 5552 hac
3570 5514 3658 5553 ra-

2093 5586 2235 5637 tione
2269 5585 2441 5639 l'actus
2471 5595 2554 5641 est
2586 5587 2840 5640 Dominus
2873 5586 3205 5642 credentium
3243 5588 3292 5640 in
3329 5587 3532 5656 ipsum,
3566 5591 3658 5644 de-

1529 5758 1741 5815 ‘Num.
1797 5776 1894 5827 xu,
1929 5760 1983 5813 '7.
2063 5755 2308 5814 "lPetr.
2370 5773 2430 5820 lt,
2470 5756 2560 5811 2‘2.
2639 5757 2811 5814 Ἀρι.
2867 5775 2924 5826 ιι,
2983 5759 3072 5814 2‘2.
3154 5755 3222 5792 ⁶·’
3253 5756 3408 5838 Joan.
3459 5777 3510 5831 x,
3569 5763 3660 5819 '58.
