4100 6290
567 371 665 440 631

1805 373 2016 434 ΕΠῚἬ
2027 372 2156 434 ΥΜΙ

2245 370 2606 434 ZlGABENI
3677 373 3757 436 δίη
3786 328 3790 334 ”

566 493 918 561 ciaratusque
944 497 1029 547 cst
1053 493 1216 548 ctiam
1254 491 1367 562 ipse
1391 507 1511 558 esse
1536 491 1826 561 Christus;
1872 497 1916 550 si
1954 510 2080 550 vero
2104 510 2135 550 a

2241 493 2429 563 γέγονε
2464 492 2573 545 τῶν
2609 490 2688 552 εἰς
2719 489 2882 546 αὐτὸν
2923 487 3331 542 πιστευσάντων
3363 487 3579 558 Κύριος,
3610 491 3752 562 ἐφάνη

568 584 679 638 Deo
727 580 907 638 factus
935 597 1054 640 csse
1085 582 1350 638 Dominus
1391 583 1614 650 dicitur,
1640 586 1801 640 etiam
1859 585 1960 641 hoc
1991 593 2137 639 recte

568 676 752 731 habet.
793 674 1058 746 Cognitus
1088 678 1230 730 enim
1263 691 1361 746 per
1392 692 1554 746 opera
1587 691 1708 732 esse
1739 694 1897 732 \erus
1930 678 2018 732 Dei
2046 679 2137 732 Fi-

568 769 695 836 lius,
732 768 1050 822 dominatur
1081 767 1133 821 in
1176 781 1272 822 eos
1307 767 1399 835 qui
1441 768 1568 822 olim
1613 784 1723 822 non
1759 769 2135 833 crediderunt,

568 861 784 932 propria
813 876 907 914 sua
937 859 1197 928 dignitate
1243 871 1298 914 et
1321 851 1509 916 Patris
1541 861 1822 916 nobilitate
1854 861 1954 930 ipsi
1986 862 2140 916 testi-

569 954 810 1008 monium
857 953 1179 1020 perhibente
1235 961 1296 1007 ut
1353 953 1484 1008 Deo.
1547 955 1684 1009 Cum
1735 956 1878 1010 cnim
1917 957 2142 1009 omnino

569 1045 820 1114 cOgnitus
852 1046 922 1099 sit
954 1061 1075 1100 esse
1117 1044 1288 1100 Filius
1318 1045 1434 1110 Dei,
1477 1043 1653 1100 factus
1701 1047 1862 1100 etiam
1900 1058 1985 1102 est
2041 1047 2144 1100 Do-

572 1137 752 1191 minus
787 1151 801 1189 :
842 1151 948 1189 non
973 1135 1117 1204 quod
1155 1146 1281 1190 tunc
1313 1136 1548 1208 primum
1591 1138 1888 1194 exsistt'uidi
1925 1138 2142 1192 initium

569 1231 840 1299 acceperit
869 1231 1108 1301 (semper
1142 1230 1286 1284 enim
1313 1239 1431 1284 erat
1463 1241 1516 1284 et
1547 1231 1687 1286 Deus
1749 1241 1803 1284 et
1836 1231 2144 1298 Dominus),

570 1323 663 1377 sed
700 1323 920 1391 quando
961 1337 988 1374 a
1031 1320 1384 1384 credentibus
1414 1325 1668 1392 cognitus
1693 1334 1804 1384 est,
1831 1335 1940 1377 tum
1971 1324 2146 1378 factus

570 1424 654 1468 cst
688 1413 769 1469 eis
797 1413 1084 1470 Dominus.

712 1622 792 1678 Ea:
827 1627 1006 1684 eodem
1031 1630 1164 1684 libro
1211 1631 1267 1684 in
1311 1633 1408 1685 illa
1454 1633 1610 1686 verba
1651 1648 1664 1683 :

1124 1700 1322 1760 Filium
1373 1712 1541 1757 tuum.
1569 1720 1590 1757 ι

1709 1652 1725 1682 ι
1765 1633 2017 1699 Clariﬁca

645 1795 903 1849 Senator
933 1794 1135 1849 alicubi
1165 1795 1228 1847 ad
1253 1794 1470 1849 Patrem
1505 1811 1662 1849 suum
1690 1795 1763 1847 ita
1791 1796 1867 1848 ait
1893 1813 1904 1848 :
1944 1812 1962 1846 ι
1992 1791 2175 1858 Pater,

576 1887 726 1941 venit
783 1886 941 1954 hora,
998 1887 1239 1958 gloriﬁca
1299 1885 1497 1942 Filium
1552 1897 1704 1942 tuum
1737 1889 1775 1940 ¹.
1837 1907 1852 1936 ι
1912 1887 1969 1941 Si
2021 1903 2150 1957 ergo

577 1987 769 2034 exacte
797 1979 944 2032 novit
977 1981 1187 2041 horam,
1213 1992 1374 2052 quam
1404 1979 1617 2034 venisse
1636 1979 1792 2041 dicit,
1819 1978 1948 2046 quid
1971 1981 2154 2033 obstat

579 2068 876 2139 quominus
905 2080 958 2123 ct
989 2069 1136 2121 illam
1171 2069 1337 2135 norit,
1366 2083 1554 2137 quam,
1591 2076 1650 2121 ut
1682 2069 1867 2134 homo,
1901 2067 2154 2138 ignorare

579 2177 639 2218 se
670 2164 1021 2231 inquit,quod
1043 2162 1096 2216 id
1123 2162 1447 2216 humanitati
1472 2163 1780 2220 conveniat.
1809 2162 1951 2216 norit
1973 2171 2154 2216 autem

579 2257 805 2312 omnino
839 2265 898 2309 ut
932 2253 1116 2308 Deus?
1145 2257 1215 2306 At
1269 2269 1374 2308 non
1416 2264 1632 2322 oportet
1669 2253 1740 2307 ob
1789 2253 1929 2308 hanc
1960 2267 2146 2308 vocem

581 2345 824 2403 Verbum
870 2346 962 2400 Dei
1022 2346 1302 2408 incusare,
1334 2353 1390 2399 et
1427 2345 1790 2416 ignorantiam
1838 2345 2156 2398 temereilli

584 2442 859 2510 objiccre;
893 2440 986 2492 sed
1009 2440 1191 2509 potius
1215 2439 1399 2498 mirari
1423 2453 1659 2492 amorem
1688 2453 1796 2508 quo
1821 2453 1946 2508 erga
1965 2438 2160 2491 huma-

587 2553 716 2591 num
741 2550 916 2607 genus
938 2533 1213 2602 ﬂagravit,
1233 2548 1342 2603 quo
1363 2533 1632 2600 impulsus
1659 2547 1767 2584 non
1793 2530 2068 2585 recusarit
2091 2531 2157 2584 ad

585 2637 798 2682 tantam
835 2627 1199 2682 humilitatem
1224 2640 1341 2680 sese
1360 2626 1666 2690 demittere,
1695 2624 1952 2678 utomnia
1977 2633 2161 2677 nostta

588 2719 912 2787 susciperet,
947 2732 1176 2786 quorum
1204 2717 1367 2772 etiam
1407 2732 1575 2776 unum
1603 2725 1688 2771 est
1707 2715 2034 2786 ignorantia.

660 2895 1039 2966 lnterrogandi
1087 2909 1212 2962 sunt
1274 2899 1460 2953 hostes
1509 2897 1756 2965 Christi,
1806 2901 2161 2970 quamobrem

595 2991 856 3046 bervator
872 3006 993 3046 cum
1023 2993 1242 3061 angelos
1265 3003 1318 3047 et
1347 2992 1544 3048 Filium
1579 2993 1897 3058 nominarit,
1927 2993 2165 3063 Spiritus

2239 589 2419 642 δὲκαὶ
2463 584 2622 648 αὐτὸς
2673 583 2749 636 ὢν
2795 584 2823 635 6
2863 582 3098 654 Χριστός
3125 598 3138 611 °

3187 581 3236 633 εἰ
3275 581 3332 634 δὲ
3362 583 3505 652 παρά
3533 584 3652 637 Θεοῦ
3678 605 3759 638 πε-

2243 681 2501 750 ποιῆσθαι
2548 679 2752 748 Κύριος
2808 675 3046 743 λέγεται,
3102 673 3195 727 καὶ
3245 673 3397 726 τοῦτο
3444 675 3547 744 ἔχει
3597 675 3759 739 καλῶς.

2254 772 2781 840 Ἐπιγινωσκόμενος
2833 771 2940 839 γὰρ
2985 769 3075 822 διὰ
3123 767 3230 819 τῶν
3276 768 3451 838 ἔργων
3498 767 3689 837 γνήσιόν
3715 785 3761 822 τι

2245 866 2335 920 καὶ
2361 865 2610 935 ἀληθινὸν
2645 862 2740 916 τοῦ
2777 861 2912 915 Θεοῦ
2947 862 3215 929 γέννημα,
3257 857 3497 928 κυριεύει
3520 861 3617 909 civ
3640 859 3764 912 ἀπει-

2245 958 2482 1012 θούντων
2519 958 2706 1021 πάλαι,
2742 955 2823 1026 τῷ
2852 973 2913 1008 τε
2962 954 3149 1023 οἰκείῳ
3192 952 3457 1020 ἀξιώματι
3503 951 3589 1005 καὶ
3629 955 3683 1020 τῇ
3717 957 3764 1006 ἐκ

2248 1049 2457 1121 Πατρός
2495 1049 2746 1120 εὐγενείᾳ
2787 1046 3238 1117 μαρτυρούμενος
3283 1045 3358 1106 ὼς
3397 1044 3544 1105 Θεός.
3581 1045 3762 1114 Ἐπειδὴ

2247 1142 2356 1212 γὰρ
2388 1141 2522 1203 ὅλως
2554 1140 2799 1210 ἐγνώσθη
2848 1139 2982 1192 Θεοῦ
3019 1137 3285 1207 ὑπάρχων
3324 1136 3464 1199 Υἱὸς,
3501 1137 3668 1201 γέγονε
3694 1137 3766 1188 καὶ

2249 1235 2475 1304 Κύριος,
2504 1232 2566 1287 οὑ
2595 1232 2713 1286 τότε
2745 1231 2958 1300 πρῶτον
2983 1231 3076 1284 τοῦ
3117 1227 3253 1281 εἶναι
3289 1230 3486 1296 Κύριος
3511 1227 3764 1297 ἀρξάμενος

2253 1322 2340 1396 (ἦν
2380 1331 2488 1396 γὰρ
2527 1325 2612 1379 ἀεὶ
2656 1327 2750 1377 καὶ
2781 1324 2914 1385 Θεὸς
2965 1323 3060 1376 καὶ
3101 1321 3351 1391 Κύριος),
3391 1320 3501 1375 ἀλλ’
3535 1322 3613 1372 ὅτε
3648 1318 3766 1387 παρὰ

2211 1477 2218 1483 _
2250 1421 2364 1482 τοῖς
2406 1418 2828 1472 πεπιστευκόσιν
2868 1414 3136 1484 ἐγνώσθη,
3166 1415 3289 1467 τότε
3341 1411 3568 1482 γεγονὼς
3597 1411 3678 1466 καὶ
3699 1411 3764 1463 ἐπ’

2254 1514 2450 1574 αὐτοὺς
2479 1510 2705 1581 Κύριος.

2267 1627 2366 1681 Ἕκ
2404 1627 2511 1682 τοῦ
2545 1625 2733 1680 αὐτοῦ
2767 1626 3014 1688 ,ϐιϐλίου
3063 1626 3150 1690 εις
3180 1625 3250 1678 τό
3274 1639 3290 1653 ο
3351 1639 3371 1673 ι
3400 1621 3652 1684 Δόεασόν
3682 1634 3770 1674 σου

2849 1696 2952 1749 τὸν
2999 1698 3158 1750 Υιόν.
3201 1714 3220 1746 ι

2327 1788 2493 1858 Λέγει
2519 1806 2621 1842 που
2651 1789 2788 1858 πρὸς
2819 1790 2909 1842 τὸν
2939 1784 3132 1852 ἑαυτοῦ
3163 1788 3384 1857 Πατέρα
3410 1785 3770 1853 διαλεγόμενος*

2261 1897 2278 1929 ι
2325 1879 2529 1947 Πάτερ,
2569 1878 2826 1949 ἐλήλυθεν
2857 1878 2890 1947 ἡ
2931 1875 3073 1948 ὥρα,
3104 1877 3349 1942 δόξασόν·
3373 1892 3463 1928 σου
3499 1875 3581 1926 τὸν
3616 1873 3767 1926 Υἱόν.ι

2260 1971 2322 2024 Εἰ
2357 1971 2536 2025 τοίνυν
2587 1967 2729 2024 οἶδεν
2767 1969 3018 2039 ἀκριϐῶς
3061 1971 3160 2040 τὴν
3188 1970 3367 2038 ὥραν,
3400 1969 3464 2040 ἣν
3515 1966 3773 2037 ἐληλυθέναι

2257 2063 2494 2132 λέγει,τί
2515 2062 2576 2116 τὸ
2602 2063 2810 2116 κωλῦον
2835 2063 3034 2116 εἰδέναι
3058 2064 3344 2130 κάκείνην,
3363 2063 3428 2134 ἢν
3454 2062 3524 2123 ὡς
3544 2061 3774 2130 ἄνθρωπος

2261 2159 2479 2225 ἀγνοεῖν
2529 2157 2628 2226 μέν
2660 2173 2794 2225 φησι
2828 2155 2914 2209 διὰ
2958 2155 3019 2208 τὸ
3057 2158 3124 2226 τῇ
3174 2154 3554 2224 άνθρωπὸτητι
3592 2152 3771 2221 πρέπον,

2261 2247 2370 2304 οἶδε
2401 2251 2459 2305 δὲ
2488 2251 2706 2314 πάντως
2741 2251 2814 2312 ὡς
2846 2250 3016 2315 Θεός;
3064 2250 3186 2319 Χρὴ
3214 2249 3274 2302 δὲ
3302 2251 3362 2301 οὐ
3399 2249 3485 2303 διὰ
3516 2247 3606 2318 τὴν
3634 2245 3772 2298 τοιαύ-

2261 2364 2362 2416 την
2391 2344 2574 2416 φωνὴν
2607 2345 2930 2413 κατηγορεῖν
2961 2342 3053 2396 τοῦ
3080 2342 3212 2395 Θεοῦ
3245 2343 3445 2409 Λό,ου,
3468 2344 3556 2394 καὶ
3583 2338 3777 2410 ῥιψοκιν-

2263 2439 2434 2501 δύνως
2467 2439 2691 2507 ἄγνοιαν
2719 2435 2867 2506 αὐτῷ
2903 2437 3243 2506 προσάπτειν
3287 2436 3409 2488 τινά
3431 2451 3446 2466 ·
3469 2433 3594 2487 ἀλλὰ
3619 2432 3778 2500 μᾶλλον

2267 2529 2571 2599 θαυμάζειν
2602 2529 2766 2582 αὑτοῦ
2801 2528 2898 2598 τὴν
2929 2527 3371 2597 φιλανθρωπίαν,
3403 2526 3462 2579 οὐ
3493 2539 3780 2594 παραιτησα-

2270 2626 2432 2695 μένου
2464 2623 2552 2676 διὰ
2581 2621 2678 2693 τὴν
2705 2623 2784 2683 εἰς
2813 2623 2959 2690 ἡμᾶς
2988 2620 3271 2689 ἀγάπησιν
3306 2622 3384 2682 εἰς
3418 2618 3663 2686 τοσαύτην
3685 2617 3780 2668 ἐαυ-

2267 2722 2358 2772 τὸν
2402 2717 2733 2771 ταπείνωσιν
2768 2716 3124 2782 καταγαγεῖν,
3153 2713 3229 2774 ὡς
3273 2714 3452 2768 πάντα
3501 2713 3702 2781 φορέσαι
3731 2704 3780 2760 τὰ

2271 2812 2448 2882 ἡμῶν,
2477 2809 2640 2864 ὤν’ἒν
2665 2810 2905 2879 ὑπάρχει
2940 2809 3035 2861 καὶ
3066 2809 3098 2877 ἡ
3131 2808 3348 2876 ἄγνοια.

2353 2901 2690 2974 Ἐρωτητέον
2730 2903 2859 2960 τοὺς
2889 2900 3321 2969 χριστομάχους,
3349 2900 3470 2952 ὅτου
3503 2899 3562 2970 δὴ
3609 2900 3696 2967 χάρ
3716 2895 3778 2948 v6

2270 2995 2464 3063 Σωτὴρ
2499 2993 2759 3061 ἀγγέλους
2813 2991 2905 3043 καὶ
2944 2990 3072 3042 Υίὺν
3115 2991 3417 3058 ὀνομάσας,
3469 2989 3679 3056 οὐδαμοῦ
3711 2983 3780 3037 τοῦ

592 3082 921 3137 mentionem
968 3095 1235 3150 nusquam
1307 3079 1538 3132 fecerit?
1599 3079 1711 3130 Non
1780 3079 1921 3131 enim
1976 3078 2156 3134 dixit:

2211 3079 2235 3133 3
2265 3076 2580 3148 Πνεῦματος
2609 3079 2900 3148 ἐποιήσατο
2932 3078 3184 3146 μνήμηνς
3215 3077 3293 3131 υὺ
3323 3077 3428 3148 γὰρ
3452 3079 3675 3148 εἴρηκεν·
3699 3075 3783 3126 031

592 3170 706 3227 Non
773 3172 924 3226 novit
981 3172 1237 3240 Spiritus,
1259 3173 1376 3238 sed,
1408 3191 1425 3223 ι
1465 3169 1579 3225 Νοι.
1611 3179 1807 3224 norunt
1834 3170 2031 3240 angeli,
2068 3185 2162 3224 ne-

593 3278 697 3333 que
746 3265 895 3317 novit
931 3265 1128 3330 Filius;
1168 3274 1372 3332 ratque
1415 3265 1515 3317 hoc
1556 3264 1770 3330 quidem
1808 3261 2160 3330 simpliciter:

594 3369 700 3406 non
733 3356 876 3407 enim
902 3355 1117 3424 adjecit,
1155 3355 1269 3408 Dei.
1307 3355 1648 3409 Manifestum
1693 3357 1856 3425 igitur
1885 3364 1968 3408 cst
2020 3351 2160 3420 quod

592 3440 813 3508 angelos
846 3441 1124 3509 ignorasse
1153 3443 1370 3506 dixerit,
1410 3452 1467 3496 ttt
1511 3453 1812 3498 creaturas.
1845 3442 1982 3496 Cum
2037 3456 2163 3493 vero

593 3532 876 3600 discipulis
909 3535 960 3585 id
985 3533 1165 3586 dicere
1207 3533 1393 3599 nollet,
1423 3533 1492 3586 ob
1519 3533 1841 3588 ineﬂ'abilem
1877 3534 2160 3601 quamdam

527 3627 534 3633 "
595 3621 790 3676 divittte
813 3623 1297 3678 administrationis
1324 3634 1376 3677 et
1409 3624 1622 3678 consilii
1654 3623 1916 3677 rationem
1942 3636 1956 3675 :
1983 3641 1999 3672 ι
2031 3620 2164 3687 Quis

595 3714 736 3764 enim
785 3713 934 3767 novit
982 3725 1213 3767 mentem
1264 3713 1496 3779 Domini,
1533 3724 1623 3768 aut
1657 3716 1778 3785 quis
1824 3713 2165 3768 consiliarius

593 3802 710 3868 eius
755 3803 854 3858 fuit
907 3800 973 3858 ’ἲ
1010 3823 1028 3856 ι
1080 3821 1145 3859 ne
1196 3808 1465 3861 videretur
1511 3807 1630 3862 illus
1665 3807 1765 3860 hoc
1811 3806 1988 3861 celare
2028 3805 2162 3858 relic

592 3908 764 3963 eoque
793 3897 1006 3951 nomine
1035 3896 1152 3952 illos
1173 3913 1404 3952 mmrore
1429 3898 1662 3964 allicere,
1697 3898 1854 3962 dixit,
1879 3913 1945 3952 ne
1967 3897 2160 3950 Filium

592 3985 808 4054 quidem
845 3987 944 4040 hoc
979 4003 1139 4042 nosse
1165 4006 1178 4053 ;
1208 3987 1445 4042 humano
1482 4005 1630 4043 more
1659 3989 1724 4043 de
1752 4004 1810 4043 se
1838 3989 2080 4058 loquens,
2108 3995 2162 4039 ut

595 4079 754 4130 homo
779 4095 791 4130 :
821 4086 873 4128 et
899 4079 1138 4131 omnium
1171 4079 1388 4132 interim
1420 4079 1668 4132 notitiam
1697 4077 1800 4131 sibi
1831 4092 2076 4140 servans,
2107 4085 2164 4129 ιιι

597 4167 753 4220 Deus.
787 4168 992 4222 Idcirco
1040 4169 1183 4222 enim
1229 4185 1334 4223 non
1383 4171 1548 4233 dixit,
1589 4169 1851 4238 Spiritum
1887 4169 2158 4238 ignorare.

593 4257 725 4311 Nam
754 4259 798 4311 si
829 4261 1048 4326 spiritus
1081 4262 1260 4314 omnia
1288 4272 1582 4324 scrutatur,
1606 4263 1769 4314 etiam
1803 4261 2013 4314 occulta
2047 4261 2162 4326 Dei,

592 4361 649 4402 ut
681 4350 937 4416 scriptum
972 4359 1054 4404 cst
1120 4351 1171 4414 ³,
1202 4354 1348 4405 ιιονὶι
1381 4353 1618 4421 proiecto
1639 4352 1953 4420 omniaquae
1974 4352 2022 4404 in
2050 4352 2164 4420 ipso

2265 3163 2369 3220 οἶδε
2401 3168 2461 3220 τὸ
2498 3167 2741 3238 Πνεῦμα,
2786 3168 2898 3220 ἀλλ’
2933 3188 2950 3220 ι
2979 3168 3092 3222 Οὐκ
3141 3169 3324 3222 ἴσασιν
3353 3171 3402 3222 οἱ
3445 3169 3669 3237 ἄγγελοι.
3702 3164 3782 3218 οὐδ’

2264 3253 2401 3310 οἶδεν
2447 3261 2475 3310 6
2526 3259 2683 3322 Υἱός·
2720 3277 2737 3309 ι
2795 3259 2888 3311 καὶ
2933 3258 3090 3312 τοῦτο
3135 3259 3582 3331 ἀπολελυμένωςο
3616 3258 3668 3311 οὐ
3704 3256 3782 3324 γὰρ

2267 3348 2639 3419 προσ-τέθεικε,
2671 3350 2764 3403 τοῦ
2797 3350 2952 3405 Θεοῦ.
2984 3351 3154 3419 Δῆλον
3184 3349 3278 3404 οῦν
3314 3353 3395 3405 ὅτι
3428 3352 3669 3420 ἀγγέλους
3704 3347 3778 3417 μὲν

2265 3441 2464 3510 ἔφησεν
2508 3443 2721 3509 ἀγνοεῖν
2750 3442 2825 3506 ὡς
2853 3442 3148 3513 κτίσματα.
3195 3444 3387 3497 Εῐπεῖν
3420 3445 3473 3497 δὲ
3517 3446 3616 3504 τοῖς
3646 3440 3780 3510 μαθη-

2263 3535 2382 3596 ταῖς
2409 3533 2468 3586 οὒ
2499 3532 2750 3603 θελήσας,
2778 3534 2868 3588 διά
2897 3551 3022 3588 τινα
3063 3535 3221 3604 λόγον
3249 3535 3556 3606 οἰκονομίας
3592 3533 3782 3600 ἁπόῤῥηο

2264 3641 2374 3676 τον·
2416 3642 2434 3675 ‹
2463 3624 2558 3687 Τίς
2578 3624 2685 3696 γὰρ
2725 3625 2864 3693 ἔγνω
2897 3625 3021 3678 νοῦν
3065 3626 3296 3696 Κυρίου,
3341 3628 3374 3697 ἣ
3418 3627 3498 3690 τίς
3541 3621 3782 3694 σύμϐουλος

2265 3712 2428 3768 αὐτοῦ
2474 3716 2722 3782 ὲγένετος
2756 3736 2774 3769 ι
2808 3718 2895 3770 ἵνα
2931 3719 3007 3788 μὴ
3043 3718 3305 3790 φαίνηται
3337 3719 3580 3788 κρύπτων
3605 3712 3780 3772 αὐτοὺς,

2265 3808 2359 3860 καὶ
2389 3807 2475 3861 διὰ
2505 3807 2663 3862 τοῦτο
2691 3809 2932 3880 λυπήσῃ,
2973 3810 3068 3863 καὶ
3109 3810 3200 3864 τὸν
3239 3810 3369 3864 Υἱὺν
3423 3811 3580 3878 ἔφησε
3632 3806 3691 3875 μὴ
3728 3803 3782 3854 εἰ·

2263 3898 2428 3957 δέναι,
2448 3898 2929 3970 ἀνθρωπινώτερον
2956 3902 3051 3969 μὲν
3077 3901 3204 3970 περὶ
3226 3901 3422 3955 ἑαυτοῦ
3446 3901 3622 3968 λέγων,
3642 3897 3781 3962 ὥσπερ

2267 4007 2331 4041 πε
2343 3989 2394 4059 ρὶ
2421 3988 2705 4059 ἀνθρώπου
2727 4009 2739 4021 ·
2777 3991 3057 4060 φυλάττων
3083 3992 3140 4044 δὲ
3165 3992 3346 4063 ἐαυτῷ
3373 3994 3430 4046 τὸ
3458 3993 3637 4045 εἰδέναι
3663 3987 3780 4040 πάλιν

2267 4081 2443 4134 πάντα
2466 4080 2539 4144 ὡς
2565 4081 2718 4143 Θεός.
2743 4082 2840 4136 Διὰ
2867 4083 2975 4154 γὰρ
3001 4083 3156 4137 τοῦτο
3185 4085 3306 4138 οὐδὲ
3331 4085 3393 4138 τὸ
3413 4081 3781 4154 Πνεῦμαέφησεν

2266 4173 2504 4240 ἀγνοεῖν.
2540 4174 2603 4226 Εἰ
2639 4175 2747 4245 γὰρ
2776 4175 2837 4227 τὸ
2890 4175 3116 4244 Πνεῦμα
3160 4177 3340 4230 πάντα
3377 4177 3586 4248 ἐρευνᾷ.
3626 4171 3700 4226 καὶ
3735 4167 3780 4219 τὰ

2268 4263 2404 4336 βάθη
2437 4265 2531 4318 τοῦ
2561 4266 2716 4329 Θεοῦ,
2747 4267 2890 4320 καθά
2927 4268 3254 4337 γέγραπται,
3276 4265 3385 4322 οἶδε
3414 4266 3630 4337 δηλονότι
3650 4260 3779 4315 πάντα

2265 4355 2332 4408 τά
2378 4358 2434 4407 ὲν
2463 4357 2628 4424 αὐτῷ.
2674 4358 2784 4411 Καὶ
2814 4359 2946 4412 εἰτὸ
2973 4360 3198 4430 Πνεῦμα
3233 4361 3294 4412 τὸ
3340 4361 3510 4414 πάντα
3541 4357 3680 4418 εὲδὸς.
3715 4349 3780 4402 καὶ

593 4451 734 4495 sunt.
781 4440 930 4507 Quod
977 4441 1020 4496 si
1061 4441 1294 4511 Spiritus
1331 4444 1418 4512 qui
1479 4445 1658 4497 omnia
1704 4443 1826 4507 scit,
1875 4445 2156 4512 Omniaque

2211 4437 2238 4491 [)
2266 4447 2332 4500 τά
2367 4447 2544 4501 πάντα
2573 4449 3033 4518 περιεργάζεσθαι
3065 4451 3384 4519 δυνάμενον,
3416 4449 3558 4516 παρὰ
3589 4443 3664 4498 τοῦ
3688 4435 3778 4491 λ’ἱοῦ

593 4532 868 4600 inquirere
915 4541 1118 4604 potest,
1150 4548 1177 4585 a
1217 4532 1353 4586 Filio
1385 4535 1582 4604 accipit
1616 4551 1629 4586 :
1676 4554 1694 4585 ι
1735 4534 1827 4587 llle
1870 4534 2038 4596 enim,
2077 4534 2162 4586 in-

595 4621 729 4690 quit,
747 4622 810 4674 de
841 4637 960 4675 meo
983 4622 1210 4690 accipiet
1239 4621 1290 4692 ⁸,
1321 4643 1339 4675 ι
1363 4625 1631 4692 quomodo
1659 4624 1828 4680 Filius
1855 4625 2164 4677 censebitur

595 4713 864 4783 ignorare,
891 4716 980 4777 qtti
1013 4714 1236 4784 Spiritui
1273 4718 1452 4772 omnia
1487 4716 1678 4772 scienti
1708 4718 2060 4785 suppeditat?

675 4813 758 4869 Ex
783 4817 963 4868 eodem
995 4811 1129 4866 libro
1159 4812 1211 4866 in
1251 4827 1310 4864 ea
1347 4807 1503 4862 rerba
1527 4823 1546 4862 :
1595 4828 1612 4860 ι
1671 4809 1746 4863 De
1793 4807 1888 4861 illa
1926 4806 2100 4862 autem

1143 4884 1226 4934 die
1261 4892 1353 4934 aut
1386 4881 1538 4932 liora.
1584 4897 1603 4930 ι

675 4976 731 5031 Si
759 4977 945 5040 omnia
1000 4989 1122 5044 quae
1172 4963 1335 5028 habet
1386 4972 1572 5037 Pater,
1610 4981 1740 5028 sunt
1775 4973 1922 5040 Filii,
1969 4987 2029 5028 ut
2060 4974 2176 5044 ipse

599 5076 873 5124 testatur:
907 5074 961 5118 at
996 5065 1155 5120 Pater
1207 5066 1458 5119 ultimum
1500 5067 1654 5122 illum
1703 5069 1844 5121 diem
1880 5076 1936 5120 et
1981 5067 2173 5122 horam

602 5161 791 5217 novit:
838 5169 986 5214 certe
1009 5159 1170 5213 etiam
1201 5157 1372 5212 Filius
1392 5160 1552 5213 norit.
1595 5161 1668 5214 lta
1697 5161 1842 5215 cnim
1874 5175 2002 5215 vere
2027 5161 2178 5216 dixe-

603 5255 675 5309 rit
709 5271 722 5307 :
765 5271 784 5304 ¢
829 5251 1026 5307 Omnia
1064 5267 1184 5322 qua:
1213 5251 1376 5304 habet
1404 5249 1588 5314 Pater,
1621 5268 1738 5305 mea
1770 5257 1979 5306 sunt!»

684 5458 766 5513 Ea:
788 5456 968 5513 eodem
997 5456 1132 5511 libro
1158 5457 1219 5540 ⁸ἱιι
1251 5474 1311 5511 ea
1361 5460 1551 5539 verita:
1594 5479 1610 5508 ι
1655 5459 1718 5512 Et
1751 5461 1930 5513 omnia
1963 5461 2106 5514 dedit

1152 5545 1207 5582 tu
1235 5546 1395 5582 manu
1432 5546 1568 5597 ejus.
1615 5549 1632 5581 ι

675 5619 797 5674 Non
828 5622 950 5675 ideo
999 5623 1202 5676 dicitur
1237 5621 1409 5677 Filius
1445 5638 1472 5673 a
1505 5620 1668 5676 Patre
1695 5625 1994 5693 accepisse,
2036 5625 2180 5693 quod

609 5722 766 5792 antea
793 5726 904 5765 non
938 5714 1206 5769 habuerit.
1231 5714 1407 5768 liabet
1427 5717 1570 5768 enim
1594 5719 1936 5775 naturaliter.
1962 5735 2084 5772 cum
2110 5721 2181 5772 sit

681 5814 692 5842 '
734 5811 893 5866 Joau.
933 5829 1061 5867 xvii.
1102 5817 1150 5869 l.
1232 5818 1251 5847 ¹
1291 5818 1388 5874 lsa.
1425 5837 1511 5886 χι,
1547 5821 1648 5887 t5;
1687 5823 1842 5876 Rom.
1882 5840 1955 5889 ιιι,
1987 5826 2072 5877 Si.

2155 5824 2169 5852 ³
2198 5824 2211 5876 1
2241 5822 2371 5878 Cat.
2409 5843 2472 5892 ιι,
2507 5827 2590 5881 lt).

2267 4537 2554 4607 λαμϐάνει·
2597 4557 2617 4588 ι
2654 4539 2860 4591 Ἐκεῖνο
2902 4538 3031 4610 γὰρ,
3072 4541 3255 4609 φησιν,
3286 4539 3344 4605 ἐξ
3377 4539 3504 4606 ἐμοῦ
3535 4535 3774 4605 ﬁdem“

2269 4629 2386 4691 πῶς
2422 4630 2450 4680 6
2483 4628 2654 4696 Λόγος
2680 4631 2883 4698 ἀγνοεῖ,
2910 4631 2937 4682 ὁ
2967 4630 3058 4683 τοῦ
3091 4631 3268 4684 πάντα
3298 4630 3491 4693 εἰδότος
3531 4625 3779 4692 nocituro;

2270 4722 2539 4790 χορηγός;

2294 4815 2388 4866 Ἐκ
2419 4811 2525 4866 τοῦ
2555 4812 2740 4866 αὐτοῦ
2764 4812 3010 4876 ,βιϐλίου
3037 4814 3124 4880 εὶς
3154 4812 3245 4882 τό·
3273 4833 3292 4864 ι
3318 4812 3455 4882 Περὶ
3488 4811 3585 4880 τῆς
3612 4803 3780 4878 ἡμέρας

2669 4883 2910 4949 ἐκείνης
2967 4884 3062 4934 καὶ
3101 4881 3207 4950 τῆς
3235 4881 3409 4952 ὥρας.
3442 4903 3459 4934 ι

2358 4978 2416 5030 Ei
2445 4978 2624 5030 πάντα
2669 4977 2768 5030 ὅσα
2815 4978 2928 5046 ἔχει
2959 4979 2988 5030 6
3018 4979 3206 5048 Πατὴρ
3243 4977 3336 5030 τοῦ
3376 4975 3502 5029 Υίοῦ
3535 4975 3654 5033 ἔστι,
3675 4964 3778 5018 καθά

2285 5089 2451 5140 φησιν
2477 5071 2661 5138 αὐτὸς,
2683 5071 2794 5142 ἔχει
2821 5073 2875 5124 δὲ
2906 5074 2932 5124 ό
2962 5071 3148 5140 Πατὴρ
3172 5071 3267 5141 τὴν
3297 5073 3493 5138 γνῶσιν
3514 5067 3604 5136 τῆς
3621 5059 3778 5132 ἡμέρας

2287 5162 2512 5229 καὶτῆς
2548 5161 2697 5231 ὧρας
2731 5163 2969 5230 ἐκείνης,
3003 5160 3116 5229 ἔχει
3157 5161 3400 5232 δηλονότι
3445 5158 3634 5226 ταύτην
3671 5145 3779 5201 καὶά

2290 5254 2438 5318 Υἱός.
2466 5255 2625 5307 υῦτω
2659 5255 2768 5325 γάρ
2795 5255 3088 5324 ἀληθεύσει
3118 5257 3289 5324 λέγων
3313 5271 3327 5286 ⁸
3357 5273 3376 5306 ι
3406 5252 3577 5307 Πάντα
3602 5249 3681 5301 ὅσα
3701 5242 3777 5308 ἔχει

2290 5350 2318 5402 6
2348 5349 2556 5419 Πατὴρ,
2589 5350 2697 5418 ἐμά
2729 5352 2897 5405 ἐστιν.
2939 5369 2957 5402 ι

2295 5461 2404 5514 Τοῦ
2439 5462 2628 5515 αὑτοῦ
2646 5461 2892 5524 ,βιϐλίου
2919 5465 3006 5526 είς
3035 5463 3104 5515 τό
3125 5480 3136 5492 ’
3175 5482 3194 5515 ‹
3227 5463 3334 5517 Καὶ
3369 5461 3556 5516 πάντα
3581 5450 3769 5508 δέδωκεν

2748 5533 2816 5584 ἐν
2843 5531 2914 5600 τῇ
2947 5533 3097 5601 χειρὶ
3133 5533 3339 5588 αὐτοῦ.
3383 5551 3399 5584 ι

2359 5627 2432 5678 Οὺ
2469 5626 2560 5679 διὰ
2607 5628 2666 5679 τὸ
2714 5627 2788 5696 μὴ
2832 5625 2978 5695 ἔχειν
3030 5629 3057 5678 ὁ
3107 5627 3254 5692 Υἱὸς.
3302 5625 3566 5695 εἰληφέναι
3613 5615 3775 5705 Mysia:

2290 5718 2442 5788 παρὰ
2467 5719 2560 5772 τοῦ
2588 5719 2822 5788 Πατρός.
2842 5721 2995 5790 ΙἜχει
3017 5721 3124 5790 γὰρ
3152 5720 3362 5788 φυσικῶ
3375 5738 3412 5782 ς,
3433 5718 3550 5776 ἴδιος
3571 5711 3633 5764 ὧν
3652 5703 3775 5759 αὑτοῦ

2671 5825 2868 5883 ‘Joa‘n.
2905 5831 3132 5898 xv1,M.
3237 5826 3404 5885 “ibid.
3442 5817 3522 5873 l3.
