  <div class='ocr_page' id='page_1' title='image "/cluster/home/n/w/nwhite01/storage/ocr_20150623/130/mdp.39015078384255/324.png"; bbox 0 0 4026 6290; ppageno 0'>
   <div class='ocr_carea' id='block_1_1' title="bbox 251 354 1805 424">
    <p class='ocr_par' dir='ltr' id='par_1_1' title="bbox 251 354 1805 423">
     <span class='ocr_line' id='line_1_1' title="bbox 251 354 1805 423; baseline 0.001 -4"><span class='ocrx_word' id='word_1_1' title='bbox 251 354 361 420; x_wconf 80' lang='grc'><strong>633</strong></span> <span class='ocrx_word' id='word_1_2' title='bbox 1219 361 1594 423; x_wconf 74' lang='lat' dir='ltr'><strong>PANOPLIA</strong></span> <span class='ocrx_word' id='word_1_3' title='bbox 1629 360 1805 421; x_wconf 81' lang='lat' dir='ltr'><strong>DOGl</strong></span> 
     </span>
    </p>
   </div>
   <div class='ocr_carea' id='block_1_2' title="bbox 1912 354 3491 424">
    <p class='ocr_par' dir='ltr' id='par_1_2' title="bbox 1912 359 3491 424">
     <span class='ocr_line' id='line_1_2' title="bbox 1912 359 3491 424; baseline 0.001 -4"><span class='ocrx_word' id='word_1_4' title='bbox 1912 359 2095 422; x_wconf 86' lang='lat' dir='ltr'><strong>l‘lCA.</strong></span> <span class='ocrx_word' id='word_1_5' title='bbox 2118 382 2189 394; x_wconf 87' lang='grc'><strong>··-</strong></span> <span class='ocrx_word' id='word_1_6' title='bbox 2224 361 2378 424; x_wconf 85' lang='grc' dir='ltr'><strong>ΤΙΤ.</strong></span> <span class='ocrx_word' id='word_1_7' title='bbox 2410 362 2519 423; x_wconf 78' lang='lat' dir='ltr'><strong>XL</strong></span> <span class='ocrx_word' id='word_1_8' title='bbox 3385 359 3491 424; x_wconf 62' lang='lat' dir='ltr'><strong>63f</strong></span> 
     </span>
    </p>
   </div>
   <div class='ocr_carea' id='block_1_3' title="bbox 249 485 1805 567">
    <p class='ocr_par' dir='ltr' id='par_1_3' title="bbox 249 485 1805 566">
     <span class='ocr_line' id='line_1_3' title="bbox 249 485 1805 566; baseline 0.001 -20"><span class='ocrx_word' id='word_1_9' title='bbox 249 485 411 560; x_wconf 76' lang='grc' dir='ltr'><strong>Λόγος</strong></span> <span class='ocrx_word' id='word_1_10' title='bbox 445 492 544 546; x_wconf 74' lang='grc' dir='ltr'><strong>καὶ</strong></span> <span class='ocrx_word' id='word_1_11' title='bbox 570 491 932 564; x_wconf 72' lang='grc' dir='ltr'><strong>ἀπαύγασμα,</strong></span> <span class='ocrx_word' id='word_1_12' title='bbox 965 493 1142 549; x_wconf 74' lang='grc' dir='ltr'><strong>πάντα</strong></span> <span class='ocrx_word' id='word_1_13' title='bbox 1169 493 1237 548; x_wconf 82' lang='grc' dir='ltr'><strong>τὰ</strong></span> <span class='ocrx_word' id='word_1_14' title='bbox 1269 494 1459 560; x_wconf 76' lang='grc' dir='ltr'><strong>αὐτοῦ,</strong></span> <span class='ocrx_word' id='word_1_15' title='bbox 1503 495 1625 565; x_wconf 76' lang='grc' dir='ltr'><strong>δίχα</strong></span> <span class='ocrx_word' id='word_1_16' title='bbox 1660 495 1805 566; x_wconf 85' lang='grc' dir='ltr'><strong>μόνοι</strong></span> 
     </span>
    </p>
   </div>
   <div class='ocr_carea' id='block_1_4' title="bbox 1912 485 3491 567">
    <p class='ocr_par' dir='ltr' id='par_1_4' title="bbox 1922 488 3491 567">
     <span class='ocr_line' id='line_1_4' title="bbox 1922 488 3491 567; baseline -0.004 -15"><span class='ocrx_word' id='word_1_17' title='bbox 1922 499 2194 567; x_wconf 85' lang='lat' dir='ltr'><strong>preprium</strong></span> <span class='ocrx_word' id='word_1_18' title='bbox 2227 496 2342 564; x_wconf 86' lang='lat' dir='ltr'><strong>ejus</strong></span> <span class='ocrx_word' id='word_1_19' title='bbox 2377 496 2607 552; x_wconf 83' lang='lat' dir='ltr'><strong>Verbum</strong></span> <span class='ocrx_word' id='word_1_20' title='bbox 2635 507 2690 551; x_wconf 87' lang='lat' dir='ltr'><strong>et</strong></span> <span class='ocrx_word' id='word_1_21' title='bbox 2717 495 2999 566; x_wconf 80' lang='lat' dir='ltr'><strong>splendor,</strong></span> <span class='ocrx_word' id='word_1_22' title='bbox 3029 495 3210 550; x_wconf 86' lang='lat' dir='ltr'><strong>omnia</strong></span> <span class='ocrx_word' id='word_1_23' title='bbox 3237 507 3354 563; x_wconf 75' lang='lat' dir='ltr'><strong>quae</strong></span> <span class='ocrx_word' id='word_1_24' title='bbox 3387 488 3491 546; x_wconf 85' lang='lat' dir='ltr'><strong>Pa-</strong></span> 
     </span>
    </p>
   </div>
   <div class='ocr_carea' id='block_1_5' title="bbox 247 579 1805 658">
    <p class='ocr_par' dir='ltr' id='par_1_5' title="bbox 247 579 1797 658">
     <span class='ocr_line' id='line_1_5' title="bbox 247 579 1797 658; baseline 0.001 -20"><span class='ocrx_word' id='word_1_25' title='bbox 247 584 336 638; x_wconf 79' lang='grc' dir='ltr'>τοῦ</span> <span class='ocrx_word' id='word_1_26' title='bbox 362 579 503 638; x_wconf 74' lang='grc' dir='ltr'><strong>εἶναι</strong></span> <span class='ocrx_word' id='word_1_27' title='bbox 534 587 630 640; x_wconf 72' lang='grc' dir='ltr'><strong>καὶ</strong></span> <span class='ocrx_word' id='word_1_28' title='bbox 677 585 930 654; x_wconf 82' lang='grc' dir='ltr'><strong>λέγεσθαι</strong></span> <span class='ocrx_word' id='word_1_29' title='bbox 979 587 1188 658; x_wconf 82' lang='grc' dir='ltr'><strong>Πατήρ.</strong></span> <span class='ocrx_word' id='word_1_30' title='bbox 1217 587 1380 656; x_wconf 83' lang='grc' dir='ltr'><strong>Λέγει</strong></span> <span class='ocrx_word' id='word_1_31' title='bbox 1427 588 1484 641; x_wconf 88' lang='grc' dir='ltr'><strong>δὲ</strong></span> <span class='ocrx_word' id='word_1_32' title='bbox 1540 588 1797 657; x_wconf 79' lang='grc' dir='ltr'><strong>εἰληφένα</strong></span> 
     </span>
    </p>
   </div>
   <div class='ocr_carea' id='block_1_6' title="bbox 1912 579 3489 658">
    <p class='ocr_par' dir='ltr' id='par_1_6' title="bbox 1923 583 3489 656">
     <span class='ocr_line' id='line_1_6' title="bbox 1923 583 3489 656; baseline -0.003 -17"><span class='ocrx_word' id='word_1_33' title='bbox 1923 588 2056 641; x_wconf 88' lang='lat' dir='ltr'><strong>tris:</strong></span> <span class='ocrx_word' id='word_1_34' title='bbox 2086 595 2314 656; x_wconf 86' lang='lat' dir='ltr'><strong>excepto</strong></span> <span class='ocrx_word' id='word_1_35' title='bbox 2333 602 2398 641; x_wconf 91' lang='lat' dir='ltr'><strong>eo</strong></span> <span class='ocrx_word' id='word_1_36' title='bbox 2417 587 2555 654; x_wconf 93' lang='lat' dir='ltr'><strong>quod</strong></span> <span class='ocrx_word' id='word_1_37' title='bbox 2573 601 2746 654; x_wconf 85' lang='lat' dir='ltr'><strong>neque</strong></span> <span class='ocrx_word' id='word_1_38' title='bbox 2766 587 2858 651; x_wconf 85' lang='lat' dir='ltr'><strong>sit,</strong></span> <span class='ocrx_word' id='word_1_39' title='bbox 2881 600 3055 653; x_wconf 90' lang='lat' dir='ltr'><strong>neque</strong></span> <span class='ocrx_word' id='word_1_40' title='bbox 3074 585 3288 638; x_wconf 81' lang='lat' dir='ltr'><strong>dicatur</strong></span> <span class='ocrx_word' id='word_1_41' title='bbox 3307 583 3489 636; x_wconf 88' lang='lat' dir='ltr'><strong>Pater.</strong></span> 
     </span>
    </p>
   </div>
   <div class='ocr_carea' id='block_1_7' title="bbox 247 675 1822 748">
    <p class='ocr_par' dir='ltr' id='par_1_7' title="bbox 247 675 1822 748">
     <span class='ocr_line' id='line_1_7' title="bbox 247 675 1822 748; baseline 0 -19"><span class='ocrx_word' id='word_1_42' title='bbox 247 675 392 746; x_wconf 78' lang='grc' dir='ltr'><strong>παρὰ</strong></span> <span class='ocrx_word' id='word_1_43' title='bbox 411 675 509 729; x_wconf 80' lang='grc' dir='ltr'><strong>τοῦ</strong></span> <span class='ocrx_word' id='word_1_44' title='bbox 547 676 781 747; x_wconf 81' lang='grc' dir='ltr'><strong>Πατρὸς,</strong></span> <span class='ocrx_word' id='word_1_45' title='bbox 819 678 1165 748; x_wconf 85' lang='grc' dir='ltr'><strong>προαναιρῶν</strong></span> <span class='ocrx_word' id='word_1_46' title='bbox 1207 678 1282 742; x_wconf 86' lang='grc' dir='ltr'><strong>ὼς</strong></span> <span class='ocrx_word' id='word_1_47' title='bbox 1308 679 1441 741; x_wconf 81' lang='grc' dir='ltr'><strong>Θεὸς</strong></span> <span class='ocrx_word' id='word_1_48' title='bbox 1471 678 1571 742; x_wconf 82' lang='grc' dir='ltr'><strong>τὰς</strong></span> <span class='ocrx_word' id='word_1_49' title='bbox 1602 679 1710 732; x_wconf 85' lang='grc' dir='ltr'><strong>τῶν</strong></span> <span class='ocrx_word' id='word_1_50' title='bbox 1738 678 1822 730; x_wconf 85' lang='grc' dir='ltr'><strong>αἱ-</strong></span> 
     </span>
    </p>
   </div>
   <div class='ocr_carea' id='block_1_8' title="bbox 247 769 1821 842">
    <p class='ocr_par' dir='ltr' id='par_1_8' title="bbox 247 769 1821 842">
     <span class='ocr_line' id='line_1_8' title="bbox 247 769 1821 842; baseline -0.001 -18"><span class='ocrx_word' id='word_1_51' title='bbox 247 771 473 842; x_wconf 86' lang='grc' dir='ltr'><strong>ρετικῶν</strong></span> <span class='ocrx_word' id='word_1_52' title='bbox 504 771 774 834; x_wconf 79' lang='grc' dir='ltr'><strong>ὑπονοίας,</strong></span> <span class='ocrx_word' id='word_1_53' title='bbox 806 769 918 823; x_wconf 80' lang='grc' dir='ltr'><strong>Ἵνα</strong></span> <span class='ocrx_word' id='word_1_54' title='bbox 945 771 1052 842; x_wconf 83' lang='grc' dir='ltr'><strong>γὰρ</strong></span> <span class='ocrx_word' id='word_1_55' title='bbox 1095 773 1166 842; x_wconf 89' lang='grc' dir='ltr'><strong>μή</strong></span> <span class='ocrx_word' id='word_1_56' title='bbox 1207 789 1289 834; x_wconf 86' lang='grc' dir='ltr'><strong>τις</strong></span> <span class='ocrx_word' id='word_1_57' title='bbox 1325 771 1415 823; x_wconf 82' lang='grc' dir='ltr'><strong>τὸν</strong></span> <span class='ocrx_word' id='word_1_58' title='bbox 1439 771 1568 823; x_wconf 73' lang='grc' dir='ltr'><strong>Υἱδν</strong></span> <span class='ocrx_word' id='word_1_59' title='bbox 1603 769 1821 840; x_wconf 78' lang='grc' dir='ltr'><strong>Θεωρῶν</strong></span> 
     </span>
    </p>
   </div>
   <div class='ocr_carea' id='block_1_9' title="bbox 243 861 1820 935">
    <p class='ocr_par' dir='ltr' id='par_1_9' title="bbox 243 861 1820 935">
     <span class='ocr_line' id='line_1_9' title="bbox 243 861 1820 935; baseline -0.002 -18"><span class='ocrx_word' id='word_1_60' title='bbox 243 865 418 918; x_wconf 73' lang='grc' dir='ltr'><strong>πάντα</strong></span> <span class='ocrx_word' id='word_1_61' title='bbox 459 864 529 918; x_wconf 75' lang='grc' dir='ltr'><strong>τὰ</strong></span> <span class='ocrx_word' id='word_1_62' title='bbox 578 866 673 918; x_wconf 80' lang='grc' dir='ltr'><strong>τοῦ</strong></span> <span class='ocrx_word' id='word_1_63' title='bbox 725 864 932 935; x_wconf 81' lang='grc' dir='ltr'><strong>Πατρὸς</strong></span> <span class='ocrx_word' id='word_1_64' title='bbox 968 865 1159 933; x_wconf 78' lang='grc' dir='ltr'><strong>ἔχοντα</strong></span> <span class='ocrx_word' id='word_1_65' title='bbox 1201 866 1266 916; x_wconf 83' lang='grc' dir='ltr'><strong>ὲκ</strong></span> <span class='ocrx_word' id='word_1_66' title='bbox 1309 865 1407 934; x_wconf 82' lang='grc' dir='ltr'><strong>τῆς</strong></span> <span class='ocrx_word' id='word_1_67' title='bbox 1455 864 1653 931; x_wconf 81' lang='grc' dir='ltr'><strong>πολλῆς</strong></span> <span class='ocrx_word' id='word_1_68' title='bbox 1698 861 1820 916; x_wconf 81' lang='grc' dir='ltr'><strong>λίαν</strong></span> 
     </span>
    </p>
   </div>
   <div class='ocr_carea' id='block_1_10' title="bbox 241 953 1818 1026">
    <p class='ocr_par' dir='ltr' id='par_1_10' title="bbox 241 953 1818 1026">
     <span class='ocr_line' id='line_1_10' title="bbox 241 953 1818 1026; baseline -0.001 -18"><span class='ocrx_word' id='word_1_69' title='bbox 241 955 556 1025; x_wconf 75' lang='grc' dir='ltr'><strong>ὁμοιότητος</strong></span> <span class='ocrx_word' id='word_1_70' title='bbox 584 957 676 1009; x_wconf 72' lang='grc' dir='ltr'><strong>καὶ</strong></span> <span class='ocrx_word' id='word_1_71' title='bbox 709 955 1130 1026; x_wconf 82' lang='grc' dir='ltr'><strong>ἀπαραλλάκτου</strong></span> <span class='ocrx_word' id='word_1_72' title='bbox 1161 955 1486 1025; x_wconf 78' lang='grc' dir='ltr'><strong>ταυτότητος</strong></span> <span class='ocrx_word' id='word_1_73' title='bbox 1509 955 1706 1024; x_wconf 81' lang='grc' dir='ltr'>νομίσῃ</span> <span class='ocrx_word' id='word_1_74' title='bbox 1728 953 1818 1007; x_wconf 80' lang='grc' dir='ltr'><strong>τὸν</strong></span> 
     </span>
    </p>
   </div>
   <div class='ocr_carea' id='block_1_11' title="bbox 241 1043 1818 1116">
    <p class='ocr_par' dir='ltr' id='par_1_11' title="bbox 241 1043 1818 1116">
     <span class='ocr_line' id='line_1_11' title="bbox 241 1043 1818 1116; baseline 0.001 -18"><span class='ocrx_word' id='word_1_75' title='bbox 241 1047 402 1098; x_wconf 80' lang='grc' dir='ltr'><strong>αὐτὸν</strong></span> <span class='ocrx_word' id='word_1_76' title='bbox 430 1043 570 1100; x_wconf 75' lang='grc' dir='ltr'><strong>εἶναι</strong></span> <span class='ocrx_word' id='word_1_77' title='bbox 605 1047 821 1115; x_wconf 84' lang='grc' dir='ltr'><strong>Πατέρα</strong></span> <span class='ocrx_word' id='word_1_78' title='bbox 851 1047 945 1099; x_wconf 79' lang='grc' dir='ltr'><strong>καὶ</strong></span> <span class='ocrx_word' id='word_1_79' title='bbox 974 1044 1120 1112; x_wconf 78' lang='grc' dir='ltr'>Υἰὸν,</span> <span class='ocrx_word' id='word_1_80' title='bbox 1173 1046 1267 1099; x_wconf 73' lang='grc' dir='ltr'><strong>καὶ</strong></span> <span class='ocrx_word' id='word_1_81' title='bbox 1291 1047 1371 1109; x_wconf 77' lang='grc' dir='ltr'><strong>εἰς</strong></span> <span class='ocrx_word' id='word_1_82' title='bbox 1398 1048 1495 1116; x_wconf 80' lang='grc' dir='ltr'><strong>τὴν</strong></span> <span class='ocrx_word' id='word_1_83' title='bbox 1531 1045 1818 1098; x_wconf 79' lang='grc' dir='ltr'><strong>Σαϐελλίου</strong></span> 
     </span>
    </p>
   </div>
   <div class='ocr_carea' id='block_1_12' title="bbox 241 1137 1821 1211">
    <p class='ocr_par' dir='ltr' id='par_1_12' title="bbox 241 1137 1821 1211">
     <span class='ocr_line' id='line_1_12' title="bbox 241 1137 1821 1211; baseline 0.001 -23"><span class='ocrx_word' id='word_1_84' title='bbox 241 1137 451 1206; x_wconf 82' lang='grc' dir='ltr'><strong>πλάνην</strong></span> <span class='ocrx_word' id='word_1_85' title='bbox 489 1137 719 1211; x_wconf 78' lang='grc' dir='ltr'><strong>ἐκπέσῃ,</strong></span> <span class='ocrx_word' id='word_1_86' title='bbox 777 1139 1093 1206; x_wconf 78' lang='grc' dir='ltr'><strong>ἀναγκαὶως</strong></span> <span class='ocrx_word' id='word_1_87' title='bbox 1151 1137 1429 1209; x_wconf 80' lang='grc' dir='ltr'><strong>εἰληφέναι</strong></span> <span class='ocrx_word' id='word_1_88' title='bbox 1482 1138 1616 1207; x_wconf 76' lang='grc' dir='ltr'>φησὶ</span> <span class='ocrx_word' id='word_1_89' title='bbox 1668 1137 1821 1209; x_wconf 84' lang='grc' dir='ltr'><strong>παρὰ</strong></span> 
     </span>
    </p>
   </div>
   <div class='ocr_carea' id='block_1_13' title="bbox 239 1227 1818 1299">
    <p class='ocr_par' dir='ltr' id='par_1_13' title="bbox 239 1227 1818 1299">
     <span class='ocr_line' id='line_1_13' title="bbox 239 1227 1818 1299; baseline 0.001 -20"><span class='ocrx_word' id='word_1_90' title='bbox 239 1228 476 1297; x_wconf 80' lang='grc' dir='ltr'><strong>Πατρὸς,</strong></span> <span class='ocrx_word' id='word_1_91' title='bbox 512 1228 755 1296; x_wconf 82' lang='grc' dir='ltr'><strong>φυσικῶς</strong></span> <span class='ocrx_word' id='word_1_92' title='bbox 813 1227 969 1281; x_wconf 78' lang='grc' dir='ltr'><strong>τοῦτο</strong></span> <span class='ocrx_word' id='word_1_93' title='bbox 1002 1228 1158 1298; x_wconf 73' lang='grc' dir='ltr'><strong>ἔχωψ</strong></span> <span class='ocrx_word' id='word_1_94' title='bbox 1193 1229 1256 1282; x_wconf 76' lang='grc' dir='ltr'><strong>ἵν’</strong></span> <span class='ocrx_word' id='word_1_95' title='bbox 1281 1231 1309 1282; x_wconf 99' lang='lat'><strong>6</strong></span> <span class='ocrx_word' id='word_1_96' title='bbox 1349 1229 1507 1296; x_wconf 81' lang='grc' dir='ltr'><strong>λόγος</strong></span> <span class='ocrx_word' id='word_1_97' title='bbox 1547 1228 1818 1299; x_wconf 77' lang='grc' dir='ltr'><strong>εἰσφέρων</strong></span> 
     </span>
    </p>
   </div>
   <div class='ocr_carea' id='block_1_14' title="bbox 237 1320 1818 1391">
    <p class='ocr_par' dir='ltr' id='par_1_14' title="bbox 237 1320 1818 1391">
     <span class='ocr_line' id='line_1_14' title="bbox 237 1320 1818 1391; baseline 0.001 -18"><span class='ocrx_word' id='word_1_98' title='bbox 237 1321 328 1373; x_wconf 71' lang='grc' dir='ltr'><strong>ἕνα</strong></span> <span class='ocrx_word' id='word_1_99' title='bbox 360 1321 461 1390; x_wconf 84' lang='grc' dir='ltr'><strong>μὲν</strong></span> <span class='ocrx_word' id='word_1_100' title='bbox 504 1320 593 1374; x_wconf 85' lang='grc' dir='ltr'><strong>τὸν</strong></span> <span class='ocrx_word' id='word_1_101' title='bbox 642 1321 868 1384; x_wconf 83' lang='grc' dir='ltr'><strong>διδόντα,</strong></span> <span class='ocrx_word' id='word_1_102' title='bbox 912 1321 1161 1390; x_wconf 85' lang='grc' dir='ltr'><strong>δεύτερον</strong></span> <span class='ocrx_word' id='word_1_103' title='bbox 1193 1321 1250 1373; x_wconf 78' lang='grc' dir='ltr'><strong>δὲ</strong></span> <span class='ocrx_word' id='word_1_104' title='bbox 1289 1321 1378 1374; x_wconf 86' lang='grc' dir='ltr'><strong>τὸν</strong></span> <span class='ocrx_word' id='word_1_105' title='bbox 1403 1321 1706 1391; x_wconf 82' lang='grc' dir='ltr'><strong>δεχόμενον,</strong></span> <span class='ocrx_word' id='word_1_106' title='bbox 1762 1322 1818 1374; x_wconf 82' lang='grc' dir='ltr'><strong>ὲν</strong></span> 
     </span>
    </p>
   </div>
   <div class='ocr_carea' id='block_1_15' title="bbox 240 1410 1816 1482">
    <p class='ocr_par' dir='ltr' id='par_1_15' title="bbox 240 1410 1816 1482">
     <span class='ocr_line' id='line_1_15' title="bbox 240 1410 1816 1482; baseline 0.001 -18"><span class='ocrx_word' id='word_1_107' title='bbox 240 1410 568 1474; x_wconf 72' lang='grc' dir='ltr'><strong>ἰδιαζούσαις</strong></span> <span class='ocrx_word' id='word_1_108' title='bbox 600 1412 926 1465; x_wconf 80' lang='grc' dir='ltr'>ὑποστάσεσι</span> <span class='ocrx_word' id='word_1_109' title='bbox 948 1411 1113 1465; x_wconf 83' lang='grc' dir='ltr'><strong>δυάδα</strong></span> <span class='ocrx_word' id='word_1_110' title='bbox 1137 1411 1356 1482; x_wconf 79' lang='grc' dir='ltr'><strong>δεικνύῃ</strong></span> <span class='ocrx_word' id='word_1_111' title='bbox 1394 1412 1453 1463; x_wconf 77' lang='grc' dir='ltr'><strong>ού</strong></span> <span class='ocrx_word' id='word_1_112' title='bbox 1492 1413 1671 1482; x_wconf 80' lang='grc' dir='ltr'><strong>μόνοις</strong></span> <span class='ocrx_word' id='word_1_113' title='bbox 1698 1413 1816 1465; x_wconf 82' lang='grc' dir='ltr'><strong>ὀνό-</strong></span> 
     </span>
    </p>
   </div>
   <div class='ocr_carea' id='block_1_16' title="bbox 239 1502 1818 1572">
    <p class='ocr_par' dir='ltr' id='par_1_16' title="bbox 239 1502 1818 1572">
     <span class='ocr_line' id='line_1_16' title="bbox 239 1502 1818 1572; baseline 0.001 -18"><span class='ocrx_word' id='word_1_114' title='bbox 239 1519 369 1572; x_wconf 83' lang='grc' dir='ltr'><strong>μασι</strong></span> <span class='ocrx_word' id='word_1_115' title='bbox 403 1502 873 1572; x_wconf 82' lang='grc' dir='ltr'><strong>διαστελλομένην.</strong></span> <span class='ocrx_word' id='word_1_116' title='bbox 900 1502 1058 1565; x_wconf 86' lang='grc' dir='ltr'><strong>Ἵδιος</strong></span> <span class='ocrx_word' id='word_1_117' title='bbox 1104 1503 1161 1557; x_wconf 84' lang='grc' dir='ltr'><strong>δὲ</strong></span> <span class='ocrx_word' id='word_1_118' title='bbox 1192 1502 1267 1556; x_wconf 84' lang='grc' dir='ltr'><strong>ὣν</strong></span> <span class='ocrx_word' id='word_1_119' title='bbox 1303 1503 1398 1556; x_wconf 81' lang='grc' dir='ltr'><strong>τοῦ</strong></span> <span class='ocrx_word' id='word_1_120' title='bbox 1433 1503 1642 1570; x_wconf 78' lang='grc' dir='ltr'><strong>Πατρὸς</strong></span> <span class='ocrx_word' id='word_1_121' title='bbox 1667 1505 1694 1556; x_wconf 88' lang='grc' dir='ltr'>ὁ</span> <span class='ocrx_word' id='word_1_122' title='bbox 1717 1504 1818 1556; x_wconf 86' lang='grc' dir='ltr'><strong>Λό-</strong></span> 
     </span>
    </p>
   </div>
   <div class='ocr_carea' id='block_1_17' title="bbox 1920 676 3491 746">
    <p class='ocr_par' dir='ltr' id='par_1_17' title="bbox 1920 676 3491 746">
     <span class='ocr_line' id='line_1_17' title="bbox 1920 676 3491 746; baseline -0.003 -16"><span class='ocrx_word' id='word_1_123' title='bbox 1920 677 2063 732; x_wconf 75' lang='lat' dir='ltr'><strong>Iticit</strong></span> <span class='ocrx_word' id='word_1_124' title='bbox 2095 687 2271 731; x_wconf 90' lang='lat' dir='ltr'><strong>autem</strong></span> <span class='ocrx_word' id='word_1_125' title='bbox 2299 693 2356 731; x_wconf 89' lang='lat' dir='ltr'><strong>se</strong></span> <span class='ocrx_word' id='word_1_126' title='bbox 2381 679 2658 746; x_wconf 83' lang='lat' dir='ltr'><strong>accepisse</strong></span> <span class='ocrx_word' id='word_1_127' title='bbox 2691 693 2718 730; x_wconf 92' lang='lat' dir='ltr'><strong>a</strong></span> <span class='ocrx_word' id='word_1_128' title='bbox 2769 676 2951 741; x_wconf 88' lang='lat' dir='ltr'><strong>Patre,</strong></span> <span class='ocrx_word' id='word_1_129' title='bbox 3000 689 3389 743; x_wconf 71' lang='lat' dir='ltr'><strong>praeoccupans</strong></span> <span class='ocrx_word' id='word_1_130' title='bbox 3436 681 3491 726; x_wconf 84' lang='lat' dir='ltr'><strong>et</strong></span> 
     </span>
    </p>
   </div>
   <div class='ocr_carea' id='block_1_18' title="bbox 1924 763 3491 833">
    <p class='ocr_par' dir='ltr' id='par_1_18' title="bbox 1924 763 3491 833">
     <span class='ocr_line' id='line_1_18' title="bbox 1924 763 3491 833; baseline -0.002 -14"><span class='ocrx_word' id='word_1_131' title='bbox 1924 767 2132 832; x_wconf 88' lang='lat' dir='ltr'><strong>tollens,</strong></span> <span class='ocrx_word' id='word_1_132' title='bbox 2162 778 2221 821; x_wconf 91' lang='lat' dir='ltr'><strong>ut</strong></span> <span class='ocrx_word' id='word_1_133' title='bbox 2247 769 2407 832; x_wconf 88' lang='lat' dir='ltr'><strong>Deus,</strong></span> <span class='ocrx_word' id='word_1_134' title='bbox 2436 768 2810 822; x_wconf 81' lang='lat' dir='ltr'><strong>lucreticornm</strong></span> <span class='ocrx_word' id='word_1_135' title='bbox 2844 767 3231 833; x_wconf 76' lang='lat' dir='ltr'><strong>suspicionem.</strong></span> <span class='ocrx_word' id='word_1_136' title='bbox 3262 763 3394 816; x_wconf 83' lang='lat' dir='ltr'><strong>Nam</strong></span> <span class='ocrx_word' id='word_1_137' title='bbox 3425 777 3491 816; x_wconf 88' lang='lat' dir='ltr'><strong>ne</strong></span> 
     </span>
    </p>
   </div>
   <div class='ocr_carea' id='block_1_19' title="bbox 1921 854 3491 928">
    <p class='ocr_par' dir='ltr' id='par_1_19' title="bbox 1921 854 3491 928">
     <span class='ocr_line' id='line_1_19' title="bbox 1921 854 3491 928; baseline -0.004 -18"><span class='ocrx_word' id='word_1_138' title='bbox 1921 859 2220 928; x_wconf 82' lang='lat' dir='ltr'><strong>quispiam,</strong></span> <span class='ocrx_word' id='word_1_139' title='bbox 2259 859 2456 912; x_wconf 85' lang='lat' dir='ltr'><strong>Filium</strong></span> <span class='ocrx_word' id='word_1_140' title='bbox 2487 854 3344 927; x_wconf 80' lang='lat' dir='ltr'><strong>contemplanshabentemomnia</strong></span> <span class='ocrx_word' id='word_1_141' title='bbox 3371 868 3491 920; x_wconf 69' lang='lat' dir='ltr'><strong>qum</strong></span> 
     </span>
    </p>
   </div>
   <div class='ocr_carea' id='block_1_20' title="bbox 1919 947 3492 1012">
    <p class='ocr_par' dir='ltr' id='par_1_20' title="bbox 1919 947 3492 1012">
     <span class='ocr_line' id='line_1_20' title="bbox 1919 947 3492 1012; baseline -0.006 -8"><span class='ocrx_word' id='word_1_142' title='bbox 1919 950 2100 1012; x_wconf 87' lang='lat' dir='ltr'><strong>Pater,</strong></span> <span class='ocrx_word' id='word_1_143' title='bbox 2129 952 2403 1004; x_wconf 79' lang='lat' dir='ltr'><strong>existimet</strong></span> <span class='ocrx_word' id='word_1_144' title='bbox 2434 951 2501 1004; x_wconf 91' lang='lat' dir='ltr'><strong>ob</strong></span> <span class='ocrx_word' id='word_1_145' title='bbox 2533 966 2797 1006; x_wconf 89' lang='lat' dir='ltr'><strong>summam</strong></span> <span class='ocrx_word' id='word_1_146' title='bbox 2826 952 2962 1003; x_wconf 90' lang='lat' dir='ltr'><strong>hanc</strong></span> <span class='ocrx_word' id='word_1_147' title='bbox 2999 947 3410 1003; x_wconf 88' lang='lat' dir='ltr'><strong>similitudinem</strong></span> <span class='ocrx_word' id='word_1_148' title='bbox 3437 954 3492 996; x_wconf 87' lang='lat' dir='ltr'><strong>et</strong></span> 
     </span>
    </p>
   </div>
   <div class='ocr_carea' id='block_1_21' title="bbox 1919 1035 3488 1110">
    <p class='ocr_par' dir='ltr' id='par_1_21' title="bbox 1919 1035 3488 1110">
     <span class='ocr_line' id='line_1_21' title="bbox 1919 1035 3488 1110; baseline -0.006 -14"><span class='ocrx_word' id='word_1_149' title='bbox 1919 1041 2286 1096; x_wconf 86' lang='lat' dir='ltr'><strong>omnimodam</strong></span> <span class='ocrx_word' id='word_1_150' title='bbox 2320 1042 2661 1095; x_wconf 85' lang='lat' dir='ltr'><strong>identitatem</strong></span> <span class='ocrx_word' id='word_1_151' title='bbox 2695 1042 2869 1110; x_wconf 91' lang='lat' dir='ltr'><strong>ipsum</strong></span> <span class='ocrx_word' id='word_1_152' title='bbox 2914 1055 3034 1095; x_wconf 87' lang='lat' dir='ltr'><strong>esse</strong></span> <span class='ocrx_word' id='word_1_153' title='bbox 3077 1039 3290 1092; x_wconf 86' lang='lat' dir='ltr'><strong>Patrem</strong></span> <span class='ocrx_word' id='word_1_154' title='bbox 3325 1035 3488 1090; x_wconf 86' lang='lat' dir='ltr'><strong>simul</strong></span> 
     </span>
    </p>
   </div>
   <div class='ocr_carea' id='block_1_22' title="bbox 1919 1123 3489 1197">
    <p class='ocr_par' dir='ltr' id='par_1_22' title="bbox 1919 1123 3489 1197">
     <span class='ocr_line' id='line_1_22' title="bbox 1919 1123 3489 1197; baseline -0.006 -12"><span class='ocrx_word' id='word_1_155' title='bbox 1919 1141 1972 1185; x_wconf 89' lang='lat' dir='ltr'><strong>et</strong></span> <span class='ocrx_word' id='word_1_156' title='bbox 2005 1129 2219 1196; x_wconf 86' lang='lat' dir='ltr'><strong>Filium,</strong></span> <span class='ocrx_word' id='word_1_157' title='bbox 2269 1140 2322 1184; x_wconf 88' lang='lat' dir='ltr'><strong>et</strong></span> <span class='ocrx_word' id='word_1_158' title='bbox 2368 1131 2420 1184; x_wconf 90' lang='lat' dir='ltr'><strong>in</strong></span> <span class='ocrx_word' id='word_1_159' title='bbox 2472 1129 2688 1184; x_wconf 90' lang='lat' dir='ltr'><strong>Sabellii</strong></span> <span class='ocrx_word' id='word_1_160' title='bbox 2727 1143 2968 1184; x_wconf 89' lang='lat' dir='ltr'><strong>errorem</strong></span> <span class='ocrx_word' id='word_1_161' title='bbox 3019 1127 3244 1197; x_wconf 82' lang='lat' dir='ltr'><strong>incidat,</strong></span> <span class='ocrx_word' id='word_1_162' title='bbox 3282 1123 3489 1178; x_wconf 90' lang='lat' dir='ltr'><strong>utiliter</strong></span> 
     </span>
    </p>
   </div>
   <div class='ocr_carea' id='block_1_23' title="bbox 1919 1219 3487 1288">
    <p class='ocr_par' dir='ltr' id='par_1_23' title="bbox 1919 1219 3487 1288">
     <span class='ocr_line' id='line_1_23' title="bbox 1919 1219 3487 1288; baseline -0.006 -14"><span class='ocrx_word' id='word_1_163' title='bbox 1919 1223 2203 1276; x_wconf 82' lang='lat' dir='ltr'><strong>admodum</strong></span> <span class='ocrx_word' id='word_1_164' title='bbox 2232 1237 2289 1274; x_wconf 89' lang='lat' dir='ltr'><strong>se</strong></span> <span class='ocrx_word' id='word_1_165' title='bbox 2321 1237 2348 1275; x_wconf 87' lang='lat' dir='ltr'><strong>a</strong></span> <span class='ocrx_word' id='word_1_166' title='bbox 2377 1220 2534 1275; x_wconf 77' lang='lat' dir='ltr'><strong>Patre</strong></span> <span class='ocrx_word' id='word_1_167' title='bbox 2563 1221 2838 1288; x_wconf 80' lang='lat' dir='ltr'><strong>accepisse</strong></span> <span class='ocrx_word' id='word_1_168' title='bbox 2883 1219 3054 1278; x_wconf 91' lang='lat' dir='ltr'><strong>dicit,</strong></span> <span class='ocrx_word' id='word_1_169' title='bbox 3105 1231 3226 1269; x_wconf 89' lang='lat' dir='ltr'><strong>cum</strong></span> <span class='ocrx_word' id='word_1_170' title='bbox 3265 1223 3487 1269; x_wconf 88' lang='lat' dir='ltr'><strong>natura-</strong></span> 
     </span>
    </p>
   </div>
   <div class='ocr_carea' id='block_1_24' title="bbox 1920 1306 3484 1380">
    <p class='ocr_par' dir='ltr' id='par_1_24' title="bbox 1920 1306 3484 1380">
     <span class='ocr_line' id='line_1_24' title="bbox 1920 1306 3484 1380; baseline -0.006 -14"><span class='ocrx_word' id='word_1_171' title='bbox 1920 1313 2042 1367; x_wconf 82' lang='lat' dir='ltr'><strong>liter</strong></span> <span class='ocrx_word' id='word_1_172' title='bbox 2079 1312 2128 1366; x_wconf 91' lang='lat' dir='ltr'><strong>id</strong></span> <span class='ocrx_word' id='word_1_173' title='bbox 2165 1314 2376 1376; x_wconf 89' lang='lat' dir='ltr'><strong>habeat,</strong></span> <span class='ocrx_word' id='word_1_174' title='bbox 2407 1321 2465 1365; x_wconf 91' lang='lat' dir='ltr'><strong>ut</strong></span> <span class='ocrx_word' id='word_1_175' title='bbox 2499 1313 2636 1366; x_wconf 80' lang='lat' dir='ltr'><strong>ratio</strong></span> <span class='ocrx_word' id='word_1_176' title='bbox 2660 1312 2772 1380; x_wconf 86' lang='lat' dir='ltr'><strong>ipsa</strong></span> <span class='ocrx_word' id='word_1_177' title='bbox 2809 1310 3049 1363; x_wconf 81' lang='lat' dir='ltr'><strong>inferens</strong></span> <span class='ocrx_word' id='word_1_178' title='bbox 3079 1322 3244 1360; x_wconf 90' lang='lat' dir='ltr'><strong>unum</strong></span> <span class='ocrx_word' id='word_1_179' title='bbox 3269 1306 3484 1375; x_wconf 84' lang='lat' dir='ltr'><strong>quidem</strong></span> 
     </span>
    </p>
   </div>
   <div class='ocr_carea' id='block_1_25' title="bbox 1917 1397 3487 1471">
    <p class='ocr_par' dir='ltr' id='par_1_25' title="bbox 1917 1397 3487 1471">
     <span class='ocr_line' id='line_1_25' title="bbox 1917 1397 3487 1471; baseline -0.007 -15"><span class='ocrx_word' id='word_1_180' title='bbox 1917 1417 2037 1457; x_wconf 89' lang='lat' dir='ltr'><strong>esse</strong></span> <span class='ocrx_word' id='word_1_181' title='bbox 2069 1403 2159 1471; x_wconf 87' lang='lat' dir='ltr'><strong>qui</strong></span> <span class='ocrx_word' id='word_1_182' title='bbox 2184 1402 2299 1464; x_wconf 90' lang='lat' dir='ltr'><strong>dat,</strong></span> <span class='ocrx_word' id='word_1_183' title='bbox 2325 1401 2555 1455; x_wconf 91' lang='lat' dir='ltr'><strong>alterum</strong></span> <span class='ocrx_word' id='word_1_184' title='bbox 2593 1401 2681 1470; x_wconf 86' lang='lat' dir='ltr'><strong>qui</strong></span> <span class='ocrx_word' id='word_1_185' title='bbox 2723 1400 2968 1467; x_wconf 83' lang='lat' dir='ltr'><strong>suscipit,</strong></span> <span class='ocrx_word' id='word_1_186' title='bbox 3008 1397 3326 1450; x_wconf 88' lang='lat' dir='ltr'><strong>dnalitatem</strong></span> <span class='ocrx_word' id='word_1_187' title='bbox 3362 1409 3487 1463; x_wconf 85' lang='lat' dir='ltr'><strong>per-</strong></span> 
     </span>
    </p>
   </div>
   <div class='ocr_carea' id='block_1_26' title="bbox 1919 1485 3488 1546">
    <p class='ocr_par' dir='ltr' id='par_1_26' title="bbox 1919 1485 3488 1546">
     <span class='ocr_line' id='line_1_26' title="bbox 1919 1485 3488 1546; baseline -0.004 -1"><span class='ocrx_word' id='word_1_188' title='bbox 1919 1507 2175 1545; x_wconf 87' lang='lat' dir='ltr'><strong>sonarum</strong></span> <span class='ocrx_word' id='word_1_189' title='bbox 2211 1491 2498 1546; x_wconf 84' lang='lat' dir='ltr'><strong>manifeste</strong></span> <span class='ocrx_word' id='word_1_190' title='bbox 2547 1492 2801 1544; x_wconf 89' lang='lat' dir='ltr'><strong>ostendat</strong></span> <span class='ocrx_word' id='word_1_191' title='bbox 2855 1507 2960 1544; x_wconf 91' lang='lat' dir='ltr'><strong>non</strong></span> <span class='ocrx_word' id='word_1_192' title='bbox 3011 1489 3142 1543; x_wconf 90' lang='lat' dir='ltr'><strong>solis</strong></span> <span class='ocrx_word' id='word_1_193' title='bbox 3178 1485 3488 1539; x_wconf 85' lang='lat' dir='ltr'><strong>nominibus</strong></span> 
     </span>
    </p>
   </div>
   <div class='ocr_carea' id='block_1_27' title="bbox 234 1576 1805 1687">
    <p class='ocr_par' dir='ltr' id='par_1_27' title="bbox 234 1589 1805 1666">
     <span class='ocr_line' id='line_1_27' title="bbox 234 1589 1805 1666; baseline -0.001 -22"><span class='ocrx_word' id='word_1_194' title='bbox 234 1609 346 1658; x_wconf 86' lang='grc' dir='ltr'><strong>γος,</strong></span> <span class='ocrx_word' id='word_1_195' title='bbox 383 1593 479 1644; x_wconf 81' lang='grc' dir='ltr'><strong>καὶ</strong></span> <span class='ocrx_word' id='word_1_196' title='bbox 510 1594 575 1645; x_wconf 80' lang='grc' dir='ltr'><strong>ὲκ</strong></span> <span class='ocrx_word' id='word_1_197' title='bbox 607 1591 705 1662; x_wconf 83' lang='grc' dir='ltr'><strong>τῆς</strong></span> <span class='ocrx_word' id='word_1_198' title='bbox 737 1592 924 1666; x_wconf 77' lang='grc' dir='ltr'><strong>οὐσίας</strong></span> <span class='ocrx_word' id='word_1_199' title='bbox 962 1590 1128 1644; x_wconf 79' lang='grc' dir='ltr'><strong>αὑτοῦ</strong></span> <span class='ocrx_word' id='word_1_200' title='bbox 1162 1589 1462 1662; x_wconf 84' lang='grc' dir='ltr'><strong>προελθὼν,</strong></span> <span class='ocrx_word' id='word_1_201' title='bbox 1505 1591 1683 1644; x_wconf 87' lang='grc' dir='ltr'><strong>πάντα</strong></span> <span class='ocrx_word' id='word_1_202' title='bbox 1719 1591 1805 1658; x_wconf 63' lang='grc' dir='ltr'><strong>μὲι</strong></span> 
     </span>
    </p>
   </div>
   <div class='ocr_carea' id='block_1_28' title="bbox 1912 1576 3484 1687">
    <p class='ocr_par' dir='ltr' id='par_1_28' title="bbox 1920 1576 3484 1650">
     <span class='ocr_line' id='line_1_28' title="bbox 1920 1576 3484 1650; baseline -0.008 -11"><span class='ocrx_word' id='word_1_203' title='bbox 1920 1578 2250 1639; x_wconf 88' lang='lat' dir='ltr'><strong>distinctam.</strong></span> <span class='ocrx_word' id='word_1_204' title='bbox 2292 1583 2426 1638; x_wconf 89' lang='lat' dir='ltr'><strong>Cum</strong></span> <span class='ocrx_word' id='word_1_205' title='bbox 2451 1599 2580 1638; x_wconf 90' lang='lat' dir='ltr'><strong>vero</strong></span> <span class='ocrx_word' id='word_1_206' title='bbox 2605 1583 2674 1637; x_wconf 88' lang='lat' dir='ltr'><strong>sit</strong></span> <span class='ocrx_word' id='word_1_207' title='bbox 2699 1584 2975 1650; x_wconf 91' lang='lat' dir='ltr'><strong>proprium</strong></span> <span class='ocrx_word' id='word_1_208' title='bbox 3009 1581 3187 1634; x_wconf 82' lang='lat' dir='ltr'><strong>Patris</strong></span> <span class='ocrx_word' id='word_1_209' title='bbox 3217 1576 3484 1638; x_wconf 77' lang='lat' dir='ltr'><strong>Verbum,</strong></span> 
     </span>
    </p>
   </div>
   <div class='ocr_carea' id='block_1_29' title="bbox 234 1680 1814 1752">
    <p class='ocr_par' dir='ltr' id='par_1_29' title="bbox 234 1680 1814 1752">
     <span class='ocr_line' id='line_1_29' title="bbox 234 1680 1814 1752; baseline 0.001 -20"><span class='ocrx_word' id='word_1_210' title='bbox 234 1681 296 1732; x_wconf 72' lang='grc' dir='ltr'><strong>τὰ</strong></span> <span class='ocrx_word' id='word_1_211' title='bbox 324 1681 424 1735; x_wconf 75' lang='grc' dir='ltr'><strong>τοῦ</strong></span> <span class='ocrx_word' id='word_1_212' title='bbox 451 1681 665 1751; x_wconf 84' lang='grc' dir='ltr'><strong>Πατρὸς</strong></span> <span class='ocrx_word' id='word_1_213' title='bbox 698 1680 877 1744; x_wconf 75' lang='grc' dir='ltr'><strong>ἀϊδίως</strong></span> <span class='ocrx_word' id='word_1_214' title='bbox 905 1680 1037 1751; x_wconf 80' lang='grc' dir='ltr'><strong>ἔχει.</strong></span> <span class='ocrx_word' id='word_1_215' title='bbox 1076 1683 1213 1752; x_wconf 88' lang='grc' dir='ltr'><strong>Παρ’</strong></span> <span class='ocrx_word' id='word_1_216' title='bbox 1241 1680 1406 1734; x_wconf 68' lang='grc' dir='ltr'><strong>αὐτοῦ</strong></span> <span class='ocrx_word' id='word_1_217' title='bbox 1441 1681 1498 1733; x_wconf 87' lang='grc' dir='ltr'><strong>δέ</strong></span> <span class='ocrx_word' id='word_1_218' title='bbox 1534 1698 1700 1749; x_wconf 82' lang='grc' dir='ltr'><strong>φησιν</strong></span> <span class='ocrx_word' id='word_1_219' title='bbox 1735 1683 1814 1735; x_wconf 82' lang='grc' dir='ltr'><strong>εἰ·</strong></span> 
     </span>
    </p>
   </div>
   <div class='ocr_carea' id='block_1_30' title="bbox 233 1766 1816 1842">
    <p class='ocr_par' dir='ltr' id='par_1_30' title="bbox 233 1766 1816 1842">
     <span class='ocr_line' id='line_1_30' title="bbox 233 1766 1816 1842; baseline 0.003 -21"><span class='ocrx_word' id='word_1_220' title='bbox 233 1766 471 1839; x_wconf 77' lang='grc' dir='ltr'><strong>ληφέναι</strong></span> <span class='ocrx_word' id='word_1_221' title='bbox 499 1771 586 1825; x_wconf 79' lang='grc' dir='ltr'><strong>διὰ</strong></span> <span class='ocrx_word' id='word_1_222' title='bbox 615 1771 675 1824; x_wconf 83' lang='grc' dir='ltr'><strong>τὸ</strong></span> <span class='ocrx_word' id='word_1_223' title='bbox 703 1770 761 1838; x_wconf 79' lang='grc' dir='ltr'>ἐξ</span> <span class='ocrx_word' id='word_1_224' title='bbox 796 1771 960 1826; x_wconf 78' lang='grc' dir='ltr'><strong>αὐτοῦ</strong></span> <span class='ocrx_word' id='word_1_225' title='bbox 989 1771 1294 1842; x_wconf 82' lang='grc' dir='ltr'><strong>προελθεῖν,</strong></span> <span class='ocrx_word' id='word_1_226' title='bbox 1318 1770 1564 1839; x_wconf 78' lang='grc' dir='ltr'>φυσικῶς</span> <span class='ocrx_word' id='word_1_227' title='bbox 1585 1769 1723 1841; x_wconf 82' lang='grc' dir='ltr'><strong>ἔχων</strong></span> <span class='ocrx_word' id='word_1_228' title='bbox 1749 1772 1816 1826; x_wconf 73' lang='grc' dir='ltr'><strong>τὰ</strong></span> 
     </span>
    </p>
   </div>
   <div class='ocr_carea' id='block_1_31' title="bbox 234 1862 912 1934">
    <p class='ocr_par' dir='ltr' id='par_1_31' title="bbox 234 1862 912 1934">
     <span class='ocr_line' id='line_1_31' title="bbox 234 1862 912 1934; baseline 0 -16"><span class='ocrx_word' id='word_1_229' title='bbox 234 1862 413 1918; x_wconf 77' lang='grc' dir='ltr'><strong>πάντα</strong></span> <span class='ocrx_word' id='word_1_230' title='bbox 445 1863 714 1933; x_wconf 79' lang='grc' dir='ltr'><strong>προσόντα</strong></span> <span class='ocrx_word' id='word_1_231' title='bbox 742 1863 912 1934; x_wconf 84' lang='grc' dir='ltr'><strong>αὐτῷ.</strong></span> 
     </span>
    </p>
   </div>
   <div class='ocr_carea' id='block_1_32' title="bbox 849 2039 1433 2109">
    <p class='ocr_par' dir='ltr' id='par_1_32' title="bbox 849 2039 1433 2109">
     <span class='ocr_line' id='line_1_32' title="bbox 849 2039 1433 2109; baseline 0.005 -14"><span class='ocrx_word' id='word_1_232' title='bbox 849 2039 953 2095; x_wconf 83' lang='lat' dir='ltr'><strong>Kal</strong></span> <span class='ocrx_word' id='word_1_233' title='bbox 985 2042 1179 2098; x_wconf 86' lang='grc' dir='ltr'><strong>τοῦτο.</strong></span> <span class='ocrx_word' id='word_1_234' title='bbox 1425 2102 1433 2109; x_wconf 68' lang='grc'><em>,</em></span> 
     </span>
    </p>
   </div>
   <div class='ocr_carea' id='block_1_33' title="bbox 292 2129 1802 2208">
    <p class='ocr_par' dir='ltr' id='par_1_33' title="bbox 292 2129 1802 2208">
     <span class='ocr_line' id='line_1_33' title="bbox 292 2129 1802 2208; baseline 0.006 -26"><span class='ocrx_word' id='word_1_235' title='bbox 292 2129 634 2199; x_wconf 79' lang='grc' dir='ltr'><strong>Εὖρίσκεταί</strong></span> <span class='ocrx_word' id='word_1_236' title='bbox 664 2148 762 2184; x_wconf 88' lang='grc' dir='ltr'><strong>που</strong></span> <span class='ocrx_word' id='word_1_237' title='bbox 802 2132 979 2201; x_wconf 86' lang='grc' dir='ltr'><strong>λέγων</strong></span> <span class='ocrx_word' id='word_1_238' title='bbox 1014 2134 1042 2186; x_wconf 90' lang='lat'><strong>6</strong></span> <span class='ocrx_word' id='word_1_239' title='bbox 1075 2135 1266 2204; x_wconf 80' lang='grc' dir='ltr'><strong>Σωτήρ</strong></span> <span class='ocrx_word' id='word_1_240' title='bbox 1289 2151 1302 2165; x_wconf 89' lang='grc'><strong>·</strong></span> <span class='ocrx_word' id='word_1_241' title='bbox 1343 2155 1359 2186; x_wconf 80' lang='grc' dir='ltr'><strong>ι</strong></span> <span class='ocrx_word' id='word_1_242' title='bbox 1394 2137 1600 2208; x_wconf 81' lang='grc' dir='ltr'><strong>Ὠσπερ</strong></span> <span class='ocrx_word' id='word_1_243' title='bbox 1631 2139 1660 2190; x_wconf 85' lang='lat'><strong>6</strong></span> <span class='ocrx_word' id='word_1_244' title='bbox 1689 2139 1802 2191; x_wconf 84' lang='grc' dir='ltr'><strong>Πα-</strong></span> 
     </span>
    </p>
   </div>
   <div class='ocr_carea' id='block_1_34' title="bbox 225 2222 1800 2299">
    <p class='ocr_par' dir='ltr' id='par_1_34' title="bbox 225 2222 1800 2299">
     <span class='ocr_line' id='line_1_34' title="bbox 225 2222 1800 2299; baseline 0.006 -24"><span class='ocrx_word' id='word_1_245' title='bbox 225 2223 325 2292; x_wconf 82' lang='grc' dir='ltr'><strong>τὴρ</strong></span> <span class='ocrx_word' id='word_1_246' title='bbox 361 2225 480 2292; x_wconf 76' lang='grc' dir='ltr'><strong>ἔχει</strong></span> <span class='ocrx_word' id='word_1_247' title='bbox 514 2222 658 2293; x_wconf 78' lang='grc' dir='ltr'>ζωὴν</span> <span class='ocrx_word' id='word_1_248' title='bbox 694 2229 750 2277; x_wconf 81' lang='grc' dir='ltr'><strong>ὲν</strong></span> <span class='ocrx_word' id='word_1_249' title='bbox 784 2226 982 2294; x_wconf 82' lang='grc' dir='ltr'><strong>ἐαυτῷ,</strong></span> <span class='ocrx_word' id='word_1_250' title='bbox 1013 2227 1157 2280; x_wconf 83' lang='grc' dir='ltr'><strong>οὕτω</strong></span> <span class='ocrx_word' id='word_1_251' title='bbox 1206 2229 1299 2281; x_wconf 76' lang='grc' dir='ltr'><strong>καὶ</strong></span> <span class='ocrx_word' id='word_1_252' title='bbox 1333 2229 1407 2297; x_wconf 86' lang='grc' dir='ltr'><strong>τῷ</strong></span> <span class='ocrx_word' id='word_1_253' title='bbox 1439 2228 1552 2299; x_wconf 85' lang='grc' dir='ltr'><strong>Υἱῷ</strong></span> <span class='ocrx_word' id='word_1_254' title='bbox 1598 2231 1800 2284; x_wconf 83' lang='grc' dir='ltr'><strong>δέδωκε</strong></span> 
     </span>
    </p>
   </div>
   <div class='ocr_carea' id='block_1_35' title="bbox 226 2314 1795 2388">
    <p class='ocr_par' dir='ltr' id='par_1_35' title="bbox 226 2314 1795 2388">
     <span class='ocr_line' id='line_1_35' title="bbox 226 2314 1795 2388; baseline 0.004 -21"><span class='ocrx_word' id='word_1_255' title='bbox 226 2314 368 2387; x_wconf 80' lang='grc' dir='ltr'><strong>ζωὴν</strong></span> <span class='ocrx_word' id='word_1_256' title='bbox 412 2315 557 2385; x_wconf 77' lang='grc' dir='ltr'><strong>ἔχειν</strong></span> <span class='ocrx_word' id='word_1_257' title='bbox 585 2317 643 2369; x_wconf 84' lang='grc' dir='ltr'><strong>ὲν</strong></span> <span class='ocrx_word' id='word_1_258' title='bbox 673 2316 852 2387; x_wconf 79' lang='grc' dir='ltr'><strong>ἑαυτῷ</strong></span> <span class='ocrx_word' id='word_1_259' title='bbox 871 2335 886 2350; x_wconf 78' lang='grc' dir='ltr'><strong>ο</strong></span> <span class='ocrx_word' id='word_1_260' title='bbox 920 2337 939 2370; x_wconf 71' lang='grc' dir='ltr'><strong>ι</strong></span> <span class='ocrx_word' id='word_1_261' title='bbox 967 2320 1102 2388; x_wconf 80' lang='grc' dir='ltr'><strong>ὅπερ</strong></span> <span class='ocrx_word' id='word_1_262' title='bbox 1129 2319 1424 2373; x_wconf 79' lang='grc' dir='ltr'><strong>ἀκόλουθον</strong></span> <span class='ocrx_word' id='word_1_263' title='bbox 1456 2319 1601 2373; x_wconf 77' lang='grc' dir='ltr'><strong>οὕτω</strong></span> <span class='ocrx_word' id='word_1_264' title='bbox 1632 2324 1795 2375; x_wconf 87' lang='grc' dir='ltr'><strong>νοεῖν.</strong></span> 
     </span>
    </p>
   </div>
   <div class='ocr_carea' id='block_1_36' title="bbox 228 2409 1802 2482">
    <p class='ocr_par' dir='ltr' id='par_1_36' title="bbox 228 2409 1802 2482">
     <span class='ocr_line' id='line_1_36' title="bbox 228 2409 1802 2482; baseline 0.005 -23"><span class='ocrx_word' id='word_1_265' title='bbox 228 2409 320 2460; x_wconf 83' lang='grc' dir='ltr'><strong>Διὰ</strong></span> <span class='ocrx_word' id='word_1_266' title='bbox 364 2409 467 2476; x_wconf 81' lang='grc' dir='ltr'><strong>μὲν</strong></span> <span class='ocrx_word' id='word_1_267' title='bbox 497 2411 602 2480; x_wconf 74' lang='grc' dir='ltr'><strong>γὰρ</strong></span> <span class='ocrx_word' id='word_1_268' title='bbox 632 2409 727 2462; x_wconf 83' lang='grc' dir='ltr'><strong>τοῦ</strong></span> <span class='ocrx_word' id='word_1_269' title='bbox 754 2411 956 2478; x_wconf 81' lang='grc' dir='ltr'><strong>λέγειν,</strong></span> <span class='ocrx_word' id='word_1_270' title='bbox 1002 2429 1022 2464; x_wconf 72' lang='grc' dir='ltr'><strong>ι</strong></span> <span class='ocrx_word' id='word_1_271' title='bbox 1072 2412 1302 2476; x_wconf 83' lang='grc' dir='ltr'><strong>Δέδωκε,</strong></span> <span class='ocrx_word' id='word_1_272' title='bbox 1346 2433 1364 2466; x_wconf 76' lang='grc' dir='ltr'><strong>ι</strong></span> <span class='ocrx_word' id='word_1_273' title='bbox 1395 2414 1452 2465; x_wconf 70' lang='grc' dir='ltr'><strong>τὸ</strong></span> <span class='ocrx_word' id='word_1_274' title='bbox 1485 2415 1546 2466; x_wconf 77' lang='grc' dir='ltr'><strong>ὲκ</strong></span> <span class='ocrx_word' id='word_1_275' title='bbox 1587 2415 1802 2482; x_wconf 79' lang='grc' dir='ltr'><strong>Πατρὺς</strong></span> 
     </span>
    </p>
   </div>
   <div class='ocr_carea' id='block_1_37' title="bbox 228 2502 1797 2577">
    <p class='ocr_par' dir='ltr' id='par_1_37' title="bbox 228 2502 1797 2577">
     <span class='ocr_line' id='line_1_37' title="bbox 228 2502 1797 2577; baseline 0.003 -23"><span class='ocrx_word' id='word_1_276' title='bbox 228 2502 372 2570; x_wconf 70' lang='grc' dir='ltr'><strong>ἔχειν</strong></span> <span class='ocrx_word' id='word_1_277' title='bbox 405 2505 651 2570; x_wconf 81' lang='grc' dir='ltr'><strong>φυσικῶς</strong></span> <span class='ocrx_word' id='word_1_278' title='bbox 678 2505 952 2574; x_wconf 77' lang='grc' dir='ltr'><strong>σημαίνει,</strong></span> <span class='ocrx_word' id='word_1_279' title='bbox 984 2507 1077 2559; x_wconf 76' lang='grc' dir='ltr'><strong>καὶ</strong></span> <span class='ocrx_word' id='word_1_280' title='bbox 1113 2507 1236 2560; x_wconf 83' lang='grc' dir='ltr'><strong>καθ’</strong></span> <span class='ocrx_word' id='word_1_281' title='bbox 1264 2507 1565 2560; x_wconf 83' lang='grc' dir='ltr'><strong>ὑπόστασιν</strong></span> <span class='ocrx_word' id='word_1_282' title='bbox 1605 2509 1797 2577; x_wconf 76' lang='grc' dir='ltr'><strong>ἕτερον</strong></span> 
     </span>
    </p>
   </div>
   <div class='ocr_carea' id='block_1_38' title="bbox 226 2595 1791 2668">
    <p class='ocr_par' dir='ltr' id='par_1_38' title="bbox 226 2595 1791 2668">
     <span class='ocr_line' id='line_1_38' title="bbox 226 2595 1791 2668; baseline 0.002 -22"><span class='ocrx_word' id='word_1_283' title='bbox 226 2595 423 2647; x_wconf 69' lang='grc' dir='ltr'><strong>ἑαυτὸν</strong></span> <span class='ocrx_word' id='word_1_284' title='bbox 452 2596 589 2667; x_wconf 64' lang='grc' dir='ltr'><strong>πρὸς</strong></span> <span class='ocrx_word' id='word_1_285' title='bbox 626 2596 716 2648; x_wconf 72' lang='grc' dir='ltr'><strong>τὸν</strong></span> <span class='ocrx_word' id='word_1_286' title='bbox 747 2596 1014 2650; x_wconf 75' lang='grc' dir='ltr'><strong>δεδωκότα</strong></span> <span class='ocrx_word' id='word_1_287' title='bbox 1051 2597 1287 2651; x_wconf 78' lang='grc' dir='ltr'><strong>δεικνύει</strong></span> <span class='ocrx_word' id='word_1_288' title='bbox 1315 2616 1327 2630; x_wconf 90' lang='grc'><strong>·</strong></span> <span class='ocrx_word' id='word_1_289' title='bbox 1353 2597 1537 2668; x_wconf 75' lang='grc' dir='ltr'><strong>ἕτερον</strong></span> <span class='ocrx_word' id='word_1_290' title='bbox 1567 2597 1623 2651; x_wconf 82' lang='grc' dir='ltr'><strong>δὲ</strong></span> <span class='ocrx_word' id='word_1_291' title='bbox 1649 2599 1791 2664; x_wconf 84' lang='grc' dir='ltr'><strong>λέγω</strong></span> 
     </span>
    </p>
   </div>
   <div class='ocr_carea' id='block_1_39' title="bbox 224 2689 1798 2759">
    <p class='ocr_par' dir='ltr' id='par_1_39' title="bbox 224 2689 1798 2759">
     <span class='ocr_line' id='line_1_39' title="bbox 224 2689 1798 2759; baseline 0.002 -20"><span class='ocrx_word' id='word_1_292' title='bbox 224 2691 384 2755; x_wconf 68' lang='grc' dir='ltr'><strong>μύνον</strong></span> <span class='ocrx_word' id='word_1_293' title='bbox 416 2689 497 2758; x_wconf 81' lang='grc' dir='ltr'><strong>τῷ</strong></span> <span class='ocrx_word' id='word_1_294' title='bbox 539 2689 780 2758; x_wconf 79' lang='grc' dir='ltr'><strong>ἀριθμῷ.</strong></span> <span class='ocrx_word' id='word_1_295' title='bbox 806 2691 904 2741; x_wconf 74' lang='grc' dir='ltr'><strong>Διὰ</strong></span> <span class='ocrx_word' id='word_1_296' title='bbox 937 2689 994 2742; x_wconf 78' lang='grc' dir='ltr'><strong>δὲ</strong></span> <span class='ocrx_word' id='word_1_297' title='bbox 1018 2690 1113 2742; x_wconf 84' lang='grc' dir='ltr'><strong>τοῦ</strong></span> <span class='ocrx_word' id='word_1_298' title='bbox 1144 2691 1343 2758; x_wconf 85' lang='grc' dir='ltr'><strong>λέγειν,</strong></span> <span class='ocrx_word' id='word_1_299' title='bbox 1384 2709 1402 2742; x_wconf 72' lang='grc' dir='ltr'><strong>ι</strong></span> <span class='ocrx_word' id='word_1_300' title='bbox 1438 2692 1646 2758; x_wconf 81' lang='grc' dir='ltr'><strong>Ὥσπερ</strong></span> <span class='ocrx_word' id='word_1_301' title='bbox 1685 2690 1798 2759; x_wconf 78' lang='grc' dir='ltr'><strong>ἔχει</strong></span> 
     </span>
    </p>
   </div>
   <div class='ocr_carea' id='block_1_40' title="bbox 220 2782 1798 2853">
    <p class='ocr_par' dir='ltr' id='par_1_40' title="bbox 220 2782 1798 2853">
     <span class='ocr_line' id='line_1_40' title="bbox 220 2782 1798 2853; baseline -0.001 -16"><span class='ocrx_word' id='word_1_302' title='bbox 220 2784 247 2837; x_wconf 97' lang='lat'><strong>6</strong></span> <span class='ocrx_word' id='word_1_303' title='bbox 275 2783 498 2852; x_wconf 77' lang='grc' dir='ltr'><strong>Πατὴρ,</strong></span> <span class='ocrx_word' id='word_1_304' title='bbox 517 2782 687 2844; x_wconf 74' lang='grc' dir='ltr'><strong>οὕτως</strong></span> <span class='ocrx_word' id='word_1_305' title='bbox 715 2783 826 2850; x_wconf 73' lang='grc' dir='ltr'><strong>ἔχει</strong></span> <span class='ocrx_word' id='word_1_306' title='bbox 854 2783 945 2836; x_wconf 77' lang='grc' dir='ltr'><strong>καὶ</strong></span> <span class='ocrx_word' id='word_1_307' title='bbox 975 2785 1003 2836; x_wconf 89' lang='lat'><strong>6</strong></span> <span class='ocrx_word' id='word_1_308' title='bbox 1033 2784 1179 2846; x_wconf 83' lang='grc' dir='ltr'><strong>Υἱὸς,</strong></span> <span class='ocrx_word' id='word_1_309' title='bbox 1212 2803 1230 2837; x_wconf 81' lang='grc'>›</span> <span class='ocrx_word' id='word_1_310' title='bbox 1262 2783 1417 2853; x_wconf 80' lang='grc' dir='ltr'><strong>δῆλός</strong></span> <span class='ocrx_word' id='word_1_311' title='bbox 1450 2786 1596 2837; x_wconf 80' lang='grc' dir='ltr'><strong>ἐστιν</strong></span> <span class='ocrx_word' id='word_1_312' title='bbox 1623 2785 1798 2836; x_wconf 76' lang='grc' dir='ltr'><strong>ἐκεῖνο</strong></span> 
     </span>
    </p>
   </div>
   <div class='ocr_carea' id='block_1_41' title="bbox 222 2874 1798 2946">
    <p class='ocr_par' dir='ltr' id='par_1_41' title="bbox 222 2874 1798 2946">
     <span class='ocr_line' id='line_1_41' title="bbox 222 2874 1798 2946; baseline 0.001 -18"><span class='ocrx_word' id='word_1_313' title='bbox 222 2875 519 2941; x_wconf 81' lang='grc' dir='ltr'><strong>διδάσκων,</strong></span> <span class='ocrx_word' id='word_1_314' title='bbox 547 2877 628 2930; x_wconf 79' lang='grc' dir='ltr'><strong>ὅτι</strong></span> <span class='ocrx_word' id='word_1_315' title='bbox 668 2874 854 2945; x_wconf 81' lang='grc' dir='ltr'><strong>ὥσπερ</strong></span> <span class='ocrx_word' id='word_1_316' title='bbox 881 2877 1064 2938; x_wconf 84' lang='grc' dir='ltr'>ἀῖδὶως</span> <span class='ocrx_word' id='word_1_317' title='bbox 1094 2877 1207 2946; x_wconf 78' lang='grc' dir='ltr'><strong>ἔχει</strong></span> <span class='ocrx_word' id='word_1_318' title='bbox 1248 2880 1273 2930; x_wconf 86' lang='grc' dir='ltr'>ὀ</span> <span class='ocrx_word' id='word_1_319' title='bbox 1308 2878 1497 2946; x_wconf 74' lang='grc' dir='ltr'><strong>Πατὴρ</strong></span> <span class='ocrx_word' id='word_1_320' title='bbox 1531 2878 1588 2928; x_wconf 72' lang='grc' dir='ltr'><strong>ιν</strong></span> <span class='ocrx_word' id='word_1_321' title='bbox 1620 2875 1798 2946; x_wconf 79' lang='grc' dir='ltr'><strong>ἑαυτῷ</strong></span> 
     </span>
    </p>
   </div>
   <div class='ocr_carea' id='block_1_42' title="bbox 221 2970 1798 3043">
    <p class='ocr_par' dir='ltr' id='par_1_42' title="bbox 221 2970 1798 3043">
     <span class='ocr_line' id='line_1_42' title="bbox 221 2970 1798 3043; baseline -0.001 -19"><span class='ocrx_word' id='word_1_322' title='bbox 221 2972 312 3042; x_wconf 71' lang='grc' dir='ltr'><strong>τὴν</strong></span> <span class='ocrx_word' id='word_1_323' title='bbox 368 2971 542 3043; x_wconf 80' lang='grc' dir='ltr'><strong>ζωὴν,</strong></span> <span class='ocrx_word' id='word_1_324' title='bbox 572 2971 713 3026; x_wconf 77' lang='grc' dir='ltr'><strong>οὕτω</strong></span> <span class='ocrx_word' id='word_1_325' title='bbox 769 2975 864 3028; x_wconf 77' lang='grc' dir='ltr'><strong>καὶ</strong></span> <span class='ocrx_word' id='word_1_326' title='bbox 916 2973 944 3024; x_wconf 89' lang='lat'><strong>6</strong></span> <span class='ocrx_word' id='word_1_327' title='bbox 993 2973 1122 3036; x_wconf 77' lang='grc' dir='ltr'>Υἱὸς</span> <span class='ocrx_word' id='word_1_328' title='bbox 1176 2971 1359 3034; x_wconf 78' lang='grc' dir='ltr'><strong>ἀῖδὲως</strong></span> <span class='ocrx_word' id='word_1_329' title='bbox 1395 2970 1510 3041; x_wconf 77' lang='grc' dir='ltr'><strong>ἔχει</strong></span> <span class='ocrx_word' id='word_1_330' title='bbox 1559 2972 1705 3042; x_wconf 80' lang='grc' dir='ltr'>ζωὴν</span> <span class='ocrx_word' id='word_1_331' title='bbox 1740 2973 1798 3023; x_wconf 81' lang='grc' dir='ltr'><strong>ἐν</strong></span> 
     </span>
    </p>
   </div>
   <div class='ocr_carea' id='block_1_43' title="bbox 223 3064 424 3135">
    <p class='ocr_par' dir='ltr' id='par_1_43' title="bbox 223 3064 424 3135">
     <span class='ocr_line' id='line_1_43' title="bbox 223 3064 424 3135; baseline 0.005 -18"><span class='ocrx_word' id='word_1_332' title='bbox 223 3064 424 3135; x_wconf 64' lang='grc' dir='ltr'><strong>ἐαυτῷ.</strong></span> 
     </span>
    </p>
   </div>
   <div class='ocr_carea' id='block_1_44' title="bbox 844 3154 1182 3210">
    <p class='ocr_par' dir='ltr' id='par_1_44' title="bbox 844 3154 1182 3210">
     <span class='ocr_line' id='line_1_44' title="bbox 844 3154 1182 3210; baseline -0.006 0"><span class='ocrx_word' id='word_1_333' title='bbox 844 3154 950 3210; x_wconf 75' lang='grc' dir='ltr'><strong>Καὶ</strong></span> <span class='ocrx_word' id='word_1_334' title='bbox 983 3155 1182 3209; x_wconf 84' lang='grc' dir='ltr'><strong>τοῦτο.</strong></span> 
     </span>
    </p>
   </div>
   <div class='ocr_carea' id='block_1_45' title="bbox 289 3246 1803 3317">
    <p class='ocr_par' dir='ltr' id='par_1_45' title="bbox 289 3246 1803 3317">
     <span class='ocr_line' id='line_1_45' title="bbox 289 3246 1803 3317; baseline -0.005 -13"><span class='ocrx_word' id='word_1_335' title='bbox 289 3246 360 3304; x_wconf 80' lang='grc' dir='ltr'><strong>Εἴ</strong></span> <span class='ocrx_word' id='word_1_336' title='bbox 395 3264 485 3310; x_wconf 82' lang='grc' dir='ltr'><strong>τις</strong></span> <span class='ocrx_word' id='word_1_337' title='bbox 530 3246 609 3317; x_wconf 80' lang='grc' dir='ltr'><strong>τῷ</strong></span> <span class='ocrx_word' id='word_1_338' title='bbox 644 3249 702 3301; x_wconf 73' lang='grc' dir='ltr'><strong>ἐν</strong></span> <span class='ocrx_word' id='word_1_339' title='bbox 738 3247 831 3300; x_wconf 84' lang='grc' dir='ltr'><strong>τοῦ</strong></span> <span class='ocrx_word' id='word_1_340' title='bbox 875 3248 1054 3316; x_wconf 76' lang='grc' dir='ltr'>φωτὸς</span> <span class='ocrx_word' id='word_1_341' title='bbox 1099 3248 1500 3315; x_wconf 79' lang='grc' dir='ltr'><strong>ἁπαυγάσματι</strong></span> <span class='ocrx_word' id='word_1_342' title='bbox 1545 3247 1803 3317; x_wconf 79' lang='grc' dir='ltr'><strong>περιθείη</strong></span> 
     </span>
    </p>
   </div>
   <div class='ocr_carea' id='block_1_46' title="bbox 227 3335 1803 3407">
    <p class='ocr_par' dir='ltr' id='par_1_46' title="bbox 227 3335 1803 3407">
     <span class='ocr_line' id='line_1_46' title="bbox 227 3335 1803 3407; baseline 0.001 -18"><span class='ocrx_word' id='word_1_343' title='bbox 227 3337 436 3406; x_wconf 76' lang='grc' dir='ltr'>φωνὴν,</span> <span class='ocrx_word' id='word_1_344' title='bbox 466 3335 582 3389; x_wconf 79' lang='grc' dir='ltr'><strong>εἶτα</strong></span> <span class='ocrx_word' id='word_1_345' title='bbox 616 3338 772 3391; x_wconf 81' lang='grc' dir='ltr'><strong>τοῦτο</strong></span> <span class='ocrx_word' id='word_1_346' title='bbox 804 3338 950 3404; x_wconf 81' lang='grc' dir='ltr'><strong>λέγοι</strong></span> <span class='ocrx_word' id='word_1_347' title='bbox 976 3357 985 3366; x_wconf 90' lang='grc'><strong>·</strong></span> <span class='ocrx_word' id='word_1_348' title='bbox 1026 3340 1207 3392; x_wconf 84' lang='grc' dir='ltr'><strong>Πάντα</strong></span> <span class='ocrx_word' id='word_1_349' title='bbox 1239 3355 1330 3407; x_wconf 89' lang='grc' dir='ltr'><strong>μοι</strong></span> <span class='ocrx_word' id='word_1_350' title='bbox 1362 3338 1562 3391; x_wconf 71' lang='grc' dir='ltr'><strong>δέδωκε</strong></span> <span class='ocrx_word' id='word_1_351' title='bbox 1593 3339 1653 3392; x_wconf 84' lang='grc' dir='ltr'><strong>τὸ</strong></span> <span class='ocrx_word' id='word_1_352' title='bbox 1687 3341 1803 3407; x_wconf 80' lang='grc' dir='ltr'><strong>φῶς</strong></span> 
     </span>
    </p>
   </div>
   <div class='ocr_carea' id='block_1_47' title="bbox 225 3426 1802 3500">
    <p class='ocr_par' dir='ltr' id='par_1_47' title="bbox 225 3426 1802 3500">
     <span class='ocr_line' id='line_1_47' title="bbox 225 3426 1802 3500; baseline 0.001 -19"><span class='ocrx_word' id='word_1_353' title='bbox 225 3431 288 3481; x_wconf 69' lang='grc' dir='ltr'><strong>τὰ</strong></span> <span class='ocrx_word' id='word_1_354' title='bbox 318 3430 542 3492; x_wconf 77' lang='grc' dir='ltr'><strong>ἑαυτοῦ,</strong></span> <span class='ocrx_word' id='word_1_355' title='bbox 577 3431 794 3496; x_wconf 80' lang='grc' dir='ltr'><strong>φωτίζω</strong></span> <span class='ocrx_word' id='word_1_356' title='bbox 833 3431 939 3500; x_wconf 78' lang='grc' dir='ltr'><strong>γὰρ</strong></span> <span class='ocrx_word' id='word_1_357' title='bbox 963 3431 1151 3498; x_wconf 79' lang='grc' dir='ltr'><strong>ὥσπερ</strong></span> <span class='ocrx_word' id='word_1_358' title='bbox 1178 3433 1353 3483; x_wconf 86' lang='grc' dir='ltr'><strong>ἐκεῖνο</strong></span> <span class='ocrx_word' id='word_1_359' title='bbox 1381 3445 1396 3461; x_wconf 76' lang='grc' dir='ltr'>ο</span> <span class='ocrx_word' id='word_1_360' title='bbox 1435 3426 1524 3500; x_wconf 82' lang='grc' dir='ltr'><strong>ἆρ’</strong></span> <span class='ocrx_word' id='word_1_361' title='bbox 1565 3431 1802 3498; x_wconf 77' lang='grc' dir='ltr'><strong>εὐλόγως</strong></span> 
     </span>
    </p>
   </div>
   <div class='ocr_carea' id='block_1_48' title="bbox 227 3521 1804 3593">
    <p class='ocr_par' dir='ltr' id='par_1_48' title="bbox 227 3521 1804 3593">
     <span class='ocr_line' id='line_1_48' title="bbox 227 3521 1804 3593; baseline 0 -19"><span class='ocrx_word' id='word_1_362' title='bbox 227 3521 287 3574; x_wconf 73' lang='grc' dir='ltr'><strong>ἂν</strong></span> <span class='ocrx_word' id='word_1_363' title='bbox 317 3525 466 3576; x_wconf 82' lang='grc' dir='ltr'><strong>εῐποι</strong></span> <span class='ocrx_word' id='word_1_364' title='bbox 498 3523 572 3593; x_wconf 78' lang='grc' dir='ltr'><strong>μὴ</strong></span> <span class='ocrx_word' id='word_1_365' title='bbox 608 3524 899 3593; x_wconf 77' lang='grc' dir='ltr'><strong>ἐσχηκέναι</strong></span> <span class='ocrx_word' id='word_1_366' title='bbox 928 3525 1056 3576; x_wconf 68' lang='grc' dir='ltr'><strong>ποτὲ</strong></span> <span class='ocrx_word' id='word_1_367' title='bbox 1081 3525 1140 3574; x_wconf 83' lang='grc' dir='ltr'><strong>τὸ</strong></span> <span class='ocrx_word' id='word_1_368' title='bbox 1173 3523 1518 3592; x_wconf 79' lang='grc' dir='ltr'><strong>ἀπαύγασμα</strong></span> <span class='ocrx_word' id='word_1_369' title='bbox 1558 3521 1651 3576; x_wconf 76' lang='grc' dir='ltr'><strong>τοῦ</strong></span> <span class='ocrx_word' id='word_1_370' title='bbox 1691 3541 1804 3588; x_wconf 68' lang='grc' dir='ltr'><strong>φω-</strong></span> 
     </span>
    </p>
   </div>
   <div class='ocr_carea' id='block_1_49' title="bbox 231 3609 1802 3684">
    <p class='ocr_par' dir='ltr' id='par_1_49' title="bbox 231 3609 1802 3684">
     <span class='ocr_line' id='line_1_49' title="bbox 231 3609 1802 3684; baseline 0 -18"><span class='ocrx_word' id='word_1_371' title='bbox 231 3616 400 3677; x_wconf 73' lang='grc' dir='ltr'><strong>τίζειν</strong></span> <span class='ocrx_word' id='word_1_372' title='bbox 429 3615 527 3680; x_wconf 81' lang='grc' dir='ltr'><strong>τὴν</strong></span> <span class='ocrx_word' id='word_1_373' title='bbox 561 3615 830 3683; x_wconf 81' lang='grc' dir='ltr'><strong>δύναμιν;</strong></span> <span class='ocrx_word' id='word_1_374' title='bbox 863 3616 955 3666; x_wconf 74' lang='grc' dir='ltr'><strong>καὶ</strong></span> <span class='ocrx_word' id='word_1_375' title='bbox 985 3615 1098 3677; x_wconf 82' lang='grc' dir='ltr'><strong>πῶς</strong></span> <span class='ocrx_word' id='word_1_376' title='bbox 1148 3614 1491 3684; x_wconf 80' lang='grc' dir='ltr'><strong>ἀπαύγασμα</strong></span> <span class='ocrx_word' id='word_1_377' title='bbox 1516 3609 1618 3684; x_wconf 79' lang='grc' dir='ltr'><strong>ἦν;</strong></span> <span class='ocrx_word' id='word_1_378' title='bbox 1658 3613 1718 3665; x_wconf 77' lang='lat' dir='ltr'><strong>El</strong></span> <span class='ocrx_word' id='word_1_379' title='bbox 1746 3613 1802 3666; x_wconf 79' lang='grc' dir='ltr'><strong>δὲ</strong></span> 
     </span>
    </p>
   </div>
   <div class='ocr_carea' id='block_1_50' title="bbox 229 3705 1804 3776">
    <p class='ocr_par' dir='ltr' id='par_1_50' title="bbox 229 3705 1804 3776">
     <span class='ocr_line' id='line_1_50' title="bbox 229 3705 1804 3776; baseline -0.001 -18"><span class='ocrx_word' id='word_1_380' title='bbox 229 3709 319 3759; x_wconf 78' lang='grc' dir='ltr'><strong>καὶ</strong></span> <span class='ocrx_word' id='word_1_381' title='bbox 353 3708 611 3775; x_wconf 71' lang='grc' dir='ltr'><strong>φωτίζειν</strong></span> <span class='ocrx_word' id='word_1_382' title='bbox 639 3707 935 3776; x_wconf 68' lang='grc' dir='ltr'><strong>δυνάμενον</strong></span> <span class='ocrx_word' id='word_1_383' title='bbox 961 3707 1048 3759; x_wconf 76' lang='grc' dir='ltr'><strong>διὰ</strong></span> <span class='ocrx_word' id='word_1_384' title='bbox 1076 3707 1136 3759; x_wconf 79' lang='grc' dir='ltr'><strong>τὸ</strong></span> <span class='ocrx_word' id='word_1_385' title='bbox 1167 3707 1342 3759; x_wconf 79' lang='grc' dir='ltr'><strong>πάντα</strong></span> <span class='ocrx_word' id='word_1_386' title='bbox 1389 3707 1457 3760; x_wconf 87' lang='grc' dir='ltr'><strong>τὰ</strong></span> <span class='ocrx_word' id='word_1_387' title='bbox 1495 3707 1590 3758; x_wconf 80' lang='grc' dir='ltr'><strong>τοῦ</strong></span> <span class='ocrx_word' id='word_1_388' title='bbox 1624 3705 1804 3775; x_wconf 81' lang='grc' dir='ltr'><strong>φωτὸς</strong></span> 
     </span>
    </p>
   </div>
   <div class='ocr_carea' id='block_1_51' title="bbox 231 3800 1798 3871">
    <p class='ocr_par' dir='ltr' id='par_1_51' title="bbox 231 3800 1798 3871">
     <span class='ocr_line' id='line_1_51' title="bbox 231 3800 1798 3871; baseline -0.001 -19"><span class='ocrx_word' id='word_1_389' title='bbox 231 3801 394 3871; x_wconf 73' lang='grc' dir='ltr'><strong>ἔχειν.</strong></span> <span class='ocrx_word' id='word_1_390' title='bbox 425 3803 519 3853; x_wconf 78' lang='grc' dir='ltr'><strong>καὶ</strong></span> <span class='ocrx_word' id='word_1_391' title='bbox 553 3800 845 3864; x_wconf 77' lang='grc' dir='ltr'><strong>γεννᾶσθαι</strong></span> <span class='ocrx_word' id='word_1_392' title='bbox 874 3803 1035 3853; x_wconf 73' lang='grc' dir='ltr'><strong>πάλιν</strong></span> <span class='ocrx_word' id='word_1_393' title='bbox 1073 3802 1132 3864; x_wconf 71' lang='grc' dir='ltr'><strong>ἐξ</strong></span> <span class='ocrx_word' id='word_1_394' title='bbox 1158 3800 1376 3864; x_wconf 81' lang='grc' dir='ltr'><strong>ἑαυτοῦ,</strong></span> <span class='ocrx_word' id='word_1_395' title='bbox 1404 3800 1683 3869; x_wconf 78' lang='grc' dir='ltr'><strong>εἰληφέναι</strong></span> <span class='ocrx_word' id='word_1_396' title='bbox 1711 3800 1798 3851; x_wconf 84' lang='grc' dir='ltr'><strong>λέ-</strong></span> 
     </span>
    </p>
   </div>
   <div class='ocr_carea' id='block_1_52' title="bbox 231 3892 1801 3963">
    <p class='ocr_par' dir='ltr' id='par_1_52' title="bbox 231 3892 1801 3963">
     <span class='ocr_line' id='line_1_52' title="bbox 231 3892 1801 3963; baseline -0.001 -17"><span class='ocrx_word' id='word_1_397' title='bbox 231 3910 312 3961; x_wconf 83' lang='grc' dir='ltr'><strong>γει</strong></span> <span class='ocrx_word' id='word_1_398' title='bbox 350 3895 483 3963; x_wconf 74' lang='grc' dir='ltr'><strong>παρ’</strong></span> <span class='ocrx_word' id='word_1_399' title='bbox 518 3895 706 3957; x_wconf 74' lang='grc' dir='ltr'><strong>αὑτοῦ,</strong></span> <span class='ocrx_word' id='word_1_400' title='bbox 745 3895 860 3956; x_wconf 80' lang='grc' dir='ltr'><strong>πῶς</strong></span> <span class='ocrx_word' id='word_1_401' title='bbox 908 3894 1006 3946; x_wconf 79' lang='grc' dir='ltr'><strong>οὐκ</strong></span> <span class='ocrx_word' id='word_1_402' title='bbox 1053 3892 1253 3946; x_wconf 81' lang='grc' dir='ltr'><strong>ἄτοπον</strong></span> <span class='ocrx_word' id='word_1_403' title='bbox 1291 3893 1365 3961; x_wconf 85' lang='grc' dir='ltr'><strong>μὴ</strong></span> <span class='ocrx_word' id='word_1_404' title='bbox 1413 3895 1502 3945; x_wconf 73' lang='grc' dir='ltr'><strong>καὶ</strong></span> <span class='ocrx_word' id='word_1_405' title='bbox 1559 3894 1717 3945; x_wconf 80' lang='grc' dir='ltr'><strong>πλέον</strong></span> <span class='ocrx_word' id='word_1_406' title='bbox 1748 3909 1801 3944; x_wconf 92' lang='grc' dir='ltr'><strong>τι</strong></span> 
     </span>
    </p>
   </div>
   <div class='ocr_carea' id='block_1_53' title="bbox 230 3982 1804 4053">
    <p class='ocr_par' dir='ltr' id='par_1_53' title="bbox 230 3982 1804 4053">
     <span class='ocr_line' id='line_1_53' title="bbox 230 3982 1804 4053; baseline 0.001 -18"><span class='ocrx_word' id='word_1_407' title='bbox 230 3982 321 4036; x_wconf 78' lang='grc' dir='ltr'><strong>τοῦ</strong></span> <span class='ocrx_word' id='word_1_408' title='bbox 351 3983 788 4053; x_wconf 71' lang='grc' dir='ltr'><strong>παραδείγματος</strong></span> <span class='ocrx_word' id='word_1_409' title='bbox 812 3986 953 4037; x_wconf 86' lang='grc' dir='ltr'><strong>νοεῖν</strong></span> <span class='ocrx_word' id='word_1_410' title='bbox 980 3986 1072 4037; x_wconf 74' lang='grc' dir='ltr'><strong>ἐπὶ</strong></span> <span class='ocrx_word' id='word_1_411' title='bbox 1100 3984 1193 4037; x_wconf 83' lang='grc' dir='ltr'><strong>τοῦ</strong></span> <span class='ocrx_word' id='word_1_412' title='bbox 1217 3986 1352 4037; x_wconf 81' lang='grc' dir='ltr'><strong>Θεοῦ</strong></span> <span class='ocrx_word' id='word_1_413' title='bbox 1380 3985 1554 4052; x_wconf 85' lang='grc' dir='ltr'><strong>Λόγου</strong></span> <span class='ocrx_word' id='word_1_414' title='bbox 1578 4001 1591 4047; x_wconf 91' lang='lat'><strong>;</strong></span> <span class='ocrx_word' id='word_1_415' title='bbox 1617 3985 1804 4037; x_wconf 77' lang='grc' dir='ltr'><strong>Πάντα</strong></span> 
     </span>
    </p>
   </div>
   <div class='ocr_carea' id='block_1_54' title="bbox 231 4074 1804 4147">
    <p class='ocr_par' dir='ltr' id='par_1_54' title="bbox 231 4074 1804 4147">
     <span class='ocr_line' id='line_1_54' title="bbox 231 4074 1804 4147; baseline 0.001 -22"><span class='ocrx_word' id='word_1_416' title='bbox 231 4075 336 4144; x_wconf 76' lang='grc' dir='ltr'><strong>γὰρ</strong></span> <span class='ocrx_word' id='word_1_417' title='bbox 376 4075 514 4144; x_wconf 79' lang='grc' dir='ltr'><strong>ἔχων</strong></span> <span class='ocrx_word' id='word_1_418' title='bbox 552 4076 798 4143; x_wconf 78' lang='grc' dir='ltr'><strong>φυσικῶς</strong></span> <span class='ocrx_word' id='word_1_419' title='bbox 829 4077 893 4128; x_wconf 76' lang='grc' dir='ltr'><strong>ἐκ</strong></span> <span class='ocrx_word' id='word_1_420' title='bbox 936 4076 1167 4147; x_wconf 82' lang='grc' dir='ltr'><strong>Πατρὸς,</strong></span> <span class='ocrx_word' id='word_1_421' title='bbox 1207 4077 1488 4146; x_wconf 77' lang='grc' dir='ltr'><strong>εἰληφέναι</strong></span> <span class='ocrx_word' id='word_1_422' title='bbox 1538 4075 1702 4143; x_wconf 67' lang='grc' dir='ltr'><strong>φησιν</strong></span> <span class='ocrx_word' id='word_1_423' title='bbox 1745 4074 1804 4141; x_wconf 72' lang='grc' dir='ltr'><strong>ἐξ</strong></span> 
     </span>
    </p>
   </div>
   <div class='ocr_carea' id='block_1_55' title="bbox 233 4165 1801 4239">
    <p class='ocr_par' dir='ltr' id='par_1_55' title="bbox 233 4165 1801 4239">
     <span class='ocr_line' id='line_1_55' title="bbox 233 4165 1801 4239; baseline 0.001 -22"><span class='ocrx_word' id='word_1_424' title='bbox 233 4165 394 4218; x_wconf 73' lang='grc' dir='ltr'><strong>αὑτοῦ</strong></span> <span class='ocrx_word' id='word_1_425' title='bbox 424 4166 514 4218; x_wconf 80' lang='grc' dir='ltr'><strong>διὰ</strong></span> <span class='ocrx_word' id='word_1_426' title='bbox 547 4167 608 4219; x_wconf 87' lang='grc' dir='ltr'><strong>τὸ</strong></span> <span class='ocrx_word' id='word_1_427' title='bbox 647 4167 707 4231; x_wconf 81' lang='grc' dir='ltr'><strong>ἐξ</strong></span> <span class='ocrx_word' id='word_1_428' title='bbox 752 4168 916 4220; x_wconf 75' lang='grc' dir='ltr'><strong>αὐτοῦ</strong></span> <span class='ocrx_word' id='word_1_429' title='bbox 963 4169 1349 4239; x_wconf 81' lang='grc' dir='ltr'><strong>γεγεννῆσθαι,</strong></span> <span class='ocrx_word' id='word_1_430' title='bbox 1399 4170 1537 4236; x_wconf 69' lang='grc' dir='ltr'><strong>μετὰ</strong></span> <span class='ocrx_word' id='word_1_431' title='bbox 1583 4169 1801 4220; x_wconf 80' lang='grc' dir='ltr'><strong>πάντων</strong></span> 
     </span>
    </p>
   </div>
   <div class='ocr_carea' id='block_1_56' title="bbox 232 4247 466 4325">
    <p class='ocr_par' dir='ltr' id='par_1_56' title="bbox 232 4247 466 4325">
     <span class='ocr_line' id='line_1_56' title="bbox 232 4247 466 4325; baseline 0.009 -17"><span class='ocrx_word' id='word_1_432' title='bbox 232 4247 303 4308; x_wconf 79' lang='grc' dir='ltr'>ὧν</span> <span class='ocrx_word' id='word_1_433' title='bbox 335 4255 466 4325; x_wconf 62' lang='grc' dir='ltr'><strong>ἔχει.</strong></span> 
     </span>
    </p>
   </div>
   <div class='ocr_carea' id='block_1_57' title="bbox 251 4439 1801 4507">
    <p class='ocr_par' dir='ltr' id='par_1_57' title="bbox 251 4439 1801 4507">
     <span class='ocr_line' id='line_1_57' title="bbox 251 4439 1801 4507; baseline 0.001 -16"><span class='ocrx_word' id='word_1_434' title='bbox 251 4441 343 4493; x_wconf 82' lang='grc' dir='ltr'><strong>Ἐκ</strong></span> <span class='ocrx_word' id='word_1_435' title='bbox 376 4441 480 4496; x_wconf 79' lang='grc' dir='ltr'><strong>τοῦ</strong></span> <span class='ocrx_word' id='word_1_436' title='bbox 509 4440 698 4496; x_wconf 81' lang='grc' dir='ltr'><strong>αὐτοῦ</strong></span> <span class='ocrx_word' id='word_1_437' title='bbox 740 4441 985 4506; x_wconf 78' lang='grc' dir='ltr'><strong>βιϐλίου</strong></span> <span class='ocrx_word' id='word_1_438' title='bbox 1015 4440 1322 4504; x_wconf 74' lang='grc' dir='ltr'><strong>ἀντίθρσις</strong></span> <span class='ocrx_word' id='word_1_439' title='bbox 1366 4439 1678 4507; x_wconf 73' lang='grc' dir='ltr'><strong>Ἀρειανῶν</strong></span> <span class='ocrx_word' id='word_1_440' title='bbox 1714 4439 1801 4502; x_wconf 81' lang='grc' dir='ltr'><strong>εὶς</strong></span> 
     </span>
    </p>
   </div>
   <div class='ocr_carea' id='block_1_58' title="bbox 308 4507 1802 4580">
    <p class='ocr_par' dir='ltr' id='par_1_58' title="bbox 308 4507 1802 4580">
     <span class='ocr_line' id='line_1_58' title="bbox 308 4507 1802 4580; baseline -0.002 -17"><span class='ocrx_word' id='word_1_441' title='bbox 308 4514 372 4564; x_wconf 84' lang='grc' dir='ltr'><strong>τό</strong></span> <span class='ocrx_word' id='word_1_442' title='bbox 399 4531 412 4544; x_wconf 78' lang='grc' dir='ltr'><strong><em>ο</em></strong></span> <span class='ocrx_word' id='word_1_443' title='bbox 449 4513 615 4565; x_wconf 76' lang='grc' dir='ltr'><strong>«Ἵνα</strong></span> <span class='ocrx_word' id='word_1_444' title='bbox 667 4512 1012 4580; x_wconf 70' lang='grc' dir='ltr'><strong>γινώσκωσι</strong></span> <span class='ocrx_word' id='word_1_445' title='bbox 1037 4527 1110 4564; x_wconf 84' lang='grc' dir='ltr'><strong>σε</strong></span> <span class='ocrx_word' id='word_1_446' title='bbox 1141 4510 1244 4562; x_wconf 76' lang='grc' dir='ltr'><strong>τὸν</strong></span> <span class='ocrx_word' id='word_1_447' title='bbox 1263 4510 1461 4577; x_wconf 80' lang='grc' dir='ltr'><strong>μόνον</strong></span> <span class='ocrx_word' id='word_1_448' title='bbox 1504 4510 1542 4564; x_wconf 82' lang='lat' dir='ltr'><strong>d</strong></span> <span class='ocrx_word' id='word_1_449' title='bbox 1565 4507 1802 4576; x_wconf 75' lang='grc' dir='ltr'><strong>Ιηθινὸν</strong></span> 
     </span>
    </p>
   </div>
   <div class='ocr_carea' id='block_1_59' title="bbox 312 4582 528 4638">
    <p class='ocr_par' dir='ltr' id='par_1_59' title="bbox 312 4582 528 4638">
     <span class='ocr_line' id='line_1_59' title="bbox 312 4582 528 4638; baseline 0 -5"><span class='ocrx_word' id='word_1_450' title='bbox 312 4582 474 4638; x_wconf 82' lang='grc' dir='ltr'><strong>Θεόν.</strong></span> <span class='ocrx_word' id='word_1_451' title='bbox 508 4602 528 4633; x_wconf 70' lang='grc' dir='ltr'><strong>ι</strong></span> 
     </span>
    </p>
   </div>
   <div class='ocr_carea' id='block_1_60' title="bbox 321 4689 1802 4763">
    <p class='ocr_par' dir='ltr' id='par_1_60' title="bbox 321 4689 1802 4763">
     <span class='ocr_line' id='line_1_60' title="bbox 321 4689 1802 4763; baseline -0.001 -18"><span class='ocrx_word' id='word_1_452' title='bbox 321 4695 469 4758; x_wconf 70' lang='grc' dir='ltr'><strong>Ἰδοὺ,</strong></span> <span class='ocrx_word' id='word_1_453' title='bbox 505 4697 692 4763; x_wconf 72' lang='grc' dir='ltr'><strong>φασιν,</strong></span> <span class='ocrx_word' id='word_1_454' title='bbox 721 4694 884 4757; x_wconf 82' lang='grc' dir='ltr'><strong>αὐτος</strong></span> <span class='ocrx_word' id='word_1_455' title='bbox 904 4696 932 4747; x_wconf 89' lang='lat'><strong>6</strong></span> <span class='ocrx_word' id='word_1_456' title='bbox 964 4694 1091 4755; x_wconf 80' lang='grc' dir='ltr'><strong>Υἱὸς</strong></span> <span class='ocrx_word' id='word_1_457' title='bbox 1128 4693 1287 4761; x_wconf 85' lang='grc' dir='ltr'><strong>μόνον</strong></span> <span class='ocrx_word' id='word_1_458' title='bbox 1319 4689 1458 4746; x_wconf 80' lang='grc' dir='ltr'><strong>εἶναι</strong></span> <span class='ocrx_word' id='word_1_459' title='bbox 1505 4693 1638 4746; x_wconf 84' lang='grc' dir='ltr'><strong>Θεὸν</strong></span> <span class='ocrx_word' id='word_1_460' title='bbox 1665 4693 1802 4762; x_wconf 75' lang='grc' dir='ltr'><strong>ἀληο-</strong></span> 
     </span>
    </p>
   </div>
   <div class='ocr_carea' id='block_1_61' title="bbox 247 4782 1792 4856">
    <p class='ocr_par' dir='ltr' id='par_1_61' title="bbox 247 4782 1792 4856">
     <span class='ocr_line' id='line_1_61' title="bbox 247 4782 1792 4856; baseline 0.003 -23"><span class='ocrx_word' id='word_1_461' title='bbox 247 4782 385 4835; x_wconf 69' lang='grc' dir='ltr'><strong>Θινδν</strong></span> <span class='ocrx_word' id='word_1_462' title='bbox 413 4786 668 4854; x_wconf 80' lang='grc' dir='ltr'><strong>ὁμολογεῖ</strong></span> <span class='ocrx_word' id='word_1_463' title='bbox 699 4785 791 4838; x_wconf 85' lang='grc' dir='ltr'><strong>τὸν</strong></span> <span class='ocrx_word' id='word_1_464' title='bbox 824 4785 1063 4856; x_wconf 85' lang='grc' dir='ltr'><strong>Πατέρα.</strong></span> <span class='ocrx_word' id='word_1_465' title='bbox 1117 4785 1226 4838; x_wconf 75' lang='grc' dir='ltr'><strong>Καὶ</strong></span> <span class='ocrx_word' id='word_1_466' title='bbox 1263 4784 1424 4846; x_wconf 83' lang='grc' dir='ltr'><strong>αὐτὸς</strong></span> <span class='ocrx_word' id='word_1_467' title='bbox 1473 4785 1530 4836; x_wconf 82' lang='grc' dir='ltr'><strong>δὲ</strong></span> <span class='ocrx_word' id='word_1_468' title='bbox 1559 4785 1792 4854; x_wconf 78' lang='grc' dir='ltr'><strong>εὑρίσκε-</strong></span> 
     </span>
    </p>
   </div>
   <div class='ocr_carea' id='block_1_62' title="bbox 244 4876 1802 4948">
    <p class='ocr_par' dir='ltr' id='par_1_62' title="bbox 244 4876 1802 4948">
     <span class='ocr_line' id='line_1_62' title="bbox 244 4876 1802 4948; baseline 0.003 -24"><span class='ocrx_word' id='word_1_469' title='bbox 244 4891 330 4926; x_wconf 87' lang='grc' dir='ltr'><strong>ται</strong></span> <span class='ocrx_word' id='word_1_470' title='bbox 359 4879 384 4927; x_wconf 85' lang='grc' dir='ltr'>ὁ</span> <span class='ocrx_word' id='word_1_471' title='bbox 419 4877 602 4948; x_wconf 76' lang='grc' dir='ltr'><strong>Πατὴρ</strong></span> <span class='ocrx_word' id='word_1_472' title='bbox 630 4879 803 4944; x_wconf 85' lang='grc' dir='ltr'><strong>λέγων</strong></span> <span class='ocrx_word' id='word_1_473' title='bbox 834 4895 848 4910; x_wconf 77' lang='grc' dir='ltr'><strong><em>ο</em></strong></span> <span class='ocrx_word' id='word_1_474' title='bbox 889 4877 1038 4946; x_wconf 74' lang='grc' dir='ltr'><strong>Ἐγὼ</strong></span> <span class='ocrx_word' id='word_1_475' title='bbox 1075 4877 1218 4942; x_wconf 81' lang='grc' dir='ltr'><strong>Θεὸς</strong></span> <span class='ocrx_word' id='word_1_476' title='bbox 1249 4877 1501 4943; x_wconf 81' lang='grc' dir='ltr'><strong>πρῶτος,</strong></span> <span class='ocrx_word' id='word_1_477' title='bbox 1562 4876 1676 4944; x_wconf 74' lang='grc' dir='ltr'><strong>ἐγὼ</strong></span> <span class='ocrx_word' id='word_1_478' title='bbox 1703 4877 1802 4929; x_wconf 76' lang='grc' dir='ltr'><strong>καὶ</strong></span> 
     </span>
    </p>
   </div>
   <div class='ocr_carea' id='block_1_63' title="bbox 241 4967 1805 5036">
    <p class='ocr_par' dir='ltr' id='par_1_63' title="bbox 241 4967 1805 5036">
     <span class='ocr_line' id='line_1_63' title="bbox 241 4967 1805 5036; baseline 0.004 -18"><span class='ocrx_word' id='word_1_479' title='bbox 241 4967 382 5033; x_wconf 77' lang='grc' dir='ltr'><strong>μετὰ</strong></span> <span class='ocrx_word' id='word_1_480' title='bbox 406 4969 611 5030; x_wconf 81' lang='grc' dir='ltr'><strong>ταῦτα.</strong></span> <span class='ocrx_word' id='word_1_481' title='bbox 645 4971 742 5022; x_wconf 80' lang='grc' dir='ltr'><strong>καὶ</strong></span> <span class='ocrx_word' id='word_1_482' title='bbox 774 4971 885 5022; x_wconf 85' lang='grc' dir='ltr'><strong>οὐκ</strong></span> <span class='ocrx_word' id='word_1_483' title='bbox 913 4969 1046 5022; x_wconf 78' lang='grc' dir='ltr'><strong>ἔστι</strong></span> <span class='ocrx_word' id='word_1_484' title='bbox 1099 4968 1244 5034; x_wconf 78' lang='grc' dir='ltr'><strong>Θεὸς</strong></span> <span class='ocrx_word' id='word_1_485' title='bbox 1285 4969 1452 5035; x_wconf 79' lang='grc' dir='ltr'><strong>πλὴν</strong></span> <span class='ocrx_word' id='word_1_486' title='bbox 1475 4968 1638 5036; x_wconf 83' lang='grc' dir='ltr'><strong>ἐμοῦ.</strong></span> <span class='ocrx_word' id='word_1_487' title='bbox 1678 4968 1805 5031; x_wconf 84' lang='grc' dir='ltr'><strong>Πῶς</strong></span> 
     </span>
    </p>
   </div>
   <div class='ocr_carea' id='block_1_64' title="bbox 244 5057 1806 5130">
    <p class='ocr_par' dir='ltr' id='par_1_64' title="bbox 244 5057 1806 5130">
     <span class='ocr_line' id='line_1_64' title="bbox 244 5057 1806 5130; baseline 0.003 -22"><span class='ocrx_word' id='word_1_488' title='bbox 244 5057 334 5109; x_wconf 78' lang='grc' dir='ltr'><strong>οὖν</strong></span> <span class='ocrx_word' id='word_1_489' title='bbox 358 5061 602 5127; x_wconf 70' lang='grc' dir='ltr'><strong>εἰσάγετε</strong></span> <span class='ocrx_word' id='word_1_490' title='bbox 630 5060 708 5129; x_wconf 82' lang='grc' dir='ltr'><strong>τῷ</strong></span> <span class='ocrx_word' id='word_1_491' title='bbox 741 5061 942 5130; x_wconf 81' lang='grc' dir='ltr'><strong>πρώτῳ</strong></span> <span class='ocrx_word' id='word_1_492' title='bbox 963 5062 1059 5114; x_wconf 80' lang='grc' dir='ltr'><strong>καὶ</strong></span> <span class='ocrx_word' id='word_1_493' title='bbox 1093 5061 1240 5129; x_wconf 83' lang='grc' dir='ltr'><strong>μόνῳ</strong></span> <span class='ocrx_word' id='word_1_494' title='bbox 1266 5062 1356 5113; x_wconf 78' lang='grc' dir='ltr'><strong>καὶ</strong></span> <span class='ocrx_word' id='word_1_495' title='bbox 1384 5061 1523 5113; x_wconf 77' lang='grc' dir='ltr'><strong>κατὰ</strong></span> <span class='ocrx_word' id='word_1_496' title='bbox 1544 5059 1806 5130; x_wconf 79' lang='grc' dir='ltr'><strong>ἀλήθειαν</strong></span> 
     </span>
    </p>
   </div>
   <div class='ocr_carea' id='block_1_65' title="bbox 244 5149 1803 5223">
    <p class='ocr_par' dir='ltr' id='par_1_65' title="bbox 244 5149 1803 5223">
     <span class='ocr_line' id='line_1_65' title="bbox 244 5149 1803 5223; baseline 0.003 -23"><span class='ocrx_word' id='word_1_497' title='bbox 244 5149 355 5202; x_wconf 77' lang='grc' dir='ltr'><strong>ὄντι</strong></span> <span class='ocrx_word' id='word_1_498' title='bbox 375 5152 488 5223; x_wconf 84' lang='grc' dir='ltr'><strong>Θεῷ</strong></span> <span class='ocrx_word' id='word_1_499' title='bbox 517 5153 614 5207; x_wconf 72' lang='grc' dir='ltr'><strong>καὶ</strong></span> <span class='ocrx_word' id='word_1_500' title='bbox 634 5155 810 5222; x_wconf 80' lang='grc' dir='ltr'><strong>Πατρὶ</strong></span> <span class='ocrx_word' id='word_1_501' title='bbox 837 5155 927 5207; x_wconf 72' lang='grc' dir='ltr'><strong>τὸν</strong></span> <span class='ocrx_word' id='word_1_502' title='bbox 951 5153 1080 5206; x_wconf 76' lang='grc' dir='ltr'><strong>Υῑὸν</strong></span> <span class='ocrx_word' id='word_1_503' title='bbox 1102 5154 1175 5215; x_wconf 82' lang='grc' dir='ltr'>ὡς</span> <span class='ocrx_word' id='word_1_504' title='bbox 1203 5152 1330 5205; x_wconf 77' lang='grc' dir='ltr'><strong>ὄντα</strong></span> <span class='ocrx_word' id='word_1_505' title='bbox 1351 5153 1442 5204; x_wconf 77' lang='grc' dir='ltr'><strong>καὶ</strong></span> <span class='ocrx_word' id='word_1_506' title='bbox 1465 5151 1628 5204; x_wconf 81' lang='grc' dir='ltr'><strong>αὑτὸν</strong></span> <span class='ocrx_word' id='word_1_507' title='bbox 1662 5152 1803 5204; x_wconf 82' lang='grc' dir='ltr'><strong>κατὰ</strong></span> 
     </span>
    </p>
   </div>
   <div class='ocr_carea' id='block_1_66' title="bbox 247 5241 1804 5315">
    <p class='ocr_par' dir='ltr' id='par_1_66' title="bbox 247 5241 1804 5315">
     <span class='ocr_line' id='line_1_66' title="bbox 247 5241 1804 5315; baseline 0.001 -23"><span class='ocrx_word' id='word_1_508' title='bbox 247 5241 402 5306; x_wconf 77' lang='grc' dir='ltr'><strong>φύσιν</strong></span> <span class='ocrx_word' id='word_1_509' title='bbox 427 5245 592 5310; x_wconf 77' lang='grc' dir='ltr'><strong>Θεόνς</strong></span> <span class='ocrx_word' id='word_1_510' title='bbox 652 5245 868 5298; x_wconf 76' lang='grc' dir='ltr'><strong>Εεδέναι</strong></span> <span class='ocrx_word' id='word_1_511' title='bbox 915 5245 1022 5315; x_wconf 82' lang='grc' dir='ltr'><strong>χρὴ</strong></span> <span class='ocrx_word' id='word_1_512' title='bbox 1082 5245 1322 5313; x_wconf 75' lang='grc' dir='ltr'><strong>πρῶτον,</strong></span> <span class='ocrx_word' id='word_1_513' title='bbox 1357 5245 1549 5312; x_wconf 82' lang='grc' dir='ltr'><strong>ὅτιπερ</strong></span> <span class='ocrx_word' id='word_1_514' title='bbox 1596 5243 1695 5294; x_wconf 78' lang='grc' dir='ltr'><strong>οὐκ</strong></span> <span class='ocrx_word' id='word_1_515' title='bbox 1725 5243 1804 5302; x_wconf 76' lang='grc' dir='ltr'><strong>εἰς</strong></span> 
     </span>
    </p>
   </div>
   <div class='ocr_carea' id='block_1_67' title="bbox 246 5331 1803 5403">
    <p class='ocr_par' dir='ltr' id='par_1_67' title="bbox 246 5331 1803 5403">
     <span class='ocr_line' id='line_1_67' title="bbox 246 5331 1803 5403; baseline 0.001 -20"><span class='ocrx_word' id='word_1_516' title='bbox 246 5331 516 5403; x_wconf 79' lang='grc' dir='ltr'><strong>ἀναίρεσιν</strong></span> <span class='ocrx_word' id='word_1_517' title='bbox 544 5336 638 5390; x_wconf 84' lang='grc' dir='ltr'><strong>τοῦ</strong></span> <span class='ocrx_word' id='word_1_518' title='bbox 679 5337 808 5391; x_wconf 86' lang='grc' dir='ltr'><strong>Υἱοῦ</strong></span> <span class='ocrx_word' id='word_1_519' title='bbox 837 5338 906 5389; x_wconf 86' lang='grc' dir='ltr'><strong>τὰ</strong></span> <span class='ocrx_word' id='word_1_520' title='bbox 948 5333 1172 5388; x_wconf 76' lang='grc' dir='ltr'><strong>τοιαῦτά</strong></span> <span class='ocrx_word' id='word_1_521' title='bbox 1202 5349 1366 5402; x_wconf 80' lang='grc' dir='ltr'><strong>φησιν</strong></span> <span class='ocrx_word' id='word_1_522' title='bbox 1419 5335 1446 5384; x_wconf 88' lang='grc' dir='ltr'>ὁ</span> <span class='ocrx_word' id='word_1_523' title='bbox 1480 5333 1692 5402; x_wconf 81' lang='grc' dir='ltr'><strong>Πατήρ.</strong></span> <span class='ocrx_word' id='word_1_524' title='bbox 1737 5333 1803 5384; x_wconf 80' lang='grc' dir='ltr'><strong>Τί</strong></span> 
     </span>
    </p>
   </div>
   <div class='ocr_carea' id='block_1_68' title="bbox 246 5421 1804 5496">
    <p class='ocr_par' dir='ltr' id='par_1_68' title="bbox 246 5421 1804 5496">
     <span class='ocr_line' id='line_1_68' title="bbox 246 5421 1804 5496; baseline -0.003 -17"><span class='ocrx_word' id='word_1_525' title='bbox 246 5421 352 5492; x_wconf 85' lang='grc' dir='ltr'><strong>γὰρ</strong></span> <span class='ocrx_word' id='word_1_526' title='bbox 382 5422 444 5496; x_wconf 77' lang='grc' dir='ltr'><strong>ἦν</strong></span> <span class='ocrx_word' id='word_1_527' title='bbox 489 5430 550 5481; x_wconf 80' lang='grc' dir='ltr'><strong>τὸ</strong></span> <span class='ocrx_word' id='word_1_528' title='bbox 583 5432 663 5490; x_wconf 84' lang='grc' dir='ltr'><strong>εἰς</strong></span> <span class='ocrx_word' id='word_1_529' title='bbox 703 5429 874 5481; x_wconf 84' lang='grc' dir='ltr'><strong>ταῦτα</strong></span> <span class='ocrx_word' id='word_1_530' title='bbox 907 5427 1081 5478; x_wconf 79' lang='grc' dir='ltr'><strong>ὲλϐεῐν</strong></span> <span class='ocrx_word' id='word_1_531' title='bbox 1125 5425 1467 5494; x_wconf 76' lang='grc' dir='ltr'><strong>παροτρύνον</strong></span> <span class='ocrx_word' id='word_1_532' title='bbox 1519 5427 1712 5488; x_wconf 78' lang='grc' dir='ltr'><strong>αύτὸνς</strong></span> <span class='ocrx_word' id='word_1_533' title='bbox 1743 5425 1804 5476; x_wconf 86' lang='grc' dir='ltr'><strong>Εἰ</strong></span> 
     </span>
    </p>
   </div>
   <div class='ocr_carea' id='block_1_69' title="bbox 250 5511 1807 5591">
    <p class='ocr_par' dir='ltr' id='par_1_69' title="bbox 250 5511 1807 5591">
     <span class='ocr_line' id='line_1_69' title="bbox 250 5511 1807 5591; baseline -0.002 -23"><span class='ocrx_word' id='word_1_534' title='bbox 250 5511 346 5577; x_wconf 80' lang='grc' dir='ltr'><strong>μὲν</strong></span> <span class='ocrx_word' id='word_1_535' title='bbox 367 5517 468 5588; x_wconf 75' lang='grc' dir='ltr'><strong>γὰρ</strong></span> <span class='ocrx_word' id='word_1_536' title='bbox 495 5519 572 5579; x_wconf 84' lang='grc' dir='ltr'>ὡς</span> <span class='ocrx_word' id='word_1_537' title='bbox 591 5520 881 5591; x_wconf 71' lang='grc' dir='ltr'><strong>ἄνθρωπος</strong></span> <span class='ocrx_word' id='word_1_538' title='bbox 907 5517 983 5588; x_wconf 82' lang='grc' dir='ltr'><strong>τῷ</strong></span> <span class='ocrx_word' id='word_1_539' title='bbox 1009 5517 1068 5582; x_wconf 77' lang='grc' dir='ltr'>ἐξ</span> <span class='ocrx_word' id='word_1_540' title='bbox 1099 5514 1262 5568; x_wconf 81' lang='grc' dir='ltr'><strong>αὑτοῦ</strong></span> <span class='ocrx_word' id='word_1_541' title='bbox 1292 5515 1608 5583; x_wconf 78' lang='grc' dir='ltr'><strong>προελθόντι</strong></span> <span class='ocrx_word' id='word_1_542' title='bbox 1656 5514 1807 5580; x_wconf 79' lang='grc' dir='ltr'><strong>φιλο-</strong></span> 
     </span>
    </p>
   </div>
   <div class='ocr_carea' id='block_1_70' title="bbox 247 5605 1804 5682">
    <p class='ocr_par' dir='ltr' id='par_1_70' title="bbox 247 5605 1804 5682">
     <span class='ocr_line' id='line_1_70' title="bbox 247 5605 1804 5682; baseline 0.001 -27"><span class='ocrx_word' id='word_1_543' title='bbox 247 5609 429 5672; x_wconf 76' lang='grc' dir='ltr'><strong>νεικεῖ,</strong></span> <span class='ocrx_word' id='word_1_544' title='bbox 483 5610 673 5682; x_wconf 79' lang='grc' dir='ltr'><strong>ὥσπερ</strong></span> <span class='ocrx_word' id='word_1_545' title='bbox 715 5614 743 5664; x_wconf 88' lang='grc' dir='ltr'><em>ὀ</em></span> <span class='ocrx_word' id='word_1_546' title='bbox 791 5610 954 5664; x_wconf 69' lang='grc' dir='ltr'><strong>Δασὶδ</strong></span> <span class='ocrx_word' id='word_1_547' title='bbox 1019 5605 1424 5676; x_wconf 81' lang='grc' dir='ltr'><strong>πολεμούμενος</strong></span> <span class='ocrx_word' id='word_1_548' title='bbox 1456 5606 1558 5658; x_wconf 70' lang='grc' dir='ltr'><strong>ὐπδ</strong></span> <span class='ocrx_word' id='word_1_549' title='bbox 1587 5605 1695 5658; x_wconf 82' lang='grc' dir='ltr'><strong>τῶν</strong></span> <span class='ocrx_word' id='word_1_550' title='bbox 1725 5608 1804 5657; x_wconf 78' lang='grc' dir='ltr'><strong>οξ-</strong></span> 
     </span>
    </p>
   </div>
   <div class='ocr_carea' id='block_1_71' title="bbox 339 5741 1808 5813">
    <p class='ocr_par' dir='ltr' id='par_1_71' title="bbox 339 5741 1808 5813">
     <span class='ocr_line' id='line_1_71' title="bbox 339 5741 1808 5813; baseline -0.002 -12"><span class='ocrx_word' id='word_1_551' title='bbox 339 5743 528 5805; x_wconf 76' lang='lat' dir='ltr'><strong>‘Joan.</strong></span> <span class='ocrx_word' id='word_1_552' title='bbox 553 5768 603 5813; x_wconf 79' lang='grc' dir='ltr'><strong>ν,</strong></span> <span class='ocrx_word' id='word_1_553' title='bbox 632 5752 720 5808; x_wconf 68' lang='lat'><strong>‘16.</strong></span> <span class='ocrx_word' id='word_1_554' title='bbox 800 5753 818 5782; x_wconf 81' lang='grc'>¹</span> <span class='ocrx_word' id='word_1_555' title='bbox 846 5748 1001 5803; x_wconf 78' lang='lat' dir='ltr'><strong>Joan.</strong></span> <span class='ocrx_word' id='word_1_556' title='bbox 1035 5758 1164 5808; x_wconf 78' lang='lat' dir='ltr'><strong>xm,</strong></span> <span class='ocrx_word' id='word_1_557' title='bbox 1195 5743 1247 5797; x_wconf 78' lang='grc'><strong>5.</strong></span> <span class='ocrx_word' id='word_1_558' title='bbox 1327 5743 1347 5774; x_wconf 81' lang='grc'>³</span> <span class='ocrx_word' id='word_1_559' title='bbox 1376 5741 1480 5798; x_wconf 88' lang='lat' dir='ltr'><strong>lsa.</strong></span> <span class='ocrx_word' id='word_1_560' title='bbox 1525 5759 1690 5811; x_wconf 69' lang='lat' dir='ltr'><strong>sunt,</strong></span> <span class='ocrx_word' id='word_1_561' title='bbox 1724 5747 1808 5798; x_wconf 82' lang='lat' dir='ltr'><strong>lt).</strong></span> 
     </span>
    </p>
   </div>
   <div class='ocr_carea' id='block_1_72' title="bbox 1917 1669 3488 1742">
    <p class='ocr_par' dir='ltr' id='par_1_72' title="bbox 1917 1669 3488 1742">
     <span class='ocr_line' id='line_1_72' title="bbox 1917 1669 3488 1742; baseline -0.008 -11"><span class='ocrx_word' id='word_1_562' title='bbox 1917 1686 1970 1731; x_wconf 88' lang='lat' dir='ltr'><strong>et</strong></span> <span class='ocrx_word' id='word_1_563' title='bbox 1996 1691 2059 1729; x_wconf 82' lang='lat' dir='ltr'><strong>ex</strong></span> <span class='ocrx_word' id='word_1_564' title='bbox 2104 1676 2341 1731; x_wconf 89' lang='lat' dir='ltr'><strong>essentia</strong></span> <span class='ocrx_word' id='word_1_565' title='bbox 2394 1676 2563 1742; x_wconf 88' lang='lat' dir='ltr'><strong>ipsius</strong></span> <span class='ocrx_word' id='word_1_566' title='bbox 2601 1675 2894 1742; x_wconf 89' lang='lat' dir='ltr'><strong>procedat,</strong></span> <span class='ocrx_word' id='word_1_567' title='bbox 2938 1681 3086 1726; x_wconf 88' lang='lat' dir='ltr'><strong>certe</strong></span> <span class='ocrx_word' id='word_1_568' title='bbox 3135 1669 3317 1725; x_wconf 88' lang='lat' dir='ltr'><strong>omnia</strong></span> <span class='ocrx_word' id='word_1_569' title='bbox 3368 1679 3488 1734; x_wconf 65' lang='lat' dir='ltr'><strong>qua:</strong></span> 
     </span>
    </p>
   </div>
   <div class='ocr_carea' id='block_1_73' title="bbox 1916 1759 3487 1829">
    <p class='ocr_par' dir='ltr' id='par_1_73' title="bbox 1916 1759 3487 1829">
     <span class='ocr_line' id='line_1_73' title="bbox 1916 1759 3487 1829; baseline -0.005 -11"><span class='ocrx_word' id='word_1_570' title='bbox 1916 1765 2095 1820; x_wconf 78' lang='lat' dir='ltr'><strong>Patris</strong></span> <span class='ocrx_word' id='word_1_571' title='bbox 2127 1775 2275 1829; x_wconf 90' lang='lat' dir='ltr'><strong>sunt,</strong></span> <span class='ocrx_word' id='word_1_572' title='bbox 2301 1767 2370 1819; x_wconf 91' lang='lat' dir='ltr'><strong>ab</strong></span> <span class='ocrx_word' id='word_1_573' title='bbox 2417 1775 2620 1819; x_wconf 80' lang='lat' dir='ltr'><strong>aeterno</strong></span> <span class='ocrx_word' id='word_1_574' title='bbox 2661 1767 2846 1819; x_wconf 83' lang='lat' dir='ltr'><strong>habet.</strong></span> <span class='ocrx_word' id='word_1_575' title='bbox 2895 1764 3032 1817; x_wconf 85' lang='lat' dir='ltr'><strong>Dicit</strong></span> <span class='ocrx_word' id='word_1_576' title='bbox 3084 1772 3263 1816; x_wconf 89' lang='lat' dir='ltr'><strong>autem</strong></span> <span class='ocrx_word' id='word_1_577' title='bbox 3313 1775 3370 1813; x_wconf 91' lang='lat' dir='ltr'><strong>se</strong></span> <span class='ocrx_word' id='word_1_578' title='bbox 3419 1759 3487 1810; x_wconf 86' lang='lat' dir='ltr'><strong>ab</strong></span> 
     </span>
    </p>
   </div>
   <div class='ocr_carea' id='block_1_74' title="bbox 1918 1842 3486 1921">
    <p class='ocr_par' dir='ltr' id='par_1_74' title="bbox 1918 1842 3486 1921">
     <span class='ocr_line' id='line_1_74' title="bbox 1918 1842 3486 1921; baseline -0.008 -12"><span class='ocrx_word' id='word_1_579' title='bbox 1918 1855 2008 1909; x_wconf 88' lang='lat' dir='ltr'><strong>illo</strong></span> <span class='ocrx_word' id='word_1_580' title='bbox 2030 1855 2326 1921; x_wconf 75' lang='lat' dir='ltr'><strong>accepisse,</strong></span> <span class='ocrx_word' id='word_1_581' title='bbox 2363 1853 2488 1921; x_wconf 90' lang='lat' dir='ltr'><strong>quia</strong></span> <span class='ocrx_word' id='word_1_582' title='bbox 2525 1867 2590 1906; x_wconf 82' lang='lat' dir='ltr'><strong>ex</strong></span> <span class='ocrx_word' id='word_1_583' title='bbox 2628 1853 2743 1920; x_wconf 91' lang='lat' dir='ltr'><strong>ipso</strong></span> <span class='ocrx_word' id='word_1_584' title='bbox 2785 1850 3064 1921; x_wconf 86' lang='lat' dir='ltr'><strong>procedit:</strong></span> <span class='ocrx_word' id='word_1_585' title='bbox 3113 1864 3234 1902; x_wconf 79' lang='lat' dir='ltr'><strong>cum</strong></span> <span class='ocrx_word' id='word_1_586' title='bbox 3283 1842 3486 1913; x_wconf 79' lang='lat' dir='ltr'><strong>alioqui</strong></span> 
     </span>
    </p>
   </div>
   <div class='ocr_carea' id='block_1_75' title="bbox 1915 1939 3219 2009">
    <p class='ocr_par' dir='ltr' id='par_1_75' title="bbox 1915 1939 3219 2009">
     <span class='ocr_line' id='line_1_75' title="bbox 1915 1939 3219 2009; baseline -0.005 -12"><span class='ocrx_word' id='word_1_587' title='bbox 1915 1944 2236 1998; x_wconf 82' lang='lat' dir='ltr'><strong>naturaliter</strong></span> <span class='ocrx_word' id='word_1_588' title='bbox 2262 1942 2461 1996; x_wconf 86' lang='lat' dir='ltr'><strong>habeat</strong></span> <span class='ocrx_word' id='word_1_589' title='bbox 2489 1942 2668 1996; x_wconf 88' lang='lat' dir='ltr'><strong>omnia</strong></span> <span class='ocrx_word' id='word_1_590' title='bbox 2701 1956 2819 2009; x_wconf 80' lang='lat' dir='ltr'><strong>qua:</strong></span> <span class='ocrx_word' id='word_1_591' title='bbox 2842 1939 2984 1992; x_wconf 83' lang='lat' dir='ltr'><strong>Patri</strong></span> <span class='ocrx_word' id='word_1_592' title='bbox 3017 1940 3219 1991; x_wconf 79' lang='lat' dir='ltr'><strong>insunt.</strong></span> 
     </span>
    </p>
   </div>
   <div class='ocr_carea' id='block_1_76' title="bbox 2575 2049 2800 2105">
    <p class='ocr_par' dir='ltr' id='par_1_76' title="bbox 2575 2049 2800 2105">
     <span class='ocr_line' id='line_1_76' title="bbox 2575 2049 2800 2105; baseline 0.004 -2"><span class='ocrx_word' id='word_1_593' title='bbox 2575 2049 2640 2103; x_wconf 79' lang='lat' dir='ltr'><strong>Et</strong></span> <span class='ocrx_word' id='word_1_594' title='bbox 2671 2051 2800 2105; x_wconf 65' lang='lat' dir='ltr'><strong>haec.</strong></span> 
     </span>
    </p>
   </div>
   <div class='ocr_carea' id='block_1_77' title="bbox 1972 2144 3486 2212">
    <p class='ocr_par' dir='ltr' id='par_1_77' title="bbox 1972 2144 3486 2212">
     <span class='ocr_line' id='line_1_77' title="bbox 1972 2144 3486 2212; baseline 0.003 -14"><span class='ocrx_word' id='word_1_595' title='bbox 1972 2145 2234 2198; x_wconf 77' lang='lat' dir='ltr'><strong>Servatur</strong></span> <span class='ocrx_word' id='word_1_596' title='bbox 2291 2144 2492 2198; x_wconf 84' lang='lat' dir='ltr'><strong>alicubi</strong></span> <span class='ocrx_word' id='word_1_597' title='bbox 2541 2146 2742 2212; x_wconf 83' lang='lat' dir='ltr'><strong>inquit,</strong></span> <span class='ocrx_word' id='word_1_598' title='bbox 2807 2162 2826 2195; x_wconf 77' lang='grc' dir='ltr'><strong>ι</strong></span> <span class='ocrx_word' id='word_1_599' title='bbox 2889 2146 3041 2200; x_wconf 82' lang='lat' dir='ltr'><strong>Sicut</strong></span> <span class='ocrx_word' id='word_1_600' title='bbox 3100 2145 3262 2200; x_wconf 90' lang='lat' dir='ltr'><strong>Pater</strong></span> <span class='ocrx_word' id='word_1_601' title='bbox 3321 2147 3486 2202; x_wconf 86' lang='lat' dir='ltr'><strong>habet</strong></span> 
     </span>
    </p>
   </div>
   <div class='ocr_carea' id='block_1_78' title="bbox 1899 2221 3488 2302">
    <p class='ocr_par' dir='ltr' id='par_1_78' title="bbox 1899 2221 3488 2302">
     <span class='ocr_line' id='line_1_78' title="bbox 1899 2221 3488 2302; baseline 0.004 -15"><span class='ocrx_word' id='word_1_602' title='bbox 1899 2235 2063 2288; x_wconf 84' lang='lat' dir='ltr'><strong>vitam</strong></span> <span class='ocrx_word' id='word_1_603' title='bbox 2090 2221 2150 2286; x_wconf 86' lang='lat' dir='ltr'><strong>in</strong></span> <span class='ocrx_word' id='word_1_604' title='bbox 2185 2234 2391 2302; x_wconf 82' lang='lat' dir='ltr'><strong>seipse,</strong></span> <span class='ocrx_word' id='word_1_605' title='bbox 2435 2233 2516 2288; x_wconf 88' lang='lat' dir='ltr'><strong>sic</strong></span> <span class='ocrx_word' id='word_1_606' title='bbox 2544 2233 2695 2289; x_wconf 85' lang='lat' dir='ltr'><strong>dedit</strong></span> <span class='ocrx_word' id='word_1_607' title='bbox 2739 2243 2790 2288; x_wconf 92' lang='lat' dir='ltr'><strong>et</strong></span> <span class='ocrx_word' id='word_1_608' title='bbox 2837 2230 2975 2288; x_wconf 83' lang='lat' dir='ltr'><strong>Filio</strong></span> <span class='ocrx_word' id='word_1_609' title='bbox 3003 2236 3202 2290; x_wconf 87' lang='lat' dir='ltr'><strong>habere</strong></span> <span class='ocrx_word' id='word_1_610' title='bbox 3229 2239 3394 2291; x_wconf 88' lang='lat' dir='ltr'><strong>vitam</strong></span> <span class='ocrx_word' id='word_1_611' title='bbox 3423 2240 3488 2293; x_wconf 86' lang='lat' dir='ltr'><strong>in</strong></span> 
     </span>
    </p>
   </div>
   <div class='ocr_carea' id='block_1_79' title="bbox 1900 2325 3489 2396">
    <p class='ocr_par' dir='ltr' id='par_1_79' title="bbox 1900 2325 3489 2396">
     <span class='ocr_line' id='line_1_79' title="bbox 1900 2325 3489 2396; baseline 0.003 -17"><span class='ocrx_word' id='word_1_612' title='bbox 1900 2326 2080 2393; x_wconf 87' lang='lat' dir='ltr'><strong>seipsn</strong></span> <span class='ocrx_word' id='word_1_613' title='bbox 2105 2327 2119 2356; x_wconf 81' lang='grc' dir='ltr'><strong>ι</strong></span> <span class='ocrx_word' id='word_1_614' title='bbox 2147 2341 2160 2376; x_wconf 85' lang='lat'><strong>:</strong></span> <span class='ocrx_word' id='word_1_615' title='bbox 2198 2343 2216 2376; x_wconf 75' lang='grc' dir='ltr'><strong>ι</strong></span> <span class='ocrx_word' id='word_1_616' title='bbox 2256 2327 2398 2394; x_wconf 89' lang='lat' dir='ltr'><strong>quod</strong></span> <span class='ocrx_word' id='word_1_617' title='bbox 2425 2326 2504 2380; x_wconf 90' lang='lat' dir='ltr'><strong>sic</strong></span> <span class='ocrx_word' id='word_1_618' title='bbox 2528 2326 2755 2396; x_wconf 87' lang='lat' dir='ltr'><strong>intelligi</strong></span> <span class='ocrx_word' id='word_1_619' title='bbox 2783 2342 2878 2395; x_wconf 87' lang='lat' dir='ltr'><strong>par</strong></span> <span class='ocrx_word' id='word_1_620' title='bbox 2902 2340 3004 2381; x_wconf 88' lang='lat' dir='ltr'><strong>est.</strong></span> <span class='ocrx_word' id='word_1_621' title='bbox 3023 2325 3158 2380; x_wconf 87' lang='lat' dir='ltr'><strong>Nam</strong></span> <span class='ocrx_word' id='word_1_622' title='bbox 3184 2345 3306 2384; x_wconf 83' lang='lat' dir='ltr'><strong>cum</strong></span> <span class='ocrx_word' id='word_1_623' title='bbox 3334 2330 3489 2393; x_wconf 91' lang='lat' dir='ltr'><strong>dicit,</strong></span> 
     </span>
    </p>
   </div>
   <div class='ocr_carea' id='block_1_80' title="bbox 1916 2418 3483 2492">
    <p class='ocr_par' dir='ltr' id='par_1_80' title="bbox 1916 2418 3483 2492">
     <span class='ocr_line' id='line_1_80' title="bbox 1916 2418 3483 2492; baseline 0.003 -23"><span class='ocrx_word' id='word_1_624' title='bbox 1916 2437 1937 2469; x_wconf 71' lang='grc' dir='ltr'><strong>α</strong></span> <span class='ocrx_word' id='word_1_625' title='bbox 1973 2419 2140 2486; x_wconf 88' lang='lat' dir='ltr'><strong>dedit,</strong></span> <span class='ocrx_word' id='word_1_626' title='bbox 2186 2437 2204 2471; x_wconf 75' lang='grc' dir='ltr'><strong>ι</strong></span> <span class='ocrx_word' id='word_1_627' title='bbox 2240 2420 2385 2489; x_wconf 93' lang='lat' dir='ltr'><strong>quod</strong></span> <span class='ocrx_word' id='word_1_628' title='bbox 2415 2437 2479 2473; x_wconf 79' lang='lat' dir='ltr'><strong>ex</strong></span> <span class='ocrx_word' id='word_1_629' title='bbox 2512 2418 2673 2474; x_wconf 83' lang='lat' dir='ltr'><strong>Patre</strong></span> <span class='ocrx_word' id='word_1_630' title='bbox 2706 2421 3031 2474; x_wconf 85' lang='lat' dir='ltr'><strong>naturaliter</strong></span> <span class='ocrx_word' id='word_1_631' title='bbox 3063 2422 3266 2474; x_wconf 85' lang='lat' dir='ltr'><strong>habeat</strong></span> <span class='ocrx_word' id='word_1_632' title='bbox 3296 2422 3483 2492; x_wconf 73' lang='lat' dir='ltr'><strong>signi-</strong></span> 
     </span>
    </p>
   </div>
   <div class='ocr_carea' id='block_1_81' title="bbox 1912 2509 3481 2581">
    <p class='ocr_par' dir='ltr' id='par_1_81' title="bbox 1912 2509 3481 2581">
     <span class='ocr_line' id='line_1_81' title="bbox 1912 2509 3481 2581; baseline 0.002 -19"><span class='ocrx_word' id='word_1_633' title='bbox 1912 2509 2054 2574; x_wconf 85' lang='lat' dir='ltr'><strong>ftcat,</strong></span> <span class='ocrx_word' id='word_1_634' title='bbox 2092 2519 2145 2564; x_wconf 88' lang='lat' dir='ltr'><strong>et</strong></span> <span class='ocrx_word' id='word_1_635' title='bbox 2194 2510 2531 2581; x_wconf 75' lang='lat' dir='ltr'><strong>hyposmtiee</strong></span> <span class='ocrx_word' id='word_1_636' title='bbox 2563 2511 2630 2564; x_wconf 84' lang='lat' dir='ltr'><strong>ab</strong></span> <span class='ocrx_word' id='word_1_637' title='bbox 2681 2525 2748 2564; x_wconf 89' lang='lat' dir='ltr'><strong>eo</strong></span> <span class='ocrx_word' id='word_1_638' title='bbox 2786 2511 2877 2580; x_wconf 90' lang='lat' dir='ltr'><strong>qui</strong></span> <span class='ocrx_word' id='word_1_639' title='bbox 2913 2510 3063 2565; x_wconf 90' lang='lat' dir='ltr'><strong>dedit</strong></span> <span class='ocrx_word' id='word_1_640' title='bbox 3105 2512 3270 2564; x_wconf 88' lang='lat' dir='ltr'><strong>alium</strong></span> <span class='ocrx_word' id='word_1_641' title='bbox 3315 2528 3435 2566; x_wconf 82' lang='lat' dir='ltr'><strong>esse</strong></span> <span class='ocrx_word' id='word_1_642' title='bbox 3466 2530 3481 2565; x_wconf 88' lang='lat'><strong>:</strong></span> 
     </span>
    </p>
   </div>
   <div class='ocr_carea' id='block_1_82' title="bbox 1910 2601 3483 2671">
    <p class='ocr_par' dir='ltr' id='par_1_82' title="bbox 1910 2601 3483 2671">
     <span class='ocr_line' id='line_1_82' title="bbox 1910 2601 3483 2671; baseline 0.003 -17"><span class='ocrx_word' id='word_1_643' title='bbox 1910 2603 2102 2669; x_wconf 90' lang='lat' dir='ltr'><strong>alium,</strong></span> <span class='ocrx_word' id='word_1_644' title='bbox 2140 2601 2385 2671; x_wconf 88' lang='lat' dir='ltr'><strong>inquam,</strong></span> <span class='ocrx_word' id='word_1_645' title='bbox 2449 2617 2676 2656; x_wconf 89' lang='lat' dir='ltr'><strong>numero</strong></span> <span class='ocrx_word' id='word_1_646' title='bbox 2714 2603 2912 2658; x_wconf 92' lang='lat' dir='ltr'><strong>solum.</strong></span> <span class='ocrx_word' id='word_1_647' title='bbox 2951 2603 3087 2656; x_wconf 89' lang='lat' dir='ltr'><strong>Cum</strong></span> <span class='ocrx_word' id='word_1_648' title='bbox 3152 2603 3279 2658; x_wconf 69' lang='lat' dir='ltr'><strong>vero</strong></span> <span class='ocrx_word' id='word_1_649' title='bbox 3329 2605 3483 2670; x_wconf 80' lang='lat' dir='ltr'><strong>dicit,</strong></span> 
     </span>
    </p>
   </div>
   <div class='ocr_carea' id='block_1_83' title="bbox 1914 2694 3487 2758">
    <p class='ocr_par' dir='ltr' id='par_1_83' title="bbox 1914 2694 3487 2758">
     <span class='ocr_line' id='line_1_83' title="bbox 1914 2694 3487 2758; baseline 0.003 -12"><span class='ocrx_word' id='word_1_650' title='bbox 1914 2713 1933 2746; x_wconf 70' lang='grc' dir='ltr'><em>ς</em></span> <span class='ocrx_word' id='word_1_651' title='bbox 1971 2694 2122 2749; x_wconf 91' lang='lat' dir='ltr'><strong>Sicut</strong></span> <span class='ocrx_word' id='word_1_652' title='bbox 2157 2695 2318 2749; x_wconf 87' lang='lat' dir='ltr'><strong>habet</strong></span> <span class='ocrx_word' id='word_1_653' title='bbox 2335 2695 2515 2758; x_wconf 90' lang='lat' dir='ltr'><strong>Pater,</strong></span> <span class='ocrx_word' id='word_1_654' title='bbox 2546 2696 2619 2747; x_wconf 91' lang='lat' dir='ltr'><strong>ita</strong></span> <span class='ocrx_word' id='word_1_655' title='bbox 2641 2696 2804 2749; x_wconf 86' lang='lat' dir='ltr'><strong>habet</strong></span> <span class='ocrx_word' id='word_1_656' title='bbox 2827 2705 2881 2748; x_wconf 89' lang='lat' dir='ltr'><strong>et</strong></span> <span class='ocrx_word' id='word_1_657' title='bbox 2901 2694 3107 2758; x_wconf 82' lang='lat' dir='ltr'><strong>Filius,</strong></span> <span class='ocrx_word' id='word_1_658' title='bbox 3149 2714 3169 2747; x_wconf 70' lang='grc' dir='ltr'><strong>ι</strong></span> <span class='ocrx_word' id='word_1_659' title='bbox 3200 2694 3487 2750; x_wconf 71' lang='lat' dir='ltr'><strong>manifeSte</strong></span> 
     </span>
    </p>
   </div>
   <div class='ocr_carea' id='block_1_84' title="bbox 1915 2786 3486 2857">
    <p class='ocr_par' dir='ltr' id='par_1_84' title="bbox 1915 2786 3486 2857">
     <span class='ocr_line' id='line_1_84' title="bbox 1915 2786 3486 2857; baseline -0.001 -16"><span class='ocrx_word' id='word_1_660' title='bbox 1915 2787 2016 2841; x_wconf 87' lang='lat' dir='ltr'><strong>hoc</strong></span> <span class='ocrx_word' id='word_1_661' title='bbox 2045 2786 2341 2857; x_wconf 82' lang='lat' dir='ltr'><strong>significat,</strong></span> <span class='ocrx_word' id='word_1_662' title='bbox 2366 2787 2534 2854; x_wconf 90' lang='lat' dir='ltr'><strong>quod,</strong></span> <span class='ocrx_word' id='word_1_663' title='bbox 2565 2788 3024 2855; x_wconf 86' lang='lat' dir='ltr'><strong>quemadmodum</strong></span> <span class='ocrx_word' id='word_1_664' title='bbox 3061 2789 3220 2842; x_wconf 88' lang='lat' dir='ltr'><strong>Pater</strong></span> <span class='ocrx_word' id='word_1_665' title='bbox 3245 2789 3406 2842; x_wconf 78' lang='lat' dir='ltr'><strong>habet</strong></span> <span class='ocrx_word' id='word_1_666' title='bbox 3436 2789 3486 2840; x_wconf 89' lang='lat' dir='ltr'><strong>in</strong></span> 
     </span>
    </p>
   </div>
   <div class='ocr_carea' id='block_1_85' title="bbox 1908 2879 3491 2945">
    <p class='ocr_par' dir='ltr' id='par_1_85' title="bbox 1908 2879 3491 2945">
     <span class='ocr_line' id='line_1_85' title="bbox 1908 2879 3491 2945; baseline 0.001 -13"><span class='ocrx_word' id='word_1_667' title='bbox 1908 2892 1965 2932; x_wconf 81' lang='lat' dir='ltr'><strong>se</strong></span> <span class='ocrx_word' id='word_1_668' title='bbox 2004 2879 2168 2933; x_wconf 81' lang='lat' dir='ltr'><strong>vitam</strong></span> <span class='ocrx_word' id='word_1_669' title='bbox 2209 2881 2279 2934; x_wconf 88' lang='lat' dir='ltr'><strong>ab</strong></span> <span class='ocrx_word' id='word_1_670' title='bbox 2333 2889 2556 2945; x_wconf 74' lang='lat' dir='ltr'><strong>teterno,</strong></span> <span class='ocrx_word' id='word_1_671' title='bbox 2594 2879 2668 2932; x_wconf 90' lang='lat' dir='ltr'><strong>ita</strong></span> <span class='ocrx_word' id='word_1_672' title='bbox 2702 2887 2758 2936; x_wconf 80' lang='lat' dir='ltr'><strong>et</strong></span> <span class='ocrx_word' id='word_1_673' title='bbox 2785 2879 2956 2935; x_wconf 86' lang='lat' dir='ltr'><strong>Filius</strong></span> <span class='ocrx_word' id='word_1_674' title='bbox 2994 2879 3156 2933; x_wconf 78' lang='lat' dir='ltr'><strong>vitam</strong></span> <span class='ocrx_word' id='word_1_675' title='bbox 3191 2879 3259 2932; x_wconf 89' lang='lat' dir='ltr'><strong>ab</strong></span> <span class='ocrx_word' id='word_1_676' title='bbox 3286 2891 3491 2934; x_wconf 69' lang='lat' dir='ltr'><strong>aeterno</strong></span> 
     </span>
    </p>
   </div>
   <div class='ocr_carea' id='block_1_86' title="bbox 1908 2971 2264 3027">
    <p class='ocr_par' dir='ltr' id='par_1_86' title="bbox 1908 2971 2264 3027">
     <span class='ocr_line' id='line_1_86' title="bbox 1908 2971 2264 3027; baseline -0.008 0"><span class='ocrx_word' id='word_1_677' title='bbox 1908 2973 1962 3027; x_wconf 91' lang='lat' dir='ltr'><strong>in</strong></span> <span class='ocrx_word' id='word_1_678' title='bbox 1993 2986 2052 3026; x_wconf 89' lang='lat' dir='ltr'><strong>se</strong></span> <span class='ocrx_word' id='word_1_679' title='bbox 2083 2971 2264 3026; x_wconf 83' lang='lat' dir='ltr'><strong>habet.</strong></span> 
     </span>
    </p>
   </div>
   <div class='ocr_carea' id='block_1_87' title="bbox 2585 3151 2820 3208">
    <p class='ocr_par' dir='ltr' id='par_1_87' title="bbox 2585 3151 2820 3208">
     <span class='ocr_line' id='line_1_87' title="bbox 2585 3151 2820 3208; baseline 0.009 -3"><span class='ocrx_word' id='word_1_680' title='bbox 2585 3151 2652 3206; x_wconf 80' lang='lat' dir='ltr'><strong>Et</strong></span> <span class='ocrx_word' id='word_1_681' title='bbox 2691 3152 2820 3208; x_wconf 71' lang='lat' dir='ltr'><strong>haec.</strong></span> 
     </span>
    </p>
   </div>
   <div class='ocr_carea' id='block_1_88' title="bbox 1987 3239 3492 3312">
    <p class='ocr_par' dir='ltr' id='par_1_88' title="bbox 1987 3239 3492 3312">
     <span class='ocr_line' id='line_1_88' title="bbox 1987 3239 3492 3312; baseline -0.001 -16"><span class='ocrx_word' id='word_1_682' title='bbox 1987 3239 2043 3296; x_wconf 92' lang='lat' dir='ltr'><strong>Si</strong></span> <span class='ocrx_word' id='word_1_683' title='bbox 2079 3244 2198 3311; x_wconf 91' lang='lat' dir='ltr'><strong>quis</strong></span> <span class='ocrx_word' id='word_1_684' title='bbox 2235 3243 2512 3312; x_wconf 80' lang='lat' dir='ltr'><strong>splendori</strong></span> <span class='ocrx_word' id='word_1_685' title='bbox 2561 3243 2788 3296; x_wconf 84' lang='lat' dir='ltr'><strong>luminis</strong></span> <span class='ocrx_word' id='word_1_686' title='bbox 2834 3255 3148 3296; x_wconf 88' lang='lat' dir='ltr'><strong>sermonem</strong></span> <span class='ocrx_word' id='word_1_687' title='bbox 3182 3241 3406 3304; x_wconf 82' lang='lat' dir='ltr'><strong>tribuat,</strong></span> <span class='ocrx_word' id='word_1_688' title='bbox 3436 3250 3492 3295; x_wconf 89' lang='lat' dir='ltr'><strong>et</strong></span> 
     </span>
    </p>
   </div>
   <div class='ocr_carea' id='block_1_89' title="bbox 1908 3333 3488 3402">
    <p class='ocr_par' dir='ltr' id='par_1_89' title="bbox 1908 3333 3488 3402">
     <span class='ocr_line' id='line_1_89' title="bbox 1908 3333 3488 3402; baseline -0.002 -13"><span class='ocrx_word' id='word_1_689' title='bbox 1908 3336 2092 3390; x_wconf 84' lang='lat' dir='ltr'><strong>dicat:</strong></span> <span class='ocrx_word' id='word_1_690' title='bbox 2129 3333 2335 3388; x_wconf 87' lang='lat' dir='ltr'><strong>Lumen</strong></span> <span class='ocrx_word' id='word_1_691' title='bbox 2372 3336 2502 3390; x_wconf 90' lang='lat' dir='ltr'><strong>mihi</strong></span> <span class='ocrx_word' id='word_1_692' title='bbox 2555 3335 2706 3389; x_wconf 69' lang='lat' dir='ltr'><strong>dedit</strong></span> <span class='ocrx_word' id='word_1_693' title='bbox 2747 3335 2933 3388; x_wconf 87' lang='lat' dir='ltr'><strong>omnia</strong></span> <span class='ocrx_word' id='word_1_694' title='bbox 2965 3349 3086 3402; x_wconf 65' lang='lat' dir='ltr'><strong>qua:</strong></span> <span class='ocrx_word' id='word_1_695' title='bbox 3115 3333 3278 3388; x_wconf 87' lang='lat' dir='ltr'><strong>habet</strong></span> <span class='ocrx_word' id='word_1_696' title='bbox 3310 3351 3322 3386; x_wconf 94' lang='lat'><strong>:</strong></span> <span class='ocrx_word' id='word_1_697' title='bbox 3361 3333 3488 3386; x_wconf 86' lang='lat' dir='ltr'><strong>illu-</strong></span> 
     </span>
    </p>
   </div>
   <div class='ocr_carea' id='block_1_90' title="bbox 1907 3427 3488 3496">
    <p class='ocr_par' dir='ltr' id='par_1_90' title="bbox 1907 3427 3488 3496">
     <span class='ocr_line' id='line_1_90' title="bbox 1907 3427 3488 3496; baseline -0.001 -16"><span class='ocrx_word' id='word_1_698' title='bbox 1907 3429 2056 3481; x_wconf 90' lang='lat' dir='ltr'><strong>mino</strong></span> <span class='ocrx_word' id='word_1_699' title='bbox 2080 3427 2226 3482; x_wconf 89' lang='lat' dir='ltr'><strong>enim</strong></span> <span class='ocrx_word' id='word_1_700' title='bbox 2254 3427 2476 3496; x_wconf 87' lang='lat' dir='ltr'><strong>perinde</strong></span> <span class='ocrx_word' id='word_1_701' title='bbox 2500 3437 2665 3495; x_wconf 71' lang='lat' dir='ltr'><strong>atque</strong></span> <span class='ocrx_word' id='word_1_702' title='bbox 2689 3427 2821 3481; x_wconf 91' lang='lat' dir='ltr'><strong>illud</strong></span> <span class='ocrx_word' id='word_1_703' title='bbox 2844 3445 2858 3493; x_wconf 90' lang='lat'><strong>;</strong></span> <span class='ocrx_word' id='word_1_704' title='bbox 2881 3443 3021 3480; x_wconf 86' lang='lat' dir='ltr'><strong>anne</strong></span> <span class='ocrx_word' id='word_1_705' title='bbox 3049 3438 3197 3481; x_wconf 84' lang='lat' dir='ltr'><strong>recte</strong></span> <span class='ocrx_word' id='word_1_706' title='bbox 3217 3427 3488 3496; x_wconf 87' lang='lat' dir='ltr'><strong>quispiam</strong></span> 
     </span>
    </p>
   </div>
   <div class='ocr_carea' id='block_1_91' title="bbox 1907 3519 3488 3590">
    <p class='ocr_par' dir='ltr' id='par_1_91' title="bbox 1907 3519 3488 3590">
     <span class='ocr_line' id='line_1_91' title="bbox 1907 3519 3488 3590; baseline 0 -18"><span class='ocrx_word' id='word_1_707' title='bbox 1907 3520 2106 3574; x_wconf 79' lang='lat' dir='ltr'><strong>dixerit</strong></span> <span class='ocrx_word' id='word_1_708' title='bbox 2141 3520 2490 3589; x_wconf 87' lang='lat' dir='ltr'><strong>splendorem</strong></span> <span class='ocrx_word' id='word_1_709' title='bbox 2532 3520 2682 3572; x_wconf 92' lang='lat' dir='ltr'><strong>illum</strong></span> <span class='ocrx_word' id='word_1_710' title='bbox 2727 3520 3023 3590; x_wconf 85' lang='lat' dir='ltr'><strong>aliquando</strong></span> <span class='ocrx_word' id='word_1_711' title='bbox 3078 3537 3181 3572; x_wconf 86' lang='lat' dir='ltr'><strong>non</strong></span> <span class='ocrx_word' id='word_1_712' title='bbox 3229 3519 3488 3573; x_wconf 86' lang='lat' dir='ltr'><strong>habuisse</strong></span> 
     </span>
    </p>
   </div>
   <div class='ocr_carea' id='block_1_92' title="bbox 1906 3610 3490 3680">
    <p class='ocr_par' dir='ltr' id='par_1_92' title="bbox 1906 3610 3490 3680">
     <span class='ocr_line' id='line_1_92' title="bbox 1906 3610 3490 3680; baseline 0.001 -17"><span class='ocrx_word' id='word_1_713' title='bbox 1906 3610 2251 3665; x_wconf 88' lang='lat' dir='ltr'><strong>illuminandi</strong></span> <span class='ocrx_word' id='word_1_714' title='bbox 2286 3610 2641 3665; x_wconf 86' lang='lat' dir='ltr'><strong>facultatem?</strong></span> <span class='ocrx_word' id='word_1_715' title='bbox 2663 3618 2716 3664; x_wconf 90' lang='lat' dir='ltr'><strong>et</strong></span> <span class='ocrx_word' id='word_1_716' title='bbox 2740 3611 3017 3680; x_wconf 88' lang='lat' dir='ltr'><strong>quomodo</strong></span> <span class='ocrx_word' id='word_1_717' title='bbox 3043 3611 3299 3680; x_wconf 91' lang='lat' dir='ltr'><strong>splendor</strong></span> <span class='ocrx_word' id='word_1_718' title='bbox 3323 3610 3490 3665; x_wconf 72' lang='lat' dir='ltr'><strong>erat?</strong></span> 
     </span>
    </p>
   </div>
   <div class='ocr_carea' id='block_1_93' title="bbox 1909 3700 3480 3772">
    <p class='ocr_par' dir='ltr' id='par_1_93' title="bbox 1909 3700 3480 3772">
     <span class='ocr_line' id='line_1_93' title="bbox 1909 3700 3480 3772; baseline -0.002 -18"><span class='ocrx_word' id='word_1_719' title='bbox 1909 3700 1964 3754; x_wconf 91' lang='lat' dir='ltr'><strong>Si</strong></span> <span class='ocrx_word' id='word_1_720' title='bbox 1997 3717 2126 3755; x_wconf 83' lang='lat' dir='ltr'><strong>vero</strong></span> <span class='ocrx_word' id='word_1_721' title='bbox 2155 3717 2278 3754; x_wconf 89' lang='lat' dir='ltr'><strong>cum</strong></span> <span class='ocrx_word' id='word_1_722' title='bbox 2300 3716 2519 3772; x_wconf 84' lang='lat' dir='ltr'><strong>semper</strong></span> <span class='ocrx_word' id='word_1_723' title='bbox 2544 3702 2884 3755; x_wconf 90' lang='lat' dir='ltr'><strong>illuminandi</strong></span> <span class='ocrx_word' id='word_1_724' title='bbox 2913 3701 3226 3756; x_wconf 81' lang='lat' dir='ltr'><strong>facultatem</strong></span> <span class='ocrx_word' id='word_1_725' title='bbox 3263 3702 3480 3764; x_wconf 85' lang='lat' dir='ltr'><strong>habeat,</strong></span> 
     </span>
    </p>
   </div>
   <div class='ocr_carea' id='block_1_94' title="bbox 1907 3791 3484 3862">
    <p class='ocr_par' dir='ltr' id='par_1_94' title="bbox 1907 3791 3484 3862">
     <span class='ocr_line' id='line_1_94' title="bbox 1907 3791 3484 3862; baseline -0.001 -17"><span class='ocrx_word' id='word_1_726' title='bbox 1907 3791 2035 3860; x_wconf 90' lang='lat' dir='ltr'><strong>quia</strong></span> <span class='ocrx_word' id='word_1_727' title='bbox 2068 3794 2252 3846; x_wconf 89' lang='lat' dir='ltr'><strong>omnia</strong></span> <span class='ocrx_word' id='word_1_728' title='bbox 2281 3808 2398 3862; x_wconf 63' lang='lat' dir='ltr'><strong>quae</strong></span> <span class='ocrx_word' id='word_1_729' title='bbox 2438 3795 2489 3845; x_wconf 92' lang='lat' dir='ltr'><strong>in</strong></span> <span class='ocrx_word' id='word_1_730' title='bbox 2521 3795 2729 3846; x_wconf 84' lang='lat' dir='ltr'><strong>lumine</strong></span> <span class='ocrx_word' id='word_1_731' title='bbox 2758 3802 2912 3858; x_wconf 80' lang='lat' dir='ltr'><strong>sunt,</strong></span> <span class='ocrx_word' id='word_1_732' title='bbox 2945 3795 3126 3856; x_wconf 87' lang='lat' dir='ltr'><strong>habet,</strong></span> <span class='ocrx_word' id='word_1_733' title='bbox 3173 3806 3226 3847; x_wconf 85' lang='lat' dir='ltr'><strong>et</strong></span> <span class='ocrx_word' id='word_1_734' title='bbox 3271 3795 3362 3861; x_wconf 90' lang='lat' dir='ltr'><strong>qui</strong></span> <span class='ocrx_word' id='word_1_735' title='bbox 3403 3792 3484 3860; x_wconf 80' lang='lat' dir='ltr'><strong>gi-</strong></span> 
     </span>
    </p>
   </div>
   <div class='ocr_carea' id='block_1_95' title="bbox 1907 3883 3480 3954">
    <p class='ocr_par' dir='ltr' id='par_1_95' title="bbox 1907 3883 3480 3954">
     <span class='ocr_line' id='line_1_95' title="bbox 1907 3883 3480 3954; baseline 0 -16"><span class='ocrx_word' id='word_1_736' title='bbox 1907 3883 2090 3954; x_wconf 79' lang='lat' dir='ltr'><strong>gnitur</strong></span> <span class='ocrx_word' id='word_1_737' title='bbox 2119 3899 2183 3938; x_wconf 86' lang='lat' dir='ltr'><strong>ex</strong></span> <span class='ocrx_word' id='word_1_738' title='bbox 2215 3885 2354 3952; x_wconf 91' lang='lat' dir='ltr'><strong>ipso,</strong></span> <span class='ocrx_word' id='word_1_739' title='bbox 2384 3885 2660 3952; x_wconf 83' lang='lat' dir='ltr'><strong>accepisse</strong></span> <span class='ocrx_word' id='word_1_740' title='bbox 2691 3887 2757 3937; x_wconf 90' lang='lat' dir='ltr'><strong>ab</strong></span> <span class='ocrx_word' id='word_1_741' title='bbox 2789 3886 2908 3951; x_wconf 92' lang='lat' dir='ltr'><strong>ipso</strong></span> <span class='ocrx_word' id='word_1_742' title='bbox 2941 3884 3174 3937; x_wconf 86' lang='lat' dir='ltr'><strong>dicitur:</strong></span> <span class='ocrx_word' id='word_1_743' title='bbox 3205 3884 3480 3952; x_wconf 86' lang='lat' dir='ltr'><strong>quomodo</strong></span> 
     </span>
    </p>
   </div>
   <div class='ocr_carea' id='block_1_96' title="bbox 1906 3974 3478 4045">
    <p class='ocr_par' dir='ltr' id='par_1_96' title="bbox 1906 3974 3478 4045">
     <span class='ocr_line' id='line_1_96' title="bbox 1906 3974 3478 4045; baseline -0.001 -14"><span class='ocrx_word' id='word_1_744' title='bbox 1906 3992 2013 4031; x_wconf 90' lang='lat' dir='ltr'><strong>non</strong></span> <span class='ocrx_word' id='word_1_745' title='bbox 2037 3976 2337 4030; x_wconf 89' lang='lat' dir='ltr'><strong>absurdum</strong></span> <span class='ocrx_word' id='word_1_746' title='bbox 2357 3975 2520 4029; x_wconf 90' lang='lat' dir='ltr'><strong>fuerit</strong></span> <span class='ocrx_word' id='word_1_747' title='bbox 2551 3976 2693 4029; x_wconf 90' lang='lat' dir='ltr'><strong>nolle</strong></span> <span class='ocrx_word' id='word_1_748' title='bbox 2721 3977 2952 4045; x_wconf 86' lang='lat' dir='ltr'><strong>amplius</strong></span> <span class='ocrx_word' id='word_1_749' title='bbox 2973 3976 3176 4043; x_wconf 85' lang='lat' dir='ltr'><strong>aliquid</strong></span> <span class='ocrx_word' id='word_1_750' title='bbox 3209 3975 3277 4029; x_wconf 90' lang='lat' dir='ltr'><strong>de</strong></span> <span class='ocrx_word' id='word_1_751' title='bbox 3303 3974 3478 4029; x_wconf 85' lang='lat' dir='ltr'><strong>Verbo</strong></span> 
     </span>
    </p>
   </div>
   <div class='ocr_carea' id='block_1_97' title="bbox 1909 4067 3477 4136">
    <p class='ocr_par' dir='ltr' id='par_1_97' title="bbox 1909 4067 3477 4136">
     <span class='ocr_line' id='line_1_97' title="bbox 1909 4067 3477 4136; baseline 0.001 -17"><span class='ocrx_word' id='word_1_752' title='bbox 1909 4067 2023 4133; x_wconf 90' lang='lat' dir='ltr'><strong>Dei,</strong></span> <span class='ocrx_word' id='word_1_753' title='bbox 2061 4082 2223 4136; x_wconf 92' lang='lat' dir='ltr'><strong>quam</strong></span> <span class='ocrx_word' id='word_1_754' title='bbox 2255 4068 2322 4121; x_wconf 89' lang='lat' dir='ltr'><strong>de</strong></span> <span class='ocrx_word' id='word_1_755' title='bbox 2357 4067 2459 4120; x_wconf 91' lang='lat' dir='ltr'><strong>hoc</strong></span> <span class='ocrx_word' id='word_1_756' title='bbox 2480 4069 2737 4136; x_wconf 74' lang='lat' dir='ltr'><strong>excuiplo</strong></span> <span class='ocrx_word' id='word_1_757' title='bbox 2779 4067 3132 4136; x_wconf 62' lang='lat' dir='ltr'><strong>intelligere?</strong></span> <span class='ocrx_word' id='word_1_758' title='bbox 3163 4067 3295 4120; x_wconf 90' lang='lat' dir='ltr'><strong>Cum</strong></span> <span class='ocrx_word' id='word_1_759' title='bbox 3331 4067 3477 4121; x_wconf 84' lang='lat' dir='ltr'><strong>enim</strong></span> 
     </span>
    </p>
   </div>
   <div class='ocr_carea' id='block_1_98' title="bbox 1906 4159 3471 4229">
    <p class='ocr_par' dir='ltr' id='par_1_98' title="bbox 1906 4159 3471 4229">
     <span class='ocr_line' id='line_1_98' title="bbox 1906 4159 3471 4229; baseline 0.001 -15"><span class='ocrx_word' id='word_1_760' title='bbox 1906 4160 2089 4214; x_wconf 82' lang='lat' dir='ltr'><strong>Omnia</strong></span> <span class='ocrx_word' id='word_1_761' title='bbox 2123 4159 2445 4214; x_wconf 89' lang='lat' dir='ltr'><strong>naturaliter</strong></span> <span class='ocrx_word' id='word_1_762' title='bbox 2477 4161 2675 4214; x_wconf 86' lang='lat' dir='ltr'><strong>habeat</strong></span> <span class='ocrx_word' id='word_1_763' title='bbox 2703 4177 2765 4214; x_wconf 81' lang='lat' dir='ltr'><strong>ex</strong></span> <span class='ocrx_word' id='word_1_764' title='bbox 2801 4160 2981 4225; x_wconf 88' lang='lat' dir='ltr'><strong>Patre,</strong></span> <span class='ocrx_word' id='word_1_765' title='bbox 3015 4163 3294 4229; x_wconf 88' lang='lat' dir='ltr'><strong>accepisse</strong></span> <span class='ocrx_word' id='word_1_766' title='bbox 3321 4176 3380 4215; x_wconf 90' lang='lat' dir='ltr'><strong>se</strong></span> <span class='ocrx_word' id='word_1_767' title='bbox 3403 4174 3471 4215; x_wconf 75' lang='lat' dir='ltr'><strong>ex</strong></span> 
     </span>
    </p>
   </div>
   <div class='ocr_carea' id='block_1_99' title="bbox 1907 4251 3478 4321">
    <p class='ocr_par' dir='ltr' id='par_1_99' title="bbox 1907 4251 3478 4321">
     <span class='ocr_line' id='line_1_99' title="bbox 1907 4251 3478 4321; baseline 0.001 -16"><span class='ocrx_word' id='word_1_768' title='bbox 1907 4253 2026 4320; x_wconf 89' lang='lat' dir='ltr'><strong>ipso</strong></span> <span class='ocrx_word' id='word_1_769' title='bbox 2063 4251 2217 4315; x_wconf 88' lang='lat' dir='ltr'><strong>dicit,</strong></span> <span class='ocrx_word' id='word_1_770' title='bbox 2249 4255 2378 4321; x_wconf 88' lang='lat' dir='ltr'><strong>quia</strong></span> <span class='ocrx_word' id='word_1_771' title='bbox 2405 4268 2472 4306; x_wconf 79' lang='lat' dir='ltr'><strong>ex</strong></span> <span class='ocrx_word' id='word_1_772' title='bbox 2505 4254 2622 4321; x_wconf 87' lang='lat' dir='ltr'><strong>ipso</strong></span> <span class='ocrx_word' id='word_1_773' title='bbox 2647 4256 2860 4321; x_wconf 84' lang='lat' dir='ltr'><strong>genitus</strong></span> <span class='ocrx_word' id='word_1_774' title='bbox 2891 4263 3000 4316; x_wconf 89' lang='lat' dir='ltr'><strong>est,</strong></span> <span class='ocrx_word' id='word_1_775' title='bbox 3055 4269 3179 4306; x_wconf 81' lang='lat' dir='ltr'><strong>cum</strong></span> <span class='ocrx_word' id='word_1_776' title='bbox 3223 4251 3478 4307; x_wconf 80' lang='lat' dir='ltr'><strong>omnibus</strong></span> 
     </span>
    </p>
   </div>
   <div class='ocr_carea' id='block_1_100' title="bbox 1906 4345 2238 4412">
    <p class='ocr_par' dir='ltr' id='par_1_100' title="bbox 1906 4345 2238 4412">
     <span class='ocr_line' id='line_1_100' title="bbox 1906 4345 2238 4412; baseline -0.009 -15"><span class='ocrx_word' id='word_1_777' title='bbox 1906 4359 2027 4412; x_wconf 73' lang='lat' dir='ltr'><strong>qua:</strong></span> <span class='ocrx_word' id='word_1_778' title='bbox 2058 4345 2238 4397; x_wconf 88' lang='lat' dir='ltr'><strong>habet.</strong></span> 
     </span>
    </p>
   </div>
   <div class='ocr_carea' id='block_1_101' title="bbox 1908 4436 3472 4506">
    <p class='ocr_par' dir='ltr' id='par_1_101' title="bbox 1908 4436 3472 4506">
     <span class='ocr_line' id='line_1_101' title="bbox 1908 4436 3472 4506; baseline 0.001 -16"><span class='ocrx_word' id='word_1_779' title='bbox 1908 4436 1990 4490; x_wconf 80' lang='lat' dir='ltr'><strong>Ea:</strong></span> <span class='ocrx_word' id='word_1_780' title='bbox 2018 4439 2195 4492; x_wconf 77' lang='lat' dir='ltr'><strong>eodem</strong></span> <span class='ocrx_word' id='word_1_781' title='bbox 2227 4439 2360 4492; x_wconf 84' lang='lat' dir='ltr'><strong>libro</strong></span> <span class='ocrx_word' id='word_1_782' title='bbox 2395 4441 2645 4494; x_wconf 79' lang='lat' dir='ltr'><strong>adversus</strong></span> <span class='ocrx_word' id='word_1_783' title='bbox 2680 4439 2904 4495; x_wconf 68' lang='lat' dir='ltr'><strong>Aricinos</strong></span> <span class='ocrx_word' id='word_1_784' title='bbox 2958 4439 3228 4506; x_wconf 78' lang='lat' dir='ltr'><strong>responsio</strong></span> <span class='ocrx_word' id='word_1_785' title='bbox 3255 4455 3319 4493; x_wconf 80' lang='lat' dir='ltr'><strong>ea:</strong></span> <span class='ocrx_word' id='word_1_786' title='bbox 3351 4440 3472 4492; x_wconf 77' lang='lat' dir='ltr'><strong>istis</strong></span> 
     </span>
    </p>
   </div>
   <div class='ocr_carea' id='block_1_102' title="bbox 1960 4507 3434 4580">
    <p class='ocr_par' dir='ltr' id='par_1_102' title="bbox 1960 4507 3434 4580">
     <span class='ocr_line' id='line_1_102' title="bbox 1960 4507 3434 4580; baseline 0 -20"><span class='ocrx_word' id='word_1_787' title='bbox 1960 4510 2122 4561; x_wconf 64' lang='lat' dir='ltr'><strong>verbis</strong></span> <span class='ocrx_word' id='word_1_788' title='bbox 2149 4523 2168 4562; x_wconf 90' lang='lat'><strong><em>:</em></strong></span> <span class='ocrx_word' id='word_1_789' title='bbox 2213 4526 2232 4560; x_wconf 72' lang='grc' dir='ltr'><strong>ι</strong></span> <span class='ocrx_word' id='word_1_790' title='bbox 2269 4507 2339 4564; x_wconf 86' lang='lat' dir='ltr'><strong>Ut</strong></span> <span class='ocrx_word' id='word_1_791' title='bbox 2363 4521 2670 4580; x_wconf 83' lang='lat' dir='ltr'><strong>cognoscant</strong></span> <span class='ocrx_word' id='word_1_792' title='bbox 2704 4520 2750 4563; x_wconf 79' lang='lat' dir='ltr'><strong>te</strong></span> <span class='ocrx_word' id='word_1_793' title='bbox 2775 4511 2944 4564; x_wconf 84' lang='lat' dir='ltr'><strong>solum</strong></span> <span class='ocrx_word' id='word_1_794' title='bbox 2973 4527 3143 4564; x_wconf 74' lang='lat' dir='ltr'><strong>verum</strong></span> <span class='ocrx_word' id='word_1_795' title='bbox 3179 4510 3343 4562; x_wconf 76' lang='lat' dir='ltr'><strong>Deum</strong></span> <span class='ocrx_word' id='word_1_796' title='bbox 3362 4515 3434 4564; x_wconf 75' lang='grc'><strong>⁸.»</strong></span> 
     </span>
    </p>
   </div>
   <div class='ocr_carea' id='block_1_103' title="bbox 1975 4684 3468 4756">
    <p class='ocr_par' dir='ltr' id='par_1_103' title="bbox 1975 4684 3468 4756">
     <span class='ocr_line' id='line_1_103' title="bbox 1975 4684 3468 4756; baseline -0.002 -15"><span class='ocrx_word' id='word_1_797' title='bbox 1975 4689 2132 4750; x_wconf 87' lang='lat' dir='ltr'><strong>Ecce,</strong></span> <span class='ocrx_word' id='word_1_798' title='bbox 2176 4688 2369 4755; x_wconf 90' lang='lat' dir='ltr'><strong>inquit,</strong></span> <span class='ocrx_word' id='word_1_799' title='bbox 2398 4687 2565 4741; x_wconf 83' lang='lat' dir='ltr'><strong>Filius</strong></span> <span class='ocrx_word' id='word_1_800' title='bbox 2591 4687 2704 4756; x_wconf 86' lang='lat' dir='ltr'><strong>ipse</strong></span> <span class='ocrx_word' id='word_1_801' title='bbox 2739 4686 2910 4740; x_wconf 89' lang='lat' dir='ltr'><strong>solum</strong></span> <span class='ocrx_word' id='word_1_802' title='bbox 2947 4701 3065 4744; x_wconf 83' lang='lat' dir='ltr'><strong>esse</strong></span> <span class='ocrx_word' id='word_1_803' title='bbox 3094 4699 3278 4738; x_wconf 75' lang='lat' dir='ltr'><strong>verum</strong></span> <span class='ocrx_word' id='word_1_804' title='bbox 3304 4684 3468 4739; x_wconf 82' lang='lat' dir='ltr'><strong>Deum</strong></span> 
     </span>
    </p>
   </div>
   <div class='ocr_carea' id='block_1_104' title="bbox 1905 4776 3468 4849">
    <p class='ocr_par' dir='ltr' id='par_1_104' title="bbox 1905 4776 3468 4849">
     <span class='ocr_line' id='line_1_104' title="bbox 1905 4776 3468 4849; baseline -0.005 -13"><span class='ocrx_word' id='word_1_805' title='bbox 1905 4783 2120 4836; x_wconf 82' lang='lat' dir='ltr'><strong>Patrem</strong></span> <span class='ocrx_word' id='word_1_806' title='bbox 2147 4782 2319 4849; x_wconf 86' lang='lat' dir='ltr'><strong>ipsum</strong></span> <span class='ocrx_word' id='word_1_807' title='bbox 2350 4781 2658 4833; x_wconf 79' lang='lat' dir='ltr'><strong>conﬁtetur.</strong></span> <span class='ocrx_word' id='word_1_808' title='bbox 2705 4779 2842 4844; x_wconf 87' lang='lat' dir='ltr'><strong>Quin</strong></span> <span class='ocrx_word' id='word_1_809' title='bbox 2872 4778 3033 4831; x_wconf 86' lang='lat' dir='ltr'><strong>etiam</strong></span> <span class='ocrx_word' id='word_1_810' title='bbox 3064 4777 3224 4829; x_wconf 87' lang='lat' dir='ltr'><strong>Pater</strong></span> <span class='ocrx_word' id='word_1_811' title='bbox 3253 4776 3365 4844; x_wconf 91' lang='lat' dir='ltr'><strong>ipse</strong></span> <span class='ocrx_word' id='word_1_812' title='bbox 3397 4777 3468 4828; x_wconf 89' lang='lat' dir='ltr'><strong>ita</strong></span> 
     </span>
    </p>
   </div>
   <div class='ocr_carea' id='block_1_105' title="bbox 1903 4871 3470 4941">
    <p class='ocr_par' dir='ltr' id='par_1_105' title="bbox 1903 4871 3470 4941">
     <span class='ocr_line' id='line_1_105' title="bbox 1903 4871 3470 4941; baseline -0.002 -16"><span class='ocrx_word' id='word_1_813' title='bbox 1903 4873 2112 4928; x_wconf 88' lang='lat' dir='ltr'><strong>locutus</strong></span> <span class='ocrx_word' id='word_1_814' title='bbox 2156 4876 2467 4941; x_wconf 87' lang='lat' dir='ltr'><strong>reperitur:</strong></span> <span class='ocrx_word' id='word_1_815' title='bbox 2521 4873 2629 4940; x_wconf 77' lang='lat' dir='ltr'><strong>Ego</strong></span> <span class='ocrx_word' id='word_1_816' title='bbox 2682 4871 2818 4924; x_wconf 83' lang='lat' dir='ltr'><strong>Deus</strong></span> <span class='ocrx_word' id='word_1_817' title='bbox 2865 4871 3105 4938; x_wconf 80' lang='lat' dir='ltr'><strong>primus;</strong></span> <span class='ocrx_word' id='word_1_818' title='bbox 3154 4884 3247 4937; x_wconf 88' lang='lat' dir='ltr'><strong>ego</strong></span> <span class='ocrx_word' id='word_1_819' title='bbox 3275 4877 3470 4932; x_wconf 72' lang='lat' dir='ltr'><strong>etpost</strong></span> 
     </span>
    </p>
   </div>
   <div class='ocr_carea' id='block_1_106' title="bbox 1902 4959 3472 5030">
    <p class='ocr_par' dir='ltr' id='par_1_106' title="bbox 1902 4959 3472 5030">
     <span class='ocr_line' id='line_1_106' title="bbox 1902 4959 3472 5030; baseline -0.003 -12"><span class='ocrx_word' id='word_1_820' title='bbox 1902 4967 2033 5030; x_wconf 63' lang='lat' dir='ltr'><strong>haec,</strong></span> <span class='ocrx_word' id='word_1_821' title='bbox 2066 4977 2112 5017; x_wconf 79' lang='lat' dir='ltr'><strong>et</strong></span> <span class='ocrx_word' id='word_1_822' title='bbox 2154 4982 2255 5016; x_wconf 82' lang='lat' dir='ltr'><strong>non</strong></span> <span class='ocrx_word' id='word_1_823' title='bbox 2279 4975 2354 5016; x_wconf 79' lang='lat' dir='ltr'><strong>est</strong></span> <span class='ocrx_word' id='word_1_824' title='bbox 2409 4964 2545 5016; x_wconf 71' lang='lat' dir='ltr'><strong>Datis</strong></span> <span class='ocrx_word' id='word_1_825' title='bbox 2574 4973 2762 5030; x_wconf 64' lang='lat' dir='ltr'><strong>prater</strong></span> <span class='ocrx_word' id='word_1_826' title='bbox 2801 4977 2881 5014; x_wconf 86' lang='lat' dir='ltr'><strong>me</strong></span> <span class='ocrx_word' id='word_1_827' title='bbox 2919 4964 2961 5013; x_wconf 87' lang='grc'><strong>³.</strong></span> <span class='ocrx_word' id='word_1_828' title='bbox 3009 4959 3286 5025; x_wconf 86' lang='lat' dir='ltr'><strong>Quomodo</strong></span> <span class='ocrx_word' id='word_1_829' title='bbox 3311 4961 3472 5028; x_wconf 79' lang='lat' dir='ltr'><strong>igitur</strong></span> 
     </span>
    </p>
   </div>
   <div class='ocr_carea' id='block_1_107' title="bbox 1906 5049 3468 5125">
    <p class='ocr_par' dir='ltr' id='par_1_107' title="bbox 1906 5049 3468 5125">
     <span class='ocr_line' id='line_1_107' title="bbox 1906 5049 3468 5125; baseline -0.004 -16"><span class='ocrx_word' id='word_1_830' title='bbox 1906 5071 1998 5112; x_wconf 83' lang='lat' dir='ltr'><strong>vos</strong></span> <span class='ocrx_word' id='word_1_831' title='bbox 2030 5057 2224 5125; x_wconf 88' lang='lat' dir='ltr'><strong>primo,</strong></span> <span class='ocrx_word' id='word_1_832' title='bbox 2259 5067 2312 5109; x_wconf 88' lang='lat' dir='ltr'><strong>et</strong></span> <span class='ocrx_word' id='word_1_833' title='bbox 2345 5057 2468 5117; x_wconf 91' lang='lat' dir='ltr'><strong>soli,</strong></span> <span class='ocrx_word' id='word_1_834' title='bbox 2510 5065 2561 5107; x_wconf 88' lang='lat' dir='ltr'><strong>et</strong></span> <span class='ocrx_word' id='word_1_835' title='bbox 2592 5069 2720 5108; x_wconf 81' lang='lat' dir='ltr'><strong>vero</strong></span> <span class='ocrx_word' id='word_1_836' title='bbox 2775 5055 2880 5106; x_wconf 88' lang='lat' dir='ltr'><strong>Deo</strong></span> <span class='ocrx_word' id='word_1_837' title='bbox 2904 5095 2918 5118; x_wconf 92' lang='lat'><strong>,</strong></span> <span class='ocrx_word' id='word_1_838' title='bbox 2948 5060 3002 5106; x_wconf 90' lang='lat' dir='ltr'><strong>et</strong></span> <span class='ocrx_word' id='word_1_839' title='bbox 3049 5049 3218 5116; x_wconf 79' lang='lat' dir='ltr'><strong>Patri,</strong></span> <span class='ocrx_word' id='word_1_840' title='bbox 3253 5051 3468 5117; x_wconf 87' lang='lat' dir='ltr'><strong>Filium,</strong></span> 
     </span>
    </p>
   </div>
   <div class='ocr_carea' id='block_1_108' title="bbox 1905 5143 3470 5218">
    <p class='ocr_par' dir='ltr' id='par_1_108' title="bbox 1905 5143 3470 5218">
     <span class='ocr_line' id='line_1_108' title="bbox 1905 5143 3470 5218; baseline -0.004 -18"><span class='ocrx_word' id='word_1_841' title='bbox 1905 5158 2159 5218; x_wconf 87' lang='lat' dir='ltr'><strong>tanquam</strong></span> <span class='ocrx_word' id='word_1_842' title='bbox 2187 5159 2243 5202; x_wconf 88' lang='lat' dir='ltr'><strong>et</strong></span> <span class='ocrx_word' id='word_1_843' title='bbox 2271 5148 2384 5215; x_wconf 83' lang='lat' dir='ltr'><strong>ipse</strong></span> <span class='ocrx_word' id='word_1_844' title='bbox 2413 5148 2484 5202; x_wconf 85' lang='lat' dir='ltr'><strong>sit</strong></span> <span class='ocrx_word' id='word_1_845' title='bbox 2524 5146 2684 5208; x_wconf 84' lang='lat' dir='ltr'><strong>Deus,</strong></span> <span class='ocrx_word' id='word_1_846' title='bbox 2721 5143 3014 5214; x_wconf 84' lang='lat' dir='ltr'><strong>adjnngitis</strong></span> <span class='ocrx_word' id='word_1_847' title='bbox 3034 5144 3056 5196; x_wconf 71' lang='grc'><strong>2</strong></span> <span class='ocrx_word' id='word_1_848' title='bbox 3079 5143 3211 5197; x_wconf 83' lang='lat' dir='ltr'><strong>Illud</strong></span> <span class='ocrx_word' id='word_1_849' title='bbox 3239 5143 3470 5210; x_wconf 90' lang='lat' dir='ltr'><strong>primum</strong></span> 
     </span>
    </p>
   </div>
   <div class='ocr_carea' id='block_1_109' title="bbox 1903 5230 3473 5302">
    <p class='ocr_par' dir='ltr' id='par_1_109' title="bbox 1903 5230 3473 5302">
     <span class='ocr_line' id='line_1_109' title="bbox 1903 5230 3473 5302; baseline -0.006 -6"><span class='ocrx_word' id='word_1_850' title='bbox 1903 5242 2180 5296; x_wconf 86' lang='lat' dir='ltr'><strong>sciendum</strong></span> <span class='ocrx_word' id='word_1_851' title='bbox 2206 5248 2310 5302; x_wconf 90' lang='lat' dir='ltr'><strong>est,</strong></span> <span class='ocrx_word' id='word_1_852' title='bbox 2345 5238 2557 5291; x_wconf 89' lang='lat' dir='ltr'><strong>Patrem</strong></span> <span class='ocrx_word' id='word_1_853' title='bbox 2601 5251 2702 5289; x_wconf 91' lang='lat' dir='ltr'><strong>non</strong></span> <span class='ocrx_word' id='word_1_854' title='bbox 2730 5239 2846 5290; x_wconf 82' lang='lat' dir='ltr'><strong>ideo</strong></span> <span class='ocrx_word' id='word_1_855' title='bbox 2874 5237 2942 5288; x_wconf 86' lang='lat' dir='ltr'><strong>ita</strong></span> <span class='ocrx_word' id='word_1_856' title='bbox 2977 5239 3214 5289; x_wconf 82' lang='lat' dir='ltr'><strong>locutum</strong></span> <span class='ocrx_word' id='word_1_857' title='bbox 3240 5230 3383 5297; x_wconf 78' lang='lat' dir='ltr'><strong>esse,</strong></span> <span class='ocrx_word' id='word_1_858' title='bbox 3413 5239 3473 5286; x_wconf 86' lang='lat' dir='ltr'><strong>nt</strong></span> 
     </span>
    </p>
   </div>
   <div class='ocr_carea' id='block_1_110' title="bbox 1905 5323 3469 5396">
    <p class='ocr_par' dir='ltr' id='par_1_110' title="bbox 1905 5323 3469 5396">
     <span class='ocr_line' id='line_1_110' title="bbox 1905 5323 3469 5396; baseline -0.01 -8"><span class='ocrx_word' id='word_1_859' title='bbox 1905 5334 2097 5388; x_wconf 83' lang='lat' dir='ltr'><strong>Filium</strong></span> <span class='ocrx_word' id='word_1_860' title='bbox 2128 5331 2358 5384; x_wconf 85' lang='lat' dir='ltr'><strong>tolleret.</strong></span> <span class='ocrx_word' id='word_1_861' title='bbox 2387 5331 2500 5395; x_wconf 87' lang='lat' dir='ltr'><strong>Qua</strong></span> <span class='ocrx_word' id='word_1_862' title='bbox 2535 5329 2679 5381; x_wconf 90' lang='lat' dir='ltr'><strong>enim</strong></span> <span class='ocrx_word' id='word_1_863' title='bbox 2717 5329 2926 5381; x_wconf 89' lang='lat' dir='ltr'><strong>ratione</strong></span> <span class='ocrx_word' id='word_1_864' title='bbox 2958 5336 3120 5396; x_wconf 85' lang='lat' dir='ltr'><strong>queat</strong></span> <span class='ocrx_word' id='word_1_865' title='bbox 3151 5325 3216 5377; x_wconf 90' lang='lat' dir='ltr'><strong>ad</strong></span> <span class='ocrx_word' id='word_1_866' title='bbox 3250 5324 3348 5375; x_wconf 92' lang='lat' dir='ltr'><strong>hoc</strong></span> <span class='ocrx_word' id='word_1_867' title='bbox 3372 5323 3469 5374; x_wconf 86' lang='lat' dir='ltr'><strong>in-</strong></span> 
     </span>
    </p>
   </div>
   <div class='ocr_carea' id='block_1_111' title="bbox 1905 5415 3470 5482">
    <p class='ocr_par' dir='ltr' id='par_1_111' title="bbox 1905 5415 3470 5482">
     <span class='ocr_line' id='line_1_111' title="bbox 1905 5415 3470 5482; baseline -0.013 -2"><span class='ocrx_word' id='word_1_868' title='bbox 1905 5428 2060 5480; x_wconf 83' lang='lat' dir='ltr'><strong>citari</strong></span> <span class='ocrx_word' id='word_1_869' title='bbox 2086 5423 2110 5478; x_wconf 88' lang='lat'><strong>?</strong></span> <span class='ocrx_word' id='word_1_870' title='bbox 2141 5423 2252 5476; x_wconf 90' lang='lat' dir='ltr'><strong>Nisi</strong></span> <span class='ocrx_word' id='word_1_871' title='bbox 2284 5422 2422 5477; x_wconf 86' lang='lat' dir='ltr'><strong>forte</strong></span> <span class='ocrx_word' id='word_1_872' title='bbox 2446 5419 2721 5476; x_wconf 89' lang='lat' dir='ltr'><strong>hominum</strong></span> <span class='ocrx_word' id='word_1_873' title='bbox 2757 5435 2904 5473; x_wconf 87' lang='lat' dir='ltr'><strong>more</strong></span> <span class='ocrx_word' id='word_1_874' title='bbox 2928 5435 3046 5471; x_wconf 88' lang='lat' dir='ltr'><strong>cum</strong></span> <span class='ocrx_word' id='word_1_875' title='bbox 3082 5415 3217 5468; x_wconf 87' lang='lat' dir='ltr'><strong>Filio</strong></span> <span class='ocrx_word' id='word_1_876' title='bbox 3248 5419 3470 5482; x_wconf 79' lang='lat' dir='ltr'><strong>pugnat,</strong></span> 
     </span>
    </p>
   </div>
   <div class='ocr_carea' id='block_1_112' title="bbox 1908 5500 3472 5572">
    <p class='ocr_par' dir='ltr' id='par_1_112' title="bbox 1908 5500 3472 5572">
     <span class='ocr_line' id='line_1_112' title="bbox 1908 5500 3472 5572; baseline -0.011 -5"><span class='ocrx_word' id='word_1_877' title='bbox 1908 5525 1963 5567; x_wconf 92' lang='lat' dir='ltr'><strong>ut</strong></span> <span class='ocrx_word' id='word_1_878' title='bbox 2002 5513 2167 5568; x_wconf 78' lang='lat' dir='ltr'><strong>David</strong></span> <span class='ocrx_word' id='word_1_879' title='bbox 2198 5528 2322 5567; x_wconf 90' lang='lat' dir='ltr'><strong>cum</strong></span> <span class='ocrx_word' id='word_1_880' title='bbox 2365 5512 2488 5566; x_wconf 81' lang='lat' dir='ltr'><strong>ﬁliis</strong></span> <span class='ocrx_word' id='word_1_881' title='bbox 2525 5513 2661 5566; x_wconf 83' lang='lat' dir='ltr'><strong>suis.</strong></span> <span class='ocrx_word' id='word_1_882' title='bbox 2695 5509 2844 5562; x_wconf 89' lang='lat' dir='ltr'><strong>Tunc</strong></span> <span class='ocrx_word' id='word_1_883' title='bbox 2870 5508 3014 5560; x_wconf 85' lang='lat' dir='ltr'><strong>enim</strong></span> <span class='ocrx_word' id='word_1_884' title='bbox 3039 5502 3302 5572; x_wconf 87' lang='lat' dir='ltr'><strong>ejusmodi</strong></span> <span class='ocrx_word' id='word_1_885' title='bbox 3332 5500 3472 5554; x_wconf 90' lang='lat' dir='ltr'><strong>indi-</strong></span> 
     </span>
    </p>
   </div>
   <div class='ocr_carea' id='block_1_113' title="bbox 1907 5599 3468 5678">
    <p class='ocr_par' dir='ltr' id='par_1_113' title="bbox 1907 5599 3468 5678">
     <span class='ocr_line' id='line_1_113' title="bbox 1907 5599 3468 5678; baseline -0.008 -15"><span class='ocrx_word' id='word_1_886' title='bbox 1907 5608 2088 5678; x_wconf 81' lang='lat' dir='ltr'><strong>gnatio</strong></span> <span class='ocrx_word' id='word_1_887' title='bbox 2115 5607 2410 5678; x_wconf 80' lang='lat' dir='ltr'><strong>probabilis</strong></span> <span class='ocrx_word' id='word_1_888' title='bbox 2445 5607 2710 5662; x_wconf 81' lang='lat' dir='ltr'><strong>videatur.</strong></span> <span class='ocrx_word' id='word_1_889' title='bbox 2744 5600 2898 5669; x_wconf 82' lang='lat' dir='ltr'><strong>Quod</strong></span> <span class='ocrx_word' id='word_1_890' title='bbox 2928 5601 2971 5655; x_wconf 93' lang='lat' dir='ltr'><strong>si</strong></span> <span class='ocrx_word' id='word_1_891' title='bbox 3007 5600 3149 5654; x_wconf 79' lang='lat' dir='ltr'><strong>nulla</strong></span> <span class='ocrx_word' id='word_1_892' title='bbox 3181 5599 3230 5650; x_wconf 92' lang='lat' dir='ltr'><strong>in</strong></span> <span class='ocrx_word' id='word_1_893' title='bbox 3278 5606 3468 5653; x_wconf 81' lang='lat' dir='ltr'><strong>natura</strong></span> 
     </span>
    </p>
   </div>
  </div>
