4026 6290
562 311 672 378 635

1790 314 2177 376 EUI'HYM'II
2215 315 2575 378 ZIGABENI

3693 328 3789 394 636

565 427 743 482 divina
777 424 994 494 seditio,
1020 426 1163 482 nulla
1212 441 1388 497 pugna
1433 441 1556 482 esse
1584 434 1785 495 potest,
1828 429 1921 482 sed
1951 431 2133 498 potius

2236 431 2394 483 κείων
2428 431 2657 495 παίδων,
2684 430 2798 499 ἔχει
2821 426 2944 483 τινὰ
2963 428 3120 499 λόγον
3146 426 3275 491 ἴσως
3305 428 3331 481 ὁ
3359 428 3589 495 τοιοῦτος
3615 431 3785 503 θυμόςο

563 526 806 586 apparet,
833 517 1027 571 Filium
1059 533 1270 587 semper
1299 518 1539 573 tribuere
1560 519 1783 587 gloriam
1818 519 1989 584 Patri,
2017 537 2135 589 qua:

562 612 701 663 ratio
738 620 842 674 est,
874 619 927 662 ιιι
963 608 1197 671 Patrem,
1234 625 1343 678 quo
1377 609 1569 663 Filium
1605 610 1836 669 tolleret.
1871 628 1930 663 ea
1972 614 2133 664 verba

564 702 760 754 dixisse
806 702 1164 768 suspicemur,
1202 717 1264 754 ac
1297 716 1401 755 non
1452 702 1647 771 potius,
1690 710 1746 754 ut
1797 702 1957 757 falsos
2008 704 2135 755 deos

562 802 827 846 everteret
866 793 935 844 ita
967 794 1201 844 locutum
1233 807 1352 846 esse
1387 792 1693 845 fateamur?
1771 792 1952 857 Quid?
1983 792 2134 857 Quod

562 888 842 951 Servator,
904 901 1025 940 CIIII]
1098 887 1367 940 dixisset:
1430 886 1497 940 Ut
1537 898 1853 956 cognoscant
1884 900 1932 940 te
1958 905 2134 941 verum

535 1043 538 1047 γ
561 978 748 1034 Deum.
773 981 839 1031 de
868 994 925 1031 se
943 981 1127 1031 statim
1150 980 1366 1049 subjicit
1395 1000 1407 1033 :
1433 980 1501 1033 Et
1529 996 1680 1050 quem
1703 982 1920 1046 misisti,
1949 979 2133 1035 Iesum

536 1069 847 1133 3CItristum,
904 1079 963 1123 ut
992 1069 1081 1137 qui
1124 1086 1226 1123 non
1259 1070 1329 1123 sit
1362 1086 1391 1122 a
1422 1071 1598 1124 Patris
1646 1073 1880 1126 essentia
1909 1086 2132 1141 separa-

562 1170 667 1223 tus,
716 1169 973 1226 quantum
1019 1161 1082 1211 ad
1138 1160 1434 1213 divinitatis
1472 1162 1734 1216 rationem
1776 1160 1999 1227 attinet,
2038 1162 2133 1217 sed

525 1344 544 1432 ἑ

560 1260 770 1314 semper
802 1262 921 1299 cum
943 1246 1101 1300 Patre
1138 1250 1497 1316 coujuuctus?

561 1538 645 1592 Ex
683 1540 860 1593 eodem
895 1542 1030 1597 libro
1066 1549 1118 1600 in
1165 1548 1439 1629 illarerba
1466 1564 1488 1602 .'
1515 1568 1531 1600 ι
1576 1549 1735 1605 Jews
1774 1564 1948 1607 autem
1968 1555 2134 1623 proﬁ-

1231 1628 1423 1672 ciebat.
1463 1638 1478 1671 ι
1938 1642 1943 1649 ί

635 1703 785 1767 Quod
819 1706 869 1759 in
895 1707 1071 1775 aliqua
1121 1723 1179 1762 re
1214 1711 1446 1777 proﬁcit,
1478 1713 1544 1766 ab
1573 1713 1659 1765 illa
1705 1714 1976 1767 diversum
2026 1723 2129 1770 est.

2239 524 2285 573 εἰ
2315 522 2370 573 δὲ
2403 518 2710 584 στασιάζειν
2743 519 2864 573 καθ’
2899 520 3095 588 ἑαυτῆς
3126 520 3159 589 ἡ
3191 517 3313 571 θεία
3343 519 3503 586 φύσις
3540 522 3635 574 οὐκ
3672 519 3784 589 οἶδε,
3872 580 3877 587 ,

2239 613 2488 679 φαίνεται
2522 611 2579 665 δὲ
2606 610 2814 681 μᾶλλον
2848 611 2874 661 ὁ
2913 608 3041 673 Υἱὸς
3076 609 3163 661 ἀεὶ
3192 608 3270 678 τῷ
3302 609 3478 679 Πατρὶ
3516 608 3611 679 τὴν
3642 610 3781 675 δόξαν

2236 702 2547 765 ἀποδιδοὺς,
2583 706 2733 755 ποῖον
2766 703 2881 773 ἔχει
2921 701 3077 768 λόγον
3099 701 3160 754 τὸ
3192 702 3273 764 είς
3320 702 3597 771 ἀναίρεσιν
3637 703 3783 755 αὐτοῦ

2235 794 2460 848 τοιαῦτα
2486 795 2652 863 φάναι
2678 794 2770 848 τὸν
2802 794 3053 863 Πατέρας
3087 792 3296 845 Οὐκοῦν
3333 793 3469 863 πρὸς
3501 794 3789 867 ἀνατροπὴν

2240 887 2440 955 μᾶλλον
2475 888 2584 941 τῶν
2614 886 2860 961 ψευδωνύ
2870 903 2988 955 μων
3030 885 3166 939 θεῶν
3199 885 3452 957 εἰρῆσθαι
3484 886 3553 940 τὰ
3585 888 3785 942 τοιαῦτα

2235 977 2501 1045 δώσομεν.
2558 973 2689 1031 Εἶτα
2725 976 2859 1047 πρὸς
2909 976 3119 1040 τούτοις
3160 976 3335 1046 λέγων
3370 977 3398 1028 ό
3431 978 3642 1049 Σωτὴρ,
3670 981 3788 1034 "Ira

2235 1067 2577 1135 γινώσκωσι
2605 1082 2679 1122 σε
2708 1068 2815 1122 τὸν
2859 1068 3053 1135 μόνον
3088 1067 3383 1135 ἀληθινὸν
3413 1068 3584 1131 Θεὸν,
3619 1071 3787 1123 ἑαυτὸν

2233 1158 2397 1221 εὐθὺς
2437 1159 2725 1221 συνάπτει,
2759 1158 2866 1212 Καὶ
2891 1157 2963 1211 ὃν
2991 1158 3360 1221 ἀπέστειλας
3395 1157 3639 1225 Ἰησοῦν
3673 1162 3785 1226 Χρι·

2233 1250 2405 1315 στὸν,
2465 1250 2539 1312 ὡς
2589 1250 2686 1318 τῆς
2733 1249 2828 1302 τοῦ
2872 1247 3086 1322 Πατρδς
3120 1249 3314 1311 οὐσίας
3342 1248 3647 1318 ἀδιαίρετος
3697 1248 3782 1315 ὢν,

2233 1347 2358 1399 ὅσον
2381 1339 2517 1415 ἧκεν
2542 1344 2622 1405 εἰς
2657 1343 2911 1413 θεότητος
2939 1342 3115 1411 λόγον,
3144 1344 3239 1397 καὶ
3271 1342 3490 1405 πάντως
3519 1345 3650 1407 μετὰ
3690 1344 3784 1397 [Ια-

2232 1438 2360 1507 τρὸς
2387 1436 2508 1489 νοού
2516 1453 2696 1506 μενος.

2238 1548 2349 1602 Τοῦ
2369 1547 2554 1601 αὐτοῦ
2574 1546 2818 1611 βιϐλίου
2849 1549 2936 1611 εις
2958 1545 3051 1599 τό·
3086 1565 3102 1597 ι
3126 1544 3368 1612 Ἰησοῦς
3403 1547 3736 1613 προέκοπτε.
3762 1564 3777 1595 ι

2306 1708 2379 1760 Τὸ
2417 1708 2474 1761 εν
2517 1724 2621 1760 τινι
2669 1705 2979 1775 προκόπτον
3016 1705 3203 1775 ἔτερόν
3248 1708 3369 1758 ἐστι
3426 1705 3556 1772 παρ’
3606 1709 3776 1766 ἐκεῖνο.

561 1792 740 1857 Quare
794 1796 836 1849 si
884 1796 935 1848 iu
986 1797 1251 1865 sapientia
1297 1802 1561 1868 proiicere
1613 1803 1832 1866 dicitur,
1878 1819 1986 1857 non
2021 1805 2132 1872 ipsa

2236 1801 2292 1852 ὲν
2321 1791 2365 1865 ᾧ
2392 1798 2728 1867 προκόπτειν
2758 1796 2999 1863 λέγεται.
3042 1798 3103 1848 Εί
3141 1796 3321 1848 τοίνυν
3373 1798 3432 1849 ὲν
3474 1798 3627 1867 σοφίᾳ
3662 1814 3778 1867 προ-

565 1887 849 1939 crescebat
877 1888 1166 1955 sapientia,
1197 1894 1289 1944 sed
1320 1892 1372 1944 in
1404 1908 1466 1944 ea
1499 1895 1770 1948 crescebat
1800 1895 1919 1962 ejus
1946 1896 2137 1949 huma-

563 1977 723 2030 nitas.
770 1979 903 2031 Cum
940 1982 1082 2033 enim
1116 1983 1358 2050 quotidie
1411 1984 1578 2052 magis
1625 1986 1675 2038 in
1723 1987 1841 2053 ipso
1882 1988 2136 2042 divinitas

563 2066 839 2133 pateﬁeret
867 2078 917 2123 et
952 2071 1341 2137 declararetur,
1379 2077 1490 2142 ipse
1531 2091 1743 2145 semper
1767 2078 2137 2133 admirabilior

563 2158 939 2224 spectantibus
976 2162 1279 2217 videbatur.
1334 2164 1445 2219 Hoc
1489 2177 1668 2221 autem
1702 2168 2008 2237 signiﬁcant
2047 2171 2137 2225 illa

561 2250 727 2301 verba
762 2267 776 2303 :
819 2249 1142 2317 Proﬁciebat
1172 2256 1225 2306 in
1262 2257 1529 2318 sapientia
1563 2258 1603 2311 ¹.

1102 2343 1170 2397 1η
1194 2348 1374 2400 eadem
1407 2353 1580 2404 verba.

635 2435 691 2488 lu
740 2439 1003 2506 sapientia
1040 2441 1360 2507 proﬁciebat
1408 2443 1717 2500 humanitas
1765 2445 1866 2500 hoc
1921 2449 2077 2502 modo
2115 2465 2132 2503 :

564 2528 839 2598 Sapientia
863 2531 937 2601 (id
974 2542 1056 2587 est
1088 2533 1180 2587 Dei
1215 2532 1476 2603 Verbum)
1512 2538 1749 2593 hominis
1776 2547 2023 2593 naturam
2052 2542 2133 2594 in-

564 2622 691 2673 cluta
744 2620 902 2677 factis
941 2630 995 2677 et
1039 2625 1295 2694 operibus
1341 2628 1675 2684 admirandis
1705 2630 1965 2699 templum
1999 2646 2031 2685 a
2075 2647 2135 2687 se

563 2712 854 2777 delectum,
886 2723 939 2769 et
972 2726 1305 2784 assumptum
1338 2719 1508 2773 oculis
1533 2720 1856 2777 intuentium
1885 2722 2129 2778 divinum

565 2803 819 2871 reddens,
851 2807 1115 2874 proﬁcere
1163 2807 1415 2863 faciebat.
1477 2811 1651 2879 Atque
1703 2812 1780 2867 ita
1825 2813 2135 2871 humanitas

566 2896 746 2948 divina
781 2911 876 2965 per
906 2897 1229 2967 sapientiam
1259 2898 1449 2954 ell'ecta
1479 2902 1815 2970 proﬁciebat.

1238 3074 1307 3128 Et
1338 3075 1468 3131 haec.

635 3164 901 3228 Quoniam
930 3180 1183 3222 crescere
1227 3174 1411 3227 carnis
1451 3182 1536 3229 est
1565 3176 1869 3245 proprium,
1910 3175 1967 3230 in
2014 3175 2129 3245 ipsa

566 3256 764 3309 dicitur
809 3272 1093 3326 crescere,
1128 3260 1279 3327 cujus
1316 3263 1638 3321 affectiones
1682 3267 1928 3336 proprias
1976 3280 2135 3321 acce-

565 3352 749 3410 perat;
793 3344 990 3400 nullius
1037 3347 1207 3412 enim,
1238 3350 1340 3404 nisi
1384 3354 1550 3420 ipsius
1585 3351 1770 3421 Verbi,
1814 3364 1935 3410 erat
1981 3370 2131 3411 caro.

562 3434 925 3499 Quamobrem
959 3446 1015 3489 ut
1066 3438 1239 3506 ipsum
1282 3442 1508 3497 dicimus
1536 3460 1700 3499 carne
1736 3461 1972 3512 passum,
2009 3447 2137 3503 licet.

562 3543 693 3581 caro
716 3528 826 3582 sola
858 3543 1013 3596 passa
1044 3530 1135 3593 sit,
1163 3532 1288 3599 quia
1307 3549 1613 3603 quanquam
1646 3540 1719 3591 uti
1744 3536 1887 3591 Deus
1916 3554 2132 3607 passum

566 3635 670 3673 nou
704 3634 805 3685 est,
844 3637 972 3677 caro
1007 3630 1204 3688 tamen,
1243 3640 1360 3692 quae
1380 3642 1537 3694 passa
1567 3638 1670 3694 est,
1710 3629 1878 3699 ipsius
1901 3630 2031 3698 fuit;
2054 3633 2137 3688 sic

564 3716 725 3767 etiam
772 3717 966 3769 dicitur
996 3731 1264 3781 crescere,
1301 3718 1504 3774 milium
1547 3722 1622 3775 uti
1674 3723 1815 3778 Deus
1862 3725 2135 3794 accipiens

565 3807 985 3872 incrementum,
1033 3812 1129 3866 sed
1161 3814 1415 3881 quoniam
1449 3814 1502 3867 in
1545 3816 1660 3884 ipso
1702 3818 1979 3885 propriqu
2012 3833 2135 3872 cre-

564 3900 663 3950 scit
682 3914 875 3968 corpus
897 3900 1083 3969 ipsius.

602 4077 684 4133 Ex
707 4080 881 4135 eodem
913 4082 1070 4148 libro,
1104 4086 1156 4136 in
1186 4101 1245 4137 ea
1272 4084 1477 4151 verba,¢
1501 4086 1677 4151 Pater,
1697 4087 1937 4153 clari/ica
1959 4104 2052 4141 me.
2073 4105 2093 4138 ι

634 4177 703 4226 At
736 4190 843 4243 quo
875 4188 1051 4243 pacm,
1078 4176 1351 4242 inquiunt,
1378 4194 1484 4233 non
1514 4182 1586 4234 sit
1614 4181 1913 4235 absurdum
1947 4180 2132 4235 dicere

564 4263 765 4319 Filium
824 4269 1124 4319 secundum
1178 4271 1471 4323 essentiam
1522 4272 1753 4325 similem
1803 4288 1928 4326 esse
1958 4272 2129 4335 Patri,

566 4372 689 4411 cum
716 4360 829 4425 ipse
855 4358 1080 4426 gloriam
1105 4372 1134 4410 a
1153 4357 1315 4415 Patre
1338 4364 1514 4431 petat?
1537 4363 1674 4416 chit
1702 4364 1847 4416 enim
1872 4382 1886 4417 :
1908 4382 1925 4414 ι
1948 4363 2130 4427 Pater,

2157 3105 2204 3164 ο

2234 1894 2463 1945 κόπτειν
2491 1890 2731 1961 εἴρηται,
2764 1890 2863 1959 οὐχ
2925 1890 2957 1958 ἡ
2993 1888 3156 1955 σοφία
3197 1888 3562 1956 προέκοπτεν,
3607 1888 3709 1940 ἀλλ’
3735 1892 3781 1939 ὲν

2234 1984 2376 2054 αὐτῇ
2436 1982 2497 2035 τὸ
2544 1982 2906 2051 ἀνθρώπινον.
2960 1979 3525 2049 Ἀποκαλυπτομένης
3574 1982 3672 2049 γὰρ
3703 1984 3781 2032 καὶ

2235 2073 2652 2144 φανερουμένης
2687 2073 2959 2143 ὁσημέραι
2998 2071 3096 2138 τῆς
3126 2070 3388 2139 θεότητος
3419 2071 3473 2123 ἐν
3503 2071 3665 2137 αὐτῷ,
3712 2075 3782 2124 ἀεὶ

2236 2166 2678 2235 θαυμαστότερος
2710 2166 2861 2232 παρὰ
2884 2167 2995 2225 τοῖς
3027 2165 3224 2233 ὁρῶσιν
3250 2164 3489 2233 ἐγίνετο.
3525 2166 3628 2217 Καὶ
3655 2166 3785 2219 τοῦτό

2233 2257 2351 2309 ἐστι
2375 2256 2433 2309 τὸ
2456 2254 2838 2322 Προέκοπτεν
2869 2254 2939 2307 ἐν
2965 2256 3175 2323 σοφίᾳ.

2828 2348 2927 2411 Εἰς
2958 2347 3025 2399 τὸ
3048 2348 3216 2401 αὐτό.

2317 2441 2410 2494 Ἐν
2451 2441 2614 2512 σοφίᾳ
2656 2439 2963 2509 προέκοπτε
3005 2439 3065 2491 τὸ
3103 2438 3454 2510 ἀνθρώπινον
3498 2439 3631 2492 κατὰ
3662 2439 3785 2491 τόνδε

2232 2532 2324 2583 τὸν
2356 2531 2580 2600 τρόπον.
2618 2529 2729 2598 Τὴν
2759 2528 2854 2582 τοῦ
2890 2528 3177 2599 ἀνθρώπου
3211 2529 3382 2598 φύσιν
3416 2530 3725 2599 ἐνδυσαμένη
3756 2532 3781 2597 η

2236 2623 2415 2691 σοφία,
2455 2622 2731 2676 τουτέστιν
2759 2624 2787 2674 ό
2825 2621 2918 2673 τοῦ
2950 2621 3086 2674 Θεοῦ
3120 2623 3314 2690 Λόγος,
3353 2623 3497 2675 κατὰ
3530 2621 3689 2693 βραχὺ
3711 2621 3781 2674 διά

2233 2715 2342 2768 τῶν
2374 2714 2549 2785 ἔργων
2581 2714 2676 2766 καὶ
2705 2713 2815 2766 τῶν
2847 2713 3166 2784 παραδόξων
3193 2713 3646 2784 ἀποτελεσμάτων
3678 2712 3778 2765 θεο-

2233 2804 2466 2857 ποιοῦσα
2488 2804 2640 2875 παρὰ
2662 2804 2774 2867 τοῖς
2797 2803 2962 2875 ὁρῶσι
2989 2802 3079 2856 τὸν
3106 2804 3486 2874 ἀναληφθέντα
3512 2805 3650 2865 ναὸν.
3673 2820 3782 2872 προ-

2232 2895 2457 2950 κόπτειν
2514 2896 2680 2948 αὺτὸν
2733 2895 2929 2949 ἐποίει.
2982 2894 3136 2948 Κατὰ
3181 2896 3343 2948 τοῦτο
3398 2892 3490 2949 οὖν
3540 2898 3593 2949 ὲν
3645 2895 3782 2963 σοφίᾳ

2232 2989 2574 3057 προέκοπτεν
2604 2988 3013 3058 ὴάνθρωπότης
3045 2987 3446 3057 θεοποιουμένη
3463 2986 3528 3042 δι’
3555 2986 3724 3055 αὐτῆς.

2858 3077 2965 3133 Καὶ
2994 3078 3193 3133 τοῦτο.

2318 3170 2539 3240 Ἐπειδὴ
2577 3170 2641 3239 τῇ
2672 3170 2834 3238 σαρκὶ
2871 3168 2931 3221 τὸ
2968 3168 3303 3238 προκόπτειν
3330 3169 3619 3238 ὀφείλεται,
3648 3168 3780 3233 λέγευ

2232 3280 2326 3317 ται
2351 3262 2685 3333 προκόπτειν
2713 3261 2788 3324 ὡς
2819 3261 2879 3312 ὲν
2910 3260 3048 3330 αὐτῇ
3080 3261 3401 3331 γενόμενος,
3440 3262 3614 3315 καὶτὰ
3640 3257 3781 3323 αὐτῆς

2239 3352 2666 3421 ἔδιοποιούμενος
2694 3350 2865 3422 πάθη.
2892 3350 2967 3403 Οὐ
2992 3352 3101 3420 γὰρ
3127 3352 3319 3420 ἑτέρου
3339 3352 3486 3415 τινὸς
3507 3347 3571 3423 ἦν
3597 3346 3779 3419 ήοάρξ,

2234 3443 2351 3498 ἀλλ’
2399 3442 2564 3496 αὑτοῦ
2612 3441 2707 3495 τοῦ
2747 3443 2943 3510 Λόγου.
2986 3443 3099 3494 Καὶ
3141 3440 3333 3513 ὥσπερ
3381 3444 3603 3512 λέγομεν
3642 3438 3779 3493 αὐτὸν

2238 3535 2569 3589 πεπονθέναι
2634 3536 2838 3599 σαρκὶ,
2907 3536 3086 3586 καίτοι
3150 3534 3320 3602 μόνης
3382 3532 3647 3599 παθούσης
3696 3527 3778 3595 τῆς

2237 3631 2464 3700 σαρκὸς,
2509 3630 2809 3698 ἐπειδήπερ
2840 3629 2997 3683 καιεί
3027 3629 3103 3698 μὴ
3124 3628 3395 3682 πέπονθεν
3419 3629 3491 3691 ὡς
3517 3626 3659 3691 Θεὸς,
3682 3622 3777 3675 ἀλλ’

2236 3724 2369 3777 ἴδιον
2400 3716 2468 3793 ἦν
2506 3719 2672 3774 αὐτοῦ
2702 3721 2764 3773 τὸ
2791 3720 2999 3788 πάσχον
3041 3719 3202 3787 σῶμα
3221 3761 3237 3786 ,
3270 3717 3443 3781 οὕτω,
3483 3718 3579 3770 κᾶν
3604 3714 3775 3786 προκό-

2237 3833 2394 3869 πτειν
2436 3816 2662 3885 λέγηται
2698 3811 2983 3883 προκοπὴν
3025 3812 3283 3882 οὐδεμίαν
3322 3812 3685 3879 ἐπιδεχόμενος
3715 3805 3776 3864 ὡς

2235 3907 2390 3969 Θεὸς,
2432 3905 2520 3958 διὰ
2565 3904 2626 3957 τὸ
2656 3903 2990 3973 προκόπτειν
3030 3904 3088 3957 έν
3133 3903 3278 3974 αὑτῷ
3306 3901 3407 3974 τὴν
3454 3901 3583 3954 ίδίαν
3626 3899 3775 3965 σάρκα

2240 3997 2573 4066 προκόπτειν
2591 3995 2829 4061 λέγεται.

2242 4088 2353 4143 Τοῦ
2376 4087 2563 4141 αὑτοῦ
2593 4087 2840 4150 βιϐλίου
2866 4086 2953 4151 εις
2985 4084 3051 4137 τό
3071 4100 3084 4114 θ
3107 4082 3351 4151 «Πάτερ,
3385 4081 3639 4146 δόξασόν
3662 4092 3767 4143 με.»

2308 4183 2418 4236 Καὶ
2446 4181 2585 4244 πῶς,
2619 4179 2808 4247 φασιν.
2845 4178 2947 4230 οὐκ
2982 4178 3182 4231 ἄτοπον
3209 4176 3395 4243 ὅμοιον
3445 4168 3578 4225 εἶναι
3621 4169 3771 4233 λέγειν

2236 4273 2358 4327 κατ’
2387 4272 2576 4324 οὐσίαν
2605 4271 2696 4323 τὸν
2735 4270 2862 4321 Υἱὸν
2910 4268 2988 4337 τῷ
3022 4266 3221 4335 Πατρὶ,
3257 4266 3314 4326 ὃς
3363 4280 3426 4331 γε
3453 4261 3602 4325 δόξαν
3633 4256 3769 4311 αἰτῶν

2238 4365 2555 4436 εὑρίσκεται
2583 4363 2717 4430 παρ’
2751 4359 2917 4413 αὑτοῦ
2943 4376 2958 4425 ;
2992 4359 3158 4425 Λέγει
3180 4357 3325 4427 γάρ’
3365 4376 3383 4408 ι
3424 4355 3617 4421 Πάτερ,
3642 4347 3772 4436 δόξαι

565 4449 806 4517 gloriﬁca
832 4467 913 4505 me
936 4468 998 4505 ea
1032 4452 1201 4521 gloria
1234 4470 1397 4522 quam
1432 4455 1695 4509 habebam
1729 4455 1868 4524 apud
1892 4468 1946 4509 te
1978 4464 2133 4509 ante-

2241 4434 2333 4512 σόν
2364 4474 2433 4527 με
2486 4459 2552 4525 τῇ
2592 4452 2718 4524 δόξῃ
2833 4448 2977 4521 εἶχον
3008 4451 3115 4520 πρὸ
3160 4448 3251 4501 τοῦ
3297 4449 3392 4500 τὸν
3428 4447 3619 4515 κόσμον
3647 4435 3767 4492 εῖναι

565 4557 730 4611 quam
766 4544 1004 4598 mundus
1035 4555 1178 4599 esset
1197 4545 1269 4598 ⁸.»
1296 4543 1429 4598 Nam
1457 4547 1501 4599 si
1524 4546 1727 4600 habens
1752 4549 1904 4615 petit,
1928 4556 2132 4602 temere

564 4648 629 4688 ac
660 4650 1066 4702 supervacanee
1095 4635 1144 4689 id
1172 4635 1351 4690 facere
1379 4635 1628 4701 videtur;
1665 4636 1709 4690 si
1736 4651 1864 4691 vero
1896 4653 2001 4691 non
2032 4638 2132 4691 ha-

564 4724 717 4788 bens,
750 4725 1037 4780 manifeste
1077 4726 1182 4780 hoc
1221 4727 1342 4793 ipso
1389 4725 1631 4780 declarat
1673 4741 1731 4781 se
1775 4742 1887 4781 non
1921 4736 2132 4783 tantum

562 4833 686 4872 esse
716 4830 882 4888 atque
912 4828 998 4873 est
1028 4820 1253 4888 largitor
1285 4818 1371 4871 ille
1401 4834 1429 4871 a
1467 4834 1574 4883 quo
1616 4819 1720 4872 sibi
1760 4821 1875 4874 dari
1908 4823 2040 4890 petit

636 4913 735 4977 Qui
775 4916 1046 4969 nominum
1075 4919 1461 4973 vimaccurate
1486 4913 1778 4983 inquirunt,
1806 4930 1856 4971 et
1884 4919 2136 4972 uniuscu-

2232 4550 2383 4620 παρὰ
2413 4548 2517 4602 σοί.
2558 4567 2574 4599 ι
2612 4547 2673 4598 Εἰ
2705 4547 2802 4614 μὲν
2829 4544 2938 4615 γὰρ
2970 4542 3109 4613 ἔχων
3135 4542 3299 4605 αίτεί,
3344 4537 3606 4608 περιττῶς
3633 4529 3769 4584 τοῦτο

2231 4643 2482 4711 φανεῖται
2547 4638 2752 4691 ποιῶν⁶
2812 4637 2951 4691 εἰδὲ
3008 4636 3082 4707 μὴ
3118 4634 3279 4706 ἔχων,
3339 4633 3497 4701 δῆλος
3552 4621 3766 4681 ἐντεῦθέν

2231 4733 2402 4793 ἐστιν,
2455 4730 2557 4782 οὐκ
2600 4727 2677 4782 ὣν
2734 4727 2989 4790 τοσοῦτος
3038 4728 3161 4790 ὅσος
3196 4728 3226 4778 ὁ
3254 4726 3486 4796 χορηγὸς
3511 4719 3584 4773 ὣν
3613 4713 3764 4785 ἐξῄτει

2230 4822 2437 4875 λαὸεῖν.

2309 4925 2373 4978 Οί
2422 4923 2532 4976 τῶν
2575 4920 2855 4991 ὀνομάτων
2901 4916 3148 4989 ἀκριϐεῖς
3181 4908 3482 4979 ἐξετασταὶ,
3512 4904 3600 4959 καὶ
3633 4898 3685 4952 τὸ
3713 4891 3766 4991 ξε

2240 5016 2470 5069 ἑκάστου
2522 4985 2921 5082 σημαινόμενον
2955 4985 3141 5075 σαφῶς
3180 4991 3659 5093 δοκιμάζοντες,-τὸ

2239 5108 2395 5178 δόξης
2424 5073 2803 5175 ὅνομάυνοοῦσι
2822 5073 3104 5171 διχῶς.Πῆ
3135 5099 3230 5169 μὲν
3253 5096 3357 5165 γὰρ
3383 5092 3473 5146 ἐπὶ
3491 5085 3640 5180 τιμῆς
3657 5073 3764 5180 αὺξδ

2241 5174 2539 5271 λαμϐάνειν
2593 5197 2924 5264 ὑπειλήφασι
2972 5193 3103 5255 δεῖν,
3142 5191 3215 5259 πῆ
3260 5188 3315 5240 δὲ
3364 5184 3519 5237 πάλιν
3558 5174 3653 5275 ἐπὶ-ἰ
3684 5174 3761 5275 τῇ

2240 5292 2493 5361 γνώσεως
2524 5290 2812 5342 τάττουσιν
2835 5304 2845 5316 ’
2873 5284 3060 5353 ὥσπερ
3086 5282 3151 5335 ἂν
3190 5280 3245 5333 εί
3264 5295 3344 5341 τις
3375 5276 3534 5339 λέγοι,
3554 5265 3683 5361 ’τί-ἄν
3697 5267 3763 5361 τις

2242 5349 2460 5448 δοξάσαι
2475 5349 2617 5450 ’περὶ
2658 5379 2753 5432 τοῦ
2798 5378 2950 5447 ἡλίου
2995 5349 3178 5445 τυχὸν,
3206 5373 3238 5442 ἦ
3268 5367 3392 5438 περί
3435 5376 3569 5456 τξνος
3607 5349 3757 5456 έτέβέῗξ

2246 5435 2531 5546 στοιχείου,
2564 5435 3265 5543 ιπότερονιγενητὰὴταῦτα
3312 5435 3351 5532 ἣ⁷
3388 5435 3765 5546 ἀγένηταςξρξῖ

2244 5536 2626 5637 γοῦξπάντως
2663 5567 2692 5618 ὁ
2712 5536 3179 5630 δοξάζων-ὀρθῶς,
3207 5557 3281 5620 ὡς
3306 5552 3391 5621 εἴη
3418 5538 3621 5617 γενητά.
3645 5536 3761 5587 Οὑκο

560 5004 760 5078 jusque
814 5008 1258 5074 signiﬁcationem
1307 5011 1595 5081 diligenter
1633 5009 1932 5073 excutiunt,
1979 5009 2138 5079 δόξης

565 5112 764 5151 nomen
802 5096 1087 5165 dupliciter
1110 5102 1405 5169 accipiunt.
1442 5102 1745 5171 Aliquando
1771 5100 1915 5154 enim
1952 5101 2004 5155 id
2042 5117 2139 5170 pro

567 5185 775 5241 honore
797 5187 968 5254 accipi
988 5186 1186 5242 debere
1209 5198 1453 5255 censent,
1470 5191 1755 5259 aliquando
1774 5205 1869 5257 pro
1889 5190 2141 5256 opinione

564 5276 678 5331 sive
703 5277 893 5331 notitia
934 5293 946 5328 :
990 5286 1049 5331 ut
1089 5278 1134 5331 si
1166 5279 1286 5347 quis
1320 5291 1471 5349 roget
1514 5281 1638 5349 quid
1671 5281 1864 5349 aliquis
1895 5278 2137 5344 δοξάσαι,

569 5369 672 5423 hoc
696 5377 801 5431 est,
829 5368 1082 5436 Opinetur
1106 5382 1170 5422 ac
1191 5368 1392 5422 sentiat
1412 5372 1477 5423 de
1506 5370 1639 5435 sole,
1667 5379 1758 5423 aut
1778 5369 1882 5422 alio
1901 5372 2134 5439 qundam

567 5460 866 5524 elemento,
900 5469 1080 5512 utrum
1111 5469 1294 5514 creata
1322 5460 1437 5515 hmc
1465 5460 1572 5515 sint
1600 5475 1797 5525 necne,
1843 5462 1986 5516 dicet
2015 5478 2138 5531 pro-

569 5548 731 5619 fecto,
760 5552 853 5621 qui
885 5560 1030 5607 recte
1057 5552 1308 5623 opinatur
1328 5565 1392 5605 ac
1422 5552 1603 5620 sentit,
1627 5566 1745 5607 esse
1768 5562 1969 5607 creata.
2006 5554 2144 5623 Ergo

642 5747 657 5777 ¹
694 5745 831 5800 Luc.
878 5764 935 5813 ιι,
972 5748 1025 5802 5.
