4026 6290
196 329 292 392 53Ἱ

1183 332 1558 398 I‘ANOPLIA
1603 333 2064 396 DOGMATICA.
2095 359 2165 371 --
2191 335 2336 396 TlT.
2383 337 2490 397 XI.

3335 345 3442 408 638

197 467 287 522 οὖν
316 465 414 520 καὶ
449 466 481 535 ἡ
511 464 642 535 περί
685 481 735 516 τι
773 462 882 516 τῶν
907 463 1076 516 όντων
1104 463 1322 531 γνῶσις,
1360 463 1486 527 δόξα
1522 462 1768 515 καλεῖται

1880 466 1919 512 ιι
1949 456 2188 528 cognitio
2227 457 2457 530 alicujus
2495 459 2596 525 rei,
2641 458 2710 515 ab
2741 458 2807 516 iis
2855 460 2948 530 qui
2983 461 3258 518 nominum
3310 477 3439 534 pro-

195 558 346 627 παρὰ
377 559 489 620 τοῖς
519 555 690 609 ταῦτα
720 556 1098 621 σοφοῖς.”οταν
1127 550 1218 608 οὖν
1247 554 1569 625 εὑρίσκηται
1595 553 1768 621 λέγων

194 651 222 702 ό
253 648 384 710 Υἱός
409 664 421 676 ’
448 647 683 716 «Πάτερ,
712 645 930 708 δόξασόν
963 662 1028 715 με
1051 648 1116 716 τῇ
1147 645 1269 716 δόξῃ
1365 641 1508 714 εἶχον
1542 645 1644 713 πρὸ
1674 642 1768 695 τοῦ

193 739 281 794 τὸν
305 738 520 807 κόσμον
539 732 683 791 εἶναι
712 735 863 807 παρὰ
891 737 992 799 σοὶ,
1021 754 1040 787 ι
1073 739 1212 788 νοεῖν
1233 735 1524 788 ἀκόλουθον
1547 733 1767 786 τοιῶσδε

191 831 248 883 τὸ
272 830 569 899 λεγόμενον
589 847 602 859 ⁸
636 829 956 900 ἐπειδήπερ,
981 828 1164 898 φησὶν,
1188 821 1235 879 ὦ
1260 828 1462 896 Πάτερ,
1485 825 1768 896 ἄνθρωπος

193 923 254 976 δι’
282 920 603 989 οἰκονομίαν
655 919 894 987 γεγονὼς
915 959 932 981 ,
981 918 1116 971 αὐτὸ
1153 918 1217 987 δὴ
1271 917 1430 970 τοῦτο
1476 917 1767 986 νομίζομαι

197 1013 352 1083 μόνον
387 1013 526 1081 ὅπερ
562 1011 802 1081 ὁρῶμαι,
831 1010 928 1063 καὶ
963 1011 1022 1062 οὐ
1071 1008 1283 1071 πολλοῖς
1332 1005 1653 1077 προαιώνιος
1689 1004 1768 1058 ὢν

194 1103 312 1165 Υἱὸς
362 1099 724 1170 γινώσκομαι,
751 1100 970 1164 δόξασόν
1013 1117 1104 1170 με,
1150 1100 1269 1152 ἀντὶ
1296 1097 1410 1165 τοῦ,
1453 1095 1768 1169 Φανέρωσόν

200 1211 280 1264 με,
296 1192 560 1261 τοιαύτην
581 1192 752 1254 ἐνθεὶς
783 1192 909 1261 περὶ
938 1190 1072 1260 ἐμοῦ
1091 1191 1288 1258 γνῶσιν
1308 1191 1420 1252 τοῖς
1439 1186 1764 1258 ἀνθρώποις,

195 1282 381 1335 ὁποίαν
404 1281 474 1334 ἂν
502 1281 745 1350 δέχοιντο
770 1281 898 1349 περὶ
929 1278 1089 1348 ἐμώ,
1118 1279 1212 1331 καὶ
1237 1277 1368 1348 πρὶν
1395 1275 1646 1344 γενέσθαι
1674 1275 1766 1328 τὸν

197 1371 396 1441 κόσμον
423 1371 692 1442 ὑπάρχειν
720 1369 1026 1432 ἀκούοντες,
1049 1369 1181 1421 Θεὸν
1199 1368 1400 1437 δηλαδὴ
1421 1367 1560 1420 κατὰ
1581 1366 1764 1436 φύσιν,

197 1461 304 1530 φῶς
331 1462 401 1513 ἑκ
431 1461 632 1529 φωτὸς,
662 1459 918 1531 ἀλήθειαν
947 1459 1006 1522 ἐξ
1029 1457 1284 1527 ἀληθινοῦ
1309 1457 1634 1528 προελθόντα
1656 1457 1764 1508 ﬂa-

198 1553 340 1621 τρός.
364 1550 692 1622 Γνωσόμεθα
716 1550 776 1603 δὲ
796 1550 953 1603 τοῦτο
977 1549 1209 1619 μάλιστα
1226 1547 1313 1599 διὰ
1337 1548 1434 1617 τῆς
1449 1546 1760 1615 ἐπαγωγῆς.

198 1665 214 1696 ι
240 1644 472 1708 Δόξασόν
505 1660 571 1712 με
600 1661 623 1694 θ
662 1642 792 1713 γὰρ,
826 1642 1009 1711 φησιν,
1035 1641 1157 1692 ἀντὶ
1189 1638 1550 1708 τοῦ,Φανερόν
1580 1655 1648 1707 με
1673 1653 1766 1691 κα-

191 1739 482 1805 τάστησον,
513 1735 698 1804 ἐπειδή
737 1750 828 1786 σου
871 1731 1026 1800 κάγὼ
1075 1731 1137 1783 τὸ
1181 1731 1350 1800 ὄνομα
1403 1729 1764 1798 πεφανέρωκα

1867 549 2126 618 prietates
2177 565 2242 604 ac
2285 551 2712 620 signiﬁcationes
2761 560 2965 616 tenent,
3016 552 3144 617 δόξα
3191 567 3437 610 vocatur.

1868 639 2093 706 Quando
2120 643 2283 711 igitur
2315 643 2484 697 Filius
2511 643 2637 696 dicit
2665 661 2677 695 :
2735 661 2754 693 ι
2792 643 2997 714 Πάτερ,
3034 643 3257 709 δόξασόν
3283 664 3349 717 με
3373 663 3440 702 ea

1869 731 1992 802 δόξῃ
2025 748 2186 800 quam
2217 733 2379 788 habui
2405 735 2543 800 apud
2575 743 2631 788 te
2661 741 2787 788 ante
2816 735 3254 790 constitutionem
3280 752 3440 791 mun-

1872 823 1922 876 di
1952 824 1969 853 ι
1999 862 2016 887 ,
2049 841 2072 874 ι
2094 824 2302 877 dictum
2331 824 2436 879 hoc
2463 826 2534 878 ita
2557 824 2957 894 intelligendum
2989 833 3072 880 est
3103 844 3116 880 :
3143 825 3437 894 Quoniam,

1871 913 2064 983 inquit,
2093 929 2125 967 ο
2153 913 2337 979 Pater,
2366 915 2526 969 homo
2562 931 2656 984 per
2691 917 3117 971 incarnationem
3163 918 3354 988 factus,
3390 921 3441 973 id

1872 1005 2044 1059 solum
2077 1021 2200 1060 esse
2245 1007 2527 1062 existimor
2555 1009 2698 1076 quod
2741 1021 2996 1078 appareo,
3047 997 3320 1079 multique.
3357 1026 3444 1067 me

1875 1109 1980 1150 non
2015 1105 2073 1149 ut
2109 1095 2302 1150 Filium
2335 1107 2482 1152 tuum
2519 1099 2586 1152 ab
2626 1109 2828 1153 aeterno
2870 1099 3225 1154 cxsistentent
3273 1115 3444 1170 agno-

1875 1195 2052 1249 scunt,
2077 1186 2301 1253 δόξασόν
2325 1205 2416 1258 με,
2443 1191 2544 1244 hoc
2570 1197 2677 1255 est,
2707 1190 2988 1245 manifesta
3017 1205 3121 1255 me,
3144 1191 3305 1246 talem
3335 1193 3442 1248 bo-

1876 1277 2112 1332 minibus
2155 1280 2467 1346 opinionem
2507 1290 2667 1348 atque
2708 1281 2948 1336 notitiam
2995 1282 3062 1336 de
3093 1295 3180 1336 me
3231 1283 3442 1345 iudcns,

1876 1369 2091 1435 qualem
2133 1370 2399 1424 haberent
2435 1373 2500 1426 de
2541 1387 2626 1426 me
2659 1373 2941 1428 audientes
2979 1386 3066 1428 me
3107 1377 3270 1428 etiam
3320 1387 3448 1431 ante

1878 1461 2314 1516 constitutionem
2344 1463 2526 1517 mundi
2554 1478 2692 1529 esse,
2737 1465 2990 1519 nimirum
3025 1474 3214 1520 natura
3252 1466 3444 1534 Deum,

1878 1552 2058 1607 lumen
2093 1567 2158 1607 ex
2205 1553 2429 1619 lumine,
2463 1555 2744 1610 veritatem
2787 1569 2850 1610 ex
2907 1570 3034 1611 vero
3067 1557 3224 1612 Patre
3257 1573 3447 1626 proce-

1878 1648 2116 1701 dentem.
2152 1645 2230 1699 lta
2271 1660 2403 1700 vero
2437 1645 2841 1715 intelligendum
2870 1663 2989 1704 esse
3011 1663 3080 1703 ex
3104 1651 3444 1718 sequentium

1878 1740 2019 1798 serie
2080 1737 2238 1792 facile
2283 1738 2573 1792 constabit.
2617 1739 2796 1805 inquit
2849 1741 2993 1794 enim
3057 1741 3277 1804 δόξασόν
3341 1759 3440 1812 με,

191 1831 302 1890 τοῖς
331 1825 662 1896 ἀνθρώποις.
697 1826 764 1878 Εἰ
793 1825 968 1878 τοίνυν
1015 1824 1152 1893 ὅπερ
1197 1822 1466 1892 πεποίηκε
1510 1821 1762 1891 γενέσθαι

1883 1849 1902 1881 ι
1930 1827 2170 1897 gloritiea
2203 1841 2308 1890 me,
2335 1845 2354 1878 ι
2390 1842 2507 1895 pro,
2534 1828 2822 1883 manifesta
2855 1845 2958 1895 me,
2981 1831 3250 1898 siquidem
3277 1809 3449 1902 etego

192 1917 462 1986 βούλεται,
499 1915 716 1978 ἐδόξασε
756 1914 814 1966 δὲ
855 1914 944 1967 τὸν
987 1913 1206 1983 Πατέρα
1252 1912 1572 1984 φανερώσας
1599 1912 1764 1965 αὐτὸν

192 2011 303 2069 τοῖς
330 2005 659 2076 ἀνθρώποις,
686 2005 1000 2070 δοξάζεσθαι
1031 1997 1278 2074 βούλεται
1305 2004 1398 2056 καὶ
1438 2003 1621 2068 αὐτὸς,
1659 2019 1763 2071 φα-

192 2097 345 2168 νερὸς
377 2096 482 2149 ὑπὸ
507 2096 596 2148 τοῦ
621 2097 836 2166 Πατρὸς
857 2099 969 2160 τοῖς
1001 2095 1305 2166 ἀνθρώποις
1333 2093 1634 2164 γινόμενος.
1653 2094 1762 2147 Καὶ

191 2187 446 2256 περιττὸς
479 2186 586 2239 τῶν
620 2187 998 2257 χριστομάχων
1027 2188 1054 2239 ό
1083 2186 1260 2255 λόγος,
1277 2186 1440 2256 τιμῆς
1465 2185 1582 2256 ἦτοι
1603 2183 1759 2255 δόξης

191 2279 348 2331 ἑνδεᾶ
378 2278 469 2333 τὸν
503 2277 629 2331 Υἰὸν
662 2277 948 2348 εἰσφέρων.

199 2453 320 2509 Τοῦ
370 2453 560 2508 αὑτοῦ
595 2454 841 2526 βιόζλίου
872 2456 1119 2526 mmet
1155 2456 1363 2526 ῥητῶν
1407 2459 1772 2516 ἀποστόλων

267 2531 369 2600 ις,
415 2523 1063 2600 συζλοτέιζόμενιιιῌὸέι
1113 2523 1258 2592 Θεὸς
1310 2529 1460 2581 κατὰ
1505 2531 1698 2600 φύσιν
1737 2536 1771 2588 ὁ

272 2595 432 2659 Υἱὸς,
460 2596 535 2647 οὐ
562 2597 809 2662 ποίημα,
837 2595 980 2648 οὐδὲ
1013 2599 1258 2666 κτίσμα.

267 2683 414 2751 Πρὸς
433 2682 560 2745 τοὺς
585 2684 676 2736 ἐπὶ
700 2685 813 2747 τοῖς
834 2685 1055 2748 οἰκείοις
1077 2689 1417 2758 πταίσμασιν
1434 2694 1536 2745 οὐκ
1555 2693 1766 2757 εἰδότας

199 2776 506 2844 μετανοεῖν,
555 2773 836 2843 ἄρρηκτον
895 2777 951 2828 δὲ
979 2775 1172 2845 ὥσπερ
1207 2778 1499 2845 ἐπιθέντας
1555 2785 1770 2848 ἑαυτοῖς

195 2865 294 2934 τῆς
333 2865 675 2934 φαυλότητος
707 2865 799 2918 τὸν
825 2866 1046 2935 δεσμὸν,
1071 2869 1099 2919 ό
1121 2867 1342 2934 Παῦλός
1371 2887 1504 2943 φησι
1524 2890 1538 2905 ο
1571 2893 1588 2926 ι
1613 2875 1770 2928 Κατὰ

189 2967 244 3022 δὲ
269 2967 377 3037 τὴν
406 2966 751 3036 σκληρότητά
777 2982 878 3017 ’σου
912 2966 1004 3018 καὶ
1027 2964 1397 3036 ἀμετανόητον
1419 2967 1644 3037 καρδίαν
1674 2965 1772 3035 θη-

1879 1934 2074 1974 nomen
2102 1930 2248 1973 tuum
2275 1919 2612 1973 maniiestavi
2645 1921 2970 1976 hominibus.
2993 1923 3049 1976 Si
3074 1938 3202 1992 ergo
3230 1923 3279 1976 id
3303 1925 3448 1991 quod

1879 2011 1995 2080 ipse
2016 2008 2164 2073 fecit,
2197 2007 2313 2062 fieri
2344 2009 2444 2062 sibi
2469 2009 2637 2076 cupit,
2669 2009 2999 2077 gloriﬁcavit
3022 2020 3197 2065 autem
3229 2013 3444 2065 Patrem

1880 2100 2232 2154 manifestans
2263 2114 2386 2154 eum
2431 2100 2758 2166 hominibus,
2797 2101 3085 2172 gloriﬁcari
3129 2105 3290 2156 etiam
3343 2104 3443 2172 ipsi

1879 2191 2045 2257 cupit,
2074 2191 2330 2245 nimirum
2359 2206 2388 2244 a
2422 2189 2584 2246 Patre
2602 2192 2909 2247 hominibus
2934 2192 3326 2248 manifestatus.
3348 2198 3444 2246 At-

1879 2292 1986 2346 que
2011 2279 2083 2333 ita
2121 2279 2298 2333 inanis
2342 2295 2406 2334 ac
2438 2294 2608 2334 vanus
2650 2289 2732 2335 est
2773 2281 3149 2336 haereticorum
3197 2283 3445 2342 cavillus.

1877 2368 1970 2437 qui
1995 2367 2202 2424 honore
2227 2369 2344 2424 sive
2374 2369 2543 2439 gloria
2575 2369 2872 2440 indiguisse
2908 2369 3104 2426 Filium
3131 2383 3376 2427 censent.

1869 2462 1955 2516 Ea:
1991 2466 2384 2536 eodemhtibro,
2420 2468 2800 2536 Apostolomm
2841 2469 3117 2522 sententia:
3163 2471 3443 2533 sexdecim,

1941 2536 2131 2603 quibus
2169 2534 2373 2588 Filium
2406 2534 2603 2609 natura
2652 2537 2842 2603 Deum,
2880 2553 2982 2590 non
3031 2549 3205 2592 autem
3245 2541 3446 2609 factum

1937 2617 2026 2657 aut
2058 2615 2295 2658 creatum
2327 2621 2436 2658 esse
2465 2607 2815 2660 demonstrat.

1940 2693 2016 2748 De
2044 2693 2110 2746 iis
2141 2693 2234 2761 qui
2279 2693 2484 2746 nullam
2518 2694 2585 2748 de
2618 2693 2860 2762 peccatis
2902 2693 3023 2749 suis
3059 2695 3441 2765 paenitentiam

1871 2791 2059 2851 agunt,
2091 2782 2184 2836 sed
2221 2783 2584 2838 indissolubili
2617 2784 2849 2852 quodam
2886 2785 3103 2840 vinculo
3136 2787 3286 2841 vitiis
3323 2789 3443 2846 suis

1869 2874 2068 2929 annexi
2095 2881 2245 2940 sunt,
2271 2875 2474 2932 Paulus
2507 2877 2580 2931 ita
2607 2877 2850 2948 loquitur
2885 2895 2900 2932 :
2935 2893 2959 2930 ι
2994 2877 3312 2934 Secundum
3343 2897 3445 2935 au-

1878 2974 1982 3019 tem
2025 2966 2276 3020 duritiem
2315 2976 2483 3032 tuam,
2512 2977 2565 3023 et
2602 2983 2697 3022 cor
2737 2978 2886 3023 tuum
2917 2969 3287 3038 imptenitens,
3316 2973 3451 3027 iram

195 3051 478 3127 σαυρίζεις
510 3054 719 3122 σεαυτῷ
747 3053 913 3125 ὀργὴν
969 3056 1026 3106 ἐν
1071 3053 1256 3126 ἡμέρᾳ
1297 3055 1466 3125 ὀργῆς
1517 3056 1610 3108 καὶ
1642 3057 1773 3108 ἀπο-

1881 3055 1973 3109 tibi
2015 3056 2350 3112 thesaurizas
2387 3057 2440 3112 in
2476 3059 2562 3112 die
2600 3058 2693 3111 irae
2727 3069 2782 3114 et
2819 3059 3162 3116 revelatiouis
3191 3062 3323 3130 justi
3361 3061 3453 3130 ju-

195 3148 482 3216 κσλύψεως
510 3146 912 3216 δικαιοκρισίας
934 3144 1029 3198 τοῦ
1063 3145 1222 3209 Θεοῦ,
1243 3147 1300 3209 ὃς
1350 3146 1620 3200 ἀποδώσει
1645 3147 1774 3200 ἑκά-

196 3254 308 3306 στῳ
348 3237 490 3290 κατὰ
539 3235 609 3289 τὰ
642 3235 782 3305 ἔργα
838 3233 1025 3289 αὐτοῦ.
1063 3254 1083 3287 ι
1142 3230 1274 3288 Εἶτα
1327 3236 1489 3289 πάλιν
1547 3236 1774 3308 ἑτέροις·

198 3349 213 3380 ι
249 3329 394 3390 Τοὺς
427 3329 539 3397 γὰρ
565 3327 771 3390 πάντας
793 3329 941 3396 ἡμᾶς
980 3327 1062 3380 δεῖ
1110 3327 1491 3398 φανερωθῆναι
1547 3327 1776 3382 ἐνώπιον

187 3417 285 3471 τοῦ
329 3409 604 3488 Χριστοῦ,
625 3417 713 3470 ἵνα
734 3418 1028 3487 κομίσηται
1057 3417 1286 3482 ἕκαστος
1313 3419 1384 3472 τὰ
1439 3418 1528 3471 διὰ
1552 3417 1644 3471 τοῦ
1681 3418 1776 3472 σώ-

196 3527 364 3578 ματος
395 3510 534 3579 πρὸς
558 3509 595 3562 ἃ.
641 3508 897 3580 ἔπραξεν,
942 3511 1052 3563 εἴτε
1082 3509 1304 3576 ἀγαθὸν,
1334 3509 1442 3562 εἴτε
1484 3509 1707 3581 φαῦλον.
1753 3531 1772 3563 ι

198 3601 404 3652 Οὐκοῦν
433 3603 482 3652 εἰ
539 3599 1006 3669 παραστησόμεθα
1070 3603 1271 3664 πάντες
1320 3600 1398 3672 τῷ
1450 3601 1650 3672 βήματι
1683 3602 1778 3655 τοῦ

193 3689 432 3758 Χριστοῦ
473 3689 492 3749 ί
527 3708 546 3740 ι
582 3690 714 3742 Οὐδέ
741 3690 851 3760 γὰρ
880 3693 908 3743 ὁ
932 3691 1122 3761 Πατὴρ
1156 3693 1333 3763 κρίνει
1376 3692 1587 3759 οὐδένα,
1644 3693 1780 3748 ἀλλὰ

193 3782 292 3851 τὴν
319 3782 498 3852 κρίσιν
528 3783 706 3835 πᾶσαν
727 3782 928 3835 δέδωκε
954 3782 1033 3853 τῷ
1049 3784 1239 3855 rum,»
1268 3785 1360 3836 καὶ
1381 3786 1542 3848 αὐτὸς
1565 3786 1777 3838 ἀποδώ-

196 3889 279 3924 σει
333 3873 547 3942 ἑκάστῳ
599 3873 741 3925 κατὰ
767 3872 838 3924 τὰ
889 3872 1024 3943 ἔργα
1071 3874 1270 3927 αὑτοῦ·
1324 3875 1441 3938 πῶς
1480 3877 1577 3929 οὐκ
1629 3877 1780 3930 ἔσται

196 3963 360 4031 φύσει
387 3963 542 4027 Θεὸς,
571 3963 664 4016 τοῦ
692 3964 906 4017 Παύλου
928 3965 1178 4034 λέγοντος
1199 3967 1541 4037 ἀποκάλυψιν
1567 3969 1781 4022 ἔσεσθαι

195 4056 595 4127 δικαιοκρισίας
626 4055 784 4120 Θεοῦ,
811 4057 911 4128 τὴν
943 4058 1026 4126 ἐφ’
1067 4059 1282 4130 ἑκάστῳ
1316 4060 1423 4112 τῶν
1450 4060 1782 4132 κρινομένων

197 4149 331 4218 παρ’
370 4147 532 4201 αὑτοῦ
577 4147 870 4219 τιθεμένην
902 4149 1080 4220 ψῆφον
1123 4150 1346 4222 δηλαδὴ,
1403 4152 1479 4214 ὡς
1535 4153 1648 4214 τοῖς
1681 4149 1780 4221 μὲν

198 4239 424 4307 φαύλοις
467 4241 662 4292 εἰπεῖν’
705 4261 722 4292 ι
765 4241 1070 4311 Πορεύεσθε
1119 4244 1215 4296 ἀπ’
1242 4242 1398 4313 ἐμοῦ,
1443 4245 1493 4295 οἰ
1539 4260 1779 4315 κατηρα-

202 4331 378 4399 μένοι,
406 4331 486 4394 εἰς
514 4332 573 4383 τὸ
606 4331 716 4402 πῦρ
749 4332 808 4384 τὸ
830 4332 1046 4385 αἰώνιον
1075 4352 1087 4364 ·
1123 4352 1141 4384 ι
1177 4337 1288 4397 τοῖς
1342 4335 1398 4387 δὲ
1437 4335 1536 4404 τῆς
1568 4337 1648 4398 εἰς
1681 4335 1773 4386 αὐ-

1892 4332 2014 4384 tatis
2059 4345 2187 4385 vero
2231 4331 2533 4387 cultoribus
2579 4345 2594 4385 :

1877 3145 2001 3199 dicii
2057 3144 2182 3210 Dei,
2436 3148 2529 3216 qui
2577 3149 2840 3204 retribuet
2883 3149 3110 3219 singulis
3155 3151 3454 3207 secundum

1877 3250 2040 3304 opera
2072 3236 2312 3303 ipsorum
2351 3241 2430 3290 ³.»
2464 3235 2698 3290 Rursum
2722 3237 2876 3293 aliis:
2903 3257 2920 3289 ι
2940 3236 3144 3294 Omnes
3170 3254 3268 3295 nos
3295 3255 3456 3310 opor;

1881 3335 1956 3380 tet
1982 3321 2317 3380 manifestari
2347 3342 2530 3382 coram
2558 3327 2797 3394 Christo,
2828 3339 2884 3384 ut
2913 3333 3281 3403 unusquisque
3311 3333 3458 3387 acci-

1878 3418 1990 3487 piat
2031 3419 2247 3489 propria
2296 3418 2571 3487 corporis,
2612 3429 2774 3488 prout
2819 3423 3018 3490 gessit,
3059 3423 3171 3477 sive
3215 3416 3455 3488 bonum,

1879 3510 1993 3564 sive
2035 3510 2233 3564 malum
2257 3509 2279 3540 ³
2310 3548 2324 3564 .
2366 3529 2385 3563 ι
2427 3509 2484 3564 Si
2519 3526 2647 3583 ergo
2678 3526 2867 3568 omnes
2902 3513 3160 3570 sistemur
3190 3527 3316 3572 ante
3353 3518 3458 3572 tri-

1879 3601 2041 3656 bunal
2078 3599 2305 3667 Christi,
2353 3620 2374 3654 ι
2421 3601 2606 3672 Neque
2644 3603 2786 3657 enim
2827 3604 2987 3660 Pater
3015 3606 3224 3675 judicat
3264 3622 3457 3676 quem-

1880 3709 2063 3762 quam,
2105 3693 2198 3749 sed
2241 3709 2402 3748 omne
2433 3695 2696 3764 judicium
2737 3695 2885 3750 dedit
2925 3693 3084 3760 Filio,
3122 3709 3176 3752 et
3223 3698 3337 3766 ipse
3376 3714 3460 3754 re-
3509 3745 3512 3748 .

1883 3785 2086 3839 tribuet
2133 3785 2423 3854 unicuique
2465 3785 2758 3840 secundum
2809 3801 2970 3855 opera
3023 3787 3264 3855 ipsorum
3314 3789 3373 3855 ⁸;
3433 3806 3456 3841 ι

1881 3875 2153 3943 quomodo
2203 3890 2306 3928 non
2359 3876 2464 3930 erit
2514 3875 2835 3929 naturaliter
2877 3876 3038 3942 Deus,
3087 3892 3208 3930 cum
3263 3876 3462 3931 Paulus

1881 3968 2026 4020 dicat
2068 3966 2456 4020 revelationem
2494 3966 2624 4034 justi
2663 3967 2852 4036 judicii
2900 3968 2993 4023 Dei
3038 3969 3300 4033 futuram,
3338 3983 3463 4023 seu-

1884 4058 2106 4112 tentiam
2155 4057 2411 4110 nimirum
2457 4073 2618 4128 quam
2663 4059 2776 4128 ipse
2814 4059 2880 4114 de
2923 4059 3257 4127 singulorum
3303 4058 3464 4114 laetis

1882 4158 1964 4203 est
1991 4149 2227 4204 laturus:
2260 4149 2330 4203 ita
2357 4159 2416 4203 ut
2446 4149 2602 4204 [nalis
2627 4151 2841 4219 quidem
2870 4151 2941 4205 sit
2970 4151 3215 4206 dicturus
3246 4168 3259 4204 :
3294 4169 3312 4202 ι
3342 4149 3460 4204 Dis-

1883 4239 2058 4293 cedite
2085 4255 2114 4292 a
2144 4255 2252 4305 me,
2295 4241 2588 4306 maledicti,
2627 4242 2677 4295 in
2712 4241 2887 4310 ignem
2918 4250 3177 4296 alternum
3215 4245 3274 4304 υς
3307 4260 3325 4294 ι
3353 4243 3464 4310 pie-

2649 4349 2667 4382 ι
2714 4331 2934 4399 Venite,
2973 4331 3239 4386 benedicti
3287 4332 3466 4387 Patris

200 4422 289 4473 τὸν
323 4420 608 4485 εὐσεϐείας
630 4423 906 4491 ἐργάταις⁸
945 4442 962 4473 ι
995 4424 1183 4486 Δεῦτε,
1217 4427 1265 4476 οἱ
1294 4425 1650 4495 εὐλογημένοι
1687 4420 1778 4479 τοῦ
1815 4420 1834 4424 ἡ
1890 4425 1991 4480 ιιιοὶ
2041 4431 2091 4489 ⁸,
2126 4444 2145 4476 ι
2180 4435 2285 4479 etc.

201 4515 413 4586 Πατρός
439 4534 562 4585 μου,
606 4535 627 4569 ι
673 4517 761 4569 καὶ
783 4517 849 4568 τὰ
874 4517 1014 4588 ἑξῆς.

265 4617 390 4678 Τοῖς
411 4617 813 4686 δικαιουμένοις
839 4615 928 4670 διὰ
958 4620 1056 4688 τῆς
1073 4609 1420 4685 πίπεωςτῆς
1442 4619 1519 4680 εἰς
1548 4619 1588 4670 Χ
1599 4613 1780 4688 ριστὸν

204 4710 577 4781 συναγορεύων
590 4706 798 4774 nasus;
832 4728 904 4780 φη
914 4727 964 4762 σι
993 4727 1006 4740 ·
1029 4730 1046 4761 ι
1067 4709 1526 4780 Λογιζόμεθαγὰρ
1547 4710 1784 4763 δικαιοῦ-

204 4800 323 4855 σθαι
351 4802 633 4873 ἄνθρωπον
657 4801 824 4873 χωρὶς
853 4801 1030 4872 ἔργων
1081 4801 1245 4871 νόμου
1271 4816 1284 4832 ·
1342 4796 1374 4870 ἢ
1442 4801 1708 4854 Ἰουδαίων
1757 4802 1786 4853 ὁ

167 4945 179 4954 _
204 4891 334 4956 Θεὸς
367 4896 561 4964 μόνων,
587 4894 707 4964 οὐχὶ
739 4894 835 4948 καὶ
880 4893 1086 4959 ὲθνῶν;
1134 4893 1222 4946 ναὶ
1250 4893 1344 4946 καὶ
1384 4892 1576 4946 ἐθνῶν.
1613 4894 1784 4963 Εἴπερ

1954 4618 2222 4673 Praeterea
2249 4616 2451 4674 Paulus
2477 4616 2543 4672 iis
2569 4615 2662 4686 qui
2693 4630 2789 4686 per
2813 4615 2972 4670 ﬁdem
3001 4615 3054 4670 in
3078 4614 3354 4670 Christum
3375 4615 3466 4684 ju-

1885 4711 2104 4765 stiticati
2139 4718 2264 4765 sunt
2300 4709 2648 4777 patrocinans
2685 4725 2699 4762 :
2739 4724 2757 4757 ι
2796 4705 3085 4772 Putemus,
3124 4706 3329 4774 inquit,
3366 4705 3468 4761 {ide

1882 4800 2170 4872 iustificari
2203 4800 2478 4855 hominem
2507 4800 2625 4852 sine
2657 4797 2912 4866 operibus
2941 4796 3074 4866 legis
3106 4812 3120 4849 :
3153 4812 3220 4850 an
3249 4795 3465 4851 Judaro-

1889 4908 2008 4947 rum
2051 4891 2225 4947 solum
2266 4900 2350 4945 est
2397 4887 2560 4950 Deus,
2601 4903 2708 4940 non
2755 4895 2934 4941 autem
2982 4885 3143 4938 etiam
3190 4886 3468 4956 gentium?

204 4979 282 5047 εἷς
313 4984 438 5049 Θεὸς
491 4986 550 5049 ὃς
595 4984 876 5039 δικαιώσει
937 4985 1240 5054 περιτομὴν
1291 4985 1355 5037 ὲκ
1403 4984 1659 5047 πίστεως,
1693 4984 1773 5038 καί

1888 4994 2036 5040 certe
2065 4989 2120 5038 et
2145 4981 2411 5052 gentium.
2439 4978 2718 5046 Siquidem
2749 4991 2888 5030 unus
2915 4974 3057 5029 Deus
3087 4978 3177 5044 qui
3205 4977 3468 5044 justiﬁca.

203 5077 568 5147 ἀκροϐυστίαν
593 5077 682 5131 διὰ
703 5077 802 5147 τῆς
822 5075 1078 5138 πίστεως.
1119 5096 1137 5126 ι
1175 5075 1345 5129 Τοῦτο
1377 5075 1628 5129 ποιοῦντα
1651 5077 1786 5147 Χρι-

1888 5076 1967 5130 bit
2009 5071 2482 5130 circumcisioncm
2524 5083 2590 5122 ex
2634 5067 2758 5132 ﬁde,
2799 5075 2856 5121 et
2898 5069 3220 5136 przeputium
3268 5084 3362 5132 per
3403 5072 3468 5121 ti-

205 5168 333 5220 στὸν
356 5169 704 5240 εὑρίσκομεν.
737 5166 992 5220 Δικαιοῦν
1044 5165 1155 5235 γὰρ
1208 5167 1635 5237 ὑπισχνούμενος
1663 5168 1773 5232 τοὺς

1891 5169 2009 5222 dem
2058 5171 2100 5218 ⁷.
2141 5184 2160 5218 ι
2203 5164 2314 5219 lloc
2351 5162 2626 5217 Christum
2672 5172 2934 5231 praasmre
2974 5161 3296 5215 invenimus.
3336 5161 3466 5214 Pro-

204 5260 559 5324 πιστεύοντας
595 5261 676 5324 εἰς
709 5259 894 5323 αὐτὸν,
953 5277 970 5308 ι
1023 5257 1214 5327 Ἀμὴν,
1253 5259 1406 5327 φησὶ,
1445 5258 1587 5325 λέγω
1638 5259 1785 5328 ὑμῖν·

205 5354 234 5405 ὁ
261 5354 529 5407 πιστεύων
558 5356 638 5416 εἰς
662 5353 786 5422 ἐμὲ,
813 5354 874 5404 οὐ
903 5350 1172 5420 κρίνεται,
1204 5348 1319 5401 ἀλλ’
1342 5349 1456 5419 ἔχει
1481 5349 1625 5419 ζωὴν
1655 5349 1788 5402 αἰώ-

208 5461 351 5499 νιον.
374 5464 392 5497 ι
422 5447 485 5502 Εἰ
525 5445 583 5498 δὲ
614 5446 816 5516 πρέπει
854 5443 1000 5513 μόνῳ
1032 5443 1093 5496 τὸ
1139 5440 1383 5495 δικαιοῦν
1421 5439 1496 5511 τῷ
1529 5440 1647 5511 Θεῷ
1667 5483 1682 5507 ,
1713 5441 1791 5494 δι·-

290 5658 308 5684 ¹
355 5670 507 5710 δυαιι.
558 5656 767 5719 xvn,5.
843 5659 863 5688 ²
899 5658 1057 5712 Roui.
1093 5671 1155 5717 ιι,
1193 5653 1248 5715 5,
1291 5654 1345 5707 6.

215 5721 235 5754 '
259 5720 417 5778 Rom.
444 5743 522 5789 ιιι,
564 5729 752 5782 "28-50.
827 5727 1024 5784 'Joan.
1053 5743 1133 5791 ιιι,
1171 5726 1270 5787 l8;
1309 5741 1380 5780 vr.
1407 5721 1497 5776 47.

1423 5651 1508 5705 ‘ll
1551 5654 1679 5705 Lor.
1739 5669 1788 5713 ν,
1825 5654 1901 5706 ιυ.

1891 5261 2110 5314 mittens
2159 5256 2304 5311 enim
2359 5269 2417 5309 se
2459 5253 2887 5321 justiticaturum
2935 5253 3222 5308 credentes
3273 5254 3324 5304 in
3374 5269 3468 5314 sc,

1892 5351 2085 5420 inquit.
2121 5367 2140 5401 ι
2177 5349 2348 5401 Amen
2382 5346 2500 5400 dico
2527 5344 2700 5411 vobis,
2729 5345 2817 5414 qui
2853 5345 3026 5399 credit
3057 5344 3108 5397 in
3140 5359 3224 5396 me
3255 5359 3356 5394 non
3384 5341 3471 5408 ju-

1894 5443 2128 5506 dicatur,
2151 5439 2244 5494 sed
2269 5437 2431 5492 habet
2454 5434 2620 5491 vitam
2645 5443 2906 5490 aeternam
2946 5433 2988 5486 ⁸.
3027 5451 3046 5485 ι
3078 5434 3135 5487 Si
3162 5446 3290 5484 vero
3309 5431 3438 5497 justi
3457 5456 3471 5468 -

1971 5661 2170 5707 ‘Joau.
2205 5669 2257 5719 ν,
2311 5653 2406 5708 22.
2485 5653 2727 5708 'Mattb.
2782 5669 2909 5718 xxv,
2946 5654 3037 5710 4i.
3123 5655 3310 5712 ‘ibid.
3369 5663 3460 5716 3i.
