4026 6290
570 329 678 391 639

1794 316 2178 379 EUTHYMH
2223 312 2590 378 ZlGABENI

3681 310 3771 375 GiO

569 440 735 495 ﬁcare
760 435 861 492 soli
886 434 997 490 Deo
1014 433 1289 496 convenit,
1317 430 1583 501 jnstillcat
1636 437 1817 483 autem
1857 429 2131 489 Christus,

2249 434 2388 481 natng
2417 430 2472 481 δὲ
2516 429 2656 495 Χρισ
2692 426 2770 486 ὸς,
2805 423 2921 487 πῶς
2954 421 3055 475 οὐκ
3092 420 3209 472 ἔστι
3264 418 3423 486 φύσει
3457 419 3615 487 Θεός;
3643 422 3696 475 Ei
3725 425 3771 478 εδ

567 529 840 602 quomodo
874 543 979 583 non
1008 528 1111 580 erit
1135 536 1327 578 natura
1347 522 1527 577 Deus?
1556 523 1646 585 At,
1679 523 1723 575 si
1753 522 1854 574 hoc
1879 530 1985 582 est,
2006 534 2140 586 quo-

571 621 733 676 modo
767 634 872 673 non
914 619 984 673 sit
1013 625 1259 670 creatura
1286 614 1307 665 ί

638 712 838 766 Paulus
861 707 1065 762 alicubi
1114 708 1177 761 de
1226 716 1449 774 parente
1500 713 1689 759 nostro
1734 702 2009 757 Abraham
2063 704 2135 755 ita

570 805 741 857 dicit:
782 820 801 852 ι
832 802 935 867 Qui
966 808 1051 855 est
1090 810 1241 868 pater
1293 797 1540 852 omnium
1591 806 1864 859 nostrum,
1917 805 1979 847 ut
2002 796 2138 847 scri-

570 898 717 950 bitur
748 894 762 923 ¹
793 910 808 946 :
844 892 971 960 quia
1004 890 1215 943 Patrem
1252 890 1545 943 multarum
1577 874 1818 958 gentium
1874 887 2028 955 posui
2084 895 2135 939 te

571 998 754 1039 coram
800 982 907 1034 Deo
946 984 1039 1049 qui
1092 979 1331 1033 vivificat
1367 988 1612 1032 mortuos
1644 979 1685 1029 ⁸.
1724 995 1743 1029 ι
1784 977 1918 1030 Cum
1973 976 2139 1044 igitur

571 1073 713 1127 Deus
742 1073 955 1126 dicatur
981 1071 1257 1124 viviticare
1288 1078 1557 1136 mortuos,
1596 1084 1831 1137 cumque
1866 1066 2037 1121 Filius
2061 1067 2142 1119 di-

569 1174 694 1220 cat:
737 1183 755 1216 ι
790 1163 901 1234 Ego
923 1180 1043 1220 sum
1069 1163 1177 1217 vita
1198 1172 1219 1204 ³
1251 1182 1270 1215 ι
1297 1173 1373 1229 et,
1403 1183 1419 1214 ι
1446 1162 1547 1228 Qui
1567 1162 1741 1216 credit
1765 1165 1817 1214 in
1844 1178 1947 1226 nte,
1984 1163 2141 1215 habet

570 1256 735 1310 vitam
766 1266 1110 1321 aeternam,et
1135 1269 1236 1324 ego
1255 1255 1595 1308 resuscitabo
1618 1269 1742 1306 eum
1770 1253 1822 1304 in
1842 1253 2143 1307 novissimo

565 1351 697 1407 die‘
742 1368 757 1415 ;
813 1367 831 1401 ι
887 1359 942 1402 et
992 1360 1204 1401 rursum
1251 1359 1266 1396 :
1322 1360 1340 1393 ι
1393 1341 1503 1409 Ego
1552 1355 1668 1394 sum
1725 1341 2050 1394 resurrectio
2096 1347 2150 1393 et

565 1447 676 1499 vita
718 1449 776 1508 ’ς
820 1462 838 1495 ι
877 1441 997 1509 quis
1039 1454 1142 1493 non
1183 1436 1528 1492 conﬁteatur,
1564 1431 1724 1486 modo
1764 1446 1911 1485 sana:
1949 1432 2149 1486 mentis

567 1538 669 1602 sit,
699 1536 872 1603 ipsum
903 1548 964 1586 ex
995 1530 1230 1585 essentia
1266 1527 1444 1581 Patris
1473 1539 1625 1589 esse,
1658 1524 1934 1592 proprium
1966 1537 2029 1575 ac
2058 1536 2148 1576 ve-

570 1643 689 1681 rum
722 1626 892 1696 ipsius
922 1623 1148 1688 Filium,
1177 1635 1364 1674 omnes
1394 1618 1569 1672 Patris
1600 1614 1955 1685 proprietates
1985 1623 2144 1666 natu-

2239 522 2418 582 τοῦτο,
2450 520 2510 570 οὐ
2540 520 2744 585 ποῖημα
2772 533 2785 582 ;

2307 700 2443 767 Φησί
2487 715 2587 750 που
2627 697 2787 750 πάλιν
2817 698 2844 747 6
2882 694 3090 756 Παῦλος
3155 693 3283 763 περ)⁸
3338 692 3431 746 τοῦ
3467 695 3776 764 προπάτορος

2236 793 2395 862 ἡμῶν
2423 792 2680 859 Ἀϐραάμ
2700 806 2713 819 ο
2742 806 2761 839 ι
2791 789 2888 851 Ὃς
2917 790 3033 840 ἐστι
3061 787 3248 855 πατὴρ
3272 785 3487 839 πάντων
3514 787 3676 855 ἡμῶν,
3699 806 3779 841 κα-

2236 883 2343 945 θὼς
2373 885 2721 950 γέγραπται,
2776 880 2859 931 ὅτι
2892 876 3113 950 Πατέρα
3139 874 3352 927 πολλῶν
3384 875 3550 928 ἐθνῶν
3581 876 3777 930 τέθεικά

2236 991 2295 1026 σε
2326 974 2613 1027 κατέναντι
2640 969 2777 1023 Θεοῦ
2811 969 2906 1021 τοῦ
2930 945 3321 1029 ζωοποιοῦντος
3348 968 3473 1028 τοὺς
3504 967 3728 1035 νεκρούς.
3754 986 3770 1020 ι

2236 1063 2373 1118 Θεοῦ
2400 1060 2694 1130 τοιγαροῦν
2731 1060 3017 1125 ζωογονεῖν
3065 1056 3193 1119 τοὺς
3241 1056 3469 1124 νεκροὺς
3500 1055 3781 1125 λεγομένου,

2239 1154 2359 1210 εἶτα
2385 1156 2482 1209 τοῦ
2512 1153 2641 1207 Υἱοῦ
2675 1152 2977 1221 φάσκοντος
3002 1166 3016 1182 ο
3047 1168 3066 1201 ι
3096 1149 3238 1215 Ἐγώ
3267 1150 3383 1215 είμι
3409 1149 3441 1216 ἡ
3469 1146 3578 1216 ζωή
3603 1165 3615 1178 -
3645 1166 3662 1197 ι
3697 1148 3783 1199 πά.

2242 1249 2347 1313 λιν,
2377 1266 2393 1300 ι
2440 1247 2496 1299 '0
2519 1243 2793 1298 πιστεύων
2817 1242 2899 1303 είς
2933 1241 3052 1309 ἐμὲ,
3078 1239 3192 1308 ἔχει
3224 1237 3373 1309 ζωὴν
3400 1236 3631 1302 αἰώνιον,
3650 1238 3779 1304 κάγὼ

2252 1341 2542 1412 ἀναστήσω
2574 1340 2737 1394 αὐτὸν
2774 1341 2831 1391 ἐν
2861 1340 2928 1408 τῇ
2964 1338 3167 1406 ἐσχάτῃ
3202 1338 3417 1408 ἡμέρᾳο
3460 1355 3480 1389 ι
3520 1339 3608 1391 καὶ
3634 1340 3787 1402 πάλιν,

2257 1449 2275 1482 ‹
2324 1432 2464 1501 Ἐγώ
2503 1434 2619 1501 είμι
2650 1434 2683 1501 ἡ
2710 1432 3007 1492 ἀνάστασις
3040 1430 3135 1481 καὶ
3183 1431 3215 1498 ἡ
3273 1427 3424 1499 ζωή·
3464 1449 3483 1480 ι
3529 1430 3605 1492 τίς
3624 1431 3710 1482 οὐκ
3737 1432 3788 1483 ἄν

2252 1522 2673 1592 ὁμολογήσειεν,
2739 1520 2793 1572 εί
2825 1537 2887 1588 γε
2945 1519 3068 1571 νοῦν
3124 1518 3270 1588 ἔχοι,
3304 1520 3405 1587 τῆς
3457 1520 3634 1581 οὐσίας
3658 1520 3790 1572 αὐτὸν

2254 1612 2518 1682 ὑπάρχειν
2546 1613 2645 1681 τῆς
2665 1610 2758 1662 τοῦ
2794 1610 3005 1679 Πατρὸς
3050 1609 3272 1678 γνήσιόν
3303 1625 3365 1660 τε
3419 1608 3511 1661 καὶ
3536 1609 3790 1677 ἀληθέστα·

573 1719 758 1773 raliter
798 1719 848 1772 in
893 1732 953 1772 se
993 1713 1328 1786 gestantem?
1372 1711 1524 1777 Quod
1564 1711 1609 1764 si
1652 1724 1834 1763 verum
1876 1717 1980 1772 est,
2022 1722 2144 1777 ergo

2251 1720 2343 1757 τον
2372 1704 2636 1775 γέννημα,
2670 1702 2845 1755 πάντα
2867 1701 3031 1771 φέρον
3054 1702 3111 1752 ἐν
3145 1698 3325 1769 ἐαυτῷ
3374 1699 3606 1766 φυσικῶς
3636 1700 3693 1749 τὰ
3717 1698 3790 1750 τοῦ

573 1811 715 1865 Deus
744 1825 809 1864 ex
840 1809 950 1864 Deo
979 1819 1090 1874 est,
1122 1822 1231 1861 non
1258 1820 1386 1858 vero
1416 1818 1550 1871 opus
1579 1802 1659 1854 vel
1690 1810 1957 1855 creatura.

645 1982 844 2035 Paulus
864 1982 1163 2035 divinorum
1203 1996 1527 2035 arcanorum
1552 1982 2056 2034 administratorem
2086 1996 2151 2035 ac

571 2074 877 2131 ministrum
917 2073 1151 2139 seipsum
1188 2087 1313 2125 esse
1341 2071 1621 2125 declarans
1650 2087 1665 2126 :
1701 2090 1718 2121 ι
1748 2071 2042 2132 Audacius,
2070 2070 2153 2123 in-

572 2165 711 2234 quit,
737 2165 930 2231 scripsi
962 2163 1114 2216 vobis
1145 2179 1211 2217 ex
1235 2172 1388 2231 parte
1416 2164 1467 2216 in
1511 2162 1825 2215 memoriam
1868 2176 1963 2215 vos
1994 2162 2153 2215 redu-

574 2272 704 2308 cens
741 2270 835 2323 per
865 2254 1095 2321 gratiam
1132 2253 1317 2306 datam
1350 2254 1479 2306 mihi
1510 2267 1539 2305 a
1565 2252 1695 2317 Deo,
1727 2262 1785 2305 ut
1830 2268 2005 2307 essem
2047 2252 2150 2306 mi-

574 2348 744 2399 nister
774 2344 900 2398 Jesn
926 2344 1127 2397 Christi
1162 2344 1229 2396 ad
1258 2355 1479 2412 gentes,
1538 2345 1852 2397 ministrans
1906 2343 2151 2413 Evange-

572 2437 704 2491 lium
736 2437 851 2499 Dei,
894 2445 950 2488 ut
985 2437 1078 2489 lint
1115 2435 1319 2490 oblatio
1341 2436 1581 2504 gentium
1621 2435 1986 2503 acceptabilis,
2025 2450 2151 2489 san-

575 2526 811 2579 ctiﬁcata
840 2526 891 2577 in
922 2524 1127 2592 Spiritu
1158 2534 1349 2583 sancte
1391 2519 1432 2574 ⁸.
1479 2543 1497 2573 ι
1539 2524 1675 2577 Ecce
1699 2526 1859 2576 etiam
1894 2525 1981 2578 hic
2030 2539 2148 2577 ma-

573 2616 772 2670 nifeste
798 2630 855 2668 se
884 2630 979 2681 per
1032 2614 1261 2683 gratiam
1323 2612 1555 2665 allirmat
1620 2629 1648 2665 a
1710 2616 1816 2667 Deo
1875 2615 2150 2683 accepisse

574 2704 715 2770 quod
756 2703 827 2754 sit
858 2700 1246 2755 ministerlesu
1274 2699 1501 2754 Christi.
1532 2701 1733 2754 Deinde
1762 2703 1899 2755 sacri
1935 2705 2016 2756 sui
2048 2705 2149 2757 mi-

574 2795 783 2848 nisterii
807 2794 1069 2847 rationem
1100 2792 1407 2856 declarans,
1436 2811 1454 2843 ι
1491 2794 1541 2847 in
1564 2793 1931 2862 Evangelium,
1953 2795 2146 2863 inquit,

574 2887 667 2940 Dei
722 2886 742 2916 "
774 2926 787 2940 .
826 2903 845 2936 ι
906 2886 1065 2953 Atqui
1096 2883 1369 2939 Christum
1409 2882 1591 2937 Jesum
1640 2884 1943 2953 praedicans
1987 2896 2148 2955 atque

2251 1796 2613 1864 γεννήσαντος
2646 1794 2782 1857 lata;
2815 1794 2877 1845 Ei
2902 1793 2959 1844 δὲ
2988 1792 3166 1852 τοῦτο,
3194 1789 3328 1852 Θεὸς
3356 1792 3459 1859 ἄρα
3482 1791 3538 1842 τὸ
3569 1791 3623 1842 ἐκ
3645 1788 3787 1851 Θεοῦ,

2251 1888 2346 1938 καὶ
2372 1887 2431 1940 οὐ
2466 1886 2670 1952 κτίσμα
2700 1886 2731 1953 ἥ
2764 1885 2991 1953 ποίημα.

2324 1985 2446 2039 Τῶν
2503 1984 2661 2037 θείων
2703 1987 3019 2055 μυστηρίων
3053 1986 3338 2055 οἰκονόμον
3378 1987 3469 2039 καὶ
3523 1987 3795 2057 λειτουργὸν

2254 2075 2445 2127 ἐαυτὸν
2472 2074 2833 2126 ἀναδεικνύων
2863 2074 2890 2125 6
2921 2074 3149 2139 Παῦλος,
3215 2094 3233 2126 ι
3275 2064 3674 2147 Τολμηρότερον
3717 2078 3791 2143 δέ,

2256 2169 2440 2238 φησὶν,
2464 2166 2678 2238 ἔγραψα
2709 2169 2836 2238 ύμῖν
2858 2168 2963 2220 ἀπὸ
2989 2170 3211 2239 μέρους,
3233 2171 3311 2233 ὡς
3340 2173 3794 2243 ἐπαναμιμνήσκων

2256 2259 2399 2329 ὑμᾶς
2438 2258 2524 2312 διὰ
2560 2258 2656 2329 τὴν
2686 2260 2845 2329 χάριν
2868 2261 2967 2330 τὴν
2993 2260 3238 2314 δοθεῖσάν
3271 2280 3367 2330 μοι
3400 2263 3501 2315 ὐπὸ
3533 2263 3619 2316 τοῦ
3656 2264 3792 2326 Θεοῦ,

2252 2351 2329 2413 είς
2352 2351 2411 2401 τὸ
2432 2346 2569 2403 εἷναί
2603 2368 2671 2420 με
2703 2350 3013 2419 λειτουργὸν
3045 2352 3219 2421 Ἰησοῦ
3238 2354 3500 2424 Χριστοῦ,
3524 2358 3599 2417 είς
3615 2355 3678 2407 τὰ
3694 2356 3793 2424 ἔθνη

2255 2440 2636 2511 ἱερουργοῦντα
2665 2440 2726 2492 τὸ
2760 2440 3089 2508 Εὐαγγέλιον
3122 2441 3215 2494 τοῦ
3244 2442 3409 2507 θεοῦ,
3442 2445 3525 2496 ἴνα
3556 2446 3747 2513 γένηται
3772 2446 3796 2514 ἡ

2251 2530 2538 2601 προσφορά
2589 2531 2697 2583 τῶν
2750 2531 2916 2584 ἐθνῶν
2962 2532 3367 2602 εὐπρόσδεκτος
3429 2535 3711 2604 ἡγιασμένη
3752 2537 3797 2585 ἐν

2250 2622 2529 2692 Πνεύματι
2554 2623 2710 2693 ἁγίῳ.
2741 2643 2759 2674 ι
2793 2624 2922 2677 Ἰδοὺ
2951 2624 3110 2677 πάλιν
3136 2625 3327 2680 ἐνθάδε
3357 2628 3537 2696 σαφῶς
3559 2627 3796 2697 εἰληφέναι

2254 2713 2351 2781 μὲν
2391 2714 2447 2764 ἐν
2474 2712 2692 2783 χάριτος
2739 2713 2893 2783 μέρει
2929 2715 3080 2785 παρὰ
3114 2715 3208 2768 τοῦ
3257 2717 3397 2770 Θεοῦ
3455 2718 3796 2788 διῖσχυρίζεται

2248 2801 2309 2853 τὸ
2339 2800 2475 2855 εἶναι
2515 2803 2826 2874 λειτουργὸς
2855 2804 3028 2875 Ἰησοῦ
3046 2806 3306 2875 Χριστοῦ.
3338 2806 3468 2863 Εἶτα
3494 2811 3587 2880 τῆς
3619 2812 3798 2881 ἱερουρ-

2248 2892 2371 2959 γίας
2404 2893 2494 2945 τὸν
2535 2894 2736 2965 τρόπον
2775 2894 3158 2965 ἐξηγούμενος,
3199 2917 3216 2949 ι
3258 2900 3344 2962 εἱς
3384 2901 3444 2952 τὸ
3470 2901 3797 2968 Εὐαγγέλιον,

572 2976 1059 3045 evangelizans,ita
1085 2975 1233 3028 novit
1253 2973 1447 3027 Filium
1476 2974 1793 3028 naturaliter
1821 2978 1983 3028 Deum
2007 2990 2144 3031 esse.

2250 2984 2405 3051 φησὶ,
2433 2984 2525 3037 τοῦ
2564 2985 2719 3037 Θεοῦ.
2750 3004 2767 3036 ι
2798 2987 2997 3053 Καίτοι
3026 2988 3258 3058 Χριστὸν
3318 2991 3522 3061 Ἰησοῦν
3550 2992 3798 3061 κηρύσσων

569 3064 757 3135 Neque
799 3066 942 3119 enim
1005 3066 1330 3118 nominasset
1392 3064 1582 3127 Deum,
1623 3065 1712 3133 qui
1765 3065 1813 3118 id
1849 3081 1911 3119 ex
1957 3077 2146 3121 natura

571 3171 668 3212 sua
698 3172 801 3212 non
827 3166 964 3211 esset
991 3174 1004 3223 ;
1044 3171 1218 3224 neque
1250 3156 1353 3209 hac
1384 3156 1449 3209 de
1483 3172 1538 3209 re
1569 3166 1848 3225 tantopere
1887 3158 2147 3228 gloriare-

574 3258 660 3301 tur
732 3247 921 3302 dicens
970 3265 983 3301 :
1032 3267 1049 3298 ι
1088 3246 1486 3315 Beneplacitum
1544 3247 1647 3300 fuit
1717 3248 1826 3304 Deo
1902 3250 2145 3305 revelare

572 3335 765 3395 Filium
798 3350 953 3389 suum
986 3350 1083 3404 per
1129 3349 1213 3389 me
1285 3343 1305 3374 ⁸
1327 3378 1343 3403 ,
1366 3352 1384 3385 ι
1420 3336 1463 3391 si
1495 3347 1743 3391 creatura
1771 3348 1823 3392 et
1848 3352 1983 3407 Opus
2013 3338 2147 3394 fuis-

570 3437 676 3484 εει.

646 3524 706 3579 Si
724 3527 854 3578 enim
874 3511 2020 3595 cognovissent,inquit,rtunquamDontinum
2038 3528 2145 3598 glo-

573 3621 667 3674 ria
687 3618 1067 3683 cruciﬁxissent
1084 3622 1127 3682 ’;
1150 3618 1192 3670 si
1214 3618 1398 3686 gloriae
1416 3618 1677 3673 Dominus
1696 3635 1836 3684 esse,
1864 3622 1955 3688 qui
1984 3622 2137 3676 cruci

572 3702 793 3758 sumxns
833 3703 937 3758 fuit
985 3718 1081 3772 pro
1134 3704 1311 3767 nobis,
1359 3705 1626 3773 quomodo
1681 3722 1782 3760 non
1835 3719 1888 3762 et
1940 3717 2133 3762 natura

573 3797 711 3850 Deus
746 3796 867 3850 est?
890 3795 993 3848 Aut
1023 3799 1291 3864 quomodo
1322 3806 1557 3862 creatus,
1585 3808 1677 3850 aut
1713 3799 1885 3852 lactus
1911 3812 1989 3853 est
2021 3801 2131 3861 ille,

570 3904 729 3953 quem
766 3888 1048 3958 Seraphim
1101 3890 1413 3957 decantant,
1460 3901 1513 3947 et
1554 3893 1854 3961 celebrant,
1892 3894 2135 3949 dicentes

572 3981 788 4048 plenum
822 3996 940 4035 esse
965 3983 1184 4047 malum,
1212 3993 1263 4035 et
1303 3994 1500 4038 terram
1529 3985 1701 4051 gloria
1728 3984 1868 4054 ejus,
1905 4000 2135 4055 eumque

574 4071 856 4125 Dominum
900 4072 1137 4127 Sabaoth
1182 4074 1511 4142 appellantes
1544 4078 1610 4130 ¹⁶.
1663 4077 1796 4131 Nam
1829 4080 1969 4148 quod
2022 4081 2137 4132 hmc

571 4164 636 4215 de
666 4164 778 4231 ipso
803 4165 1005 4229 dit'ant,
1032 4181 1135 4220 non
1159 4176 1240 4220 est
1265 4167 1507 4232 dubium,
1533 4168 1815 4238 siquidem,
1853 4177 1908 4222 ut
1937 4168 2136 4224 Paulus

572 4255 666 4315 ait,
702 4264 783 4306 est
812 4256 993 4321 glorize
1027 4256 1304 4311 Dominus.

650 4365 669 4399 ι
710 4346 1030 4414 lta,inquit,
1065 4361 1161 4401 nos
1192 4346 1465 4398 existimet
1522 4345 1686 4399 homo
1753 4350 1814 4396 ut
1868 4342 2147 4397 ministros

574 4436 800 4498 Christi,
834 4445 887 4489 et
915 4437 1316 4503 dispensatores
1348 4434 1731 4503 mysteriorum
1786 4433 1877 4487 Dei
1934 4433 1997 4487 “.
2036 4454 2055 4484 ι
2088 4432 2145 4487 Si

575 4541 701 4594 ergo
739 4526 1055 4596 mysterium
1086 4524 1225 4586 Filii,
1264 4524 1580 4593 mysterium
1621 4523 1711 4577 Dei
1744 4522 1941 4577 Paulus
1966 4533 2144 4589 vocat,

576 4619 844 4685 quomodo
872 4632 975 4671 non
1003 4616 1108 4668 erit
1143 4623 1339 4667 natura
1375 4615 1536 4678 Deus,
1565 4623 1660 4667 aut
1705 4614 1977 4682 quomodo
1995 4629 2146 4668 crea-

578 4711 711 4762 turis
768 4706 1214 4763 annumerabitur
1262 4706 1307 4760 is
1371 4707 1455 4760 cui
1520 4705 1748 4773 apostoli
1798 4705 2146 4760 ministrant?

576 4800 855 4865 Quomodo
890 4809 1069 4851 autem
1104 4815 1207 4853 non
1248 4812 1435 4851 verum
1488 4798 1648 4863 dicat,
1685 4796 1777 4850 Dei
1829 4796 2146 4865 mysterium

578 4892 852 4959 appellans
883 4889 1228 4960 Evangelium
1274 4887 1501 4951 Christi,
1535 4888 1734 4957 quique
1760 4902 1950 4955 magna
1984 4886 2147 4941 animi

581 4982 771 5033 lidncia
826 4983 999 5033 dixit:
1037 5000 1055 5031 ι
1090 4981 1197 5050 Ego
1227 4980 1370 5034 enim
1424 4995 1527 5033 non
1581 4980 1758 5047 accepi
1816 4981 1882 5032 ab
1911 4980 2147 5042 homine,

581 5087 753 5139 neque
773 5072 962 5123 doctus
993 5074 1241 5133 sum,sed
1280 5089 1307 5124 a
1336 5072 1443 5125 Deo
1466 5067 1549 5123 "1
1577 5092 1595 5122 ι
1629 5075 1760 5125 Cum
1786 5072 1948 5139 igitur
1976 5086 2005 5122 a
2041 5071 2151 5125 Deo

580 5167 825 5226 odortus,
853 5163 1044 5215 Fdinm
1078 5165 1241 5216 Deum
1273 5180 1391 5217 esse
1420 5172 1698 5232 agnoscat,
1722 5165 1842 5231 quis
1870 5165 2152 5218 lmreticos

581 5257 800 5308 audiat?

657 5439 675 5470 ‹
714 5420 1004 5483 Quocirt-a,
1040 5417 1239 5485 inquit.
1282 5416 1449 5471 nolite
1481 5428 1611 5473 ante
1665 5427 1881 5492 tempus
1934 5424 2142 5492 aliquid

580 5519 849 5588 judicare,
880 5514 1055 5566 donec
1078 5509 1285 5564 venerit
1312 5510 1590 5581 Dominus,
1630 5514 1723 5583 qui
1753 5516 2150 5571 etillnminabit

2249 3074 2341 3124 καὶ
2364 3074 2864 3145 εὐαγγελιζόμενος,
2892 3076 3065 3140 οὕτως
3096 3075 3204 3131 οἶδε
3227 3079 3392 3149 φύσει
3424 3082 3550 3136 Θεὸν
3586 3084 3701 3135 ὅντα
3725 3084 3798 3135 τὸν

2248 3164 2396 3217 Υἱόν.
2432 3167 2506 3216 Οὐ
2538 3165 2644 3235 γὰρ
2676 3166 2739 3219 ἂν
2775 3167 3025 3237 ὠνόμασε
3056 3169 3186 3221 Θεὸν
3215 3170 3291 3241 μὴ
3326 3172 3481 3225 τοῦτο
3510 3173 3642 3226 κατὰ
3666 3173 3799 3241 φύσιν

2248 3249 2581 3319 ὑπάρχοντα·
2602 3252 2710 3303 οὐδ’
2732 3252 2798 3305 ἂν
2822 3253 2907 3322 ἐφ’
2936 3254 3116 3324 ἐαυτῷ
3157 3258 3291 3310 πολὺ
3331 3259 3450 3312 λίαν
3495 3262 3798 3332 ἐκαυχήσατο

2245 3341 2468 3409 λέγων,‹
2497 3343 2801 3414 Εὐδόκησεν
2826 3346 2853 3397 6
2884 3346 3014 3409 Θεὸς
3032 3348 3386 3418 ἀποκαλύψαι
3416 3351 3505 3403 τὸν
3520 3353 3636 3406 Υίὸν
3660 3352 3795 3407 αὐτοῦ

2245 3432 2313 3485 δι’
2352 3434 2507 3502 ἐμοῦ,
2546 3453 2562 3485 ι
2599 3434 2759 3505 εἴπερ
2803 3431 2870 3505 ἦν
2906 3436 3109 3507 κτίσμα
3146 3439 3241 3491 καὶ
3274 3440 3507 3512 ποίημα.

2336 3530 2400 3583 El
2416 3528 2523 3595 γὰρ
2542 3530 2835 3597 ἔγνωσαν,
2852 3532 3037 3600 φησὶν,
3055 3533 3165 3585 οὐκ
3186 3532 3597 3602 ἂντὸνΚύριον
3612 3533 3705 3599 τῆς
3716 3530 3796 3585 δό-

2262 3618 2374 3685 ξης
2395 3620 2806 3689 ἐσταύρωσαν.
2831 3621 3040 3676 Οὐκοῦν
3068 3624 3115 3675 εί
3146 3625 3246 3691 τῆς
3270 3626 3431 3697 δόξης
3458 3626 3648 3695 Κύριός
3674 3628 3797 3677 ἐστιν

2262 3712 2290 3761 6
2328 3710 2416 3763 τὸν
2451 3712 2683 3782 σταυρὸν
2716 3712 3016 3781 ὑπομείνας
3045 3715 3185 3784 ὑπὲρ
3213 3717 3377 3785 ἡμῶν
3408 3718 3550 3780 Υἱὸς,
3581 3716 3687 3777 πῶς
3714 3714 3795 3765 οὐκ

2262 3800 2378 3853 ἐστι
2424 3800 2581 3869 φύσει
2625 3800 2786 3866 Θεό;;
2831 3804 2947 3864 πῶς
2986 3802 3041 3855 δέ
3076 3803 3300 3874 κτίσμα,
3347 3808 3378 3877 ἢ
3425 3808 3624 3874 ποίημα
3663 3803 3799 3857 ὁκαὶ

2264 3890 2366 3941 ὐπὸ
2391 3892 2497 3942 τῶν
2523 3890 2773 3961 Σεραφὶμ
2797 3892 3164 3961 ὑμνούμενος
3194 3895 3381 3966 πλήρη
3410 3896 3513 3966 γὰρ
3540 3894 3667 3948 εἷναί
3685 3908 3797 3961 φασι

2264 3982 2353 4034 τόν
2383 3998 2443 4033 τε
2474 3981 2703 4051 οὐρανὸν
2723 4023 2737 4046 ,
2776 3984 2871 4035 καὶ
2908 3983 3005 4053 τὴν
3039 3989 3144 4055 γῆν
3183 3987 3281 4055 τῆς
3310 3988 3469 4059 δόξης
3499 3986 3687 4048 αὐτοῦ,
3722 3985 3799 4037 καὶ

2266 4070 2469 4142 Κύριον
2500 4072 2726 4125 Σαϐαὼθ
2749 4073 3097 4141 ὀνομάζουσι.
3127 4075 3297 4144 Δῆλον
3324 4079 3454 4145 γάρ,
3482 4080 3557 4131 ὅτι
3579 4078 3693 4140 περὶ
3718 4074 3797 4127 αύ-

2264 4164 2357 4217 τοῦ
2391 4164 2457 4218 τά
2486 4164 2711 4217 τοιαῦτά
2740 4181 2903 4232 φασιν
2923 4206 2937 4231 ,
2969 4167 3130 4236 εἰπέρ
3159 4170 3271 4220 ἐστι
3313 4171 3415 4239 τῆς
3447 4170 3598 4240 δόξης
3627 4167 3797 4237 Κύριος

2265 4258 2405 4311 κατὰ
2427 4256 2525 4325 τὴν
2555 4257 2649 4308 τοῦ
2679 4258 2891 4311 Παύλου
2921 4260 3127 4329 φωνήν.

2186 4357 2227 4411 D
2329 4356 2349 4390 ι
2401 4339 2587 4402 Οὕτω,
2645 4341 2830 4409 φησὶν,
2881 4342 3028 4411 ἡμᾶς
3082 4343 3387 4412 λογιζέσθω
3444 4343 3707 4415 ἄνθρωπος
3736 4336 3796 4399 ὡς

2251 4428 2532 4498 ὑπηρέτας
2552 4428 2813 4499 Χριστοῦ,
2846 4430 2939 4483 καὶ
2963 4433 3277 4502 οἰκονόμους
3302 4433 3611 4503 μυστηρίων
3634 4428 3790 4525 Sitti.»

2251 4522 2315 4575 Εί
2346 4522 2524 4574 τοίνυν
2562 4523 2621 4574 τὸ
2654 4522 2780 4593 περὶ
2828 4522 2924 4574 τοῦ
2949 4522 3079 4576 Υἱοῦ
3119 4526 3438 4595 μυστήριον,
3463 4522 3593 4575 Θεοῦ
3620 4517 3794 4592 μυστή-

2254 4630 2366 4682 ριον
2393 4614 2419 4664 6
2449 4611 2659 4675 Παῦλος
2694 4614 2979 4678 ἀποκαλεῖ,
3016 4615 3133 4679 πῶς
3167 4616 3264 4667 οὐκ
3292 4616 3445 4668 ἔσται
3480 4614 3630 4683 φύσει
3652 4609 3790 4671 Θεὸς,

2251 4699 2284 4771 ἢ
2326 4701 2444 4762 πῶς
2482 4703 2538 4754 ἐν
2573 4702 2843 4772 ποιήμασι
2878 4702 3159 4768 τετάξεται
3187 4706 3215 4757 6
3244 4704 3331 4757 διὰ
3373 4704 3482 4756 τῶν
3520 4699 3794 4756 ἀποστόλων

2250 4790 2721 4862 ὑπηρετούμενοςς
2757 4793 2883 4857 Πῶς
2937 4794 2993 4847 δὲ
3041 4795 3142 4847 οὐκ
3189 4795 3500 4866 ἀληθεύσει,
3539 4790 3664 4845 Θεοῦ
3712 4805 3794 4857 μυ-

2253 4883 2470 4950 στήριον
2496 4882 2777 4953 ὀνομάζων
2819 4885 2880 4938 τὸ
2933 4886 3264 4955 Εὐαγγέλιον
3316 4884 3643 4957 Χριστοῦ,ό
3682 4877 3792 4951 μετά

2250 4973 2451 5043 πολλῆς
2489 4976 2798 5047 παρρησίας
2826 4976 3016 5030 εἰπών⁹
3058 4998 3075 5029 ι
3101 4979 3233 5031 Οὐδὲ
3265 4978 3371 5049 γὰρ
3398 4978 3506 5045 ἐγὼ
3534 4976 3671 5046 παρὰ
3716 4972 3789 5023 ἀν·

2250 5062 2469 5134 θρώπου
2503 5066 2811 5136 παρέλαϐον
2854 5068 3003 5133 αὐτὸ,
3060 5070 3181 5122 οὐδὲ
3228 5070 3510 5139 ἐδιδάχθην
3535 5111 3547 5132 ,
3580 5066 3682 5120 ἀλλ’
3708 5058 3790 5115 ὑπὸ

2247 5152 2341 5204 τοῦ
2372 5154 2506 5207 Θεοῦ
2534 5155 2730 5225 δηλαδή
2752 5174 2765 5220 ;
2791 5176 2807 5207 ι
2845 5158 2974 5210 Ὅτε
3005 5158 3185 5210 τοίνυν
3212 5158 3547 5218 θεοδίδακτος
3580 5149 3788 5215 ὣν,Θεὸν

2247 5238 2375 5293 ὄντα
2412 5242 2501 5293 τὸν
2524 5242 2652 5294 Υίὸν
2679 5244 3052 5311 ἐπιγινώσκει,
3090 5248 3173 5310 τίς
3206 5247 3313 5299 τῶν
3355 5248 3518 5317 ἕτερα
3545 5240 3787 5299 διδασκόν-

2249 5345 2355 5382 των
2382 5332 2631 5397 ἀνέξεται
2655 5352 2669 5399 ;

2331 5443 2348 5473 ι
2376 5423 2561 5487 Ὥστε,
2598 5421 2751 5493 φησὶ,
2801 5419 2876 5490 μὴ
2918 5420 3026 5490 πρὸ
3060 5421 3252 5489 καιροῦ
3286 5435 3338 5471 τι
3368 5418 3597 5487 κρίνετε,
3623 5414 3715 5472 ἕως
3738 5411 3792 5460 ἀν

2257 5516 2383 5587 ἔλθη
2415 5519 2441 5567 6
2474 5496 2698 5587 Κύριος,
2727 5516 2786 5579 ὃς
2814 5515 2907 5568 καὶ
2939 5514 3166 5584 φωτίσει
3216 5513 3281 5564 τά
3325 5509 3545 5581 κρυπτά
3573 5507 3656 5561 τοῦ
3688 5506 3789 5555 σκῖ-

659 5696 673 5726 ¹
707 5695 843 5750 Gcn.
879 5713 1009 5757 xvn,
1037 5696 1088 5747 4.
1165 5698 1184 5729 ’
1217 5695 1372 5749 Rom.
1405 5693 1583 5755 tv,|6.
1610 5694 1695 5745 17.
1771 5695 1790 5726 ³
1816 5693 1971 5748 Joan.
1999 5709 2107 5755 xw,

2260 5692 2281 5723 ⁵
2309 5693 2464 5747 Joan.
2513 5707 2587 5753 \‘l,
2625 5693 2710 5749 40.
2790 5694 2810 5725 ⁸
2844 5693 3003 5749 Joao.
3030 5710 3101 5757 νι,
3150 5693 3240 5748 25.
3281 5688 3473 5743 σηοω.
3522 5682 3685 5748 xv,l5,

585 5767 607 5800 ⁷
642 5764 799 5825 llum.
826 5785 859 5831 t,
890 5768 936 5820 l.
988 5764 1203 5821 “Gal-at.
1238 5782 1274 5828 ι,
1312 5765 1487 5819 15-16.
1565 5766 1584 5797 ⁹
1611 5763 1625 5816 Ι
1657 5764 1781 5817 Cor.
1817 5780 1872 5829 II,
1906 5763 1955 5815 8.
2036 5766 2077 5795 ’⁸
2105 5762 2144 5817 Π

2272 5778 2365 5827 xtl,
2401 5766 2433 5815 2
2475 5779 2488 5824 ;

2568 5747 2778 5829 isarrvt,
2802 5747 2860 5819 3;
2897 5766 2929 5795 "
2960 5764 2977 5817 Ι
3013 5747 3217 5829 CorJv,
3252 5764 3296 5817 Ι.
3379 5762 3421 5792 ¹¹
3451 5747 3617 5814 Galat.
3650 5747 3785 5815 1.13-
