4026 6290
264 381 372 449 att
1235 388 1612 452 PANOPLIA
1655 392 2118 458 DOGMATICA.
2157 422 2222 432 —
2266 399 2415 460 TlT.
2457 399 2563 460 x1.
3419 403 3527 467 διε
3598 370 3616 382 ί

267 531 412 578 τους,
445 516 541 569 καὶ
585 513 890 585 φανερώσει
941 511 1038 575 τὰς
1090 511 1284 582 βουλὰς
1329 513 1438 566 τῶν
1467 514 1727 585 καρδιῶν,
1761 517 1856 570 καὶ

1961 525 2166 580 occulta
2197 525 2562 586 tenebrarum,
2628 533 2683 578 et
2734 523 3101 583 manifestabit
3155 527 3381 584 consilia
3409 544 3533 585 cor-

265 605 388 659 τότι
423 609 450 659 6
483 605 707 667 ἔπαινος
742 605 1031 673 γενήσεται
1087 603 1304 674 ἑκάστῳ
1333 605 1441 657 ἀπὸ
1482 605 1576 658 τοῦ
1631 605 1788 660 Θεοῦ.
1827 625 1846 658 ι

1961 617 2126 680 dium,
2158 627 2211 669 et
2245 623 2374 668 tunc
2429 613 2715 684 unicuique
2770 615 2887 670 laus
2944 617 3035 671 liet
3092 620 3158 672 ab
3201 633 3268 674 eo
3333 622 3417 674 ί.»
3473 620 3530 674 ιιι

276 696 366 747 Ἐν
395 695 453 748 δὲ
479 697 595 756 τοῖς
644 693 1020 760 Εὐαγγελίοις,
1061 693 1279 761 στήσειν
1313 694 1413 764 μὲν
1453 695 1519 748 ἐκ
1573 694 1761 758 δεξιῶν
1787 695 1857 748 τὰ

1961 706 2262 774 Evangeliis
2294 714 2470 760 autem
2498 705 2775 768 scribitur,
2805 705 2946 774 quod
3011 709 3062 760 in
3123 711 3414 767 novissimo
3444 713 3532 764 die

265 784 538 853 πρόϐατα,
580 782 640 846 ἐξ
665 783 960 851 εὐωνύμων
989 783 1044 835 δὲ
1078 785 1144 836 τά
1183 784 1371 854 ἐρίφια
1416 785 1649 854 Χριστὸς
1681 788 1854 855 ἐπαγ-

263 876 541 943 γέλλεται,
571 875 715 928 κατὰ
741 875 831 926 τὸν
849 875 1036 944 καιρὸν
1061 877 1156 944 τῆς
1185 875 1443 944 δευτέρας
1461 877 1626 928 αὐτοῦ
1653 894 1857 945 παρου-

264 963 544 1030 σίας”καὶ
579 969 703 1028 τοὺς
736 967 833 1036 μὲν
868 966 967 1034 τῆς
988 965 1218 1034 ἀνομίας
1269 966 1506 1036 ἐργάτας
1552 966 1856 1036 ἐκπέμψειν

262 1059 338 1121 είς
368 1057 434 1110 τὸ
460 1057 574 1128 πῦρ
604 1056 664 1108 τὸ
693 1055 933 1122 αἰώνιον,
969 1058 1082 1119 τοῖς
1109 1055 1163 1108 δέ
1194 1072 1256 1123 γε
1281 1055 1373 1108 τὸν
1401 1054 1571 1120 δεξιὸν
1603 1058 1856 1126 ἐπέχουσι

262 1145 430 1200 τόπον
466 1147 596 1208 τοὺς
621 1145 879 1208 ἐπαίνους
932 1145 1068 1216 ὁμοῦ
1117 1149 1230 1210 τοῖς
1281 1147 1492 1216 μισθοῖς
1529 1149 1853 1214 ἀποδώσειν,

261 1238 438 1307 λέγων
469 1237 553 1300 τὸ,
591 1255 610 1288 ι
635 1236 825 1301 Δεῦτε,
855 1239 903 1291 oi
932 1237 1290 1309 εὐλογημένοι
1348 1238 1444 1292 τοῦ
1472 1241 1683 1312 Πατρός
1720 1261 1854 1312 μου,

261 1328 721 1398 κληρονομήσατε
774 1326 872 1398 τὴν
933 1329 1342 1399 ἡτοιμασμένην
1394 1329 1522 1399 ὑμῖν
1581 1331 1858 1408 βασιλείαν

260 1420 374 1472 ἀπὸ
408 1419 724 1488 καταϐολῆς
753 1421 986 1490 κόσμου.
1020 1440 1038 1473 ι
1086 1420 1294 1474 Οὐκοῦν
1325 1424 1373 1474 εί
1406 1423 1496 1476 τὸν
1525 1425 1621 1494 τῆς
1654 1427 1858 1496 ἀρετῆς

260 1513 506 1583 ἐργάτην
547 1513 642 1575 καὶ
688 1514 1031 1583 ἐπιστήμονα
1082 1514 1390 1567 ἐπαινέσειν
1448 1517 1731 1586 μέλλοντος
1763 1520 1857 1572 τοῦ

259 1602 422 1666 Θεοῦ,
454 1603 691 1674 Χριστός
723 1607 871 1656 ἐστιν
903 1605 932 1655 6
982 1604 1242 1669 ἐπαινῶν,
1272 1605 1387 1667 πῶς
1428 1606 1580 1660 ἔσται
1611 1609 1851 1678 ποίημα,

260 1694 357 1746 καὶ
382 1693 509 1763 οὐχὶ
547 1693 748 1763 μᾶλλον
785 1693 916 1759 Θεὸς
944 1696 1008 1746 ὲκ
1041 1694 1200 1758 Θεοῦ,
1240 1696 1338 1765 τῆς
1371 1697 1628 1768 πατρῴας
1667 1700 1854 1764 οὐσίας

1957 799 2205 853 Christus
2231 813 2360 853 oves
2387 798 2453 851 ab
2482 799 2649 852 haedis
2673 799 2968 866 separabit,
3011 811 3174 867 atque
3234 817 3363 856 oves
3412 805 3530 870 qni-

1957 889 2077 942 dem
2113 904 2141 941 a
2185 889 2414 952 dextris,
2455 889 2637 942 haedos
2667 899 2847 944 autem
2880 905 2907 940 a
2936 889 3172 945 sinistris
3196 892 3479 946 collocahit
3513 913 3526 947 :

1961 981 2128 1034 malos
2191 983 2405 1048 quidem
2468 981 2732 1035 missurus
2790 980 2842 1034 in
2913 979 3091 1049 ignem
3153 992 3455 1047 arternum;
3500 1001 3529 1038 a

1958 1075 2143 1126 dextra
2179 1087 2306 1126 vero
2339 1071 2647 1126 constitutis
2665 1072 2850 1126 laudes
2877 1088 2980 1124 una
3013 1087 3134 1124 cum
3165 1075 3397 1141 prmmiis
3427 1075 3532 1128 lar-

1958 1161 2191 1230 giturus,
2225 1162 2445 1214 dicens:
2480 1179 2500 1210 ι
2541 1160 2749 1226 Venite,
2780 1161 3052 1215 benedicd
3084 1160 3266 1216 Patris
3315 1163 3441 1226 mei,
3475 1172 3532 1217 et

1959 1249 2225 1315 possidete
2259 1264 2479 1317 regnum
2521 1249 2662 1318 quod
2686 1260 2930 1315 paratum
2963 1258 3048 1303 est
3099 1251 3251 1304 vobis
3309 1265 3336 1303 a
3392 1267 3528 1306 con-

1958 1339 2238 1394 stitutione
2267 1339 2450 1393 mundi
2505 1342 2546 1391 '.
2587 1358 2607 1391 ι
2640 1337 2695 1391 Si
2729 1355 2858 1409 ergo
2887 1355 3010 1394 cum
3044 1341 3262 1395 virtutis
3289 1342 3530 1398 cultores

1958 1432 2206 1486 laudibus
2235 1430 2524 1486 affecturus
2556 1441 2640 1486 est
2669 1433 2833 1494 Deus,
2861 1432 3111 1487 Christus
3139 1443 3222 1486 est
3266 1435 3357 1502 qui
3411 1434 3531 1488 latt-

1957 1524 2072 1588 dat,
2103 1526 2375 1593 quomodo
2401 1525 2471 1579 sit
2501 1533 2771 1590 creatura,
2795 1536 2849 1580 et
2880 1541 2988 1579 non
3044 1526 3224 1596 potius
3282 1525 3422 1580 Deus
3461 1543 3529 1582 ex

1958 1615 2092 1680 Deo,
2130 1616 2436 1670 universam
2455 1625 2690 1682 paternae
2753 1617 3003 1672 essentiae
3052 1617 3442 1685 proprietatem
3475 1619 3527 1670 in

1957 1720 2018 1762 se
2049 1708 2250 1764 habens
2271 1717 2436 1775 atque
2463 1707 2666 1761 idcirco
2697 1708 2834 1761 Deus
2863 1708 3152 1771 exsistens,
3198 1709 3417 1777 perinde
3451 1717 3532 1762 at-

257 1782 381 1835 ὅλον
405 1783 550 1852 ἔχων
599 1784 660 1837 τὸ
719 1785 872 1850 ἴδιον,
909 1785 1002 1837 καὶ
1050 1783 1124 1836 ὣν
1168 1784 1258 1838 διὰ
1311 1788 1467 1840 τοῦτο
1502 1791 1661 1856 φύσει
1696 1791 1849 1858 Θεὸς,

1961 1814 2061 1868 quo
2099 1798 2214 1868 ipse
2231 1798 2432 1855 Pater?

256 1871 456 1941 ὥσπερ
499 1875 593 1926 καὶ
621 1877 648 1926 6
676 1878 944 1943 γεννήσας
991 1876 1186 1937 αὐτόν;

343 1990 360 2021 ι
399 1973 475 2023 Ub
505 1973 613 2040 γὰρ
645 1971 871 2039 θέλομεν
904 1969 1068 2038 ὑμᾶς,
1121 1970 1309 2038 φησὶν.
1345 1969 1578 2036 ἀγνοεῖν,
1610 1968 1848 2038 ἀδελφοὶ,

255 2065 402 2132 ὑπὲρ
433 2063 535 2132 τῆς
565 2061 792 2131 Θλίψεως
843 2062 1000 2132 ἡμῶν
1033 2061 1131 2130 τῆς
1155 2060 1450 2130 γενομένης
1495 2061 1551 2112 ὲν
1575 2063 1638 2130 τῇ
1673 2063 1848 2132 Ἀσίᾳ,

251 2157 339 2208 ἔτι
367 2156 495 2208 καθ’
525 2153 828 2225 ὑπερϐολὴν
863 2153 1004 2222 ὑπὲρ
1042 2152 1272 2221 δύναμιν
1300 2151 1670 2222 έὸαρήθημεν,
1705 2152 1846 2208 ὥστε

249 2243 674 2314 ἐξαπορηθῆναι
703 2245 849 2314 ἡμᾶς
873 2243 966 2295 καὶ
1003 2240 1096 2294 τοῦ
1141 2241 1261 2310 ζῇν·
1314 2239 1430 2292 ἀλλ’
1463 2241 1616 2293 αὐτοὶ
1659 2242 1715 2294 ἐν
1747 2246 1848 2295 αὐ-

247 2339 372 2398 τοῖς
398 2336 463 2388 τὸ
491 2336 779 2405 ἀπόκριμα
825 2333 918 2386 τοῦ
970 2331 1202 2384 θανάτου
1241 2331 1580 2400 ἐσχήκαμεν,
1638 2331 1727 2384 ἵνα
1772 2331 1850 2402 μὴ

251 2426 592 2488 πεποιθότες
643 2421 793 2495 ὦμεν
821 2422 910 2492 ἐφ’
935 2424 1170 2486 ἑαυτοῖς,
1225 2418 1342 2474 ἀλλ’
1383 2422 1478 2474 ἐπὶ
1522 2420 1600 2490 τῷ
1630 2411 1850 2491 Θεῷτῷ

2025 1985 2047 2020 ι
2082 1965 2365 2036 Nolumus,
2387 1969 2583 2041 inquit,
2601 1986 2698 2027 vos
2727 1973 2995 2041 ignorare,
3019 1975 3237 2044 fratres,
3270 1981 3334 2033 de
3358 1983 3535 2038 tribu-

1957 2057 2158 2111 latione
2185 2068 2369 2112 nostra
2392 2059 2533 2113 facta
2558 2059 2609 2114 in
2639 2061 2787 2125 Asia,
2823 2064 3073 2130 quoniam
3106 2080 3265 2134 supra
3314 2070 3531 2126 modum

1954 2150 2161 2217 gravati
2203 2165 2390 2205 sumus
2411 2167 2573 2221 supra
2609 2153 2887 2218 virtutem,
2918 2156 2990 2209 ita
3017 2166 3073 2210 ut
3107 2160 3325 2213 taederet
3366 2163 3529 2216 etiam

1954 2253 2053 2292 nos
2082 2240 2300 2292 vivere:
2341 2243 2435 2295 sed
2487 2243 2587 2310 ipsi
2634 2242 2686 2296 in
2743 2243 3144 2314 nobismetipsis
3212 2242 3529 2320 responsum

1955 2331 2144 2385 mortis
2174 2331 2556 2396 habuimus,ut
2588 2349 2692 2388 non
2724 2335 3134 2392 simuslidentes
3157 2337 3210 2391 in
3244 2340 3529 2402 nobis,sed

1955 2421 2006 2473 in
2032 2420 2143 2475 Deo
2178 2423 2268 2490 qui
2302 2424 2528 2476 suscitat
2554 2435 2801 2479 mortuos
2845 2428 2887 2479 ³.
2921 2443 2938 2475 ι
2966 2427 3102 2482 Ecce
3162 2427 3350 2485 rursus
3439 2430 3528 2486 hic

257 2505 549 2572 ἐγείροντι
582 2503 708 2565 τοὺς
743 2504 988 2573 νεκρούς.
1023 2524 1040 2556 ι
1095 2506 1224 2559 Ἰδοὺ
1259 2508 1424 2562 πάλιν
1447 2509 1633 2564 ἐνθάδε
1662 2515 1851 2580 σαφῶς

256 2595 410 2649 Θεὸν
439 2591 582 2648 εἶναί
616 2612 752 2665 φησι
782 2597 871 2648 τὸν
905 2598 1186 2666 ἐγείροντα
1232 2601 1355 2663 τοὺς
1399 2597 1646 2671 νεκρούς.
1678 2601 1852 2656 Τοῦτο

257 2684 332 2737 δὲ
384 2682 629 2750 Χριστὸς
677 2684 993 2753 ἐργάζεται,
1051 2688 1248 2756 λέγων,
1290 2691 1413 2743 κοτὲ
1451 2695 1584 2760 μέν’
1647 2711 1666 2745 ι
1709 2694 1850 2761 Ἐγὼ

257 2773 389 2840 εἰμι
422 2774 458 2843 ή
490 2773 786 2835 ἀνάστασις
819 2775 966 2844 καὶὴ
1010 2777 1122 2850 ζωή
1146 2796 1161 2810 ·
1203 2798 1222 2831 ι
1258 2781 1387 2835 ποτε
1419 2783 1474 2835 δὲ
1509 2782 1701 2836 πάλινο
1735 2803 1753 2835 ι
1793 2787 1849 2838 Ὀ

257 2865 554 2918 πιστεύων
573 2867 654 2928 είς
682 2866 800 2936 ἐμὲ,
823 2869 933 2937 ἔχει
959 2866 1103 2939 ζωὴν
1132 2871 1371 2938 αἰώνιον,
1389 2875 1541 2943 κάγὼ
1557 2877 1847 2948 ἀναστήσω

1952 2527 2142 2585 aperte
2175 2520 2255 2571 ait
2290 2517 2460 2570 Deum
2492 2533 2617 2574 esse
2647 2521 2738 2588 qui
2777 2521 3004 2576 suscitat
3040 2531 3300 2576 mortuos.
3334 2517 3389 2571 id
3425 2534 3522 2570 au—

1954 2617 2061 2662 tem
2093 2607 2346 2663 Christus
2377 2607 2527 2671 facit,
2562 2609 2761 2681 alicubi
2809 2611 3025 2679 quidem
3067 2610 3254 2664 dicens
3293 2626 3304 2661 :
3348 2626 3366 2659 ι
3407 2607 3520 2678 Ego

1952 2713 2070 2752 sum
2119 2699 2451 2754 resurrectio
2502 2709 2554 2754 et
2601 2701 2713 2753 vita
2747 2699 2802 2764 ις
2841 2719 2860 2752 ι
2900 2701 3100 2754 alicubi
3151 2714 3322 2754 vero:
3357 2719 3375 2750 ι
3415 2697 3520 2766 Qui

1953 2789 2128 2844 credit
2159 2789 2212 2843 in
2241 2804 2350 2854 me,
2392 2789 2558 2844 habet
2593 2791 2758 2844 vitam
2801 2803 3083 2855 aeternam,
3123 2801 3176 2846 et
3207 2807 3306 2860 ego
3338 2792 3519 2845 susci-

1955 2881 2081 2936 tabo
2121 2896 2242 2934 eum
2297 2881 2352 2934 in
2403 2881 2701 2935 novissimo
2747 2883 2834 2936 die
2864 2883 2904 2935 ⁸.
2945 2901 2962 2932 ι
3015 2881 3182 2936 Filius
3225 2882 3406 2949 itaque
3437 2887 3522 2935 est

257 2960 442 3012 αὐτὸν
477 2960 540 3011 ἐν
578 2961 642 3028 τῇ
693 2960 898 3031 ἐσχάτῃ
939 2961 1143 3032 ἡμέρᾳ.
1176 2981 1194 3012 ι
1259 2963 1394 3027 Θεὸς
1447 2963 1538 3019 οὖν
1574 2966 1680 3037 ἄρα
1712 2972 1854 3021 κατά

1961 2985 2150 3026 natura
2207 2969 2368 3035 Dens,
2417 2974 2616 3042 quippe
2663 2974 2752 3040 qui
2797 2989 2860 3028 ea
2911 2973 3140 3027 faciendi
3196 2980 3519 3042 potestatem

259 3051 443 3120 φύσιν
477 3051 507 3102 6
546 3051 695 3112 Υἱὸς,
741 3052 985 3121 ἐνεργεῖν
1018 3052 1346 3121 δυνάμενος,
1395 3054 1433 3108 ἃ
1465 3057 1612 3127 μόνῳ
1657 3059 1854 3128 πρέπει

1961 3064 2118 3117 habet
2146 3078 2264 3130 qua:
2296 3063 2399 3117 soli
2434 3065 2543 3119 Deo
2576 3066 2849 3118 convenit.
2883 3064 2996 3118 Non
3034 3075 3112 3119 est
3150 3081 3277 3134 ergo
3306 3078 3524 3122 creatu-

257 3141 417 3208 Θεῷ.
458 3141 671 3194 Οὐκοῦν
702 3142 760 3193 οὐ
793 3145 1023 3210 ποίημα,
1043 3142 1163 3195 οὐδὲ
1195 3144 1427 3218 κτίσμα,

1961 3169 2037 3216 ra,
2074 3169 2250 3222 neque
2276 3169 2433 3222 opus.

337 3229 435 3296 Τῷ
463 3231 538 3283 δὲ
562 3230 682 3294 Θεῷ
703 3230 874 3300 χάρις
896 3229 976 3295 τῷ
1004 3232 1262 3287 πάντοτε
1277 3236 1685 3303 θριαμϐεύοντι
1702 3239 1857 3307 ἡμᾶς

2027 3245 2155 3306 Deo,
2190 3246 2381 3314 inquit,
2416 3247 2616 3316 gratias
2659 3248 2749 3315 qui
2786 3263 2988 3316 semper
3035 3248 3318 3317 triumphat
3352 3267 3443 3304 nos
3467 3252 3523 3305 in

257 3323 331 3376 ἐν
362 3322 453 3384 τῷ
474 3320 727 3389 Χριστῷ,
753 3323 849 3375 καί
880 3322 993 3390 τὴν
1013 3323 1214 3392 ὀσμὴν
1235 3325 1346 3393 τῆς
1366 3328 1640 3396 γνώσεως
1669 3329 1856 3384 αὐτοῦ

1961 3335 2170 3392 Christo
2192 3339 2337 3406 λεια,
2384 3349 2432 3391 et
2461 3339 2670 3392 odorem
2711 3339 2914 3392 notitia:
2943 3354 3054 3394 sua
3096 3341 3398 3410 manifestat
3430 3358 3523 3411 per

258 3413 639 3484 φανεροῦντι
664 3413 736 3465 δι’
764 3413 951 3481 ἡμῶν.
988 3417 1047 3468 ’0
1081 3417 1482 3490 φανερούμενος
1521 3420 1609 3474 διά
1656 3439 1716 3475 τε
1751 3423 1859 3474 τῶν

1961 3446 2053 3484 nos
2091 3433 2126 3482 °.
2156 3429 2254 3496 Qui
2289 3430 2600 3500 apostolicis
2621 3438 2675 3486 et
2706 3431 3030 3502 evangelicis
3053 3433 3524 3500 praedicationibus

260 3505 658 3563 άποστολικῶν
683 3508 774 3560 καὶ
795 3507 1165 3575 εὐαγγελικῶν
1181 3513 1553 3580 κηρυγμάτων
1569 3512 1650 3576 τίς
1681 3513 1747 3567 ἂν
1772 3517 1858 3586 εἰη

1961 3521 2361 3586 manifestatur,
2397 3523 2485 3591 qui
2522 3523 2658 3576 alius
2698 3532 2801 3586 est,
2834 3524 2934 3577 nisi
2963 3524 3254 3580 Christus?
3287 3527 3400 3596 ipse
3437 3529 3524 3582 ni-

259 3600 466 3669 ῑτερος
495 3597 651 3668 παρὰ
679 3598 948 3676 Χριστόν;
976 3601 1144 3664 Αὐτὸς
1175 3603 1462 3672 τοιγαροῦν
1481 3606 1628 3656 ἐστιν
1656 3607 1686 3674 ή
1714 3606 1859 3677 ὀσμὴ

1964 3613 2156 3666 mirum
2186 3621 2270 3665 est
2297 3612 2430 3665 odor
2455 3614 2660 3666 notitiae
2688 3611 2804 3677 Dei,
2837 3624 2890 3666 et
2917 3611 3091 3668 Patris
3127 3631 3144 3669 :
3176 3612 3344 3668 Nemo
3365 3617 3522 3683 enim,

261 3690 366 3757 τῆς
401 3687 667 3755 γνώσεως
701 3688 796 3740 τοῦ
834 3689 970 3742 Θεοῦ
1001 3691 1096 3744 καὶ
1129 3692 1339 3762 Πατρὸς
1374 3695 1514 3749 κατά
1542 3701 1603 3747 τὸ
1635 3697 1859 3767 είρημέ-

1965 3703 2162 3772 inquit,
2198 3704 2334 3756 venit
2379 3702 2448 3756 ad
2489 3703 2722 3767 Patrem,
2754 3704 2856 3756 nisi
2899 3719 2990 3771 per
3021 3721 3102 3758 me
3125 3708 3162 3756 ⁷.
3197 3703 3260 3756 Et
3285 3720 3523 3760 rursum:

262 3799 357 3836 νον
389 3781 537 3851 παρ’
563 3780 724 3836 αὐτοῦ
756 3781 964 3847 Οὐδεὶς
993 3782 1230 3852 ἔρχεται
1257 3784 1404 3850 πρὸς
1431 3786 1536 3859 τόν
1564 3785 1788 3852 Πατέρα
1812 3791 1859 3841 εί

1965 3793 2068 3859 Qui
2102 3795 2231 3848 vidit
2266 3810 2364 3857 me,
2399 3793 2593 3863 inquit,
2632 3796 2760 3848 vidit
2785 3793 2999 3847 Patrem
3039 3799 3078 3848 ⁸.
3101 3795 3232 3848 Cum
3267 3796 3434 3862 igitur
3458 3799 3527 3849 sit

258 3876 349 3943 μὴ
405 3873 488 3926 δι’
530 3873 693 3942 ἐμοῦ.
729 3876 836 3927 Καὶ
868 3875 1051 3938 πάλιν,
1097 3876 1160 3928 ὐ
1194 3875 1465 3943 ἑωρακὼς
1506 3877 1611 3946 ἐμὲ
1643 3878 1859 3946 ἑώρακε

1963 3887 2097 3940 odor
2130 3884 2328 3948 Patris,
2362 3900 2467 3939 non
2501 3894 2583 3938 est
2620 3886 2856 3939 essentia
2903 3883 3149 3937 diversus
3186 3885 3252 3936 ab
3286 3899 3372 3945 eo,
3431 3887 3527 3937 sed

264 3965 382 4017 τὸν
407 3963 670 4030 Πατέρα.
719 3964 890 4034 Ὀσμὴ
927 3962 1212 4036 τοιγαροῦν
1242 3965 1500 4036 ὑπάρχων
1532 3967 1625 4018 τοῦ
1653 3968 1859 4037 [la-.96;

1965 3978 2413 4046 quemadmodum
2465 3976 2636 4030 bonus
2677 3979 2810 4031 odor
2844 3975 3038 4030 ﬂorum
3097 3979 3416 4031 naturaliter
3461 3977 3528 4030 ah

263 4058 326 4109 οὐ
357 4055 473 4108 κᾶν
510 4055 599 4124 εἴη
629 4055 764 4124 πρὸς
793 4056 953 4110 αὐτὸν
979 4057 1335 4126 ὲτεροοῦσιος,
1370 4058 1485 4110 ἀλλ’
1511 4057 1699 4128 ὥσπερ
1741 4062 1774 4130 ή
1804 4061 1859 4127 ἐξ

1969 4066 2101 4136 ipsis
2124 4067 2444 4137 preveniens
2471 4067 2676 4121 indicat
2719 4067 2868 4122 ﬂoris
2894 4083 3080 4137 genus,
3106 4070 3244 4122 unde
3274 4079 3528 4137 tanquam

266 4151 490 4204 ἀνθέων
535 4148 731 4200 εὐωδία
755 4149 1018 4216 ζφυσικῶς
1050 4164 1111 4201 τε
1147 4149 1241 4200 καὶ
1269 4149 1546 4211 οὑσιωδῶς
1588 4153 1859 4221 προεκκύ-

1965 4175 2029 4214 ex
2071 4171 2224 4230 patre
2257 4168 2418 4213 natus
2445 4168 2549 4224 est,
2583 4160 2662 4214 sic
2691 4170 2746 4215 et
2792 4157 2963 4214 Filius
2996 4162 3247 4214 essentia:
3291 4172 3531 4230 paternae

269 4256 494 4293 πτουσα
545 4237 639 4291 τοῦ
673 4241 1034 4306 γεννήσαντος
1065 4238 1236 4309 αὐτὴν
1275 4239 1447 4303 εἴδους
1485 4241 1634 4294 ἐστὶν
1661 4243 1859 4310 ἐκφαν-

1961 4268 2027 4306 ex
2059 4267 2164 4322 qua
2192 4252 2308 4320 ipse
2337 4252 2558 4319 quidam
2589 4251 2750 4306 veluti
2790 4253 2922 4306 odor
2948 4252 3250 4322 genitorem
3290 4253 3530 4308 declarat

265 4333 431 4398 τικὴ.
465 4331 610 4382 οὕτω
640 4331 734 4384 καὶ
761 4332 788 4383 6
817 4329 944 4392 Υἱὸς
973 4330 1120 4399 ὀσμή
1151 4347 1233 4394 τις
1260 4330 1450 4402 ὥσπερ
1477 4332 1574 4400 τῆς
1607 4333 1859 4404 πατρῴαις

1961 4361 2143 4401 suum.
2171 4343 2288 4399 Non
2321 4345 2484 4414 igitur
2513 4343 2711 4411 factus,
2752 4359 2852 4400 nec
2886 4355 3101 4401 creatus
3131 4384 3147 4411 ,
3170 4348 3388 4416 quando
3427 4362 3528 4402 nec

269 4424 550 4494 ὑπάρχων
571 4421 780 4491 οὐσίας,
801 4424 893 4489 ἀφ’
930 4417 999 4494 ἧς
1026 4424 1195 4483 ἐστιν,
1224 4422 1387 4485 αὐτὸς
1411 4423 1499 4474 τὸν
1531 4426 1859 4494 γεννήσαντα

1962 4437 2225 4504 ejusmodi
2261 4434 2420 4488 Pater
2447 4443 2550 4489 est.

268 4515 452 4582 δηλοῖ.
488 4513 697 4565 Οὐκοῦν
719 4513 780 4564 οὐ
803 4512 1032 4581 ποίημα,
1062 4512 1180 4564 οὐδὲ
1197 4512 1425 4581 κτίσμα,
1451 4515 1572 4567 ἐπεὶ
1604 4516 1677 4585 μὴ
1704 4515 1862 4571 τοῦτό

273 4608 435 4658 ἐστιν
469 4606 498 4656 6
533 4604 740 4672 Πατήρ.

352 4723 370 4754 ι
431 4700 687 4769 Γνωρίζω
736 4701 794 4753 δὲ
852 4700 998 4769 ὑμῖν,
1050 4697 1292 4764 ἀδελφοὶ,
1340 4694 1401 4746 τὸ
1450 4692 1782 4760 Εὐαγγέλιον
1812 4688 1859 4742 τί

2032 4717 2053 4751 ι
2087 4696 2366 4770 Significo,
2399 4694 2596 4764 inquit,
2633 4689 2807 4756 vobis,
2838 4686 3036 4741 fratres
3059 4724 3076 4751 ,
3110 4684 3255 4753 quod
3281 4680 3530 4752 Evange-

272 4792 676 4861 εὐαγγελισθὲν
726 4791 817 4843 ὑπ’
860 4788 1016 4858 ἐμοῦ,
1065 4790 1145 4842 ὅτι
1191 4787 1293 4840 οὐκ
1329 4785 1444 4836 ἔστι
1485 4784 1623 4864 κατὰ
1658 4781 1859 4850 ἄνθρω-

1961 4793 2108 4858 lium,
2145 4791 2288 4860 quod
2325 4804 2353 4842 a
2391 4802 2477 4841 me
2507 4785 2661 4839 vobis
2683 4780 3110 4851 evangelizatum
3145 4783 3271 4864 est,
3305 4783 3532 4864 nonest

277 4903 404 4939 πον.
436 4882 572 4935 Οὐδὲ
599 4882 708 4952 γάρ
733 4879 848 4948 ἐγὼ
879 4879 1027 4949 παρὰ
1062 4876 1347 4947 ἀνθρώπου
1379 4861 1689 4944 παρέλαϐον
1719 4870 1859 4934 αὐτὸ1

1961 4879 2256 4935 secundum
2287 4875 2582 4930 hominem.
2621 4871 2732 4941 Ego
2757 4868 2902 4923 enim
2934 4880 3040 4921 non
3075 4862 3262 4932 accepi
3304 4861 3444 4952 illud,
3464 4862 3533 4916 ab

1961 4972 2202 5035 homine,
2253 4968 2347 5022 sed
2388 4981 2484 5035 per
2537 4962 2919 5019 revelationem
2968 4955 3095 5013 Jesu
3140 4953 3341 5011 Christi
3429 4951 3472 5007 ’.
3507 4971 3528 5006 ι

1966 5061 2252 5120 Videamus
2283 5060 2466 5128 itaque
2499 5055 2626 5126 quid
2659 5054 2725 5108 de
2751 5049 2893 5106 Filio
2927 5048 3091 5115 dicat,
3139 5047 3230 5116 qui
3259 5061 3288 5099 a
3319 5043 3537 5100 Christo

1965 5154 2279 5221 mysterium
2313 5147 2516 5204 Christi
2567 5145 2758 5200 didicit
2794 5159 2809 5197 :
2849 5141 3070 5204 «Jesus,
3108 5139 3304 5208 inquit,
3333 5137 3452 5192 heri
3485 5142 3539 5188 et

1967 5242 2149 5302 hodie,
2183 5241 2298 5308 ipse
2326 5238 2488 5292 etiam
2515 5236 2568 5291 in
2595 5235 2792 5291 saecula
2832 5233 2892 5288 '°.
2934 5253 2952 5285 ι
2989 5233 3131 5286 Ecce
3163 5244 3323 5300 quam
3355 5236 3539 5295 aperte

1969 5335 2280 5404 proliletur,
2309 5331 2583 5386 Christum
2613 5327 2964 5383 immutabilis
2985 5333 3192 5378 natura:
3224 5334 3344 5374 esse
3363 5335 3378 5382 ;
3397 5317 3538 5386 quod

1968 5425 2186 5496 quidem
2221 5423 2321 5477 soli
2351 5422 2462 5476 Deo
2481 5437 2545 5476 ac
2579 5421 2724 5475 Patri
2750 5417 3028 5489 pr0prium
3057 5420 3161 5479 est,
3209 5423 3385 5478 neque
3422 5407 3540 5460 cni-

1972 5530 2132 5585 quam
2168 5522 2433 5569 creatura:
2463 5513 2734 5580 congruit.
2774 5507 3070 5575 Quocirca,
3121 5503 3166 5557 si
3216 5501 3362 5555 solus
3397 5498 3540 5550 Deus

1979 5623 2042 5664 ac
2113 5605 2276 5660 Pater
2329 5614 2414 5659 est
2471 5601 2867 5664 immutabilis,
2935 5596 3107 5651 Filius
3177 5602 3358 5647 autem
3407 5589 3538 5660 ejus-

276 4976 404 5028 οὐδὲ
446 4971 753 5042 ἐδιδάχθην,
789 4970 927 5023 ἀλλὰ
973 4970 1039 5022 δι’
1083 4965 1476 5034 ἀποκαλύψεως
1530 4961 1706 5033 Ἰησοῦ
1736 4964 1872 5034 Χρι-

278 5066 433 5120 στοῦ.
478 5085 496 5117 ι
538 5065 770 5135 Ἴδωμεν
802 5063 980 5115 τοίνυν
1028 5060 1082 5113 τί
1132 5060 1263 5130 περὶ
1307 5057 1402 5110 τοῦ
1455 5056 1582 5109 Υίοῦ
1634 5073 1796 5124 φησιν
1846 5057 1874 5108 6

277 5159 415 5228 παρ’
452 5157 618 5211 αὐτοῦ
650 5157 713 5210 τὸ
762 5155 894 5225 περὶ
939 5152 1103 5206 αὐτοῦ
1141 5148 1477 5222 μεμαθηκὼς
1535 5149 1873 5219 μυστήριον·

283 5267 303 5300 α
357 5247 573 5317 Ἰησοῦς
599 5247 858 5319 Χριστὸς,
883 5245 1043 5316 φησὶ,
1069 5243 1197 5314 χθὲς
1229 5243 1325 5294 καὶ
1374 5244 1614 5311 σήμερον
1656 5242 1686 5292 6
1716 5240 1879 5303 αὐτὸς

281 5341 382 5394 καὶ
417 5341 499 5400 εἰς
547 5339 671 5400 τοὺς
708 5337 932 5399 αἰῶνας.
989 5354 1008 5387 ι
1056 5334 1186 5387 Ἰδοὺ
1223 5333 1408 5401 σαφῶς
1438 5333 1498 5384 τὸ
1538 5335 1594 5384 ὲν
1627 5332 1882 5403 ἀτρέπτῳ

281 5433 384 5484 καὶ
417 5432 812 5502 ἁμεταποιήτῳ
847 5428 1004 5496 φύσει
1037 5425 1250 5479 κεῖσθαι
1287 5423 1377 5476 τὸν
1426 5424 1554 5476 Υίὸν
1592 5421 1879 5492 ὀμολογεῖ’

283 5523 429 5592 ὅπερ
465 5521 597 5573 ἴδιον
630 5521 792 5590 μόνου
822 5517 959 5572 Θεοῦ
1005 5518 1099 5588 val.
1149 5514 1378 5586 Πατρὸς,
1407 5514 1582 5584 ἑτέρῳ
1617 5513 1672 5565 δὲ
1707 5513 1880 5582 πρόσ-

285 5631 413 5668 εστι
467 5614 576 5667 τῶν
632 5612 873 5682 γενητῶν
911 5611 1108 5665 οὐδενί.
1159 5607 1370 5661 Οὐκοῦν
1418 5609 1467 5660 εί
1521 5606 1676 5676 μόνος
1719 5606 1882 5674 ἄτρε-

367 5748 593 5822 ‘7lCor.
625 5768 698 5816 Iv,
726 5755 780 5808 5.
858 5755 878 5786 ²
917 5751 1107 5807 Matth.
1144 5765 1268 5814 xxv,
1305 5751 1367 5806 ’51
1412 5766 1563 5822 seqq.
1634 5752 1663 5822 7'
1691 5752 1707 5806 l
1738 5751 1859 5805 The:

1969 5763 2045 5822 IV,
2068 5745 2169 5822 με.
2203 5745 2458 5822 __‘__Jo_an.
2497 5761 2572 5804 xi.
2603 5745 2694 5822 ἓξ.
2770 5746 2790 5778 ³
2813 5743 2970 5798 Joan.
3003 5758 3078 5811 vr,
3122 5742 3214 5800 40.
3291 5741 3310 5773 ⁶
3339 5740 3385 5795 ll
3416 5739 3542 5800 Cor.

295 5838 360 5885 ιι,
391 5821 480 5887 Η,
521 5823 603 5877 i5.
678 5824 695 5853 ⁷
737 5824 893 5879 Joan.
942 5837 1050 5887 xw,
1084 5822 1134 5876 6.
1214 5823 1234 5854 ⁸
1263 5823 1397 5877 ibid.
1435 5815 1582 5875 95"
1615 5821 1789 5877 Galat.
1833 5837 1859 5887 ιἔ

1979 5858 1992 5884 ,
2028 5817 2114 5872 19..
2201 5817 2242 5849 ¹⁰
2277 5815 2444 5871 Hebr.
2483 5832 2602 5882 xm,
2651 5816 2705 5872 8.
