4026 6290
1722 426 2108 487 summu
2149 423 2501 482 ZIGABENI
3649 423 3743 485 δίη

507 444 615 509 6l3

512 558 633 609 dem
671 553 830 621 plane
861 558 1090 611 naturae,
1130 547 1329 616 quippe
1360 545 1451 613 qtti
1483 555 1696 610 semper
1726 541 1960 608 idipsutn
1995 548 2076 590 est

2180 553 2308 597 πςος
2339 537 2366 586 6
2397 534 2527 597 Θεὸς
2559 535 2650 585 καὶ
2686 534 2893 602 Πατὴρ,
2922 534 2977 585 ἐν
3004 537 3290 601 ταυτότητι
3317 534 3372 587 δὲ
3400 535 3616 605 φύσεως
3648 539 3741 589 καὶ

503 645 648 717 quod
700 644 880 720 Pater,
924 639 1198 711 quouiodo
1254 637 1426 707 possit
1474 649 1596 688 esse
1652 642 1921 694 creatura,
1982 630 2072 698 qui

2179 631 2211 681 ὁ
2241 628 2386 690 Υἱὸς,
2426 628 2511 679 ἀεὶ
2539 626 2700 679 τοῦτο
2740 626 2816 679 ὢν
2855 626 2993 695 ὅπερ
3021 626 3168 678 ἐστὶν
3199 629 3227 678 6
3258 630 3525 697 γεννήσας
3557 630 3744 694 αὐτὸν,

507 714 966 795 solusineii’anilis
996 731 1249 786 essentia;
1311 729 1525 782 ratione
1572 724 1719 779 Patri
1772 722 2081 777 consimilis

2182 719 2299 781 πῶς
2331 718 2398 772 ἂν
2426 719 2510 788 εἴη
2557 720 2666 771 τῶν
2720 718 2966 787 γενητῶν
3001 714 3103 783 εἷς,
3138 720 3165 770 6
3203 719 3362 787 μόνος
3396 720 3474 790 τῷ
3518 721 3752 789 φῦσαν-ιι

507 842 612 892 est,
658 833 908 898 idemque
962 828 1262 880 secundum
1314 832 1561 875 naturam
1614 828 1769 874 suam
1819 814 2079 885 estquod

2183 810 2327 864 κατά
2355 811 2448 863 τὸν
2480 812 2758 880 ἄφραστον
2787 810 2891 879 τῆς
2921 810 3108 874 οὐσίας
3139 811 3295 880 λόγον
3347 813 3751 881 ἁμιλλώμενος,

507 922 692 984 Pater,
728 936 790 973 eo
820 919 939 973 solo
980 925 1208 985 excepto
1244 914 1389 984 quod
1426 927 1535 966 non
1571 912 1641 967 sit
1678 909 1874 964 Pater?

2186 905 2282 955 καὶ
2309 902 2468 954 τοῦτο
2503 900 2579 954 ὢν
2609 903 2751 955 κατὰ
2781 903 2965 970 φύσιν,
3002 904 3140 972 ὅπερ
3170 904 3316 957 ἐστὶν
3347 907 3374 957 6
3404 907 3760 985 Hashpvoi/‘a.

2189 996 2350 1064 μόνου
2380 993 2473 1047 τοῦ
2510 991 2651 1048 εἶναι
2682 997 2904 1065 Πατήρ;

590 1113 610 1142 σ
651 1091 890 1155 Fratres,
928 1092 1157 1143 obsecro
1192 1105 1308 1154 vos,
1370 1088 1503 1143 nihil
1532 1100 1618 1140 me
1653 1084 1870 1139 iresistis
1902 1096 1915 1133 :
1947 1083 2085 1135 scttit

2249 1105 2269 1135 ‹
2328 1086 2591 1153 ’Δδελτοῂ
2639 1088 2829 1157 δέομαι
2881 1089 3067 1158 ὑμῶν,
3115 1089 3268 1142 οὐδέν
3314 1107 3381 1160 με
3430 1091 3755 1162 ἠδικήσατε,

512 1193 694 1234 autem
728 1180 985 1248 quoniant
1037 1194 1132 1247 per
1178 1178 1558 1231 infirmitatem
1597 1174 1782 1228 carnis
1825 1170 2085 1238 evattgeli

2171 1176 2344 1230 οἴδατε
2373 1178 2431 1230 δὲ
2476 1179 2557 1231 ὅτι
2583 1179 2649 1231 δι’
2679 1180 2965 1234 ἀσθένειαν
2998 1182 3098 1251 τῆς
3130 1181 3335 1251 σαρκὸς
3392 1183 3755 1253 εὐηγγελισά-

514 1273 749 1328 zaverim
811 1272 966 1326 vobis
1054 1271 1422 1340 jampridem,
1474 1275 1529 1321 et
1583 1264 1936 1319 tentationem
2002 1276 2085 1314 ve-

2174 1288 2283 1341 μην
2312 1272 2440 1340 ὑμῖν
2475 1271 2535 1324 τὸ
2576 1271 2861 1343 πρότερον,
2890 1275 2984 1327 καὶ
3021 1273 3113 1325 τὸν
3146 1274 3448 1343 πειρασμὸν
3478 1274 3633 1344 ὑμῶν
3662 1276 3755 1328 τὸν

512 1377 679 1420 stram
704 1368 757 1419 in
783 1379 948 1418 carne
969 1378 1083 1416 mea
1106 1377 1208 1416 non
1236 1361 1543 1430 sprevistis,
1570 1371 1745 1425 neque
1770 1352 2056 1421 respuistis
2079 1366 2085 1403 :

2170 1364 2229 1416 ἐν
2253 1366 2319 1435 τῇ
2355 1363 2518 1433 σαρκί
2555 1380 2656 1433 μου
2679 1364 2778 1416 οὐκ
2810 1365 3222 1435 ἐξουθενήσατε,
3249 1365 3368 1418 οὐδὲ
3400 1364 3752 1431 ἐξεπτύσατε,

511 1461 604 1512 sed
640 1458 785 1512 sicut
819 1457 1070 1526 angelum
1134 1455 1228 1509 Dei
1280 1454 1561 1523 recepistis
1604 1466 1687 1504 me
1732 1448 1872 1503 sicut
1911 1442 2085 1499 Jesunt

2169 1455 2283 1507 ἀλλ’
2313 1455 2385 1517 ὡς
2417 1456 2647 1522 ἄγγελον
2676 1455 2811 1508 Θεοῦ
2848 1455 3103 1523 ἐδέξασθέ
3146 1473 3213 1526 με
3250 1456 3326 1520 ὡς
3369 1458 3607 1527 Χριστὸν
3647 1460 3755 1528 ’1η-

510 1549 787 1604 Christum
851 1552 890 1601 '.
933 1566 952 1599 t
989 1547 1189 1601 Paulus
1215 1544 1573 1606 exosculans,
1623 1541 1955 1609 multumque
2004 1540 2085 1592 ad-

2172 1545 2312 1598 σοῦν.
2362 1567 2382 1597 ι
2429 1546 2860 1618 Ὗποὸεξάμενος
2911 1548 3003 1600 καὶ
3053 1546 3173 1600 λίαν
3225 1546 3511 1617 θαυμάσας
3553 1548 3660 1601 τῶν
3695 1552 3755 1603 ἐν

511 1642 720 1694 mirans
752 1640 1006 1708 pietatem
1031 1638 1347 1694 Galatarum
1379 1650 1506 1703 erga
1542 1633 1735 1694 Deum,
1768 1639 1824 1686 et
1856 1644 2085 1684 amorem

2168 1634 2405 1706 Γαλατίᾳ
2435 1637 2534 1705 τήν
2561 1653 2620 1688 τε
2652 1637 2735 1698 είς
2760 1635 2892 1688 Θεὸν
2923 1636 3231 1699 εὐλάϐειαν,
3281 1637 3376 1690 καὶ
3408 1638 3510 1709 τὴν
3549 1640 3628 1701 είς
3656 1641 3754 1693 αὖ-

510 1745 639 1801 erga
668 1746 746 1797 se,
775 1746 897 1786 cum
921 1731 1166 1795 dixisset,
1192 1749 1210 1779 ι
1241 1728 1391 1782 Sicut
1411 1727 1661 1797 angelum
1692 1724 1785 1779 Dei
1816 1721 2085 1791 recepistis

2168 1725 2256 1777 τὸν
2289 1727 2588 1795 ἀγάπησιν,
2620 1727 2858 1798 εἰρηκώς
2899 1745 2978 1790 τε,
3008 1728 3089 1781 ὅτι
3129 1746 3149 1779 ι
3200 1729 3291 1791 Ὦς
3340 1728 3574 1797 ἄγγελον
3618 1731 3750 1785 Θεοῦ

510 1838 618 1885 me,
642 1841 661 1872 ι
716 1824 782 1875 ad
819 1822 963 1876 aliud
1012 1822 1168 1890 longe
1202 1820 1374 1888 majus
1408 1818 1766 1881 conscendit,
1819 1815 2091 1878 addendo,

2166 1816 2418 1883 ἐδέξασθέ
2453 1835 2540 1887 με,
2565 1840 2580 1870 ›
2604 1818 2698 1872 καὶ
2724 1818 2818 1871 ἐπὶ
2848 1819 2982 1872 πολὺ
3017 1819 3200 1889 μεῖζον
3246 1819 3546 1885 ἀναϐαίνει,
3577 1840 3747 1892 προσι

515 1935 534 1966 ι
575 1915 717 1967 sicut
747 1913 929 1967 Jesum
960 1914 1264 1967 Christum.
1310 1931 1327 1962 ι
1369 1911 1651 1976 Quomodo
1675 1916 1854 1960 autem
1885 1908 1957 1959 sit
2000 1920 2085 1959 ex-

2168 1905 2310 1968 θεὶς,
2367 1926 2385 1957 ι
2437 1907 2510 1971 ὼς
2559 1908 2793 1979 Χριστὸν
2851 1908 3077 1978 Ἰησοῦν.
3148 1926 3166 1960 ι
3220 1910 3317 1972 Τίς
3368 1905 3461 1963 οὖν
3508 1912 3751 1983 ὑπεροχὴ

509 2005 791 2060 cellentior
816 2002 1023 2073 angelis
1062 2002 1341 2067 Christus,
1393 2001 1622 2070 ipsemet
1672 2000 1829 2051 docet
1867 1995 2092 2049 dicens:

515 2116 533 2148 ο
566 2097 791 2164 Quando
822 2096 1245 2165 primogenitum
1280 2096 1332 2147 in
1359 2095 1548 2147 orbem
1600 2102 1870 2144 terrarum
1916 2086 2094 2141 intro-

509 2190 678 2248 duxit,
709 2188 880 2241 dicit:
913 2187 979 2241 Et
1014 2188 1241 2240 adorent
1263 2199 1387 2238 eum
1415 2197 1607 2238 omnes
1645 2180 1825 2250 angeli
1855 2178 1948 2232 Dei
1996 2177 2039 2229 ³.
2071 2195 2091 2229 ι

506 2277 570 2331 Et
605 2293 817 2332 rursum
859 2292 872 2330 :
914 2297 931 2328 ι
966 2276 1062 2331 Cui
1095 2291 1331 2344 unquam
1368 2273 1686 2342 angelorum
1718 2271 1853 2323 dixit
1884 2286 1898 2322 :
1928 2268 2098 2322 Filius

507 2385 658 2425 meus
687 2385 746 2425 es
771 2378 851 2434 tu,
878 2382 977 2438 ego
1004 2370 1163 2423 hodie
1191 2367 1353 2438 genui
1400 2375 1455 2421 te
1488 2383 1501 2419 :
1534 2376 1608 2430 et,
1648 2362 1788 2417 Sede
1831 2377 1858 2413 ιι
1891 2360 2097 2415 dextris

508 2463 665 2527 meis,
697 2461 868 2515 donec
898 2475 1092 2526 ponam
1127 2458 1380 2512 inimicos
1412 2466 1533 2510 tuos
1567 2453 1864 2512 scabellum
1890 2453 2086 2519 pedum

399 2596 403 2601 .
506 2562 719 2606 tuorum
761 2549 780 2580 ³
819 2551 843 2604 i
872 2569 891 2601 ι
926 2550 1201 2618 Scriptum
1235 2549 1398 2603 etiam
1430 2557 1515 2602 est
1546 2547 1612 2600 de
1650 2544 1862 2613 angelis
1892 2560 1907 2596 :
1941 2560 1959 2593 ι
1993 2543 2093 2606 Qui

505 2639 637 2693 facit
668 2638 891 2707 angelos
922 2652 1054 2693 suos
1095 2638 1340 2706 spiritus,
1370 2647 1425 2691 et
1457 2636 1744 2689 ministros
1771 2645 1901 2686 suos
1939 2630 2094 2683 llam-

505 2746 649 2784 mam
692 2730 832 2797 ignis
905 2731 947 2782 δ.
1016 2748 1033 2779 ε
1068 2727 1203 2782 Cum
1241 2728 1404 2797 igitur
1439 2736 1650 2780 tantum
1686 2724 1831 2778 inter
1878 2735 1975 2774 eos
2024 2720 2091 2773 sit

507 2821 850 2885 differentiae,
885 2830 944 2874 ut
971 2819 1144 2874 Filius
1170 2821 1388 2887 quidem
1426 2818 1707 2878 adoretur,
1754 2812 1930 2883 angeli
1962 2826 2093 2866 vero

504 2913 555 2966 ci
598 2912 929 2975 ministrent,
961 2920 1123 2980 atque
1156 2911 1244 2965 ille
1274 2911 1449 2965 instar
1476 2910 1617 2979 regis
1656 2916 1713 2963 et
1960 2905 2085 2960 Filii

508 3016 572 3055 ac
610 2999 820 3055 Domini
854 3002 1064 3063 sedeat,
1093 2999 1146 3053 hi
1175 3014 1304 3053 vero
1330 3002 1396 3053 ad
1419 2998 1721 3052 ministeria
1760 2996 2089 3064 allegentur,

506 3093 779 3161 quomodo
805 3105 911 3143 non
944 3090 1051 3144 erit
1090 3087 1229 3142 Deus
1254 3129 1268 3153 ,
1305 3088 1395 3157 qui
1441 3087 1605 3141 etiam
1640 3085 1708 3141 ab
1746 3084 1953 3156 angelis
1997 3100 2092 3137 na-

2166 1997 2406 2068 Χριστοῦ
2452 1998 2588 2069 πρὸς
2632 2000 2916 2067 ἀγγέλους,
2961 2000 3124 2064 αὐτὸς
3172 2001 3487 2063 διδασκέτω,
3538 2003 3748 2070 λέγων’

2173 2108 2199 2142 κ
2229 2090 2403 2144 Ὅταν
2434 2091 2489 2143 δὲ
2519 2093 2791 2165 εἰσαγάγῃ
2824 2094 2915 2144 τὸν
2960 2094 3303 2163 πρωτότοκον
3332 2095 3413 2157 είς
3443 2095 3543 2165 τὴν
3571 2098 3748 2148 οίκου·

2170 2182 2356 2252 μένην,
2388 2182 2572 2250 λέγει·
2612 2184 2722 2236 Καὶ
2771 2184 3304 2255 προσκυνησάτωσαν
3353 2185 3501 2256 αὐτῷ
3548 2187 3751 2249 πάντες

2165 2272 2386 2339 ἄγγελοι
2414 2270 2570 2326 Θεοῦ.
2636 2291 2652 2323 ι
2701 2274 2814 2326 Καὶ
2845 2273 3037 2326 πάλιν·
3093 2291 3119 2324 r
3148 2273 3266 2325 Τίνι
3313 2274 3421 2343 γὰρ
3448 2270 3570 2327 εῖπέ
3617 2292 3750 2327 ποτε

2166 2360 2273 2411 τῶν
2298 2360 2546 2428 ἀγγέλων
2568 2376 2581 2387 ·
2618 2360 2744 2423 Υἱός
2796 2377 2895 2430 μου
2921 2356 2974 2412 εἶ
3008 2361 3094 2426 σὺ,
3130 2360 3241 2429 ἐγὼ
3285 2363 3524 2432 σήμερον
3556 2363 3750 2430 γεγέν-

2168 2452 2306 2520 νηκά
2348 2467 2439 2503 σε’
2485 2452 2598 2514 καὶ,
2648 2451 2831 2505 Κάθου
2877 2456 2941 2505 ἐκ
2978 2450 3171 2515 δεξιῶν
3225 2467 3353 2521 μου,
3399 2452 3505 2514 ἕως
3554 2453 3622 2505 ἂν
3669 2452 3754 2504 θῶ

2165 2543 2290 2605 τοὺς
2318 2541 2548 2613 ἐχθρούς
2595 2559 2689 2596 σου
2720 2544 3009 2596 ὑποπόδιον
3054 2543 3162 2595 τῶν
3207 2542 3383 2594 ποδῶν
3418 2559 3548 2609 σου;
3593 2563 3611 2593 ι
3646 2544 3751 2596 Γέ-

2165 2651 2410 2705 γραπται
2456 2635 2512 2688 δὲ
2558 2635 2721 2688 πάλιν
2764 2636 2891 2705 περὶ
2940 2636 3152 2688 αὐτῶνθ
3211 2653 3229 2684 ι
3295 2633 3356 2686 '0
3400 2636 3570 2688 ποιῶν
3624 2636 3755 2698 τοὺς

2164 2724 2429 2793 ἀγγέλους
2454 2725 2617 2778 αὐτοῦ
2643 2724 2952 2796 πνεύματα,
2986 2726 3079 2779 καὶ
3121 2725 3246 2786 τοὺς
3274 2722 3627 2795 λειτουργοὺς
3652 2725 3745 2776 αὖ·

2164 2816 2258 2868 τοῦ
2310 2816 2482 2886 πυρὸς
2537 2815 2730 2884 φλόγα.
2792 2836 2811 2869 i
2867 2816 3149 2888 Τοσαύτης
3201 2816 3491 2886 τοιγαροῦν
3545 2816 3753 2885 μεταξὺ

2166 2906 2423 2978 κειμένης
2457 2908 2740 2978 διαφορᾶς,
2774 2910 2849 2971 ὡς
2881 2910 2973 2962 τὸν
2998 2910 3094 2980 μὲν
3123 2909 3249 2963 Υἱὸν
3282 2908 3712 2980 προσκυνεῖσθαι
3737 2947 3755 2969 ,

2164 2998 2493 3069 λειτουργεῖν
2530 2999 2585 3052 δὲ
2615 2999 2763 3070 αὐτῷ
2792 3001 2917 3064 τοὺς
2966 3002 3249 3069 ἀγγέλους·
3296 3002 3389 3054 καὶ
3428 2999 3521 3052 τὸν
3553 2998 3651 3068 μὲν
3696 3000 3760 3051 ἐν

2164 3088 2313 3155 τάξει
2344 3087 2611 3159 βασιλέως
2648 3090 2743 3143 καὶ
2771 3088 2902 3142 Υίοῦ
2954 3092 3048 3144 καὶ
3092 3091 3362 3144 Δεσπὸτου
3398 3088 3758 3154 καθέζεσθαι,

505 3183 754 3238 turaliter
811 3183 933 3237 talis
977 3196 1100 3237 esse
1129 3180 1525 3250 cognoscitur?
1580 3179 1712 3233 Nam
1744 3179 1788 3233 si
1836 3185 2084 3232 creatura

2168 3182 2287 3244 τοὺς
2318 3181 2375 3234 δὲ
2404 3180 2826 3235 ἀποστέλλεσθαι
2857 3182 2935 3245 είς
2960 3181 3254 3236 διακονίανο
3290 3182 3408 3245 πῶς
3454 3182 3558 3235 οὑκ
3601 3182 3763 3234 ἔσται

501 3287 608 3337 est,
636 3277 787 3345 juxta
817 3289 1068 3329 vesanam
1091 3273 1471 3326 haereticorum
1503 3270 1841 3339 Opinionem,
1877 3279 2077 3337 oppor-

505 3378 636 3421 tune
672 3366 777 3420 dici
829 3366 1030 3433 poterit
1077 3379 1182 3417 nun
1233 3361 1410 3417 solum
1441 3375 1565 3424 nos,
1614 3360 1711 3414 sed
1741 3360 1907 3413 etiam
1938 3360 2081 3427 ipsas

502 3463 802 3526 potestates
835 3455 1085 3509 caelestes
1117 3466 1354 3517 errasse,
1389 3452 1591 3522 quippe
1626 3465 1745 3520 qua:
1778 3462 2081 3506 creaturam

503 3556 601 3617 pro
625 3545 888 3600 Creatore
922 3546 1208 3599 coluerunt
1263 3545 1306 3599 ⁸.
1328 3546 1397 3597 At
1431 3545 1476 3599 si
1509 3546 1612 3599 hoc
1654 3543 1947 3597 absurdum
1999 3552 2077 3597 est

502 3641 703 3709 (neque
751 3637 899 3692 enim
951 3638 1239 3708 quisquam
1296 3646 1516 3693 sanctos
1577 3636 1797 3705 angelos
1868 3649 2077 3690 errasst

501 3730 667 3792 dicet,
699 3729 806 3785 imo
836 3728 1013 3798 potius
1045 3744 1172 3784 vera
1208 3728 1303 3785 Dei
1335 3730 1646 3799 cognitione
1686 3729 1896 3801 praediti
1929 3734 2077 3790 sunt,

498 3829 553 3874 et
599 3821 829 3875 adorant
860 3821 1055 3875 Filium
1090 3831 1346 3893 tanquam
1378 3833 1569 3876 natura
1614 3822 1830 3892 Deum)‘,
1856 3836 1962 3875 nun
1998 3831 2078 3875 est

497 3912 666 3981 igitur
698 3909 870 3967 Filius
904 3922 1158 3967 creatura
1193 3913 1280 3969 vel
1312 3929 1470 3983 opus.
1508 3914 1665 3981 Quod
1694 3913 1838 3967 enim
1876 3912 2077 3966 htctum

497 4010 602 4064 est,
638 4000 788 4071 Deus
821 4013 1016 4057 natura
1047 4017 1169 4058 esse
1193 4002 1299 4056 no'n
1331 4012 1525 4072 potest.

568 4265 933 4332 Quamobrem,
968 4266 1186 4335 fratres,
1223 4280 1327 4319 non
1356 4279 1537 4318 sumus
1573 4264 1789 4319 ancilla:
1825 4264 1949 4333 ﬁlii,
1983 4282 2070 4321 sca

497 4356 697 4420 libera,
728 4371 836 4425 qua
863 4355 1104 4409 libertate
1134 4356 1377 4411 Christus
1414 4372 1510 4410 nos
1551 4355 1787 4409 liberavit
1817 4356 1838 4389 ⁸
1865 4399 1881 4422 ,
1918 4365 2071 4412 state.

2167 3270 2299 3334 Θεὸς
2342 3273 2370 3323 6
2402 3271 2496 3323 καὶ
2525 3271 2630 3324 ὑπὸ
2654 3272 2762 3325 τῶν
2794 3271 3042 3339 ἀγγέλων
3071 3272 3145 3336 ὡς
3172 3272 3329 3326 τοῦτο
3369 3271 3446 3325 ὢν
3475 3271 3621 3325 κατά
3651 3272 3760 3340 φύ-

2168 3378 2252 3415 σιν
2279 3362 2721 3429 γινωσκόμενος;
2773 3362 2836 3415 Ei
2866 3362 2975 3433 γὰρ
3022 3363 3235 3433 ποίημά
3276 3365 3412 3427 ἐστι,
3467 3363 3608 3417 κατὰ
3658 3364 3762 3436 τὴν

2164 3452 2273 3506 τῶν
2309 3451 2756 3522 ὲτεροδοξούντων
2786 3453 3061 3515 ἀϐουλίαν,
3110 3453 3230 3524 ὥρα
3280 3454 3457 3523 λέγειν
3488 3455 3548 3507 οὗ
3588 3457 3759 3525 μόνῦν

2165 3545 2335 3614 ἡμᾶς,
2366 3543 2502 3597 ἀλλὰ
2531 3543 2624 3607 καὶ
2660 3544 2830 3608 αὐτὰς
2861 3544 2961 3608 τὰς
2988 3545 3045 3597 ἐν
3078 3544 3329 3615 οὐρανοῖς
3363 3545 3756 3615 πεπλανῆσθαι

2164 3635 2441 3705 δυνάμεις,
2495 3637 2572 3699 ὠς
2620 3635 2905 3708 λατρεύειν
2953 3638 3019 3707 τῇ
3070 3636 3243 3690 κτίσει
3291 3636 3447 3707 παρέι¹
3484 3636 3576 3689 τὸν
3627 3638 3756 3690 κτί-

2167 3744 2355 3781 σαντα.
2391 3728 2455 3779 Εί
2482 3727 2538 3781 δὲ
2558 3727 2716 3781 τοῦτο
2742 3728 2941 3782 ἄτοπον
2968 3728 3051 3797 (οὐ
3087 3729 3196 3801 γὰρ
3223 3730 3288 3783 ἄν
3324 3746 3408 3792 τις
3438 3729 3755 3782 πλανᾶσθαι

2166 3821 2354 3887 φήσειε
2384 3820 2509 3882 τοὺς
2542 3820 2730 3887 ἁγίους
2765 3819 3048 3891 ἀγγέλους,
3099 3819 3305 3890 ἀληθὴς
3347 3820 3404 3873 δὲ
3448 3818 3657 3889 μᾶλλον
3699 3821 3756 3871 ὲν

2166 3910 2348 3972 αὐτοῖς
2386 3911 2420 3981 ἡ
2473 3912 2601 3980 περὶ
2631 3911 2725 3965 τοῦ
2758 3912 2892 3965 Θεοῦ
2933 3912 3152 3979 γνῶσις,
3203 3912 3297 3964 καὶ
3344 3909 3757 3980 προσκυνοῦσιν

2164 4000 2238 4063 ὡς
2261 4000 2419 4054 τοῦτο
2453 4003 2593 4056 κατὰ
2620 4003 2780 4073 φύσιν
2811 4003 2942 4056 ὄντα
2963 4003 3052 4055 τὸν
3079 4001 3248 4071 Υἱὸν),
3285 4002 3384 4054 οὐκ
3407 4001 3512 4071 ἄρα
3539 4002 3753 4071 κτίσμα

2166 4090 2338 4153 ἔστὶν,
2368 4092 2489 4146 οὐδὲ
2514 4095 2742 4164 ποίημα,
2777 4094 2849 4146 Τὸ
2874 4094 2982 4164 γὰρ
3011 4093 3145 4155 ὅλως
3172 4091 3416 4163 ποιηθὲν,
3449 4092 3551 4144 οὐκ
3574 4091 3644 4145 ἂν
3667 4094 3755 4159 εἴη

2169 4182 2326 4249 φύσει
2356 4183 2511 4246 Θεὸς.

2247 4268 2344 4321 Διὸ
2367 4266 2615 4336 ἀδελφοὶ
2650 4268 2761 4322 οὐκ
2789 4268 2979 4336 ἐσμὲν
2999 4269 3325 4347 παιδίσκης
3352 4270 3555 4336 τέκνα,
3588 4271 3753 4324 ἀλλὰ

2174 4357 2286 4424 τῆς
2305 4357 2739 4427 ἐλευθέρας.Τῇ
2760 4360 3070 4428 ἐλευθεριᾳ
3087 4360 3382 4429 ᾗΧριστὸς
3399 4360 3557 4430 ἡμᾶς
3574 4362 3755 4427 ἠλευ-

501 4447 559 4500 Si
593 4444 803 4500 Domini
832 4454 915 4500 est
943 4447 1200 4511 liberare,
1225 4448 1474 4502 Christus
1505 4460 1683 4501 autem
1721 4447 1916 4503 liberat
1952 4463 2071 4513 nos,

2177 4451 2402 4517 θέρωσε
2446 4448 2719 4518 στήκετε.
2754 4451 2817 4503 Ei
2840 4452 3109 4507 Δεσπότου
3138 4453 3200 4505 τὸ
3232 4451 3570 4519 ἐλευθεροῦν,
3599 4452 3755 4503 ἐλευ-

500 4554 528 4591 a
554 4539 686 4607 jugo
720 4540 996 4593 servitutis
1024 4541 1233 4602 eximit,
1265 4540 1318 4594 itt
1342 4542 1674 4608 adoptionem
1706 4556 1928 4607 vocans,
1962 4557 2067 4597 non

498 4641 582 4683 cst
614 4629 735 4699 ipse,
757 4643 950 4691 servus
981 4632 1071 4683 sed
1102 4630 1285 4693 Filius,
1309 4642 1364 4684 et
1395 4633 1671 4699 Dominus,
1704 4641 1756 4687 et
1790 4636 1930 4703 quod
1959 4636 2074 4701 ipso

502 4736 596 4793 per
624 4733 875 4777 naturam
909 4730 1008 4785 est,
1040 4723 1091 4777 id
1121 4722 1297 4792 dignis
1330 4737 1425 4792 per
1453 4724 1680 4792 gratiam
1719 4723 1999 4793 elargitur.

576 4919 596 4956 ι
632 4901 785 4958 Unus
838 4903 1118 4973 Dominus,
1184 4922 1286 4960 una
1353 4908 1505 4973 ndes,
1566 4924 1703 4963 unus
1754 4909 2073 4978 baptismus,

502 5010 644 5049 unus
675 4994 819 5052 Deus
854 5006 910 5050 et
940 4996 1101 5055 Pater
1129 4998 1392 5067 omnium,
1424 5002 1515 5070 qui
1549 5011 1632 5055 est
1670 5016 1835 5070 super
1866 5003 2072 5067 omnia,

504 5095 557 5138 et
587 5099 686 5153 per
712 5085 916 5147 omnia,
948 5096 995 5137 et
1030 5088 1080 5140 in
1112 5089 1365 5143 omnibus
1388 5097 1428 5143 τ.
1461 5108 1480 5141 t
1525 5089 1658 5144 Cum
1693 5107 1831 5145 unus
1865 5092 1937 5146 sit
1968 5092 2075 5145 Do-

506 5170 687 5225 minus
733 5171 872 5225 Deus
926 5174 1107 5237 Pater,
1148 5178 1418 5249 quomodo
1457 5180 1560 5234 erit
1608 5178 1776 5235 Filius
1816 5180 2075 5237 Domitius

500 5263 546 5317 si
571 5273 655 5318 est
684 5265 975 5318 creatura?
1008 5266 1344 5323 Manifestum
1390 5271 1536 5325 enim
1570 5282 1653 5326 est
1680 5282 1862 5327 creata
1891 5274 2073 5327 omnia

502 5354 716 5407 servilis
751 5369 871 5409 esse
903 5356 1442 5422 nature'Quomodo
1479 5371 1682 5426 autem,
1708 5376 1829 5416 cum
1862 5363 1935 5416 sit
1970 5378 2073 5416 una

503 5446 658 5512 ﬁdes,
705 5446 795 5516 qui
847 5449 1015 5503 credit
1061 5450 1111 5503 in
1164 5447 1357 5505 Filium
1398 5455 1570 5508 credit
1624 5455 1675 5508 in
1716 5457 1960 5521 Patrem,
2004 5458 2071 5519 si,

496 5536 648 5602 juxta
690 5543 1042 5608 quorumdam
1075 5541 1360 5606 insaniam,
1404 5559 1433 5597 a
1472 5548 1707 5602 naturali
1739 5563 1861 5603 cum
1914 5551 2073 5605 Patre

501 5630 881 5697 conjunctione
913 5634 1190 5703 sejunctus
1230 5637 1356 5690 est?
1406 5637 1588 5708 Atqui,
1638 5657 1759 5695 cum
1792 5641 1955 5699 Pater
2005 5647 2073 5698 sit

576 5778 802 5854 ξςκιιιι.
845 5785 1032 5854 w,_t5.
1074 5784 1160 5837 tt.
1238 5784 1441 5842 'lielir.
1477 5802 1513 5853 ι,
1558 5791 1610 5841 υ.
1685 5787 1704 5818 ³
1738 5788 1870 5842 una.
1914 5787 1969 5853 δ,
2025 5787 2079 5854 7,
2110 5789 2191 5843 ts.

502 5849 522 5881 ⁷
556 5849 753 5917 Epltcs.
789 5865 861 5918 tv,
896 5851 949 5916 5,
987 5857 1038 5903 0'.

2175 4540 2330 4609 θεροῖ
2349 4539 2407 4594 δὲ
2430 4541 2577 4610 ἡμᾶς
2602 4541 2631 4592 6
2657 4541 2913 4610 Χριστὸς,
2932 4543 3029 4595 καὶ
3046 4540 3157 4594 τῶν
3181 4540 3363 4609 ζυγῶν
3387 4541 3481 4607 τῆς
3505 4539 3755 4602 δουλείας

2172 4632 2407 4699 ήνίησιν,
2442 4631 2523 4691 είς
2556 4630 2779 4699 υίότητα
2806 4630 3006 4691 καλῶν,
3039 4634 3137 4682 οὐκ
3178 4631 3286 4699 ἄρα
3317 4628 3501 4684 δοῦλος
3562 4630 3748 4690 αὐώς,

2171 4727 2285 4780 ἀλλ’
2302 4726 2450 4792 Υἱὸς,
2476 4728 2571 4779 καὶ
2590 4729 2886 4798 Amavit-1):,
2910 4728 3047 4797 ὅπερ
3078 4728 3193 4781 ἐστὶ
3220 4726 3362 4779 κατά
3384 4726 3571 4794 φύσιν,
3592 4725 3754 4778 τοῦτο

2173 4819 2282 4879 τοῖς
2312 4818 2484 4883 ἀξίοις
2521 4820 2663 4872 κατά
2700 4821 2858 4890 χάριν
2881 4820 3163 4880 ἐπιτιθείς.

2247 4930 2265 4964 t
2304 4908 2397 4975 Εἷς
2432 4913 2654 4984 Κύριος,
2702 4915 2799 4984 μία
2838 4915 3037 4980 πίστις,
3070 4915 3130 4969 ἓν
3166 4915 3471 4986 βάπτισμα,
3512 4911 3594 4981 εἷς
3624 4916 3755 4982 Θεὸς

2170 5001 2266 5054 καὶ
2296 5000 2486 5072 Πατὴρ
2537 5002 2776 5066 πάντων,
2802 5005 2830 5055 6
2864 5004 2955 5056 ἐπὶ
2981 5003 3219 5070 πάντων,
3251 5007 3347 5058 καὶ
3380 5006 3469 5059 διά
3513 5008 3752 5069 πάντων,

2171 5093 2267 5149 καὶ
2297 5095 2354 5146 ὲν
2388 5092 2571 5145 πᾶσιν.
2607 5113 2624 5144 ι
2655 5090 2804 5154 Ἐνὸς
2832 5093 2984 5156 ὸντος
3008 5094 3213 5165 Κυρίου
3243 5097 3335 5147 τοῦ
3352 5094 3488 5148 Θεοῦ
3522 5097 3617 5149 καὶ
3648 5097 3751 5148 Πα-

2171 5186 2315 5257 τρὸς,
2336 5185 2453 5249 πῶς
2478 5185 2629 5238 ἔσται
2653 5185 2856 5255 Κύριος
2873 5187 2901 5238 ὁ
2922 5186 3072 5249 Υἱὸς,
3093 5186 3146 5239 εἴ
3160 5203 3223 5255 γε
3254 5187 3462 5257 ποίημα
3488 5186 3520 5257 ἢ
3546 5188 3747 5257 κτίσμα

2174 5277 2327 5341 ὲστίς
2361 5277 2632 5347 Πρόδηλον
2671 5277 2780 5347 γὰρ
2805 5279 2885 5330 ὅτι
2920 5280 2988 5331 τὰ
3033 5279 3374 5348 πεποιημένα
3406 5280 3601 5349 δούλην
3640 5280 3745 5349 ἔχει

2171 5366 2269 5437 τὴν
2290 5366 2469 5437 φύσιν.
2494 5370 2614 5432 Πῶς
2630 5368 2687 5421 δὲ
2713 5371 2807 5422 καὶ
2829 5370 3063 5434 πίστεως
3086 5371 3253 5440 οῠσης
3278 5374 3407 5440 μιᾶς
3427 5373 3456 5423 ὁ
3481 5372 3746 5424 πιστεύων

2174 5464 2252 5524 εἰς
2282 5463 2371 5514 τὸν
2398 5460 2545 5523 Υίὸν,
2587 5462 2666 5523 είς
2713 5462 2804 5514 τὸν
2839 5461 3056 5532 Πατέρα
3109 5464 3372 5526 πιστεύει,
3409 5464 3462 5514 ετ
3495 5480 3559 5530 γε
3611 5462 3744 5515 κστά

2172 5553 2270 5624 τήν
2295 5570 2456 5606 τινων
2500 5553 2755 5607 ἀϐουλίαν
2783 5553 3139 5607 διακέκοπται
3179 5555 3276 5623 τῆς
3319 5555 3455 5623 πρὸς
3499 5554 3591 5605 τὸν
3637 5554 3744 5605 lla-

2176 5647 2302 5715 τέρα
2356 5647 2639 5709 κοινωνίας
2684 5646 2952 5712 φυσικῆς
3019 5646 3158 5699 Ἀλλ’
3206 5647 3356 5706 ΰντος
3402 5646 3607 5715 Κυρίου
3652 5642 3741 5694 τοῦ

2276 5789 2458 5846 ‘Psal.
2494 5807 2607 5857 cut,
2654 5794 2707 5847 4.
2785 5794 2803 5826 ⁸
2834 5793 2992 5850 Rom.
3035 5811 3074 5859 ι.
3108 5796 3199 5853 25.
3264 5797 3477 5853 'Galat.
3516 5813 3589 5864 tv,
3644 5798 3732 5853 3|.
