4026 6290
226 406 334 471 645

1155 416 1525 478 PANODLIA
1566 417 2023 480 DOGMATICA.
2069 445 2138 457 -—
2165 393 2320 483 ΤΠ.
2369 424 2476 482 XI.

3363 429 3466 491 646

212 532 349 586 Θεοῦ
384 533 479 587 καὶ
507 532 739 604 Πατρὸς,
767 533 972 603 Κύριός
1005 535 1121 586 ἐστι
1154 535 1244 588 καὶ
1275 538 1304 589 6
1334 535 1478 602 Υἱὸς,
1524 537 1616 591 καὶ
1648 541 1677 592 6
1705 557 1793 593 πι-

1898 541 2176 606 Dominus,
2210 541 2381 598 Filius
2403 559 2619 615 quoque
2644 556 2727 600 est
2761 548 3040 616 Dominus,
3077 561 3130 608 et
3155 554 3247 626 qui
3293 560 3468 614 credit

214 623 422 679 στεύων
449 626 530 687 εἰς
560 623 741 688 αὐτὸν,
766 625 844 687 είς
874 625 964 677 τὸν
989 627 1207 698 Πατέρα
1226 628 1489 681 πιστεύει.
1541 629 1633 681 Ἐκ
1677 631 1792 682 Πα-

212 717 336 788 τρὸς
369 716 481 788 γάρ
508 716 753 788 δηλονότι
790 718 885 768 καὶ
913 718 972 770 ὲν
1029 718 1202 788 Πατρ¹ι⁹
1246 719 1489 788 φυσικῶς
1532 722 1792 792 ὑπάρχων

212 809 360 874 Υἱὸς,
390 809 535 880 ἔχων
563 827 622 862 τε
661 804 728 863 αὖ
759 808 921 862 πάλιν
955 809 1013 861 ἐν
1043 809 1222 879 ἑαυτῷ
1255 810 1347 863 τὸν
1379 812 1618 882 Πατέρα,
1663 830 1788 866 συν-

211 900 548 968 θεολογεῖται
599 899 696 953 καὶ
746 899 1144 966 συνδοξάζεται.
1190 901 1298 954 Καὶ
1337 901 1508 964 οὕτως
1542 904 1621 966 είς
1663 903 1792 973 μίαν

211 991 496 1046 ἀναϐαίνει
547 991 775 1060 θεότητα
822 991 933 1045 τῶν
981 993 1312 1062 προσιόντων
1337 994 1372 1064 ἡ
1429 993 1630 1057 πίστις.
1662 993 1789 1057 Πῶς

212 1076 304 1136 οὖν
335 1083 398 1136 ὲν
439 1082 764 1152 ποιήμασιν,
789 1083 817 1134 6
846 1083 1028 1136 πάντα
1060 1081 1198 1148 ἔχων
1224 1081 1378 1136 κοινὰ
1406 1083 1540 1153 πρὸς
1570 1081 1660 1134 τὸν
1698 1080 1803 1135 Πα-

212 1174 367 1244 τέρα,
394 1172 472 1237 ὡς
509 1172 718 1242 ἀληθὴς
753 1171 918 1225 αὑτοῦ
972 1173 1071 1242 τῆς
1108 1173 1297 1236 οὐσίας
1346 1172 1579 1244 καρπὸς,
1620 1172 1714 1226 καὶ
1740 1171 1801 1225 οὒ

215 1263 470 1330 καθάπερ
503 1264 666 1331 ἡμεῖς
694 1261 840 1314 θετοὶ
877 1261 1013 1332 πρὸς
1055 1262 1280 1332 υἱὸτητα
1324 1262 1420 1314 καὶ
1448 1262 1799 1334 ἐγκεκεντρι-

217 1356 387 1424 σμένα
418 1353 773 1422 βλαστήματα
797 1369 813 1416 ;

289 1575 306 1604 ι
340 1555 568 1609 Γίνεσθε
611 1550 703 1609 οὖν
738 1555 973 1625 μιμηταὶ
1019 1555 1113 1606 τοῦ
1148 1554 1308 1617 Θεοῦ,
1342 1555 1416 1619 ὡς
1449 1557 1615 1609 τέκνα
1663 1558 1800 1626 ἀγα-

215 1646 382 1714 πητά,
423 1645 520 1700 καὶ
549 1647 901 1715 περιπατεῖτε
925 1647 982 1697 ὲν
1012 1646 1224 1714 ἀγάπῃ,
1257 1644 1439 1708 καθὼς
1479 1647 1575 1713 καὶ
1609 1647 1637 1698 6
1661 1647 1798 1716 Xpt-

219 1736 337 1800 στὸς
378 1735 667 1806 ἠγάπησεν
695 1736 865 1804 ἡμᾶς,
911 1735 1006 1787 καὶ
1053 1734 1368 1803 παρέδωκεν
1419 1735 1612 1789 ἑαυτὸν
1657 1735 1802 1806 ὑπὲρ

219 1828 391 1898 ἧμῶν.
431 1845 452 1879 ι
488 1827 630 1898 Ὅρα
661 1826 725 1896 δὴ
751 1826 911 1880 πάλιν
939 1827 1088 1890 ὅπως
1138 1825 1268 1879 Θεὸν
1297 1822 1402 1879 οἵδέ
1451 1844 1509 1878 τε
1548 1825 1643 1878 καὶ
1680 1828 1798 1878 ὀνο·
1822 1865 1860 1918 Β

219 1919 379 1989 μάζει
409 1918 666 1989 Χριστόν.
703 1917 958 1989 Εἰρηκὼς
990 1917 1099 1988 γάρ
1135 1917 1244 1971 δεῖν
1272 1919 1420 1988 ἡμᾶς
1452 1919 1695 1988 μιμητὰς
1715 1935 1801 1985 γε-

217 2007 403 2060 νέσθαι
465 2004 622 2069 Θεοῦ,
668 2005 832 2070 εὐθὺς
880 2004 1242 2074 παρατίθησιν
1292 2005 1476 2067 αὐτὸν,
1528 2006 1623 2059 καὶ
1654 2007 1800 2072 ὅπως

215 2097 505 2167 μιμεῖσθαι
554 2097 842 2166 προσήκει,
892 2095 1129 2148 διδάσκει
1172 2095 1378 2163 λέγων’
1411 2115 1428 2148 ι
1463 2097 1662 2160 Καθὼς
1705 2099 1801 2151 καὶ

210 2191 238 2240 ὁ
272 2187 513 2258 Χριστὸς
545 2188 832 2258 ἠγάπησεν
875 2189 1042 2258 ἡμᾶς,
1077 2188 1170 2240 καὶ
1194 2188 1380 2244 ἑαυτὸν
1425 2189 1627 2244 ἔδωκεν
1661 2191 1802 2261 ὑπὲρ

211 2281 394 2349 ἡμῶν.
438 2299 457 2331 ι
492 2278 627 2332 Θεοῦ
657 2279 945 2349 τοιγαροῦν
969 2278 1121 2342 ὄντος
1152 2297 1210 2332 τε
1232 2280 1392 2349 φύσει
1426 2281 1517 2334 καὶ
1544 2283 1803 2352 ὀνομαζο·

215 2371 385 2440 μένου
425 2370 687 2440 Χριστοῦ,
715 2369 998 2424 καὶτοῦτο
1042 2370 1193 2440 παρὰ
1234 2369 1328 2423 τοῦ
1367 2372 1802 2442 πεπιστευμένου

214 2462 278 2514 τὸ
308 2461 647 2530 Εὑαγγὲλιον
679 2460 826 2530 παρὰ
847 2459 982 2516 Θεοῦ
1007 2459 1101 2512 καὶ
1134 2460 1364 2530 Πατρὸς,
1403 2461 1484 2524 τίς
1507 2461 1616 2516 τῶν
1641 2463 1805 2532 ἕτερα

215 2549 491 2618 λεγόντων
538 2551 823 2617 άνέξεται;
863 2551 920 2603 Ὀ
962 2550 1019 2603 δὲ
1067 2549 1228 2619 φύσει
1271 2551 1425 2619 Θεὸς,
1463 2551 1580 2615 πῶς
1609 2552 1676 2606 ἂν
1717 2551 1806 2630 εἴη

214 2643 430 2714 κτίσμα
457 2642 491 2712 ἧ
524 2643 736 2712 ποίημα
763 2659 776 2707 ;

296 2882 318 2916 ‹
361 2863 536 2919 Τοῦτο
563 2862 671 2932 γὰρ
720 2861 833 2918 ἴστε
875 2862 1238 2931 γινώσκοντες
1260 2865 1342 2918 ὅτι
1386 2867 1494 2928 πᾶς
1529 2866 1803 2938 πόρνοςιῆ

1895 633 1946 685 in
1981 633 2180 701 ipsum,
2213 634 2267 687 in
2300 632 2514 689 Patrem
2560 639 2752 692 credit.
2795 640 2870 693 Ex
2910 642 3071 697 Patre
3113 647 3255 700 enim
3295 653 3467 703 mani-

1895 723 2028 777 teste
2069 734 2122 778 et
2172 724 2225 778 in
2271 721 2431 780 Patre
2466 730 2786 782 naturaliter
2817 735 3089 788 exsistcns
3132 733 3325 800 Filius,
3379 743 3467 793 ha-

1896 811 2135 880 bensque
2161 814 2398 869 vicissim
2428 815 2482 869 in
2524 832 2582 871 se
2613 817 2844 882 Patrem,
2884 823 3042 875 simul
3073 839 3194 878 cum
3231 842 3293 880 eo
3326 829 3466 884 Deus

1895 902 2112 967 dicitur,
2151 916 2206 959 et
2236 907 2394 961 simul
2425 908 2778 976 gloriﬁcatur.
2814 913 2989 981 Atque
3017 915 3089 970 ita
3125 918 3463 974 credentium

1891 991 2024 1049 ﬁdes
2053 993 2108 1049 in
2149 1011 2308 1050 unam
2341 999 2594 1053 deitatem
2626 1001 2818 1054 tendit.
2852 1004 3133 1066 Quomodo
3166 1007 3330 1075 igitur
3366 1023 3465 1062 an-

1883 1085 2264 1141 numerabitur
2300 1087 2570 1141 creaturis
2604 1088 2695 1156 qui
2732 1092 2916 1144 omnia
2964 1093 3124 1148 habet
3155 1099 3466 1154 communia

1882 1193 2006 1235 cum
2051 1177 2236 1244 Patre,
2275 1187 2333 1232 ut
2379 1193 2542 1234 verus
2583 1183 2838 1237 essentia:
2875 1185 3043 1254 ipsius
3088 1188 3316 1255 fructus,
3355 1209 3459 1246 non

1884 1280 2065 1324 autem
2119 1270 2260 1324 sicut
2319 1283 2415 1324 nos
2477 1270 2721 1340 adoptitii
2779 1272 2870 1326 ﬂlii
2911 1284 3071 1344 atque
3109 1280 3296 1334 inserti
3341 1298 3462 1336 sur-

1883 1360 2025 1416 culi?

1962 1569 1982 1601 ο
2017 1548 2151 1604 Sitis
2217 1563 2369 1617 ergo,
2411 1549 2605 1618 inquit,
2659 1551 2962 1607 imitatores
3008 1555 3122 1619 Dei,
3177 1561 3318 1610 sicut
3365 1559 3461 1614 ἠεὶξ

1885 1640 2089 1704 dilecti,
2115 1650 2168 1694 et
2203 1641 2474 1694 ambulate
2519 1643 2573 1695 in
2623 1643 2912 1708 charitate,
2957 1647 3097 1699 sicut
3128 1657 3181 1699 et
3212 1649 3463 1706 Christus

1882 1728 2071 1783 dilexit
2098 1745 2217 1794 nos,
2254 1740 2308 1782 et
2339 1730 2559 1784 tradidit
2589 1731 2826 1801 scipsum
2857 1750 2954 1802 pro
2987 1737 3178 1790 nobis'
3214 1778 3228 1791 .
3267 1759 3285 1790 ι
3330 1739 3461 1796 Vide

1886 1834 2078 1873 rursus
2129 1821 2399 1888 quomodo
2427 1821 2701 1875 Christum
2747 1824 2912 1877 Deum
2948 1840 3010 1878 ac
3043 1825 3325 1882 Dominum
3373 1847 3466 1884 no-

1885 1912 2077 1966 minet.
2107 1911 2241 1965 Cum
2270 1913 2413 1964 enim
2445 1914 2671 1966 dixisset
2698 1914 2897 1968 debere
2928 1931 3025 1971 nos
3067 1917 3182 1971 ﬂeri
3216 1919 3461 1975 imitato-

1884 2019 1972 2059 res
2019 2005 2133 2068 Dei,
2181 2005 2392 2068 statim,
2429 2003 2706 2073 Seipsnm,
2753 2007 3020 2075 adiungit,
3066 2019 3118 2063 et
3165 2025 3270 2079 quo
3303 2025 3462 2080 pacto

1884 2096 2178 2151 imitandus
2207 2096 2298 2160 sit,
2324 2095 2479 2149 docet
2507 2096 2697 2149 dicens
2726 2115 2738 2148 :
2777 2115 2796 2147 ι
2827 2097 2982 2152 Sicut
3013 2108 3067 2152 et
3099 2099 3351 2156 Christus
3383 2105 3463 2156 di—

1884 2185 2017 2239 lexit
2049 2201 2167 2252 nos,
2203 2195 2256 2239 et
2290 2186 2511 2240 tradidit
2540 2186 2778 2255 seipsum
2809 2201 2906 2254 pro
2935 2190 3163 2244 nobis'.»
3195 2190 3328 2243 Cum
3364 2193 3464 2244 ita-

1885 2291 1989 2345 que
2021 2275 2271 2330 Christus
2314 2277 2381 2330 sit
2412 2290 2599 2330 revera
2630 2285 2685 2330 et
2715 2286 2938 2331 vocetur
2979 2279 3142 2344 Deus,
3193 2281 3260 2332 ab
3282 2296 3346 2335 eo
3375 2284 3460 2335 cui

1885 2367 2150 2421 creditum
2182 2375 2263 2422 est
2297 2368 2404 2422 Deo
2437 2381 2501 2421 ac
2534 2366 2698 2420 Patre
2734 2367 3105 2437 Evangelium,
3169 2372 3290 2439 quis
3326 2373 3466 2428 l‘erat

1884 2471 1982 2511 eos
2008 2457 2097 2527 qui
2129 2469 2318 2514 contra
2361 2459 2640 2533 sentiunt}l
2673 2459 2775 2530 Qui
2803 2475 2929 2514 vero
2957 2470 3040 2515 est
3071 2473 3266 2518 natura
3298 2465 3460 2534 Deus,

1886 2551 2157 2619 quomodo
2380 2550 2452 2605 sit
2481 2564 2616 2622 opus
2644 2551 2730 2604 vel
2757 2550 3051 2605 creatura?

1962 2878 1984 2913 ι
2021 2861 2134 2922 Hoc
2179 2862 2354 2929 enim,
2391 2863 2586 2932 inquit,
2641 2861 2860 2928 scitote,
2894 2863 3040 2932 quod
3085 2865 3264 2918 omnis
3299 2863 3470 2919 l‘orni-

215 2954 555 3023 ἁκὲιθαρτος,
583 2954 616 3025 ἢ
642 2953 992 3026 πλεονέκτης,
1016 2955 1074 3020 ὃς
1097 2957 1243 3010 ἐστιν
1263 2956 1674 3028 εἰδωλολάτρης,
1705 2960 1806 3011 οὐκ

1898 2963 2064 3018 catur.
2109 2964 2202 3014 aut
2229 2953 2562 3019 immundus,
2591 2964 2686 3010 aut
2711 2970 2929 3018 avarus,
2956 2956 3046 3024 qui
3079 2966 3165 3012 est
3202 2956 3467 3011 idolorum

216 3049 334 3117 ἔχει
382 3047 754 3119 κληρονομίαν
803 3048 862 3100 ὲν
890 3050 958 3118 τῇ
1015 3047 1262 3120 βασιλείᾳ
1289 3049 1382 3103 τοῦ
1435 3049 1674 3119 Χριστοῦ
1710 3050 1806 3103 καὶ

1898 3045 2086 3110 mitur,
2118 3061 2224 3107 non
2265 3045 2426 3104 habet
2470 3046 2838 3101 hereditatem
2867 3045 2920 3098 in
2967 3061 3136 3113 regno
3167 3047 3367 3102 Christi
3405 3065 3469 3103 ac

215 3139 379 3194 Θεοῦ.
421 3158 441 3191 ›
488 3137 622 3192 Ἰδοὺ
659 3139 822 3192 πάλιν
851 3140 1086 3210 Χριστὸν
1123 3139 1418 3210 ὀνομάσας,
1451 3139 1612 3203 εὐθὺς
1645 3141 1807 3193 αὐτὸν

1898 3133 1987 3190 Dei
2057 3131 2098 3186 '-.
2143 3150 2162 3184 ι
2259 3133 2399 3195 Ecce
2456 3151 2647 3194 rursus
2677 3151 2800 3190 cum
2837 3135 3114 3192 Christum
3146 3138 3466 3200 nominavit,

215 3231 469 3298 εἰσφέρει
515 3230 610 3281 καὶ
667 3229 821 3293 Θεὸν,
872 3228 947 3292 ὡς
985 3231 1079 3284 τοῦ
1133 3230 1268 3285 Θεοῦ
1321 3231 1417 3287 καὶ
1477 3231 1691 3300 Πατρὸς
1747 3233 1806 3284 ἐν

1898 3226 2075 3282 statim
2121 3228 2396 3296 subjungit
2440 3236 2494 3281 et
2532 3229 2718 3294 Deum,
2753 3236 2936 3295 utpote
2982 3229 3089 3284 Deo
3133 3240 3186 3285 et
3218 3229 3380 3287 Patre
3414 3232 3467 3285 in

216 3319 371 3388 αὐτῷ
423 3317 800 3390 βασιλεύοντος
826 3357 839 3381 ,
901 3320 1066 3376 αὑτοῦ
1123 3339 1182 3374 τε
1245 3316 1314 3376 αὖ
1382 3321 1542 3376 πάλιν
1615 3325 1674 3376 ὲν
1727 3322 1806 3394 τῷ

1898 3316 2013 3384 ipso
2052 3325 2334 3387 regnante,
2381 3319 2603 3388 ipseque
2639 3334 2854 3375 rursum
2897 3319 2954 3374 in
2996 3319 3178 3386 Patre,
3218 3323 3372 3392 juxta
3406 3325 3471 3376 il-

220 3413 424 3483 Πατρὶ,
467 3411 608 3463 κατὰ
637 3410 698 3463 τὸ
731 3411 859 3481 παρ’
891 3409 1053 3464 αὑτοῦ
1098 3411 1387 3483 λεγόμενον
1432 3413 1506 3476 ὼς
1550 3410 1685 3483 πρὸς
1715 3413 1807 3467 τὸν

1898 3407 1987 3467 iud
2035 3423 2064 3463 a
2113 3423 2174 3463 se
2227 3409 2293 3462 ad
2345 3407 2561 3466 Patrem
2611 3410 2856 3464 dictum:
2899 3429 2918 3460 ι
2965 3410 3156 3470 Omnia
3214 3429 3331 3468 mea
3383 3424 3469 3466 tua

220 3505 470 3573 Πατέρα,
518 3502 598 3555 ὅτι
643 3521 660 3554 ι
723 3503 909 3557 Πάντα
954 3502 1026 3556 τὰ
1070 3504 1179 3574 ἐμά
1229 3504 1298 3557 σά
1339 3506 1475 3570 ὲστι,
1509 3505 1602 3558 καὶ
1645 3505 1714 3559 τά
1740 3505 1807 3559 σὰ

1898 3509 2038 3563 sunt,
2081 3509 2134 3554 et
2181 3512 2268 3554 tua
2328 3517 2445 3556 mea
2500 3504 2536 3554 '.
2568 3519 2585 3554 ι
2624 3500 2801 3558 Unum
2858 3513 3040 3556 autem
3098 3506 3338 3558 omnium
3388 3517 3475 3558 est

217 3590 414 3660 ὲμά.-›
459 3589 556 3642 Ἕν
583 3589 641 3642 δὲ
692 3589 800 3643 τῶν
845 3591 1128 3662 πάντωνή
1179 3591 1445 3662 βασιλεία,
1498 3595 1650 3666 κοινὴ
1709 3594 1807 3664 μὲν

1898 3605 2118 3660 regnum
2151 3609 2164 3646 :
2192 3607 2481 3646 commune
2513 3592 2730 3660 quidem
2778 3593 2926 3648 Patri
2964 3610 3087 3648 cum
3126 3595 3281 3658 Filio,
3327 3612 3477 3651 com-

224 3679 339 3750 Υἱῷ
373 3679 516 3749 πρὸς
549 3679 785 3751 Πατέρα,
822 3681 974 3750 κοινὴ
1013 3681 1070 3734 δὲ
1098 3685 1272 3754 Πατρὶ
1303 3684 1439 3754 πρὸς
1485 3685 1633 3750 Υίὸν,
1668 3703 1806 3754 συμ-

225 3769 610 3831 ϐασιλεύοντος
628 3770 828 3842 δηλαδὴ
852 3771 945 3825 τοῦ
978 3772 1132 3840 ἁγίου
1157 3773 1296 3826 Πνεύ
1306 3792 1472 3844 ματος
1493 3793 1506 3806 ο
1540 3775 1680 3828 οὕτω
1699 3774 1809 3843 γὰρ

226 3862 420 3932 ὴάγία
456 3862 552 3914 καὶ
590 3862 1039 3933 προσκυνουμένη
1075 3862 1264 3933 Τριάς,
1295 3865 1374 3927 εἰς
1415 3864 1510 3935 τὴν
1562 3867 1690 3934 μίαν
1711 3864 1810 3935 τῆς

226 3950 482 4022 θεότητος
511 3952 843 4024 ἀναφέρεται
880 3952 1061 4023 φύσιν.
1090 3955 1214 4018 Πῶς
1245 3950 1337 4008 οὖν
1363 3956 1572 4024 ποίημα
1604 3957 1631 4007 6
1655 3955 1810 4024 βασι-

227 4042 402 4097 λεύων
430 4045 489 4096 ὲν
519 4044 694 4116 Πατρὶ
720 4042 818 4097 καὶ
844 4044 983 4115 μετὰ
1017 4046 1228 4116 Πατρὸς
1251 4045 1382 4110 Θεὸς
1417 4047 1616 4112 Λόγοςς

310 4287 328 4320 ι
363 4267 573 4339 Μηδεὶς
600 4267 744 4336 ὑμᾶς
768 4267 1030 4321 ἀπατάτω
1059 4269 1234 4331 κενοῖς
1264 4267 1460 4336 λόγοις.
1499 4269 1597 4322 Διὰ
1644 4267 1815 4324 ταῦτα

231 4360 344 4430 γάρ
366 4359 633 4430 ἔρχεταιὴ
660 4357 799 4426 ὀργὴ
823 4355 916 4410 τοῦ
939 4357 1073 4410 Θεοῦ
1099 4358 1193 4410 ἐπὶ
1214 4358 1342 4422 τοὺς
1366 4360 1514 4422 υἱοὺς
1540 4362 1640 4430 τῆς
1664 4361 1816 4413 ἀπει-

233 4448 407 4513 θείας,
451 4468 470 4499 ι
503 4449 612 4502 Καὶ
640 4447 784 4511 τίνες
819 4447 886 4502 ἂν
919 4445 1028 4501 εἶεν
1059 4450 1107 4502 οἱ
1153 4450 1252 4520 τῆς
1288 4451 1570 4513 ἀπειθείας
1604 4453 1729 4512 utut,
1767 4455 1814 4505 εί

239 4542 317 4613 μὴ
343 4543 557 4602 πάντως
592 4540 643 4592 οἱ
669 4537 756 4592 διὰ
788 4537 882 4592 τοῦ
923 4539 1266 4609 πλημμελεῖν
1299 4539 1410 4593 τῶν
1434 4541 1527 4593 τοῦ
1565 4543 1815 4612 Σωτῆρος

237 4633 742 4704 ἀποσκιρτήσαντες
781 4632 994 4696 νόμων;
1031 4631 1092 4683 Et
1117 4630 1174 4684 δὲ
1214 4631 1428 4694 τούτοις
1467 4633 1690 4701 ἐπάγων
1717 4633 1816 4703 τὴν

237 4725 425 4795 ὀργὴν,
465 4725 627 4786 αὐτός
653 4726 802 4777 ἐστιν
845 4724 874 4774 6
924 4721 1113 4792 Σωτὴρ
1147 4722 1235 4775 διά
1279 4721 1375 4775 τοῦ
1408 4722 1623 4791 λέγειν’
1659 4743 1678 4774 ι
1715 4724 1817 4775 Πο-

243 4812 460 4876 ρεύεσθε
518 4813 613 4866 ἀπ’
664 4812 818 4882 ἐμοῦ,
846 4813 894 4864 ot
921 4813 1317 4882 κατηραμένοι,
1378 4816 1456 4876 είς
1502 4814 1562 4866 τὸ
1620 4813 1731 4884 πῦρ
1757 4813 1819 4865 τὸ

239 4900 475 4955 αἰώνιον·
517 4921 537 4954 ι
562 4901 657 4956 καὶ
686 4902 818 4954 Θεὸν
848 4900 1008 4954 αὑτὸν
1037 4903 1066 4953 6
1097 4903 1366 4974 μακάριος
1391 4905 1601 4968 Παῦλος
1633 4900 1739 4958 οἶδέ
1759 4921 1817 4956 τε

241 4992 389 5057 ὄντα,
414 4993 509 5046 καὶ
534 4992 774 5063 εἰσφέρει
797 4991 886 5044 διὰ
914 4991 1140 5045 τούτων·
1165 4993 1247 5058 τίς
1269 4994 1374 5047 τῶν
1406 4996 1611 5064 ποίημα
1634 4997 1819 5063 λεγόν.

241 5096 357 5134 των
382 5082 658 5148 ἀνέξεται;
1730 5103 1742 5114 ν

247 5176 362 5230 Τοῦ
402 5176 585 5232 αὐτοῦ
629 5176 698 5228 ἆκ
744 5171 865 5226 τῶν
905 5171 1055 5224 κατὰ
1111 5168 1396 5235 Ἰωάννην
1445 5163 1814 5233 Εὑαγγέλιογ

320 5245 686 5316 timuerim
712 5243 864 5316 πρὸς
915 5238 1581 5316 ’Λρειανρὺςβέπρντας
1606 5236 1817 5316 ἕτερον

321 5303 466 5372 εἶναι
485 5303 600 5371 ’τὸν
630 5303 989 5370 ἐνδιάθετον(
1002 5309 1108 5365 τοῦ
1140 5306 1288 5361 Θεοῦ
1318 5303 1535 5374 Λόγον,
1567 5307 1663 5358 καὶ
1691 5303 1820 5356 ἕτε-

319 5403 425 5454 ρον
452 5386 556 5440 τὸν
584 5386 744 5441 Υὶόν.

327 5499 572 5568 Ἕτερον,
598 5499 784 5568 φασὶν,
805 5496 934 5550 ὅντα
959 5494 1050 5548 τὸν
1075 5491 1204 5546 Υίὸν
1234 5489 1381 5562 παρὰ
1408 5489 1495 5541 τὸν
1515 5486 1814 5542 ἐνδιάθετον

255 5593 411 5660 λόγον
449 5595 796 5663 εὑρίσκομεν,
823 5592 884 5643 οὐ
913 5591 1030 5650 ταῖς
1054 5584 1258 5638 ἑαυτῶν
1289 5583 1520 5640 ἐννοίαις
1552 5581 1631 5642 είς
1659 5578 1818 5632 τοῦτο

254 5685 608 5755 προσέχοντες
628 5723 644 5749 ,
680 5683 814 5737 ἀλλὰ
846 5685 958 5744 τοῖς
989 5679 1095 5732 ἀπὸ
1121 5678 1220 5745 τῆς
1251 5675 1400 5737 θείας
1433 5674 1649 5742 Γραφῆς
1684 5672 1820 5725 θεω-

257 5781 512 5846 ρήμασιν.
567 5776 739 5830 Ὅταν
784 5775 890 5842 γὰρ
934 5769 1255 5840 ἀκούσωμεν
1301 5767 1396 5821 τοῦ
1455 5764 1582 5819 Υἱοῦ
1635 5764 1824 5831 λέγον·

1896 3694 2061 3739 mune
2097 3695 2228 3735 vero
2259 3679 2394 3734 Filio
2434 3695 2557 3734 cum
2593 3680 2772 3745 Patre,
2807 3693 3176 3752 coureguante
3214 3685 3471 3738 nimirum

1897 3779 1953 3826 et
1999 3769 2203 3838 Spiritu
2256 3779 2492 3826 sancto:
2539 3771 2610 3823 ita
2665 3772 2810 3824 enim
2851 3783 3038 3829 sancta
3090 3782 3145 3824 et
3195 3775 3469 3826 adoranda

1903 3860 2146 3916 Trinitas
2189 3861 2241 3914 in
2277 3877 2438 3916 unam
2472 3861 2690 3920 deitatis
2725 3873 2973 3914 naturam
3011 3862 3302 3930 colligitur.
3336 3862 3476 3928 Quo-

1901 3949 2063 4004 modo
2089 3951 2255 4022 igitur
2284 3951 2355 4005 sit
2390 3960 2637 4005 creatura
2681 3950 2821 4005 Deus
2853 3949 3083 4004 Verbuzu
3136 3955 3186 4005 in
3227 3951 3383 4006 Patre
3423 3962 3477 4006 ct

1902 4056 2026 4096 cum
2061 4040 2222 4098 Patre
2253 4040 2522 4110 regnans?

1978 4270 2242 4335 «Nullus,
2289 4271 2484 4339 inquit,
2551 4285 2646 4327 vos
2694 4271 2948 4326 inanibus
2996 4271 3230 4341 decipiat
3278 4273 3478 4328 verbis.

1906 4363 2138 4435 Propter
2165 4365 2280 4419 haec
2317 4363 2460 4418 enim
2490 4364 2741 4418 venitJra
2779 4365 2870 4419 Dei
2913 4364 2965 4418 in
2999 4364 3136 4419 illius
3168 4364 3484 4421 inobedien-

1908 4460 1999 4513 tiae
2049 4463 2090 4512 ⁸.
2121 4477 2140 4511 ι
2186 4456 2417 4524 Quinam
2453 4471 2583 4511 vero
2631 4455 2740 4511 sint
2790 4455 2884 4511 lilii
2933 4457 3340 4519 ittohedientim,
3383 4461 3482 4516 nisi

1910 4553 1999 4622 qui
2031 4567 2126 4622 per
2153 4561 2370 4620 peccata
2403 4565 2432 4602 a
2473 4549 2782 4605 Servatoris
2826 4549 2996 4604 nostri
3031 4549 3240 4620 legibus
3282 4551 3487 4606 resilie-

1912 4643 2078 4697 runt?
2105 4642 2162 4696 Si
2191 4655 2319 4696 vero
2349 4640 2396 4696 is
2428 4640 2520 4710 qui
2559 4641 2695 4694 iram
2737 4640 2789 4694 in
2825 4639 2944 4695 illos
2984 4640 3229 4694 immittit
3256 4652 3339 4696 est
3373 4642 3488 4710 ipse

1911 4738 2182 4804 Christus,
2232 4738 2420 4792 dicens
2453 4755 2466 4793 :
2503 4755 2522 4789 ι
2555 4736 2825 4792 Discedite
2865 4751 2894 4788 a
2924 4749 3030 4797 me,
3077 4733 3374 4800 maledicti,
3432 4734 3485 4788 in

1914 4831 2092 4899 ignem
2117 4840 2378 4883 teternum
2425 4835 2479 4894 ⁶;
2511 4847 2531 4879 ι
2569 4835 2624 4882 et
2659 4827 2856 4882 beatus
2886 4823 3082 4877 Paulus
3111 4822 3278 4876 Deum
3312 4825 3485 4893 ipsum

1913 4935 2035 4976 esse
2086 4922 2252 4985 novit,
2297 4921 2568 4989 talemque
2627 4918 2853 4980 inducit,
2910 4913 3160 4983 quisnam
3207 4929 3301 4971 eos
3351 4907 3511 4988 [erati

1915 5011 2004 5080 qui
2039 5013 2210 5079 ipsum
2232 5019 2539 5065 creaturam
2570 5022 2688 5062 esse
2720 5003 2942 5060 dicunt?

1921 5159 2174 5235 Ejusdem
2203 5177 2268 5214 ea:
2296 5161 2685 5235 commentariis
2735 5162 2790 5214 in
2845 5162 3078 5235 Joannis
3141 5163 3486 5235 Evangeliunt

1991 5232 2238 5288 adversus
2281 5227 2510 5284 Arianos
2546 5231 2772 5286 dicentes
2818 5234 3078 5290 diversum
3105 5227 3346 5291 intimum
3390 5233 3489 5286 Dei

2006 5297 2224 5353 Verbum
2251 5317 2282 5354 ο
2311 5299 2479 5356 Filio.

2003 5481 2203 5547 Alium,
2278 5482 2472 5552 inquit,
2546 5497 2666 5537 esse
2745 5479 3196 5550 deprehendimus
3272 5477 3488 5539 Filium,

1928 5589 2092 5645 quam
2148 5573 2220 5628 sit
2257 5574 2506 5628 intimum
2556 5572 2813 5629 Verbum.
2872 5569 3038 5638 idque
3093 5581 3200 5622 non
3259 5566 3490 5635 propriis

1933 5667 2086 5722 nobis
2134 5665 2499 5735 opinionibus,
2551 5666 2642 5719 sed
2693 5665 2986 5730 Scriptura:
3037 5657 3360 5715 testimoniis
3391 5656 3493 5712 ad-

1933 5760 2081 5814 ducti
2114 5755 2518 5831 persuademus.
2555 5753 2687 5808 Cum
2722 5753 2865 5808 enim
2907 5751 3104 5812 Filium
3132 5753 3383 5813 audimus
3420 5749 3496 5804 ita

348 5887 366 5920 ⁸
392 5885 586 5955 Ephes.
616 5900 667 5954 ν,
713 5882 764 5950 ι,
798 5881 852 5939 2.
930 5885 950 5916 ³
977 5882 1115 5942 ibid.
1195 5879 1216 5912 ³
1241 5877 1379 5938 ibid.
1399 5873 1455 5931 5.
1530 5875 1548 5906 δ
1587 5869 1745 5932 Joan.
1777 5893 1807 5932 x

1898 5916 1908 5936 ,
1947 5872 2030 5927 10.
2107 5869 2128 5900 ⁵
2151 5867 2358 5932 Ephes.
2391 5883 2448 5927 v.
2479 5862 2533 5918 6.
2611 5865 2631 5894 ⁶
2663 5860 2855 5918 Matth.
2889 5875 3014 5915 xxv.
3047 5853 3136 5910 41.
