4100 6290
660 361 763 424 εει-ι
1897 360 2281 421 EUTHYMII
2323 362 2685 423 ZIGABENI
3748 371 3824 435 εις

660 472 875 524 για-ειη
916 468 1276 538 alloquentem
1311 484 1325 522 :
1356 468 1537 532 Pater,
1566 468 1801 537 clariﬁca
1836 467 2036 522 Filium
2068 479 2236 535 tuum,
2270 498 2279 527 Α

2205 485 2236 535 ι.
2270 474 2312 529 Α
2341 488 2428 533 τος
2463 470 2595 536 πρὸς
2627 468 2717 519 τὸν
2754 467 2969 536 Πατέρα
2992 484 3003 494 '
3031 466 3300 529 Δοξίισόν
3331 482 3443 522 σου
3472 469 3567 523 τὸν
3602 471 3731 539 Υιὸι·1
3764 477 3824 530 τοί

660 566 984 633 Patremque
1045 565 1281 619 vicissim
1347 562 1421 615 ita
1472 562 1941 631 respondentem:
2001 560 2069 613 Et
2117 562 2232 615 cla-

2208 591 2232 602 -
2340 561 2395 613 δὲ
2440 559 2653 627 Πατρός
2692 557 2755 611 αὖ
2804 559 2962 612 πάλιν
3003 559 3445 627 ἀποκρινομένου,
3480 565 3564 614 καὶ
3604 563 3825 630 λέγοντος·

662 657 889 719 riﬁcavi,
924 665 973 708 et
993 657 1180 707 iterum
1207 654 1512 716 clariﬁcabo
1539 654 1578 717 ¹,
1630 667 1810 706 nonne
1838 653 1888 705 in
1923 652 2094 706 Verbo
2125 668 2237 707 res-

2205 680 2237 700 i-
2340 650 2451 703 Καὶ
2481 648 2766 713 ἐδόξασα,
2801 648 2899 702 καί
2934 646 3120 701 πάλιν
3147 649 3385 713 δοξάσω
3412 667 3424 679 '
3462 646 3547 722 ἆρ’
3590 656 3693 724 οὐχὶ
3731 658 3824 710 πάν-

664 747 913 812 pondisse
939 744 1152 796 Patrem
1178 742 1316 796 Filio
1344 741 1735 797 concedimus?
1762 742 2045 807 Quomodo
2072 744 2233 811 igitur

2208 759 2233 796 r
2340 756 2448 802 τως
2479 740 2535 790 ὲν
2565 739 2707 808 λόγῳ
2738 739 2981 805 δώσομεν
3012 740 3395 806 ἀπολογεῖσθαι
3427 743 3496 809 τῷ
3526 742 3625 811 Υἱῴ
3651 747 3722 797 τὸν
3749 747 3825 799 [Ια-

663 837 891 890 Verbutn
920 836 1071 897 illud,
1100 850 1205 902 quo
1229 834 1386 887 Pater
1424 833 1556 887 Filio
1589 835 1895 898 respondet,
1931 848 2036 887 non
2064 834 2238 886 diver-

2206 850 2238 872 --
2341 831 2504 901 τέρα;
2548 828 2668 891 Πῶς
2707 825 2800 882 οὖν
2844 830 2943 899 οὐχ
2986 829 3171 900 ἕτερος
3217 832 3366 899 παρά
3396 832 3480 882 τόν
3508 832 3621 884 Υίὸν
3657 834 3761 887 ὀδι*
3787 833 3825 892 οὗ

658 940 774 976 sum
798 926 868 978 sit
887 924 952 976 ab
977 925 1088 986 ipso
1104 923 1240 977 Filio
1260 924 1283 975 ?
1305 924 1442 988 Quid
1473 925 1588 978 istis
1619 924 1870 977 miserius
1898 938 2015 977 esse
2040 933 2235 992 potest,

2207 936 2235 989 '.,
2344 923 2479 990 πρὸς
2514 922 2676 974 αὐτὸν
2718 924 2745 974 6
2776 922 2962 989 Πατὴρ
3000 920 3452 990 ἀντιφθέγγεταις
3488 924 3548 975 Τί
3589 926 3750 991 γένοιτ’
3784 929 3826 980 ἂν

662 1017 707 1068 si
739 1016 975 1081 praprie,
1002 1027 1054 1068 et
1082 1030 1206 1068 vere
1241 1014 1409 1069 fuisse
1466 1015 1639 1068 Patris
1671 1026 1859 1086 putant
1881 1016 2023 1069 illam
2052 1032 2238 1071 vocem

2207 1032 2238 1070 η
2344 1014 2452 1065 τῶν
2480 1004 2736 1064 τοιούτων
2761 1012 3109 1082 ἀθλιώτερον,
3144 1014 3197 1064 εἴ
3245 1031 3307 1079 γε
3341 1017 3535 1085 κυρίως
3560 1033 3613 1070 τε
3643 1021 3719 1072 καὶ
3740 1021 3826 1090 ἁλη-

662 1119 825 1173 quam
856 1121 960 1158 non
997 1106 1253 1160 Serv-ator
1282 1106 1451 1170 solus,
1481 1106 1574 1158 sed
1610 1106 1721 1172 ipsa
1756 1103 2062 1158 Juda‘orum
2092 1105 2231 1157 mul-

2209 1132 2231 1144 -
2344 1103 2448 1165 θὼς
2470 1103 2671 1172 ταύτην
2700 1098 2836 1154 εἶναι
2860 1103 2951 1154 τοῦ
2980 1104 3188 1174 [ἰατρὸς
3218 1104 3557 1158 ὑπετόπασαν
3575 1109 3660 1177 τὴν
3680 1111 3826 1178 φωνὴν,

661 1200 855 1263 titudp,
879 1209 932 1250 et
960 1198 1350 1266 discipulorum
1373 1206 1548 1252 coetus
1572 1198 1776 1250 audivit
1796 1196 1817 1248 ?
1841 1196 2069 1264 Equius
2101 1204 2239 1260 erat,

2207 1204 2239 1260 ι,
2340 1188 2409 1266 ἧς
2448 1194 2507 1247 οὐ
2551 1193 2710 1263 μόνος
2750 1194 3063 1263 ὑπήκουσεν
3110 1196 3138 1244 6
3188 1194 3400 1264 Σωτὴρ,
3449 1196 3577 1248 ἀλλᾶ
3618 1199 3693 1249 καὶ
3734 1200 3826 1266 αὑτή

661 1288 1033 1355 praestantiora
1055 1290 1325 1357 qumdam,
1355 1298 1407 1343 et
1437 1288 1544 1341 Deo
1563 1289 1735 1357 magis
1752 1289 2129 1343 convenientia
2150 1303 2244 1341 co-

2207 1308 2244 1338 ι-
2345 1286 2377 1353 ἠ
2407 1283 2517 1336 τῶν
2556 1282 2823 1336 Ἰουδαίων
2850 1283 3194 1352 περιεστῶσα
3225 1284 3453 1351 πληθὺς,
3489 1284 3573 1336 καὶ
3601 1286 3625 1337 6
3650 1287 3734 1338 τῶν
3757 1305 3826 1356 μι-

660 1382 858 1446 gitare,
887 1395 1047 1449 quam
1080 1396 1143 1434 ea
1172 1396 1290 1448 qua:
1325 1395 1483 1449 supra
1514 1395 1611 1433 nos
1636 1389 1779 1444 sunt,
1807 1380 2012 1450 legibus
2039 1381 2244 1434 nostris

2203 1381 2244 1434 is
2345 1375 2525 1445 θητῶν
2556 1375 2745 1444 χορός;
2773 1374 2920 1426 Ἔδει
2948 1374 3056 1442 γὰρ
3085 1373 3283 1442 μᾶλλον
3317 1376 3507 1436 αὐτοὺς
3534 1376 3594 1429 τὰ
3619 1376 3822 1447 θεοπρεπῆ

660 1472 953 1539 subjicere?
973 1470 1104 1525 Nam
1122 1488 1279 1525 aures
1303 1486 1591 1542 corporeas
1618 1472 1726 1525 ictu
1742 1485 1840 1525 suo
1866 1487 1963 1525 vox
1983 1487 2239 1540 corporea

2211 1487 2239 1525 a
2348 1463 2718 1532 φαντάζεσθαι
2745 1464 3213 1531 πλεονεκτήματα,
3252 1463 3345 1515 κα)⁸
3378 1463 3450 1533 μὴ
3476 1465 3582 1528 τοῖς
3610 1466 3709 1517 καθ’
3728 1469 3826 1535 ἡμᾶς

659 1564 950 1626 verberat;
991 1562 1278 1616 consilium
1307 1572 1483 1616 autem
1530 1561 1725 1625 Patris,
1775 1561 1917 1629 quod
1947 1562 2243 1629 inexplica-

2205 1579 2243 1612 I-
2349 1558 2534 1626 νόμοις
2576 1558 2871 1625 πειρᾶσθαι
2910 1557 3142 1623 ὑπάγειν
3176 1556 3243 1607 τά
3283 1556 3422 1626 ὑπὲρ
3462 1560 3616 1626 ἡμᾶς.
3644 1559 3729 1626 Τὴν
3756 1560 3824 1628 γὰρ

659 1652 750 1704 bili
781 1668 907 1705 voce
933 1656 1093 1707 tacite
1144 1664 1198 1708 et
1245 1663 1495 1722 tanquam
1528 1655 1579 1707 iu
1608 1664 1785 1705 mente
1809 1662 2075 1717 versatur,
2098 1652 2244 1707 solus

2205 1669 2244 1707 is
2345 1647 2439 1699 τοῦ
2486 1646 2734 1715 σώματος
2789 1646 2956 1715 ἀκοὴν
3003 1648 3287 1715 σωματικῇ
3335 1649 3678 1718 προσαράσσει
3708 1654 3824 1717 φωνῇ,

657 1744 851 1808 Filius,
875 1747 965 1812 qui
998 1745 1048 1798 in
1071 1745 1189 1811 ipso
1215 1745 1555 1807 naturaliter,
1586 1755 1769 1813 utpote
1791 1744 2053 1813 sapientia
2078 1744 2244 1813 ipsius

2205 1761 2244 1800 is
2345 1738 2444 1809 τὴν
2479 1738 2534 1791 δὲ
2571 1740 2628 1791 ἓν
2668 1739 2926 1808 ἀρρήτοις
2968 1741 3170 1803 φωναῖς
3207 1738 3395 1808 ἡρέμα
3440 1739 3530 1789 καὶ
3566 1740 3703 1790 οἱονεὶ
3734 1742 3824 1791 κατὰ

658 1845 762 1899 est,
791 1839 955 1889 novit.
994 1838 1155 1890 Deum
1193 1852 1318 1890 vero
1360 1852 1651 1905 voce,qua:
1688 1853 1809 1890 cum
1840 1837 2069 1903 strepitu
2119 1851 2243 1904 pro-
2275 1834 2277 1887 ἶ

2205 1851 2243 1887 ι-
2275 1833 2317 1889 Β
2346 1829 2472 1883 νοῦν
2514 1829 2888 1899 στρεφομένην
2928 1827 3181 1898 βούλησιν
3208 1828 3304 1880 τοῦ
3340 1829 3546 1897 Πατρδς
3582 1829 3714 1897 μόνος
3735 1826 3824 1880 οἶδεν

659 1927 965 1991 nuntietur,
1003 1928 1079 1979 uti
1117 1927 1273 1995 plane
1299 1937 1380 1981 est
1433 1927 1766 1990 incredibile,
1798 1928 1842 1980 si
1884 1936 2063 1981 tamen
2090 1926 2237 1978 volu-

2205 1949 2237 1973 ς-
2345 1923 2402 1973 ὲν
2435 1921 2584 1990 αὐτῷ
2620 1917 2865 1988 φυσικῶς
2892 1920 3154 1990 ὑπάρχων
3188 1922 3214 1970 6
3247 1918 3396 1983 Υἱὸς,
3431 1919 3503 1982 ὡς
3537 1921 3673 1988 σοφία
3699 1919 3824 1973 αὐτοῦ.

659 2032 795 2079 mus,
830 2019 1330 2085 praestantissimam
1353 2018 1492 2070 illam
1521 2030 1764 2071 naturam
1791 2020 1952 2072 rebus
1974 2031 2238 2086 procrea-

2212 2045 2238 2056 -
2345 2012 2501 2082 Φωνῇ
2530 2012 2586 2065 δὲ
2613 2014 2678 2081 τῇ
2708 2011 2795 2062 διὰ
2818 2009 3029 2062 κτύπου
3063 2010 3367 2079 κεχρῆσθαι
3398 2009 3487 2061 τὸν
3518 2009 3636 2061 Θεὸν
3657 2010 3826 2077 ὑπολαμ-

658 2108 725 2160 tis
749 2108 1093 2161 antecellere.
1126 2107 1445 2176 Quanquam
1471 2120 1525 2162 ct
1566 2108 1680 2176 ipse
1734 2107 1994 2161 Dominus
2054 2116 2241 2159 noster

2206 2122 2241 2159 :r
2345 2105 2554 2171 εἰάνειν,
2587 2101 2867 2163 παντελῶς
2893 2101 3178 2165 ἀπίθανον,
3211 2100 3374 2169 εἴπερ
3400 2101 3611 2167 οἰόμεθα
3634 2101 3720 2152 δεῖν
3742 2102 3825 2152 ἀπο·

656 2195 814 2251 Jesus
838 2197 1088 2253 Christus
1134 2214 1238 2251 non
1275 2200 1433 2262 dixit,
1492 2214 1613 2251 eam
1643 2212 1763 2251 esse
1802 2196 1894 2251 Dei
1948 2208 2000 2249 ct
2037 2195 2236 2265 Patris,

2208 2214 2236 2265 ι,
2345 2193 2539 2258 σώζειν
2581 2197 2647 2264 τῇ
2692 2194 2832 2263 ὑπὲρ
2872 2194 3049 2246 πάντα
3093 2191 3251 2260 φύσει
3293 2193 3362 2245 τὰ
3408 2193 3541 2262 ὑπὲρ
3580 2193 3665 2261 τὴν
3692 2193 3827 2244 κτίσιν.

657 2303 831 2356 neque
868 2303 948 2354 se,
978 2300 1035 2342 ut
1066 2286 1243 2343 Patris
1268 2289 1553 2344 consilium
1584 2289 1932 2358 intelligeret,
1965 2289 2234 2357 interpre-

2210 2316 2234 2327 -
2346 2286 2553 2350 Ἄλλως
2581 2302 2640 2338 τε
2664 2284 2759 2338 καὶ
2784 2283 2946 2346 αὐτὸς
2973 2285 2999 2334 6
3029 2285 3233 2351 Κύριος
3256 2282 3419 2352 ἡμῶν
3460 2283 3649 2353 Ἰησοῦς
3668 2282 3826 2351 Χριστίς

669 2382 738 2434 tis
762 2382 1023 2452 indigere.
1048 2383 1235 2451 Itaque
1268 2401 1281 2435 :
1303 2381 1425 2436 Non
1448 2397 1658 2452 propter
1676 2399 1772 2447 me,
1808 2384 2122 2451 inquit,hwc
2143 2398 2240 2436 vox

2209 2398 2240 2435 κ
2340 2378 2442 2430 οὐκ
2486 2378 2689 2446 ἔφησεν
2720 2375 2891 2446 αὐτὴν
2924 2369 3065 2428 εἶναι
3097 2374 3188 2426 τοῦ
3227 2374 3367 2427 Θεοῦ
3403 2376 3494 2428 καὶ
3526 2375 3727 2444 Πατρδς,
3756 2371 3828 2427 ἀλλ’

655 2472 799 2538 facta
817 2482 915 2537 est,
966 2475 1055 2526 sed
1083 2485 1293 2542 propter
1310 2490 1397 2527 vos
1420 2474 1462 2527 ².
1502 2474 1751 2540 Alioquin
1802 2473 2073 2528 debuisset
2096 2474 2241 2527 dice-

2209 2494 2241 2524 ι-
2341 2468 2460 2520 οὐδὲ
2500 2469 2632 2538 παρ’
2677 2468 2866 2538 ἐτέρου
2910 2466 3163 2535 δεόμενον
3210 2466 3506 2535 ἑρμηνείας
3552 2467 3670 2536 πρὸς
3702 2467 3747 2518 τὸ
3774 2466 3828 2517 δύ-

660 2577 717 2614 ie
754 2578 766 2613 :
801 2560 1100 2616 Audivistis
1125 2577 1335 2616 mecum
1369 2577 1557 2615 vocem
1609 2560 1787 2615 Patris
1819 2562 1841 2615 ?
1872 2561 2030 2615 Nunc
2057 2572 2236 2616 autem

2209 2578 2236 2615 ιι
2341 2559 2537 2612 νασθαι
2574 2557 2766 2628 μαθεῖν
2792 2558 2895 2629 τὴν
2929 2556 3023 2609 τοῦ
3051 2556 3261 2625 Ιιατρδς
3302 2557 3552 2626 βούλησιν
3579 2556 3736 2609 ἑαυτὸν
3758 2557 3828 2608 ἔτι·

657 2650 813 2712 dicit,
846 2664 903 2703 se
929 2649 1072 2703 illius
1104 2650 1250 2705 vocis
1305 2666 1413 2705 non
1444 2650 1688 2719 eguisse,
1722 2653 1815 2704 sed
1849 2661 2071 2719 propter
2092 2652 2239 2720 ipsos

2208 2666 2239 2704 is
2343 2651 2579 2705 δεικνύει
2602 2653 2777 2719 λέγων
2799 2666 2813 2682 ο
2850 2650 2931 2702 Οὐ
2964 2647 3039 2701 δι’
3067 2648 3171 2717 ἐμὲ
3201 2650 3237 2717 ἠ
3265 2650 3439 2717 φωνὴ
3476 2650 3613 2715 αὕτη
3640 2649 3827 2717 γέγονεν,

660 2742 859 2792 factam
882 2753 1001 2793 esse
1031 2738 1282 2806 aliinnat,
1317 2757 1423 2794 non
1450 2753 1626 2795 autem
1669 2756 1697 2794 a
1725 2741 1883 2795 Patre
1922 2744 2237 2810 pronuntia-

2208 2771 2237 2795 ι’
2338 2742 2500 2797 ἀλλὰ
2528 2740 2602 2795 δι’
2636 2740 2808 2813 ὑμᾶς.
2858 2740 3056 2810 Ἐχρῆν
3091 2740 3149 2792 δὲ
3184 2740 3388 2809 μᾶλλον
3420 2743 3605 2807 εἰπεῖν,
3634 2738 3827 2794 Ἠκούσα-

675 2836 805 2878 tam.
836 2826 994 2917 Quod
1025 2827 1068 2880 si
1098 2830 1275 2880 omnia
1308 2843 1406 2898 per
1436 2830 1607 2897 ipsum
1640 2830 1800 2894 Deus,
1832 2839 1885 2884 et
1927 2829 2085 2886 Pater
2107 2831 2235 2901 agit,

2209 2846 2235 2896 ι,
2339 2848 2401 2883 τε
2434 2833 2553 2902 μετ’
2585 2830 2719 2901 ἐμοῦ
2751 2831 2852 2901 τῆς
2882 2830 3066 2901 φωνῆς
3097 2830 3191 2883 τοῦ
3216 2832 3453 2902 Πατρός.
3485 2831 3590 2885 Νῦν
3619 2832 3665 2883 δὲ
3681 2830 3728 2881 οὗ
3748 2848 3828 2896 φωι

668 2929 763 2982 per
799 2916 969 2983 ipsum
1000 2918 1254 2972 nimirum
1292 2931 1344 2973 et
1378 2920 1469 2974 illa
1508 2919 1646 2973 facta
1681 2930 1784 2974 est.
1818 2920 1932 2990 Ipse
1956 2924 2097 2976 enim
2124 2932 2240 2977 erat

2211 2932 2240 2976 lt
2338 2920 2439 2989 νῆς
2478 2920 2642 2973 αὐτὸν
2697 2919 2985 2990 δεδεῆσθαι
3026 2921 3441 2989 προσομολογεῖ,
3496 2918 3767 2991 γεγενῆσθαι
3794 2916 3830 2969 δι

665 2998 770 3060 vox
804 3021 910 3060 non
942 3008 1043 3061 sibi
1075 3007 1251 3063 Patris
1276 3012 1605 3065 voluntatem
1634 3011 1929 3080 explicans,
1959 2998 2229 3080 quam-uti

2215 3014 2229 3068 i
2343 3014 2545 3082 μᾶλλον
2573 3013 2745 3083 αὐτὴν
2770 3012 2835 3064 δι’
2868 3013 3111 3076 ἐκείνους
3140 3013 3501 3084 ίσχυρίζεται,
3532 3016 3626 3067 οὐκ
3651 3018 3830 3079 immu-

659 3096 827 3153 Filius
854 3110 1095 3164 noverat,
1130 3104 1222 3157 sed
1253 3103 1476 3158 auribus
1505 3104 1991 3169 circumstantium,
2016 3114 2077 3160 ut
2103 3119 2224 3160 cre-

2210 3133 2224 3145 -
2340 3104 2536 3171 νῆσθαι
2573 3104 2725 3173 παρὰ
2756 3103 2851 3157 τοῦ
2890 3106 3124 3173 Πατρός.
3161 3107 3272 3158 Καὶ
3310 3108 3360 3159 εἰ
3391 3107 3561 3161 πάντα
3583 3107 3643 3158 δι’
3670 3099 3829 3157 nuto“

658 3191 873 3245 dcrent.
2256 3174 2298 3234 ο
2334 3193 2466 3255 Θεὸς
2499 3196 2595 3247 κα)⁸
2625 3194 2816 3265 Πατὴρ
2846 3196 3157 3265 ἐργάζεται,
3184 3197 3255 3250 δι’
3288 3200 3455 3252 αὐτοῦ
3485 3200 3545 3269 δὴ
3574 3199 3754 3256 πάντως
3770 3198 3830 3246 καὶ

658 3281 837 3335 τοῦτο.
882 3284 1054 3349 Αὐτὸς
1099 3284 1208 3355 γὰρ
1237 3280 1305 3356 ἦν
1345 3286 1379 3357 ἡ
1415 3285 1590 3356 φωνὴ,
1629 3288 1728 3357 οὐχ
1773 3286 1953 3355 ἑαυτῷ
1993 3286 2092 3357 τὴν
2148 3285 2241 3339 τοῦ
2281 3287 2645 3357 γεννήσαντος
2677 3286 2994 3357 ἑρμηνεύων
3014 3287 3287 3355 διάθεσιν,
3321 3290 3438 3361 ᾔδει
3490 3290 3588 3363 γάρ
3631 3290 3692 3353 ὡς
3714 3285 3830 3349 Υίδς·

661 3372 801 3425 ἁλλά
847 3376 967 3436 ταῖς
1018 3373 1129 3427 τῶν
1175 3378 1555 3443 περιεστώτων
1602 3380 1811 3446 ἀκοαῖς,
1867 3382 1953 3433 ἵνα
2007 3378 2393 3433 πιστεύσωσιν.

1343 3469 1409 3523 Et
1467 3475 1596 3527 Ιιωε.
2961 3475 3066 3528 Καὶ
3098 3475 3297 3530 τοῦτο.

734 3564 870 3617 Audi
892 3562 1278 3632 evangelistam
1302 3566 1602 3619 dicentem:
1624 3566 1734 3619 Hoc
1756 3579 1867 3622 erat
1898 3570 1952 3621 in
1981 3569 2237 3638 principio

2210 3584 2237 3622 0
2411 3568 2609 3619 Ἀκουε
2643 3565 2737 3619 τοῦ
2773 3567 3170 3634 Εὑαγγελιστοῦ
3192 3567 3445 3636 λέγοντος
3476 3585 3489 3599 ·
3518 3564 3681 3632 Οὗτος
3704 3562 3762 3634 ἦν
3786 3564 3829 3614 ἑν

662 3656 802 3725 apud
834 3654 995 3708 Deum
1021 3655 1062 3708 ³.
1103 3654 1191 3710 Sic
1223 3657 1366 3710 enim
1392 3674 1452 3711 ea
1484 3674 1604 3729 quae
1667 3675 1826 3729 supra
1876 3660 2085 3715 dixerat
2113 3668 2235 3714 tan-

2213 3687 2235 3702 .
2338 3657 2497 3726 ἀρχῇ
2537 3660 2686 3727 πρὸς
2720 3659 2825 3711 τὸν
2855 3660 3021 3711 Θεόν.
3062 3660 3561 3728 Ἀνακεφαλαίωσιν
3584 3660 3673 3729 γάρ
3698 3659 3826 3724 ὥσπερ

658 3760 820 3815 quam
854 3745 906 3797 in
945 3760 1207 3799 summam
1240 3748 1529 3816 quamdam
1560 3751 1784 3820 redegit.
1809 3753 2027 3807 Addens
2053 3761 2232 3805 autem

2207 3768 2232 3805 ιι
2336 3751 2460 3802 τινὰ
2476 3750 2582 3801 τῶν
2604 3750 2703 3819 ἤδη
2720 3752 3133 3820 προειρημένων
3156 3753 3213 3802 ἐν
3237 3753 3450 3816 τούτοις
3468 3758 3491 3805 ό
3516 3746 3826 3818 Εὑαγγελιπτὴς

661 3838 786 3893 illud
825 3856 837 3889 :
876 3837 1011 3903 Hoc,
1063 3839 1276 3894 videtur
1311 3844 1542 3911 quodam
1573 3848 1729 3898 modo
1760 3847 1993 3900 clamare
2025 3861 2039 3899 :
2082 3845 2235 3911 Quod

2207 3847 2235 3898 ι]
2340 3842 2659 3910 ἐποιήσατο.
2694 3843 2957 3910 Προσθεὶς
2981 3842 3035 3895 δὲ
3066 3843 3127 3895 τὸ
3162 3839 3377 3910 Οὗτος,
3406 3845 3658 3914 μονονουχὶ
3689 3842 3826 3909 βοήσας

658 3941 741 3982 est
767 3929 817 3981 in
851 3930 1133 3999 principio,
1164 3933 1306 3999 quod
1345 3943 1430 3987 est
1463 3937 1600 4001 apud
1638 3932 1848 3989 Patrem
1878 3935 2136 3997 Verbum,
2188 3938 2242 3987 et

2207 3938 2242 3987 ιι
2340 3935 2552 4002 δρᾶται,
2591 3933 2656 3986 '0
2686 3932 2758 3985 ὢν
2794 3936 2850 3985 ὲν
2879 3936 3019 4003 ἀρχῇ
3048 3936 3075 3985 6
3108 3937 3261 4005 παρά
3310 3937 3387 4006 τῷ
3437 3936 3597 4003 Harp!
3635 3934 3782 3997 Λόγος.
3812 3929 3826 3976 ά

664 4020 802 4075 Deus
833 4036 895 4074 ex
927 4022 1057 4084 Deo,
1094 4022 1191 4077 hoc
1229 4023 1355 4077 illud
1388 4034 1489 4090 est,
1553 4025 1620 4079 de
1684 4041 1790 4095 quo
1840 4027 1891 4081 in
1946 4026 2237 4093 praesentia

2209 4039 2237 4078 a
2345 4024 2605 4091 ὑπάρχων
2650 4024 2780 4086 Θεὸς
2827 4024 2888 4077 ἐκ
2923 4025 3056 4076 Θεοῦ
3089 4021 3241 4088 οὗτός
3278 4029 3412 4093 ἐστι,
3458 4027 3546 4081 καὶ
3581 4028 3665 4093 οὐχ
3698 4023 3824 4087 item}:

657 4110 893 4163 scribere
937 4111 1341 4166 consumimus.
1406 4110 1521 4166 Non
1584 4112 1784 4168 frustra
1841 4117 1968 4169 mibi
2032 4117 2243 4168 videtur

2204 4130 2243 4167 ιι·
2338 4118 2464 4184 περὶ
2490 4107 2552 4168 οῦ
2575 4116 2634 4167 τὸ
2660 4116 2853 4184 σεμνὸν
2881 4118 3011 4185 ἡμῖν
3034 4118 3321 4185 πρόκειται
3345 4120 3677 4188 σύγγραμμα.
3702 4115 3823 4163 "Eam

662 4203 772 4254 haec
818 4201 975 4255 verba
1010 4201 1278 4257 addidisse
1298 4219 1321 4271 _:
1367 4202 1477 4255 Hoc
1524 4215 1635 4256 erat
1680 4209 1732 4258 in
1787 4208 2043 4273 principio
2097 4208 2237 4274 apud

2204 4208 2237 4259 (ί
2341 4204 2395 4256 δὲ
2455 4205 2620 4258 πάλιν
2678 4207 2739 4259 οὐ
2794 4206 2968 4278 μάτην
3016 4210 3128 4270 τοῖς
3178 4209 3491 4277 εἰρημένοις
3541 4202 3749 4277 προσθεὶς
3786 4196 3822 4246 τὺ

660 4294 847 4345 Deum.
892 4293 1085 4345 Divino
1137 4294 1280 4346 enim
1334 4294 1535 4371 Spiritu
1567 4297 1633 4351 ad
1663 4312 1845 4351 eorum
1882 4313 2000 4366 qua:
2052 4298 2230 4353 futura

2201 4314 2230 4351 τι
2334 4293 2418 4352 οὗ
2425 4314 2520 4361 τος
2541 4294 2620 4367 ἦν
2640 4299 2708 4351 ἐν
2727 4297 2885 4366 ἀρχῇ
2908 4299 3057 4367 πρὸς
3082 4303 3185 4351 τὸν
3206 4302 3377 4353 Θεόν.
3408 4301 3490 4361 Ὡς
3510 4299 3605 4368 γὰρ
3628 4294 3710 4349 ὑπὸ
3728 4291 3820 4343 θείου

657 4388 832 4441 erant,
864 4381 1226 4447 cognitionem
1276 4383 1676 4451 percipiendam
1746 4386 2066 4452 illustratus,
2128 4406 2231 4443 non

2201 4407 2231 4443 ιι
2338 4390 2652 4458 Ιινεύματος
2670 4391 2747 4453 είς
2772 4391 2868 4459 τὴν
2892 4390 2999 4443 τῶν
3021 4390 3298 4457 ἐσομένων
3322 4392 3518 4459 γνῶσιν
3542 4380 3819 4460 φωταγωγοῦ·

656 4469 943 4538 ignoravit,
980 4480 1032 4523 ut
1063 4472 1192 4523 mihi
1235 4473 1452 4540 quidem
1493 4472 1730 4540 videtur,
1761 4486 1814 4530 et
1848 4488 1903 4530 ut
1940 4493 2059 4532 vere
2108 4478 2230 4531 liCct
2263 4481 2275 4535 I

2199 4487 2230 4530 ἰ
2263 4481 2305 4535 D
2340 4498 2499 4547 μενος
2524 4482 2624 4533 οὐκ
2655 4482 2942 4549 ἠγνόησεν,
2974 4482 3047 4543 ὠς
3100 4485 3287 4550 ἔμοιγε
3326 4486 3490 4547 δοκεῖ,
3533 4486 3616 4536 καί
3640 4482 3698 4540 ὡς
3722 4478 3818 4528 εστ-ν

652 4558 826 4625 loqui,
870 4561 1132 4626 quosdam
1171 4562 1281 4615 fore
1313 4564 1627 4630 perditionis
1672 4569 1970 4634 operarios,
2034 4569 2233 4622 diaboli

2198 4569 2233 4622 li
2333 4573 2506 4623 εἰπεῖν
2528 4571 2912 4640 ἀληθεύοντας,
2941 4572 3131 4641 ὅτιπερ
3156 4573 3558 4642 ἀναφανοῦνταί
3584 4585 3697 4629 τινες
3717 4568 3817 4615 ἀνω

656 4650 896 4718 laqueus,
930 4652 1063 4706 lilios
1093 4655 1298 4714 mortis,
1347 4654 1438 4719 qui
1478 4654 1719 4709 dicerent
1752 4658 1893 4712 aliud
1946 4674 2067 4715 esse
2103 4662 2230 4714 inti-

2190 4662 2230 4713 i-
2329 4661 2475 4725 λείας
2511 4664 2758 4732 ἐργάται,
2799 4663 3046 4715 διαϐόλου
3070 4664 3343 4735 θήρατρα,
3388 4665 3604 4719 Θανάτου
3633 4655 3809 4724 παγιδΞῆ

655 4755 799 4794 mum
838 4743 965 4795 illud
1006 4745 1056 4795 in
1104 4743 1208 4797 Deo
1237 4756 1289 4796 et
1343 4744 1505 4797 Patre
1571 4744 1827 4813 Verbum,
1894 4750 1981 4804 cui
2034 4753 2225 4805 similis

2189 4754 2225 4805 is
2325 4752 2576 4819 λέγοντες
2627 4753 2814 4823 ἓτερον
2842 4754 2941 4823 μὲν
2971 4750 3111 4807 εἶναι
3142 4760 3230 4807 τὴν
3255 4757 3556 4810 ἐνδιάθετον
3584 4758 3631 4804 ὲν
3655 4749 3713 4816 τῷ
3734 4741 3808 4807 θεῴ

655 4831 941 4886 admodum
987 4834 1056 4887 sit
1117 4833 1307 4894 Filius,
1359 4846 1413 4889 et
1474 4836 1694 4891 Verbum
1756 4842 1875 4906 ltoc,
1931 4859 2022 4910 per
2080 4846 2222 4912 quod

2194 4846 2222 4897 ti
2324 4846 2416 4897 καὶ
2439 4847 2610 4914 Πατρὶ
2630 4846 3024 4917 Λόγον,ἓτερον
3047 4846 3099 4898 δέ
3119 4864 3235 4899 τινα
3256 4848 3348 4901 τὸν
3388 4848 3465 4916 τῷ
3486 4844 3727 4906 ὲνδιαθὲτῳ
3738 4836 3813 4921 lia:

654 4921 834 4975 omnia
858 4921 996 4976 Deus
1012 4925 1140 4994 agit,
1160 4936 1217 4979 ut
1243 4929 1389 4981 verbi
1412 4931 1651 4993 verbum,
1670 4941 1723 4985 et
1755 4932 1930 5003 imago
1949 4936 2221 5004 imaginis.

2181 4955 2221 4999 ι,
2326 4936 2731 5005 ἐμφερὲστατόν
2760 4953 2819 4989 τε
2851 4939 2946 4990 καὶ
2978 4938 3296 5005 ὁμοιότατον
3331 4939 3460 4990 Υίὸν
3493 4938 3579 4990 καὶ
3605 4925 3800 4997 Atinatis

652 5020 705 5064 et
745 5013 1041 5078 splendoris
1092 5016 1341 5082 splendor
1383 5020 1738 5089 intelligatur.
1794 5022 2021 5079 Proinde
2066 5031 2220 5097 quasi

2189 5031 2220 5082 si
2325 5020 2387 5079 οὗ
2417 5029 2444 5079 6
2471 5026 2601 5089 Θεὸς
2634 5028 2700 5080 τὰ
2732 5027 2908 5081 πάντα
2939 5028 3250 5100 ἐργάζεται,
3290 5030 3379 5082 ἵνα
3408 5030 3554 5097 λόγος
3577 5028 3705 5094 λόγου

645 5101 757 5168 jam
794 5112 905 5155 tum
938 5103 1130 5170 impios
1157 5107 1287 5161 istos
1315 5110 1555 5166 homines
1601 5114 1836 5179 audiret,
1877 5120 2225 5172 exsecrandis

2183 5120 2225 5172 is
2325 5136 2439 5184 ται,
2468 5120 2562 5172 καὶ
2595 5118 2759 5171 εἰκὼν
2783 5120 3015 5185 εἰκόνος,
3049 5120 3143 5172 καὶ
3165 5121 3508 5189 ἀπαύγασμα
3534 5113 3802 5181 απαντάπμι’

652 5196 885 5263 ipsorum
916 5194 1258 5262 opinionibus
1307 5202 1630 5272 scriptisque
1680 5206 1873 5260 inerito
1925 5222 2223 5266 commotus

2185 5228 2223 5266 ts
2327 5225 2438 5271 τος.
2475 5210 2689 5280 Ὥσπερ
2717 5206 2810 5262 οῦν
2837 5210 2937 5280 ἥδη
2967 5210 3403 5279 δυσφημούντων
3433 5212 3648 5265 ἀκούσας
3670 5198 3804 5256 αὐτῶν

649 5288 837 5343 beatus
872 5288 1218 5357 evangelista,
1257 5306 1375 5345 cum
1438 5296 1734 5361 deﬁnisset,
1780 5309 1834 5352 et
1871 5298 2106 5368 cupiose,
2167 5315 2224 5355 ut

2184 5315 2224 5355 ιι
2326 5304 2422 5353 καὶ
2473 5300 2606 5366 πρὸς
2652 5301 2747 5364 τὰς
2791 5302 3024 5364 ἀτόπους
3071 5299 3333 5363 ἀπονοίας
3381 5301 3486 5353 τῶν
3532 5296 3645 5367 παρ’
3681 5286 3803 5342 αὖτοῖί

647 5381 952 5449 oportebat,
997 5381 1343 5449 declarasset,
1379 5401 1566 5450 unum,
1602 5397 1656 5440 et
1707 5390 1904 5454 solum,
1935 5400 1987 5444 et
2037 5408 2218 5447 verum

2190 5412 2218 5447 ιι
2326 5389 2780 5459 συγγραμμάτων
2837 5391 3074 5459 εὐλόγως
3134 5391 3490 5463 κεκινημένος
3539 5392 3563 5442 ὁ
3614 5379 3803 5463 μακάρφί

649 5489 713 5525 ex
742 5472 873 5533 Deo,
938 5482 991 5526 et
1032 5471 1086 5525 in
1134 5472 1263 5538 Deo,
1316 5486 1367 5529 et
1417 5477 1554 5544 apud
1602 5478 1767 5532 Deum
1805 5495 1925 5534 esse
1954 5479 2217 5547 Verbum,

2183 5502 2217 5547 ι,
2322 5481 2757 5551 Εὑαγγελιστὴς,
2794 5483 3119 5552 ὁρισάμενος
3152 5482 3275 5552 ἤδη,
3313 5462 3406 5537 καὶ
3436 5482 3518 5534 διὰ
3545 5474 3730 5529 πολλῶν.

652 5561 873 5613 terribili
906 5576 1033 5615 voce
1064 5562 1258 5617 clamat
1288 5580 1301 5615 :
1338 5560 1471 5629 Hoc,
1529 5564 1801 5633 inquiens,
1851 5569 1904 5621 in
1960 5572 2217 5639 principio

2189 5589 2217 5624 ⁰
2322 5572 2429 5624 ἔδει
2452 5612 2467 5637 τ
2510 5575 2908 5644 κατασημάνας
2940 5576 3029 5628 τὸν
3068 5576 3168 5631 ’ἐνα
3198 5577 3290 5629 καὶ
3322 5576 3482 5647 μόνον
3511 5572 3595 5625 καὶ
3622 5560 3802 5631 ἀληθινὸν

725 5738 741 5768 ⁸
773 5739 929 5794 Joan.
967 5753 1066 5802 xu,
1093 5739 1183 5794 28.
1264 5742 1283 5775 ⁹
1313 5741 1449 5796 Ibid.
1484 5744 1572 5797 50.
1651 5743 1670 5775 ³
1698 5741 1855 5799 Joan.
1881 5760 1920 5805 ι.
1948 5746 2002 5798 9..
