4026 6290
401 382 506 446 655

937 503 1204 573 Ejusdem-
1219 514 1268 558 et
1315 504 1446 558 hac.

479 619 692 682 Quanto
733 617 978 671 laborant
1006 619 1229 673 insaniae
1259 620 1448 673 morbo
1470 662 1484 686 ,
1511 621 1602 688 qui
1654 622 1984 675 detestandae

408 707 524 761 Arii
570 718 627 762 et
668 704 1224 764 Eunomii’doctrinzn
1282 721 1412 766 sunt
1463 711 1740 765 ὶι.ι·ι’ριΙι-εἳ
1793 712 1985 784 Magna

407 809 670 868 praeterea
709 800 764 853 in
801 815 986 854 eorum
1023 810 1242 869 stupore
1275 812 1436 871 atque
1469 803 1672 857 insania
1708 805 1848 872 viget
1881 806 1986 858 im-

409 889 687 956 pudentia.
717 889 1021 945 Missionem
1053 893 1221 958 enim,
1247 909 1340 949 seu
1369 894 1690 961 legationem
1747 896 1983 949 divinam

411 981 817 1054 humanamque
847 996 1296 1054 commemorant,
1318 999 1370 1042 et
1399 1004 1518 1041 eum
1552 988 1640 1056 qui
1676 989 1839 1051 misit,
1871 989 1984 1054 illo,

412 1075 502 1143 qui
559 1074 754 1129 missus
814 1084 930 1136 est.
985 1076 1393 1132 honoratiorem
1447 1094 1568 1133 esse
1624 1080 1984 1133 contendunt.

413 1167 586 1221 Tanta
645 1175 728 1222 est
780 1167 1019 1238 ipsorum
1072 1171 1123 1224 in
1182 1169 1477 1240 Scripturis
1525 1173 1827 1241 imperitia!
1878 1173 1986 1228 Nec

417 1261 858 1316 animadvertunt
905 1260 1073 1317 Jacob
1126 1263 1178 1316 in
1230 1262 1669 1333 Mesopmamiam
1720 1265 1788 1318 ab
1840 1266 1991 1320 Isaac

413 1352 629 1418 quidem
663 1352 888 1407 missum
921 1368 1063 1418 esse,
1095 1367 1195 1408 nec
1229 1365 1406 1409 tamen
1436 1355 1503 1408 ob
1530 1356 1603 1420 id,
1630 1365 1890 1424 quantum
1924 1358 1990 1410 ad

417 1451 665 1496 naturam
694 1444 950 1511 pertinet,
977 1444 1238 1500 minorem
1267 1460 1353 1509 eo,
1379 1461 1405 1498 a
1435 1461 1541 1516 quo
1569 1446 1762 1502 missus
1792 1446 1990 1513 fuerat,

416 1533 712 1588 exstitisse.
733 1531 934 1605 .loscph
964 1551 1179 1590 rursum
1203 1551 1232 1590 a
1256 1536 1422 1592 Jacob
1448 1536 1534 1591 ille
1559 1538 1773 1606 quidem
1801 1541 1996 1596 missus

417 1635 494 1678 cst
518 1666 532 1690 ,
561 1635 617 1678 ιιι
647 1624 843 1680 fratres
883 1626 1173 1693 inviseret,
1208 1644 1307 1683 nec
1341 1639 1620 1698 propterea
1660 1638 1839 1685 tamen
1872 1647 1994 1686 eum

425 1718 712 1786 quisquam
743 1727 934 1773 natura
960 1728 1115 1788 patre
1144 1718 1453 1776 inferiorem
1483 1722 1639 1787 dicet,
1663 1727 1800 1791 quod
1834 1726 1998 1792 patris

425 1812 677 1864 mandato
702 1810 980 1877 obcdiens,
1015 1827 1121 1884 quo
1151 1812 1348 1868 missus
1372 1815 1567 1878 fuerat,
1589 1814 1863 1884 profectus
1893 1829 1996 1870 est.

499 1990 563 2042 At
593 1988 715 2044 licet
778 2000 980 2044 natura:
1039 1991 1249 2046 ratione
1302 1995 1640 2049 mittentibus
1685 1995 1998 2058 inferiores,

433 2080 705 2149 inquient,
745 2098 852 2136 non
897 2083 1004 2138 sint
1051 2084 1158 2149 illi,
1197 2100 1333 2152 quos
1376 2085 1544 2140 fuisse
1593 2088 1785 2142 missos
1833 2089 2001 2154 dicis,

439 2183 677 2242 paternae
713 2185 889 2230 tamen
926 2178 1122 2231 cedunt
1156 2179 1424 2247 dignitati.
1459 2178 1569 2234 luto
1609 2181 1937 2247 reperimus,
1973 2199 2004 2234 ιι

429 2254 613 2329 stultl,
658 2277 712 2321 et
755 2267 1013 2336 dignitate
1068 2268 1479 2337 prxstantiores
1536 2270 1604 2323 ab
1656 2269 2006 2328 inferioribus

435 2356 604 2423 mitti;
640 2372 814 2427 neque
848 2368 1026 2410 tamen
1063 2357 1265 2411 idcirco
1297 2373 1447 2412 suam
1483 2361 1741 2412 amittunt
1769 2359 2006 2429 dignita-

435 2460 562 2502 tem.
583 2445 844 2504 Jonathas
871 2453 1013 2503 enim
1044 2449 1182 2518 regis
1209 2449 1348 2504 ﬁlius
1378 2465 1408 2505 a
1438 2449 1634 2506 Dnide
1667 2452 1869 2508 missus
1899 2462 2007 2519 est,

436 2541 481 2593 is
520 2540 609 2608 qui
652 2555 773 2594 cum
820 2551 973 2607 patre
1015 2541 1296 2611 regnabat,
1333 2542 1400 2595 ab
1441 2557 1505 2596 eo
1546 2544 1634 2612 qui
1682 2558 1748 2597 ne
1788 2560 2006 2599 servum

442 2630 662 2696 quidem
705 2630 815 2696 jam
863 2630 1094 2684 audebat
1139 2645 1198 2685 se
1239 2630 1501 2699 proﬁteri.
1539 2631 1802 2698 Quoniam
1848 2635 2011 2706 igitur

440 2721 529 2775 hic
571 2720 788 2789 quidem
835 2722 1008 2784 misit,
1042 2722 1131 2777 ille
1171 2733 1351 2777 autem
1398 2725 1594 2779 missus
1635 2734 1747 2788 est,
1777 2741 1877 2780 nec
1920 2729 2008 2796 qui

443 2813 642 2868 missus
679 2822 794 2875 est,
823 2813 997 2867 adhuc
1036 2827 1153 2868 erat
1194 2828 1322 2879 rex,
1351 2825 1407 2867 ιιι
1451 2830 1544 2867 vos
1615 2816 1878 2880 deﬁnitis,
1915 2833 2014 2872 nec

443 2903 533 2970 qui
583 2903 761 2967 misit,
792 2903 965 2956 adhuc
1001 2913 1117 2956 erat
1151 2904 1336 2970 exsul,
1364 2908 1458 2958 sed
1491 2906 1640 2960 missi
1678 2907 1908 2974 dignitas
1946 2909 2010 2961 ad

449 2993 746 3048 mittentem
784 3009 842 3049 se
880 2996 1129 3048 Ilavidem
1166 2995 1464 3056 discendit,
1489 3003 1540 3049 et
1571 2996 1834 3052 mittentis
1866 2998 2013 3051 cala-

455 3085 613 3138 mitas
661 3083 944 3141 descendit
992 3087 1058 3140 ad
1107 3086 1332 3142 missum
1375 3085 1684 3143 Ionatham.
1733 3088 1837 3143 Sed
1888 3090 2014 3159 quid

1645 389 2028 450 EU'I‘llYMll
2075 392 2426 451 ΖΗἸᾹΒΕΧΙ

3556 389 3658 452 656

2698 508 2800 561 Καὶ
2853 507 3047 560 τοῦτο.
3357 576 3361 580 4

2161 617 2330 670 Βαϐαὶ
2378 623 2517 686 πόσι,
2561 619 2668 669 τῶν
2719 620 3010 688 αἱρετικών
3150 618 3537 688 παραπληξία,
3572 623 3660 673 πό-

2090 726 2190 778 σην
2234 709 2482 762 νοσοῦσιν
2512 707 2911 779 ἐμϐροντησίαν
2932 710 2981 761 οἱ
3009 709 3107 778 τῆς
3131 707 3346 778 Ἀρείου
3376 711 3473 763 καὶ
3499 711 3658 764 Εὐνο-

2089 801 2215 871 μίου
2235 800 2583 870 βλασφημίας
2602 799 2950 870 κληρονόμοι.
2976 800 3118 870 Πρὸς
3138 801 3196 852 δὲ
3220 803 3285 871 τῇ
3311 801 3663 874 παραπληξίᾳ

2091 891 2291 964 πολλὴν
2329 891 2480 946 ἔστιν
2529 892 2656 946 ίδείν
2686 893 2745 944 ὲν
2779 894 2962 954 αὐτοῖς
2997 893 3342 947 ἐπανθοῦσαν
3381 895 3662 964 ἀναισχυν·

2089 983 2231 1037 τίαν.
2289 983 2402 1054 Τῆς
2449 985 2557 1054 γάρ
2603 985 2912 1054 ἀποστολῆς
2966 987 3080 1040 ἀνω
3121 987 3218 1040 καὶ
3252 988 3406 1041 κάτω
3457 1005 3663 1056 μνημος

2092 1075 2332 1139 νεύουσι,
2366 1077 2460 1131 καὶ
2485 1077 2572 1131 τὸν
2603 1077 3003 1131 ἀποστείλαντα
3024 1078 3116 1130 τοῦ
3143 1078 3537 1140 ἀποσταλέντος
3568 1096 3668 1146 φα-

2093 1166 2179 1218 σὶν
2207 1161 2345 1220 εἷναι
2379 1166 2724 1238 τιμιώτερον.
2761 1167 3044 1237 Τοσαύτην
3082 1167 3267 1238 ἔχουσι
3297 1169 3405 1220 τῶν
3436 1168 3667 1236 Γραφῶν

2094 1259 2366 1329 ἀμαθίανί
2401 1260 2509 1314 Kal
2555 1260 2615 1313 οὐ
2665 1260 2988 1329 λογίζονται,
3035 1261 3112 1325 ὡς
3158 1261 3263 1314 ὑπὸ
3321 1260 3418 1313 τοῦ
3486 1261 3665 1312 Ἰσαάκ

2096 1350 2124 1403 6
2169 1348 2365 1403 Ἰακὼϐ
2394 1345 2463 1420 ἦν
2502 1352 2916 1418 ἀπεσταλμένος
2949 1353 3030 1416 είς
3061 1352 3160 1421 τὴν
3198 1352 3628 1419 Μεσοποταμίαν
3652 1392 3665 1408 ,

2095 1441 2156 1495 οὐ
2197 1441 2302 1511 μὴν
2352 1442 2439 1494 διὰ
2474 1443 2631 1496 τοῦτο
2681 1443 2917 1495 ἐλάττων
2953 1445 3069 1496 ἐστὶ
3121 1441 3216 1495 τοῦ
3252 1443 3669 1500 ἀποστείλαντος

2097 1535 2240 1587 κατά
2261 1534 2354 1588 τὸν
2376 1535 2475 1602 τῆς
2506 1534 2720 1603 φύσεως
2747 1535 2926 1602 λόγον.
2957 1535 3232 1598 Ὧσαυτως
3253 1535 3310 1587 δὲ
3341 1535 3436 1588 καὶ
3473 1535 3670 1600 Ἰωσὴφ

2098 1627 2381 1698 ἀπεστάλη
2435 1627 2532 1696 μὲν
2563 1627 2668 1680 ὑπὸ
2711 1626 2805 1680 τοῦ
2854 1627 3050 1682 Ἰακὼϐ
3097 1626 3499 1697 ιπισκέψασθαι
3546 1627 3671 1686 τοὺς

2100 1717 2364 1786 ἀδελφοὺς
2404 1717 2591 1784 αὑτοῦ,
2624 1718 2718 1773 καὶ
2741 1717 2914 1782 οὐδεὶς
2940 1719 3005 1773 ἂν
3033 1718 3170 1790 φαίη
3201 1717 3301 1787 τῆς
3339 1715 3433 1770 τοῦ
3462 1716 3668 1784 πατρὸς

2034 1846 2074 1899 Β
2105 1809 2320 1880 φύσεως
2358 1810 2522 1864 αὐτὸν
2551 1809 2626 1881 μὴ
2657 1810 2934 1880 μετέχειν,
2963 1809 3153 1880 ἐπειδὴ
3189 1807 3266 1879 τῷ
3296 1810 3465 1880 πατρὶ
3494 1809 3675 1862 πειθό-

2105 1920 2267 1972 μενος
2295 1901 2622 1966 κατεδέξατο
2649 1901 2748 1973 τὴν
2777 1902 3101 1969 ἀποστολήν.

2180 1994 2330 2047 Ἀλλ’
2359 1995 2489 2058 ἴσως
2513 1994 2701 2063 φασὶν,
2735 1995 2784 2048 εί
2811 1994 2907 2048 καὶ
2938 1995 3016 2065 μὴ
3045 1993 3188 2048 κατά
3215 1993 3308 2047 τὸν
3333 1993 3430 2062 τῆς
3463 1992 3675 2061 φύσεως

2103 2084 2261 2153 λόγον
2288 2085 2508 2154 μείζους
2528 2085 2764 2140 ἐνταῦθα
2789 2085 2895 2140 τῶν
2915 2084 3353 2139 ἀποστελλόντων
3375 2085 3424 2137 οί
3440 2085 3678 2138 ἀποστα-

2105 2177 2314 2242 λέντες,
2357 2176 2500 2231 κατά
2547 2178 2677 2245 γοῦν
2707 2177 2769 2230 τὸ
2800 2175 3066 2246 πατρικὸν
3098 2176 3317 2245 ἀξίωμα
3350 2175 3530 2246 ἔχουσι
3579 2175 3679 2244 τῆς

2105 2271 2272 2339 τιμῆς
2319 2269 2387 2323 τὰ
2439 2269 2728 2340 πρεσϐεῖα.
2786 2269 2928 2324 Ἀλλ’
2973 2261 3390 2338 εὐρίσκομεν,ὧ
3437 2267 3676 2336 ἀνόητοι,

2109 2360 2276 2429 φαίην
2318 2362 2383 2414 ἂν
2423 2362 2560 2429 πρὸς
2600 2361 2818 2426 αὐτοὺς,
2856 2362 2950 2413 καὶ
2991 2361 3116 2421 τοὺς
3163 2358 3386 2429 μείζους
3437 2358 3543 2411 ὑπὸ
3571 2358 3680 2410 τῶν

2107 2452 2412 2506 ἐλαττόνων
2456 2452 2888 2514 ἀποσταλέντας,
2942 2452 3035 2504 καὶ
3085 2451 3207 2519 οὐχὶ
3247 2452 3336 2504 διὰ
3380 2449 3538 2503 τοῦτο
3581 2451 3680 2518 τῆς

2109 2537 2315 2598 οἰκείας
2344 2538 2506 2606 τιμῆς
2533 2536 2656 2598 τοὺς
2680 2535 3084 2598 ἀποσταλέντας
3106 2534 3484 2602 γυμνὼσομεν.
3515 2533 3681 2586 ’Δπε-

2112 2628 2282 2696 στάλη
2313 2628 2422 2698 γὰρ
2452 2628 2555 2680 ὑπὸ
2585 2628 2678 2681 τοῦ
2729 2626 2894 2680 Δαϐὶδ
2936 2627 3212 2692 Ἰωνάθαν,
3235 2629 3264 2680 6
3297 2626 3387 2679 τοῦ
3417 2626 3680 2696 βασιλέως

2111 2719 2225 2781 υίὸς
2273 2720 2378 2771 ὑπὸ
2418 2721 2676 2788 φυγάδος,
2723 2722 2750 2772 6
2777 2720 2853 2788 τῷ
2897 2705 3066 2790 πατρί
3109 2718 3523 2789 συμϐασιλεῦων
3577 2717 3683 2770 ὑπὸ

2113 2811 2204 2863 τοῦ
2268 2811 2401 2880 μηδὲ
2465 2813 2522 2864 ἒν
2585 2813 2796 2866 οίκέτου
2861 2815 3010 2878 τάξει
3073 2815 3304 2882 φανῆναι
3355 2810 3676 2879 τολμῶντος.

2114 2903 2333 2970 Ἐπειδὴ
2363 2904 2543 2956 τοίνυν
2567 2905 2594 2956 6
2624 2905 2724 2974 μὲν
2748 2905 3051 2974 ἀπεστάλη,
3077 2905 3176 2957 οῦκ
3206 2903 3286 2956 ἔτι
3309 2904 3406 2973 μὲν
3429 2902 3684 2970 βασιλεὺς

2114 3000 2141 3047 6
2173 2997 2446 3063 πεμφθεὶς
2481 2997 2623 3050 κατὰ
2653 2996 2742 3050 τὸν
2771 2996 3031 3064 ὑμέτερον
3065 2997 3189 3066 ὅρον
3213 3012 3228 3028 ο
3258 2995 3358 3047 οὐκ
3383 2994 3462 3046 ἔτι
3495 2994 3550 3047 δὲ
3579 3011 3689 3060 φυ-

2117 3085 2217 3152 γάς
2240 3087 2267 3137 6
2287 3085 2631 3149 ἀποστείλας,
2657 3085 2790 3139 ἀλλὰ
2813 3083 3188 3153 μεταϐέϐηκεν
3209 3085 3302 3137 ἐπὶ
3321 3083 3410 3136 τὸν
3433 3081 3691 3135 ἀποστεί-

449 3188 657 3244 oportet
691 3179 922 3232 humana
958 3192 1276 3243 recensere,
1306 3195 1427 3233 cum
1476 3180 1814 3235 inveniamus
1852 3183 2011 3236 Deum

2118 3179 2284 3233 λαντα
2310 3178 2474 3231 Δαϐὶδ
2501 3179 2560 3231 τὸ
2580 3176 2673 3230 τοῦ
2698 3178 3040 3246 πεμφθέντος
3064 3176 3300 3245 ἀξίωμα.
3329 3174 3688 3246 Μεταϐέϐηκε

447 3272 514 3321 ab
544 3270 761 3322 homine
793 3269 965 3322 mitti?
995 3269 1094 3336 Qui
1128 3272 1270 3324 enim
1325 3286 1445 3325 cum
1479 3269 1644 3326 Jacob
1688 3274 2014 3337 luelabatur,

454 3358 668 3412 Dimitte
691 3375 791 3420 me,
817 3361 1007 3428 inquit,
1033 3361 1158 3430 quia
1187 3362 1547 3432 crepusculum
1572 3365 1824 3418 ascendit.
1850 3365 2016 3421 Jacob

451 3463 630 3505 autem
674 3452 739 3503 ad
783 3465 943 3515 eum,
985 3449 1105 3504 Non
1146 3450 1411 3508 dimittam
1455 3464 1534 3517 te,
1577 3457 1882 3522 respondit.
1915 3458 2017 3511 nisi

453 3543 776 3598 benedixeris
810 3544 994 3597 mihi‘.
1053 3544 1188 3610 Quid
1222 3545 1286 3598 ad
1325 3547 1436 3598 haec
1466 3547 1736 3616 sapientes
1772 3548 1858 3604 isti
1897 3548 2016 3602 ﬁdei

459 3637 696 3693 artifices
720 3636 1151 3704 respondebunt?
1172 3637 1488 3706 Quanquam
1515 3652 1576 3691 ex
1603 3635 1811 3692 Domini
1839 3639 2018 3693 verbis

456 3729 957 3790 animadvettitnus,
979 3738 1024 3782 et
1052 3727 1264 3782 Patrem
1291 3728 1462 3788 ipsum
1487 3729 1574 3796 qui
1605 3730 1840 3793 miserat,
1861 3730 2017 3783 simul

455 3838 574 3881 esse
606 3839 726 3877 cum
761 3819 899 3878 Filio
931 3820 1019 3887 qui
1059 3819 1256 3875 missus
1316 3817 1512 3875 fuerat.
1551 3818 1705 3875 Solus
1739 3821 1907 3886 enim,
1941 3821 2025 3875 in-

457 3917 592 3987 quit,
621 3933 724 3971 non
754 3932 889 3980 sum,
921 3915 1010 3968 sed
1036 3929 1156 3984 ego,
1186 3921 1233 3966 et
1263 3915 1350 3982 qui
1380 3913 1518 3966 misit
1552 3930 1630 3966 me
1673 3913 1890 3968 Pater'.
1924 3917 2022 3971 Et:

399 3988 407 3995 ⁸
463 4007 585 4065 Non
620 4009 818 4062 dimisit
852 4024 931 4062 me
955 4005 1123 4062 solum
1162 4004 1322 4059 Pater
1346 4022 1488 4058 meus
1510 4006 1551 4060 ³.
1583 4005 1645 4058 Et
1698 4005 1805 4060 alio
1855 4007 1972 4062 loco
2001 4030 2012 4062 :

467 4103 628 4157 Pater
657 4104 709 4157 in
743 4117 822 4155 me
857 4115 1070 4153 manens
1108 4099 1219 4170 ipse
1249 4097 1376 4166 facit
1430 4114 1587 4166 opera
1611 4098 1652 4150 ⁸.
1686 4097 1742 4152 Si
1781 4100 1940 4170 igitur
1972 4100 2024 4153 in

462 4196 609 4264 ipso,
638 4205 692 4247 ct
725 4207 847 4248 cum
883 4192 1002 4260 ipso
1036 4200 1187 4254 erat,
1218 4189 1308 4258 qui
1346 4190 1494 4243 illum
1531 4190 1783 4254 miserat,
1814 4191 1899 4245 ubi
1945 4200 2028 4244 est

467 4281 724 4347 abiectior
745 4281 879 4348 ejus,
898 4281 988 4349 qui
1015 4281 1214 4334 missus
1237 4287 1338 4344 est,
1356 4279 1623 4333 conditio?
1649 4277 1798 4332 Unde
1822 4287 2026 4344 autem,

467 4385 561 4430 aut
591 4389 697 4442 quo
729 4374 979 4427 mittatur
1013 4373 1058 4427 is
1094 4373 1185 4440 qui
1225 4372 1411 4442 implet
1443 4371 1660 4427 omnia?
1685 4372 1840 4437 _Mitti
1886 4372 2029 4425 enim

2119 3271 2176 3324 δὲ
2223 3269 2315 3323 ἐπὶ
2343 3270 2433 3323 τὸν
2471 3269 2841 3323 ἀποσταλέντα
2884 3268 3141 3322 Ἰωνάθαν
3171 3269 3204 3337 ἡ
3234 3267 3329 3320 τοῦ
3370 3266 3691 3336 πέμψαντος

2118 3359 2435 3428 δυσκληρία.
2479 3358 2619 3411 Ἀλλ’
2652 3359 2749 3427 οὐχ
2778 3357 2918 3410 οὕτω
2948 3356 3100 3410 ταῦτ’
3135 3356 3270 3428 ἔχει.
3304 3357 3412 3410 Kal
3434 3357 3487 3409 τί
3514 3357 3593 3409 δεῖ
3621 3355 3693 3410 τὰ

2120 3450 2439 3520 ἀνθρώπινα
2491 3451 2707 3517 λέγεινς
2747 3452 3086 3521 Εὑρίσκομεν
3128 3451 3238 3520 γάρ
3279 3448 3410 3503 Θεὸν
3451 3449 3692 3502 ἀποσταο

2120 3543 2302 3608 λέντα,
2357 3543 2451 3596 καὶ
2502 3544 2789 3614 ἄνθρωπον
2841 3543 3259 3598 ἀποστείλαντα.
3324 3541 3383 3594 '0
3446 3539 3556 3610 γάρ
3611 3539 3692 3609 τῷ

2133 3629 2321 3684 Ἰακὼϐ
2347 3647 2409 3683 συ
2419 3631 2731 3699 μπαλαίσας
2752 3632 2940 3700 φησιν,
2973 3629 3361 3697 Ἀπόστειλὸγ
3373 3644 3451 3697 με
3468 3638 3482 3654 ⁸
3505 3625 3691 3694 ἀνέϐη

2122 3723 2232 3790 τὰρ
2259 3722 2290 3774 ό
2325 3719 2553 3789 ὄρθρος.
2598 3720 2738 3790 Πρὸς
2776 3721 2835 3774 6v
2873 3720 2972 3791 ἔφη
3019 3722 3047 3773 6
3102 3719 3314 3785 Ἰακὼϐ,
3359 3720 3442 3774 Οὐ
3480 3717 3563 3787 μή
3618 3733 3695 3771 σε

2125 3815 2485 3876 ἀποστείλω,
2516 3813 2623 3868 ἐὰν
2648 3812 2731 3882 μή
2759 3830 2834 3882 με
2862 3809 3225 3883 εὐλογήσῃς.
3262 3809 3327 3863 Τί
3356 3811 3492 3881 πρὸς
3521 3809 3696 3863 ταῦτα

2125 3910 2306 3977 λέγειν
2357 3907 2573 3978 ἔχουσιν
2624 3909 2672 3960 οἱ
2722 3907 2875 3974 σοφοὶ
2919 3905 3016 3975 τῆς
3067 3904 3302 3968 πίστεως
3349 3901 3694 3973 τεχνολόγοι;

2131 4002 2341 4066 ’Λλλως
2375 4001 2788 4071 δὲνεὺρίσκομεν
2819 4000 2881 4051 ὲκ
2923 3995 3032 4049 τῶν
3061 3997 3394 4051 δεσποτικῶν
3433 3993 3696 4066 ρημάτων

2131 4094 2224 4147 καὶ
2257 4090 2419 4145 αὑτὸν
2447 4090 2537 4144 τδν
2572 4088 2863 4158 πέμψαντα
2895 4087 3112 4156 Πατέρα
3138 4085 3216 4156 τῷ
3247 4084 3549 4155 πεμφθέντι
3581 4081 3698 4151 Υἱῷ

2133 4184 2378 4237 συνόντα.
2425 4183 2622 4246 Μόνος
2643 4180 2773 4249 γὰρ,
2808 4180 2991 4249 φησὶν,
3041 4179 3153 4232 οὐκ
3199 4178 3337 4245 εἰμί,
3376 4175 3515 4229 ἀλλ’
3561 4174 3696 4242 ἐγὼ.

2135 4276 2232 4329 καί
2265 4279 2296 4329 ό
2327 4274 2570 4344 πέμψας
2592 4291 2669 4341 με
2700 4272 2923 4341 Πατήρ.
2948 4272 3058 4324 Kal
3085 4267 3338 4338 ἀλλαχοῦ,
3359 4270 3479 4321 Οὐκ
3502 4266 3701 4334 ἀφῆκέ

2135 4383 2205 4432 με
2234 4365 2426 4433 μόνον
2449 4367 2481 4417 o'
2510 4362 2710 4430 Πατήρ
2739 4379 2877 4430 μου.
2913 4359 3022 4412 Kal
3072 4357 3353 4429 ἑτέρωθεν,
3403 4356 3458 4407 '0
3495 4353 3697 4421 Πατήρ

469 4468 742 4538 signiﬁcat
779 4465 877 4518 loci
914 4463 1287 4520 mulationem.
1319 4465 1471 4531 Quod
1507 4464 1552 4518 si
1587 4461 1748 4517 Pater
1779 4475 1832 4516 et
1863 4461 2011 4516 Filiu:

2138 4471 2252 4522 μου
2293 4456 2326 4507 ό
2360 4453 2428 4506 ἐν
2465 4452 2590 4521 ἐμοὶ
2628 4451 2847 4520 μένων,
2891 4447 3074 4513 αὐτὸς
3110 4447 3269 4501 ποιεῖ
3307 4445 3377 4499 τὰ
3424 4445 3592 4513 ἔργα.
3647 4445 3704 4496 Ei

471 4558 654 4614 omnia
686 4557 986 4620 continent,
1011 4571 1109 4608 nec
1137 4555 1294 4610 Pater
1321 4555 1505 4624 procul
1535 4555 1687 4608 abest
1718 4555 1783 4607 ab
1817 4553 1938 4616 illis,
1963 4555 2031 4606 ad

472 4666 606 4721 quos
641 4651 838 4705 missus
870 4657 954 4702 est
984 4647 1173 4710 Filius,
1201 4662 1298 4700 nec
1327 4645 1493 4700 Filius
1544 4663 1605 4700 ex
1641 4661 1748 4700 uno
1784 4645 1835 4699 in
1867 4645 2030 4698 alium

474 4743 648 4794 locum
684 4732 1032 4795 transcendit.
1065 4739 1344 4806 Reliquum
1379 4738 1540 4806 igitur
1563 4744 1665 4800 est,
1693 4747 1748 4789 ut
1775 4752 1869 4806 per
1898 4737 2036 4790 hanc

472 4833 828 4903 legationem,
863 4847 956 4886 seu
999 4831 1314 4887 missionem
1358 4828 1491 4883 nihil
1525 4829 1668 4882 aliud
1701 4827 2033 4897 cogitemus,

475 4925 580 4977 nisi
615 4925 1000 4978 humanitatem
1033 4931 1362 4991 assumptam
1393 4920 1618 4975 indicari

2139 4550 2316 4602 τοίνυν
2342 4548 2398 4600 ἐν
2443 4544 2592 4614 αὐτῷ
2630 4545 2724 4597 καὶ
2753 4545 2847 4596 σὺν
2878 4540 3025 4611 αὐτῷ
3056 4536 3122 4610 ἦν
3155 4539 3183 4591 6
3211 4537 3454 4608 πέμψας,
3484 4537 3589 4589 ποῦ
3613 4535 3703 4587 τοῦ

2141 4639 2481 4710 πεμφθέντος
2506 4639 2540 4708 ἡ
2567 4636 2839 4702 εὐτέλεια;
2872 4635 2932 4687 '0
2959 4634 3014 4687 δὲ
3055 4633 3122 4685 τὰ
3146 4631 3320 4685 πάντα
3338 4630 3567 4700 πληρῶν
3607 4625 3706 4680 ποῦ

2143 4731 2238 4784 καὶ
2256 4729 2417 4783 πόθεν
2435 4726 2714 4794 ἀπεστάλη
2731 4743 2745 4791 ;
2770 4725 2836 4777 'll
2855 4724 2962 4794 γάρ
2991 4722 3260 4792 ἀποστολὴ
3273 4721 3452 4774 τόπων
3470 4718 3710 4787 ἀλλαγὴν

2145 4823 2462 4878 αἰνίττεται.
2486 4821 2547 4873 El
2573 4819 2626 4872 δὲ
2654 4821 2721 4873 τὰ
2748 4818 2925 4871 πάντα
2945 4805 3133 4887 Πατὴρ
3175 4816 3268 4869 καὶ
3291 4814 3414 4876 Υἱὸς
3446 4813 3708 4883 περιέχει,

2143 4916 2267 4969 οὕτε
2299 4917 2326 4968 6
2363 4912 2550 4983 Πατὴρ
2569 4913 2642 4974 ὡς
2665 4911 2853 4980 πόρρω
2879 4910 3160 4978 τυγχάνων
3183 4906 3423 4966 ἐκείνων,
3449 4903 3591 4974 πρὸς
3623 4900 3709 4962 οῦς

476 5015 811 5082 ἀπέστειλεν,
843 5013 1051 5084 έπεμψε
1082 5016 1172 5067 τδν
1206 5014 1357 5081 Υίδν,
1391 5012 1514 5066 οῦτε
1543 5013 1570 5065 6
1606 5013 1729 5076 Υἱὸς
1756 5013 1812 5080 ἐξ
1844 5013 2030 5085 ἐτέρου
2079 5012 2158 5074 είς
2212 5009 2397 5079 ἓτερον
2446 5005 2784 5077 μεταϐέϐηκε
2842 5004 3022 5056 τόπον.
3057 5001 3265 5056 Οὐκοῦν
3294 4999 3541 5052 λείπεται
3576 4996 3710 5052 νοεῖν

476 5115 573 5180 τῆς
605 5107 1001 5177 ἀναληφθείσης
1024 5108 1442 5181 άνθρωπότητος
1479 5110 1576 5182 τὴν
1615 5109 1916 5180 ἀποστολὴν
1943 5103 2108 5164 εἶναι.

1009 5225 1258 5294 Ejusdem
1288 5237 1335 5282 et
1359 5229 1467 5282 lucc

558 5321 736 5384 Pater,
789 5319 925 5375 venit
971 5318 1122 5380 hora,
1156 5319 1387 5386 clariﬁca
1434 5318 1632 5374 Filium
1690 5331 1860 5386 tuum,
1921 5331 1975 5376 ut
2004 5331 2051 5374 et

2758 5222 2861 5276 Kal
2923 5221 3116 5273 τοῦτο.

2220 5319 2430 5387 Πάτερ,
2447 5315 2800 5386 ἐλήλυθενή
2817 5311 2962 5380 ὥρα.
2979 5309 3249 5375 δόξασόν
3276 5322 3392 5362 σου
3424 5309 3531 5361 τὸν
3561 5306 3711 5367 Υίὸν,

485 5413 659 5468 Filius
713 5422 832 5464 tuus
893 5409 1146 5478 clariﬁcet
1205 5421 1252 5464 te
1283 5412 1326 5465 '.
1384 5410 1428 5465 Ο
1487 5412 1813 5483 singularem
1891 5421 2011 5482 atqu

2149 5415 2249 5467 ἵνα
2270 5411 2366 5466 καί
2386 5414 2418 5464 ό
2439 5410 2567 5475 Υἱός
2587 5425 2704 5463 σου
2719 5402 3052 5469 δοξάσῃσε.
3079 5402 3144 5453 Ὠ
3164 5400 3262 5470 τῆς
3280 5395 3716 5468 ὑπερϐαλλούσης

488 5505 853 5561 incredibilem
915 5504 1289 5558 haereticorum
1323 5502 1668 5558 stoliditatem
1700 5507 1713 5558 !
1752 5504 1936 5570 Major,
1975 5507 2052 5556 in-

2151 5503 2258 5556 τῶν
2277 5499 2569 5568 αἱρετικῶν
2587 5497 2909 5567 ἀϐελτηρίας
2929 5498 2942 5548 ‘.
2966 5493 3200 5557 Μείξων,
3228 5493 3413 5562 φησὶν,
3430 5491 3460 5543 6
3487 5485 3716 5553 δοξάζων

489 5599 698 5665 quiunt,
731 5606 813 5651 est
841 5597 931 5666 qui
965 5595 1134 5666 gloria
1164 5593 1344 5659 allicit,
1377 5609 1535 5660 quam
1569 5595 1654 5648 ille
1711 5597 1800 5664 qui
1829 5594 2005 5648 afficitt

2153 5593 2246 5647 τοῦ
2265 5591 2646 5660 δοξαζομένου,
2675 5591 2768 5643 καὶ
2791 5588 3003 5653 δοξάζει
3034 5586 3133 5652 μὲν
3151 5586 3178 5637 6
3196 5582 3406 5652 Πατὴρ,
3441 5581 3716 5646 δοξάζεται

493 5694 681 5759 gloria.
711 5691 870 5746 Pater
901 5697 1081 5744 autem
1118 5686 1302 5752 allicit,
1366 5686 1534 5741 Filius
1571 5686 1816 5749 afficitur,
1887 5689 2011 5754 majt.

2153 5687 2208 5739 δὲ
2235 5687 2262 5738 6
2293 5683 2679 5746 Υἱόῖ.Μείζων
2695 5681 2786 5734 οῦν
2805 5681 2910 5752 ἄρα
2946 5677 3036 5733 τοῦ
3073 5678 3200 5732 Υίοῦ
3229 5678 3256 5730 6
3289 5677 3497 5746 Πατήρ.
3523 5674 3578 5726 Ei
3613 5668 3718 5722 tui-

567 5825 582 5852 '
603 5823 737 5879 Gen.
763 5838 928 5888 Iun,
955 5824 1042 5889 26,
1066 5824 1156 5879 ‘27.
1233 5822 1423 5878 ’Joan.
1447 5836 1558 5886 \‘lll,
1591 5823 1670 5878 l6.
1751 5823 1769 5854 ³
1792 5823 1896 5877 tbid
1946 5823 2031 5877 '29.

2111 5823 2294 5875 ‘J-mt.
2328 5838 2436 5886 xw,
2467 5821 2545 5874 10.
2623 5821 2641 5850 ⁸
2674 5819 2970 5873 J.t.ttt..\\-tt.
3015 5817 3059 5870 l.
