4026 6290
325 461 433 523 657

1285 463 1656 523 PANOPLIA
1705 466 2159 529 UUbMA'l'ICA.
2202 496 2262 508 --
2304 472 2456 532 ΤΙΤ.
2497 474 2604 533 XI.

3468 469 3575 532 (3:3

324 593 424 628 νυν
449 576 479 627 6
506 574 634 637 Υίδς
662 572 762 627 οὐκ
796 573 1054 644 ἐδοξάσθη
1083 574 1263 643 μόνον,
1291 575 1428 628 ἀλλὰ
1455 575 1549 629 καὶ
1564 575 1781 641 ἐδόξασα
1809 576 1890 630 τοι

2009 581 2165 649 igitur
2202 583 2337 640 Filio
2363 584 2541 642 Pater.
2571 585 2628 641 Si
2656 586 2824 642 Filius
2881 605 2985 640 non
3017 587 3186 640 soluul
3216 584 3444 640 aﬂ'cttus
3494 604 3575 641 est

322 668 652 732 δοξάσαντα,
686 667 868 732 ζποίαν
920 667 1076 736 σχοίη
1126 665 1309 736 χώραν
1337 666 1397 719 τὸ
1430 666 1636 733 μεῖζον,
1696 667 1790 719 καὶ
1835 666 1890 720 τὸ

2005 673 2198 742 gloria,
2255 675 2351 730 sed
2405 677 2522 745 ipse
2559 678 2795 734 vicissim
2857 678 3027 748 gloria
3091 679 3310 732 Patrem
3373 676 3572 737 aﬂ'ecil,

325 761 349 811 ἔ
386 775 579 824 αττον;
608 758 671 811 Εί
703 758 757 812 δὲ
780 759 888 829 ἄρα
916 760 1058 813 κατὰ
1081 759 1178 829 τὴν
1206 759 1312 812 τῶν
1344 758 1648 831 εἰρημένων
1677 757 1890 811 ἀκολουε

2003 766 2276 832 quomodo
2303 783 2441 825 unus
2468 770 2636 826 altero
2659 770 2831 840 major
2889 771 2994 825 diei
3035 779 3209 839 potest
3228 769 3252 821 ἲ
3271 766 3404 821 Nam
3434 770 3479 822 si
3510 784 3573 821 es

327 855 448 904 θεαν
485 852 623 921 πρὸς
655 853 754 905 τὸν
779 851 1083 916 δοξάσαντα
1114 850 1430 917 μεταϐαίνει
1457 852 1516 903 τὸ
1548 848 1769 919 μεῖζον,
1808 850 1896 902 εὖ.

326 945 620 1014 ρεθήσεται
648 943 884 999 ἐλάττων
917 942 1017 1014 μὲν
1048 943 1077 994 6
1110 942 1261 1005 Υἱὸς,
1289 941 1451 1012 ἡνίκα
1488 941 1556 996 ἂν
1583 940 1896 1011 δοξάζηται,

328 1036 535 1104 μείζων
571 1035 652 1097 δὲ,
706 1034 869 1106 ἡνίκα
898 1035 965 1089 ἂν
991 1034 1212 1106 δοξάζῃ.
1250 1034 1408 1088 Ἀλλὰ
1433 1032 1496 1087 τδ
1516 1034 1690 1088 ταῦτα
1715 1033 1895 1100 λέγειν

327 1126 718 1199 παραπληξίας
763 1127 858 1180 καὶ
898 1125 1095 1193 μανίας
1150 1124 1405 1194 ἐσχάτης.
1437 1124 1512 1177 Οὐ
1540 1124 1648 1192 γὰρ
1678 1122 1739 1175 τὸ
1771 1122 1894 1191 μεῖ-

324 1217 418 1279 ζον
450 1218 544 1271 καὶ
572 1218 632 1271 τὸ
659 1217 883 1271 ἔλαττον
910 1215 1181 1278 ἐντεῦθεν,
1205 1214 1265 1268 τὸ
1308 1214 1365 1267 δὲ
1398 1215 1512 1267 ἴσον
1543 1213 1754 1283 Πατρός
1802 1213 1895 1265 καὶ

326 1310 456 1362 Υἰοῦ
504 1310 888 1380 διδασκόμεθα.
936 1307 1234 1378 Ἀκούομεν
1264 1309 1375 1379 γὰρ
1405 1309 1478 1369 ὡς
1514 1307 1608 1360 καὶ
1647 1309 1677 1359 6
1705 1305 1894 1374 Πατὴρ

319 1401 531 1467 δοξάζει
559 1402 650 1454 τὸν
681 1402 824 1466 Υίὺν,
852 1400 947 1455 καὶ
980 1401 1258 1466 δοξάζεται
1280 1399 1384 1452 ὑπὸ
1410 1397 1508 1450 τοῦ
1532 1396 1663 1450 Υίοῦ
1690 1412 1705 1428 ⁸
1742 1394 1839 1450 καὶ
1866 1395 1895 1447 6

323 1495 450 1555 Υεὸς
471 1493 755 1557 δοξάζεται
786 1492 890 1545 ὑπὸ
921 1493 1015 1544 τοῦ
1046 1491 1278 1561 Πατρός,
1306 1489 1400 1542 καὶ
1428 1487 1643 1554 δοξάζει
1664 1486 1754 1539 τὸν
1784 1486 1895 1537 Πα-

320 1587 477 1653 τέρα.
518 1585 644 1638 Ὅτι
685 1585 740 1637 δὲ
769 1583 1125 1653 δοξαζόμενος
1153 1583 1251 1652 οὐχ
1293 1580 1321 1633 ὃ
1374 1583 1449 1651 μὴ
1483 1577 1629 1649 εἶχεν
1681 1575 1892 1641 ἐλαϐεν,

322 1675 436 1728 ἀλλ’
482 1676 512 1728 ὃ
562 1671 727 1746 εἶχεν,
757 1676 815 1727 ὲν
864 1674 1011 1744 αὐτῷ
1062 1675 1139 1743 τῷ
1189 1674 1370 1745 χωρίῳ
1407 1670 1570 1726 τοῦτο
1623 1669 1889 1723 διδάσκει.

322 1768 599 1830 Δόξασόν
633 1784 710 1836 με
738 1766 866 1836 γὰρ,
900 1768 1050 1835 φησὶ,
1084 1765 1296 1834 Πάτερ,
1342 1764 1499 1832 παρὰ
1540 1760 1779 1826 σεαυτῷ
1819 1758 1894 1828 τῇ

321 1860 497 1926 δόξῃ,
522 1855 561 1930 ᾗ
596 1856 786 1929 εἶχον,
829 1858 944 1926 πρὸ
974 1858 1080 1913 τοῦ
1108 1859 1215 1911 τὸν
1255 1858 1489 1925 κόσμον
1512 1850 1691 1918 εἶναι,
1726 1855 1891 1918 παρὰ

2000 854 2224 911 iswru'm
2290 861 2557 915 sententia
2604 864 2869 931 sequitur,
2927 859 3107 929 utqui
3165 859 3335 930 gloria
3390 859 3573 923 allicit,

2000 943 2171 1011 major
2193 947 2287 1014 sit,
2315 950 2494 1005 minor
2519 952 2735 1022 quidem
2793 963 2876 1007 est
2933 952 3124 1018 Filius,
3173 952 3299 1005 dum
3344 949 3576 1005 afficitur

1997 1034 2190 1103 gloria,
2216 1038 2389 1108 major
2413 1050 2592 1097 autem
2623 1044 2749 1098 dum
2775 1042 2991 1097 Patrem
3022 1041 3204 1099 allicit.
3240 1042 3434 1111 Verum
3459 1041 3586 1095 haec.

1997 1126 2179 1182 dicere
2214 1131 2410 1185 summi
2446 1133 2683 1198 stuporis
2733 1143 2897 1202 atque
2939 1132 3223 1188 dementia:
3246 1141 3351 1187 est.
3384 1129 3460 1184 Ex
3488 1130 3575 1184 his

1996 1215 2138 1269 enim
2177 1219 2355 1273 verbis
2385 1235 2488 1275 non
2524 1219 2737 1277 Patrem
2781 1221 2920 1279 Filio
2945 1221 3201 1290 majorem
3226 1237 3350 1277 esse
3378 1226 3381 1227 ⁷
3406 1223 3575 1280 disci-

1996 1318 2137 1370 mus,
2171 1314 2263 1358 aut
2291 1317 2501 1374 contra,
2539 1311 2633 1365 sed
2665 1309 2838 1365 Patris
2866 1320 2918 1366 et
2945 1310 3065 1366 Filii
3092 1312 3457 1380 aequalitatem
3492 1315 3577 1369 in-

1997 1393 2303 1463 telligimus.
2342 1398 2472 1451 Nam
2503 1407 2560 1454 ut
2587 1400 2743 1457 Pater
2794 1402 2963 1472 gloria
2996 1412 3050 1457 et
3076 1402 3237 1457 allicit
3269 1403 3485 1465 Filium,
3516 1414 3577 1459 et:

1995 1482 2227 1538 allicitur
2263 1502 2292 1540 a
2333 1486 2493 1555 Filio,
2552 1490 2635 1546 sic
2664 1490 2835 1546 Filius
2884 1492 3054 1563 gloria
3110 1503 3224 1547 tum
3280 1492 3577 1547 allicitura

1996 1572 2175 1643 Patre,
2198 1583 2309 1630 tum
2339 1579 2555 1635 Patrem
2586 1580 2769 1638 allicit.
2799 1582 2953 1649 Quod
2981 1594 3160 1640 autem
3184 1583 3309 1639 dum
3341 1584 3575 1640 adicitut!

1994 1663 2186 1734 gloria,
2219 1667 2351 1722 nihil
2383 1670 2629 1739 accipiat,
2657 1675 2797 1741 quod
2828 1682 2986 1728 antea
3016 1689 3123 1728 non
3151 1673 3572 1737 haberet,doeet

1997 1755 2100 1809 hoc
2133 1750 2289 1811 loco:
2321 1759 2572 1824 Clariﬁca
2608 1779 2707 1827 me,
2741 1763 3014 1834 inquiens,
3053 1764 3236 1830 Pater,
3285 1782 3348 1819 ea
3379 1765 3570 1834 gloria.

1993 1861 2151 1915 quam
2172 1848 2355 1916 habui,
2389 1862 2664 1923 antequam
2696 1857 2920 1910 mundus
2955 1858 3124 1925 fieret,
3180 1857 3321 1923 apud
3350 1859 3461 1911 te‘.
3513 1855 3571 1910 Si

320 1951 442 2004 (ml.
477 1953 540 2004 Ei
571 1952 628 2004 δὲ
661 1952 761 2018 πρὸ
786 1948 881 2003 τοῦ
918 1950 1009 2003 τὸν
1036 1951 1240 2017 κόσμον
1267 1948 1518 2017 γενέσθαι
1547 1946 1752 2018 ταύτην
1777 1941 1889 2017 εἶχε

1999 1948 2173 1993 autem
2192 1950 2484 2013 antequam
2504 1947 2735 2003 mundus
2764 1947 2940 2015 ﬁeret,
2959 1948 3098 2005 hanc
3118 1948 3344 2019 gloriam
3359 1947 3581 2015 habuit;

319 2045 421 2109 τὴν
436 2041 620 2105 δόξαν,
641 2040 755 2103 πῶς
787 2041 930 2092 αἰτεῖ
959 2039 1145 2118 λαϐεῖν
1176 2038 1203 2090 ὃ
1234 2037 1346 2107 ἔχει
1377 2037 1504 2102 dei;

940 2126 1047 2184 Kal
1079 2127 1275 2182 τοῦτο.

397 2220 526 2274 Εἶτα
556 2220 788 2284 δεικνὺς,
815 2220 890 2284 ὡς
917 2220 977 2273 οὐ
1007 2219 1290 2283 δυξάζεται
1328 2219 1507 2287 μόνον,
1538 2213 1673 2267 ἀλλὰ
1696 2213 1793 2266 καὶ
1812 2212 1895 2265 60-

322 2312 478 2375 ξὰζει
501 2350 517 2377 .
546 2314 831 2384 ἐπήγαγεν
852 2353 867 2377 ,
908 2308 1297 2380 Ἐφανέρωσά
1320 2323 1438 2361 σου
1462 2306 1527 2361 τὸ
1553 2307 1741 2374 ὄνομα
1770 2302 1891 2369 τοῖς

315 2406 676 2473 ἀνθρώποις.
706 2406 809 2459 Καὶ
841 2404 961 2474 μετ’
988 2404 1171 2471 ὀλίγον
1201 2402 1308 2454 τῶν
1329 2398 1623 2469 αίρετικῶν
1652 2396 1896 2466 ὲμφράτα

313 2514 426 2548 των
452 2497 521 2551 τὰ
556 2498 822 2567 στόματα.
858 2499 935 2550 Τὰ
960 2494 1071 2565 ἐμὰ
1094 2493 1310 2556 πάντα,
1333 2491 1485 2561 φησι,
1511 2488 1595 2545 σά
1615 2489 1767 2550 ἐστι,
1794 2486 1892 2539 καὶ

315 2589 391 2640 τὰ
417 2588 501 2640 σὰ
527 2587 659 2656 ἐμὰ,
692 2588 753 2640 οὐ
783 2585 1010 2656 διαιρῶν
1032 2583 1132 2656 τὴν
1175 2582 1364 2653 κοινὴν
1401 2577 1744 2647 δεσποτείαν,
1771 2575 1892 2631 οὐδὲ

312 2679 487 2748 ἕτερα
515 2678 617 2745 μὲν
646 2678 714 2731 τὰ
743 2677 893 2746 αὐτῷ
918 2677 1284 2748 προσήκοντα,
1317 2675 1479 2746 ἔτερα
1506 2671 1563 2726 δὲ
1593 2671 1663 2726 τὰ
1685 2671 1761 2740 τῷ
1782 2670 1893 2723 Πα-

309 2774 406 2838 τρὶ
434 2770 761 2841 διαφέροντα
787 2770 957 2837 δείξαι
983 2768 1324 2839 βουλόμενος,
1357 2767 1472 2821 ἀλλ’
1494 2764 1683 2834 ἐπειδὴ
1710 2764 1761 2816 oi
1788 2762 1895 2816 πᾶ-

308 2878 421 2913 σαν
450 2861 769 2932 βλάσφημον
805 2861 947 2915 κατὰ
980 2858 1075 2913 τοῦ
1102 2857 1442 2928 Μονογενοῦς
1480 2856 1733 2926 ἀφιέντες
1762 2871 1891 2923 φω-

303 2953 414 3023 κὴν
456 2950 619 3008 αὑτὸν
661 2952 761 3022 μὲν
807 2953 1108 3020 λαμϐάνειν
1141 2993 1155 3015 ,
1196 2951 1289 3005 τὸν
1326 2950 1384 3002 δὲ
1430 2949 1649 3016 Πατέρα
1691 2946 1889 3000 διδόναι

309 3049 476 3116 φασὶ,
514 3045 810 3109 δείκνυσιν,
845 3048 925 3100 ὅτι
957 3045 1058 3115 τὴν
1096 3042 1265 3113 αὐτὴν
1312 3041 1427 3112 ἔχει
1460 3040 1538 3111 τῷ
1574 3040 1749 3109 Πατρὶ
1780 3037 1889 3091 τῶν

308 3142 578 3195 ἁπάντων
605 3139 951 3193 δεσποτείαν.
988 3136 1063 3190 Τὰ
1090 3135 1203 3207 γὰρ
1229 3132 1342 3204 ἐμὰ
1369 3131 1587 3195 πάντα,
1619 3130 1772 3200 φησὶ,
1805 3126 1889 3181 σά

304 3233 472 3295 ἐστι,
495 3228 594 3283 καί
614 3228 687 3284 τὰ
700 3227 782 3283 σὰ
796 3228 930 3299 ἐμὰ,
948 3228 1011 3281 οὐ
1026 3227 1409 3297 τὴνδιαίρεσιν
1431 3223 1528 3293 τῆς
1541 3220 1884 3286 δεσποτείας,

306 3323 452 3377 ἀλλὰ
488 3322 550 3377 τδ
586 3321 764 3376 κοινὸν
791 3321 892 3391 τῆς
919 3319 1169 3386 ἐξουσίας
1200 3316 1495 3374 παιδεύων.

312 3436 432 3492 ’1ὀῦ
447 3435 637 3492 αὑτοῦ
660 3435 731 3490 ἐκ
748 3434 854 3490 τοῦ
874 3442 918 3490 e'
939 3435 1269 3504 κεφαλαίου
1300 3431 1409 3488 τοῦ
1432 3429 1483 3486 a'
1507 3430 1757 3498 ,ϐιϐλίου
1780 3426 1889 3485 τοῦ

936 3505 1282 3573 Θησαινροῦ.

388 3598 469 3654 Οὐ
512 3599 729 3661 πάντως
755 3597 817 3652 τὸ
852 3598 1060 3652 τίκτειν
1101 3598 1347 3668 πεφυκὸς
1374 3597 1438 3652 ἐκ
1463 3595 1557 3651 τοῦ
1586 3596 1663 3667 μὴ
1681 3595 1890 3651 τίκτειν

311 3693 398 3753 είς
436 3688 596 3743 τοῦτο
631 3689 880 3759 πρόεισιν
906 3703 923 3720 ·
982 3689 1104 3743 οὐδὲ
1137 3688 1329 3759 ἐπειδὴ
1380 3688 1588 3742 τίκτειν
1620 3683 1753 3753 οἵδε,
1792 3684 1889 3740 καὶ

314 3781 679 3835 καταπαύειν.
717 3780 827 3834 Καὶ
864 3778 995 3847 γοῦν
1017 3780 1180 3851 γεννᾷ
1209 3780 1308 3850 μὲν
1343 3779 1406 3845 ἐξ
1454 3778 1653 3834 ἑαυτοῦ
1683 3778 1744 3832 τὸ
1774 3777 1887 3847 πῦρ

310 3874 417 3940 τήν
458 3889 519 3925 τε
557 3872 702 3927 κατὰ
728 3871 891 3941 φύσιν
911 3869 1220 3942 προσοῦσαν
1256 3871 1410 3942 αὐτῷ
1432 3870 1767 3941 θερμότητα,
1787 3868 1885 3921 καὶ

313 3967 413 4018 τὸν
451 3968 754 4034 φωτισμδν,
785 3964 907 4018 οὔτε
954 3965 1011 4018 δὲ
1043 3966 1108 4019 ἐκ
1137 3964 1232 4019 τοῦ
1267 3967 1342 4035 μὴ
1382 3959 1521 4017 εἶναι
1574 3962 1777 4033 θερμὸν
1806 3961 1888 4025 είς

311 4056 478 4109 ταῦτα
540 4056 834 4127 προῆλθεν,
885 4055 1010 4109 οὔτε
1050 4055 1323 4109 παύσεται
1369 4055 1567 4122 γεννᾷν
1625 4051 1689 4105 τό
1740 4051 1887 4106 κατὰ

310 4147 478 4215 φύσιν
508 4146 660 4218 αὐτῷ
692 4148 912 4217 προσὸν,
939 4147 1059 4201 ἀλλ’
1095 4148 1215 4218 ἅμα
1234 4148 1423 4215 γέγονε
1456 4146 1590 4217 πῦρ,
1612 4145 1705 4197 καὶ
1732 4139 1802 4214 ἦν
1830 4145 1889 4197 ὲν

308 4239 464 4310 αὑτῷ
489 4240 558 4293 τὰ
581 4240 769 4295 αὑτοῦ.
803 4240 866 4294 Ei
895 4240 1074 4294 τοίνυν
1113 4241 1208 4295 καὶ
1231 4240 1324 4294 ἐπὶ
1350 4238 1458 4293 τῶν
1499 4236 1888 4307 πεποιημένων

308 4326 468 4401 παρὰ
527 4330 663 4385 Θεοῦ
710 4331 957 4396 τοιοῦτος
1014 4330 1267 4402 φαίνεται
1316 4330 1628 4401 γεννήσεως
1660 4328 1885 4398 τρόπος,

313 4421 576 4485 τῶςοῦκ
607 4423 803 4486 ἀσεϐὲς
863 4423 939 4494 μὴ
965 4423 1034 4477 τὰ
1073 4423 1245 4494 μείζω
1296 4422 1652 4493 παραχωρεῖν
1710 4417 1887 4490 αὐτῷ.

310 4517 421 4569 κᾶν
448 4515 526 4587 μὴ
556 4515 733 4587 φθάνῃ
763 4516 899 4585 πρὸς
921 4515 1225 4586 κατάληψιν
1287 4515 1387 4584 τῆς
1418 4512 1661 4585 μεγάλης
1713 4511 1886 4567 αὐτοῦ

311 4606 535 4677 φύσεως
560 4606 590 4658 6
617 4604 957 4676 ἀνθρώπινος
992 4605 1118 4668 νοῦς
1142 4621 1158 4670 ;

924 4697 1034 4749 Kal
1062 4696 1261 4751 τοῦτο.

386 4788 453 4845 Ei
483 4790 564 4862 μὴ
598 4790 765 4857 συνῆν
812 4789 843 4843 6
892 4789 1018 4852 Υίδς
1044 4789 1124 4859 τῷ
1163 4789 1339 4860 Πατρὶ
1389 4790 1449 4858 ἐξ
1506 4789 1675 4844 αὐτοῦ
1703 4806 1763 4843 τε
1809 4787 1890 4843 ὣν

309 4884 455 4938 κατὰ
493 4886 673 4955 ρύσιν,
714 4884 808 4938 καὶ
840 4884 1109 4947 συναΐδιος
1134 4882 1233 4951 ὢν,
1269 4883 1585 4955 συμϐέϐηκε
1644 4882 1703 4936 δὲ
1736 4881 1890 4954 αὐτῷ

309 4976 376 5029 τὸ
402 4970 565 5038 εἶναι,
582 4976 780 5047 συνέϐη
811 4975 1054 5047 δηλονότι
1083 4976 1180 5029 καὶ
1207 4974 1284 5045 τῷ
1310 4975 1521 5030 τεκόντι
1544 4975 1604 5029 τὸ
1626 4974 1889 5045 γενέσθαι

313 5068 556 5139 "uirga,
579 5069 676 5122 καὶ
700 5067 973 5137 μεταϐολή
1006 5084 1090 5130 τις
1113 5067 1240 5137 περὶ
1272 5065 1437 5120 αὐτὸν
1468 5066 1564 5121 καὶ
1604 5067 1889 5131 ἀλλοίωσις

312 5161 569 5227 φαίνεται
596 5160 912 5230 γενόμενος.
938 5160 999 5213 Ei
1016 5160 1123 5228 γὰρ
1151 5159 1251 5213 οὐκ
1277 5153 1369 5230 ἦν.
1393 5158 1519 5212 καθ’
1542 5159 1709 5228 ὑμᾶς,
1728 5158 1889 5212 τοῦτο

311 5252 536 5320 γέγονεν
561 5252 805 5323 ὕστερον.
842 5251 1064 5323 Τροπῆς
1093 5249 1152 5304 δὲ
1197 5249 1380 5318 πάσης
1409 5249 1506 5304 καὶ
1546 5249 1887 5313 ἀλλοιώσεως

311 5346 661 5409 ἀνεπίδεκτος
684 5348 718 5416 ὴ
750 5345 870 5399 θεία
902 5343 1083 5413 φύτις.
1112 5343 1229 5397 Οὐκ
1259 5342 1369 5412 ἄρα
1401 5342 1597 5412 συνέϐη
1648 5341 1728 5413 τῷ
1767 5342 1887 5413 Θεῷ

308 5437 376 5489 τὸ
402 5438 657 5503 γενέσθαι
690 5438 932 5510 Πατέρα,
970 5435 1090 5490 ἀλλ’
1114 5429 1186 5506 ἦν
1235 5433 1386 5505 αὐτῷ
1442 5434 1721 5497 συνατόιος
1761 5435 1790 5488 6
1825 5432 1886 5499 ἐξ

308 5526 485 5579 αὐτοῦ
517 5528 793 5598 προελθὼν
816 5530 1012 5598 Λόγος,
1037 5527 1289 5598 καθάπερ
1313 5527 1636 5598 ἠθερμότης
1670 5527 1730 5579 ἐν
1749 5527 1889 5597 ιιιτυρ)⁸

310 5620 646 5687 γεννητικῶς
663 5619 721 5686 ἐξ
736 5620 901 5675 αὑτοῦ
919 5620 1189 5690 προϊοῦσα
1205 5620 1300 5672 καὶ
1316 5620 1403 5673 ἀεὶ
1423 5620 1883 5690 συνυπάρχουσιν.

924 5715 1032 5767 Kal
1065 5713 1264 5770 τοῦτο.

382 5801 452 5854 Εἰ
477 5802 696 5873 τέλειος,
720 5804 905 5878 φησιν,
936 5805 1087 5859 iactv
1116 5808 1144 5860 ό
1167 5804 1355 5878 Πατὴρ
1389 5805 1446 5861 ὲν
1483 5807 1551 5879 τῇ
1584 5805 1690 5877 ίδέᾳ
1720 5822 1890 5877 μετα-

386 5914 400 5943 ¹
442 5913 588 5972 Joan.
617 5934 750 5986 mi,
777 5919 829 5975 5.
906 5919 924 5950 '
964 5916 1097 5974 ibid.
1132 5917 1183 5974 6.

1912 3300 1959 3358 (ἶ

1914 4631 1964 4689 1)

1999 2035 2269 2100 quomodo
2304 2037 2440 2105 petit
2467 2046 2525 2096 ut
2555 2038 2787 2107 accipiat
2820 2042 2960 2110 quod
2990 2054 3204 2111 semper
3238 2038 3477 2097 habuit‘l.

2283 2179 2303 2189 ,
2527 2125 2779 2196 Ejusdem
2806 2138 2854 2182 et
2895 2132 3026 2185 Ιιιεο.

2068 2213 2268 2271 Ill-inde
2306 2232 2365 2273 se
2393 2234 2499 2275 non
2531 2219 2704 2274 solum
2735 2221 2904 2289 gloria
2936 2221 3075 2276 allici
3126 2220 3431 2285 declarans,
3474 2224 3587 2276 sed-

1994 2302 2157 2355 etiam
2195 2305 2409 2360 Patrem
2463 2306 2700 2373 allicere,
2746 2309 3137 2377 Manisfeslavi,
3169 2311 3575 2381 inquitmemini

1995 2408 2141 2451 utram
2208 2398 2563 2454 hontinibus’.
2630 2400 2696 2455 Et
2749 2401 2907 2469 paulo
2962 2411 3083 2468 post
3141 2417 3237 2457 ora
3287 2402 3580 2461 obstructis

1996 2488 2395 2555 hmrctieorttm,
2431 2490 2623 2545 Omnia
2655 2509 2787 2558 utea,
2825 2493 3019 2563 inquit,
3076 2504 3168 2549 tua
3226 2504 3370 2561 sunt,
3399 2505 3451 2551 ει
3481 2507 3577 2558 [ια

1995 2594 2128 2635 mea.
2168 2578 2526 2639 Communem
2553 2597 2658 2640 non
2695 2583 2881 2640 dividit
2903 2584 3283 2657 principatum,
3339 2601 3441 2641 nec
3467 2586 3572 2641 alia

1996 2671 2139 2726 Patri
2161 2674 2293 2729 dicit
2321 2678 2629 2732 convenire.
2665 2676 2771 2733 Sed
2805 2678 3058 2747 quoniam
3100 2679 3187 2734 isti
3219 2679 3572 2737 contumeliis

1992 2764 2340 2821 exsecrandis
2404 2765 2750 2835 Unigenitum
2805 2767 3101 2823 allicientes
3150 2769 3336 2824 dicunt
3390 2771 3569 2839 ipsum

1992 2854 2207 2923 quidem
2236 2856 2505 2925 accipere,
2545 2855 2760 2912 Patrem
2800 2867 2978 2912 autem
3032 2858 3187 2919 dare,
3235 2860 3578 2929 demonstrat,

1993 2960 2051 3001 se
2074 2964 2173 3001 una
2198 2962 2316 3003 cttm
2342 2948 2499 3005 Patre
2518 2964 2694 3003 rerum
2721 2949 2963 3004 omnium
2985 2950 3268 3017 imperium
3294 2950 3560 3007 obtinere:

1992 3036 2171 3093 Omnia
2206 3057 2340 3104 mea,
2384 3042 2657 3110 inquiens,
2680 3050 2775 3094 tua
2806 3050 2947 3103 sunt,
2978 3048 3028 3093 et
3058 3048 3151 3092 uta
3207 3054 3341 3091 mea.
3366 3037 3573 3105 Quibus

1991 3133 2170 3186 verbis
2200 3148 2302 3186 non
2335 3148 2558 3201 regnum
2589 3133 2840 3198 divisum,
2870 3132 2963 3187 sed
3005 3144 3344 3186 communem
3403 3130 3571 3200 sigui~

1993 3225 2116 3279 licat
2145 3233 2487 3293 potestatem.

2201 3422 2450 3492 Ejusdem
2467 3441 2531 3480 ex
2561 3424 2819 3482 Thesauri
2838 3426 3007 3496 cap.6
3034 3426 3154 3481 libri
3178 3429 3355 3498 primi.

2059 3582 2210 3651 Quod
2233 3587 2474 3657 pariendi
2506 3600 2754 3644 naturam
2788 3590 2969 3655 habet,
2999 3603 3106 3644 non
3163 3598 3443 3645 assecutus
3462 3599 3575 3656 est,

1991 3690 2114 3730 eum
2147 3677 2437 3747 aliquando
2468 3696 2573 3735 non
2604 3684 2849 3750 haberet,
2895 3699 2996 3740 nec
3050 3682 3194 3737 illam
3256 3684 3487 3750 amittet,
3516 3693 3571 3743 et

1991 3770 2200 3826 desinat
2230 3786 2441 3840 parere.
2472 3773 2613 3843 ignis
2668 3777 2886 3845 quidem
2950 3788 3143 3832 natura
3191 3779 3296 3835 sibi
3352 3777 3568 3831 insitam

1990 3861 2159 3932 gignit
2186 3863 2516 3919 caliditatem
2569 3875 2729 3937 atque
2762 3868 3124 3939 splendorem,
3168 3885 3344 3940 neque
3369 3883 3433 3921 ex
3463 3885 3567 3924 non

1990 3954 2164 4012 calido
2196 3956 2409 4013 calidus
2432 3957 2686 4023 edicitur,
2718 3974 2895 4028 neque
2933 3968 3113 4016 cessat
3153 3962 3395 4031 gignere,
3449 3974 3570 4030 qua:

1990 4047 2317 4103 naturaliter
2367 4048 2534 4118 ipsius
2564 4059 2686 4104 sunt
2749 4050 2981 4120 propria.
3041 4052 3148 4107 Sed
3194 4050 3355 4111 simul
3408 4062 3571 4123 atque

1990 4137 2132 4209 ignis
2164 4147 2270 4205 est,
2296 4148 2353 4195 et
2394 4154 2459 4196 ea
2488 4154 2610 4195 cum
2674 4143 2793 4211 ipso
2837 4150 2987 4197 sunt.
3037 4143 3190 4211 Quod
3221 4146 3265 4198 si
3306 4148 3358 4199 in
3411 4144 3571 4200 rebus

1992 4233 2291 4304 procreatis
2333 4232 2500 4290 aDeo
2550 4234 2671 4291 talis
2727 4236 3050 4306 perspicitur
3105 4238 3356 4309 gignendi
3406 4237 3569 4301 ratio,

1992 4338 2172 4380 nonne
2225 4323 2447 4395 impium
2488 4334 2575 4379 est
2638 4340 2743 4380 non
2799 4325 2897 4396 ipsi
2945 4324 3056 4383 Deo
3095 4328 3348 4384 omnibus
3409 4327 3573 4398 νει-ιιι-

1990 4415 2096 4473 bus
2127 4416 2332 4486 majora
2372 4415 2654 4473 tribuere?

2518 4700 2769 4769 Ejusdem
2797 4709 2847 4756 ot
2873 4701 3005 4756 Iure.

2060 4790 2118 4849 Si
2148 4792 2314 4849 Filius
2343 4807 2409 4848 ex
2442 4791 2601 4848 Patre
2626 4808 2860 4849 nascens
2892 4807 3016 4847 cum
3046 4790 3167 4862 ipso
3199 4806 3293 4861 per
3320 4800 3571 4849 naturam

1987 4894 2228 4941 aeternus
2257 4899 2367 4940 non
2395 4893 2534 4950 erat,
2584 4886 2678 4940 sed
2712 4885 2762 4940 ei
2807 4883 3055 4952 contigit,
3109 4891 3166 4937 ut
3210 4893 3375 4948 esset,
3404 4893 3460 4940 et
3486 4885 3572 4957 'gio

1989 4977 2173 5047 gnenti
2228 4976 2485 5032 nimirum
2547 4975 2796 5045 contigit,
2845 4982 2904 5030 ut
2961 4974 3119 5030 lieret
3174 4974 3352 5044 Pater,
3412 4986 3574 5049 atque

1990 5068 2064 5125 ita
2111 5069 2164 5123 in
2206 5066 2301 5123 illo
2354 5066 2586 5122 mutatio
2618 5068 2866 5137 quaedam
2917 5078 3163 5139 apparet.
3195 5070 3348 5137 Quod
3404 5072 3571 5139 enim,

1986 5158 2282 5214 secundum
2315 5172 2433 5226 vos,
2464 5171 2569 5211 non
2592 5164 2731 5225 erat,
2766 5157 2819 5214 id
2844 5166 3032 5228 postea
3056 5158 3232 5214 factus
3246 5170 3349 5215 est.
3376 5161 3449 5215 At
3475 5176 3573 5213 na.-

1987 5258 2107 5304 tura
2156 5248 2337 5305 divina
2388 5250 2593 5305 nullam
2660 5250 3090 5307 immutationem
3144 5251 3401 5307 admittit.
3450 5250 3569 5307 Non

1987 5340 2150 5410 igitur
2176 5339 2286 5393 Deo
2314 5341 2563 5413 contigit,
2590 5353 2649 5396 ut
2680 5342 2838 5398 ﬁeret
2864 5342 3043 5405 Pater,
3095 5344 3191 5397 sed
3241 5342 3472 5396 Verbum
3503 5357 3571 5398 ex

1988 5433 2106 5503 ipso
2144 5434 2497 5506 progrediens
2537 5449 2754 5503 semper
2791 5450 2915 5490 cum
2976 5433 3066 5487 illo
3090 5432 3211 5495 fuit,
3259 5433 3395 5486 utin
3446 5432 3571 5503 igne

1991 5525 2261 5592 caliditas,
2304 5540 2426 5595 qua
2481 5539 2548 5581 ex
2595 5526 2719 5595 igne
2759 5523 3083 5595 proreniens
3116 5537 3239 5578 cum
3292 5521 3385 5577 illo
3426 5537 3571 5578 seut.—

1991 5632 2087 5690 per
2122 5617 2365 5673 exsistit.

2535 5710 2787 5781 Ejusdem
2821 5719 2877 5763 et
2900 5709 3029 5763 hac.

2061 5805 2117 5862 Si
2149 5804 2312 5874 Deus,
2363 5802 2634 5877 inquiunt,
2676 5804 2728 5860 in
2752 5816 2857 5858 sua
2900 5801 3248 5876 arnplitudinc
3305 5803 3571 5877 perfectus
