4026 6290
461 440 576 508 633

1706 443 2094 505 EUTHYMII
2139 445 2507 510 ZlGABENI

3638 442 3739 505 664

464 575 725 632 perquam
782 559 1068 630 exiguum,
1151 560 1428 630 quomodo
1484 568 1788 632 temporum
1829 559 2051 616 effector

2165 581 2274 618 τινα
2333 584 2426 622 και
2460 567 2751 639 άκαριαῖν
2781 562 3003 636 δοίημεν
3032 562 3217 630 αὑτὸν,
3276 562 3393 625 πῶς
3428 558 3582 613 ἔσται
3615 561 3734 630 χρό-

465 652 636 709 l-‘ilius
656 653 784 718 erit,
816 652 975 725 cujus
1008 661 1189 708 ortum
1238 654 1492 711 voluntas
1538 663 1594 709 et
1627 653 1914 710 consilium
1964 668 2062 708 an-

464 744 718 802 tecedit?
776 743 883 799 Sed
933 751 1242 813 temporum
1282 752 1474 801 auctor
1526 753 1635 802 est.
1683 745 1814 799 Erat
1871 742 2059 812 igitur.

460 847 517 892 et
543 848 671 892 ante
714 846 898 891 ortum
931 834 1080 892 illius
1098 846 1184 892 est
1226 836 1381 891 nihil.

996 926 1258 992 Eiusdem
1284 937 1337 983 et
1369 927 1503 985 Itazc.

534 1022 593 1079 Si
628 1020 895 1093 sapientia
924 1020 1105 1078 Patris
1147 1032 1234 1077 est
1260 1020 1456 1082 Filius.
1490 1030 1553 1077 ut
1601 1036 1730 1077 vere
1764 1030 1873 1087 est,
1929 1033 2064 1090 quo-

463 1109 622 1165 modo
668 1118 887 1179 tempus
920 1122 1043 1165 esse
1089 1108 1436 1180 potuit,cum
1467 1109 1520 1165 in
1575 1110 1695 1180 ipso
1747 1124 1855 1165 non
1915 1116 2062 1165 esset

460 1199 724 1273 sapientia
746 1202 772 1255 ?
792 1202 948 1269 Quod
970 1204 1015 1257 si
1050 1201 1121 1257 ab
1142 1202 1289 1258 omni
1320 1203 1627 1261 :eternitate
1655 1203 1711 1260 in
1753 1200 1917 1259 Patre
1952 1210 2058 1270 est,

459 1310 678 1365 semper
708 1294 852 1350 enim
904 1295 1124 1367 sapiens
1182 1304 1268 1353 est
1299 1294 1485 1365 Pater,
1528 1298 1808 1368 quomodo
1830 1295 2056 1367 cogitari

460 1398 639 1454 potest
685 1388 981 1459 quidquam
1026 1388 1301 1459 antiquius
1359 1403 1447 1453 eo,
1509 1388 1655 1460 quod
1717 1397 2057 1459 semperest,

460 1490 558 1535 aut
581 1481 853 1550 quomodo
884 1481 1136 1539 voluntas
1172 1483 1536 1549 intercedere,
1583 1499 1705 1555 qua:
1737 1480 1931 1537 Filium
1953 1481 2058 1536 ali-

460 1571 679 1635 quando
710 1585 814 1625 non
870 1572 1225 1628 exsistentem
1273 1571 1531 1640 adducat,
1599 1573 1689 1644 qui
1727 1573 1886 1628 simul
1930 1586 2056 1627 cum

459 1657 715 1715 Genitore
752 1659 926 1729 ipsius
971 1671 1029 1716 ut
1059 1660 1175 1731 ejus
1203 1661 1466 1732 sapientia
1524 1671 1758 1718 mternus
1779 1660 1910 1718 est?
1939 1659 2057 1717 Non

462 1750 738 1806 voluntate
760 1751 946 1821 igitur,
972 1756 1068 1809 sed
1091 1765 1285 1809 natura
1319 1753 1511 1809 Filium
1558 1754 1745 1824 gignit.
1768 1751 1877 1809 Hoc
1908 1754 2055 1809 enim

462 1843 538 1898 illi
589 1844 762 1914 magis
802 1846 1070 1916 congruit.

997 1936 1244 2008 Ejusdem
1268 1948 1316 1993 et
1356 1940 1488 1994 Ιιωε.

533 2030 591 2087 Si
647 2032 790 2087 nulla
861 2030 1110 2087 voluntas
1145 2031 1197 2086 in
1225 2031 1332 2086 ullo
1353 2042 1432 2087 est
1463 2033 1586 2089 sine
1607 2032 1799 2096 verbo,
1826 2029 1927 2085 hoc
1948 2039 2053 2093 est,

460 2121 579 2176 sine
608 2120 818 2179 ratione
886 2121 1001 2190 illa,
1052 2137 1172 2192 qua
1236 2122 1397 2178 tacite
1454 2123 1505 2178 in
1562 2122 1748 2178 animo
1785 2128 2055 2187 versatur,

459 2212 629 2271 Filius
660 2223 843 2270 autem
873 2224 959 2271 est
996 2213 1232 2271 Verbum
1275 2211 1478 2281 Patris,
1516 2212 1666 2270 illius
1691 2226 1823 2282 ergo
1859 2211 2053 2268 volun-

466 2317 550 2363 tus
576 2314 684 2364 est.
725 2306 1009 2376 Quomodo
1038 2305 1206 2379 igitur
1235 2305 1489 2363 voluntas
1520 2306 1574 2362 in
1611 2307 1891 2363 voluntate
1921 2306 2051 2369 erit,

458 2409 552 2454 aut
581 2398 820 2457 Verbum
851 2402 905 2457 in
928 2400 1363 2458 VerbOYOmnia
1398 2415 1529 2472 ergo
1559 2410 1643 2457 est
1671 2398 1844 2458 Filius
1873 2399 2050 2465 Patri,

456 2486 511 2545 et
568 2492 803 2549 Verbum
835 2534 850 2561 ,
914 2503 969 2551 et
1016 2493 1318 2562 voluntas,
1364 2504 1421 2552 et
1480 2494 1786 2567 sapientia,
1817 2506 1872 2552 et
1921 2493 2054 2551 niltil

458 2594 587 2641 ante
622 2586 799 2658 ipsum
831 2587 887 2642 in
917 2586 1105 2644 Patre.

996 2678 1250 2750 Ejusdem
1281 2692 1329 2736 et
1363 2683 1496 2736 Ιιωσ.

533 2769 1001 2838 Quemadmodum
1037 2786 1143 2827 non
1177 2787 1245 2828 ex
1303 2774 1586 2829 voluntate
1644 2775 1907 2832 habemus
1956 2789 2056 2831 nos

460 2878 517 2917 ut
546 2858 737 2933 patres
783 2862 955 2919 simus
984 2878 1173 2919 eorum
1210 2863 1302 2934 qui
1331 2879 1397 2920 ex
1452 2864 1611 2922 nobis
1635 2874 1784 2931 sunt,
1834 2865 1931 2923 sed
1988 2880 2054 2922 ex

461 2968 679 3022 natura;
704 2954 788 3011 sic
834 2956 998 3012 etiam
1036 2953 1179 3011 Deus
1226 2972 1331 3012 non
1376 2954 1676 3019 voluntate.
1717 2959 1813 3014 sed
1864 2968 2055 3016 natura

464 3049 624 3103 Pater
646 3057 750 3106 est.
783 3043 850 3101 Et
869 3046 1326 3116 quemadmodum
1382 3047 1479 3105 ﬁlii
1507 3064 1575 3106 ex
1599 3049 1758 3107 nobis
1786 3053 2056 3122 procreati

465 3141 621 3197 nobis
658 3149 861 3195 natura
904 3137 1113 3196 similes
1139 3140 1362 3197 omnino
1399 3148 1549 3209 sunt,
1588 3141 1668 3199 sic
1697 3143 1861 3199 etiam
1891 3144 2060 3201 Filius

2164 675 2272 711 νων
2308 659 2536 731 ποιητὴς
2594 664 2622 715 6
2677 645 2826 724 Ῡίὸς,
2877 662 2925 713 εί
2964 657 3221 731 βούλησις
3278 656 3586 726 προηγεῖτα
3643 654 3741 723 τῆς

2165 750 2474 820 γεννήσεως
2487 748 2652 828 αύτοῦ
2672 766 2689 816 ;
2716 751 2857 804 Ἀλλ’
2877 750 2992 804 ἔστι
3008 750 3219 821 χρόνων
3239 747 3473 818 ποιητής
3487 763 3504 779 ·
3524 740 3599 817 ἦν
3614 746 3741 816 ἄρα,

2165 842 2259 895 καὶ
2286 841 2444 897 οὐδέν
2474 845 2593 897 ἐστι
2620 840 2729 915 πρὸ
2751 843 2851 912 τῆς
2874 843 3183 912 γεννήσεως
3206 841 3376 896 αὑτοῦ

2775 936 2885 993 Kai
2919 937 3123 991 τοῦτο.

2236 1032 2296 1085 Εἰ
2324 1031 2487 1101 σοφία
2516 1030 2611 1086 τοῦ
2638 1029 2859 1100 Πατρός
2884 1028 3035 1081 ἐστιν
3074 1029 3100 1080 6
3130 1027 3276 1093 Υἱὸς,
3307 1026 3499 1097 ῶσπερ
3527 1024 3623 1080 οὖν
3650 1026 3742 1079 καὶ

2162 1123 2302 1191 ἔστι,
2328 1125 2442 1188 πῶς
2472 1125 2590 1179 ἔστι
2621 1125 2835 1197 χρόνος,
2872 1122 2961 1177 ὅτε
3003 1121 3103 1175 οὐκ
3146 1116 3215 1192 ἦν
3261 1121 3319 1172 ἐν
3346 1107 3513 1188 ἀὐτῷ
3548 1120 3739 1187 copia:

2154 1215 2228 1272 Εἰ
2256 1217 2313 1271 δέ
2347 1219 2498 1271 ἐστιν
2550 1216 2739 1281 ὰῖδίως
2775 1218 2838 1271 ὲν
2875 1214 2954 1285 τῷ
2986 1214 3185 1285 [Ias-pi,
3235 1212 3324 1266 ἀεὶ
3358 1211 3470 1282 γὰρ
3514 1212 3679 1279 σοφὸς
3714 1212 3741 1265 6

2163 1311 2390 1382 Πατήρο
2422 1310 2541 1373 πῶς
2584 1307 2856 1382 ἡγήσεται
2896 1325 2949 1361 τι
2976 1305 3071 1361 τοῦ
3105 1305 3197 1361 ἀεὶ
3233 1306 3428 1373 δντοςς
3463 1305 3585 1367 Πῶς
3614 1305 3671 1357 δὲ
3707 1306 3737 1372 ἡ

2163 1402 2422 1476 βούλησις
2452 1402 2694 1474 χωρήσει
2727 1400 2933 1471 μεταξὺ
2990 1399 3070 1471 μὴ
3121 1398 3255 1452 ὄντα
3286 1399 3417 1451 ποτὲ
3470 1397 3561 1451 τὸν
3615 1397 3741 1451 Υἱὸν

2161 1494 2519 1564 εἰσφέρουσα,
2538 1494 2630 1547 τὸν
2659 1493 2737 1565 τῷ
2764 1493 3090 1563 γεννήσαντι
3124 1492 3423 1556 συναῖδιον,
3453 1489 3529 1553 ὡς
3550 1489 3740 1557 σοιρίαν

2161 1584 2366 1653 αὐτοῦς
2394 1585 2473 1642 Οὐ
2500 1585 2754 1658 βουλήσει
2778 1586 2888 1657 ἄρα
2911 1586 3078 1655 γεννᾷ
3111 1584 3202 1639 τὸν
3226 1584 3380 1649 Υἱὸν,
3400 1583 3537 1638 ἀλλὰ
3560 1582 3737 1653 φύσει.

2160 1680 2377 1752 Πρέπει
2408 1679 2520 1753 γὰρ
2550 1678 2709 1737 τοῦτο
2742 1678 2948 1751 μᾶλλον
2984 1678 3153 1749 αὐτῷ.

2790 1934 2901 1992 Καὶ
2941 1933 3141 1990 τοῦτο.
3702 1960 3707 1961 ν

2236 2034 2300 2089 Εἰ
2331 2032 2481 2087 πᾶσα
2510 2029 2818 2104 βούλησιςή
2847 2028 2904 2081 εν
2924 2043 3036 2081 τισι
3057 2024 3323 2097 γινομένη
3354 2027 3416 2079 οὗ
3443 2026 3566 2098 δίχα
3582 2025 3741 2095 λόγου

2162 2129 2410 2197 γίνεται,
2442 2124 2602 2193 λόγος
2634 2121 2746 2193 γάρ
2777 2123 2928 2175 ἐστιν
2958 2119 3184 2189 ἀφανῶς
3244 2120 3303 2173 ἐν
3342 2119 3545 2191 καρδίᾳ
3580 2137 3742 2190 στρε-

2163 2218 2452 2290 φόμενοςή
2474 2216 2755 2287 βούλησις,
2792 2213 2907 2266 ἔστι
2943 2212 3000 2267 δὲ
3046 2213 3075 2265 ό
3115 2212 3241 2276 Υἱὸς
3282 2213 3458 2282 Λόγος
3486 2212 3585 2267 τοῦ
3629 2214 3742 2267 Πα-

2160 2313 2289 2385 τρός
2308 2327 2324 2345 ο
2355 2310 2521 2375 αὐτὸς
2552 2310 2663 2380 ἄρα
2694 2308 2844 2362 ἐστὶν
2874 2308 2909 2379 ή
2935 2305 3213 2377 βούλησις.
3243 2303 3380 2361 Εἶτα
3414 2307 3535 2372 πῶς
3563 2308 3596 2379 ή
3626 2306 3744 2378 βού-

2161 2405 2319 2477 λησις
2339 2406 2397 2459 ὲν
2421 2404 2675 2477 βουλήσει
2702 2400 2950 2471 γίνεταις
2982 2400 3015 2474 ἢ
3054 2400 3175 2463 πῶς
3210 2400 3240 2453 6
3263 2399 3436 2469 Λόγος
3466 2402 3528 2453 ἐν
3562 2400 3743 2469 Λόγος

2164 2498 2354 2553 Πάντα
2387 2497 2572 2551 τοίνυν
2596 2495 2742 2549 ἐστὶν
2763 2496 2791 2547 6
2816 2495 2944 2557 Υἱὸς
2971 2490 3050 2562 τῷ
3080 2492 3283 2562 “arpi,
3302 2496 3399 2546 καὶ
3422 2493 3617 2561 Λόγος,
3651 2494 3747 2546 καὶ

2165 2589 2357 2661 βουλὴ.
2382 2588 2478 2645 καὶ
2497 2587 2681 2658 σοφία,
2706 2587 2802 2641 καὶ
2820 2586 2974 2640 οὐδέν
2994 2586 3088 2639 ὲστ
3099 2602 3146 2638 ιν
3163 2586 3221 2638 ὲν
3239 2584 3412 2656 Πατρὶ
3430 2586 3537 2657 πρὸ
3552 2583 3746 2640 αὐτοῦ.

2767 2679 2873 2735 Καὶ
2907 2682 3106 2736 τοῦτο.

2238 2778 2456 2845 Ὠσπερ
2486 2773 2588 2827 οὐκ
2635 2773 2697 2824 ἐκ
2729 2770 3040 2842 βουλήσεως
3082 2772 3246 2843 ἡμεῖς
3273 2771 3471 2842 ἔχομεν
3504 2769 3565 2822 τὸ
3598 2764 3746 2822 εἶναι

2164 2870 2406 2941 πατέρες
2449 2867 2556 2920 τῶν
2586 2864 2643 2930 ἐξ
2680 2862 2864 2934 ἡμῶν,
2896 2863 3032 2917 ἀλλὰ
3064 2862 3332 2932 φυσικῶς,
3394 2860 3547 2914 οὕτω
3587 2861 3682 2915 καὶ
3722 2862 3752 2912 6

2164 2962 2299 3026 Θεὸς
2347 2960 2445 3014 καὶ
2468 2956 2657 3028 Πατὴρ
2687 2955 2792 3009 οὐκ
2847 2957 2911 3008 ἐκ
2952 2953 3264 3026 βούλησεως
3308 2953 3504 3026 Πατήρ
3564 2955 3747 3017 ἐστιν,

2116 3092 2121 3097 -
2165 3055 2303 3111 ἀλλὰ
2348 3052 2620 3124 φυσικῶς.
2664 3051 2773 3104 Καὶ
2822 3049 3013 3122 ὥσπερ
3055 3052 3103 3103 οἱ
3133 3050 3193 3116 ἐξ
3244 3049 3404 3120 ἡμῶν
3436 3050 3754 3118 τικτόμενοι

2164 3153 2345 3222 ὅμοιοι
2397 3145 2614 3207 πάντως
2656 3145 2788 3213 ἡμῖν
2814 3141 2937 3197 κατ’
2965 3142 3161 3196 οὐσίαν
3206 3142 3367 3205 εἰσὶν,
3406 3139 3556 3195 οὕτω
3590 3143 3686 3194 καὶ
3725 3142 3756 3193 6

466 3249 568 3289 non
586 3234 952 3298 extrinsecus,
977 3231 1071 3288 sed
1106 3248 1174 3289 ex
1204 3233 1443 3290 essentia
1473 3232 1649 3290 Patris
1708 3238 1945 3307 genitus,
1979 3238 2055 3292 si-

2169 3246 2294 3309 Υίὸς
2346 3243 2452 3297 οὐκ
2486 3238 2687 3305 ἔξωθεν
2733 3236 2812 3309 τῷ
2863 3238 3039 3308 Πλτρὶ
3093 3235 3559 3309 προσγενόμενος,
3621 3233 3755 3289 ἀλλ’

463 3327 611 3382 milis
654 3335 738 3382 est
789 3326 841 3383 itt
882 3325 1137 3382 omnibus
1195 3324 1460 3383 Genitori.
1494 3325 1561 3381 Et
1585 3327 2054 3397 {quemadmodum

463 3416 627 3475 Pater
676 3435 783 3475 non
835 3435 901 3475 ex
944 3419 1225 3475 voluntate
1281 3418 1570 3489 Paterﬁest,
1617 3421 1689 3475 ita
1731 3435 1832 3477 nec
1884 3421 2059 3478 Filius

463 3519 548 3564 est
574 3523 639 3565 ex
677 3509 973 3577 voluntate,
1022 3513 1116 3567 sed
1154 3526 1250 3582 per
1292 3521 1565 3580 naturam,
1609 3526 1735 3569 cum
1768 3512 1841 3569 sit
1877 3513 2058 3584 splen-

464 3603 567 3657 dor
612 3614 662 3659 et
701 3605 875 3673 ligura
906 3604 1052 3661 illius
1085 3607 1127 3672 ',
1160 3605 1251 3677 qui
1284 3620 1343 3662 se
1378 3605 1585 3677 genuit.

1005 3823 1259 3892 Ejusdem
1286 3836 1334 3877 et
1370 3829 1500 3879 lucc.

543 3914 905 3973 Vehementer
932 3914 1231 3971 absurdum
1285 3923 1341 3971 et
1368 3915 1738 3986 periculosum
1776 3925 1863 3972 est
1903 3916 2054 3972 dieeo

469 4026 528 4064 re
556 4005 751 4080 Filium
780 4009 1056 4064 voluntate
1107 4007 1348 4077 genitum
1402 4022 1549 4066 esse.
1615 4008 1717 4077 Qui
1748 4009 1891 4063 enim
1944 4022 2054 4063 non

467 4099 743 4155 voluntate
775 4100 936 4156 Pater
973 4106 1031 4155 ct
1079 4097 1219 4155 Deus
1238 4105 1342 4167 est,
1377 4100 1422 4155 is
1453 4112 1556 4156 nec
1582 4100 1863 4154 voluntate
1895 4100 2054 4152 habet

467 4203 533 4241 ex
566 4188 800 4245 essentia
828 4205 922 4243 sua
972 4193 1299 4260 proveniens
1342 4190 1603 4256 Verbum,
1639 4189 1734 4244 sed
1789 4187 2058 4243 naturali-

471 4286 573 4335 ter.
606 4275 700 4333 Sic
718 4277 864 4334 enim
893 4290 976 4334 est
1001 4279 1168 4351 ﬁgura
1204 4279 1391 4350 ipsius,
1428 4289 1485 4335 et
1521 4281 1703 4349 imago
1741 4292 1847 4335 non
1895 4277 2054 4334 falsa.

890 4456 966 4511 Et
992 4460 1172 4514 eodem
1205 4460 1360 4518 ltbro.
1397 4477 1516 4526 cap.
1554 4459 1641 4514 90.

2167 3343 2343 3403 ὅντως
2374 3338 2443 3391 ὲκ
2479 3336 2580 3405 τῆς
2606 3334 2799 3397 ούσίας
2850 3332 3019 3385 αὐτοῦ
3068 3328 3370 3401 προελθὼν,
3400 3328 3587 3398 ὅμοιός
3634 3330 3759 3382 ἐστι

2168 3433 2314 3489 κατὰ
2335 3430 2520 3485 πάντα
2537 3428 2615 3498 τῷ
2630 3425 3008 3496 γεγεννηκότιέ
3034 3426 3143 3479 Καὶ
3162 3420 3322 3477 ’ῶσπε
3329 3440 3361 3494 ρ
3383 3423 3411 3477 6
3432 3422 3627 3492 Πατὴρ
3657 3420 3759 3475 οὐκ

2167 3529 2237 3580 ὲκ
2262 3524 2574 3596 βουλήσεως
2594 3522 2712 3575 ἐστι
2748 3519 2960 3591 Πατὴρ,
3001 3517 3149 3571 οὕτω
3177 3516 3272 3570 καὶ
3324 3516 3353 3569 6
3386 3514 3511 3578 Υἱὸς
3533 3516 3645 3569 οὐκ
3681 3516 3748 3568 ὲκ

2172 3614 2482 3689 βουλήσεώς
2508 3616 2662 3670 ἐστιν
2697 3612 2849 3678 Υἱὸς,
2867 3610 3007 3667 ἀλλὰ
3034 3609 3179 3665 κατὰ
3213 3608 3380 3677 φύσιν
3403 3607 3760 3679 ἀπαύγασμα

2170 3712 2265 3764 καὶ
2287 3707 2582 3781 χαρακτὴρ
2618 3705 2886 3778 ὑπάρχων
2918 3701 3015 3757 τοῦ
3040 3704 3405 3772 γεννήσαντος
3438 3700 3629 3753 αὐτόν.

2773 3797 2887 3855 Καὶ
2921 3797 3121 3853 τοῦτο.

2241 3896 2482 3950 ’Λτοπον
2518 3892 2726 3965 σφόδρα
2748 3930 2765 3957 ,
2790 3892 2886 3947 καὶ
2906 3890 3258 3945 ἐπικίνδυνον
3282 3888 3372 3959 ἐφ’
3402 3885 3537 3941 Υἱοῦ
3562 3886 3763 3956 λέγειν

2166 3991 2245 4057 τὸ,
2268 3988 2534 4060 Βουλήσει
2564 3986 2748 4060 άρα,ἢ
2774 3987 2923 4058 παρᾶ
2949 3985 3208 4058 βούλησιν
3233 3982 3522 4054 ἐγεννήθη.
3554 3982 3620 4037 ὐ
3647 3984 3760 4053 γὰρ

2163 4085 2266 4137 οὐκ
2291 4085 2361 4137 ὲκ
2393 4078 2704 4153 βουλήσεως
2729 4077 2994 4149 ὑπάρχων
3029 4078 3217 4147 Πατὴρ
3240 4077 3336 4129 καὶ
3361 4072 3493 4135 Θεὸς
3526 4072 3660 4125 οὐδὲ
3692 4075 3759 4124 ἐκ

2166 4176 2479 4248 βουλήσεως
2510 4172 2738 4245 ἔχειτὸν
2762 4172 2828 4225 ἐκ
2860 4173 2960 4243 τῆς
2992 4169 3185 4233 οὐσίας
3210 4169 3377 4222 αὐτοῦ
3407 4165 3758 4238 προελθόντα

2162 4272 2359 4339 Λόγον,
2396 4268 2534 4325 άλλά
2558 4266 2830 4336 φυσικῶς.
2872 4264 2973 4334 Εἶη
2998 4264 3109 4334 γὰρ
3135 4260 3202 4316 ἂν
3232 4262 3330 4315 καὶ
3348 4259 3524 4323 οὕτως
3579 4259 3757 4315 εἰκὼν

2166 4365 2354 4433 αὐτοῦ,
2386 4364 2483 4420 καὶ
2509 4362 2799 4435 χαρακτὴρ
2818 4361 2882 4416 οὐ
2908 4356 3330 4429 διεψευσμένος.

2347 4457 2494 4514 Ἀπὸ
2518 4455 2855 4525 κεφαλαίου
2882 4452 2932 4507 κ’
2959 4452 3069 4509 τοῦ
3089 4450 3280 4508 αὐτοῦ
3302 4448 3583 4516 βιϐλίου.

557 4563 725 4620 David
768 4559 966 4615 alicubi
1021 4560 1095 4615 ita
1150 4558 1300 4613 canit
1344 4575 1357 4611 :
1410 4575 1429 4609 ι
1457 4558 1625 4613 Sedes
1666 4567 1780 4621 tua,
1822 4556 1985 4623 Deus,
2017 4556 2060 4611 in

2232 4564 2438 4619 Ψάλλει
2474 4580 2578 4618 που
2600 4562 2784 4616 Δαϐίδ·
2808 4581 2826 4614 ι
2848 4564 2907 4617 '0
2936 4561 3126 4633 θρόνος
3152 4577 3269 4624 σου,
3302 4560 3332 4615 6
3362 4558 3517 4621 Θεὸς,
3551 4558 3640 4621 εἰς
3667 4556 3761 4610 τὸν

487 4655 743 4714 stenttlum
788 4652 991 4708 saeculi.
1026 4670 1045 4704 ι
1074 4650 1278 4707 Deinde
1308 4651 1385 4706 ait
1412 4667 1426 4704 :
1459 4668 1480 4703 ι
1509 4649 1801 4720 Propterea
1834 4650 1984 4705 unxit
2017 4658 2072 4705 te

487 4750 649 4806 Deus.
679 4744 820 4802 Deus
849 4754 994 4807 tuus,
1020 4741 1142 4797 oleo
1166 4739 1551 4796 exsultationis
1574 4753 1684 4808 pra:
1713 4739 2071 4809 participibus

485 4842 594 4897 tuis
639 4841 685 4895 ⁸.
718 4856 739 4892 a
767 4837 930 4907 Atqui
971 4844 1094 4891 erat
1130 4833 1367 4890 Verbum
1395 4833 1561 4888 etiam
1593 4841 1721 4886 ante
1758 4832 2070 4888 unctionem

482 4946 722 5003 regnans
747 4945 870 4985 cum
900 4928 1082 4985 Patre.
1107 4926 1390 4995 Quomodo
1420 4924 1587 4997 igitur
1615 4924 1668 4979 in
1694 4938 1880 4995 regem
1917 4925 2073 4996 ungi-

484 5036 574 5079 tur
606 5031 662 5078 et
687 5020 1081 5083 sanctiﬁcatur,
1129 5018 1223 5089 qui
1264 5032 1489 5093 semper,
1519 5025 1713 5087 regnat
1743 5025 2073 5086 sanctusque

482 5113 746 5171 exsistit?
773 5110 1240 5179 Quemadmodum
1275 5110 1438 5181 igitur
1473 5124 1597 5165 cum
1638 5121 1852 5179 semper
1890 5108 1942 5163 id
1979 5108 2073 5176 sit,

481 5205 691 5259 ultimis
745 5212 923 5257 tamen
970 5198 1308 5269 temporibus
1362 5212 1618 5270 regnasse
1670 5198 1871 5254 dicitur
1922 5215 1937 5253 :
1993 5198 2065 5254 ita

482 5313 607 5352 cum
643 5295 717 5352 sit
748 5290 1067 5353 altissimus,
1100 5289 1371 5344 exaltatus
1412 5304 1536 5345 esse
1575 5291 1796 5355 dicitur,
1847 5299 2067 5361 propter

483 5387 939 5445 incarnationem.
968 5382 1255 5440 Exaltatur
1271 5393 1478 5447 autem,
1499 5390 1556 5437 et
1582 5372 1826 5451 ungitur,
1854 5391 1912 5436 et
1935 5398 2067 5437 san-

483 5482 756 5535 t-itiiicatur
782 5487 1008 5550 pr0pter
1035 5492 1159 5541 nos,
1184 5483 1243 5530 ut
1272 5489 1370 5544 per
1396 5475 1570 5544 ipsum
1594 5475 1765 5543 gratia
1798 5477 1850 5529 in
1883 5488 2074 5530 omnes

483 5575 789 5635 derivetur,
853 5581 910 5627 ut
957 5573 1068 5641 jam
1125 5578 1330 5624 natura:
1386 5567 1581 5622 collata
1637 5567 1842 5634 totique
1887 5565 2071 5634 generi

485 5664 696 5733 largita.
728 5665 821 5718 Sic
852 5664 995 5717 enim
1018 5661 1273 5717 Servator
1295 5661 1411 5729 ipse
1443 5659 1498 5713 in
1531 5659 1821 5729 Evangelia
1849 5658 2075 5712 Joannis

485 5752 565 5807 ait
594 5769 609 5806 :
646 5771 664 5802 ‹
699 5752 804 5806 Prn
831 5755 964 5823 ipsis
1007 5766 1107 5822 ego
1140 5750 1428 5807 sanctiﬁco
1456 5753 1747 5821 meipsum,
1779 5760 1835 5805 ut
1870 5751 1981 5807 sint
2021 5759 2073 5806 et

587 5902 603 5933 ³
626 5902 838 5966 ilebm.
869 5904 921 5958 5.
956 5950 961 5953 .
998 5908 1015 5938 ⁸
1043 5903 1185 5961 Psal.
1221 5919 1366 5961 xuv.
1402 5900 1457 5967 7,
1491 5899 1547 5959 8.

2165 4661 2337 4715 αἰῶνα
2359 4657 2454 4711 τοῦ
2492 4655 2705 4720 αἰῶνος.
2738 4673 2758 4709 ι
2795 4651 2931 4709 Εἶτά
2975 4671 3109 4726 φησι
3140 4670 3156 4686 ο
3191 4670 3211 4706 ι
3239 4651 3341 4706 Διά
3368 4650 3535 4705 τοῦτο
3566 4650 3760 4723 ἐχρισὲ

2165 4770 2223 4805 σε
2256 4753 2285 4805 6
2310 4750 2463 4813 Θεὸς,
2489 4752 2517 4802 6
2552 4747 2689 4812 Θεός
2744 4764 2858 4812 σου,
2902 4745 3084 4799 ἔλαιον
3131 4743 3531 4813 ἀγαλλιάσεως.
3572 4761 3595 4794 ι
3653 4741 3762 4795 Καὶ

2162 4838 2286 4913 ἦνὸ
2319 4841 2492 4908 Λόγος
2534 4839 2632 4894 καὶ
2676 4839 2785 4910 πρὸ
2844 4838 2944 4908 τῆς
3000 4835 3237 4907 χρίσεως
3275 4832 3592 4904 βασιλεύων
3623 4832 3763 4902 μετὰ

2166 4932 2397 5005 Πατρός.
2425 4931 2549 4993 Πῶς
2586 4925 2678 4984 οὖν
2704 4931 2782 4993 είς
2809 4926 3032 4997 βασιλέα
3056 4925 3268 4997 χρίεται
3295 4924 3391 4978 καὶ
3411 4922 3715 4990 ἁγιάζεται
3736 4922 3764 4972 6

2166 5025 2257 5078 ἀεὶ
2322 5020 2619 5094 βασιλεύων
2670 5022 2765 5075 καὶ
2813 5019 2968 5088 ἅγιος
2999 5017 3112 5085 ὢν;
3169 5017 3382 5087 Ὥσπερ
3437 5016 3634 5069 τοίνυν
3678 5014 3765 5069 ἀεὶ

2167 5115 2325 5170 τοῦτο
2343 5114 2439 5179 ὢν,
2464 5116 2522 5168 ὲν
2544 5113 2794 5183 ἐσχάτοις
2815 5112 3024 5181 καιροῖς
3046 5106 3490 5180 βεόασιλευκέναι
3511 5107 3761 5175 λέγεται·

2164 5204 2310 5258 οὕτω
2372 5204 2465 5257 καὶ
2492 5202 2718 5272 ὕψιστος
2779 5199 2879 5262 ῶν,
2935 5197 3205 5268 ὑψοῦσθαι
3258 5196 3477 5266 λέγεται
3527 5196 3630 5252 διὰ
3666 5195 3765 5267 τὴν

2168 5299 2435 5368 ἐνσαρκον
2471 5293 2806 5365 οἰκονομίαν.
2872 5290 3131 5363 ’Υψοῦται
3174 5290 3234 5346 δι
3274 5290 3369 5344 καὶ
3417 5289 3644 5360 χρίεται
3670 5287 3767 5343 καὶ

2171 5389 2455 5457 ἁγιάζεται
2506 5388 2574 5441 δι’
2599 5388 2772 5457 ἡμᾶς,
2813 5386 2901 5439 ἵνα
2949 5385 3015 5453 δι’
3050 5382 3219 5438 αὐτοῦ
3255 5384 3422 5455 τρέχῃ
3460 5382 3659 5436 λοιπὸν
3685 5383 3765 5446 εἰς

2173 5480 2430 5548 πάνταςὴ
2460 5478 2640 5548 χάρις,
2665 5476 2739 5540 ὡς
2758 5476 2861 5546 ήδη
2888 5474 3104 5529 δοθεῖσα
3137 5476 3204 5545 τῇ
3235 5473 3418 5543 φύσει,
3443 5473 3542 5525 καὶ
3573 5472 3766 5525 λοιπὸν

2171 5571 2279 5640 ὅλῳ
2306 5569 2592 5639 σωζομένη
2626 5567 2704 5638 τῷ
2736 5566 2905 5636 γένει.
2942 5565 3096 5619 Οὕτω
3123 5565 3217 5618 καὶ
3254 5564 3283 5614 ὁ
3335 5564 3531 5632 Σωτὴρ
3574 5562 3765 5630 ἔλεγεν

2172 5663 2230 5716 ὲν
2263 5661 2339 5730 τῷ
2364 5662 2505 5715 κατὰ
2547 5660 2800 5730 Ἰωάννην
2826 5657 3163 5727 Εὑαγγελίῳ·
3201 5674 3217 5707 ι
3240 5655 3414 5725 Ὑπὲρ
3440 5654 3631 5707 αὐτῶν
3653 5652 3765 5721 ἐγὼ

2175 5754 2386 5823 ἁγιάζω
2419 5750 2674 5823 ἐμαυτὸν,
2718 5752 2803 5807 ἵνα
2841 5743 2942 5827 ὦσι
2990 5749 3085 5806 καὶ
3134 5747 3285 5802 αὐτοὶ
3346 5744 3702 5817 ἡγιασμένοι.
3740 5761 3761 5797 t
