4026 6290
431 379 538 446 667

1664 374 1763 433 EU
1784 372 2046 432 l'llY-‘Mll
2087 373 2452 432 ZlGAFENI

3578 368 3681 434 668

435 496 665 557 naturali
705 495 900 551 Filium
928 490 1211 559 dignitate,
1234 503 1356 541 eum
1385 487 1526 541 illam
1577 486 1818 542 secundo
1855 496 1957 541 suo
1983 496 2014 535 e

2130 483 2251 551 μίας
2308 485 2336 537 ὁ
2386 482 2580 551 λόγος,
2623 481 2718 536 καὶ
2749 483 2781 552 ἡ
2814 479 2904 534 διὰ
2941 478 3102 533 τοῦτο
3155 478 3387 543 κένωσις
3413 479 3513 533 τοῦ
3541 483 3681 537 κατὰ

433 590 589 647 colis
624 587 855 644 adventu
892 584 967 640 sit
1008 581 1312 636 habiturus.
1349 578 1539 633 Veniet
1580 577 1750 642 etuias,
1783 584 1841 630 ut
1870 574 2014 642 ipse-

2114 573 2278 642 φύσιν
2306 572 2601 644 προσόντος
2626 567 2937 638 ἀξιώματος
2977 565 3370 636 ἀπογυμνώσῃ
3394 567 3489 621 τὸν
3524 566 3680 635 Υίδν,

435 691 548 736 met
574 681 734 743 dixit,
764 680 816 731 in
870 674 1037 745 gloria
1093 671 1267 727 Patris
1301 672 1383 726 sui
1414 671 1455 725 ¹.
1502 669 1791 737 Quomodo
1848 666 2015 738 igitur

2130 665 2270 719 λύσιν
2300 663 2500 733 ἔχουσα
2547 663 2649 732 τὴν
2695 661 2957 732 δευτέραν
2987 662 3046 729 ἐξ
3085 660 3316 733 οὐρανοῦ
3353 660 3680 731 παρουσίαν.

434 771 598 828 Patre
623 771 825 835 minor,
865 768 955 836 qui
980 766 1035 819 in
1071 764 1241 835 gloria
1266 774 1350 819 est
1378 762 1604 833 perfecti
1656 759 1873 816 Patris!

992 1026 1245 1097 Ejusdem
1277 1035 1326 1081 et
1356 1026 1490 1079 lucc.

506 1122 563 1178 Si
606 1120 865 1176 Dominus
922 1129 1004 1173 est
1051 1117 1234 1181 Pater,
1287 1127 1341 1172 et
1394 1115 1562 1170 Filius
1613 1124 1699 1169 est
1741 1113 2018 1179 Dominus,

438 1205 708 1284 quomodo
735 1211 895 1267 Patre
918 1209 1087 1264 Filius
1110 1207 1323 1263 minor?
1342 1206 1457 1260 Non
1480 1207 1583 1260 erit
1606 1202 1841 1274 perfecte
1860 1202 2017 1269 liber,

438 1307 484 1361 si
513 1305 690 1360 minor
722 1310 807 1357 est
830 1299 1075 1369 imperio,
1111 1313 1210 1353 nec
1238 1297 1449 1366 plenam
1479 1298 1530 1349 iu
1562 1310 1625 1351 se
1687 1294 1895 1357 obtinet
1934 1295 2020 1348 di-

442 1399 723 1468 gnitatem.
755 1393 1019 1447 Przcterea
1046 1392 1093 1446 si
1126 1391 1215 1444 lux
1246 1400 1330 1445 est
1371 1388 1568 1447 Pater,
1589 1387 1743 1442 etlux
1773 1385 2024 1441 similiter

452 1499 537 1545 est
566 1487 755 1545 Filius.
780 1484 1051 1554 quomodo
1086 1483 1261 1535 minor
1286 1490 1370 1535 est
1402 1480 1597 1534 Patre?
1631 1479 1745 1532 Lux
1775 1477 1918 1531 enim
1951 1476 2020 1544 (si

447 1581 627 1635 minor
669 1578 775 1643 est)
810 1577 914 1631 erit
959 1574 1298 1643 imperfecta,
1336 1581 1389 1627 et
1423 1586 1574 1641 parte
1604 1570 1779 1637 aliqua
1807 1586 1833 1622 a
1869 1582 2025 1623 tene-

449 1667 561 1722 hris
601 1663 971 1733 occupabitur.
1010 1662 1074 1716 Et
1115 1663 1346 1717 mendax
1403 1660 1507 1713 erit
1546 1659 1898 1727 evangelista,
1953 1655 2024 1710 Et

2116 754 2277 819 Ἥξει
2305 752 2413 823 γὰρ
2447 752 2687 815 πάντως,
2744 752 2821 816 tiu
2869 750 3187 822 ἡκούσαμεν
3234 750 3506 818 λέγοντος,
3534 752 3593 805 ιν
3618 753 3683 820 τῇ

2118 846 2243 915 δόξῃ
2270 843 2366 898 τοῦ
2397 841 2607 913 Πατρδς
2632 841 2821 898 αὑτοῦ.
2854 842 2975 904 Πῶς
2997 837 3091 907 οὖν
3119 841 3259 905 ὅλως
3278 841 3338 894 ιν
3359 843 3427 912 τῇ
3451 840 3577 912 δόξῃ
3593 841 3685 896 τοῦ

2119 936 2321 993 τελείου
2356 934 2569 1007 Πατρὸς
2594 937 2628 989 6
2651 933 2887 988 ἐλάττων
2911 934 3099 1003 αὐτοῦς
3502 931 3515 951 ⁸

2727 1025 2838 1081 Kal
2868 1024 3072 1081 τοῦτο.

2190 1120 2252 1175 Εἰ
2292 1120 2500 1192 Κύριός
2526 1121 2678 1173 ἐστιν
2705 1118 2736 1169 6
2767 1117 2982 1187 Πατὴρ,
3012 1116 3223 1188 Κύριος
3250 1118 3309 1173 δὲ
3357 1120 3564 1189 ὁμοίως
3596 1120 3689 1173 καὶ

2119 1215 2148 1267 6
2182 1213 2328 1276 Υἱὸς,
2376 1212 2497 1276 πῶς
2527 1211 2770 1265 ὶλάττων
2816 1208 2986 1264 αὐτοῦ
3037 1210 3225 1272 ὲστινς
3261 1210 3456 1264 Ἔσται
3482 1210 3591 1281 γὰρ
3626 1210 3685 1264 οὐ

2120 1306 2348 1368 τελείως
2376 1302 2683 1371 ἐλεύθερος,
2739 1302 2902 1371 εῐπερ
2948 1299 3099 1354 ἐστὶν
3144 1300 3387 1356 ἐλάττων
3412 1302 3471 1355 ὲν
3509 1301 3687 1372 κυριόο

2121 1416 2265 1469 ⁴τητι,
2295 1398 2389 1451 καὶ
2414 1397 2477 1452 ού
2512 1396 2719 1467 πλῆρες
2759 1395 2902 1467 ἔχων
2934 1396 2992 1449 ιν
3013 1394 3194 1466 ἑαυτῷ
3223 1394 3283 1448 τὸ
3311 1392 3554 1462 ἀξίωμα.
3583 1392 3689 1447 Καὶ

2127 1494 2177 1543 εἲ
2204 1490 2322 1560 φῶς
2346 1491 2497 1543 ἐστιν
2525 1490 2557 1543 6
2597 1488 2811 1559 Πατὴρ,
2844 1487 2962 1556 φῶς
3014 1487 3072 1540 δὲ
3120 1486 3325 1556 ὁμοίως
3349 1484 3446 1538 καὶ
3490 1488 3520 1539 6
3543 1483 3685 1549 Υίδς,

2125 1582 2247 1646 πῶς
2269 1582 2509 1638 ἐλάττων
2547 1581 2717 1636 αὑτοῦ
2765 1582 2955 1647 tactv;
2988 1580 3188 1634 Ἔσται
3227 1578 3339 1648 γὰρ
3378 1577 3441 1631 οὐ
3471 1574 3690 1638 τελείως

2125 1676 2265 1743 φῶς,
2306 1671 2790 1743 καταληφθήσεται
2842 1670 2900 1723 δὲ
2929 1671 3040 1726 ἀπὸ
3073 1671 3282 1741 μέρους
3306 1668 3411 1723 61:6
3435 1668 3541 1737 τῆς
3571 1684 3690 1721 σκο-

449 1759 691 1813 teneam.
730 1755 1001 1820 inquiens,
1049 1769 1166 1806 eam
1196 1768 1300 1806 non
1320 1750 1818 1817 contprchemleruut
1854 1753 1898 1804 '.
1941 1749 2022 1803 Ad

2130 1767 2270 1833 τίας,
2302 1765 2400 1822 καὶ
2426 1764 2693 1837 ψεύσεται
2724 1764 2900 1833 λέγων
2924 1764 2956 1817 6
2987 1761 3422 1832 Εὐαγγελιστὴς,
3452 1760 3525 1815 Ἦ
3550 1776 3692 1813 σκο-

447 1852 562 1903 hac
600 1849 650 1899 si
691 1845 851 1900 Pater
886 1845 1128 1906 estvita,
1156 1854 1210 1897 et
1240 1841 1406 1897 Filius
1438 1842 1564 1896 item
1603 1852 1687 1896 est
1721 1844 1850 1904 vita,
1881 1856 2023 1910 quo-

2130 1862 2226 1915 τια
2256 1830 2405 1914 ἀύτὸ
2425 1830 2498 1913 ὀύ
2527 1830 2843 1911 κατέλαϐε.
2886 1855 2998 1908 Καὶ
3026 1856 3079 1907 ει
3104 1854 3221 1919 ζωή
3252 1830 3450 1908 ἐστινό
3485 1853 3692 1920 Πατὴρ,

454 1940 614 1993 modo
646 1937 809 1991 Patre
861 1936 1143 1991 minorest
1172 1933 1387 1988 Filius?
1414 1932 1517 1987 Sin
1547 1932 1860 2001 imperfecte
1893 1933 2024 1997 vita,

453 2041 521 2086 et
535 2030 655 2084 ideo
695 2028 896 2091 minor,
923 2026 1163 2096 perlecta
1197 2026 1251 2078 in
1287 2024 1439 2078 nobis
1464 2024 1573 2076 vita
1602 2038 1709 2077 nou
1743 2024 1869 2085 crit,
1905 2023 2030 2079 licet

447 2115 504 2173 in
544 2112 1580 2172 interiorihomineCltristusinhabitet.
1614 2111 1679 2165 Et
1694 2112 1873 2181 aliqua
1903 2127 2030 2180 par-

450 2220 505 2265 te
536 2208 938 2279 quodammodo
966 2214 1124 2261 erunt
1143 2205 1361 2269 mortui,
1390 2205 1482 2273 qui
1511 2204 1561 2257 in
1585 2203 1760 2272 ipsum
1790 2203 2036 2259 credide—

452 2310 599 2356 runt.
622 2300 753 2367 Quae
781 2300 997 2367 quidem
1028 2296 1286 2367 quoniam
1308 2310 1341 2348 a
1360 2295 1611 2360 uobis,ttt
1634 2294 1889 2359 absurda,
1909 2304 2034 2349 sunt

450 2394 639 2466 procul
680 2393 991 2461 rejicieada,
1024 2390 1327 2462 perfectqu
1372 2404 1494 2446 esse
1545 2389 1775 2444 dicimus
1814 2388 2029 2452 Filium,

446 2494 503 2541 et
530 2485 675 2540 Patri
712 2485 954 2555 perfecto
1002 2481 1266 2552 aequalem
1332 2492 1555 2550 propter
1606 2480 1856 2537 cssuttiae
1889 2479 2030 2533 nulla

445 2577 504 2631 in
538 2586 695 2647 parte
743 2575 1014 2630 diversam
1038 2573 1471 2628 similitudinem.

978 2685 1230 2753 Eiusdem
1275 2695 1323 2739 et
1370 2685 1504 2739 Iure.

519 2779 806 2848 Equalem
826 2793 887 2833 se
920 2777 1028 2831 Deo
1064 2787 1117 2830 et
1138 2775 1283 2830 Patri
1308 2777 1863 2832 declarausChristus
1891 2791 2031 2845 quo-

453 2870 579 2927 dam
619 2875 737 2925 loco
765 2870 1061 2935 discipulos
1108 2878 1237 2923 suos
1282 2867 1365 2923 sic
1413 2869 1703 2938 alloquitur
1734 2885 1748 2929 :
1778 2870 1882 2934 Qui
1906 2870 2032 2924 vidit

449 2961 675 3020 tttevidit
694 2959 904 3016 Patrem
924 2962 965 3014 ⁸.
986 2960 1265 3027 Quomodo
1283 2958 1373 3027 qui
1396 2969 1587 3013 natura
1606 2961 1727 3015 talis
1743 2969 1825 3016 est
1845 2972 1901 3016 ut
1923 2962 2036 3028 ipse

456 3064 584 3110 vera
626 3052 813 3108 dicens
846 3050 1102 3115 at'lirmat,
1166 3048 1324 3104 Patre
1367 3048 1542 3104 minor
1573 3050 1699 3115 erit,
1728 3058 1786 3104 ut
1818 3050 2033 3119 quidam

457 3150 661 3201 temere
710 3142 1037 3213 opinantur?
1064 3141 1119 3195 Si
1153 3142 1296 3196 enim
1353 3142 1533 3195 minor
1576 3142 1844 3197 exsistens
1870 3142 1922 3195 in
1946 3155 2033 3195 se-

448 3237 571 3306 ipso
606 3235 818 3290 Patrem
846 3232 1118 3304 exprimit,
1140 3247 1261 3287 cum
1291 3231 1434 3286 nulla
1465 3233 1761 3288 intercedat
1782 3233 2033 3286 immuta-

452 3328 552 3395 tio,
599 3326 727 3381 illud
772 3327 945 3394 ipsum
978 3324 1028 3378 in
1057 3322 1272 3377 Patrem
1309 3324 1533 3387 recidet,
1580 3325 1776 3393 quippe
1830 3324 1919 3393 qui
1974 3324 2028 3378 in

454 3418 708 3488 imagine,
744 3432 934 3485 nempe
964 3416 1016 3470 iu
1041 3414 1179 3469 Filio
1197 3426 1451 3468 cernatur
1472 3428 1776 3483 expressus.
1801 3413 1904 3468 Sed
1931 3414 2031 3469 hoc

454 3509 749 3564 absurdum
772 3515 876 3562 est.
901 3504 1017 3560 Non
1053 3506 1216 3574 igitur
1239 3504 1411 3560 Filius
1434 3505 1629 3572 minor,
1658 3507 1708 3560 in
1739 3521 1847 3575 quo
1868 3505 2032 3560 Pater

454 3600 730 3670 perfectus
756 3600 1098 3668 exprimitur.

988 3792 1242 3865 Ejusdem
1282 3805 1329 3848 et
1363 3795 1496 3849 lucc.

523 3887 805 3955 Quomodo
835 3886 1006 3942 Filius
1038 3889 1235 3951 minor,
1265 3901 1423 3957 quem
1450 3901 1513 3942 ea
1549 3902 1669 3959 quae
1688 3886 1863 3943 Patris
1883 3898 2030 3951 sunt,

456 3982 655 4037 habere
685 3981 942 4036 constat?
974 3981 1109 4035 Vere
1138 3981 1279 4035 enim
1305 3980 1474 4036 dicit:
1514 3981 1703 4036 Omnia
1726 3997 1841 4051 quae
1872 3981 2034 4035 Pater

460 4072 635 4138 habet,
664 4088 776 4125 mea
799 4080 945 4125 sunt.
977 4070 1041 4125 Et
1070 4087 1282 4126 rursum
1334 4070 1524 4136 Deum,
1579 4083 1634 4126 et
1658 4073 1880 4125 Patrem
1904 4072 2033 4124 allo-

451 4180 645 4235 quens,
672 4165 886 4231 Omnia,
912 4164 1104 4233 iuquit,
1138 4179 1248 4217 mea
1276 4170 1365 4215 tua
1392 4175 1532 4229 sunt,
1581 4173 1623 4217 ει
1651 4170 1740 4215 tua
1762 4180 1874 4216 mea
1897 4162 1939 4216 ⁴.
1977 4161 2033 4216 Si

454 4259 621 4322 enim,
659 4266 719 4311 ut
741 4267 944 4312 temere
974 4257 1195 4325 quidam
1231 4257 1492 4320 sentiunt,
1526 4256 1701 4308 miuo’r
1730 4266 1812 4309 est
1841 4253 2027 4322 Filius,

452 4363 576 4402 cum
604 4361 732 4401 vere
788 4345 1099 4413 pronuntiet
1120 4345 1213 4399 hic
1242 4344 1455 4400 Patrem
1482 4344 1762 4413 alloquens
1793 4360 1808 4399 :
1843 4342 2033 4398 Omnia

455 4456 570 4492 rma
601 4448 691 4492 tua
717 4448 856 4499 sunt,
878 4445 926 4489 ει
959 4445 1049 4490 tua
1076 4452 1207 4501 mea,
1227 4436 1383 4491 cadet
1406 4446 1461 4493 et
1490 4438 1542 4491 iu
1574 4436 1819 4500 Patrem,
1847 4445 1904 4490 ut
1928 4437 2032 4491 mi-

2130 1952 2242 2023 ζωὴ
2261 1951 2317 2005 δὲ
2342 1951 2543 2019 ὁμοίως
2567 1949 2705 2003 καὶὸ
2733 1949 2881 2014 Υἱὸς,
2911 1948 3030 2010 πῶς
3056 1947 3301 2002 ἐλάττων
3330 1943 3497 1999 αὐτοῦ
3522 1945 3693 2010 iactv;

2132 2044 2209 2098 06
2242 2043 2353 2112 γὰρ
2386 2043 2540 2095 ἔσται
2580 2041 2804 2104 τελείως
2857 2042 2916 2093 ἐν
2960 2042 3094 2110 ἡμῖν
3118 2041 3153 2111 ἡ
3186 2038 3322 2107 ζωὴ,
3365 2037 3470 2091 κᾶν
3499 2037 3578 2101 είς
3603 2035 3698 2088 τὸν

2133 2136 2241 2190 ἔσω
2265 2135 2555 2207 ἄνθρωπον
2578 2137 2887 2205 κατοικήσει)
2919 2136 2949 2187 6
2972 2134 3227 2202 Χριστός.
3258 2130 3466 2196 Νεκροὶ
3488 2129 3546 2182 δέ
3578 2144 3699 2191 πως

2133 2231 2275 2285 κατά
2309 2245 2363 2281 τι
2390 2228 2559 2298 μέρος
2591 2228 2641 2282 οἱ
2665 2226 3078 2289 πιστεύσαντες,
3129 2224 3290 2294 εἴπερ
3316 2221 3467 2276 ἐστὶν
3510 2220 3573 2274 οὐ
3610 2237 3700 2272 τε·

2133 2324 2292 2386 λείως
2315 2321 2431 2392 ζωὴ
2458 2322 2520 2374 τὸ
2569 2321 2794 2376 ἔλαττον
2821 2319 2962 2391 έχων
2998 2320 3029 2371 6
3066 2318 3215 2382 Υἱός.
3258 2314 3477 2385 Ἐπειδὴ
3509 2315 3567 2369 δὲ
3594 2312 3704 2385 χρὴ

2131 2417 2230 2485 τὴν
2264 2416 2324 2467 ὲν
2352 2412 2567 2477 τούτοις
2598 2411 2833 2466 ἀτοπίαν
2876 2411 2956 2473 ὡς
3007 2408 3351 2481 πορρωτάτω
3401 2404 3700 2465 ποιεῖσθαι,

2130 2506 2336 2558 τέλειον
2362 2499 2506 2556 εἷναί
2534 2518 2715 2569 φαμεν
2746 2501 2837 2553 τὸν
2879 2498 3009 2553 Υίὸν
3058 2497 3150 2552 τὸν
3178 2498 3258 2568 τῷ
3297 2496 3493 2568 τελείῳ
3526 2496 3705 2565 Πατρὶ

2132 2594 2539 2666 παρισούμενον
2568 2591 2659 2646 διὰ
2688 2591 2752 2644 τὸ
2783 2590 2886 2659 τῆς
2914 2589 3105 2652 οὐσίας
3142 2586 3593 2659 ἀπαράλλακτον.

2744 2683 2853 2737 Kal
2889 2680 3086 2736 τοῦτο.

2207 2782 2354 2834 Ἰσον
2416 2777 2608 2831 ἑαυτὸν
2638 2773 3000 2829 ἐπιδεικνύων
3030 2772 3111 2844 τῷ
3140 2769 3261 2841 Θεῷ
3324 2771 3420 2823 καὶ
3497 2769 3705 2839 Πατρὶ,

2135 2872 2272 2945 φησί
2310 2862 2413 2924 που
2439 2867 2679 2939 Χριστὸς
2726 2866 2862 2935 πρὸς
2888 2867 3015 2930 τοὺς
3042 2864 3281 2928 οἰκείους
3315 2864 3590 2935 μαθητὰς,
3639 2862 3707 2915 '0

2132 2965 2404 3036 ἑωρακὼς
2436 2964 2541 3033 ἐμὲ
2568 2962 2790 3030 ἑώρακε
2817 2961 2926 3016 τὸν
2953 2955 3354 3027 Πατέρα.Εῐτα
3380 2959 3498 3021 πῶς
3515 2960 3545 3011 6
3561 2956 3713 3011 κατὰ

2135 3060 2299 3128 φύσιν
2320 3045 2583 3118 τοιοῦτος,
2624 3055 2767 3107 οὕτω
2804 3070 2864 3106 τε
2905 3052 3190 3123 ὑπάρχων,
3252 3050 3329 3115 ὡς
3359 3049 3526 3113 αὐτὸς
3558 3049 3706 3119 ἀληο

2136 3149 2313 3204 θεύων
2361 3146 2786 3217 διισχυρίζεται,
2822 3144 2884 3197 τὸ
2914 3143 3137 3197 ἔλαττον
3168 3140 3280 3206 ἕξει
3326 3141 3466 3195 κατὰ
3495 3142 3601 3210 τήν
3632 3156 3713 3191 τι-

2133 3260 2241 3295 νων
2287 3239 2579 3305 ἀϐουλίαν;
2634 3238 2696 3291 Ei
2727 3236 2834 3306 γὰρ
2874 3236 3137 3305 ὑπάρχων
3172 3234 3409 3288 ἐλάττων
3443 3235 3501 3287 ἐν
3521 3234 3713 3304 ἑαυτῷ

2131 3332 2370 3388 δεικνύει
2399 3331 2488 3384 τὸν
2513 3328 2731 3398 Πατέρα
2754 3368 2769 3392 ,
2814 3326 3087 3396 μηδεμιᾶς
3122 3325 3529 3395 μεσολαὸούσης
3556 3341 3713 3395 παρ·-

2133 3424 2396 3492 αλλαγῆς,
2423 3421 2515 3474 ἐπὶ
2547 3419 2640 3472 τὸν
2670 3418 2889 3487 Πατέρα
2911 3420 2972 3470 τδ
2998 3416 3221 3470 ἔλαττον
3252 3415 3609 3486 ἀναϐήσεται,
3634 3415 3710 3479 ὡς

2135 3518 2194 3569 ὲν
2217 3515 2609 3584 ἀμεταποιήτῳ
2645 3512 2971 3580 φαινόμενον
3019 3510 3188 3562 εἰκόνι
3233 3508 3315 3578 τῷ
3364 3508 3500 3578 Υίῷ.
3538 3508 3711 3563 Ἀλλὰ

2132 3608 2294 3661 τοῦτο
2319 3607 2542 3661 ἄτοπον.
2572 3603 2784 3659 Οὐκοῦν
2810 3605 2911 3657 οὐκ
2935 3603 3175 3656 ἐλάττων
3205 3605 3233 3657 6
3262 3603 3390 3666 Υιὸς
3411 3642 3423 3664 ,
3457 3603 3518 3654 ὲν
3543 3596 3709 3673 ᾧπερ

2133 3699 2523 3765 ἐξεικονίςεται
2546 3697 2754 3759 τέλειος
2787 3699 2815 3749 6
2842 3695 3030 3767 Πατὴρ
3060 3695 3156 3750 ὢν.

2747 3788 2858 3845 Καὶ
2882 3787 3085 3843 τοῦτο.

2203 3885 2310 3939 Καὶ
2341 3884 2455 3948 πῶς
2488 3880 2556 3937 ἂν
2583 3881 2645 3935 τὸ
2677 3881 2919 3946 ἔλαττον,
2952 3882 3009 3934 ὲν
3051 3874 3251 3950 οἷσπέρ
3292 3880 3439 3933 ἐστιν
3462 3880 3489 3933 6
3511 3880 3713 3952 Πατὴρ

2133 3977 2209 4031 ὢν
2250 3979 2277 4029 6
2313 3976 2440 4037 Υἱὸς
2473 3974 2788 4043 έπιδέξηται
2811 4012 2830 4039 ,
2878 3972 3053 4041 λέγων
3085 3972 3463 4042 ἀνεγκλήτως,
3496 3971 3712 4027 Πάντα

2133 4069 2252 4122 ὅσα
2281 4069 2408 4137 ἔχει
2442 4070 2477 4121 ό
2511 4065 2715 4134 Πατὴρ
2752 4065 2865 4134 ἐμά
2896 4065 3065 4131 eam;
3116 4064 3212 4118 καὶ
3268 4064 3434 4118 πάλιν
3460 4063 3537 4127 ὡς
3567 4066 3711 4137 πρὸς

2066 4168 2085 4185 "
2132 4162 2225 4214 τὸν
2243 4160 2378 4214 Θεὸν
2404 4159 2501 4213 καὶ
2531 4158 2780 4228 Πατέρα,
2816 4157 2898 4210 ὅτι
2930 4159 3137 4211 Πάντα
3166 4155 3240 4211 τὰ
3281 4155 3393 4226 ἐμὰ
3423 4156 3508 4211 σά
3552 4157 3706 4223 ἐστι,

2134 4253 2232 4308 καὶ
2262 4252 2335 4305 τὰ
2360 4252 2441 4307 σὰ
2460 4250 2596 4320 ἐμά.
2632 4251 2693 4304 El
2716 4252 2826 4321 γὰρ
2848 4250 3023 4314 ὅντως
3049 4251 3168 4304 ἐστὶ
3198 4250 3342 4304 κατὰ
3393 4251 3495 4321 τήν
3544 4268 3706 4304 τινων

2134 4345 2393 4400 ἀδουλίαν
2418 4343 2655 4398 ἐλάττων
2684 4344 2715 4396 6
2747 4343 2898 4408 Υἱὸς,
2945 4342 3246 4423 ἐπειδήπερ
3310 4342 3577 4414 ἀληθεύει
3617 4345 3697 4398 λέ·-

2133 4453 2247 4504 γων
2282 4435 2419 4508 πρὸς
2442 4435 2532 4489 τὸν
2570 4434 2812 4504 Πατέρα,
2848 4435 2924 4489 Τὰ
2945 4433 3059 4504 ἐμὰ
3092 4437 3173 4489 σά
3202 4435 3356 4500 ἐστι,
3386 4434 3489 4489 καί
3525 4443 3604 4492 τὰ
3627 4436 3707 4490 σὰ

456 4542 559 4585 nor
587 4529 678 4592 sit,
731 4537 786 4583 et
823 4530 872 4581 in
927 4526 1147 4592 Filium,
1205 4536 1264 4581 ut
1303 4528 1497 4597 major,
1532 4543 1653 4583 cum
1693 4544 1870 4584 rerum
1901 4530 2029 4585 ordo

2139 4529 2274 4595 ἐμὰ,
2311 4530 2555 4601 χωρήσει
2588 4529 2683 4582 καὶ
2707 4528 2799 4582 ἐπὶ
2830 4528 2924 4582 τὸν
2971 4529 3191 4599 Πατέρα
3226 4530 3285 4582 τὸ
3315 4529 3563 4595 ἔλαττον,
3615 4532 3699 4583 καὶ

455 4623 702 4676 diversus
735 4635 841 4674 non
871 4620 960 4685 sit,
998 4630 1055 4674 et
1086 4620 1138 4672 iu
1171 4627 1401 4686 utroque
1433 4636 1495 4673 ca
1543 4631 1858 4686 cernantur,
1914 4638 2034 4692 qua:

454 4711 679 4765 alterius
719 4716 868 4772 sunt,
902 4719 956 4763 et
1001 4711 1142 4776 quod
1179 4708 1353 4763 Patris
1381 4719 1488 4774 est,
1520 4709 1573 4763 id
1597 4709 1761 4764 etiam
1789 4710 1910 4764 Filii
1942 4710 2035 4775 sit,

454 4811 508 4854 et
534 4810 750 4853 contra.
796 4797 940 4852 Nihil
992 4799 1158 4869 igitur
1209 4797 1517 4867 prohibebit
1550 4808 1602 4852 et
1635 4798 1847 4852 Patrem
1901 4799 2037 4855 Filio

456 4889 720 4945 tuioorem
751 4890 951 4953 dicere,
1004 4899 1056 4941 et
1111 4888 1270 4944 Patre
1311 4890 1570 4958 majorem
1630 4888 1849 4945 Filium.
1906 4891 2037 4957 Quae

454 4982 670 5048 quidem
697 4993 817 5033 cum
850 4980 932 5035 vel
960 4981 1199 5050 cogitare
1229 4982 1302 5034 sit
1340 4981 1816 5048 absurdissimum,
1852 4983 2037 5052 sequi-

455 5081 544 5126 tur
569 5078 626 5126 ut
651 5071 876 5139 aequalis
906 5070 1053 5124 Patri
1086 5072 1156 5125 sit
1190 5072 1378 5137 Filius,
1414 5073 1506 5142 qui
1550 5088 1739 5129 omnes
1773 5090 1895 5129 cum
1920 5074 2028 5128 Pa-

457 5174 540 5219 tre
564 5175 883 5218 communes
917 5161 1080 5216 habet
1099 5164 1347 5217 esscntiae
1366 5164 1679 5232 dignitates.

2139 4622 2199 4674 τὸ
2228 4621 2414 4690 μεῖζον
2458 4621 2659 4691 ὁμοίως
2707 4620 2799 4672 ἐπὶ
2847 4618 2942 4673 τὸν
2981 4619 3131 4684 Υίδν,
3164 4618 3576 4690 ἁδιαφορούσης
3613 4623 3706 4689 τῆς

2134 4709 2243 4762 τῶν
2272 4710 2615 4779 πραγμάτων
2647 4708 2873 4773 τάξεως,
2912 4708 3072 4780 εἰπερ
3102 4710 3160 4762 ὲν
3206 4708 3457 4780 ἐκατέρῳ
3480 4711 3553 4764 τὰ
3580 4713 3707 4765 ἐκα-

2136 4803 2280 4871 τέρῳ
2313 4802 2587 4870 προσόντα
2621 4799 2897 4869 φαίνεται,
2949 4802 3044 4854 καὶ
3068 4802 3205 4871 ὅπερ
3242 4800 3310 4854 ἂν
3339 4803 3427 4867 εἴη
3462 4801 3563 4855 τοῦ
3594 4804 3701 4854 Πα-

2134 4894 2284 4964 τρὸς,
2321 4892 2481 4944 τοῦτό
2517 4891 2635 4943 ἐστι
2688 4890 2784 4951 καὶ
2841 4891 2934 4944 τοῦ
2972 4890 3117 4956 Υἰοῦ,
3145 4891 3239 4944 καὶ
3267 4891 3432 4945 πάλιν
3466 4893 3608 4961 ὅπερ
3640 4889 3703 4943 ἄν

2135 4986 2386 5054 ὑπάρχον
2418 4982 2515 5037 τοῦ
2570 4982 2702 5037 Ych
2738 4983 2873 5038 ἴδιον
2926 4985 3210 5055 φαίνηται,
3261 4984 3418 5037 τοῦτό
3457 4987 3575 5036 ἐστι
3609 4982 3699 5035 καὶ

2135 5077 2232 5130 τοῦ
2266 5075 2685 5146 Πατρός.ούδὲν
2709 5075 2802 5130 οὖν
2831 5076 3067 5130 κωλύσει
3106 5074 3290 5146 λέγειν
3312 5077 3579 5131 ἐλάττονα
3607 5072 3696 5128 τοῦ

2138 5164 2272 5219 Υἱοῦ
2305 5164 2398 5217 τὸν
2415 5163 2659 5233 Πατέρα,
2689 5164 2786 5217 καὶ
2819 5163 3041 5234 μείζονα
3066 5165 3161 5217 τοῦ
3200 5166 3411 5235 Πατρὸς
3434 5167 3529 5220 τὸν
3552 5164 3695 5218 Υίόν.

466 5257 609 5313 Ἀλλ’
635 5257 752 5310 ἔστι
784 5254 896 5308 τῶν
963 5253 1333 5308 ἀτοπωτάτων
1385 5257 1480 5309 καὶ
1536 5257 1697 5326 μόνον
1733 5259 1935 5314 ἐννοεῖν
1973 5276 2027 5315 τι
2084 5258 2347 5315 τοιοῦτον.
2384 5258 2529 5322 Ἱσος
2576 5258 2708 5329 ἄρα,
2744 5257 2837 5312 καὶ
2889 5258 2990 5312 οὐκ
3034 5259 3276 5314 ἐλάττων
3302 5263 3331 5315 6
3369 5267 3524 5318 κοινὰ
3568 5259 3693 5333 πρὸς

453 5351 544 5406 τὸν
572 5350 797 5422 Πατέρα
825 5349 893 5404 τὰ
920 5350 1019 5417 τῆς
1052 5346 1237 5408 οὐσίας
1270 5346 1411 5416 ἔχων
1435 5348 1911 5423 πλεονεκτήματα.

1006 5437 1257 5508 Ejusdem
1285 5449 1332 5493 et
1355 5441 1491 5494 lucc.

523 5537 765 5604 Quodam
790 5538 906 5590 loco
929 5534 1205 5601 Servator,
1233 5534 1373 5590 sicut
1407 5535 1525 5604 ipse
1550 5536 1601 5590 in
1630 5536 1789 5593 Patre
1817 5549 1924 5606 σει,
1949 5539 2030 5595 sic

452 5624 668 5684 Patrem
714 5625 770 5679 in
803 5641 861 5681 se
890 5640 1013 5682 esse
1047 5625 1198 5679 dicit.
1236 5624 1391 5681 Nullo
1450 5635 1631 5681 autem
1690 5638 1850 5697 pacto
1881 5631 2029 5700 cogi-

2750 5442 2865 5497 Καὶ
2902 5444 3101 5500 τοῦτο.

2209 5536 2364 5590 Οὕτω
2391 5537 2495 5591 πού
2560 5553 2724 5608 φησιν
2757 5539 2786 5590 ὁ
2807 5537 3001 5609 Σωτὴρ
3021 5578 3037 5605 ,
3078 5537 3153 5603 ὡς
3191 5538 3277 5610 εἴη
3308 5540 3410 5610 μὲν
3442 5540 3602 5604 αὐτὸς
3634 5541 3691 5592 έν

2138 5629 2337 5700 Πατρὶ,
2366 5631 2461 5682 καὶ
2487 5632 2514 5683 ὁ
2541 5631 2733 5702 Πατὴρ
2762 5629 2819 5684 δὲ
2852 5632 3057 5701 ὁμοίως
3087 5632 3145 5688 ἑν
3166 5631 3338 5704 αὐτῷ.
3385 5632 3523 5687 Ἀλλ’
3578 5632 3690 5685 εστι

528 5762 546 5795 ³
579 5760 770 5819 Matth.
809 5777 918 5827 xw,
952 5760 1044 5819 27.
1119 5763 1139 5793 '
1166 5761 1321 5816 Joan.
1348 5778 1391 5825 ι.
1424 5762 1478 5818 5.
1547 5764 1741 5823 'Joan.
1770 5781 1879 5835 xw,
1901 5767 1956 5824 9.
2025 5768 2029 5791 ‘

2130 5782 2218 5823 an.
2246 5782 2378 5836 xvu,
2400 5765 2482 5825 ιο.
