4026 6290
479 330 575 393 δη
860 334 869 341 ·
1736 321 2119 384 EU'l‘llYMll
2156 322 2515 382 zmauam
3636 326 3733 390 5-2

484 457 652 525 posita
685 453 901 509 deitatis
932 462 1122 508 natura
1165 468 1439 520 nunquam
1488 454 1541 507 in
1575 454 1900 511 dualitatem
1956 459 2050 514 Pa-

2168 456 2312 508 δόκει
2341 451 2665 525 προκεῖσθαι
2696 450 2952 523 διαφορὰ,
2982 451 3044 505 οὐ
3072 450 3209 503 κατὰ
3237 451 3339 522 τὴν
3359 449 3554 505 οὐσίαν
3578 458 3732 524 φημὶ,

485 550 579 600 tris
609 556 663 600 et
714 544 833 598 Filii
859 554 1003 599 secta
1029 543 1240 609 fuisset,
1282 544 1382 597 nisi
1411 546 1559 612 prius
1592 545 1766 615 aliqua
1803 550 2056 606 diﬂeren-

2169 546 2283 601 ἀλλ’
2315 546 2514 612 ἔξωθεν
2544 543 2924 613 ἐπινοουμένη,
2965 543 3034 596 δι’
3076 537 3145 613 ἦς
3181 543 3242 595 τὸ
3268 542 3539 613 ἐκατέρου
3578 546 3740 613 πρόσ-⁴

487 642 554 691 tia
593 638 755 689 fuisse
795 636 909 689 visa
948 642 1113 699 esset,
1150 650 1254 688 non
1287 638 1576 689 δυσ-ιιιιιΙυιΙΙ
1616 641 1927 705 essentiam,
1961 647 2055 698 sed

2173 655 2322 692 ωπον
2353 637 2669 708 εἰσφέρεται
2702 635 2761 687 ἐν
2801 632 3076 705 ἰδιαζούσῃ
3104 633 3202 703 μὲν
3226 633 3533 686 ὑποστάσει
3563 633 3739 702 κείμε-

489 728 826 779 extrinsecus
852 723 1148 787 intellecta,
1185 740 1281 793 per
1306 742 1468 794 quant
1503 728 1788 797 utriusque
1829 747 2055 797 persona

2172 747 2284 795 νον,
2315 732 2395 793 εἰς
2424 730 2652 799 ἑνότητα
2675 726 2733 780 δὲ
2763 726 3019 796 θεότητος
3048 724 3136 777 διὰ
3163 725 3495 793 ταύτότητος
3511 726 3738 792 φυσικῆς

490 821 763 873 inducitur
784 814 1047 883 peculiari
1072 818 1290 885 quidem
1326 819 1599 890 hypostasi
1659 829 1937 888 constans,
1966 825 2060 879 sed

2175 823 2566 894 σφιγγόμενον,
2597 820 2687 874 ῐνα
2721 819 2795 889 μή
2821 834 2905 880 τις
2931 817 3194 887 ἀνάχυσις
3218 816 3315 868 καὶ
3349 816 3517 867 οἱονεὶ
3545 815 3738 885 φυρμδς

491 912 543 965 in
569 911 830 963 unitatem
874 908 1177 961 divinitatis
1216 924 1313 977 per
1366 911 1669 965 naturalem
1721 913 2059 968 identitatem

2175 916 2401 985 γένηται
2424 911 2636 981 [ἰατρὸς
2658 910 2751 962 καὶ
2777 907 2932 969 Υἰοῦ,
2956 906 3038 969 είς
3068 906 3236 975 μόνην
3264 904 3433 981 ἐνάτδα
3457 905 3742 975 τρεχοὺσης

491 1001 809 1063 constricta;
844 1013 911 1051 ne
935 997 1111 1067 aliqua
1142 1000 1387 1053 confusio
1438 1000 1531 1053 iiut
1586 1001 1764 1058 Patris
1821 1013 1878 1059 et
1918 1004 2062 1073 Filii,

2176 1007 2277 1077 τῆς
2308 1004 2695 1067 ὑποστάσεως,
2743 1000 2843 1071 τῆς
2877 998 3078 1067 πολλῆς
3127 997 3249 1050 λίαν
3299 996 3619 1067 ὁμοιότητος
3653 996 3741 1050 οὐκ

493 1103 847 1146 concurrente
879 1091 933 1144 in
962 1091 1131 1145 solam
1153 1093 1416 1143 unitatem
1442 1094 1743 1162 hypostasi,
1766 1110 1888 1149 cum
1913 1112 2072 1165 mag-~

2180 1096 2356 1167 ἐώσης
2401 1092 2690 1165 φαίνεσθαι
2734 1090 2933 1144 δυάδαο
2976 1088 3052 1153 ὡς
3100 1086 3361 1140 ἐντεῦθεν
3402 1087 3507 1156 ἤδη
3542 1087 3633 1139 καί⁵
3663 1087 3741 1139 τὸν

495 1200 561 1235 na
594 1183 881 1250 quzeinter
935 1198 1029 1237 eos
1075 1184 1367 1237 intercedit
1416 1186 1713 1241 similitudo
1752 1187 2065 1242 dualitatem

2180 1187 2339 1241 αὑτὸν
2373 1184 2595 1254 Πατέρα
2634 1182 2732 1236 καὶ
2764 1180 2893 1234 Υἰδν
2923 1176 3273 1232 ὑπονοεῖσθαι
3320 1178 3481 1245 παρά
3512 1192 3647 1229 τισιν
3672 1178 3744 1240 είς

497 1289 756 1339 apparere
786 1289 888 1325 non
919 1275 1104 1326 sinat:
1146 1276 1279 1327 adeo
1331 1284 1387 1328 ut
1443 1278 1567 1331 hinc
1621 1279 1865 1332 nonnulli
1920 1280 2067 1334 inter

2180 1281 2348 1335 δυάδα
2403 1276 2709 1348 μηδαμόθεν
2751 1270 3173 1346 χωριζομένους.
3217 1269 3444 1337 Ἐπειδὴ
3493 1269 3547 1320 δὲ
3593 1272 3742 1340 ἐχρῆν

500 1364 713 1417 Panem
740 1376 795 1418 et
824 1363 864 1416 F
871 1365 1018 1416 itimn
1054 1365 1252 1418 nullam
1277 1366 1435 1435 plane
1498 1368 1814 1423 dualitatent
1873 1372 2074 1425 consti-

2183 1369 2381 1422 εἰδέναι
2417 1366 2513 1418 καὶ
2544 1364 2644 1434 τὴν
2669 1363 3009 1433 γεννήσασαν
3034 1357 3199 1427 φύσιν
3232 1358 3331 1411 καὶ
3363 1357 3468 1428 τὴν
3490 1358 3744 1428 γεννηθεί-

503 1456 724 1507 iuerint.
739 1452 868 1508 Cum
900 1467 1029 1507 vero
1051 1465 1329 1522 oporteret
1353 1465 1409 1509 et
1426 1468 1776 1525 generantetn
1798 1467 2070 1523 naturam,

2188 1475 2286 1513 σαν
2311 1458 2371 1524 ἐξ
2400 1456 2588 1525 αὐτῆς,
2617 1452 2861 1506 τέθεικεν
2892 1453 2926 1520 ή
2955 1449 3075 1502 θεία
3103 1446 3300 1518 Γραφὴ
3336 1446 3403 1500 τὸ
3432 1447 3528 1500 τοῦ
3553 1447 3743 1518 [ἰατρὸς

502 1558 556 1599 et
585 1561 704 1600 eam
730 1561 851 1614 quae
878 1561 945 1599 ex
962 1560 1023 1599 ea
1061 1548 1239 1615 genita
1267 1556 1350 1600 est
1377 1563 1725 1617 cognoscere,
1746 1565 1898 1605 sacra
1930 1548 2079 1605 Scri-

2187 1550 2359 1618 δνομα
2396 1546 2492 1600 καὶ
2515 1545 2578 1597 τὸ
2607 1542 2702 1597 τοῦ
2744 1540 2896 1605 Υἰοῦ,
2942 1540 3028 1593 ῐνα
3058 1538 3172 1608 φῶς
3220 1538 3288 1591 ἐκ
3323 1539 3503 1608 φωτὸς
3539 1537 3740 1607 νοῆται,

509 1648 664 1708 ptura
727 1637 903 1691 Patris
939 1647 994 1692 et
1020 1636 1140 1690 Filii
1174 1639 1391 1691 nomina
1456 1640 1753 1706 constituit,
1787 1652 1845 1695 ut
1897 1640 2076 1695 lumen

2190 1643 2284 1696 καὶ
2320 1638 2580 1709 ἑκάτερον
2607 1636 2666 1688 ἐν
2701 1634 2807 1704 ἰδίᾳ
2841 1630 3142 1686 ὑποστάσει
3184 1628 3508 1699 σωζομένης
3537 1628 3620 1681 ἐπ’
3652 1628 3743 1699 ἀμ·-

508 1745 572 1784 ex
611 1730 812 1783 lumine
857 1728 1270 1797 intelligeretur,
1295 1730 1510 1796 utrique
1540 1732 1815 1799 propriam
1840 1732 2079 1788 suam'ac

2189 1736 2311 1804 φοίν
2348 1732 2450 1801 τῆς
2482 1726 2810 1797 ταυτότητος
2836 1723 2970 1795 πρὸς
3003 1723 3093 1776 τὸν
3119 1722 3334 1791 ἕτερον.
3373 1720 3743 1774 Ἀκολουθοῦσα

510 1821 835 1889 peculiarem
871 1819 1204 1890 hypostasim
1256 1820 1519 1887 tribuens,
1557 1831 1783 1876 servata
1814 1831 1992 1878 tamen
2026 1823 2078 1877 iu

2143 1792 2156 1844 ι
2282 1792 2443 1876 πάλιν
2470 1822 2537 1889 τῇ
2566 1819 2689 1873 καθ’
2703 1792 2895 1888 *ἡμᾶς*
2914 1813 3206 1884 συνηθείᾳ,
3250 1811 3317 1866 τὸ
3368 1811 3589 1883 μείζονα
3618 1812 3733 1865 ἀπο.

512 1922 741 1979 utroque
772 1910 1312 1964 naturmidentitate.
1353 1909 1562 1965 Nostrae
1614 1926 1741 1966 vero
1782 1921 2081 1969 consuetu-

2190 1914 2373 1968 δίδωσι
2402 1908 2480 1980 τῷ
2526 1907 2725 1979 Πατρὶ,
2762 1906 2848 1958 ἵνα
2879 1902 3214 1972 πανταχόθεν
3261 1903 3296 1972 ὴ
3333 1900 3467 1964 δυὰς
3492 1900 3582 1953 καί
3606 1900 3663 1952 τὸ
3691 1898 3744 1962 ἐξ

512 2002 622 2053 dini
647 2016 766 2056 sese
794 2004 1229 2066 accommodans,
1262 2001 1405 2054 Patri
1433 2002 1534 2056 hoc
1565 2002 1747 2056 tribuit
1798 2012 1859 2057 ut
1911 2003 2085 2072 major

2191 2000 2255 2059 οὐ
2284 2001 2619 2072 σημαίνηται
2640 2014 2653 2026 ·
2684 1996 3096 2066 προσμαρτυρεῖ
3117 1993 3176 2046 δὲ
3195 1992 3257 2045 τὸ
3289 1992 3426 2056 ῐσον,
3458 1991 3543 2043 ἵνα
3574 1990 3643 2059 μή
3669 2004 3742 2051 τις

512 2093 618 2146 sit:
647 2102 706 2145 ut
734 2092 988 2145 nitnirnm
1044 2093 1400 2160 nndeqttaque
1457 2093 1687 2145 tlualilas
1730 2108 2083 2161 personarum

2196 2096 2324 2166 περί
2351 2092 2449 2163 τὴν
2472 2089 2662 2144 οὐσίαν
2687 2086 3013 2157 ἀνομοιότης
3034 2086 3222 2153 νοῆται
3242 2080 3464 2152 Πατρός
3494 2080 3585 2135 καὶ
3609 2077 3743 2131 Υίοῦ.

512 2185 783 2253 gignentis
812 2194 861 2238 et
886 2186 1080 2252 genita:
1114 2185 1468 2254 signiﬁcetur;
1500 2186 1687 2238 tribuit
1711 2197 1893 2239 autent
1916 2202 2089 2254 usqua-

2200 2188 2341 2248 Ἱσος
2368 2181 2651 2251 τοιγαροῦν
2680 2179 2823 2234 κατὰ
2851 2177 2942 2229 τὸν
2972 2176 3069 2247 τῆς
3094 2174 3288 2237 οὐσίας
3322 2172 3481 2241 λόγον
3511 2169 3745 2239 ὑπάρχων

515 2278 744 2341 litatem,
772 2291 840 2330 ne
870 2277 1047 2345 aliqua
1080 2276 1254 2330 Patris
1287 2292 1316 2329 a
1356 2276 1491 2331 Filio
1518 2277 1765 2330 essentize
1816 2276 2091 2331 dissimili—

2196 2280 2225 2330 6
2259 2276 2383 2337 Υἱὸς
2415 2272 2492 2343 τῷ
2519 2272 2695 2341 Πατρί
2745 2270 2841 2323 καὶ
2887 2269 3069 2337 ὅμοιος
3110 2266 3256 2320 κατὰ
3300 2264 3502 2325 πάντα,
3551 2260 3748 2331 μείζονα

520 2367 1016 2437 tmlnintelligatur.
1051 2365 1298 2437 Equalis
1341 2367 1522 2435 itaque
1578 2368 1827 2423 essentia;
1883 2367 2093 2421 ratione

2201 2366 2362 2422 αὐτόν
2394 2380 2557 2435 φησιν
2606 2363 2680 2424 ὼς
2722 2360 2975 2431 ἄναρχον,
3016 2358 3156 2427 ἔχων
3197 2356 3379 2427 ἀρχὴν
3424 2354 3563 2409 κατὰ
3608 2350 3749 2422 μόνον

517 2457 788 2512 exsistens
814 2473 937 2511 eum
1000 2456 1162 2512 Patre
1213 2456 1401 2521 Filius,
1435 2458 1734 2526 similisque
1766 2472 1860 2526 per
1885 2457 2091 2521 omnia,

2199 2458 2258 2510 τὸ
2287 2457 2346 2522 ἐξ
2374 2452 2459 2518 οὐ,
2507 2456 2555 2507 εἰ
2585 2454 2677 2506 καὶ
2713 2452 3009 2520 σύνδρομον
3042 2448 3192 2519 αὐτῷ
3222 2448 3324 2518 τὴν
3358 2444 3588 2514 ὓπαρξιν
3633 2442 3731 2512 ἔχει

528 2542 786 2608 majorem
847 2546 1001 2600 illum
1059 2556 1238 2612 vocat,
1284 2554 1541 2616 tanquam
1582 2520 1849 2616 principio
1898 2520 2195 2606 carentem,
2251 2520 2366 2606 ipse
2405 2537 2732 2608 principium
2792 2537 2996 2590 habens
3032 2552 3096 2590 ca
3142 2541 3359 2587 tantum
3400 2531 3605 2586 ratione
3634 2520 3757 2598 quod

523 2652 589 2691 ex
622 2637 782 2693 Patre
808 2649 915 2705 est,
952 2642 1164 2696 tametsi
1187 2641 1524 2696 exsistentia:
1548 2643 1760 2697 ratione
1800 2655 1924 2695 cum
1955 2652 2021 2694 eo
2055 2638 2367 2693 conveniat.

1048 2730 1302 2803 Ejusdem
1356 2741 1405 2786 et
1437 2734 1572 2789 Ita’c.

2801 2725 2917 2781 Kal
2975 2725 3176 2780 τοῦτο.

591 2815 722 2882 Qua:
759 2817 1005 2885 ejusdem
1040 2818 1360 2874 substantia:
1407 2831 1535 2876 sunt
1577 2831 1633 2876 et
1663 2830 1893 2885 naturai,
1924 2818 2097 2888 magis

2277 2820 2361 2875 Τὰ
2404 2820 2501 2888 τῆς
2538 2818 2712 2887 αὐνῆς
2750 2818 2940 2881 οὐσίας
2977 2817 3107 2871 ὄντα
3158 2816 3255 2869 καὶ
3307 2815 3524 2884 φύσεως
3563 2812 3651 2866 καὶ
3673 2808 3758 2878 τὴν

522 2907 688 2961 etiam
720 2907 935 2977 proprie
968 2908 1111 2963 inter
1134 2924 1195 2964 se
1221 2908 1459 2964 conferri
1504 2921 1770 2981 possunt:
1809 2925 1932 2981 qua:
1968 2924 2098 2966 vero

2205 2912 2343 2983 πρὸς
2379 2911 2585 2981 ἄλληλα
2618 2910 2911 2981 σύγκρισιν
2943 2907 3297 2979 κυριωτέραν
3334 2904 3637 2974 ἐπιδέχεται
3656 2919 3671 2935 ·
3700 2902 3757 2953 τὰ

523 3002 597 3058 ita
635 3016 755 3058 sese
786 3019 889 3057 non
928 3006 1147 3070 habent,
1168 3004 1262 3059 sed
1289 3004 1513 3060 civersa:
1539 3016 1744 3059 natura“:
1762 3015 1909 3068 sunt,
1937 3014 2101 3073 atque

2203 3005 2261 3059 δὲ
2297 3005 2371 3075 μὴ
2399 3003 2574 3068 οὕτως
2599 3002 2815 3075 ἔχοντα.
2833 3002 3104 3073 ὲτεροφυῆ
3133 3000 3192 3054 δὲ
3214 3000 3375 3065 ὄντα,
3400 3000 3499 3052 καὶ
3518 2997 3600 3051 διὰ
3624 2996 3758 3048 τοῦτο

521 3107 585 3147 ea
614 3093 680 3147 de
702 3110 866 3148 causa
893 3095 1211 3151 diversitate
1249 3098 1482 3166 quadam
1520 3097 1660 3151 inter
1708 3112 1766 3151 se
1816 3096 2096 3159 distincta,

2169 3097 2519 3171 ;tspv6peva
2567 3097 2704 3164 πρὸς
2760 3093 3190 3164 ἀλλοτριότητα,
3247 3092 3356 3146 οὐκ
3416 3092 3485 3146 ἂν
3536 3088 3759 3156 ἀλλήλοις

521 3186 830 3254 comparari
874 3186 979 3239 sibi
1014 3187 1249 3242 invicem
1290 3204 1394 3244 non
1442 3198 1688 3258 possunt.
1727 3186 1911 3257 Neque
1953 3187 2099 3242 enim

2209 3191 2558 3259 συγκρίνοιτο
2580 3206 2594 3221 ο
2635 3184 2961 3241 ἀπαιδευσία
3006 3184 3116 3257 γὰρ
3156 3182 3318 3238 τοῦτό
3350 3198 3435 3252 γε.
3464 3181 3538 3236 οὐ
3581 3178 3679 3248 γὰρ
3704 3176 3757 3229 ἄν

522 3276 811 3344 quisquam
837 3278 943 3331 nisi
968 3279 1157 3345 judicii
1193 3280 1374 3350 inops,
1399 3281 1633 3335 hominis
1654 3290 1898 3334 naturam
1925 3278 2103 3348 inqui-

2207 3298 2291 3345 τις
2319 3280 2466 3335 είποι
2490 3280 2614 3333 νοῦν
2636 3279 2801 3350 ἔχων,
2830 3276 3057 3348 μείζονα
3078 3273 3173 3330 τοῦ
3208 3275 3500 3347 ἀνθρώπου
3522 3272 3606 3326 τδν
3628 3267 3755 3341 βοῦν,

525 3383 652 3423 rens
680 3369 848 3429 dicat,
882 3370 1071 3423 bovem
1109 3371 1336 3425 homine
1366 3372 1624 3443 majorem
1653 3387 1794 3438 esse,
1822 3382 1916 3427 aut
1942 3371 2104 3425 vicis-

2206 3373 2306 3435 τὴν
2340 3371 2630 3443 ἀνθρώπου
2659 3371 2821 3441 φύσιν
2858 3369 3115 3440 ἐρευνῶν*
3140 3367 3252 3421 οὐδ’
3275 3366 3346 3421 αῦ
3373 3367 3533 3421 πάλιν
3561 3363 3650 3433 τὴν
3674 3357 3753 3413 τοῦ

524 3459 627 3514 siin
658 3456 811 3513 bovis
836 3469 1085 3514 naturam
1113 3477 1278 3517 nosse
1311 3464 1520 3531 volens,
1551 3464 1697 3517 dicat
1723 3464 2000 3523 hominem
2037 3477 2103 3518 eo

2210 3464 2332 3534 βο“ις
2362 3462 2627 3533 ἐκμαθεῖν
2667 3460 2931 3532 βούλοιτο,
2971 3459 3198 3532 μείζονα
3222 3459 3421 3513 τούτου
3444 3456 3532 3510 τδν
3571 3453 3755 3521 ἄνθρω-

525 3550 788 3619 majorem
823 3568 963 3607 esse.
996 3552 1128 3620 Quae
1156 3555 1302 3609 enim
1331 3555 1575 3625 ejusdem
1616 3567 1824 3610 natura:
1873 3572 1936 3611 ac
1981 3569 2105 3624 spe-

2210 3576 2310 3613 πον
2343 3558 2512 3626 λέγοι.
2536 3556 2619 3611 Τὰ
2647 3555 2754 3627 γὰρ
2790 3557 3007 3625 ὁμοφυῆ
3038 3571 3098 3607 τε
3135 3552 3231 3606 καὶ
3263 3549 3511 3622 ὁμοειδῆ,
3532 3546 3752 3609 καθάπερ

526 3642 628 3697 cici
661 3651 806 3703 sunt,
831 3651 888 3696 ut
919 3644 1122 3699 dictum
1156 3654 1261 3706 est.
1286 3661 1350 3701 ea
1391 3646 1674 3702 commode
1701 3656 1935 3716 apteque
1961 3646 2106 3701 inter

2212 3650 2448 3720 εἴρηται,
2479 3645 2578 3717 τὴν
2609 3647 2746 3718 πρὸς
2790 3645 2996 3716 ἄλληλα
3050 3644 3347 3713 σύγκρισιν
3395 3636 3669 3694 ἀκόλουθόν
3706 3646 3753 3685 τι

528 3748 588 3787 se
623 3732 1002 3789 conferuntur.
1039 3734 1095 3790 Si
1136 3737 1317 3805 itaque
1349 3736 1622 3801 confetur,
1651 3737 1952 3792 secundum
1986 3752 2102 3806 vos,

2206 3740 2309 3792 καὶ
2355 3738 2674 3809 πρέπουσαν
2711 3736 2846 3807 ἔχει.
2892 3737 2955 3791 El
2996 3736 3179 3789 τοίνυν
3231 3732 3604 3804 συγκρίνεται,
3651 3720 3756 3778 καθ’

529 3824 698 3880 Filius
725 3839 848 3879 cum
893 3824 1075 3893 Patre,
1104 3830 1315 3882 ratione
1345 3828 1566 3898 majoris
1595 3838 1648 3884 et
1692 3829 1938 3895 minoris,
1975 3844 2108 3885 con-

2213 3832 2380 3901 ὑμὶς,
2412 3833 2440 3884 6
2473 3830 2602 3893 Υιὸς
2629 3829 2709 3900 τῷ
2745 3829 2930 3901 Πατρὶ
2957 3829 3103 3883 κατὰ
3123 3827 3182 3881 τὸ
3212 3827 3402 3896 μεῖζον
3436 3825 3523 3880 καὶ
3546 3822 3753 3876 ἔλαττον.

530 3916 905 3972 substantialis
930 3925 1082 3974 certe
1112 3934 1287 3989 neque
1316 3919 1566 3975 diversus
1594 3919 1663 3975 ab
1698 3934 1763 3975 eo
1802 3919 1931 3975 erit.
1959 3918 2106 3974 Con-

2212 3920 2503 3993 όμοούσιος
2524 3920 2632 3990 ἄρα
2653 3921 2747 3973 καὶ
2764 3920 2868 3974 οὐκ
2889 3918 3171 3989 ἀλλότριος
3190 3918 3359 3972 αὐτοῦ
3380 3919 3540 3971 ἐστιν.
3562 3903 3754 3977 Ὁμοοῶ

530 4008 864 4064 subtantiale
904 4023 1089 4065 autem
1126 4026 1237 4066 non
1270 4020 1450 4079 potest
1485 4009 1942 4067 eonsuhstantiali
1993 4026 2114 4065 ma-

2212 4032 2329 4069 σιον
2352 4015 2409 4068 δὲ
2437 4014 2731 4085 ὁμοουσίου
2760 4013 2862 4067 οὐκ
2892 4013 2959 4066 ἂν
2988 4013 3199 4078 γένοιτο
3224 4013 3415 4081 μεῖξον
3440 4008 3528 4062 καὶ
3558 4005 3750 4058 ἔλαττον

528 4099 621 4168 jus
652 4109 745 4154 aut
776 4101 959 4156 minus
989 4117 1111 4157 esse
1143 4103 1355 4157 ratione
1377 4104 1698 4159 substantiae
1726 4120 1740 4158 :
1767 4118 1944 4172 neque
1967 4102 2112 4157 enim

2212 4104 2354 4157 κατὰ
2393 4103 2483 4156 τὸν
2506 4104 2607 4174 τῆς
2634 4102 2825 4164 οὐσίας
2854 4102 3015 4169 λόγον
3033 4115 3049 4131 ⁶
3078 4100 3142 4154 οὐ
3185 4101 3297 4168 γὰρ
3348 4099 3546 4169 μείζων
3570 4092 3754 4160 ἄνθρω-

536 4193 696 4245 liomo
722 4194 942 4248 homine
965 4194 1142 4263 major
1167 4206 1272 4259 est,
1299 4205 1573 4263 quatenus
1597 4196 1758 4248 homo
1778 4203 1882 4248 est.
1905 4192 2117 4262 Equa-

2214 4210 2313 4257 πος
2340 4194 2655 4264 ἀνθρώπου,
2689 4193 2827 4248 καθδ
2864 4192 3173 4265 ἄνθρωπος.
3201 4192 3347 4256 Ἰσος
3377 4194 3484 4261 ἄρα
3511 4188 3583 4256 τῷ
3607 4179 3754 4249 ῐῐιτρὶ

534 4283 602 4337 lis
634 4283 799 4353 igitur
843 4293 929 4337 est
966 4293 1023 4338 et
1066 4286 1544 4340 consubstantialis
1580 4284 1730 4340 Patri
1778 4285 1985 4351 Filius;
2024 4299 2117 4339 ra-

2213 4287 2306 4339 καὶ
2343 4287 2372 4339 6
2400 4286 2527 4348 Υἰὸς
2556 4286 2647 4338 καὶ
2679 4283 2969 4357 όμοούσιος
2989 4296 3005 4312 ⁸
3035 4283 3402 4353 οἰκονομικῶς
3440 4282 3495 4336 δὲ
3535 4274 3752 4348 εἰρῆσθαι

538 4375 686 4427 tione
718 4388 848 4426 vero
880 4373 1278 4428 incarnationis
1305 4374 1580 4428 credimus
1607 4372 1823 4428 Patrem
1856 4373 2117 4444 majorem

2214 4375 2547 4446 πιστεύομεν
2600 4376 2696 4430 ἐπὶ
2750 4374 2847 4429 τοῦ
2896 4375 3113 4447 Πατρός
3152 4374 3215 4429 τὸ
3267 4376 3472 4445 μεῖζον.
3507 4372 3623 4425 Ὀτε
3662 4364 3751 4432 γὰρ

538 4478 569 4517 a
594 4461 731 4517 Filio
753 4474 1028 4519 vocatum.
1051 4463 1280 4529 Quando
1295 4466 1441 4520 enim
1466 4466 1860 4520 humanitatem
1879 4479 2120 4534 assump-

2162 4494 2192 4547 υ
2215 4466 2655 4539 ἐνανθρωπήσῷς
2705 4464 2985 4536 φαίνεται,
3016 4467 3138 4521 τότε
3174 4468 3269 4522 καὶ
3322 4465 3474 4520 τοῦτό
3522 4475 3667 4531 φησιν
3691 4453 3752 4517 ὡς

539 4558 633 4623 sit,
658 4555 768 4610 tinn
795 4556 941 4610 ctian
976 4566 1033 4610 ut
1060 4556 1222 4611 homo
1252 4558 1354 4612 hoc
1376 4560 1535 4613 dixit.

935 4575 941 4609 I
976 4566 1033 4610 ut
1060 4556 1222 4611 homo
1252 4558 1354 4612 hoc
1376 4560 1535 4613 dixit.
2216 4557 2525 4629 ἄνθρωπος.

825 4667 904 4721 Ea;
933 4668 1102 4737 primo
1137 4666 1392 4722 Thesauri
1421 4669 1555 4724 libro
1605 4686 1724 4741 cap.
1765 4671 1835 4727 9..
2222 4672 2335 4730 Τοῦ
2375 4692 2415 4727 a

2222 4672 2335 4730 Τοῦ
2375 4671 2563 4727 αὑτοῦ
2590 4672 2672 4745 ex
2719 4674 2829 4729 τοῦ
2869 4673 2919 4729 θ’
2942 4677 3291 4745 ,κεφαλαίου
3327 4676 3436 4732 τοῦ
3474 4674 3524 4729 α’
3542 4673 3748 4741 βιϐλίου

2507 4743 2612 4798 τοῦ
2643 4744 2962 4812 Θησαυρωῖ
2995 4743 3131 4815 περὶ
3166 4748 3507 4818 ὀμοουσιου.

614 4824 765 4890 Quod
794 4839 857 4878 ex
881 4838 1051 4895 causa
1071 4820 1252 4893 aliqua
1271 4831 1376 4889 εει,
1406 4821 1491 4877 vel
1513 4823 1757 4892 genitum
1779 4833 1883 4893 est,
1914 4824 2117 4897 inquit,

2292 4834 2368 4887 T6
2414 4834 2475 4900 ἐξ
2519 4834 2696 4891 αἰτίου
2745 4837 2893 4900 τινὸς
2927 4836 3009 4905 δν,
3059 4837 3093 4909 ἢ
3139 4838 3548 4910 γεγεννημένον,
3594 4829 3746 4902 φησὶν.

544 4916 917 4972 necessarium
963 4922 1047 4969 est
1079 4924 1139 4970 ut
1172 4914 1244 4972 sit
1299 4914 1604 4973 secundum
1639 4916 1706 4971 ab
1736 4916 1830 4973 illo
1879 4920 2024 4988 quod
2069 4921 2118 4974 ei

2222 4929 2437 5000 ἀνάγκη
2460 4929 2715 5001 δεύτερον
2740 4926 2879 4985 εἶναι
2901 4932 3119 4998 τούτου,
3141 4932 3172 4986 δ
3194 4933 3258 5002 δὴ
3282 4932 3377 4986 καὶ
3401 4930 3605 5002 γέγονεν
3628 4918 3746 4985 αὐτῷ

545 5023 714 5064 causa
742 5006 1087 5063 exsistentiu:
1118 5005 1242 5061 fuit.
1274 5006 1565 5064 Secundus
1596 5008 1777 5079 itaque
1810 5010 1917 5065 erit
1948 5009 2122 5068 Filius

2224 5020 2319 5074 τοῦ
2354 5016 2494 5075 εἶναι
2523 5022 2721 5077 αἴτιον.
2755 5022 2968 5097 Οὐκοῦν
2993 5022 3251 5095 δεύτερος
3280 5023 3429 5077 ἔσται
3457 5020 3543 5073 τοῦ
3573 5010 3744 5080 Πατρδς

547 5117 577 5154 a
607 5099 786 5166 Patre,
815 5097 1020 5167 quippe
1042 5097 1135 5168 qui
1160 5096 1378 5153 Patrem
1406 5107 1466 5154 ut
1489 5115 1714 5156 causam
1738 5100 1903 5156 habet
1923 5120 1938 5156 :
1959 5111 2125 5172 atque

2223 5113 2252 5165 6
2290 5111 2416 5175 Υίδς
2444 5113 2618 5167 αἴτιον
2648 5114 2811 5168 αὐτὸν
2839 5108 2979 5185 ἔχων
3002 5131 3018 5148 ο
3050 5118 3148 5170 καὶ
3172 5116 3260 5170 διὰ
3288 5114 3443 5170 τοῦτο
3475 5111 3563 5179 οὐχ
3583 5100 3741 5174 ὁμοοῦ·

548 5192 759 5247 idcirco
805 5204 874 5244 ne
905 5188 1399 5246 consubstantialis
1429 5192 1650 5260 quidem
1689 5192 1738 5246 ei
1779 5193 1904 5248 erit.
1941 5194 2051 5249 Aut
2075 5193 2121 5250 si

2202 5220 2364 5281 σιος.
2398 5204 2469 5256 Ἦ
2506 5204 2978 5278 ἀφιλονεικότερον
3027 5206 3350 5281 ἐνστήσεταί
3396 5221 3476 5269 τις
3510 5196 3746 5271 ὁμοοὺσιον

547 5283 671 5355 quis
706 5280 1105 5339 cententiosius
1153 5291 1362 5353 urgeat,
1417 5282 1941 5338 consubstantialem
1996 5300 2121 5340 eum

2202 5280 2391 5348 ¹αὐτὸν
2429 5293 2569 5349 εἶναι
2620 5297 2818 5365 λέγων,
2850 5298 2884 5368 ἡ
2921 5299 3022 5367 μία
3068 5280 3283 5370 θεότης,
3311 5297 3433 5368 ἄρα,
3466 5293 3620 5361 τομήν
3649 5299 3745 5341 τινα

549 5388 672 5430 esse
701 5374 912 5437 dicens,
946 5388 1052 5427 una
1083 5382 1230 5428 certe
1256 5372 1435 5428 deitas
1487 5376 1786 5428 sectionem
1820 5376 2122 5433 admittens

2230 5387 2553 5459 χωρήσασα.
2583 5388 2810 5457 γέγονεν
2846 5390 2926 5451 εἰς
2970 5389 3139 5444 δυάδα
3164 5407 3179 5422 ο
3211 5390 3273 5444 οὐ
3307 5388 3412 5460 γὰρ
3441 5387 3620 5452 ἑτέρως
3641 5380 3743 5446 ὁμο·

550 5466 605 5520 in
638 5466 957 5520 dualitatem
993 5463 1165 5519 divisa
1218 5464 1322 5520 erit
1353 5482 1366 5519 :
1406 5480 1582 5535 neque
1610 5466 1756 5520 enim
1787 5466 1948 5522 aliter
1987 5482 2125 5523 con-

1283 5464 1322 5519 it
1353 5482 1366 5519 :
1406 5480 1582 5535 neque
1610 5466 1756 5520 enim
1787 5466 1948 5522 aliter
1987 5482 2125 5523 con-
2233 5480 2410 5541 βύσιος
2450 5476 2590 5534 εἶναι
2626 5479 2871 5534 δύναται.

552 5556 927 5611 substantialis
956 5570 1078 5611 esse
1108 5565 1305 5627 potest.

628 5648 1003 5703 liebaccliatur
1053 5666 1271 5705 rursum
1319 5649 1525 5708 Christi
1573 5652 1769 5721 hostis,
1805 5661 2122 5724 temereque

2306 5655 2419 5709 Οὐκ
2453 5654 2771 5709 αἰσθάνεται
2804 5657 2964 5713 πάλιν
2997 5659 3212 5729 μεθύων
3239 5662 3267 5716 6
3295 5654 3641 5731 χριστομᾶχος,
3670 5648 3742 5695 καί

554 5736 817 5796 adversus
848 5740 1087 5795 divinam
1137 5745 1429 5800 essentiam
1462 5744 1713 5802 blaterat.
1743 5745 1930 5804 Secari
1972 5747 2118 5804 cnim

2240 5746 2420 5821 μάτην
2450 5748 2852 5821 καταφλυαρῶν
2902 5751 2999 5822 τῆς
3033 5752 3184 5820 θείας
3219 5754 3411 5815 οὐσίας.
3452 5749 3517 5804 Τὸ
3546 5744 3632 5816 μὲν
3656 5739 3739 5805 Ti?
