4026 6290
270 334 384 399 673

264 562 533 617 δύνασθαι
579 564 784 634 λαϐεῖν,
838 569 1106 639 σωμάτων
1156 570 1308 628 ἴδιον.
1372 573 1435 626 Ἦ
1486 574 1542 627 δὲ
1594 573 1713 629 θεία
1758 577 1852 631 τοῦ

265 655 484 727 Πατρὸς
513 656 692 724 οὐσία,
725 658 1016 731 ἀσώματος
1043 656 1200 727 οὖσα,
1233 666 1406 735 τομῆς
1431 682 1490 718 τε
1522 665 1616 720 καὶ
1646 666 1854 739 διαιρέ-

263 763 409 812 σεως
453 748 805 814 ἀνεπίδεκτός
836 753 1015 807 ἐστιν·
1045 753 1169 808 οὔτε
1217 754 1275 808 δὲ
1311 757 1368 809 ἐν
1398 755 1549 828 τόπῳ
1592 759 1853 828 μένουσα,

259 837 391 895 οὔτε
423 841 530 895 ύτιό
571 859 717 906 τινος
759 839 895 900 οὖσα
940 846 1184 919 χωρητὴ,
1225 847 1343 903 ἀλλ’
1388 849 1448 903 ἐν
1481 850 1707 923 ἀρρήτῳ
1747 852 1856 906 τινὶ

262 932 363 985 καὶ
395 934 661 1005 sepem,»
681 937 1014 992 καταστάσει
1036 939 1288 1011 κειμένη,
1310 939 1401 993 τὸν
1424 940 1553 995 Υίὸν
1573 942 1631 1008 ἐξ
1656 942 1856 1013 ἑαυτῆς

261 1023 614 1089 ἀδιαστάτως
643 1025 946 1097 ἐξέλαμψεν
965 1043 978 1058 ·
1012 1029 1113 1083 ούκ
1139 1029 1206 1085 ἂν
1237 1031 1439 1103 ἑτέρως
1461 1030 1606 1102 ἔχειν
1634 1031 1695 1086 τὸ
1717 1029 1857 1089 εἶναι

261 1114 450 1169 τελεία
481 1116 776 1189 δυναμένη,
810 1119 860 1173 εί
893 1118 969 1192 μὴ
1002 1120 1261 1192 ἐγέννησε
1308 1122 1398 1177 τὸν
1430 1122 1583 1186 Υίὸν,
1616 1124 1712 1179 καὶ
1757 1127 1855 1180 ἀν-

261 1201 483 1274 εδείχθη
512 1207 846 1276 καρπογόνος
862 1226 876 1239 ο
903 1210 997 1263 καὶ
1014 1209 1173 1266 πάλιν
1194 1213 1295 1267 οὐκ
1312 1214 1376 1267 ἂν
1398 1214 1599 1284 ἑτέρως
1619 1215 1855 1289 ἐσομένη

261 1294 621 1367 δημιουργὸς,
662 1300 712 1352 εί
743 1299 818 1371 μὴ
845 1300 1065 1358 τέτοκεν
1093 1303 1153 1369 ἐξ
1185 1305 1385 1377 ἑαυτῆς
1425 1306 1734 1378 ἀμερίστως
1764 1310 1857 1361 τὸν

265 1386 417 1451 Υἱὸν,
453 1387 522 1441 δι’
554 1383 613 1443 οὖ
643 1389 713 1445 τὰ
741 1392 921 1446 πάντα
969 1394 1283 1465 ἐργάζεται.
1320 1399 1507 1452 Ἔστιν
1535 1395 1629 1453 οὖν
1659 1402 1687 1453 ὁ
1730 1401 1857 1463 Υἱὸς

262 1476 551 1549 γεννηθεὶς
577 1481 642 1533 ἐκ
687 1480 920 1552 Πατρὸς,
950 1484 1013 1536 ού
1055 1485 1198 1539 κατά
1226 1505 1347 1542 τινα
1384 1490 1578 1562 τομὴν,
1614 1492 1648 1562 ἢ
1685 1492 1858 1565 ἀπόρ-

266 1570 445 1638 ροιαν,
494 1569 745 1642 καθάπερ
793 1572 952 1644 ὑμεῖς
997 1577 1368 1645 φαντάζεσθεο
1418 1578 1534 1633 ἀλλ’
1568 1579 1756 1652 ὥσπερ
1790 1583 1856 1636 ἐκ

263 1659 442 1731 πυρὸς
488 1660 781 1733 θερμότης,
836 1666 1151 1738 ἀμερίστως
1200 1671 1266 1723 ἐκ
1314 1670 1414 1741 τῆς
1455 1668 1549 1725 τοῦ
1601 1674 1852 1738 τεκόντος

263 1750 551 1821 προελθὼν
584 1754 794 1820 οὐσίας.

889 1838 1000 1896 Καὶ
1030 1836 1227 1892 τοῦτο.

340 1935 409 1990 Et
436 1930 722 2004 όμοούσιός
752 1932 892 1995 ἐστι,
924 1929 1111 2001 φησὶν,
1142 1929 1171 1981 6
1208 1926 1332 1990 Υἱὸς
1363 1925 1441 1997 τῷ
1474 1926 1666 1994 Ιιατρὶ,
1686 1926 1739 1979 τί
1771 1926 1848 1997 μὴ

264 2028 365 2081 καὶ
400 2026 562 2089 αὑτός
596 2026 745 2078 ἐστιν
792 2024 995 2091 ἀγαθὸς
1022 2022 1192 2085 οἳτως
1224 2019 1299 2083 ὡς
1345 2018 1375 2072 6
1420 2020 1611 2090 Πατήρ
1631 2034 1648 2086 ;
1684 2019 1851 2089 Λέγει

262 2120 382 2190 γάρ
416 2137 521 2173 που
551 2118 686 2189 πρός
710 2134 830 2171 τινα
861 2119 888 2170 6
918 2113 1154 2186 Χριστός
1182 2128 1197 2143 ·
1240 2130 1259 2164 ι
1299 2109 1367 2166 Τί
1398 2129 1465 2183 με
1509 2110 1688 2179 λέγεις
1723 2112 1857 2177 ἁγα-

264 2213 402 2277 θόνς
441 2210 626 2273 Οὐδεὶς
658 2208 859 2277 ἀγαθὸς
892 2211 939 2262 εί
973 2207 1049 2280 μὴ
1081 2201 1159 2269 εἷς
1194 2209 1223 2260 6
1256 2205 1407 2269 Θεός.
1450 2223 1469 2257 ι
1514 2204 1650 2257 Ἕνα
1676 2204 1734 2257 δέ
1780 2204 1858 2255 εί-

267 2305 423 2368 πὼν.
460 2303 654 2359 ἐαυτὸν
693 2302 797 2367 ἐξω
827 2300 1096 2364 τέθεικεν,
1131 2298 1207 2363 ὡς
1232 2298 1439 2367 ἀγαθὸν
1469 2296 1568 2367 μὶν
1593 2297 1726 2350 ὅντα
1762 2296 1860 2350 καὶ

265 2396 464 2461 αὐτὸν,
499 2397 597 2465 οὐχ
626 2394 769 2447 οὕτω
802 2393 859 2446 δὲ
888 2391 1079 2462 ὥσπερ
1112 2391 1180 2445 ἂν
1218 2392 1307 2462 εῐη
1338 2390 1431 2444 καὶ
1461 2391 1488 2442 6
1518 2391 1731 2460 Πατήρ.

349 2488 560 2559 Κύριον
583 2486 967 2556 ἀποκαλούσης
998 2490 1087 2539 τὸν
1118 2484 1251 2538 Υίὸν
1279 2487 1380 2555 τῆς
1411 2484 1561 2547 θείας
1610 2484 1851 2556 Γραφῆς,

267 2582 471 2642 δώσεις
507 2578 616 2649 άρα
648 2578 741 2632 καὶ
767 2577 932 2632 αὑτὸν
957 2571 1097 2629 εἶναι
1147 2576 1373 2645 Κύριον,
1400 2574 1495 2628 καὶ
1520 2573 1678 2627 τοῦτο
1717 2577 1861 2628 κατὰ

270 2670 618 2744 ἀλήθειαν,ἢ
653 2670 787 2741 πρὸς
807 2672 919 2734 τοῖς
943 2668 1121 2731 ἀλλοις
1155 2668 1369 2738 ἀρνήσῃ
1399 2671 1493 2721 καὶ
1516 2667 1656 2721 τόδε.
1675 2667 1736 2720 Et
1762 2667 1862 2735 μὲν

268 2767 389 2835 γὰρ
413 2765 513 2817 ούκ
554 2760 695 2815 εἶναι
742 2762 944 2831 Κύριον
993 2762 1160 2831 ἐρεῖς,
1193 2760 1453 2814 τάναντία
1488 2762 1706 2830 φρονεῖς
1745 2761 1864 2822 ταῖς

268 2858 453 2918 θείαις
503 2856 742 2925 Γραφαῖς
777 2854 869 2907 καὶ
893 2852 969 2919 τῷ
1007 2853 1180 2906 ταῦτα
1218 2852 1518 2923 λαλήσαντι
1552 2850 1859 2917 Πνεύματι.

270 2938 713 3007 Συντεθειμένος
747 2938 804 2991 δὲ
839 2939 932 2991 καὶ
985 2939 1213 3007 φάσκων
1267 2939 1429 2991 αὐτὸν
1468 2935 1608 2990 εἶναι
1647 2939 1871 3006 Κύριον,

1272 346 1646 423 PANOI‘LIA
1689 350 2146 418 DOGMATICA.
2187 377 2255 390 -—
2288 356 2437 421 'l‘l'i‘.
2468 361 2569 424 Xl.

264 468 569 540 τέμνεσθαι
599 470 693 526 καὶ
711 472 990 529 διάστασίν
1013 493 1132 530 τινα
1156 479 1356 549 μεταξὺ
1373 480 1471 551 τὴν
1497 482 1634 553 πρὸς
1653 483 1855 555 ἄλληλα
1884 498 1928 549 Α
1959 512 2012 557 ει

3425 382 3536 445 674

2056 504 2376 561 divisionem
2428 506 2664 575 aliquam
2717 507 2961 576 recipere
3019 523 3207 578 posse,
3252 525 3545 579 corporum

1960 597 2237 665 proprium
2265 608 2368 653 est.
2398 598 2586 653 Divina
2618 609 2798 656 autem
2836 600 3011 656 Patris
3041 604 3301 667 essentia,
3325 618 3446 656 cum
3476 603 3547 658 sit

1957 687 2309 757 incorporea,
2336 692 2599 747 sectionis
2637 701 2731 747 aut
2762 693 3046 750 divisionis
3084 709 3255 763 capax
3292 711 3396 749 non
3432 705 3546 761 est;

1959 794 2132 849 neque
2173 782 2224 835 in
2268 781 2385 838 loco
2424 784 2669 851 exsistit,
2700 800 2874 854 neque
2914 800 2944 840 ι
2985 800 3257 855 quoquam
3297 787 3547 843 contine-

1958 879 2076 937 tur;
2110 874 2203 928 sed
2235 873 2289 929 in
2323 890 2526 931 arcano
2555 887 2718 945 alque
2747 877 3001 932 ineffabili
3038 888 3184 933 statu
3215 880 3544 942 consistens,

1960 961 2157 1017 FiEium
2188 978 2257 1018 er.
2283 979 2344 1019 se
2375 965 2684 1022 immediate
2710 967 2966 1035 protulit;
2999 983 3175 1037 neque
3199 968 3303 1022 alia
3335 968 3547 1022 ratione

1961 1055 2196 1122 perfecta
2221 1068 2342 1109 esse
2371 1066 2571 1123 potest,
2592 1056 2691 1113 nisi
2723 1056 2916 1111 Filium
2947 1059 3213 1126 genuerit,
3236 1068 3291 1111 et
3318 1059 3545 1113 fecunda

1958 1152 2180 1198 ostensa
2206 1144 2274 1197 sit
2294 1184 2309 1206 ,
2341 1159 2513 1213 neque
2547 1160 2758 1199 rursum
2790 1146 3024 1200 creatrix
3056 1161 3181 1201 esse
3214 1156 3413 1214 potest,
3441 1147 3546 1202 nisi

1958 1235 2205 1303 genuerit
2248 1251 2311 1287 ex
2355 1250 2431 1293 se,
2458 1236 2723 1291 indivulse
2763 1236 2801 1290 F
2809 1237 2992 1303 ilium,
3034 1252 3130 1305 per
3165 1254 3325 1306 quem
3363 1241 3548 1295 omnia

1956 1332 2227 1394 operatur.
2393 1325 2486 1379 Est
2516 1327 2676 1395 igitur
2703 1327 2916 1397 genitus
2947 1342 3015 1380 ex
3040 1325 3200 1381 Patre
3225 1326 3413 1392 Filius,
3438 1345 3545 1383 non

1958 1414 2198 1471 sectione
2230 1427 2324 1469 aut
2359 1415 2573 1471 deﬂuxu
2607 1419 2815 1486 aliqua,
2844 1419 2984 1472 sicut
3018 1434 3112 1473 vos
3145 1420 3541 1488 ituagiuamiui;

1958 1504 2050 1558 sed
2085 1504 2540 1573 quemadmodum
2580 1507 2828 1560 caliilitas
2871 1525 2934 1561 cx
2979 1506 3136 1577 igne,
3168 1508 3434 1562 iudivulse
3476 1522 3542 1562 ex

1959 1597 2191 1650 t‘Sscntia
2225 1596 2499 1666 gignentis
2529 1600 2788 1667 procedit.

2490 1833 2739 1902 Ejusdem
2778 1850 2823 1889 et
2871 1838 2998 1891 lucc.

2032 1926 2113 1993 Si,
2153 1926 2350 1995 inquit,
2381 1923 2557 1980 Fiﬁus
2588 1938 2671 1980 cst
2701 1930 3183 1983 enusuhstantialis
3218 1929 3387 1993 Patri,
3433 1946 3533 1985 cur

1958 2018 2254 2073 nonetiam
2284 2020 2393 2087 ipse
2416 2032 2493 2072 εει
2523 2020 2702 2075 bonus
2724 2022 2793 2071 ita
2824 2032 2875 2073 ut
2903 2021 3094 2074 l'ater?
3119 2022 3369 2076 Christus
3386 2024 3533 2075 enim

1962 2109 2166 2163 alicubi
2217 2109 2282 2162 ad
2329 2114 2616 2178 quemdam
2669 2112 2739 2163 ita
2773 2112 2850 2163 ait
2880 2127 2894 2165 :
2929 2130 2945 2160 ι
2994 2111 3105 2165 Cur
3137 2129 3221 2166 tne
3260 2114 3398 2167 dicis
3442 2115 3541 2167 b0-

1963 2202 2136 2257 num?
2176 2200 2346 2256 Nemo
2390 2203 2566 2257 bonus
2602 2203 2704 2255 uisi
2741 2219 2883 2257 unus
2927 2204 3092 2258 Deus.
3137 2223 3154 2255 ι
3197 2204 3373 2259 Unum
3410 2220 3539 2258 vero

1966 2310 2090 2349 cum
2123 2295 2282 2357 dixit,
2309 2295 2547 2364 seipsutu
2577 2296 2817 2365 excepit,
2840 2296 3041 2366 quippe
3058 2298 3149 2366 qui
3176 2297 3351 2351 bonus
3373 2298 3539 2350 etiam

1968 2387 2084 2459 ipse
2111 2387 2201 2455 sit,
2240 2402 2347 2442 non
2389 2397 2567 2442 tamen
2605 2390 2674 2440 ita
2707 2391 2877 2441 bonus
2909 2401 2967 2441 ut
3000 2388 3184 2442 Pater.

2039 2479 2174 2534 Cum
2211 2495 2363 2533 sacra
2399 2480 2681 2551 Scriptura
2712 2479 2907 2534 Filium
2942 2480 3227 2534 Βοιιιὶιιιιιιι
3256 2488 3429 2548 vocnt,
3461 2481 3544 2535 fa-

1974 2574 2176 2625 [eburis
2235 2573 2478 2641 profecto
2531 2572 2697 2628 etiam
2748 2574 2928 2642 ipsum
2964 2574 3252 2627 Dominum
3310 2591 3456 2639 esse,
3487 2582 3543 2629 ct

1970 2666 2189 2735 quidem
2217 2680 2366 2729 vere,
2398 2674 2493 2718 aut
2524 2679 2629 2718 una
2658 2680 2782 2718 cum
2816 2663 2937 2717 aliis
2961 2665 3127 2718 etiam
3157 2665 3259 2718 hoc
3293 2666 3536 2734 negabis.

1973 2756 2044 2813 At
2093 2759 2138 2812 si
2177 2757 2400 2827 negabis
2451 2757 2738 2810 Dominum
2805 2771 2947 2823 esse,
3004 2756 3339 2809 contrariqu
3393 2762 3549 2825 plane

1972 2852 2147 2906 scutis
2195 2866 2223 2903 a
2279 2848 2579 2915 Scripturis
2609 2858 2661 2903 et
2711 2865 2739 2903 a
2787 2849 2994 2915 Spiritu
3029 2849 3131 2902 hoc
3173 2848 3457 2917 loquente.
3484 2849 3546 2904 Si

1960 2934 2298 2985 concesseris
2330 2932 2643 2999 dixerisqne
2689 2934 2971 2988 Dominum
3008 2952 3149 3001 esse,
3182 2937 3343 3005 impie
3385 2954 3548 3007 agere

265 3028 503 3092 ἀσεϐῶς
530 3028 836 3100 ἐλεγχθήσῃ
858 3029 952 3082 καὶ
975 3028 1180 3100 Κύριον
1209 3028 1386 3097 λέγων
1426 3028 1520 3081 καὶ
1554 3026 1864 3097 προσκυνῶι

1968 3018 2405 3091 deprehenderis,
2432 3025 2627 3093 quippe
2656 3027 2747 3094 qui
2776 3026 3059 3081 Dominum
3084 3043 3244 3082 voces
3270 3040 3323 3081 et
3349 3031 3543 3084 adores

264 3121 332 3174 δν
360 3122 427 3174 ού
481 3120 588 3192 φὴς
635 3120 923 3189 όμοούσιον
953 3115 1091 3173 εἶναι
1138 3118 1216 3188 τῷ
1254 3119 1373 3191 Θεῷ
1418 3120 1513 3173 καὶ
1547 3118 1745 3190 Πατρὶ,
1780 3116 1864 3171 καΊ

1968 3129 2083 3170 eum
2117 3129 2277 3184 quem
2309 3116 2828 3171 consubstantialem
2865 3134 2984 3173 esse
3019 3118 3125 3173 Deo
3157 3136 3219 3173 ac
3258 3118 3405 3172 Patri
3450 3137 3543 3172 tte—

266 3212 551 3281 κτίσματι
591 3212 789 3283 μᾶλλον
837 3211 871 3283 ἢ
924 3210 1044 3282 Θεῷ
1075 3210 1220 3265 κατά
1261 3211 1425 3282 φύσιν
1465 3210 1769 3279 λατρεύεις.
1798 3207 1873 3263 Τὸ

265 3304 391 3375 γὰρ
415 3304 613 3375 ἐτέρας
639 3303 886 3374 ὑπάρχον
912 3302 1097 3366 οὐσίας
1138 3303 1292 3375 παρὰ
1315 3302 1407 3357 τὸν
1440 3302 1568 3356 ὄντα
1594 3301 1748 3364 Θεὸν,
1771 3301 1873 3355 ούκ

265 3396 342 3449 ἂν
368 3397 460 3464 εἴη
481 3397 640 3465 φύσει
668 3395 822 3458 Θεός.
845 3395 957 3449 Καὶ
983 3394 1174 3449 τούτου
1200 3394 1410 3466 μάρτυς
1433 3396 1467 3465 ἡ
1494 3393 1612 3448 θεία
1636 3394 1872 3463 λέγουσα

264 3486 510 3557 Γραφή·
556 3503 574 3537 ι
613 3484 818 3555 Κύριος
856 3487 885 3538 6
912 3484 1042 3548 Θεὸς
1091 3484 1270 3556 ήμῶν,
1318 3483 1525 3555 Κύριος
1550 3479 1632 3547 εἷς
1660 3484 1808 3535 ἐστι·
1844 3499 1865 3535 ›

269 3579 384 3648 μία
416 3576 525 3646 γὰρ
577 3575 832 3645 θεότητος
885 3576 1066 3645 φύσις.
1124 3578 1234 3631 Καὶ
1265 3576 1345 3630 ὅτι
1389 3574 1561 3646 ταύτῃ
1604 3575 1740 3645 μόνῃ
1790 3573 1873 3627 δεῖ

268 3670 634 3738 προσκυνεῖν,
684 3667 892 3740 ἀκούσῃ
926 3668 1120 3722 πάλιν·
1182 3686 1202 3719 ι
1237 3668 1444 3737 Κύριον
1481 3665 1571 3719 τὸν
1619 3665 1754 3718 Θεόν
1779 3681 1871 3719 σου

266 3761 708 3831 προσκυνήσεις,
748 3759 843 3812 καί
874 3759 1026 3830 αύτῷ
1067 3759 1215 3828 μόνῳ
1241 3757 1584 3829 λατρεύσεις.
1610 3777 1628 3809 ι
1663 3757 1726 3810 Εί
1759 3756 1869 3809 τοίο

266 3869 374 3904 νυν
401 3849 489 3903 διὰ
513 3850 573 3902 τὸ
607 3850 767 3921 μόνον
793 3848 998 3919 ἀγαθὸν
1028 3849 1282 3913 λέγεσθαι
1306 3848 1397 3901 τὸν
1421 3847 1552 3901 Θεὸν
1576 3848 1670 3900 καὶ
1699 3845 1868 3899 Πατέ-

269 3964 369 4017 ρα,
406 3946 722 3998 ἐκπεσεῖται
764 3943 858 3999 τοῦ
892 3940 1033 3999 εἶναι
1068 3945 1274 4014 ἀγαθὸς
1298 3947 1327 3998 ὁ
1369 3945 1498 4008 Υἱὸς
1535 3943 1709 4008 οὕτως
1735 3943 1812 4007 ὡς
1842 3944 1870 3994 6

269 4036 497 4107 Ηατὴρ,
527 4037 623 4089 καὶ
664 4035 750 4089 διὰ
792 4038 854 4089 τὸ
886 4036 982 4091 ἕνα
1026 4035 1284 4104 λέγεσθαι
1316 4036 1551 4107 ’Κύριον
1589 4035 1688 4089 καὶ
1739 4033 1869 4088 Θεὸν

268 4125 367 4176 τὸν
394 4124 647 4194 Πατέρα,
687 4126 995 4178 ἐκπεσεῖται
1028 4122 1123 4176 τοῦ
1163 4119 1304 4177 εἶναι
1331 4123 1534 4194 Κύριος
1588 4123 1683 4177 καὶ
1737 4122 1870 4186 Θεὸς

270 4216 302 4267 6
345 4215 503 4278 Υἱὸς,
557 4214 702 4268 κατά
749 4214 850 4284 τὴν
899 4213 993 4267 τοῦ
1038 4214 1308 4284 νοήματος
1366 4212 1722 4267 ἀκολουθίαν⁸
1753 4212 1870 4277 πῶς

266 4304 368 4361 οὖν
403 4308 727 4377 προσκυνεῖς
756 4305 833 4376 τῷ
865 4307 1000 4377 μήτε
1025 4306 1218 4376 Κυρίῳ
1244 4307 1381 4376 μήτε
1402 4304 1560 4376 Θεῷ;
1590 4305 1653 4359 Εί
1676 4305 1735 4359 δὲ
1757 4306 1860 4363 Κυ-

271 4401 400 4472 ρίου
433 4401 534 4453 καὶ
566 4397 703 4453 Θεοῦ
742 4398 839 4451 τοῦ
868 4397 1100 4467 εῐιατρὸς
1133 4398 1285 4460 ὄντος
1304 4436 1320 4461 ,
1374 4396 1739 4465 συνεπάγεται
1770 4397 1868 4451 καὶ

1961 3220 2079 3277 gas,
2110 3215 2165 3261 et
2208 3218 2518 3262 creaturam
2550 3211 2732 3278 potius
2765 3226 2926 3279 quam
2963 3227 3148 3264 verum
3182 3212 3346 3265 Deum
3382 3213 3540 3268 colis.

1962 3296 2116 3365 Quod
2164 3299 2308 3353 enim
2343 3297 2567 3353 alterius
2610 3310 2822 3353 naturae
2852 3311 2937 3354 est
2965 3299 3033 3352 ab
3071 3314 3136 3352 eo
3176 3298 3265 3367 qui
3298 3313 3426 3351 ru-re
3460 3309 3546 3354 cst

1961 3387 2129 3455 Deus,
2171 3389 2225 3445 id
2261 3398 2452 3444 natura
2484 3389 2627 3445 Deus
2657 3405 2777 3446 esse
2815 3396 2940 3445 non
2966 3400 3164 3461 potest.
3195 3390 3348 3457 Quod
3379 3392 3543 3445 etiam

1963 3478 2080 3550 ipsa
2126 3494 2280 3534 sacra
2335 3477 2614 3550 Scriptura
2661 3489 2915 3543 testatur,
2967 3480 3203 3534 dicens:
3238 3498 3255 3531 ι
3289 3479 3546 3534 Dominus

1965 3561 2107 3626 Deus
2142 3581 2351 3637 noster,
2388 3571 2647 3627 Dominus
2678 3589 2817 3627 unus
2851 3582 2931 3626 est
2969 3576 2987 3607 ¹
3026 3591 3041 3628 :
3082 3591 3101 3624 ι
3142 3589 3244 3626 una
3274 3572 3419 3627 enim
3462 3581 3548 3627 est

1965 3665 2188 3719 deitatis
2242 3673 2455 3717 natura.
2516 3664 2668 3730 Quod
2727 3680 2855 3719 vero
2902 3664 3044 3719 hanc
3101 3665 3271 3717 solam
3317 3667 3551 3717 adorare

1965 3768 2234 3826 oporteat,
2282 3757 2467 3811 audies
2500 3773 2711 3810 rursum
2746 3774 2761 3809 :
2800 3776 2819 3808 ι
2856 3756 3143 3810 hominum
3192 3758 3357 3810 Demn
3393 3768 3547 3811 tuum

1964 3848 2247 3913 adorabis,
2278 3858 2330 3901 et
2357 3848 2406 3902 ei
2441 3847 2540 3901 soli
2572 3848 2778 3901 servies
2825 3843 2867 3899 ³.
2901 3866 2917 3897 ι
2962 3845 3017 3899 Si
3057 3848 3218 3911 igitur
3252 3848 3377 3915 quia
3406 3846 3548 3901 Deus

1969 3953 2035 3993 ac
2060 3936 2222 3991 Pater
2256 3938 2403 3991 solus
2431 3937 2629 3992 dicitur
2656 3940 2846 3999 bonus,
2885 3937 3052 3991 Filius
3079 3937 3254 3990 bonus
3285 3952 3406 3989 esse
3440 3952 3545 3991 non

1968 4039 2147 4099 potest
2176 4029 2317 4084 sicut
2345 4028 2526 4092 Pater,
2559 4029 2853 4096 eademque
2882 4029 3089 4082 ratione
3122 4044 3242 4081 cum
3276 4045 3413 4080 ututs
3444 4027 3548 4080 Pa-

1972 4114 2056 4181 ter
2082 4124 2284 4179 dicitur
2310 4122 2565 4177 Dominus
2595 4132 2649 4175 et
2682 4123 2842 4183 Deus,
2883 4120 3126 4190 sequitur
3151 4124 3313 4174 etiam
3362 4136 3550 4174 neces-

1974 4218 2121 4272 sario
2148 4232 2213 4271 ex
2257 4215 2445 4270 eodem
2480 4223 2799 4286 argumento
2826 4214 3020 4268 Filium
3059 4228 3233 4281 neque
3265 4211 3549 4266 Dominum

1975 4323 2152 4377 neque
2178 4309 2345 4363 Deum
2374 4322 2495 4363 esse
2522 4326 2534 4361 :
2566 4323 2673 4377 quo
2702 4315 2860 4377 pacto
2892 4308 3055 4377 igitur
3085 4307 3281 4360 adoras
3311 4321 3434 4358 eum
3458 4302 3552 4372 qui

1975 4418 2073 4456 nec
2100 4401 2381 4468 Dominus,
2416 4416 2517 4457 nec
2550 4400 2696 4474 Deus
2722 4402 2837 4455 est?
2868 4399 2924 4454 Si
2964 4414 3112 4466 vero,
3140 4413 3263 4453 cum
3295 4397 3454 4452 Pater
3482 4397 3555 4451 sit

267 4495 297 4544 6
324 4490 466 4553 Υἱὸς
499 4488 598 4560 τὴν
625 4488 836 4542 ἐκεῖθεν
879 4488 1119 4559 ἰδιότητα
1168 4488 1308 4558 ἔχων
1331 4487 1406 4552 ὡς
1432 4487 1493 4553 ἐξ
1525 4487 1693 4543 αὐτοῦ
1725 4488 1864 4547 κατὰ

1974 4492 2235 4550 Dominus
2283 4505 2338 4548 et
2397 4491 2562 4557 Deus,
2616 4492 2775 4549 simul
2825 4493 2990 4547 etiam
3034 4491 3312 4545 inducitur
3361 4488 3553 4554 Filius,

269 4581 442 4648 φύσιν
472 4581 734 4651 ὑπάρχων
760 4619 776 4643 ,
809 4581 906 4634 καὶ
934 4579 1052 4632 ἐστι
1094 4579 1235 4649 μετὰ
1279 4578 1494 4650 [ἰατρὸς
1539 4577 1746 4651 Κύριος
1773 4579 1869 4632 καὶ

269 4672 432 4734 Θεὸς,
468 4671 581 4737 ἔξει
620 4672 843 4735 πάντως
880 4669 1063 4725 καὶτὸ
1092 4666 1234 4724 εἶναι
1261 4670 1466 4740 ἀγαθὸς
1500 4669 1576 4735 ὡς
1596 4672 1626 4724 ὁ
1655 4670 1869 4741 Πατὴρ,

268 4764 378 4833 τῆς
410 4763 681 4833 πατρικῆς
707 4764 968 4832 ἰδιότητος
992 4763 1096 4816 κάν
1125 4762 1302 4835 τούτῳ
1330 4764 1496 4818 πάλιν
1515 4762 1871 4835 ὑπαρχούσης

270 4855 331 4907 ἐν
368 4854 541 4924 αὐτῷ,
573 4853 827 4925 καθάπερ
858 4855 953 4908 καὶ
978 4856 1037 4907 ἐν
1066 4854 1284 4924 ἐκείνῳ.

905 5038 1015 5095 Kal
1048 5038 1248 5095 τοῦτο.

358 5132 536 5185 Πολλὰ
563 5132 691 5203 περί
720 5152 780 5186 τε
801 5132 892 5188 τοῦ
916 5132 1128 5204 Πατρὸς
1156 5132 1250 5186 καὶ
1275 5130 1366 5184 τοῦ
1387 5129 1519 5184 Υἱοΰ
1544 5131 1796 5201 λέγουσιν
1816 5132 1871 5188 ai

285 5225 442 5280 θεῖαι
463 5224 707 5295 Γραφαὶ,
730 5226 824 5279 καὶ
854 5226 913 5279 ού
944 5225 1006 5278 τὸ
1036 5224 1145 5277 τῶν
1163 5223 1448 5291 ὀνομάτων
1475 5224 1734 5294 διάφορον
1761 5224 1878 5280 δια-

284 5316 503 5371 στέλλει
541 5318 760 5381 πάντως
790 5319 972 5380 αὐτοῖς
1000 5316 1094 5370 καὶ
1125 5318 1225 5386 τῆς
1252 5315 1443 5379 οὐσίας
1474 5316 1567 5370 τὸν
1595 5317 1779 5382 λόγον.
1799 5315 1875 5378 ὡς

285 5408 655 5479 ἀνομοιότητά
685 5426 807 5463 τινα
828 5410 917 5463 διὰ
946 5406 1151 5462 τούτων
1183 5407 1433 5478 χωρῆσαι
1462 5407 1694 5477 μεταξύ.
1719 5407 1877 5460 Ἔστι

1975 4589 2222 4644 eamdem
2256 4589 2459 4644 habens
2496 4588 2906 4658 proprietatem,
2942 4594 3128 4653 utpote
3147 4600 3211 4638 ex
3245 4584 3360 4652 ipso
3393 4591 3555 4635 natu-

1978 4677 2167 4733 raliter
2206 4680 2524 4748 procedens,
2579 4688 2634 4732 ει
2689 4686 2775 4733 est
2807 4693 2931 4733 cum
2983 4676 3144 4729 Patre
3184 4673 3444 4727 Dominus
3492 4685 3558 4725 ac

1981 4770 2145 4835 Deus,
2188 4771 2500 4829 necessario
2535 4771 2701 4826 etiam
2733 4768 2912 4824 bonus
2950 4769 3074 4833 erit,
3107 4778 3166 4820 ttt
3214 4765 3398 4827 Pater,
3434 4778 3557 4815 cum

1979 4873 2201 4932 paterna
2230 4861 2534 4934 proprietas
2562 4862 2723 4916 etiam
2760 4861 2861 4915 hac
2893 4860 2946 4913 in
2971 4871 3125 4927 parte
3171 4857 3225 4911 in
3259 4856 3377 4925 ipso
3412 4853 3560 4910 exsi-

1977 4962 2113 5019 stat,
2148 4954 2373 5020 perinde
2407 4964 2570 5018 atque
2604 4952 2658 5005 in
2692 4951 2803 5005 illo.

2510 5033 2763 5103 Ejusdem
2801 5040 2848 5087 et
2882 5032 3016 5087 haec.

2052 5128 2220 5184 Multa
2260 5129 2328 5183 de
2371 5125 2532 5181 Patre
2577 5134 2629 5180 et
2660 5123 2799 5178 Filio
2831 5139 2987 5179 sacra
3036 5122 3319 5194 Scriptura
3358 5119 3555 5192 praedi-

1982 5230 2091 5287 cat,
2136 5236 2319 5290 neque
2364 5232 2545 5275 tamen
2602 5216 2912 5273 ditl'crentia
2967 5217 3252 5271 nominum
3309 5214 3562 5271 essentia:

1986 5314 2256 5369 rationem
2289 5314 2344 5369 in
2378 5314 2695 5367 universum
2723 5311 3032 5382 distinguit,
3084 5312 3157 5365 ita
3198 5316 3257 5361 ut
3291 5307 3418 5361 inde
3448 5307 3565 5359 dis-

1988 5406 2296 5462 similitudo
2313 5406 2562 5476 qutedam
2588 5419 2684 5461 eos
2702 5412 2941 5475 separet.
2966 5403 3086 5459 Una
3116 5401 3261 5456 enim
3286 5408 3369 5452 cst
3392 5396 3567 5450 deitas

285 5502 404 5569 γάρ
439 5503 536 5570 μία
568 5502 761 5573 θεότης
791 5502 1005 5572 Πιτρὸς
1042 5501 1140 5556 καὶ
1182 5500 1335 5567 Υἱοῦ,
1367 5501 1469 5554 κᾶν
1512 5503 1783 5570 ἑκάτερος
1816 5504 1864 5569 τῇ

1984 5498 2166 5554 Patris
2197 5510 2249 5553 et
2276 5496 2422 5565 Filii,
2456 5497 2678 5554 etiamsi
2726 5507 2958 5567 uterque
3005 5509 3102 5565 per
3149 5490 3300 5545 Varia
3338 5488 3564 5544 nomina

286 5592 400 5645 τῶν
428 5593 709 5663 ὀνομάτων
736 5594 981 5664 ποικιλίᾳ
1002 5594 1275 5663 διαφόρως
1303 5594 1662 5664 σημαίνητλι,
1681 5593 1777 5663 οὐχ
1804 5594 1880 5655 ὼς

292 5683 429 5737 ἴδιον
457 5684 596 5755 ἔχων
623 5704 676 5737 τι
706 5687 800 5738 καὶ
837 5686 958 5739 καθ’
984 5686 1197 5750 ἑαυτὸν,
1230 5686 1257 5738 ὃ
1290 5687 1365 5755 μὴ
1398 5686 1474 5757 τῷ
1502 5686 1675 5757 ἑτέρῳ
1709 5688 1881 5757 πρόσ-

292 5793 464 5839 εστιν,
495 5779 607 5833 ἀλλ’
637 5780 713 5843 ὠς
742 5780 827 5832 ἐπ’
856 5782 1058 5850 ἀμφοῖν
1096 5783 1293 5849 χωρεῖν
1318 5781 1625 5850 δυναμένου
1677 5782 1877 5844 tuti);

379 5870 396 5900 ‘
430 5870 584 5928 Deut.
622 5886 700 5937 t't,
725 5873 780 5926 4.
858 5874 876 5903 ‘
917 5872 1073 5927 Deut.
1110 5889 1164 5940 κ,
1198 5871 1297 5939 ‘20;
1344 5868 1532 5927 Matth.
1576 5888 1649 5934 tv,
1688 5875 1769 5927 10.

1988 5590 2306 5643 ditl‘creuter
2351 5588 2692 5658 signiﬁcetur
2738 5606 2753 5643 :
2806 5602 2915 5642 non
2957 5582 3101 5655 quod
3146 5583 3409 5637 alteruter
3445 5593 3570 5649 pro-

1989 5683 2166 5750 prium
2242 5680 2448 5750 aliquid
2502 5682 2559 5735 in
2619 5696 2678 5735 se
2752 5678 2965 5744 habeat,
3025 5674 3173 5745 quod
3251 5672 3403 5727 alteri
3458 5684 3569 5725 non

1991 5778 2143 5844 insit,
2177 5778 2268 5832 scd
2304 5776 2451 5848 quod
2487 5776 2554 5830 de
2586 5786 2815 5844 utroque
2839 5772 2946 5829 dici
2983 5772 3158 5845 possit
3189 5764 3455 5841 quidquid
3487 5762 3565 5819 de
