4078 6292
498 331 607 393 619

1152 441 1242 496 Et
1275 441 1402 497 Iure.

567 546 669 611 Qui
721 545 834 598 luteo
885 542 956 596 ita
1011 540 1261 610 imperite
1304 537 1515 606 objicit,
1561 536 1799 592 vicissim
1845 552 1877 591 a
1926 536 2081 592 nobis
2109 540 2148 595 Δ

495 639 680 693 audiet
709 654 723 690 :
754 636 872 702 Quo
915 643 1073 704 pacto
1113 646 1221 686 non
1271 630 1441 700 possit
1468 632 1672 684 servari
1707 631 1960 685 identitas
1992 645 2079 685 es-

495 732 684 784 sentia:
716 730 768 782 in
798 728 961 781 Patre
987 735 1042 779 et
1072 724 1229 785 Filio,
1263 726 1305 776 si
1337 721 1504 776 Filius
1543 734 1627 778 est
1655 723 1833 790 imago
1881 721 2077 786 Patris,

494 831 550 876 et
589 821 642 874 in
680 819 861 888 seipso
894 815 1134 870 ostendit
1171 813 1423 867 Patrem?
1451 812 1792 867 Manifestum
1821 814 1966 868 enim
1996 820 2080 868 est

496 925 549 970 et
580 916 648 966 ab
681 911 935 965 omnibus
968 909 1293 972 admissum,
1351 908 1619 961 neminem
1662 906 1717 960 in
1745 906 1848 960 alia
1884 918 2078 960 natura

495 1008 656 1060 aliam
695 1017 962 1065 cernere;
1011 1015 1187 1069 neque
1230 1000 1516 1069 quisquam
1556 999 1737 1053 dicere
1774 999 1944 1067 possit
1981 1010 2075 1061 se,

497 1113 619 1153 cum
653 1111 850 1165 equum
885 1094 1099 1159 viderit,
1126 1094 1402 1147 hominum
1433 1091 1668 1160 aliquem
1699 1092 1916 1146 vidisse.
1943 1087 2075 1143 Nam

496 1192 550 1245 in
592 1190 658 1243 iis
687 1206 807 1259 qua:
846 1189 1086 1259 ejusdem
1120 1196 1324 1239 natura:
1371 1193 1496 1237 sunt
1523 1183 1718 1237 similia
1755 1185 1917 1238 etiam
1956 1198 2077 1237 cer-

497 1293 730 1348 nuntur,
758 1295 862 1333 non
897 1282 947 1332 in
979 1280 1045 1333 iis
1088 1293 1210 1348 quae
1256 1277 1397 1330 inter
1439 1290 1496 1329 se
1525 1275 1828 1341 dissident,
1866 1274 2075 1329 ratione

497 1374 641 1427 tnodi
684 1388 791 1441 quo
824 1373 1116 1424 exsistunt.
1148 1369 1205 1423 Si
1254 1384 1382 1437 ergo
1410 1367 1656 1435 Philippo
1701 1367 1935 1435 cupienti
1974 1365 2076 1418 Pa-

497 1477 633 1521 trem
687 1467 871 1520 videre
930 1462 1185 1518 Christus
1238 1461 1477 1529 scipsum
1532 1459 1787 1521 ostendit,
1847 1459 2071 1511 dicens:

501 1579 520 1610 ι
556 1560 655 1625 Qui
708 1558 841 1611 vidit
882 1573 987 1621 me,
1020 1555 1157 1610 vidit
1202 1563 1258 1608 et
1303 1551 1557 1606 Patrem‘
1600 1569 1615 1617 ;
1655 1570 1673 1601 ι
1725 1565 1944 1605 necesse
1992 1560 2074 1604 est

493 1648 717 1704 omnino
761 1657 820 1701 ut
866 1646 1107 1715 ejusdem
1150 1643 1402 1698 essentia?
1432 1642 1677 1696 dicamus
1718 1653 1837 1695 esse
1877 1640 1916 1695 F
1923 1640 2071 1693 iliqu

1431 323 1803 384 PANOPLIA
1853 320 2314 384 DOGMATICA.
2346 348 2412 360 -
2437 321 2585 386 Tl'l‘.
2627 322 2729 386 Xl.

3650 314 3750 380 680

2785 442 2892 496 Kal
2933 439 3132 496 τοῦτο.

2264 541 2320 593 '0
2353 538 2526 593 ταῦτα
2558 538 2862 610 προτείνων
2904 537 3135 608 ἀμαθῶς
3155 576 3170 600 ,
3203 537 3597 591 ἀντακούσεται
3632 541 3759 609 παρ’

2179 632 2337 702 ἡμῶν
2357 647 2371 661 °
2412 631 2521 684 Καὶ
2556 629 2673 694 πῶς
2697 629 2765 684 ἂν
2796 628 3012 681 δύναιτο
3037 629 3303 698 ταυτότης
3322 629 3509 691 οὐσίας
3546 628 3622 699 μὴ
3651 629 3756 683 σώ-

2178 727 2369 792 ζεσθαι
2412 729 2504 781 ἐπί
2557 744 2617 780 τε
2657 727 2869 798 Πατρὸς
2906 728 3000 781 καὶ
3034 727 3197 793 Υίοῦ,
3234 728 3288 782 εί
3312 745 3377 797 γε
3414 730 3509 782 τοῦ
3548 732 3761 801 Πατρὶς

2179 819 2342 872 εἰκών
2370 820 2517 873 ἐστιν
2545 820 2575 873 ό
2599 819 2746 884 Υἱὸς,
2770 820 2864 873 καὶ
2893 821 2952 873 ὲν
2982 819 3161 891 ἑαυτῷ
3180 819 3420 875 δείκνυσι
3458 822 3549 874 τὸν
3584 824 3761 876 Πατέ-

2182 927 2281 981 ρα;
2317 909 2553 980 Εὔδηλον
2579 911 2688 981 γὰρ
2720 909 2782 981 δή
2821 910 3017 963 πουθέν
3055 912 3172 963 ἐστι
3226 912 3321 963 καὶ
3356 911 3523 964 πᾶσιν
3571 912 3761 983 όμολου

2177 1005 2464 1075 γούμενον,
2493 1002 2569 1064 ὡς
2596 1003 2771 1064 οὐδεὶς
2798 1004 2853 1055 ὲν
2891 1002 3057 1072 ἑτέρᾳ
3094 1001 3251 1070 φύσει
3280 987 3389 1073 ’τὴν
3417 1003 3607 1073 ἑτέραν
3634 1003 3761 1072 ὕψει

2178 1113 2303 1149 ται·
2330 1095 2440 1148 οὐδ’
2468 1093 2533 1149 ἄν
2568 1111 2652 1157 τις
2702 1095 2814 1163 ἔχοι
2844 1091 3024 1162 λέγειν
3075 1092 3240 1145 ἵππον
3269 1092 3550 1165 ἑωρακὼς,
3588 1095 3668 1148 ὅτι
3692 1095 3755 1166 δή

2175 1202 2297 1239 τινα
2320 1185 2429 1238 τῶν
2456 1183 2759 1257 ἀνθρώπων
2778 1183 3051 1238 τεθέαται.
3083 1182 3172 1237 Ἐν
3194 1183 3304 1254 γὰρ
3332 1187 3445 1247 τοῖς
3463 1185 3757 1254 όμοφυέσιν

2176 1281 2210 1351 ἡ
2236 1279 2344 1333 τῶν
2372 1259 2578 1349 ὁμοίων
2598 1276 2896 1342 ἀπόδειξις,
2919 1277 3019 1329 οὐκ
3044 1276 3101 1329 ὲν
3126 1277 3239 1339 τοῖς
3277 1276 3517 1347 ἀλλήλων
3538 1278 3755 1349 διεστη-

2174 1371 2315 1435 κόσι,
2348 1370 2488 1425 κατὰ
2515 1370 2605 1425 τὸν
2624 1369 2719 1423 τοῦ
2743 1369 2861 1432 πῶς
2878 1364 3015 1422 εἶναι
3030 1369 3203 1438 λόγον.
3233 1370 3294 1422 Et
3313 1371 3489 1424 τοίνυν
3507 1369 3752 1441 ζητοῦντι

2175 1462 2252 1533 τῷ
2280 1462 2532 1531 Φιλίππῳ
2584 1459 2676 1515 τὸν
2731 1459 2953 1530 Πατέρα
3007 1459 3157 1524 ἰδεῖν,
3182 1459 3375 1513 ἑαυτὸν
3429 1460 3752 1515 ἐπιδεικνύει

2174 1553 2429 1625 Χριστὸς,
2452 1552 2626 1620 λέγων
2644 1567 2657 1580 ·
2696 1568 2714 1602 ι
2760 1551 2819 1603 ’0
2853 1548 3113 1620 ἑωρακὼς
3134 1549 3250 1619 ἐμὲ,
3290 1549 3502 1621 ἑώρακε
3528 1551 3619 1603 τὸν
3642 1554 3751 1606 Πα-

2177 1645 2329 1714 τέρα,
2363 1664 2381 1695 ι
2413 1646 2627 1713 ἀνάγκη
2660 1644 2809 1696 πᾶσα
2841 1643 2940 1713 τῆς
2965 1642 3134 1713 αὐτῆς
3178 1642 3363 1706 οὐσίας
3396 1638 3533 1696 εῖναι
3574 1643 3751 1712 λέγειν

494 1756 620 1795 cum
657 1738 839 1805 Patre,
874 1748 933 1791 ut
974 1737 1347 1792 omnimodam
1387 1734 1674 1805 imaginem
1702 1742 1758 1789 et
1791 1734 2072 1788 characte—

2194 1737 2271 1789 τὸν
2298 1736 2425 1789 Υίὸν
2450 1737 2526 1807 τῷ
2550 1736 2745 1806 Πατρὶ,
2775 1735 2851 1798 ὡς
2884 1736 3299 1805 ἀπαράλλακτον
3323 1735 3504 1789 είκόνα
3533 1737 3627 1790 καὶ
3654 1753 3750 1806 χα-

496 1846 610 1886 rem
635 1845 748 1888 suae
778 1830 1154 1900 liypostaseos.

1155 1920 1221 1976 Et
1259 1922 1392 1978 haec.

565 2020 646 2086 Si,
681 2016 1133 2089 quemadmodum
1161 2030 1258 2071 vos
1283 2030 1553 2082 errantes,
1605 2023 1659 2071 et
1711 2016 1765 2069 in
1829 2029 2072 2069 errorem

494 2110 630 2165 alios
652 2110 981 2165 adducentes
1004 2107 1323 2178 apinamini,
1355 2122 1463 2161 non
1505 2123 1573 2161 ex
1601 2106 1841 2162 essentia
1901 2104 2075 2160 Patris

495 2204 664 2260 Filius
714 2202 934 2272 prodiit,
989 2202 1084 2257 sed
1155 2201 1515 2266 extrinsecus,
1583 2210 1668 2255 est
1725 2209 1905 2256 autem
1962 2201 2077 2270 ipse

498 2295 762 2368 sapientia
797 2304 851 2353 et
878 2294 1124 2365 potentia
1154 2293 1358 2359 Patris,
1388 2292 1555 2348 Pater
1607 2301 1801 2347 natura
1834 2308 1934 2347 nec
1990 2308 2076 2348 sa-

499 2393 674 2461 piens,
704 2407 804 2449 nec
830 2402 1021 2462 potens
1048 2401 1151 2459 est,
1172 2391 1219 2448 si
1242 2391 1559 2462 quidem,ut
1589 2406 1817 2446 erronee
1845 2394 2076 2462 putatis,

504 2483 703 2538 Filium
732 2485 1079 2540 extrinsecus
1108 2484 1387 2553 produxit,
1437 2485 1531 2553 qui
1569 2492 1653 2538 est
1694 2485 2081 2556 ejus‘sapien-

502 2575 576 2630 tia
615 2586 669 2630 et
699 2577 964 2646 potentia.
1004 2577 1075 2630 At
1106 2575 1267 2631 Pater
1312 2586 1507 2631 natura
1533 2576 1770 2646 sapiens,
1805 2586 1859 2631 et
1888 2588 2082 2648 potens

500 2674 606 2731 est,
633 2664 830 2719 Filium
858 2666 1021 2736 igitur
1041 2683 1108 2721 ex
1142 2666 1313 2721 Patris
1337 2668 1594 2733 essentia,
1613 2678 1668 2723 et
1702 2669 1905 2723 idcirco
1932 2669 2079 2738 ejus-

501 2756 624 2812 dem
653 2756 816 2812 etiam
844 2757 1096 2813 essentia:
1121 2772 1246 2813 cum
1274 2757 1366 2813 illo
1397 2772 1541 2825 esse,
1568 2772 1790 2815 necesse
1829 2772 1912 2815 est
1941 2776 2075 2816 eon-

505 2846 668 2903 (lteri.

505 2936 576 2993 Et
625 2947 860 3009 quatuor
896 2940 1170 3010 sequentia
1216 2940 1396 3007 capita
1447 2939 1655 2995 Filium
1706 2957 1817 2995 esse
1871 2942 2078 2997 demon-

759 3018 934 3063 strant
967 3009 1203 3079 ejusdem
1233 3009 1475 3065 essentia:
1499 3027 1618 3065 cum
1650 3010 1829 3066 Patre.

580 3095 641 3151 ln
670 3097 807 3169 lege,
839 3099 1039 3170 inquit,
1061 3108 1241 3155 vestra
1265 3100 1533 3171 scriptum
1561 3110 1647 3157 est
1672 3120 1685 3156 :
1720 3101 1957 3156 Duorum
1994 3102 2087 3156 lio-

2181 1831 2433 1901 ρακτῆρα
2453 1830 2553 1899 τῆς
2578 1828 2928 1889 ὑποστάσεως
2953 1826 3141 1881 αὑτοῦ.

2786 1924 2894 1977 It‘ai
2955 1924 3156 1978 τοῦτο.

2253 2013 2338 2078 Ei,
2364 2014 2615 2084 καθάπερ
2641 2015 2799 2080 ὑμεῖς
2823 2016 3003 2069 οίεσϐε
3027 2018 3340 2081 πλανῶντες
3356 2018 3451 2070 καὶ
3468 2018 3754 2089 πλανῶμε-

2180 2123 2285 2173 νοι,
2320 2106 2422 2160 οὐκ
2450 2109 2513 2159 ὲκ
2544 2107 2640 2176 τῆς
2666 2108 2852 2170 οὐσίας
2886 2110 2979 2161 τοῦ
3014 2110 3224 2181 Πατρδς
3259 2110 3528 2181 προῆλθεν
3552 2112 3581 2164 ό
3604 2112 3755 2178 Υἱὸς,

2183 2199 2392 2271 ὑπέστη
2417 2199 2474 2253 δὲ
2505 2199 2724 2266 ἔξωθεν,
2750 2200 2844 2254 καὶ
2866 2200 3013 2255 ἔστιν
3043 2203 3204 2267 αὐτὸς
3234 2205 3268 2265 ἡ
3296 2205 3457 2275 σοφία
3480 2204 3573 2258 καὶ
3598 2206 3758 2259 δύνα-

2188 2307 2280 2360 μις
2343 2290 2439 2344 τοῦ
2505 2292 2737 2362 Πατρός,
2790 2291 2914 2348 οὔτε
2980 2295 3146 2363 σοφὸς
3197 2297 3339 2350 κατά
3398 2297 3559 2365 φύσιν
3609 2298 3757 2351 ἐστίν

2185 2385 2213 2436 ὁ
2244 2384 2433 2455 Πατὴρ
2453 2424 2468 2447 ,
2498 2383 2621 2438 οὔτε
2655 2387 2761 2457 μὴν
2788 2386 3042 2452 δυνατὸς,
3077 2388 3130 2441 εί
3160 2405 3223 2458 γε
3253 2390 3392 2443 κατὰ
3418 2390 3515 2461 την
3543 2392 3759 2461 ἀμαθε-

2190 2475 2394 2546 στάτην
2417 2475 2572 2545 ὑμῶν
2599 2478 2865 2547 πρότασιν
2887 2478 3085 2545 ἔξωθεν
3115 2468 3385 2550 ὑπέστησε
3415 2480 3505 2534 τὸν
3534 2481 3683 2546 Υἱδν,
3705 2481 3763 2545 ὃς

2189 2568 2338 2621 ἐστιν
2370 2567 2519 2639 αὐτῷ
2549 2570 2711 2639 σοφία
2747 2570 2842 2623 καὶ
2865 2569 3116 2640 δύναμις.
3161 2572 3299 2625 Ἀλλ’
3332 2572 3449 2626 ἔστι
3478 2574 3620 2627 κατά
3657 2573 3762 2643 φύ-

2191 2676 2277 2714 σιν
2320 2660 2483 2731 σοφός
2520 2677 2579 2713 τε
2624 2661 2722 2713 καὶ
2761 2660 3009 2726 δυνατός.
3056 2663 3298 2735 ’Δνὰγκη
3351 2666 3499 2719 πᾶσα
3530 2665 3629 2718 xui.
3669 2666 3764 2719 τὸν

2191 2753 2317 2807 Υίδν
2355 2754 2422 2808 ὲκ
2448 2753 2547 2824 τῆς
2583 2752 2679 2807 τοῦ
2718 2753 2931 2826 Πατρὸς
2966 2755 3153 2819 οὐσίας
3186 2753 3325 2812 εἶναι
3365 2757 3568 2828 λέγειν.
3608 2759 3670 2813 Ei
3706 2758 3762 2814 ὃδ

2189 2849 2371 2913 τοῦτο,
2410 2846 2503 2901 καὶ
2538 2848 2851 2918 όμοούσιος.

2193 2939 2302 2994 Καὶ
2336 2940 2408 2994 τὰ
2436 2942 2894 3016 ὑποτεταγμένα
3007 2944 3303 3016 κεφάλαια
3331 2943 3456 3009 τοῖς
3475 2944 3598 2999 ἄνω
3615 2960 3771 3016 συμ-

2468 3013 2828 3081 φθέγγονται
2849 3015 2983 3079 περὶ
3007 3015 3113 3068 τοῦ
3136 3018 3487 3082 ὀμοουσίου.

2352 3100 2445 3154 Ἐν
2473 3101 2553 3172 τῷ
2584 3101 3007 3174 νόμῳ,φησὶ,τῷ
3039 3105 3288 3177 ὑμετέρω
3319 3107 3654 3176 γέγραπται,
3690 3108 3770 3163 ὃτι

452 3210 455 3213 ·
513 3190 715 3245 minam
746 3192 1114 3246 testimonium
1159 3207 1271 3247 esse
1317 3208 1520 3248 verum.
1569 3192 1771 3247 Deinde
1820 3191 2092 3263 subiicit:

2200 3191 2295 3246 δύο
2318 3193 2663 3265 ἀνθρώπωνή
2694 3192 2971 3265 μαρτυρία
2988 3194 3189 3266 ἀληθής
3209 3199 3376 3253 ἐστιν.
3399 3193 3531 3253 Εἶτα
3551 3199 3769 3268 ἐπάγει,

510 3281 625 3353 Ego
655 3300 794 3350 sum,
843 3286 934 3353 qui
974 3286 1333 3339 testimonium
1372 3286 1616 3355 perhibeo
1650 3284 1715 3338 de
1746 3300 1825 3339 me
1862 3285 1999 3349 ipso,
2043 3294 2093 3339 et

512 3376 871 3430 testimonium
920 3376 1151 3446 perhibet
1197 3377 1262 3430 de
1308 3392 1411 3441 me,
1455 3377 1546 3446 qui
1576 3377 1721 3430 misit
1765 3392 1867 3440 me,
1904 3374 2095 3429 Pater.

517 3465 814 3536 Imaginem
847 3465 1016 3535 igitur
1041 3474 1372 3521 contuentes
1408 3480 1774 3536 agnoscemus
1817 3469 2099 3538 exemplar

510 3555 655 3626 ejus.
684 3553 949 3621 Duorum,
979 3554 1174 3625 inquit,
1208 3554 1479 3609 hominum
1514 3556 1879 3610 testimonium
1916 3572 2096 3611 verum

511 3656 612 3715 est,
640 3647 877 3702 duorum
911 3657 1092 3704 autem
1133 3647 1421 3704 hominum
1463 3657 1716 3704 naturam
1759 3664 1885 3706 esse
1931 3664 2098 3704 unam

514 3729 1099 3797 omnes'conﬁtentur.
1133 3741 1319 3808 Quare
1348 3741 1525 3798 Patris
1553 3750 1608 3798 et
1642 3740 1765 3797 Filii
1797 3745 2097 3800 essentiam

516 3846 639 3887 esse
669 3846 834 3885 unam
881 3847 1076 3888 omnes
1120 3847 1426 3902 agnoscere
1458 3843 1692 3896 possunt
1726 3843 1784 3888 et
1827 3834 2100 3890 conﬁteri.

519 3921 678 3979 Sicut
700 3923 848 3979 enim
879 3924 995 3981 illic
1016 3925 1127 3981 duo
1149 3925 1424 3992 homines,
1452 3927 1527 3982 ita
1551 3926 1640 3981 hic
1666 3927 1835 3993 Deus,
1856 3939 1910 3983 et
1936 3926 2101 3992 Deus,

518 4013 682 4071 Pater
711 4025 767 4071 et
798 4016 1001 4083 Filius,
1021 4019 1115 4089 qtti
1148 4018 1284 4089 ipsis
1310 4019 1476 4073 etiam
1511 4018 1825 4075 hominibus
1853 4018 2101 4073 eamdem

520 4118 776 4165 naturam
813 4112 1132 4166 ostendunt.
1186 4109 1371 4181 Neque
1425 4112 1574 4166 enim
1618 4096 1785 4167 verus
1822 4109 1969 4166 Deus
2018 4110 2100 4165 di-

519 4198 736 4257 versam
783 4218 814 4256 a
859 4218 993 4259 vero
1020 4203 1131 4259 Deo
1164 4214 1416 4259 naturam
1456 4204 1678 4270 haheat,
1723 4219 1899 4272 neque
1927 4202 2105 4259 Filius

521 4295 591 4348 ab
623 4295 716 4349 illo
736 4293 1095 4360 dilferentem,
1127 4311 1253 4351 cum
1290 4297 1385 4353 Dei
1419 4297 1490 4353 sit
1534 4295 1727 4353 Filius.
1760 4295 1857 4352 llis
1903 4295 2106 4349 auditis

521 4383 696 4440 Judaei
750 4387 1160 4456 quasiverunt:
1211 4386 1314 4442 Ubi
1352 4399 1432 4444 est
1483 4387 1649 4443 Pater
1687 4389 1855 4444 tuus?
1895 4387 2107 4454 Quibus

525 4478 807 4548 respondit
855 4479 1020 4535 Jesus
1063 4498 1079 4537 :
1127 4478 1312 4552 Neque
1350 4499 1432 4536 me
1459 4484 1653 4547 nostis,
1689 4496 1852 4551 neque
1890 4480 2105 4535 Patrem

531 4586 724 4625 meum.
768 4569 829 4626 Si
870 4588 949 4625 me
991 4574 1298 4638 novissetts,
1345 4585 1395 4629 et
1439 4573 1658 4629 Patrem
1703 4588 1876 4627 meum
1929 4572 2109 4641 utique

525 4665 921 4733 eognoviuetis.

605 4757 794 4813 Videte
826 4772 1021 4813 rursus
1066 4755 1342 4827 quomodo
1381 4756 1511 4811 hinc
1554 4754 2107 4812 consubstantialitas

532 4852 964 4907 demonstratur.
999 4851 1055 4905 Si
1089 4864 1193 4919 me,
1230 4849 1429 4921 inquit,
1463 4849 1699 4917 sciretis,
1729 4847 1945 4903 Patrem
1972 4862 2113 4918 quo.

531 4958 641 5012 quo
670 4956 852 4997 meum
888 4943 1125 4998 sciretis.
1158 4944 1229 4997 At
1272 4958 1401 4996 vero
1430 4956 1497 4995 ex
1532 4955 1598 4996 eo
1649 4941 1794 5009 quod
1828 4939 2110 4995 diversum

531 5042 619 5087 est
646 5044 861 5096 natura,
887 5034 1118 5088 alterum
1155 5035 1283 5089 item
1316 5034 1646 5088 naturaliter
1685 5032 1964 5086 diversum
2004 5046 2110 5083 non

516 5124 893 5194 dignoscitur.
944 5122 1193 5195 Namque
1264 5127 1445 5181 aliena
1486 5126 1723 5180 invicem
1764 5135 1819 5179 et
1848 5134 2110 5179 extranea

534 5219 768 5274 invicem
794 5232 903 5273 non
922 5217 1309 5274 demonstrant
1331 5238 1347 5273 :
1369 5222 1465 5279 sed
1488 5230 1700 5276 natura:
1721 5220 2113 5275 communione

536 5312 851 5382 conjuncta,
884 5327 951 5366 ex
983 5312 1247 5367 alterutro
1277 5321 1602 5367 noscuntur.
1632 5312 1714 5368 E1
1752 5330 1861 5369 uno
1889 5314 2113 5368 homine

541 5406 853 5460 universam
885 5402 1172 5460 hominum
1209 5414 1462 5458 naturam
1502 5419 1837 5473 cognoscere
1864 5406 2023 5472 licet;
2058 5414 2114 5459 et

538 5512 606 5551 ex
641 5512 747 5552 una
775 5511 878 5557 ove
908 5495 1226 5556 universum
1261 5496 1447 5551 ovium
1480 5510 1653 5568 genus
1695 5514 1711 5552 :
1748 5512 1859 5553 non
1922 5506 2108 5553 tamen

621 5677 633 5703 '
666 5673 821 5730 Juan.
869 5693 978 5745 xiv,
1005 5677 1057 5731 9.

2209 3282 2360 3353 Ἐγώ
2380 3286 2499 3353 ειμι
2525 3288 2559 3338 ὀ
2576 3284 2900 3353 μαρτυρῶν
2921 3287 3055 3353 περί
3080 3290 3343 3357 ἐμαυτοῦ
3364 3293 3465 3345 καί
3477 3293 3783 3361 μαρτυρεῖ

2197 3375 2332 3444 περὶ
2356 3376 2501 3446 ἐμοῦ
2527 3380 2561 3431 ό
2580 3377 2822 3446 πέμψας
2840 3395 2918 3448 με
2944 3378 3166 3448 Πατήρ.
3207 3381 3636 3451 Ἀποϐλέψαντες
3663 3385 3781 3438 τοί-

2199 3484 2295 3521 νυν
2337 3468 2419 3531 είς
2465 3469 2565 3540 τὴν
2603 3469 2809 3532 είκόνα,
2865 3470 3150 3541 νοήσωμεν
3193 3471 3256 3524 τδ
3298 3474 3625 3543 ἀρχέτυπον.
3673 3478 3803 3536 Δύο,

2200 3560 2709 3631 φησὶν,ἀνθρὼπων
2748 3563 2782 3632 ἡ
2820 3561 3096 3632 μαρτυρία
3131 3554 3341 3633 ἀληθής
3383 3565 3523 3617 ἐστι.
3563 3564 3689 3617 Τῶν
3724 3565 3785 3618 δι

2199 3650 2293 3703 δύο
2345 3649 2650 3719 ανθρώπων
2688 3653 2723 3723 η
2769 3650 2930 3721 φύσις
2984 3653 3083 3722 μία
3128 3653 3374 3723 δηλονότι
3411 3656 3563 3725 παρὰ
3614 3657 3786 3711 πᾶσιν

2201 3740 2570 3812 ὡμολόγηται.
2609 3742 2820 3795 Οὐκοῦν
2854 3743 3064 3815 Πατρός
3099 3744 3194 3799 καὶ
3236 3745 3367 3799 Υἱοῦ
3407 3747 3632 3817 ἡούσία
3681 3749 3786 3819 μία

2202 3834 2268 3885 ὲκ
2303 3831 2402 3902 τῆς
2433 3832 2638 3896 εἰκόνος
2669 3834 3001 3904 νοηθήσεταί
3035 3851 3095 3887 τε
3161 3835 3255 3888 καὶ
3286 3837 3784 3908 όμολογηθήστται.

2204 3922 2419 3991 Ὥσπερ
2443 3923 2552 3994 γὰρ
2580 3926 2699 3977 ἐκεῖ
2721 3925 2815 3978 δύο
2841 3926 3142 3996 ἄνθρωποι,
3170 3926 3345 3991 οὕτως
3364 3928 3600 3981 ἐνταῦθα
3628 3930 3783 3997 Θεὸς,

2153 4056 2166 4073 .
2204 4015 2298 4069 καὶ
2326 4015 2479 4083 Θεὸς,
2517 4018 2729 4087 Πατὴρ,
2768 4021 2863 4071 καὶ
2892 4018 3041 4084 Υίὸς,
3078 4022 3175 4072 καὶ
3203 4020 3388 4082 αὐτοῖς
3414 4022 3529 4085 τοῖς
3555 4022 3787 4091 ὀνόμασι

2203 4113 2490 4183 δηλοῦντες
2550 4114 2649 4181 τῆς
2696 4108 2911 4177 φύσεως
2964 4110 3062 4182 τὴν
3118 4111 3621 4181 ταυτότηταιοῦτε
3676 4115 3788 4185 γὰρ

2205 4207 2234 4259 ὁ
2286 4203 2500 4273 ἀληθῶς
2543 4202 2677 4265 Θεὸς
2721 4202 2916 4274 ἑτέρας
2969 4202 3036 4255 ἂν
3085 4203 3171 4273 τίη
3232 4202 3444 4273 φύσεως
3494 4205 3647 4275 παρά
3694 4207 3788 4259 τὸν

2206 4294 2382 4365 ἀληθῆ
2427 4294 2582 4363 Θεδν,
2613 4294 2736 4349 οὔτε
2770 4297 2799 4348 ό
2838 4295 2965 4357 Υίὸς
3009 4294 3179 4365 ἄλλης
3218 4297 3349 4365 παρ’
3395 4296 3603 4351 ἐκεῖνον
3650 4296 3786 4350 Θεοῦ

2210 4389 2470 4459 ὑπάρχων
2522 4388 2670 4451 Υίὸς.
2730 4386 2950 4439 Τούτων
3011 4386 3344 4451 ἀκούσαντες
3400 4388 3451 4440 oi
3524 4388 3786 4453 Ἰουδαῖοι,

2210 4481 2501 4551 ἠρώτησαν
2523 4480 2707 4540 αὐτὸν.
2731 4478 2854 4532 Ποῦ
2874 4477 3048 4532 ἐστιν
3066 4476 3322 4551 όΠΠατήρ
3341 4490 3458 4531 σου
3470 4493 3492 4542 ;
3515 4479 3785 4549 ἀπεκρίθη

2212 4574 2391 4627 τοίνυν
2418 4575 2449 4626 ὁ
2483 4571 2711 4641 Ἰησοῦς,
2738 4572 2886 4626 Οὔτε
2906 4570 3012 4641 ἐμὲ
3032 4571 3254 4633 albata,
3274 4569 3412 4624 οὔτε
3433 4571 3540 4624 τὸν
3560 4573 3789 4639 Πατέρα

2208 4681 2351 4734 μου.
2378 4666 2446 4718 El
2460 4661 2572 4731 ὲμέ
2594 4663 2811 4732 ᾔδειτε,
2838 4663 2939 4717 καί
2961 4664 3069 4717 τὸν
3086 4662 3317 4731 Πατέρα
3336 4678 3455 4732 μου
3475 4661 3676 4732 ﬁdem:
3694 4663 3786 4716 ἄν.

2298 4756 2494 4826 Ὁρᾶτε
2516 4757 2679 4811 πάλιν
2700 4756 2816 4819 πῶς
2836 4756 3084 4810 ιντεῦθεν
3106 4755 3165 4811 τδ
3182 4754 3469 4825 ὁμοούσιον
3490 4756 3785 4808 διξκνυτλι.

2222 4851 2285 4904 Ei
2312 4849 2413 4918 ἐμὲ
2438 4850 2567 4919 γὰρ,
2588 4848 2988 4920 φησὶν,ῇδειτε,
3006 4849 3101 4903 καὶ
3126 4848 3217 4903 τὸν
3240 4848 3461 4919 Πατέρα
3485 4865 3593 4919 μου
3618 4849 3787 4919 ᾔδειτε

2216 4943 2283 4996 ἄν
2302 4956 2318 4972 ⁸
2355 4943 2419 4995 ἑκ
2450 4943 2507 4995 δὲ
2536 4942 2631 4994 τοῦ
2659 4942 3002 5012 ἐτεροουσίου
3030 4941 3091 4995 τὸ
3120 4938 3465 5009 ὲτεροούσιον
3493 4939 3557 4992 οὐ
3593 4941 3786 5008 γνωρί-

2217 5038 2368 5101 ζεται
2388 5052 2404 5069 ·
2443 5038 2511 5090 τὰ
2545 5037 2654 5107 γὰρ
2685 5036 2961 5105 ἀλλόφυλα
2994 5035 3089 5089 καὶ
3124 5033 3541 5103 ξένα,ἁλλή).ων
3565 5034 3664 5086 οὐκ
3690 5034 3788 5084 εἰσὶ

2217 5127 2490 5198 δηλωτικά
2511 5142 2526 5158 ο
2579 5127 2647 5180 τὰ
2688 5126 2745 5179 δὲ
2784 5126 3002 5195 φύσεως
3033 5127 3415 5191 κοινωνοῦντα,
3443 5123 3513 5177 δι’
3547 5126 3786 5193 ἀλλήλων

2213 5218 2546 5289 γινώσκεται
2571 5235 2586 5250 ⁸
2627 5218 2695 5272 δι’
2721 5218 2840 5280 ἑνὸς
2872 5219 2975 5288 μὲν
3001 5216 3294 5289 ἀνθρώπου
3326 5218 3507 5271 πᾶσαν
3540 5218 3652 5270 τῶν
3699 5222 3791 5270 ἀν-

2215 5309 2453 5381 θρώπων
2480 5312 2581 5379 τὴν
2620 5308 2783 5377 φύσιν
2813 5307 2941 5362 ἰδεῖν
2973 5307 3090 5360 ἔστι
3109 5322 3123 5337 ⁸
3151 5310 3246 5360 καὶ
3278 5305 3346 5359 δι’
3374 5307 3493 5368 ἑνὸς
3522 5307 3792 5376 προϐάτου

2216 5401 2325 5454 τῶν
2352 5400 2640 5470 προϐάτων
2670 5398 2817 5453 ἅπαν
2842 5397 2904 5451 τὸ
2931 5398 3086 5466 γένος
3111 5414 3122 5426 ⁸
3152 5398 3214 5450 οὐ
3248 5396 3358 5467 μὴν
3389 5397 3477 5449 διὰ
3508 5396 3792 5464 προϐάτων

2216 5494 2340 5557 τοὺς
2370 5490 2755 5557 λέοντας,οὺδὲ
2785 5488 2875 5544 διὰ
2907 5490 3137 5543 λεόντων
3163 5488 3230 5542 τὰ
3268 5488 3534 5557 πρόϐατα,
3562 5484 3667 5539 οὐδ’
3695 5489 3795 5552 άτ-
