4078 6292
327 374 431 440 61

1306 374 1682 436 PANOPLlA
1718 372 2178 453 poenariae.
2217 396 2285 408 -—
2310 354 2466 433 TIT.
2505 371 2613 435 XI.

3467 371 3573 433 632

323 490 519 560 γέλους
538 485 629 541 διὰ
657 485 978 558 ἀνθρώπων,
1007 486 1128 541 οὐδὲ
1161 484 1249 541 διὰ
1277 486 1525 554 ἀγγέλων
1553 486 1893 556 ἀνθρώπους·

2014 502 2063 540 3x
2101 487 2291 541 ovibus
2322 486 2533 553 leones,
2557 501 2731 555 neque
2776 500 2841 540 ex
2875 483 3128 541 leonibus
3157 500 3326 542 oves:
3396 502 3575 556 neque

323 584 466 650 ζῶον
488 582 598 653 γὰρ
613 581 846 635 ἕκαστον
856 582 955 650 τῆς
970 580 1173 644 οἰκείας
1189 579 1489 650 δηλωτικόν
1518 580 1634 635 εστι
1663 579 1901 649 φύσεως.

324 677 389 730 El
420 675 607 729 τοίνυν
625 676 654 727 6
673 673 965 743 μονογενής
984 673 1155 739 Λόγος
1170 672 1266 728 τοῦ
1285 671 1429 727 Θεοῦ
1464 672 1691 744 κτίσμα,
1725 673 1816 725 καὶ
1840 671 1905 737 ιξ

324 770 424 821 οὐκ
460 766 656 828 ὄντων,
697 766 792 818 καὶ
822 765 879 829 ἐξ
923 766 1118 835 ὲτὲρας
1146 766 1293 829 τινος
1339 765 1633 835 γεγένηται
1665 763 1904 833 φύσεως,

326 860 443 921 πῶς
468 862 528 912 ὲν
556 857 705 927 αὐτῷ
734 858 826 912 τὸν
856 858 1077 927 Πατέρα
1104 857 1347 912 δείκνυσι
1371 857 1768 926 πιστευόμενος
1794 870 1809 922 ;
1856 855 1908 907 el.

325 953 383 1006 δὲ
421 955 448 1005 6
480 952 670 1021 Πατὴρ
698 950 787 1004 διὰ
818 949 912 1004 τοῦ
945 949 1074 1002 Υίοῦ
1100 949 1448 1017 γινώσκεται,
1472 949 1567 1003 καὶ
1596 952 1625 1003 6
1659 950 1753 1002 τὸν
1779 948 1908 1001 Υξδν

327 1040 638 1110 γινώσκων,
667 1040 762 1093 καὶ
790 1038 881 1091 τὸν
928 1038 1148 1108 Πατέρα
1177 1036 1462 1105 γινώσκει,
1506 1034 1767 1104 πεδηθείη
1809 1034 1906 1103 μὲν

330 1132 483 1183 πᾶσα
524 1129 844 1199 βλάσφημος
885 1128 1125 1194 γλῶσσα,
1163 1128 1259 1180 καὶ
1282 1124 1360 1195 τῷ
1380 1128 1615 1198 λάρυγγι
1640 1126 1781 1180 κατὰ
1805 1123 1900 1178 τὸν

330 1219 622 1291 προφήτην
647 1218 958 1289 κολληθείη⁸
1000 1220 1164 1287 ἡμεῖς
1184 1218 1242 1272 δὲ
1269 1222 1318 1271 οἱ
1349 1217 1449 1283 τῆς
1479 1217 1709 1287 Τριάεος
1742 1232 1912 1285 προσ-

330 1311 567 1380 κυνηταὶ
596 1309 800 1379 ἀκριϐῆ
824 1309 917 1361 τοῦ
943 1310 1230 1378 όμοουσίου
1278 1308 1528 1363 ἐντεῦθεν
1575 1310 1678 1375 τὴν
1707 1306 1910 1375 γνῶσιν

329 1404 705 1474 λαμβάνομεν·
756 1403 1097 1470 λογιζόμενοι
1132 1402 1207 1463 ὼς
1236 1403 1335 1454 οὐκ
1372 1401 1438 1455 ἂν
1470 1401 1676 1471 ἑτέρως
1708 1401 1769 1452 ὲν
1792 1397 1910 1469 Υἱῷ

334 1495 521 1566 Πατὴρ
556 1494 884 1564 ἐγνωρίσθη,
909 1494 957 1547 εί
988 1493 1062 1564 μὴ
1087 1494 1185 1561 τῆς
1216 1492 1387 1561 αὐτῆς
1411 1491 1601 1553 οὐσίας
1619 1492 1906 1558 ἰτύγχανε·

333 1586 429 1638 καὶ
482 1583 897 1653 προσκυνοῦμεν
955 1583 1047 1635 τὸν
1080 1583 1310 1651 Σωτῆρα
1350 1582 1443 1634 τὸν
1471 1581 1770 1652 ἡμέτερον,
1808 1579 1910 1647 τῆς

334 1678 757 1747 προσκυνήσεως
786 1676 877 1729 τὸν
910 1676 1121 1745 καρπὸν
1150 1676 1534 1741 ἀναμένοντες,
1585 1672 1646 1725 οὗ
1676 1670 1912 1743 χορηγὸς

333 1768 493 1828 οὗτος
520 1769 549 1820 6
575 1766 1041 1837 Πατὴρίτυγχάνει
1065 1767 1207 1820 κατὰ
1225 1765 1324 1837 τήν
1350 1765 1445 1819 τοῦ
1464 1765 1671 1834 Κυρίου
1700 1763 1908 1833 φωνήν·

343 1877 362 1911 ε
393 1858 524 1912 Ἐάν
554 1875 633 1920 τις
663 1857 791 1926 γὰρ,
828 1858 1013 1926 φησὶν,
1044 1859 1169 1926 ἐμοὶ
1197 1856 1511 1927 διακονήσῃ,
1555 1857 1780 1925 τιμήσει
1810 1854 1910 1908 αὒ-

336 1951 469 2003 τὸνό
486 1949 673 2018 Πατήρ
693 1964 851 2016 pou.»
876 1949 971 2001 καὶ
995 1950 1024 2001 6
1054 1948 1352 2017 θαυμάσιος
1375 1947 1431 2000 δὲ
1453 1946 1712 2016 Ἰωάννης
1738 1948 1766 1999 6
1797 1944 1916 1998 θεο-

336 2042 533 2110 λογῶν,
589 2058 607 2092 ι
643 2041 702 2095 '0
735 2040 1003 2096 πιστεύων
1061 2041 1142 2102 είς
1196 2037 1287 2093 τὸν
1338 2037 1489 2103 Υίδν,
1544 2037 1735 2107 φησὶν,
1803 2035 1920 2105 ἔχει

337 2134 485 2204 ζωὴν
515 2134 757 2186 αἰώνιον·
785 2134 813 2185 6
834 2132 892 2186 δὲ
920 2130 1165 2186 ἀπειθῶν
1198 2129 1277 2200 τῷ
1312 2129 1449 2199 Υίῷ,
1477 2128 1578 2183 οὐκ
1605 2127 1801 2197 ὕψεται
1819 2126 1920 2197 τὴν

337 2226 508 2297 ζωὴν,
540 2225 657 2279 ἀλλ’
679 2227 715 2295 ή
738 2224 879 2296 όργὴ
901 2224 993 2279 τοῦ
1016 2223 1151 2278 Θεοῦ
1181 2224 1337 2295 μενεῖ
1361 2222 1449 2277 ἐπ’
1482 2222 1701 2277 αὐτόν.»

408 2494 477 2550 Et
534 2493 822 2564 όμοούσιός
884 2495 1032 2547 ἔστιν
1060 2495 1105 2548 ό
1164 2492 1339 2562 Λόγος
1378 2492 1467 2565 τῷ
1517 2494 1715 2564 ﬂat-pi,
1762 2493 1919 2566 φησὶ,

342 2590 437 2642 καὶ
462 2588 493 2639 6
521 2588 709 2658 Πατὴρ
746 2588 824 2657 τῷ
858 2587 1042 2657 Λόγῳ,
1077 2586 1234 2640 οὐδὲν
1261 2587 1341 2640 ἔτι
1369 2586 1432 2641 τὸ
1465 2585 1674 2641 κωλύον
1700 2586 1917 2658 ὁρᾶται,

344 2683 518 2752 Λόγον
543 2677 683 2735 εἷναί
702 2698 761 2734 τε
790 2682 886 2735 καὶ
917 2682 1201 2735 καλεῖσθαι
1226 2680 1317 2736 τὸν
1349 2680 1590 2751 Πατέρα,
1617 2680 1692 2743 ὡς
1717 2680 1916 2751 ὁμοσύ-

345 2793 458 2830 σιον
499 2776 680 2843 Λόγῳ.
723 2773 799 2829 Οὐ
828 2774 1043 2837 πάντως
1092 2773 1163 2828 τὰ
1200 2772 1298 2843 τῆς
1336 2773 1507 2843 αὐτῆς
1539 2772 1665 2827 εντα
1697 2772 1915 2841 φύσεως

343 2869 424 2931 εἰς
456 2866 665 2936 ἄλληλα
700 2867 1123 2935 μεταστήσεται.
1153 2865 1287 2919 Οὐδὲ
1315 2867 1425 2935 γὰρ
1449 2866 1480 2917 ό
1520 2865 1692 2935 Ἀδὰμ
1717 2863 1918 2934 ὁμοσύ-

346 2976 459 3022 σιος
488 2958 564 3011 ὣν
590 2959 667 3028 τῷ
708 2959 808 3027 υίῷ
834 2956 999 3011 αὐτοῦ
1026 2958 1185 3021 Κάῐν,
1216 2960 1297 3021 είς
1321 2956 1415 3011 τὸν
1453 2958 1594 3012 tum
1621 2957 1916 3027 μεταστὰς,

344 3046 534 3113 γέγονε
578 3046 735 3099 Κάῖν.
776 3046 911 3098 Ἀλλ’
950 3045 1068 3098 οὐδὲ
1112 3047 1142 3099 ὁ
1189 3047 1330 3100 Κάἶν
1367 3049 1448 3110 είς
1484 3047 1576 3101 τὸν
1622 3047 1793 3117 Ἀδὰμ
1829 3049 1919 3104 διὰ

346 3138 407 3190 τὸ
461 3137 754 3207 όμοούσιος
794 3138 944 3208 αὐτῷ
981 3133 1123 3193 εἶναι
1152 3140 1550 3211 μεταχωρήσας
1590 3140 1761 3211 ’Δδὰμ
1793 3139 1919 3209 ὲγὲο

343 3248 486 3295 νετο,
524 3233 641 3286 ἀλλ’
671 3232 728 3286 ἓν
760 3231 911 3295 ὄντες
940 3234 1005 3304 τῇ
1047 3233 1209 3301 φύσει
1242 3233 1330 3287 διὰ
1355 3233 1457 3306 τὴν
1486 3235 1787 3306 ὁμοιότητα
1819 3236 1916 3290 δύο

348 3325 689 3394 μεμενήκασι
743 3326 1015 3394 πρόσωπα
1074 3326 1477 3381 ίδιοῦπόστατα.
1528 3327 1674 3383 Διότι
1734 3329 1765 3382 6
1819 3329 1919 3399 μὲν

346 3418 652 3485 ἐγέννησεν,
687 3417 715 3469 6
746 3417 804 3470 δὲ
835 3417 1096 3487 ἐγεννήθη
1131 3419 1254 3472 καθ’
1282 3419 1596 3475 ὑπόστασιν.

416 3509 530 3575 Τδ,
582 3508 676 3563 Ζῶ
727 3509 843 3578 ἐγὼ
888 3508 987 3562 διὰ
1044 3510 1152 3563 τὸν
1190 3512 1447 3579 Πατέρα,
1495 3515 1556 3566 οὐ
1587 3514 1918 3585 παρίστησιν

348 3604 683 3673 ἑτεροούσιον
707 3606 799 3657 τον
830 3603 977 3666 Υίδν,
1020 3604 1070 3655 εί
1105 3604 1181 3674 μὴ
1218 3606 1418 3675 μᾶλλον
1447 3606 1751 3675 όμοούσιον.
1791 3608 1917 3661 Ὥσ-

349 3713 454 3765 περ
485 3697 595 3764 γὰρ
634 3696 688 3748 εἴ
722 3713 805 3758 τις
844 3699 958 3760 υίὸς
988 3697 1277 3768 ἀνθρώπου
1308 3700 1508 3767 φήσει,
1542 3684 1781 3767 Λογικός
1804 3702 1920 3769 εἰμι

345 3788 437 3840 διὰ
461 3789 553 3841 τὸν
588 3790 821 3858 πατέρα,
853 3790 1020 3860 ήγουν
1050 3791 1136 3844 διὰ
1168 3790 1228 3843 τὸ
1267 3786 1406 3843 εἶναι
1429 3793 1650 3859 λογικὸν
1681 3792 1773 3845 τὸν
1810 3809 1920 3844 πα-

345 3881 483 3950 τέρα
505 3898 629 3951 μου,
646 3879 788 3933 οὕτω
821 3881 959 3933 καὶὸ
989 3881 1114 3944 Υίδς
1140 3880 1236 3934 καὶ
1262 3881 1414 3947 Θεὸς,
1446 3881 1562 3948 Ζῶ,
1590 3884 1776 3954 φησὶν,
1805 3882 1921 3951 ἐγὼ

344 3973 445 4027 διὰ
477 3973 536 4024 τὸ
572 3969 710 4025 εἶναι
750 3971 892 4042 ζωὴν
928 3972 1036 4026 τὸν
1066 3974 1315 4042 Πατέρα.
1356 3974 1455 4029 Διὰ
1475 3974 1533 4028 δὲ
1562 3976 1655 4028 τοῦ
1676 3977 1920 4029 τοιούτου

343 4063 506 4132 λόγου
556 4065 618 4117 τὸ
664 4064 928 4134 πατρικὸν
976 4063 1146 4118 αἴτιον
1185 4066 1216 4117 ό
1266 4064 1391 4129 Υἱὸς
1440 4066 1534 4119 καὶ
1577 4066 1752 4135 Λόγος
1796 4066 1916 4139 ἐδή-

344 4157 542 4210 λωσεν.

413 4248 587 4301 Πόθεν
632 4250 659 4300 6
696 4248 822 4310 Υἱὸς
864 4249 1155 4320 ὠνομάσθη
1176 4249 1463 4320 ὁμοούσιος
1491 4249 1569 4321 τῷ
1590 4250 1790 4322 Πατρὶ,
1817 4268 1921 4322 φη-

346 4343 430 4392 σὶν
454 4342 482 4393 6
509 4339 849 4407 Ἀπόστολος,
870 4343 977 4407 Ὃς
997 4342 1068 4395 ἐν
1083 4340 1285 4410 μορφῇ
1314 4339 1462 4396 Θεοῦ
1484 4342 1777 4412 ὑπάρχων
1802 4343 1919 4411 οὐχ

345 4431 663 4502 ἁρπαγμὸν
685 4431 955 4501 ἡγήσατο
984 4432 1049 4485 τὸ
1080 4428 1235 4486 εἶναι
1266 4432 1375 4487 ἴσα
1400 4430 1542 4499 Θεῷ.
1566 4436 1793 4505 Μορφῆς
1825 4429 1920 4486 οὖν

2008 575 2230 644 angelos
2252 591 2315 629 ex
2356 574 2689 639 hominibus,
2721 589 2899 643 neque
2923 591 2987 629 ex
3044 576 3250 645 angelis
3280 576 3534 633 homines
3560 595 3575 633 :

2009 683 2131 721 nam
2171 670 2597 737 unumquodque
2618 666 2821 720 animal
2846 668 3075 735 propriae
3112 679 3321 721 natura:
3352 669 3580 723 demon—

2004 759 2297 813 strativum
2355 768 2457 815 est.
2529 758 2583 813 Si
2638 772 2766 827 ergo
2818 758 3152 828 unigenitum
3188 757 3424 813 Verbum
3481 757 3577 814 Dei

2009 859 2257 903 creatura
2284 859 2385 907 est.
2414 860 2465 904 et
2484 864 2548 904 ex
2579 865 2685 904 non
2715 858 2872 904 antea
2900 849 3341 913 exstantibus,et
3375 866 3438 904 ex
3470 852 3576 905 alia

2010 941 2242 1010 quadam
2311 950 2504 995 natura
2566 951 2777 1008 natum,
2865 940 3141 1009 quomodo
3208 941 3260 995 in
3328 957 3385 996 se
3480 942 3580 995 l‘a-

2010 1045 2149 1089 trem
2183 1037 2546 1100 demonstrat,
2584 1036 2628 1089 si
2662 1032 2711 1089 ei
2738 1034 3030 1089 credatur?
3058 1032 3176 1088 Jam
3211 1034 3254 1089 si
3281 1033 3444 1090 Pater
3481 1050 3579 1104 per

2011 1122 2207 1178 Filium
2228 1126 2560 1195 agnoscitur,
2583 1134 2637 1180 et
2664 1124 2755 1195 qui
2785 1121 2985 1177 Filium
3016 1124 3183 1188 novit,
3220 1127 3372 1176 novit
3396 1131 3450 1177 et
3476 1122 3583 1177 Pa-

2011 1225 2172 1281 trem,
2203 1217 2540 1285 impediatur
2563 1232 2695 1272 sane
2714 1217 2921 1287 quaavis
2939 1217 3118 1287 lingua
3142 1217 3485 1284 blaspheme,
3509 1228 3584 1285 et,

2013 1317 2072 1362 ut
2115 1309 2189 1362 ait
2217 1308 2507 1381 Propheta,
2539 1310 2790 1365 faucibus
2839 1308 3112 1363 adhaereat
3152 1311 3194 1362 ¹.
3249 1307 3359 1362 Nos
3401 1318 3584 1363 autem

2010 1401 2297 1456 Trinitatis
2316 1402 2630 1457 adoratores
2658 1410 2969 1457 accuratam
2997 1400 3125 1455 hinc
3142 1400 3586 1455 consubstantia-

2012 1494 2181 1548 lltatis
2208 1493 2482 1547 notionem
2502 1491 2909 1562 adipiscamur;
2968 1498 3306 1561 reputantes,
3352 1505 3459 1544 non
3490 1490 3590 1543 ali-

2010 1595 2095 1640 ter
2126 1585 2324 1640 Filium
2362 1586 2421 1639 in
2451 1584 2610 1639 Patre
2644 1582 2759 1637 fore
2792 1580 3223 1650 agnoscendum,
3271 1582 3374 1637 nisi
3437 1582 3591 1649 ejus-

2014 1678 2137 1733 dem
2190 1688 2335 1733 esset
2387 1676 2755 1733 substantiae:
2788 1676 3188 1745 adoremusque
3243 1658 3588 1729 Set-veterem

2018 1768 2479 1834 nostrum,cultns
2512 1768 2678 1823 nostri
2699 1764 2962 1829 fructum,
2994 1767 3392 1836 praestolantes,
3427 1766 3589 1839 cujus

2019 1868 2176 1919 dator
2230 1861 2388 1916 Pater
2434 1871 2538 1927 est,
2595 1860 2904 1915 secundum
2933 1860 3145 1915 Domini
3178 1860 3383 1915 dictum
3410 1877 3431 1915 :
3473 1877 3492 1911 ι
3532 1858 3590 1914 Si

2017 1954 2145 2025 quis
2174 1953 2344 2019 enim,
2376 1950 2569 2022 inquit,
2600 1952 2727 2006 mihi
2759 1952 3172 2017 ministraverit,
3206 1949 3595 2008 honerilicabit

2015 2060 2143 2114 eum
2199 2044 2357 2098 Pater
2396 2059 2571 2099 meus.
2606 2044 2631 2074 ²
2666 2062 2685 2095 ι
2742 2042 2986 2115 Itemque
3039 2045 3393 2099 admirandus
3420 2043 3596 2100 Joan-

2022 2146 2118 2188 nes
2149 2130 2469 2199 theologus:
2500 2149 2520 2180 ι
2560 2129 2664 2198 Qui
2698 2133 2873 2186 credit
2936 2132 2986 2187 in
3014 2131 3237 2196 Filium,
3274 2134 3473 2204 inquit,
3500 2138 3596 2189 ha-

2020 2226 2111 2282 bet
2146 2226 2314 2279 vitam
2338 2235 2632 2290 sternam;
2670 2224 2762 2294 qui
2797 2234 2980 2279 autem
3015 2225 3330 2282 incredulus
3353 2235 3438 2282 est
3498 2224 3594 2280 Fi-

2021 2315 2116 2381 lio,
2167 2316 2333 2370 vitam
2385 2328 2495 2369 non
2522 2314 2745 2381 videbit,
2798 2313 2893 2370 sed
2921 2315 2998 2369 ira
3028 2314 3123 2371 Dei
3156 2318 3403 2372 manebit
3427 2332 3594 2388 super

2022 2408 2201 2477 ipsum
2238 2406 2281 2460 ³.
2318 2425 2338 2458 ε

2094 2498 2153 2553 Si
2215 2500 2494 2569 ejusdem,
2558 2497 2848 2569 inquiunt,
2900 2501 3155 2556 essentia!
3212 2511 3294 2558 est
3357 2501 3595 2559 Verbum

2020 2606 2145 2646 cum
2180 2591 2364 2657 Patre,
2407 2592 2537 2662 quid
2566 2592 2815 2662 prohibet
2865 2591 3103 2656 Patrem,
3137 2604 3193 2649 ut
3241 2594 3479 2661 ejusdem
3511 2613 3599 2651 es-

2019 2684 2208 2737 sentia
2235 2698 2355 2737 cum
2374 2680 2573 2749 Verbo,
2598 2680 2829 2739 Verbum
2861 2698 2981 2740 esse
3009 2685 3178 2753 iQua:
3201 2698 3326 2742 sunt
3358 2690 3597 2760 ejusdem

2020 2783 2226 2829 natum
2269 2774 2505 2829 vicissim
2554 2789 2718 2830 unum
2754 2777 2806 2829 in
2842 2776 2985 2830 aliud
3022 2794 3128 2833 non
3170 2793 3596 2837 commutantur.

2020 2866 2207 2937 Neque
2226 2866 2369 2920 enim
2401 2866 2595 2934 Adam,
2625 2867 2767 2937 quod
2795 2868 3037 2938 ejusdem
3097 2875 3349 2930 essentia
3380 2876 3450 2929 sit
3478 2892 3598 2930 eum

2020 2959 2174 3019 Cain,
2201 2958 2320 3013 ideo
2348 2967 2588 3014 mutatur
2645 2960 2698 3013 in
2733 2959 2886 3023 Cain,
2956 2978 3054 3017 nec
3112 2980 3304 3019 rursus
3354 2965 3485 3020 Cain
3544 2970 3603 3022 in

2020 3050 2191 3104 Adam
2246 3050 2591 3115 transfertur,
2646 3057 2704 3106 ut
2733 3066 2799 3105 ex
2840 3052 2973 3107 Cain
3026 3056 3213 3109 evadat
3246 3056 3439 3121 Adam,
3504 3064 3600 3116 sed

1946 3173 1992 3233 ο
2023 3159 2145 3197 cum
2197 3157 2361 3197 unum
2399 3143 2508 3197 sint
2530 3152 2748 3211 propter
2772 3145 3014 3213 ejusdem
3044 3160 3253 3201 natura:
3314 3150 3601 3217 rationem,

2023 3238 2144 3289 dua:
2196 3244 2395 3301 tamen,
2426 3235 2479 3289 in
2512 3250 2607 3291 sua
2642 3244 2874 3306 utraque
2909 3238 3209 3306 ltypostasi,
3242 3251 3453 3296 manent
3476 3258 3606 3312 per.

2019 3345 2187 3397 sona',
2228 3330 2521 3385 secundum
2565 3346 2726 3401 quam
2775 3332 2866 3387 ille
2911 3332 3126 3402 quidem
3152 3335 3355 3404 genuit,
3388 3335 3475 3389 hic
3508 3352 3606 3390 au-

2019 3432 2125 3477 tem
2185 3434 2267 3477 est
2320 3422 2553 3492 genitus.

2089 3514 2272 3578 illud,
2346 3514 2468 3569 Vivo
2538 3531 2630 3585 ego
2706 3524 2920 3583 propter
2979 3512 3265 3578 Patrem",
3338 3532 3444 3572 non
3524 3519 3606 3573 di-

2023 3620 2193 3661 versae
2249 3604 2445 3660 Filium
2485 3604 2753 3669 essentite,
2788 3606 2881 3659 sed
2938 3605 3180 3671 ejusdem
3240 3609 3419 3675 potius
3471 3609 3607 3661 imii-

2020 3707 2111 3754 cat
2149 3710 2268 3752 esse
2297 3712 2421 3751 cum
2478 3696 2660 3751 Patre.
2704 3694 2772 3750 Ut
2812 3696 2952 3750 enim
2991 3696 3035 3750 sl
3084 3698 3205 3766 quis
3257 3698 3491 3753 hominis
3548 3702 3608 3752 li-

2021 3788 2127 3842 lius
2184 3786 2410 3851 diceret,
2466 3785 2578 3854 Ego
2622 3800 2740 3841 sum
2796 3786 3003 3839 ratione
3068 3785 3323 3854 praeditus
3390 3802 3607 3857 ιηόμιι-ι·

2018 3892 2251 3953 patrem,
2308 3889 2363 3932 et
2422 3890 2627 3950 patrem
2674 3881 2861 3949 utique
2915 3881 3125 3934 ratione
3174 3881 3453 3949 praeditum
3511 3884 3608 3936 de-

2021 3975 2282 4035 clararet,
2324 3971 2402 4025 sic
2435 3979 2489 4037 et
2548 3969 2715 4024 Filius
2754 3981 2810 4025 et
2869 3972 3026 4034 Deus,
3082 3971 3223 4039 Viuo,
3258 3972 3456 4042 inquit.
3516 3992 3609 4046 ego

2020 4076 2230 4136 propter
2258 4063 2495 4127 Patrem,
2518 4064 2607 4132 qni
2645 4063 2751 4116 vita
2780 4063 3034 4115 nimirum
3059 4074 3164 4127 est,
3198 4064 3393 4133 quibus
3428 4068 3609 4121 verbis

2020 4157 2188 4214 Filius
2206 4165 2260 4211 et
2277 4154 2508 4210 Verbum
2544 4152 2757 4208 Patrem
2805 4168 3021 4207 causam
3048 4153 3322 4210 indicavit.

2090 4250 2251 4307 Unde
2306 4246 2473 4303 Filius
2524 4248 2703 4301 dietus
2749 4257 2834 4301 est
2888 4245 3128 4313 ejusdem
3188 4246 3435 4304 essentia
3485 4263 3609 4303 cum

2021 4341 2229 4397 Patre?
2268 4339 2470 4394 Paulus
2505 4340 2580 4393 ait
2616 4355 2633 4396 :
2662 4338 2769 4405 Qui
2798 4354 2915 4392 cum
2951 4339 3005 4392 in
3067 4337 3238 4406 forata
3298 4338 3391 4394 Dei
3451 4350 3608 4406 esset,

2022 4450 2123 4489 non
2146 4434 2385 4501 rapinam
2413 4433 2701 4485 arbitratus
2742 4438 2839 4495 est,
2892 4445 3003 4484 esse
3063 4446 3118 4486 se
3150 4430 3405 4500 aequalem
3437 4431 3543 4486 Deo
3565 4433 3608 4487 '.

346 4522 482 4575 Θεοῦ
510 4524 612 4593 τῆς
647 4524 794 4587 θείας
833 4524 1051 4594 φύσεως
1083 4524 1400 4595 νοουμένης,
1428 4527 1831 4596 προσκειμένης
1864 4526 1913 4578 δὲ

2028 4526 2164 4582 Cum
2198 4525 2290 4579 Dei
2325 4524 2518 4587 forma,
2550 4523 2729 4577 divina
2755 4521 3085 4591 intelligatur
3111 4534 3331 4587 natura,
3354 4523 3609 4593 adjuncta

346 4617 441 4669 καὶ
473 4616 571 4683 τῆς
607 4616 877 4685 ἰσότητος,
921 4616 1155 4685 εὐλόγως
1195 4616 1477 4687 ὁμοοὺσιος
1508 4616 1820 4686 ὠνομάσθη.
1863 4616 1913 4670 Ὃ

2021 4619 2182 4673 etiam
2208 4615 2536 4686 aequalitate,
2570 4616 2763 4671 merito
2791 4613 2969 4670 dictus
3011 4622 3096 4668 est
3131 4614 3370 4682 ejusdem
3422 4630 3609 4669 essen-

347 4708 455 4774 γὰρ
491 4707 588 4775 τῆς
619 4706 737 4776 ίσης
779 4706 856 4775 τῷ
891 4707 1065 4774 Πατρ)⁵
1112 4705 1351 4775 φύσεως,
1380 4708 1474 4775 τῆς
1516 4706 1638 4775 ἴσης
1676 4707 1785 4775 ἄρα
1831 4707 1913 4759 καὶ

2024 4710 2131 4764 tiae.
2149 4707 2251 4775 Qui
2273 4710 2418 4763 enim
2436 4708 2695 4777 aequalem
2716 4717 2964 4762 naturam
2988 4707 3167 4769 habet,
3188 4707 3451 4776 aequalem
3480 4708 3608 4761 ιιι-ιιι

346 4799 558 4861 οὐσίας.
588 4799 699 4851 Καὶ
725 4798 886 4861 αὐτὸς
910 4797 966 4850 δὲ
991 4800 1018 4851 ὁ
1042 4797 1279 4866 Χριστὸς
1302 4798 1559 4869 εἰρηκώς.
1598 4798 1739 4866 Ἐγὼ
1763 4798 1863 4852 καὶ
1889 4802 1913 4852 d

2020 4800 2181 4856 habet
2198 4802 2510 4856 essentiam.
2537 4798 2605 4853 Et
2625 4800 2738 4869 ipse
2778 4798 3063 4863 Christus,
3097 4797 3231 4867 Ego,
3254 4798 3531 4867 inquiens,
3559 4810 3610 4853 et

351 4890 557 4959 Πατὴρ
584 4889 656 4943 ἓν
685 4889 895 4959 ἐσμεν,
924 4890 984 4943 τὸ
1014 4889 1211 4944 ταυτὸν
1242 4889 1344 4960 τῆς
1374 4890 1609 4959 φύσεως,
1645 4889 1815 4960 ήγουν
1835 4890 1913 4942 οὑ-

2021 4894 2189 4948 Pater
2240 4910 2404 4949 unum
2449 4910 2631 4948 sumus
2654 4893 2699 4958 ⁸,
2749 4893 2993 4947 eamdem
3053 4902 3329 4958 naturam,
3377 4902 3432 4948 et
3491 4892 3611 4949 ideo

353 4982 473 5044 σίας
498 4982 780 5049 ἐνέφηνεν.

2023 4985 2285 5055 aequalem
2312 4987 2441 5040 item
2472 4982 2761 5039 essentiam
2791 4981 3051 5038 ostendit.

356 5093 469 5145 Τοῦ
507 5093 694 5163 αὑτοῦ
734 5092 802 5145 ἐκ
845 5091 952 5145 τοῦ
981 5097 1035 5144 α’
1080 5092 1414 5163 κεφαλαίου
1460 5090 1568 5145 τοῦ
1608 5090 1660 5145 α’
1684 5091 1929 5163 ,βιϐλίου

426 5162 919 5300 ἓξὲόοῗησαυροῦ
984 5168 1117 5231 περὶ
1153 5162 1522 5232 aram-ﬁrm:
1594 5162 1930 5231 κεφαλαίου

434 5347 503 5403 α’.
533 5349 691 5402 Κατά
720 5348 890 5401 πολλὰ
930 5348 1302 5417 σημαινόμενα
1345 5337 1698 5417 τόάγένητον
1728 5348 1913 5417 ἑκλαμ·

2107 5346 2158 5399 l.
2193 5343 2499 5414 lngenitum
2548 5344 2733 5400 multis
2777 5345 2949 5400 modis
2992 5344 3295 5414 accipitur:
3342 5343 3613 5413 signiﬁcat

358 5440 603 5494 ϐάνεται.
650 5440 938 5509 Ἀγένητόν
977 5442 1092 5492 ἐστι
1119 5440 1180 5492 τὸ
1218 5441 1385 5509 μήπω
1430 5438 1753 5509 γενόμενον,
1786 5441 1913 5492 ἔνδε-

2032 5440 2177 5495 enim
2207 5448 2260 5493 et
2288 5437 2363 5505 id,
2394 5437 2536 5507 quod
2562 5439 2796 5492 nondum
2816 5437 3018 5491 factum
3041 5445 3147 5500 est,
3174 5437 3266 5490 sed
3294 5444 3471 5489 tamen
3497 5435 3610 5493 ﬁeri

355 5533 586 5603 χόμενον
628 5534 684 5585 δὲ
732 5534 1003 5602 γενέσθαι,
1050 5532 1125 5595 ὡς
1168 5532 1273 5585 ἀπὸ
1310 5531 1467 5595 ξύλου
1508 5533 1737 5600 σκάφος,
1781 5532 1814 5603 ἢ
1862 5535 1913 5585 ἐκ

2032 5541 2230 5602 potest,
2270 5541 2330 5586 ut
2368 5545 2437 5585 ex
2467 5531 2612 5600 ligno
2650 5530 2947 5600 navigium,
2995 5536 3091 5583 aut
3122 5541 3187 5584 es
3244 5542 3351 5584 aere
3397 5538 3612 5597 statua;

2096 5096 2351 5168 Ejusdem
2383 5112 2449 5152 ex
2492 5094 2745 5151 Thesauri
2771 5096 2977 5221 cap.81,
3008 5096 3102 5153 lib.
3126 5113 3166 5167 ι,
3189 5097 3267 5153 De
3311 5099 3542 5169 ingenito

2730 5182 2847 5221 can.
2923 5207 2937 5220 .

2730 5182 2847 5234 cap.
2880 5182 2937 5221 δ.

322 5708 396 5833 ‘x
440 5711 624 5837 ’δεξιοὶ
669 5726 888 5775 cxxxvr,
944 5711 998 5765 6.
1072 5708 1276 5765 ’Joan.
1337 5726 1440 5776 ιιι,
1487 5710 1580 5764 26.

406 5820 423 5848 ρ
454 5820 537 5837 υν.

562 5875 835 5935 Ριτιιοι.
881 5874 998 5933 Gn.
1036 5870 1263 5933 CXXX.

3227 5873 3305 5935 22

1695 5710 1715 5741 ³
1746 5709 1905 5766 Joau.
1957 5723 2039 5778 tn,
2090 5708 2181 5765 56.

2288 5709 2310 5741 δ
2342 5707 2499 5765 Joan.
2521 5722 2598 5775 v1,
2620 5707 2713 5762 58.
2828 5710 2851 5744 '
2886 5708 3119 5775 Philipp.
3146 5724 3208 5775 tt,
3244 5709 3301 5764 ϐ.
3404 5710 3428 5743 ⁸
3456 5709 3617 5767 Joan.

2828 5710 2851 5744 ⁸
2886 5708 3119 5779 Philipp.
3146 5724 3208 5775 tt,
3244 5709 3301 5764 ϐ.
