4100 6290
392 354 499 415 683

1349 370 1730 431 PANUl‘LlA
1771 370 2233 432 DOGMATICA.
2258 396 2327 406 --
2361 372 2513 433 'l‘lT.
2556 370 2691 432 ΧΗ.

3532 376 3637 437 690

390 494 486 547 καὶ
507 492 892 563 ὲπιμίσγοντες
912 494 1048 564 αὐτῇ
1068 491 1350 561 ἀλλοτρίαν
1384 494 1476 545 καὶ
1499 493 1765 563 ἑτεροειδῆ
1790 493 1963 563 φύσιν,

2072 502 2213 572 piius
2241 516 2403 555 unam
2432 501 2485 554 in
2516 474 2784 555 Trinitate
2817 508 3039 557 servant
3073 500 3436 569 divinitatem,
3473 519 3637 574 quam

389 585 485 638 καὶ
514 587 625 647 τοῖς
685 584 946 654 κτίσμασι
1007 582 1410 647 συνεξισοῦντες
1463 585 1667 653 αὐτήν;
1722 583 1889 636 Τοῦτο
1917 584 1973 636 δὲ

388 674 554 728 πάλιν
585 675 766 727 οὐκέτι
793 674 850 727 ἓν
882 671 1016 728 εἶναι
1038 676 1276 729 δείκνυσι
1324 675 1422 746 τὴν
1447 678 1490 727 Τ
1498 676 1672 747 ριάδα,
1724 674 1864 731 ἀλλὰ
1909 677 1973 728 ἐκ

387 766 482 818 δύο
512 765 604 818 καὶ
626 765 897 835 διαφόρων
931 766 1146 835 φύσεων
1181 768 1547 839 συγκειμένην
1579 768 1766 837 αὐτὴν,
1795 765 1883 822 διὰ
1912 767 1974 820 τὸ

387 857 727 927 ἐτεροούσιον
780 855 873 909 τοῦ
926 856 1265 927 Ιῐνεύματος,
1296 859 1370 923 ὡς
1410 859 1561 913 αὐτοὶ
1616 861 1826 923 ἑαυτοῖς
1848 860 1973 914 ἀνε-

386 947 687 1001 πλάσαντο.
886 947 1022 1000 Ποία
1063 944 1157 1002 οὖν
1183 948 1322 1019 αῦτη
1349 948 1594 1018 θεολογία
1623 951 1686 1002 ἐκ
1710 951 1971 1022 δημιουρ-

387 1041 490 1112 γοῦ
536 1042 628 1094 καὶ⁸
676 1041 976 1112 κτίσματος
1034 1042 1400 1113 συγκειμένης
1438 1043 1508 1095 Ἦ
1548 1042 1657 1114 γὰρ
1706 1045 1765 1096 ού
1806 1044 1975 1115 Τριάς

386 1136 560 1195 ἐστιν,
590 1132 727 1185 ἀλλὰ
754 1134 905 1198 δυὰς,
932 1134 1025 1186 καὶ
1052 1134 1236 1187 λοιπὸν
1265 1132 1513 1206 ἠκτίσις,
1537 1133 1591 1204 ἢ,
1611 1136 1659 1187 εί
1805 1136 1974 1206 Τριάς

386 1227 559 1290 ἐστιν,
576 1225 764 1295 ὥσπερ
794 1221 887 1279 οὖν
920 1226 1014 1280 καί
1036 1228 1177 1290 ἐστι,
1211 1227 1327 1289 πῶς
1353 1228 1465 1289 τοῖς
1499 1227 1636 1297 μετὰ
1660 1227 1972 1299 τὴνΤριάδα

386 1311 651 1382 κτίσμασι
685 1312 1035 1368 συντάττουσι
1058 1315 1119 1367 τὸ
1149 1314 1249 1385 τῆς
1274 1315 1503 1386 Τριάδος
1530 1315 1752 1386 Πνεῦμα
1772 1334 1786 1381 ;
1805 1317 1974 1370 Τοῦτο

385 1402 498 1474 γάρ
519 1405 635 1455 ἐστι
664 1404 826 1458 πάλιν
846 1404 1072 1476 διαιρεῖν
1100 1406 1194 1459 καὶ
1209 1405 1446 1461 διαλύειν
1468 1407 1565 1479 τὴν
1583 1405 1808 1479 Τριάδα.
1829 1409 1966 1461 Οὐκ-

384 1493 501 1559 οῦν,
563 1494 747 1559 κακῶς
792 1495 1116 1565 φρονοῦντες
1161 1500 1289 1568 περὶ
1359 1498 1454 1551 τοῦ
1502 1498 1823 1570 Πνεύματος
1876 1499 1968 1552 τοῦ

386 1588 549 1655 ἁγίου
598 1622 617 1652 ,
739 1588 863 1641 οὐδὲ
893 1591 1020 1661 περὶ
1045 1590 1141 1643 τοῦ
1160 1590 1292 1643 Υίοῦ
1317 1590 1499 1655 καλῶς
1665 1592 1971 1665 φρονοῦσιν.

386 1681 451 1733 Ei
482 1679 592 1751 γὰρ
620 1679 882 1749 ἐφρόνουν
932 1678 1109 1750 ὀρθῶς
1161 1681 1290 1751 περὶ
1329 1681 1425 1734 τοῦ
1485 1682 1682 1751 Λόγου,
1712 1683 1970 1755 ἐφρόνουν

386 1769 561 1837 ὑγιῶς
591 1769 685 1821 καὶ
724 1770 853 1840 περὶ
878 1768 972 1822 τοῦ
1008 1770 1346 1841 Πνεύματος,
1402 1772 1430 1825 ὃ
1464 1773 1616 1844 παρά
1643 1772 1736 1825 τοῦ
1760 1774 1963 1844 Πατρὺς

2071 1780 2225 1844 tiant,
2245 1778 2382 1832 bene
2416 1778 2484 1831 de

385 1861 767 1931 ἐκπορεύεται,
803 1861 897 1914 καὶ
935 1859 1029 1913 τοῦ
1060 1860 1193 1913 Υίοῦ
1227 1861 1357 1916 ῐδιον
1390 1862 1470 1927 δν,
1503 1864 1634 1933 παρ’
1800 1864 1965 1918 αὑτοῦ

381 1951 587 2004 δίδοται
608 1953 721 2014 τοῖς
752 1950 1019 2021 μαθηταῖς
1054 1950 1149 2003 καὶ
1181 1952 1314 2005 πᾶσι
1363 1954 1475 2016 τοῖς
1523 1954 1864 2008 πιστεύουσιν
1890 1945 1969 2018 si}

2072 608 2263 661 nempe
2283 591 2587 656 diiiindunt,
2613 600 2666 645 et
2693 590 2781 645 cui
2809 591 3039 646 alienam
3071 607 3135 647 ac
3175 592 3447 647 diversam
3485 606 3641 649 natu-

2073 701 2187 739 ram
2236 685 2561 750 admiscent,
2616 697 2783 753 quam
2836 681 3071 752 denique
3124 685 3266 738 inter
3308 699 3395 739 res
3433 695 3640 740 creatas

2071 776 2374 831 collocant?
2407 776 2465 829 id
2491 789 2621 829 sane
2660 776 2855 844 probat
2888 790 2993 830 non
3019 774 3133 845 jam
3177 789 3291 829 rem
3325 791 3487 829 unam
3520 792 3641 831 csse

2073 864 2417 929 Trinitatem,
2449 864 2542 918 sed
2572 864 2745 934 ipsam
2787 879 2851 918 ex
2882 864 3096 918 duabus
3123 868 3186 918 ac
3211 864 3441 918 diversis
3485 875 3641 918 natu-

2074 958 2150 1012 ris
2180 966 2451 1019 constare,‘
2483 955 2554 1011 ob
2594 957 2867 1011 diversam
2905 957 3154 1011 videlicet
3232 955 3471 1025 Spiritus
3512 957 3642 1011 sub-

2074 1049 2350 1109 stantiam,
2377 1060 2539 1117 quam
2569 1046 2646 1102 illi
2674 1049 2777 1103 sibi
2811 1048 2945 1117 ipsis
2971 1049 3266 1103 commenti
3297 1056 3444 1103 sunt.
3477 1048 3639 1114 Qua!-

2074 1154 2200 1192 nam
2222 1153 2353 1209 ergo
2388 1139 2491 1193 ista
2521 1141 2735 1193 tandem
2766 1149 2850 1192 est
2883 1139 3150 1208 theologia
3187 1154 3253 1193 ex
3305 1148 3552 1194 creatore
3588 1147 3641 1193 et

2073 1245 2131 1284 re
2165 1237 2349 1283 creata
2400 1228 2675 1283 conﬂata?
2698 1227 2794 1282 Vel
2821 1228 2967 1282 enim
3009 1243 3115 1281 non
3148 1237 3234 1283 est
3276 1227 3516 1284 Trinitas
3545 1229 3639 1283 sed

2071 1322 2328 1386 dualilas,
2357 1336 2419 1376 ac
2442 1320 2637 1375 deinde
2673 1336 2761 1375 res
2791 1329 2973 1374 creata
3010 1336 3025 1372 :
3063 1321 3142 1374 vel
3173 1320 3219 1374 si
3263 1319 3505 1375 Trinitas
3533 1329 3638 1387 est,

2072 1414 2149 1467 uti
2180 1428 2306 1467 vere
2344 1421 2448 1476 est,
2498 1411 2774 1481 quomodo
2804 1426 2927 1464 cum
2954 1412 3117 1465 rebus
3142 1412 3344 1466 creatis
3366 1427 3489 1482 quae
3516 1420 3640 1482 post

2071 1502 2390 1557 Trinitatem
2432 1504 2728 1568 exsistunt,
2763 1501 3045 1557 Trinitatis
3116 1502 3378 1571 Spiritum
3442 1504 3640 1558 audent

2071 1595 2381 1650 collocare?
2404 1595 2461 1649 id
2487 1594 2630 1649 enim
2661 1608 2855 1649 rursus
2884 1593 3227 1649 estdividere
3257 1609 3320 1648 ac
3346 1594 3640 1649 dissolvere

2070 1686 2414 1740 Trinitatem.
2454 1685 2643 1758 itaque
2678 1686 2723 1740 si
2769 1686 2913 1741 male
2945 1686 3011 1740 de
3040 1684 3250 1755 Spiritu
3296 1695 3485 1741 saneto
3514 1701 3639 1741 sen-

2702 1775 2845 1831 Filio
2873 1777 3076 1832 sentire
3098 1792 3207 1831 non
3238 1784 3465 1847 queunt.
3502 1775 3639 1830 Nam

2068 1869 2112 1923 si
2141 1876 2284 1922 recte
2317 1867 2384 1919 de
2416 1865 2593 1920 Verbo
2611 1865 2897 1929 sentirent,
2920 1871 3069 1918 recte
3097 1877 3316 1932 quoque
3340 1864 3405 1918 de
3434 1860 3639 1931 Spiritu

2068 1967 2259 2010 sancto
2311 1956 2404 2025 qui
2453 1971 2483 2009 a
2535 1953 2697 2008 i‘atre
2754 1954 2999 2023 procedit
3052 1954 3337 2019 sentirent,
3370 1951 3465 2021 qui
3513 1965 3639 2007 cum

383 2042 571 2095 αὐτόν.
614 2041 770 2095 Οὕτω
813 2041 870 2094 δὲ
920 2040 1282 2111 πλανώμενοι,
1311 2043 1431 2096 οὐδὲ
1472 2045 1600 2114 περὶ
1643 2046 1735 2098 τοῦ
1758 2047 1963 2118 [ἰατρὸς

2066 2046 2184 2101 Filii
2220 2047 2290 2100 sit
2313 2047 2585 2116 praprius,
2612 2045 2801 2100 abillo
2844 2045 3131 2115 discipulis
3169 2044 3553 2113 omnibusque
3582 2044 3638 2098 in

386 2132 519 2202 ὑγιῆ
561 2132 659 2203 τὴν
710 2132 890 2185 πίστιν
934 2131 1166 2202 ἔχουσιν.
1224 2136 1286 2185 υἱ
1327 2133 1435 2205 γὰρ
1482 2135 1847 2205 ἀντικείμενοι
1889 2138 1963 2208 τῷ

2064 2153 2187 2193 eum
2215 2138 2561 2192 credentibus
2603 2137 2785 2191 datur.
2826 2136 3135 2203 Quinetiam
3180 2135 3278 2205 qui
3341 2136 3399 2189 in
3447 2135 3641 2205 hujus-

385 2223 691 2293 Πνεύματι,
716 2221 791 2286 ὡς
824 2216 976 2275 εἶπεν
997 2224 1025 2274 6
1058 2223 1232 2293 μέγας
1263 2224 1471 2295 μάρτυς
1500 2226 1790 2293 Στέφανος,
1821 2223 1963 2281 οὗτοι

2066 2231 2213 2285 modi
2249 2245 2435 2285 errore
2483 2238 2792 2294 versantur,
2842 2244 3020 2298 neque
3068 2229 3124 2282 in
3180 2226 3396 2283 Patrem
3448 2242 3637 2282 sanam

386 2314 487 2366 καὶ
511 2314 617 2365 τόν
636 2313 764 2365 Υίδν
789 2310 1096 2381 ἀρνοῦνται.
1118 2313 1223 2367 Τὸν
1254 2312 1311 2366 δὲ
1334 2312 1461 2366 Υίδν
1493 2313 1962 2384 ἀρνούμενοι,ούδὲ

389 2402 486 2455 τὸν
511 2401 729 2473 Πατέρα
754 2400 960 2470 ἔχουσι.

2069 2323 2225 2376 ﬁdem
2253 2323 2455 2377 habere
2493 2323 2728 2391 possint.
2762 2321 2896 2376 Nam
2929 2322 3021 2391 qui
3072 2321 3305 2390 Spiritui
3352 2319 3635 2383 resistunt,

2069 2414 2143 2468 uti
2180 2415 2411 2485 insignis
2466 2423 2675 2484 martyr
2731 2414 3040 2483 Stephanus
3090 2413 3225 2467 dixit
3282 2413 3329 2480 ι,
3375 2411 3539 2466 iidem
3584 2420 3638 2464 et

392 2493 593 2546 Fit-ium
620 2501 837 2563 negant.
876 2490 1075 2547 Filium
1104 2501 1285 2549 autem
1328 2504 1610 2566 negantes,
1634 2513 1810 2567 neque
1842 2500 2052 2559 Patrem
2084 2506 2330 2575 profecto
2363 2507 2660 2562 habuerint
2701 2498 2741 2553 "-

540 2582 708 2634 Πόθεν
729 2581 906 2634 τοίνυν
934 2581 1081 2651 ὑμῖν,
1116 2597 1161 2633 ω
1188 2597 1355 2645 ουτοι,
1401 2579 1502 2648 τῆς
1702 2583 1965 2648 τοσαύτης

385 2674 598 2743 τόλμης
647 2674 679 2743 ἡ
724 2672 1015 2742 πρόφασις,
1041 2670 1181 2724 ὥστε
1221 2672 1295 2741 μὴ
1316 2670 1614 2741 φοϐηθῆναι
1642 2671 1702 2723 τὸ
1740 2670 1844 2728 ὑπὸ
1869 2668 1964 2722 τοῦ

386 2765 598 2835 Κυρίου
635 2764 946 2835 είρημένονο
977 2782 995 2814 ι
1035 2766 1131 2825 Ὃς
1170 2764 1229 2816 ηδ’
1258 2763 1326 2818 ἂν
1381 2762 1743 2833 βλασφημήσῃ
1795 2763 1874 2826 εἰς
1903 2762 1966 2815 τὸ

385 2852 616 2923 Πνεῦμα
627 2852 689 2904 τὸ
704 2852 879 2919 ἅγιον,
896 2851 997 2904 οὐκ
1012 2852 1122 2922 ἔχει
1145 2852 1334 2920 ἄφεσιν
1356 2850 1479 2905 οὕτε
1510 2855 1568 2906 ἐν
1588 2850 1664 2922 τῷ
1809 2848 1965 2903 αίῶνι

286 2932 291 2935 ί
383 2944 584 3013 τούτῳ,
616 2942 746 2996 οὔτε
776 2942 929 3011 ἐντῷ
963 2941 1238 3012 μέλλοντος
1277 2961 1295 2993 ι
1319 2943 1382 2995 Οἱ
1413 2942 1510 3012 μὲν
1532 2942 1641 3013 γὰρ
1679 2941 1959 3012 Ἀρειανοὶ,

388 3035 568 3086 καίτοι
597 3034 697 3103 τὴν
721 3031 981 3101 ἔνσαρκον
1005 3032 1306 3104 παρουσίαν
1346 3031 1439 3085 τοῦ
1470 3032 1643 3100 Λόγου
1674 3033 1768 3084 καὶ
1793 3032 1862 3084 τὰ
1893 3030 1962 3085 δι’

383 3124 557 3195 αὐτὴν
583 3094 954 3195 εἰρημένα-μὴ
1008 3094 1316 3195 νοήσαντες,
1367 3124 1516 3192 ὅμως
1546 3094 1604 3188 ἐξ
1630 3120 1805 3173 αὐτῶν
1830 3121 1962 3192 πρό-
1988 3094 2029 3149 c

382 3232 551 3282 φασιν
578 3214 835 3277 λαϐόντες
894 3215 975 3277 είς
1018 3214 1115 3286 τὴν
1145 3214 1351 3267 ἑαυτῶν
1402 3214 1630 3285 αἵρεσιν,
1665 3213 1760 3267 καὶ
1789 3212 1960 3277 οὕτως

376 3305 727 3375 ἠλέγχθησαν
762 3305 1013 3375 θεομάχοι
1063 3307 1157 3359 καὶ
1192 3306 1268 3368 ὡς
1291 3305 1506 3377 άληθῶς
1539 3305 1647 3360 ἀπὸ
1676 3306 1781 3376 γῆς
1805 3324 1958 3360 κενοο

378 3396 688 3464 λογοῦντες.
870 3397 1061 3467 Ὑμεῖς
1107 3397 1164 3450 δὲ
1208 3397 1371 3451 πόθεν
1403 3398 1751 3469 ἡπατήθητες
1812 3398 1960 3470 παρὰ

378 3488 547 3541 τίνων
569 3487 921 3553 ἀκούσαντες,
942 3488 976 3557 ἦ
1001 3488 1084 3552 τίς
1116 3490 1144 3541 6
1173 3488 1373 3558 τρόπος
1399 3488 1497 3557 τῆς
1522 3487 1776 3559 τοιαύτης
1809 3488 1960 3559 ὑμῶν

380 3578 595 3648 πλάνης
622 3595 636 3641 ;
683 3579 1042 3649 Ἀνέγνωμεν,
1070 3579 1251 3648 φασὶν,
1274 3580 1331 3631 ὲν
1357 3580 1436 3649 τῷ
1473 3581 1723 3652 προφήτῃ
1759 3579 1956 3651 Ἀμὼς,

380 3666 633 3733 λέγοντος
665 3666 759 3719 τοῦ
791 3666 949 3728 Θεοῦ,
986 3685 1006 3719 ι
1031 3667 1153 3721 Ὅτι
1190 3668 1318 3722 Ἰδοὺ
1368 3669 1479 3737 ἐγὼ
1518 3670 1751 3744 στερεῶν
1801 3670 1958 3741 βρον-

377 3753 504 3825 τὴν,
538 3756 630 3808 καὶ
669 3756 866 3820 κτίζων
911 3754 1145 3827 πνεῦμα,
1179 3757 1273 3809 καὶ
1314 3758 1680 3825 ἀπαγγέλλων
1727 3761 1806 3822 εἰς
1862 3760 1959 3811 ἀν-

383 3845 640 3917 θρώπους
694 3847 786 3901 τὸν
840 3848 1077 3919 Χριστὸν
1137 3848 1322 3901 αὐτοῦ’
1375 3850 1543 3902 ποιῶν
1609 3849 1804 3921 ὄρθρον
1863 3852 1958 3904 καὶ

382 3935 638 4006 ὀμίχλην,
674 3939 768 3991 καὶ
792 3939 1086 3992 ἐπιϐαίνων
1122 3941 1214 3992 ἐπὶ
1252 3940 1319 3994 τὰ
1352 3940 1529 4011 ὑψηλὰ
1563 3941 1662 4010 τῆς
1831 3942 1955 4011 γῆς,

382 4028 591 4098 Κύριος
619 4031 647 4082 6
674 4030 805 4094 Θεὸς
829 4032 858 4084 6
878 4031 1272 4101 παντοκράτωρ
1293 4031 1463 4101 ὄνομα
1492 4032 1658 4102 αὐτῷ.
1691 4052 1709 4083 ι
1753 4034 1859 4086 Καὶ
1880 4034 1959 4087 ἐν·

379 4119 476 4171 θεν
508 4119 838 4190 ἐπείσθημεν
867 4123 979 4184 τοῖς
1009 4122 1308 4191 Ἀρειανοῖς
1336 4122 1552 4189 λέγουσι
1583 4124 1788 4194 κτίσμα
1818 4120 1957 4180 εἶναι

376 4208 443 4261 τὸ
461 4211 683 4281 Πνεῦμα
713 4211 776 4264 τὸ
808 4212 983 4279 ἅγιον.
1002 4210 1134 4265 Εἶτα
1152 4213 1212 4266 τδ
1240 4213 1338 4283 μὲν
1370 4216 1518 4285 παρὰ
1537 4214 1615 4286 τῷ
1779 4215 1960 4285 Ἀμὼς

375 4302 672 4368 ἀνέγνωτεο
721 4304 784 4356 τὸ
832 4303 889 4355 δὲ
955 4306 1013 4357 ἐν
1079 4307 1200 4367 ταῖς
1262 4306 1591 4375 Παροιμίαις
1644 4306 1953 4378 λεγόμενον,

381 4409 402 4442 ι
452 4392 657 4463 Κύριος
684 4393 866 4446 ἐκτισέ
891 4411 956 4463 με
1010 4395 1185 4464 ἀρχὴν
1216 4394 1351 4447 ὁδῶν
1379 4394 1545 4448 αὑτοῦ
1576 4399 1656 4460 εἰς
1687 4396 1823 4467 ἔργα
1857 4399 1956 4452 αὖ·
1986 4395 2030 4450 D

371 4483 493 4547 τοῦ,
518 4502 537 4533 ι
569 4484 668 4537 ούκ
695 4484 1038 4555 ἁνέγνωτε,ἢ
1064 4486 1332 4553 ἀνέγνωτε
1354 4501 1367 4550 ;
1390 4486 1502 4539 Καὶ
1521 4485 1678 4539 τοῦτο

372 4580 450 4643 ὡς
483 4579 595 4649 ἔχει
624 4580 900 4651 ἀληθείας,
923 4579 1271 4651 ἐρμηνεύετε,
1309 4582 1396 4635 ἵνα
1426 4582 1500 4653 μὴ
1535 4582 1726 4654 εἴπητε
1752 4584 1953 4656 κτίσμα

369 4672 466 4725 τὸν
498 4671 689 4738 Λόγονο
723 4671 785 4724 τὺ
833 4671 892 4723 δὲ
927 4672 986 4725 ἐν
1040 4670 1119 4742 τῷ
1150 4674 1400 4742 προφήτῃ
1451 4672 1548 4741 οὐχ
1596 4674 1949 4743 ἐρμηνεύετε,

369 4761 510 4816 ἀλλὰ
554 4761 740 4825 ἁπλῶς
771 4762 1060 4824 ἀκούοντες
1128 4781 1147 4814 ι
1186 4763 1432 4833 πνεῦμα,
1466 4782 1484 4814 ι
1531 4765 1815 4834 ἐνομίσατε
1860 4766 1949 4818 λέ-

366 4854 563 4923 γεσθαι
616 4853 823 4923 κτίσμα
843 4852 905 4906 τὸ
924 4853 1148 4922 Πνεῦμα
1174 4854 1235 4906 τὸ
1282 4854 1469 4922 ἂγιον;
1524 4855 1714 4909 Καίτοι
1762 4858 1819 4909 ἐν
1854 4860 1951 4928 μὲν

367 4947 491 5008 ταῖς
518 4944 847 5015 Παροιμίαις
870 4943 1119 5015 φανερῶς
1282 4946 1316 5015 ἡ
1374 4945 1543 5014 Σοφία
1571 4946 1805 5013 λέγουσα
1833 4950 1949 5002 ἐστι

365 5034 450 5099 τὸ,
485 5054 503 5086 ι
530 5036 710 5089 ἐκτισέ
749 5050 837 5106 με’
858 5054 877 5087 ι
919 5035 1013 5089 καὶ
1037 5035 1184 5105 ὅμως
1221 5034 1401 5098 καλῶς
1433 5052 1498 5104 γε
1535 5037 1833 5100 ποιοῦντες,
1862 5040 1947 5109 έρ-

368 5124 634 5196 μηνεύετε
663 5125 726 5177 τὸ
768 5124 949 5196 ῥητὸν,
1002 5124 1088 5176 ἵνα
1125 5124 1197 5195 μὴ
1237 5124 1335 5196 τὴν
1386 5126 1714 5197 δημιουργὸν
1753 5128 1949 5196 Σοφίαν

363 5219 426 5270 ἐν
599 5219 715 5280 τοῖς
738 5218 1001 5287 κτίσμασι
1025 5217 1411 5288 συναριθμῆτε.
1443 5217 1518 5270 T6
1542 5219 1599 5271 δὲ
1630 5222 1691 5273 ἐν
1714 5219 1791 5290 τῷ
1814 5238 1948 5291 προ-

365 5307 514 5378 φήτῃ
550 5307 712 5377 ῥητὸν
736 5309 837 5363 οὐκ
860 5307 1275 5378 ἐχειγνώρισμα
1308 5309 1437 5380 περὶ
1468 5310 1564 5363 τοῦ
1598 5312 1755 5379 ἁγίου
1778 5312 1948 5366 Πνεύ-

366 5416 558 5470 ματος,
619 5399 734 5453 ἀλλ’
758 5400 944 5463 ἁπλῶς
995 5399 1209 5471 εἴρηται
1261 5402 1390 5471 περὶ
1444 5402 1773 5474 πνεύματος.
1821 5405 1948 5469 Πῶς

361 5488 478 5555 οὖν,
504 5490 681 5544 καίτοι
715 5491 972 5562 πλείστης
998 5491 1164 5563 οὔσης
1199 5492 1459 5565 διαφορᾶς
1482 5495 1540 5548 ἐν
1563 5499 1679 5557 ταῖς
1704 5498 1947 5568 Γραφαῖς

364 5583 497 5651 περὶ
532 5583 858 5652 πνευμάτων
897 5624 913 5651 ,
1036 5584 1131 5636 καὶ
1182 5584 1479 5657 δυναμένου
1517 5587 1610 5641 τοῦ
1646 5590 1809 5661 ῥητοῦ
1846 5593 1944 5664 τὴν

1817 4485 1950 4555 μὲν,

2217 2593 2497 2648 Undenam
2533 2608 2663 2663 ergo
2689 2601 2850 2646 tanta:
2881 2593 3034 2648 vobis
3064 2591 3387 2647 temeritatis
3432 2605 3618 2654 causa,

2063 2694 2118 2741 ut
2153 2701 2251 2740 nec
2284 2685 2414 2738 illud
2456 2700 2483 2738 a
2517 2684 2801 2740 Salvatore
2840 2686 3045 2741 diotum
3098 2688 3436 2743 vereamini:
3478 2705 3497 2737 ι
3525 2686 3629 2751 Qui

2058 2778 2515 2848 blasphemaverit
2564 2779 2619 2832 in
2653 2780 2917 2849 Spiritum
2957 2790 3232 2847 sanctum,
3267 2797 3374 2835 non
3408 2780 3631 2834 habebit

2058 2869 2439 2925 remissionem
2487 2884 2664 2939 neque
2712 2870 2767 2924 in
2816 2870 2921 2925 hoc
2968 2872 3169 2925 saeculo
3216 2886 3391 2940 neque
3440 2871 3493 2924 in
3544 2870 3630 2925 fu-

2060 2961 2255 3016 turo‘?
2284 2980 2304 3012 ι
2331 2961 2515 3014 Ariani
2547 2960 2793 3030 quidem,
2827 2961 2930 3017 etsi
2954 2976 3272 3031 corpoream
3302 2960 3463 3015 Verbi
3491 2975 3631 3029 pras-

2060 3049 2516 3118 sentiam,ctqute
2545 3050 2665 3117 ejus
2693 3064 2859 3105 causa
2875 3051 3016 3105 dicta
3048 3062 3199 3118 sunt,
3230 3066 3335 3104 non
3362 3051 3630 3119 intellige-

2060 3148 2201 3205 rent,
2230 3154 2298 3194 ex
2327 3139 2412 3195 his
2440 3148 2621 3195 tamen
2651 3142 2994 3195 occasionem
3017 3158 3130 3195 suae
3152 3143 3629 3197 comminiseemlae

2061 3229 2283 3284 haeresis
2314 3229 2714 3299 improbissime
2744 3231 2910 3294 nacti,
2945 3228 3043 3285 Dei.
3074 3232 3254 3287 hostes
3282 3247 3404 3286 esse
3428 3241 3483 3286 et
3505 3248 3630 3286 vere

2059 3319 2126 3373 de
2159 3328 2302 3373 terra
2360 3315 2384 3348 ⁸
2445 3319 2627 3373 inania
2665 3320 2814 3391 loqui
2858 3322 3096 3376 convicti
3148 3331 3296 3376 sunt.
3340 3320 3448 3373 Vos
3501 3336 3629 3375 vero

2063 3410 2358 3476 undenam,
2391 3425 2601 3480 quaeso,
2640 3411 2697 3465 in
2738 3427 2982 3467 errorem
3044 3411 3246 3466 inducti
3289 3411 3468 3466 estis?
3493 3412 3631 3476 Quis

2060 3516 2159 3555 vos
2187 3500 2260 3555 ita
2294 3500 2504 3566 decuit,
2535 3503 2620 3557 vel
2642 3503 2765 3572 quis
2798 3504 3017 3558 tandem
3047 3503 3242 3557 modus
3274 3502 3441 3557 vestri
3472 3516 3629 3555 erro-

2061 3591 2137 3646 ris
2159 3590 2472 3662 ?Legimus,
2501 3593 2780 3662 inquiunt,
2808 3593 2860 3646 in
2894 3594 3158 3662 propheta
3189 3594 3358 3645 Amos
3388 3593 3505 3645 haec
3535 3591 3631 3645 Dei

2063 3684 2230 3738 verba
2265 3703 2278 3738 :
2320 3703 2339 3737 ι
2369 3683 2509 3750 Quia
2543 3700 2670 3740 ecce
2697 3700 2796 3755 ego
2842 3687 3067 3739 ﬁrmans
3095 3684 3321 3748 tonitru,
3342 3694 3397 3738 et
3437 3699 3633 3739 creans

2063 3775 2313 3845 spiritum
2336 3817 2349 3840 ,
2379 3784 2431 3830 et
2463 3776 2798 3830 annuntians
2820 3776 2885 3829 ad
2911 3775 3158 3829 homines
3180 3774 3463 3827 Christum
3487 3774 3626 3841 ejus.

2064 3865 2269 3920 faciens
2297 3865 2599 3920 diluculum
2649 3874 2705 3919 et
2757 3866 3033 3929 nebulam,
3068 3874 3123 3918 et
3182 3864 3439 3932 gradiens
3467 3877 3631 3930 super

2062 3957 2276 4012 excelsa
2311 3968 2504 4012 terrae:
2541 3958 2805 4013 Dominus
2842 3958 2983 4011 Deus
3014 3958 3381 4025 omnipotens,
3431 3970 3632 4010 nomen

2062 4048 2161 4117 ipsi
2203 4053 2243 4101 '.
2272 4066 2290 4098 ι
2316 4046 2443 4102 inde
2469 4048 2682 4102 adducti
2717 4049 2920 4103 fuimus
2946 4058 3004 4102 ut
3044 4047 3286 4111 Arianis,
3326 4048 3419 4115 qui
3457 4046 3632 4116 Spiri-

2060 4151 2173 4195 tum
2224 4149 2472 4195 sanctum
2499 4155 2611 4195 rem
2661 4148 2898 4194 creatam
2930 4154 3050 4193 esse
3076 4139 3297 4203 docent,
3337 4137 3632 4193 assentire-

2062 4246 2204 4285 mur.
2231 4232 2312 4284 An
2346 4245 2475 4301 ergo
2514 4231 2660 4299 quod
2722 4231 2863 4299 apud
2914 4228 3082 4283 Amos
3142 4236 3321 4282 exstat
3370 4228 3578 4297 legistis
3613 4245 3629 4282 :

2060 4324 2203 4388 quod
2231 4332 2409 4377 autem
2437 4322 2490 4376 in
2521 4319 2834 4377 Proverbiis
2855 4321 3056 4375 dicitur
3085 4336 3097 4370 :
3128 4319 3445 4388 {Dominus
3474 4334 3632 4374 erea-

2060 4416 2137 4467 vit
2172 4428 2257 4467 me
2288 4414 2502 4467 initium
2552 4414 2766 4467 viarum
2820 4426 3044 4467 suarum
3080 4413 3136 4465 in
3177 4426 3343 4480 opera
3384 4426 3484 4465 sua
3521 4418 3563 4475 ⁸,
3604 4430 3624 4462 ι

2061 4518 2126 4559 an
2160 4502 2367 4573 legistis
2407 4504 2622 4558 necne?
2669 4501 2880 4571 Ergone
2936 4501 3079 4555 istud
3114 4498 3532 4553 Proverbiorum
3561 4512 3631 4551 ex

2058 4593 2297 4648 veritate
2335 4593 2787 4662 interpretamini,
2850 4608 2917 4647 ne
2944 4592 3197 4646 videlicet
3245 4589 3485 4645 Verbum
3515 4605 3630 4643 rem

2058 4694 2295 4740 creatam
2319 4684 2518 4739 dicatis
2553 4700 2568 4736 :
2596 4684 2727 4738 illud
2752 4692 2934 4737 autem
2960 4684 3239 4752 propheta:
3284 4681 3432 4735 nulla
3463 4681 3633 4734 inter.-

2058 4774 2361 4844 pretatione
2386 4773 2695 4844 explicatis,
2724 4773 2817 4827 sed
2848 4788 2981 4827 voce
3016 4789 3035 4822 ι
3077 4771 3305 4840 spiritus
3334 4788 3353 4821 ι
3384 4778 3594 4823 tantum
3611 4799 3647 4815 ογ

2058 4867 2218 4920 modo
2248 4866 2455 4931 audita,
2495 4864 2758 4934 Spiritum
2791 4872 3044 4918 sanctum
3094 4876 3208 4915 rem
3251 4870 3492 4916 creatam
3520 4862 3627 4917 dici

2055 4957 2606 5025 existimatis?Atqui
2661 4957 2715 5008 in
2774 4953 3086 5009 Proverbiis
3130 4953 3413 5023 Sapientia
3446 4964 3632 5023 aperte

2055 5044 2188 5096 dicit
2226 5060 2240 5097 :
2281 5061 2300 5095 ι
2332 5043 2556 5097 Creavit
2588 5056 2696 5095 me.
2745 5060 2764 5093 ι
2804 5040 3190 5097 Verumtamen
3240 5053 3387 5099 recte
3407 5058 3504 5097 vos
3546 5044 3633 5097 di-

2057 5143 2202 5185 ctum
2249 5134 2490 5189 illudita
2519 5132 2790 5202 excipitis,
2815 5143 2877 5187 ut
2903 5149 3011 5189 non
3044 5136 3367 5189 ereatricem
3402 5134 3631 5203 Sapien-

2058 5228 2185 5280 tiam
2211 5227 2379 5281 rebus
2410 5228 2610 5282 creatis
2637 5229 3032 5284 annnmeretis.
3064 5228 3159 5283 Sic
3205 5228 3373 5297 igitur
3397 5241 3505 5280 vox
3533 5226 3628 5281 illa

2059 5318 2335 5387 prophetae
2359 5332 2468 5372 non
2502 5317 2766 5390 Spiritum
2808 5330 3058 5375 sanetum
3111 5320 3355 5381 denotat,
3385 5318 3477 5372 sed
3504 5326 3628 5370 tan-

2059 5418 2171 5460 tttm
2198 5409 2267 5464 de
2299 5409 2493 5478 spiritu
2522 5410 2741 5466 dicitur.
2777 5410 2911 5465 Cum
2946 5424 3077 5479 ergo
3105 5409 3274 5463 multa
3297 5407 3370 5461 sit
3391 5406 3445 5460 in
3476 5404 3625 5460 Scri-

2059 5500 2238 5569 pturis
2287 5500 2580 5570 spirituum
2630 5501 2953 5564 differentia,
3012 5508 3335 5567 rectumque
3401 5510 3627 5552 sensum

2058 5593 2260 5647 habere
2290 5593 2463 5662 possit
2515 5594 2618 5650 iste
2669 5591 2967 5663 Scriptores
3015 5591 3192 5657 locus,
3213 5604 3312 5645 cur
3344 5603 3442 5644 vos
3480 5589 3629 5644 velut

428 5775 590 5855 {Ach
622 5790 714 5839 vn,
752 5778 838 5855 ξι.
917 5782 1170 5840 'iJoan.
1218 5801 1275 5851 ιι,
1317 5788 1407 5843 23.
1488 5788 1508 5820 ³
1544 5789 1739 5844 Matth.
1777 5806 1873 5854 xu,
1936 5790 1963 5844 τι

2114 5790 2279 5844 illarc.
2330 5806 2409 5855 ιιι,
2460 5787 2548 5844 ‘29.
2627 5790 2648 5819 ⁸
2686 5787 2840 5843 Joan.
2891 5803 2970 5855 ιιι,
3007 5786 3096 5842 51.
3176 5784 3497 5848 Ἀιιιοειν,
3546 5783 3626 5836 15.

355 5844 377 5876 ⁵
410 5842 575 5902 Prov.
612 5862 726 5911 νιιι,
759 5850 851 5903 22.

3681 5624 3707 5677 δὲ
