4100 6290
449 350 560 413 691)

642 461 892 533 Λέγεται
920 459 990 513 δὲ
1026 460 1127 514 και
1181 459 1416 529 ἀνέμων
1462 460 1797 529 πνεύματα.
2045 479 2091 534 Α

602 567 1046 638 Ἐντυγχάνοντες
1064 565 1124 619 δὲ
1142 566 1236 620 καὶ
1254 566 1413 635 ὑμεῖς
1433 568 1552 628 ταῖς
1571 566 1753 633 ἁγίαις
1769 564 1879 635 (58)
1898 566 2030 636 Γρα-

440 661 604 727 φαῖς,
659 660 923 730 εὑρήσετε
968 656 1260 726 λεγόμενον
1311 656 1526 725 πνεῦμα
1558 656 1773 709 καὶτὸν
1823 658 1883 708 ὲν
1933 657 2030 709 αύ-

435 754 557 814 τοίς
584 753 697 814 τοῖς
727 750 894 812 θείοις
939 748 1119 816 λόγοις
1144 748 1300 814 νοῦν,
1329 748 1629 818 γράφοντος
1664 745 1758 799 τοῦ
1789 747 2026 801 Παύλου⁶

443 862 466 894 ι
486 845 582 906 ’ος
742 842 841 896 καὶ
876 841 1139 894 ἱκάνωσεν
1173 841 1320 910 ἡμᾶς
1356 840 1635 902 διακόνους
1670 839 1881 908 Καινῆς
1903 841 2029 893 Δια-

436 936 642 1005 θήκης,
664 934 725 987 ού
745 934 1089 1005 γράμματος,
1111 932 1247 985 ἀλλὰ
1270 929 1599 1001 πνεύματος.
1627 929 1700 983 Τὸ
1719 930 1829 1001 γὰρ
1853 931 2031 1001 γράμο

442 1045 525 1098 μα
554 1026 864 1081 ἀποκτείνει
882 1065 899 1089 ,
924 1025 986 1078 τὸ
1011 1026 1069 1078 δὲ
1092 1024 1312 1096 πνεῦμα
1338 1024 1614 1089 ζωοποιεῖ.
1640 1042 1660 1075 ι
1698 1024 1772 1075 Τὸ
1796 1023 1894 1093 μὲν
1919 1022 2027 1091 γὰρ

438 1115 608 1187 ῥητὸν
651 1113 943 1184 γράμματι
992 1113 1362 1183 κεχάρακταιο
1408 1113 1437 1163 ὁ
1466 1111 1523 1164 δὲ
1561 1111 1687 1175 νοῦς
1714 1112 1746 1164 ὁ
1788 1113 1847 1165 ὲν
1875 1110 2027 1183 αὐτῷ

440 1205 663 1276 πνεῦμα
690 1204 926 1273 λέγεται.
989 1204 1181 1268 θῦτως
1208 1205 1302 1258 καὶ
1359 1222 1379 1255 ι
1415 1205 1445 1257 6
1472 1202 1634 1274 νόμος
1660 1204 2027 1273 πνευματικός

439 1300 612 1362 ἐστιν,
647 1316 667 1351 ι
698 1298 763 1350 ἵν’
794 1296 870 1359 ὡς
900 1296 1061 1351 πάλιν
1088 1296 1279 1367 εἴρηκε
1318 1330 1336 1357 ,
1487 1295 1561 1366 μὴ
1593 1295 1933 1365 δουλεύωμεν
1965 1297 2024 1349 ὲν

437 1389 766 1459 παλαιότητι
788 1389 1137 1458 γράμματος,
1166 1387 1280 1439 ἀλλ’
1314 1388 1372 1440 ὲν
1393 1387 1670 1457 καινότητι
1691 1386 2021 1457 πνεύματος.

440 1481 555 1534 Καὶ
580 1480 742 1543 αὐτὸς
778 1480 876 1550 μὲν
902 1478 1235 1560 εὑρριστῶν
1268 1477 1454 1546 ἔλεγεν
1472 1494 1487 1508 °
1522 1495 1542 1529 ι
1571 1478 1713 1547 ’Δρα
1744 1473 1838 1535 οῦν
1860 1477 2026 1541 αὐτὸς

438 1571 559 1640 ἐγὼ
580 1570 660 1641 τῷ
692 1571 791 1641 μὲν
812 1569 899 1625 νοῒ
916 1568 1158 1624 δουλεύω
1180 1570 1330 1640 νόμῳ
1356 1567 1492 1623 Θεοῦ
1507 1608 1524 1633 ,
1557 1570 1623 1638 τῇ
1651 1568 1710 1621 δὲ
1733 1569 1898 1639 σαρκὶ
1930 1569 2022 1622 νό-

438 1682 536 1737 μῳ
563 1663 837 1735 ἁμαρτίας
856 1679 870 1693 ’
902 1661 1056 1717 οὐδὲν
1082 1661 1176 1714 νῦν
1202 1659 1313 1733 ἄρα
1481 1658 1801 1731 κατάκριμα
1826 1661 1938 1723 τοῖς
1964 1662 2024 1715 ἐν

440 1755 667 1828 Χριστῷ
695 1752 890 1825 Ἰησοῦ.
925 1754 982 1806 ’0
1004 1752 1113 1825 γὰρ
1132 1752 1296 1822 νόμος
1314 1750 1409 1804 τοῦ
1431 1749 1738 1820 πνεύματος
1757 1751 1857 1820 τῆς
1876 1751 2023 1821 ζωῆς

437 1818 511 1894 ιεέ
539 1818 770 1912 Χριστῷ
802 1839 975 1911 Ἰησοῦ
1007 1818 1349 1909 ἠλευθέρωσε
1375 1855 1444 1908 με
1480 1818 1587 1891 ἀπο
1611 1838 1705 1891 τοῦ
1729 1818 1895 1909 νόμου
1922 1818 2023 1911 τῆς
2055 1818 2095 1872 Β

437 1933 751 2003 ἁμαρτίας·
786 1950 808 1984 ι
854 1934 883 1985 ὁ
912 1931 971 1984 δὲ
1014 1930 1306 1995 Φίλιππος,
1355 1930 1446 1983 τὸν
1490 1929 1754 2001 εὐνοῦχον
1788 1931 1896 1984 ἀπὸ
1927 1930 2021 1984 τοῦ

439 2024 773 2094 γράμματος
820 2024 902 2085 είς
932 2020 992 2076 τδ
1025 2020 1240 2097 πνεῦμα
1272 2019 1439 2074 θέλων
1473 2022 1858 2090 ἐπιστρέφειν,
1908 2022 2024 2075 ἐλε-

440 2132 575 2184 γενο
614 2134 633 2167 ι
668 2110 817 2185 Ἀρά
843 2129 908 2181 γε
936 2113 1225 2182 γινώσκεις
1263 2113 1300 2168 ἃ.
1329 2113 1757 2181 ἀναγινώσκεις;
1790 2132 1809 2165 ι
1844 2113 2022 2167 τοιοῦ-

440 2224 539 2261 τον
566 2205 815 2277 ἐσχηκὼς
849 2208 1209 2276 μαρτυρεῖται
1252 2206 1347 2259 καὶ
1395 2207 1426 2259 ὁ
1473 2206 1653 2261 Χάλεό
1821 2208 1879 2259 ὲν
1910 2209 2024 2270 τοῖς

457 2299 755 2370 Ἀριθμοίς,
778 2297 876 2350 τοῦ
896 2296 1031 2351 Θεοῦ
1058 2297 1303 2366 λέγοντος
1327 2315 1341 2329 ο
1384 2317 1403 2350 ι
1444 2298 1503 2351 '0
1530 2298 1585 2351 δὲ
1618 2301 1747 2362 παῖς
1779 2316 1879 2369 μου
1908 2299 2023 2352 Χά-

443 2391 568 2455 λεῦ,
588 2391 668 2449 ὅτι
700 2389 931 2461 ἐγενήθη
957 2390 1143 2461 ἕτερον
1168 2388 1382 2459 πνεῦμα
1409 2390 1467 2443 ὲν
1491 2388 1639 2460 αὐτῷ
1658 2429 1672 2453 ,
1701 2390 1796 2441 καὶ
1823 2390 2026 2460 ἐπηκο-

445 2483 679 2553 λούθησε
710 2499 830 2552 μοι·
862 2482 1060 2547 εἰσάξω
1091 2482 1251 2536 αὐτὸν
1285 2482 1364 2544 είς
1384 2482 1485 2552 τὴν
1517 2482 1619 2551 γῆν
1648 2483 1726 2544 εἰς
1748 2482 1813 2551 ἦν
1843 2481 2024 2551 εἰσῆλ-

443 2574 545 2626 θεν
571 2575 706 2626 ἐκεῖ.
874 2590 900 2624 ιι
936 2572 1102 2643 Ἄλλη
1131 2571 1240 2641 γὰρ
1268 2571 1476 2642 διανοίᾳ
1504 2571 1655 2641 παρὰ
1678 2570 1777 2641 τὴν
1800 2569 2024 2623 ἐκείνων

444 2666 611 2728 αὐτὸς
642 2666 878 2736 λαλήσας
897 2703 912 2727 ,
939 2666 1231 2736 εὐάρεστος
1252 2663 1332 2734 τῷ
1359 2663 1478 2729 Θεῷ
1508 2663 1719 2732 γέγονε.
1755 2660 2025 2732 Τοιαύτην

444 2757 595 2827 ἔχειν
621 2755 955 2827 προέτρεψεν
982 2758 1011 2809 ὁ
1042 2755 1175 2818 Θεὸς
1200 2755 1291 2810 τὸν
1320 2755 1447 2809 λαὸν
1478 2754 1704 2824 καρδίαν
1731 2752 1821 2806 διὰ
1863 2753 2024 2817 Ἱεζε-

443 2846 576 2917 κιὴλ
605 2844 807 2912 λέγων·
846 2862 865 2896 ι
896 2846 1163 2915 Ποιήσατε
1191 2836 1402 2903 ἑαυτοῖς
1445 2842 1672 2911 καρδίαν
1713 2837 1906 2905 καινὴν
1938 2835 2034 2887 καὶ

451 2940 673 3010 πνεῦμα
718 2939 925 2993 καινόν.
957 2956 977 2989 ι
1045 2938 1262 2991 Τούτων
1291 2933 1472 2988 τοίνυν
1504 2930 1674 2991 οὕτως
1699 2928 1898 2991 ὄντων,
1942 2923 2037 2980 καὶ

452 3032 718 3101 τοσαύτης
748 3031 1008 3101 διαφορᾶς
1029 3029 1161 3101 περὶ
1182 3029 1295 3083 τῶν
1318 3023 1642 3094 πνευμάτων
1660 3017 2033 3089 δεικνυμένηςο

448 3122 698 3191 βελτίους
732 3120 796 3174 ἂν
820 3116 918 3191 ἦτε
957 3158 973 3183 ,
1130 3120 1202 3185 ει,
1229 3117 1359 3188 περὶ
1389 3111 1705 3183 κτιζομένου
1727 3107 2037 3178 πνεύματος

448 3213 782 3276 ἀκούοντες,
819 3212 947 3282 περὶ
971 3211 1091 3275 ἑνὸς
1132 3210 1239 3263 τῶν
1275 3204 1688 3280 προειρημένων
1737 3200 2036 3272 ἐφρονεῖτε,

452 3301 571 3361 οἷον
601 3301 670 3375 ἦν
704 3303 833 3374 περὶ
872 3296 934 3356 οῦ
960 3306 1017 3357 ὲν
1064 3302 1264 3371 Ἡσαΐᾳ.
1286 3299 1631 3369 γέγραπται·
1674 3312 1693 3347 ι
1722 3290 2041 3360 Συνεφὼνη-

450 3412 553 3451 σεν
582 3394 761 3466 36-pin1
784 3396 920 3466 πρὸς
943 3395 1034 3448 τὸν
1068 3391 1335 3464 Ἐφραῖμο
1368 3390 1465 3444 καὶ
1487 3388 1679 3458 tam
1704 3387 1738 3457 ὴ
1766 3383 1914 3455 ψυχὴ
1941 3383 2039 3437 αὐ-

446 3487 549 3541 τοῦ
573 3531 587 3555 ,
621 3488 718 3542 καὶ
748 3490 781 3559 ὴ
808 3488 956 3560 ψυχὴ
983 3486 1078 3541 τοῦ
1108 3486 1239 3540 λαοῦ
1273 3485 1445 3540 αὑτοῦ
1465 3522 1481 3549 ,
1518 3483 1579 3537 ὃν
1601 3481 1803 3552 τρόπον
1981 3479 2039 3531 ὲν

451 3581 646 3653 δρυμῷ
673 3581 828 3649 ξύλον
855 3580 962 3634 ὑπὸ
992 3580 1299 3651 πνεύματος
1329 3576 1587 3645 σαλευθῇ.
1621 3593 1640 3625 ι
1700 3570 1954 3625 Τοιοῦτον
1981 3569 2049 3623 δὲ

448 3668 525 3743 ἦν
553 3673 646 3725 καὶ
671 3715 685 3736 ,
720 3690 739 3724 ι
779 3674 844 3726 Ὃ
864 3672 1114 3742 ἐξήγειρε
1142 3670 1345 3741 Κύριος
1364 3666 1583 3737 πνεῦμα
1606 3664 1700 3718 ἐπὶ
1721 3663 1818 3734 τὴν
1840 3660 2039 3714 θάλασ-

455 3780 559 3816 σαν
601 3783 621 3815 ι
654 3764 743 3818 διὰ
774 3764 864 3818 τὸν
911 3765 1113 3817 Ἰωνᾶν.
1150 3759 1463 3817 Ἀκολουθεῖ
1481 3758 1590 3828 γὰρ
1619 3759 1685 3828 τῇ
1719 3755 1913 3827 βροντῇ
1944 3752 2039 3805 καὶ

451 3854 527 3906 τὰ
548 3853 655 3907 τῶν
679 3855 896 3925 ἀνέμων
923 3854 1208 3925 πνεύματα
1224 3894 1243 3919 ,
1264 3852 1344 3915 ὡς
1374 3850 1469 3903 ἐπὶ
1491 3847 1584 3903 τοῦ
1618 3846 1776 3901 ὑετοῦ
1848 3852 1857 3859 ’
1946 3841 2042 3895 τοῦ

451 3947 598 4001 κατὰ
627 3947 720 4000 τὸν
752 3947 975 4017 Ἀχαὰδ,
997 3947 1075 4009 ὡς
1101 3946 1415 4015 γέγραπται
1437 3958 1450 3972 ο
1486 3958 1506 3991 ι
1535 3940 1646 3994 Καὶ
1677 3938 1893 4005 ἐγένετο
1910 3930 2036 4001 ὧδε,

1380 343 1759 404 PANOPLIA
1800 344 2350 405 DOGMATICA.-
2385 343 2537 403 TlT.
2582 343 2725 403 XII.

3597 345 3701 403 694

2430 459 2635 514 Dicitur
2666 468 2828 512 etiam
2858 467 3135 513 uenturum
3164 457 3401 525 spiritus.

2298 566 2441 633 Quin
2463 566 2627 620 etiam
2654 566 2702 620 si
2727 565 2883 619 vobis
2907 573 3127 618 sanctas
3158 561 3391 617 Litteras
3422 560 3600 629 legere
3619 561 3705 615 ιιιο

2131 661 2273 723 heat,
2305 659 2483 728 ipsum
2513 658 2825 711 divinorum
2848 655 3140 709 verborum
3182 668 3425 718 sensum,
3449 654 3702 723 spiritum

2127 766 2346 821 quoque
2378 750 2639 820 appellari
2693 748 2995 818 reperietis.
3044 746 3136 800 Sic
3161 746 3312 812 enim
3338 745 3540 800 Paulus
3566 748 3705 801 scri-

2127 844 2207 898 bit
2233 862 2247 897 :
2281 862 2299 894 ι
2318 842 2426 909 Qui
2445 852 2498 896 et
2521 842 2746 896 idoneos
2766 856 2866 895 nos
2896 838 3023 893 fecit
3048 838 3332 892 ministros
3357 836 3492 891 Novi
3514 836 3705 891 Testa-

2129 934 2317 999 menti,
2350 947 2457 987 non
2492 933 2704 998 linem,
2736 932 2829 987 sed
2858 930 3103 1000 spiritus.
3135 928 3343 985 Littera
3376 929 3522 983 enim
3558 928 3706 983 occi—

2126 1026 2228 1092 dit,
2252 1025 2478 1095 spiritus
2499 1033 2682 1078 autem
2710 1024 2947 1077 viviﬁeat
2996 1029 3038 1078 ι.
3091 1039 3111 1073 ι
3145 1020 3420 1090 Siquidem
3452 1022 3655 1075 dictum
3684 1060 3702 1085 ,

2127 1120 2302 1175 littera
2335 1127 2618 1173 exaratum
2652 1126 2777 1171 est:
2830 1130 3028 1170 sensus
3054 1128 3185 1168 vero
3226 1127 3387 1181 quem
3420 1114 3663 1169 continet
3684 1153 3699 1175 ,

2126 1212 2350 1281 spiritus
2373 1210 2593 1266 dicitur.
2629 1210 2706 1263 Ita
2733 1216 2787 1263 et
2821 1228 2841 1259 ι
2887 1209 2973 1263 lex
3015 1207 3315 1276 spiritualis
3344 1215 3429 1259 est
3468 1212 3517 1269 ι,
3555 1224 3576 1256 ι
3620 1213 3698 1269 ut,

2126 1302 2588 1371 quemadmodum
2619 1301 2764 1356 idem
2794 1300 2951 1365 dixit,
2982 1315 3088 1353 non
3133 1299 3436 1353 serviamus
3458 1299 3513 1351 in
3547 1306 3702 1351 vetui

2128 1401 2267 1448 state
2291 1393 2503 1458 litterae,
2528 1392 2623 1447 sed
2663 1393 2715 1446 in
2756 1394 2994 1447 novitate
3028 1392 3273 1459 Spiritus.
3309 1390 3453 1444 Idem
3486 1404 3705 1458 quoque

2126 1484 2328 1552 gratias
2353 1498 2522 1554 agens
2551 1484 2767 1539 dicebat
2807 1485 2829 1517 ⁸
2855 1501 2869 1535 :
2908 1501 2927 1533 ι
2956 1482 3124 1552 Igitur
3143 1498 3244 1551 ego
3262 1483 3376 1551 ipse
3395 1492 3573 1536 mente
3591 1495 3705 1536 ser—

2128 1576 2217 1629 vio
2245 1576 2347 1647 legi
2377 1575 2469 1631 Dei
2500 1596 2514 1631 :
2551 1592 2716 1631 carne
2748 1588 2951 1640 autem,
2978 1577 3077 1646 legi
3129 1575 3357 1644 peccati.
3394 1571 3541 1627 Nihil
3573 1588 3705 1642 ergo

2127 1682 2273 1721 nunc
2300 1668 2665 1723 damnationis
2687 1678 2771 1721 est
2796 1669 2865 1721 iis
2888 1667 2988 1736 'qui
3020 1675 3149 1720 sunt
3198 1667 3249 1719 in
3290 1665 3511 1719 Christo
3551 1661 3700 1716 Iesu.

2126 1757 2239 1812 Lex
2257 1759 2401 1812 enim
2431 1760 2657 1828 spiritus
2696 1759 2819 1813 vitae
2853 1760 2905 1812 in
2942 1758 3162 1812 Christo
3184 1759 3312 1813 Jesu
3337 1756 3587 1811 liberavit
3614 1770 3705 1809 me

2126 1862 2157 1901 a
2188 1848 2303 1916 lege
2320 1848 2529 1917 peccati
2585 1851 2625 1902 ι.
2658 1866 2676 1900 ι
2716 1847 2999 1917 Philippus
3015 1848 3178 1902 etiam
3205 1846 3518 1901 eunuchum
3555 1860 3585 1899 a
3619 1845 3703 1898 Iit-

2128 1948 2243 1994 tera
2276 1940 2343 1994 ad
2375 1939 2628 2010 spiritum
2654 1948 2972 1994 convertere
3006 1939 3193 1993 volens
3224 1939 3446 1993 aiebat:
3486 1955 3503 1987 ι
3543 1937 3703 1990 Intel-

2127 2030 2250 2099 ligis
2289 2044 2412 2098 qua:
2458 2031 2591 2101 legis
2640 2031 2706 2085 '?
2754 2049 2773 2082 ι
2811 2028 2997 2084 Talem
3041 2045 3263 2099 quoque
3311 2029 3563 2097 spiritum
3601 2028 3703 2081 Ca-

2126 2118 2213 2173 leb
2272 2118 2532 2183 habuisse
2601 2135 2668 2174 ex
2716 2119 2974 2174 Numeris
3004 2130 3258 2184 constat,
3301 2118 3412 2174 Deo
3441 2120 3702 2173 dicente:

2134 2223 2151 2257 ι
2192 2206 2394 2263 Servus
2424 2222 2580 2263 meus
2607 2208 2791 2272 Caleb,
2826 2209 2952 2278 quia
2993 2210 3170 2264 factus
3192 2219 3277 2263 est
3306 2209 3446 2263 alius
3479 2209 3703 2277 spiritus

2127 2298 2180 2351 in
2206 2312 2272 2352 eo
2292 2339 2305 2362 ,
2346 2308 2400 2353 et
2423 2308 2644 2355 secutus
2669 2309 2753 2354 est
2781 2314 2888 2362 me,
2915 2300 3167 2354 inducam
3209 2300 3387 2367 ipsum
3413 2299 3467 2351 in
3499 2308 3701 2352 terram

2128 2389 2182 2442 in
2217 2404 2381 2458 quam
2418 2390 2530 2445 illic
2562 2390 2844 2461 ingressus
2889 2401 2972 2446 est
3044 2389 3086 2443 ‘.
3145 2409 3165 2442 ι
3211 2389 3413 2460 Nempe
3445 2391 3575 2459 quia
3614 2389 3705 2443 ille

2127 2480 2233 2533 alia
2281 2481 2350 2535 ab
2395 2481 2503 2535 illis
2541 2492 2721 2536 mente
2753 2482 2970 2537 loeutus
2993 2482 3098 2548 sit,
3129 2480 3240 2535 Deo
3269 2481 3373 2535 fuit
3423 2488 3698 2548 acceptus.

2128 2572 2257 2627 Tale
2287 2573 2413 2626 item
2447 2588 2543 2626 cor
2566 2574 2824 2642 populum
2862 2574 3059 2628 habere
3089 2574 3257 2643 jussit
3285 2573 3549 2641 Deusper
3572 2570 3704 2624 Eze-

2127 2664 2354 2718 chielem
2376 2680 2395 2717 :
2441 2682 2460 2714 ι
2498 2663 2682 2718 Facite
2922 2664 3078 2719 vobis
3112 2679 3210 2718 cor
3238 2677 3440 2718 novum
3464 2674 3518 2715 et
3544 2661 3704 2730 spiri-

2129 2764 2241 2808 tum
2266 2770 2462 2809 novum
2522 2751 2560 2807 ⁷.
2604 2774 2622 2806 ι
2657 2754 2791 2820 Quae
2831 2772 2957 2809 eum
2992 2757 3064 2809 ita
3094 2756 3221 2817 sint,
3254 2764 3308 2809 et
3338 2762 3487 2807 tanta
3516 2754 3614 2813 sit,
3645 2758 3706 2804 ut

2138 2841 2494 2906 ostendimus,
2520 2842 2825 2911 spirituum
2856 2844 3186 2908 ditferentia,
3213 2845 3424 2913 :equius
3460 2846 3707 2915 proiecto

2136 2934 2390 3003 ageretis,
2420 2933 2488 2996 si,
2510 2934 2604 2988 ubi
2629 2934 2697 2989 de
2728 2944 2912 2989 creato
2942 2935 3136 3004 spiritu
3182 2937 3387 2989 mentio
3420 2936 3561 2991 facta
3593 2936 3710 2991 l‘ue—

2135 3026 2228 3090 rit,
2262 3024 2314 3079 id
2344 3026 2412 3078 de
2437 3025 2618 3094 aliqua
2658 3026 3047 3093 praedictorum
3102 3027 3396 3095 spirituum
3436 3027 3707 3097 intelliges

2092 3171 2104 3187 η
2136 3111 2287 3167 retis.
2338 3110 2663 3180 Hujusntodi
2690 3113 2778 3167 ille
2800 3114 2976 3168 estde
3010 3129 3120 3182 quo
3158 3115 3302 3183 apud
3342 3115 3537 3170 Isaiam
3575 3118 3709 3186 legi-

2139 3210 2229 3256 tur
2260 3217 2274 3252 :
2318 3220 2337 3253 ι
2370 3202 2665 3256 Cousensit
2686 3203 2851 3256 Aram
2878 3218 3004 3257 cum
3043 3204 3324 3273 Ephraim,
3348 3213 3402 3260 et
3426 3206 3708 3275 obstupuit

2133 3291 2315 3347 anima
2341 3292 2483 3362 ejus,
2508 3302 2564 3347 et
2597 3294 2782 3348 anima
2829 3295 3015 3364 populi
3064 3297 3204 3364 ejus,
3240 3298 3707 3365 quemadmodum

2132 3384 2189 3439 in
2213 3384 2349 3440 silva
2387 3385 2552 3439 arbor
2584 3400 2616 3439 a
2643 3385 2839 3454 spiritu
2883 3389 3198 3443 concutitur
3240 3395 3284 3444 ⁸.
3317 3407 3337 3441 ι
3382 3390 3528 3445 Idem
3576 3388 3706 3445 item

2132 3477 2219 3532 his
2249 3476 2433 3531 verbis
2466 3476 2741 3532 indicatur
2771 3497 2788 3531 :
2832 3497 2849 3528 ι
2883 3477 3153 3533 Excitavit
3173 3479 3437 3536 Dominus
3455 3482 3705 3550 spiritum

2130 3566 2187 3624 in
2220 3584 2373 3624 mare
2408 3575 2456 3634 θ,
2491 3587 2510 3620 ι
2539 3578 2758 3638 propter
2785 3566 3003 3624 Jonam.
3035 3569 3266 3625 Tonitru
3313 3572 3582 3641 siquidem
3621 3587 3709 3627 se-

2127 3669 2375 3729 quuntur
2434 3660 2666 3730 spiritus
2699 3671 3005 3727 ventorum,
3047 3664 3122 3716 uti
3166 3662 3395 3733 contigit
3428 3664 3483 3717 in
3522 3664 3704 3733 pluvia

2129 3765 2251 3820 qua
2303 3758 2496 3804 contra
2533 3750 2725 3805 Achab
2787 3752 3006 3816 cecidit,
3052 3753 3516 3823 quemadmodum
3566 3754 3705 3809 scri-

2129 3851 2282 3911 ptum
2308 3850 2393 3896 est
2426 3859 2442 3896 :
2475 3859 2496 3892 ι
2532 3840 2600 3895 Et
2626 3840 2803 3896 factus
2832 3850 2916 3897 est
2949 3859 3123 3913 usque
3154 3845 3260 3897 huc
3286 3854 3341 3898 et
3372 3860 3547 3915 usque
3569 3847 3698 3912 huc,

2128 3940 2183 3987 et
2201 3933 2321 3987 caeli
2350 3934 2625 3988 obscurati
2648 3943 2787 3989 sunt
2806 3934 3044 3990 nubibus
3068 3945 3123 3990 et
3154 3936 3349 4005 spiritu
3374 3938 3479 3991 ".1

457 4040 557 4094 καὶ
575 4037 682 4099 ἕως
701 4030 823 4099 ὧδε,
848 4036 942 4088 καὶ
972 4038 1002 4088 ὁ
1026 4034 1250 4104 οὐρανὸς
1281 4028 1641 4086 συνεσκότασε
1680 4028 1933 4098 νεφέλαις
1954 4029 2050 4079 καὶ
2080 4030 2373 4100 πνεύματι.
2408 4047 2427 4079 ι

622 4132 761 4185 Ἀλλ’
788 4133 1027 4203 ἐπείπερ
1054 4129 1314 4202 Χριστοῦ,
1349 4128 1483 4199 φησὶ
1522 4164 1539 4189 ,
1711 4121 2039 4195 μνημονεύει

447 4222 516 4275 τδ
542 4221 757 4291 Δόγιον,
781 4220 1092 4283 ἀκολούθως
1113 4220 1208 4273 καὶ
1237 4218 1298 4271 τὸ
1330 4218 1622 4287 λεγόμενον
1642 4212 1861 4283 πνεῦμα
1884 4212 2037 4265 οὐδὲν

446 4315 638 4385 ἓτερον
668 4314 700 4385 ἢ
727 4314 789 4366 τὸ
820 4312 1046 4383 Πνεῦμα
1072 4312 1134 4365 τὸ
1164 4311 1319 4379 ἅγιον
1350 4308 1457 4380 χρὴ
1490 4308 1654 4361 νοεῖν.
1822 4298 1958 4358 Εἶτα
1977 4303 2038 4356 τὸ

452 4399 555 4469 μὲν
704 4398 1161 4470 συνονομάζεσθαι
1172 4397 1250 4469 τῷ
1265 4394 1482 4468 Χριστῷ
1496 4394 1558 4447 τὸ
1570 4392 1792 4464 Πνεῦμα
1807 4392 1868 4445 τὸ
1884 4394 2041 4461 tinos

2306 4130 2502 4185 Verum
2530 4129 2656 4197 quia
2678 4128 2904 4194 Christi,
2943 4128 3219 4198 inquiunt,
3268 4128 3519 4183 meminit
3544 4127 3705 4182 Scri-

2138 4227 2316 4289 ptura,
2398 4218 2525 4272 hinc
2548 4217 2605 4271 lit
2636 4225 2696 4271 ut
2725 4218 2953 4286 spiritus
2981 4218 3048 4271 de
3074 4233 3185 4286 quo
3225 4218 3313 4271 hic
3344 4226 3427 4272 est
3454 4216 3707 4286 quaestio,

2137 4312 2321 4367 nullus
2344 4311 2486 4365 alius
2518 4310 2902 4380 intelligendus
2938 4313 3011 4365 sit
3044 4319 3240 4380 prutter
3285 4311 3547 4380 Spiritum
3580 4325 3711 4365 san-

2136 4412 2309 4457 ctum.
2357 4402 2507 4457 Itane
2554 4418 2686 4473 ergo
2725 4404 2986 4473 Spiritum
3038 4414 3289 4458 sanctum
3336 4420 3443 4457 una
3489 4404 3709 4473 quidem

447 4489 797 4561 ὲθεωρήσατε
817 4507 831 4520 ·
856 4491 920 4544 τὸ
945 4490 1002 4543 δὲ
1048 4490 1277 4561 διαιρεῖν
1301 4488 1435 4542 αὐτὸ
1458 4489 1525 4557 τῇ
1552 4486 1711 4555 φύσει
1727 4526 1742 4549 ,
1776 4486 1871 4539 καὶ
1904 4486 2033 4538 ἁπο-

2137 4510 2261 4551 cum
2294 4494 2516 4548 Christo
2545 4495 2817 4548 nominari
2851 4496 3202 4549 attemlistis?
3226 4505 3283 4548 at
3311 4496 3532 4548 ubinam
3558 4495 3709 4548 illum

450 4584 682 4651 ξενίζειν
709 4584 820 4638 ἀπὸ
846 4582 942 4637 τοῦ
966 4583 1119 4646 Υῑοῦ,
1140 4582 1243 4635 ποῦ
1272 4581 1660 4651 κατενοήσατε,
1692 4579 1776 4631 ὅτι
1799 4577 1891 4630 τὸν
1939 4575 2041 4647 μὲν

447 4675 687 4746 Χριστὸν
715 4675 902 4743 λέγετε
937 4674 1011 4745 μὴ
1057 4669 1197 4727 εἶναι
1238 4672 1475 4742 κτίσμα,
1520 4669 1584 4722 τὸ
1624 4669 1683 4722 δὲ
1878 4667 2034 4736 ἅγιον

448 4762 680 4835 Πνεῦμα
714 4763 923 4835 κτίσμα
954 4764 1177 4832 λέγετε;
1205 4763 1317 4821 Καὶ
1341 4760 1542 4817 ἄτοπόν
1568 4761 1685 4813 ἐστι
1718 4758 1787 4812 τὰ
1809 4758 2040 4829 ἀνόμοια

447 4859 519 4927 τῇ
548 4855 708 4924 φύσει
750 4855 1159 4926 συνονομάζειν,
1211 4854 1307 4907 καὶ
1353 4850 1714 4917 συνδοξάξειν.
1763 4850 1900 4905 Ποία
1928 4849 2039 4921 γὰρ

449 4948 729 5013 κοινωνία,
764 4946 798 5018 ἢ
835 4948 965 5001 ποία
989 4946 1245 5018 ὁμοιότης
1266 4944 1343 5016 τῷ
1363 4944 1622 5015 κτίσματι
1652 4943 1789 5011 πρὸς
1805 4942 1899 4997 τὸν
1923 4942 2039 4995 κτί-

452 5054 619 5108 στην;
672 5039 828 5092 Ἐπεὶ
861 5039 982 5111 ὥρα
1006 5039 1151 5109 ὑμᾶς
1172 5038 1266 5091 καὶ
1290 5037 1367 5107 τῷ
1396 5036 1511 5108 Υἱῷ
1544 5036 1895 5108 συναριθμεῖν
1945 5035 2041 5089 καὶ

452 5130 751 5185 συνάπτειν
784 5132 856 5185 τά
902 5132 970 5184 δι’
1005 5128 1171 5184 αὐτοῦ
1204 5128 1472 5199 γενόμενα
1516 5128 1809 5197 κτίσματα.
1842 5128 2038 5197 Ἤρκει

453 5221 558 5292 μὲν
582 5216 677 5274 οὖν
865 5221 995 5293 περὶ
1027 5218 1333 5290 πνεύματος
1382 5217 1600 5288 ἀνέμων
1649 5220 1789 5270 νοεῖν
1840 5216 1901 5269 τδ
1942 5232 2038 5284 γε-

448 5313 798 5384 γραμμένον,
830 5312 1020 5386 ὥσπερ
1045 5315 1288 5385 εῐρηται·
1328 5310 1515 5380 ἐπειδὴ
1548 5310 1606 5362 δὲ
1637 5307 2039 5380 προφασίζεσθε

448 5421 556 5475 την
575 5406 634 5457 ὲν
654 5405 732 5476 τῷ
762 5405 911 5477 ρητῷ
933 5406 1063 5477 περὶ
1092 5404 1185 5458 τοῦ
1212 5402 1449 5474 Χριστοῦ
1486 5402 1724 5471 μνήμην,
1746 5401 2040 5468 ἀναγκαῖον

458 5496 590 5551 ἰδεῖν
612 5498 853 5567 ἀκριὸὦς
883 5499 943 5551 τὸ
966 5496 1275 5567 λεγόμενον,
1316 5493 1391 5566 μὴ
1415 5493 1524 5562 άρα
1542 5492 1636 5545 καὶ
1665 5492 1792 5563 περὶ
1827 5490 1921 5544 τοῦ
1950 5490 2039 5543 λιι⁴

514 5768 533 5801 ¹
572 5767 743 5824 lCur.
788 5786 872 5831 ιιι,
914 5771 967 5824 6.
1044 5769 1067 5800 ’
1104 5768 1262 5822 Rom.
1289 5781 1384 5829 vn,
1431 5763 1523 5821 M.
1597 5764 1619 5798 ³
1648 5764 1778 5818 ibid.
1818 5765 1872 5819 6.

2137 4593 2384 4640 naturaa
2412 4584 2553 4639 Filio
2601 4585 2772 4640 dividi
2830 4595 2884 4641 et
2931 4586 3171 4655 separari
3224 4585 3587 4649 intellexistis,
3616 4585 3712 4653 qui

2136 4674 2416 4731 Christum
2453 4676 2672 4746 quidem
2707 4692 2820 4731 rem
2855 4691 3093 4730 creatam
3137 4691 3244 4729 non
3281 4689 3423 4737 esse,
3457 4675 3551 4729 sed
3585 4675 3711 4743 Spi-

2136 4768 2301 4822 ritum
2333 4776 2581 4822 sanctum
2636 4782 2749 4821 rem
2803 4778 3040 4821 creatam
3091 4780 3214 4820 esse
3257 4766 3469 4819 audetis
3496 4765 3714 4819 dicere?

2140 4858 2459 4914 Absurdum
2516 4874 2649 4914 sane
2707 4858 2871 4911 fuerit
2909 4875 2973 4912 ea
3008 4854 3129 4927 quia
3182 4867 3374 4910 natura
3424 4857 3713 4912 dissimilia

2137 4960 2266 5005 sunt
2292 4950 2458 5005 simul
2500 4948 2785 5004 nominare
2838 4949 3139 5015 eademque
3190 4948 3362 5015 gloria
3414 4948 3711 5002 celebrare.

2137 5041 2270 5107 Quae
2303 5041 2450 5095 enim
2473 5038 2789 5094 communio
2819 5037 2899 5090 vel
2928 5052 3051 5106 quae
3076 5037 3380 5091 similitudo
3409 5037 3488 5090 rei
3515 5046 3715 5091 creata:

2137 5146 2261 5186 cum
2296 5128 2595 5183 Creatore?
2622 5126 2871 5182 Profecto
2906 5129 2950 5181 si
2982 5128 3054 5181 ita
3088 5135 3192 5191 est,
3244 5128 3380 5181 nihil
3432 5127 3580 5181 aliud
3612 5142 3712 5181 su-

2138 5229 2510 5292 perestquam
2537 5229 2598 5273 ut
2627 5217 2765 5273 Filio
2809 5234 2897 5274 res
2926 5234 3065 5289 quas
3114 5219 3232 5289 ipse
3288 5218 3493 5273 creavit
3536 5232 3713 5271 annu-

2139 5314 2365 5367 meretis
2416 5322 2472 5366 et
2522 5311 2891 5380 conjungatis.
2926 5311 3116 5380 itaque
3171 5311 3306 5365 satis
3338 5309 3560 5379 quidem
3591 5322 3717 5363 esse

2140 5405 2428 5459 videbatur
2457 5406 2602 5473 quod
2656 5404 2797 5473 apud
2848 5406 3166 5472 prophetam
3215 5392 3477 5470 scriptum
3521 5408 3606 5455 est
3643 5401 3713 5454 de

2139 5498 2334 5564 spiritu
2368 5508 2677 5563 ventorum,
2718 5508 2777 5552 ut
2810 5498 2921 5565 jam
2973 5496 3177 5549 dictum
3230 5504 3335 5559 est,
3389 5493 3709 5563 intelligere.

3259 5630 3291 5663 ο

1947 5764 1969 5795 ⁸
2004 5763 2138 5817 ibid.
2163 5762 2268 5828 95';
2315 5777 2434 5819 vm.
2468 5765 2520 5824 l,
2557 5765 2607 5817 ‘2.
2689 5764 2710 5794 ⁸
2735 5765 2854 5818 Act.
2891 5777 3003 5831 vtu,
3038 5760 3131 5819 50.
3208 5763 3229 5794 ⁸
3266 5759 3429 5818 Num.
3461 5774 3575 5824 xw,
3616 5758 3710 5814 24.

450 5839 477 5874 ι
506 5841 677 5896 Each.
710 5857 859 5904 xvm,
888 5842 975 5895 3i.
1058 5839 1080 5871 '
1124 5841 1232 5896 lsa.
1267 5853 1362 5903 vu,
1389 5835 1445 5891 2.
1524 5838 1543 5868 9
1575 5832 1697 5891 lon.
1736 5851 1776 5901 ι,
1818 5836 1870 5888 4.
1952 5835 1994 5865 ¹⁰
2029 5838 2033 5887 J

2140 5833 2272 5901 llrg.
2314 5850 2464 5897 χχιιι,
2510 5836 2597 5889 45.
