4078 6292
451 317 560 383 695

1704 322 2088 384 EUTHYMII
2124 322 2487 385 ZIGABENI

3591 325 3691 390 696

455 458 653 515 Verum
696 456 1136 529 quandoquidem
1178 454 1378 511 factam
1430 454 1628 510 ibidem
1683 454 1751 509 de
1806 453 2027 510 Christo

2125 458 2355 530 γομένου
2395 455 2678 522 κτίζεσθαι
2728 453 3041 525 πνεύματος
3067 452 3405 525 οἰκειοτέραν
3452 453 3688 526 εὕρωμεν

450 550 787 605 mentionem
817 550 1080 619 objicitis,
1120 558 1375 603 accurate
1418 562 1505 602 res
1534 556 1619 601 est
1651 546 1813 601 nobis
1847 547 2022 616 expli-

450 642 653 708 canda,
683 642 731 695 si
779 639 919 695 Sorte
960 640 1090 709 quid
1146 639 1342 693 melius
1389 639 1456 693 de
1505 639 1610 694 isto
1652 639 1871 709 spiritu,
1926 640 2021 710 qui

451 730 630 783 creari
670 728 899 792 dicitur,
924 728 1214 783 ostendere
1244 728 1540 797 possimus.
1574 728 1714 795 Quid
1733 740 1820 785 est
1860 730 2028 800 igitur

450 821 781 875 annuntiare
821 819 961 873 inter
1008 819 1261 874 homines
1294 818 1575 875 Christum
1625 820 1751 891 ejus
1788 826 1830 888 ί,
1861 839 2026 893 quam

451 910 630 979 ipsum
656 908 930 962 hominem
960 908 1098 971 ﬁeri,
1136 908 1385 979 idemque
1419 925 1543 965 esse
1565 924 1630 965 ac
1657 911 1819 966 illud:
1847 930 1871 963 ιν
1890 912 2030 969 Ecce

451 1001 611 1070 virgo
641 1001 695 1054 in
730 1009 892 1054 utero
926 1000 1169 1067 habebit,
1212 1009 1267 1054 et
1319 1001 1497 1070 pariet
1548 1002 1822 1069 ﬁlium,.et
1864 1020 2028 1059 voca-

452 1091 590 1146 bunt
614 1105 815 1145 nomen
837 1082 957 1159 ejus
988 1090 1311 1151 Emmanuel
1361 1093 1407 1158 ',
1429 1112 1447 1145 ι
1471 1101 1526 1146 et
1554 1093 1661 1147 alia
1679 1107 1797 1162 qua!
1821 1095 1889 1150 de
1907 1095 2028 1164 ejus

452 1182 688 1235 adventu
720 1180 923 1250 scripta
950 1181 1111 1236 sunt?
1140 1180 1278 1236 Cum
1311 1181 1476 1251 igitur
1518 1198 1593 1236 eo
1619 1183 1725 1238 loci
1760 1184 1923 1239 Verbi
1969 1185 2024 1239 in

453 1288 674 1328 carnem
697 1273 962 1328 adventus
994 1274 1369 1341 annuutietur,
1396 1274 1611 1344 qualem
1634 1284 1879 1331 creatum
1909 1278 2025 1345 spi-

453 1363 619 1417 ritum
654 1364 953 1434 intelligere
987 1364 1268 1428 debemus,
1298 1373 1493 1433 praeter
1541 1364 1822 1418 hominum
1855 1367 2025 1433 spirir

456 1454 686 1521 tumqui
721 1453 956 1506 efﬁcitur
984 1462 1037 1505 et
1057 1452 1850 1522 reuovatur,‘quemadmodum
1885 1452 2026 1510 Deus

458 1564 551 1618 per
578 1546 917 1602 Ezechielem
960 1549 1237 1618 pollicitus
1270 1556 1375 1615 est,
1429 1547 1619 1603 dicens
1659 1564 1673 1600 :
1708 1564 1727 1598 ι
1775 1545 1842 1599 Et
1890 1546 2034 1599 dabo

456 1639 614 1694 vobis
642 1654 739 1694 cor
790 1654 1024 1706 novum,
1056 1648 1111 1694 et
1142 1640 1394 1708 spiritum
1421 1654 1624 1694 norum
1658 1638 1801 1692 dabo
1833 1636 1986 1691 vobis
2013 1650 2029 1689 ε

454 1738 509 1782 et
533 1726 777 1783 auferam
815 1744 911 1783 cor
946 1729 1217 1799 lapideum
1263 1730 1331 1784 de
1381 1745 1548 1783 carne
1583 1736 1783 1793 vestra,
1811 1737 1867 1783 et
1888 1726 2035 1782 dabo

455 1820 611 1874 vobis
640 1835 736 1874 cor
792 1835 1079 1885 carneum,
1128 1832 1185 1876 et
1235 1821 1501 1889 Spiritum
1547 1836 1729 1874 meum
1783 1820 1925 1874 dabo
1977 1820 2027 1872 in

2131 1832 2267 1886 Πότε
2373 1803 2530 1886 τοῦτο

452 1912 611 1966 vobis
659 1914 701 1965 ³.
749 1930 775 1963 ι
804 1911 1036 1977 Quando
1069 1928 1201 1982 ergo
1228 1912 1278 1965 id
1319 1912 1597 1980 impletum
1628 1918 1731 1977 est,
1756 1910 1859 1966 nisi
1907 1924 2031 1963 cum

453 2003 673 2057 advenit
702 2003 989 2067 Dominus,
1016 2013 1071 2057 et
1118 2020 1218 2059 sua
1266 2005 1441 2074 gratia
1476 2004 1662 2057 omnia
1722 2005 2034 2057 renovavit?

451 2094 626 2150 Porro
657 2096 762 2151 hoc
790 2097 957 2151 etiam
978 2097 1031 2150 in
1056 2097 1175 2151 loco
1198 2097 1487 2166 spirituum
1512 2096 1816 2152 diﬁ'erentia
1845 2105 2030 2150 osten-

449 2187 621 2241 ditur.
666 2186 800 2240 Nam
831 2188 1055 2256 spiritus
1096 2197 1303 2253 noster,
1356 2188 1403 2242 is
1443 2196 1528 2244 est
1569 2188 1662 2256 qui
1695 2195 2027 2243 renovatur:

451 2279 545 2333 sed
579 2278 842 2348 Spiritum
898 2289 1173 2343 sanctum,
1206 2294 1315 2333 non
1365 2279 1688 2349 simpliciter
1745 2278 2024 2347 spiritum,

451 2371 543 2424 sed
570 2386 730 2425 suum
760 2386 885 2426 esse
932 2370 1194 2440 Spiritum
1221 2369 1370 2425 Deus
1411 2370 1675 2436 declarat,
1700 2370 1753 2422 in
1787 2382 1897 2438 quo
1925 2368 2034 2422 sci-

449 2461 579 2517 licet
601 2462 832 2531 spiritus
860 2472 1046 2518 noster
1066 2470 1385 2528 renovatur,
1404 2463 1482 2517 uti
1496 2463 1789 2517 Psalmista
1821 2461 2031 2531 psalmo

447 2553 752 2608 centesimo
788 2554 949 2608 tertio
999 2555 1306 2610 luculenter
1345 2553 1544 2609 docet:
1577 2572 1596 2605 ι
1637 2552 1869 2608 Auferes
1920 2551 2034 2621 spi—

448 2644 616 2698 ritum
650 2659 838 2699 eorum
868 2654 923 2700 et
946 2644 1220 2708 deﬁcient,
1258 2652 1317 2699 et
1342 2645 1396 2698 in
1425 2645 1701 2714 pulverem
1745 2659 1904 2699 suum
1942 2657 2030 2696 re-

445 2742 750 2789 vertentur.
794 2732 1028 2789 Emittes
1082 2734 1349 2805 Spiritum
1398 2743 1552 2789 tuum
1581 2742 1637 2787 et
1674 2734 2025 2793 ereabuntur.

445 2835 500 2881 et
538 2825 831 2880 renovabis
882 2825 1074 2880 faciem
1117 2836 1275 2880 terrae
1310 2827 1391 2881 ⁸.»
1427 2823 1582 2890 Quod
1629 2824 1675 2879 si
1721 2824 1774 2877 in
1823 2821 2027 2893 Spiritu

445 2917 543 2974 Dei
577 2932 904 2973 reuovamur
934 2936 949 2972 :
982 2932 1091 2971 non
1128 2931 1258 2987 ergo
1313 2914 1551 2986 Spiritus
1594 2922 1821 2971 sanctus
1862 2915 1907 2969 is
1945 2922 2030 2970 est

443 3009 538 3077 qui
568 3010 741 3064 creari
772 3010 993 3071 dicitur,
1022 3009 1114 3063 sed
1152 3018 1341 3064 noster
1372 3008 1618 3077 spiritus.
1640 3007 1698 3060 Si
1898 3005 2027 3060 item

441 3189 642 3245 Filium
706 3205 815 3245 non
880 3205 1003 3247 esse
1069 3205 1185 3245 rem
1236 3200 1475 3246 creatam
1510 3204 1621 3243 :an
1675 3203 1786 3242 non
1841 3188 2027 3244 itidem

442 3280 670 3351 impium
714 3289 799 3336 est
850 3297 949 3347 vos
1007 3280 1273 3351 Spiritum
1330 3289 1607 3345 sanctum,
1636 3279 1692 3333 in
1724 3294 1835 3349 quo
1864 3278 2029 3335 Pater

441 3387 541 3443 per
572 3370 812 3428 Verbum
846 3372 1032 3427 omnia
1068 3373 1282 3442 perﬁcit
1329 3383 1384 3427 et
1416 3380 1666 3439 renovat,
1693 3371 2029 3428 contendere

441 3481 558 3521 rem
589 3480 714 3522 esse
747 3464 1036 3521 creatam?
1065 3465 1123 3518 Si
1156 3464 1322 3535 igitur
1357 3465 1504 3535 quod
1547 3462 1870 3533 simpliciter
1894 3464 2028 3519 scri-

441 3557 701 3628 ptumsit
759 3556 1015 3628 spiritum
1065 3557 1266 3622 creari,
1302 3556 1455 3610 illum
1513 3556 1719 3612 idcirco
1762 3552 2024 3624 Spiritum

442 3657 698 3705 sanetum
725 3662 848 3704 esse
871 3649 979 3704 sibi
998 3649 1131 3719 ipsis
1163 3648 1369 3703 ﬁnxere
1390 3669 1402 3703 :
1418 3648 1531 3717 jam
1560 3662 1885 3718 persuasum
1917 3646 2025 3701 illis

442 3757 564 3798 esse
584 3741 768 3809 debet,
792 3756 903 3797 non
960 3741 1225 3812 Spiritum
1274 3749 1523 3795 sanctum
1570 3740 1722 3795 illum
1757 3754 1884 3795 esse
1929 3738 2024 3808 qui

442 3842 677 3899 creatur,
698 3834 791 3890 sed
820 3842 1071 3889 nostrum
1093 3847 1221 3889 esse
1246 3827 1340 3903 qui
1375 3832 1428 3886 in
1457 3846 1524 3886 eo
1545 3841 1883 3899 renovatur;
1913 3845 2026 3902 qua

442 3926 508 3979 de
532 3935 666 3981 reet
704 3927 822 3995 ipse
857 3924 1029 3981 David
1084 3925 1191 3981 hoc
1233 3924 1397 3981 modo
1445 3923 1815 3994 precabatur:
1855 3939 1878 3977 ι
1912 3922 2027 3979 Cor

452 4015 716 4071 mundum
750 4031 874 4071 crea
908 4014 962 4070 in
990 4030 1097 4079 me,
1129 4013 1293 4078 Deus,
1325 4024 1380 4070 et
1407 4015 1660 4085 spirituum
1693 4026 1902 4070 rectum
1944 4015 2027 4068 in-

457 4121 603 4164 nova
626 4106 678 4160 in
710 4106 1015 4160 visceribus
1049 4106 1181 4158 meis
1210 4111 1253 4157 ³.
1290 4124 1306 4156 ι

521 4200 659 4255 Cum
713 4200 878 4268 igitur
918 4199 989 4251 ita
1014 4197 1359 4252 sentiendum
1413 4198 1487 4252 sit
1551 4198 1619 4254 de
1652 4200 1771 4259 illo
1831 4200 2021 4269 spiritu

451 4297 547 4370 qui
573 4306 811 4362 creatur,
838 4300 1199 4363 congruenter
1214 4307 1435 4362 quoque
1466 4291 1692 4359 intelligi
1736 4298 1917 4360 potest
1940 4297 2022 4344 to—

2122 555 2223 623 τὴν
2254 553 2512 606 διάνοιαν.
2549 551 2615 603 Τί
2639 549 2819 604 τοίνυν
2844 550 2963 603 ἐστὶ
2987 549 3047 601 τὸ
3081 547 3442 616 ἀπαγγέλλειν
3488 550 3566 611 είς
3605 551 3690 603 ἀν-

2125 640 2376 714 θρώπους
2397 640 2489 693 τὸν
2521 639 2756 709 Χριστὸν
2787 636 2978 702 αὐτοῦ,
3004 637 3038 709 ἢ
3069 637 3132 691 τὸ
3162 635 3406 706 γίνεσθαι
3437 637 3693 692 αὑτὸνάνι

2127 734 2367 804 θρωπον,
2401 731 2498 785 καὶ
2530 730 2644 783 ἴσον
2668 725 2805 783 εἶναι
2832 729 2993 783 τοῦτο
3009 729 3089 799 τῷ
3268 728 3431 798 φάναι
3448 741 3463 757 ⁸
3506 747 3526 780 ι
3569 728 3691 784 Ἰδοὺ

2130 821 2166 891 ἡ
2198 818 2466 889 παρθένος
2508 819 2565 870 ἐν
2597 817 2797 888 γαστρὶ
2841 816 2953 881 ἐξει
2972 857 2989 883 ,
3024 818 3120 871 καὶ
3152 817 3369 882 τέξεται
3410 818 3524 871 υίόν
3545 833 3560 847 ·
3607 819 3694 873 καὶ

2130 912 2422 966 καλέσουσι
2444 910 2507 963 τὸ
2529 910 2700 981 ὄνομα
2717 908 2882 963 αὑτοῦ
2914 909 3262 981 Ἐμμανουήλ
3277 926 3327 962 ⁸)
3347 908 3443 963 καὶ
3461 909 3529 963 τὰ
3547 910 3691 973 ἄλλα,

2129 1006 2230 1060 ὅσα
2264 1006 2395 1078 περὶ
2432 1005 2531 1075 τῆς
2574 1003 2870 1075 ἐπιδημίας
2910 1003 3077 1057 αὐτοῦ
3106 1004 3447 1074 γέγραπται;
3504 1003 3601 1072 τῆς
3638 1003 3694 1057 δέ

2130 1096 2395 1168 ἐνσάρκου
2418 1093 2719 1165 παρουσίας
2742 1092 3229 1163 ἁπαγγελλομένης
3246 1092 3487 1164 περὶτοῦ
3507 1093 3689 1161 Λόγου,

2130 1191 2283 1241 ποῖον
2313 1186 2419 1258 χρὴ
2463 1185 2683 1256 πνεῦμα
2720 1185 3040 1256 κτιζόμενον
3073 1188 3243 1250 νοεῖν,
3274 1186 3326 1239 εί
3370 1184 3449 1256 μὴ
3642 1184 3696 1237 rb

2131 1277 2553 1347 ἀνακτιζόμενον
2599 1276 2707 1329 τῶν
2744 1275 3048 1347 ἀνθρώπων
3095 1278 3192 1331 καὶ
3229 1276 3696 1348 άνακαινιζόμενον

2126 1367 2383 1438 πνεῦμα;
2418 1367 2590 1421 Τοῦτο
2617 1367 2727 1439 γὰρ
2751 1369 2847 1421 καὶ
2866 1367 2957 1420 διὰ
2996 1366 3255 1439 Ἰεζεκιὴλ
3292 1369 3647 1439 ἐπεγγείλατο
3670 1372 3697 1423 6

2127 1459 2260 1522 Θεὸς
2292 1458 2497 1527 λέγων’
2540 1477 2559 1511 ι
2602 1461 2715 1512 Kal.
2750 1458 2908 1511 δώσω
2938 1460 3066 1529 ὑμῖν
3107 1460 3336 1531 καρδίαν
3363 1460 3580 1532 καινὴν,
3613 1462 3698 1515 καὶ

2130 1556 2352 1627 πνεῦμα
2375 1556 2562 1611 καινὸν
2586 1555 2744 1610 δώσω
2770 1558 2931 1629 ὑμῖψ
2962 1555 3059 1609 καὶ
3098 1554 3285 1626 ἀφελῶ
3333 1553 3441 1625 τὴν
3483 1554 3698 1626 καρδίαν

2128 1649 2229 1718 τὴν
2253 1648 2459 1720 λιθίνην
2478 1650 2544 1702 ἐκ
2567 1649 2668 1719 τῆς
2698 1649 2897 1719 σαρκὸς
2923 1647 3080 1720 ὑμῶν
3096 1666 3110 1680 ·
3126 1649 3221 1702 καὶ
3236 1646 3398 1702 δώσω
3423 1648 3550 1719 ὑμῖν
3570 1667 3697 1721 καρ-

2129 1739 2246 1794 δίαν
2279 1741 2543 1812 σαρκίνην
2565 1757 2579 1771 ο
2607 1741 2701 1794 καὶ
2733 1740 2795 1794 τὸ
2820 1740 3046 1811 Πνεῦμά
3075 1757 3175 1811 μου
3209 1739 3372 1793 δώσω
3413 1742 3471 1792 ἐν
3497 1740 3636 1810 ὑμῖν.
3673 1760 3691 1792 ι

2689 1832 3064 1904 πεπλήρωται,
3095 1833 3146 1885 εί
3182 1832 3256 1903 μὴ
3281 1833 3373 1885 ὅτε
3408 1833 3696 1902 παραγενό-

2132 1939 2293 1993 μενος
2316 1923 2347 1976 6
2376 1925 2578 1995 Κύριος
2597 1925 2907 1979 ἀνεκαίνισε
2931 1924 3000 1977 τὰ
3028 1924 3206 1977 πάντα
3228 1926 3295 1995 τῇ
3321 1924 3508 1996 χάριτι
3533 1941 3549 1989 ;
3576 1923 3695 1977 ’ἰδοὺ

2129 2013 2236 2083 γὰρ
2262 2013 2356 2068 καὶ
2386 2016 2444 2069 ἐν
2473 2014 2549 2085 τῷ
2578 2014 2726 2087 ρητῷ
2762 2013 2937 2085 τούτῳ
2969 2016 3003 2084 ἡ
3042 2014 3280 2085 διαφορὰ
3308 2014 3424 2067 τῶν
3470 2014 3697 2084 πνευμά-

2127 2121 2233 2156 των
2264 2105 2535 2161 δείκνυται
2557 2125 2570 2138 ’
2601 2107 2696 2160 καὶ
2722 2107 2781 2159 τὸ
2816 2106 2914 2176 μὲν
2940 2105 3157 2176 πνεῦμα
3188 2105 3249 2158 τὸ
3283 2106 3448 2177 ἡμῶν
3485 2106 3696 2160 ἀνακαι-

2126 2197 2406 2267 νιζόμενόν
2452 2199 2600 2251 ἐστι·
2646 2198 2705 2252 τὸ
2742 2197 2799 2252 δὲ
2835 2198 3060 2270 Πνεῦμα
3095 2198 3157 2250 τὸ
3198 2197 3355 2267 ἅγιον
3389 2200 3487 2269 οὐχ
3528 2199 3697 2263 ἁπλῶς

2128 2286 2364 2355 πνεῦμα,
2396 2287 2512 2340 ἀλλ’
2546 2288 2741 2342 ἐαυτοῦ
2904 2307 3069 2360 φησιν
3092 2288 3226 2341 αὐτὸ
3256 2284 3402 2343 εἶναι
3428 2292 3456 2343 6
3480 2289 3625 2355 Θεὸς,
3646 2292 3698 2343 ἐν

2125 2370 2171 2446 ᾧ
2197 2380 2291 2432 καὶ
2317 2380 2385 2432 τὰ
2405 2381 2564 2451 ἡμῶν
2611 2381 3018 2446 άνακαινίζεται
3038 2398 3054 2414 ο
3077 2383 3155 2447 ὼς
3183 2382 3278 2435 καὶ
3318 2384 3351 2435 6
3397 2382 3609 2452 ψάλλων
3646 2384 3699 2435 ἐν

2126 2469 2206 2540 τῷ
2232 2470 2505 2540 ἑκατοστῷ
2531 2471 2624 2523 καὶ
2653 2471 2822 2542 τρίτῳ
2845 2470 3047 2542 ψαλμῷ
3091 2470 3275 2541 λέγει·
3311 2488 3332 2521 ι
3381 2470 3700 2533 ’Λντανελείς

2125 2558 2185 2612 τὸ
2215 2557 2432 2629 πνεῦμα
2463 2559 2641 2613 αὐτῶν
2660 2600 2673 2623 ,
2703 2562 2798 2613 καὶ
2824 2558 3166 2628 ἐκλείψουσι,
3211 2560 3437 2623 καὶκείς
3467 2560 3557 2613 τὸν
3582 2559 3699 2630 χοῦν

2126 2648 2305 2701 αὐτῶν
2327 2649 2765 2720 ἐπιστρέφουσιν.
2815 2650 3224 2714 Ἐξαποστελεῖς
3250 2650 3312 2703 rb
3335 2651 3568 2722 Πνεῦμά
3589 2668 3696 2715 σου,

2124 2739 2220 2792 καὶ
2254 2739 2656 2812 κτισθήσονται,
2692 2742 2791 2795 καὶ
2812 2742 3145 2807 άνακαινιεϊς
3177 2744 3240 2796 τὸ
3274 2746 3572 2816 πρόσωπον
3608 2745 3700 2814 τῆς

2122 2830 2247 2901 γῆς.
2282 2848 2300 2882 ι
2330 2832 2392 2883 El
2425 2831 2481 2884 δὲ
2505 2834 2563 2886 ὲν
2591 2831 2673 2903 τῷ
2717 2832 2994 2904 Πνεύματι
3037 2832 3133 2887 τοῦ
3178 2834 3314 2887 Θεοῦ
3363 2833 3699 2896 ἀνακαινιζ-ό-

2129 2922 2296 2993 μεθα’
2320 2923 2421 2977 οὐκ
2449 2924 2559 2997 ἄρα
2581 2926 2644 2978 rb
2663 2925 2888 2996 Πνεῦμα
2913 2926 2974 2979 τὸ
3003 2926 3157 2994 ἅγιόν
3182 2928 3297 2980 ἐστι
3325 2927 3396 2979 τὸ
3432 2926 3528 2981 νῦν
3557 2926 3700 2994 λεγό-

2086 3042 2100 3051 -
2129 3029 2287 3083 μενον
2303 3012 2520 3085 πνεῦμα
2540 3014 2839 3084 κτίζεσθαι,
2852 3016 2988 3071 ἀλλὰ
3002 3017 3062 3069 τὸ
3076 3017 3371 3088 ἡμέτερον.
3398 3018 3509 3071 Καὶ
3528 3016 3698 3087 είπερ,

442 3100 575 3167 quia
598 3099 787 3153 omnia
823 3113 920 3168 per
970 3097 1203 3153 Verbum
1237 3097 1379 3152 facta
1432 3107 1583 3161 sunt,
1620 3105 1766 3152 recte
1812 3097 2027 3151 sentitis

2125 3102 2212 3155 διὰ
2234 3104 2294 3156 τὸ
2318 3104 2496 3157 πάντα
2523 3106 2775 3173 γενέσθω.

2944 3106 3035 3160 διὰ
3074 3105 3168 3159 τοῦ
3216 3107 3430 3174 Λόγου,
3464 3110 3699 3179 φρονεῖτε

2126 3194 2303 3258 καλῶς
2333 3195 2405 3267 μὴ
2434 3193 2572 3249 εῖναι
2597 3197 2803 3267 κτίσμα
2832 3197 2925 3250 τὸν
2956 3197 3080 3251 Υίόν
3101 3214 3115 3227 θ
3147 3199 3267 3261 πῶς
3294 3198 3355 3251 οὐ
3391 3195 3701 3269 βλᾶσφημόν

2122 3284 2241 3338 ἐστι
2269 3284 2445 3354 λέγειν
2474 3287 2621 3357 ὑμᾶς
2650 3287 2854 3358 κτίσμα
2882 3288 2943 3341 rb
2967 3286 3213 3358 Πνεῦμα,
3259 3289 3317 3343 ἐν
3346 3282 3396 3356 ᾧ
3433 3289 3501 3343 τὰ
3537 3290 3701 3343 πάντα

2125 3377 2155 3429 6
2182 3376 2375 3447 Πατὴρ
2397 3375 2486 3429 διὰ
2522 3374 2619 3429 τοῦ
2650 3376 2825 3445 Λόγου
2851 3375 3048 3430 τελειοτ
3078 3376 3175 3431 καὶ
3194 3376 3544 3440 ἁνακαινίζει
3567 3377 3701 3443 ;Kai

2126 3468 2197 3532 εί,
2227 3466 2317 3520 διὰ
2345 3467 2404 3520 τὸ
2430 3466 2743 3538 γεγράφθαι
2788 3466 2977 3530 ἁπλῶς
3012 3466 3235 3538 πνεῦμα
3275 3469 3580 3534 κτίζεσθαι,
3611 3469 3698 3521 άν-

2123 3558 2429 3613 επλάσαντο
2453 3559 2669 3622 ἑαυτοῖς
2692 3553 2832 3612 εἶναι
2876 3556 3036 3612 τοῦτο
3068 3559 3129 3613 τὸ
3160 3556 3393 3631 Πνεῦμα
3436 3560 3497 3615 rb
3529 3560 3699 3630 ἆγιονο

2125 3650 2412 3722 πεισθῆναι
2429 3650 2614 3703 λοιπὸν
2632 3649 2959 3719 ὀφείλουσιν,
3121 3652 3204 3705 ὅτι
3238 3652 3311 3722 μὴ
3328 3651 3396 3706 τὸ
3411 3650 3631 3722 Πνεῦμα
3650 3650 3701 3703 rb

2126 3742 2283 3812 ἅγιόν
2320 3742 2439 3795 ἐστι
2465 3741 2528 3795 τὸ
2550 3741 2887 3813 κτιζόμενον,
2915 3740 3051 3795 ἀλλὰ
3094 3743 3156 3795 rb
3200 3742 3472 3816 ἡμέτερόν
3498 3746 3608 3797 ἐστι
3643 3740 3700 3793 rb

2122 3833 2182 3886 ἐν
2209 3832 2360 3903 αὐτῷ
2399 3834 2915 3903 άνακαινιζόμενον·
2954 3834 3084 3905 περὶ
3123 3829 3183 3888 οῦ
3227 3836 3325 3888 καὶ⁸
3382 3837 3413 3889 ὁ
3613 3836 3701 3883 Δα-

2122 3920 2213 3976 ϐὶδ
2251 3920 2447 3994 ηὔχετο
2485 3922 2702 3992 ψάλλων
2741 3941 2757 3957 ο
2806 3941 2826 3975 ι
2865 3924 3109 3997 Καρδίαν
3140 3923 3394 3996 καθαρὰν
3432 3922 3615 3977 κτίσον
3651 3922 3702 3974 ἐν

2132 4014 2281 4083 ἐμοὶ,
2313 4017 2343 4067 6
2372 4014 2523 4073 Θεὸς.
2560 4015 2654 4065 καὶ
2684 4012 2901 4081 πνεῦμα
2955 4011 3110 4074 εὒθὲς
3158 4012 3475 4074 ἐγκαίνισον
3507 4012 3567 4065 ἐν
3595 4008 3699 4069 τοῖς

2129 4107 2390 4177 ἐγκάτοις
2424 4124 2545 4175 μου.
2595 4125 2612 4156 ι

2206 4195 2416 4249 Οὐκοῦν
2492 4195 2590 4250 τοῦ
2683 4194 3005 4265 κτιζομένου
3068 4194 3383 4263 πνεύματος
3446 4190 3694 4251 τοιαύτην

2123 4289 2339 4361 ἔχοντος
2359 4289 2457 4361 τὴν
2498 4288 2765 4354 διάνοιαν,
2801 4288 3119 4359 πρεπόντως
3161 4288 3229 4341 ἂν
3268 4286 3491 4357 νοηθείη
3543 4284 3688 4353 καὶὴ

452 4392 620 4453 nitru,
648 4387 793 4457 quod
825 4383 1032 4439 ﬁrmari
1063 4383 1261 4437 ibidem
1304 4384 1526 4446 dicitur,
1546 4460 1547 4463 η
1569 4381 1744 4436 ﬁdelis
1768 4395 1948 4436 sermo
1973 4389 2027 4435 et

2131 4381 2491 4453 στερεουμένη
2544 4379 2738 4451 βροντὴ
2773 4380 2801 4432 ό
2837 4379 3026 4443 πιστὸς
3058 4379 3243 4446 λόγος,
3277 4378 3376 4431 καὶ
3407 4378 3691 4438 ἀσάλευτος

454 4480 750 4538 immobilis
800 4477 885 4531 lex
943 4474 1167 4544 spiritus
1218 4495 1229 4528 :
1269 4473 1428 4543 cujus
1483 4460 1605 4527 cum
1664 4470 1928 4526 Jacobum
1974 4479 2029 4525 et

451 4570 717 4627 Joannem
746 4566 1028 4622 ministros
1060 4578 1183 4620 esse
1209 4564 1371 4618 vellet
1417 4561 1707 4628 Dominus,
1734 4561 1855 4616 illos
1887 4560 2029 4615 Boa-

452 4676 646 4732 nerges
703 4656 1025 4719 nominavit,
1059 4654 1207 4724 quod
1252 4662 1357 4718 est,
1396 4652 1492 4706 ﬁlii
1544 4652 1771 4707 tonitrui
1797 4654 1818 4683 °
1848 4692 1863 4704 .
1891 4649 2027 4706 Hinc

452 4753 694 4809 Joannes
750 4766 875 4805 vere
906 4764 936 4804 e
959 4748 1116 4804 cmlis
1165 4745 1405 4801 clamat:
1435 4763 1455 4797 ι
1494 4744 1553 4798 ln
1602 4744 1868 4813 principio
1908 4753 2028 4799 erat

453 4844 724 4909 Verbum,
746 4852 796 4897 et
834 4841 1070 4896 Verbum
1094 4845 1211 4893 erat
1248 4836 1390 4904 apud
1427 4835 1621 4903 Deum,
1651 4844 1706 4889 et
1730 4835 1874 4889 Deus
1911 4844 2029 4891 erat

450 4936 689 4992 Verbum
729 4943 770 4988 τ.
813 4952 834 4985 ι
872 4933 979 4987 Lex
1005 4932 1207 5002 quippe
1238 4930 1389 5000 prius
1429 4930 1682 4983 umbram
1713 4927 2023 4983 futurorum

451 5032 719 5086 bonorum
748 5027 955 5081 habuit.
980 5026 1119 5080 Cum
1178 5033 1361 5079 autem
1407 5023 1661 5079 Christus
1712 5020 2027 5075 hominibus

451 5117 817 5173 aununtiatus
853 5125 967 5181 est;
992 5122 1042 5169 et
1084 5114 1200 5183 ipse
1242 5112 1420 5168 adfuit
1458 5113 1689 5169 dicens:
1729 5129 1750 5162 ι
1780 5108 1899 5179 Ipse
1932 5109 2026 5178 qui

450 5211 649 5283 loquor
686 5209 882 5265 adsum
918 5211 942 5243 ⁸
970 5222 991 5273 ;
1020 5214 1171 5269 tunc,
1209 5224 1235 5257 ι
1264 5214 1326 5259 ιιι
1382 5205 1519 5259 dixit
1560 5204 1764 5261 Paulus
1794 5242 1810 5268 ,
1836 5222 1854 5255 ι
1906 5202 2027 5271 ejus

450 5322 556 5361 vos
612 5312 814 5360 terram
871 5301 1187 5368 concussit,
1249 5315 1373 5355 cum
1430 5300 1483 5353 id
1537 5298 1687 5368 prius
1749 5298 2033 5367 pollicitus

451 5406 597 5454 esset
638 5414 653 5451 :
697 5396 890 5450 Adhuc
924 5394 1092 5449 semel
1134 5406 1234 5460 ego
1274 5391 1511 5445 movebo
1545 5405 1653 5445 non
1691 5390 1871 5446 solum
1915 5397 2027 5444 ter-

451 5505 598 5552 ram,
627 5489 718 5544 sed
744 5498 799 5543 et
844 5488 1063 5543 caelum.
1094 5485 1249 5551 Quod
1295 5494 1474 5538 autem
1524 5484 1703 5538 adhuc
1746 5481 1916 5539 semel
1940 5481 2025 5537 di-

452 5582 551 5645 cit,
583 5579 823 5634 declarat
866 5578 1148 5669 mobilium
1187 5575 1624 5638 translationem,
1665 5585 1724 5628 ut
1768 5582 2024 5629 maneant

2127 4472 2223 4526 τοῦ
2253 4472 2559 4539 πνεύματος
2579 4473 2608 4525 6
2642 4471 2824 4540 νόμος.
2855 4468 3059 4523 Τούτου
3098 4467 3207 4539 γὰρ
3247 4468 3531 4538 ὑπηρέτας
3562 4463 3690 4519 εἶναι

2129 4564 2295 4619 θέλων
2314 4563 2404 4616 τὸν
2445 4560 2638 4617 Ἰακὼϐ
2660 4561 2868 4631 καὶτὸν
2903 4560 3186 4628 Ἰωάννην,
3227 4558 3487 4612 ἐκάλεσεν
3530 4560 3557 4611 ό
3591 4554 3692 4608 Κύ-

2131 4671 2243 4725 ριος
2268 4652 2582 4723 Βοανεργές,
2605 4652 2634 4704 ὅ
2656 4652 2824 4714 ἐστιν,
2850 4650 2956 4703 uini
2978 4650 3203 4720 βροντῆς
3223 4666 3237 4680 ’
3260 4649 3289 4702 ὃ
3310 4650 3363 4716 γ’
3391 4643 3485 4701 οὖν
3526 4646 3692 4699 Ἰωάν-

2128 4760 2223 4813 νης
2254 4742 2469 4813 άληθῶς
2494 4740 2851 4813 ἁπόὺρανοῦ
2871 4741 2995 4811 βοᾷο
3025 4760 3044 4793 ι
3083 4741 3170 4793 Ἑν
3192 4742 3333 4811 ἀρχῇ
3361 4734 3430 4811 ἦν
3458 4742 3487 4792 ὁ
3513 4736 3689 4804 Λόγος,

2127 4835 2262 4887 καὶὸ
2285 4834 2457 4902 Λόγος
2483 4828 2551 4903 ἦν
2573 4832 2709 4904 πρὸς
2740 4832 2834 4885 τὸν
2863 4832 3018 4895 Θεὸν,
3040 4832 3136 4884 καὶ
3163 4830 3296 4894 Θεὸς
3321 4826 3390 4900 ἦν
3414 4831 3443 4882 ό
3473 4829 3655 4895 Λόγος.
3671 4843 3686 4874 ι

2126 4928 2399 4998 Πρότερον
2435 4927 2531 4996 μὲν
2565 4926 2673 4995 γὰρ
2707 4923 2866 4977 σκιὰν
2896 4920 3043 4994 εῖχεν
3076 4924 3104 4975 6
3141 4924 3302 4993 νόμος
3330 4922 3442 4975 τῶν
3484 4915 3691 4993 μελλόν-

2125 5038 2235 5073 των
2257 5019 2505 5087 ἀγαθῶν·
2530 5020 2621 5073 ὅτε
2648 5018 2705 5071 δὲ
2728 5020 2757 5070 ό
2777 5016 3011 5087 Χριστὸς
3035 5015 3321 5087 ἀπηγγέλη
3355 5016 3471 5077 τοῖς
3498 5011 3693 5082 ἀνθρὼ-

2126 5129 2249 5174 ποις
2291 5112 2384 5165 καὶ
2428 5111 2763 5183 παρεγένετο
2809 5109 3014 5177 λέγων’
3042 5126 3061 5159 ι
3094 5108 3265 5170 Αὐτὸς
3296 5109 3324 5160 6
3358 5105 3535 5160 λαλῶν
3562 5104 3693 5173 πάρ-

2127 5221 2275 5274 ειμι’
2316 5202 2438 5257 τότε
2463 5243 2478 5268 ,
2516 5222 2536 5255 ι
2568 5203 2646 5266 ὡς
2676 5196 2831 5255 εἶπεν
2854 5203 2883 5254 ὁ
2925 5199 3161 5264 Παῦλος,
3190 5217 3209 5250 ι
3256 5201 3290 5270 η
3321 5197 3515 5251 τούτου
3554 5192 3692 5263 φωνὴ

2124 5297 2224 5368 τὴν
2248 5296 2351 5365 γῆν
2376 5294 2690 5360 ἐσάλευσεν,
2714 5291 3187 5362 ἐπαγγειλαμένου
3230 5290 3492 5362 πρότερον
3511 5304 3525 5319 ·
3580 5286 3690 5337 Ἔτι

2126 5389 2272 5453 ὃπαξ
2302 5387 2414 5458 ἐγὼ
2447 5388 2613 5441 σείσω
2775 5385 2837 5438 οὐ
2872 5384 3032 5455 μόνον
3055 5383 3155 5453 τὴν
3186 5383 3308 5453 γῆν,
3341 5378 3589 5439 ἀλλὰκαὶ
3609 5375 3690 5429 τὸν

2126 5481 2374 5552 οὐρανόν.
2409 5480 2484 5533 Τὸ
2514 5480 2572 5533 δέ
2594 5479 2675 5533 ἔτι
2697 5476 2847 5543 ἅπαξ
2875 5475 3027 5547 δηλοῖ
3052 5475 3160 5530 τῶν
3198 5473 3573 5544 σαλευομένων
3600 5469 3689 5538 τὴν

2131 5572 2447 5642 μετάθεσιν,
2480 5572 2566 5624 ἵνα
2597 5571 2758 5642 μείνῃ
2794 5570 2864 5624 τὰ
2897 5570 2972 5642 μὴ
3013 5568 3369 5639 σαλευόμενα.
3416 5564 3505 5618 Διὸ
3544 5562 3686 5632 βασι-

530 5734 731 5790 ‘Amos
762 5749 835 5795 tv.
876 5736 962 5789 l3.
1038 5735 1059 5764 '
1082 5732 1164 5789 lsa
1219 5748 1315 5795 vu,
1350 5732 1436 5790 Ηι.
1510 5732 1529 5764 ³
1558 5730 1755 5787 Ειεοιι.
1779 5745 1965 5799 ιιινι,
1994 5730 2027 5785 9

2158 5731 2181 5765 ⁸
2212 5730 2317 5788 Psa
2344 5769 2358 5787 .
2393 5746 2509 5798 cur,
2544 5729 2637 5798 30,
2675 5731 2764 5789 '50.
2792 5731 2813 5764 ⁵
2842 5729 2982 5786 Psal.
3009 5745 3061 5797 ι,
3096 5727 3183 5785 l2.
3257 5724 3466 5783 σκότε.
3488 5735 3567 5786 ιιι,
3603 5715 3683 5771 Π.

456 5800 481 5834 ⁷
505 5802 663 5860 Juatt.
710 5822 750 5869 t,
782 5806 833 5858 1.
907 5804 1102 5858 ‘Juuu.
1136 5819 1206 5861 tv,
1238 5802 1328 5857 26.
