4078 6292
419 334 533 401 697

418 560 493 637 ἧς
525 564 861 636 λατρεύομεν
887 562 1202 634 εὐαρέστως
1359 561 1437 631 τῷ
1464 560 1605 631 Θεῷ.
1641 581 1660 613 ›
1704 564 1806 615 ’Ἦν
1830 564 1888 615 δὲ
1920 564 2009 616 λέ·-

415 670 511 721 γει
535 652 813 722 βασιλείαν
839 644 996 714 οὗτος
1016 650 1337 714 ἀσάλευτον,
1374 647 1581 719 ταύτην
1617 647 2006 718 στερεωθεῖσαν

411 744 615 813 ψάλλει
639 742 799 797 Δαϐίδ
817 760 831 773 ε
866 762 887 792 ε
942 743 1001 795 '0
1020 741 1222 812 Κύριος
1246 740 1595 794 ἐσασίλευσεν
1615 778 1630 803 ,
1675 739 2007 810 εὐπρέπειαν

408 836 741 889 ἐνεδύσατο·
777 833 1065 886 ἐνεδύσατο
1113 831 1320 902 Κύριος
1360 830 1589 901 δύναμιν
1615 830 1711 883 καὶ
1740 825 2008 901 περιεζώ-

408 944 576 981 σατο.
606 926 719 979 Καὶ
739 924 847 995 γὰρ
869 922 1169 994 ὲστερέωσε
1198 922 1298 991 τὴν
1318 920 1660 990 οἰκουμένην,
1687 920 1809 989 ἥτις
1831 920 1890 971 οὐ
1920 935 2009 972 σαρ-

404 1017 768 1088 λευθήσεται.
806 1031 824 1063 ι
866 1014 940 1066 Τὸ
970 1012 1079 1082 ἄρα
1120 1011 1272 1082 παρὰ
1296 1009 1374 1081 τῷ
1419 1011 1672 1081 προφήτῃ
1707 1010 1871 1080 ρητὲν
1908 1008 2007 1082 τὴν

402 1107 722 1178 ἐπιδημίαν
750 1105 846 1159 τοῦ
876 1105 1126 1173 Σωτῆρος
1152 1101 1427 1172 σημαίνει,
1480 1102 1537 1154 ἐν
1560 1096 1708 1172 ᾖκαὶ
1736 1102 1895 1170 ἡμεῖς
1916 1101 2008 1154 ἀν-

402 1198 705 1269 εκαινίσθη
716 1215 835 1269 μεν,
860 1198 954 1249 καὶ
973 1196 1177 1265 ὁνόμος
1196 1194 1289 1247 τοῦ
1309 1192 1617 1263 πνεύματος
1771 1192 2006 1246 ἀσάλευ-

401 1309 509 1355 τος
553 1291 822 1362 διαμένει.
862 1288 1003 1341 Ἀλλ’
1029 1289 1081 1340 οί
1102 1286 1182 1358 τῷ
1210 1286 1325 1340 ὄντι
1363 1285 1615 1355 τροπικοὶ
1662 1324 1679 1348 ,
1821 1283 2008 1337 συνθέ-

407 1400 578 1453 μενοι
621 1385 735 1446 τοῖς
781 1382 1096 1452 Ἀρειανοῖς,
1146 1379 1241 1433 καὶ
1294 1376 1647 1449 μερισάμενοι
1687 1377 1802 1446 μετ’
1826 1374 2008 1430 αὐτῶν

402 1476 516 1549 τὴν
540 1477 623 1541 είς
651 1474 750 1546 τὴν
771 1475 1001 1544 θεότητα
1038 1471 1409 1543 βλασφημίαν,
1440 1471 1529 1523 ῖνα
1562 1471 1757 1522 ἐκεῖνοι
1788 1469 1888 1539 μὲν
1914 1468 2007 1522 τὸν

404 1569 576 1632 Υίδν,
610 1564 756 1624 οῦτοι
781 1568 836 1620 δὲ
868 1568 929 1619 τὸ
955 1566 1178 1636 Πνεῦμα
1199 1565 1407 1636 κτίσμα
1449 1564 1681 1631 λέγωσιν
1700 1579 1718 1597 ο
1774 1562 2006 1632 ἐτόλμη-

405 1676 547 1721 σαν,
580 1658 658 1721 ὡς
682 1656 834 1710 αὐτοί
869 1673 1022 1725 φασι,
1059 1656 1298 1726 τρόπους
1325 1655 1489 1708 πάλιν
1515 1654 1727 1716 ἑαυτοῖς
1756 1654 2006 1723 έφευρεῖν

405 1754 515 1807 καὶ
553 1750 985 1822 παρεξηγεῖσθαι
1018 1748 1198 1803 καὶτὸ
1228 1747 1324 1801 τοῦ
1371 1746 1692 1800 Ἀποστόλου
1749 1746 1940 1817 ῥητὸν,
1975 1745 2007 1800 ὃ

404 1844 604 1907 καλῶς
629 1843 729 1913 μὲν
761 1842 921 1903 αὐτὸς
1089 1840 1295 1910 ἔγραφε
1318 1837 1567 1908 Τιμοθέῳ
1595 1836 1767 1905 λέγων
1789 1853 1801 1866 ·
1837 1856 1855 1887 ι
1880 1839 2006 1889 Δια-

410 1932 778 2005 μαρτύρομαι
802 1929 1029 1983 ὲνώπιον
1044 1929 1139 1981 τοῦ
1163 1927 1298 1981 Θεοῦ
1328 1928 1420 1981 καὶ
1445 1925 1620 1996 Ἰησοῦ
1772 1926 2005 1997 Χριστοῦ

407 2022 515 2075 καὶ
551 2021 667 2073 τῶν
700 2019 974 2072 ἐκλεκτῶν
993 2018 1261 2086 ἀγγέλων,
1298 2018 1384 2071 ἵνα
1414 2014 1586 2069 ταῦτα
1617 2013 1858 2085 φυλάξῃς
1897 2030 2005 2083 χω-

414 2114 506 2183 ρὶς
528 2111 929 2183 προκρίματος,
954 2111 1117 2181 μηδὲν
1135 2110 1305 2163 ποιῶν
1320 2108 1464 2165 κατὰ
1619 2104 1996 2174 πρόκλησιν.»

418 2205 665 2255 Ἐκεῖνοι
689 2202 745 2254 δὲ
780 2202 1101 2269 φάσκουσιν,
1132 2201 1318 2272 ἐπειδὴ
1340 2200 1433 2254 τὸν
1452 2199 1583 2254 Θεὸν
1617 2201 1711 2253 καὶ
1740 2200 1833 2252 τὸν
1869 2201 2004 2269 Χρι-

410 2294 540 2347 στὸν
566 2293 873 2363 ὠνόμασεν,
908 2288 1024 2344 εἶτα
1050 2292 1176 2355 τοὺς
1203 2292 1489 2360 ἀγγέλους,
1513 2290 1727 2362 ἀνάγκῃ
1758 2291 1869 2342 τοῖς
1895 2290 2000 2357 ἀγ-

411 2386 600 2454 γέλοις
655 2384 1101 2456 συναριθμεῖσθαι
1146 2384 1208 2436 τὸ
1240 2381 1486 2454 Πνεῦμα,
1546 2383 1645 2452 τῆς
1700 2399 1762 2435 τε
1818 2381 2001 2435 αὐτῶν

413 2474 559 2530 εἶναι
595 2476 908 2546 συστοιχίας
958 2476 1052 2528 καὶ
1098 2474 1229 2527 αὐτὸ
1272 2504 1290 2534 ι
1436 2474 1531 2527 καὶ
1581 2473 1810 2542 ἄγγελον
1861 2469 2000 2527 εἶναι

420 2567 647 2639 μείζονα
691 2567 801 2619 τῶν
842 2566 1038 2620 ἄλλων.
1096 2564 1320 2636 Πρῶτον
1349 2566 1446 2634 μὲν
1473 2559 1564 2617 οῦν
1606 2566 1703 2634 τῆς
1745 2564 1999 2628 ἀσεϐείας

416 2660 566 2712 ἐστὶν
597 2658 952 2711 Οὐαλεντίνου
976 2655 1135 2710 τοῦτο
1160 2656 1223 2708 τὸ
1254 2654 1472 2727 εὕρημα
1493 2672 1505 2684 ⁸
1552 2657 1647 2709 καὶ
1679 2656 1780 2708 οὐκ
1806 2655 1997 2708 ἔλαθον

419 2742 567 2803 οῦτοι
601 2748 671 2801 τὰ
704 2748 912 2802 ἐκείνου
1065 2745 1445 2815 φθεγγόμενοι.
1485 2747 1719 2808 Ἐκεῖνος
1735 2744 1842 2816 γὰρ
1868 2744 2002 2814 ἔφη·

422 2848 535 2898 σιν,
569 2833 672 2893 ὅτι,
694 2832 1035 2901 πεμφθέντος
1061 2832 1156 2885 τοῦ
1178 2833 1560 2905 Παρακλήτου,
1586 2834 1997 2905 συναπεστάλη-

421 2937 522 2975 σαν
548 2921 699 2991 αὑτῷ
729 2924 778 2975 ei
809 2922 1092 2993 ἡλικιῶται
1136 2923 1304 2977 αὑτοῦ
1337 2925 1559 2993 ἄγγελοι
1578 2943 1592 2956 ο
1630 2925 1823 2980 ἔπειτα
1855 2926 1914 2979 δὲ
1943 2928 2006 2981 τὸ

421 3012 652 3084 Πνεῦμα
685 3015 1016 3083 κατάγοντες
1187 3017 1272 3079 είς
1314 3016 1440 3078 τοὺς
1479 3016 1743 3083 ἀγγέλους
1785 3017 1865 3079 είς
1904 3017 2006 3086 τὴν

421 3105 629 3176 Τριάδα
651 3106 1059 3169 συντάσσοντες.
1090 3106 1153 3159 Ei
1186 3106 1293 3176 γὰρ
1331 3106 1468 3175 μετὰ
1497 3106 1717 3178 Πατέρα
1749 3107 1842 3159 καὶ
1876 3107 2005 3159 Υίὸν

1320 300 1326 305 ’
1366 331 1739 394 PANOPLIA
1782 333 2244 396 coenarum.
2274 357 2341 371 --
2365 332 2510 396 TIT.
2552 335 2654 397 XL

419 474 575 528 λείαν
599 470 897 526 ἀσάλευτον
921 469 1457 541 παραλαμϐάνοντες,
1493 469 1690 541 ἔχομεν
1721 471 1900 541 χάριν,
1938 471 2008 525 δι’
2042 475 2085 527 Δ

3588 340 3693 403 698

2121 488 2183 528 ea
2226 486 2350 542 quae
2386 481 2517 528 sunt
2544 471 2861 527 immobilia.
2899 473 3088 544 Itaque
3137 489 3365 545 regnum
3411 474 3691 532 immobile

2120 565 2499 633 suscipientes,
2530 564 2795 618 habemus
2825 564 3079 632 gratiam,
3105 580 3201 634 per
3224 581 3390 629 quam
3420 567 3693 623 servimus

2120 659 2394 727 placentes
2427 655 2536 710 Deo
2577 656 2618 707 ³.
2656 674 2677 707 ι
2716 655 2872 720 Quod
2921 666 3102 710 autem
3157 658 3245 711 hic
3291 659 3568 713 nnmobilc
3605 674 3694 713 re-

2120 765 2286 819 gnum
2318 748 2471 811 dicit,
2503 748 2971 803 idem-ﬁrmatum.
3006 750 3156 804 canit
3205 748 3413 803 David:
3449 770 3466 801 (
3502 750 3689 805 Domi-

2119 853 2223 892 nus
2252 837 2523 907 regnavit,
2548 836 2801 892 decorem
2838 837 3035 903 induit,
3074 838 3250 892 induit
3288 839 3553 897 Dominus
3583 841 3693 897 for-

2112 928 2406 993 titudinem
2429 938 2482 982 et
2506 944 2569 982 ea
2590 927 2872 997 pracinxit
2897 943 2975 984 se.
2995 927 3206 985 Etenim
3252 931 3487 986 ﬁrmavit
3504 935 3687 988 orbem

2120 1026 2306 1079 terrae.
2341 1017 2437 1087 qui
2477 1032 2584 1071 non
2620 1017 3052 1073 commovebitur
3096 1026 3138 1072 ³.
3183 1038 3201 1069 ι
3258 1018 3445 1089 Itaque
3491 1023 3687 1089 qttoda

2114 1111 2385 1177 propheta
2431 1108 2636 1164 dictum
2677 1118 2780 1172 est,
2811 1108 3113 1167 Salvatoris
3152 1109 3444 1164 adventum
3477 1112 3686 1181 signili-
3724 1108 3733 1181 ζ

2120 1208 2231 1263 cat,
2259 1200 2313 1253 in
2343 1214 2452 1268 quo
2476 1207 2529 1253 et
2560 1213 2662 1253 nos
2688 1200 2938 1254 renovati
2992 1215 3207 1264 sumus,
3238 1209 3292 1254 et
3339 1202 3421 1255 lex
3465 1204 3689 1270 spiritus
3724 1199 3734 1275 ξ

2118 1292 2415 1347 immobilis
2430 1300 2764 1361 perseverat.
2794 1291 2900 1346 Sed
2936 1293 3011 1345 illi
3050 1308 3173 1346 vere
3215 1294 3408 1363 tropiei
3444 1310 3537 1349 seu
3564 1310 3687 1348 ver-

2114 1385 2304 1440 satiles
2335 1383 2540 1447 findere
2597 1400 2720 1439 cum
2753 1383 2977 1440 Arianis
3003 1386 3157 1451 inito,
3194 1402 3259 1441 ac
3312 1388 3451 1439 inter
3484 1402 3542 1441 se
3582 1388 3689 1440 im-

2115 1479 2312 1545 pietate
2335 1476 2598 1531 adversus
2624 1475 2974 1533 Divinitatem
3006 1478 3199 1544 divisa,
3249 1488 3308 1532 ut
3342 1479 3591 1534 videlicet
3613 1481 3686 1533 illi

2112 1565 2332 1629 Filium,
2350 1567 2453 1636 ipsi
2475 1568 2735 1636 Spiritum
2758 1583 2868 1622 rem
2886 1577 3123 1623 creatam
3149 1584 3268 1623 esse
3284 1579 3553 1639 pugnent;
3576 1579 3689 1623 tru-

2113 1674 2234 1728 pos,
2256 1660 2493 1715 utiidem
2511 1659 2832 1729 loquuntur,
2850 1660 3123 1731 eﬂingere,
3160 1670 3324 1730 atque
3360 1662 3491 1715 illud
3520 1662 3683 1714 etiam

2110 1752 2255 1820 quod
2273 1759 2417 1805 recte
2429 1751 2497 1805 ad
2515 1748 2858 1804 Timotheum
2876 1752 3092 1820 scripsit
3109 1752 3423 1819 Apostolus,
3444 1753 3585 1806 male
3606 1753 3686 1804 in-

2036 1824 2077 1874 Β
2113 1841 2395 1911 terpretari
2425 1840 2544 1895 ausi
2571 1850 2734 1895 sunt:
2759 1858 2777 1891 ι
2804 1839 3019 1904 Testor,
3046 1860 3063 1893 ι
3096 1842 3271 1909 inquit
3299 1840 3520 1906 Paulus,
3559 1858 3680 1895 «co-

2110 1946 2228 1987 ram
2262 1929 2373 1985 Deo
2394 1938 2447 1985 et
2469 1929 2687 1984 Christo
2720 1928 2883 1993 Jesu,
2914 1939 2969 1983 et
3009 1932 3196 1985 electis
3229 1931 3457 2001 angelis,
3480 1941 3536 1985 ut
3569 1934 3681 1985 haec

2107 2021 2381 2076 custodias
2598 2022 2719 2076 sine
2746 2021 3081 2089 preejudicio,
3104 2022 3236 2075 nihil
3275 2021 3482 2078 faciens
3508 2039 3573 2077 ex
3599 2023 3682 2076 in-

2109 2112 2371 2166 vitatione
2434 2112 2506 2165 '.i
2532 2111 2609 2166 Ex
2647 2114 2849 2182 quibus
2877 2114 2951 2166 illi
2987 2114 3338 2179 concludunt,
3371 2113 3513 2182 quod
3558 2130 3679 2167 cum

2110 2198 2279 2256 Deum
2303 2214 2352 2256 et
2375 2202 2652 2256 Christum
2680 2203 3060 2263 nominaverit,
3092 2204 3397 2272 deindeque
3430 2205 3677 2269 angelos,

2109 2308 2330 2348 necesse
2344 2302 2430 2347 est
2456 2294 2707 2363 spiritum
2732 2293 2872 2347 inter
2892 2294 3114 2363 angelos
3132 2296 3507 2357 annumerari,
3527 2310 3683 2347 euin-

2108 2399 2214 2451 que
2227 2398 2291 2437 ex
2310 2384 2524 2437 illorum
2543 2399 2663 2438 esse
2681 2385 2893 2449 ordine,
2914 2392 3077 2452 atque
3096 2384 3345 2454 angelum
3364 2384 3485 2437 aliis
3504 2382 3679 2452 majo—

2107 2490 2222 2530 rem
2238 2490 2380 2530 esse.
2414 2473 2621 2539 Primo,
2658 2476 2762 2529 hoc
2788 2475 2937 2544 impii
2979 2475 3244 2528 Valentini
3273 2475 3550 2527 inventum
3582 2482 3684 2538 est,

2106 2580 2281 2636 neque
2311 2567 2440 2620 latet
2468 2566 2615 2635 ipsos
2631 2567 2818 2620 eadem
2838 2582 2902 2621 ac
2920 2566 3071 2619 illum
3104 2566 3273 2635 loqui.
3301 2565 3394 2620 ille
3410 2565 3678 2634 siquidem

2105 2656 2263 2721 dixit,
2298 2658 2443 2725 quod
2483 2657 2652 2710 misso
2701 2656 3005 2721 Paracleto,
3048 2674 3153 2710 una
3209 2673 3332 2712 cum
3369 2658 3460 2711 illo
3515 2657 3677 2711 (ξοπιτί

2102 2748 2223 2815 ejus
2258 2749 2433 2819 angeli
2464 2749 2615 2803 missi
2646 2748 2865 2805 fuerint.
2894 2748 3120 2815 Deinde,
3146 2750 3274 2803 dum
3311 2751 3575 2818 Spiritum
3607 2748 3672 2801 ad

2101 2837 2420 2906 angelorum
2472 2847 2720 2891 naturam
2772 2838 3070 2906 deducunt,
3120 2859 3229 2897 non
3280 2847 3574 2898 advertunt
3623 2863 3683 2901 se

2110 2929 2332 2998 angelos
2379 2929 2430 2982 in
2476 2927 2743 2984 Trinitate
2782 2932 3071 2987 collocare.
3107 2933 3240 2989 Nam
3288 2939 3333 2992 si
3379 2939 3679 2993 secundum

2110 3019 2232 3072 illos
2266 3027 2393 3087 post
2424 3019 2638 3073 Patrem
2661 3032 2714 3075 et
2744 3021 2942 3078 Filium
2975 3038 3280 3094 sequuntur
3303 3030 3477 3099 angeli
3500 3046 3513 3082 :
3536 3041 3681 3085 certe

2109 3124 2139 3163 e
2172 3108 2443 3165 Trinitale
2492 3122 2620 3166 sunt
2659 3116 2858 3183 angeli,
2892 3131 2993 3171 nec
3015 3117 3126 3184 jam
3174 3128 3302 3173 sunt
3366 3138 3386 3172 ι
3444 3122 3668 3175 admini-

423 3197 545 3249 κατ’
569 3199 767 3261 αὐτοὺς
798 3199 850 3250 οἱ
879 3198 1124 3266 ἄγγελοι,
1166 3197 1412 3267 δηλονότι
1457 3198 1557 3269 τὴν
1588 3196 1816 3268 Τριάδος
1866 3199 2003 3251 εἰσὶν

2109 3208 2374 3255 stratorcs
2397 3202 2621 3271 spiritus
2653 3204 2706 3258 in
2747 3207 3110 3263 ministerium
3141 3212 3293 3267 missi
3335 3213 3376 3281 ⁸,
3403 3233 3421 3265 ι
3450 3231 3550 3270 nec
3577 3217 3679 3286 ipsi

421 3286 469 3340 οί
625 3287 869 3356 ἄγγελοι,
902 3289 998 3341 καὶ
1025 3288 1127 3341 οὐκ
1158 3287 1239 3340 ἔτι
1278 3306 1297 3339 ι
1337 3286 1682 3357 λειτουργικὰ
1718 3286 2004 3357 πνεύματα

2106 3292 2283 3345 sancti
2310 3292 2639 3361 efﬁciuntur,
2666 3297 2758 3351 sed
2793 3300 2976 3367 potius
2997 3301 3134 3356 alios
3164 3313 3387 3361 sanctos
3416 3305 3678 3370 cilicium.

422 3380 501 3443 είς
531 3379 809 3434 διακονίαν
836 3378 1314 3451 ἀποστελλόμενοι,
1348 3397 1367 3430 ι
1400 3378 1524 3431 οὐδὲ
1552 3377 1923 3449 ἁγιαζόμενοι,
1952 3379 2075 3442 ἀλλ’,
2099 3383 2250 3437 αὐτοὶ
2281 3385 2480 3455 μᾶλλον
2517 3387 2835 3455 άγιάζοντες
2858 3391 3051 3457 ἄλλους
3088 3392 3154 3447 ἂν
3181 3391 3309 3450 εἷεν.

542 3489 642 3552 Τίς
709 3487 802 3546 οὖν
835 3494 868 3564 ἡ
897 3492 1132 3565 τοσαύτη
1184 3492 1393 3546 τούτων
1442 3492 1705 3559 inducta;
1747 3492 1858 3547 Ποῦ
1892 3493 2001 3547 τῶν

420 3581 653 3655 Γραφῶν
679 3584 840 3639 πάλιν
862 3578 1019 3656 εὖρον
1044 3584 1271 3654 ἄγγελον
1433 3584 1495 3637 τὸ
1513 3583 1739 3655 Πνεῦμα
1774 3584 2003 3655 λεγόμε-

419 3689 542 3739 νον;
592 3674 677 3728 Τά
734 3675 878 3729 αὐτὰ
926 3675 985 3729 δέ
1026 3692 1118 3747 μοι
1179 3677 1290 3739 τοῖς
1344 3675 1764 3747 προειρημένοις
1827 3678 2001 3729 εἰπεῖν

416 3763 653 3836 ἀνάγκη.
687 3765 1043 3836 Παράκλητος
1071 3764 1265 3836 ἐλέχθη
1311 3765 1406 3819 καὶ
1444 3765 1662 3837 πνεῦμα
1707 3765 1998 3832 υἱοθεσίας,

372 3882 380 3888 ·
417 3856 511 3909 καὶ
538 3855 760 3926 πνεῦμα
786 3855 1083 3927 ἀγιασμοῦ,
1110 3857 1205 3909 καὶ
1231 3854 1449 3926 πνεῦμα
1478 3854 1635 3920 Θεοῦ,
1672 3855 1766 3908 καὶ
1783 3854 2000 3923 πνεῦμα

415 3944 654 4016 Χριστοῦ
697 3946 892 4018 ἐλέχθη
921 3964 935 3978 ο
976 3944 1213 4017 οὐδαμοῦ
1246 3944 1304 3998 δὲ
1350 3944 1604 4013 ἄγγελος,
1644 3945 1763 3998 οὐδὲ
1792 3944 2001 4016 ἀρχάγ-
2066 3948 2080 3959 “

414 4036 595 4106 γελος,
626 4037 750 4090 οὐδὲ
776 4037 995 4109 πνεῦμα
1025 4036 1318 4101 διακονίας,
1354 4031 1455 4090 οἷοί
1640 4036 1776 4089 εἰσιν
1818 4037 1867 4088 oi
1901 4036 2000 4104 ἄγ-

412 4130 563 4199 γελοι
583 4145 598 4159 ·
630 4130 769 4183 ἀλλὰ
803 4129 1005 4201 μᾶλλον
1029 4130 1126 4183 σὺν
1154 4129 1234 4199 τῷ
1261 4128 1375 4200 Υίῷ
1397 4128 1491 4182 καὶ
1521 4128 1654 4181 αὐτὸ
1669 4128 1997 4180 διακονεῖται

410 4220 567 4293 παρὰ
614 4221 713 4274 τοῦ
760 4220 1001 4293 Γαϐριὴλ
1049 4220 1302 4290 λέγοντος
1350 4222 1416 4291 τῇ
1452 4219 1673 4290 Μαρίᾳ·
1707 4234 1730 4271 t
1776 4217 2001 4289 Πνεῦμα

407 4312 567 4383 ἅγιον
606 4312 962 4367 ἐπελεύσεται
987 4313 1081 4365 ἐπὶ
1102 4311 1163 4365 σέ
1181 4328 1197 4345 ο
1222 4312 1316 4365 καὶ
1344 4310 1573 4382 δύναμις
1606 4310 1858 4380 Ὑψίστου
1885 4312 2002 4362 ὲπι-

408 4407 633 4461 σκιάσει
671 4422 771 4459 σοι.
809 4423 827 4456 ι
856 4405 977 4459 Τῶν
1009 4404 1068 4459 δὲ
1094 4404 1326 4475 Γραφῶν
1361 4402 1438 4473 μὴ
1470 4401 1745 4471 λεγουσῶν
1770 4399 1999 4469 ἄγγελον

400 4503 464 4557 τὸ
492 4499 765 4570 Πνεῦμα,
806 4500 934 4553 ποία
981 4497 1192 4562 τούτοις
1238 4496 1505 4565 ἀπολογία
1562 4495 1758 4565 γένοιτ’
1795 4494 1861 4548 ἂν
1902 4494 2001 4565 τῆς

2297 3498 2557 3566 Quaenam
2594 3505 2812 3558 tandem
2872 3507 2988 3561 haec
3031 3518 3139 3562 tam
3187 3511 3424 3567 absurda
3459 3514 3675 3570 illorum

2108 3587 2381 3644 dementia
2419 3590 2688 3657 est?-Quo
2721 3594 2775 3649 in
2807 3595 2929 3651 loco
2958 3614 3148 3653 rursus
3177 3598 3471 3669 Seripturae
3511 3620 3681 3659 sacrae

2107 3680 2433 3737 invenerunt
2486 3684 2747 3754 Spiritum
2793 3688 3044 3757 angelum
3075 3690 3184 3743 dici
3233 3691 3482 3748 iEadem
3532 3698 3677 3752 enim

2106 3789 2227 3844 qua:
2255 3774 2369 3844 jam
2397 3776 2533 3843 dixi,
2570 3779 2704 3833 mihi
2738 3788 2982 3843 repetere
3034 3797 3256 3839 necesse
3297 3796 3399 3839 est.
3431 3786 3681 3845 Paracle—

2107 3873 2193 3919 tus
2216 3865 2396 3920 dictus
2428 3875 2513 3921 est
2541 3877 2595 3921 et
2649 3869 2876 3936 spiritus
2932 3870 3265 3939 ad0ptionis,
3301 3876 3527 3943 spiritus
3553 3895 3680 3934 san-

2103 3955 2399 4023 ctimoniae,
2438 3966 2493 4016 et
2514 3956 2714 4012 Christi
2757 3959 3004 4027 spiritus.
3053 3962 3123 4014 At
3152 3978 3430 4033 nunquam
3460 3969 3543 4022 vel
3576 3986 3677 4023 an-

2105 4044 2257 4115 gelus
2285 4054 2381 4099 aut
2415 4046 2797 4115 archangelus,
2822 4052 3157 4119 autspiritns
3177 4054 3460 4112 ministerii
3489 4063 3677 4129 quales

2103 4142 2233 4189 sunt
2257 4134 2454 4204 angeli,
2485 4136 2785 4205 appellatus
2813 4147 2913 4192 est.
2946 4139 3089 4208 Quin
3140 4144 3249 4197 imo
3295 4146 3469 4201 cidem
3504 4158 3558 4204 et
3590 4150 3679 4204 Fi-

2102 4224 2175 4279 lio
2217 4224 2492 4280 ministrat
2530 4225 2750 4281 Gabriel
2808 4244 2933 4283 cum
2982 4230 3164 4288 Mariae
3207 4236 3283 4288 ait
3318 4253 3333 4290 :
3385 4256 3403 4289 ι
3443 4238 3677 4308 Spiritus

2101 4327 2325 4374 sanctus
2352 4320 2698 4387 superveniet
2727 4322 2782 4374 in
2830 4330 2902 4389 te,
2925 4332 2980 4379 et
3001 4326 3172 4381 virtus
3197 4326 3462 4386 Altissimi
3484 4334 3676 4389 obum-

2100 4407 2281 4461 brabit
2308 4406 2403 4462 tibi
2447 4409 2491 4462 ⁸.
2536 4425 2556 4458 ι
2593 4406 2732 4463 Cum
2764 4410 2930 4481 igitur
2963 4413 3260 4485 Scriptura:
3284 4419 3546 4488 Spiritum
3578 4440 3675 4478 an-

2099 4498 2279 4568 gelum
2303 4514 2414 4553 non
2455 4501 2753 4570 appellent,
2787 4504 2916 4571 quid
2943 4509 3314 4564 excusationis
3330 4512 3528 4569 habere
3552 4532 3677 4583 pos—

396 4592 689 4662 τοσαύτης
723 4590 1004 4658 ἀλογίστου
1031 4589 1278 4661 τόλμης;
1317 4590 1451 4642 ὅπου
1483 4604 1548 4657 γε
1580 4588 1673 4640 καὶ
1706 4588 1734 4639 0
1764 4587 1863 4656 τὴν
1884 4603 1998 4639 τοι-

2105 4588 2210 4642 sint
2249 4588 2303 4643 in
2337 4598 2489 4645 tanta
2532 4602 2752 4661 tamque
2811 4595 3047 4652 absurda
3082 4602 3405 4667 temeritate,
3439 4607 3674 4661 maxime

390 4686 584 4753 αὐτην
622 4683 806 4743 αὐτοῖς
841 4681 1130 4735 κακόνοιαν
1175 4678 1499 4749 ὲπισπείρας
1544 4677 1895 4741 Οὑαλεντῖνος
1939 4677 2000 4729 τὸ

391 4773 912 4852 μὲνιιΠαράκλητον
953 4811 971 4837 ,
1125 4773 1254 4834 τοὺς
1285 4770 1341 4823 δὲ
1379 4768 1643 4839 ἀγγέλους
1683 4768 1995 4839 ὠνόμασεν·

383 4874 437 4925 εί
468 4869 583 4924 καὶ
610 4868 672 4919 ὲν
698 4864 776 4935 τῷ
804 4864 1127 4936 ἴσῳιχρόνῳ,
1144 4861 1439 4934 ἡλικιώτην
1467 4863 1579 4924 τοῖς
1600 4859 1850 4928 ἀγγέλοις
1876 4876 1999 4913 συν-

382 4962 605 5016 τάσσει
633 4957 731 5010 καὶ
758 4956 921 5018 αὐτὸς
953 4956 1014 5008 τὸ
1055 4954 1280 5025 Πνεῦμα
1312 4957 1341 5007 0
1388 4952 1803 5024 ἀφρονέστατος.
1860 4950 1998 5003 Ἀλλ’

387 5056 545 5113 Isaia,
580 5050 770 5119 φασὶν,
794 5050 853 5103 ὲν
872 5047 951 5118 τῷ
972 5048 1226 5119 προφήτῃ
1248 5046 1496 5117 Ζαχαρία
1658 5043 1964 5114 γέγραπται
1982 5060 1996 5074 ο

388 5165 412 5197 ι
446 5141 609 5196 Τάδε
636 5139 786 5208 λέγει
814 5140 843 5191 0
864 5138 1114 5206 ἄγγελος,
1140 5139 1168 5189 0
1193 5136 1369 5191 λαλῶν
1388 5137 1447 5188 ὲν
1476 5134 1620 5205 ἐμοί.
1658 5153 1676 5186 ι
1708 5135 1818 5187 Καὶ
1843 5133 1999 5205 δῆλόν

383 5240 587 5294 ἐστιν,
638 5232 722 5283 ὃτι
763 5229 993 5299 ἄγγελον
1035 5225 1170 5284 εἶναι
1219 5228 1282 5281 τὸ
1333 5226 1555 5297 Πνεῦμα
1609 5226 1863 5297 σημαίνει
1908 5225 2000 5279 τὸν

384 5329 453 5381 ὲν
488 5320 657 5392 αὑτῷ
687 5320 974 5375 λαλοῦντα.
993 5320 1162 5374 Τοῦτο
1197 5320 1256 5372 δὲ
1289 5319 1389 5372 οὐκ
1410 5318 1476 5372 ἂν
1504 5314 1679 5381 εἷπον,
1708 5318 1757 5369 εί
1789 5318 1855 5388 τῇ
1877 5316 2002 5370 ἀνα-

390 5415 620 5486 γνώσει
647 5413 1006 5485 προσέχοντες
1034 5408 1195 5483 ἦσαν.
1238 5410 1411 5473 Αὐτὸς
1457 5408 1566 5480 γὰρ
1607 5411 1636 5462 0
1683 5408 1992 5480 Ζαχαρίας,

400 5507 583 5580 ἡνίκα
611 5504 710 5575 τὴν
738 5503 1001 5558 ὀπτασίαν
1027 5503 1155 5575 περὶ⁵
1186 5502 1286 5573 τῆς
1324 5501 1541 5572 λυχνίας
1571 5500 1805 5572 ἑώρακε,
1828 5499 1960 5569 φησί
1979 5516 1993 5530 ο

413 5615 433 5649 t
469 5596 593 5650 Καὶ
617 5594 888 5666 ἀπεκρίθη
910 5597 938 5648 0
961 5594 1189 5664 ἄγγελος
1213 5595 1241 5647 0
1262 5592 1436 5646 λαλῶν
1459 5593 1519 5644 ὲν
1541 5594 1681 5662 ἐμοὶ,
1706 5590 1800 5644 καὶ
1820 5587 1993 5643 εἶπεν·

491 5714 509 5783 ?
550 5713 681 5783 Agg.
713 5727 776 5776 ιι,
808 5713 876 5781 7;
920 5712 1084 5773 Hebr.
1142 5730 1240 5783 ιιι,
1295 5714 1485 5771 26-ἳ8.

427 5786 445 5811 ⁸
472 5782 641 5843 Zach.
683 5800 757 5851 tv,
798 5784 851 5840 5.

1563 5718 1582 5746 ¹
1614 5715 1755 5771 Psal.
1810 5731 1937 5782 xcn,
1992 5718 2040 5771 l.
2120 5715 2183 5771 'l
2215 5714 2457 5771 Timoth.
2495 5730 2545 5777 v,
2587 5713 2679 5771 2i.
2758 5717 2779 5747 ⁸
2812 5711 2975 5770 llcbr.
3029 5729 3070 5779 ι,
3107 5713 3193 5770 14.

2101 4695 2221 4733 cum
2255 4681 2369 4749 ipse
2400 4680 2739 4750 Valentinus,
2772 4686 2866 4754 qui
2898 4688 3119 4756 impiam
3145 4689 3285 4745 hanc
3302 4704 3535 4749 mentem
3567 4698 3672 4753 illis

2100 4767 2361 4837 inseruit,
2412 4772 2563 4825 illum
2602 4775 2843 4843 quidem,
2872 4775 3234 4843 Paraclctum,
3266 4780 3367 4836 hos
3404 4800 3552 4847 vero,
3577 4804 3674 4841 an-

2099 4858 2249 4925 gelos
2280 4861 2665 4928 nominaverit,
2696 4863 2820 4917 licet
2848 4864 2988 4918 idem
3017 4865 3377 4923 stultissimus
3411 4870 3670 4940 Spiritum

2097 4950 2303 5019 angelis
2329 4961 2664 5007 coaetaneum
2689 4955 2992 5023 eodemque
3030 4956 3294 5012 duntaxat
3336 4969 3580 5031 tempore
3608 4980 3672 5020 ac

2099 5038 2218 5092 illos
2247 5041 2520 5095 exstitiSSe
2549 5044 2800 5097 senserit.
2857 5044 2961 5099 Sed
3014 5060 3161 5111 ecce,
3208 5048 3483 5118 inquiunt,
3529 5057 3668 5122 apud

2098 5129 2416 5196 prophetam
2468 5128 2793 5185 Zachariam
2841 5133 3107 5202 scriptum
3150 5145 3279 5189 est:
3323 5155 3341 5189 ι
3380 5137 3505 5194 Haec
3540 5141 3669 5195 dicit

2097 5224 2319 5289 angelus
2349 5222 2439 5291 qui
2471 5222 2711 5290 loquitur
2739 5225 2793 5278 in
2822 5241 2909 5280 me
2944 5227 2965 5257 °
2995 5267 3009 5281 .
3052 5243 3070 5278 ι
3108 5227 3272 5297 Atqui
3322 5232 3667 5299 perspicuum

2096 5319 2180 5363 est
2216 5310 2305 5364 hic
2334 5312 2559 5380 spiritus
2596 5315 2817 5370 nomine
2849 5317 3099 5387 angelum
3126 5317 3178 5369 in
3216 5318 3335 5386 ipso
3363 5319 3667 5388 loquentem

2096 5398 2413 5468 signiﬁcari.
2452 5400 2652 5458 Verum
2694 5404 2748 5459 id
2779 5406 3004 5460 minime
3024 5407 3283 5471 dicerent,
3323 5408 3370 5461 si
3419 5410 3562 5478 quod
3594 5410 3667 5464 le-

2098 5500 2233 5562 gunt
2261 5493 2460 5549 vellent
2490 5496 2787 5551 attendere.
2833 5494 2969 5550 Nam
3012 5495 3307 5551 Zacharias
3357 5498 3412 5551 in
3468 5500 3640 5555 cande

2098 5587 2241 5641 labri
2285 5588 2494 5643 visione
2524 5591 2640 5644 ait:
2673 5608 2691 5640 ‹
2727 5588 2792 5642 Ει
2814 5589 3090 5658 respondit
3112 5589 3336 5658 angelus
3369 5590 3462 5661 qui
3484 5590 3670 5661 loque-

3273 5727 3293 5748 ο
3319 5715 3451 5771 Luc.
3489 5731 3529 5782 ι,
3585 5717 3671 5771 55.
