4078 6292
524 328 636 391 διο

1729 324 2127 387 ΕΗΤΠΥΜΙΙ
2166 327 2531 387 ZlGABENl

3645 348 3733 411 700

528 442 692 496 batur
720 439 771 493 in
796 454 904 506 me,
938 447 993 496 et
1016 440 1158 496 dixit
1191 456 1209 507 ;
1256 437 1535 509 Numquid
1584 438 1764 493 nescia
1788 438 1920 507 quid
1971 444 2095 492 sunt

2203 440 2281 494 οδ
2320 442 2611 508 γινώσκεις
2658 441 2712 495 τί
2740 443 2857 497 ἐστι
2885 443 3099 510 ταῦτας
3130 443 3242 499 Καὶ
3266 440 3432 501 εἷπονο
3465 452 3605 525 Οὐχὶ,
3632 460 3726 513 κύ.

526 533 688 588 hac?
714 531 779 587 Et
799 533 913 588 dixi
946 550 961 588 :
988 532 1129 600 Non,
1157 532 1407 587 Domine.
1437 532 1504 586 Et
1525 530 1831 602 respondit,
1862 530 2012 585 etait
2032 527 2095 583 ad

2206 544 2319 597 ριε.
2358 530 2468 582 Καὶ
2519 531 2814 601 ἀπεκρίθη,
2858 533 2954 585 καὶ
2984 528 3105 586 εἷπε
3136 533 3273 604 πρὸς
3307 536 3375 604 μὲ
3400 536 3580 607 λέγων·
3643 542 3731 600 οὗ.

522 640 635 690 me,
670 625 896 689 dicens;
927 623 1043 680 Hoc
1065 635 1147 680 est
1168 624 1395 678 verbum
1440 624 1654 679 Domini
1686 623 1753 677 ad
1776 620 2095 689 Zerobabel,

2204 637 2297 684 τος
2325 622 2354 673 ὁ
2392 622 2549 691 λόγος
2600 624 2806 694 Κυρίου
2856 626 2993 694 πρὸς
3036 628 3358 696 Ζοροῦάσελ,
3406 631 3586 700 λέγων’
3634 641 3731 694 οὐκ

525 717 752 773 dicens:
784 718 900 774 Non
935 719 989 773 in
1044 722 1245 774 virtute
1284 734 1500 789 magna,
1529 734 1627 775 nec
1660 719 1718 774 in
1744 719 1964 784 robore,
2004 718 2095 775 sed

2205 718 2266 770 εν
2290 716 2521 784 δυνάμει
2557 717 2789 787 μεγάλῃ,
2826 717 2948 771 οὐδὲ
2978 720 3039 773 ἐν
3068 720 3235 790 ίσχύῖ,
3266 722 3379 774 ἀλλ’
3406 724 3462 777 εν
3490 726 3733 799 [inuitari

526 812 581 866 in
614 811 817 881 Spiritu
840 827 987 878 meo,
1020 812 1151 867 dicit
1178 812 1443 869 Dominus
1485 814 1834 883 omnipotens
1864 814 1904 867 ι.
1948 831 1969 866 ι
2024 811 2095 866 Ex

2212 826 2337 879 μου,
2370 809 2525 877 λέγει
2578 810 2783 878 Κύριος
2831 813 3247 882 παντοκράτωρ.
3291 832 3309 866 ι
3363 816 3587 888 Εὔδηλον
3632 822 3731 889 οῦν,

523 904 727 972 quibus
754 905 923 974 liquet
954 907 1211 975 angelum
1271 907 1363 977 qui
1416 907 1693 976 prophetae
1753 906 2097 977 loquebatur,

524 1013 633 1053 non
712 997 882 1052 fuisse
937 997 1198 1068 Spiritum
1235 1007 1511 1064 sanctum,
1539 997 1636 1053 sed
1690 998 1843 1053 illum
1877 999 2096 1068 quidem

521 1102 642 1144 esse
674 1088 948 1159 angelum,
981 1088 1125 1144 hunc
1159 1096 1338 1143 autem
1362 1102 1485 1143 esse
1503 1088 1765 1160 Spiritum
1797 1089 1888 1143 Dei
1914 1088 2095 1143 omni-

522 1182 777 1249 potentis.
813 1181 899 1233 cui
927 1189 982 1249 et
1020 1180 1241 1250 angelus
1270 1180 1564 1239 ministrat.
1595 1176 1800 1250 quique
1829 1195 1859 1233 a
1899 1181 2094 1235 divini-

529 1280 639 1325 tate
679 1268 846 1324 dividi
870 1272 1080 1339 nequit,
1123 1285 1187 1325 ac
1208 1271 1357 1326 verbi
1415 1271 1668 1341 proprius
1690 1280 1791 1327 est.
1842 1269 2000 1337 Quod
2049 1273 2094 1326 si

517 1363 765 1421 Auostoli
793 1363 955 1416 verba
988 1363 1144 1417 nobis
1176 1364 1558 1430 opposuerint,
1611 1367 1702 1434 qui
1744 1366 1949 1420 scilicet
1977 1373 2098 1431 post

516 1455 797 1506 Christum
827 1453 1024 1507 eiectos
1047 1457 1267 1523 angelos
1290 1454 1631 1521 nominavit;
1658 1455 1839 1508 dica‘iit
1870 1454 2090 1521 quinam

517 1560 584 1598 ex
611 1545 716 1600 illis
740 1545 993 1600 omnibus
1009 1545 1256 1599 Trinitati
1284 1546 1662 1617 adjungendus
1685 1546 1795 1600 sit?
1815 1543 1926 1600 Nec
1946 1545 2091 1598 enim

522 1653 711 1692 omnes
741 1653 885 1693 unus
920 1647 1048 1692 sunt
1073 1653 1322 1693 numero.
1357 1641 1463 1693 Aut
1491 1639 1617 1708 quis
1668 1639 1886 1692 illorum
1912 1638 1968 1691 in
1996 1651 2094 1692 co-

521 1729 722 1783 lumbze
752 1730 934 1799 specie
957 1730 1009 1784 in
1045 1728 1338 1785 Iordanem
1385 1732 1703 1786 descendit?
1748 1730 1883 1785 Nam
1925 1730 2091 1784 millia
2121 1770 2163 1827 Β

522 1822 753 1875 millium
804 1832 855 1876 et
918 1822 1099 1877 decies
1130 1822 1327 1877 millies
1369 1821 1507 1877 dena
1559 1820 2098 1877 millia'ministrant

522 1913 571 1966 ei
636 1911 677 1966 ².
727 1911 824 1967 Vel
852 1928 1022 1983 quare
1064 1914 1218 1970 caelis
1267 1915 1470 1986 apertis
1517 1930 1628 1969 non
1668 1917 1872 1970 dictum
1901 1925 2002 1979 est,
2031 1912 2097 1967 Et

525 2001 805 2057 descendit
851 2005 1051 2074 aliquis
1097 2021 1166 2060 ex
1225 2007 1411 2061 electis
1454 2007 1681 2077 angelis,
1712 2008 1829 2073 sed,
1859 2007 2096 2075 Spiritus

524 2096 784 2151 sanctus?
818 2096 909 2151 Vel
959 2113 1129 2166 quare
1176 2098 1290 2167 ipse
1320 2098 1586 2154 Dominus
1619 2098 1685 2153 de
1738 2097 1843 2151 line
1881 2108 2090 2166 tempo-

523 2203 643 2241 rum
674 2204 796 2241 cum
829 2188 1111 2258 discipulis
1139 2190 1436 2256 disserens,
1675 2188 1930 2243 distincte
1970 2189 2047 2242 ait
2076 2205 2090 2241 :

526 2298 545 2330 ι
575 2278 747 2334 Mittet
780 2277 949 2335 Filius
976 2280 1213 2336 hominis
1236 2282 1456 2350 angelos
1487 2295 1618 2336 suos
1647 2280 1732 2335 ’ἳι
1763 2279 1895 2335 item
1921 2288 1972 2335 et
1998 2296 2096 2334 an-

522 2379 607 2424 tea
638 2370 838 2424 dictum
886 2369 1108 2426 fuerat:
1148 2389 1167 2423 ι
1207 2371 1398 2443 Angeli
1448 2372 1835 2427 ministrabant
1874 2371 1924 2427 ei
1988 2373 2027 2424 δ.
2068 2390 2088 2423 ι

524 2461 728 2515 Iterum
762 2478 981 2532 quoque
1008 2463 1145 2518 dixit
1197 2482 1210 2518 :
1242 2482 1260 2516 ι
1314 2463 1551 2519 Exibunt
1585 2464 1762 2534 angeli
1820 2468 1860 2519 ⁸.
1906 2483 1925 2515 ι
1955 2463 2093 2518 Cum

520 2565 652 2605 vero
677 2552 957 2622 discipulis
986 2562 1237 2608 sanctum
1278 2555 1544 2625 Spiritum
1585 2556 1760 2619 daret,
1783 2555 1896 2610 ait:
1939 2574 1959 2607 ι
1995 2556 2097 2610 Ac-

520 2642 687 2710 cipite
727 2642 986 2713 Spiritum
1027 2654 1275 2700 sanctum
1346 2646 1386 2699 '.
1426 2665 1443 2697 ι
1486 2645 1700 2701 Rursus
1742 2655 1944 2702 etcum
1971 2663 2094 2703 eos-

2204 902 2280 963 ὠς
2346 901 2376 953 δ
2430 900 2607 955 λαλῶν
2657 901 2887 970 ἄγγελος
2950 903 3031 972 τῷ
3108 908 3361 977 προφήτῃ
3419 909 3516 963 οὐκ
3565 907 3628 984 ἦν
3684 917 3736 970 τδ

2201 992 2427 1063 Πνεῦμα
2456 997 2518 1048 τὸ
2550 993 2730 1062 ἄτιον,
2765 996 2882 1049 ἀλλ’
2914 998 3076 1059 eam
3108 999 3208 1068 μὲν
3241 1000 3492 1067 ἄγγελος,
3525 1004 3583 1057 τὸ
3605 1006 3656 1059 δὲ
3683 1007 3734 1061 τὸ

2199 1086 2423 1154 Πνεῦμα
2470 1084 2567 1138 τοῦ
2631 1085 2771 1140 Θεοῦ
2831 1089 2947 1140 ἐστι
3007 1089 3103 1143 τοῦ
3158 1094 3609 1163 παντοκράτορος
3655 1098 3737 1152 καὶ

2199 1180 2528 1233 διακονεῖται
2582 1180 2684 1249 μὲν
2742 1179 2876 1250 παρ’
2902 1180 3155 1249 ἀγγέλου,
3222 1182 3524 1252 ἀδιαίρετον
3552 1186 3605 1239 δὲ
3652 1191 3737 1258 τῆς

2197 1273 2456 1343 θεότητός
2488 1274 2623 1335 ἐστι,
2660 1275 2755 1327 καὶ
2784 1273 2918 1327 τοιον
2941 1275 3035 1326 τοῦ
3063 1275 3243 1341 λόγου.
3288 1275 3513 1329 Ἑπεὶεῑ
3538 1280 3595 1331 τὸ
3623 1281 3739 1333 ἁπο-

2205 1364 2451 1418 στολικὸν
2483 1365 2913 1433 προφασίζονται
2941 1366 3130 1436 ῥητὸν,
3163 1367 3335 1422 διὰτὸ
3362 1368 3603 1439 εἰρῆσθαι
3625 1373 3740 1439 μετὰ

2194 1453 2284 1505 τὸν
2317 1456 2548 1524 Χριστὸν
2566 1456 2694 1518 τοὺς
2719 1455 3011 1517 ἐκλεκτοὺς
3035 1454 3327 1523 ἀγγέλους,
3356 1453 3648 1508 εἰπάτωσαν
3667 1460 3737 1519 τις

2194 1546 2259 1596 ὲκ
2277 1545 2495 1598 πάντων
2517 1545 2721 1600 τούτων
2749 1547 2896 1600 ἐστὶν
2910 1547 2940 1600 ὁ
2971 1546 3038 1616 τῇ
3178 1546 3373 1617 Τριάδι
3411 1546 3734 1616 συνίἰινσσόμε⁴

2194 1653 2312 1701 νος;
2347 1638 2423 1690 Οὐ
2469 1637 2577 1709 γὰρ
2612 1638 2676 1709 δὴ
2715 1637 2919 1702 πάντες
2963 1637 3044 1703 εἷς
3086 1640 3192 1692 είσι
3224 1637 3304 1708 τῷ
3353 1637 3581 1710 ἀριθμῷ·
3612 1639 3642 1708 ἢ
3674 1638 3741 1701 τις

2193 1727 2372 1781 αὐτῶν
2412 1728 2560 1781 ἐστιν
2597 1728 2626 1780 ὀ
2664 1728 2940 1782 κατελθὼν
2969 1730 3051 1793 εἰς
3084 1729 3175 1783 τὸν
3234 1728 3508 1800 Ἰορδάνην
3542 1729 3596 1781 ἐν
3635 1726 3743 1781 εῖδει

2194 1820 2556 1888 περιστερᾶς;
2582 1819 2764 1873 Χίλιαι
2798 1819 2909 1891 γὰρ
2935 1819 3173 1889 χιλιάδες
3203 1819 3314 1873 εἰσὶ
3338 1820 3433 1874 καὶ
3463 1819 3641 1890 μύριαι
3661 1835 3745 1888 μυο

2197 1909 2377 1981 ριάδες
2399 1913 2447 1962 οἱ
2474 1910 2936 1982 λειτουργοῦντες.
2961 1914 3031 1966 Ἣ
3058 1912 3148 1966 διὰ
3165 1912 3240 1976 τί,
3276 1912 3641 1982 ἀνοιγομένων
3654 1910 3745 1963 τῶν

2194 2002 2472 2073 οὐρανῶν,
2511 2003 2611 2055 οὐκ
2647 2005 2884 2075 εἴρηται,
2930 2005 3041 2058 Καὶ
3074 2005 3352 2075 κατῆλθεν
3379 2006 3444 2058 ὲκ
3481 2004 3585 2057 τῶν
3612 2003 3745 2057 ἐκλε-

2195 2092 2340 2146 κτῶν
2369 2091 2640 2162 ἀγγέλων,
2667 2092 2826 2159 ἀλλὰ,
2852 2093 2914 2148 τὺ
2951 2093 3179 2165 Πνεῦμα
3202 2094 3267 2147 τὸ
3297 2096 3479 2164 ἆγιον;
3508 2096 3576 2147 ’Ἡ
3604 2093 3681 2146 διὰ
3702 2093 3747 2146 τί

2194 2184 2355 2248 αὐτὸς
2373 2185 2402 2236 ὁ
2431 2184 2635 2256 Κύριος
2660 2186 2788 2256 περὶ
2821 2186 2918 2257 μὲν
2939 2188 3039 2257 τῆς
3061 2186 3375 2250 συντελείας
3403 2187 3748 2254 διαλεγόμενος

2194 2278 2306 2338 τοῖς
2348 2274 2635 2345 μαθηταῖς,
2662 2276 2984 2329 διαστέλλων
3018 2276 3116 2347 μὲν
3138 2277 3358 2347 ἔλεγενο
3398 2296 3417 2329 ι
3471 2276 3751 2330 ’Δποστελεῖ

2193 2370 2221 2421 ὁ
2254 2367 2383 2431 Υἱὸς
2407 2367 2502 2420 τοῦ
2528 2368 2823 2440 ἀνθρώπου
2875 2370 3002 2433 τοὺς
3048 2370 3319 2438 ἀγγέλους
3352 2370 3516 2423 αὑτοῦ
3543 2385 3557 2434 ;
3606 2388 3624 2421 ι
3658 2368 3751 2422 Καὶ

2193 2461 2301 2532 πρὸ
2330 2459 2534 2513 τούτων
2569 2461 2783 2531 εἴρητοο
2822 2479 2841 2512 ι
2878 2463 2940 2514 0i
2971 2461 3191 2529 ἄγγελοι
3234 2461 3517 2532 διηκόνουν
3553 2458 3746 2530 αὑτῷ.ι

2193 2550 2306 2602 Καὶ
2332 2552 2494 2604 πάλιν
2530 2551 2693 2613 αὐτὸς
2712 2551 2891 2620 λέγει·
2928 2569 2950 2603 ι
2999 2550 3408 2616 Ἐξελεύσονται
3434 2552 3483 2604 oi
3503 2548 3747 2619 άγγελοι.ι

2190 2643 2320 2706 Τοῖς
2361 2643 2420 2695 δὲ
2478 2642 2748 2713 μαθηταῖς
2800 2643 2975 2706 διδοὺς
3012 2643 3164 2711 ἔλεγε
3231 2661 3252 2694 ι
3290 2642 3500 2697 Λάϐετε
3556 2640 3755 2710 Πνεῦμα

521 2732 645 2785 dem
681 2734 747 2787 ad
787 2736 1187 2803 przedicandum
1230 2736 1418 2791 misit:
1453 2755 1470 2788 ι
1496 2736 1721 2803 Euntes,
1753 2738 1953 2807 inquit,
2003 2739 2094 2793 do-

2194 2735 2383 2804 ἆγιον·
2428 2754 2446 2786 ι
2476 2735 2820 2788 ἀποστέλλων
2847 2752 2908 2787 τε
2948 2736 3145 2798 αὐτοὺς
3184 2734 3379 2803 ἔλεγε·
3422 2753 3441 2785 ι
3481 2732 3756 2804 Πορευθέν-

521 2833 640 2877 cete
660 2840 851 2880 omnes
883 2836 1089 2896 gentes,
1145 2827 1487 2897 baptizantes
1521 2844 1618 2884 eos
1654 2829 1709 2884 in
1741 2831 1961 2887 nomine
1990 2831 2094 2886 Pa-

525 2915 624 2970 tris
673 2926 726 2970 et
763 2915 883 2971 Filii
914 2930 967 2972 et
1013 2918 1249 2988 Spiritus
1280 2921 1456 2975 sancti
1495 2923 1534 2975 '.
1568 2940 1587 2973 ι
1619 2919 1729 2976 Nec
1751 2922 1895 2976 enim
1925 2938 2092 2993 ange-

523 3006 635 3061 lum
672 3023 796 3063 cum
836 3010 1116 3065 divinitate
1146 3013 1446 3081 copulavit,
1478 3028 1659 3083 neque
1708 3028 1810 3068 nos
1849 3014 1952 3070 sibi
1990 3015 2093 3084 ipsi

2192 2843 2284 2889 τες
2337 2825 2717 2897 μαθητεύσατε
2873 2826 3053 2880 πάντα
3102 2826 3173 2879 τά
3222 2826 3359 2897 ἔθνη
3385 2822 3756 2895 ,βαπτίζοντες

2194 2918 2390 2980 αὐτοὺς
2417 2919 2497 2980 εἰς
2522 2917 2584 2969 τὸ
2606 2917 2778 2987 ὄνομα
2808 2915 2900 2970 τοῦ
2940 2916 3155 2987 Πατρδς
3175 2956 3189 2981 ,
3235 2916 3339 2970 καὶ
3376 2914 3469 2969 τοῦ
3498 2912 3651 2975 Υἱοῦ,
3676 2911 3759 2964 καὶ

2195 3009 2288 3063 τοῦ
2322 3010 2478 3079 ἁγίου
2509 3009 2847 3080 Πνεύματος.
2892 3027 2911 3060 ι
2945 3009 3023 3061 Οὐ
3067 3009 3178 3079 γὰρ
3215 3009 3455 3078 ἄγγελον
3488 3004 3759 3060 συνέτασσε

522 3107 577 3153 et
603 3098 752 3154 Patri
782 3101 837 3154 in
866 3116 925 3156 re
957 3112 1137 3157 creata
1165 3104 1469 3174 conjunxit,
1498 3105 1593 3161 sed
1643 3105 1698 3160 in
1730 3104 1935 3175 Spiritu
1962 3122 2059 3162 san
2079 3135 2093 3148 -

2194 3106 2261 3174 τῇ
2283 3103 2520 3176 θεότητι,
2551 3102 2672 3156 οὐδὲ
2711 3104 2769 3155 ὲν
2801 3103 3061 3172 κτίσματι
3091 3102 3371 3172 συνῆπτεν
3410 3101 3561 3173 ἡμᾶς
3599 3094 3759 3164 ἑαυτῷ

522 3200 633 3258 cto,
660 3207 821 3262 quem
853 3208 975 3248 cum
1028 3196 1387 3264 promitteret,
1419 3210 1529 3251 non
1584 3197 1663 3251 ait
1727 3211 1786 3251 se
1835 3198 2089 3268 angelum

524 3282 761 3349 mittere,
786 3284 879 3337 sed
921 3302 940 3335 ι
979 3283 1243 3352 Spiritum
1271 3287 1516 3341 veritatis
1547 3286 1642 3356 qui
1672 3303 1702 3340 a
1754 3286 1914 3342 Patre
1965 3304 2096 3358 pro-

522 3373 685 3440 cedit,
733 3379 755 3411 ⁸
775 3393 795 3426 ι
834 3375 928 3446 qui
950 3376 1095 3431 idem
1121 3392 1188 3433 ex
1213 3377 1333 3449 ipso
1357 3379 1554 3448 accipit
1582 3385 1637 3432 et
1662 3378 1846 3433 datur.

712 3656 930 3731 Moyses
955 3671 1173 3728 quoque
1192 3656 1285 3727 qui
1323 3658 1547 3729 angelos
1576 3656 1796 3727 quidem
1829 3672 1918 3712 res
1941 3672 2095 3712 crea-

526 3763 613 3809 tas
640 3766 784 3815 esse,
842 3749 1104 3820 Spiritum
1160 3757 1342 3805 autem
1384 3759 1635 3805 sanetum
1685 3748 1898 3805 Filioet
1947 3747 2095 3805 Patri

524 3845 879 3916 conjunetum
938 3851 1187 3911 noverat,
1241 3843 1353 3900 Deo
1406 3842 1511 3914 ipsi
1578 3842 1829 3898 dicente:
1867 3861 1885 3894 ι
1928 3843 2093 3906 Vade,

526 3937 758 3994 ascende
804 3937 871 3993 de
926 3936 1050 3991 loco
1102 3936 1210 3991 isto
1256 3946 1313 3991 tu
1355 3945 1409 3992 et
1454 3935 1689 4006 populus
1744 3944 1871 3989 tuus
1932 3949 2093 4003 quem

524 4028 761 4085 eduxisti
791 4027 858 4083 de
891 4039 1033 4082 terra
1056 4024 1302 4097 Egypti,
1346 4028 1400 4080 in
1448 4034 1650 4080 terram
1706 4039 1869 4094 quam
1915 4023 2096 4093 iuravi

525 4119 825 4183 Abraham,
862 4118 1015 4175 lsaac
1055 4128 1110 4173 et
1159 4116 1349 4185 Jacob,
1401 4118 1625 4173 dicens:
1654 4117 1861 4172 Semini
1908 4125 2092 4171 vestro

529 4213 672 4267 dabo
692 4228 811 4266 eam
846 4220 940 4265 :et
978 4212 1189 4265 mittam
1223 4219 1349 4266 ante
1397 4210 1593 4265 faciem
1640 4218 1790 4264 tuam
1839 4210 2091 4279 angelum

534 4320 741 4368 meum,
769 4312 824 4358 et
864 4302 1431 4372 ejicietChananzcum
1462 4308 1518 4370 ⁶;
1547 4321 1565 4355 ι
1618 4302 1670 4356 id
1700 4303 1993 4366 recusavit,
2020 4303 2094 4356 ita

528 4394 866 4464 respondens
897 4409 911 4445 :
949 4411 966 4444 ι
998 4391 1110 4447 Nisi
1141 4394 1257 4463 ipse
1289 4392 1656 4464 proﬁciscaris
1685 4391 1995 4460 nobiseum,
2025 4408 2096 4447 ne

529 4501 617 4541 me
644 4500 709 4539 ex
732 4484 838 4538 isto
860 4485 982 4539 loco
1014 4485 1215 4540 educas
1245 4490 1309 4537 “.
1352 4503 1371 4536 ι
1402 4482 1628 4538 Nolebat
1678 4499 1873 4553 nempe
1923 4498 2096 4554 pepu-

531 4577 642 4639 ium
672 4593 701 4631 a
728 4594 788 4631 re
828 4587 1011 4631 creata
1042 4575 1190 4643 duci,
1221 4591 1289 4630 ne
1327 4576 1407 4630 rei
1460 4585 1656 4630 creata:
1703 4576 1885 4646 potius
1933 4590 2097 4645 quam

531 4670 642 4729 Deo
666 4670 907 4731 omnium
938 4668 1189 4725 Creatori
1220 4666 1426 4722 servire
1452 4667 1742 4721 discerent.
1774 4665 1933 4721 Certe
1957 4665 2097 4719 idem

529 4764 621 4827 ille
674 4769 766 4832 qui
810 4761 1062 4833 angelum
1110 4760 1306 4816 ducem
1357 4758 1559 4813 habere
1600 4766 1876 4821 renuerat,
1930 4760 2097 4811 Deum

528 4858 706 4925 ipsum
739 4865 798 4909 ut
826 4856 909 4908 sui
942 4853 1049 4908 dux
1092 4860 1239 4908 esset
1287 4850 1518 4922 rogavit.
1573 4846 1730 4916 Quod
1765 4864 1890 4903 cum
1951 4852 2096 4904 Deus

529 4945 804 5017 pollicitus
870 4944 972 5013 ipsi
1025 4942 1364 5012 responderit
1401 4959 1417 4998 ξ
1457 4959 1474 4990 ι
1529 4937 1596 4997 Et
1652 4938 1796 4995 istud
1868 4940 2093 4994 verbum

530 5048 707 5100 tuum,
760 5035 906 5104 quod
964 5034 1176 5089 locutus
1225 5048 1304 5097 es,
1341 5031 1537 5087 faciam
1583 5046 1597 5083 ε
1649 5031 1901 5086 invenisti
1948 5031 2093 5086 enim

531 5127 760 5200 gratiam
789 5140 973 5181 coram
1027 5140 1135 5188 me,
1190 5132 1244 5178 et
1294 5124 1417 5177 novi
1448 5132 1499 5177 te
1532 5138 1642 5193 prae
1676 5124 1987 5180 omnibus“
2018 5139 2033 5178 :
2069 5144 2087 5177 ι

525 5235 649 5275 cum
682 5218 809 5272 item
839 5216 962 5270 inde
986 5214 1039 5269 in
1071 5212 1210 5270 Isaia
1252 5216 1518 5284 scriptum
1549 5228 1792 5285 legamus
1829 5234 1841 5269 :
1876 5234 1893 5266 ι
1930 5215 2034 5282 Qui
2061 5232 2087 5272 θ

524 5322 667 5367 terra
696 5309 881 5365 eduxit
902 5317 1175 5376 pastorem
1203 5306 1384 5360 ovium
1413 5324 1427 5360 :
1456 5304 1548 5359 ubi
1571 5313 1655 5359 est
1690 5307 1781 5373 qui
1824 5308 2006 5376 posuit
2037 5307 2082 5364 il

523 5398 657 5471 ipsis
703 5396 969 5468 Spiritum
1011 5405 1288 5461 sanctum,
1314 5395 1408 5466 qui
1444 5396 1666 5468 Moysen
1711 5398 1940 5454 dextera
1999 5397 2097 5453 de-

522 5491 677 5545 duxit
710 5490 799 5542 "‘l
835 5508 851 5541 ι
890 5497 946 5545 et
972 5490 1136 5559 paulo
1184 5496 1307 5558 post
1344 5507 1358 5543 :
1392 5508 1412 5542 ι
1452 5490 1748 5545 Descendit
1790 5491 2023 5562 Spiritus
2063 5508 2092 5549 a

2193 3211 2254 3247 τε
2277 3194 2371 3247 καὶ
2390 3193 2470 3264 τῷ
2491 3193 2686 3263 Πατρὶ,
2717 3192 2832 3246 ἀλλ’
2862 3193 2919 3246 ὲν
2939 3191 3017 3262 τῷ
3045 3191 3332 3263 Πνεύματι
3358 3191 3438 3262 τῷ
3460 3191 3619 3261 ἁγίῳ,
3638 3189 3758 3257 ὅπερ

2194 3284 2356 3348 αὐτὸς
2386 3283 2851 3355 ἐπαγγελλόμενος
2989 3284 3091 3336 οὐκ
3118 3283 3347 3355 εἴρηκεν
3383 3283 3609 3354 ἄγγελον
3642 3281 3761 3335 ἁπο-

2097 3394 2108 3405 ·
2196 3376 2456 3441 στέλλειν,
2484 3376 2617 3431 ἀλλὰ
2640 3394 2659 3428 ι
2683 3376 2744 3429 τὸ
2766 3374 2988 3447 Πνεῦμα
3015 3376 3117 3446 τῆς
3142 3376 3432 3445 ἀληθείας,
3460 3375 3489 3428 δ
3512 3372 3657 3444 παρὰ
3677 3368 3760 3423 τοῦ

2195 3470 2409 3539 Πατρὸς
2433 3468 2816 3541 ἐκπορεύεται,
2857 3488 2876 3522 ι
2904 3469 3001 3524 καὶ
3031 3470 3097 3523 ιιι
3143 3467 3240 3525 τοῦ
3293 3468 3466 3525 αὐτοῦ
3519 3464 3763 3536 λαμϐάνει

2194 3559 2291 3616 καὶ
2324 3558 2542 3615 δίδοται.

2395 3668 2505 3726 Καὶ
2523 3672 2731 3744 Μωσῆς
2757 3673 2811 3747 γ’
2840 3666 2954 3737 οῦν,
2983 3671 3274 3742 γινώσκων
3317 3673 3449 3737 τοὺς
3498 3671 3596 3743 μὲν
3617 3668 3764 3738 ἀγγέ-

2193 3763 2317 3828 λους
2342 3764 2636 3835 κτίσματα,
2667 3762 2724 3816 τὸ
2755 3763 2811 3816 δὲ
2836 3762 3062 3834 Πνεῦμα
3083 3763 3146 3815 τὸ
3180 3763 3345 3833 ἅγιον
3382 3760 3659 3834 ἡνωμένον
3697 3755 3764 3827 τῷ

2195 3854 2309 3925 Υἱῷ
2337 3852 2431 3908 καὶ
2455 3854 2533 3926 τῷ
2561 3855 2757 3927 Πατρὶ,
2797 3854 3051 3924 λέγοντος
3082 3853 3234 3926 αὐτῷ
3273 3852 3375 3908 τοῦ
3399 3852 3571 3908 Θεοῦ·
3614 3871 3633 3903 ‹
3670 3848 3765 3903 Πο-

2200 3945 2357 4018 ρεύου
2382 3987 2397 4012 ,
2430 3946 2662 4018 ἀνάϐηθι
2688 3945 2943 3999 ἐντεῦθεν
2971 3946 3035 3999 σὺ
3184 3948 3286 4000 xui.
3313 3949 3342 4001 ὁ
3366 3946 3497 4010 λαός
3541 3961 3654 4009 σου,
3684 3938 3766 4004 οὓς

2196 4038 2462 4109 ἐξήγαγες
2493 4039 2558 4091 ὲκ
2589 4041 2692 4109 γῆς
2724 4038 3002 4106 Αίγύπτου
3040 4040 3120 4102 εἰς
3165 4038 3270 4109 τὴν
3318 4038 3450 4108 γῆν,
3485 4037 3551 4108 ἦν
3596 4036 3767 4105 ὤμοσα

2194 4129 2272 4201 τῷ
2308 4129 2576 4201 Ἀϐραὰμ,
2603 4130 2697 4183 καὶ
2729 4128 2807 4199 τῷ
2840 4130 3047 4194 Ἰσαὰκ,
3084 4132 3179 4185 καὶ
3199 4131 3283 4202 τῷ
3338 4126 3539 4185 Ἰακὼό
3573 4127 3731 4194 λέγων
3751 4136 3765 4151 ⁸

2196 4219 2285 4290 Τῷ
2314 4221 2585 4290 σπέρματι
2608 4220 2763 4291 ὑμῶν
2807 4218 2964 4273 δώσω
2996 4221 3166 4291 αὑτήν
3188 4237 3202 4252 ’
3248 4223 3351 4277 καὶ
3404 4213 3769 4274 συναποστελῶ

2196 4311 2302 4383 πρὸ
2333 4310 2621 4383 προσώπου
2656 4329 2749 4365 σου
2783 4311 2873 4365 τὸν
2899 4312 3130 4380 ἄγγελόν
3172 4331 3299 4383 μου,
3335 4314 3436 4368 καὶ
3452 4310 3667 4365 ἐκϐαλεῖ
3688 4303 3769 4358 τὸν

2194 4404 2497 4457 Χαναναῖον
2517 4420 2532 4434 ·
2569 4423 2588 4455 ι
2626 4405 2970 4474 παραιτεῖται
3114 4403 3294 4471 λέγων
3319 4422 3334 4435 ’
3375 4422 3395 4455 ι
3427 4405 3492 4457 Et
3521 4402 3594 4474 μὴ
3628 4395 3771 4457 tam

2195 4494 2516 4568 συμπορεύῃ
2562 4492 2679 4565 μεθ’
2715 4493 2893 4565 ἡμῶν,
2926 4495 3000 4566 μή
3029 4510 3095 4565 με
3122 4495 3421 4567 ἀναγάγῃς
3449 4491 3707 4546 ἐντεῦθεν.
3746 4504 3767 4537 ι

2196 4587 2309 4639 Οὐκ
2330 4584 2579 4638 ὲϐούλετο
2605 4586 2713 4657 γὰρ
2734 4586 2940 4657 κτίσμα
3078 4587 3457 4660 προηγεῖσθαι
3501 4585 3596 4641 τοῦ
3631 4579 3771 4638 λαοῦ.

2193 4676 2283 4731 ἵνα
2315 4676 2390 4748 μὴ
2436 4676 2648 4749 μάθωσι
2690 4676 2974 4749 λατρεύειν
3010 4681 3077 4749 τῇ
3125 4680 3309 4731 κτίσει
3356 4676 3514 4750 παρὰ
3553 4677 3640 4729 τὸν
3676 4670 3773 4725 κτε-

2200 4784 2365 4820 σαντα
2388 4767 2459 4820 τά
2483 4768 2660 4821 πάντα
2680 4766 2836 4821 Θεόν.
2880 4770 2937 4820 ’Δ
2946 4768 3118 4838 μέλει,
3139 4769 3229 4822 τὸν
3252 4769 3499 4839 ἄγγελον
3528 4780 3773 4837 παραιτη-

2199 4859 2451 4930 σάμενος,
2481 4859 2782 4931 παρεκάλει
2814 4859 2975 4914 αὐτὸν
3009 4861 3102 4914 τὸν
3127 4861 3262 4915 Θεὸν
3294 4859 3662 4931 καθηγεῖσθαι
3686 4855 3770 4908 ati-

2198 4949 2327 5002 τῶν.
2361 4947 2467 5002 Τοῦ
2491 4947 2549 5001 δὲ
2570 4946 2708 5000 Θεοῦ
2736 4947 3202 5019 ἐπαγγειλαμένου
3232 4952 3335 5002 καὶ
3368 4947 3619 5009 εἰπόντος
3651 4940 3770 5014 πρὸς

2199 5038 2360 5093 αὐτόν
2403 5054 2419 5070 ·
2539 5055 2559 5090 ι
2596 5038 2705 5093 Καὶ
2729 5036 2919 5092 τοῦτόν
2953 5054 3047 5093 σου
3085 5038 3175 5091 τὸν
3203 5036 3371 5105 λόγον
3394 5078 3411 5103 ,
3448 5037 3513 5089 δν
3539 5037 3766 5104 εἴρηκας,

2198 5132 2408 5203 ποιήσω
2426 5147 2440 5163 ’
2471 5129 2711 5202 εὕρηκας
2730 5131 2840 5203 γὰρ
2866 5132 3024 5202 χάριν
3052 5129 3282 5185 ἐνώπιόν
3308 5147 3442 5201 μου,
3468 5128 3562 5182 καὶ
3590 5121 3699 5179 οἶδά
3715 5133 3766 5171 σι

2200 5224 2350 5294 παρὰ
2375 5224 2612 5287 πάντας·
2647 5242 2666 5276 ι
2692 5223 3000 5295 γέγραπται
3033 5223 3093 5274 ὲν
3121 5221 3199 5291 τῷ
3234 5220 3481 5291 Ἠσαίᾳσ
3523 5237 3543 5269 ι
3583 5218 3638 5267 '0
3655 5214 3767 5308 ὠρας

2199 5313 2428 5377 ὅιϐάσας
2456 5316 2521 5368 ὲκ
2547 5315 2645 5383 τῆς
2673 5315 2776 5386 γῆς
2800 5314 2890 5367 τὸν
2920 5313 3154 5384 ποιμένα
3180 5310 3293 5364 τῶν
3323 5309 3618 5381 προσάτων
3635 5321 3649 5335 ·
3676 5316 3765 5355 που

2203 5397 2533 5460 ὲστινόθεὶς
2568 5401 2628 5452 ἐν
2646 5400 2831 5462 αὐτοῖς
2861 5398 2923 5452 τὸ
2954 5398 3180 5467 Πνεῦμα
3228 5398 3294 5449 τὸ
3348 5399 3533 5468 ἅγιον,
3583 5401 3612 5453 ὁ
3660 5398 3769 5450 dva-

2200 5493 2390 5562 γαγὼν
2453 5495 2520 5564 τῇ
2574 5492 2725 5565 δεξιᾷ
2786 5494 3035 5565 Μωσῆν;
3073 5511 3092 5545 ι
3152 5493 3245 5545 καὶ
3288 5494 3605 5565 μετ’όλιγα
3631 5489 3770 5561 φησί’

595 5608 613 5639 ¹
644 5606 879 5679 zachar.
909 5621 982 5670 tv,
1010 5608 1065 5675 5,
1090 5607 1142 5661 6-
1205 5610 1226 5639 ³
1263 5607 1399 5663 Dan.
1437 5625 1532 5673 vn,
1588 5611 1678 5665 10.
1737 5610 1967 5665 'Mattb.
2009 5626 2131 5677 xm,
2164 5610 2255 5663 41.
2331 5609 2354 5643 ⁸
2380 5610 2572 5666 Matth.
2604 5612 2789 5679 tv,11.
2867 5614 2887 5645 ⁸
2918 5613 3109 5669 Matth.
3135 5629 3251 5678 xm,
3285 5616 3381 5670 49.
3458 5611 3649 5666 'Iuan.
3683 5622 3765 5679 SI.

521 5677 616 5750 2‘2.
690 5677 707 5706 ⁷
745 5679 1142 5750 Μοιιῑιαγνιιι.
1178 5679 1261 5735 19.
1336 5680 1359 5712 ⁸
1385 5680 1540 5736 Joan.
1576 5696 1667 5745 xv,
1716 5680 1960 5748 26;:v1,
1995 5680 2082 5736 14.
2159 5682 2179 5713 ⁹
2206 5679 2379 5738 Exod.
2436 5697 2622 5750 xxxiii,
2662 5677 2730 5749 ‘1,
2774 5685 2829 5740 2.
2908 5685 2950 5716 ¹⁰
2989 5687 3121 5739 ibid.
3162 5677 3244 5743 15.
3328 5686 3370 5715 "
3396 5686 3529 5742 ibid.
3572 5678 3761 5743 H.13-

528 5748 572 5778 "
606 5746 706 5798 lsa.
739 5761 894 5807 ωιιιι.
929 5747 1118 5812 11,1“;).
