4100 6290
406 342 513 410 τοι

1406 350 1779 422 PANOPLIA
1821 354 2286 421 DOGMATICA.
2316 382 2386 393 -
2409 357 2554 420 ΤΙΤ.
2598 358 2705 421 XI.

3545 367 3653 429 702

413 504 433 536 ι
469 482 689 555 Κατέόη
710 481 935 557 Πνεῦμα
959 484 1111 556 παρὰ
1132 485 1337 558 Κυρίου
1358 488 1452 541 καὶ
1471 487 1752 561 ὡδήγησεν
1773 490 1989 555 αύτούς.

2095 498 2326 553 Domino
2352 507 2407 552 et
2432 498 2626 557 ductor
2648 496 2862 552 illorum
2895 495 3017 553 fuit.
3054 494 3145 552 Sic
3167 496 3371 555 duxisti
3397 498 3659 567 populum

407 574 597 638 υῦτως
630 575 838 645 ἤγαγες
879 576 972 628 τὸν
1016 575 1143 631 λαόν
1195 594 1289 630 σου
1348 579 1581 649 ποιήσας
1782 580 1992 651 σεαυτῷ

406 666 579 737 ὄνομα
601 666 758 738 δόξης
777 683 790 696 ·
823 686 840 718 ι
868 667 949 731 τίς
971 667 1036 721 ἐκ
1059 666 1262 721 τούτων
1282 670 1342 722 οὐ
1368 672 1570 741 συνορᾷ
1588 670 1686 742 τὴν
1712 672 1990 744 ἀλήθειαν;

409 755 518 809 Τοῦ
551 756 661 827 γὰρ
688 756 821 810 Θεοῦ
853 757 1323 831 ἐπαγγειλαμένου
1353 761 1733 831 καθηγεῖσθαι,
1760 764 1869 817 ἰδοὺ
1891 766 1994 818 οὐκ

409 848 492 902 ετι
525 849 753 918 ἄγγελον
779 849 1172 918 ἐπαγγέλλεται
1212 850 1473 921 πέμπειν,
1505 852 1642 906 ἀλλὰ
1680 854 1742 906 τὸ
1768 855 1993 929 Πνεῦμα

408 938 600 1003 αὐτοῦ,
635 939 663 993 ὅ
708 940 853 992 ἐστιν
884 939 1023 1011 ὑπὲρ
1052 941 1178 1004 τοὺς
1203 940 1469 1009 ἀγγέλους
1490 982 1506 1009 ,
1551 943 1647 997 καὶ
1684 945 1819 998 αὐτὸ
1862 944 1996 999 καθ-

407 1029 717 1103 ηγούμενόν
760 1031 875 1082 ἐστι
903 1029 998 1083 τοῦ
1027 1029 1179 1087 λαοῦ.
1208 1031 1319 1085 Καὶ
1344 1031 1636 1098 δείκνυται,
1666 1034 1748 1088 δτι
1790 1035 1850 1087 ού
1884 1034 1994 1088 τῶν

408 1122 749 1192 κτισμάτων,
784 1121 904 1174 οὐδὲ
925 1121 1154 1191 ἄγγελός
1188 1123 1387 1177 ἐστιτὸ
1410 1124 1662 1196 Πνεῦμα,
1710 1125 1863 1180 ἀλλὰ.
1884 1125 1994 1179 ἄνω

406 1214 513 1285 τῆς
554 1211 787 1274 κτίσεώς
833 1216 979 1267 ἐστιν
1034 1254 1053 1285 ,
1209 1216 1489 1285 ἡνωμένον
1528 1219 1596 1289 τῇ
1642 1215 1855 1288 θεότητι
1897 1217 1991 1273 τοῦ

410 1304 647 1376 Πατρός.
684 1303 854 1366 Αὐτὸς
882 1303 990 1375 γὰρ
1013 1306 1040 1358 6
1070 1304 1200 1369 Θεὸς
1225 1305 1313 1360 διὰ
1352 1305 1446 1359 τοῦ
1491 1307 1663 1377 Λόγου
1722 1309 1780 1360 ἐν
1825 1308 1995 1363 Πνεύ-

413 1412 545 1464 ματι
575 1392 867 1464 καθηγεῖτο
900 1395 993 1448 τοῦ
1038 1394 1203 1451 λαοῦ’
1231 1396 1354 1455 ὅθεν
1395 1397 1486 1455 κα).
1531 1398 1619 1452 διὰ
1673 1399 1851 1468 πάσης
1892 1399 1995 1469 τῆς

408 1487 638 1557 Γραφῆς
677 1503 859 1556 φησιν’
898 1505 917 1537 ι
962 1486 1405 1558 Ἐγὼ.ὰνήγαγον
1601 1490 1746 1559 ὑμᾶς
1791 1491 1856 1542 ἐκ
1893 1490 1996 1563 γῆς

407 1576 687 1645 Αἰγύπτου
709 1593 723 1606 ο
780 1577 1058 1647 μάρτυρες
1126 1578 1284 1647 ὑμεῖς
1316 1581 1460 1647 ἐστε,
1508 1579 1556 1639 εί
1582 1579 1711 1643 Θεὸς
1743 1575 1810 1651 ἦν
1843 1580 1996 1641 ἁλλό-

2093 598 2269 649 tuum.
2326 600 2387 645 ut
2426 589 2634 645 faceres
2683 588 2778 643 tibi
2812 604 3010 643 nomen
3055 588 3241 658 gloria:
3288 590 3348 640 ιε
3389 607 3409 641 ι
3436 590 3560 657 quis
3593 605 3663 643 ex

2094 678 2180 732 his
2208 678 2491 736 veritatem
2520 694 2629 733 non
2655 679 2949 750 perspicit?
2979 678 3117 733 Nam
3140 694 3263 735 cum
3298 676 3443 739 Deus
3472 693 3533 733 se
3561 679 3665 733 du-

2093 785 2209 824 cem
2246 770 2429 839 populi
2460 768 2573 829 fore
2600 777 2746 826 esset
2785 770 3081 839 pollicitus,
3109 784 3236 826 ecce
3289 785 3397 827 non
3422 770 3535 838 jam
3564 785 3665 823 an-

2093 858 2294 927 gelum,
2328 858 2422 913 sed
2450 873 2607 912 suum
2630 857 2914 926 Spiritum,
2935 859 3027 927 qui
3049 858 3254 924 angelis
3285 858 3535 927 superior
3558 865 3663 923 est,

2093 948 2375 1003 ductorem
2429 947 2614 1019 populi
2674 962 2734 1001 se
2787 948 3083 1003 missurum
3143 948 3433 1019 promittit.
3481 946 3665 1013 Quare

2093 1044 2242 1106 patet
2281 1037 2544 1106 Spiritum
2584 1052 2693 1093 non
2747 1054 2814 1092 ex
2862 1039 3027 1094 rebus
3062 1039 3260 1094 creatis
3290 1055 3467 1108 neque
3497 1054 3665 1110 ange-
3715 1045 3723 1087 ι

2095 1130 2207 1187 lum
2232 1145 2372 1192 esse,
2400 1131 2495 1185 sed
2525 1131 2690 1189 rebus
2714 1130 2975 1185 omnibus
3016 1131 3215 1185 creatis
3248 1131 3585 1199 superiorem
3611 1140 3666 1185 et

2094 1218 2270 1277 Patris
2324 1220 2595 1277 divinitati
2646 1220 2999 1290 conjunctutn
3057 1237 3198 1277 esse.
3253 1221 3499 1291 Namque
3550 1222 3665 1295 ipse
3718 1228 3719 1231 ‘

2095 1312 2239 1367 Deus
2297 1327 2392 1382 per
2435 1310 2671 1369 Verbum
2720 1313 2775 1366 in
2841 1314 3044 1385 Spiritu
3102 1314 3362 1383 populum
3398 1315 3663 1377 ducebat;

2096 1404 2240 1463 unde
2288 1419 2384 1475 per
2410 1413 2579 1459 totam
2622 1404 2957 1474 Scripturam
3005 1414 3274 1460 testatur:
3314 1424 3331 1457 ‹
3362 1404 3473 1475 Ego
3502 1404 3665 1459 eduxi

2096 1509 2193 1549 vos
2216 1493 2282 1549 de
2317 1502 2459 1549 terra
2482 1491 2704 1565 Egypti
2734 1510 2747 1544 :
2776 1501 2939 1547 testes
2968 1508 3063 1548 vos
3089 1494 3243 1559 estis,
3276 1495 3318 1547 si
3360 1492 3504 1547 Deus
3529 1494 3664 1546 alie-

2097 1598 2200 1637 nus
2225 1590 2342 1636 erat
2363 1582 2418 1637 in
2441 1582 2594 1642 vobis
2625 1594 2822 1652 praeter
2862 1597 2947 1636 me
2987 1590 3030 1634 ι.
3068 1600 3086 1633 ι
3119 1581 3307 1637 Sancti
3342 1597 3560 1652 quoque
3592 1583 3664 1636 ita

405 1685 561 1743 τριος
584 1669 640 1719 ἐν
674 1667 801 1738 ὑμῖν
825 1665 961 1738 πλὴν
983 1665 1139 1737 ἐμοῦ.
1186 1688 1203 1720 ι
1240 1669 1350 1727 Kal.
1396 1671 1445 1723 oi
1472 1669 1619 1738 ἇγιοι
1650 1668 1707 1722 δὲ
1735 1650 1991 1741 προσφω-

2095 1671 2206 1727 Deo
2250 1673 2589 1744 loquuntur:
2626 1650 2647 1724 ξ
2699 1671 2980 1727 Deduxisti
3034 1672 3177 1727 sicut
3219 1650 3373 1728 oves—
3400 1650 3664 1743 populum

404 1758 563 1813 νοῦσι
590 1758 669 1831 τῷ
696 1758 813 1829 Θεῷ
836 1775 850 1789 ·
896 1778 913 1815 t
968 1759 1267 1833 Ὠδήγησας
1316 1760 1391 1823 ὡς
1422 1761 1671 1833 πρόϐατα
1715 1761 1807 1820 τὸν
1863 1762 1990 1819 λαόν

409 1866 509 1904 σου
534 1869 549 1884 ο
578 1871 597 1904 ι
615 1852 730 1914 καὶ,
756 1870 774 1903 ι
798 1850 1089 1928 Ὧδήγησεν
1118 1852 1315 1915 αὐτοὺς
1337 1852 1538 1923 Κύριος
1555 1854 1642 1909 ἐπ’
1765 1851 1942 1909 ἐλπίδι
1971 1892 1987 1919 ,

406 1944 508 2002 καὶ
540 1945 640 2001 οὐκ
676 1944 998 2002 ἐδειλίασαν.
1048 1964 1068 2002 ι
1108 1943 1295 2015 Τούτῳ
1326 1945 1420 2000 καὶ
1468 1945 1557 1999 τὸν
1604 1943 1770 2014 ὕμνον
1804 1946 1991 2003 ἀνατι-

407 2036 567 2090 θέασι
596 2035 841 2109 λέγοντες
863 2052 874 2068 ·
912 2053 930 2087 t
974 2034 1063 2105 Τῷ
1094 2035 1404 2104 διαγαγόντι
1440 2035 1531 2089 τὸν
1572 2036 1696 2093 λαὸν
1743 2035 1906 2095 αὐτοῦ
1934 2037 1991 2088 ἐν

405 2129 476 2198 τῇ
513 2127 727 2198 ἐρήμῳ,
750 2126 834 2183 ὅτι
858 2127 939 2189 είς
960 2126 1050 2178 τὸν
1086 2124 1259 2179 αἰῶνα
1282 2125 1344 2177 τὸ
1370 2124 1515 2188 ἔλεος
1538 2123 1722 2182 αὑτοῦ.
1755 2141 1774 2176 ι
1832 2124 1890 2183 '0
1934 2123 1991 2177 δὲ

410 2217 589 2288 μέγας
634 2218 843 2288 Μωσῆς
877 2216 1114 2286 συνεχῶς
1151 2216 1417 2291 διηγεῖται
1482 2226 1498 2241 ⁶
1665 2232 1681 2265 ι
1718 2213 1923 2284 Κύριος
1963 2214 1993 2265 6

408 2310 545 2374 Θεὸς
578 2311 606 2362 6
654 2309 1127 2381 προπορευόμενος
1164 2308 1274 2378 πρὸ
1310 2306 1604 2382 προσώπου
1639 2306 1811 2377 ὑμῶν.
1860 2324 1877 2357 ι
1918 2305 1992 2359 Τὸ

409 2401 527 2473 ἄρα
555 2401 645 2455 τοῦ
674 2400 809 2454 Θεοῦ
839 2400 1062 2471 Πνεῦμα
1090 2400 1190 2453 οὐκ
1219 2399 1285 2455 ἂν
1318 2401 1404 2470 εἴη
1438 2398 1688 2469 ἄγγελος,
1726 2397 1846 2451 οὐδὲ
1879 2396 1994 2449 κτί-

415 2510 551 2563 σμα,
579 2492 693 2547 ἀλλ’
723 2491 852 2546 ἴδιον
879 2492 976 2562 τῆς
997 2490 1249 2561 θεότητος
1298 2488 1483 2544 αὐτοῦ.
1533 2488 1638 2543 Τοῦ
1677 2488 1784 2559 γὰρ
1830 2486 1995 2542 Πνεύ-

415 2600 588 2654 ματος
624 2584 773 2648 ὄντος
804 2584 864 2638 ἐν
890 2581 970 2653 τῷ
996 2581 1130 2654 λαῷ,
1158 2583 1189 2636 6
1208 2580 1339 2645 Θεὸς
1367 2581 1432 2635 δι’
1458 2580 1590 2639 Υίοῦ
1624 2583 1682 2635 ἐν
1715 2582 1995 2651 Πνεῦματι

411 2670 484 2747 ἦν
511 2676 570 2729 ἐν
596 2676 803 2743 αὐτοῖς.

622 2767 760 2823 Ἀλλ’
786 2767 925 2821 ἔστω
949 2764 1143 2832 ταῦτα,
1170 2765 1302 2835 φασὶ⁹
1329 2765 1422 2819 καὶ
1455 2764 1607 2819 αὐτοί
1633 2780 1646 2796 ⁸
1689 2762 1777 2821 διὰ
1811 2763 1865 2823 τί
1899 2758 1994 2821 οῦν

410 2858 445 2918 6
504 2856 828 2919 Ἀπόστολος
859 2855 1000 2927 μετὰ
1052 2854 1147 2909 τὸν
1191 2852 1425 2925 Χριστὸν
1480 2854 1583 2907 οὐκ
1640 2851 1891 2922 ὠνόμασε
1935 2851 1997 2911 τὸ

2089 1773 2243 1821 tuum
2299 1762 2375 1817 ³.»
2401 1764 2501 1823 Et:
2527 1784 2544 1815 ι
2579 1764 2807 1820 Deduxit
2832 1780 2928 1823 cos
2952 1763 3218 1823 Dominus
3249 1766 3304 1819 in
3340 1780 3456 1834 spe,
3480 1775 3533 1818 et
3556 1780 3664 1823 non

2091 1858 2391 1919 timuerunt
2432 1862 2474 1911 ⁸.
2507 1878 2525 1911 ι
2560 1857 2701 1915 Huic
2762 1858 2938 1915 eidem
2992 1861 3252 1929 hymnum
3301 1857 3537 1913 oﬂ‘erunt
3570 1858 3667 1926 qui

2091 1948 2248 2007 aiunt
2285 1964 2298 2001 :
2336 1965 2355 1998 ι
2379 1943 2482 2013 Qui
2509 1947 2747 2002 traduxit
2770 1948 3029 2018 populum
3061 1962 3222 2007 suum
3253 1962 3347 2018 per
3366 1947 3666 2014 desertum,

2090 2036 2350 2113 quoniam
2387 2038 2442 2093 in
2510 2040 2769 2097 saeculum
2830 2039 3209 2097 misericordia
3269 2038 3388 2111 ejus
3428 2043 3474 2092 ⁵.
3504 2058 3523 2092 ι
3557 2038 3670 2094 Ma-

2090 2143 2231 2204 gnus
2277 2142 2409 2187 vero
2461 2128 2676 2201 Moyses
2720 2130 3014 2187 identidem
3060 2131 3257 2201 repetit
3292 2147 3305 2185 :
3344 2148 3363 2183 ι
3402 2130 3668 2187 Dominus

2091 2216 2234 2272 Deus
2262 2218 2355 2287 qui
2404 2220 2559 2288 przeit
2605 2229 2730 2275 ante
2784 2220 2981 2277 faciem
3038 2230 3278 2277 vestram
3333 2223 3424 2276 ⁸.»
3481 2221 3669 2290 Itaque

2091 2308 2189 2369 Dei
2218 2309 2456 2380 Spiritus
2484 2327 2592 2367 non
2628 2323 2712 2369 est
2737 2313 2964 2383 angelus
2998 2327 3177 2381 neque
3224 2327 3313 2368 res
3345 2320 3546 2376 creata,
3571 2311 3667 2367 sed

2092 2400 2213 2470 ejus
2251 2400 2550 2461 divinitatis
2581 2412 2665 2458 est
2704 2403 2977 2472 proprius.
3017 2400 3151 2456 Nam
3178 2417 3303 2461 cum
3332 2400 3570 2475 Spiritus
3610 2400 3666 2455 in

2093 2492 2297 2567 populo
2330 2500 2499 2561 esset,
2529 2491 2675 2553 Deus
2704 2509 2801 2564 per
2829 2491 3028 2555 Filium
3056 2493 3114 2551 in
3145 2492 3352 2571 Spiritu
3379 2494 3437 2555 in
3471 2491 3665 2551 iisdem

2093 2591 2231 2643 erat.

2299 2759 2499 2814 Verum
2528 2759 2643 2819 haec
2668 2758 2743 2814 ita
2767 2758 2895 2826 sint,
2924 2757 3184 2832 inquiunt
3217 2762 3294 2819 illi
3328 2778 3343 2821 :
3374 2777 3475 2823 cur
3498 2763 3668 2835 igitur

2096 2850 2391 2921 Apostolus
2425 2861 2548 2926 post
2573 2853 2877 2920 Christum,
2907 2869 3019 2909 non
3051 2854 3313 2926 Spiritum
3536 2872 3667 2915 san-

410 2947 643 3019 Πνεῦμα
672 2947 734 3001 τὸ
766 2947 945 3014 ἆγιον,
971 2945 1107 3007 ἀλλὰ
1128 2945 1252 3010 τοὺς
1282 2943 1572 3007 ἐκλεκτοὺς
1593 2942 1892 3015 ἀγγέλους;
1925 2942 1994 2995 Τὸ

2094 2951 2265 3007 ctum.
2292 2943 2388 3001 sed
2406 2943 2840 3019 electesangelos
2877 2945 3219 3001 nominavit?
3240 2944 3405 3017 Atqui
3430 2944 3570 3001 idem
3597 2947 3667 3002 ab

412 3041 547 3105 αὐτὸ
576 3042 620 3094 δ’
644 3040 709 3093 ἄν
727 3056 811 3103 τις
841 3039 1039 3103 αὐτοὺς
1071 3038 1387 3110 ἐρωτήσειε·
1419 3034 1519 3095 Διὰ
1542 3034 1596 3093 τί
1625 3033 1701 3108 μὴ
1725 3032 1999 3105 ἀρχαγγέ-

409 3130 564 3199 λους,
584 3130 719 3201 μηδὲ
868 3126 1155 3199 χερουεὶμ,
1191 3125 1325 3197 μηδὲ
1350 3125 1593 3195 σεραφὶμ.
1610 3162 1624 3185 ,
1658 3122 1797 3198 μηδὲ
1818 3121 2001 3193 κυριό-

405 3239 608 3295 τητας,
636 3220 770 3293 μηδὲ
796 3219 1037 3291 θρόνους,
1064 3216 1201 3288 μηδὲ
1227 3215 1417 3287 ἕτερόν
1449 3232 1526 3287 τι,
1560 3213 1675 3268 ἀλλ’
1709 3212 1999 3275 ἐκλεκτοὺς

413 3315 616 3388 μόνους
639 3312 907 3381 ἀγγέλους
933 3310 1218 3381 ὠνόμασεν
1247 3309 1278 3360 6
1305 3306 1552 3371 Παῦλος;
1580 3302 1707 3380 Ἆρ’
1740 3299 1856 3368 οὖν,
1874 3303 1998 3359 ἐπεὶ

2097 3034 2205 3093 llis
2222 3033 2418 3088 merito
2444 3035 2569 3104 quis
2588 3036 2901 3095 sciscitetur
2926 3054 2940 3091 :
2960 3036 3140 3105 Quare
3156 3054 3263 3097 non
3284 3039 3664 3108 archangelos,

2092 3140 2270 3197 neque
2285 3125 2589 3193 cherubim,
2609 3142 2786 3198 neque
2812 3129 3093 3198 seraphin,
3116 3145 3301 3199 neque
3339 3130 3669 3189 dominatio-

2092 3232 2210 3283 nes,
2232 3232 2408 3287 neque
2441 3218 2690 3285 thronos,
2722 3234 2901 3290 neque
2930 3219 3062 3289 quid
3083 3219 3253 3285 aliud,
3280 3220 3372 3275 sed
3391 3221 3538 3281 solos
3552 3220 3664 3277 ele-

2093 3316 2216 3369 ctos
2233 3307 2452 3378 angelos
2474 3307 2678 3365 Paulus
2700 3312 3042 3368 nominavit?
3060 3311 3201 3369 Num
3228 3326 3381 3383 ergo,
3405 3313 3532 3385 quia
3556 3328 3665 3366 non

413 3407 496 3480 μὴ
528 3406 702 3469 οὕτως
724 3403 1030 3474 ὠνόμασεν,
1058 3402 1110 3456 οἱ
1140 3399 1361 3469 ἄγγελοι
1388 3396 1716 3470 ἀρχάγγελοί
1742 3397 1913 3462 εἰσιν,
1955 3395 1990 3469 ἢ

2093 3400 2170 3461 ita
2186 3402 2510 3469 nominavit,
2527 3401 2704 3473 angeli
2730 3413 2859 3459 sunt
2878 3405 3330 3477 archangeliﬁaut
3353 3406 3454 3460 soli
3488 3405 3671 3475 angeli

414 3499 570 3570 μόνοι
600 3493 819 3565 ἄγγελοί
859 3494 988 3558 εισι,
1016 3492 1113 3551 καὶ
1144 3490 1269 3544 οὔτε
1302 3490 1579 3562 σεραφὶμ,
1620 3487 1654 3563 ἢ
1688 3486 1988 3563 χερουόὶμ,

409 3590 519 3645 οὐκ
540 3585 890 3658 ἁρχάγγελοι,
920 3584 1042 3643 οὐδὲ
1067 3582 1408 3654 κυριότητες,
1436 3581 1499 3634 οὐ
1522 3579 1724 3651 θρόνοι,
1760 3579 1862 3635 οὑκ
1894 3579 1991 3655 ἁρ-

409 3682 533 3753 χαὶ,
561 3680 658 3749 οὐχ
699 3676 888 3749 ἕτερόν
916 3694 969 3730 τι
996 3674 1177 3743 ἐστίν;
1215 3674 1376 3729 Ἀλλὰ
1400 3672 1559 3727 τοῦτό
1583 3674 1731 3727 ἐστιν
1750 3670 1995 3740 ἀνάγκην

417 3771 524 3842 μὲν
548 3766 857 3823 emtam“;
876 3765 954 3839 τῷ
995 3765 1323 3839 Ἀποστόλῳ,
1351 3764 1440 3822 διὰ
1475 3763 1527 3817 τί
1561 3764 1636 3841 μὴ
1660 3762 1851 3827 οὕτως,
1878 3762 1994 3819 ἀλλ’

411 3862 591 3926 οὕτως
612 3860 870 3932 ἔγραψεν,
906 3859 1118 3929 ἀγνοεῖν
1146 3857 1203 3911 δὲ
1228 3855 1326 3922 τὰς
1354 3855 1500 3919 θείας
1520 3854 1763 3926 Γραφὰς,
1792 3855 1888 3909 καὶ
1910 3854 1997 3907 διὰ

410 3949 577 4006 τοῦτο
606 3947 909 4003 πλανᾶσθαι
936 3947 1065 4017 περὶ
1240 3945 1337 4017 τὴν
1378 3944 1658 4014 ἀλήθειαν.
1715 3944 1846 4001 Ἰδοὺ
1886 3942 1996 4015 γὰρ

412 4039 574 4110 παρὰ
594 4039 692 4109 μὶν
711 4037 789 4109 τῷ
812 4038 1012 4109 Ἡσαΐᾳ
1035 4035 1345 4111 γέγραπται
1362 4050 1377 4065 '
1402 4053 1426 4090 tt
1452 4030 1838 4105 Προσαγάγετε
1861 4031 1998 4103 πρὸς

416 4132 513 4208 μὲ,
534 4129 628 4184 καὶ
651 4129 919 4185 ἀκούσατε
953 4126 1153 4185 ταῦτα·
1202 4128 1318 4183 Οὐκ
1354 4126 1450 4183 ἀπ’
1497 4123 1672 4196 ἀρχῆς
1710 4126 1768 4183 ἐν
1812 4126 1994 4196 κρυφῇ

2092 3493 2388 3559 exsistunt,
2417 3494 2661 3564 nullique
2692 3504 2821 3553 sunt
2878 3497 3152 3567 seraphim
3208 3504 3305 3561 aut
3358 3497 3668 3567 cherubim,

2092 3585 2231 3639 nulli
2273 3585 2589 3656 archangeli
2634 3594 2689 3642 et
2734 3586 3161 3653 dominationes,
3198 3589 3331 3643 nulli
3379 3587 3562 3643 throni
3612 3595 3673 3650 et

2090 3674 2460 3745 principatus,
2500 3675 2639 3731 nihil
2687 3675 2925 3745 denique
2972 3678 3120 3735 aliud
3169 3677 3422 3733 exsistit?
3461 3676 3665 3735 Verum

2093 3763 2149 3818 id
2183 3763 2458 3839 inquirere
2488 3765 2623 3820 nihil
2658 3766 2806 3822 aliud
2847 3775 2949 3831 est,
2976 3782 3140 3836 quam
3194 3767 3450 3839 Apostolo
3478 3782 3667 3827 noces-

2094 3853 2309 3917 sitatem
2342 3855 2449 3909 hoc
2489 3856 2574 3911 vel
2602 3855 2695 3911 illo
2722 3858 2882 3913 modo
2912 3856 3185 3915 scribendi
3238 3858 3537 3929 imponere,
3564 3874 3665 3919 nec

2094 3962 2205 4008 non
2240 3946 2452 4003 divinas
2479 3949 2792 4019 Scripturas
2834 3950 3104 4019 ignorare,
3138 3965 3201 4004 ac
3250 3952 3479 4020 proinde
3505 3967 3536 4005 a
3580 3968 3665 4006 ve-

2093 4034 2254 4091 ritate
2281 4034 2555 4094 aberrare.
2599 4036 2738 4095 Ecce
2785 4038 2928 4095 enim
2970 4038 3113 4115 apud
3156 4039 3350 4095 Isaiam
3395 4041 3660 4108 scriptum

2094 4126 2325 4195 legimus
2356 4143 2370 4179 :
2403 4145 2419 4181 ι
2461 4127 2713 4182 Accedite
2737 4128 2803 4182 ad
2841 4144 2931 4183 me
2959 4136 3013 4183 et
3042 4128 3227 4189 audite
3256 4131 3410 4185 hac:
3442 4129 3558 4185 Non
3593 4133 3662 4186 ab

416 4224 721 4295 λελόὺηκα·
763 4224 925 4296 ἡνίκα
948 4222 1186 4293 ἐγένετο,
1204 4221 1322 4277 ἐκεῖ
1351 4220 1524 4290 ήμην·
1560 4217 1655 4276 καὶ
1680 4215 1775 4273 νῦν
1799 4213 1994 4287 Κύριος

2093 4216 2248 4273 initio
2277 4219 2330 4272 in
2385 4216 2706 4275 abscondito
2755 4217 2969 4271 locutus
3012 4232 3166 4283 sum;
3200 4230 3325 4271 cum
3375 4214 3545 4276 ﬁeret,
3587 4213 3661 4273 ibi

419 4314 734 4379 ἀπέσταλκέ
768 4331 858 4385 με,
891 4315 987 4367 καὶ
1019 4313 1080 4367 τὺ
1111 4311 1337 4387 Πνεῦμα
1364 4307 1557 4365 αὐτοῦ’
1606 4326 1625 4359 ι
1662 4306 1815 4378 παρὰ
1835 4305 1892 4360 δὲ
1929 4304 1994 4375 τᾷ

2093 4325 2238 4366 eram
2275 4328 2289 4364 :
2321 4318 2376 4364 et
2424 4323 2570 4365 nunc
2620 4307 2885 4367 Dominus
2956 4307 3104 4387 misit
3168 4321 3254 4361 me
3305 4313 3357 4359 et
3428 4303 3667 4372 Spiritus

437 4407 680 4476 ’Δγγαίῳ
706 4423 719 4435 ·
756 4381 782 4457 ι’
803 4406 915 4458 Καὶ
945 4404 1041 4459 νῦν
1219 4381 1476 4472 κατίσχυε
1507 4399 1831 4468 Ζοροϐάϐελ,
1860 4396 1994 4465 λέγει

2093 4400 2211 4469 ejus
2248 4403 2288 4453 τ.
2320 4418 2338 4451 ι
2391 4398 2457 4457 Ει
2486 4396 2627 4471 apud
2656 4400 2910 4473 Aggaeum
2946 4415 2959 4450 :
2996 4413 3015 4447 ι
3042 4381 3108 4454 Et
3153 4410 3299 4453 nunc
3324 4393 3661 4456 confortare,

422 4495 653 4567 Κύριος,
686 4494 782 4549 καὶ
808 4493 1068 4563 κατίσχυε
1107 4490 1278 4565 Ἰησοῦ
1311 4493 1339 4543 6
1357 4488 1448 4543 τοῦ
1481 4487 1747 4549 Ἰωσεδὲκ,
1772 4489 1803 4540 6
1830 4486 1994 4556 ἱερεὺς

2093 4490 2415 4556 Zorobabel,
2449 4491 2579 4549 dicit
2615 4489 2900 4554 Dominus,
2952 4496 3006 4546 ct
3047 4485 3378 4547 confortare,
3422 4482 3551 4538 Jesu
3586 4482 3661 4541 ﬁli

418 4592 458 4645 ὁ
489 4588 681 4659 μέγας,
712 4587 863 4656 λέγει
893 4586 1118 4658 Κύριος.
1156 4585 1266 4639 Καὶ
1298 4580 1637 4655 κατισχυέτω
1672 4580 1781 4641 πᾶς
1813 4580 1843 4630 6
1878 4576 1994 4640 λαὸς

2093 4581 2342 4648 Josedec,
2373 4580 2631 4643 sacerdos
2654 4595 2869 4648 magne,
2904 4587 2957 4637 et
2986 4576 3321 4637 eonfortetur
3343 4576 3525 4633 omnis
3570 4589 3669 4643 ρος

416 4682 529 4750 τῆς
550 4678 674 4749 γῆς,
698 4677 847 4744 λέγει
880 4675 1084 4746 Κύριος
1108 4691 1122 4705 ο
1152 4673 1246 4727 καὶ
1271 4675 1497 4737 ποιεῖτε,
1535 4669 1668 4726 διότι
1700 4669 1820 4738 μεθ’
1858 4666 1994 4735 ὑμῶη

2093 4674 2255 4745 pulos
2315 4682 2490 4739 terrae,
2540 4671 2673 4727 dicit
2723 4670 3013 4732 Dominus,
3047 4677 3102 4725 et
3156 4668 3347 4729 facite,
3409 4667 3667 4735 quoniam

424 4768 542 4838 ἐγώ
562 4770 698 4839 εἰμι,
724 4767 872 4836 λέγει
893 4766 1097 4838 Κύριος
1118 4762 1533 4833 παντοκράτωρ,
1564 4760 1656 4815 καὶ
1686 4760 1747 4813 τὺ
1785 4758 1994 4829 Πνεῦμέ

2094 4777 2196 4832 ego
2223 4761 2501 4820 vobiscum
2528 4776 2672 4823 sum,
2707 4760 2838 4815 dicit
2882 4758 3150 4812 Dominus
3190 4756 3556 4824 omnipotens.
3604 4752 3673 4808 Et

428 4877 537 4931 μου
582 4859 881 4929 ἐφέστηκεν
915 4860 973 4911 ἐν
1009 4856 1157 4927 μέσῳ
1187 4854 1359 4925 ὑμῶν.
1399 4872 1417 4906 ι
1456 4853 1565 4909 Καὶ
1598 4853 1728 4922 παρ’
1772 4850 1994 4920 ἀμφοτέι

2101 4849 2340 4922 Spiritus
2386 4865 2538 4913 mens
2603 4850 2754 4904 stetit
2826 4848 2879 4901 in
2948 4847 3129 4901 medio
3197 4844 3409 4900 vestri8
3443 4883 3457 4897 .
3498 4862 3516 4894 ι
3566 4841 3669 4898 llic

426 4966 550 5019 ροις
574 4951 686 5011 τοῖς
716 4947 1025 5019 προφήταις
1054 4944 1181 5014 περὶ
1205 4943 1366 5013 μόνου
1403 4942 1498 4995 τοῦ
1545 4941 1750 5012 Κυρίου
1787 4940 1883 4998 καὶ
1918 4939 1994 4992 τοῐ

2100 4943 2241 5012 apud
2269 4953 2560 5009 utrumque
2616 4938 2961 5009 prepbetam,
2999 4936 3171 4991 solius
3214 4934 3429 4990 Domini
3455 4943 3507 4989 et
3542 4933 3664 5004 Spi-

429 5038 752 5109 Πνεύματος
796 5039 983 5109 μνήμη
1021 5036 1233 5105 γέγονε.
1263 5034 1328 5089 Τί
1372 5033 1546 5088 τοίνυν
1589 5032 1683 5086 καὶ
1732 5032 1860 5102 περὶ
1899 5028 1991 5082 τού

2098 5034 2237 5088 ritus
2269 5032 2327 5093 lit
2367 5031 2572 5085 mentio
2614 5046 2627 5081 :
2671 5028 2799 5097 qttid
2854 5026 3018 5097 igitur
3063 5027 3130 5081 ad
3176 5028 3227 5082 id
3262 5025 3459 5082 dicturi
3502 5024 3674 5081 sunt?

428 5146 526 5182 του
696 5130 989 5199 φήσουσιν;
1012 5127 1075 5178 Εἰ
1108 5123 1238 5199 γὰρ,
1268 5123 1456 5194 ἐπειδὴ
1479 5123 1573 5176 τοῦ
1603 5119 1841 5193 Χριστοῦ
1881 5138 1994 5190 μνη

2098 5122 2233 5183 Nam
2265 5122 2396 5180 sieo
2422 5121 2563 5192 quod
2582 5119 2785 5173 Paulus
2817 5116 3021 5173 Christi
3066 5119 3395 5174 mentionem
3444 5115 3671 5181 faciens,

435 5215 707 5289 μονεύσας
725 5217 752 5268 6
773 5216 985 5279 Παῦλος
1003 5213 1131 5283 περὶ
1150 5213 1248 5283 μὲν
1268 5210 1362 5264 τοῦ
1384 5212 1522 5267 Πνεύ
1532 5229 1696 5282 ματος
1719 5207 1991 5280 ἐσιώπησε

2101 5213 2168 5268 de
2199 5211 2404 5280 Spiritu
2433 5209 2683 5275 tacuerit,
2714 5216 2769 5265 et
2793 5208 3092 5263 electorum
3129 5208 3448 5276 angelorum
3477 5205 3674 5258 memi-

429 5306 543 5361 τῶν
580 5306 636 5359 δέ
661 5305 930 5360 ἐκλεκτῶν
956 5306 1201 5375 ἀγγέλων
1235 5302 1628 5376 ἐμνημόνευσε,
1662 5301 1750 5354 διὰ
1779 5299 1936 5356 τοῦτο
1957 5301 1994 5351 ὲκ

2104 5302 2246 5359 nerit
2274 5318 2289 5366 ;
2316 5301 2383 5366 si,
2421 5300 2668 5371 inquam,
2698 5315 2817 5355 eam
2852 5299 2923 5354 ob
2963 5314 3185 5355 causam
3222 5297 3486 5367 Spiritum
3533 5294 3675 5348 inter

430 5397 689 5467 ἀγγέλοις
734 5397 795 5450 τὸ
839 5396 1065 5467 Πνεῦμα
1116 5396 1535 5450 συντάττουσιν·
1571 5391 1719 5463 ὥρα,
1771 5390 1865 5443 καὶ
1902 5392 1994 5449 toi?

2103 5394 2328 5464 angelos
2352 5393 2623 5448 collocare
2664 5391 2801 5463 nihil
2833 5400 3092 5449 verentur
3125 5409 3139 5444 :
3181 5397 3348 5443 restat
3388 5394 3445 5439 ut
3480 5399 3548 5439 ex
3589 5385 3676 5441 his

435 5490 796 5560 προφητικοῖς
828 5488 1036 5551 τούτοις
1089 5486 1518 5557 ἐντυγχάνοντας
1573 5528 1590 5555 ,
1751 5479 1990 5552 τολμηρό

2104 5483 2440 5558 propheticis
2482 5483 2685 5551 verbis,
2738 5483 2900 5537 iidem
2955 5482 3023 5536 de
3073 5480 3167 5534 illo
3200 5477 3292 5547 qui
3340 5476 3414 5529 ibi
3457 5473 3677 5530 silentio

438 5597 600 5651 τερον
624 5580 823 5643 αὐτοὺς
842 5577 1243 5649 διαλογίζεσθαι
1272 5577 1366 5633 καὶ
1398 5576 1525 5646 περὶ
1552 5571 1647 5633 τοῦ
1672 5570 1994 5643 σεσιωπημέι

2106 5572 2375 5631 omittitur
2397 5570 2658 5627 audacius
2694 5571 2991 5641 disputent.
3026 5567 3161 5655 Nam
3202 5566 3247 5622 si
3279 5566 3463 5622 dicant
3494 5562 3681 5619 Domi-

516 5722 531 5751 ¹
567 5720 669 5775 lsa.
701 5735 851 5785 unt,
882 5720 969 5773 ll.
1047 5719 1068 5750 ’
1093 5717 1262 5774 Levit.
1310 5737 1383 5783 χι,
1421 5716 1524 5781 ιὸς
1599 5720 1753 5775 Deut.
1817 5735 1988 5776 xxxtt.

2093 5717 2155 5780 9;
2210 5714 2315 5772 lsa.
2375 5731 2500 5780 xcv,
2543 5716 2649 5781 2i;
2706 5714 2832 5771 Ose.
2865 5714 3069 5777 tlll,‘.
3148 5711 3546 5785 ’l’sal.uxw,
3585 5712 3678 5771 21.

444 5789 467 5824 ’⁵
490 5790 638 5847 Psal.
672 5783 872 5850 utut.
905 5791 991 5844 55.
1068 5791 1089 5820 ⁵
1115 5789 1260 5847 Psal.
1294 5805 1489 5852 cxxxv,
1522 5790 1606 5846 16.
1684 5790 1704 5820 ⁸
1746 5789 1901 5845 Deut.
1924 5790 2078 5856 1,50,
2109 5788 2199 5844 53.
2275 5788 2294 5819 '
2333 5785 2437 5848 lsa.
2478 5802 2666 5857 xum,
2702 5786 2787 5843 16.
2863 5785 2885 5816 ⁸
2916 5786 3056 5861 Agg.
3085 5799 3146 5854 lt,
3184 5783 3241 5856 5,
3274 5784 3323 5846 6.
