4078 6292
460 357 565 418 7ὓ3

1705 363 2089 425 EUTHYMII
2140 367 2502 429 ZlGABENI

3615 366 3714 430 70i

468 503 597 540 num
626 502 766 555 esse,
797 489 938 543 idem
966 504 1091 545 esse
1124 502 1188 544 ac
1215 486 1413 543 Filium
1450 502 1571 543 esse
1598 504 1613 541 :
1644 488 1771 558 quid
1794 488 1859 542 de
1885 487 2045 542 Patre

2150 507 2254 544 νου.
2279 491 2378 544 Ἂν
2408 475 2465 543 τε
2494 491 2603 562 γὰρ
2630 491 2718 544 τὸν
2743 491 2947 563 Κύριον
2964 485 3123 554 εἶναι,
3155 493 3415 565 φήσουσιν
3446 487 3582 545 εῖναι
3623 494 3709 545 τὸν

467 576 666 631 dicturi
719 580 880 633 sunt?
927 577 984 633 Si
1039 594 1167 633 vero
1232 578 1361 631 illud
1406 579 1473 631 de
1513 577 1673 631 Patre
1722 578 2042 647 intelligant,

469 669 598 738 quid
633 671 831 724 dicturi
862 680 988 726 sunt
1021 671 1086 724 dc
1118 670 1295 723 Filio?
1338 669 1534 724 Procul
1566 680 1745 724 autem
1778 670 1920 724 absit
1961 671 2045 725 vel

471 776 501 816 ε
524 762 637 817 sola
674 762 1015 831 cogitatione,
1044 776 1105 813 ea
1135 774 1256 828 qua:
1284 774 1348 813 ex
1379 759 1594 813 illorum
1620 759 1886 813 sententia
1915 774 2045 814 con-

471 854 718 922 sequitur
752 851 1023 921 impietas.
1062 850 1263 920 Nempe
1291 851 1412 905 illos
1445 851 1777 919 respondere
1820 864 2046 906 necesse

471 956 573 1010 est,
599 948 683 998 vel
714 943 920 998 nullum
973 943 1124 997 illum
1161 959 1304 1010 esse,
1327 943 1432 1009 vel,
1467 943 1610 1013 quod
1660 942 1880 997 silentio
1915 957 2047 1013 prae-

474 1037 762 1092 termissus
787 1037 879 1103 sit,
909 1052 1033 1090 eum
1063 1035 1205 1089 inter
1236 1050 1322 1090 res
1351 1045 1563 1090 creatas
1587 1049 1973 1089 annumerare.

673 1125 813 1192 Quid
850 1128 977 1181 item
1009 1126 1206 1181 dicturi
1242 1132 1399 1190 sunt,
1433 1127 1478 1180 si
1514 1126 1689 1193 ipsum
1723 1126 1887 1180 etiam
1936 1123 2045 1177 Do-

475 1216 681 1271 minum
718 1216 983 1271 dicentem
1024 1216 1334 1270 audierint:
1377 1234 1395 1266 ι
1443 1214 1616 1269 Iudex
1662 1217 1882 1285 quidam
1931 1224 2048 1271 erat

475 1309 529 1361 in
564 1308 798 1378 quadam
830 1308 1068 1373 civitate,
1103 1308 1196 1375 qui
1231 1306 1399 1360 Deum
1431 1322 1537 1360 non
1585 1308 1828 1372 timebat,
1864 1316 1919 1361 et
1949 1307 2047 1361 ho-

476 1400 675 1453 minem
720 1414 827 1453 non
865 1399 1216 1452 reverebatur
1281 1398 1324 1451 ί.
1363 1417 1381 1448 ι
1438 1396 1694 1465 Nunquid
1747 1399 1872 1467 quia
1928 1406 2049 1466 post

477 1488 646 1543 Deum
709 1490 987 1543 hominem
1039 1489 1360 1555 nominavit,
1404 1489 1492 1542 ille
1545 1490 1708 1543 homo
1750 1497 1833 1544 est
1878 1487 2047 1542 Filius

475 1598 637 1651 quem
673 1582 911 1651 injustus
934 1582 1100 1652 judex
1135 1596 1242 1636 non
1273 1581 1588 1635 reveretur?
1635 1582 1716 1635 An
1755 1581 1889 1635 forte
1919 1582 2049 1650 quia

476 1680 599 1740 post
627 1670 819 1735 Deum,
865 1672 1137 1725 hominem
1170 1670 1489 1733 subdiderit,
1523 1671 1716 1725 tertius
1765 1680 1845 1724 est
1880 1669 2048 1724 Filius

2150 582 2293 645 Υίὸν,
2328 582 2380 634 τί
2405 581 2471 635 ἂν
2493 581 2693 635 εἴποιεν
2720 584 2847 653 περὶ
2873 583 2967 635 τοῦ
3002 583 3247 654 Πατρός;
3275 582 3341 636 ἄν
3375 600 3435 635 τε
3477 581 3569 635 τὸν
3609 584 3713 635 Πα-

2143 671 2275 740 τέρα
2298 674 2512 736 εῐπωσι,
2558 672 2609 723 τί
2652 672 2715 724 ἂν
2746 674 2948 724 εἴποιεν
2976 672 3104 743 περὶ
3134 671 3225 724 τοῦ
3261 672 3423 735 Υίοῦ;
3464 671 3575 741 Τὴν
3612 674 3714 743 γὰρ

2144 761 2542 815 ἀκολουθοῦσαν
2574 764 2693 815 κατ’
2723 763 2965 826 ἐκείνους
2988 762 3301 833 δυσφημίαν
3341 764 3474 833 μηδὲ
3504 764 3711 832 λογίσα-

2147 853 2271 907 σθαί
2302 870 2422 907 τινα
2445 853 2653 922 γένοιτο
2673 870 2685 883 ·
2721 852 2937 923 ἀνάγκη
2968 854 3077 924 γὰρ
3106 854 3302 917 αὐτοὺς
3338 855 3534 916 εἰπεῖν,
3564 854 3595 924 ἢ
3637 855 3715 907 ὅτι

2144 944 2246 997 οὑκ
2272 943 2438 1009 ἔστιν,
2467 943 2499 1014 ἦ
2524 945 2635 1007 τοῖς
2680 944 2949 1015 ποιήμασι
2981 943 3334 1015 συναριθμεῖν
3353 942 3414 996 τὸ
3445 961 3715 1015 σεσιωπηο

2149 1037 2328 1108 μένον.

2345 1128 2412 1181 Τί
2432 1127 2478 1179 δ’
2506 1127 2571 1181 ἂν
2600 1127 2805 1181 εἴποιεν
2842 1164 2860 1191 ,
3018 1127 3115 1180 ἐὰν
3154 1126 3446 1180 ἀκούσουσι
3490 1127 3585 1180 καὶ
3625 1126 3713 1179 τοῦ

2145 1221 2350 1291 Κυρίου
2376 1219 2650 1287 λέγοντος·
2676 1237 2695 1270 ι
2723 1220 2932 1290 Κριτής
2958 1236 3041 1282 τις
3064 1214 3132 1290 ἦν
3160 1218 3217 1271 ἐν
3248 1229 3356 1271 τινι
3402 1218 3556 1290 χώρᾳ.
3573 1259 3590 1284 ,
3627 1219 3716 1270 τὸν

2145 1310 2276 1361 Θεὸν
2308 1308 2380 1379 μὴ
2412 1294 2777 1377 φοϐούμενος,
2822 1307 2916 1359 καὶ
2951 1306 3237 1377 ἄνθρωπον
3282 1306 3356 1377 μὴ
3392 1307 3714 1377 ἐντρεπόμε-

2146 1415 2253 1459 νος.
2288 1416 2305 1448 ι
2342 1393 2507 1466 Ἀρα,
2544 1395 2732 1466 ἐπειδὴ
2776 1394 2915 1465 μετά
2956 1394 3047 1447 τὸν
3097 1395 3232 1447 Θεὸν
3439 1395 3715 1465 ὠνόμασεν

2146 1488 2447 1560 ἄνθρωπον,
2471 1491 2499 1543 6
2518 1490 2644 1552 Υίός
2664 1489 2811 1542 ἐστιν
2836 1480 2991 1552 οὗτος
3021 1490 3049 1540 6
3081 1487 3383 1559 ἄνθρωπος,
3420 1487 3479 1541 ὃν
3502 1487 3602 1541 οὐκ
3634 1489 3709 1541 6v-

2146 1577 2356 1647 ετράπη
2384 1577 2606 1640 όᾶδικος
2630 1578 2853 1647 κριτής;
2880 1576 2952 1627 Ἢ
2973 1575 3158 1646 ἐπειδὴ
3182 1576 3316 1644 μετὰ
3334 1574 3425 1628 τὸν
3439 1575 3568 1628 Θεὸν
3584 1576 3714 1628 ὠνό-

2154 1684 2290 1737 μασε
2339 1667 2430 1721 τὸν
2469 1666 2782 1737 ἄνθρωπον,
2825 1665 3006 1736 τρίτος
3031 1666 3177 1720 ἐστὶν
3220 1666 3248 1716 6
3281 1665 3409 1729 Υἱὸς
3461 1666 3599 1736 μετά
3630 1666 3717 1719 τὸν

476 1770 601 1830 post
633 1759 932 1818 hominem.
964 1769 1015 1813 et
1046 1768 1275 1828 quartus
1308 1758 1546 1827 Spiritus
1591 1759 1855 1812 sanctus?
1884 1757 2048 1823 Quid,

2154 1756 2457 1827 ἄνθρωπον,
2499 1757 2594 1808 καὶ
2621 1755 2878 1826 τέταρτον
2903 1755 2962 1807 τὸ
2990 1754 3212 1826 Πνεῦμα
3242 1756 3303 1807 τὸ
3332 1755 3518 1822 ἆγιον;
3557 1754 3623 1806 Τί
3665 1755 3717 1807 δὲ

479 1850 527 1905 si
568 1852 887 1919 Apostoluin
928 1851 1113 1903 eadem
1148 1848 1388 1916 Epistola
1418 1863 1610 1901 rursus
1641 1848 1909 1901 dicentem
1949 1863 2050 1900 au-

479 1940 633 1994 diant
701 1959 717 1990 ι
754 1939 1016 2007 Ρνιεείρίο
1078 1939 1174 1992 tibi
1219 1953 1404 1993 coram
1464 1937 1613 2000 Deo,
1662 1938 1755 2006 qui
1814 1938 2050 1992 viviﬁcat

479 2032 684 2096 omnia,
720 2040 773 2085 et
800 2029 1017 2084 Christo
1055 2028 1204 2093 Jesu,
1254 2029 1349 2098 qui
1392 2027 1763 2082 testimonium
1815 2027 2049 2082 reddidit

481 2121 583 2175 sub
612 2120 805 2175 Pontio
846 2119 1020 2173 Pilato
1064 2120 1261 2173 bonam
1300 2117 1719 2185 confessionem,
1762 2126 1824 2172 ut
1869 2132 2051 2174 serves

483 2213 795 2267 mandatum
824 2212 942 2265 sine
970 2213 1201 2272 macula,
1228 2210 1703 2280 irreprehensibile
1747 2214 1766 2242 ί
1798 2229 1818 2262 ι
1848 2210 1871 2262 ?
1909 2207 2048 2263 Num

481 2304 608 2374 quia
635 2304 723 2357 hic
752 2304 818 2357 de
860 2302 1067 2372 angelis
1110 2310 1165 2357 et
1210 2301 1414 2371 Spiritu
1445 2302 1617 2365 siluit,
1651 2302 1717 2357 de
1750 2303 1954 2371 Spiritu
2002 2310 2057 2355 et

481 2394 549 2448 de
579 2393 781 2463 angelis
811 2402 993 2446 utrum
1028 2393 1138 2447 sint
1164 2393 1451 2446 dubitant?
1491 2392 1566 2447 Ita
1608 2406 1738 2448 sane
1775 2392 2057 2446 dubitave«

482 2484 612 2549 rint,
662 2484 903 2553 quandiu
952 2483 1068 2536 hzcc
1125 2482 1261 2535 adeo
1327 2483 1492 2552 impia
1549 2490 1736 2537 contra
1788 2481 2051 2552 Spiritum

484 2574 909 2629 meditabantur.
934 2572 990 2627 Si
1018 2584 1277 2642 praeterea
1303 2574 1369 2627 ad
1396 2574 1511 2627 haec
1538 2573 1663 2626 libri
1690 2572 1861 2626 Exodi
1892 2574 2053 2626 verba

485 2665 766 2719 attendant
794 2705 811 2732 ,
883 2683 903 2714 ‹
949 2663 1153 2717 Timuit
1182 2674 1360 2719 autem
1396 2665 1626 2733 populus
1656 2663 1966 2729 Dominum,
2000 2673 2050 2718 et

489 2758 831 2813 crediderunt
863 2756 972 2811 Deo
1010 2767 1064 2811 ct
1093 2758 1259 2828 Moysi
1295 2775 1451 2812 servo
1484 2757 1602 2826 ejus
1637 2763 1659 2793 ³
1692 2796 1706 2819 ,
1748 2775 1767 2808 ι
1802 2772 1869 2810 an
1897 2755 2053 2825 Moy-

485 2860 598 2898 sem
630 2842 741 2898 Deo
768 2843 1175 2897 annumeratnri
1207 2848 1356 2905 sunt,
1394 2855 1567 2909 neque
1594 2848 1720 2910 post
1752 2838 1944 2905 Deum,
1975 2841 2065 2896 Fi-

2154 1848 2282 1917 ἀρα,
2300 1845 2393 1897 ἐὰν
2410 1846 2502 1898 καὶ
2529 1844 2622 1899 τοῦ
2659 1844 2979 1897 Ἀποστόλου
3008 1846 3065 1898 ὲν
3084 1848 3148 1915 τῇ
3167 1845 3302 1915 αὐτῇ
3333 1845 3585 1915 ἐπιστολῇ
3616 1845 3717 1898 πά-

2150 1937 2231 1991 λιν
2280 1936 2525 2005 λέγοντος
2554 1936 2861 1989 ἀκούσωσι·
2900 1954 2919 1987 ι
2950 1935 3323 2009 Παραγγέλλω
3362 1952 3443 1988 σοι
3494 1934 3719 1988 ἐνώπιον

2150 2028 2243 2081 τοῦ
2272 2028 2407 2080 Θεοῦ
2456 2025 2548 2079 τοῦ
2580 2026 2964 2095 ζωογονοῦντος
3003 2026 3075 2079 τὰ
3126 2026 3303 2079 πάντα
3327 2066 3343 2092 ,
3393 2026 3488 2078 καὶ
3515 2025 3719 2097 Κυρίου

2166 2118 2339 2189 Ἰησοῦ
2365 2116 2623 2188 Χριστοῦ,
2651 2116 2744 2169 τοῦ
2774 2117 3221 2188 μαρτυρήσαντος
3251 2114 3344 2167 ἐπὶ
3378 2115 3603 2169 Ποντίου
3630 2116 3724 2167 Πι-

2152 2210 2335 2271 λάτου,
2365 2210 2464 2279 τὴν
2485 2196 2665 2279 καλὴν
2686 2208 2993 2278 ὁμολογίαν,
3017 2206 3251 2278 τηρῆσαί
3276 2223 3336 2259 σε
3368 2207 3468 2277 τὴν
3508 2206 3723 2276 ἐντολὴν

2154 2301 2399 2363 ἄσπιλον,
2441 2299 2806 2368 ἀνεπίληπτον
2836 2315 2850 2363 ;
2883 2317 2901 2350 ι
2939 2294 3084 2370 τΑρα
3132 2293 3223 2351 οὖν
3248 2336 3263 2361 ,
3302 2298 3490 2370 ἐπειδὴ
3535 2297 3725 2350 σεσιώ-

2154 2410 2295 2461 πηκε
2316 2392 2410 2445 νῦν
2435 2391 2563 2462 περὶ
2587 2390 2829 2458 ἀγγέλων
2851 2390 2947 2442 καὶ
2968 2388 3109 2443 Πνεύ
3117 2407 3305 2460 ματος,
3329 2389 3722 2460 ἀμφιδάλλουσι

2159 2482 2287 2551 περὶ
2319 2480 2652 2550 Πνεύματος,
2678 2482 2727 2533 εί
2760 2480 2875 2534 ἐστι
2917 2515 2937 2542 ,
3073 2479 3168 2533 καὶ
3203 2478 3329 2549 περὶ
3355 2479 3602 2546 ἀγγέλων
3623 2519 3637 2541 ,
3674 2478 3726 2531 εί

2158 2574 2263 2626 είσι
2285 2590 2299 2637 ;
2318 2572 2424 2625 Ναὶ
2444 2572 2872 2643 ἀμφιϐάλλουσιν
2894 2573 2999 2636 ἕως
3025 2572 3248 2625 τοιαῦτα
3275 2572 3574 2641 δυσφημεῖν
3598 2571 3724 2641 περὶ

2156 2664 2248 2717 τοῦ
2296 2664 2612 2734 Πνεύματος
2651 2664 3104 2735 μεμελετήκασιν.
3174 2662 3298 2715 Ἐὰν
3344 2662 3403 2714 δὲ
3452 2661 3726 2714 ἀκούσωσι

2154 2757 2253 2827 τῆς
2285 2756 2506 2826 Γραφῆς
2534 2754 2796 2824 λεγούσης
2827 2757 2884 2806 ὲν
3038 2756 3104 2823 τῇ
3149 2752 3363 2824 Ἐξὸδῳ.
3398 2773 3417 2805 ι
3453 2752 3726 2823 Ἐφοϐήθη

2151 2839 2208 2892 δὲ
2228 2840 2256 2889 ὁ
2292 2838 2421 2901 λαὸς
2455 2838 2544 2891 τὸν
2570 2837 2796 2909 Κύριον,
2851 2838 2947 2892 καὶ
2980 2839 3310 2893 ὲπιστευσαν
3343 2838 3421 2909 τῷ
3464 2838 3604 2908 Θεῷ,
3633 2839 3730 2891 καὶ

488 2936 618 2988 lium
648 2936 741 2990 sed
791 2935 968 2989 solum
1002 2933 1242 3004 Moysem
1275 2940 1405 2987 sunt
1446 2930 1821 2986 intellecturi?
1848 2930 1986 2996 Quid
2017 2934 2053 2988 si

2151 2933 2346 3002 Μωσῇ,
2381 2930 2457 3001 τῷ
2491 2930 3001 3002 θεραπόντιαὺτοῦ,
3049 2950 3068 2983 ι
3109 2929 3219 3003 ἆρα
3266 2932 3734 3003 συναριθμήσουσι

485 3028 649 3082 etiam
686 3027 1051 3098 patriarcham
1098 3024 1269 3081 Jacob
1329 3023 1569 3095 Josepho
1808 3023 1896 3078 his
1936 3038 2058 3077 ver-

2151 3023 2228 3094 τῷ
2260 3023 2378 3094 Θεῷ
2404 3024 2497 3077 τὸν
2524 3024 2751 3095 Μωσῆν,
2790 3025 2885 3077 καὶ
2920 3027 3059 3094 μετά
3084 3025 3177 3079 τὸν
3210 3024 3343 3077 Θεὸν
3390 3026 3450 3078 ού
3480 3027 3735 3097 νοήσουσι

483 3119 569 3175 bis
587 3120 903 3175 benedicere
922 3118 1273 3173 meminerint
1305 3135 1324 3168 ι
1355 3116 1501 3173 Deus
1551 3115 1644 3187 qui
1677 3115 1856 3185 pascit
1886 3129 1972 3168 me
1994 3114 2053 3169 ab

2151 3114 2241 3167 τὸν
2270 3115 2416 3177 Υίὸν,
2442 3114 2578 3169 ἀλλὰ
2603 3115 2760 3185 μόνον
2785 3114 2877 3168 τὸν
2903 3114 3139 3185 Μωσῆνς
3201 3113 3265 3166 Τί
3306 3114 3386 3178 δὲ,
3436 3114 3532 3167 ἐὰν
3566 3116 3738 3168 ἀκού-

485 3211 854 3266 adolescentia
879 3225 998 3264 mea
1028 3225 1204 3279 usque
1241 3210 1293 3263 in
1327 3218 1652 3279 praesentem
1679 3209 1821 3263 diem
1852 3224 1866 3273 ;
1893 3223 2062 3278 ange-

486 3301 592 3363 lus,
629 3301 724 3369 qui
763 3300 909 3353 eruit
939 3314 1026 3353 me
1059 3300 1126 3353 de
1157 3299 1371 3353 cunctis
1404 3299 1582 3362 malis,
1613 3298 1900 3353 benedicat
1927 3311 2063 3367 pue-

2152 3221 2286 3258 σωσι
2322 3204 2418 3258 καὶ
2465 3204 2560 3258 τοῦ
2602 3206 2943 3276 πατριάρχου
3001 3204 3198 3258 Ἰακὼϐ
3253 3204 3601 3274 εὐλογοῦντος
3637 3207 3737 3260 τὸν

2162 3296 2357 3367 Ἰωσὴφ
2391 3296 2485 3350 καὶ
2511 3297 2763 3364 λέγοντος
2780 3313 2794 3326 ·
2832 3315 2850 3347 ι
2896 3297 2954 3350 '0
2976 3297 3109 3360 Θεὸς
3126 3299 3156 3349 6
3178 3297 3393 3368 τρέφων
3422 3314 3489 3367 με
3525 3300 3591 3351 ὲκ
3615 3302 3739 3352 νεό-

485 3390 562 3443 ris
596 3389 717 3442 istis
763 3386 788 3420 ⁵
824 3406 843 3439 ι
866 3388 891 3440 ?
917 3386 1060 3441 Num
1097 3388 1224 3456 quia
1252 3396 1375 3456 post
1402 3386 1571 3441 Deum
1612 3387 1863 3455 angelum
1894 3385 2053 3441 nomi-

2150 3388 2308 3458 τητός
2344 3405 2444 3459 μου
2470 3388 2574 3452 ἓως
2606 3388 2707 3459 τῆς
2737 3388 2947 3459 ἠμέρας
2975 3388 3182 3460 ταύτης
3203 3405 3218 3420 ’
3246 3392 3274 3442 6
3305 3389 3534 3458 ἄγγελος
3555 3392 3584 3443 ὁ
3602 3391 3736 3460 ῥυό-

486 3478 656 3540 navit,
692 3478 843 3547 prior
886 3486 971 3532 est
1004 3477 1232 3546 angelus
1265 3477 1425 3543 Filio,
1462 3485 1556 3532 aut
1592 3477 1764 3532 Filius
1792 3478 1933 3532 inter
1962 3492 2061 3531 an-

2153 3479 2310 3549 μενός
2349 3497 2416 3550 με
2444 3482 2509 3533 ἐκ
2535 3480 2753 3533 πάντων
2788 3479 2896 3532 τῶν
2942 3481 3126 3535 κακῶν
3173 3480 3465 3550 εὐλογήσαι
3664 3480 3739 3535 τὰ

484 3570 633 3640 gelos
666 3568 1098 3622 annumeratur?
1138 3566 1214 3621 Ita
1249 3567 1494 3637 profecto
1528 3568 1831 3631 senserint,
1863 3568 2053 3638 quippe

2151 3571 2336 3625 παιδία
2363 3569 2537 3625 ταῦτα
2567 3590 2586 3623 ›
2615 3588 2630 3637 ;
2662 3568 2831 3642 ⁷Αρα,
2865 3573 3053 3647 ἐπειδὴ
3086 3571 3227 3644 μετὰ
3275 3573 3369 3626 τὸν
3423 3571 3556 3625 Θεὸν
3601 3572 3739 3626 ὠνό-

483 3662 682 3732 quibus
715 3676 812 3717 cor
837 3670 1154 3731 corruptum
1180 3663 1271 3716 sit.
1300 3660 1504 3717 Verum
1532 3679 1641 3717 non
1670 3663 1785 3719 haec
1819 3670 1903 3718 est
1933 3676 2053 3730 apo-

2152 3680 2325 3733 μασεν
2356 3663 2609 3732 ἄγγελον,
2659 3664 2875 3735 πρῶτός
2926 3666 3074 3717 ἐστιν

483 3752 675 3807 stolica
709 3753 861 3816 ildes,
893 3766 1069 3822 neque
1099 3765 1161 3806 ea
1204 3752 1346 3807 ferre
1395 3753 1521 3807 licet
1560 3752 1895 3808 Christiano.
1924 3753 2059 3809 Nam

482 3850 670 3897 sancta
719 3850 773 3896 et
816 3841 970 3895 beata
1004 3839 1244 3896 Trinitas
1284 3842 1562 3897 individua
1606 3852 1770 3912 atque
1808 3845 1927 3914 ipsa
1971 3859 2060 3901 se-

482 3948 605 3988 cum
640 3933 791 3986 unita
819 3941 932 3998 est,
965 3934 1039 3988 ita
1073 3942 1133 3987 ut
1163 3933 1253 3988 ubi
1288 3933 1466 3989 Patris
1509 3936 1716 3991 mentio
1759 3935 1873 4001 ﬁat,
1910 3934 2058 4006 ejus-

481 4023 603 4077 dem
657 4025 842 4078 statim
875 4022 1137 4090 Verbum,
1180 4040 1245 4080 ac
1294 4024 1350 4078 in
1399 4024 1540 4081 Filio
1586 4026 1823 4096 Spiritus
1868 4028 2060 4083 debeat

483 4116 729 4183 intelligi.
776 4114 931 4181 Quod
986 4116 1032 4171 si
1083 4115 1255 4171 Filius
1307 4117 1642 4183 nominetur,
1694 4117 1945 4172 similiter
2002 4119 2058 4171 in

480 4203 621 4260 Filio
642 4215 725 4260 est
750 4206 932 4273 Pater,
965 4221 1065 4262 nec
1092 4216 1247 4261 extra
1275 4205 1512 4262 Verbum
1541 4218 1627 4262 est
1663 4207 1898 4276 Spiritus
1933 4224 2060 4263 san-

482 4305 624 4351 ctus.
651 4296 928 4364 Siquidem
955 4313 1065 4351 una
1090 4307 1175 4354 est
1199 4299 1375 4354 Patris
1404 4300 1575 4367 gratia
1598 4315 1716 4370 qum
1740 4316 1833 4370 per
1859 4299 2057 4355 Filium

482 4388 536 4441 in
571 4387 773 4456 Spiritu
807 4395 996 4442 sancto
1029 4391 1351 4458 completur.
1393 4390 1509 4446 Una
1558 4392 1758 4461 pariter
1799 4391 2058 4447 divinitas

3271 3667 3301 3718 6
3349 3664 3583 3732 ἄγγελος
3636 3663 3737 3717 τοῦ

2149 3752 2301 3819 Υίοῦ,
2331 3754 2641 3825 ἤάγγέλοις
2681 3757 3098 3829 συναριθμεῖται
3126 3758 3155 3810 6
3197 3756 3355 3823 Υίόςς
3390 3758 3498 3809 Ναὶ
3518 3797 3533 3820 ,
3567 3759 3738 3811 πάλιν

2146 3844 2288 3899 οὕτω
2322 3848 2595 3918 νοήσουσι,
2642 3848 3047 3921 διεφθαρμένην
3078 3849 3297 3920 ἔχοντες
3327 3849 3424 3920 τὴν
3473 3850 3735 3919 καρδίαν.

2158 3937 2296 3989 Ἀλλ’
2329 3937 2427 4008 οὐχ
2459 3940 2491 4009 ἡ
2526 3939 2859 4010 ἀποστολικὴ
2913 3940 3095 4004 πίστις
3153 3940 3271 3994 ἐστὶ
3297 3937 3522 4009 τοιαύτη
3547 3979 3564 4003 ,
3619 3938 3736 3992 οὐδ’

2144 4031 2280 4094 ὅλως
2306 4031 2632 4102 Χριστιανὸς
2656 4031 2943 4103 ἀνάσχοιτο
2973 4032 3037 4086 ἂν
3067 4031 3293 4086 τούτων.
3340 4030 3404 4084 Ἡ
3442 4030 3554 4101 γὰρ
3601 4030 3740 4098 ἁγία

2146 4123 2240 4175 καὶ
2294 4124 2543 4195 μακαρία
2572 4124 2764 4195 Τριὰς,
2794 4123 3101 4194 ἀδιαίρετος
3151 4123 3248 4178 καὶ
3287 4121 3541 4194 ἡνωμένη
3596 4122 3740 4193 πρὸς

2146 4215 2344 4287 ἑαυτήν
2366 4216 2484 4268 ἐστι
2505 4232 2517 4245 ·
2538 4216 2631 4269 καὶ
2652 4215 2945 4286 λεγομένου
2961 4214 3056 4268 τοῦ
3078 4212 3310 4284 Πατρὸς,
3464 4212 3738 4283 πρόσεστι

2145 4307 2240 4360 καὶ
2271 4309 2299 4359 ό
2319 4307 2509 4361 τούτου
2538 4296 2709 4376 Λόγος
2738 4307 2832 4360 καὶ
2858 4307 2920 4359 τὸ
2953 4307 3010 4359 ὲν
3047 4304 3126 4375 τῷ
3163 4303 3279 4374 Υἱῷ
3314 4302 3562 4373 Πνεῦμα.
3607 4304 3738 4357 Ἐὰν

2145 4392 2202 4443 δὲ
2235 4394 2329 4446 καὶ
2355 4396 2383 4447 6
2411 4393 2536 4456 Υἱὸς
2562 4392 2914 4464 ὀνομάζηται,
2941 4394 3000 4447 ὲν
3019 4392 3096 4463 τῷ
3124 4391 3240 4461 Υἱῷ
3273 4392 3422 4443 ἐστιν
3448 4392 3477 4443 6
3514 4392 3736 4462 Πατὴρ,

482 4489 537 4534 et
591 4495 732 4534 tinus
788 4478 931 4535 Deus
988 4494 1070 4535 est
1123 4483 1216 4551 qui
1264 4492 1347 4537 est
1392 4498 1557 4551 super
1607 4484 1812 4551 omnia,
1859 4494 1915 4539 et
1962 4501 2053 4555 per

2150 4484 2240 4536 καὶ
2271 4484 2331 4535 τὸ
2357 4485 2581 4555 Πνεῦμα
2612 4487 2712 4538 οὐκ
2738 4484 2884 4537 ἔστιν
2917 4484 3074 4547 ἐκτὸς
3097 4483 3192 4537 τοῦ
3235 4482 3432 4551 Λόγου.
3478 4482 3602 4535 Μία
3628 4483 3738 4554 γάρ

482 4569 686 4634 omnia,
718 4578 881 4639 atque
910 4570 963 4623 in
994 4572 1268 4627 omnibus.
1299 4571 1547 4642 Namque
1576 4574 1691 4643 ipse
1714 4576 1876 4630 etiam
1911 4574 2053 4631 Pau-

2150 4576 2293 4629 ὲστιν
2317 4577 2380 4628 ὲκ
2397 4575 2490 4628 τοῦ
2514 4575 2727 4647 Πατρὸς
2761 4576 2921 4649 χάρις
2945 4575 3012 4628 δι’
3033 4575 3164 4628 Υἱοῦ
3192 4577 3249 4627 ὲν
3281 4572 3571 4643 Πνεύματι
3594 4573 3741 4642 ἁγίῳ

483 4658 567 4714 lus
594 4661 751 4731 cujus
780 4663 896 4717 htec
926 4671 1053 4715 sunt
1079 4663 1264 4724 verba,
1300 4681 1318 4714 ι
1349 4662 1633 4718 Testiticor
1661 4679 1843 4721 coram
1873 4666 1983 4722 Deo
2002 4677 2053 4723 et

2150 4666 2497 4737 πληρουμένη
2524 4682 2537 4696 ·
2594 4667 2689 4719 καὶ
2752 4666 2849 4737 μία
2887 4665 3077 4736 θεότης
3136 4664 3273 4728 ἐστὶ,
3324 4662 3416 4714 καὶ
3460 4656 3550 4725 εἷς
3606 4662 3741 4725 Θεὸς

480 4753 609 4809 Jesu
636 4755 854 4810 Christo
883 4758 934 4820 ³,
966 4776 982 4807 ι
1007 4754 1269 4826 Spiritum
1295 4770 1323 4809 a
1350 4755 1488 4810 Filio
1522 4757 1836 4827 neutiquam
1866 4759 2053 4825 dividi,

2150 4758 2291 4811 tam
2463 4759 2492 4809 6
2526 4756 2618 4809 ἐπὶ
2650 4756 2889 4822 πάντων,
2916 4757 3013 4811 καὶ
3042 4755 3128 4808 διὰ
3150 4754 3387 4816 πάντων,
3417 4754 3517 4807 καὶ
3552 4757 3615 4807 ὲν
3637 4757 3744 4807 πᾶ-

482 4847 574 4899 sed
595 4847 772 4914 ipsum
803 4848 856 4900 in
874 4845 1094 4902 Christo
1126 4862 1268 4914 esse,
1307 4847 1767 4915 quemadmodum
1798 4848 1969 4904 Filius
1999 4850 2053 4905 in

2150 4867 2254 4902 σιν.
2288 4849 2444 4903 Οὕτω
2466 4849 2574 4920 γὰρ
2607 4849 2703 4902 καὶ
2733 4851 2761 4902 6
2787 4847 3018 4911 Παῦλος,
3048 4844 3315 4917 εἰρηκὼς,
3357 4863 3376 4896 ι
3416 4847 3746 4918 Διαμαρτύ-

482 4933 639 4988 Patre
673 4946 775 5003 est,
813 4937 1015 5005 optime
1043 4946 1287 4993 noverat.
1312 4936 1707 4992 Convenienter
1742 4948 1920 4994 tamen
1947 4941 2053 4995 ele-

2153 4954 2316 5009 ρομαι
2350 4937 2575 4991 ἐνώπιον
2602 4938 2694 4991 τοῦ
2728 4937 2861 4991 Θεοῦ
2892 4938 2986 4992 καὶ
3019 4936 3191 5007 Ἰησοῦ
3220 4938 3456 5006 Χριστοῦ
3486 4979 3503 5001 ,
3562 4957 3582 4988 ι
3625 4938 3744 5006 ἐγί-

480 5040 597 5082 etos
626 5029 847 5097 angelos
875 5044 981 5082 una
1014 5030 1282 5098 adiunxit,
1314 5041 1394 5095 ut,
1432 5031 1688 5100 quoniam
1729 5032 1845 5086 haec
1877 5032 1942 5085 ad
1974 5032 2053 5084 di-

2150 5047 2375 5093 νωσκεν,
2407 5030 2487 5082 ὅτι
2506 5031 2566 5082 οὐ
2596 5030 2834 5102 διῃρεϊτο
2864 5028 2957 5082 τοῦ
2981 5028 3111 5082 Υίοῦ
3135 5028 3196 5081 τὸ
3226 5028 3452 5099 Πνεῦμα
3479 5068 3496 5091 ,
3527 5030 3653 5083 ἀλλ’
3685 5032 3744 5083 ὲν

480 5119 748 5186 seipulum
782 5119 1088 5183 scribebat,
1117 5120 1206 5174 ille
1232 5121 1319 5175 cui
1355 5122 1575 5176 minime
1612 5122 1815 5177 latebat
1843 5137 1906 5176 ea
1936 5137 2053 5193 quas

2150 5120 2370 5192 Χριστῷ
2408 5116 2477 5191 ἦν
2510 5120 2605 5173 καὶ
2641 5121 2792 5183 αὐτὸ,
2853 5118 3039 5191 ὥσπερ
3077 5120 3105 5171 6
3136 5119 3263 5183 Υἱὸς
3315 5120 3373 5173 ὲν
3401 5118 3481 5189 τῷ
3518 5121 3741 5191 Πατρί·

479 5227 507 5265 a
554 5211 661 5264 Deo
707 5211 851 5266 dicta
902 5220 1029 5265 sunt
1074 5227 1169 5281 per
1213 5209 1493 5267 Christum
1544 5214 1598 5268 in
1655 5214 1861 5285 Spiritu
1911 5216 2053 5269 dicta

2150 5208 2273 5269 τοὺς
2321 5208 2377 5262 δὲ
2424 5208 2713 5273 ἐκλεκτοὺς
2752 5208 3021 5277 ἀγγέλους
3066 5209 3443 5279 συνεπήγαγεν
3479 5210 3741 5276 εἰκότως,

478 5319 619 5369 esse,
650 5313 704 5358 et
733 5303 957 5374 angelos
997 5319 1083 5359 res
1126 5315 1343 5361 nostras
1372 5307 1773 5371 administrare,
1811 5306 2053 5377 singulo-

2150 5298 2258 5362 ἵνα,
2296 5298 2481 5369 ἐπειδὴ
2536 5298 2901 5371 διαμαρτυρία
2948 5295 3016 5370 ἦν
3055 5298 3134 5370 τῷ
3184 5299 3395 5371 μαθητῇ
3436 5298 3739 5372 λεγομένη,

477 5410 709 5462 rumque
740 5404 896 5450 actus
923 5396 1214 5465 speculari,
1254 5398 1499 5468 magistri
1529 5399 1929 5454 exhortationes
1958 5415 2053 5453 cu-

2150 5391 2453 5458 γινώσκων,
2501 5391 2576 5455 ὡς
2760 5391 2827 5445 τὰ
2856 5392 2952 5462 μὲν
2971 5392 3237 5462 λεγόμενα
3270 5392 3425 5464 παρὰ
3465 5392 3614 5447 Θεοῦ
3657 5393 3744 5445 διὰ

478 5488 723 5553 stodiret,
779 5498 839 5541 ut
896 5487 984 5542 cui
1044 5503 1366 5557 persuasum
1434 5500 1580 5545 esset
1631 5490 1872 5546 omnium
1929 5505 2052 5560 qua:

2150 5483 2385 5553 Χριστοῦ
2416 5485 2472 5536 ὲν
2505 5484 2783 5554 Πνεύματι
2814 5481 3131 5554 λελάληται,
3163 5483 3213 5535 οἱ
3254 5483 3312 5536 δὲ
3359 5483 3593 5551 ἄγγελοι
3628 5486 3744 5538 δια-

476 5574 682 5633 diceret
730 5577 876 5645 ipsos
920 5578 1145 5649 angelos
1194 5579 1570 5649 speculatores
1617 5588 1785 5637 testes
1830 5581 2048 5636 habere.

2150 5574 2366 5628 κονοῦσι
2406 5575 2475 5628 τὰ
2508 5574 2637 5645 παρ’
2663 5574 2842 5645 ἡμῶν,
2889 5574 3312 5639 ἐπισκοποῦντες
3347 5574 3446 5637 τὰς
3492 5574 3739 5630 ἑκάστου

542 5785 558 5818 ί
601 5779 735 5837 Luc.
763 5786 990 5842 “111.2.
1072 5788 1139 5842 'i
1171 5785 1313 5843 Tim.
1352 5806 1429 5849 vr.
1476 5791 1559 5847 l5.
1628 5791 1649 5826 ⁸
1677 5790 1849 5847 Exod.
1892 5791 2115 5848 xiv.3l.
2202 5789 2222 5822 ⁸
2251 5787 2391 5845 Cen.
2431 5803 2616 5844 xum.
2657 5785 2743 5841 l5.
2823 5784 2841 5814 ⁸
2869 5782 2914 5837 ll
2947 5780 3187 5837 Timoth.
3216 5791 3294 5847 Iv,
3324 5776 3376 5831 ι.
