  <div class='ocr_page' id='page_1' title='image "/cluster/home/n/w/nwhite01/storage/ocr_20150623/130/mdp.39015078384255/360.png"; bbox 0 0 4100 6290; ppageno 0'>
   <div class='ocr_carea' id='block_1_1' title="bbox 427 358 533 422">
    <p class='ocr_par' dir='ltr' id='par_1_1' title="bbox 427 358 533 422">
     <span class='ocr_line' id='line_1_1' title="bbox 427 358 533 422; baseline -0.019 0"><span class='ocrx_word' id='word_1_1' title='bbox 427 358 533 422; x_wconf 89' lang='grc'><strong>705</strong></span> 
     </span>
    </p>
   </div>
   <div class='ocr_carea' id='block_1_2' title="bbox 423 493 1478 566">
    <p class='ocr_par' dir='ltr' id='par_1_2' title="bbox 423 493 1478 566">
     <span class='ocr_line' id='line_1_2' title="bbox 423 493 1478 566; baseline 0.002 -20"><span class='ocrx_word' id='word_1_2' title='bbox 423 493 676 564; x_wconf 80' lang='grc' dir='ltr'>πράξεις,</span> <span class='ocrx_word' id='word_1_3' title='bbox 701 494 908 566; x_wconf 77' lang='grc' dir='ltr'><strong>φυλάξῃ</strong></span> <span class='ocrx_word' id='word_1_4' title='bbox 933 495 1029 558; x_wconf 79' lang='grc' dir='ltr'>τὰς</span> <span class='ocrx_word' id='word_1_5' title='bbox 1045 495 1139 554; x_wconf 83' lang='grc' dir='ltr'><strong>τοῦ</strong></span> <span class='ocrx_word' id='word_1_6' title='bbox 1161 495 1478 550; x_wconf 79' lang='grc' dir='ltr'><strong>διδασκάλου</strong></span> 
     </span>
    </p>
   </div>
   <div class='ocr_carea' id='block_1_3' title="bbox 422 585 2001 658">
    <p class='ocr_par' dir='ltr' id='par_1_3' title="bbox 422 585 2001 658">
     <span class='ocr_line' id='line_1_3' title="bbox 422 585 2001 658; baseline 0.001 -20"><span class='ocrx_word' id='word_1_7' title='bbox 422 587 502 648; x_wconf 81' lang='grc' dir='ltr'>ὡς</span> <span class='ocrx_word' id='word_1_8' title='bbox 527 585 665 654; x_wconf 75' lang='grc' dir='ltr'>ἔχων</span> <span class='ocrx_word' id='word_1_9' title='bbox 695 588 819 649; x_wconf 80' lang='grc' dir='ltr'>τοὺς</span> <span class='ocrx_word' id='word_1_10' title='bbox 844 586 1154 657; x_wconf 79' lang='grc' dir='ltr'><strong>ἐφορῶντας</strong></span> <span class='ocrx_word' id='word_1_11' title='bbox 1191 587 1298 640; x_wconf 88' lang='grc' dir='ltr'><strong>τῶν</strong></span> <span class='ocrx_word' id='word_1_12' title='bbox 1343 586 1652 658; x_wconf 85' lang='grc' dir='ltr'>λεγομένων</span> <span class='ocrx_word' id='word_1_13' title='bbox 1697 587 2001 658; x_wconf 86' lang='grc' dir='ltr'>μάρτυρας.</span> 
     </span>
    </p>
   </div>
   <div class='ocr_carea' id='block_1_4' title="bbox 425 677 2001 750">
    <p class='ocr_par' dir='ltr' id='par_1_4' title="bbox 425 677 2001 750">
     <span class='ocr_line' id='line_1_4' title="bbox 425 677 2001 750; baseline 0 -19"><span class='ocrx_word' id='word_1_14' title='bbox 425 679 499 731; x_wconf 90' lang='grc' dir='ltr'><em>Ἢ</em></span> <span class='ocrx_word' id='word_1_15' title='bbox 539 678 678 748; x_wconf 83' lang='grc' dir='ltr'><strong>τάχα</strong></span> <span class='ocrx_word' id='word_1_16' title='bbox 726 679 820 732; x_wconf 75' lang='grc' dir='ltr'><strong>καὶ</strong></span> <span class='ocrx_word' id='word_1_17' title='bbox 872 679 960 732; x_wconf 77' lang='grc' dir='ltr'><strong>διὰ</strong></span> <span class='ocrx_word' id='word_1_18' title='bbox 1010 680 1135 744; x_wconf 79' lang='grc' dir='ltr'>τοὺς</span> <span class='ocrx_word' id='word_1_19' title='bbox 1184 678 1272 734; x_wconf 84' lang='grc' dir='ltr'><strong>διὰ</strong></span> <span class='ocrx_word' id='word_1_20' title='bbox 1301 679 1502 743; x_wconf 81' lang='grc' dir='ltr'>παντὸς</span> <span class='ocrx_word' id='word_1_21' title='bbox 1547 677 1885 750; x_wconf 87' lang='grc' dir='ltr'>θεωροῦντας</span> <span class='ocrx_word' id='word_1_22' title='bbox 1941 677 2001 731; x_wconf 88' lang='grc' dir='ltr'>τὸ</span> 
     </span>
    </p>
   </div>
   <div class='ocr_carea' id='block_1_5' title="bbox 423 767 2012 842">
    <p class='ocr_par' dir='ltr' id='par_1_5' title="bbox 423 767 2012 842">
     <span class='ocr_line' id='line_1_5' title="bbox 423 767 2012 842; baseline -0.001 -20"><span class='ocrx_word' id='word_1_23' title='bbox 423 770 717 841; x_wconf 84' lang='grc' dir='ltr'>πρόσωπον</span> <span class='ocrx_word' id='word_1_24' title='bbox 758 769 851 821; x_wconf 88' lang='grc' dir='ltr'><strong>τοῦ</strong></span> <span class='ocrx_word' id='word_1_25' title='bbox 891 769 1131 839; x_wconf 76' lang='grc' dir='ltr'>Πατρὸς,</span> <span class='ocrx_word' id='word_1_26' title='bbox 1173 769 1267 823; x_wconf 93' lang='grc' dir='ltr'><strong>τοῦ</strong></span> <span class='ocrx_word' id='word_1_27' title='bbox 1317 771 1375 822; x_wconf 80' lang='grc' dir='ltr'>ἑν</span> <span class='ocrx_word' id='word_1_28' title='bbox 1422 772 1537 834; x_wconf 86' lang='grc' dir='ltr'>τοῖς</span> <span class='ocrx_word' id='word_1_29' title='bbox 1585 770 1853 842; x_wconf 73' lang='grc' dir='ltr'>οὐρανοῖς,</span> <span class='ocrx_word' id='word_1_30' title='bbox 1893 767 2012 821; x_wconf 87' lang='grc' dir='ltr'>δια-</span> 
     </span>
    </p>
   </div>
   <div class='ocr_carea' id='block_1_6' title="bbox 424 859 900 931">
    <p class='ocr_par' dir='ltr' id='par_1_6' title="bbox 424 859 900 931">
     <span class='ocr_line' id='line_1_6' title="bbox 424 859 900 931; baseline -0.002 -19"><span class='ocrx_word' id='word_1_31' title='bbox 424 859 765 931; x_wconf 83' lang='grc' dir='ltr'>μαρτύρεται</span> <span class='ocrx_word' id='word_1_32' title='bbox 805 859 900 912; x_wconf 90' lang='grc' dir='ltr'><strong>νῦν</strong></span> 
     </span>
    </p>
   </div>
   <div class='ocr_carea' id='block_1_7' title="bbox 1349 364 2681 428">
    <p class='ocr_par' dir='ltr' id='par_1_7' title="bbox 1349 364 2681 428">
     <span class='ocr_line' id='line_1_7' title="bbox 1349 364 2681 428; baseline 0.001 -1"><span class='ocrx_word' id='word_1_33' title='bbox 1349 364 1733 427; x_wconf 76' lang='lat' dir='ltr'><strong>PANOPLIA</strong></span> <span class='ocrx_word' id='word_1_34' title='bbox 1769 365 2230 428; x_wconf 76' lang='lat' dir='ltr'><strong>DOGMATICA.</strong></span> <span class='ocrx_word' id='word_1_35' title='bbox 2270 392 2339 410; x_wconf 79' lang='lat'><strong>-</strong></span> <span class='ocrx_word' id='word_1_36' title='bbox 2379 365 2511 426; x_wconf 89' lang='grc' dir='ltr'>ΤΙΤ</span> <span class='ocrx_word' id='word_1_37' title='bbox 2575 367 2681 428; x_wconf 85' lang='grc' dir='ltr'>Χῐ.</span> 
     </span>
    </p>
   </div>
   <div class='ocr_carea' id='block_1_8' title="bbox 1619 493 2010 568">
    <p class='ocr_par' dir='ltr' id='par_1_8' title="bbox 1619 497 2001 566">
     <span class='ocr_line' id='line_1_8' title="bbox 1619 497 2001 566; baseline 0 -16"><span class='ocrx_word' id='word_1_38' title='bbox 1619 497 1962 566; x_wconf 82' lang='grc' dir='ltr'><strong>παραινέσεις</strong></span> <span class='ocrx_word' id='word_1_39' title='bbox 1987 538 2001 561; x_wconf 93' lang='grc'><strong>,</strong></span> 
     </span>
    </p>
   </div>
   <div class='ocr_carea' id='block_1_9' title="bbox 2096 493 3680 568">
    <p class='ocr_par' dir='ltr' id='par_1_9' title="bbox 2111 493 3680 568">
     <span class='ocr_line' id='line_1_9' title="bbox 2111 493 3680 568; baseline -0.001 -16"><span class='ocrx_word' id='word_1_40' title='bbox 2111 499 2192 552; x_wconf 85' lang='lat' dir='ltr'><strong>An</strong></span> <span class='ocrx_word' id='word_1_41' title='bbox 2230 496 2372 552; x_wconf 70' lang='lat' dir='ltr'><strong>farre</strong></span> <span class='ocrx_word' id='word_1_42' title='bbox 2419 497 2644 568; x_wconf 80' lang='lat' dir='ltr'><strong>angelos</strong></span> <span class='ocrx_word' id='word_1_43' title='bbox 2676 495 2769 566; x_wconf 87' lang='lat' dir='ltr'><strong>qui</strong></span> <span class='ocrx_word' id='word_1_44' title='bbox 2806 510 3022 566; x_wconf 83' lang='lat' dir='ltr'><strong>semper</strong></span> <span class='ocrx_word' id='word_1_45' title='bbox 3048 496 3231 552; x_wconf 85' lang='lat' dir='ltr'><strong>vident</strong></span> <span class='ocrx_word' id='word_1_46' title='bbox 3263 494 3454 551; x_wconf 82' lang='lat' dir='ltr'><strong>faciem</strong></span> <span class='ocrx_word' id='word_1_47' title='bbox 3480 493 3680 559; x_wconf 83' lang='lat' dir='ltr'><strong>Patris.</strong></span> 
     </span>
    </p>
   </div>
   <div class='ocr_carea' id='block_1_10' title="bbox 3580 375 3683 437">
    <p class='ocr_par' dir='ltr' id='par_1_10' title="bbox 3580 375 3683 437">
     <span class='ocr_line' id='line_1_10' title="bbox 3580 375 3683 437; baseline 0.01 -1"><span class='ocrx_word' id='word_1_48' title='bbox 3580 375 3683 437; x_wconf 80' lang='lat'><strong>706</strong></span> 
     </span>
    </p>
   </div>
   <div class='ocr_carea' id='block_1_11' title="bbox 2110 585 3682 657">
    <p class='ocr_par' dir='ltr' id='par_1_11' title="bbox 2110 585 3682 657">
     <span class='ocr_line' id='line_1_11' title="bbox 2110 585 3682 657; baseline -0.001 -16"><span class='ocrx_word' id='word_1_49' title='bbox 2110 589 2203 657; x_wconf 87' lang='lat' dir='ltr'><strong>qui</strong></span> <span class='ocrx_word' id='word_1_50' title='bbox 2250 587 2302 640; x_wconf 93' lang='lat' dir='ltr'><strong>in</strong></span> <span class='ocrx_word' id='word_1_51' title='bbox 2355 587 2509 641; x_wconf 72' lang='lat' dir='ltr'><strong>cmlis</strong></span> <span class='ocrx_word' id='word_1_52' title='bbox 2557 595 2660 650; x_wconf 90' lang='lat' dir='ltr'><strong>est,</strong></span> <span class='ocrx_word' id='word_1_53' title='bbox 2699 596 2917 656; x_wconf 90' lang='lat' dir='ltr'><strong>propter</strong></span> <span class='ocrx_word' id='word_1_54' title='bbox 2954 585 3206 641; x_wconf 66' lang='lat' dir='ltr'><strong>Ecclesiae</strong></span> <span class='ocrx_word' id='word_1_55' title='bbox 3237 585 3484 655; x_wconf 89' lang='lat' dir='ltr'><strong>pusillos,</strong></span> <span class='ocrx_word' id='word_1_56' title='bbox 3517 596 3682 640; x_wconf 79' lang='lat' dir='ltr'><strong>testes</strong></span> 
     </span>
    </p>
   </div>
   <div class='ocr_carea' id='block_1_12' title="bbox 2109 675 3681 746">
    <p class='ocr_par' dir='ltr' id='par_1_12' title="bbox 2109 675 3681 746">
     <span class='ocr_line' id='line_1_12' title="bbox 2109 675 3681 746; baseline -0.001 -16"><span class='ocrx_word' id='word_1_57' title='bbox 2109 677 2363 746; x_wconf 79' lang='lat' dir='ltr'><strong>appellat,</strong></span> <span class='ocrx_word' id='word_1_58' title='bbox 2405 685 2465 729; x_wconf 90' lang='lat' dir='ltr'><strong>ut</strong></span> <span class='ocrx_word' id='word_1_59' title='bbox 2512 675 2836 744; x_wconf 76' lang='lat' dir='ltr'><strong>discipulus,</strong></span> <span class='ocrx_word' id='word_1_60' title='bbox 2879 676 3107 746; x_wconf 84' lang='lat' dir='ltr'><strong>cognitis</strong></span> <span class='ocrx_word' id='word_1_61' title='bbox 3157 676 3480 746; x_wconf 89' lang='lat' dir='ltr'><strong>populorum</strong></span> <span class='ocrx_word' id='word_1_62' title='bbox 3523 691 3681 728; x_wconf 81' lang='lat' dir='ltr'><strong>cura-</strong></span> 
     </span>
    </p>
   </div>
   <div class='ocr_carea' id='block_1_13' title="bbox 2118 766 3543 838">
    <p class='ocr_par' dir='ltr' id='par_1_13' title="bbox 2118 766 3543 838">
     <span class='ocr_line' id='line_1_13' title="bbox 2118 766 3543 838; baseline -0.001 -17"><span class='ocrx_word' id='word_1_63' title='bbox 2118 768 2351 832; x_wconf 75' lang='lat' dir='ltr'><strong>toribus,</strong></span> <span class='ocrx_word' id='word_1_64' title='bbox 2379 766 2626 835; x_wconf 84' lang='lat' dir='ltr'><strong>Apostoli</strong></span> <span class='ocrx_word' id='word_1_65' title='bbox 2655 767 3058 822; x_wconf 84' lang='lat' dir='ltr'><strong>admonitiones</strong></span> <span class='ocrx_word' id='word_1_66' title='bbox 3086 783 3191 822; x_wconf 91' lang='lat' dir='ltr'><strong>non</strong></span> <span class='ocrx_word' id='word_1_67' title='bbox 3232 769 3543 838; x_wconf 83' lang='lat' dir='ltr'><strong>negligeret.</strong></span> 
     </span>
    </p>
   </div>
   <div class='ocr_carea' id='block_1_14' title="bbox 1086 857 3681 930">
    <p class='ocr_par' dir='ltr' id='par_1_14' title="bbox 1086 857 3681 930">
     <span class='ocr_line' id='line_1_14' title="bbox 1086 857 3681 930; baseline -0 -17"><span class='ocrx_word' id='word_1_68' title='bbox 1086 860 1372 930; x_wconf 82' lang='grc' dir='ltr'><strong>ἀγγέλους,</strong></span> <span class='ocrx_word' id='word_1_69' title='bbox 1399 859 1563 914; x_wconf 80' lang='grc' dir='ltr'>ἓνεκά</span> <span class='ocrx_word' id='word_1_70' title='bbox 1603 878 1664 924; x_wconf 91' lang='grc' dir='ltr'><strong>γε</strong></span> <span class='ocrx_word' id='word_1_71' title='bbox 1697 860 1803 914; x_wconf 85' lang='grc' dir='ltr'><strong>τῶν</strong></span> <span class='ocrx_word' id='word_1_72' title='bbox 1845 862 1902 913; x_wconf 78' lang='grc' dir='ltr'>ὲν</span> <span class='ocrx_word' id='word_1_73' title='bbox 1933 862 2000 929; x_wconf 82' lang='grc' dir='ltr'>τῇ</span> <span class='ocrx_word' id='word_1_74' title='bbox 2056 857 2351 929; x_wconf 76' lang='grc' dir='ltr'>Ἐκκλησία</span> <span class='ocrx_word' id='word_1_75' title='bbox 2401 857 2645 929; x_wconf 81' lang='grc' dir='ltr'><strong>μικρῶν,</strong></span> <span class='ocrx_word' id='word_1_76' title='bbox 2697 858 2816 927; x_wconf 82' lang='grc' dir='ltr'>ἵνα,</span> <span class='ocrx_word' id='word_1_77' title='bbox 2869 857 3152 927; x_wconf 84' lang='grc' dir='ltr'><strong>γινώσκων</strong></span> <span class='ocrx_word' id='word_1_78' title='bbox 3191 860 3220 911; x_wconf 86' lang='lat'><strong>6</strong></span> <span class='ocrx_word' id='word_1_79' title='bbox 3258 858 3502 930; x_wconf 81' lang='grc' dir='ltr'>μαθητὴς</span> <span class='ocrx_word' id='word_1_80' title='bbox 3555 861 3681 924; x_wconf 76' lang='grc' dir='ltr'>τοὺς</span> 
     </span>
    </p>
   </div>
   <div class='ocr_carea' id='block_1_15' title="bbox 418 950 2532 1029">
    <p class='ocr_par' dir='ltr' id='par_1_15' title="bbox 418 950 2532 1029">
     <span class='ocr_line' id='line_1_15' title="bbox 418 950 2532 1029; baseline -0.002 -20"><span class='ocrx_word' id='word_1_81' title='bbox 418 955 730 1026; x_wconf 80' lang='grc' dir='ltr'><strong>κηδεμόνας</strong></span> <span class='ocrx_word' id='word_1_82' title='bbox 766 953 872 1006; x_wconf 87' lang='grc' dir='ltr'><strong>τῶν</strong></span> <span class='ocrx_word' id='word_1_83' title='bbox 898 953 1062 1018; x_wconf 79' lang='grc' dir='ltr'>λαῶν,</span> <span class='ocrx_word' id='word_1_84' title='bbox 1095 953 1169 1026; x_wconf 83' lang='grc' dir='ltr'>μὴ</span> <span class='ocrx_word' id='word_1_85' title='bbox 1209 955 1459 1029; x_wconf 80' lang='grc' dir='ltr'>ἀμελήσῃ</span> <span class='ocrx_word' id='word_1_86' title='bbox 1501 956 1608 1008; x_wconf 88' lang='grc' dir='ltr'><strong>τῶν</strong></span> <span class='ocrx_word' id='word_1_87' title='bbox 1641 955 2011 1026; x_wconf 81' lang='grc' dir='ltr'>παραινέσεων</span> <span class='ocrx_word' id='word_1_88' title='bbox 2049 950 2139 1006; x_wconf 88' lang='grc' dir='ltr'><strong>τοῦ</strong></span> <span class='ocrx_word' id='word_1_89' title='bbox 2189 952 2532 1005; x_wconf 85' lang='grc' dir='ltr'>Ἀποστόλου.</span> 
     </span>
    </p>
   </div>
   <div class='ocr_carea' id='block_1_16' title="bbox 621 1043 2002 1117">
    <p class='ocr_par' dir='ltr' id='par_1_16' title="bbox 621 1043 2002 1117">
     <span class='ocr_line' id='line_1_16' title="bbox 621 1043 2002 1117; baseline 0 -19"><span class='ocrx_word' id='word_1_90' title='bbox 621 1047 740 1099; x_wconf 86' lang='grc' dir='ltr'><strong>Τῶν</strong></span> <span class='ocrx_word' id='word_1_91' title='bbox 772 1046 868 1117; x_wconf 84' lang='grc' dir='ltr'>μὲν</span> <span class='ocrx_word' id='word_1_92' title='bbox 889 1043 983 1099; x_wconf 73' lang='grc' dir='ltr'><strong>οὖν</strong></span> <span class='ocrx_word' id='word_1_93' title='bbox 1008 1047 1166 1100; x_wconf 80' lang='grc' dir='ltr'>θείων</span> <span class='ocrx_word' id='word_1_94' title='bbox 1191 1047 1385 1117; x_wconf 78' lang='grc' dir='ltr'>λογίων</span> <span class='ocrx_word' id='word_1_95' title='bbox 1407 1048 1645 1111; x_wconf 86' lang='grc' dir='ltr'>τοιοῦτος</span> <span class='ocrx_word' id='word_1_96' title='bbox 1671 1049 1698 1101; x_wconf 89' lang='lat'><strong>6</strong></span> <span class='ocrx_word' id='word_1_97' title='bbox 1729 1047 1853 1110; x_wconf 90' lang='grc' dir='ltr'>νοῦς</span> <span class='ocrx_word' id='word_1_98' title='bbox 1881 1048 2002 1117; x_wconf 72' lang='grc' dir='ltr'>ἐμοὶ</span> 
     </span>
    </p>
   </div>
   <div class='ocr_carea' id='block_1_17' title="bbox 419 1137 2004 1210">
    <p class='ocr_par' dir='ltr' id='par_1_17' title="bbox 419 1137 2004 1210">
     <span class='ocr_line' id='line_1_17' title="bbox 419 1137 2004 1210; baseline -0.001 -19"><span class='ocrx_word' id='word_1_99' title='bbox 419 1138 694 1208; x_wconf 83' lang='grc' dir='ltr'>φαίνεται,</span> <span class='ocrx_word' id='word_1_100' title='bbox 726 1138 1014 1208; x_wconf 84' lang='grc' dir='ltr'>διελέγχων</span> <span class='ocrx_word' id='word_1_101' title='bbox 1041 1137 1139 1210; x_wconf 78' lang='grc' dir='ltr'>τὴν</span> <span class='ocrx_word' id='word_1_102' title='bbox 1169 1139 1276 1193; x_wconf 88' lang='grc' dir='ltr'><strong>τῶν</strong></span> <span class='ocrx_word' id='word_1_103' title='bbox 1301 1140 1509 1208; x_wconf 83' lang='grc' dir='ltr'>ἀλόγων</span> <span class='ocrx_word' id='word_1_104' title='bbox 1539 1139 1681 1192; x_wconf 85' lang='grc' dir='ltr'><strong>κατά</strong></span> <span class='ocrx_word' id='word_1_105' title='bbox 1712 1138 1804 1192; x_wconf 90' lang='grc' dir='ltr'><strong>τοῦ</strong></span> <span class='ocrx_word' id='word_1_106' title='bbox 1836 1137 2004 1190; x_wconf 87' lang='grc' dir='ltr'>Πνεύ-</span> 
     </span>
    </p>
   </div>
   <div class='ocr_carea' id='block_1_18' title="bbox 425 1229 2000 1302">
    <p class='ocr_par' dir='ltr' id='par_1_18' title="bbox 425 1229 2000 1302">
     <span class='ocr_line' id='line_1_18' title="bbox 425 1229 2000 1302; baseline -0.001 -20"><span class='ocrx_word' id='word_1_107' title='bbox 425 1247 598 1299; x_wconf 82' lang='grc' dir='ltr'>ματος</span> <span class='ocrx_word' id='word_1_108' title='bbox 625 1229 936 1300; x_wconf 72' lang='grc' dir='ltr'>δυσφημίαν</span> <span class='ocrx_word' id='word_1_109' title='bbox 956 1247 968 1260; x_wconf 91' lang='grc'><strong>·</strong></span> <span class='ocrx_word' id='word_1_110' title='bbox 997 1232 1152 1284; x_wconf 74' lang='grc' dir='ltr'>αὐτοὶ</span> <span class='ocrx_word' id='word_1_111' title='bbox 1176 1231 1233 1285; x_wconf 84' lang='grc' dir='ltr'>δὲ</span> <span class='ocrx_word' id='word_1_112' title='bbox 1266 1232 1364 1302; x_wconf 74' lang='grc' dir='ltr'>τὴν</span> <span class='ocrx_word' id='word_1_113' title='bbox 1405 1231 1736 1301; x_wconf 76' lang='grc' dir='ltr'>φιλονεικίαν</span> <span class='ocrx_word' id='word_1_114' title='bbox 1768 1229 2000 1300; x_wconf 78' lang='grc' dir='ltr'>ἔμμονον</span> 
     </span>
    </p>
   </div>
   <div class='ocr_carea' id='block_1_19' title="bbox 421 1319 2002 1394">
    <p class='ocr_par' dir='ltr' id='par_1_19' title="bbox 421 1319 2002 1394">
     <span class='ocr_line' id='line_1_19' title="bbox 421 1319 2002 1394; baseline -0.003 -20"><span class='ocrx_word' id='word_1_115' title='bbox 421 1321 641 1391; x_wconf 79' lang='grc' dir='ltr'>ἔχοντες</span> <span class='ocrx_word' id='word_1_116' title='bbox 679 1321 816 1391; x_wconf 83' lang='grc' dir='ltr'>πρὸς</span> <span class='ocrx_word' id='word_1_117' title='bbox 855 1321 950 1392; x_wconf 81' lang='grc' dir='ltr'>τὴν</span> <span class='ocrx_word' id='word_1_118' title='bbox 972 1321 1250 1391; x_wconf 79' lang='grc' dir='ltr'>ἀλήθειαν,</span> <span class='ocrx_word' id='word_1_119' title='bbox 1285 1324 1358 1386; x_wconf 82' lang='grc' dir='ltr'>ὡς</span> <span class='ocrx_word' id='word_1_120' title='bbox 1390 1323 1641 1394; x_wconf 83' lang='grc' dir='ltr'>γράφεις,</span> <span class='ocrx_word' id='word_1_121' title='bbox 1677 1321 1859 1375; x_wconf 79' lang='grc' dir='ltr'>οὐκέτι</span> <span class='ocrx_word' id='word_1_122' title='bbox 1905 1319 2002 1390; x_wconf 85' lang='grc' dir='ltr'>μὲν</span> 
     </span>
    </p>
   </div>
   <div class='ocr_carea' id='block_1_20' title="bbox 421 1407 1998 1482">
    <p class='ocr_par' dir='ltr' id='par_1_20' title="bbox 421 1407 1998 1482">
     <span class='ocr_line' id='line_1_20' title="bbox 421 1407 1998 1482; baseline -0.003 -19"><span class='ocrx_word' id='word_1_123' title='bbox 421 1411 537 1463; x_wconf 84' lang='grc' dir='ltr'>ἀπὸ</span> <span class='ocrx_word' id='word_1_124' title='bbox 579 1410 684 1462; x_wconf 89' lang='grc' dir='ltr'><strong>τῶν</strong></span> <span class='ocrx_word' id='word_1_125' title='bbox 713 1411 942 1480; x_wconf 80' lang='grc' dir='ltr'>Γραφῶν</span> <span class='ocrx_word' id='word_1_126' title='bbox 981 1411 1112 1482; x_wconf 82' lang='grc' dir='ltr'>(ούχ</span> <span class='ocrx_word' id='word_1_127' title='bbox 1139 1411 1450 1480; x_wconf 76' lang='grc' dir='ltr'>εὑρίσκουσι</span> <span class='ocrx_word' id='word_1_128' title='bbox 1495 1413 1656 1482; x_wconf 87' lang='grc' dir='ltr'>γὰρ),</span> <span class='ocrx_word' id='word_1_129' title='bbox 1679 1410 1785 1463; x_wconf 83' lang='grc' dir='ltr'><strong>ἀπὺ</strong></span> <span class='ocrx_word' id='word_1_130' title='bbox 1813 1409 1869 1461; x_wconf 76' lang='grc' dir='ltr'>δὲ</span> <span class='ocrx_word' id='word_1_131' title='bbox 1908 1407 1998 1460; x_wconf 89' lang='grc' dir='ltr'><strong>τοῦ</strong></span> 
     </span>
    </p>
   </div>
   <div class='ocr_carea' id='block_1_21' title="bbox 422 1499 1997 1572">
    <p class='ocr_par' dir='ltr' id='par_1_21' title="bbox 422 1499 1997 1572">
     <span class='ocr_line' id='line_1_21' title="bbox 422 1499 1997 1572; baseline -0.001 -21"><span class='ocrx_word' id='word_1_132' title='bbox 422 1500 866 1570; x_wconf 82' lang='grc' dir='ltr'>περισσεύματος</span> <span class='ocrx_word' id='word_1_133' title='bbox 907 1502 1013 1570; x_wconf 75' lang='grc' dir='ltr'>τῆς</span> <span class='ocrx_word' id='word_1_134' title='bbox 1037 1501 1262 1571; x_wconf 87' lang='grc' dir='ltr'>καρδίας</span> <span class='ocrx_word' id='word_1_135' title='bbox 1303 1502 1401 1572; x_wconf 82' lang='grc' dir='ltr'>τῆς</span> <span class='ocrx_word' id='word_1_136' title='bbox 1448 1502 1588 1564; x_wconf 85' lang='grc' dir='ltr'>ἰδίας</span> <span class='ocrx_word' id='word_1_137' title='bbox 1617 1499 1997 1569; x_wconf 76' lang='grc' dir='ltr'>ἐρευγόμενοι,</span> 
     </span>
    </p>
   </div>
   <div class='ocr_carea' id='block_1_22' title="bbox 425 1589 1998 1664">
    <p class='ocr_par' dir='ltr' id='par_1_22' title="bbox 425 1589 1998 1664">
     <span class='ocr_line' id='line_1_22' title="bbox 425 1589 1998 1664; baseline -0.003 -20"><span class='ocrx_word' id='word_1_138' title='bbox 425 1591 593 1645; x_wconf 83' lang='grc' dir='ltr'>πάλιν</span> <span class='ocrx_word' id='word_1_139' title='bbox 621 1592 948 1661; x_wconf 83' lang='grc' dir='ltr'>φάσκουσιν·</span> <span class='ocrx_word' id='word_1_140' title='bbox 980 1594 1042 1646; x_wconf 75' lang='lat' dir='ltr'><strong>El</strong></span> <span class='ocrx_word' id='word_1_141' title='bbox 1073 1593 1146 1664; x_wconf 84' lang='grc' dir='ltr'>μὴ</span> <span class='ocrx_word' id='word_1_142' title='bbox 1178 1591 1381 1663; x_wconf 85' lang='grc' dir='ltr'>κτίσμα</span> <span class='ocrx_word' id='word_1_143' title='bbox 1405 1593 1520 1644; x_wconf 77' lang='grc' dir='ltr'>ἐστὶ</span> <span class='ocrx_word' id='word_1_144' title='bbox 1539 1633 1553 1655; x_wconf 89' lang='grc'><strong>,</strong></span> <span class='ocrx_word' id='word_1_145' title='bbox 1589 1591 1720 1662; x_wconf 83' lang='grc' dir='ltr'>μηδὲ</span> <span class='ocrx_word' id='word_1_146' title='bbox 1756 1589 1860 1642; x_wconf 83' lang='grc' dir='ltr'><strong>τῶν</strong></span> <span class='ocrx_word' id='word_1_147' title='bbox 1898 1590 1998 1656; x_wconf 88' lang='grc' dir='ltr'><strong>ἁγ-</strong></span> 
     </span>
    </p>
   </div>
   <div class='ocr_carea' id='block_1_23' title="bbox 425 1675 1996 1752">
    <p class='ocr_par' dir='ltr' id='par_1_23' title="bbox 425 1675 1996 1752">
     <span class='ocr_line' id='line_1_23' title="bbox 425 1675 1996 1752; baseline -0.004 -20"><span class='ocrx_word' id='word_1_148' title='bbox 425 1679 604 1748; x_wconf 84' lang='grc' dir='ltr'>γέλων</span> <span class='ocrx_word' id='word_1_149' title='bbox 649 1675 730 1744; x_wconf 70' lang='grc' dir='ltr'>εἷς</span> <span class='ocrx_word' id='word_1_150' title='bbox 761 1683 930 1744; x_wconf 80' lang='grc' dir='ltr'>ἐστιν,</span> <span class='ocrx_word' id='word_1_151' title='bbox 961 1681 1074 1734; x_wconf 82' lang='grc' dir='ltr'>ἀλλ’</span> <span class='ocrx_word' id='word_1_152' title='bbox 1097 1683 1162 1734; x_wconf 86' lang='grc' dir='ltr'>ὲκ</span> <span class='ocrx_word' id='word_1_153' title='bbox 1209 1679 1303 1734; x_wconf 91' lang='grc' dir='ltr'><strong>τοῦ</strong></span> <span class='ocrx_word' id='word_1_154' title='bbox 1351 1681 1564 1752; x_wconf 83' lang='grc' dir='ltr'>Πατρὸς</span> <span class='ocrx_word' id='word_1_155' title='bbox 1611 1677 1996 1748; x_wconf 74' lang='grc' dir='ltr'>ἐκπορεύεται·</span> 
     </span>
    </p>
   </div>
   <div class='ocr_carea' id='block_1_24' title="bbox 421 1775 1263 1838">
    <p class='ocr_par' dir='ltr' id='par_1_24' title="bbox 421 1775 1263 1838">
     <span class='ocr_line' id='line_1_24' title="bbox 421 1775 1263 1838; baseline -0.002 -9"><span class='ocrx_word' id='word_1_156' title='bbox 421 1777 626 1832; x_wconf 81' lang='grc' dir='ltr'>οὐκοῦν</span> <span class='ocrx_word' id='word_1_157' title='bbox 654 1775 780 1838; x_wconf 72' lang='grc' dir='ltr'>Υἱός</span> <span class='ocrx_word' id='word_1_158' title='bbox 809 1777 923 1829; x_wconf 76' lang='grc' dir='ltr'>ἑστι</span> <span class='ocrx_word' id='word_1_159' title='bbox 958 1775 1052 1830; x_wconf 73' lang='grc' dir='ltr'>καὶ</span> <span class='ocrx_word' id='word_1_160' title='bbox 1081 1775 1213 1828; x_wconf 80' lang='grc' dir='ltr'>αὐτὸ</span> <span class='ocrx_word' id='word_1_161' title='bbox 1246 1808 1263 1835; x_wconf 86' lang='grc'><strong>,</strong></span> 
     </span>
    </p>
   </div>
   <div class='ocr_carea' id='block_1_25' title="bbox 428 1866 2018 1942">
    <p class='ocr_par' dir='ltr' id='par_1_25' title="bbox 428 1866 2018 1942">
     <span class='ocr_line' id='line_1_25' title="bbox 428 1866 2018 1942; baseline 0.003 -21"><span class='ocrx_word' id='word_1_162' title='bbox 428 1869 568 1921; x_wconf 82' lang='grc' dir='ltr'>αὑτό</span> <span class='ocrx_word' id='word_1_163' title='bbox 589 1885 647 1921; x_wconf 89' lang='grc' dir='ltr'><strong>τε</strong></span> <span class='ocrx_word' id='word_1_164' title='bbox 676 1866 772 1922; x_wconf 75' lang='grc' dir='ltr'>καὶ</span> <span class='ocrx_word' id='word_1_165' title='bbox 804 1869 832 1921; x_wconf 90' lang='lat'><strong>6</strong></span> <span class='ocrx_word' id='word_1_166' title='bbox 853 1869 1042 1937; x_wconf 83' lang='grc' dir='ltr'>Λόγος.</span> <span class='ocrx_word' id='word_1_167' title='bbox 1068 1868 1180 1922; x_wconf 69' lang='grc' dir='ltr'><strong>Καὶ</strong></span> <span class='ocrx_word' id='word_1_168' title='bbox 1215 1870 1264 1922; x_wconf 79' lang='grc' dir='ltr'>εἰ</span> <span class='ocrx_word' id='word_1_169' title='bbox 1286 1868 1513 1938; x_wconf 80' lang='grc' dir='ltr'>ἀδελφός</span> <span class='ocrx_word' id='word_1_170' title='bbox 1545 1873 1682 1934; x_wconf 85' lang='grc' dir='ltr'>ὲστι,</span> <span class='ocrx_word' id='word_1_171' title='bbox 1711 1871 1826 1936; x_wconf 88' lang='grc' dir='ltr'><strong>πῶς</strong></span> <span class='ocrx_word' id='word_1_172' title='bbox 1859 1890 2018 1942; x_wconf 62' lang='grc' dir='ltr'>μονοα</span> 
     </span>
    </p>
   </div>
   <div class='ocr_carea' id='block_1_26' title="bbox 429 1959 2018 2036">
    <p class='ocr_par' dir='ltr' id='par_1_26' title="bbox 429 1959 2018 2036">
     <span class='ocr_line' id='line_1_26' title="bbox 429 1959 2018 2036; baseline 0.005 -25"><span class='ocrx_word' id='word_1_173' title='bbox 429 1960 598 2031; x_wconf 85' lang='grc' dir='ltr'>γενὴς</span> <span class='ocrx_word' id='word_1_174' title='bbox 628 1961 657 2013; x_wconf 94' lang='lat'><strong>6</strong></span> <span class='ocrx_word' id='word_1_175' title='bbox 691 1960 883 2028; x_wconf 85' lang='grc' dir='ltr'>Λόγος,</span> <span class='ocrx_word' id='word_1_176' title='bbox 919 1959 952 2030; x_wconf 79' lang='grc' dir='ltr'><strong>ἢ</strong></span> <span class='ocrx_word' id='word_1_177' title='bbox 997 1960 1116 2024; x_wconf 84' lang='grc' dir='ltr'><strong>πῶς</strong></span> <span class='ocrx_word' id='word_1_178' title='bbox 1139 1961 1240 2015; x_wconf 85' lang='grc' dir='ltr'>οὐκ</span> <span class='ocrx_word' id='word_1_179' title='bbox 1274 1963 1398 2025; x_wconf 71' lang='grc' dir='ltr'>ἴσοι,</span> <span class='ocrx_word' id='word_1_180' title='bbox 1423 1961 1586 2016; x_wconf 82' lang='grc' dir='ltr'>ἀλλ’ὁ</span> <span class='ocrx_word' id='word_1_181' title='bbox 1621 1962 1721 2033; x_wconf 81' lang='grc' dir='ltr'>μὲν</span> <span class='ocrx_word' id='word_1_182' title='bbox 1763 1965 1898 2036; x_wconf 87' lang='grc' dir='ltr'><strong>μετά</strong></span> <span class='ocrx_word' id='word_1_183' title='bbox 1926 1966 2018 2019; x_wconf 84' lang='grc' dir='ltr'>τὸν</span> 
     </span>
    </p>
   </div>
   <div class='ocr_carea' id='block_1_27' title="bbox 430 2050 2017 2124">
    <p class='ocr_par' dir='ltr' id='par_1_27' title="bbox 430 2050 2017 2124">
     <span class='ocr_line' id='line_1_27' title="bbox 430 2050 2017 2124; baseline 0.003 -21"><span class='ocrx_word' id='word_1_184' title='bbox 430 2051 677 2122; x_wconf 86' lang='grc' dir='ltr'>Πατέρα,</span> <span class='ocrx_word' id='word_1_185' title='bbox 708 2051 769 2104; x_wconf 81' lang='grc' dir='ltr'>τὸ</span> <span class='ocrx_word' id='word_1_186' title='bbox 801 2051 859 2105; x_wconf 85' lang='grc' dir='ltr'>δὲ</span> <span class='ocrx_word' id='word_1_187' title='bbox 895 2050 1033 2122; x_wconf 84' lang='grc' dir='ltr'>μετὰ</span> <span class='ocrx_word' id='word_1_188' title='bbox 1061 2051 1152 2105; x_wconf 83' lang='grc' dir='ltr'>τὸν</span> <span class='ocrx_word' id='word_1_189' title='bbox 1184 2051 1308 2106; x_wconf 83' lang='grc' dir='ltr'><strong>Υίόν</strong></span> <span class='ocrx_word' id='word_1_190' title='bbox 1337 2052 1662 2124; x_wconf 78' lang='grc' dir='ltr'>ὀνομάζεται</span> <span class='ocrx_word' id='word_1_191' title='bbox 1723 2069 1739 2118; x_wconf 90' lang='lat'><strong>;</strong></span> <span class='ocrx_word' id='word_1_192' title='bbox 1892 2053 2017 2118; x_wconf 88' lang='grc' dir='ltr'><strong>Πῶς</strong></span> 
     </span>
    </p>
   </div>
   <div class='ocr_carea' id='block_1_28' title="bbox 427 2141 2016 2215">
    <p class='ocr_par' dir='ltr' id='par_1_28' title="bbox 427 2141 2016 2215">
     <span class='ocr_line' id='line_1_28' title="bbox 427 2141 2016 2215; baseline 0.003 -21"><span class='ocrx_word' id='word_1_193' title='bbox 427 2141 513 2207; x_wconf 84' lang='grc' dir='ltr'>δὲ,</span> <span class='ocrx_word' id='word_1_194' title='bbox 548 2145 597 2196; x_wconf 84' lang='grc' dir='ltr'><strong>εί</strong></span> <span class='ocrx_word' id='word_1_195' title='bbox 631 2144 693 2196; x_wconf 82' lang='grc' dir='ltr'>ὲκ</span> <span class='ocrx_word' id='word_1_196' title='bbox 722 2142 817 2196; x_wconf 87' lang='grc' dir='ltr'><strong>τοῦ</strong></span> <span class='ocrx_word' id='word_1_197' title='bbox 849 2144 1062 2215; x_wconf 86' lang='grc' dir='ltr'>Πατρός</span> <span class='ocrx_word' id='word_1_198' title='bbox 1083 2146 1251 2207; x_wconf 83' lang='grc' dir='ltr'>ἐστιν,</span> <span class='ocrx_word' id='word_1_199' title='bbox 1284 2145 1343 2197; x_wconf 85' lang='grc' dir='ltr'>οὒ</span> <span class='ocrx_word' id='word_1_200' title='bbox 1381 2144 1597 2213; x_wconf 82' lang='grc' dir='ltr'>λέγεται</span> <span class='ocrx_word' id='word_1_201' title='bbox 1629 2143 1723 2198; x_wconf 78' lang='grc' dir='ltr'>καὶ</span> <span class='ocrx_word' id='word_1_202' title='bbox 1766 2144 1897 2198; x_wconf 72' lang='grc' dir='ltr'>αὐτὸ</span> <span class='ocrx_word' id='word_1_203' title='bbox 1927 2162 2016 2214; x_wconf 83' lang='grc' dir='ltr'>γε·</span> 
     </span>
    </p>
   </div>
   <div class='ocr_carea' id='block_1_29' title="bbox 428 2230 2015 2308">
    <p class='ocr_par' dir='ltr' id='par_1_29' title="bbox 428 2230 2015 2308">
     <span class='ocr_line' id='line_1_29' title="bbox 428 2230 2015 2308; baseline 0.003 -23"><span class='ocrx_word' id='word_1_204' title='bbox 428 2232 727 2304; x_wconf 82' lang='grc' dir='ltr'>γεννῆσθαι</span> <span class='ocrx_word' id='word_1_205' title='bbox 756 2273 772 2298; x_wconf 84' lang='grc'><strong>,</strong></span> <span class='ocrx_word' id='word_1_206' title='bbox 829 2234 863 2306; x_wconf 77' lang='grc' dir='ltr'>ἦ</span> <span class='ocrx_word' id='word_1_207' title='bbox 897 2236 980 2289; x_wconf 84' lang='grc' dir='ltr'>ὅτι</span> <span class='ocrx_word' id='word_1_208' title='bbox 1027 2235 1154 2300; x_wconf 82' lang='grc' dir='ltr'>Υἱός</span> <span class='ocrx_word' id='word_1_209' title='bbox 1184 2236 1352 2302; x_wconf 74' lang='grc' dir='ltr'>ἐστιν,</span> <span class='ocrx_word' id='word_1_210' title='bbox 1407 2236 1520 2290; x_wconf 86' lang='grc' dir='ltr'>ἀλλ’</span> <span class='ocrx_word' id='word_1_211' title='bbox 1555 2230 1741 2300; x_wconf 83' lang='grc' dir='ltr'>ἁπλῶς</span> <span class='ocrx_word' id='word_1_212' title='bbox 1790 2235 2015 2308; x_wconf 79' lang='grc' dir='ltr'>Πνεῦμα</span> 
     </span>
    </p>
   </div>
   <div class='ocr_carea' id='block_1_30' title="bbox 430 2324 2014 2398">
    <p class='ocr_par' dir='ltr' id='par_1_30' title="bbox 430 2324 2014 2398">
     <span class='ocr_line' id='line_1_30' title="bbox 430 2324 2014 2398; baseline 0.001 -20"><span class='ocrx_word' id='word_1_213' title='bbox 430 2324 626 2392; x_wconf 81' lang='grc' dir='ltr'>ἇγιον;</span> <span class='ocrx_word' id='word_1_214' title='bbox 663 2325 725 2378; x_wconf 87' lang='grc' dir='ltr'>Εί</span> <span class='ocrx_word' id='word_1_215' title='bbox 768 2325 823 2378; x_wconf 81' lang='grc' dir='ltr'>δὲ</span> <span class='ocrx_word' id='word_1_216' title='bbox 873 2326 968 2379; x_wconf 92' lang='grc' dir='ltr'><strong>τοῦ</strong></span> <span class='ocrx_word' id='word_1_217' title='bbox 993 2326 1126 2380; x_wconf 81' lang='grc' dir='ltr'>Υίοῦ</span> <span class='ocrx_word' id='word_1_218' title='bbox 1159 2329 1274 2379; x_wconf 80' lang='grc' dir='ltr'>ἐστι</span> <span class='ocrx_word' id='word_1_219' title='bbox 1309 2327 1369 2380; x_wconf 82' lang='grc' dir='ltr'>τὸ</span> <span class='ocrx_word' id='word_1_220' title='bbox 1403 2326 1629 2398; x_wconf 81' lang='grc' dir='ltr'>Πνεῦμα</span> <span class='ocrx_word' id='word_1_221' title='bbox 1691 2366 1706 2390; x_wconf 87' lang='grc'><strong>,</strong></span> <span class='ocrx_word' id='word_1_222' title='bbox 1821 2327 2014 2380; x_wconf 79' lang='grc' dir='ltr'>οὐκοῦν</span> 
     </span>
    </p>
   </div>
   <div class='ocr_carea' id='block_1_31' title="bbox 432 2418 2016 2492">
    <p class='ocr_par' dir='ltr' id='par_1_31' title="bbox 432 2418 2016 2492">
     <span class='ocr_line' id='line_1_31' title="bbox 432 2418 2016 2492; baseline 0.003 -23"><span class='ocrx_word' id='word_1_223' title='bbox 432 2419 661 2481; x_wconf 84' lang='grc' dir='ltr'>πάππος</span> <span class='ocrx_word' id='word_1_224' title='bbox 687 2419 836 2472; x_wconf 68' lang='grc' dir='ltr'>ἐστὶν</span> <span class='ocrx_word' id='word_1_225' title='bbox 870 2421 897 2472; x_wconf 97' lang='lat'><strong>6</strong></span> <span class='ocrx_word' id='word_1_226' title='bbox 926 2418 1118 2490; x_wconf 83' lang='grc' dir='ltr'>Πατὴρ</span> <span class='ocrx_word' id='word_1_227' title='bbox 1140 2420 1235 2472; x_wconf 89' lang='grc' dir='ltr'><strong>τοῦ</strong></span> <span class='ocrx_word' id='word_1_228' title='bbox 1263 2420 1598 2492; x_wconf 79' lang='grc' dir='ltr'>Πνεύματος.</span> <span class='ocrx_word' id='word_1_229' title='bbox 1625 2421 1858 2474; x_wconf 83' lang='grc' dir='ltr'>Τοιαῦτα</span> <span class='ocrx_word' id='word_1_230' title='bbox 1892 2421 2016 2476; x_wconf 89' lang='grc' dir='ltr'>παί-</span> 
     </span>
    </p>
   </div>
   <div class='ocr_carea' id='block_1_32' title="bbox 431 2509 2014 2585">
    <p class='ocr_par' dir='ltr' id='par_1_32' title="bbox 431 2509 2014 2585">
     <span class='ocr_line' id='line_1_32' title="bbox 431 2509 2014 2585; baseline 0.002 -24"><span class='ocrx_word' id='word_1_231' title='bbox 431 2509 622 2573; x_wconf 85' lang='grc' dir='ltr'>ζουσιν</span> <span class='ocrx_word' id='word_1_232' title='bbox 647 2511 696 2562; x_wconf 83' lang='grc' dir='ltr'>οἱ</span> <span class='ocrx_word' id='word_1_233' title='bbox 727 2510 932 2582; x_wconf 81' lang='grc' dir='ltr'>ἄτιμοι,</span> <span class='ocrx_word' id='word_1_234' title='bbox 959 2511 1446 2583; x_wconf 79' lang='grc' dir='ltr'>περιεργαζόμενοι</span> <span class='ocrx_word' id='word_1_235' title='bbox 1467 2513 1559 2566; x_wconf 75' lang='grc' dir='ltr'>καὶ</span> <span class='ocrx_word' id='word_1_236' title='bbox 1591 2512 1833 2578; x_wconf 78' lang='grc' dir='ltr'>Θέλοντες</span> <span class='ocrx_word' id='word_1_237' title='bbox 1857 2514 2014 2585; x_wconf 78' lang='grc' dir='ltr'>ἐρευ-</span> 
     </span>
    </p>
   </div>
   <div class='ocr_carea' id='block_1_33' title="bbox 429 2598 2016 2674">
    <p class='ocr_par' dir='ltr' id='par_1_33' title="bbox 429 2598 2016 2674">
     <span class='ocr_line' id='line_1_33' title="bbox 429 2598 2016 2674; baseline 0.002 -22"><span class='ocrx_word' id='word_1_238' title='bbox 429 2601 532 2671; x_wconf 81' lang='grc' dir='ltr'><strong>νᾷν</strong></span> <span class='ocrx_word' id='word_1_239' title='bbox 563 2600 631 2653; x_wconf 71' lang='grc' dir='ltr'><strong>τὰ</strong></span> <span class='ocrx_word' id='word_1_240' title='bbox 673 2599 810 2671; x_wconf 81' lang='grc' dir='ltr'><strong>βάθη</strong></span> <span class='ocrx_word' id='word_1_241' title='bbox 870 2599 966 2654; x_wconf 91' lang='grc' dir='ltr'><strong>τοῦ</strong></span> <span class='ocrx_word' id='word_1_242' title='bbox 1022 2600 1180 2665; x_wconf 85' lang='grc' dir='ltr'>Θεοῦ,</span> <span class='ocrx_word' id='word_1_243' title='bbox 1215 2601 1250 2655; x_wconf 72' lang='grc' dir='ltr'><strong>ἃ.</strong></span> <span class='ocrx_word' id='word_1_244' title='bbox 1306 2601 1496 2673; x_wconf 74' lang='grc' dir='ltr'>μηδεὶς</span> <span class='ocrx_word' id='word_1_245' title='bbox 1527 2598 1699 2665; x_wconf 79' lang='grc' dir='ltr'>οἶδεν,</span> <span class='ocrx_word' id='word_1_246' title='bbox 1735 2605 1785 2656; x_wconf 86' lang='grc' dir='ltr'><strong>εί</strong></span> <span class='ocrx_word' id='word_1_247' title='bbox 1837 2604 1910 2674; x_wconf 84' lang='grc' dir='ltr'>μὴ</span> <span class='ocrx_word' id='word_1_248' title='bbox 1955 2604 2016 2655; x_wconf 84' lang='grc' dir='ltr'>τὸ</span> 
     </span>
    </p>
   </div>
   <div class='ocr_carea' id='block_1_34' title="bbox 429 2689 2010 2764">
    <p class='ocr_par' dir='ltr' id='par_1_34' title="bbox 429 2689 2010 2764">
     <span class='ocr_line' id='line_1_34' title="bbox 429 2689 2010 2764; baseline 0.003 -18"><span class='ocrx_word' id='word_1_249' title='bbox 429 2689 663 2762; x_wconf 83' lang='grc' dir='ltr'>Πνεῦμα</span> <span class='ocrx_word' id='word_1_250' title='bbox 692 2691 786 2744; x_wconf 90' lang='grc' dir='ltr'><strong>τοῦ</strong></span> <span class='ocrx_word' id='word_1_251' title='bbox 817 2692 953 2745; x_wconf 80' lang='grc' dir='ltr'>Θεοῦ</span> <span class='ocrx_word' id='word_1_252' title='bbox 979 2692 1038 2746; x_wconf 84' lang='grc' dir='ltr'>τὸ</span> <span class='ocrx_word' id='word_1_253' title='bbox 1067 2693 1518 2764; x_wconf 77' lang='grc' dir='ltr'>δυσφημούμενον</span> <span class='ocrx_word' id='word_1_254' title='bbox 1615 2694 1719 2750; x_wconf 75' lang='grc' dir='ltr'>ὑπὸ</span> <span class='ocrx_word' id='word_1_255' title='bbox 1789 2696 2010 2750; x_wconf 84' lang='grc' dir='ltr'>τούτων.</span> 
     </span>
    </p>
   </div>
   <div class='ocr_carea' id='block_1_35' title="bbox 432 2779 2014 2857">
    <p class='ocr_par' dir='ltr' id='par_1_35' title="bbox 432 2779 2014 2857">
     <span class='ocr_line' id='line_1_35' title="bbox 432 2779 2014 2857; baseline 0.003 -23"><span class='ocrx_word' id='word_1_256' title='bbox 432 2781 585 2835; x_wconf 87' lang='grc' dir='ltr'>Ἔδει</span> <span class='ocrx_word' id='word_1_257' title='bbox 621 2783 720 2854; x_wconf 78' lang='grc' dir='ltr'>μὲν</span> <span class='ocrx_word' id='word_1_258' title='bbox 749 2779 842 2836; x_wconf 85' lang='grc' dir='ltr'><strong>οῦν</strong></span> <span class='ocrx_word' id='word_1_259' title='bbox 869 2785 1066 2854; x_wconf 74' lang='grc' dir='ltr'>μηκέτι</span> <span class='ocrx_word' id='word_1_260' title='bbox 1095 2785 1302 2849; x_wconf 75' lang='grc' dir='ltr'>τούτοις</span> <span class='ocrx_word' id='word_1_261' title='bbox 1332 2786 1762 2857; x_wconf 76' lang='grc' dir='ltr'>ἀποκρίνασθαι,</span> <span class='ocrx_word' id='word_1_262' title='bbox 1793 2786 1935 2840; x_wconf 85' lang='grc' dir='ltr'>κατὰ</span> <span class='ocrx_word' id='word_1_263' title='bbox 1957 2785 2014 2839; x_wconf 77' lang='grc' dir='ltr'>δὲ</span> 
     </span>
    </p>
   </div>
   <div class='ocr_carea' id='block_1_36' title="bbox 426 2875 2014 2950">
    <p class='ocr_par' dir='ltr' id='par_1_36' title="bbox 426 2875 2014 2950">
     <span class='ocr_line' id='line_1_36' title="bbox 426 2875 2014 2950; baseline 0.001 -22"><span class='ocrx_word' id='word_1_264' title='bbox 426 2875 530 2945; x_wconf 85' lang='grc' dir='ltr'>τὴν</span> <span class='ocrx_word' id='word_1_265' title='bbox 560 2876 922 2946; x_wconf 80' lang='grc' dir='ltr'>ἀποστολικὴν</span> <span class='ocrx_word' id='word_1_266' title='bbox 954 2877 1352 2947; x_wconf 85' lang='grc' dir='ltr'>παραγγελίαν,</span> <span class='ocrx_word' id='word_1_267' title='bbox 1380 2877 1518 2948; x_wconf 87' lang='grc' dir='ltr'><strong>μετά</strong></span> <span class='ocrx_word' id='word_1_268' title='bbox 1545 2879 1643 2948; x_wconf 85' lang='grc' dir='ltr'>τὴν</span> <span class='ocrx_word' id='word_1_269' title='bbox 1659 2882 1723 2932; x_wconf 83' lang='grc' dir='ltr'>ὲκ</span> <span class='ocrx_word' id='word_1_270' title='bbox 1749 2879 1856 2931; x_wconf 86' lang='grc' dir='ltr'><strong>τῶν</strong></span> <span class='ocrx_word' id='word_1_271' title='bbox 1885 2895 2014 2950; x_wconf 59' lang='grc' dir='ltr'>προ.</span> 
     </span>
    </p>
   </div>
   <div class='ocr_carea' id='block_1_37' title="bbox 427 2967 2012 3043">
    <p class='ocr_par' dir='ltr' id='par_1_37' title="bbox 427 2967 2012 3043">
     <span class='ocr_line' id='line_1_37' title="bbox 427 2967 2012 3043; baseline 0.003 -24"><span class='ocrx_word' id='word_1_272' title='bbox 427 2968 738 3038; x_wconf 84' lang='grc' dir='ltr'>ειρημένων</span> <span class='ocrx_word' id='word_1_273' title='bbox 784 2967 1067 3021; x_wconf 78' lang='grc' dir='ltr'>νουθεσίαν</span> <span class='ocrx_word' id='word_1_274' title='bbox 1113 2969 1188 3033; x_wconf 83' lang='grc' dir='ltr'>ὡς</span> <span class='ocrx_word' id='word_1_275' title='bbox 1235 2969 1546 3038; x_wconf 77' lang='grc' dir='ltr'>αίρετικοὺς</span> <span class='ocrx_word' id='word_1_276' title='bbox 1573 2971 1770 3034; x_wconf 73' lang='grc' dir='ltr'>αὐτοὺς</span> <span class='ocrx_word' id='word_1_277' title='bbox 1813 2989 2012 3043; x_wconf 91' lang='grc' dir='ltr'>παραι-</span> 
     </span>
    </p>
   </div>
   <div class='ocr_carea' id='block_1_38' title="bbox 430 3055 2014 3134">
    <p class='ocr_par' dir='ltr' id='par_1_38' title="bbox 430 3055 2014 3134">
     <span class='ocr_line' id='line_1_38' title="bbox 430 3055 2014 3134; baseline 0.004 -24"><span class='ocrx_word' id='word_1_278' title='bbox 430 3059 680 3119; x_wconf 82' lang='grc' dir='ltr'>τεῖσθαι,</span> <span class='ocrx_word' id='word_1_279' title='bbox 727 3059 759 3130; x_wconf 88' lang='grc' dir='ltr'>ἢ</span> <span class='ocrx_word' id='word_1_280' title='bbox 806 3060 932 3125; x_wconf 79' lang='grc' dir='ltr'>ἄξια</span> <span class='ocrx_word' id='word_1_281' title='bbox 978 3055 1052 3114; x_wconf 82' lang='grc' dir='ltr'>ὧν</span> <span class='ocrx_word' id='word_1_282' title='bbox 1088 3061 1364 3132; x_wconf 78' lang='grc' dir='ltr'>ἐρωτῶσιν</span> <span class='ocrx_word' id='word_1_283' title='bbox 1399 3063 1608 3134; x_wconf 83' lang='grc' dir='ltr'>ἐρωτᾷν</span> <span class='ocrx_word' id='word_1_284' title='bbox 1661 3064 1885 3126; x_wconf 80' lang='grc' dir='ltr'>αὐτοὺς,</span> <span class='ocrx_word' id='word_1_285' title='bbox 1921 3063 2014 3117; x_wconf 78' lang='grc' dir='ltr'>καὶ</span> 
     </span>
    </p>
   </div>
   <div class='ocr_carea' id='block_1_39' title="bbox 420 3151 1540 3224">
    <p class='ocr_par' dir='ltr' id='par_1_39' title="bbox 420 3151 1540 3224">
     <span class='ocr_line' id='line_1_39' title="bbox 420 3151 1540 3224; baseline 0.001 -21"><span class='ocrx_word' id='word_1_286' title='bbox 420 3151 682 3204; x_wconf 83' lang='grc' dir='ltr'>ἀπαιτεῖν</span> <span class='ocrx_word' id='word_1_287' title='bbox 707 3154 836 3222; x_wconf 82' lang='grc' dir='ltr'>παρ’</span> <span class='ocrx_word' id='word_1_288' title='bbox 870 3152 1050 3204; x_wconf 82' lang='grc' dir='ltr'>αὐτῶν</span> <span class='ocrx_word' id='word_1_289' title='bbox 1085 3153 1396 3224; x_wconf 87' lang='grc' dir='ltr'>ἀπόκρισιν,</span> <span class='ocrx_word' id='word_1_290' title='bbox 1423 3153 1540 3206; x_wconf 81' lang='grc' dir='ltr'>οἵαν</span> 
     </span>
    </p>
   </div>
   <div class='ocr_carea' id='block_1_40' title="bbox 420 3242 2014 3315">
    <p class='ocr_par' dir='ltr' id='par_1_40' title="bbox 420 3242 2014 3315">
     <span class='ocr_line' id='line_1_40' title="bbox 420 3242 2014 3315; baseline 0.001 -20"><span class='ocrx_word' id='word_1_291' title='bbox 420 3242 586 3312; x_wconf 76' lang='grc' dir='ltr'>ἡμῶν</span> <span class='ocrx_word' id='word_1_292' title='bbox 625 3243 970 3297; x_wconf 86' lang='grc' dir='ltr'>ἀπαιτοῦσιν.</span> <span class='ocrx_word' id='word_1_293' title='bbox 1003 3244 1330 3297; x_wconf 85' lang='grc' dir='ltr'>Είπάτωσαν</span> <span class='ocrx_word' id='word_1_294' title='bbox 1362 3245 1540 3297; x_wconf 86' lang='grc' dir='ltr'>τοίνυν</span> <span class='ocrx_word' id='word_1_295' title='bbox 1563 3262 1576 3274; x_wconf 93' lang='grc'><strong>·</strong></span> <span class='ocrx_word' id='word_1_296' title='bbox 1601 3245 1649 3296; x_wconf 86' lang='grc' dir='ltr'>εἰ</span> <span class='ocrx_word' id='word_1_297' title='bbox 1680 3246 1708 3297; x_wconf 83' lang='lat'><strong>6</strong></span> <span class='ocrx_word' id='word_1_298' title='bbox 1731 3245 1920 3315; x_wconf 79' lang='grc' dir='ltr'>Πατὴρ</span> <span class='ocrx_word' id='word_1_299' title='bbox 1951 3246 2014 3296; x_wconf 82' lang='grc' dir='ltr'>ὲκ</span> 
     </span>
    </p>
   </div>
   <div class='ocr_carea' id='block_1_41' title="bbox 417 3332 2015 3406">
    <p class='ocr_par' dir='ltr' id='par_1_41' title="bbox 417 3332 2015 3406">
     <span class='ocr_line' id='line_1_41' title="bbox 417 3332 2015 3406; baseline 0.001 -20"><span class='ocrx_word' id='word_1_300' title='bbox 417 3332 632 3404; x_wconf 79' lang='grc' dir='ltr'>πατρός</span> <span class='ocrx_word' id='word_1_301' title='bbox 660 3337 806 3398; x_wconf 82' lang='grc' dir='ltr'>ἐστι,</span> <span class='ocrx_word' id='word_1_302' title='bbox 838 3335 934 3387; x_wconf 80' lang='grc' dir='ltr'>καὶ</span> <span class='ocrx_word' id='word_1_303' title='bbox 959 3337 1008 3388; x_wconf 83' lang='grc' dir='ltr'><strong>εί</strong></span> <span class='ocrx_word' id='word_1_304' title='bbox 1035 3335 1196 3399; x_wconf 79' lang='grc' dir='ltr'>ἄλλος</span> <span class='ocrx_word' id='word_1_305' title='bbox 1224 3337 1322 3389; x_wconf 80' lang='grc' dir='ltr'>σὺν</span> <span class='ocrx_word' id='word_1_306' title='bbox 1351 3335 1499 3405; x_wconf 81' lang='grc' dir='ltr'>αύτῷ</span> <span class='ocrx_word' id='word_1_307' title='bbox 1519 3336 1841 3406; x_wconf 85' lang='grc' dir='ltr'>γεγέννηται</span> <span class='ocrx_word' id='word_1_308' title='bbox 1866 3376 1880 3400; x_wconf 95' lang='grc'><strong>,</strong></span> <span class='ocrx_word' id='word_1_309' title='bbox 1920 3335 2015 3389; x_wconf 85' lang='grc' dir='ltr'><strong>καί</strong></span> 
     </span>
    </p>
   </div>
   <div class='ocr_carea' id='block_1_42' title="bbox 416 3423 2012 3495">
    <p class='ocr_par' dir='ltr' id='par_1_42' title="bbox 416 3423 2012 3495">
     <span class='ocr_line' id='line_1_42' title="bbox 416 3423 2012 3495; baseline 0 -19"><span class='ocrx_word' id='word_1_310' title='bbox 416 3425 563 3476; x_wconf 86' lang='grc' dir='ltr'>εἰσιν</span> <span class='ocrx_word' id='word_1_311' title='bbox 595 3423 814 3492; x_wconf 76' lang='grc' dir='ltr'>ἀδελφοὶ</span> <span class='ocrx_word' id='word_1_312' title='bbox 844 3424 902 3490; x_wconf 69' lang='grc' dir='ltr'>ἐξ</span> <span class='ocrx_word' id='word_1_313' title='bbox 936 3425 1073 3488; x_wconf 80' lang='grc' dir='ltr'>ἑνὸς,</span> <span class='ocrx_word' id='word_1_314' title='bbox 1107 3426 1202 3478; x_wconf 75' lang='grc' dir='ltr'>καὶ</span> <span class='ocrx_word' id='word_1_315' title='bbox 1227 3425 1278 3477; x_wconf 85' lang='grc' dir='ltr'><strong>τί</strong></span> <span class='ocrx_word' id='word_1_316' title='bbox 1308 3425 1478 3495; x_wconf 71' lang='grc' dir='ltr'>ὄνομα</span> <span class='ocrx_word' id='word_1_317' title='bbox 1511 3426 1693 3488; x_wconf 80' lang='grc' dir='ltr'>αὐτοῖς</span> <span class='ocrx_word' id='word_1_318' title='bbox 1739 3461 1756 3486; x_wconf 86' lang='grc'><strong>,</strong></span> <span class='ocrx_word' id='word_1_319' title='bbox 1916 3424 2012 3478; x_wconf 69' lang='grc' dir='ltr'>καὶ</span> 
     </span>
    </p>
   </div>
   <div class='ocr_carea' id='block_1_43' title="bbox 415 3511 2012 3584">
    <p class='ocr_par' dir='ltr' id='par_1_43' title="bbox 415 3511 2012 3584">
     <span class='ocr_line' id='line_1_43' title="bbox 415 3511 2012 3584; baseline -0.001 -18"><span class='ocrx_word' id='word_1_320' title='bbox 415 3513 511 3576; x_wconf 83' lang='grc' dir='ltr'><strong>τίς</strong></span> <span class='ocrx_word' id='word_1_321' title='bbox 539 3515 566 3565; x_wconf 90' lang='lat'><strong>6</strong></span> <span class='ocrx_word' id='word_1_322' title='bbox 613 3515 708 3566; x_wconf 75' lang='grc' dir='ltr'>καὶ</span> <span class='ocrx_word' id='word_1_323' title='bbox 746 3512 952 3566; x_wconf 88' lang='grc' dir='ltr'>τούτων</span> <span class='ocrx_word' id='word_1_324' title='bbox 998 3514 1188 3584; x_wconf 83' lang='grc' dir='ltr'>Πατὴρ</span> <span class='ocrx_word' id='word_1_325' title='bbox 1224 3515 1320 3566; x_wconf 76' lang='grc' dir='ltr'>καὶ</span> <span class='ocrx_word' id='word_1_326' title='bbox 1372 3514 1630 3576; x_wconf 82' lang='grc' dir='ltr'>πάππος,</span> <span class='ocrx_word' id='word_1_327' title='bbox 1665 3511 1934 3566; x_wconf 86' lang='grc' dir='ltr'>κάκείνων</span> <span class='ocrx_word' id='word_1_328' title='bbox 1961 3513 2012 3565; x_wconf 88' lang='grc' dir='ltr'><strong>οί</strong></span> 
     </span>
    </p>
   </div>
   <div class='ocr_carea' id='block_1_44' title="bbox 418 3599 2012 3674">
    <p class='ocr_par' dir='ltr' id='par_1_44' title="bbox 418 3599 2012 3674">
     <span class='ocr_line' id='line_1_44' title="bbox 418 3599 2012 3674; baseline -0.001 -18"><span class='ocrx_word' id='word_1_329' title='bbox 418 3603 719 3674; x_wconf 88' lang='grc' dir='ltr'>πρόγονοι;</span> <span class='ocrx_word' id='word_1_330' title='bbox 764 3604 903 3656; x_wconf 83' lang='grc' dir='ltr'>Ἀλλ’</span> <span class='ocrx_word' id='word_1_331' title='bbox 932 3604 1032 3656; x_wconf 86' lang='grc' dir='ltr'><strong>ούκ</strong></span> <span class='ocrx_word' id='word_1_332' title='bbox 1061 3599 1201 3656; x_wconf 75' lang='grc' dir='ltr'>εἶναι</span> <span class='ocrx_word' id='word_1_333' title='bbox 1231 3605 1485 3674; x_wconf 84' lang='grc' dir='ltr'>φήσουσι.</span> <span class='ocrx_word' id='word_1_334' title='bbox 1510 3602 1634 3666; x_wconf 84' lang='grc' dir='ltr'><strong>Πῶς</strong></span> <span class='ocrx_word' id='word_1_335' title='bbox 1676 3599 1769 3657; x_wconf 78' lang='grc' dir='ltr'>οὖν</span> <span class='ocrx_word' id='word_1_336' title='bbox 1799 3602 2012 3674; x_wconf 80' lang='grc' dir='ltr'>Πατὴρ,</span> 
     </span>
    </p>
   </div>
   <div class='ocr_carea' id='block_1_45' title="bbox 417 3691 2013 3764">
    <p class='ocr_par' dir='ltr' id='par_1_45' title="bbox 417 3691 2013 3764">
     <span class='ocr_line' id='line_1_45' title="bbox 417 3691 2013 3764; baseline 0 -19"><span class='ocrx_word' id='word_1_337' title='bbox 417 3691 756 3758; x_wconf 79' lang='grc' dir='ltr'>λεγέτωσαν,</span> <span class='ocrx_word' id='word_1_338' title='bbox 792 3692 958 3756; x_wconf 80' lang='grc' dir='ltr'>αὐτὸς</span> <span class='ocrx_word' id='word_1_339' title='bbox 993 3693 1066 3764; x_wconf 80' lang='grc' dir='ltr'>μὴ</span> <span class='ocrx_word' id='word_1_340' title='bbox 1100 3692 1391 3764; x_wconf 85' lang='grc' dir='ltr'>γενόμενος</span> <span class='ocrx_word' id='word_1_341' title='bbox 1559 3695 1624 3746; x_wconf 79' lang='grc' dir='ltr'>ὲκ</span> <span class='ocrx_word' id='word_1_342' title='bbox 1659 3692 1906 3763; x_wconf 85' lang='grc' dir='ltr'>Πατρός;</span> <span class='ocrx_word' id='word_1_343' title='bbox 1943 3693 2013 3745; x_wconf 86' lang='grc' dir='ltr'><strong><em>Ἢ</em></strong></span> 
     </span>
    </p>
   </div>
   <div class='ocr_carea' id='block_1_46' title="bbox 417 3781 2014 3855">
    <p class='ocr_par' dir='ltr' id='par_1_46' title="bbox 417 3781 2014 3855">
     <span class='ocr_line' id='line_1_46' title="bbox 417 3781 2014 3855; baseline -0.001 -18"><span class='ocrx_word' id='word_1_344' title='bbox 417 3784 547 3846; x_wconf 88' lang='grc' dir='ltr'><strong>πῶς</strong></span> <span class='ocrx_word' id='word_1_345' title='bbox 588 3783 826 3855; x_wconf 80' lang='grc' dir='ltr'>ἠδυνήθη</span> <span class='ocrx_word' id='word_1_346' title='bbox 863 3783 990 3837; x_wconf 82' lang='grc' dir='ltr'>Υίὸν</span> <span class='ocrx_word' id='word_1_347' title='bbox 1021 3784 1200 3855; x_wconf 76' lang='grc' dir='ltr'>ἔχειν,</span> <span class='ocrx_word' id='word_1_348' title='bbox 1235 3785 1311 3854; x_wconf 86' lang='grc' dir='ltr'>μὴ</span> <span class='ocrx_word' id='word_1_349' title='bbox 1363 3783 1628 3853; x_wconf 86' lang='grc' dir='ltr'>πρότερον</span> <span class='ocrx_word' id='word_1_350' title='bbox 1671 3783 1834 3847; x_wconf 81' lang='grc' dir='ltr'>αὐτὸς</span> <span class='ocrx_word' id='word_1_351' title='bbox 1884 3781 2014 3845; x_wconf 75' lang='grc' dir='ltr'><strong>Υἱὸς</strong></span> 
     </span>
    </p>
   </div>
   <div class='ocr_carea' id='block_1_47' title="bbox 415 3869 2011 3945">
    <p class='ocr_par' dir='ltr' id='par_1_47' title="bbox 415 3869 2011 3945">
     <span class='ocr_line' id='line_1_47' title="bbox 415 3869 2011 3945; baseline 0.001 -21"><span class='ocrx_word' id='word_1_352' title='bbox 415 3872 706 3944; x_wconf 79' lang='grc' dir='ltr'>γεννηθείς</span> <span class='ocrx_word' id='word_1_353' title='bbox 725 3890 742 3937; x_wconf 89' lang='grc'>;</span> <span class='ocrx_word' id='word_1_354' title='bbox 759 3869 909 3937; x_wconf 82' lang='grc' dir='ltr'>Οἶδα,</span> <span class='ocrx_word' id='word_1_355' title='bbox 930 3875 1013 3926; x_wconf 83' lang='grc' dir='ltr'>ὅτι</span> <span class='ocrx_word' id='word_1_356' title='bbox 1030 3874 1233 3944; x_wconf 80' lang='grc' dir='ltr'>ἀσεϐὴς</span> <span class='ocrx_word' id='word_1_357' title='bbox 1258 3875 1289 3945; x_wconf 90' lang='grc' dir='ltr'><strong>ή</strong></span> <span class='ocrx_word' id='word_1_358' title='bbox 1309 3871 1578 3944; x_wconf 72' lang='grc' dir='ltr'>ἐρώτησις</span> <span class='ocrx_word' id='word_1_359' title='bbox 1603 3889 1616 3902; x_wconf 90' lang='grc'><strong>·</strong></span> <span class='ocrx_word' id='word_1_360' title='bbox 1636 3873 1772 3927; x_wconf 87' lang='grc' dir='ltr'><strong>ἀλλά</strong></span> <span class='ocrx_word' id='word_1_361' title='bbox 1791 3871 2011 3926; x_wconf 87' lang='grc' dir='ltr'>τοιαῦτα</span> 
     </span>
    </p>
   </div>
   <div class='ocr_carea' id='block_1_48' title="bbox 416 3959 2014 4029">
    <p class='ocr_par' dir='ltr' id='par_1_48' title="bbox 416 3959 2014 4029">
     <span class='ocr_line' id='line_1_48' title="bbox 416 3959 2014 4029; baseline -0.002 -14"><span class='ocrx_word' id='word_1_362' title='bbox 416 3961 717 4026; x_wconf 76' lang='grc' dir='ltr'>παίζοντας</span> <span class='ocrx_word' id='word_1_363' title='bbox 769 3963 967 4026; x_wconf 80' lang='grc' dir='ltr'>αὐτοὺς</span> <span class='ocrx_word' id='word_1_364' title='bbox 1018 3961 1232 4026; x_wconf 76' lang='grc' dir='ltr'>παίζειν</span> <span class='ocrx_word' id='word_1_365' title='bbox 1280 3962 1510 4025; x_wconf 86' lang='grc' dir='ltr'>δίκαιον,</span> <span class='ocrx_word' id='word_1_366' title='bbox 1557 3961 1644 4014; x_wconf 87' lang='grc' dir='ltr'>ἵνα</span> <span class='ocrx_word' id='word_1_367' title='bbox 1692 3959 1793 4014; x_wconf 82' lang='grc' dir='ltr'>κᾶν</span> <span class='ocrx_word' id='word_1_368' title='bbox 1823 3962 1891 4012; x_wconf 84' lang='grc' dir='ltr'>ὲκ</span> <span class='ocrx_word' id='word_1_369' title='bbox 1916 3959 2014 4029; x_wconf 71' lang='grc' dir='ltr'>τῆς</span> 
     </span>
    </p>
   </div>
   <div class='ocr_carea' id='block_1_49' title="bbox 414 4047 2013 4125">
    <p class='ocr_par' dir='ltr' id='par_1_49' title="bbox 414 4047 2013 4125">
     <span class='ocr_line' id='line_1_49' title="bbox 414 4047 2013 4125; baseline -0.003 -18"><span class='ocrx_word' id='word_1_370' title='bbox 414 4053 678 4125; x_wconf 76' lang='grc' dir='ltr'>τοιαύτης</span> <span class='ocrx_word' id='word_1_371' title='bbox 696 4054 926 4117; x_wconf 85' lang='grc' dir='ltr'>ἀτοπίας</span> <span class='ocrx_word' id='word_1_372' title='bbox 949 4054 1043 4106; x_wconf 79' lang='grc' dir='ltr'>καὶ</span> <span class='ocrx_word' id='word_1_373' title='bbox 1059 4051 1291 4115; x_wconf 78' lang='grc' dir='ltr'>ἀσεϐοῦς</span> <span class='ocrx_word' id='word_1_374' title='bbox 1315 4052 1638 4122; x_wconf 79' lang='grc' dir='ltr'>ἐρωτήσεως</span> <span class='ocrx_word' id='word_1_375' title='bbox 1660 4047 2013 4103; x_wconf 76' lang='grc' dir='ltr'>αἰσθάνεσθαι</span> 
     </span>
    </p>
   </div>
   <div class='ocr_carea' id='block_1_50' title="bbox 412 4139 2012 4216">
    <p class='ocr_par' dir='ltr' id='par_1_50' title="bbox 412 4139 2012 4216">
     <span class='ocr_line' id='line_1_50' title="bbox 412 4139 2012 4216; baseline -0.004 -18"><span class='ocrx_word' id='word_1_376' title='bbox 412 4146 520 4215; x_wconf 83' lang='grc' dir='ltr'>τῆς</span> <span class='ocrx_word' id='word_1_377' title='bbox 555 4145 688 4208; x_wconf 83' lang='grc' dir='ltr'>ἰδίας</span> <span class='ocrx_word' id='word_1_378' title='bbox 727 4144 1039 4216; x_wconf 72' lang='grc' dir='ltr'>ἀφροσύνης</span> <span class='ocrx_word' id='word_1_379' title='bbox 1073 4143 1359 4198; x_wconf 80' lang='grc' dir='ltr'>δύνωνται.</span> <span class='ocrx_word' id='word_1_380' title='bbox 1401 4143 1516 4196; x_wconf 87' lang='grc' dir='ltr'><strong>Ούκ</strong></span> <span class='ocrx_word' id='word_1_381' title='bbox 1539 4141 1655 4194; x_wconf 77' lang='grc' dir='ltr'>ἔστι</span> <span class='ocrx_word' id='word_1_382' title='bbox 1688 4141 1797 4212; x_wconf 84' lang='grc' dir='ltr'><strong>γὰρ</strong></span> <span class='ocrx_word' id='word_1_383' title='bbox 1819 4139 2012 4194; x_wconf 87' lang='grc' dir='ltr'>ταῦτα·</span> 
     </span>
    </p>
   </div>
   <div class='ocr_carea' id='block_1_51' title="bbox 422 4233 2014 4309">
    <p class='ocr_par' dir='ltr' id='par_1_51' title="bbox 422 4233 2014 4309">
     <span class='ocr_line' id='line_1_51' title="bbox 422 4233 2014 4309; baseline -0.003 -20"><span class='ocrx_word' id='word_1_384' title='bbox 422 4235 505 4309; x_wconf 80' lang='grc' dir='ltr'>μὴ</span> <span class='ocrx_word' id='word_1_385' title='bbox 531 4235 774 4304; x_wconf 74' lang='grc' dir='ltr'>γένοιτοί</span> <span class='ocrx_word' id='word_1_386' title='bbox 817 4235 924 4289; x_wconf 76' lang='grc' dir='ltr'>οὐδ’</span> <span class='ocrx_word' id='word_1_387' title='bbox 974 4234 1149 4298; x_wconf 79' lang='grc' dir='ltr'>οὕτως</span> <span class='ocrx_word' id='word_1_388' title='bbox 1199 4235 1409 4305; x_wconf 76' lang='grc' dir='ltr'>ἐρωτᾷν</span> <span class='ocrx_word' id='word_1_389' title='bbox 1462 4234 1592 4306; x_wconf 76' lang='grc' dir='ltr'>περὶ</span> <span class='ocrx_word' id='word_1_390' title='bbox 1632 4233 1733 4302; x_wconf 80' lang='grc' dir='ltr'>τῆς</span> <span class='ocrx_word' id='word_1_391' title='bbox 1762 4233 2014 4303; x_wconf 84' lang='grc' dir='ltr'>Θεότητος</span> 
     </span>
    </p>
   </div>
   <div class='ocr_carea' id='block_1_52' title="bbox 414 4322 2014 4400">
    <p class='ocr_par' dir='ltr' id='par_1_52' title="bbox 414 4322 2014 4400">
     <span class='ocr_line' id='line_1_52' title="bbox 414 4322 2014 4400; baseline -0.004 -18"><span class='ocrx_word' id='word_1_392' title='bbox 414 4329 640 4400; x_wconf 79' lang='grc' dir='ltr'>πρέπει.</span> <span class='ocrx_word' id='word_1_393' title='bbox 671 4328 783 4382; x_wconf 86' lang='grc' dir='ltr'><strong>Ούκ</strong></span> <span class='ocrx_word' id='word_1_394' title='bbox 815 4327 930 4380; x_wconf 77' lang='grc' dir='ltr'>ἔστι</span> <span class='ocrx_word' id='word_1_395' title='bbox 954 4327 1064 4399; x_wconf 72' lang='grc' dir='ltr'><strong>γὰρ</strong></span> <span class='ocrx_word' id='word_1_396' title='bbox 1099 4327 1176 4390; x_wconf 82' lang='grc' dir='ltr'>ὡς</span> <span class='ocrx_word' id='word_1_397' title='bbox 1223 4325 1509 4398; x_wconf 81' lang='grc' dir='ltr'>ἄνθρωπος</span> <span class='ocrx_word' id='word_1_398' title='bbox 1552 4327 1580 4379; x_wconf 89' lang='lat'><strong>6</strong></span> <span class='ocrx_word' id='word_1_399' title='bbox 1620 4325 1774 4390; x_wconf 85' lang='grc' dir='ltr'>Θεὸς,</span> <span class='ocrx_word' id='word_1_400' title='bbox 1812 4324 1900 4377; x_wconf 85' lang='grc' dir='ltr'>ἵνα</span> <span class='ocrx_word' id='word_1_401' title='bbox 1921 4322 2014 4376; x_wconf 84' lang='grc' dir='ltr'>καὶ</span> 
     </span>
    </p>
   </div>
   <div class='ocr_carea' id='block_1_53' title="bbox 418 4417 1731 4493">
    <p class='ocr_par' dir='ltr' id='par_1_53' title="bbox 418 4417 1731 4493">
     <span class='ocr_line' id='line_1_53' title="bbox 418 4417 1731 4493; baseline -0.003 -18"><span class='ocrx_word' id='word_1_402' title='bbox 418 4420 744 4493; x_wconf 79' lang='grc' dir='ltr'>ἀνθρώπινα</span> <span class='ocrx_word' id='word_1_403' title='bbox 767 4420 897 4491; x_wconf 82' lang='grc' dir='ltr'>περὶ</span> <span class='ocrx_word' id='word_1_404' title='bbox 926 4418 1092 4473; x_wconf 79' lang='grc' dir='ltr'>αὐτοῦ</span> <span class='ocrx_word' id='word_1_405' title='bbox 1115 4435 1200 4481; x_wconf 89' lang='grc' dir='ltr'><strong>τις</strong></span> <span class='ocrx_word' id='word_1_406' title='bbox 1228 4417 1474 4490; x_wconf 72' lang='grc' dir='ltr'>τολμήσῃ</span> <span class='ocrx_word' id='word_1_407' title='bbox 1502 4417 1731 4489; x_wconf 74' lang='grc' dir='ltr'>ἐρωτᾷν.</span> 
     </span>
    </p>
   </div>
   <div class='ocr_carea' id='block_1_54' title="bbox 636 4659 2010 4754">
    <p class='ocr_par' dir='ltr' id='par_1_54' title="bbox 636 4675 2010 4754">
     <span class='ocr_line' id='line_1_54' title="bbox 636 4675 2010 4754; baseline -0.004 -18"><span class='ocrx_word' id='word_1_408' title='bbox 636 4679 859 4754; x_wconf 81' lang='grc' dir='ltr'>Σιωπᾷν</span> <span class='ocrx_word' id='word_1_409' title='bbox 902 4681 1001 4753; x_wconf 79' lang='grc' dir='ltr'>μὲν</span> <span class='ocrx_word' id='word_1_410' title='bbox 1035 4675 1158 4745; x_wconf 83' lang='grc' dir='ltr'>οὖν,</span> <span class='ocrx_word' id='word_1_411' title='bbox 1206 4680 1281 4744; x_wconf 84' lang='grc' dir='ltr'>ὡς</span> <span class='ocrx_word' id='word_1_412' title='bbox 1316 4680 1606 4751; x_wconf 87' lang='grc' dir='ltr'>προεῖπον,</span> <span class='ocrx_word' id='word_1_413' title='bbox 1642 4677 1735 4730; x_wconf 75' lang='grc' dir='ltr'><strong>ἐπὶ</strong></span> <span class='ocrx_word' id='word_1_414' title='bbox 1777 4675 2010 4742; x_wconf 83' lang='grc' dir='ltr'>τούτοις,</span> 
     </span>
    </p>
   </div>
   <div class='ocr_carea' id='block_1_55' title="bbox 416 4769 2012 4848">
    <p class='ocr_par' dir='ltr' id='par_1_55' title="bbox 416 4769 2012 4848">
     <span class='ocr_line' id='line_1_55' title="bbox 416 4769 2012 4848; baseline -0.005 -16"><span class='ocrx_word' id='word_1_415' title='bbox 416 4775 520 4832; x_wconf 66' lang='grc' dir='ltr'><strong>καὶ</strong></span> <span class='ocrx_word' id='word_1_416' title='bbox 558 4776 633 4848; x_wconf 81' lang='grc' dir='ltr'>μὴ</span> <span class='ocrx_word' id='word_1_417' title='bbox 678 4775 1088 4847; x_wconf 79' lang='grc' dir='ltr'>προσποιεῖσθαι</span> <span class='ocrx_word' id='word_1_418' title='bbox 1130 4775 1257 4837; x_wconf 78' lang='grc' dir='ltr'>τοὺς</span> <span class='ocrx_word' id='word_1_419' title='bbox 1297 4771 1576 4836; x_wconf 89' lang='grc' dir='ltr'>τοιούτους</span> <span class='ocrx_word' id='word_1_420' title='bbox 1623 4771 1768 4824; x_wconf 75' lang='grc' dir='ltr'>ἔδει·</span> <span class='ocrx_word' id='word_1_421' title='bbox 1824 4770 1912 4824; x_wconf 85' lang='grc' dir='ltr'>ἵνα</span> <span class='ocrx_word' id='word_1_422' title='bbox 1954 4769 2012 4824; x_wconf 66' lang='grc' dir='ltr'>δὲ</span> 
     </span>
    </p>
   </div>
   <div class='ocr_carea' id='block_1_56' title="bbox 425 4865 2012 4940">
    <p class='ocr_par' dir='ltr' id='par_1_56' title="bbox 425 4865 2012 4940">
     <span class='ocr_line' id='line_1_56' title="bbox 425 4865 2012 4940; baseline -0.003 -19"><span class='ocrx_word' id='word_1_423' title='bbox 425 4870 506 4940; x_wconf 82' lang='grc' dir='ltr'>μὴ</span> <span class='ocrx_word' id='word_1_424' title='bbox 552 4869 586 4938; x_wconf 89' lang='grc' dir='ltr'><strong>ή</strong></span> <span class='ocrx_word' id='word_1_425' title='bbox 637 4868 791 4939; x_wconf 75' lang='grc' dir='ltr'>ἡμῶν</span> <span class='ocrx_word' id='word_1_426' title='bbox 845 4868 1024 4939; x_wconf 82' lang='grc' dir='ltr'>σιωπὴ</span> <span class='ocrx_word' id='word_1_427' title='bbox 1080 4867 1350 4938; x_wconf 77' lang='grc' dir='ltr'>πρόφασιν</span> <span class='ocrx_word' id='word_1_428' title='bbox 1401 4865 1780 4936; x_wconf 88' lang='grc' dir='ltr'>ἀναισχυντίας</span> <span class='ocrx_word' id='word_1_429' title='bbox 1831 4865 2012 4928; x_wconf 82' lang='grc' dir='ltr'>αὐτοῖς</span> 
     </span>
    </p>
   </div>
   <div class='ocr_carea' id='block_1_57' title="bbox 423 4953 2010 5032">
    <p class='ocr_par' dir='ltr' id='par_1_57' title="bbox 423 4953 2010 5032">
     <span class='ocr_line' id='line_1_57' title="bbox 423 4953 2010 5032; baseline -0.003 -19"><span class='ocrx_word' id='word_1_430' title='bbox 423 4962 729 5032; x_wconf 77' lang='grc' dir='ltr'>ἐμποιήσῃ,</span> <span class='ocrx_word' id='word_1_431' title='bbox 778 4958 1126 5013; x_wconf 86' lang='grc' dir='ltr'>ἀκουέτωσαν</span> <span class='ocrx_word' id='word_1_432' title='bbox 1154 4975 1168 4989; x_wconf 78' lang='grc'><em>’</em></span> <span class='ocrx_word' id='word_1_433' title='bbox 1205 4957 1416 5029; x_wconf 78' lang='grc' dir='ltr'>Ὥσπερ</span> <span class='ocrx_word' id='word_1_434' title='bbox 1465 4957 1564 5009; x_wconf 77' lang='grc' dir='ltr'>οὐκ</span> <span class='ocrx_word' id='word_1_435' title='bbox 1604 4954 1749 5009; x_wconf 77' lang='grc' dir='ltr'>ἔστιν</span> <span class='ocrx_word' id='word_1_436' title='bbox 1785 4955 1876 5007; x_wconf 72' lang='grc' dir='ltr'><strong>ἐπὶ</strong></span> <span class='ocrx_word' id='word_1_437' title='bbox 1917 4953 2010 5008; x_wconf 88' lang='grc' dir='ltr'><strong>τοῦ</strong></span> 
     </span>
    </p>
   </div>
   <div class='ocr_carea' id='block_1_58' title="bbox 424 5044 2010 5122">
    <p class='ocr_par' dir='ltr' id='par_1_58' title="bbox 424 5044 2010 5122">
     <span class='ocr_line' id='line_1_58' title="bbox 424 5044 2010 5122; baseline -0.004 -17"><span class='ocrx_word' id='word_1_438' title='bbox 424 5050 645 5120; x_wconf 79' lang='grc' dir='ltr'>Πατρὸς</span> <span class='ocrx_word' id='word_1_439' title='bbox 683 5053 858 5104; x_wconf 79' lang='grc' dir='ltr'>εἰπεῖν</span> <span class='ocrx_word' id='word_1_440' title='bbox 893 5051 1147 5122; x_wconf 85' lang='grc' dir='ltr'>πατέρα,</span> <span class='ocrx_word' id='word_1_441' title='bbox 1203 5048 1377 5112; x_wconf 75' lang='grc' dir='ltr'>οὕτως</span> <span class='ocrx_word' id='word_1_442' title='bbox 1431 5049 1531 5101; x_wconf 80' lang='grc' dir='ltr'>οὐκ</span> <span class='ocrx_word' id='word_1_443' title='bbox 1579 5047 1723 5100; x_wconf 65' lang='grc' dir='ltr'>ἔστιν</span> <span class='ocrx_word' id='word_1_444' title='bbox 1776 5047 1869 5100; x_wconf 73' lang='grc' dir='ltr'><strong>ἐπὶ</strong></span> <span class='ocrx_word' id='word_1_445' title='bbox 1917 5044 2010 5098; x_wconf 90' lang='grc' dir='ltr'><strong>τοῦ</strong></span> 
     </span>
    </p>
   </div>
   <div class='ocr_carea' id='block_1_59' title="bbox 423 5137 2012 5212">
    <p class='ocr_par' dir='ltr' id='par_1_59' title="bbox 423 5137 2012 5212">
     <span class='ocr_line' id='line_1_59' title="bbox 423 5137 2012 5212; baseline -0.002 -18"><span class='ocrx_word' id='word_1_446' title='bbox 423 5140 563 5194; x_wconf 82' lang='grc' dir='ltr'>Υίοῦ</span> <span class='ocrx_word' id='word_1_447' title='bbox 598 5142 770 5194; x_wconf 72' lang='grc' dir='ltr'>εἰπεῖν</span> <span class='ocrx_word' id='word_1_448' title='bbox 819 5141 1066 5210; x_wconf 68' lang='grc' dir='ltr'>ἀδελφόν.</span> <span class='ocrx_word' id='word_1_449' title='bbox 1104 5139 1212 5193; x_wconf 91' lang='grc' dir='ltr'><strong>Τοῦ</strong></span> <span class='ocrx_word' id='word_1_450' title='bbox 1267 5140 1367 5211; x_wconf 82' lang='grc' dir='ltr'>μὲν</span> <span class='ocrx_word' id='word_1_451' title='bbox 1396 5140 1504 5212; x_wconf 84' lang='grc' dir='ltr'>γὰρ</span> <span class='ocrx_word' id='word_1_452' title='bbox 1536 5139 1768 5210; x_wconf 83' lang='grc' dir='ltr'>Πατρὸς,</span> <span class='ocrx_word' id='word_1_453' title='bbox 1802 5138 1877 5201; x_wconf 85' lang='grc' dir='ltr'>ὡς</span> <span class='ocrx_word' id='word_1_454' title='bbox 1917 5137 2012 5208; x_wconf 83' lang='grc' dir='ltr'>γέ-</span> 
     </span>
    </p>
   </div>
   <div class='ocr_carea' id='block_1_60' title="bbox 422 5229 2012 5306">
    <p class='ocr_par' dir='ltr' id='par_1_60' title="bbox 422 5229 2012 5306">
     <span class='ocr_line' id='line_1_60' title="bbox 422 5229 2012 5306; baseline -0.001 -21"><span class='ocrx_word' id='word_1_455' title='bbox 422 5249 674 5302; x_wconf 81' lang='grc' dir='ltr'>γραπται</span> <span class='ocrx_word' id='word_1_456' title='bbox 713 5233 1042 5306; x_wconf 77' lang='grc' dir='ltr'>ἔμπροσθεν,</span> <span class='ocrx_word' id='word_1_457' title='bbox 1070 5233 1228 5297; x_wconf 78' lang='grc' dir='ltr'>ἄλλος</span> <span class='ocrx_word' id='word_1_458' title='bbox 1257 5232 1390 5296; x_wconf 82' lang='grc' dir='ltr'>Θεὸς</span> <span class='ocrx_word' id='word_1_459' title='bbox 1426 5234 1487 5284; x_wconf 82' lang='grc' dir='ltr'><strong>ού</strong></span> <span class='ocrx_word' id='word_1_460' title='bbox 1517 5231 1740 5301; x_wconf 83' lang='grc' dir='ltr'>γέγονεν</span> <span class='ocrx_word' id='word_1_461' title='bbox 1764 5249 1778 5261; x_wconf 76' lang='grc' dir='ltr'><strong>ο</strong></span> <span class='ocrx_word' id='word_1_462' title='bbox 1799 5230 1928 5294; x_wconf 83' lang='grc' dir='ltr'><strong>Υἱὸς</strong></span> <span class='ocrx_word' id='word_1_463' title='bbox 1956 5229 2012 5284; x_wconf 82' lang='grc' dir='ltr'>δὲ</span> 
     </span>
    </p>
   </div>
   <div class='ocr_carea' id='block_1_61' title="bbox 425 5319 2011 5396">
    <p class='ocr_par' dir='ltr' id='par_1_61' title="bbox 425 5319 2011 5396">
     <span class='ocr_line' id='line_1_61' title="bbox 425 5319 2011 5396; baseline -0.003 -19"><span class='ocrx_word' id='word_1_464' title='bbox 425 5324 530 5377; x_wconf 81' lang='grc' dir='ltr'>οὐκ</span> <span class='ocrx_word' id='word_1_465' title='bbox 572 5323 719 5377; x_wconf 78' lang='grc' dir='ltr'>ἔστιν</span> <span class='ocrx_word' id='word_1_466' title='bbox 755 5324 912 5389; x_wconf 79' lang='grc' dir='ltr'>ἄλλος</span> <span class='ocrx_word' id='word_1_467' title='bbox 943 5343 955 5356; x_wconf 90' lang='grc'><strong>·</strong></span> <span class='ocrx_word' id='word_1_468' title='bbox 997 5324 1292 5396; x_wconf 82' lang='grc' dir='ltr'>μονογενὴς</span> <span class='ocrx_word' id='word_1_469' title='bbox 1325 5322 1432 5394; x_wconf 85' lang='grc' dir='ltr'>γάρ</span> <span class='ocrx_word' id='word_1_470' title='bbox 1461 5323 1610 5375; x_wconf 76' lang='grc' dir='ltr'>ἐστι·</span> <span class='ocrx_word' id='word_1_471' title='bbox 1657 5321 1737 5374; x_wconf 84' lang='grc' dir='ltr'>διὸ</span> <span class='ocrx_word' id='word_1_472' title='bbox 1771 5321 1864 5374; x_wconf 75' lang='grc' dir='ltr'>καὶ</span> <span class='ocrx_word' id='word_1_473' title='bbox 1913 5319 2011 5391; x_wconf 87' lang='grc' dir='ltr'>μό-</span> 
     </span>
    </p>
   </div>
   <div class='ocr_carea' id='block_1_62' title="bbox 425 5412 2012 5488">
    <p class='ocr_par' dir='ltr' id='par_1_62' title="bbox 425 5412 2012 5488">
     <span class='ocr_line' id='line_1_62' title="bbox 425 5412 2012 5488; baseline -0.003 -17"><span class='ocrx_word' id='word_1_474' title='bbox 425 5436 519 5480; x_wconf 84' lang='grc' dir='ltr'><strong>νος</strong></span> <span class='ocrx_word' id='word_1_475' title='bbox 549 5419 645 5471; x_wconf 74' lang='grc' dir='ltr'>καὶ</span> <span class='ocrx_word' id='word_1_476' title='bbox 669 5414 750 5484; x_wconf 79' lang='grc' dir='ltr'>εἷς</span> <span class='ocrx_word' id='word_1_477' title='bbox 777 5420 806 5470; x_wconf 90' lang='lat'><strong>6</strong></span> <span class='ocrx_word' id='word_1_478' title='bbox 842 5417 1033 5488; x_wconf 77' lang='grc' dir='ltr'>Πατὴρ</span> <span class='ocrx_word' id='word_1_479' title='bbox 1089 5454 1104 5480; x_wconf 90' lang='grc'><strong>,</strong></span> <span class='ocrx_word' id='word_1_480' title='bbox 1256 5414 1418 5487; x_wconf 78' lang='grc' dir='ltr'>μόνου</span> <span class='ocrx_word' id='word_1_481' title='bbox 1460 5414 1552 5467; x_wconf 73' lang='grc' dir='ltr'><strong>καὶ</strong></span> <span class='ocrx_word' id='word_1_482' title='bbox 1583 5414 1699 5478; x_wconf 79' lang='grc' dir='ltr'>ἐνὸς</span> <span class='ocrx_word' id='word_1_483' title='bbox 1729 5412 1860 5466; x_wconf 90' lang='grc' dir='ltr'>Υίοῦ</span> <span class='ocrx_word' id='word_1_484' title='bbox 1901 5414 2012 5467; x_wconf 80' lang='grc' dir='ltr'>Πα-</span> 
     </span>
    </p>
   </div>
   <div class='ocr_carea' id='block_1_63' title="bbox 421 5505 2010 5582">
    <p class='ocr_par' dir='ltr' id='par_1_63' title="bbox 421 5505 2010 5582">
     <span class='ocr_line' id='line_1_63' title="bbox 421 5505 2010 5582; baseline -0.004 -18"><span class='ocrx_word' id='word_1_485' title='bbox 421 5511 533 5582; x_wconf 80' lang='grc' dir='ltr'><strong>τήρ</strong></span> <span class='ocrx_word' id='word_1_486' title='bbox 559 5513 672 5564; x_wconf 76' lang='grc' dir='ltr'>ἐστι</span> <span class='ocrx_word' id='word_1_487' title='bbox 700 5527 714 5540; x_wconf 88' lang='grc'><strong>·</strong></span> <span class='ocrx_word' id='word_1_488' title='bbox 745 5509 839 5564; x_wconf 72' lang='grc' dir='ltr'><strong>καὶ</strong></span> <span class='ocrx_word' id='word_1_489' title='bbox 873 5509 965 5563; x_wconf 70' lang='grc' dir='ltr'><strong>ἐπὶ</strong></span> <span class='ocrx_word' id='word_1_490' title='bbox 1005 5508 1172 5580; x_wconf 89' lang='grc' dir='ltr'>μόνης</span> <span class='ocrx_word' id='word_1_491' title='bbox 1198 5507 1297 5578; x_wconf 80' lang='grc' dir='ltr'>τῆς</span> <span class='ocrx_word' id='word_1_492' title='bbox 1329 5507 1580 5576; x_wconf 86' lang='grc' dir='ltr'>Θεότητος</span> <span class='ocrx_word' id='word_1_493' title='bbox 1611 5506 1672 5559; x_wconf 87' lang='grc' dir='ltr'>τὸ</span> <span class='ocrx_word' id='word_1_494' title='bbox 1701 5505 1891 5576; x_wconf 77' lang='grc' dir='ltr'>Πατὴρ</span> <span class='ocrx_word' id='word_1_495' title='bbox 1917 5505 2010 5560; x_wconf 76' lang='grc' dir='ltr'>καὶ</span> 
     </span>
    </p>
   </div>
   <div class='ocr_carea' id='block_1_64' title="bbox 421 5597 2011 5671">
    <p class='ocr_par' dir='ltr' id='par_1_64' title="bbox 421 5597 2011 5671">
     <span class='ocr_line' id='line_1_64' title="bbox 421 5597 2011 5671; baseline -0.006 -13"><span class='ocrx_word' id='word_1_496' title='bbox 421 5603 488 5658; x_wconf 73' lang='grc' dir='ltr'><strong>τὸ</strong></span> <span class='ocrx_word' id='word_1_497' title='bbox 519 5601 648 5665; x_wconf 77' lang='grc' dir='ltr'><strong>Υἱὸς</strong></span> <span class='ocrx_word' id='word_1_498' title='bbox 674 5600 906 5671; x_wconf 72' lang='grc' dir='ltr'>ἕστηκεν</span> <span class='ocrx_word' id='word_1_499' title='bbox 930 5600 1018 5654; x_wconf 72' lang='grc' dir='ltr'>ἀεὶ</span> <span class='ocrx_word' id='word_1_500' title='bbox 1045 5598 1138 5652; x_wconf 81' lang='grc' dir='ltr'>καὶ</span> <span class='ocrx_word' id='word_1_501' title='bbox 1176 5597 1311 5652; x_wconf 77' lang='grc' dir='ltr'>ἔστι.</span> <span class='ocrx_word' id='word_1_502' title='bbox 1361 5597 1481 5650; x_wconf 85' lang='grc' dir='ltr'><strong>Τῶν</strong></span> <span class='ocrx_word' id='word_1_503' title='bbox 1528 5597 1624 5668; x_wconf 78' lang='grc' dir='ltr'>μὲν</span> <span class='ocrx_word' id='word_1_504' title='bbox 1653 5597 1761 5669; x_wconf 82' lang='grc' dir='ltr'>γὰρ</span> <span class='ocrx_word' id='word_1_505' title='bbox 1801 5597 2011 5669; x_wconf 81' lang='grc' dir='ltr'>ἀνθρώ-</span> 
     </span>
    </p>
   </div>
   <div class='ocr_carea' id='block_1_65' title="bbox 418 5688 2004 5765">
    <p class='ocr_par' dir='ltr' id='par_1_65' title="bbox 418 5688 2004 5765">
     <span class='ocr_line' id='line_1_65' title="bbox 418 5688 2004 5765; baseline -0.005 -15"><span class='ocrx_word' id='word_1_506' title='bbox 418 5711 542 5750; x_wconf 80' lang='grc' dir='ltr'><strong>πων</strong></span> <span class='ocrx_word' id='word_1_507' title='bbox 574 5696 622 5748; x_wconf 84' lang='grc' dir='ltr'><strong>εί</strong></span> <span class='ocrx_word' id='word_1_508' title='bbox 653 5693 835 5765; x_wconf 81' lang='grc' dir='ltr'>πατὴρ</span> <span class='ocrx_word' id='word_1_509' title='bbox 864 5691 1082 5762; x_wconf 81' lang='grc' dir='ltr'>λέγεται</span> <span class='ocrx_word' id='word_1_510' title='bbox 1115 5709 1220 5756; x_wconf 90' lang='grc' dir='ltr'>τις,</span> <span class='ocrx_word' id='word_1_511' title='bbox 1261 5689 1376 5744; x_wconf 80' lang='grc' dir='ltr'>ἀλλ’</span> <span class='ocrx_word' id='word_1_512' title='bbox 1409 5688 1596 5761; x_wconf 79' lang='grc' dir='ltr'>ἐτέρου</span> <span class='ocrx_word' id='word_1_513' title='bbox 1625 5689 1844 5758; x_wconf 90' lang='grc' dir='ltr'>γέγονεν</span> <span class='ocrx_word' id='word_1_514' title='bbox 1872 5689 2004 5754; x_wconf 86' lang='grc' dir='ltr'>υἱός·</span> 
     </span>
    </p>
   </div>
   <div class='ocr_carea' id='block_1_66' title="bbox 508 5877 924 5943">
    <p class='ocr_par' dir='ltr' id='par_1_66' title="bbox 508 5877 924 5943">
     <span class='ocr_line' id='line_1_66' title="bbox 508 5877 924 5943; baseline 0 -11"><span class='ocrx_word' id='word_1_515' title='bbox 508 5881 523 5912; x_wconf 84' lang='grc'><strong><em>³</em></strong></span> <span class='ocrx_word' id='word_1_516' title='bbox 563 5877 667 5934; x_wconf 81' lang='lat' dir='ltr'><strong>Tit.</strong></span> <span class='ocrx_word' id='word_1_517' title='bbox 695 5891 777 5943; x_wconf 86' lang='grc' dir='ltr'>ιιι,</span> <span class='ocrx_word' id='word_1_518' title='bbox 838 5877 924 5932; x_wconf 79' lang='grc'><strong>10.</strong></span> 
     </span>
    </p>
   </div>
   <div class='ocr_carea' id='block_1_67' title="bbox 2296 1041 3678 1114">
    <p class='ocr_par' dir='ltr' id='par_1_67' title="bbox 2296 1041 3678 1114">
     <span class='ocr_line' id='line_1_67' title="bbox 2296 1041 3678 1114; baseline 0.001 -18"><span class='ocrx_word' id='word_1_519' title='bbox 2296 1043 2481 1114; x_wconf 80' lang='lat' dir='ltr'><strong>Itaque</strong></span> <span class='ocrx_word' id='word_1_520' title='bbox 2521 1045 2568 1098; x_wconf 92' lang='lat' dir='ltr'><strong>is</strong></span> <span class='ocrx_word' id='word_1_521' title='bbox 2599 1044 2729 1098; x_wconf 90' lang='lat' dir='ltr'><strong>mihi</strong></span> <span class='ocrx_word' id='word_1_522' title='bbox 2771 1044 2981 1100; x_wconf 90' lang='lat' dir='ltr'><strong>videtur</strong></span> <span class='ocrx_word' id='word_1_523' title='bbox 3011 1059 3129 1099; x_wconf 90' lang='lat' dir='ltr'><strong>esse</strong></span> <span class='ocrx_word' id='word_1_524' title='bbox 3163 1058 3355 1099; x_wconf 85' lang='lat' dir='ltr'><strong>sensus</strong></span> <span class='ocrx_word' id='word_1_525' title='bbox 3387 1041 3678 1112; x_wconf 72' lang='lat' dir='ltr'><strong>Scriptum</strong></span> 
     </span>
    </p>
   </div>
   <div class='ocr_carea' id='block_1_68' title="bbox 2108 1137 3678 1206">
    <p class='ocr_par' dir='ltr' id='par_1_68' title="bbox 2108 1137 3678 1206">
     <span class='ocr_line' id='line_1_68' title="bbox 2108 1137 3678 1206; baseline 0.001 -16"><span class='ocrx_word' id='word_1_526' title='bbox 2108 1152 2298 1196; x_wconf 69' lang='lat' dir='ltr'><strong>sacrae.</strong></span> <span class='ocrx_word' id='word_1_527' title='bbox 2335 1153 2441 1203; x_wconf 89' lang='lat' dir='ltr'><strong>quo</strong></span> <span class='ocrx_word' id='word_1_528' title='bbox 2471 1138 2628 1206; x_wconf 82' lang='lat' dir='ltr'><strong>plane</strong></span> <span class='ocrx_word' id='word_1_529' title='bbox 2658 1138 2874 1191; x_wconf 90' lang='lat' dir='ltr'><strong>illorum</strong></span> <span class='ocrx_word' id='word_1_530' title='bbox 2901 1137 3164 1193; x_wconf 83' lang='lat' dir='ltr'><strong>adversus</strong></span> <span class='ocrx_word' id='word_1_531' title='bbox 3190 1137 3452 1206; x_wconf 83' lang='lat' dir='ltr'><strong>Spiritum</strong></span> <span class='ocrx_word' id='word_1_532' title='bbox 3486 1137 3678 1206; x_wconf 75' lang='lat' dir='ltr'><strong>impie-</strong></span> 
     </span>
    </p>
   </div>
   <div class='ocr_carea' id='block_1_69' title="bbox 2106 1227 3676 1284">
    <p class='ocr_par' dir='ltr' id='par_1_69' title="bbox 2106 1227 3676 1284">
     <span class='ocr_line' id='line_1_69' title="bbox 2106 1227 3676 1284; baseline 0.001 -4"><span class='ocrx_word' id='word_1_533' title='bbox 2106 1238 2190 1282; x_wconf 86' lang='lat' dir='ltr'><strong>tas</strong></span> <span class='ocrx_word' id='word_1_534' title='bbox 2227 1229 2554 1284; x_wconf 66' lang='lat' dir='ltr'><strong>validissime</strong></span> <span class='ocrx_word' id='word_1_535' title='bbox 2584 1230 2872 1284; x_wconf 88' lang='lat' dir='ltr'><strong>refutatur.</strong></span> <span class='ocrx_word' id='word_1_536' title='bbox 2901 1227 3102 1284; x_wconf 85' lang='lat' dir='ltr'><strong>Verum</strong></span> <span class='ocrx_word' id='word_1_537' title='bbox 3142 1229 3303 1283; x_wconf 87' lang='lat' dir='ltr'><strong>iidem</strong></span> <span class='ocrx_word' id='word_1_538' title='bbox 3349 1229 3423 1282; x_wconf 89' lang='lat' dir='ltr'><strong>illi</strong></span> <span class='ocrx_word' id='word_1_539' title='bbox 3465 1228 3676 1284; x_wconf 71' lang='lat' dir='ltr'><strong>veritati</strong></span> 
     </span>
    </p>
   </div>
   <div class='ocr_carea' id='block_1_70' title="bbox 2107 1320 3674 1392">
    <p class='ocr_par' dir='ltr' id='par_1_70' title="bbox 2107 1320 3674 1392">
     <span class='ocr_line' id='line_1_70' title="bbox 2107 1320 3674 1392; baseline 0.001 -19"><span class='ocrx_word' id='word_1_540' title='bbox 2107 1321 2383 1374; x_wconf 86' lang='lat' dir='ltr'><strong>adversari</strong></span> <span class='ocrx_word' id='word_1_541' title='bbox 2412 1331 2662 1392; x_wconf 90' lang='lat' dir='ltr'><strong>pergunt,</strong></span> <span class='ocrx_word' id='word_1_542' title='bbox 2683 1330 2738 1375; x_wconf 91' lang='lat' dir='ltr'><strong>ut</strong></span> <span class='ocrx_word' id='word_1_543' title='bbox 2770 1321 2986 1386; x_wconf 87' lang='lat' dir='ltr'><strong>scribis,</strong></span> <span class='ocrx_word' id='word_1_544' title='bbox 3009 1336 3112 1374; x_wconf 92' lang='lat' dir='ltr'><strong>non</strong></span> <span class='ocrx_word' id='word_1_545' title='bbox 3131 1321 3240 1390; x_wconf 88' lang='lat' dir='ltr'><strong>jam</strong></span> <span class='ocrx_word' id='word_1_546' title='bbox 3266 1337 3331 1375; x_wconf 79' lang='lat' dir='ltr'><strong>ex</strong></span> <span class='ocrx_word' id='word_1_547' title='bbox 3359 1320 3674 1390; x_wconf 85' lang='lat' dir='ltr'><strong>Scripturis,</strong></span> 
     </span>
    </p>
   </div>
   <div class='ocr_carea' id='block_1_71' title="bbox 2105 1399 3676 1483">
    <p class='ocr_par' dir='ltr' id='par_1_71' title="bbox 2105 1399 3676 1483">
     <span class='ocr_line' id='line_1_71' title="bbox 2105 1399 3676 1483; baseline -0.001 -17"><span class='ocrx_word' id='word_1_548' title='bbox 2105 1414 2300 1482; x_wconf 81' lang='lat' dir='ltr'><strong>quippe</strong></span> <span class='ocrx_word' id='word_1_549' title='bbox 2331 1415 2422 1483; x_wconf 92' lang='lat' dir='ltr'><strong>qui</strong></span> <span class='ocrx_word' id='word_1_550' title='bbox 2457 1414 2588 1468; x_wconf 84' lang='lat' dir='ltr'><strong>nihil</strong></span> <span class='ocrx_word' id='word_1_551' title='bbox 2621 1416 2691 1468; x_wconf 89' lang='lat' dir='ltr'><strong>ihi</strong></span> <span class='ocrx_word' id='word_1_552' title='bbox 2723 1415 3021 1472; x_wconf 79' lang='lat' dir='ltr'><strong>inveniant.</strong></span> <span class='ocrx_word' id='word_1_553' title='bbox 3051 1414 3143 1468; x_wconf 88' lang='lat' dir='ltr'><strong>sed</strong></span> <span class='ocrx_word' id='word_1_554' title='bbox 3170 1429 3234 1467; x_wconf 84' lang='lat' dir='ltr'><strong>ex</strong></span> <span class='ocrx_word' id='word_1_555' title='bbox 3261 1399 3464 1482; x_wconf 84' lang='lat' dir='ltr'><strong>prOprii</strong></span> <span class='ocrx_word' id='word_1_556' title='bbox 3498 1412 3676 1466; x_wconf 83' lang='lat' dir='ltr'><strong>cordis</strong></span> 
     </span>
    </p>
   </div>
   <div class='ocr_carea' id='block_1_72' title="bbox 2103 1503 3676 1576">
    <p class='ocr_par' dir='ltr' id='par_1_72' title="bbox 2103 1503 3676 1576">
     <span class='ocr_line' id='line_1_72' title="bbox 2103 1503 3676 1576; baseline -0.002 -18"><span class='ocrx_word' id='word_1_557' title='bbox 2103 1506 2465 1560; x_wconf 70' lang='lat' dir='ltr'><strong>redundantia</strong></span> <span class='ocrx_word' id='word_1_558' title='bbox 2503 1509 2614 1560; x_wconf 64' lang='lat' dir='ltr'><strong>hinc</strong></span> <span class='ocrx_word' id='word_1_559' title='bbox 2661 1522 2856 1560; x_wconf 87' lang='lat' dir='ltr'><strong>rursus</strong></span> <span class='ocrx_word' id='word_1_560' title='bbox 2903 1513 3195 1560; x_wconf 84' lang='lat' dir='ltr'><strong>eructant:</strong></span> <span class='ocrx_word' id='word_1_561' title='bbox 3234 1505 3288 1557; x_wconf 81' lang='lat' dir='ltr'><strong>Si</strong></span> <span class='ocrx_word' id='word_1_562' title='bbox 3324 1503 3558 1572; x_wconf 87' lang='lat' dir='ltr'><strong>Spiritus</strong></span> <span class='ocrx_word' id='word_1_563' title='bbox 3589 1519 3676 1576; x_wconf 75' lang='lat' dir='ltr'><strong>res</strong></span> 
     </span>
    </p>
   </div>
   <div class='ocr_carea' id='block_1_73' title="bbox 2104 1592 3673 1668">
    <p class='ocr_par' dir='ltr' id='par_1_73' title="bbox 2104 1592 3673 1668">
     <span class='ocr_line' id='line_1_73' title="bbox 2104 1592 3673 1668; baseline -0.003 -18"><span class='ocrx_word' id='word_1_564' title='bbox 2104 1606 2284 1650; x_wconf 85' lang='lat' dir='ltr'><strong>creata</strong></span> <span class='ocrx_word' id='word_1_565' title='bbox 2319 1614 2424 1652; x_wconf 92' lang='lat' dir='ltr'><strong>non</strong></span> <span class='ocrx_word' id='word_1_566' title='bbox 2454 1608 2556 1662; x_wconf 91' lang='lat' dir='ltr'><strong>est,</strong></span> <span class='ocrx_word' id='word_1_567' title='bbox 2604 1614 2778 1668; x_wconf 90' lang='lat' dir='ltr'><strong>neque</strong></span> <span class='ocrx_word' id='word_1_568' title='bbox 2810 1613 2951 1651; x_wconf 90' lang='lat' dir='ltr'><strong>unus</strong></span> <span class='ocrx_word' id='word_1_569' title='bbox 2983 1613 3048 1652; x_wconf 75' lang='lat' dir='ltr'><strong>ex</strong></span> <span class='ocrx_word' id='word_1_570' title='bbox 3082 1596 3310 1666; x_wconf 78' lang='lat' dir='ltr'><strong>angelis,</strong></span> <span class='ocrx_word' id='word_1_571' title='bbox 3347 1594 3440 1648; x_wconf 88' lang='lat' dir='ltr'><strong>sed</strong></span> <span class='ocrx_word' id='word_1_572' title='bbox 3476 1609 3541 1647; x_wconf 72' lang='lat' dir='ltr'><strong>ex</strong></span> <span class='ocrx_word' id='word_1_573' title='bbox 3571 1592 3673 1647; x_wconf 86' lang='lat' dir='ltr'><strong>Pa-</strong></span> 
     </span>
    </p>
   </div>
   <div class='ocr_carea' id='block_1_74' title="bbox 2107 1684 3672 1760">
    <p class='ocr_par' dir='ltr' id='par_1_74' title="bbox 2107 1684 3672 1760">
     <span class='ocr_line' id='line_1_74' title="bbox 2107 1684 3672 1760; baseline -0.003 -20"><span class='ocrx_word' id='word_1_574' title='bbox 2107 1696 2186 1740; x_wconf 89' lang='lat' dir='ltr'><strong>tre</strong></span> <span class='ocrx_word' id='word_1_575' title='bbox 2234 1691 2516 1756; x_wconf 84' lang='lat' dir='ltr'><strong>procedit:</strong></span> <span class='ocrx_word' id='word_1_576' title='bbox 2552 1691 2717 1760; x_wconf 78' lang='lat' dir='ltr'><strong>igitur</strong></span> <span class='ocrx_word' id='word_1_577' title='bbox 2763 1687 2933 1742; x_wconf 88' lang='lat' dir='ltr'><strong>Filius</strong></span> <span class='ocrx_word' id='word_1_578' title='bbox 2983 1704 3196 1757; x_wconf 87' lang='lat' dir='ltr'><strong>quoque</strong></span> <span class='ocrx_word' id='word_1_579' title='bbox 3248 1688 3362 1756; x_wconf 89' lang='lat' dir='ltr'><strong>ipse</strong></span> <span class='ocrx_word' id='word_1_580' title='bbox 3411 1684 3672 1739; x_wconf 86' lang='lat' dir='ltr'><strong>dicendus</strong></span> 
     </span>
    </p>
   </div>
   <div class='ocr_carea' id='block_1_75' title="bbox 1399 1766 2010 1846">
    <p class='ocr_par' dir='ltr' id='par_1_75' title="bbox 1399 1775 2010 1846">
     <span class='ocr_line' id='line_1_75' title="bbox 1399 1775 2010 1846; baseline 0.007 -16"><span class='ocrx_word' id='word_1_581' title='bbox 1399 1778 1494 1830; x_wconf 73' lang='grc' dir='ltr'>καὶ</span> <span class='ocrx_word' id='word_1_582' title='bbox 1519 1775 1612 1830; x_wconf 87' lang='grc' dir='ltr'><strong>δύο</strong></span> <span class='ocrx_word' id='word_1_583' title='bbox 1639 1777 1856 1846; x_wconf 70' lang='grc' dir='ltr'>ἀδελφοί</span> <span class='ocrx_word' id='word_1_584' title='bbox 1881 1781 2010 1835; x_wconf 78' lang='grc' dir='ltr'>εἰσιν</span> 
     </span>
    </p>
   </div>
   <div class='ocr_carea' id='block_1_76' title="bbox 2096 1766 3675 1846">
    <p class='ocr_par' dir='ltr' id='par_1_76' title="bbox 2096 1766 3675 1836">
     <span class='ocr_line' id='line_1_76' title="bbox 2096 1766 3675 1836; baseline 0.006 -22"><span class='ocrx_word' id='word_1_585' title='bbox 2096 1774 2194 1826; x_wconf 62' lang='lat' dir='ltr'><strong>est,</strong></span> <span class='ocrx_word' id='word_1_586' title='bbox 2233 1767 2563 1835; x_wconf 77' lang='lat' dir='ltr'><strong>proindequc</strong></span> <span class='ocrx_word' id='word_1_587' title='bbox 2617 1767 2725 1819; x_wconf 92' lang='lat' dir='ltr'><strong>duo</strong></span> <span class='ocrx_word' id='word_1_588' title='bbox 2760 1777 2887 1820; x_wconf 85' lang='lat' dir='ltr'><strong>sunt</strong></span> <span class='ocrx_word' id='word_1_589' title='bbox 2932 1766 3148 1830; x_wconf 78' lang='lat' dir='ltr'><strong>fratres,</strong></span> <span class='ocrx_word' id='word_1_590' title='bbox 3205 1768 3322 1836; x_wconf 76' lang='lat' dir='ltr'><strong>ipse</strong></span> <span class='ocrx_word' id='word_1_591' title='bbox 3363 1770 3572 1824; x_wconf 83' lang='lat' dir='ltr'><strong>scilicet</strong></span> <span class='ocrx_word' id='word_1_592' title='bbox 3619 1783 3675 1824; x_wconf 88' lang='lat' dir='ltr'><strong>et</strong></span> 
     </span>
    </p>
   </div>
   <div class='ocr_carea' id='block_1_77' title="bbox 2097 1851 3679 1928">
    <p class='ocr_par' dir='ltr' id='par_1_77' title="bbox 2097 1851 3679 1928">
     <span class='ocr_line' id='line_1_77' title="bbox 2097 1851 3679 1928; baseline 0.004 -18"><span class='ocrx_word' id='word_1_593' title='bbox 2097 1851 2350 1910; x_wconf 75' lang='lat' dir='ltr'><strong>Verbum.</strong></span> <span class='ocrx_word' id='word_1_594' title='bbox 2406 1855 2558 1922; x_wconf 85' lang='lat' dir='ltr'><strong>Quod</strong></span> <span class='ocrx_word' id='word_1_595' title='bbox 2614 1856 2658 1910; x_wconf 85' lang='lat' dir='ltr'><strong>si</strong></span> <span class='ocrx_word' id='word_1_596' title='bbox 2697 1855 2864 1910; x_wconf 86' lang='lat' dir='ltr'><strong>frater</strong></span> <span class='ocrx_word' id='word_1_597' title='bbox 2901 1867 3034 1924; x_wconf 90' lang='lat' dir='ltr'><strong>est,</strong></span> <span class='ocrx_word' id='word_1_598' title='bbox 3073 1860 3165 1924; x_wconf 86' lang='lat' dir='ltr'><strong>qui</strong></span> <span class='ocrx_word' id='word_1_599' title='bbox 3223 1857 3336 1914; x_wconf 78' lang='lat' dir='ltr'><strong>fieri</strong></span> <span class='ocrx_word' id='word_1_600' title='bbox 3391 1870 3566 1928; x_wconf 80' lang='lat' dir='ltr'><strong>potest</strong></span> <span class='ocrx_word' id='word_1_601' title='bbox 3620 1873 3679 1917; x_wconf 91' lang='lat' dir='ltr'><strong>ut</strong></span> 
     </span>
    </p>
   </div>
   <div class='ocr_carea' id='block_1_78' title="bbox 2092 1947 3675 2020">
    <p class='ocr_par' dir='ltr' id='par_1_78' title="bbox 2092 1947 3675 2020">
     <span class='ocr_line' id='line_1_78' title="bbox 2092 1947 3675 2020; baseline 0.004 -18"><span class='ocrx_word' id='word_1_602' title='bbox 2092 1947 2428 2018; x_wconf 89' lang='lat' dir='ltr'><strong>unigenitum</strong></span> <span class='ocrx_word' id='word_1_603' title='bbox 2481 1949 2552 2003; x_wconf 89' lang='lat' dir='ltr'><strong>sit</strong></span> <span class='ocrx_word' id='word_1_604' title='bbox 2585 1947 2844 2010; x_wconf 85' lang='lat' dir='ltr'><strong>Verbum.</strong></span> <span class='ocrx_word' id='word_1_605' title='bbox 2883 1951 2964 2003; x_wconf 86' lang='lat' dir='ltr'><strong>vel</strong></span> <span class='ocrx_word' id='word_1_606' title='bbox 3005 1958 3062 2005; x_wconf 90' lang='lat' dir='ltr'><strong>ut</strong></span> <span class='ocrx_word' id='word_1_607' title='bbox 3110 1951 3347 2020; x_wconf 71' lang='lat' dir='ltr'><strong>aequales</strong></span> <span class='ocrx_word' id='word_1_608' title='bbox 3393 1967 3500 2005; x_wconf 90' lang='lat' dir='ltr'><strong>non</strong></span> <span class='ocrx_word' id='word_1_609' title='bbox 3546 1955 3675 2017; x_wconf 90' lang='lat' dir='ltr'><strong>sint,</strong></span> 
     </span>
    </p>
   </div>
   <div class='ocr_carea' id='block_1_79' title="bbox 2094 2037 3679 2110">
    <p class='ocr_par' dir='ltr' id='par_1_79' title="bbox 2094 2037 3679 2110">
     <span class='ocr_line' id='line_1_79' title="bbox 2094 2037 3679 2110; baseline 0.004 -19"><span class='ocrx_word' id='word_1_610' title='bbox 2094 2039 2186 2092; x_wconf 85' lang='lat' dir='ltr'><strong>sed</strong></span> <span class='ocrx_word' id='word_1_611' title='bbox 2222 2037 2309 2093; x_wconf 89' lang='lat' dir='ltr'><strong>hic</strong></span> <span class='ocrx_word' id='word_1_612' title='bbox 2343 2051 2465 2107; x_wconf 73' lang='lat' dir='ltr'><strong>p051</strong></span> <span class='ocrx_word' id='word_1_613' title='bbox 2495 2037 2733 2105; x_wconf 81' lang='lat' dir='ltr'><strong>Patrem,</strong></span> <span class='ocrx_word' id='word_1_614' title='bbox 2780 2040 2869 2094; x_wconf 91' lang='lat' dir='ltr'><strong>ille</strong></span> <span class='ocrx_word' id='word_1_615' title='bbox 2921 2051 3041 2110; x_wconf 89' lang='lat' dir='ltr'><strong>post</strong></span> <span class='ocrx_word' id='word_1_616' title='bbox 3090 2038 3287 2094; x_wconf 81' lang='lat' dir='ltr'><strong>Filium</strong></span> <span class='ocrx_word' id='word_1_617' title='bbox 3331 2044 3679 2098; x_wconf 81' lang='lat' dir='ltr'><strong>nominetur?</strong></span> 
     </span>
    </p>
   </div>
   <div class='ocr_carea' id='block_1_80' title="bbox 2097 2126 3678 2202">
    <p class='ocr_par' dir='ltr' id='par_1_80' title="bbox 2097 2126 3678 2202">
     <span class='ocr_line' id='line_1_80' title="bbox 2097 2126 3678 2202; baseline 0.005 -22"><span class='ocrx_word' id='word_1_618' title='bbox 2097 2126 2152 2181; x_wconf 91' lang='lat' dir='ltr'><strong>Si</strong></span> <span class='ocrx_word' id='word_1_619' title='bbox 2184 2127 2312 2180; x_wconf 88' lang='lat' dir='ltr'><strong>item</strong></span> <span class='ocrx_word' id='word_1_620' title='bbox 2343 2144 2409 2182; x_wconf 78' lang='lat' dir='ltr'><strong>ex</strong></span> <span class='ocrx_word' id='word_1_621' title='bbox 2445 2127 2602 2183; x_wconf 86' lang='lat' dir='ltr'><strong>Patre</strong></span> <span class='ocrx_word' id='word_1_622' title='bbox 2631 2138 2735 2192; x_wconf 87' lang='lat' dir='ltr'><strong>est,</strong></span> <span class='ocrx_word' id='word_1_623' title='bbox 2769 2145 2868 2184; x_wconf 91' lang='lat' dir='ltr'><strong>cur</strong></span> <span class='ocrx_word' id='word_1_624' title='bbox 2912 2147 3017 2184; x_wconf 89' lang='lat' dir='ltr'><strong>non</strong></span> <span class='ocrx_word' id='word_1_625' title='bbox 3065 2142 3117 2184; x_wconf 87' lang='lat' dir='ltr'><strong>et</strong></span> <span class='ocrx_word' id='word_1_626' title='bbox 3155 2133 3269 2200; x_wconf 90' lang='lat' dir='ltr'><strong>ipse</strong></span> <span class='ocrx_word' id='word_1_627' title='bbox 3317 2133 3553 2202; x_wconf 77' lang='lat' dir='ltr'><strong>genitus,</strong></span> <span class='ocrx_word' id='word_1_628' title='bbox 3586 2145 3678 2188; x_wconf 88' lang='lat' dir='ltr'><strong>aut</strong></span> 
     </span>
    </p>
   </div>
   <div class='ocr_carea' id='block_1_81' title="bbox 2094 2217 3679 2291">
    <p class='ocr_par' dir='ltr' id='par_1_81' title="bbox 2094 2217 3679 2291">
     <span class='ocr_line' id='line_1_81' title="bbox 2094 2217 3679 2291; baseline 0.005 -19"><span class='ocrx_word' id='word_1_629' title='bbox 2094 2217 2264 2272; x_wconf 82' lang='lat' dir='ltr'><strong>Filius</strong></span> <span class='ocrx_word' id='word_1_630' title='bbox 2293 2233 2435 2284; x_wconf 86' lang='lat' dir='ltr'><strong>esse,</strong></span> <span class='ocrx_word' id='word_1_631' title='bbox 2465 2220 2556 2272; x_wconf 87' lang='lat' dir='ltr'><strong>sed</strong></span> <span class='ocrx_word' id='word_1_632' title='bbox 2585 2221 2902 2290; x_wconf 75' lang='lat' dir='ltr'><strong>simpliciter</strong></span> <span class='ocrx_word' id='word_1_633' title='bbox 2927 2220 3163 2291; x_wconf 89' lang='lat' dir='ltr'><strong>Spiritus</strong></span> <span class='ocrx_word' id='word_1_634' title='bbox 3196 2233 3418 2277; x_wconf 87' lang='lat' dir='ltr'><strong>sanctus</strong></span> <span class='ocrx_word' id='word_1_635' title='bbox 3447 2225 3679 2280; x_wconf 74' lang='lat' dir='ltr'><strong>dicitur?</strong></span> 
     </span>
    </p>
   </div>
   <div class='ocr_carea' id='block_1_82' title="bbox 2097 2308 3677 2389">
    <p class='ocr_par' dir='ltr' id='par_1_82' title="bbox 2097 2308 3677 2389">
     <span class='ocr_line' id='line_1_82' title="bbox 2097 2308 3677 2389; baseline 0.006 -28"><span class='ocrx_word' id='word_1_636' title='bbox 2097 2308 2358 2380; x_wconf 83' lang='lat' dir='ltr'><strong>Denique,</strong></span> <span class='ocrx_word' id='word_1_637' title='bbox 2391 2311 2435 2365; x_wconf 90' lang='lat' dir='ltr'><strong>si</strong></span> <span class='ocrx_word' id='word_1_638' title='bbox 2469 2310 2587 2364; x_wconf 87' lang='lat' dir='ltr'><strong>Filii</strong></span> <span class='ocrx_word' id='word_1_639' title='bbox 2621 2311 2834 2366; x_wconf 77' lang='lat' dir='ltr'><strong>dicatur</strong></span> <span class='ocrx_word' id='word_1_640' title='bbox 2862 2328 2982 2366; x_wconf 86' lang='lat' dir='ltr'><strong>esse</strong></span> <span class='ocrx_word' id='word_1_641' title='bbox 3029 2311 3269 2382; x_wconf 83' lang='lat' dir='ltr'><strong>Spiritus</strong></span> <span class='ocrx_word' id='word_1_642' title='bbox 3302 2331 3314 2366; x_wconf 87' lang='lat'>:</span> <span class='ocrx_word' id='word_1_643' title='bbox 3350 2314 3512 2368; x_wconf 84' lang='lat' dir='ltr'><strong>Pater</strong></span> <span class='ocrx_word' id='word_1_644' title='bbox 3547 2334 3677 2389; x_wconf 81' lang='lat' dir='ltr'><strong>ergo</strong></span> 
     </span>
    </p>
   </div>
   <div class='ocr_carea' id='block_1_83' title="bbox 2093 2400 3676 2474">
    <p class='ocr_par' dir='ltr' id='par_1_83' title="bbox 2093 2400 3676 2474">
     <span class='ocr_line' id='line_1_83' title="bbox 2093 2400 3676 2474; baseline 0.005 -20"><span class='ocrx_word' id='word_1_645' title='bbox 2093 2415 2227 2454; x_wconf 82' lang='lat' dir='ltr'><strong>avus</strong></span> <span class='ocrx_word' id='word_1_646' title='bbox 2260 2410 2342 2456; x_wconf 88' lang='lat' dir='ltr'><strong>est</strong></span> <span class='ocrx_word' id='word_1_647' title='bbox 2385 2400 2619 2472; x_wconf 85' lang='lat' dir='ltr'><strong>Spiritus</strong></span> <span class='ocrx_word' id='word_1_648' title='bbox 2657 2405 2851 2458; x_wconf 90' lang='lat' dir='ltr'><strong>sancti.</strong></span> <span class='ocrx_word' id='word_1_649' title='bbox 2905 2403 3030 2458; x_wconf 68' lang='lat' dir='ltr'><strong>llmc</strong></span> <span class='ocrx_word' id='word_1_650' title='bbox 3081 2406 3380 2474; x_wconf 82' lang='lat' dir='ltr'><strong>turpissimi</strong></span> <span class='ocrx_word' id='word_1_651' title='bbox 3429 2407 3676 2462; x_wconf 73' lang='lat' dir='ltr'><strong>homines</strong></span> 
     </span>
    </p>
   </div>
   <div class='ocr_carea' id='block_1_84' title="bbox 2093 2491 3676 2566">
    <p class='ocr_par' dir='ltr' id='par_1_84' title="bbox 2093 2491 3676 2566">
     <span class='ocr_line' id='line_1_84' title="bbox 2093 2491 3676 2566; baseline 0.004 -20"><span class='ocrx_word' id='word_1_652' title='bbox 2093 2491 2398 2546; x_wconf 83' lang='lat' dir='ltr'><strong>cavillando</strong></span> <span class='ocrx_word' id='word_1_653' title='bbox 2442 2493 2739 2559; x_wconf 73' lang='lat' dir='ltr'><strong>effutiunt,</strong></span> <span class='ocrx_word' id='word_1_654' title='bbox 2795 2495 2889 2564; x_wconf 88' lang='lat' dir='ltr'><strong>qui</strong></span> <span class='ocrx_word' id='word_1_655' title='bbox 2941 2496 3216 2550; x_wconf 86' lang='lat' dir='ltr'><strong>curiosius</strong></span> <span class='ocrx_word' id='word_1_656' title='bbox 3266 2497 3534 2566; x_wconf 79' lang='lat' dir='ltr'><strong>profunda</strong></span> <span class='ocrx_word' id='word_1_657' title='bbox 3584 2497 3676 2552; x_wconf 86' lang='lat' dir='ltr'><strong>Dei</strong></span> 
     </span>
    </p>
   </div>
   <div class='ocr_carea' id='block_1_85' title="bbox 2093 2583 3678 2657">
    <p class='ocr_par' dir='ltr' id='par_1_85' title="bbox 2093 2583 3678 2657">
     <span class='ocr_line' id='line_1_85' title="bbox 2093 2583 3678 2657; baseline 0.005 -21"><span class='ocrx_word' id='word_1_658' title='bbox 2093 2583 2328 2637; x_wconf 82' lang='lat' dir='ltr'><strong>scrutari</strong></span> <span class='ocrx_word' id='word_1_659' title='bbox 2379 2593 2667 2648; x_wconf 87' lang='lat' dir='ltr'><strong>conantur,</strong></span> <span class='ocrx_word' id='word_1_660' title='bbox 2717 2601 2838 2654; x_wconf 75' lang='lat' dir='ltr'><strong>quze</strong></span> <span class='ocrx_word' id='word_1_661' title='bbox 2876 2592 3043 2639; x_wconf 82' lang='lat' dir='ltr'><strong>nemo</strong></span> <span class='ocrx_word' id='word_1_662' title='bbox 3091 2586 3243 2639; x_wconf 87' lang='lat' dir='ltr'><strong>novit</strong></span> <span class='ocrx_word' id='word_1_663' title='bbox 3294 2587 3397 2641; x_wconf 91' lang='lat' dir='ltr'><strong>nisi</strong></span> <span class='ocrx_word' id='word_1_664' title='bbox 3443 2587 3678 2657; x_wconf 72' lang='lat' dir='ltr'><strong>Spiritus</strong></span> 
     </span>
    </p>
   </div>
   <div class='ocr_carea' id='block_1_86' title="bbox 2093 2673 3678 2749">
    <p class='ocr_par' dir='ltr' id='par_1_86' title="bbox 2093 2673 3678 2749">
     <span class='ocr_line' id='line_1_86' title="bbox 2093 2673 3678 2749; baseline 0.003 -22"><span class='ocrx_word' id='word_1_665' title='bbox 2093 2673 2210 2738; x_wconf 88' lang='lat' dir='ltr'><strong>Dei,</strong></span> <span class='ocrx_word' id='word_1_666' title='bbox 2245 2673 2312 2728; x_wconf 91' lang='lat' dir='ltr'><strong>de</strong></span> <span class='ocrx_word' id='word_1_667' title='bbox 2342 2689 2451 2744; x_wconf 93' lang='lat' dir='ltr'><strong>quo</strong></span> <span class='ocrx_word' id='word_1_668' title='bbox 2496 2675 2571 2729; x_wconf 93' lang='lat' dir='ltr'><strong>illi</strong></span> <span class='ocrx_word' id='word_1_669' title='bbox 2624 2685 2732 2730; x_wconf 85' lang='lat' dir='ltr'><strong>tam</strong></span> <span class='ocrx_word' id='word_1_670' title='bbox 2773 2678 2937 2746; x_wconf 88' lang='lat' dir='ltr'><strong>impie</strong></span> <span class='ocrx_word' id='word_1_671' title='bbox 2988 2679 3252 2743; x_wconf 90' lang='lat' dir='ltr'><strong>sentiunt,</strong></span> <span class='ocrx_word' id='word_1_672' title='bbox 3298 2680 3498 2749; x_wconf 82' lang='lat' dir='ltr'><strong>quibus</strong></span> <span class='ocrx_word' id='word_1_673' title='bbox 3543 2679 3678 2733; x_wconf 86' lang='lat' dir='ltr'><strong>nihil</strong></span> 
     </span>
    </p>
   </div>
   <div class='ocr_carea' id='block_1_87' title="bbox 2093 2764 3679 2837">
    <p class='ocr_par' dir='ltr' id='par_1_87' title="bbox 2093 2764 3679 2837">
     <span class='ocr_line' id='line_1_87' title="bbox 2093 2764 3679 2837; baseline 0.004 -19"><span class='ocrx_word' id='word_1_674' title='bbox 2093 2764 2327 2834; x_wconf 80' lang='lat' dir='ltr'><strong>amplius</strong></span> <span class='ocrx_word' id='word_1_675' title='bbox 2365 2766 2697 2835; x_wconf 88' lang='lat' dir='ltr'><strong>respondere</strong></span> <span class='ocrx_word' id='word_1_676' title='bbox 2730 2782 2948 2837; x_wconf 70' lang='lat' dir='ltr'><strong>aequum</strong></span> <span class='ocrx_word' id='word_1_677' title='bbox 2983 2783 3116 2824; x_wconf 88' lang='lat' dir='ltr'><strong>sane</strong></span> <span class='ocrx_word' id='word_1_678' title='bbox 3148 2781 3326 2834; x_wconf 86' lang='lat' dir='ltr'><strong>esset;</strong></span> <span class='ocrx_word' id='word_1_679' title='bbox 3358 2770 3450 2824; x_wconf 92' lang='lat' dir='ltr'><strong>sed</strong></span> <span class='ocrx_word' id='word_1_680' title='bbox 3483 2785 3679 2824; x_wconf 82' lang='lat' dir='ltr'><strong>secun-</strong></span> 
     </span>
    </p>
   </div>
   <div class='ocr_carea' id='block_1_88' title="bbox 2093 2855 3678 2929">
    <p class='ocr_par' dir='ltr' id='par_1_88' title="bbox 2093 2855 3678 2929">
     <span class='ocr_line' id='line_1_88' title="bbox 2093 2855 3678 2929; baseline 0.004 -22"><span class='ocrx_word' id='word_1_681' title='bbox 2093 2855 2220 2908; x_wconf 91' lang='lat' dir='ltr'><strong>dum</strong></span> <span class='ocrx_word' id='word_1_682' title='bbox 2255 2856 2498 2926; x_wconf 82' lang='lat' dir='ltr'><strong>Apostoli</strong></span> <span class='ocrx_word' id='word_1_683' title='bbox 2530 2865 2857 2927; x_wconf 75' lang='lat' dir='ltr'><strong>prmceptum</strong></span> <span class='ocrx_word' id='word_1_684' title='bbox 2911 2863 2957 2925; x_wconf 75' lang='grc' dir='ltr'><strong>ι,</strong></span> <span class='ocrx_word' id='word_1_685' title='bbox 2991 2869 3112 2928; x_wconf 85' lang='lat' dir='ltr'><strong>post</strong></span> <span class='ocrx_word' id='word_1_686' title='bbox 3144 2861 3453 2929; x_wconf 68' lang='lat' dir='ltr'><strong>pranlictam</strong></span> <span class='ocrx_word' id='word_1_687' title='bbox 3489 2863 3678 2916; x_wconf 73' lang='lat' dir='ltr'><strong>admo-</strong></span> 
     </span>
    </p>
   </div>
   <div class='ocr_carea' id='block_1_89' title="bbox 2093 2947 3680 3019">
    <p class='ocr_par' dir='ltr' id='par_1_89' title="bbox 2093 2947 3680 3019">
     <span class='ocr_line' id='line_1_89' title="bbox 2093 2947 3680 3019; baseline 0.006 -19"><span class='ocrx_word' id='word_1_688' title='bbox 2093 2947 2378 3014; x_wconf 89' lang='lat' dir='ltr'><strong>nitionem,</strong></span> <span class='ocrx_word' id='word_1_689' title='bbox 2401 2959 2660 3019; x_wconf 87' lang='lat' dir='ltr'><strong>tanquam</strong></span> <span class='ocrx_word' id='word_1_690' title='bbox 2685 2949 2924 3005; x_wconf 66' lang='grc' dir='ltr'>ἣξει-ειιεί</span> <span class='ocrx_word' id='word_1_691' title='bbox 2958 2952 3162 3006; x_wconf 73' lang='lat' dir='ltr'><strong>vitandi</strong></span> <span class='ocrx_word' id='word_1_692' title='bbox 3194 2965 3403 3008; x_wconf 65' lang='lat' dir='ltr'><strong>cssirnt:</strong></span> <span class='ocrx_word' id='word_1_693' title='bbox 3427 2955 3506 3007; x_wconf 86' lang='lat' dir='ltr'><strong>vel</strong></span> <span class='ocrx_word' id='word_1_694' title='bbox 3535 2965 3680 3010; x_wconf 88' lang='lat' dir='ltr'><strong>certe</strong></span> 
     </span>
    </p>
   </div>
   <div class='ocr_carea' id='block_1_90' title="bbox 2097 3040 3681 3114">
    <p class='ocr_par' dir='ltr' id='par_1_90' title="bbox 2097 3040 3681 3114">
     <span class='ocr_line' id='line_1_90' title="bbox 2097 3040 3681 3114; baseline 0.004 -22"><span class='ocrx_word' id='word_1_695' title='bbox 2097 3049 2155 3093; x_wconf 89' lang='lat' dir='ltr'><strong>ut</strong></span> <span class='ocrx_word' id='word_1_696' title='bbox 2185 3055 2284 3095; x_wconf 92' lang='lat' dir='ltr'><strong>nos</strong></span> <span class='ocrx_word' id='word_1_697' title='bbox 2321 3040 2678 3113; x_wconf 87' lang='lat' dir='ltr'><strong>interrogant.</strong></span> <span class='ocrx_word' id='word_1_698' title='bbox 2718 3044 2796 3098; x_wconf 92' lang='lat' dir='ltr'><strong>sic</strong></span> <span class='ocrx_word' id='word_1_699' title='bbox 2823 3058 2919 3097; x_wconf 88' lang='lat' dir='ltr'><strong>eos</strong></span> <span class='ocrx_word' id='word_1_700' title='bbox 2947 3059 2974 3097; x_wconf 93' lang='lat' dir='ltr'><strong>a</strong></span> <span class='ocrx_word' id='word_1_701' title='bbox 3011 3043 3169 3098; x_wconf 82' lang='lat' dir='ltr'><strong>nobis</strong></span> <span class='ocrx_word' id='word_1_702' title='bbox 3198 3043 3522 3114; x_wconf 86' lang='lat' dir='ltr'><strong>interrogari</strong></span> <span class='ocrx_word' id='word_1_703' title='bbox 3553 3060 3681 3113; x_wconf 86' lang='lat' dir='ltr'><strong>ope-</strong></span> 
     </span>
    </p>
   </div>
   <div class='ocr_carea' id='block_1_91' title="bbox 1712 3132 2010 3225">
    <p class='ocr_par' dir='ltr' id='par_1_91' title="bbox 1712 3154 2010 3225">
     <span class='ocr_line' id='line_1_91' title="bbox 1712 3154 2010 3225; baseline -0.003 -18"><span class='ocrx_word' id='word_1_704' title='bbox 1712 3155 1864 3207; x_wconf 80' lang='grc' dir='ltr'>αύτοὶ</span> <span class='ocrx_word' id='word_1_705' title='bbox 1884 3154 2010 3225; x_wconf 85' lang='grc' dir='ltr'>παρ’</span> 
     </span>
    </p>
   </div>
   <div class='ocr_carea' id='block_1_92' title="bbox 2096 3132 3672 3225">
    <p class='ocr_par' dir='ltr' id='par_1_92' title="bbox 2096 3132 3672 3203">
     <span class='ocr_line' id='line_1_92' title="bbox 2096 3132 3672 3203; baseline 0.004 -20"><span class='ocrx_word' id='word_1_706' title='bbox 2096 3144 2167 3183; x_wconf 72' lang='lat' dir='ltr'><strong>ra:</strong></span> <span class='ocrx_word' id='word_1_707' title='bbox 2195 3132 2428 3200; x_wconf 76' lang='lat' dir='ltr'><strong>pretium</strong></span> <span class='ocrx_word' id='word_1_708' title='bbox 2475 3132 2658 3198; x_wconf 88' lang='lat' dir='ltr'><strong>fuerit,</strong></span> <span class='ocrx_word' id='word_1_709' title='bbox 2693 3134 2945 3203; x_wconf 87' lang='lat' dir='ltr'><strong>idemque</strong></span> <span class='ocrx_word' id='word_1_710' title='bbox 2979 3149 3080 3190; x_wconf 86' lang='lat' dir='ltr'><strong>nos</strong></span> <span class='ocrx_word' id='word_1_711' title='bbox 3112 3135 3179 3187; x_wconf 89' lang='lat' dir='ltr'><strong>ah</strong></span> <span class='ocrx_word' id='word_1_712' title='bbox 3213 3135 3318 3188; x_wconf 90' lang='lat' dir='ltr'><strong>illis</strong></span> <span class='ocrx_word' id='word_1_713' title='bbox 3351 3151 3672 3203; x_wconf 86' lang='lat' dir='ltr'><strong>responsum</strong></span> 
     </span>
    </p>
   </div>
   <div class='ocr_carea' id='block_1_93' title="bbox 2092 3223 3676 3297">
    <p class='ocr_par' dir='ltr' id='par_1_93' title="bbox 2092 3223 3676 3297">
     <span class='ocr_line' id='line_1_93' title="bbox 2092 3223 3676 3297; baseline 0.003 -21"><span class='ocrx_word' id='word_1_714' title='bbox 2092 3223 2403 3292; x_wconf 78' lang='lat' dir='ltr'><strong>cﬂlagitare,</strong></span> <span class='ocrx_word' id='word_1_715' title='bbox 2438 3226 2582 3294; x_wconf 91' lang='lat' dir='ltr'><strong>quod</strong></span> <span class='ocrx_word' id='word_1_716' title='bbox 2636 3226 2714 3279; x_wconf 91' lang='lat' dir='ltr'><strong>illi</strong></span> <span class='ocrx_word' id='word_1_717' title='bbox 2757 3242 2788 3280; x_wconf 90' lang='lat' dir='ltr'><strong>a</strong></span> <span class='ocrx_word' id='word_1_718' title='bbox 2829 3228 2989 3282; x_wconf 72' lang='lat' dir='ltr'><strong>nobis</strong></span> <span class='ocrx_word' id='word_1_719' title='bbox 3019 3228 3262 3297; x_wconf 81' lang='lat' dir='ltr'><strong>exigunt.</strong></span> <span class='ocrx_word' id='word_1_720' title='bbox 3292 3226 3676 3296; x_wconf 77' lang='lat' dir='ltr'><strong>Respondeaut</strong></span> 
     </span>
    </p>
   </div>
   <div class='ocr_carea' id='block_1_94' title="bbox 2094 3311 3672 3388">
    <p class='ocr_par' dir='ltr' id='par_1_94' title="bbox 2094 3311 3672 3388">
     <span class='ocr_line' id='line_1_94' title="bbox 2094 3311 3672 3388; baseline 0.004 -23"><span class='ocrx_word' id='word_1_721' title='bbox 2094 3311 2276 3383; x_wconf 88' lang='lat' dir='ltr'><strong>igitur,</strong></span> <span class='ocrx_word' id='word_1_722' title='bbox 2308 3321 2490 3368; x_wconf 88' lang='lat' dir='ltr'><strong>utrum</strong></span> <span class='ocrx_word' id='word_1_723' title='bbox 2526 3313 2686 3370; x_wconf 79' lang='lat' dir='ltr'><strong>Pater</strong></span> <span class='ocrx_word' id='word_1_724' title='bbox 2720 3331 2788 3370; x_wconf 84' lang='lat' dir='ltr'><strong>ex</strong></span> <span class='ocrx_word' id='word_1_725' title='bbox 2833 3328 2987 3388; x_wconf 87' lang='lat' dir='ltr'><strong>patre</strong></span> <span class='ocrx_word' id='word_1_726' title='bbox 3019 3317 3107 3376; x_wconf 81' lang='lat' dir='ltr'><strong>sit.</strong></span> <span class='ocrx_word' id='word_1_727' title='bbox 3137 3326 3190 3371; x_wconf 90' lang='lat' dir='ltr'><strong>et</strong></span> <span class='ocrx_word' id='word_1_728' title='bbox 3220 3333 3348 3370; x_wconf 90' lang='lat' dir='ltr'><strong>num</strong></span> <span class='ocrx_word' id='word_1_729' title='bbox 3378 3317 3520 3372; x_wconf 90' lang='lat' dir='ltr'><strong>alius</strong></span> <span class='ocrx_word' id='word_1_730' title='bbox 3549 3333 3672 3372; x_wconf 85' lang='lat' dir='ltr'><strong>cum</strong></span> 
     </span>
    </p>
   </div>
   <div class='ocr_carea' id='block_1_95' title="bbox 2094 3404 3673 3476">
    <p class='ocr_par' dir='ltr' id='par_1_95' title="bbox 2094 3404 3673 3476">
     <span class='ocr_line' id='line_1_95' title="bbox 2094 3404 3673 3476; baseline 0.003 -18"><span class='ocrx_word' id='word_1_731' title='bbox 2094 3404 2186 3459; x_wconf 92' lang='lat' dir='ltr'><strong>illo</strong></span> <span class='ocrx_word' id='word_1_732' title='bbox 2412 3407 2626 3476; x_wconf 87' lang='lat' dir='ltr'><strong>genitus</strong></span> <span class='ocrx_word' id='word_1_733' title='bbox 2672 3406 2852 3472; x_wconf 84' lang='lat' dir='ltr'><strong>fuerit,</strong></span> <span class='ocrx_word' id='word_1_734' title='bbox 2885 3407 3102 3476; x_wconf 83' lang='lat' dir='ltr'><strong>sintque</strong></span> <span class='ocrx_word' id='word_1_735' title='bbox 3156 3422 3223 3460; x_wconf 79' lang='lat' dir='ltr'><strong>ex</strong></span> <span class='ocrx_word' id='word_1_736' title='bbox 3277 3423 3386 3461; x_wconf 91' lang='lat' dir='ltr'><strong>uno</strong></span> <span class='ocrx_word' id='word_1_737' title='bbox 3436 3407 3673 3473; x_wconf 85' lang='lat' dir='ltr'><strong>fratres,</strong></span> 
     </span>
    </p>
   </div>
   <div class='ocr_carea' id='block_1_96' title="bbox 2091 3497 3677 3568">
    <p class='ocr_par' dir='ltr' id='par_1_96' title="bbox 2091 3497 3677 3568">
     <span class='ocr_line' id='line_1_96' title="bbox 2091 3497 3677 3568; baseline 0.003 -18"><span class='ocrx_word' id='word_1_738' title='bbox 2091 3497 2360 3568; x_wconf 88' lang='lat' dir='ltr'><strong>qualequc</strong></span> <span class='ocrx_word' id='word_1_739' title='bbox 2394 3514 2592 3553; x_wconf 89' lang='lat' dir='ltr'><strong>nomen</strong></span> <span class='ocrx_word' id='word_1_740' title='bbox 2629 3499 2737 3554; x_wconf 92' lang='lat' dir='ltr'><strong>illis</strong></span> <span class='ocrx_word' id='word_1_741' title='bbox 2775 3501 2882 3554; x_wconf 89' lang='lat' dir='ltr'><strong>sit?</strong></span> <span class='ocrx_word' id='word_1_742' title='bbox 2917 3500 3050 3566; x_wconf 87' lang='lat' dir='ltr'><strong>Quis</strong></span> <span class='ocrx_word' id='word_1_743' title='bbox 3081 3499 3206 3551; x_wconf 89' lang='lat' dir='ltr'><strong>item</strong></span> <span class='ocrx_word' id='word_1_744' title='bbox 3233 3515 3421 3552; x_wconf 91' lang='lat' dir='ltr'><strong>eorum</strong></span> <span class='ocrx_word' id='word_1_745' title='bbox 3450 3508 3601 3568; x_wconf 87' lang='lat' dir='ltr'><strong>pater</strong></span> <span class='ocrx_word' id='word_1_746' title='bbox 3623 3510 3677 3554; x_wconf 89' lang='lat' dir='ltr'><strong>et</strong></span> 
     </span>
    </p>
   </div>
   <div class='ocr_carea' id='block_1_97' title="bbox 2091 3589 3673 3660">
    <p class='ocr_par' dir='ltr' id='par_1_97' title="bbox 2091 3589 3673 3660">
     <span class='ocr_line' id='line_1_97' title="bbox 2091 3589 3673 3660; baseline 0.001 -18"><span class='ocrx_word' id='word_1_747' title='bbox 2091 3605 2246 3655; x_wconf 89' lang='lat' dir='ltr'><strong>avus,</strong></span> <span class='ocrx_word' id='word_1_748' title='bbox 2281 3589 2372 3659; x_wconf 89' lang='lat' dir='ltr'><strong>qui</strong></span> <span class='ocrx_word' id='word_1_749' title='bbox 2404 3591 2631 3659; x_wconf 82' lang='lat' dir='ltr'><strong>proavi?</strong></span> <span class='ocrx_word' id='word_1_750' title='bbox 2664 3591 2830 3660; x_wconf 86' lang='lat' dir='ltr'><strong>Atqui</strong></span> <span class='ocrx_word' id='word_1_751' title='bbox 2874 3592 3055 3648; x_wconf 89' lang='lat' dir='ltr'><strong>nullos</strong></span> <span class='ocrx_word' id='word_1_752' title='bbox 3094 3607 3216 3648; x_wconf 88' lang='lat' dir='ltr'><strong>esse</strong></span> <span class='ocrx_word' id='word_1_753' title='bbox 3245 3591 3673 3660; x_wconf 86' lang='lat' dir='ltr'><strong>respondebunt.</strong></span> 
     </span>
    </p>
   </div>
   <div class='ocr_carea' id='block_1_98' title="bbox 2092 3675 3674 3750">
    <p class='ocr_par' dir='ltr' id='par_1_98' title="bbox 2092 3675 3674 3750">
     <span class='ocr_line' id='line_1_98' title="bbox 2092 3675 3674 3750; baseline 0.003 -20"><span class='ocrx_word' id='word_1_754' title='bbox 2092 3675 2272 3742; x_wconf 86' lang='lat' dir='ltr'><strong>Quare</strong></span> <span class='ocrx_word' id='word_1_755' title='bbox 2297 3692 2425 3747; x_wconf 86' lang='lat' dir='ltr'><strong>ergo</strong></span> <span class='ocrx_word' id='word_1_756' title='bbox 2450 3676 2609 3732; x_wconf 89' lang='lat' dir='ltr'><strong>Pater</strong></span> <span class='ocrx_word' id='word_1_757' title='bbox 2640 3680 2708 3733; x_wconf 88' lang='lat' dir='ltr'><strong>ab</strong></span> <span class='ocrx_word' id='word_1_758' title='bbox 2740 3680 2845 3735; x_wconf 90' lang='lat' dir='ltr'><strong>illis</strong></span> <span class='ocrx_word' id='word_1_759' title='bbox 2876 3681 3096 3746; x_wconf 87' lang='lat' dir='ltr'><strong>dicitur,</strong></span> <span class='ocrx_word' id='word_1_760' title='bbox 3121 3681 3213 3750; x_wconf 87' lang='lat' dir='ltr'><strong>qui</strong></span> <span class='ocrx_word' id='word_1_761' title='bbox 3252 3681 3394 3734; x_wconf 87' lang='lat' dir='ltr'><strong>idem</strong></span> <span class='ocrx_word' id='word_1_762' title='bbox 3419 3697 3487 3734; x_wconf 83' lang='lat' dir='ltr'><strong>ex</strong></span> <span class='ocrx_word' id='word_1_763' title='bbox 3511 3679 3674 3734; x_wconf 73' lang='lat' dir='ltr'><strong>Patre</strong></span> 
     </span>
    </p>
   </div>
   <div class='ocr_carea' id='block_1_99' title="bbox 2094 3768 3677 3842">
    <p class='ocr_par' dir='ltr' id='par_1_99' title="bbox 2094 3768 3677 3842">
     <span class='ocr_line' id='line_1_99' title="bbox 2094 3768 3677 3842; baseline 0.004 -22"><span class='ocrx_word' id='word_1_764' title='bbox 2094 3784 2201 3821; x_wconf 88' lang='lat' dir='ltr'><strong>non</strong></span> <span class='ocrx_word' id='word_1_765' title='bbox 2250 3769 2322 3822; x_wconf 86' lang='lat' dir='ltr'><strong>sit</strong></span> <span class='ocrx_word' id='word_1_766' title='bbox 2369 3768 2683 3824; x_wconf 85' lang='lat' dir='ltr'><strong>ortus?Vel</strong></span> <span class='ocrx_word' id='word_1_767' title='bbox 2722 3773 2814 3840; x_wconf 90' lang='lat' dir='ltr'><strong>qui</strong></span> <span class='ocrx_word' id='word_1_768' title='bbox 2850 3771 3046 3826; x_wconf 79' lang='lat' dir='ltr'><strong>Filium</strong></span> <span class='ocrx_word' id='word_1_769' title='bbox 3093 3773 3294 3826; x_wconf 85' lang='lat' dir='ltr'><strong>habere</strong></span> <span class='ocrx_word' id='word_1_770' title='bbox 3340 3773 3536 3840; x_wconf 90' lang='lat' dir='ltr'><strong>potuit,</strong></span> <span class='ocrx_word' id='word_1_771' title='bbox 3581 3771 3677 3842; x_wconf 90' lang='lat' dir='ltr'><strong>qui</strong></span> 
     </span>
    </p>
   </div>
   <div class='ocr_carea' id='block_1_100' title="bbox 2095 3859 3675 3933">
    <p class='ocr_par' dir='ltr' id='par_1_100' title="bbox 2095 3859 3675 3933">
     <span class='ocr_line' id='line_1_100' title="bbox 2095 3859 3675 3933; baseline 0.003 -20"><span class='ocrx_word' id='word_1_772' title='bbox 2095 3859 2210 3929; x_wconf 86' lang='lat' dir='ltr'><strong>ipse</strong></span> <span class='ocrx_word' id='word_1_773' title='bbox 2264 3861 2417 3929; x_wconf 88' lang='lat' dir='ltr'><strong>prius</strong></span> <span class='ocrx_word' id='word_1_774' title='bbox 2463 3861 2635 3916; x_wconf 89' lang='lat' dir='ltr'><strong>Filius</strong></span> <span class='ocrx_word' id='word_1_775' title='bbox 2669 3879 2779 3918; x_wconf 92' lang='lat' dir='ltr'><strong>non</strong></span> <span class='ocrx_word' id='word_1_776' title='bbox 2818 3862 2920 3918; x_wconf 87' lang='lat' dir='ltr'><strong>fuit</strong></span> <span class='ocrx_word' id='word_1_777' title='bbox 2965 3864 3209 3933; x_wconf 84' lang='lat' dir='ltr'><strong>genitus?</strong></span> <span class='ocrx_word' id='word_1_778' title='bbox 3242 3863 3502 3932; x_wconf 84' lang='lat' dir='ltr'><strong>Equidem</strong></span> <span class='ocrx_word' id='word_1_779' title='bbox 3566 3879 3675 3917; x_wconf 88' lang='lat' dir='ltr'><strong>non</strong></span> 
     </span>
    </p>
   </div>
   <div class='ocr_carea' id='block_1_101' title="bbox 2095 3945 3673 4019">
    <p class='ocr_par' dir='ltr' id='par_1_101' title="bbox 2095 3945 3673 4019">
     <span class='ocr_line' id='line_1_101' title="bbox 2095 3945 3673 4019; baseline 0 -17"><span class='ocrx_word' id='word_1_780' title='bbox 2095 3964 2180 4004; x_wconf 87' lang='lat' dir='ltr'><strong>me</strong></span> <span class='ocrx_word' id='word_1_781' title='bbox 2225 3947 2365 4019; x_wconf 83' lang='lat' dir='ltr'><strong>fugit</strong></span> <span class='ocrx_word' id='word_1_782' title='bbox 2393 3950 2496 4005; x_wconf 90' lang='lat' dir='ltr'><strong>ista</strong></span> <span class='ocrx_word' id='word_1_783' title='bbox 2534 3951 2811 4019; x_wconf 90' lang='lat' dir='ltr'><strong>inquirere</strong></span> <span class='ocrx_word' id='word_1_784' title='bbox 2855 3949 3009 4004; x_wconf 87' lang='lat' dir='ltr'><strong>nefas</strong></span> <span class='ocrx_word' id='word_1_785' title='bbox 3039 3951 3266 4004; x_wconf 87' lang='lat' dir='ltr'><strong>omnino</strong></span> <span class='ocrx_word' id='word_1_786' title='bbox 3293 3965 3431 4003; x_wconf 88' lang='lat' dir='ltr'><strong>esse.</strong></span> <span class='ocrx_word' id='word_1_787' title='bbox 3473 3945 3673 4002; x_wconf 84' lang='lat' dir='ltr'><strong>Verum</strong></span> 
     </span>
    </p>
   </div>
   <div class='ocr_carea' id='block_1_102' title="bbox 2096 4037 3674 4102">
    <p class='ocr_par' dir='ltr' id='par_1_102' title="bbox 2096 4037 3674 4102">
     <span class='ocr_line' id='line_1_102' title="bbox 2096 4037 3674 4102; baseline 0.001 -11"><span class='ocrx_word' id='word_1_788' title='bbox 2096 4038 2241 4092; x_wconf 86' lang='lat' dir='ltr'><strong>haud</strong></span> <span class='ocrx_word' id='word_1_789' title='bbox 2268 4039 2336 4093; x_wconf 89' lang='lat' dir='ltr'><strong>ab</strong></span> <span class='ocrx_word' id='word_1_790' title='bbox 2366 4054 2427 4093; x_wconf 85' lang='lat' dir='ltr'><strong>re</strong></span> <span class='ocrx_word' id='word_1_791' title='bbox 2453 4037 2624 4094; x_wconf 86' lang='lat' dir='ltr'><strong>fuerit</strong></span> <span class='ocrx_word' id='word_1_792' title='bbox 2660 4040 2735 4094; x_wconf 89' lang='lat' dir='ltr'><strong>ita</strong></span> <span class='ocrx_word' id='word_1_793' title='bbox 2767 4039 3123 4094; x_wconf 89' lang='lat' dir='ltr'><strong>illudentibus</strong></span> <span class='ocrx_word' id='word_1_794' title='bbox 3157 4039 3396 4093; x_wconf 74' lang='lat' dir='ltr'><strong>vicissim</strong></span> <span class='ocrx_word' id='word_1_795' title='bbox 3427 4038 3674 4102; x_wconf 89' lang='lat' dir='ltr'><strong>illudere,</strong></span> 
     </span>
    </p>
   </div>
   <div class='ocr_carea' id='block_1_103' title="bbox 2093 4125 3680 4198">
    <p class='ocr_par' dir='ltr' id='par_1_103' title="bbox 2093 4125 3680 4198">
     <span class='ocr_line' id='line_1_103' title="bbox 2093 4125 3680 4198; baseline 0.001 -18"><span class='ocrx_word' id='word_1_796' title='bbox 2093 4135 2155 4180; x_wconf 90' lang='lat' dir='ltr'><strong>ut</strong></span> <span class='ocrx_word' id='word_1_797' title='bbox 2202 4125 2396 4181; x_wconf 90' lang='lat' dir='ltr'><strong>saltem</strong></span> <span class='ocrx_word' id='word_1_798' title='bbox 2434 4141 2502 4181; x_wconf 78' lang='lat' dir='ltr'><strong>ex</strong></span> <span class='ocrx_word' id='word_1_799' title='bbox 2552 4127 2865 4196; x_wconf 89' lang='lat' dir='ltr'><strong>hujusmodi</strong></span> <span class='ocrx_word' id='word_1_800' title='bbox 2895 4129 3132 4184; x_wconf 88' lang='lat' dir='ltr'><strong>absurda</strong></span> <span class='ocrx_word' id='word_1_801' title='bbox 3167 4140 3220 4184; x_wconf 90' lang='lat' dir='ltr'><strong>et</strong></span> <span class='ocrx_word' id='word_1_802' title='bbox 3249 4129 3414 4198; x_wconf 90' lang='lat' dir='ltr'><strong>impia</strong></span> <span class='ocrx_word' id='word_1_803' title='bbox 3449 4130 3680 4182; x_wconf 88' lang='lat' dir='ltr'><strong>interro-</strong></span> 
     </span>
    </p>
   </div>
   <div class='ocr_carea' id='block_1_104' title="bbox 2093 4217 3674 4289">
    <p class='ocr_par' dir='ltr' id='par_1_104' title="bbox 2093 4217 3674 4289">
     <span class='ocr_line' id='line_1_104' title="bbox 2093 4217 3674 4289; baseline 0 -18"><span class='ocrx_word' id='word_1_804' title='bbox 2093 4217 2315 4286; x_wconf 77' lang='lat' dir='ltr'><strong>gatione</strong></span> <span class='ocrx_word' id='word_1_805' title='bbox 2364 4217 2642 4286; x_wconf 89' lang='lat' dir='ltr'><strong>propriam</strong></span> <span class='ocrx_word' id='word_1_806' title='bbox 2689 4219 3062 4288; x_wconf 87' lang='lat' dir='ltr'><strong>insipientiam</strong></span> <span class='ocrx_word' id='word_1_807' title='bbox 3114 4219 3394 4289; x_wconf 85' lang='lat' dir='ltr'><strong>percipere</strong></span> <span class='ocrx_word' id='word_1_808' title='bbox 3441 4218 3674 4272; x_wconf 82' lang='lat' dir='ltr'><strong>valeant.</strong></span> 
     </span>
    </p>
   </div>
   <div class='ocr_carea' id='block_1_105' title="bbox 2093 4307 3680 4378">
    <p class='ocr_par' dir='ltr' id='par_1_105' title="bbox 2093 4307 3680 4378">
     <span class='ocr_line' id='line_1_105' title="bbox 2093 4307 3680 4378; baseline 0.001 -16"><span class='ocrx_word' id='word_1_809' title='bbox 2093 4307 2205 4364; x_wconf 81' lang='lat' dir='ltr'><strong>Nec</strong></span> <span class='ocrx_word' id='word_1_810' title='bbox 2233 4309 2378 4363; x_wconf 91' lang='lat' dir='ltr'><strong>enim</strong></span> <span class='ocrx_word' id='word_1_811' title='bbox 2407 4308 2500 4364; x_wconf 90' lang='lat' dir='ltr'><strong>illa</strong></span> <span class='ocrx_word' id='word_1_812' title='bbox 2539 4309 2652 4364; x_wconf 93' lang='lat' dir='ltr'><strong>ullo</strong></span> <span class='ocrx_word' id='word_1_813' title='bbox 2683 4309 2845 4364; x_wconf 89' lang='lat' dir='ltr'><strong>modo</strong></span> <span class='ocrx_word' id='word_1_814' title='bbox 2895 4319 3025 4365; x_wconf 91' lang='lat' dir='ltr'><strong>sunt</strong></span> <span class='ocrx_word' id='word_1_815' title='bbox 3062 4329 3078 4366; x_wconf 91' lang='lat'><strong>:</strong></span> <span class='ocrx_word' id='word_1_816' title='bbox 3130 4310 3272 4364; x_wconf 87' lang='lat' dir='ltr'><strong>absit</strong></span> <span class='ocrx_word' id='word_1_817' title='bbox 3303 4309 3316 4360; x_wconf 85' lang='lat'><strong>!</strong></span> <span class='ocrx_word' id='word_1_818' title='bbox 3358 4322 3533 4378; x_wconf 86' lang='lat' dir='ltr'><strong>neque</strong></span> <span class='ocrx_word' id='word_1_819' title='bbox 3564 4308 3680 4363; x_wconf 73' lang='lat' dir='ltr'><strong>hanc</strong></span> 
     </span>
    </p>
   </div>
   <div class='ocr_carea' id='block_1_106' title="bbox 2094 4387 3681 4472">
    <p class='ocr_par' dir='ltr' id='par_1_106' title="bbox 2094 4387 3681 4472">
     <span class='ocr_line' id='line_1_106' title="bbox 2094 4387 3681 4472; baseline 0 -15"><span class='ocrx_word' id='word_1_820' title='bbox 2094 4402 2160 4458; x_wconf 88' lang='lat' dir='ltr'><strong>de</strong></span> <span class='ocrx_word' id='word_1_821' title='bbox 2215 4401 2498 4458; x_wconf 88' lang='lat' dir='ltr'><strong>divinitate</strong></span> <span class='ocrx_word' id='word_1_822' title='bbox 2549 4402 2820 4464; x_wconf 86' lang='lat' dir='ltr'><strong>sciscitari</strong></span> <span class='ocrx_word' id='word_1_823' title='bbox 2869 4403 3041 4459; x_wconf 90' lang='lat' dir='ltr'><strong>decet.</strong></span> <span class='ocrx_word' id='word_1_824' title='bbox 3100 4400 3378 4472; x_wconf 88' lang='lat' dir='ltr'><strong>Siquidem</strong></span> <span class='ocrx_word' id='word_1_825' title='bbox 3425 4415 3536 4454; x_wconf 90' lang='lat' dir='ltr'><strong>non</strong></span> <span class='ocrx_word' id='word_1_826' title='bbox 3595 4387 3681 4457; x_wconf 70' lang='lat' dir='ltr'><strong>est</strong></span> 
     </span>
    </p>
   </div>
   <div class='ocr_carea' id='block_1_107' title="bbox 2032 4493 3682 4566">
    <p class='ocr_par' dir='ltr' id='par_1_107' title="bbox 2032 4493 3682 4566">
     <span class='ocr_line' id='line_1_107' title="bbox 2032 4493 3682 4566; baseline -0.003 -16"><span class='ocrx_word' id='word_1_827' title='bbox 2032 4495 2075 4550; x_wconf 92' lang='lat' dir='ltr'><strong>D</strong></span> <span class='ocrx_word' id='word_1_828' title='bbox 2097 4493 2234 4550; x_wconf 90' lang='lat' dir='ltr'><strong>Deus</strong></span> <span class='ocrx_word' id='word_1_829' title='bbox 2262 4494 2458 4550; x_wconf 90' lang='lat' dir='ltr'><strong>similis</strong></span> <span class='ocrx_word' id='word_1_830' title='bbox 2485 4495 2795 4566; x_wconf 87' lang='lat' dir='ltr'><strong>hominum,</strong></span> <span class='ocrx_word' id='word_1_831' title='bbox 2826 4506 2887 4552; x_wconf 89' lang='lat' dir='ltr'><strong>ut</strong></span> <span class='ocrx_word' id='word_1_832' title='bbox 2926 4495 3029 4552; x_wconf 87' lang='lat' dir='ltr'><strong>ista</strong></span> <span class='ocrx_word' id='word_1_833' title='bbox 3063 4497 3304 4552; x_wconf 86' lang='lat' dir='ltr'><strong>humana</strong></span> <span class='ocrx_word' id='word_1_834' title='bbox 3333 4495 3402 4550; x_wconf 92' lang='lat' dir='ltr'><strong>de</strong></span> <span class='ocrx_word' id='word_1_835' title='bbox 3433 4494 3528 4548; x_wconf 89' lang='lat' dir='ltr'><strong>illo</strong></span> <span class='ocrx_word' id='word_1_836' title='bbox 3554 4508 3682 4564; x_wconf 70' lang='lat' dir='ltr'><strong>per—</strong></span> 
     </span>
    </p>
   </div>
   <div class='ocr_carea' id='block_1_108' title="bbox 2091 4585 2702 4657">
    <p class='ocr_par' dir='ltr' id='par_1_108' title="bbox 2091 4585 2702 4657">
     <span class='ocr_line' id='line_1_108' title="bbox 2091 4585 2702 4657; baseline 0.002 -15"><span class='ocrx_word' id='word_1_837' title='bbox 2091 4585 2304 4642; x_wconf 85' lang='lat' dir='ltr'><strong>contari</strong></span> <span class='ocrx_word' id='word_1_838' title='bbox 2327 4586 2452 4657; x_wconf 90' lang='lat' dir='ltr'><strong>quis</strong></span> <span class='ocrx_word' id='word_1_839' title='bbox 2483 4589 2702 4644; x_wconf 89' lang='lat' dir='ltr'><strong>audeat.</strong></span> 
     </span>
    </p>
   </div>
   <div class='ocr_carea' id='block_1_109' title="bbox 2296 4676 3682 4749">
    <p class='ocr_par' dir='ltr' id='par_1_109' title="bbox 2296 4676 3682 4749">
     <span class='ocr_line' id='line_1_109' title="bbox 2296 4676 3682 4749; baseline -0.001 -19"><span class='ocrx_word' id='word_1_840' title='bbox 2296 4677 2508 4748; x_wconf 87' lang='lat' dir='ltr'><strong>Itaque,</strong></span> <span class='ocrx_word' id='word_1_841' title='bbox 2542 4687 2602 4733; x_wconf 90' lang='lat' dir='ltr'><strong>ut</strong></span> <span class='ocrx_word' id='word_1_842' title='bbox 2625 4678 2738 4749; x_wconf 86' lang='lat' dir='ltr'><strong>jam</strong></span> <span class='ocrx_word' id='word_1_843' title='bbox 2770 4680 2978 4746; x_wconf 89' lang='lat' dir='ltr'><strong>monui,</strong></span> <span class='ocrx_word' id='word_1_844' title='bbox 3016 4679 3294 4735; x_wconf 88' lang='lat' dir='ltr'><strong>silentium</strong></span> <span class='ocrx_word' id='word_1_845' title='bbox 3337 4676 3392 4730; x_wconf 90' lang='lat' dir='ltr'><strong>in</strong></span> <span class='ocrx_word' id='word_1_846' title='bbox 3418 4676 3504 4730; x_wconf 83' lang='lat' dir='ltr'><strong>his</strong></span> <span class='ocrx_word' id='word_1_847' title='bbox 3530 4690 3682 4745; x_wconf 64' lang='lat' dir='ltr'><strong>qure-</strong></span> 
     </span>
    </p>
   </div>
   <div class='ocr_carea' id='block_1_110' title="bbox 2095 4767 3680 4840">
    <p class='ocr_par' dir='ltr' id='par_1_110' title="bbox 2095 4767 3680 4840">
     <span class='ocr_line' id='line_1_110' title="bbox 2095 4767 3680 4840; baseline -0.002 -14"><span class='ocrx_word' id='word_1_848' title='bbox 2095 4767 2366 4826; x_wconf 78' lang='lat' dir='ltr'><strong>stionibus</strong></span> <span class='ocrx_word' id='word_1_849' title='bbox 2413 4784 2655 4838; x_wconf 71' lang='lat' dir='ltr'><strong>servare,</strong></span> <span class='ocrx_word' id='word_1_850' title='bbox 2700 4780 2754 4826; x_wconf 89' lang='lat' dir='ltr'><strong>et</strong></span> <span class='ocrx_word' id='word_1_851' title='bbox 2811 4770 3126 4840; x_wconf 82' lang='lat' dir='ltr'><strong>hujusmodi</strong></span> <span class='ocrx_word' id='word_1_852' title='bbox 3165 4770 3383 4824; x_wconf 81' lang='lat' dir='ltr'><strong>illorum</strong></span> <span class='ocrx_word' id='word_1_853' title='bbox 3435 4767 3680 4836; x_wconf 73' lang='lat' dir='ltr'><strong>argutias</strong></span> 
     </span>
    </p>
   </div>
   <div class='ocr_carea' id='block_1_111' title="bbox 2095 4859 3683 4917">
    <p class='ocr_par' dir='ltr' id='par_1_111' title="bbox 2095 4859 3683 4917">
     <span class='ocr_line' id='line_1_111' title="bbox 2095 4859 3683 4917; baseline -0.001 -1"><span class='ocrx_word' id='word_1_854' title='bbox 2095 4861 2443 4917; x_wconf 90' lang='lat' dir='ltr'><strong>dissimulare</strong></span> <span class='ocrx_word' id='word_1_855' title='bbox 2469 4862 2644 4916; x_wconf 89' lang='lat' dir='ltr'><strong>satius</strong></span> <span class='ocrx_word' id='word_1_856' title='bbox 2665 4871 2812 4917; x_wconf 90' lang='lat' dir='ltr'><strong>certe</strong></span> <span class='ocrx_word' id='word_1_857' title='bbox 2845 4862 3032 4917; x_wconf 91' lang='lat' dir='ltr'><strong>fuerit.</strong></span> <span class='ocrx_word' id='word_1_858' title='bbox 3067 4859 3457 4914; x_wconf 79' lang='lat' dir='ltr'><strong>Verumtamen</strong></span> <span class='ocrx_word' id='word_1_859' title='bbox 3487 4873 3554 4912; x_wconf 91' lang='lat' dir='ltr'><strong>ne</strong></span> <span class='ocrx_word' id='word_1_860' title='bbox 3585 4873 3683 4914; x_wconf 90' lang='lat' dir='ltr'><strong>no-</strong></span> 
     </span>
    </p>
   </div>
   <div class='ocr_carea' id='block_1_112' title="bbox 2097 4949 3686 5022">
    <p class='ocr_par' dir='ltr' id='par_1_112' title="bbox 2097 4949 3686 5022">
     <span class='ocr_line' id='line_1_112' title="bbox 2097 4949 3686 5022; baseline -0.002 -14"><span class='ocrx_word' id='word_1_861' title='bbox 2097 4961 2271 5008; x_wconf 88' lang='lat' dir='ltr'><strong>strum</strong></span> <span class='ocrx_word' id='word_1_862' title='bbox 2307 4952 2584 5007; x_wconf 87' lang='lat' dir='ltr'><strong>silentium</strong></span> <span class='ocrx_word' id='word_1_863' title='bbox 2618 4951 2843 5021; x_wconf 87' lang='lat' dir='ltr'><strong>majoris</strong></span> <span class='ocrx_word' id='word_1_864' title='bbox 2889 4951 3024 5022; x_wconf 88' lang='lat' dir='ltr'><strong>ipsis</strong></span> <span class='ocrx_word' id='word_1_865' title='bbox 3072 4951 3163 5005; x_wconf 79' lang='lat' dir='ltr'><strong>fiat</strong></span> <span class='ocrx_word' id='word_1_866' title='bbox 3209 4949 3560 5019; x_wconf 67' lang='lat' dir='ltr'><strong>impudentia:</strong></span> <span class='ocrx_word' id='word_1_867' title='bbox 3591 4965 3686 5005; x_wconf 87' lang='lat' dir='ltr'><strong>oc-</strong></span> 
     </span>
    </p>
   </div>
   <div class='ocr_carea' id='block_1_113' title="bbox 2098 5039 3687 5111">
    <p class='ocr_par' dir='ltr' id='par_1_113' title="bbox 2098 5039 3687 5111">
     <span class='ocr_line' id='line_1_113' title="bbox 2098 5039 3687 5111; baseline -0.003 -13"><span class='ocrx_word' id='word_1_868' title='bbox 2098 5043 2290 5108; x_wconf 91' lang='lat' dir='ltr'><strong>casio,</strong></span> <span class='ocrx_word' id='word_1_869' title='bbox 2347 5041 2463 5096; x_wconf 85' lang='lat' dir='ltr'><strong>haec</strong></span> <span class='ocrx_word' id='word_1_870' title='bbox 2511 5041 2617 5096; x_wconf 89' lang='lat' dir='ltr'><strong>illis</strong></span> <span class='ocrx_word' id='word_1_871' title='bbox 2664 5056 2929 5111; x_wconf 86' lang='lat' dir='ltr'><strong>reponere</strong></span> <span class='ocrx_word' id='word_1_872' title='bbox 2975 5055 3087 5096; x_wconf 92' lang='lat' dir='ltr'><strong>non</strong></span> <span class='ocrx_word' id='word_1_873' title='bbox 3135 5043 3428 5111; x_wconf 82' lang='lat' dir='ltr'><strong>gravabor.</strong></span> <span class='ocrx_word' id='word_1_874' title='bbox 3478 5039 3687 5110; x_wconf 85' lang='lat' dir='ltr'><strong>Nempe</strong></span> 
     </span>
    </p>
   </div>
   <div class='ocr_carea' id='block_1_114' title="bbox 2100 5131 3690 5206">
    <p class='ocr_par' dir='ltr' id='par_1_114' title="bbox 2100 5131 3690 5206">
     <span class='ocr_line' id='line_1_114' title="bbox 2100 5131 3690 5206; baseline 0.001 -18"><span class='ocrx_word' id='word_1_875' title='bbox 2100 5132 2562 5206; x_wconf 87' lang='lat' dir='ltr'><strong>quemadmodum</strong></span> <span class='ocrx_word' id='word_1_876' title='bbox 2599 5131 2782 5186; x_wconf 88' lang='lat' dir='ltr'><strong>Patris</strong></span> <span class='ocrx_word' id='word_1_877' title='bbox 2829 5143 3037 5203; x_wconf 91' lang='lat' dir='ltr'><strong>patrem</strong></span> <span class='ocrx_word' id='word_1_878' title='bbox 3099 5135 3284 5189; x_wconf 90' lang='lat' dir='ltr'><strong>dicere</strong></span> <span class='ocrx_word' id='word_1_879' title='bbox 3327 5151 3436 5189; x_wconf 84' lang='lat' dir='ltr'><strong>non</strong></span> <span class='ocrx_word' id='word_1_880' title='bbox 3491 5150 3690 5203; x_wconf 84' lang='lat' dir='ltr'><strong>possu-</strong></span> 
     </span>
    </p>
   </div>
   <div class='ocr_carea' id='block_1_115' title="bbox 2101 5222 3691 5296">
    <p class='ocr_par' dir='ltr' id='par_1_115' title="bbox 2101 5222 3691 5296">
     <span class='ocr_line' id='line_1_115' title="bbox 2101 5222 3691 5296; baseline -0.001 -15"><span class='ocrx_word' id='word_1_881' title='bbox 2101 5241 2246 5285; x_wconf 87' lang='lat' dir='ltr'><strong>mus,</strong></span> <span class='ocrx_word' id='word_1_882' title='bbox 2277 5224 2347 5278; x_wconf 90' lang='lat' dir='ltr'><strong>ita</strong></span> <span class='ocrx_word' id='word_1_883' title='bbox 2377 5239 2477 5278; x_wconf 90' lang='lat' dir='ltr'><strong>nec</strong></span> <span class='ocrx_word' id='word_1_884' title='bbox 2504 5222 2624 5278; x_wconf 87' lang='lat' dir='ltr'><strong>Filii</strong></span> <span class='ocrx_word' id='word_1_885' title='bbox 2659 5223 2904 5280; x_wconf 86' lang='lat' dir='ltr'><strong>fratrem.</strong></span> <span class='ocrx_word' id='word_1_886' title='bbox 2934 5223 3180 5296; x_wconf 82' lang='lat' dir='ltr'><strong>Namque</strong></span> <span class='ocrx_word' id='word_1_887' title='bbox 3211 5226 3411 5292; x_wconf 86' lang='lat' dir='ltr'><strong>Patris,</strong></span> <span class='ocrx_word' id='word_1_888' title='bbox 3449 5237 3509 5279; x_wconf 92' lang='lat' dir='ltr'><strong>ut</strong></span> <span class='ocrx_word' id='word_1_889' title='bbox 3531 5234 3691 5280; x_wconf 85' lang='lat' dir='ltr'><strong>antea</strong></span> 
     </span>
    </p>
   </div>
   <div class='ocr_carea' id='block_1_116' title="bbox 2102 5313 3698 5376">
    <p class='ocr_par' dir='ltr' id='par_1_116' title="bbox 2102 5313 3698 5376">
     <span class='ocr_line' id='line_1_116' title="bbox 2102 5313 3698 5376; baseline -0.001 -6"><span class='ocrx_word' id='word_1_890' title='bbox 2102 5317 2440 5376; x_wconf 83' lang='lat' dir='ltr'><strong>dictum-cst,</strong></span> <span class='ocrx_word' id='word_1_891' title='bbox 2481 5313 2623 5370; x_wconf 89' lang='lat' dir='ltr'><strong>alius</strong></span> <span class='ocrx_word' id='word_1_892' title='bbox 2668 5315 2808 5371; x_wconf 87' lang='lat' dir='ltr'><strong>Deus</strong></span> <span class='ocrx_word' id='word_1_893' title='bbox 2839 5316 3022 5371; x_wconf 90' lang='lat' dir='ltr'><strong>nullus</strong></span> <span class='ocrx_word' id='word_1_894' title='bbox 3057 5316 3160 5371; x_wconf 81' lang='lat' dir='ltr'><strong>fuit</strong></span> <span class='ocrx_word' id='word_1_895' title='bbox 3187 5334 3200 5370; x_wconf 89' lang='lat'><strong>:</strong></span> <span class='ocrx_word' id='word_1_896' title='bbox 3229 5332 3331 5372; x_wconf 88' lang='lat' dir='ltr'><strong>nec</strong></span> <span class='ocrx_word' id='word_1_897' title='bbox 3361 5317 3507 5370; x_wconf 90' lang='lat' dir='ltr'><strong>ullus</strong></span> <span class='ocrx_word' id='word_1_898' title='bbox 3533 5313 3698 5369; x_wconf 89' lang='lat' dir='ltr'><strong>simi--</strong></span> 
     </span>
    </p>
   </div>
   <div class='ocr_carea' id='block_1_117' title="bbox 2101 5403 3692 5480">
    <p class='ocr_par' dir='ltr' id='par_1_117' title="bbox 2101 5403 3692 5480">
     <span class='ocr_line' id='line_1_117' title="bbox 2101 5403 3692 5480; baseline -0.005 -12"><span class='ocrx_word' id='word_1_899' title='bbox 2101 5410 2228 5468; x_wconf 91' lang='lat' dir='ltr'><strong>liter</strong></span> <span class='ocrx_word' id='word_1_900' title='bbox 2262 5410 2404 5465; x_wconf 90' lang='lat' dir='ltr'><strong>alius</strong></span> <span class='ocrx_word' id='word_1_901' title='bbox 2450 5417 2534 5464; x_wconf 89' lang='lat' dir='ltr'><strong>est</strong></span> <span class='ocrx_word' id='word_1_902' title='bbox 2578 5408 2761 5463; x_wconf 81' lang='lat' dir='ltr'><strong>filius:</strong></span> <span class='ocrx_word' id='word_1_903' title='bbox 2790 5411 3104 5480; x_wconf 88' lang='lat' dir='ltr'><strong>unigenitus</strong></span> <span class='ocrx_word' id='word_1_904' title='bbox 3148 5408 3294 5462; x_wconf 90' lang='lat' dir='ltr'><strong>enim</strong></span> <span class='ocrx_word' id='word_1_905' title='bbox 3324 5416 3428 5461; x_wconf 91' lang='lat' dir='ltr'><strong>est.</strong></span> <span class='ocrx_word' id='word_1_906' title='bbox 3455 5403 3692 5460; x_wconf 87' lang='lat' dir='ltr'><strong>Proinde</strong></span> 
     </span>
    </p>
   </div>
   <div class='ocr_carea' id='block_1_118' title="bbox 2102 5493 3694 5568">
    <p class='ocr_par' dir='ltr' id='par_1_118' title="bbox 2102 5493 3694 5568">
     <span class='ocr_line' id='line_1_118' title="bbox 2102 5493 3694 5568; baseline -0.004 -9"><span class='ocrx_word' id='word_1_907' title='bbox 2102 5513 2157 5559; x_wconf 85' lang='lat' dir='ltr'><strong>et</strong></span> <span class='ocrx_word' id='word_1_908' title='bbox 2191 5503 2340 5560; x_wconf 91' lang='lat' dir='ltr'><strong>solus</strong></span> <span class='ocrx_word' id='word_1_909' title='bbox 2372 5513 2427 5560; x_wconf 92' lang='lat' dir='ltr'><strong>et</strong></span> <span class='ocrx_word' id='word_1_910' title='bbox 2453 5519 2596 5558; x_wconf 90' lang='lat' dir='ltr'><strong>unus</strong></span> <span class='ocrx_word' id='word_1_911' title='bbox 2623 5501 2804 5568; x_wconf 89' lang='lat' dir='ltr'><strong>Pater,</strong></span> <span class='ocrx_word' id='word_1_912' title='bbox 2834 5501 3006 5557; x_wconf 88' lang='lat' dir='ltr'><strong>solius</strong></span> <span class='ocrx_word' id='word_1_913' title='bbox 3040 5509 3096 5554; x_wconf 92' lang='lat' dir='ltr'><strong>et</strong></span> <span class='ocrx_word' id='word_1_914' title='bbox 3129 5497 3295 5553; x_wconf 91' lang='lat' dir='ltr'><strong>unius</strong></span> <span class='ocrx_word' id='word_1_915' title='bbox 3326 5497 3450 5551; x_wconf 84' lang='lat' dir='ltr'><strong>Filii</strong></span> <span class='ocrx_word' id='word_1_916' title='bbox 3483 5504 3568 5552; x_wconf 82' lang='lat' dir='ltr'><strong>est</strong></span> <span class='ocrx_word' id='word_1_917' title='bbox 3588 5493 3694 5552; x_wconf 84' lang='lat' dir='ltr'><strong>Pa-</strong></span> 
     </span>
    </p>
   </div>
   <div class='ocr_carea' id='block_1_119' title="bbox 2104 5589 3692 5664">
    <p class='ocr_par' dir='ltr' id='par_1_119' title="bbox 2104 5589 3692 5664">
     <span class='ocr_line' id='line_1_119' title="bbox 2104 5589 3692 5664; baseline -0.004 -15"><span class='ocrx_word' id='word_1_918' title='bbox 2104 5604 2207 5660; x_wconf 90' lang='lat' dir='ltr'><strong>ter,</strong></span> <span class='ocrx_word' id='word_1_919' title='bbox 2241 5603 2404 5664; x_wconf 89' lang='lat' dir='ltr'><strong>atque</strong></span> <span class='ocrx_word' id='word_1_920' title='bbox 2431 5593 2569 5648; x_wconf 90' lang='lat' dir='ltr'><strong>adeo</strong></span> <span class='ocrx_word' id='word_1_921' title='bbox 2607 5593 2662 5646; x_wconf 91' lang='lat' dir='ltr'><strong>in</strong></span> <span class='ocrx_word' id='word_1_922' title='bbox 2701 5592 2819 5647; x_wconf 91' lang='lat' dir='ltr'><strong>sola</strong></span> <span class='ocrx_word' id='word_1_923' title='bbox 2843 5589 3128 5646; x_wconf 73' lang='lat' dir='ltr'><strong>divinitate</strong></span> <span class='ocrx_word' id='word_1_924' title='bbox 3152 5601 3367 5656; x_wconf 85' lang='lat' dir='ltr'><strong>semper</strong></span> <span class='ocrx_word' id='word_1_925' title='bbox 3411 5594 3467 5642; x_wconf 93' lang='lat' dir='ltr'><strong>et</strong></span> <span class='ocrx_word' id='word_1_926' title='bbox 3506 5594 3591 5642; x_wconf 87' lang='lat' dir='ltr'><strong>est</strong></span> <span class='ocrx_word' id='word_1_927' title='bbox 3635 5596 3692 5643; x_wconf 70' lang='lat' dir='ltr'><strong>et</strong></span> 
     </span>
    </p>
   </div>
   <div class='ocr_carea' id='block_1_120' title="bbox 2107 5679 3684 5742">
    <p class='ocr_par' dir='ltr' id='par_1_120' title="bbox 2107 5679 3684 5742">
     <span class='ocr_line' id='line_1_120' title="bbox 2107 5679 3684 5742; baseline -0.005 0"><span class='ocrx_word' id='word_1_928' title='bbox 2107 5684 2394 5742; x_wconf 84' lang='lat' dir='ltr'><strong>fnitPater</strong></span> <span class='ocrx_word' id='word_1_929' title='bbox 2434 5702 2498 5742; x_wconf 91' lang='lat' dir='ltr'><strong>ac</strong></span> <span class='ocrx_word' id='word_1_930' title='bbox 2537 5684 2734 5740; x_wconf 88' lang='lat' dir='ltr'><strong>Filius.</strong></span> <span class='ocrx_word' id='word_1_931' title='bbox 2790 5681 2926 5738; x_wconf 86' lang='lat' dir='ltr'><strong>Nam</strong></span> <span class='ocrx_word' id='word_1_932' title='bbox 2967 5680 3184 5737; x_wconf 89' lang='lat' dir='ltr'><strong>tametsi</strong></span> <span class='ocrx_word' id='word_1_933' title='bbox 3232 5681 3374 5736; x_wconf 88' lang='lat' dir='ltr'><strong>inter</strong></span> <span class='ocrx_word' id='word_1_934' title='bbox 3432 5679 3684 5736; x_wconf 79' lang='lat' dir='ltr'><strong>homines</strong></span> 
     </span>
    </p>
   </div>
  </div>
