4078 6292
457 380 561 442 707

1677 356 2062 423 ΕΗἹἮῩΜῙΙ
2100 356 2466 423 ZIGABENI

3627 352 3724 417 708

457 513 610 572 pater
637 500 836 572 aliquis
865 499 1085 565 dicitur,
1117 509 1296 555 tamen
1321 497 1461 552 idem
1486 494 1710 549 alterius
1743 495 1886 550 ﬁlius
1918 493 2040 550 fuit.

2154 492 2241 545 καὶ
2291 492 2340 544 εἰ
2382 490 2497 556 υίὸς
2543 490 2794 560 λέγεται,
2840 488 2954 543 ἀλλ’
2989 487 3177 561 ἐτέρου
3226 485 3419 557 γέγονε
3622 505 3724 541 πα-

459 592 700 649 Tametsi
735 593 989 648 similiter
1019 591 1160 646 illius
1186 590 1311 661 quis
1337 589 1557 653 dicitur,
1590 598 1774 645 tamen
1799 586 1942 643 idem
1968 588 2047 642 al-

461 683 633 737 terius
677 690 763 737 est
805 691 979 752 pater.
1012 678 1169 736 Unde
1214 695 1321 736 non
1368 679 1588 750 proprie
1631 678 1686 731 in
1731 677 2046 734 hominibus

460 774 633 842 patris
664 781 717 827 et
745 772 842 826 ﬁlii
868 786 1066 825 nomen
1096 779 1368 826 servatur.
1400 768 1492 824 Sic
1517 768 1795 823 Abraham
1825 768 1917 838 qui
1946 767 2048 823 fuit

461 864 607 918 ﬁlius
638 862 850 928 Titane,
883 863 1025 916 idem
1057 861 1160 917 fuit
1193 871 1348 932 pater
1380 861 1552 916 Isaac.
1600 860 1866 915 Similiter
1894 857 2048 915 Isaac

461 956 553 1023 qui
584 955 727 1009 ﬁlius
759 963 877 1009 erat
907 953 1162 1020 Abrahae,
1198 954 1302 1008 l'uit
1344 962 1497 1023 pater
1526 951 1716 1019 Jacob,
1749 967 1922 1021 eaque
1965 960 2050 1006 est

464 1048 717 1100 humanae
759 1053 969 1100 natura:
1013 1046 1277 1101 conditio.
1310 1044 1448 1101 Nam
1497 1046 1599 1101 sibi
1644 1047 1876 1101 invicem
1923 1056 2050 1101 sunt

465 1147 666 1206 partes,
705 1142 760 1191 et
807 1137 1059 1207 quisquis
1105 1139 1367 1210 gignitur,
1409 1141 1581 1209 patris
1614 1149 1821 1211 partem
1863 1138 2048 1204 habet,

463 1239 524 1285 ut
547 1239 601 1285 et
632 1230 747 1300 ipse
772 1231 998 1286 alterius
1026 1232 1121 1286 ﬁat
1145 1242 1318 1301 pater.
1351 1230 1417 1287 At
1446 1248 1555 1288 non
1588 1234 1659 1288 ita
1690 1249 1748 1288 se
1775 1248 1863 1288 res
1890 1232 2055 1287 habet

464 1321 518 1375 in
566 1320 869 1377 divinitate.
914 1320 1026 1378 Nec
1058 1322 1204 1377 enim
1236 1323 1517 1377 hominum
1548 1323 1742 1378 similis
1771 1332 1854 1378 est
1885 1322 2051 1387 Deus,

464 1428 567 1467 nec
590 1413 820 1469 divisam
850 1414 1013 1469 habet
1059 1423 1334 1469 naturam.
1363 1413 1705 1485 Quapropter
1746 1430 1923 1486 neque
1966 1414 2053 1469 sui

465 1503 741 1559 divisione
783 1504 956 1559 lilium
1002 1513 1247 1575 generat,
1290 1514 1349 1559 ut
1384 1513 1438 1560 et
1470 1506 1587 1575 ipse
1631 1505 1858 1560 alterius
1902 1514 2055 1575 pater

467 1596 580 1661 ﬁat,
609 1612 731 1650 cum
761 1613 937 1667 neque
962 1598 1079 1668 ipse
1112 1600 1181 1653 sit
1210 1615 1275 1654 ex
1306 1606 1482 1669 patre,
1520 1614 1697 1670 neque
1729 1596 1900 1653 Filius
1927 1613 2055 1668 pars

467 1689 539 1743 sit
575 1688 772 1745 Patris.
802 1688 989 1760 Itaque
1014 1690 1187 1747 Filius
1212 1707 1321 1751 non
1357 1698 1601 1762 generat,
1638 1699 1701 1744 ut
1746 1691 1866 1760 ipse
1901 1688 2056 1760 geni-

468 1791 555 1835 tus
586 1791 690 1843 est,
728 1782 824 1836 sed
860 1793 1005 1838 totus
1033 1792 1116 1837 est
1150 1784 1320 1838 totius
1351 1784 1531 1854 imago
1554 1790 1610 1837 et
1639 1783 1897 1851 splendor
1924 1796 1937 1833 :
1974 1790 2058 1836 at-

462 1888 569 1942 que
603 1872 657 1925 in
694 1874 810 1928 sola
858 1874 1149 1929 divinitate
1193 1875 1360 1930 Pater
1405 1875 1625 1946 preprie
1665 1886 1749 1930 est
1791 1872 1973 1939 Pater,
2004 1882 2059 1929 et

466 1963 639 2020 Filius
688 1967 904 2036 proprie
950 1978 1035 2022 est
1076 1966 1251 2022 Filius
1292 1986 1305 2022 :
1344 1969 1436 2048 qui
1488 1968 1651 2023 Pater
1697 1982 1913 2036 semper
1957 1965 2059 2021 l‘uit

466 2057 647 2122 Pater,
678 2068 732 2114 et
760 2058 932 2113 Filius
961 2061 1169 2129 pariter
1198 2076 1413 2131 semper
1438 2062 1540 2117 fuit
1564 2060 1756 2114 Filius.
1788 2060 2060 2127 Quemad-

468 2153 685 2204 modum
723 2151 851 2204 item
884 2168 1167 2222 nunquam
1202 2153 1363 2208 Pater
1397 2153 1615 2207 futurus
1647 2163 1730 2208 est
1755 2151 1944 2214 Filius,
1978 2153 2059 2207 sic

466 2258 746 2312 nunquam
778 2241 951 2298 Filius
986 2242 1205 2300 futurus
1234 2254 1317 2300 est
1349 2244 1530 2300 Pater.
1568 2244 1633 2299 Et
1669 2253 1731 2301 ut
1775 2259 2056 2314 nunquam

464 2335 627 2393 Pater
653 2336 865 2391 desinet
900 2337 1054 2392 solus
1086 2352 1212 2393 esse
1241 2336 1404 2392 Pater
1430 2356 1444 2392 :
1474 2339 1548 2392 ita
1579 2337 1753 2393 Filius
1780 2353 2057 2408 nunquam

464 2427 680 2482 desinet
713 2442 835 2481 esse
881 2427 1032 2483 solus
1077 2426 1272 2483 Filius.
1316 2426 1488 2485 Nemo
1536 2429 1701 2499 igitur
1734 2428 1840 2483 nisi
1879 2438 2061 2483 mente

465 2527 658 2588 captus
700 2519 899 2573 dixerit
922 2520 1010 2573 vei
1040 2520 1368 2591 cogitaverit
1400 2519 1624 2576 fratrem
1664 2536 1786 2583 esse
1814 2520 1978 2584 Filio,
2007 2528 2062 2575 et

466 2624 664 2663 nomen
695 2608 779 2662 avi
821 2608 969 2664 Patri
1005 2612 1320 2666 convenire.
1358 2610 1499 2668 Hinc
1529 2612 1675 2667 enim
1706 2628 1975 2682 nusquam
2006 2612 2057 2666 in

464 2697 771 2767 Scripturis
802 2701 973 2754 sacris
1006 2698 1246 2769 Spiritus
1297 2701 1442 2757 [ilius
1493 2704 1675 2757 dictus
1711 2712 1818 2765 est.
1852 2719 1920 2757 ne
1952 2702 2058 2757 l‘ra-

466 2797 550 2841 ter
578 2804 700 2843 esse
738 2789 1149 2845 existimaretur
1192 2809 1205 2845 :
1254 2791 1332 2845 uti
1369 2807 1471 2847 nec
1497 2792 1643 2847 [ilius
1676 2790 1825 2856 Filii,
1857 2809 1925 2846 ne
1952 2792 2060 2848 Pa-

466 2887 548 2935 ter
575 2895 714 2935 avus
740 2880 1077 2937 crederetur.
1114 2879 1226 2938 Sed
1269 2882 1467 2948 Filius,
1522 2882 1703 2939 Patris
1745 2892 1831 2938 est
1878 2885 2059 2952 ﬁlius;

972 3079 1059 3134 Ea:
1088 3082 1268 3135 eadem
1305 3078 1552 3151 epistola.

554 3214 700 3273 Fons
745 3226 801 3272 et
856 3218 947 3272 lux
1005 3219 1205 3274 dicitur
1262 3217 1442 3273 Pater.
1498 3216 1584 3272 Me
1642 3220 1805 3277 enim,
1853 3210 2052 3280 inquit,

483 3308 808 3378 reliquerunt
823 3294 1024 3379 fontem
1047 3327 1197 3380 aqua!
1211 3310 1339 3364 vim
1353 3310 1393 3363 ³.
1414 3310 1480 3364 Ει
1496 3324 1557 3364 ru
1566 3321 1715 3364 rsum
1740 3308 1794 3361 in
1814 3303 2054 3366 Boruch,

480 3400 626 3465 Quid
664 3410 764 3466 est,
801 3402 997 3471 inquit,
1042 3401 1235 3469 Israel,
1266 3406 1404 3474 quod
1440 3405 1494 3457 in
1528 3413 1677 3456 terra
1714 3400 2053 3454 inimicorum

481 3488 581 3540 es?
615 3486 899 3557 Reliquisti
934 3490 1129 3558 fontem
1178 3491 1472 3560 sapientior.
1504 3489 1569 3545 Et
1598 3488 1858 3553 Joannes,
1894 3486 2055 3549 Deus,

483 3574 685 3644 inquit,
726 3586 904 3630 noster
936 3578 1028 3631 lux
1045 3588 1122 3632 est
1147 3581 1189 3632 '.
1215 3578 1320 3633 Sed
1354 3576 1528 3634 Filius
1561 3579 1746 3640 etiam,
1779 3593 1890 3647 quo
1920 3575 2055 3630 foriti

481 3668 833 3735 respondeat,
892 3667 1089 3726 ﬂuvius
1140 3670 1363 3727 dicitur.
1428 3670 1670 3734 Fluvius,
1723 3670 1920 3739 inquit,
1960 3667 2058 3723 Dei

484 3758 714 3827 repletus
744 3770 821 3815 est
840 3763 993 3832 aquis
1014 3763 1055 3817 ⁸.
1081 3762 1344 3830 Splendor
1364 3774 1569 3819 autem.
1599 3775 1709 3833 quo
1732 3763 2055 3833 respondeat

483 3848 614 3901 luci.
647 3848 751 3913 Qui
781 3866 899 3903 cum
928 3852 1019 3918 sit,
1072 3853 1251 3923 inquit
1291 3852 1519 3917 Paulus,
1553 3852 1801 3922 splendor
1838 3854 2048 3923 glorior,

480 3946 530 3988 et
557 3937 728 4005 ﬁgura
751 3940 1063 3995 substantia:
1082 3943 1196 4008 ejus
1215 3941 1256 3996 ⁸.
1284 3942 1422 3997 Cum
1456 3943 1617 4013 igitur
1647 3940 1804 3997 Pater
1834 3942 1906 3997 sit
1938 3943 2053 4005 lux,

484 4025 659 4080 Filius
700 4039 881 4085 autem
933 4033 1192 4102 splendor
1223 4035 1395 4104 ipsius
1429 4033 1639 4104 (eadem
1686 4035 1831 4089 enim
1866 4033 1934 4089 de
1968 4033 2055 4087 his

487 4119 688 4185 strpins
724 4120 908 4175 dicere
959 4138 1064 4176 non
1098 4125 1432 4193 gravamur),
1470 4127 1595 4180 licet
1625 4126 1785 4179 etiam
1819 4126 1871 4179 in
1916 4123 2055 4179 Filio

483 4208 672 4263 videre
707 4207 995 4277 Spiritum,
1047 4213 1100 4268 in
1147 4229 1256 4282 quo
1289 4217 1681 4271 illuminamur.
1720 4212 1787 4267 Ut
1827 4214 1933 4277 det,
1969 4217 2053 4268 in-

483 4299 628 4364 quit,
656 4301 798 4353 vobis
847 4301 1104 4368 Spiritum
1163 4308 1461 4375 sapientia,
1516 4320 1565 4361 et
1624 4309 1961 4362 reuelationis
1995 4307 2051 4359 in

478 4388 777 4456 cognitione
806 4390 973 4459 ipsius
1029 4394 1361 4451 illuminatos
1399 4399 1578 4453 oculos
1607 4400 1781 4453 cordis
1805 4398 1848 4452 '.
1881 4398 2052 4453 Porro

2144 585 2287 656 τήρο
2331 580 2472 638 ὥστε
2516 584 2603 637 ἐπ’
2644 581 2948 655 ἀνθρώπων
2997 579 3071 652 μὴ
3115 577 3386 644 σώζεσθαι
3431 577 3637 649 κυρίως
3666 579 3725 632 τὸ

2146 674 2352 745 πατρὸς
2404 676 2499 729 καὶ
2551 674 2670 728 υἱοῦ
2711 674 2901 743 ὄνομα.
2961 670 3214 742 Ἀϐραὰμ
3259 670 3392 740 γοῦν
3421 710 3435 734 ,
3496 667 3611 733 υἱὸς
3654 669 3726 723 ὣν

2145 766 2240 821 τοῦ
2273 767 2510 840 Θάρρου,
2549 766 2732 837 πατὴρ
2764 765 2955 834 γέγονε
2986 762 3081 816 τοῦ
3125 763 3330 815 Ἰσαάκ·
3381 760 3478 814 καὶ
3526 761 3723 827 Ἰσαὰκ,

2147 858 2262 921 υἱὸς
2307 856 2384 911 ὢν
2425 858 2519 911 τοῦ
2564 856 2844 929 Ἀϐραὰμ,
2894 853 3076 926 πατὴρ
3121 854 3312 924 γέγονε
3356 852 3450 906 τοῦ
3495 851 3687 906 Ἰακὼϐ
3710 871 3722 882 ·

2147 951 2243 1004 καὶ
2271 949 2460 1003 τοῦτον
2490 949 2583 1003 τὸν
2616 950 2817 1021 τρόπον
2845 950 2878 1022 ὴ
2915 947 3078 1018 φύσις
3110 946 3217 1001 τῶν
3251 942 3555 1014 ἀνθρώπων
3582 942 3689 1015 ἔχει
3709 961 3722 973 ·

2158 1041 2298 1113 μέρη
2333 1041 2442 1113 γάρ
2488 1042 2625 1094 εἰσιν
2669 1038 2948 1110 ἀλλήλων·
2996 1038 3090 1091 καὶ
3128 1036 3357 1100 ἕκαστος
3397 1034 3726 1106 γεννώμενος

2155 1132 2387 1204 ἔχειτοῦ
2435 1132 2637 1202 πατρὸς
2674 1132 2859 1203 μέρος,
2897 1130 2986 1184 ἵνα
3019 1130 3112 1182 καὶ
3144 1129 3306 1191 αὐτὸς
3349 1128 3538 1199 ἑτέρου
3571 1126 3726 1197 γένη-

2150 1242 2238 1279 ται
2275 1226 2481 1297 πατήρ.
2527 1225 2652 1278 Ἐπὶ
2680 1224 2737 1277 δὲ
2774 1222 2874 1295 τῆς
2913 1221 3165 1293 θεότητος
3207 1221 3306 1273 οὐκ
3351 1218 3498 1273 ἔστιν
3540 1219 3726 1281 οὕτως.

2156 1317 2231 1370 Οὐ
2261 1317 2373 1389 γὰρ
2403 1315 2479 1379 ὡς
2510 1314 2795 1387 ἄνθρωπος
2828 1316 2856 1368 6
2887 1313 3040 1377 Θεὸς,
3067 1312 3191 1366 οὐδὲ
3224 1311 3589 1383 μεριζομένην
3622 1310 3731 1381 ἔχει

2153 1411 2354 1481 φύσιν·
2391 1409 2473 1463 διὸ
2667 1407 2788 1462 οὐδὲ
2832 1408 2998 1480 γεννᾷ
3028 1406 3160 1461 Υίὺν
3208 1403 3602 1477 μεριζόμενος,
3651 1404 3733 1457 ἵνα

2155 1503 2250 1556 καὶ
2290 1501 2453 1565 αὐτὸς
2488 1501 2712 1572 γένηται
2756 1499 2948 1571 Πατὴρ
2994 1499 3204 1569 ἐτέρου,
3240 1496 3363 1549 ἐπεὶ
3413 1495 3534 1567 μηδ’
3577 1495 3735 1558 αὑτός

2156 1594 2303 1646 ἐστιν
2335 1593 2399 1644 ὲκ
2437 1592 2650 1664 Πατρός
2672 1608 2686 1622 ⁸
2720 1589 2843 1645 οὔτε
2876 1588 2904 1644 6
2933 1590 3061 1654 Υἱὸς
3084 1588 3141 1643 δὲ
3176 1589 3341 1661 μέρος
3372 1590 3490 1641 ἐστὶ
3510 1587 3604 1639 τοῦ
3629 1588 3738 1641 Πα-

2156 1685 2283 1757 τρός
2303 1701 2316 1714 ·
2350 1684 2430 1736 διὸ
2463 1687 2558 1737 καὶ
2768 1683 2889 1737 οὐδὲ
2937 1684 3101 1754 γεννᾷ
3124 1724 3138 1746 ,
3189 1679 3379 1753 ὥσπερ
3419 1680 3737 1749 γεγέννηται

2158 1777 2341 1843 αὐτὸς,
2377 1777 2513 1831 ἀλλὰ
2538 1777 2658 1839 ὅλος
2692 1774 2840 1829 ἐστὶν
2868 1774 2992 1828 ὅλου
3027 1771 3190 1827 εἰκὼν
3216 1773 3313 1827 καὶ
3357 1770 3699 1841 ἀπαύγασμα
3719 1786 3734 1799 ·

2087 1848 2129 1902 Β
2162 1872 2254 1925 καὶ
2284 1870 2377 1923 ἐπὶ
2408 1868 2508 1939 τῆς
2542 1867 2793 1938 θεότητος
2845 1866 3012 1938 μόνης
3069 1867 3099 1919 6
3147 1850 3338 1936 Πατὴρ
3390 1862 3593 1933 κυρίως
3624 1859 3741 1913 ἐστὶ

2161 1964 2354 2033 Πατήρ
2381 1979 2395 1992 ·
2433 1962 2525 2015 καὶ⁵
2554 1963 2582 2014 6
2608 1960 2755 2025 Υἱὸς,
2784 1958 2988 2032 κυρίως
3012 1954 3141 2021 Υἱός
3171 1958 3347 2009 ἐστιν·
3385 1955 3478 2007 καὶ
3506 1953 3598 2006 ἐπὶ
3623 1953 3745 2005 τού·

2163 2070 2269 2106 των
2320 2052 2518 2123 ἕστηκε
2559 2051 2621 2104 τὸ
2662 2050 2852 2120 Πατὴρ
2888 2051 2974 2103 ἀεὶ
3001 2048 3214 2120 Πατὴρ,
3246 2046 3340 2100 καὶ
3370 2044 3433 2097 τὸ
3620 2038 3747 2094 Υἱὸς

2163 2144 2249 2197 ἀεὶ
2279 2143 2429 2207 Υἱός.
2458 2142 2570 2197 Καὶ
2596 2141 2785 2213 ὥσπερ
2814 2142 2915 2195 οὐκ
2939 2139 3004 2194 ἂν
3035 2139 3120 2203 εἴη
3152 2138 3282 2191 ποτὲ
3315 2139 3343 2191 6
3374 2136 3565 2208 Πατὴρ
3596 2135 3747 2199 Υἱὸς,

2122 2302 2140 2317 .
2165 2236 2339 2303 οὕτως
2370 2228 2479 2291 οὒκ
2501 2236 2565 2291 ἄν
2595 2254 2726 2291 ποτε
2746 2237 2958 2304 γένοιτο
2980 2233 3009 2286 6
3032 2234 3160 2297 Υἱὸς
3186 2234 3396 2303 Πατήρ.
3429 2232 3538 2285 Καὶ
3560 2229 3749 2301 (Bo-mp

2165 2331 2227 2384 οὐ
2254 2328 2519 2384 παύσεταί
2551 2344 2680 2382 ποτε
2722 2330 2750 2381 6
2782 2328 2975 2400 Πατὴρ
3018 2326 3177 2398 μόνος
3218 2324 3294 2377 ὢν
3341 2323 3554 2395 Πατὴρ,
3576 2321 3750 2385 οὕτως

2163 2421 2225 2474 οὐ
2252 2420 2520 2475 παύσεταί
2546 2438 2674 2474 ποτε
2696 2421 2724 2473 6
2758 2419 2886 2483 Υἱὸς
2915 2418 3077 2491 μόνος
3106 2416 3182 2472 ὣν
3226 2418 3375 2482 Υἱός.
3412 2418 3596 2471 Μανία
3640 2416 3752 2485 ἄρα

2164 2515 2268 2571 κᾶν
2296 2516 2435 2579 ὅλως
2467 2514 2817 2587 ἐνθυμεῖσθαι
2851 2517 2945 2569 καὶ
2967 2514 3149 2583 λέγειν
3180 2513 3275 2568 ἐπὶ
3308 2513 3404 2584 μὲν
3433 2512 3566 2565 Υἱοῦ
3594 2510 3753 2564 ἀδελ-

2166 2609 2286 2679 φὺν,
2322 2609 2415 2660 ἐπὶ
2448 2607 2505 2661 δὲ
2537 2608 2749 2679 Πατρὸς
2775 2608 2836 2661 τὸ
2859 2606 3084 2660 πάππου
3253 2604 3444 2675 ὄνομα.
3475 2604 3610 2656 Οὐδὲ
3640 2601 3755 2672 γὰρ

2164 2697 2460 2769 ὠνομάσθη
2490 2698 2548 2752 ὲν
2581 2700 2699 2762 ταῖς
2731 2698 2976 2769 Γραφαϊς
3020 2696 3135 2759 υίὸς
3164 2694 3226 2750 τὸ
3264 2695 3510 2766 Πνεῦμα,
3548 2695 3634 2747 ἵνα
3671 2693 3757 2764 μὴ

2164 2788 2393 2860 ἁδελφὸς
2426 2790 2655 2863 νομισθῇ
2688 2808 2701 2820 ·
2734 2790 2855 2843 οὐδὲ
2886 2789 3002 2855 υίὸς
3032 2788 3127 2842 τοῦ
3169 2786 3322 2853 Υἱοῦ,
3358 2787 3443 2840 ἵνα
3479 2787 3555 2857 μὴ
3601 2786 3758 2838 πάπ-

2164 2896 2265 2948 πος
2298 2885 2469 2937 νοοῖτο
2646 2885 2675 2936 6
2708 2880 2899 2953 Πατήρ
2922 2898 2934 2910 ·
2971 2881 3085 2936 ἀλλ’
3128 2883 3157 2935 6
3208 2880 3359 2945 Υἱὸς,
3392 2878 3486 2932 τοῦ
3540 2876 3759 2946 Πατρδς

2533 3058 2633 3112 Ἐκ
2664 3057 2774 3125 τῆς
2803 3055 2991 3125 αὐτῆς
3016 3056 3366 3125 επιστολῆς.

2224 3180 2407 3267 Ilii-ri),
2442 3196 2542 3250 καὶ
2573 3194 2691 3263 φῶς
2720 3195 2941 3264 λέγεται
2965 3198 2994 3249 6
3023 3196 3235 3266 Πατήρ.
3288 3194 3428 3263 Ἐμὲ
3458 3195 3593 3262 τὰρ,
3624 3210 3739 3263 φης

2156 3289 2262 3355 civ,
2292 3289 2691 3357 ἐγκατέλιπον
2709 3289 2917 3357 πηγὴν
2942 3289 3165 3355 ὕδατος
3194 3286 3434 3353 ζῶντος.
3471 3286 3581 3340 Καὶ
3623 3289 3707 3341 πά
3724 3319 3737 3329 -

2153 3382 2238 3434 λιν
2267 3382 2323 3434 ὲν
2354 3380 2433 3451 τῷ
2464 3380 2706 3451 Βαρούχ·
2751 3381 2813 3435 Τί
2844 3383 3015 3434 ἐστιν
3051 3380 3318 3447 Ἰσραὴλ,
3344 3378 3438 3431 ὅτι
3463 3378 3534 3431 ἐν
3554 3376 3629 3445 τῇ
3656 3378 3741 3447 τῇ

2153 3474 2274 3530 τῶν
2316 3475 2547 3544 ἐχθρῶν
2598 3475 2692 3541 si;
2738 3475 3154 3543 Ἐγκατέλιπες
3208 3473 3324 3539 τὴν
3367 3473 3573 3540 πηγὴν
3619 3470 3740 3538 τῆς

2154 3569 2399 3637 σοφίας.
2455 3569 2566 3622 Καὶ
2605 3567 2749 3621 κατὰ
2798 3569 2891 3621 τὸν
2937 3568 3214 3636 Ἰωάννην,
3263 3568 3329 3619 '0
3377 3566 3525 3631 Θεὸς
3564 3566 3741 3634 ἡμῶν

2153 3661 2279 3729 φῶς
2311 3664 2465 3717 ἐστι.
2498 3661 2733 3729 Λέγεται
2766 3660 2824 3714 δὲ
2855 3661 2950 3714 καὶ
2984 3661 3012 3713 6
3038 3659 3188 3725 Υἱὸς,
3209 3660 3286 3723 ὡς
3319 3659 3420 3729 μὲν
3447 3658 3585 3729 πρὸς
3616 3658 3728 3728 τὴν

2153 3757 2338 3825 πηγὴν
2372 3754 2637 3823 ποταμός.
2670 3753 2737 3806 Ὅ
2763 3753 3030 3822 ποταμὸς
3071 3753 3203 3821 γὰρ,
3239 3752 3397 3823 φησι,
3428 3752 3537 3806 τοῦ
3583 3752 3737 3807 Θεοῦ

2156 3848 2485 3915 ἐπληρώθη
2521 3846 2781 3910 ὑδάτων,
2815 3845 2954 3915 πρὸς
2998 3843 3056 3898 δὲ
3109 3844 3170 3898 τὸ
3217 3842 3333 3914 φῶς
3358 3844 3730 3913 ἀπαύγασμα,

2153 3938 2407 4008 λέγοντος
2441 3934 2537 3991 τοῦ
2588 3937 2827 4003 Παύλου,
2860 3937 2918 3999 6;
2948 3936 3024 3990 ὢν
3049 3932 3393 4006 ἀπαύγασμα
3420 3937 3522 4004 τῆς
3548 3936 3732 4005 δόξης,

2154 4032 2251 4084 καὶ
2280 4030 2569 4102 χαρακτὴρ
2618 4032 2718 4101 τῆς
2767 4030 3125 4093 ὑποστάσεως
3160 4022 3350 4083 αὑτοῦ.
3401 4026 3508 4082 Τοῦ
3548 4029 3732 4081 τοίνυν

2155 4123 2367 4193 Πατρὸς
2409 4123 2587 4190 φωτὸς
2620 4118 2795 4186 ὄντος,
2858 4121 2953 4173 τοῦ
2987 4120 3046 4173 δὲ
3100 4120 3231 4174 Υίοῦ
3292 4119 3733 4191 ἁπαυγάσματος

2154 4212 2348 4267 αὐτοῦ’
2383 4214 2451 4267 τὰ
2476 4213 2618 4267 αὐτὰ
2650 4213 2760 4284 γὰρ
2809 4212 2941 4285 περὶ
2972 4213 3181 4266 τούτων
3216 4212 3317 4266 οὐκ
3356 4212 3616 4282 ὀκνητέον
3638 4212 3731 4264 λέ.

2155 4321 2274 4372 γειν
2331 4304 2635 4369 πολλάκις·
2691 4304 2901 4371 ἔξεστιν
2962 4308 3094 4378 ὁρᾷν
3150 4307 3246 4361 καὶ
3298 4306 3357 4360 ἂν
3408 4306 3488 4377 τῷ
3517 4305 3631 4375 Υίῷ
3672 4307 3735 4358 τὸ

2156 4397 2401 4468 Πνεῦμα,
2432 4392 2562 4467 ὲνηῷ
2615 4400 2987 4470 φωτιζόμεθα.
3044 4401 3172 4455 ἰνα
3216 4400 3347 4472 γὰρ,
3410 4397 3731 4469 φησὶ,δῴη

483 4490 611 4530 cum
651 4478 1026 4535 illuminamur
1051 4482 1278 4551 Spiritu,
1303 4487 1555 4542 Christus
1587 4499 1688 4549 est,
1725 4488 1816 4557 qui
1849 4488 1902 4540 in
1930 4491 2049 4556 ipso

2154 4489 2293 4557 ὑμῖν
2343 4490 2587 4559 Πνεῦμα
2633 4492 2858 4560 σοφίας
2882 4491 2980 4546 καί
3006 4491 3451 4561 ἀποκαλύψεως
3491 4492 3564 4546 ἐν
3605 4491 3733 4544 ἐπι-

482 4567 776 4625 illuminat.
801 4573 936 4626 Erat
958 4574 1126 4639 enim,
1154 4577 1347 4646 inquit,
1367 4579 1466 4632 lux
1480 4594 1617 4643 vera,
1648 4592 1765 4650 qua:
1790 4580 2055 4634 illuminat

484 4670 693 4714 omnem
732 4664 996 4718 hominem
1022 4668 1317 4726 _venientem
1357 4669 1411 4722 in
1454 4669 1762 4724 mundum‘.
1787 4670 2052 4725 Praeterea

484 4764 616 4805 eum
669 4751 828 4807 Pater
872 4754 943 4809 sit
974 4754 1116 4819 fons,
1146 4756 1320 4812 Filius
1358 4766 1536 4813 autem
1570 4758 1768 4815 ﬂuvius
1814 4759 2051 4825 dicatur,

485 4854 621 4932 ne:
621 4842 862 4899 dicimur
900 4845 1163 4916 Spiritum
1204 4848 1392 4905 bibere
1419 4864 1436 4918 ;
1462 4848 1723 4918 scriptum
1752 4851 1894 4906 enim
1927 4861 2008 4906 est
2037 4869 2050 4905 :

480 4932 753 5001 Quoniam
772 4952 949 4991 omnes
978 4954 1071 4993 nos
1093 4956 1198 4995 uno
1220 4939 1426 5011 Spiritu
1448 4944 1619 5011 potati
1642 4958 1822 4999 sumus
1838 4944 1883 4999 '.
1914 4944 2051 5000 Cum

482 5033 666 5080 autem
703 5038 957 5095 potamur
1008 5030 1238 5100 Spiritu,
1274 5032 1550 5089 Christum
1593 5034 1848 5090 bibimus.
1900 5033 2056 5088 Bibe-

484 5115 615 5171 δοκι
648 5120 810 5185 enim,
842 5120 1042 5189 inquit,
1074 5136 1140 5177 ea:
1168 5127 1497 5195 consequenti
1541 5141 1629 5180 eos
1674 5136 1857 5194 petra,
1902 5138 2053 5197 petra

481 5216 669 5262 autent
692 5220 807 5264 erat
851 5210 1093 5266 Christus
1115 5213 1160 5269 ⁸.
1185 5213 1270 5270 Ad
1304 5216 1418 5272 haec
1455 5232 1577 5273 cum
1607 5217 1856 5273 Christus
1890 5230 2055 5275 verus

491 5301 566 5356 sit
596 5301 790 5367 Filius,
823 5318 924 5360 nos
957 5304 1218 5375 Spiritum
1246 5309 1596 5379 accipientes,
1624 5310 1889 5365 ellicimur
1927 5312 2044 5366 ﬁlii.

2158 4580 2375 4650 γνώσει
2411 4583 2598 4636 αὐτοῦ
2642 4589 3139 4653 πεφωτισμένους
3182 4587 3326 4652 τοὺς
3381 4584 3731 4655 ὀφθαλμοὺς

2159 4672 2271 4741 τῆς
2300 4674 2568 4742 καρδίας.
2605 4675 2695 4745 Τῷ
2730 4677 2786 4730 δὲ
2817 4676 3097 4748 Πνεύματι
3124 4679 3516 4749 φωτιζομένων
3547 4680 3581 4749 ή
3591 4678 3728 4748 μῶν,

2158 4767 2446 4836 ὁΧριστός
2502 4770 2653 4822 ἐστιν
2700 4772 2729 4824 6
2762 4773 2820 4823 ὲν
2874 4771 3026 4840 αὐτῷ
3084 4770 3356 4840 φωτίζων.
3420 4766 3540 4825 Ἤν
3599 4774 3727 4840 γὰρ,

2160 4859 2317 4927 φησὶ,
2358 4864 2422 4914 τὸ
2452 4860 2578 4930 φῶς
2606 4862 2672 4915 τὸ
2710 4863 3023 4930 ἀληθινὸν,
3057 4864 3088 4917 ὃ
3124 4848 3354 4933 φωτίζίει
3386 4862 3586 4917 πάντα
3629 4863 3729 4917 ἆν-

2159 4954 2396 5017 θρωπον
2443 4953 2775 5021 ἐρχόμενον
2825 4956 2909 5021 εις
2935 4956 3042 5008 τὸν
3069 4960 3320 5025 κόσμον.
3358 4956 3528 5010 Πάλιν
3553 4974 3613 5010 τε
3638 4953 3728 5008 τοῦ

2159 5043 2373 5112 Πατρὸς
2404 5044 2559 5107 ὄντος
2593 5046 2799 5115 πηγῆς,
2836 5046 2930 5101 τοῦ
2963 5047 3020 5101 δὲ
3056 5046 3185 5101 Υἱοῦ
3218 5047 3464 5118 ποταμοῦ
3502 5047 3730 5119 λεγομέ-

2157 5152 2273 5197 νου,
2311 5134 2491 5188 πίνειν
2519 5139 2794 5206 λεγόμεθα
2848 5140 2908 5193 τδ
2966 5136 3212 5210 Πνεῦμα.
3248 5140 3569 5213 Γέγραπται
3601 5142 3724 5210 γὰρ.

2157 5228 2287 5280 Ὅτι
2319 5226 2493 5295 ἡμεῖς
2514 5228 2743 5294 πάντες
2766 5229 2836 5284 ἓν
2860 5231 3105 5302 Πνεῦμα
3122 5233 3559 5303 ἐποτίσθημεν,
3583 5235 3641 5286 τὸ
3668 5234 3722 5286 δὲ

2157 5318 2378 5389 Πνεῦμα
2412 5319 2763 5392 ποτιζόμενοι
2796 5326 2886 5376 τὸν
2932 5322 3168 5395 Χριστὸν
3191 5324 3442 5395 πίνομεν.
3476 5326 3725 5380 Ἕπινον

494 5388 621 5449 Non
650 5396 787 5450 enim
830 5399 1127 5468 accepistis,
1174 5401 1372 5472 inquit,
1414 5403 1673 5472 Spiritum
1708 5406 1972 5459 servitutis
2002 5407 2055 5458 in

2154 5412 2262 5479 γὰρ
2291 5388 2360 5464 ἐκ
2390 5388 2805 5483 πνευματικῆς
2831 5388 3296 5483 ἀκολουθούσης
3319 5388 3569 5482 ’πέτραςκ
3600 5416 3637 5482 ὴ
3662 5410 3725 5463 δὲ

481 5486 760 5557 timorem,
800 5491 891 5545 sed
934 5495 1207 5562 accepistis
1261 5494 1524 5563 Spiritum
1564 5497 1862 5567 adoptionis
1903 5496 2046 5567 ﬁlio-

483 5592 602 5631 rum
626 5581 671 5634 '.
706 5581 841 5636 Cum
907 5596 1085 5642 autem
1132 5601 1226 5657 per
1291 5587 1554 5659 Spiritum
1608 5590 1949 5675 adaptemur,
2001 5588 2056 5644 in

562 5734 580 5764 ¹
604 5733 805 5811 ,σει-(ειη.
842 5752 903 5803 ιι,
937 5740 1024 5793 15.
1103 5741 1360 5811 'anch
1396 5759 1483 5809 ιιι,
1507 5744 1596 5809 10,
1629 5744 1719 5800 12.
1799 5747 1818 5777 ⁸
1847 5744 1868 5799 l
1899 5742 2056 5800 Joan.
2098 5763 2139 5811 ι,
2163 5746 2219 5803 5.

491 5800 581 5855 Π.
656 5804 676 5835 ⁷
705 5799 937 5873 δοεηζι,
983 5816 1040 5866 9.
1113 5810 1135 5843 ⁸
1167 5811 1330 5869 lCor.
1364 5799 1594 5882 xn,'l5.'
1674 5799 1754 5869 ⁹ΠΙ
1788 5815 1914 5875 Cor.
2038 5817 2095 5870 4ο

2162 5499 2349 5567 πέτρα
2368 5496 2447 5571 ἦν
2470 5504 2505 5557 ό
2536 5504 2816 5572 Χριστός.
2850 5503 2958 5557 Καὶ
2991 5506 3154 5559 πάλιν
3175 5504 3270 5558 τοῦ
3306 5505 3544 5575 Χριστοῦ
3575 5505 3724 5562 δντος

2164 5592 2422 5660 ἀληθινοῦ
2463 5595 2613 5663 Υἰοῦ,
2661 5596 2825 5666 ἡμεῖς
2852 5596 2912 5650 τὺ
2947 5595 3172 5667 Πνεῦμα
3204 5596 3573 5667 λαμϐάνοντες
3622 5597 3726 5648 υἱο-

2313 5748 2336 5781 δ
2368 5746 2513 5805 Psal.
2548 5765 2696 5817 inv,
2730 5750 2818 5807 10.
2910 5755 2932 5786 ⁸
2961 5752 3126 5808 llebr.
3164 5768 3204 5820 ι,
3237 5753 3291 5808 3.
3391 5753 3412 5783 ⁶
3446 5752 3646 5822 Ephes.
3673 5762 3711 5807 ι,
