4100 6290
325 373 432 438 713

1294 365 1660 428 ΡᾹΝΟΙἼΛΑ
1705 360 2158 423 DOGMATICA.
2202 383 2268 396 ·-··
2300 357 2449 418 ΤΙΤ.
2480 355 2614 417 ΧΠ.

3485 342 3589 407 7H

330 492 435 556 τῆς
465 489 760 558 σφραγῖδος
793 487 923 556 πρὸ.
947 486 1014 538 τὰ
1040 484 1300 555 χριόμενα
1333 485 1426 535 καὶ
1453 481 1904 550 σφραγιζόμενα;

2028 477 2274 546 inguenti
2309 475 2542 545 ctsigilli
2582 487 2701 528 esse
2749 478 2926 541 potest
2979 485 3102 526 cum
3161 470 3244 524 his
3283 469 3446 523 rebus
3469 482 3592 538 quae

326 579 546 635 Οὐκοῦν
582 581 674 634 καὶ
725 579 863 633 κατὰ
918 577 1075 631 τοῦτο
1120 578 1221 629 οὐκ
1273 577 1339 628 ἂν
1381 574 1468 644 είη
1515 574 1622 626 τῶν
1658 573 1902 626 πάντῶν.

327 675 406 726 Οὐ
471 673 577 738 γὰρ
635 671 816 738 ἂνεῖη
881 671 910 737 ἡ
982 672 1217 737 σφραγὶς
1294 669 1355 718 ἐκ
1427 665 1537 716 τῶν
1613 663 1909 734 σφραγιζο-

331 766 528 832 μένων,
552 763 672 814 οὐδὲ
703 762 764 812 τὺ
796 761 1004 828 χρίσμα
1031 761 1096 812 ὲκ
1127 758 1235 810 τῶν
1268 758 1598 827 χριομένωνο
1630 755 1743 806 ἀλλ’
1778 755 1908 808 ίδιόν

327 860 450 910 ἐστι
479 855 637 908 τοῦτο
667 854 763 906 τοῦ
792 854 1040 923 χρίοντος
1071 854 1164 903 καὶ
1189 851 1588 919 σφραγίζοντος
1616 847 1813 913 Λόγου.
1836 845 1909 898 T0

334 951 438 1017 μὲν
463 948 569 1017 γὰρ
591 947 799 1016 χρίσμα
825 946 923 1013 τὴν
943 944 1175 998 εὐωδίαν
1201 945 1293 997 καὶ
1323 942 1496 1008 πνοὴν
1515 938 1610 993 τοῦ
1635 939 1913 1009 χρίοντοος

335 1043 453 1110 ἔχει
476 1082 490 1102 ,
523 1043 616 1094 καὶ
647 1041 696 1091 οἱ
740 1039 1014 1107 χριόμενοι
1054 1036 1244 1088 τούτου
1287 1032 1795 1104 μεταλαμϐάνοντες
1820 1029 1912 1081 λέ-

335 1146 371 1195 γ
387 1141 532 1180 ιυσι·
584 1145 600 1176 ι
633 1125 871 1194 Χριστοῦ
901 1124 1099 1177 εὐωδία
1126 1123 1288 1189 ἐσμέν
1313 1138 1327 1154 ο
1358 1140 1376 1171 ι
1406 1122 1438 1188 ἡ
1463 1120 1517 1172 δὲ
1551 1119 1790 1189 σφραγὶς
1816 1117 1914 1185 τὴν

348 1219 568 1290 μορφὴν
597 1216 837 1288 Χριστοῦ
879 1215 972 1270 τοῦ
1028 1212 1420 1284 σφραγίζοντος
1468 1210 1602 1280 ἔχει,
1645 1211 1741 1263 καὶ
1778 1207 1914 1260 ταύ-

332 1328 438 1380 της
470 1310 518 1361 ἰι
568 1307 997 1375 σφραγιξὸμενοι
1045 1305 1352 1374 μετέχουσι,
1388 1299 1758 1371 μορφοῦμενοι
1791 1298 1914 1350 κατ’

333 1403 530 1471 εὐτὴν,
563 1401 813 1467 λέγοντος
845 1398 937 1449 τοῦ
970 1397 1298 1449 Ἀποστόλου
1327 1411 1340 1425 ·
1375 1413 1392 1444 ι
1441 1395 1642 1446 Τεκνία
1674 1409 1799 1461 μου,
1819 1388 1917 1450 οὓς

335 1493 504 1544 πάλιν
533 1491 728 1551 ὠδίνω,
769 1489 928 1557 ἄχρις
953 1480 1012 1539 οῦ
1047 1485 1312 1553 μορφωθῇ
1345 1482 1578 1552 Χριστὸς
1609 1483 1668 1534 ὲν
1703 1481 1850 1550 ὑμῖν.
1893 1497 1912 1530 ι

338 1579 503 1632 (ιῦτω
571 1579 623 1630 δὲ
685 1574 1142 1646 σφραγιζόμενοι,
1208 1571 1440 1633 εἰκότως
1504 1571 1598 1623 καὶ
1670 1567 1920 1622 κοινωνοὶ

339 1673 494 1732 (sia;
544 1669 756 1738 φύσεως
799 1665 1096 1734 γινόμεθα,
1145 1663 1219 1725 ὡς
1269 1657 1427 1715 εἶπεν
1473 1663 1501 1713 0
1547 1659 1773 1730 Πέτρος,
1825 1659 1921 1711 καὶ

335 1763 486 1816 οὗτοι)
546 1762 761 1830 μετέχει
820 1760 970 1810 πᾶσα
1027 1760 1060 1826 ἡ
1114 1757 1293 1818 κτίσις
1338 1752 1434 1807 τοῦ
1494 1753 1672 1820 Λόγου
1731 1753 1789 1805 ὲν
1845 1749 1924 1820 τῷ

2028 1753 2222 1818 dimur,
2253 1753 2330 1805 uti
2361 1753 2517 1804 docet
2547 1749 2741 1804 Petrus

342 1854 618 1923 11νεύματι
645 1851 841 1922 [ΙΙατρί
869 1852 951 1904 ed.
990 1846 1246 1918 Moldav.]

539 1937 644 1988 Kal.
676 1933 763 1986 διὰ
794 1931 888 1984 τοῦ
922 1929 1236 2000 Πνεῦματος
1260 1927 1530 1999 λεγόμεθα
1568 1926 1768 1989 πάντες
1791 1926 1923 1996 μέτ-

334 2043 456 2100 οχοι
503 2024 596 2078 τοῦ
626 2022 782 2076 Θεοῦ·
837 2041 855 2072 ι
894 2022 1006 2074 Οὐκ
1053 2021 1252 2082 οἴδατε,
1313 2020 1420 2088 γάρ
1449 2035 1632 2089 φησιν,
1686 2018 1766 2071 ὅτι
1799 2017 1925 2080 ναὸς

335 2120 476 2173 Θεοῦ
505 2119 650 2179 ἐστε,
682 2115 774 2169 καὶ
798 2115 859 2168 τὸ
894 2114 1115 2184 Πνεῦμα
1135 2111 1230 2165 τοῦ
1254 2111 1388 2164 Θεοῦ
1418 2112 1475 2164 ὲν
1503 2113 1630 2181 ὑμῖν
1654 2113 1826 2175 οίκεί;
1860 2111 1928 2164 EI

337 2230 423 2275 τις
444 2212 535 2264 τὸν
561 2211 686 2263 ναὸν
712 2208 804 2261 τοῦ
857 2205 989 2260 Θεοῦ
1017 2205 1246 2276 φθείρει,
1281 2202 1469 2273 φθερεῖ
1513 2201 1701 2256 τοῦτον
1721 2203 1749 2254 ό
1771 2202 1920 2264 Θεός.

349 2305 410 2356 '0
457 2299 564 2372 γὰρ
596 2299 721 2361 ναὸς
767 2297 860 2350 τοῦ
924 2295 1060 2348 Θεοῦ
1120 2294 1274 2363 ἆγιός
1325 2295 1494 2357 ἐστιν,
1547 2293 1742 2356 οἵτινές
1796 2294 1918 2346 ἐστε

336 2394 554 2463 ὑμεῖς.»
585 2391 646 2443 Ei
681 2389 884 2458 κτίσμα
919 2387 975 2440 δὲ
1005 2382 1072 2457 ἦν
1118 2385 1179 2438 τὸ
1219 2383 1444 2455 Πνεῦμα
1500 2384 1562 2435 τὸ
1617 2384 1792 2451 ἅγιον,
1827 2385 1926 2437 οὐκ

336 2486 408 2542 ἄν
441 2503 524 2547 τις
553 2486 610 2536 ὲν
643 2483 791 2552 αὐτῷ
827 2480 1087 2552 μετουσία
1139 2477 1232 2531 τοῦ
1260 2477 1396 2530 Θεοῦ
1431 2477 1640 2545 γένοιτο
1755 2475 1884 2543 ἡμῖν
1909 2493 1922 2506 ο

338 2577 461 2630 ἀλλ’
495 2575 526 2646 ἢ
560 2576 666 2645 ἀρα
701 2575 956 2644 κτίσματι
1010 2573 1106 2642 μὲν
1140 2568 1544 2640 συνηπτόμεθα,
1575 2567 1844 2639 ἀλλότριοι
1870 2567 1926 2620 δὲ

337 2669 446 2738 τῆς
478 2667 627 2730 θείας
660 2666 874 2735 φύσεως
930 2661 1240 2733 ἐγινόμεθα,
1307 2662 1382 2723 ὡς
1436 2660 1576 2714 κατά
1621 2659 1786 2730 μηδὲν
1827 2660 1925 2711 αὐ-

337 2760 444 2828 τῆς
584 2757 922 2828 μετέχοντες.
981 2755 1096 2808 Νῦν
1152 2753 1228 2814 δὲ,
1265 2754 1352 2806 ὅτε
1411 2751 1681 2822 λεγόμεθα
1714 2751 1927 2821 μέτοχοι

340 2847 583 2919 Χριστοῦ
644 2850 737 2901 καὶ
797 2848 1010 2918 μέτοχοι
1064 2845 1219 2909 Θεοῦ,
1270 2844 1544 2897 δείκνυται
1593 2843 1653 2895 τὸ
1712 2843 1770 2895 ὲν
1800 2843 1931 2910 ἡμῖν

339 2939 558 3011 χρίσμα
590 2939 684 2991 καὶ
717 2940 750 3008 ἡ
813 2936 1048 3008 σφραγὶς
1097 2935 1172 3006 μὴ
1220 2929 1356 2987 οῦσα
1388 2934 1487 3002 τῆς
1518 2931 1628 2984 τῶν
1687 2929 1931 3000 γενητῶν

340 3030 586 3100 φύσεως,
610 3029 744 3082 ἀλλὰ
773 3030 870 3098 τῆς
1003 3027 1095 3080 τοῦ
1121 3025 1272 3090 Υἱοῦ,
1288 3025 1376 3078 διὰ
1393 3024 1485 3076 τοῦ
1508 3027 1564 3076 ἐν
1588 3022 1736 3091 αὐτῷ
1766 3021 1936 3074 Πνεύ-

343 3138 521 3192 ματος
557 3122 916 3183 συνάπτοντος
969 3121 1117 3190 ἡμᾶς
1178 3118 1256 3188 τῷ
1311 3116 1507 3187 Πατρί.
1565 3115 1737 3168 Τοῦτο
1768 3115 1878 3187 γὰρ
1906 3116 1934 3167 0

357 3213 638 3283 Ἰωάννης,
674 3213 748 3274 ὡς
779 3214 836 3265 ὲν
887 3215 998 3274 τοῖς
1053 3209 1362 3281 ἔμπροσθεν
1392 3209 1623 3278 εἴρηται,
1672 3207 1936 3262 διδάσκων

343 3303 606 3376 ἔγραψεν·
645 3321 664 3354 ι
713 3303 800 3357 Ἐν
855 3304 1026 3372 τούτῳ
1059 3300 1420 3371 γινώσκομεν,
1455 3303 1538 3354 ὅτι
1579 3301 1636 3352 ἐν
1683 3299 1761 3370 τῷ
1819 3299 1938 3370 Θεῷ

349 3395 606 3466 μένομεν,
634 3397 726 3448 καὶ
756 3395 917 3458 αὐτὸς
949 3396 1006 3447 ἐν
1057 3397 1210 3464 ἡμῖν,
1256 3394 1336 3446 ὅτι
1385 3394 1450 3444 ὲκ
1485 3391 1578 3444 τοῦ
1622 3390 1938 3460 Πνεῦματος

345 3486 519 3540 αὐτοῦ
549 3487 710 3550 αὐτὸς
742 3487 939 3540 ἔδωκεν
961 3489 1112 3555 ἡμῖν.
1153 3505 1171 3537 ι
1207 3486 1267 3537 Ei
1329 3484 1386 3542 δὲ
1413 3485 1478 3553 τῇ
1509 3482 1602 3534 τοῦ
1625 3483 1940 3552 ΙΙνεύματος

351 3578 616 3650 μετουσίᾳ
636 3577 898 3648 γινόμεθα
944 3575 1186 3629 κοινωνοὶ
1243 3573 1393 3637 θείας
1436 3574 1670 3643 φύσεως,
1711 3573 1940 3643 μαίνοιτ’

348 3667 422 3721 ἄν
447 3682 528 3728 τις
553 3666 724 3735 λέγων
757 3667 816 3719 τὸ
845 3665 1068 3733 Πνεῦμα
1090 3667 1186 3735 τῆς
1213 3664 1435 3734 κτιστῆς
1465 3664 1699 3732 φύσεως,
1742 3665 1835 3716 καὶ
1865 3663 1942 3733 μὴ

353 3759 460 3829 τῆς
483 3757 575 3812 τοῦ
605 3757 759 3813 Θεοῦ.
783 3758 878 3810 Διὰ
903 3757 1058 3810 τοῦτο
1092 3757 1200 3828 γὰρ
1229 3760 1324 3812 καὶ
1358 3759 1414 3809 ὲν
1440 3754 1519 3820 οἷς
1541 3757 1769 3825 γίνεται,
1791 3750 1934 3808 οῦτοι

348 3847 723 3901 θεοποιοῦνται
761 3865 775 3879 ·
921 3849 964 3900 εἰ
997 3847 1052 3900 δὲ
1079 3847 1331 3911 θεοποιεῖ,
1370 3849 1465 3900 οὐκ
1496 3847 1812 3916 ἀμφίϐολον,
1852 3845 1930 3900 ὅτι

347 3942 384 4009 ή
423 3938 608 3990 τούτου
639 3938 796 4004 φύσις
831 3939 964 3992 Θεοῦ
993 3940 1124 3993 ἐστι.
1154 3939 1262 3992 Καὶ
1288 3938 1366 3992 ἔτι
1399 3939 1455 3990 δὲ
1627 3937 1934 4008 φανερώτε-

351 4048 448 4102 ρον
472 4031 550 4092 si;
573 4031 850 4101 ἀναίρεσιν
901 4032 998 4102 τῆς
1038 4031 1300 4102 αἱρέσεως
1333 4028 1534 4099 ταύτης
1591 4031 1644 4080 ὲν
1702 4027 1778 4096 τῷ
1809 4029 1934 4080 ἐκα-

343 4122 528 4193 τοστῷ
561 4122 728 4195 τρίτῳ
772 4123 971 4194 ψαλμῴ
991 4123 1196 4194 ᾄδεται,
1245 4123 1320 4186 ὼς
1352 4121 1659 4193 ἔμπροσθεν
1690 4122 1932 4190 εἴπομεν

2017 579 2292 638 unguntur
2319 576 2372 620 et
2406 565 2728 635 signantur?
2755 562 2950 633 Nequit
2983 562 3208 631 proinde
3238 560 3352 615 ﬁeri
3381 570 3440 614 ut
3478 561 3594 629 ipse
3679 548 3688 596 λ

2016 662 2156 715 inter
2174 675 2259 714 res
2273 672 2462 711 omnes
2474 668 2807 710 numeretur.
2829 653 2935 709 Nec
2949 654 3090 707 enim
3105 653 3302 723 aliquis
3316 667 3381 705 ex
3404 653 3593 720 bisqui

2017 751 2322 819 signantur,
2351 747 2590 816 sigillum
2617 747 2732 814 ipse
2758 745 3021 798 dicendus
3052 744 3123 798 sit
3155 760 3169 797 :
3207 759 3306 799 nec
3340 742 3594 797 similiter

2017 842 2214 910 aliquis
2237 854 2302 893 ex
2334 839 2417 892 his
2455 854 2546 906 qui
2591 845 2889 906 unguntur,
2918 844 3251 899 unguentum
3296 837 3434 888 idem
3467 843 3592 890 erit.

2020 931 2124 986 Sed
2155 931 2206 986 id
2245 929 2522 998 preprium
2557 938 2640 981 est
2693 927 2944 995 ungentis
2993 938 3048 980 et
3093 928 3360 995 signautis
3407 923 3592 979 Verbi.

2023 1020 2361 1091 Unguentum
2389 1019 2606 1086 quidem
2643 1017 2896 1086 ungentis
2939 1016 3259 1070 suavitatem
3295 1027 3348 1068 et
3373 1017 3594 1070 odorem

2018 1113 2234 1176 retinet,
2255 1111 2409 1179 cujus
2439 1109 2730 1179 participes
2754 1107 2882 1163 facti
2913 1109 3001 1177 qui
3037 1119 3335 1177 unguntur,
3360 1110 3552 1163 dicunt
3579 1129 3591 1162 :

2027 1221 2044 1253 ι
2079 1201 2281 1255 Christi
2315 1200 2492 1253 bonus
2527 1200 2661 1253 odor
2693 1214 2886 1252 sumus
2943 1201 2977 1249 '.
3016 1216 3032 1247 ι
3076 1196 3324 1267 Sigillum
3359 1213 3488 1252 vero
3522 1198 3599 1250 si-

2021 1294 2236 1364 gnantis
2262 1292 2464 1345 Christi
2499 1290 2728 1359 cfligicm
2771 1297 2970 1352 servat,
2997 1291 3152 1356 cujus
3187 1292 3278 1359 qui
3319 1291 3603 1360 signantur

2018 1386 2310 1456 participes
2337 1385 2536 1451 effecti,
2562 1386 2627 1438 ad
2660 1400 2777 1438 eam
2805 1383 3239 1448 conformantur,
3278 1397 3334 1438 ut
3364 1386 3438 1439 ait
3459 1386 3605 1456 Apo-

2022 1477 2196 1532 stolus
2228 1494 2240 1528 :
2289 1495 2307 1527 ι
2347 1475 2525 1530 Filioli
2564 1477 2689 1538 mei,
2720 1491 2859 1546 quos
2893 1477 3087 1530 iterum
3138 1478 3398 1545 partui-io,
3432 1479 3605 1532 donec

2022 1565 2286 1620 formetur
2333 1565 2583 1620 Christus
2623 1565 2676 1618 in
2728 1565 2881 1620 vobis
2941 1563 2981 1618 ’.
3024 1582 3042 1614 ι
3092 1563 3204 1618 Hoc
3232 1574 3408 1617 autem
3443 1565 3605 1616 modo

2023 1658 2240 1728 signati,
2272 1659 2660 1712 convenienter
2698 1657 2897 1710 divina:
2931 1666 3138 1709 natura:
3171 1665 3454 1711 consortes
3485 1657 3606 1710 red-

2793 1743 2814 1772 ³
2849 1767 2862 1802 :
2901 1757 3064 1817 atque
3109 1751 3180 1803 ita
3223 1749 3489 1802 universa:
3519 1765 3606 1803 res

2023 1854 2216 1899 creata
2241 1841 2402 1895 Verbi
2434 1842 2487 1894 in
2522 1839 2726 1910 Spiritu
2757 1840 2894 1892 fiunt
2920 1841 3229 1908 participes.

2209 1935 2412 1988 Omnes
2444 1934 2696 1988 similiter
2744 1948 2838 2002 per
2873 1933 3136 2002 Spiritum
3185 1934 3277 1988 Dei
3319 1936 3610 2005 participes

2023 2027 2276 2081 dicimur.
2317 2045 2334 2075 ι
2369 2022 2623 2088 Nescitis,
2646 2025 2845 2094 inquit,
2877 2024 3002 2093 quia
3039 2027 3296 2095 templum
3331 2027 3421 2080 Dei
3449 2028 3608 2092 estis,

2023 2125 2077 2170 et
2095 2114 2331 2185 Spiritus
2358 2115 2450 2169 Dei
2477 2115 2688 2168 habitat
2714 2114 2766 2167 in
2793 2115 2986 2169 vobis?
3012 2113 3069 2168 Si
3092 2117 3215 2184 quis
3235 2118 3491 2186 templum
3513 2116 3607 2172 Dei

2024 2207 2329 2272 violaverit,
2353 2205 2630 2274 disperdet
2660 2205 2810 2258 illum
2838 2204 3002 2260 Deus.
3031 2204 3313 2275 Templum
3340 2209 3483 2260 enim
3513 2207 3608 2263 Dei

2026 2307 2275 2353 sanctum
2306 2304 2409 2360 est,
2438 2296 2581 2365 quod
2605 2296 2735 2350 estis
2763 2312 2860 2351 vos
2905 2297 2949 2351 ⁸.
2977 2315 2995 2348 ι
3030 2296 3134 2351 Sed
3167 2298 3210 2351 si
3230 2297 3463 2367 Spiritus
3481 2314 3610 2353 satis

2027 2396 2146 2441 ctus
2175 2402 2260 2442 res
2290 2394 2474 2441 creata
2497 2396 2640 2441 esset
2668 2425 2681 2450 ,
2714 2388 2860 2441 nulla
2891 2402 3022 2444 sane
3066 2389 3155 2443 llei
3182 2390 3610 2446 communicatio

2028 2479 2186 2534 nobis
2221 2479 2274 2533 in
2312 2480 2432 2547 ipso
2452 2489 2630 2545 esset;
2664 2481 2756 2534 sed
2787 2481 2861 2533 rei
2896 2490 3093 2534 creatae
3123 2481 3608 2550 coniungeremur,

2028 2578 2081 2624 et
2100 2570 2299 2624 divinae
2322 2580 2529 2626 natur-.e
2544 2572 2703 2627 alieni
2723 2588 2992 2638 essemus,
3011 2561 3195 2642 utpote
3216 2576 3362 2629 nulla
3381 2576 3433 2629 in
3461 2584 3614 2645 parte

2030 2659 2150 2728 ejus
2180 2658 2306 2714 facti
2343 2661 2654 2730 participes.
2691 2661 2847 2716 Nunc
2884 2679 3012 2719 vero
3036 2680 3161 2718 cum
3202 2665 3405 2721 Christi
3432 2677 3484 2722 et
3519 2666 3614 2723 Dei

2031 2750 2322 2818 participes
2347 2751 2615 2817 dicamur,
2642 2753 2830 2822 utique
2854 2763 3061 2808 constat
3095 2767 3429 2824 unguentum
3457 2768 3508 2812 et
3541 2759 3618 2814 si-

2033 2843 2246 2911 gillum,
2277 2843 2421 2910 quod
2453 2843 2506 2896 in
2539 2844 2696 2900 nobis
2730 2855 2832 2909 est,
2868 2861 2975 2899 non
3009 2847 3078 2900 ad
3108 2863 3290 2904 rerum
3323 2847 3612 2912 factarum,

2035 2934 2127 2988 sed
2159 2935 2225 2988 ad
2266 2933 2384 2987 Filii
2424 2945 2673 2990 naturam
2719 2938 3008 3006 pertinere,
3041 2939 3130 3007 qui
3175 2955 3274 2994 nos
3304 2955 3399 3009 per
3443 2941 3618 3010 Spiri-

2037 3032 2175 3091 tum,
2200 3026 2292 3094 qui
2324 3027 2375 3078 iu
2409 3029 2526 3096 ipso
2567 3038 2671 3093 cst,
2708 3027 2856 3082 Patri
2890 3030 3192 3099 eunjungit.
3242 3031 3478 3100 ldipsum
3517 3049 3617 3088 nos

1966 3149 2007 3204 Ο
2035 3112 2300 3180 Joannes,
2321 3115 2395 3168 uti
2425 3129 2590 3183 supra
2617 3115 2820 3169 dictum
2847 3125 2950 3178 est,
2969 3117 3052 3170 his
3077 3117 3256 3172 verbis
3277 3117 3470 3172 docet:
3508 3137 3526 3169 ι
3559 3117 3616 3172 1η

2043 3206 2145 3260 hoc
2162 3207 2542 3275 cOgnoscimns
2560 3209 2686 3275 quia
2704 3208 2754 3260 in
2778 3207 2887 3262 Deo
2920 3224 3224 3275 manemus,
3243 3210 3488 3279 etipsein
3519 3225 3621 3265 no-

2053 3296 2173 3363 bis;
2200 3299 2458 3367 quoniam
2486 3300 2552 3353 de
2565 3299 2767 3369 Spiritu
2789 3316 2888 3355 suo
2913 3284 3231 3356 deditnobis
3270 3307 3342 3356 ⁸.»
3368 3303 3424 3357 Si
3455 3319 3618 3372 porro

2039 3387 2278 3458 Spiritus
2317 3390 2816 3446 communicatione
2857 3392 3055 3447 divina:
3089 3402 3297 3447 natura:
3329 3404 3619 3450 consortes

2036 3479 2323 3542 eﬂicimur,
2348 3495 2508 3534 nemo
2547 3491 2694 3534 certe
2728 3481 2830 3536 nisi
2864 3483 3088 3536 insanus
3121 3483 3320 3536 dixerit
3348 3482 3614 3552 Spiritum

2039 3588 2147 3626 non
2183 3571 2300 3636 Dei,
2329 3574 2422 3626 sed
2451 3585 2646 3627 creatae
2677 3588 2798 3627 esse
2828 3584 3053 3627 naturae.
3084 3573 3192 3628 Nec
3220 3575 3363 3628 enim
3416 3576 3519 3629 alia
3552 3576 3619 3629 de

2039 3677 2204 3716 causa
2237 3662 2292 3716 hi
2321 3663 2373 3716 in
2405 3665 2605 3733 quibus
2639 3665 2727 3717 ille
2755 3673 2858 3729 est,
2888 3666 2962 3719 dii
3006 3666 3330 3721 elliciuntnr.
3379 3666 3534 3732 Quod
3573 3668 3620 3720 si

2034 3763 2164 3816 deos
2207 3761 2388 3822 efficit,
2432 3759 2658 3814 dubium
2705 3775 2812 3812 non
2847 3769 2950 3822 est,
2983 3761 3114 3828 quin
3155 3760 3270 3829 ejus
3295 3770 3488 3815 natura
3525 3763 3618 3814 Dei

2035 3851 2123 3905 sit.
2158 3849 2313 3916 Quod
2364 3851 2491 3904 item
2545 3851 2844 3906 centesimo
2893 3853 3052 3905 tertio
3106 3853 3315 3921 psalmo
3362 3853 3611 3918 habetur,

2035 3941 2238 3994 clarius
2264 3940 2442 3993 adhuc
2468 3951 2850 4010 argumentum
2882 3944 2944 3996 ad
2974 3945 3174 3996 hancce
3195 3941 3445 3997 hmresim
3464 3960 3615 3998 ever-

2035 4031 2251 4085 tendam
2291 4031 2449 4085 nobis
2474 4030 2803 4100 suppeditat,
2832 4043 2888 4086 ut
2917 4035 3027 4102 jam
3057 4035 3371 4089 monuimus
3396 4053 3409 4089 :
3446 4054 3463 4085 ι
3499 4035 3614 4088 Au-

2035 4121 2175 4176 feres
2210 4122 2460 4190 spiritum
2500 4136 2711 4185 eorum,
2929 4133 2981 4176 et
3018 4123 3288 4189 deficient,
3316 4134 3369 4179 et
3409 4126 3459 4178 in
3491 4127 3612 4194 pul-

351 4234 372 4264 ι
423 4213 755 4277 Ἀντανελεῖς
777 4215 836 4267 τὸ
866 4214 1081 4286 πνεῦμα
1115 4213 1315 4280 αὐτῶν,
1345 4213 1438 4266 καὶ
1479 4212 1808 4281 ὲκλείψουσι,
1844 4212 1927 4264 καὶ

2033 4229 2214 4268 verem
2243 4229 2402 4267 suum
2429 4223 2787 4268 revertentur.
2821 4214 3045 4270 Einittcs
3071 4215 3330 4285 Spiritum
3354 4227 3526 4282 tuutn,
3561 4227 3616 4270 et

346 4309 432 4369 είς
459 4307 550 4359 τὸν
582 4305 709 4376 χοῦν
739 4307 917 4360 αὐτῶν
967 4305 1401 4377 ἐπιστρέφουσιν.
1449 4302 1855 4368 Ἑξαποστελεῖς
1878 4302 1927 4356 τὸ

2033 4305 2387 4366 creabuutur,
2415 4314 2468 4359 et
2503 4305 2790 4360 reuovabis
2822 4303 3012 4359 faciem
3045 4317 3201 4361 terra:
3250 4310 3290 4360 ⁸.
3316 4326 3333 4359 ι
3381 4307 3445 4361 Ει
3475 4295 3614 4361 Pan-

349 4396 582 4467 Πνεῦμα
616 4415 730 4462 σου,
781 4399 872 4451 κα)⁸
917 4397 1321 4468 κτισθήσονται,
1375 4397 1468 4449 καὶ
1520 4393 1850 4458 ἀνακαινιεῖς
1877 4393 1927 4446 τὲ

2035 4398 2120 4451 lus
2147 4397 2259 4451 haec
2283 4396 2404 4451 Tito
2438 4396 2664 4451 scribit:
2702 4415 2719 4446 ι
2749 4395 2850 4451 Per
2877 4397 3156 4451 lavacrum
3182 4398 3614 4467 regenerationis

349 4489 644 4560 πρόσωπον
673 4491 771 4560 τῆς
806 4490 962 4560 γῆς.»
1005 4491 1060 4542 ὐ
1091 4489 1146 4541 δὲ
1181 4486 1390 4550 Παῦλος
1423 4487 1622 4556 γράφει
1746 4483 1889 4550 Τίτῳ
1919 4502 1927 4515 ι

2034 4501 2087 4544 et
2121 4490 2490 4544 renovationis
2523 4487 2757 4558 Spiritus
2787 4489 2984 4555 sancti,
3020 4505 3180 4557 quem
3218 4489 3409 4543 effudit
3433 4491 3484 4544 in
3514 4505 3615 4544 nos
3677 4517 3679 4519 ι

354 4581 488 4633 «Διά
515 4580 738 4651 λουτροῦ
769 4580 1186 4649 παλιγγενεσίας
1215 4581 1308 4633 καὶ
1335 4577 1748 4640 ἀνακαινώσεως
1770 4575 1927 4628 Πνεῦ-

2034 4583 2249 4638 abunde
2265 4598 2358 4650 per
2377 4580 2562 4636 Jesum
2582 4581 2859 4636 Christum
2910 4587 2948 4634 ⁷.
2979 4601 2996 4633 ι
3022 4581 3076 4634 Si
3121 4582 3285 4650 igitur
3312 4581 3470 4635 Pater
3496 4597 3615 4634 om-

351 4687 524 4742 ματος
546 4671 722 4738 ἁγίου,
745 4663 804 4723 οῦ
835 4671 1046 4741 ἐξέχεεν
1073 4672 1157 4739 ἐφ’
1197 4671 1344 4742 ἡμᾶς
1371 4668 1642 4732 πλουσίως
1697 4667 1780 4721 διὰ
1829 4669 1936 4739 ’1η-

349 4759 448 4813 σοῦ
483 4761 773 4832 Χριστοῦ.»
812 4763 874 4813 Εἰ
907 4761 964 4813 δὲ
991 4762 1018 4812 0
1049 4761 1238 4832 Πατὴρ
1257 4760 1344 4813 διὰ
1363 4758 1456 4812 τοῦ
1494 4759 1666 4827 Λόγου
1700 4760 1756 4810 ἐν
1778 4755 1940 4811 Πνεῦ-

351 4873 488 4925 ματι
521 4855 660 4925 ἁγίῳ
829 4853 1000 4917 κτίζει
1063 4853 1132 4905 τὰ
1181 4853 1376 4916 πάντα,
1436 4851 1528 4903 καὶ
1580 4848 1934 4913 ἀνακαινίζει·

350 4946 484 4998 ποία
512 4945 764 5015 ὁμοιότης
826 4944 858 5014 ἢ
921 4943 1210 5012 συγγένεια
1256 4942 1334 5013 τῷ
1389 4941 1626 5006 κτίζοντι
1685 4941 1821 5009 πρὸς
1871 4942 1940 4996 τά

351 5037 666 5107 κτίσματα;
706 5037 776 5089 Ἢ
811 5037 946 5099 ὅλως
985 5035 1101 5100 πῶς
1145 5036 1338 5106 ἂνείη,
1401 5037 1458 5087 ἐν
1513 5029 1558 5102 ᾧ
1603 5033 1844 5097 κτίζεται
1873 5034 1939 5087 τὰ

347 5131 552 5191 πάντα,
577 5129 814 5198 κτίσμα;
863 5127 1171 5180 ’Δκολουθεί
1223 5126 1331 5197 γὰρ
1373 5129 1438 5196 τῇ
1473 5124 1698 5195 τοιαύτῃ
1727 5125 1936 5194 δυσφη-

354 5221 456 5291 μίᾳ
496 5222 589 5273 καὶ
620 5222 652 5289 ἡ
685 5223 762 5283 εἰς
784 5221 873 5272 τὸν
915 5220 1044 5272 Υίὸν
1105 5219 1422 5289 βλασφημία
1478 5233 1491 5246 ·
1643 5219 1783 5270 ὥστε
1814 5218 1940 5280 τοὺς

347 5314 610 5380 λέγοντας
640 5313 700 5365 τὸ
735 5311 957 5383 Πνεῦμα
991 5313 1196 5383 κτίσμα
1245 5315 1440 5375 εἰπεῖν,
1468 5313 1549 5364 ὅτι
1574 5311 1666 5365 καὶ
1689 5311 1718 5362 0
1747 5309 1938 5376 Λόγος,

346 5405 416 5458 δι’
441 5399 502 5458 οὗ
531 5404 600 5456 τὰ
628 5406 802 5457 πάντα
827 5404 1092 5469 κτίζεται,
1149 5404 1356 5474 κτίσμα
1412 5404 1578 5457 ἐστίν.
1632 5401 1808 5455 Είκὼν
1847 5399 1940 5452 τοῦ

348 5495 486 5550 Υἱοῦ
511 5496 726 5559 λέγεται
751 5499 844 5550 καὶ
878 5497 991 5549 ἔστι
1020 5498 1078 5549 10
1109 5495 1354 5564 Πνεῦμα·
1391 5516 1408 5547 ι
1432 5495 1538 5560 Οῦς
1577 5517 1594 5547 ι
1631 5494 1740 5563 γὰρ
1779 5511 1942 5562 «προσ

425 5673 440 5702 ¹
475 5671 515 5726 11
539 5670 663 5725 Cor.
696 5687 753 5734 ιι,
789 5671 876 5724 15.
939 5669 958 5698 ¹
985 5667 1164 5724 Galat.
1193 5682 1268 5733 Iv,
1313 5668 1396 5723 ις).
1447 5669 1467 5701 ⁸
1500 5666 1538 5722 ll
1574 5670 1721 5723 Petr.
1755 5682 1798 5736 ι,
1821 5668 1874 5722 4.

2028 5665 2256 5735 Cnr.m,
2303 5663 2502 5731 16,17.
2571 5661 2822 5718 l'iJoan.
2853 5678 2927 5732 tv,
2986 5663 3072 5717 15.

345 5741 441 5798 30.
511 5759 521 5773 '
563 5741 671 5796 Tit.
706 5759 786 5804 ιιι,
812 5741 862 5794 5.

676 5841 948 5900 l‘nnoL.
992 5840 1110 5899 GR.
1155 5836 1416 5898 CXXX.

2037 4676 2124 4728 nia
2178 4689 2271 4743 per
2306 4672 2540 4726 Verbum
2597 4672 2650 4726 in
2687 4671 2890 4741 Spiritu
2941 4681 3093 4726 creat
3121 4683 3174 4726 et
3197 4681 3418 4724 renovat
3452 4689 3462 4723 :
3495 4687 3616 4739 quae

2036 4766 2338 4819 similitudo
2370 4774 2466 4818 aut
2492 4765 2746 4834 cognatio
2775 4764 3015 4818 creantis
3038 4778 3160 4818 cum
3194 4763 3357 4816 rebus
3380 4762 3616 4816 creatis?

2036 4853 2132 4909 Vel
2176 4855 2269 4923 qui
2303 4855 2527 4908 omnino
2600 4854 2716 4908 fieri
2763 4863 2928 4922 queat
2980 4859 3039 4904 ut
3080 4853 3169 4906 ille
3201 4868 3287 4906 res
3332 4854 3402 4906 sit
3432 4866 3612 4908 creata

2037 4949 2090 5002 in
2120 4965 2230 5016 quo
2262 4948 2448 5002 omnia
2484 4946 2785 5001 creantur?
2814 4946 2957 4999 Sane
2983 4961 3105 4998 cum
3145 4945 3310 5014 impia
3341 4947 3443 5001 hac
3487 4962 3616 5000 sen-

2037 5042 2202 5094 tentia
2227 5039 2313 5092 illa
2345 5039 2579 5092 cohaeret
2618 5051 2740 5105 qua:
2773 5033 2895 5088 Filii
2933 5035 3271 5090 divinitatem
3310 5037 3614 5107 impugnat,

2038 5135 2110 5184 ita
2149 5128 2316 5196 utqui
2347 5127 2610 5196 Spiritum
2645 5142 2756 5180 rem
2792 5136 3030 5180 creatam
3061 5143 3180 5182 esse
3206 5129 3613 5196 contendet-int,

2035 5220 2254 5273 eosdem
2281 5218 2436 5272 fateri
2482 5233 2701 5272 necesse
2733 5218 2802 5271 sit
2836 5216 3092 5283 Verbum,
3130 5237 3222 5288 per
3252 5221 3394 5289 quod
3433 5223 3614 5274 omnia

2035 5321 2315 5375 creantur,
2346 5328 2456 5366 rem
2487 5325 2703 5380 quoque
2745 5323 2979 5366 creatam
3019 5329 3159 5367 esse.
3199 5313 3406 5365 Addam
3443 5311 3617 5381 Spiri-

2035 5409 2148 5454 tum
2188 5399 2478 5470 imaginem
2506 5397 2625 5452 Filii
2653 5408 2706 5453 et
2731 5399 3058 5458 dicietcssc.
3089 5399 3246 5466 Nam,
3269 5420 3287 5451 ι
3309 5399 3457 5464 Quos
3481 5417 3619 5469 prae—

2035 5495 2194 5550 δείιίι
2216 5503 2268 5548 et
2292 5495 2695 5563 prcedestinarit
2717 5494 3030 5548 conformcs
3068 5495 3180 5546 fieri
3210 5493 3463 5559 imaginis
3494 5492 3616 5548 Filii

3155 5663 3175 5696 ‘
3215 5662 3360 5719 Psai.
3393 5676 3424 5717 c
3448 5677 3506 5729 Il,
3533 5663 3621 5726 29,

3178 5831 3254 5889 23
