4100 6290
449 313 552 379 ’ῖΠ

455 453 506 503 εἰ
547 469 564 502 ι
598 452 771 514 οὐδεὶς
797 448 904 505 οἶδε
939 454 1005 505 τὰ
1039 453 1130 507 τοῦ
1175 455 1306 508 Θεοῦ
1341 491 1356 515 ,

444 543 540 595 τοῦ
574 543 708 596 Θεοῦ
733 545 792 596 τὸ
823 548 880 598 έν
910 547 1110 616 αύτῷ-ι
1149 549 1248 600 οὐκ
1278 548 1390 601 ἔστι
1419 549 1474 601 δὲ
1502 547 1649 620 παρά
1676 547 1752 618 τῷ
1782 547 1920 618 Θεῷ,
1955 548 2031 610 ὡς

443 629 596 686 εἶπεν
612 637 639 686 6
665 636 937 700 Ἰάκωϐος,
960 658 976 688 ι
998 639 1318 710 παραλλαγὴ
1336 641 1367 711 ἦ
1387 642 1593 712 τροπῆς
1619 641 1988 711 ἁποσκίασμι·
2007 661 2023 690 ι

440 727 504 777 έν
541 725 620 795 τῷ
645 727 762 796 Θεῷ
789 726 848 781 δν
879 728 938 780 τὸ
999 729 1221 799 Πνεῦμα
1273 730 1331 783 τὸ
1377 733 1549 799 ἆγιον,
1593 733 1815 794 εἰκότως
1842 733 1906 784 ἂν
1942 734 2026 802 εἴη

440 817 708 890 ἄτρεπτον
733 820 826 871 καὶ
853 818 1266 890 ἀπαράλλακτον
1290 822 1382 874 καὶ
1407 821 1696 892 ἄφθαρτον.
1741 821 1806 874 Ἡ
1835 821 1890 873 δὲ
1915 821 2024 872 τῶν

438 909 683 980 γενητῶν
716 910 935 963 καὶτῶν
960 914 1189 966 κτιστῶν
1240 913 1396 982 φύσις
1428 915 1544 967 ἐστὶ
1570 914 1798 986 τρεπτὴ,
1833 916 1926 969 ἆτε
1957 915 2021 984 δὴ

437 1001 638 1066 ἔξωθεν
808 997 939 1054 οῦσα
971 1005 1069 1074 τῆς
1093 1005 1185 1057 τοῦ
1209 1005 1344 1058 Θεοῦ
1373 1007 1576 1069 οὐσίας,
1615 1007 1707 1060 καὶ
1737 1003 1797 1070 ἐξ
1827 1007 1926 1059 οὐκ
1943 1005 2025 1058 ὃν·

435 1109 547 1142 των
578 1092 875 1145 ὑποστᾶσα·
914 1113 930 1144 ι
961 1095 1067 1157 πᾶς
1098 1114 1116 1145 ι
1154 1095 1251 1164 μὲν
1281 1096 1389 1168 γὰρ
1429 1115 1448 1147 ι
1479 1097 1782 1168 ἄνθρωπος,
1811 1115 1830 1150 ι
1864 1097 2018 1165 φησὶ,

441 1199 457 1228 ι
491 1179 782 1250 ψεύστης.»
817 1183 947 1246 Καὶ,
1013 1202 1032 1234 ι
1082 1186 1281 1249 πάντες
1312 1188 1576 1258 ἥμαρτον,
1597 1189 1696 1242 καὶ
1730 1191 2019 1262 ὑστεροῦν-

433 1285 524 1320 ται
559 1271 658 1339 τῆς
681 1270 840 1341 δόξης
871 1273 964 1325 τοῦ
997 1273 1153 1327 Θεοῦ.
1202 1277 1492 1345 Ἀγγέλους
1527 1279 1582 1330 δὲ
1787 1283 1914 1344 τοὺς
1945 1283 2017 1351 μὴ

430 1363 778 1431 τηρήσαντας
811 1364 908 1433 τὴν
937 1366 1143 1419 έαυτῶν
1201 1369 1395 1439 ἀρχὴν,
1430 1370 1540 1422 ἀλλ’
1571 1373 1931 1436 ἀπολιπόντας
1961 1375 2020 1426 τὸ

433 1452 566 1504 ἴδιον
599 1455 933 1524 οἰκητήριον,
969 1458 1048 1520 είς
1076 1459 1256 1528 κρίσιν
1286 1461 1527 1530 μεγάλης
1554 1462 1764 1532 ἡμέρας
1802 1464 2019 1534 δεσμοῖς

430 1543 626 1606 ἀϊδίοις
652 1544 757 1597 ὑπὸ
783 1544 946 1614 ζόφον
974 1549 1294 1620 τετήρηκεν.
1332 1569 1350 1600 ι
1393 1551 1480 1603 Ἐν
1513 1552 1569 1604 δὲ
1594 1553 1672 1622 τῷ
1711 1553 1850 1606 Ἰὼϐ·
1893 1574 1910 1604 ι
1951 1557 2016 1608 EE

430 1631 574 1684 κατὰ
603 1632 772 1701 ἁγίων
788 1635 1034 1702 ἀγγέλων
1206 1638 1370 1691 αὑτοῦ
1395 1641 1456 1692 οῦ
1477 1641 1741 1705 πιστεύει,
1777 1644 1918 1696 κατά
1959 1645 2016 1697 δὲ

429 1721 681 1789 ἀγγέλων
742 1723 906 1777 αὑτοῦ
955 1726 1165 1780 σκολιόν
1207 1746 1258 1780 τι
1311 1730 1618 1800 ἐπενόησεν·
1656 1731 1831 1803 ἄστρα
1863 1734 1918 1786 δὲ
1951 1736 2012 1787 ού

428 1811 650 1882 καθαρὰ
677 1813 905 1867 ἐνώπιον
932 1815 1117 1868 αὐτοῦ·
1147 1837 1165 1868 ι
1191 1819 1220 1870 6
1260 1817 1316 1870 δὲ
1350 1819 1559 1883 Παῦλος
1595 1822 1815 1892 γράφει·
1854 1841 1871 1872 ι
1899 1825 2013 1877 Οὐκ

424 1900 628 1965 οἴδατε,
662 1903 744 1955 ὄτι
775 1905 1038 1972 ἀγγέλους
1094 1906 1406 1978 κρινοῦμεν,
1447 1912 1639 1980 μήτιγε
1693 1911 1954 1982 βιωτικά;
1989 1935 2006 1966 ι

441 1992 601 2044 Ἀλλά
626 1994 737 2064 γάρ
769 1997 863 2049 καὶ
886 1996 1218 2068 ἠκούσαμεν,
1247 2000 1328 2053 ὅτι
1347 2003 1376 2053 6
1403 2001 1645 2066 διάϐολος
1680 2044 1695 2068 ,
1820 2007 1880 2058 ὲν
1911 2007 2006 2077 μέ-

427 2100 508 2152 σῳ
538 2083 643 2137 τῶν
670 2086 937 2157 χερουϐὶμ
972 2086 1066 2152 ὢν,
1097 2091 1190 2143 καὶ
1230 2091 1661 2164 ἀποσφράγισμα
1696 2096 2009 2164 ὁμοιώσεως

422 2178 738 2247 γενόμενος,
778 2179 1032 2244 ἐξέπεσεν
1082 2183 1145 2236 ἐκ
1202 2183 1294 2236 τοῦ
1328 2185 1554 2256 ούρανοῦ
1597 2185 1672 2250 ὡς
1728 2189 2004 2259 ἀστραπή.

423 2269 488 2320 El
519 2270 578 2323 δὲ
607 2270 673 2322 τὰ
710 2272 806 2341 μὲν
838 2274 1112 2342 κτίσματα
1139 2275 1393 2347 τοιαύτην
1417 2277 1530 2348 ἔχει
1561 2279 1720 2347 φύσιν
1757 2315 1773 2340 ,
1917 2282 2009 2333 καὶ

418 2360 736 2431 γέγραπται
760 2364 885 2432 περὶ
943 2364 1189 2432 ἀγγέλων
1214 2367 1456 2421 τοιαῦτα·
1496 2369 1557 2421 τὸ
1584 2369 1640 2422 δὲ
1698 2369 1922 2440 Πνεῦμα
1948 2369 2008 2422 τὺ

418 2452 557 2505 αὐτό
592 2454 708 2506 ἐστι
753 2455 845 2507 καὶ
868 2456 1242 2518 ἀναλλοίωτον,
1280 2459 1375 2511 καὶ
1400 2460 1496 2529 τῆς
1551 2459 1644 2514 τοῦ
1686 2460 1816 2513 Υίοῦ
1846 2462 2006 2530 ἀτρε-

394 2543 550 2612 φίας
609 2545 746 2606 ἐστὶ,
811 2546 966 2615 μένον
1012 2547 1100 2598 ἀεὶ
1167 2550 1263 2601 σὺν
1322 2549 1468 2620 αὐτῷ
1530 2551 1816 2621 ἄτρεπτον·
1876 2552 2004 2606 ποια

414 2634 675 2704 ὁμοιότης
699 2635 776 2704 τῷ
800 2636 1055 2707 ἀτρέπτῳ
1073 2638 1208 2707 πρὸς
1237 2639 1305 2692 τά
1333 2641 1641 2711 τρεπόμενα
1659 2659 1676 2706 ;
1697 2643 1872 2712 Δῆλον
1895 2642 2004 2714 γὰρ

417 2725 489 2777 ἂν
507 2728 613 2796 εῐη,
647 2727 722 2788 ὡς
753 2726 874 2778 οὔτε
901 2727 1106 2798 κτίσμα
1133 2729 1298 2793 ἐστὶν,
1335 2730 1457 2784 οὔτε
1475 2732 1610 2795 ὅλως
1633 2733 1733 2802 τῆς
1766 2733 1878 2787 τῶν
1905 2735 2001 2801 ἀγ-

415 2815 593 2884 γέλων
626 2817 812 2880 οὐσίας
842 2817 978 2882 ἐστὶ,
1019 2818 1107 2871 διὰ
1157 2820 1218 2872 τὸ
1246 2822 1486 2886 ἐκείνους
1541 2819 1680 2877 εἶναι
1712 2824 1997 2894 τρεπτούς·

410 2907 532 2960 ἀλλ’
562 2906 726 2962 εἰκὼν
750 2907 844 2960 τοῦ
883 2908 1076 2976 Λόγου,
1116 2910 1209 2962 καὶ
1257 2910 1351 2964 τοῦ
1414 2915 1625 2984 Πατρὸς
1680 2915 1809 2968 ἴδιόν
1859 2917 1994 2969 ἐστι.

411 2997 588 3050 Πάλιν
625 3016 683 3052 τε
705 3001 766 3053 τὸ
800 3001 896 3071 μὲν
924 3003 1148 3074 Πνεῦμα
1177 3004 1384 3075 Κυρίου
1415 3005 1744 3076 πεπλήρωκε
1779 3006 1878 3076 τὴν
1915 3009 1996 3060 οι·-

410 3090 704 3160 κουμένην.
757 3091 914 3146 Οῦτω
969 3093 1080 3165 γὰρ
1125 3095 1218 3148 καὶ
1275 3097 1303 3148 6
1349 3095 1511 3150 Δα6“ιδ
1555 3097 1767 3165 ψάλλει·
1832 3116 1850 3148 ι
1883 3095 2050 3168 Ποῦρ

418 3179 674 3249 πορευθῶ
700 3181 806 3234 ἀπὸ
832 3181 925 3235 τοῦ
957 3183 1271 3254 Πνεύματός
1306 3202 1434 3250 σονς
1467 3205 1485 3236 ι
1519 3187 1628 3239 Καὶ
1661 3187 1818 3240 πάλιν
1840 3188 1897 3240 έν
1928 3191 1993 3258 τῇ

414 3269 590 3339 Σοφίᾳ
613 3271 934 3343 γέγραπται·
997 3293 1016 3324 ι
1054 3275 1128 3327 Τὸ
1167 3274 1276 3346 γὰρ
1324 3276 1598 3347 ἀφθαρτόν
1633 3292 1727 3330 σου
1769 3276 1996 3347 Πνεῦμά

413 3364 568 3414 ἐστιν
597 3361 654 3413 ὲν
688 3363 874 3415 πᾶσι.»
908 3363 987 3416 Τὰ
1018 3365 1075 3417 δὲ
1099 3365 1300 3434 γενητὰ
1325 3367 1498 3420 πάντα
1537 3369 1593 3420 ἐν
1658 3368 1992 3440 μεμερισμέ-

410 3469 528 3514 νοις
564 3453 747 3516 τόποις
779 3455 936 3517 είσὶν,
969 3456 1117 3525 ἥλιος
1145 3457 1264 3527 μὲν,
1311 3457 1405 3511 καὶ
1448 3456 1666 3528 σελήνη,
1711 3459 1806 3511 καὶ
1835 3459 1991 3512 ἀστέ-

411 3560 511 3612 ρες
540 3546 596 3596 ὲν
616 3542 692 3614 τῷ
727 3546 1083 3616 στερεώματι,
1139 3548 1356 3617 νεφέλαι
1415 3549 1473 3602 δὲ
1505 3550 1562 3602 ὲν
1614 3550 1692 3620 τῷ
1717 3550 1861 3621 ἀέρι·
1893 3551 1988 3604 καὶ

405 3637 524 3698 τοῖς
550 3635 854 3706 ἀνθρώποις
895 3637 1119 3708 ἔστησεν
1152 3640 1276 3710 ὅρια
1329 3639 1517 3693 ἐθνῶν·
1554 3641 1608 3692 οἴ
1651 3657 1710 3692 τε
1765 3639 1986 3708 ἄγγελοι

405 3727 826 3781 ἀποστέλλονται
858 3729 938 3792 εἰς
959 3728 1252 3792 διακονίας·
1290 3749 1308 3780 ι
1357 3731 1465 3783 Καὶ
1494 3725 1655 3800 ἦλθον
1682 3733 1730 3783 oi
1764 3730 1986 3798 ἄγγελοι

405 3819 749 3888 παραστῆναι
779 3817 1007 3872 ἐνώπιον
1031 3818 1122 3872 τοῦ
1152 3819 1407 3890 Κυρίου,ι
1437 3819 1512 3882 ὡς
1542 3821 1598 3872 ἐν
1629 3818 1706 3890 τῷ
1747 3819 1864 3872 Ἰὼϐ
1895 3819 1985 3886 γέ-

402 3925 666 3978 γραπται·
693 3911 806 3973 καὶ,
844 3929 861 3961 ι
894 3909 1220 3980 ἐνυῃιάσοη
1249 3910 1304 3962 δὲ
1335 3909 1528 3963 Ἰακὼό
1561 3912 1589 3962 6
1615 3909 1978 3979 πατριάρχης

402 4001 532 4061 καὶ,
596 4001 703 4055 ἰδοὺ
739 4001 937 4070 κλίμαξ
977 4000 1346 4072 ὲστηριγμένη
1393 4001 1450 4052 ἐν
1499 4002 1562 4069 τῇ
1593 4001 1684 4070 γῇ,
1727 3995 1794 4069 ἧς
1824 4001 1856 4068 ἡ
1889 4017 1981 4052 κε-

400 4090 547 4161 φαλὴ
573 4092 848 4159 ἀφικνεῖτο
872 4093 950 4154 είς
983 4091 1074 4144 τὸν
1097 4091 1347 4161 οὐρανὸν,
1404 4092 1496 4144 καὶ
1542 4093 1588 4143 οἱ
1631 4090 1851 4158 ἄγγελοι
1883 4092 1977 4143 τοῦ

398 4181 536 4234 Θεοῦ
575 4182 855 4236 ἀνέϐαινον
895 4182 992 4236 καὶ
1024 4183 1338 4236 κατέϐαινον
1370 4185 1454 4235 ἐπ’
1475 4183 1661 4251 αὐτῆς.
1702 4201 1719 4234 ι
1753 4183 1814 4234 Εἰ
1841 4181 1977 4235 δὲτὸ

401 4271 502 4340 μὲν
532 4269 750 4339 Πνεῦμα
778 4271 953 4323 πάντα
979 4269 1193 4341 πληροῖ,
1212 4271 1304 4322 καὶ
1336 4271 1394 4321 ὲν
1423 4268 1498 4338 τῷ
1528 4268 1686 4338 Λόγῳ
1714 4267 1974 4338 πάρεστιν

394 4363 638 4425 ἐνμέσῳ
690 4361 906 4414 πάντων
974 4396 988 4418 .
1132 4364 1179 4415 οἱ
1236 4360 1294 4412 δὲ
1354 4359 1570 4427 ἄγγελοι
1625 4355 1971 4412 ἐλαττοῦνται

1421 326 1792 388 PANOPLIA
1833 326 2289 386 DOGMATICA.
2320 350 2390 362 —
2413 327 2557 389 ΤΙΤ.
2601 325 2742 390 XII.

1501 457 1654 526 εἰμὴ
1698 456 1757 509 τὸ
1806 455 1994 526 Πνεῦμ

2081 454 2370 526 teognovit
2395 469 2515 522 quae
2543 462 2669 509 sunt
2697 453 2811 515 Dei,
2842 455 2943 507 nisi
2982 452 3217 524 Spiritus
3259 456 3370 523 Dei,
3399 459 3490 528 qui
3515 470 3596 514 est
3634 462 3684 513 in

3583 329 3686 392 713

2115 545 2234 612 ipso
2275 549 2291 578 ¹
2322 560 2335 607 ;
2368 561 2384 593 ι
2423 557 2533 595 non
2575 551 2655 596 est
2693 550 2869 594 autem
2902 544 3040 610 apud
3077 544 3242 598 Deum
3264 584 3278 608 ,
3312 555 3370 599 ut
3399 547 3558 602 docet
3588 548 3678 602 Ja-
3754 535 3763 589 Ῑ

2111 636 2301 696 cobus,
2336 652 2354 685 ι
2389 631 2770 687 transmutatio
2810 647 2908 687 nec
2947 635 3337 690 vicissitudinis
3385 638 3676 694 obumbra-

2111 727 2185 780 tio
2222 726 2276 779 ²;
2309 744 2326 775 ι
2361 725 2482 794 jure
2515 739 2576 777 ac
2606 726 2800 778 merito
2825 723 3060 794 Spiritus
3086 736 3329 792 sanctus,
3360 729 3450 796 qui
3487 731 3536 782 in
3569 729 3676 784 Deo

2106 826 2207 879 cst,
2235 815 2591 870 immutabilis
2615 825 2668 870 et
2695 817 3042 885 incorruptus
3075 820 3364 889 omnisque
3402 822 3678 876 vicissitu-

2104 907 2248 962 dinis
2275 921 2468 976 expers
2491 922 2614 962 esse
2636 908 2938 962 censendus
2967 918 3068 962 est.
3093 909 3161 963 At
3191 926 3372 964 rerum
3409 911 3671 966 factarum

2103 1009 2157 1053 ct
2190 1009 2494 1054 creatarum
2538 1007 2730 1053 natura
2773 1000 3048 1054 mutabilis
3097 1009 3200 1066 est,
3228 1010 3415 1070 utpote
3457 1020 3576 1072 quae
3603 1005 3673 1056 sit

2101 1099 2252 1142 extra
2287 1088 2379 1142 Dei
2403 1089 2786 1144 substantiam.
2819 1097 2870 1142 ct
2897 1105 2926 1142 e
2951 1091 3122 1143 nihilo
3161 1093 3444 1145 exstiterit.
3491 1093 3672 1161 Siqui-

2099 1180 2220 1234 dem
2263 1199 2281 1230 ι
2319 1183 2498 1234 omnis
2531 1181 2716 1245 homo,
2749 1180 2945 1249 inquit,
2977 1185 3206 1236 mendax
3267 1183 3302 1236 '.
3333 1203 3350 1234 ι
3386 1183 3469 1247 Et,
3503 1202 3521 1234 ι
3553 1201 3671 1237 om-

2100 1285 2196 1324 nes
2221 1266 2582 1338 peccaverunt
2605 1280 2658 1324 et
2681 1281 2838 1340 egent
2863 1271 3032 1340 gloria
3061 1272 3151 1325 Dei
3206 1269 3246 1325 ⁸.
3275 1273 3510 1342 Angelos
3545 1292 3670 1326 vero

2099 1363 2190 1431 qui
2220 1377 2327 1415 non
2353 1373 2704 1415 servaverunt
2738 1378 2897 1416 suum
2932 1363 3316 1430 principatum,
3346 1366 3438 1418 sed
3470 1365 3667 1417 dereli-

2097 1457 2332 1520 querunt
2365 1465 2522 1504 suum
2555 1451 2913 1515 domicilium,
2947 1451 2998 1503 in
3030 1452 3295 1519 judicium
3334 1454 3513 1522 magni
3537 1453 3664 1512 diei.

2096 1541 2327 1594 vinculis
2352 1542 2568 1596 aeternis
2602 1541 2704 1594 sub
2726 1542 2955 1609 caligine
2981 1543 3279 1596 reservavit
3325 1542 3366 1597 ⁸.
3387 1563 3404 1593 ›
3435 1542 3499 1596 Et
3525 1547 3666 1611 apul

2093 1631 2195 1686 Job
2231 1653 2241 1686 :
2285 1650 2302 1681 ι
2333 1630 2390 1684 Si
2419 1633 2621 1686 sanctis
2648 1633 2852 1700 angelis
2882 1633 2996 1686 suis
3032 1649 3138 1688 non
3171 1633 3318 1697 ﬁdit,
3348 1635 3442 1688 Sed
3475 1644 3664 1688 contra

2090 1725 2312 1792 angelos
2346 1740 2571 1793 pravum
2605 1725 2732 1793 quid
2767 1725 3024 1794 cogitavit
3085 1729 3136 1787 ⁶;
3175 1726 3342 1780 stellae
3385 1742 3513 1780 vero
3555 1742 3663 1780 non

2053 1803 2219 1869 )sunt
2261 1817 2476 1868 mundae
2522 1816 2576 1868 in
2622 1827 2916 1886 conspectu
2945 1817 3062 1886 ejus
3088 1817 3108 1847 ⁷
3140 1856 3153 1869 .
3188 1837 3206 1868 ι
3243 1817 3443 1872 Paulus
3477 1833 3655 1872 autem

2089 1906 2280 1960 scribit
2315 1924 2328 1959 :
2376 1924 2394 1956 ι
2428 1904 2659 1962 Nescitis
2700 1909 2960 1977 quoniam
3005 1909 3223 1977 angelos
3253 1908 3659 1976 judicabimus?

2087 2004 2288 2066 quanto
2320 1997 2493 2067 magis
2524 1999 2800 2054 meularia
2837 1997 2902 2052 ⁸2
2931 2018 2947 2050 ι
2983 1998 3123 2065 Quin
3159 2001 3323 2053 etiam
3348 2001 3656 2055 audivimus

2087 2087 2382 2152 diabolum,
2415 2088 2506 2155 qui
2541 2088 2592 2140 in
2625 2089 2804 2143 medio
2837 2088 3116 2143 cherubim
3152 2091 3353 2152 stabat,
3381 2097 3434 2143 et
3468 2091 3653 2160 signa-

2087 2177 2267 2230 culum
2295 2176 2667 2232 similitudinis
2688 2187 2824 2240 erat,
2855 2194 2886 2232 e
2921 2180 3062 2233 ccelo
3094 2179 3248 2246 quasi
3302 2179 3480 2248 fulgur
3513 2180 3654 2235 ccci-

2085 2265 2232 2322 disse
2274 2269 2317 2322 ’.
2351 2265 2405 2320 Si
2437 2283 2598 2336 porro
2621 2283 2684 2321 ea
2711 2276 2794 2322 est
2821 2283 2999 2321 rerum
3032 2277 3335 2322 creatarum
3361 2277 3571 2330 natura,
3599 2279 3654 2321 ct

2085 2356 2199 2410 haec
2223 2356 2291 2411 de
2315 2357 2522 2426 angelis
2544 2357 2742 2427 Scripta
2773 2367 2896 2412 sunt
2920 2375 2934 2424 ;
2965 2359 3008 2412 si
3031 2369 3218 2413 contra
3239 2358 3475 2428 Spiritus
3509 2361 3648 2413 idem

2083 2458 2296 2513 semper
2323 2453 2375 2498 et
2407 2444 2583 2500 omnis
2610 2445 2923 2500 mutationis
2961 2462 3152 2515 expers
3192 2456 3294 2513 est,
3327 2449 3496 2518 quiet
3529 2447 3648 2502 Filii

2083 2536 2539 2592 immutabilitatis
2570 2537 2860 2606 particeps,
2895 2554 3016 2592 cum
3055 2541 3172 2608 ipso
3200 2556 3411 2610 semper
3451 2541 3650 2596 immu-

2081 2624 2260 2680 labilis
2277 2635 2492 2686 manet:
2521 2641 2791 2694 quaenam,
2816 2628 3028 2690 amabo,
3058 2629 3356 2681 similitudo
3394 2629 3649 2684 immuta-

2080 2714 2203 2770 bilis
2229 2729 2353 2768 cum
2378 2715 2759 2770 mutabilibus?
2794 2715 2931 2771 Hinc
2984 2718 3126 2771 enim
3165 2719 3509 2787 perspicuum
3541 2730 3644 2781 est,

2079 2821 2252 2876 neque
2282 2822 2395 2860 rem
2422 2815 2656 2859 creatam
2691 2822 2831 2865 esse.
2870 2823 3043 2876 neque
3071 2808 3136 2861 ad
3181 2811 3492 2878 angelorum
3515 2852 3530 2872 ,
3564 2821 3646 2863 ut-

2076 2904 2200 2965 pote
2217 2896 2310 2965 qui
2333 2895 2620 2949 mutabiles
2647 2897 2778 2960 sint,
2798 2906 3046 2951 naturam
3066 2899 3353 2967 pertinere,
3373 2901 3465 2954 sed
3487 2898 3643 2954 Verbi

2077 2988 2365 3058 imaginem
2393 2997 2446 3042 et
2469 2987 2640 3042 Patris
2663 2989 2937 3056 proprium
2964 3003 3103 3043 esse.
3124 2988 3384 3043 Praeterea
3412 2990 3644 3059 Spiritus

2077 3076 2288 3132 Domini
2335 3077 2646 3131 universum
2694 3079 2879 3130 orbem
2921 3077 3160 3144 replevit.
3195 3075 3267 3129 Ita
3299 3081 3439 3129 enim
3479 3077 3642 3130 David

2076 3169 2270 3225 cecinit
2298 3188 2310 3224 :
2347 3187 2364 3220 ι
2394 3167 2514 3234 Quo
2547 3169 2637 3224 ibo
2660 3186 2689 3221 a
2716 3167 2920 3237 Spiritu
2953 3179 3044 3221 tuo
3073 3166 3144 3220 ¹⁰ἳ
3180 3187 3198 3220 ι
3244 3168 3306 3220 Et
3334 3171 3383 3220 in
3418 3168 3646 3236 Sapien-

2076 3263 2148 3316 tia
2173 3261 2432 3330 scriptum
2461 3269 2545 3315 est
2573 3277 2586 3313 :
2621 3277 2639 3310 ι
2677 3260 2830 3312 Tuus
2857 3258 3002 3312 enim
3039 3258 3385 3326 incorruptus
3414 3257 3652 3328 Spiritus

2071 3363 2155 3408 cst
2189 3355 2240 3406 in
2273 3353 2524 3406 omnibus
2555 3351 2618 3406 ".
2647 3370 2665 3402 ι
2699 3350 2860 3419 Atqui
2891 3350 3158 3404 universae
3190 3367 3275 3405 res
3308 3350 3462 3404 facta:
3491 3351 3542 3402 in
3571 3351 3652 3404 di-

2070 3445 2204 3499 visis
2235 3445 2368 3498 locis
2398 3441 2684 3506 exsistunt,
2717 3443 2861 3497 verbi
2890 3443 3083 3512 gratia.
3111 3444 3212 3507 sol,
3243 3444 3366 3496 luna
3395 3453 3448 3496 et
3479 3452 3648 3504 astra,

2072 3535 2127 3588 in
2160 3533 2521 3596 firmamento,
2556 3547 2608 3588 et
2631 3534 2801 3589 nubes
2833 3535 2884 3588 in
2916 3551 3059 3588 acre.
3096 3534 3151 3588 In
3177 3536 3490 3589 hominibus
3507 3553 3647 3606 qua»

2070 3643 2176 3698 que
2205 3628 2487 3681 nationum
2521 3627 2782 3680 terminos
2814 3627 3099 3680 constituit
3136 3622 3192 3679 ".
3228 3626 3414 3696 Angcli
3453 3629 3648 3680 simili-

2071 3729 2150 3773 ter
2195 3720 2250 3771 in
2295 3718 2600 3772 ministeria
2649 3717 2974 3770 mittuntur:
3013 3737 3030 3767 ι
3071 3717 3135 3770 Et
3175 3728 3438 3772 venerunt
3469 3722 3644 3791 angeli

2070 3809 2167 3863 Dei
2193 3817 2252 3862 ut
2279 3808 2596 3864 assisterent
2625 3824 2804 3861 coram
2843 3807 3095 3872 Domino,
3123 3827 3138 3858 ι
3173 3809 3250 3861 uti
3288 3810 3338 3862 in
3371 3807 3473 3864 Job
3508 3811 3640 3881 legi-

2069 3913 2190 3952 mus
2217 3894 2277 3950 ¹³.
2313 3897 2398 3962 Et,
2439 3916 2456 3947 ι
2491 3898 2783 3952 somniavit
2831 3895 2998 3952 Jacob
3041 3898 3373 3965 patriarcha.
3421 3898 3486 3950 Et
3517 3915 3637 3955 ecce

2066 3989 2211 4043 scala
2237 3989 2420 4041 innixa
2447 3989 2500 4040 in
2531 3997 2692 4054 terra,
2718 3987 2874 4055 cujus
2892 4003 3149 4041 cacumen
3357 3989 3422 4042 ad
3445 3991 3639 4044 coelum

2070 4080 2448 4150 perveniebat:
2479 4091 2530 4134 et
2552 4081 2724 4149 angeli
2763 4078 2856 4132 Dei
2887 4079 3247 4132 ascendebant
3271 4090 3322 4132 et
3345 4081 3639 4135 descende-

2069 4175 2200 4224 bant
2234 4186 2327 4240 per
2354 4171 2523 4238 ipsam
2550 4167 2606 4224 ".
2634 4189 2651 4222 ι
2690 4169 2742 4224 Si
2781 4171 2940 4240 igitur
2977 4170 3210 4238 Spiritus
3229 4173 3636 4241 on'tniaimplet,

2065 4272 2116 4316 et
2147 4261 2199 4314 in
2225 4259 2401 4315 Verbo
2431 4277 2668 4330 prwsens
2705 4271 2786 4315 est
2812 4262 2864 4314 in
2897 4261 3077 4315 medio
3116 4261 3394 4329 omnium;
3425 4264 3467 4317 si
3504 4281 3636 4318 ron-

2063 4363 2145 4406 tra
2189 4354 2363 4421 angeli
2407 4353 2507 4408 hac
2552 4353 2606 4408 in
2649 4370 2707 4407 re
2748 4354 2818 4405 illi
2848 4355 3066 4418 cedunt,
3105 4363 3266 4420 alque
3296 4355 3402 4409 illic
3427 4365 3633 4412 tantum

319 4509 332 4516 _
391 4437 585 4506 τούτῳ,
623 4441 719 4492 καὶ
748 4439 879 4494 ἔνθα
931 4442 1370 4508 ἀποστέλλονται,
1400 4446 1494 4498 καὶ
1541 4445 1795 4516 πάρεισιν
1823 4461 1838 4478 °
1875 4450 1969 4504 οὐκ

2081 4437 2260 4492 idsunt
2292 4453 2399 4506 quo
2433 4439 2724 4494 mittuntur
2752 4460 2764 4494 :
2792 4442 3012 4496 dubium
3039 4445 3227 4516 utique
3255 4460 3362 4501 non
3393 4453 3649 4517 est,quin

390 4529 688 4597 ἀμφίϐολον
735 4527 850 4594 οῦν,
883 4532 962 4584 ὅτι
1008 4532 1132 4584 οὔτε
1183 4534 1293 4588 τῶν
1345 4537 1608 4607 γενητῶν,
1661 4537 1784 4591 οὔτε
1831 4542 1968 4604 ὅλως

387 4621 622 4688 ἄγγελός
672 4626 844 4689 ἐστιν,
875 4625 949 4688 ὡς
999 4627 1158 4691 ὑμεῖς
1210 4626 1418 4696 λέγετε,
1455 4627 1515 4680 τὸ
1567 4629 1814 4700 Πνεῦμα,
1854 4631 1969 4684 ἀλλ’

385 4713 501 4763 ἀνω
529 4710 628 4779 τῆς
656 4713 764 4766 τῶν
803 4715 1051 4782 ἀγγέλων
1087 4717 1302 4785 φύσεώς
1341 4720 1508 4775 ἐστιν.

464 4803 634 4856 Πάλιν
682 4806 788 4875 γὰρ
815 4808 910 4859 καὶ
957 4809 1022 4860 ὲκ
1054 4808 1259 4862 τούτων
1306 4811 1372 4865 ἄν
1408 4831 1490 4876 τις
1525 4813 1625 4866 ἴδοι
1659 4815 1719 4868 τὸ
1751 4817 1974 4886 Πνεῦμα

386 4893 448 4944 τὺ
479 4893 656 4962 ἅγιον,
689 4895 764 4959 ὡς
799 4898 1063 4966 μεθεκτόν
1096 4901 1212 4953 ἐστι
1245 4904 1339 4955 καὶ
1372 4905 1432 4958 ού
1471 4907 1808 4980 μετέχον(τὰ
1840 4911 1980 4964 αὐτά

389 4985 501 5051 γὰρ
531 4984 712 5051 λέγειν
735 4989 838 5039 οῦκ
869 4987 1177 5061 ὀκνητέον).
1213 5011 1232 5042 ι
1285 4994 1570 5050 Ἀδύνατον
1597 4999 1726 5068 γὰρ,
1764 5018 1782 5049 ι
1822 5002 1975 5072 φησὶ,

396 5092 414 5125 ι
446 5078 571 5138 τοὺς
592 5077 738 5143 anui
759 5081 1152 5148 φωτισθέντας,
1167 5087 1543 5156 γευσαμένους
1565 5107 1625 5142 τε
1647 5093 1744 5160 τῆς
1768 5093 1976 5163 δωρεᾶς

387 5167 492 5232 τῆς
516 5172 860 5239 ἐπουρανίου,
888 5174 981 5226 καὶ
1008 5176 1267 5244 μετόχους
1302 5179 1614 5250 Πνεύματος
1640 5185 1794 5251 ἁγίου
1819 5202 1975 5252 γενο-

394 5265 615 5328 μένους,
645 5265 736 5315 καὶ
778 5266 939 5319 καλὸν
969 5271 1344 5337 γευσαμένους
1374 5271 1508 5325 Θεοῦ
1541 5274 1713 5344 ῥῆμα,
1746 5296 1764 5328 ι
1793 5278 1885 5330 καὶ
1910 5279 1978 5332 τὰ

395 5352 553 5421 ἑξῆς.
584 5355 646 5406 OE
670 5355 724 5408 δὲ
751 5357 996 5426 ἄγγελοι,
1016 5362 1108 5413 καὶ
1129 5363 1196 5415 τὰ
1219 5362 1354 5417 ἄλλα
1379 5367 1652 5435 κτίσματα
1682 5371 1978 5439 μετέιιοντά

397 5447 548 5498 ἐστιν
572 5449 734 5500 αὑτοῦ
765 5451 857 5502 τοῦ
883 5453 1198 5523 Πνεύματος
1215 5472 1228 5485 ·
1263 5456 1350 5510 διὰ
1372 5457 1530 5512 τοῦτο
1552 5461 1658 5531 γὰρ
1681 5463 1853 5516 ταῦτα
1879 5464 1977 5533 μὲν

475 5605 488 5632 ¹
529 5601 697 5655 lCor.
757 5618 816 5664 tr,
881 5603 966 5657 Η.
1053 5606 1072 5634 ²
1128 5603 1242 5657 Jac.
1289 5619 1326 5668 ι,
1375 5604 1461 5658 17.

394 5689 524 5733 xxv,
552 5674 604 5725 fi.
657 5674 676 5702 ⁸
713 5672 727 5722 l
760 5675 884 5725 (lor.
919 5691 987 5732 vt.
1016 5674 1068 5727 5.
1146 5675 1164 5703 ³
1193 5675 1383 5727 ΕΖο(·Ιι.
1423 5677 1729 5739 .\.\vltt,1:!.

402 5759 437 5806 I,
491 5749 544 5796 ϋ.
626 5745 665 5772 ³⁸
697 5742 891 5796 Cenes.
927 5760 1110 5806 uvtu,
1156 5745 1240 5796 12.
1323 5746 1362 5773 “’
1392 5744 1553 5798 ΙΙι·ὶ)ι·.
1588 5761 1656 5808 ιἰ,
1684 5747 1733 5799 4.

1559 5605 1577 5634 ³
1610 5603 1753 5658 Psal.
1783 5623 1902 5669 (zxv,
1947 5609 2033 5663 11.

1813 5679 1853 5707 ¹⁰
1887 5679 2024 5734 PSul.
2053 5705 2308 5754 cxxxvtll,
2342 5690 2392 5742 7.

2059 4531 2296 4600 Spiritus
2341 4548 2441 4586 nec
2474 4547 2562 4587 res
2604 4531 2744 4588 facta
2797 4549 2898 4588 nec
2929 4537 3161 4607 angelus
3192 4539 3284 4603 sit,
3316 4540 3391 4592 uti
3423 4551 3637 4594 cunicu-

2064 4625 2192 4678 dere
2221 4624 2456 4686 audetis.
2488 4627 2582 4680 sed
2635 4627 2951 4694 angelorum
2986 4639 3176 4684 natura
3209 4633 3458 4698 superior
3501 4645 3646 4688 certe

2061 4717 2367 4770 censendus
2396 4728 2499 4770 est.
2691 4785 2698 4790 _

2143 4806 2431 4862 Enimvero
2480 4826 2676 4866 rursus
2731 4827 2794 4866 ex
2849 4813 2933 4867 his
2969 4829 3090 4882 qua:
3121 4813 3447 4881 subjieimus
3494 4815 3642 4870 Seti-

2074 4911 2244 4970 plura:
2276 4902 2452 4957 verbis
2479 4905 2703 4960 evidens
2739 4906 2900 4960 luerit
2928 4906 3188 4975 Spiritum
3227 4919 3476 4962 sanctum
3509 4910 3643 4963 alios

2071 4997 2154 5047 sui
2203 4995 2494 5065 participes
2526 4995 2731 5060 facere,
2764 5014 2870 5051 non
2908 5014 3035 5053 vero
3071 5001 3384 5070 participem
3411 5003 3641 5058 aliorum

2072 5087 2184 5139 ﬁeri
2215 5093 2360 5157 (nam
2382 5088 2569 5142 eadem
2595 5098 2834 5158 repetere
2857 5107 2923 5147 ne
2962 5092 3034 5146 sit
3074 5093 3641 5166 molestum).Nempc,

2075 5195 2092 5226 ‹
2115 5177 2454 5247 [inpossibile
2485 5191 2565 5234 est
2592 5181 2734 5234 enim
2757 5198 2852 5237 eos
2881 5186 2970 5254 qui
2995 5187 3160 5240 semel
3180 5198 3309 5241 sunt
3332 5189 3640 5250 illuminati,

2073 5282 2434 5340 gustaverunt
2459 5273 2618 5328 etiam
2645 5275 2847 5330 donum
2875 5279 3095 5334 (mlestc
3119 5291 3171 5334 et
3200 5282 3489 5349 participes
3515 5280 3641 5334 facti

2070 5364 2454 5432 suntSpiritus
2478 5369 2679 5432 sancti,
2699 5379 3162 5442 gustaveruntque
3186 5373 3388 5425 bonum
3413 5373 3501 5425 Dei
3527 5389 3644 5426 ver-

2071 5453 2269 5518 bum",
2285 5457 2852 5528 ictcwlera.Ataugeli
2874 5473 2924 5515 et
2941 5470 3148 5514 caetera}
3167 5476 3251 5514 res
3270 5469 3461 5514 creata:
3477 5461 3644 5530 ipsius

2111 5618 2129 5647 ⁸
2174 5618 2328 5670 Ilom.
2369 5633 2447 5682 ιιι,
2496 5617 2586 5672 9.5.
2669 5619 2689 5650 ⁵
2723 5616 2846 5672 Jud.
2884 5622 2936 5674 ϐ.
3033 5618 3178 5673 “Joh
3208 5636 3278 5683 tv,
3325 5622 3406 5677 -l8.
3490 5623 3508 5653 ⁷
3545 5622 3644 5676 Joh

2464 5691 2504 5719 “
2541 5689 2666 5757 Sap.
2706 5705 2798 5754 Ml,
2836 5691 2884 5742 1.
2948 5690 3131 5749 "Act.
3172 5707 3298 5758 χιιι,
3331 5693 3418 5748 26.
3475 5693 3517 5722 ⁸³
3543 5694 3644 5746 .lnh
