4078 6292
447 311 573 375 ’719

1680 310 2063 372 ΕΗΤΠΥΜῙΙ
2102 310 2463 372 ZIGABENI

3609 311 3715 376 720

465 422 708 490 Spiritus
745 422 876 477 ﬁunt
909 422 1222 493 participes.
1277 421 1402 477 llaec
1448 422 1591 476 enim
1629 421 1747 492 ipsa
1775 433 1861 477 est
1899 423 2037 476 ratio

2144 423 2432 477 ἐκπίπτειν
2473 421 2533 476 οὗ
2579 421 2840 492 μετέσχον
2883 420 3142 476 δύναταιο
3178 423 3236 475 τὸ
3285 423 3340 476 δὲ
3377 423 3598 495 Πνεῦμα
3628 429 3710 481 ἀεὶ

472 533 566 570 rttt'
595 516 663 571 ab
692 531 756 571 eo
792 516 948 585 cujus
983 527 1111 571 sunt
1159 514 1451 582 participes
1503 515 1720 582 possint
1757 515 2027 569 excidere.

472 607 708 676 Spiritus
735 623 864 663 vero
895 609 1033 662 idem
1074 607 1311 676 profecto
1345 621 1562 675 semper
1595 615 1697 661 est.

1000 699 1083 752 Ex
1120 700 1298 752 eadem
1327 708 1372 752 et
1399 699 1516 752 hoc.

547 792 762 854 Euntes,
797 793 1003 859 inquit,
1040 794 1217 844 docete
1257 808 1434 844 omnes
1469 801 1668 861 gentes,
1710 792 2039 860 baptizari!“

469 901 556 937 eos
593 885 646 936 in
671 885 878 936 nomine
915 883 1112 942 Ratris,
1163 895 1210 936 et
1259 883 1408 946 Filii,
1463 895 1513 937 et
1560 885 1798 953 Spiritus
1841 886 2035 939 sancti.

471 972 711 1039 Apostoli
743 982 920 1026 autem
954 974 1179 1041 profecti
1232 974 1310 1029 sic
1364 975 1688 1030 doetterunl.
1734 975 1799 1029 Et
1836 977 1948 1030 haec
1988 978 2039 1029 in

470 1083 684 1123 onmem
719 1079 941 1134 terram,
967 1085 1084 1139 quae
1133 1070 1234 1124 sub
1263 1071 1402 1125 etelo
1431 1080 1536 1134 est,
1585 1072 1923 1140 promulgata
1961 1080 2042 1126 est

472 1160 805 1228 praedicatio,
835 1162 1020 1230 Itaque
1054 1176 1176 1216 cum
1209 1161 1327 1217 ﬁdei
1363 1163 1774 1218 fundamentum
1816 1165 1914 1217 hoc
1947 1163 2042 1217 ha-

473 1252 593 1303 heat
624 1252 884 1316 Ecclesia,
911 1252 1096 1305 dicant
1142 1253 1299 1307 nobis
1341 1269 1556 1307 rursum
1601 1255 1725 1320 isti,
1761 1266 1924 1322 atque
1959 1270 2043 1308 re-

470 1346 792 1414 spondeam,
829 1346 990 1400 Estne
1031 1344 1295 1410 Trinitas,
1317 1361 1383 1400 an
1413 1346 1680 1400 dualitas?
1707 1348 1750 1400 si
1783 1346 2042 1411 dualitas,

468 1453 591 1491 cum
623 1439 784 1492 rebus
814 1439 1115 1506 procreatis
1166 1439 1389 1506 spiritus
1422 1455 1450 1492 a
1495 1441 1648 1494 vobis
1703 1449 2038 1494 numeretur.

473 1531 569 1584 Sin
601 1530 840 1584 Trinitas
866 1543 972 1595 est,
999 1541 1057 1585 ut
1091 1547 1218 1586 vere
1247 1543 1330 1587 est
1355 1574 1369 1597 ,
1405 1543 1678 1586 ostensum
1723 1546 1901 1588 autem
1936 1541 2036 1596 cst,

463 1623 615 1675 aliane
659 1639 764 1676 nou
813 1637 932 1677 esse
965 1625 1316 1687 distractam,
1351 1640 1526 1692 neque
1556 1625 1874 1679 dissimilem
1897 1665 1912 1689 ,
1950 1639 2046 1678 ne-

460 1727 626 1768 cesse
658 1726 761 1778 cst,
809 1729 968 1768 unam
1006 1715 1162 1784 hujus
1203 1731 1328 1770 esse
1369 1716 1755 1780 sanctitatem,
1791 1727 1846 1768 et
1878 1729 2039 1769 unam

2144 515 2206 570 τδ
2233 516 2366 569 αὑτό
2397 517 2558 569 ἐστιν.

2507 696 2610 750 Ἐκ
2652 697 2764 765 τῆς
2797 697 2986 763 αὐτῆς
3027 699 3122 752 καὶ
3165 699 3356 752 τοῦτο.

2221 789 2637 859 Πορευθέντες,
2700 791 2856 860 φησὶ,
2920 793 3342 858 μαθητεύσατε
3383 793 3586 848 πάντα
3647 796 3718 849 τὰ

2147 884 2315 950 ἔθνη.
2335 882 2728 947 ,βαπτίζοντες
2759 882 2981 948 αὐτοὺς
3009 885 3094 948 είς
3127 902 3194 948 τί)
3224 885 3412 952 ὄνομα
3461 885 3570 938 τοῦ
3601 890 3716 938 Ila-

2148 993 2306 1044 τρθς,
2343 977 2439 1029 καὶ
2496 972 2604 1030 τοῦ
2653 975 2815 1039 Υὶοῦ,
2855 976 2949 1029 καὶ
2981 975 3087 1030 τοῦ
3112 977 3286 1042 ἁγίου
3345 977 3712 1045 Ιινεύματος.

2149 1073 2208 1123 Οἱ
2240 1071 2294 1122 δὲ
2328 1069 2617 1124 ἀπόστολοι
2672 1070 3034 1139 πορευθέντες
3080 1069 3254 1130 οὕτως
3313 1071 3586 1136 ἐδίδαξαν,
3625 1073 3717 1124 καὶ

2147 1161 2303 1214 τοῦτό
2341 1164 2489 1214 ἐστιν
2516 1164 2594 1223 si;
2624 1163 2807 1215 πᾶσαν
2832 1163 2930 1232 τὴν
2951 1160 3044 1214 ὑπ’
3076 1162 3308 1232 οὐρανὸν
3337 1163 3395 1214 τὸ
3428 1163 3712 1232 κήρυγμα.

2149 1255 2359 1308 Οὐκοῦν
2383 1255 2570 1308 τοῦτον
2601 1256 2832 1325 ἐχούσης
2857 1256 2956 1324 τῆς
2991 1253 3318 1325 Ἐκκλησίας
3349 1255 3441 1308 τὸν
3467 1256 3716 1324 Θεμὲλιον

2147 1348 2244 1417 τῆς
2298 1348 2556 1411 πίστεως,
2601 1349 2911 1401 εἰπάτωσαν
2961 1349 3122 1400 πάλιν
3163 1350 3294 1416 ἡμῖν
3349 1349 3576 1412 ἐκεῖνοι,
3623 1351 3715 1401 καὶ

2148 1440 2658 1509 ἀποκρινάσθωσαν,
2695 1442 2864 1512 Τριάς
2892 1443 3060 1506 ἐστιν,
3108 1441 3139 1510 ἦ
3171 1440 3342 1507 δυάσ;
3378 1441 3437 1493 Ei
3493 1442 3593 1510 μὲν
3623 1436 3714 1494 οὖν

2148 1533 2277 1593 δυάς
2311 1537 2445 1595 ἐστι,
2478 1534 2922 1604 συναριθμείσοω
2961 1533 3087 1603 παρ’
3121 1532 3276 1602 ὑμῶν
3305 1535 3415 1597 τοῖς
3449 1534 3714 1602 κτίσμασι

2149 1623 2210 1677 τὸ
2244 1623 2488 1694 Πνεῦμα.
2525 1625 2587 1678 Εἰ
2624 1624 2680 1676 δὲ
2711 1624 2879 1691 Τριὰ;
2916 1628 3082 1688 ἐστιν,
3114 1624 3302 1696 ὥσπερ
3328 1621 3422 1677 οὖν
3455 1630 3548 1677 καὶ
3577 1626 3711 1686 ἐστι.

2149 1716 2424 1770 δέδεικται
2482 1717 2539 1769 δὲ
2580 1718 2884 1788 ἀδιαίρετος
2939 1715 3098 1783 οὖσα,
3159 1719 3252 1772 καὶ
3280 1719 3382 1771 οὐκ
3439 1718 3712 1787 ἀνόμοιος,

479 1805 640 1872 hujus
700 1805 1099 1870 mternitalem,
1187 1807 1687 1876 itnmutabilemque
1767 1815 2038 1860 naturam.

2147 1808 2360 1876 ἀνάγκη
2395 1807 2523 1876 μίαν
2560 1803 2703 1861 εἶναι
2748 1809 2954 1880 ταύτης
2991 1811 3090 1874 τὴν
3117 1810 3408 1878 ἀγιότητα.
3445 1809 3541 1861 καὶ
3584 1809 3712 1878 μίαν

473 1897 938 1960 Quemadmodum
996 1899 1141 1951 enim
1209 1898 1360 1960 ﬁdes,
1424 1914 1545 1966 quae
1598 1900 1648 1951 in
1707 1898 1875 1964 ipsam
1933 1907 2043 1950 tra-

466 1988 640 2051 ditur,
699 1990 807 2043 Deo
860 1989 1156 2058 conjungit.
1212 1989 1314 2054 Qui
1362 2005 1489 2044 vero
1528 1989 1800 2044 subtrahit
1841 1988 2044 2058 aliquid

472 2096 503 2134 e
546 2079 834 2149 Trinitate,
894 2093 946 2136 et
1000 2082 1091 2151 qui
1145 2083 1194 2134 in
1255 2083 1370 2136 solo
1427 2082 1596 2150 patris
1649 2081 1889 2146 nomine,
1951 2088 2044 2132 aut

472 2175 527 2226 in
570 2173 686 2228 solo
746 2173 842 2227 ﬁlii
903 2176 1142 2240 nomine,
1192 2186 1284 2228 aut
1338 2177 1388 2228 in
1451 2176 1644 2244 patris,
1704 2186 1755 2227 et
1815 2173 1908 2226 ﬁlii
1950 2188 2044 2225 no-

472 2267 660 2333 mine,
729 2277 937 2324 remoto
1001 2269 1189 2337 spiritu
1251 2270 1577 2338 baptizatur,
1641 2269 1772 2323 nihil
1823 2267 2039 2336 accipit,

446 2360 564 2413 sed
626 2360 804 2415 inanis
861 2370 918 2414 et
985 2359 1342 2431 imperfectus
1397 2370 1511 2414 tum
1585 2362 1721 2432 ipse,
1777 2369 1889 2414 tum
1948 2362 2043 2430 qui

471 2455 683 2508 videtur
746 2454 1000 2519 tradere,
1059 2463 1381 2522 permanet.
1433 2455 1704 2523 siquidem
1752 2455 1804 2508 in
1863 2451 2046 2507 Trini-

475 2553 584 2598 tate
635 2543 898 2613 perfectio
945 2557 1047 2611 est,
1084 2546 1158 2599 ita
1211 2546 1299 2614 qui
1339 2545 1530 2599 Filium
1568 2561 1597 2599 a
1653 2545 1812 2600 Patre
1864 2558 2045 2616 segre-

471 2648 602 2707 gat,
657 2648 749 2691 aut
795 2639 1044 2706 spiritum
1097 2637 1326 2692 collocat
1375 2638 1518 2690 inter
1567 2652 1655 2693 res
1707 2646 2042 2705 procreatas,

470 2746 519 2786 ts
551 2730 870 2795 ncc'ﬁlittm,
898 2746 996 2785 nec
1033 2740 1241 2800 patrem
1282 2730 1466 2791 habet,
1502 2732 1595 2782 sed
1625 2729 1822 2799 impius
1847 2739 1948 2792 est,
1991 2739 2045 2782 et

475 2821 674 2874 inlideli
709 2824 963 2886 deterior,
1001 2830 1054 2874 et
1087 2821 1303 2889 quidvis
1332 2821 1514 2889 potius
1539 2859 1554 2886 ,
1587 2835 1746 2888 quam
1782 2820 2044 2875 Christia-

473 2927 610 2974 nus,
656 2919 710 2966 et
759 2912 884 2980 jure
928 2913 980 2964 in
1041 2915 1280 2982 quidem.
1335 2911 1491 2965 Sicut
1543 2913 1689 2965 enim
1747 2925 1910 2965 unum
1961 2920 2046 2966 est

474 3006 824 3073 baptisma-in
855 3007 1044 3073 Patre,
1081 3013 1134 3059 ct
1174 3004 1332 3071 Filio,
1366 3015 1420 3060 ct
1451 3005 1652 3073 Spiritu
1687 3015 1875 3059 sancto
1928 3014 2042 3058 trao

2147 1901 2351 1971 ταύτης
2379 1901 2476 1970 τὴν
2505 1901 2806 1970 ἁῖδιότητα,
2833 1903 2928 1954 καὶ
2957 1900 3056 1971 τὴν
3100 1901 3198 1970 τῆς
3231 1901 3499 1970 ἀτρεψίας
3529 1901 3710 1969 φύσιν.

2151 1993 2363 2065 Ὠσπερ
2393 1995 2556 2064 γὰρὴ
2592 1995 2675 2059 είς
2704 1993 2872 2062 αὐτὴν
2922 1994 3331 2062 παραδιδομένη
3375 1993 3559 2056 πίστις
3590 2008 3714 2044 συν.

2148 2087 2308 2138 άπτει
2338 2085 2478 2156 Θεῷ,
2512 2087 2540 2138 ὁ
2569 2085 2625 2138 δὲ
2678 2085 3078 2156 ὑφαιρούμενός
3113 2103 3162 2139 τι
3200 2086 3300 2154 τῆς
3336 2083 3584 2154 Τριάδος,
3621 2083 3714 2134 καὶ

2148 2181 2205 2230 ὲν
2245 2177 2392 2246 μόνῳ
2439 2176 2518 2246 τῷ
2559 2175 2652 2229 τοῦ
2691 2177 2901 2247 Πατρὸς
2945 2176 3174 2242 ὀνόματι
3227 2175 3645 2245 βαπτιζόμενος,
3679 2172 3710 2240 ἢ

2148 2271 2205 2323 ἐν
2244 2270 2390 2341 μόνῳ
2428 2272 2505 2340 τῷ
2539 2271 2764 2341 ὀνόματι
2812 2270 2902 2323 τοῦ
2943 2270 3096 2334 Υἱοῦ,
3145 2271 3177 2340 ἢ
3214 2270 3382 2339 χωρὶς
3413 2267 3508 2320 τοῦ
3541 2266 3714 2319 nm}.

2150 2380 2321 2433 ματος
2348 2365 2406 2417 ἐν
2457 2363 2656 2434 Πατρὶ,
2718 2364 2814 2416 καὶ
2859 2362 2997 2431 Υίῴ,
3039 2362 3194 2415 οὐδὲν
3250 2361 3538 2430 λαμϐάνει,
3578 2360 3714 2412 ἀλλὰ

2150 2457 2323 2520 κενὸς,
2364 2457 2458 2510 καὶ
2498 2456 2693 2526 ἀτελὴς
2746 2456 2908 2518 αὐτός
2942 2474 3022 2519 τε,
3078 2455 3172 2508 καὶ
3208 2456 3236 2506 ό
3281 2453 3455 2508 δοκῶν
3511 2453 3715 2506 διδόναι

2145 2548 2414 2619 διαμένει.
2469 2550 2556 2602 Ἐν
2580 2551 2645 2619 τῇ
2695 2549 2885 2619 Τριάδι
2921 2547 3029 2617 γὰρ
3057 2545 3372 2618 ὴτελείωσις
3406 2545 3554 2596 ἐστιν
3576 2559 3590 2573 ο
3617 2541 3713 2594 οῦ-

2145 2657 2254 2703 τως
2313 2643 2342 2693 ό
2397 2640 2622 2710 διαιρῶν
2681 2641 2773 2692 τὶν
2823 2639 2949 2693 Υίδν
2995 2638 3103 2692 ἀπὸ
3136 2637 3228 2691 τοῦ
3279 2635 3518 2708 Πατρδς,
3576 2637 3608 2704 ἢ
3655 2637 3715 2687 τὸ

2147 2729 2373 2799 Πνεῦμα
2405 2731 2662 2797 κατάγων
2695 2732 2776 2793 είς
2829 2731 2896 2783 τὰ
2948 2732 3244 2799 κτίσματα.
3279 2727 3402 2780 οὔτε
3462 2729 3554 2780 τὸν
3587 2725 3713 2778 Υἱὸν

2146 2822 2282 2892 ἔχει,
2318 2821 2441 2876 οὔτε
2470 2823 2562 2875 τὸν
2595 2824 2852 2892 Πατέρα,
2891 2824 3004 2875 ἀλλ’
3037 2824 3182 2874 ἐστιν
3215 2821 3395 2884 ἄθεος,
3449 2820 3544 2873 καὶ
3585 2819 3721 2870 ἀπί-

2148 2929 2274 2965 στου
2303 2915 2518 2982 χείρων,
2550 2918 2644 2968 καὶ
2691 2915 2868 2968 πάντα
2897 2913 3122 2983 μᾶλλον,
3153 2912 3186 2981 ἢ
3234 2914 3274 2964 Χ
3285 2912 3588 2982 ρικτιανδς,
3621 2911 3723 2962 καὶ

2143 3005 2368 3068 δικαίως
2401 3023 2483 3060 τε.
2523 3007 2792 3077 Καθάπερ
2823 3005 2931 3077 γὰρ
2977 3008 3050 3060 ἓν
3075 3007 3193 3058 ἐστι
3245 3004 3305 3056 τὺ
3340 3004 3623 3074 βάπτισμα
3657 3005 3724 3054 ιν

473 3096 665 3164 ditum,
720 3109 775 3152 et
809 3112 914 3151 una
944 3098 1076 3154 ﬁdes
1100 3109 1182 3152 est
1221 3099 1274 3152 in
1315 3100 1482 3168 ipsam
1520 3099 1776 3155 nimirum
1801 3101 2038 3155 'l‘rinita-

2149 3099 2327 3170 Πατρὶ
2362 3102 2454 3155 καὶ
2495 3100 2605 3170 Υίῴ
2640 3101 2730 3153 καὶ
2768 3099 3048 3168 Πνεύματι
3108 3098 3250 3165 ἁγίῳ
3286 3098 3586 3166 διδόμενον,
3620 3099 3725 3149 καὶ

474 3200 605 3252 tem,
637 3198 694 3243 ut
733 3195 810 3243 ait
842 3189 1275 3258 Apostolus“.sio
1309 3200 1494 3246 sancta
1530 3192 1771 3248 Trinitas
1795 3210 1917 3264 quae
1951 3210 2043 3250 ea-

465 3283 583 3338 dem
606 3279 664 3335 in
689 3281 870 3350 seipsa
900 3290 1072 3345 est,et
1096 3297 1280 3336 secum
1311 3283 1426 3352 ipsa
1457 3285 1744 3351 conjuncta
1777 3294 1879 3344 est,
1901 3284 2038 3337 nihil

465 3373 520 3425 in
550 3386 608 3425 se
635 3384 816 3424 rerum
847 3371 1110 3423 factarum
1143 3371 1332 3434 habet;
1375 3373 1596 3440 haecque
1614 3371 1897 3427 Trinitatis
1919 3374 2039 3426 uni-

462 3471 547 3515 tas
582 3459 858 3513 individua
883 3467 984 3521 est,
1005 3461 1288 3528 unaquein
1321 3462 1565 3516 eamdem
1587 3462 1719 3516 ﬁdes
1747 3470 1847 3516 est.
1882 3461 2037 3528 Quod

463 3553 510 3606 si
552 3552 626 3604 uti
657 3567 775 3616 vos,
804 3550 1043 3620 Tropici,
1086 3553 1378 3606 commenti
1413 3554 1567 3615 estis,
1605 3569 1710 3608 non
1759 3554 1830 3607 ita
1859 3569 1916 3607 se
1950 3568 2037 3608 res

465 3640 644 3704 habet,
665 3641 779 3704 sed,
809 3650 866 3695 ιιι
887 3643 1224 3705 somniastis,
1249 3641 1484 3713 Spiritus
1504 3647 1725 3701 sanetus
1757 3662 1842 3701 res
1858 3655 2036 3701 creata

463 3749 494 3787 a
518 3733 673 3789 vobis
713 3734 911 3789 dicitur
945 3736 1095 3804 :jam
1130 3751 1235 3787 non
1276 3752 1380 3791 una
1408 3747 1490 3794 est
1532 3737 1662 3794 ﬁdes
1696 3749 1894 3800 vestra,
1929 3753 2034 3791 non

464 3841 632 3880 unum
673 3827 962 3895 baptisma,
993 3828 1084 3881 sed
1121 3829 1265 3884 duo:
1299 3846 1466 3883 unum
1504 3831 1710 3885 scilicet
1742 3832 1792 3884 in
1824 3829 2034 3885 Patrem

461 3929 514 3971 ct
547 3915 767 3974 Filium.
801 3919 947 3972 aliud
980 3919 1032 3972 in
1067 3921 1317 3990 angelum
1353 3922 1446 3991 qui
1483 3938 1570 3976 res
1595 3933 1771 3976 creata
1805 3933 1922 3988 est;
1953 3924 2035 3974 ni—

466 4009 650 4079 hilque
673 4011 784 4080 jam
827 4011 980 4066 vobis
1020 4014 1233 4066 ﬁrmum
1256 4057 1271 4078 ,
1303 4014 1434 4066 nihil
1464 4030 1648 4067 verum
1684 4013 2034 4083 superfuerit.

462 4102 593 4169 Quae
635 4105 778 4157 enim
828 4105 1140 4158 communio
1183 4106 1320 4158 inter
1351 4121 1462 4158 rem
1509 4105 1704 4160 factam
1732 4115 1785 4158 et.
1814 4105 1930 4171 ejus
1960 4105 2038 4159 ef-

460 4195 754 4249 fectorem?
799 4193 896 4248 Vel
959 4213 1079 4264 qua:
1133 4198 1362 4250 societas
1421 4198 1561 4249 inter
1611 4212 1696 4248 res
1749 4195 2038 4250 inferiores

457 4295 670 4340 creatas
701 4297 754 4339 et
787 4285 1020 4340 Verbum
1055 4303 1084 4340 a
1119 4303 1227 4356 quo
1251 4289 1523 4356 productae
1547 4289 1708 4341 sunt?
1739 4286 1896 4342 Certe
1913 4288 2038 4341 bea-

462 4389 549 4432 tus
582 4375 809 4443 Paulus,
845 4378 938 4446 qui
973 4376 1074 4431 ista
1111 4379 1334 4432 minime
1360 4379 1664 4447 ignorabat.
1692 4393 1801 4431 non
1835 4387 1892 4432 ιιι
1919 4392 2036 4442 vos,

2159 3193 2256 3262 μία
2289 3195 2472 3256 πίστις
2503 3187 2653 3246 ἐστὶν
2688 3195 2769 3258 είς
2797 3193 2994 3263 αὑτὴν,
3024 3197 3098 3256 ὡς
3127 3189 3282 3246 εἶπεν
3311 3193 3341 3245 ό
3371 3190 3722 3252 Ἀπόστολος,

2141 3284 2312 3346 οὕτως
2347 3286 2378 3353 ἡ
2417 3285 2545 3351 ἁγία
2577 3282 2766 3353 Τριὰς,
2817 3285 2851 3354 ἡ
2908 3283 3046 3353 αὐτὴ
3096 3279 3232 3336 οὖσα
3260 3283 3426 3352 ἑαυτῇ
3467 3315 3484 3339 ν
3633 3283 3735 3336 καὶ

2142 3375 2390 3444 ἡνωμένη
2416 3374 2550 3445 πρὸς
2571 3375 2793 3445 ἑαυτὴν,
2821 3374 2972 3428 οὐδὲν
3011 3373 3123 3444 ἔχει
3146 3376 3201 3425 ὲν
3232 3374 3395 3441 ἑαυτῇ
3427 3371 3534 3424 τῶν
3561 3388 3734 3441 γενη-

2138 3465 2262 3516 τῶν·
2299 3465 2391 3518 καὶ
2421 3463 2556 3535 ατῖτη
2586 3465 2682 3535 τῆς
2716 3464 3000 3535 Τριάδοςὴ
3038 3463 3340 3532 ἀδιαίρετος
3493 3459 3679 3523 ἑνότης
3713 3502 3730 3524 ,

2139 3555 2232 3607 καὶ
2258 3556 2353 3623 μία
2384 3557 2414 3624 ἡ
2450 3556 2529 3617 είς
2554 3555 2755 3625 ταύτην
2786 3555 2968 3618 πίστις
3004 3555 3171 3607 ἐστίν.
3235 3555 3292 3606 Ei
3321 3553 3380 3606 δὲ
3426 3552 3568 3606 κατὰ
3620 3554 3732 3621 τὴν

2139 3645 2291 3715 ὑμῶν
2335 3645 2441 3698 τῶν
2483 3647 2767 3717 Τροπικῶν
2798 3646 3145 3717 ἐπεξεύρεσιν
3192 3647 3291 3715 οὐχ
3350 3643 3524 3708 οὕτως
3553 3645 3730 3709 ἐστὶν,

2137 3737 2250 3788 ἀλλ’
2282 3737 2670 3808 ὲνυπνιάσθητε
2699 3739 2902 3808 κτίσμα
3091 3738 3271 3805 λέγειν
3304 3737 3362 3789 τὸ
3397 3734 3624 3806 Πνεῦμα
3661 3737 3732 3789 τὸ

2139 3830 2310 3896 ἅγιον·
2341 3831 2519 3884 οὐκέτι
2558 3832 2656 3901 μία
2709 3833 2891 3894 πίστις
2940 3833 3086 3885 ἐστὶν
3145 3830 3320 3899 ὑμῶν,
3365 3829 3485 3882 οὐδὲ
3521 3829 3580 3881 ἓν
3626 3827 3731 3897 βάς

2139 3939 2372 3990 πτισμα,
2397 3921 2532 3975 ἀλλὰ
2569 3923 2679 3976 δύο·
2708 3922 2764 3974 ἓν
2801 3922 2901 3992 μὲν
2935 3924 3014 3984 εἰς
3050 3921 3269 3990 Πατέρα
3308 3921 3402 3973 καὶ
3426 3919 3575 3972 Υίόνι
3607 3919 3732 3972 ἓτε-

2141 4029 2232 4081 ρον
2271 4012 2325 4064 δὲ
2359 4014 2437 4075 εἰς
2496 4013 2722 4080 ἄγγελον
2788 4013 2992 4082 κτίσμα
3035 4012 3184 4064 ὄντα·
3230 4011 3323 4064 καὶ
3365 4009 3516 4063 οὐδὲν
3540 4010 3729 4063 λοιπὸν

2140 4104 2294 4171 ὑμῶν
2324 4105 2565 4172 ἀσφαλὲς
2599 4105 2719 4157 οὑδὲ
2771 4103 2987 4174 ἀληθές.
3019 4103 3156 4155 Ποία
3209 4102 3317 4170 γὰρ
3356 4101 3612 4153 κοινωνία
3635 4117 3727 4168 γε-

2139 4193 2283 4262 νητῷ
2324 4194 2416 4246 καὶ
2470 4193 2821 4264 δημιουργῷ;
2867 4195 2938 4245 Ἢ
3006 4193 3134 4244 ποία
3207 4191 3395 4258 ἑνότης
3431 4192 3545 4251 τοῖς
3576 4190 3729 4242 κάτω

2139 4287 2400 4354 κτίσμασι
2483 4287 2576 4338 καὶ
2636 4284 2714 4353 τῷ
2771 4285 2943 4338 ταῦτα
2999 4283 3468 4353 δημιουργήσαντι
3533 4279 3726 4348 Λόγῳς

2139 4374 2307 4428 Τοῦτο
2339 4375 2490 4438 εἰδὼς
2539 4378 2567 4428 ὁ
2632 4375 2902 4446 μακάριος
2959 4374 3206 4436 Παῦλος,
3257 4375 3319 4426 οὐ
3383 4373 3581 4442 διαιρεί
3629 4373 3729 4440 τὴν

460 4467 780 4521 Trinitatem
813 4466 1024 4532 dividit,
1054 4468 1147 4521 sed
1171 4467 1290 4536 ejus
1322 4468 1582 4522 unitatem
1614 4469 1915 4522 luculenter
1942 4457 2038 4521 do-

2143 4466 2365 4536 Τριόιδα,
2393 4466 2582 4536 ὥσπερ
2613 4467 2790 4536 ὑμεῖς,
2821 4465 2956 4518 ἀλλὰ
3003 4464 3102 4536 τὴν
3151 4465 3379 4533 ἑνότητα
3419 4462 3623 4532 ταύτης
3651 4462 3731 4514 δι·-

458 4568 538 4613 cet
565 4574 688 4612 cum
717 4559 782 4612 de
817 4557 1196 4627 spiriIUalibus
1227 4559 1389 4612 rebus
1417 4559 1482 4611 ad
1513 4559 1824 4613 Corinthios
1850 4559 2038 4613 scribit

459 4659 512 4705 ct
546 4650 729 4704 omnia
761 4649 826 4703 ad
863 4664 1029 4704 unum
1057 4646 1223 4702 Deum
1249 4646 1464 4702 Patrem
1494 4658 1749 4717 tanquam
1781 4649 1844 4701 ad
1876 4660 2037 4718 caput

461 4745 563 4796 hoc
593 4751 751 4812 pacto
773 4741 984 4796 reducit
1009 4760 1021 4795 :
1055 4762 1071 4791 ‹
1095 4739 1548 4796 Divisiones-vero
1573 4740 1868 4810 gratiarum
1889 4751 2034 4803 sunt,

460 4835 599 4887 iulem
625 4843 804 4887 autem
841 4833 1074 4902 Spiritus
1108 4849 1122 4885 :
1163 4839 1216 4886 et
1245 4831 1542 4886 divisiones
1577 4830 2035 4885 ministrationum

459 4934 609 4994 sunt,
637 4926 775 4980 idem
805 4935 985 4980 autem
1013 4925 1272 4980 Dominus
1306 4943 1316 4976 :
1356 4934 1406 4977 et
1441 4923 1736 4978 divisiones
1767 4925 2034 4993 operatio-

457 5033 589 5071 num
632 5025 777 5082 sunt,
807 5017 944 5070 idem
981 5032 1109 5070 vero
1141 5017 1302 5078 lleus,
1337 5017 1425 5085 qui
1475 5026 1732 5084 operatur
1765 5017 1944 5069 omnia
1984 5017 2034 5068 in

457 5107 714 5161 omnibus
767 5112 805 5160 '.
843 5126 859 5156 ›
883 5105 1014 5170 Quae
1038 5109 1182 5161 enim
1217 5107 1452 5177 Spiritus
1485 5109 1715 5178 singulis
1739 5109 2034 5172 distribuit,

457 5213 518 5250 ea
544 5212 573 5250 a
599 5195 754 5250 Patre
786 5212 877 5266 per
909 5194 1143 5250 Verbum
1172 5197 1388 5251 dantur.
1421 5198 1549 5252 Nam
1585 5199 1765 5252 omnia
1798 5214 1919 5265 qua:
1938 5199 2036 5252 Pa-

458 5291 560 5346 tris
583 5300 729 5353 sunt,
757 5299 884 5345 sunt
932 5290 1056 5343 item
1098 5287 1217 5344 Filii
1252 5309 1263 5343 :
1307 5290 1447 5343 unde
1487 5306 1548 5343 ea
1581 5305 1702 5358 qua:
1733 5306 1762 5343 a
1794 5287 1932 5342 Filio
1981 5291 2033 5343 in

458 5385 662 5454 Spiritu
698 5384 917 5448 dantur,
952 5399 1073 5437 vera
1106 5392 1233 5436 sunt
1266 5381 1442 5435 Patris
1470 5395 1732 5434 .munera.
1774 5380 2036 5433 Similiter

457 5493 578 5530 (lllll
612 5477 852 5546 Spiritus
884 5478 936 5530 in
973 5476 1126 5530 nobis
1157 5483 1261 5540 est,
1292 5475 1550 5535 Verbum,
1581 5488 1610 5525 a
1637 5487 1744 5541 quo
1771 5473 1920 5526 illum
1945 5487 2034 5526 ac-

542 5693 557 5722 ί
603 5694 798 5759 l'Tphes.
841 5711 909 5755 tv,
951 5694 1004 5747 ὕ.
1083 5696 1100 5724 ²
1136 5693 1149 5746 l
1180 5692 1305 5748 Cor.
1350 5709 1446 5760 xu,
1475 5697 1588 5749 4-6.

2139 4557 2352 4610 δασκων
2381 4557 2583 4627 ἔγραψε
2628 4555 2929 4627 Κορινθίοις
2986 4555 3114 4626 περὶ
3160 4555 3266 4606 τῶν
3317 4553 3728 4623 πνευματικῶν,

2140 4651 2230 4702 καὶ
2268 4651 2336 4702 τὰ
2376 4650 2550 4702 πάντα
2583 4650 2661 4712 εἰς
2689 4648 2785 4702 ἕνα
2809 4648 2939 4701 Θεὸν
2961 4648 3052 4700 τὸν
3077 4647 3296 4718 Πατέρα
3327 4644 3729 4713 ἀνακεφαλαιοῖ

2138 4741 2332 4810 λέγων·
2363 4760 2380 4791 ι
2423 4741 2725 4812 Διαιρέσεις
2754 4739 2808 4792 δὲ
2849 4737 3206 4808 χαρισμάτων
3241 4737 3366 4799 εἰσὶ,
3397 4734 3458 4786 τὸ
3486 4734 3542 4786 δὲ
3596 4733 3732 4786 αὐτὶ

2139 4831 2381 4901 Πνεῦμω
2417 4832 2509 4884 καὶ
2547 4831 2839 4900 διαιρέσεις
2879 4828 3162 4884 διακονιῶν
3227 4830 3384 4888 εἰσιν,
3408 4829 3436 4878 ὁ
3470 4826 3526 4878 δὲ
3563 4825 3729 4887 αὐτὸς

2139 4924 2339 4993 Κύριος
2391 4941 2404 4954 ·
2541 4924 2633 4975 καὶ
2683 4923 2976 4991 διαιρέσεις
3013 4918 3405 4990 ἐνεργημᾶτων
3421 4917 3579 4979 εἰσὶν,
3613 4919 3641 4970 ὁ
3672 4917 3728 4970 δὲ

2135 5015 2297 5078 αὐτὸς
2327 5015 2457 5077 Θεὸς
2483 5017 2510 5066 ὁ
2536 5013 2770 5085 ἐνεργῶν
2811 5013 2878 5066 τὰ
2921 5013 3097 5065 πάντα
3129 5013 3184 5062 ἐν
3250 5011 3431 5063 πᾶσιν.
3461 5030 3477 5060 ι
3518 5011 3584 5062 Ἀ
3618 5008 3729 5080 γὰρ

2134 5108 2194 5158 τὸ
2228 5106 2446 5176 Πνεῦμα
2474 5106 2687 5176 ἑκάστῳ
2715 5107 2929 5176 διαιρεῖ,
2962 5104 3135 5158 ταῦτα
3187 5104 3339 5175 παρὰ
3368 5103 3460 5155 τοῦ
3510 5103 3728 5173 Πατρός

2135 5199 2222 5251 διὰ
2251 5197 2342 5251 τοῦ
2373 5198 2546 5266 Λόγον
2577 5200 2912 5269 χορηγείται.
2947 5197 3132 5258 Πάντα
3187 5197 3296 5268 γὰρ
3341 5195 3409 5247 τὰ
3462 5194 3556 5247 τοῦ
3611 5197 3726 5248 Πα-

2133 5292 2282 5360 τρδς,
2319 5289 2412 5342 τοῦ
2447 5290 2576 5344 Υἱοῦ
2615 5291 2752 5342 ἐστι·
2783 5290 2862 5342 διὸ
2896 5291 2988 5341 καὶ
3041 5289 3108 5342 τὰ
3143 5289 3294 5360 παρὰ
3343 5288 3433 5344 τοῦ
3493 5287 3622 5341 Υίοῦ
3668 5289 3726 5339 ἐν

2136 5382 2411 5452 Πνεύματι
2436 5382 2689 5453 διδόμενα
2716 5383 2810 5435 τοῦ
2853 5383 3066 5451 Πατρός
3088 5384 3204 5435 ἐστι
3250 5385 3581 5456 χαρίσματα.
3613 5379 3725 5433 Καὶ

2133 5473 2226 5526 τοῦ
2257 5474 2393 5526 Πνεύ
2405 5491 2571 5544 ματος·
2607 5474 2662 5528 δὲ
2689 5474 2842 5533 ὄντος
2872 5474 2928 5527 ὲν
2949 5474 3102 5543 ἡμῖν,
3135 5476 3227 5538 καὶ
3247 5476 3275 5527 ό
3317 5477 3484 5547 ,λόγος
3513 5479 3540 5529 ό
3567 5472 3725 5527 τοῦτο
