4078 6292
445 481 542 544 ἸΞΙ
1379 473 1750 536 PANOPLIA
1795 474 2250 535 DOGMATICA.
2282 501 2347 512 —
2371 474 2517 538 TIT.
2557 472 2689 538 XII.
3578 470 3691 533 ’ΚΞ

443 593 619 657 διδούς
661 593 816 645 ἐστιν
869 591 930 644 ὲν
995 591 1149 661 ἡμῖν,
1204 586 1300 641 καὶ
1352 588 1410 640 ἐν
1455 586 1532 658 τῷ
1587 589 1747 658 Λόγῳ
1800 587 1946 642 ἐστὶν
1987 589 2052 648 ὁ,

2157 595 2359 664 pimus,
2385 592 2438 645 in
2474 591 2630 645 nobis
2653 589 2814 644 etiam
2842 594 2943 650 est,
2973 593 3026 640 et
3061 586 3114 639 in
3147 582 3326 639 Verbo
3353 590 3436 638 est
3464 597 3684 652 quoque

443 679 653 747 Πατήρ·
685 676 780 729 καὶ
811 673 984 738 οὕτως
1010 674 1124 726 ἐστὶ
1157 672 1239 737 τὸ,
1303 691 1323 724 ι
1376 673 1737 744 Ἐλευσόμεθα
1777 673 1889 742 ἐγὼ
1937 673 2032 728 καὶ

2153 697 2284 748 ater,
2309 694 2470 755 atque
2506 684 2578 738 ita
2613 682 2671 736 [it
2701 681 2883 735 istud:
2924 698 2941 729 ι
2967 677 3260 732 Veniemus
3287 691 3388 744 ego
3425 683 3477 728 et
3503 672 3683 733 Pater,

443 774 471 824 6
499 769 710 840 Πατὴρ,
745 767 838 822 καὶ
873 765 1038 838 μονὴν
1065 755 1194 836 παρ’
1221 762 1373 833 αὐτῷ
1393 767 1744 836 ποιήσομεν,ι
1781 764 2034 834 καθάπερ

2153 821 2158 829 ,
2193 775 2529 830 mansionem
2561 771 2704 842 apud
2746 785 2870 824 eum
2917 769 3181 824 faciemus
3219 777 3266 831 ι,
3297 787 3315 818 ι
3361 766 3438 819 uti
3465 765 3577 834 jam
3605 764 3688 815 di-

447 861 682 934 εῐρηται.
721 859 889 913 Ἔνθα
916 858 1026 930 γὰρ
1075 858 1137 911 τδ
1182 859 1318 927 φῶς,
1345 859 1461 910 ἐκεῖ
1487 857 1580 910 καὶ
1755 856 1818 910 τὸ
1855 855 2034 910 ἀπαύ-

2153 883 2252 921 .um
2286 875 2385 921 est.
2418 864 2520 919 Ubi
2549 865 2695 918 enim
2733 863 2823 916 lux
2853 869 2957 920 est.
2976 861 3086 915 illic
3109 869 3162 915 et
3186 859 3446 928 splendor
3467 873 3707 928 quoquo-

445 968 652 1022 γασμα·
710 951 803 1003 καὶ
842 948 971 1002 ἔνθα
996 949 1059 1001 τὸ
1089 949 1450 1019 ἀπαύγασμα,
1493 949 1611 1000 ἐκεῖ
1657 946 1752 1000 καὶ
1784 948 1818 1015 ἡ
1843 944 2032 998 τούτου

2153 968 2227 1012 st:
2263 958 2350 1012 ubi
2380 959 2506 1011 item
2544 956 2800 1026 splendor
2833 963 2938 1018 est,
2969 953 3042 1007 ibi
3079 953 3332 1008 similiter
3353 960 3406 1005 et
3429 951 3549 1018 ejus
3575 950 3686 1003 eni-

449 1043 700 1112 ἐνέργεια
734 1041 828 1095 καὶ
858 1038 1145 1110 αὑγοειδὴς
1171 1038 1352 1110 χάρις.
1404 1038 1519 1092 Καὶ
1568 1037 1728 1091 τοῦτο
1764 1037 1925 1092 πάλιν
1952 1039 2032 1090 διο

2153 1048 2305 1102 entia
2334 1056 2386 1101 et
2412 1046 2690 1115 splendida
2719 1054 2802 1100 est
2832 1043 3026 1113 gratia.
3056 1041 3212 1109 Quod
3243 1041 3384 1095 idem
3409 1039 3612 1094 Paulus
3633 1041 3686 1092 in

447 1135 666 1188 δάσκων
698 1136 726 1186 6
756 1130 968 1196 Παῦλος
997 1131 1235 1203 ἔγραφεν
1264 1125 1421 1194 αὖθις
1600 1129 1906 1201 Κορινθίοις
1943 1131 2035 1184 καὶ

2153 1136 2348 1194 :cunda
2379 1135 2617 1207 Epistula
2661 1135 2727 1189 ad
2757 1133 3074 1188 Corinthios
3132 1131 3218 1187 his
3268 1131 3446 1187 verbis
3493 1129 3685 1184 docet:

448 1229 506 1279 ἐν
527 1229 594 1298 τῇ
616 1225 844 1297 δευτέρᾳ
868 1224 1157 1294 Ἐπιστολῇ
1204 1223 1397 1293 λέγων·
1437 1241 1456 1273 ι
1508 1223 1574 1276 Ἦ
1605 1225 1762 1293 χάρις
1799 1222 1893 1276 τοῦ
1919 1224 2034 1276 Κυ-

2155 1228 2339 1285 Gratia
2358 1227 2571 1282 Domini
2592 1227 2762 1282 nostri
2780 1225 2910 1280 Jesu
2930 1224 3155 1288 Christi,
3173 1234 3226 1278 et
3243 1223 3484 1277 charitas
3502 1221 3617 1286 Dei,
3637 1230 3691 1276 et

450 1320 570 1390 ρίου
600 1318 757 1389 ἡμῶν
795 1315 967 1386 Ἰησοῦ
1020 1315 1281 1388 Χριστοῦ,
1334 1315 1428 1369 καὶ
1451 1317 1484 1385 ἡ
1523 1315 1709 1386 ἀγάπη
1755 1315 1850 1368 τοῦ
1876 1315 2033 1382 Θεοῦ,

2153 1319 2538 1374 ommunicatio
2571 1318 2742 1374 sancti
2777 1315 3012 1386 Spiritus
3041 1316 3112 1370 sit
3149 1331 3272 1369 cum
3306 1314 3563 1367 omnibus
3593 1307 3689 1367 vo;

451 1412 545 1464 καὶ
568 1413 601 1480 ἡ
632 1411 885 1463 κοινωνία
905 1408 1000 1462 τοῦ
1046 1407 1202 1477 ἁγίου
1248 1408 1588 1478 Πνεύματος,
1628 1406 1768 1476 μετὰ
1820 1407 2036 1462 πάντων

2153 1412 2196 1467 is
2238 1414 2278 1465 ³.
2316 1429 2334 1462 ι
2359 1409 2544 1463 Gratia
2755 1408 2900 1463 enim
2927 1415 2979 1462 et
3005 1407 3206 1460 donum
3241 1405 3387 1475 quod
3417 1405 3472 1458 in
3506 1403 3688 1458 Trini-

453 1502 661 1574 ὑμῶν.»
706 1502 769 1554 Ἥ
804 1500 912 1570 γὰρ
949 1499 1205 1571 διδομένη
1231 1499 1391 1569 χάρις
1423 1497 1518 1551 καὶ
1556 1495 1734 1566 δωρεὰ
1765 1499 1824 1549 ὲν
1847 1495 2036 1567 Τριάδι

2153 1512 2221 1556 tte
2249 1501 2429 1563 datur,
2464 1501 2624 1554 datur
2653 1515 2682 1553 a
2710 1498 2871 1553 Patre
2899 1514 2994 1567 per
3023 1496 3222 1551 Filium
3252 1498 3303 1549 in
3335 1494 3541 1564 Spiritu
3571 1510 3692 1550 san-

451 1597 649 1650 δίδοται
684 1595 836 1666 παρὰ
859 1595 956 1649 τοῦ
983 1594 1194 1665 Πατρὸς
1217 1593 1434 1647 δι’Υίοῦ
1469 1594 1528 1645 ὲν
1558 1591 1838 1662 Πνεύματι
1870 1591 2034 1662 ἁγίῳ.

2153 1603 2222 1648 ιο.
2258 1593 2394 1648 Nam
2423 1590 2882 1662 quemadmodum
2915 1606 2977 1645 ex
3007 1589 3167 1644 Patre
3193 1605 3288 1658 per
3315 1587 3510 1642 Filium
3532 1589 3692 1642 datur

401 1728 420 1743 ι
457 1690 666 1761 Ὥσπερ
698 1689 806 1759 γὰρ
830 1689 893 1740 ὲκ
919 1688 1013 1740 τοῦ
1059 1687 1271 1759 Πατρός
1328 1687 1444 1738 ἐστι
1485 1685 1552 1737 δι’
1589 1682 1717 1737 Υίοῦ
1897 1685 1929 1753 ὴ
1961 1683 2034 1737 δι-

2153 1687 2310 1750 ratia,
2339 1686 2411 1739 ita
2449 1686 2501 1738 in
2540 1685 2698 1739 nobis
2724 1684 2838 1737 ﬁeri
2870 1698 2976 1737 non
3010 1689 3189 1751 potest
3223 1681 3351 1734 doni
3380 1679 3692 1734 communi-

454 1779 654 1850 δομένη
685 1778 867 1849 χάρις,
914 1777 1087 1840 οὕτως
1139 1777 1238 1831 οὐκ
1271 1777 1336 1831 ἂν
1380 1776 1590 1844 γένοιτο
1639 1773 1892 1828 κοινωνία
1940 1773 2038 1844 τῆς

2153 1780 2258 1834 atio
2288 1779 2389 1834 nisi
2416 1780 2468 1832 in
2499 1777 2702 1847 Spiritu
2730 1785 2937 1832 sancto.
2970 1775 3146 1844 Hujus
3176 1774 3443 1843 siquidem
3472 1771 3694 1841 partici-

453 1871 658 1932 δόσεως
692 1871 749 1921 ὲν
781 1870 932 1940 ἡμῖν,
983 1870 1030 1920 εί
1089 1868 1162 1938 μὴ
1220 1868 1277 1920 ὲν
1319 1866 1396 1937 τῷ
1426 1863 1702 1935 Πνεῦματι
1752 1862 1828 1934 τῷ
1877 1863 2035 1934 ἁγίῳ.

2153 1888 2210 1927 es
2242 1871 2437 1938 etB-eti,
2457 1869 2632 1926 Patris
2663 1870 3006 1934 citaritatem,
3032 1867 3154 1921 Filii
3189 1868 3418 1938 gratiam
3444 1875 3498 1922 et
3522 1865 3708 1934 ipsius

458 1961 660 2013 Τοῦτον
721 1959 830 2030 γὰρ
881 1959 1218 2030 μετέχοντες,
1275 1957 1468 2029 ἔχομεν
1522 1955 1617 2011 τοῦ
1675 1955 1887 2025 Πατρὸς
1940 1953 2038 2024 τὴν

460 2051 704 2120 ἀγάπην,
754 2051 849 2103 καὶ
883 2050 978 2102 τοῦ
1033 2049 1164 2103 Υἱοῦ
1213 2049 1311 2120 τὴν
1367 2049 1549 2120 χάριν,
1609 2046 1700 2101 καὶ
1750 2046 1914 2100 αὑτοῦ
1943 2043 2037 2099 τοῦ

460 2141 773 2212 Πνεύματος
804 2141 901 2212 τὴν
938 2142 1240 2196 κοινωνίαν.

651 2233 765 2287 Μία
797 2235 903 2305 ἄρα
941 2235 1033 2287 καὶ
1066 2236 1129 2286 ὲκ
1158 2233 1360 2288 τούτων
1404 2237 1436 2305 ἡ
1485 2236 1583 2304 τῆς
1615 2233 1845 2304 Τριάδος
1891 2232 2038 2302 ἐνέρ-

462 2342 585 2392 γεια
607 2325 897 2378 δείκνυται.
929 2326 1004 2378 Οὐ
1031 2325 1138 2397 γὰρ
1163 2326 1238 2388 ὡς
1265 2325 1395 2396 παρ’
1426 2325 1655 2378 ἑκάστου
1681 2324 1915 2394 διάφορα
1945 2322 2038 2377 καὶ

460 2415 767 2486 διῃρημένα
794 2415 862 2469 τὰ
891 2416 1143 2486 διδόμενα
1173 2416 1430 2486 σημαίνει
1456 2417 1484 2468 6
1538 2415 1857 2479 Ἀπόστολος
1878 2432 1891 2445 ·
1924 2415 2032 2468 ἀλλ’

453 2509 532 2561 ὅτι.
559 2505 632 2558 τὰ
649 2502 899 2572 διδόμενα
1064 2501 1119 2552 ὲν
1145 2499 1335 2570 Τριάδι
1361 2499 1582 2563 δίδοται,
1617 2499 1712 2552 καὶ
1745 2499 1815 2551 τὰ
1842 2499 2033 2569 ,πάντα

458 2596 516 2661 ἐξ
544 2594 661 2656 ἑνὸς
682 2591 816 2646 Θεοῦ
847 2595 981 2645 ἐστι.
1014 2591 1087 2644 T6
1109 2589 1286 2644 τοίνυν
1311 2590 1384 2661 μὴ
1413 2589 1474 2642 ὃν
1497 2589 1724 2660 κτίσμα,
1761 2590 1876 2642 ἀλλ’
1898 2592 2039 2661 ἠνω-

463 2688 619 2760 μένον
645 2686 725 2756 τῷ
759 2684 889 2754 Υἱῷ,
924 2685 998 2747 ὡς
1023 2685 1051 2736 6
1082 2684 1207 2746 Υἱὸς
1245 2684 1452 2754 ἥνωται
1489 2682 1567 2753 τῷ
1595 2683 1791 2752 Πατρι,
1822 2681 1882 2734 τὸ
1913 2698 2036 2733 συν-

459 2778 808 2848 δοξαζόμενον
844 2777 1017 2847 Πατρὶ
1046 2775 1140 2828 καὶ
1173 2775 1307 2846 Υίῷ,
1328 2777 1419 2828 καὶ
1445 2773 1696 2841 θεολογοῦ
1707 2791 1864 2843 μενον
1905 2775 2042 2844 μετὰ

459 2868 550 2922 τοῦ
583 2869 776 2937 Λόγου,
806 2868 1058 2938 ἐνεργοῦν
1081 2884 1138 2920 τε
1166 2868 1309 2940 ἅπερ
1350 2870 1378 2920 6
1413 2868 1600 2940 Πατὴρ
1642 2864 1730 2918 διὰ
1784 2865 1877 2918 τοῦ
1909 2863 2039 2917 Υίοῦ

462 2959 773 3030 ἐργάζεται,
799 2958 914 3022 πῶς
945 2959 974 3009 6
1003 2943 1177 3027 λέγων
1200 2959 1405 3028 κτίσμα
1434 2959 1533 3011 οὐκ
1557 2957 1816 3028 ἄντικρυς
1847 2959 1925 3019 είς
1947 2956 2043 3008 a6-

460 3050 549 3102 τὸν
581 3051 674 3104 τὸν
705 3050 832 3104 Υἱὺν
861 3050 1081 3115 ἀσεϐεἰ;
1107 3049 1274 3103 Οὐδὲν
1307 3049 1416 3120 γάρ
1464 3050 1612 3102 ἐστιν
1645 3049 1673 3101 ὃ
1719 3048 1794 3119 μὴ
1822 3047 1910 3100 διὰ
1949 3045 2042 3100 τοῦ

462 3143 635 3209 Λόγου
665 3143 722 3194 ὲν
743 3141 820 3211 τῷ
845 3142 1123 3212 Πνεύματι
1148 3141 1359 3208 γίνεται
1386 3141 1481 3193 καὶ
1513 3141 1840 3211 ἐνεργεῖται.
1873 3138 2047 3191 Τοῦτο

2120 1964 2355 2034 Spiritus
2386 1961 2936 2017 communicationem
2970 1962 3253 2015 habemus.

2317 2225 2393 2279 Ex
2422 2226 2508 2281 his
2564 2225 2729 2296 igitur
2768 2240 2874 2279 una
2925 2225 3209 2280 Trinitatis
3239 2226 3521 2279 etlicicntia
3575 2239 3696 2279 esse

2122 2319 2442 2375 ostenditur.
2469 2318 2581 2374 Nec
2609 2321 2751 2372 enim
2786 2319 2997 2373 diversa
3025 2327 3078 2373 et
3098 2318 3270 2372 divisa
3302 2318 3415 2371 dari
3449 2333 3478 2370 a
3510 2316 3701 2386 singu-

2122 2413 2191 2468 lis
2214 2414 2484 2484 signilicat
2508 2411 2824 2480 Apostolus,
2857 2411 2949 2467 sed
2983 2427 3044 2464 ea
3065 2427 3187 2480 qua).
3209 2412 3426 2473 dantur,
3482 2410 3534 2463 in
3577 2409 3698 2462 Tri-

2139 2500 2305 2555 nitate
2338 2503 2476 2565 dari,
2517 2505 2810 2572 omniaque
2847 2519 2912 2557 ex
2953 2519 3061 2556 uno
3095 2502 3201 2555 Deo
3235 2517 3376 2554 esse.
3419 2499 3510 2553 Ille
3556 2501 3720 2570 igitur

2140 2595 2342 2663 quires
2370 2604 2553 2650 creata
2606 2611 2712 2648 non
2766 2603 2869 2657 est,
2906 2596 2998 2648 sed
3031 2610 3154 2648 cum
3206 2593 3346 2646 Filio
3401 2607 3507 2646 non
3562 2605 3720 2646 secus

2140 2688 2464 2757 cenjunctus
2499 2698 2600 2749 est,
2633 2703 2697 2742 ac
2727 2686 2842 2756 ipse
2872 2687 3042 2740 Filius
3078 2701 3200 2739 eum
3243 2685 3399 2738 Patre
3427 2704 3437 2736 :
3467 2685 3558 2754 qui
3591 2684 3723 2738 item

2141 2796 2264 2835 cum
2299 2780 2456 2835 Patre
2487 2790 2540 2835 et
2569 2781 2706 2834 Filio
2728 2781 3064 2842 honoratur,
3097 2787 3150 2831 et
3180 2793 3302 2832 cum
3352 2775 3529 2831 Verbo
3579 2775 3732 2830 Deus.

2143 2873 2476 2939 agnoscitur,
2533 2887 2744 2926 necnon
2773 2886 2836 2924 ea
2869 2871 2985 2939 ipsa
3013 2871 3126 2939 agit
3157 2884 3280 2938 quae
3332 2883 3427 2937 per
3481 2866 3719 2921 Verbum

2143 2961 2302 3016 Pater
2325 2962 2523 3026 cﬂicit;
2557 2963 2649 3030 qui
2677 2978 2766 3016 res
2800 2969 2986 3014 creata
3010 2960 3118 3014 diei
3154 2961 3348 3028 possit,
3381 2958 3486 3014 nisi
3531 2959 3600 3012 ab
3652 2974 3720 3013 eo

2143 3055 2300 3124 plane
2332 3055 2423 3124 qui
2449 3055 2501 3108 in
2533 3054 2732 3108 Filium
2765 3055 2941 3122 ipsum
2970 3052 3170 3120 impius
3203 3051 3410 3105 fuerit?
3439 3049 3720 3120 Siquidem

2146 3147 2278 3200 nihil
2309 3161 2534 3215 prorsus
2563 3155 2664 3210 est,
2699 3146 2840 3212 quod
2869 3160 2973 3198 non
3007 3159 3102 3213 per
3128 3142 3368 3196 Verbum
3401 3143 3493 3197 tiat
3515 3152 3567 3196 et
3595 3158 3722 3211 aga-

465 3233 556 3285 καὶ
581 3234 638 3285 ὲν
663 3233 916 3302 Ψαλμοῖς
946 3233 1132 3304 ᾄδεται
1157 3250 1169 3263 ο
1199 3251 1216 3286 ι
1247 3230 1338 3302 Τῷ
1375 3231 1534 3301 Λόγῳ
1567 3230 1770 3300 Κυρίου
1801 3232 1849 3283 ot.
1885 3232 2045 3300 οὐρα-

2153 3248 2232 3292 tur
2256 3237 2309 3290 in
2345 3237 2600 3306 Spiritu:
2649 3237 3108 3304 quemadmodum
3161 3235 3324 3289 etiam
3383 3235 3433 3288 in
3493 3233 3723 3288 Psalmis

464 3321 543 3372 vat
584 3319 1016 3390 ἐστερεώθησαν,
1066 3321 1159 3373 καὶ
1205 3317 1283 3389 τῷ
1316 3318 1595 3388 Πνεύματι
1642 3318 1736 3372 τοῦ
1782 3318 2047 3388 στόματος

465 3410 627 3464 αὐτοῦ
677 3412 878 3483 πᾶσαὴ
911 3411 1140 3482 δύναμις
1161 3410 1368 3464 αὐτῶν·
1405 3430 1422 3462 ι
1453 3411 1550 3465 καὶ
1583 3411 1642 3463 ὲν
1670 3409 1748 3480 τῷ
1773 3408 2048 3478 ἑκατοστῷ

465 3501 882 3571 τεσσαρακοστῷ
911 3499 1125 3570 ἑϐδόμῳ
1142 3499 1367 3570 ψαλμῷ·
1401 3520 1418 3552 ι
1456 3500 1772 3554 Ἀποστελεῖ
1957 3498 2048 3550 τὸν

467 3592 636 3658 Λόγον
679 3591 843 3643 αὑτοῦ
871 3631 886 3654 ,
931 3591 1025 3644 καὶ¹
1052 3590 1204 3662 τήξει
1241 3592 1415 3645 αὐτάο
1461 3591 1684 3644 πνεύσει
1717 3591 1778 3643 τὸ
1825 3590 2052 3660 Πνεῦμα

468 3679 655 3743 αὑτοῦ,
687 3681 778 3732 καὶ
815 3681 1072 3751 ῥυήσεται
1111 3681 1298 3735 ὕδατα.
1339 3701 1356 3732 ι
1394 3682 1502 3736 Καὶ
1542 3681 1941 3752 ὲδικαιώθημεν
1969 3681 2046 3745 δὲ,

467 3771 542 3834 ὼς
571 3767 723 3823 εἶπεν
753 3771 783 3822 6
820 3771 1167 3834 Ἀπόστολος,
1213 3791 1230 3822 ι
1267 3774 1324 3824 ἐν
1349 3771 1425 3841 τῷ
1454 3772 1675 3842 ὀνόματι
1715 3771 1810 3824 τοῦ
1845 3772 2047 3843 Κυρίου

469 3860 624 3930 ήμῶν
662 3861 834 3931 Ἰησοῦ
868 3860 1127 3933 Χριστοῦ,
1163 3861 1257 3914 καὶ
1286 3864 1343 3916 ὲν
1374 3861 1454 3932 τῷ
1488 3862 1764 3933 Πνεύματι
1797 3860 1890 3914 τοῦ
1912 3861 2048 3914 Θεοῦ

468 3950 646 4020 ήμῶν.
693 3968 710 4001 ι
753 3951 1079 4022 Ἀδιαίρετον
1101 3953 1208 4021 γάρ
1231 3955 1348 4005 ἐστι
1380 3951 1474 4011 τοῦ
1499 3953 1671 4020 Λόγου
1706 3953 1765 4006 τὺ
1804 3954 2046 4024 Πνεῦμα.

482 4042 695 4114 ’Λμὲλει
741 4044 990 4110 λέγοντος
1043 4044 1137 4098 τοῦ
1177 4047 1382 4116 Κυρίου
1433 4079 1448 4104 ,
1619 4065 1634 4097 ι
1689 4047 2052 4119 Ἐλευσόμεοα

471 4132 580 4202 ἐγὼ
607 4135 699 4187 καὶ
740 4136 768 4187 6
802 4135 990 4205 Πατὴρ
1020 4177 1033 4201 ,
1075 4155 1092 4185 ι
1129 4137 1534 4207 συνεισέρχεται
1578 4137 1638 4190 τὸ
1680 4137 1903 4208 Πνεῦμα
1954 4137 2054 4192 οὐκ

472 4225 644 4290 ἄλλως
666 4226 700 4298 ἢ
734 4227 808 4290 ὡς
830 4229 858 4279 6
887 4227 1016 4290 Υἱὸς
1199 4229 1256 4281 ὲν
1290 4229 1422 4299 ἡμῖν
1454 4230 1689 4301 οἰκήσων
1710 4269 1724 4292 ,
1751 4230 2055 4300 γράφοντος

487 4318 752 4387 Ἐφεσίοις
796 4319 889 4371 τοῦ
923 4319 1172 4374 Παύλου·
1221 4339 1239 4370 ‹
1285 4319 1400 4374 Ἵνα
1426 4321 1536 4392 δῴη
1597 4322 1723 4392 ὑμῖν
1769 4322 1910 4375 κατὰ
1965 4323 2054 4376 τὸν

476 4408 703 4463 πλοῦτον
719 4411 818 4480 τῆς
853 4409 1011 4480 δόξης
1041 4409 1228 4474 αὐτοῦ,
1251 4410 1478 4482 δυνάμει
1518 4412 1924 4484 κραταιωθῆναι
1970 4413 2056 4466 διὰ

476 4502 567 4555 τοῦ
600 4501 916 4571 Πνεῦματος
937 4500 1102 4554 αὐτοῦ
1141 4503 1224 4564 εἰς
1259 4503 1350 4556 τὸν
1384 4502 1492 4556 ἔσω
1535 4503 1839 4574 ἄνθρωπον,
1876 4521 2058 4557 κατοι-

479 4597 642 4666 κῆσαι
674 4595 766 4648 τὸν
787 4594 1042 4666 Χριστόν.
1075 4613 1093 4645 ι
1128 4592 1235 4647 Τοῦ
1267 4594 1326 4646 δὲ
1344 4594 1473 4647 Υίοῦ
1505 4595 1563 4647 ὲν
1596 4596 1730 4664 ἡμῖν
1761 4594 1930 4657 ὄντος,
1978 4595 2058 4647 ἔτι
2086 4581 2126 4635 υ

482 4689 573 4742 καὶ
601 4691 629 4740 6
657 4687 868 4756 Πατὴρ,
891 4685 1139 4754 λέγοντος
1171 4684 1266 4738 τοῦ
1299 4684 1430 4738 Υίοῦ
1451 4701 1464 4716 ·
1510 4704 1528 4737 ι
1583 4684 1723 4754 Ἐγὼ
1749 4688 1806 4738 ὲν
1840 4684 1917 4755 τῷ
1945 4688 2058 4740 Πα-

481 4779 588 4850 τρὶ,
621 4779 718 4831 καὶ
748 4779 776 4830 6
800 4777 988 4849 Πατὴρ
1021 4777 1077 4828 ὲν
1109 4776 1251 4846 ὲμοί.
1296 4795 1314 4827 ι
1345 4776 1436 4829 Διὸ
1473 4777 1599 4840 καὶ,
1654 4776 1936 4846 γινομένου
1967 4775 2060 4829 τοῦ

483 4871 652 4937 Λόγου
683 4872 741 4922 ὲν
767 4870 880 4931 τοῖς
903 4868 1227 4938 προφήταις,
1259 4869 1316 4919 ἐν
1357 4866 1506 4937 αὐτῷ
1544 4866 1621 4938 τῷ
1662 4867 1940 4938 Πνεύματι
1981 4867 2064 4938 τῷ

483 4961 622 5030 ἁγίῳ
683 4958 1107 5030 προφητεύουσι.
1162 4958 1272 5028 Τῆς
1333 4958 1463 5026 γοῦν
1500 4958 1722 5029 Γραφῆς
1766 4958 2060 5030 λεγούσης,

491 5071 509 5104 ‹
553 5053 664 5106 Καὶ
843 5049 1061 5117 ἐγένετο
1094 5047 1264 5116 Λόγος
1297 5048 1503 5119 Κυρίου
1545 5068 1563 5100 ι
1605 5049 1740 5119 πρὸς
1776 5050 1923 5103 τόνδε
1975 5051 2064 5104 τὸν

489 5145 790 5215 προφήτην,
817 5125 1086 5194 δείκνυται
1117 5138 1476 5210 προφητεύων
1508 5140 1566 5190 ὲν
1594 5138 1669 5210 τῷ
1687 5139 1964 5211 Πνεῦματι
1987 5141 2065 5212 τῷ

489 5235 646 5304 ἁγίῳ.
695 5234 782 5286 Ἐν
829 5233 927 5303 μὲν
978 5231 1088 5302 γὰρ
1295 5228 1372 5300 τῷ
1418 5231 1666 5302 Ζαχαρία
1721 5233 2061 5305 γέγραπται*

494 5345 511 5375 ι
548 5325 693 5394 Πλὴν
719 5325 843 5387 τοὺς
874 5324 1066 5391 λόγους
1097 5340 1197 5392 μου
1225 5323 1318 5375 καὶ
1356 5321 1424 5375 τὰ
1451 5322 1658 5391 νόμιμά
1695 5340 1795 5393 μου
1825 5323 2064 5394 δέχεσθε,

489 5417 584 5468 ὅσα
607 5413 716 5482 ἐγὼ
738 5413 1051 5482 ἐντέλλομαι
1069 5413 1126 5464 ὲν
1149 5411 1427 5482 Πνεύματί
1450 5429 1550 5482 μου
1579 5415 1692 5476 τοῖς
1730 5412 1936 5478 δούλοις
1966 5432 2066 5485 μου

491 5510 599 5568 τοῖς
633 5507 967 5576 προφήταιςο
1004 5523 1021 5554 ι
1058 5504 1144 5556 ὅτε
1169 5503 1263 5556 καὶ
1295 5505 1412 5573 μετ’
1439 5503 1597 5572 ὀλίγα
1623 5506 1941 5576 αἰτιώμενος
1977 5505 2069 5559 τὸν

494 5598 620 5650 λαὸν
655 5597 807 5665 ἔλεγε
827 5613 839 5625 ⁸
867 5617 884 5647 ‹
912 5597 1020 5650 Καὶ
1047 5596 1146 5666 τὴν
1181 5597 1407 5667 καρδίαν
1431 5595 1610 5649 αὐτῶν
1629 5596 1821 5660 ἔταξαν
1844 5597 2068 5668 ἀπειθῆ,

580 5763 589 5788 ¹
631 5760 784 5813 Joan.
824 5759 1046 5823 xtv,‘23.
1125 5759 1144 5788 ’
1179 5756 1217 5809 ll
1245 5757 1372 5812 Cor.
1417 5772 1532 5819 xm,
1576 5758 1659 5810 15.

505 5845 616 5895 ΧΠ,
649 5831 739 5884 25.
819 5829 836 5859 ⁷
867 5827 1063 5897 Epltt‘s.
1097 5843 1149 5891 ν,
1192 5827 1276 5880 16.
1357 5827 1376 5857 ⁸
1412 5828 1566 5880 Joun.
1605 5843 1710 5890 MV,
1750 5827 1832 5879 10.

2146 3330 2364 3384 canitur
2394 3348 2405 3384 :
2446 3347 2464 3379 ι
2497 3327 2677 3382 Verbo
2709 3327 2923 3381 Domini
2958 3329 3080 3384 ρωιί
3110 3326 3312 3382 firmati
3341 3335 3491 3391 sunt,
3520 3336 3573 3380 et
3597 3325 3722 3396 Spi-

2147 3422 2251 3474 ritu
2267 3420 2698 3489 orisejusomnis
2715 3421 2886 3474 virtus
2913 3435 3103 3474 eorum
3144 3424 3197 3486 3;
3222 3440 3238 3470 ι
3266 3428 3320 3474 et
3348 3418 3398 3471 in
3428 3419 3726 3473 centesimo

2148 3511 2567 3582 quadragesimo
2592 3511 2826 3581 septimo
2855 3512 3065 3580 psalmo
3100 3532 3111 3563 :
3163 3530 3181 3562 ι
3223 3510 3444 3564 Emittet
3489 3508 3724 3564 Verbum

2149 3621 2334 3672 suum,
2366 3613 2421 3660 et
2450 3603 2758 3674 liquefaciet
2781 3619 2842 3657 ea
2864 3621 2878 3670 ;
2900 3601 3300 3673 ﬂabitSpirilus
3323 3601 3462 3669 ejus,
3494 3600 3729 3654 etiluent

2151 3712 2305 3764 aqua:
2354 3699 2398 3752 ⁸.
2440 3715 2458 3747 ι
2492 3695 2577 3758 Et,
2629 3705 2685 3749 ut
2715 3697 2792 3750 ait
2824 3696 3138 3764 Apostolus,
3172 3714 3189 3745 ‹
3229 3693 3512 3762 justitic‘ati
3540 3709 3730 3747 sumus

2153 3788 2205 3841 in
2250 3787 2468 3842 nomine
2515 3786 2729 3841 Domini
2781 3787 2954 3839 nostri
3012 3783 3142 3840 Jesu
3191 3783 3398 3839 Christi
3440 3792 3494 3838 et
3527 3782 3580 3835 in
3619 3781 3731 3852 Spi-

2153 3878 2260 3932 ritu
2287 3877 2382 3931 Dei
2414 3878 2586 3932 nostri
2639 3877 2679 3930 ⁵.
2727 3897 2743 3927 ι
2773 3876 3022 3945 Namque
3071 3874 3308 3945 Spiritus
3340 3889 3368 3927 a
3412 3872 3588 3927 Verbo
3645 3888 3733 3926 ne.

2153 3970 2272 4038 quit
2298 3967 2484 4023 dividi.
2507 3965 2763 4022 Profecto
2795 3981 2920 4020 cum
2948 3965 3203 4020 Christus
3233 3965 3332 4026 ait,
3378 3982 3396 4015 ι
3433 3961 3734 4016 Veniemus

2154 4075 2254 4130 ego
2279 4067 2332 4113 et
2353 4058 2512 4113 Pater
2570 4061 2616 4124 ',
2665 4077 2683 4109 ι
2729 4072 2837 4112 una
2880 4072 3099 4126 quoque
3133 4056 3298 4110 intrat
3348 4053 3584 4124 Spiritus
3624 4068 3732 4106 non

2155 4149 2263 4202 alio
2311 4147 2474 4202 modo
2527 4161 2692 4216 quam
2743 4146 2916 4202 Filius
2983 4146 3038 4200 in
3089 4145 3247 4201 nobis
3279 4145 3643 4208 habitaturus,
3676 4153 3736 4197 ut

2156 4239 2356 4295 Paulus
2387 4239 2456 4296 ad
2494 4237 2764 4309 Ephesios
2803 4238 3038 4294 scribit:
3069 4256 3087 4288 ι
3135 4236 3204 4292 Ut
3229 4238 3320 4292 det
3347 4237 3510 4293 vobis
3545 4251 3737 4292 secun-

2156 4328 2285 4382 dum
2317 4328 2539 4384 divitias
2589 4328 2776 4398 gloriae
2824 4341 2958 4392 suae,
3008 4327 3211 4381 virtute
3261 4326 3610 4382 corroborari
3640 4341 3738 4396 per

2160 4414 2422 4485 Spiritum
2454 4417 2576 4485 ejus
2603 4416 2657 4469 in
2705 4417 3022 4470 interiorem
3082 4416 3354 4472 hominem
3385 4456 3400 4482 ,
3453 4415 3734 4470 Christum

2159 4505 2406 4561 habitare
2451 4507 2491 4561 ".
2532 4525 2550 4557 ι
2583 4507 2758 4560 Porro
2784 4519 2910 4559 eum
2936 4503 3110 4559 Filius
3141 4504 3192 4558 in
3226 4505 3387 4560 nobis
3441 4514 3544 4567 est,
3579 4505 3740 4559 Pater

2161 4613 2380 4666 quoque
2411 4597 2576 4652 simul
2602 4605 2786 4661 est,ut
2805 4596 2978 4651 Filius
3009 4595 3126 4666 ipse
3148 4595 3236 4650 ita
3258 4603 3491 4649 testatur
3517 4609 3532 4647 :
3573 4612 3592 4644 ‹
3626 4593 3739 4663 Ego

2162 4688 2216 4742 in
2253 4688 2430 4753 Patre,
2459 4698 2514 4743 et
2537 4688 2696 4743 Pater
2723 4688 2777 4742 in
2805 4704 2891 4744 me
2937 4693 2984 4740 ⁸.
3022 4706 3041 4740 ι
3078 4685 3215 4740 Hinc
3241 4701 3364 4741 cum
3408 4683 3646 4739 Verbum
3685 4685 3740 4737 in

2163 4781 2442 4850 prophetis
2472 4780 2646 4845 adest,
2700 4781 2776 4834 illi
2810 4780 2863 4833 in
2896 4780 3016 4850 ipso
3069 4777 3277 4848 Spiritu
3322 4783 3515 4831 sancto
3550 4775 3741 4830 vatici—

2165 4882 2386 4925 nantur.
2420 4870 2576 4926 Unde
2603 4887 2726 4925 cum
2764 4870 3050 4940 Scriptura
3101 4869 3252 4934 dicit,
3285 4888 3304 4920 ι
3347 4868 3411 4922 Ει
3437 4867 3637 4923 factum
3661 4877 3744 4923 est

2171 4961 2400 5017 Verbum
2426 4982 2443 5014 ι
2467 4964 2531 5017 ad
2558 4965 2717 5018 talem
2747 4963 3090 5032 prophetam,
3125 4961 3278 5014 illum
3304 4961 3356 5014 in
3386 4960 3592 5030 Spiritu
3617 4975 3745 5014 san-

2167 5065 2256 5111 cto
2289 5056 2576 5111 vaticinari
2607 5056 2897 5125 signiﬁcat.
2941 5053 3076 5109 Nam
3106 5055 3159 5109 in
3186 5053 3448 5110 Zacharia
3479 5055 3743 5125 scriptum

2167 5153 2292 5200 est:
2334 5164 2352 5196 ι
2395 5144 2780 5200 Verumtamen
2813 5147 2974 5200 verba
3012 5162 3129 5200 mea
3160 5155 3214 5200 et
3236 5145 3475 5216 legitima
3511 5160 3629 5198 mea
3653 5159 3746 5196 su.-

2167 5238 2376 5305 scipite,
2405 5252 2526 5304 quas
2552 5251 2652 5306 ego
2683 5238 2886 5293 mando
2911 5239 2966 5291 in
3007 5237 3214 5307 Spiritu
3248 5251 3368 5290 meo
3401 5235 3575 5290 servis
3600 5234 3739 5288 meis

2168 5329 2450 5396 prophetis
2480 5329 2500 5357 ⁹
2536 5369 2546 5382 .
2587 5347 2605 5380 ι
2647 5327 2818 5382 Paulo
2843 5339 2968 5398 post
2997 5329 3162 5382 etiam
3200 5325 3460 5396 populum
3498 5323 3583 5378 his
3616 5338 3744 5378 ver-

2167 5419 2250 5474 bis
2278 5421 2531 5488 objurgat
2561 5439 2574 5474 :
2605 5439 2622 5471 ι
2649 5419 2837 5479 Et.cor
2866 5435 3027 5475 suum
3053 5419 3388 5473 obstinatum
3415 5423 3745 5480 statuerunt,

2169 5527 2236 5565 ne
2265 5512 2516 5565 audirent
2549 5513 2718 5582 legem
2755 5528 2955 5571 meam.
2979 5520 3034 5563 et
3081 5510 3244 5563 verba
3281 5523 3404 5578 quas
3442 5507 3594 5561 misit
3649 5505 3753 5560 Do»

2169 5603 2351 5657 minus
2381 5602 2728 5672 omnipotens
2759 5603 2816 5657 in
2871 5601 3077 5671 Spiritu
3116 5614 3218 5655 suo
3244 5599 3297 5652 in
3336 5599 3594 5654 manibus
3622 5613 3756 5668 pro-

1740 5757 1758 5785 ³
1803 5757 1942 5810 l’sal.
1974 5773 2052 5808 xx:

1750 5827 1832 5879 10.
1909 5825 2052 5880 ’Zac

2177 5759 2246 5881 (3υ
2308 5757 2327 5786 ⁴
2361 5756 2501 5813 l’sal.
2544 5771 2742 5822 cum,
2796 5757 2876 5813 l8.
2954 5758 3026 5812 ³1
3069 5761 3194 5814 Cor.
3239 5777 3311 5825 vi,
3368 5760 3452 5814 ll.
3530 5761 3549 5791 ⁸
3580 5759 3737 5815 Joan.

2153 5845 2180 5881 I.
2253 5869 2264 5881 .

1998 5843 2112 5881 acu.
2144 5844 2180 5894 ι,
2215 5843 2264 5884 υ.
