  <div class='ocr_page' id='page_1' title='image "/cluster/home/n/w/nwhite01/storage/ocr_20150623/130/mdp.39015078384255/369.png"; bbox 0 0 4078 6292; ppageno 0'>
   <div class='ocr_carea' id='block_1_1' title="bbox 466 468 568 529">
    <p class='ocr_par' dir='ltr' id='par_1_1' title="bbox 466 468 568 529">
     <span class='ocr_line' id='line_1_1' title="bbox 466 468 568 529; baseline 0.02 -2"><span class='ocrx_word' id='word_1_1' title='bbox 466 468 568 529; x_wconf 86' lang='grc'><strong>73</strong></span> 
     </span>
    </p>
   </div>
   <div class='ocr_carea' id='block_1_2' title="bbox 1674 460 3663 530">
    <p class='ocr_par' dir='ltr' id='par_1_2' title="bbox 1674 460 3663 530">
     <span class='ocr_line' id='line_1_2' title="bbox 1674 460 3663 530; baseline -0.011 -2"><span class='ocrx_word' id='word_1_2' title='bbox 1674 460 2051 527; x_wconf 72' lang='lat' dir='ltr'><strong>summu</strong></span> <span class='ocrx_word' id='word_1_3' title='bbox 2098 461 2458 523; x_wconf 71' lang='lat' dir='ltr'><strong>ZIGABENI</strong></span> <span class='ocrx_word' id='word_1_4' title='bbox 3577 470 3663 530; x_wconf 57' lang='lat' dir='ltr'><strong>7Q,</strong></span> 
     </span>
    </p>
   </div>
   <div class='ocr_carea' id='block_1_3' title="bbox 467 575 2028 651">
    <p class='ocr_par' dir='ltr' id='par_1_3' title="bbox 467 579 2018 649">
     <span class='ocr_line' id='line_1_3' title="bbox 467 579 2018 649; baseline 0 -18"><span class='ocrx_word' id='word_1_5' title='bbox 467 580 751 645; x_wconf 82' lang='lat' dir='ltr'><strong>phetarum</strong></span> <span class='ocrx_word' id='word_1_6' title='bbox 781 579 902 648; x_wconf 81' lang='lat' dir='ltr'><strong>ejus</strong></span> <span class='ocrx_word' id='word_1_7' title='bbox 954 581 1220 649; x_wconf 85' lang='lat' dir='ltr'><strong>priorum.</strong></span> <span class='ocrx_word' id='word_1_8' title='bbox 1260 599 1278 632; x_wconf 76' lang='grc' dir='ltr'>ι</span> <span class='ocrx_word' id='word_1_9' title='bbox 1355 581 1551 637; x_wconf 79' lang='lat' dir='ltr'><strong>Petrus</strong></span> <span class='ocrx_word' id='word_1_10' title='bbox 1601 582 1730 637; x_wconf 90' lang='lat' dir='ltr'><strong>item</strong></span> <span class='ocrx_word' id='word_1_11' title='bbox 1761 582 1815 636; x_wconf 89' lang='lat' dir='ltr'><strong>in</strong></span> <span class='ocrx_word' id='word_1_12' title='bbox 1870 579 2018 634; x_wconf 78' lang='lat' dir='ltr'><strong>Actis</strong></span> 
     </span>
    </p>
   </div>
   <div class='ocr_carea' id='block_1_4' title="bbox 2134 575 3661 651">
    <p class='ocr_par' dir='ltr' id='par_1_4' title="bbox 2134 575 3661 651">
     <span class='ocr_line' id='line_1_4' title="bbox 2134 575 3661 651; baseline 0.007 -26"><span class='ocrx_word' id='word_1_13' title='bbox 2134 575 2215 626; x_wconf 80' lang='grc' dir='ltr'><strong>τοῦ</strong></span> <span class='ocrx_word' id='word_1_14' title='bbox 2250 577 2325 645; x_wconf 80' lang='grc' dir='ltr'><strong>μὴ</strong></span> <span class='ocrx_word' id='word_1_15' title='bbox 2362 578 2668 641; x_wconf 76' lang='grc' dir='ltr'><strong>εἰσακούειν</strong></span> <span class='ocrx_word' id='word_1_16' title='bbox 2687 578 2813 641; x_wconf 83' lang='grc' dir='ltr'>τοὺς</span> <span class='ocrx_word' id='word_1_17' title='bbox 2844 578 3042 647; x_wconf 63' lang='grc' dir='ltr'>νόμους</span> <span class='ocrx_word' id='word_1_18' title='bbox 3072 594 3172 648; x_wconf 82' lang='grc' dir='ltr'>μου</span> <span class='ocrx_word' id='word_1_19' title='bbox 3203 579 3295 631; x_wconf 85' lang='grc' dir='ltr'>καὶ</span> <span class='ocrx_word' id='word_1_20' title='bbox 3326 581 3446 644; x_wconf 69' lang='grc' dir='ltr'>τοὺς</span> <span class='ocrx_word' id='word_1_21' title='bbox 3471 579 3661 651; x_wconf 70' lang='grc' dir='ltr'>λόγους.</span> 
     </span>
    </p>
   </div>
   <div class='ocr_carea' id='block_1_5' title="bbox 466 664 2030 735">
    <p class='ocr_par' dir='ltr' id='par_1_5' title="bbox 466 664 2030 735">
     <span class='ocr_line' id='line_1_5' title="bbox 466 664 2030 735; baseline 0.002 -22"><span class='ocrx_word' id='word_1_22' title='bbox 466 664 538 715; x_wconf 84' lang='lat' dir='ltr'><strong>ita</strong></span> <span class='ocrx_word' id='word_1_23' title='bbox 564 664 836 730; x_wconf 87' lang='lat' dir='ltr'><strong>loquitur:</strong></span> <span class='ocrx_word' id='word_1_24' title='bbox 879 683 895 714; x_wconf 85' lang='grc' dir='ltr'>ι</span> <span class='ocrx_word' id='word_1_25' title='bbox 940 664 1049 718; x_wconf 86' lang='lat' dir='ltr'><strong>Viri</strong></span> <span class='ocrx_word' id='word_1_26' title='bbox 1082 664 1607 734; x_wconf 64' lang='lat' dir='ltr'><strong>iratres,otiortebat</strong></span> <span class='ocrx_word' id='word_1_27' title='bbox 1642 666 1853 735; x_wconf 88' lang='lat' dir='ltr'><strong>impleri</strong></span> <span class='ocrx_word' id='word_1_28' title='bbox 1883 664 2030 719; x_wconf 80' lang='lat' dir='ltr'><strong>Scri—</strong></span> 
     </span>
    </p>
   </div>
   <div class='ocr_carea' id='block_1_6' title="bbox 467 747 2029 817">
    <p class='ocr_par' dir='ltr' id='par_1_6' title="bbox 467 747 2029 817">
     <span class='ocr_line' id='line_1_6' title="bbox 467 747 2029 817; baseline 0.003 -21"><span class='ocrx_word' id='word_1_29' title='bbox 467 759 679 813; x_wconf 90' lang='lat' dir='ltr'><strong>pturam</strong></span> <span class='ocrx_word' id='word_1_30' title='bbox 713 763 874 817; x_wconf 91' lang='lat' dir='ltr'><strong>quam</strong></span> <span class='ocrx_word' id='word_1_31' title='bbox 901 748 1148 813; x_wconf 66' lang='lat' dir='ltr'><strong>praedixit</strong></span> <span class='ocrx_word' id='word_1_32' title='bbox 1175 747 1412 817; x_wconf 75' lang='lat' dir='ltr'><strong>Spiritus</strong></span> <span class='ocrx_word' id='word_1_33' title='bbox 1461 760 1686 805; x_wconf 86' lang='lat' dir='ltr'><strong>sanctus</strong></span> <span class='ocrx_word' id='word_1_34' title='bbox 1721 752 1759 804; x_wconf 90' lang='grc'><strong>¹.</strong></span> <span class='ocrx_word' id='word_1_35' title='bbox 1794 768 1812 800; x_wconf 80' lang='grc' dir='ltr'>ι</span> <span class='ocrx_word' id='word_1_36' title='bbox 1842 750 1908 801; x_wconf 87' lang='lat' dir='ltr'><strong>At</strong></span> <span class='ocrx_word' id='word_1_37' title='bbox 1931 749 2029 801; x_wconf 88' lang='lat' dir='ltr'><strong>ab-</strong></span> 
     </span>
    </p>
   </div>
   <div class='ocr_carea' id='block_1_7' title="bbox 466 829 2028 901">
    <p class='ocr_par' dir='ltr' id='par_1_7' title="bbox 466 829 2028 901">
     <span class='ocr_line' id='line_1_7' title="bbox 466 829 2028 901; baseline 0.003 -20"><span class='ocrx_word' id='word_1_38' title='bbox 466 832 644 883; x_wconf 83' lang='lat' dir='ltr'><strong>surdae</strong></span> <span class='ocrx_word' id='word_1_39' title='bbox 671 829 1021 898; x_wconf 90' lang='lat' dir='ltr'><strong>Tropicorum</strong></span> <span class='ocrx_word' id='word_1_40' title='bbox 1058 830 1250 885; x_wconf 71' lang='lat' dir='ltr'><strong>fabula:</strong></span> <span class='ocrx_word' id='word_1_41' title='bbox 1269 849 1297 885; x_wconf 76' lang='grc' dir='ltr'>ιι</span> <span class='ocrx_word' id='word_1_42' title='bbox 1329 832 1625 901; x_wconf 86' lang='lat' dir='ltr'><strong>Scripturis</strong></span> <span class='ocrx_word' id='word_1_43' title='bbox 1648 834 1800 887; x_wconf 87' lang='lat' dir='ltr'><strong>valde</strong></span> <span class='ocrx_word' id='word_1_44' title='bbox 1819 834 2028 886; x_wconf 87' lang='lat' dir='ltr'><strong>dissen-</strong></span> 
     </span>
    </p>
   </div>
   <div class='ocr_carea' id='block_1_8' title="bbox 440 914 2027 982">
    <p class='ocr_par' dir='ltr' id='par_1_8' title="bbox 440 914 2027 982">
     <span class='ocr_line' id='line_1_8' title="bbox 440 914 2027 982; baseline 0.002 -18"><span class='ocrx_word' id='word_1_45' title='bbox 440 914 632 981; x_wconf 51' lang='lat' dir='ltr'><strong>tiunt,</strong></span> <span class='ocrx_word' id='word_1_46' title='bbox 690 914 1147 982; x_wconf 79' lang='lat' dir='ltr'><strong>consentiuntque.</strong></span> <span class='ocrx_word' id='word_1_47' title='bbox 1208 917 1430 970; x_wconf 86' lang='lat' dir='ltr'><strong>omnino</strong></span> <span class='ocrx_word' id='word_1_48' title='bbox 1502 931 1625 971; x_wconf 92' lang='lat' dir='ltr'><strong>cum</strong></span> <span class='ocrx_word' id='word_1_49' title='bbox 1701 916 2027 971; x_wconf 81' lang='lat' dir='ltr'><strong>Arianorum</strong></span> 
     </span>
    </p>
   </div>
   <div class='ocr_carea' id='block_1_9' title="bbox 472 994 2028 1053">
    <p class='ocr_par' dir='ltr' id='par_1_9' title="bbox 472 994 2028 1053">
     <span class='ocr_line' id='line_1_9' title="bbox 472 994 2028 1053; baseline 0.006 -11"><span class='ocrx_word' id='word_1_50' title='bbox 472 994 658 1049; x_wconf 80' lang='lat' dir='ltr'><strong>haeresi</strong></span> <span class='ocrx_word' id='word_1_51' title='bbox 692 1011 705 1047; x_wconf 89' lang='lat'><strong>:</strong></span> <span class='ocrx_word' id='word_1_52' title='bbox 735 996 875 1049; x_wconf 90' lang='lat' dir='ltr'><strong>unde</strong></span> <span class='ocrx_word' id='word_1_53' title='bbox 903 998 1199 1051; x_wconf 83' lang='lat' dir='ltr'><strong>verisimile</strong></span> <span class='ocrx_word' id='word_1_54' title='bbox 1222 1000 1294 1052; x_wconf 87' lang='lat' dir='ltr'><strong>sit</strong></span> <span class='ocrx_word' id='word_1_55' title='bbox 1329 1000 1449 1052; x_wconf 92' lang='lat' dir='ltr'><strong>illos</strong></span> <span class='ocrx_word' id='word_1_56' title='bbox 1492 1016 1596 1053; x_wconf 87' lang='lat' dir='ltr'><strong>non</strong></span> <span class='ocrx_word' id='word_1_57' title='bbox 1620 1000 1724 1053; x_wconf 87' lang='lat' dir='ltr'><strong>alia</strong></span> <span class='ocrx_word' id='word_1_58' title='bbox 1751 1000 1817 1053; x_wconf 89' lang='lat' dir='ltr'><strong>de</strong></span> <span class='ocrx_word' id='word_1_59' title='bbox 1864 1014 2028 1052; x_wconf 87' lang='lat' dir='ltr'><strong>causa</strong></span> 
     </span>
    </p>
   </div>
   <div class='ocr_carea' id='block_1_10' title="bbox 471 1077 2030 1153">
    <p class='ocr_par' dir='ltr' id='par_1_10' title="bbox 471 1077 2030 1153">
     <span class='ocr_line' id='line_1_10' title="bbox 471 1077 2030 1153; baseline 0.005 -26"><span class='ocrx_word' id='word_1_60' title='bbox 471 1077 539 1128; x_wconf 89' lang='lat' dir='ltr'><strong>ita</strong></span> <span class='ocrx_word' id='word_1_61' title='bbox 575 1077 939 1143; x_wconf 80' lang='lat' dir='ltr'><strong>dissimulare,</strong></span> <span class='ocrx_word' id='word_1_62' title='bbox 975 1083 1078 1134; x_wconf 90' lang='lat' dir='ltr'><strong>nisi</strong></span> <span class='ocrx_word' id='word_1_63' title='bbox 1107 1098 1216 1151; x_wconf 89' lang='lat' dir='ltr'><strong>quo</strong></span> <span class='ocrx_word' id='word_1_64' title='bbox 1249 1082 1458 1136; x_wconf 76' lang='lat' dir='ltr'><strong>facilius</strong></span> <span class='ocrx_word' id='word_1_65' title='bbox 1504 1085 1781 1153; x_wconf 90' lang='lat' dir='ltr'><strong>simplices</strong></span> <span class='ocrx_word' id='word_1_66' title='bbox 1816 1084 2030 1151; x_wconf 85' lang='lat' dir='ltr'><strong>decipe-</strong></span> 
     </span>
    </p>
   </div>
   <div class='ocr_carea' id='block_1_11' title="bbox 470 1159 2026 1237">
    <p class='ocr_par' dir='ltr' id='par_1_11' title="bbox 470 1159 2026 1237">
     <span class='ocr_line' id='line_1_11' title="bbox 470 1159 2026 1237; baseline 0.008 -28"><span class='ocrx_word' id='word_1_67' title='bbox 470 1170 603 1212; x_wconf 89' lang='lat' dir='ltr'><strong>rent.</strong></span> <span class='ocrx_word' id='word_1_68' title='bbox 629 1159 730 1215; x_wconf 86' lang='lat' dir='ltr'><strong>Sed</strong></span> <span class='ocrx_word' id='word_1_69' title='bbox 755 1167 941 1231; x_wconf 82' lang='lat' dir='ltr'><strong>gratiae</strong></span> <span class='ocrx_word' id='word_1_70' title='bbox 970 1168 1199 1221; x_wconf 83' lang='lat' dir='ltr'><strong>Domino</strong></span> <span class='ocrx_word' id='word_1_71' title='bbox 1221 1168 1502 1232; x_wconf 65' lang='lat' dir='ltr'><strong>habendae,</strong></span> <span class='ocrx_word' id='word_1_72' title='bbox 1524 1168 1692 1237; x_wconf 89' lang='lat' dir='ltr'><strong>quod,</strong></span> <span class='ocrx_word' id='word_1_73' title='bbox 1726 1177 1784 1221; x_wconf 90' lang='lat' dir='ltr'><strong>ut</strong></span> <span class='ocrx_word' id='word_1_74' title='bbox 1810 1169 2026 1232; x_wconf 77' lang='lat' dir='ltr'><strong>scribis,</strong></span> 
     </span>
    </p>
   </div>
   <div class='ocr_carea' id='block_1_12' title="bbox 464 1240 2031 1319">
    <p class='ocr_par' dir='ltr' id='par_1_12' title="bbox 464 1240 2031 1319">
     <span class='ocr_line' id='line_1_12' title="bbox 464 1240 2031 1319; baseline 0.01 -27"><span class='ocrx_word' id='word_1_75' title='bbox 464 1240 647 1295; x_wconf 79' lang='lat' dir='ltr'><strong>fictam</strong></span> <span class='ocrx_word' id='word_1_76' title='bbox 689 1259 842 1299; x_wconf 87' lang='lat' dir='ltr'><strong>suam</strong></span> <span class='ocrx_word' id='word_1_77' title='bbox 903 1264 1028 1301; x_wconf 89' lang='lat' dir='ltr'><strong>cum</strong></span> <span class='ocrx_word' id='word_1_78' title='bbox 1064 1249 1281 1304; x_wconf 85' lang='lat' dir='ltr'><strong>Arianis</strong></span> <span class='ocrx_word' id='word_1_79' title='bbox 1329 1252 1731 1305; x_wconf 85' lang='lat' dir='ltr'><strong>contentionem</strong></span> <span class='ocrx_word' id='word_1_80' title='bbox 1776 1255 2031 1319; x_wconf 73' lang='lat' dir='ltr'><strong>obtegere</strong></span> 
     </span>
    </p>
   </div>
   <div class='ocr_carea' id='block_1_13' title="bbox 468 1330 2031 1401">
    <p class='ocr_par' dir='ltr' id='par_1_13' title="bbox 468 1330 2031 1401">
     <span class='ocr_line' id='line_1_13' title="bbox 468 1330 2031 1401; baseline 0.008 -27"><span class='ocrx_word' id='word_1_81' title='bbox 468 1338 575 1377; x_wconf 91' lang='lat' dir='ltr'><strong>non</strong></span> <span class='ocrx_word' id='word_1_82' title='bbox 609 1330 905 1395; x_wconf 90' lang='lat' dir='ltr'><strong>potuerint.</strong></span> <span class='ocrx_word' id='word_1_83' title='bbox 944 1331 1220 1401; x_wconf 84' lang='lat' dir='ltr'><strong>Siquidem</strong></span> <span class='ocrx_word' id='word_1_84' title='bbox 1252 1344 1306 1387; x_wconf 90' lang='lat' dir='ltr'><strong>et</strong></span> <span class='ocrx_word' id='word_1_85' title='bbox 1346 1335 1562 1388; x_wconf 90' lang='lat' dir='ltr'><strong>illorum</strong></span> <span class='ocrx_word' id='word_1_86' title='bbox 1616 1337 1799 1388; x_wconf 89' lang='lat' dir='ltr'><strong>odium</strong></span> <span class='ocrx_word' id='word_1_87' title='bbox 1854 1337 1907 1388; x_wconf 91' lang='lat' dir='ltr'><strong>in</strong></span> <span class='ocrx_word' id='word_1_88' title='bbox 1972 1348 2031 1387; x_wconf 87' lang='lat' dir='ltr'><strong>se</strong></span> 
     </span>
    </p>
   </div>
   <div class='ocr_carea' id='block_1_14' title="bbox 470 1408 2028 1488">
    <p class='ocr_par' dir='ltr' id='par_1_14' title="bbox 470 1408 2028 1488">
     <span class='ocr_line' id='line_1_14' title="bbox 470 1408 2028 1488; baseline 0.008 -29"><span class='ocrx_word' id='word_1_89' title='bbox 470 1408 616 1475; x_wconf 87' lang='lat' dir='ltr'><strong>ipsos</strong></span> <span class='ocrx_word' id='word_1_90' title='bbox 649 1413 1084 1481; x_wconf 79' lang='lat' dir='ltr'><strong>concitaverunt,</strong></span> <span class='ocrx_word' id='word_1_91' title='bbox 1111 1428 1169 1469; x_wconf 92' lang='lat' dir='ltr'><strong>ut</strong></span> <span class='ocrx_word' id='word_1_92' title='bbox 1222 1418 1312 1482; x_wconf 86' lang='lat' dir='ltr'><strong>qui</strong></span> <span class='ocrx_word' id='word_1_93' title='bbox 1371 1419 1545 1472; x_wconf 91' lang='lat' dir='ltr'><strong>solum</strong></span> <span class='ocrx_word' id='word_1_94' title='bbox 1598 1418 1885 1488; x_wconf 85' lang='lat' dir='ltr'><strong>Spiritum,</strong></span> <span class='ocrx_word' id='word_1_95' title='bbox 1919 1433 2028 1472; x_wconf 93' lang='lat' dir='ltr'><strong>non</strong></span> 
     </span>
    </p>
   </div>
   <div class='ocr_carea' id='block_1_15' title="bbox 465 1494 2031 1556">
    <p class='ocr_par' dir='ltr' id='par_1_15' title="bbox 465 1494 2031 1556">
     <span class='ocr_line' id='line_1_15' title="bbox 465 1494 2031 1556; baseline 0.009 -14"><span class='ocrx_word' id='word_1_96' title='bbox 465 1502 647 1547; x_wconf 82' lang='lat' dir='ltr'><strong>autem</strong></span> <span class='ocrx_word' id='word_1_97' title='bbox 684 1494 914 1550; x_wconf 81' lang='lat' dir='ltr'><strong>Verbum</strong></span> <span class='ocrx_word' id='word_1_98' title='bbox 948 1514 1061 1552; x_wconf 89' lang='lat' dir='ltr'><strong>rem</strong></span> <span class='ocrx_word' id='word_1_99' title='bbox 1094 1511 1330 1553; x_wconf 82' lang='lat' dir='ltr'><strong>creatam</strong></span> <span class='ocrx_word' id='word_1_100' title='bbox 1354 1517 1477 1556; x_wconf 85' lang='lat' dir='ltr'><strong>esse</strong></span> <span class='ocrx_word' id='word_1_101' title='bbox 1500 1503 1715 1555; x_wconf 83' lang='lat' dir='ltr'><strong>dicant:</strong></span> <span class='ocrx_word' id='word_1_102' title='bbox 1744 1511 1800 1556; x_wconf 88' lang='lat' dir='ltr'><strong>et</strong></span> <span class='ocrx_word' id='word_1_103' title='bbox 1821 1503 1888 1556; x_wconf 82' lang='lat' dir='ltr'><strong>ab</strong></span> <span class='ocrx_word' id='word_1_104' title='bbox 1908 1502 2031 1556; x_wconf 90' lang='lat' dir='ltr'><strong>aliis</strong></span> 
     </span>
    </p>
   </div>
   <div class='ocr_carea' id='block_1_16' title="bbox 465 1578 2031 1655">
    <p class='ocr_par' dir='ltr' id='par_1_16' title="bbox 465 1578 2031 1655">
     <span class='ocr_line' id='line_1_16' title="bbox 465 1578 2031 1655; baseline 0.008 -29"><span class='ocrx_word' id='word_1_105' title='bbox 465 1578 721 1632; x_wconf 87' lang='lat' dir='ltr'><strong>omnibus</strong></span> <span class='ocrx_word' id='word_1_106' title='bbox 750 1582 1131 1650; x_wconf 86' lang='lat' dir='ltr'><strong>reprobantur,</strong></span> <span class='ocrx_word' id='word_1_107' title='bbox 1167 1585 1309 1653; x_wconf 88' lang='lat' dir='ltr'><strong>quod</strong></span> <span class='ocrx_word' id='word_1_108' title='bbox 1365 1587 1569 1655; x_wconf 80' lang='lat' dir='ltr'><strong>liqueat</strong></span> <span class='ocrx_word' id='word_1_109' title='bbox 1599 1600 1726 1639; x_wconf 84' lang='lat' dir='ltr'><strong>vere</strong></span> <span class='ocrx_word' id='word_1_110' title='bbox 1760 1600 1857 1639; x_wconf 89' lang='lat' dir='ltr'><strong>eos</strong></span> <span class='ocrx_word' id='word_1_111' title='bbox 1920 1587 2031 1640; x_wconf 86' lang='lat' dir='ltr'><strong>bel-</strong></span> 
     </span>
    </p>
   </div>
   <div class='ocr_carea' id='block_1_17' title="bbox 465 1659 2031 1739">
    <p class='ocr_par' dir='ltr' id='par_1_17' title="bbox 465 1659 2031 1739">
     <span class='ocr_line' id='line_1_17' title="bbox 465 1659 2031 1739; baseline 0.006 -28"><span class='ocrx_word' id='word_1_112' title='bbox 465 1659 575 1713; x_wconf 88' lang='lat' dir='ltr'><strong>lum</strong></span> <span class='ocrx_word' id='word_1_113' title='bbox 616 1674 801 1718; x_wconf 88' lang='lat' dir='ltr'><strong>contra</strong></span> <span class='ocrx_word' id='word_1_114' title='bbox 842 1680 1089 1721; x_wconf 86' lang='lat' dir='ltr'><strong>sanetum</strong></span> <span class='ocrx_word' id='word_1_115' title='bbox 1140 1668 1405 1739; x_wconf 79' lang='lat' dir='ltr'><strong>Spiritum</strong></span> <span class='ocrx_word' id='word_1_116' title='bbox 1434 1685 1647 1739; x_wconf 76' lang='lat' dir='ltr'><strong>gerere,</strong></span> <span class='ocrx_word' id='word_1_117' title='bbox 1694 1685 1759 1724; x_wconf 83' lang='lat' dir='ltr'><strong>ac</strong></span> <span class='ocrx_word' id='word_1_118' title='bbox 1799 1670 2031 1739; x_wconf 85' lang='lat' dir='ltr'><strong>proinde</strong></span> 
     </span>
    </p>
   </div>
   <div class='ocr_carea' id='block_1_18' title="bbox 469 1744 2029 1821">
    <p class='ocr_par' dir='ltr' id='par_1_18' title="bbox 469 1744 2029 1821">
     <span class='ocr_line' id='line_1_18' title="bbox 469 1744 2029 1821; baseline 0.006 -26"><span class='ocrx_word' id='word_1_119' title='bbox 469 1744 614 1797; x_wconf 84' lang='lat' dir='ltr'><strong>brevi</strong></span> <span class='ocrx_word' id='word_1_120' title='bbox 643 1745 759 1799; x_wconf 83' lang='lat' dir='ltr'><strong>l‘ore</strong></span> <span class='ocrx_word' id='word_1_121' title='bbox 793 1758 1060 1814; x_wconf 88' lang='lat' dir='ltr'><strong>mortuos,</strong></span> <span class='ocrx_word' id='word_1_122' title='bbox 1102 1761 1287 1821; x_wconf 91' lang='lat' dir='ltr'><strong>utpote</strong></span> <span class='ocrx_word' id='word_1_123' title='bbox 1313 1752 1517 1820; x_wconf 81' lang='lat' dir='ltr'><strong>Spiritu</strong></span> <span class='ocrx_word' id='word_1_124' title='bbox 1554 1767 1750 1807; x_wconf 79' lang='lat' dir='ltr'><strong>vat-uos</strong></span> <span class='ocrx_word' id='word_1_125' title='bbox 1778 1760 1831 1805; x_wconf 87' lang='lat' dir='ltr'><strong>et</strong></span> <span class='ocrx_word' id='word_1_126' title='bbox 1856 1751 2029 1807; x_wconf 84' lang='lat' dir='ltr'><strong>desti-</strong></span> 
     </span>
    </p>
   </div>
   <div class='ocr_carea' id='block_1_19' title="bbox 468 1827 2028 1905">
    <p class='ocr_par' dir='ltr' id='par_1_19' title="bbox 468 1827 2028 1905">
     <span class='ocr_line' id='line_1_19' title="bbox 468 1827 2028 1905; baseline 0.009 -29"><span class='ocrx_word' id='word_1_127' title='bbox 468 1836 629 1881; x_wconf 87' lang='lat' dir='ltr'><strong>tutos.</strong></span> <span class='ocrx_word' id='word_1_128' title='bbox 655 1827 857 1900; x_wconf 87' lang='lat' dir='ltr'><strong>Netrpe</strong></span> <span class='ocrx_word' id='word_1_129' title='bbox 881 1835 1007 1903; x_wconf 86' lang='lat' dir='ltr'><strong>quia</strong></span> <span class='ocrx_word' id='word_1_130' title='bbox 1033 1843 1159 1888; x_wconf 89' lang='lat' dir='ltr'><strong>sunt</strong></span> <span class='ocrx_word' id='word_1_131' title='bbox 1192 1836 1454 1890; x_wconf 85' lang='lat' dir='ltr'><strong>animales</strong></span> <span class='ocrx_word' id='word_1_132' title='bbox 1491 1837 1761 1900; x_wconf 82' lang='lat' dir='ltr'><strong>homines,</strong></span> <span class='ocrx_word' id='word_1_133' title='bbox 1795 1852 1901 1891; x_wconf 92' lang='lat' dir='ltr'><strong>non</strong></span> <span class='ocrx_word' id='word_1_134' title='bbox 1933 1852 2028 1905; x_wconf 85' lang='lat' dir='ltr'><strong>po-</strong></span> 
     </span>
    </p>
   </div>
   <div class='ocr_carea' id='block_1_20' title="bbox 469 1915 1695 1989">
    <p class='ocr_par' dir='ltr' id='par_1_20' title="bbox 469 1915 1695 1989">
     <span class='ocr_line' id='line_1_20' title="bbox 469 1915 1695 1989; baseline 0.018 -28"><span class='ocrx_word' id='word_1_135' title='bbox 469 1920 710 1976; x_wconf 88' lang='lat' dir='ltr'><strong>tuerunt,</strong></span> <span class='ocrx_word' id='word_1_136' title='bbox 747 1924 803 1967; x_wconf 91' lang='lat' dir='ltr'><strong>ut</strong></span> <span class='ocrx_word' id='word_1_137' title='bbox 864 1915 1024 1970; x_wconf 84' lang='lat' dir='ltr'><strong>docet</strong></span> <span class='ocrx_word' id='word_1_138' title='bbox 1075 1919 1266 1974; x_wconf 87' lang='lat' dir='ltr'><strong>beatus</strong></span> <span class='ocrx_word' id='word_1_139' title='bbox 1330 1921 1619 1989; x_wconf 77' lang='lat' dir='ltr'><strong>Apostolus</strong></span> <span class='ocrx_word' id='word_1_140' title='bbox 1655 1921 1695 1983; x_wconf 75' lang='grc' dir='ltr'><strong><em>ὀ</em></strong></span> 
     </span>
    </p>
   </div>
   <div class='ocr_carea' id='block_1_21' title="bbox 467 1998 2031 2075">
    <p class='ocr_par' dir='ltr' id='par_1_21' title="bbox 467 1998 2031 2075">
     <span class='ocr_line' id='line_1_21' title="bbox 467 1998 2031 2075; baseline 0.009 -30"><span class='ocrx_word' id='word_1_141' title='bbox 467 2010 589 2061; x_wconf 78' lang='lat' dir='ltr'><strong>quae</strong></span> <span class='ocrx_word' id='word_1_142' title='bbox 621 2010 746 2049; x_wconf 83' lang='lat' dir='ltr'><strong>sunt</strong></span> <span class='ocrx_word' id='word_1_143' title='bbox 776 1998 1013 2067; x_wconf 82' lang='lat' dir='ltr'><strong>Spiritus</strong></span> <span class='ocrx_word' id='word_1_144' title='bbox 1037 2001 1154 2065; x_wconf 83' lang='lat' dir='ltr'><strong>Dei,</strong></span> <span class='ocrx_word' id='word_1_145' title='bbox 1186 2011 1372 2072; x_wconf 90' lang='lat' dir='ltr'><strong>utpote</strong></span> <span class='ocrx_word' id='word_1_146' title='bbox 1395 2006 1482 2072; x_wconf 87' lang='lat' dir='ltr'><strong>qui</strong></span> <span class='ocrx_word' id='word_1_147' title='bbox 1506 2006 1605 2073; x_wconf 82' lang='lat' dir='ltr'><strong>Spit</strong></span> <span class='ocrx_word' id='word_1_148' title='bbox 1625 2004 1861 2057; x_wconf 89' lang='lat' dir='ltr'><strong>itualiter</strong></span> <span class='ocrx_word' id='word_1_149' title='bbox 1888 2005 2031 2075; x_wconf 88' lang='lat' dir='ltr'><strong>diju-</strong></span> 
     </span>
    </p>
   </div>
   <div class='ocr_carea' id='block_1_22' title="bbox 466 2078 2029 2157">
    <p class='ocr_par' dir='ltr' id='par_1_22' title="bbox 466 2078 2029 2157">
     <span class='ocr_line' id='line_1_22' title="bbox 466 2078 2029 2157; baseline 0.009 -30"><span class='ocrx_word' id='word_1_150' title='bbox 466 2080 797 2134; x_wconf 74' lang='lat' dir='ltr'><strong>tlicarentur.</strong></span> <span class='ocrx_word' id='word_1_151' title='bbox 826 2083 895 2135; x_wconf 85' lang='lat' dir='ltr'><strong>At</strong></span> <span class='ocrx_word' id='word_1_152' title='bbox 923 2086 1013 2152; x_wconf 88' lang='lat' dir='ltr'><strong>qui</strong></span> <span class='ocrx_word' id='word_1_153' title='bbox 1039 2102 1100 2140; x_wconf 89' lang='lat' dir='ltr'><strong>ea</strong></span> <span class='ocrx_word' id='word_1_154' title='bbox 1140 2078 1271 2156; x_wconf 5' lang='lat' dir='ltr'><strong>iquze</strong></span> <span class='ocrx_word' id='word_1_155' title='bbox 1307 2098 1435 2142; x_wconf 89' lang='lat' dir='ltr'><strong>sunt</strong></span> <span class='ocrx_word' id='word_1_156' title='bbox 1482 2090 1731 2144; x_wconf 84' lang='lat' dir='ltr'><strong>veritatis</strong></span> <span class='ocrx_word' id='word_1_157' title='bbox 1788 2089 2029 2157; x_wconf 88' lang='lat' dir='ltr'><strong>sapiunt,</strong></span> 
     </span>
    </p>
   </div>
   <div class='ocr_carea' id='block_1_23' title="bbox 467 2164 2031 2240">
    <p class='ocr_par' dir='ltr' id='par_1_23' title="bbox 467 2164 2031 2240">
     <span class='ocr_line' id='line_1_23' title="bbox 467 2164 2031 2240; baseline 0.008 -29"><span class='ocrx_word' id='word_1_158' title='bbox 467 2164 651 2215; x_wconf 86' lang='lat' dir='ltr'><strong>omnia</strong></span> <span class='ocrx_word' id='word_1_159' title='bbox 679 2166 897 2230; x_wconf 88' lang='lat' dir='ltr'><strong>quidem</strong></span> <span class='ocrx_word' id='word_1_160' title='bbox 923 2168 1244 2235; x_wconf 86' lang='lat' dir='ltr'><strong>dijudicant,</strong></span> <span class='ocrx_word' id='word_1_161' title='bbox 1282 2171 1381 2239; x_wconf 91' lang='lat' dir='ltr'><strong>ipsi</strong></span> <span class='ocrx_word' id='word_1_162' title='bbox 1428 2187 1558 2226; x_wconf 86' lang='lat' dir='ltr'><strong>vero</strong></span> <span class='ocrx_word' id='word_1_163' title='bbox 1583 2188 1610 2225; x_wconf 91' lang='lat' dir='ltr'><strong>a</strong></span> <span class='ocrx_word' id='word_1_164' title='bbox 1648 2174 1865 2227; x_wconf 89' lang='lat' dir='ltr'><strong>nemine</strong></span> <span class='ocrx_word' id='word_1_165' title='bbox 1887 2171 2031 2240; x_wconf 82' lang='lat' dir='ltr'><strong>diju-</strong></span> 
     </span>
    </p>
   </div>
   <div class='ocr_carea' id='block_1_24' title="bbox 464 2244 2031 2324">
    <p class='ocr_par' dir='ltr' id='par_1_24' title="bbox 464 2244 2031 2324">
     <span class='ocr_line' id='line_1_24' title="bbox 464 2244 2031 2324; baseline 0.007 -28"><span class='ocrx_word' id='word_1_166' title='bbox 464 2244 737 2309; x_wconf 85' lang='lat' dir='ltr'><strong>dicantur,</strong></span> <span class='ocrx_word' id='word_1_167' title='bbox 760 2251 1201 2319; x_wconf 81' lang='lat' dir='ltr'><strong>quandoquidem</strong></span> <span class='ocrx_word' id='word_1_168' title='bbox 1219 2252 1502 2307; x_wconf 91' lang='lat' dir='ltr'><strong>Dominum</strong></span> <span class='ocrx_word' id='word_1_169' title='bbox 1524 2256 1575 2307; x_wconf 92' lang='lat' dir='ltr'><strong>in</strong></span> <span class='ocrx_word' id='word_1_170' title='bbox 1595 2255 1791 2324; x_wconf 85' lang='lat' dir='ltr'><strong>seipsis</strong></span> <span class='ocrx_word' id='word_1_171' title='bbox 1807 2254 2031 2321; x_wconf 86' lang='lat' dir='ltr'><strong>habent,</strong></span> 
     </span>
    </p>
   </div>
   <div class='ocr_carea' id='block_1_25' title="bbox 466 2328 2034 2408">
    <p class='ocr_par' dir='ltr' id='par_1_25' title="bbox 466 2328 2034 2408">
     <span class='ocr_line' id='line_1_25' title="bbox 466 2328 2034 2408; baseline 0.01 -30"><span class='ocrx_word' id='word_1_172' title='bbox 466 2328 560 2391; x_wconf 89' lang='lat' dir='ltr'><strong>qui</strong></span> <span class='ocrx_word' id='word_1_173' title='bbox 600 2329 706 2383; x_wconf 85' lang='lat' dir='ltr'><strong>iiiis</strong></span> <span class='ocrx_word' id='word_1_174' title='bbox 736 2342 789 2383; x_wconf 86' lang='lat' dir='ltr'><strong>et</strong></span> <span class='ocrx_word' id='word_1_175' title='bbox 830 2333 1067 2401; x_wconf 87' lang='lat' dir='ltr'><strong>seipsum</strong></span> <span class='ocrx_word' id='word_1_176' title='bbox 1102 2345 1155 2390; x_wconf 93' lang='lat' dir='ltr'><strong>et</strong></span> <span class='ocrx_word' id='word_1_177' title='bbox 1180 2352 1277 2405; x_wconf 92' lang='lat' dir='ltr'><strong>per</strong></span> <span class='ocrx_word' id='word_1_178' title='bbox 1301 2337 1539 2407; x_wconf 87' lang='lat' dir='ltr'><strong>seipsum</strong></span> <span class='ocrx_word' id='word_1_179' title='bbox 1579 2337 1794 2394; x_wconf 84' lang='lat' dir='ltr'><strong>Patrem</strong></span> <span class='ocrx_word' id='word_1_180' title='bbox 1828 2339 1881 2391; x_wconf 91' lang='lat' dir='ltr'><strong>in</strong></span> <span class='ocrx_word' id='word_1_181' title='bbox 1911 2338 2034 2408; x_wconf 76' lang='lat' dir='ltr'><strong>Spi-</strong></span> 
     </span>
    </p>
   </div>
   <div class='ocr_carea' id='block_1_26' title="bbox 472 2416 2034 2490">
    <p class='ocr_par' dir='ltr' id='par_1_26' title="bbox 472 2416 2034 2490">
     <span class='ocr_line' id='line_1_26' title="bbox 472 2416 2034 2490; baseline 0.008 -26"><span class='ocrx_word' id='word_1_182' title='bbox 472 2416 577 2466; x_wconf 88' lang='lat' dir='ltr'><strong>ritu</strong></span> <span class='ocrx_word' id='word_1_183' title='bbox 609 2416 883 2482; x_wconf 79' lang='lat' dir='ltr'><strong>patefacit.</strong></span> <span class='ocrx_word' id='word_1_184' title='bbox 912 2418 1018 2474; x_wconf 88' lang='lat' dir='ltr'><strong>Sed</strong></span> <span class='ocrx_word' id='word_1_185' title='bbox 1055 2421 1173 2490; x_wconf 89' lang='lat' dir='ltr'><strong>ipse</strong></span> <span class='ocrx_word' id='word_1_186' title='bbox 1233 2422 1500 2478; x_wconf 83' lang='lat' dir='ltr'><strong>Dominus</strong></span> <span class='ocrx_word' id='word_1_187' title='bbox 1564 2421 1726 2477; x_wconf 81' lang='lat' dir='ltr'><strong>Jesus</strong></span> <span class='ocrx_word' id='word_1_188' title='bbox 1778 2422 2034 2477; x_wconf 76' lang='lat' dir='ltr'><strong>Christus</strong></span> 
     </span>
    </p>
   </div>
   <div class='ocr_carea' id='block_1_27' title="bbox 474 2499 2032 2574">
    <p class='ocr_par' dir='ltr' id='par_1_27' title="bbox 474 2499 2032 2574">
     <span class='ocr_line' id='line_1_27' title="bbox 474 2499 2032 2574; baseline 0.006 -27"><span class='ocrx_word' id='word_1_189' title='bbox 474 2512 569 2563; x_wconf 86' lang='lat' dir='ltr'><strong>per</strong></span> <span class='ocrx_word' id='word_1_190' title='bbox 600 2499 838 2567; x_wconf 86' lang='lat' dir='ltr'><strong>seipsum</strong></span> <span class='ocrx_word' id='word_1_191' title='bbox 865 2502 1080 2569; x_wconf 86' lang='lat' dir='ltr'><strong>quidem</strong></span> <span class='ocrx_word' id='word_1_192' title='bbox 1110 2504 1529 2570; x_wconf 89' lang='lat' dir='ltr'><strong>Samaritanam,</strong></span> <span class='ocrx_word' id='word_1_193' title='bbox 1557 2520 1618 2559; x_wconf 90' lang='lat' dir='ltr'><strong>ac</strong></span> <span class='ocrx_word' id='word_1_194' title='bbox 1639 2521 1738 2559; x_wconf 89' lang='lat' dir='ltr'><strong>nos</strong></span> <span class='ocrx_word' id='word_1_195' title='bbox 1766 2520 1859 2574; x_wconf 86' lang='lat' dir='ltr'><strong>per</strong></span> <span class='ocrx_word' id='word_1_196' title='bbox 1887 2504 2032 2557; x_wconf 85' lang='lat' dir='ltr'><strong>illaut</strong></span> 
     </span>
    </p>
   </div>
   <div class='ocr_carea' id='block_1_28' title="bbox 469 2580 2031 2657">
    <p class='ocr_par' dir='ltr' id='par_1_28' title="bbox 469 2580 2031 2657">
     <span class='ocr_line' id='line_1_28' title="bbox 469 2580 2031 2657; baseline 0.006 -26"><span class='ocrx_word' id='word_1_197' title='bbox 469 2580 668 2657; x_wconf 90' lang='lat' dir='ltr'><strong>deinde</strong></span> <span class='ocrx_word' id='word_1_198' title='bbox 692 2582 898 2646; x_wconf 87' lang='lat' dir='ltr'><strong>docuit,</strong></span> <span class='ocrx_word' id='word_1_199' title='bbox 921 2598 1085 2652; x_wconf 87' lang='lat' dir='ltr'><strong>quam</strong></span> <span class='ocrx_word' id='word_1_200' title='bbox 1112 2585 1345 2655; x_wconf 79' lang='lat' dir='ltr'><strong>perfecta</strong></span> <span class='ocrx_word' id='word_1_201' title='bbox 1372 2597 1428 2641; x_wconf 87' lang='lat' dir='ltr'><strong>et</strong></span> <span class='ocrx_word' id='word_1_202' title='bbox 1454 2588 1705 2642; x_wconf 88' lang='lat' dir='ltr'><strong>absoluta</strong></span> <span class='ocrx_word' id='word_1_203' title='bbox 1737 2589 1812 2641; x_wconf 85' lang='lat' dir='ltr'><strong>sit</strong></span> <span class='ocrx_word' id='word_1_204' title='bbox 1842 2596 2031 2642; x_wconf 85' lang='lat' dir='ltr'><strong>sancta</strong></span> 
     </span>
    </p>
   </div>
   <div class='ocr_carea' id='block_1_29' title="bbox 466 2660 2031 2735">
    <p class='ocr_par' dir='ltr' id='par_1_29' title="bbox 466 2660 2031 2735">
     <span class='ocr_line' id='line_1_29' title="bbox 466 2660 2031 2735; baseline 0.006 -20"><span class='ocrx_word' id='word_1_205' title='bbox 466 2660 728 2729; x_wconf 88' lang='lat' dir='ltr'><strong>Trinitas,</strong></span> <span class='ocrx_word' id='word_1_206' title='bbox 761 2680 990 2735; x_wconf 89' lang='lat' dir='ltr'><strong>eamque</strong></span> <span class='ocrx_word' id='word_1_207' title='bbox 1020 2668 1357 2724; x_wconf 83' lang='lat' dir='ltr'><strong>individuam</strong></span> <span class='ocrx_word' id='word_1_208' title='bbox 1385 2687 1448 2726; x_wconf 85' lang='lat' dir='ltr'><strong>ac</strong></span> <span class='ocrx_word' id='word_1_209' title='bbox 1478 2686 1641 2725; x_wconf 90' lang='lat' dir='ltr'><strong>unam</strong></span> <span class='ocrx_word' id='word_1_210' title='bbox 1684 2672 2031 2725; x_wconf 88' lang='lat' dir='ltr'><strong>Divinitatem</strong></span> 
     </span>
    </p>
   </div>
   <div class='ocr_carea' id='block_1_30' title="bbox 467 2746 2032 2820">
    <p class='ocr_par' dir='ltr' id='par_1_30' title="bbox 467 2746 2032 2820">
     <span class='ocr_line' id='line_1_30' title="bbox 467 2746 2032 2820; baseline 0.005 -24"><span class='ocrx_word' id='word_1_211' title='bbox 467 2746 756 2801; x_wconf 83' lang='lat' dir='ltr'><strong>exsistere.</strong></span> <span class='ocrx_word' id='word_1_212' title='bbox 784 2748 863 2813; x_wconf 87' lang='lat' dir='ltr'><strong>Id,</strong></span> <span class='ocrx_word' id='word_1_213' title='bbox 898 2751 1146 2819; x_wconf 90' lang='lat' dir='ltr'><strong>inquam,</strong></span> <span class='ocrx_word' id='word_1_214' title='bbox 1175 2752 1288 2820; x_wconf 87' lang='lat' dir='ltr'><strong>ipsa</strong></span> <span class='ocrx_word' id='word_1_215' title='bbox 1314 2762 1542 2807; x_wconf 84' lang='lat' dir='ltr'><strong>testatur</strong></span> <span class='ocrx_word' id='word_1_216' title='bbox 1574 2753 1797 2816; x_wconf 89' lang='lat' dir='ltr'><strong>veritas,</strong></span> <span class='ocrx_word' id='word_1_217' title='bbox 1829 2752 1916 2806; x_wconf 83' lang='lat' dir='ltr'><strong>tibi</strong></span> <span class='ocrx_word' id='word_1_218' title='bbox 1934 2752 2032 2804; x_wconf 83' lang='lat' dir='ltr'><strong>Sa-</strong></span> 
     </span>
    </p>
   </div>
   <div class='ocr_carea' id='block_1_31' title="bbox 470 2831 2031 2905">
    <p class='ocr_par' dir='ltr' id='par_1_31' title="bbox 470 2831 2031 2905">
     <span class='ocr_line' id='line_1_31' title="bbox 470 2831 2031 2905; baseline 0.004 -23"><span class='ocrx_word' id='word_1_219' title='bbox 470 2831 749 2884; x_wconf 77' lang='lat' dir='ltr'><strong>maritanae</strong></span> <span class='ocrx_word' id='word_1_220' title='bbox 779 2832 852 2884; x_wconf 91' lang='lat' dir='ltr'><strong>ait</strong></span> <span class='ocrx_word' id='word_1_221' title='bbox 893 2850 956 2888; x_wconf 74' lang='grc' dir='ltr'>ει</span> <span class='ocrx_word' id='word_1_222' title='bbox 992 2832 1166 2889; x_wconf 85' lang='lat' dir='ltr'><strong>Crede</strong></span> <span class='ocrx_word' id='word_1_223' title='bbox 1219 2836 1377 2901; x_wconf 89' lang='lat' dir='ltr'><strong>mihi,</strong></span> <span class='ocrx_word' id='word_1_224' title='bbox 1446 2837 1662 2901; x_wconf 83' lang='lat' dir='ltr'><strong>mulier,</strong></span> <span class='ocrx_word' id='word_1_225' title='bbox 1706 2838 1836 2905; x_wconf 89' lang='lat' dir='ltr'><strong>quia</strong></span> <span class='ocrx_word' id='word_1_226' title='bbox 1881 2836 2031 2890; x_wconf 88' lang='lat' dir='ltr'><strong>venit</strong></span> 
     </span>
    </p>
   </div>
   <div class='ocr_carea' id='block_1_32' title="bbox 465 2913 2033 2981">
    <p class='ocr_par' dir='ltr' id='par_1_32' title="bbox 465 2913 2033 2981">
     <span class='ocr_line' id='line_1_32' title="bbox 465 2913 2033 2981; baseline 0.007 -16"><span class='ocrx_word' id='word_1_227' title='bbox 465 2913 623 2981; x_wconf 91' lang='lat' dir='ltr'><strong>hora,</strong></span> <span class='ocrx_word' id='word_1_228' title='bbox 660 2923 713 2969; x_wconf 88' lang='lat' dir='ltr'><strong>et</strong></span> <span class='ocrx_word' id='word_1_229' title='bbox 744 2932 888 2970; x_wconf 90' lang='lat' dir='ltr'><strong>nunc</strong></span> <span class='ocrx_word' id='word_1_230' title='bbox 920 2925 1023 2980; x_wconf 89' lang='lat' dir='ltr'><strong>est,</strong></span> <span class='ocrx_word' id='word_1_231' title='bbox 1063 2934 1186 2973; x_wconf 92' lang='lat' dir='ltr'><strong>cum</strong></span> <span class='ocrx_word' id='word_1_232' title='bbox 1224 2922 1335 2974; x_wconf 90' lang='lat' dir='ltr'><strong>veri</strong></span> <span class='ocrx_word' id='word_1_233' title='bbox 1370 2923 1685 2975; x_wconf 73' lang='lat' dir='ltr'><strong>atloratores</strong></span> <span class='ocrx_word' id='word_1_234' title='bbox 1728 2922 2033 2976; x_wconf 85' lang='lat' dir='ltr'><strong>adorabunt</strong></span> 
     </span>
    </p>
   </div>
   <div class='ocr_carea' id='block_1_33' title="bbox 468 2994 2029 3069">
    <p class='ocr_par' dir='ltr' id='par_1_33' title="bbox 468 2994 2029 3069">
     <span class='ocr_line' id='line_1_33' title="bbox 468 2994 2029 3069; baseline 0.008 -21"><span class='ocrx_word' id='word_1_235' title='bbox 468 2994 684 3050; x_wconf 80' lang='lat' dir='ltr'><strong>Patrem</strong></span> <span class='ocrx_word' id='word_1_236' title='bbox 721 3000 773 3052; x_wconf 91' lang='lat' dir='ltr'><strong>in</strong></span> <span class='ocrx_word' id='word_1_237' title='bbox 802 2999 1009 3069; x_wconf 84' lang='lat' dir='ltr'><strong>Spiritu</strong></span> <span class='ocrx_word' id='word_1_238' title='bbox 1038 3011 1090 3056; x_wconf 90' lang='lat' dir='ltr'><strong>et</strong></span> <span class='ocrx_word' id='word_1_239' title='bbox 1125 3003 1378 3058; x_wconf 74' lang='lat' dir='ltr'><strong>veritate.</strong></span> <span class='ocrx_word' id='word_1_240' title='bbox 1413 3002 1548 3058; x_wconf 80' lang='lat' dir='ltr'><strong>Nam</strong></span> <span class='ocrx_word' id='word_1_241' title='bbox 1590 3017 1643 3059; x_wconf 84' lang='lat' dir='ltr'><strong>et</strong></span> <span class='ocrx_word' id='word_1_242' title='bbox 1673 3004 1836 3059; x_wconf 84' lang='lat' dir='ltr'><strong>Pater</strong></span> <span class='ocrx_word' id='word_1_243' title='bbox 1893 3006 2029 3060; x_wconf 85' lang='lat' dir='ltr'><strong>tales</strong></span> 
     </span>
    </p>
   </div>
   <div class='ocr_carea' id='block_1_34' title="bbox 465 3082 2032 3155">
    <p class='ocr_par' dir='ltr' id='par_1_34' title="bbox 465 3082 2032 3155">
     <span class='ocr_line' id='line_1_34' title="bbox 465 3082 2032 3155; baseline 0.007 -25"><span class='ocrx_word' id='word_1_244' title='bbox 465 3082 660 3146; x_wconf 72' lang='lat' dir='ltr'><strong>qurcrit</strong></span> <span class='ocrx_word' id='word_1_245' title='bbox 687 3082 777 3150; x_wconf 90' lang='lat' dir='ltr'><strong>qui</strong></span> <span class='ocrx_word' id='word_1_246' title='bbox 803 3084 1031 3137; x_wconf 86' lang='lat' dir='ltr'><strong>adorent</strong></span> <span class='ocrx_word' id='word_1_247' title='bbox 1061 3100 1202 3138; x_wconf 78' lang='lat' dir='ltr'><strong>eum.</strong></span> <span class='ocrx_word' id='word_1_248' title='bbox 1241 3085 1478 3155; x_wconf 88' lang='lat' dir='ltr'><strong>Spiritus</strong></span> <span class='ocrx_word' id='word_1_249' title='bbox 1530 3096 1613 3141; x_wconf 86' lang='lat' dir='ltr'><strong>est</strong></span> <span class='ocrx_word' id='word_1_250' title='bbox 1645 3088 1803 3152; x_wconf 87' lang='lat' dir='ltr'><strong>Deus,</strong></span> <span class='ocrx_word' id='word_1_251' title='bbox 1838 3095 1894 3142; x_wconf 90' lang='lat' dir='ltr'><strong>et</strong></span> <span class='ocrx_word' id='word_1_252' title='bbox 1937 3103 2032 3141; x_wconf 89' lang='lat' dir='ltr'><strong>eos</strong></span> 
     </span>
    </p>
   </div>
   <div class='ocr_carea' id='block_1_35' title="bbox 464 3162 2032 3241">
    <p class='ocr_par' dir='ltr' id='par_1_35' title="bbox 464 3162 2032 3241">
     <span class='ocr_line' id='line_1_35' title="bbox 464 3162 2032 3241; baseline 0.006 -26"><span class='ocrx_word' id='word_1_253' title='bbox 464 3164 556 3232; x_wconf 90' lang='lat' dir='ltr'><strong>qui</strong></span> <span class='ocrx_word' id='word_1_254' title='bbox 589 3165 819 3219; x_wconf 87' lang='lat' dir='ltr'><strong>adorant</strong></span> <span class='ocrx_word' id='word_1_255' title='bbox 839 3183 985 3233; x_wconf 90' lang='lat' dir='ltr'><strong>eum,</strong></span> <span class='ocrx_word' id='word_1_256' title='bbox 1012 3168 1066 3221; x_wconf 93' lang='lat' dir='ltr'><strong>in</strong></span> <span class='ocrx_word' id='word_1_257' title='bbox 1098 3168 1304 3237; x_wconf 88' lang='lat' dir='ltr'><strong>Spiritu</strong></span> <span class='ocrx_word' id='word_1_258' title='bbox 1329 3180 1380 3225; x_wconf 86' lang='lat' dir='ltr'><strong>et</strong></span> <span class='ocrx_word' id='word_1_259' title='bbox 1415 3172 1639 3226; x_wconf 78' lang='lat' dir='ltr'><strong>veritate</strong></span> <span class='ocrx_word' id='word_1_260' title='bbox 1659 3162 1873 3241; x_wconf 86' lang='lat' dir='ltr'><strong>oportet</strong></span> <span class='ocrx_word' id='word_1_261' title='bbox 1901 3173 2032 3225; x_wconf 90' lang='lat' dir='ltr'><strong>ado-</strong></span> 
     </span>
    </p>
   </div>
   <div class='ocr_carea' id='block_1_36' title="bbox 2130 658 3665 734">
    <p class='ocr_par' dir='ltr' id='par_1_36' title="bbox 2130 658 3665 734">
     <span class='ocr_line' id='line_1_36' title="bbox 2130 658 3665 734; baseline 0.005 -24"><span class='ocrx_word' id='word_1_262' title='bbox 2130 658 2222 720; x_wconf 73' lang='grc' dir='ltr'>οὓς</span> <span class='ocrx_word' id='word_1_263' title='bbox 2269 661 2618 725; x_wconf 79' lang='grc' dir='ltr'><strong>ἐξαπέστειλε</strong></span> <span class='ocrx_word' id='word_1_264' title='bbox 2661 662 2862 731; x_wconf 83' lang='grc' dir='ltr'>Κύριος</span> <span class='ocrx_word' id='word_1_265' title='bbox 2906 662 3300 730; x_wconf 75' lang='grc' dir='ltr'><strong>παντοκράτωρ</strong></span> <span class='ocrx_word' id='word_1_266' title='bbox 3327 663 3383 714; x_wconf 82' lang='grc' dir='ltr'>ὲν</span> <span class='ocrx_word' id='word_1_267' title='bbox 3412 665 3665 734; x_wconf 76' lang='grc' dir='ltr'>Πνεύματι</span> 
     </span>
    </p>
   </div>
   <div class='ocr_carea' id='block_1_37' title="bbox 2128 744 3667 820">
    <p class='ocr_par' dir='ltr' id='par_1_37' title="bbox 2128 744 3667 820">
     <span class='ocr_line' id='line_1_37' title="bbox 2128 744 3667 820; baseline 0.005 -23"><span class='ocrx_word' id='word_1_268' title='bbox 2128 744 2313 799; x_wconf 68' lang='grc' dir='ltr'>αὑτοῦ.</span> <span class='ocrx_word' id='word_1_269' title='bbox 2358 745 2416 797; x_wconf 84' lang='grc' dir='ltr'>Ὀ</span> <span class='ocrx_word' id='word_1_270' title='bbox 2444 746 2498 801; x_wconf 79' lang='grc' dir='ltr'><strong>δὲ</strong></span> <span class='ocrx_word' id='word_1_271' title='bbox 2530 748 2731 820; x_wconf 79' lang='grc' dir='ltr'><strong>Πέτρος</strong></span> <span class='ocrx_word' id='word_1_272' title='bbox 2759 748 2817 799; x_wconf 75' lang='grc' dir='ltr'>ἐν</span> <span class='ocrx_word' id='word_1_273' title='bbox 2840 748 2961 809; x_wconf 79' lang='grc' dir='ltr'>ταῖς</span> <span class='ocrx_word' id='word_1_274' title='bbox 2989 748 3259 815; x_wconf 81' lang='grc' dir='ltr'>Πράξεσιν</span> <span class='ocrx_word' id='word_1_275' title='bbox 3290 748 3486 814; x_wconf 75' lang='grc' dir='ltr'>ἔλεγεν,</span> <span class='ocrx_word' id='word_1_276' title='bbox 3518 752 3667 805; x_wconf 78' lang='grc' dir='ltr'>ιἈν-</span> 
     </span>
    </p>
   </div>
   <div class='ocr_carea' id='block_1_38' title="bbox 2129 830 3666 905">
    <p class='ocr_par' dir='ltr' id='par_1_38' title="bbox 2129 830 3666 905">
     <span class='ocr_line' id='line_1_38' title="bbox 2129 830 3666 905; baseline 0.005 -24"><span class='ocrx_word' id='word_1_277' title='bbox 2129 830 2253 896; x_wconf 81' lang='grc' dir='ltr'>δρες</span> <span class='ocrx_word' id='word_1_278' title='bbox 2307 830 2545 897; x_wconf 82' lang='grc' dir='ltr'>ἀδελφοὶ,</span> <span class='ocrx_word' id='word_1_279' title='bbox 2603 832 2711 884; x_wconf 78' lang='grc' dir='ltr'>ἔδει</span> <span class='ocrx_word' id='word_1_280' title='bbox 2776 830 3126 901; x_wconf 74' lang='grc' dir='ltr'><strong>πληρωθῆναι</strong></span> <span class='ocrx_word' id='word_1_281' title='bbox 3177 832 3277 901; x_wconf 82' lang='grc' dir='ltr'>τὴν</span> <span class='ocrx_word' id='word_1_282' title='bbox 3331 834 3561 901; x_wconf 74' lang='grc' dir='ltr'>Γραφὴν,</span> <span class='ocrx_word' id='word_1_283' title='bbox 3609 836 3666 905; x_wconf 77' lang='grc' dir='ltr'>ἢν</span> 
     </span>
    </p>
   </div>
   <div class='ocr_carea' id='block_1_39' title="bbox 2131 914 3671 984">
    <p class='ocr_par' dir='ltr' id='par_1_39' title="bbox 2131 914 3671 984">
     <span class='ocr_line' id='line_1_39' title="bbox 2131 914 3671 984; baseline 0.006 -22"><span class='ocrx_word' id='word_1_284' title='bbox 2131 916 2357 981; x_wconf 82' lang='grc' dir='ltr'>προεῖπε</span> <span class='ocrx_word' id='word_1_285' title='bbox 2374 915 2432 968; x_wconf 76' lang='grc' dir='ltr'>τὸ</span> <span class='ocrx_word' id='word_1_286' title='bbox 2458 914 2681 983; x_wconf 82' lang='grc' dir='ltr'>Πνεῦμα</span> <span class='ocrx_word' id='word_1_287' title='bbox 2704 914 2762 966; x_wconf 79' lang='grc' dir='ltr'>τὸ</span> <span class='ocrx_word' id='word_1_288' title='bbox 2784 914 2957 983; x_wconf 77' lang='grc' dir='ltr'>ἅγιον.</span> <span class='ocrx_word' id='word_1_289' title='bbox 2974 935 2991 966; x_wconf 75' lang='grc' dir='ltr'>ι</span> <span class='ocrx_word' id='word_1_290' title='bbox 3027 916 3130 967; x_wconf 73' lang='grc' dir='ltr'><strong>Καὶ</strong></span> <span class='ocrx_word' id='word_1_291' title='bbox 3160 916 3274 980; x_wconf 76' lang='grc' dir='ltr'>μετ’</span> <span class='ocrx_word' id='word_1_292' title='bbox 3294 916 3473 984; x_wconf 82' lang='grc' dir='ltr'>ὀλίγα·</span> <span class='ocrx_word' id='word_1_293' title='bbox 3506 937 3526 968; x_wconf 74' lang='grc' dir='ltr'>ι</span> <span class='ocrx_word' id='word_1_294' title='bbox 3563 920 3671 972; x_wconf 83' lang='grc' dir='ltr'>Τῶν</span> 
     </span>
    </p>
   </div>
   <div class='ocr_carea' id='block_1_40' title="bbox 2130 996 3671 1071">
    <p class='ocr_par' dir='ltr' id='par_1_40' title="bbox 2130 996 3671 1071">
     <span class='ocr_line' id='line_1_40' title="bbox 2130 996 3671 1071; baseline 0.006 -25"><span class='ocrx_word' id='word_1_295' title='bbox 2130 996 2185 1047; x_wconf 77' lang='grc' dir='ltr'><strong>δὲ</strong></span> <span class='ocrx_word' id='word_1_296' title='bbox 2215 999 2492 1066; x_wconf 74' lang='grc' dir='ltr'><strong>τροπικῶν</strong></span> <span class='ocrx_word' id='word_1_297' title='bbox 2522 1001 2555 1068; x_wconf 77' lang='grc' dir='ltr'>ἡ</span> <span class='ocrx_word' id='word_1_298' title='bbox 2586 999 2906 1061; x_wconf 83' lang='grc' dir='ltr'>ἁλλόπιστος</span> <span class='ocrx_word' id='word_1_299' title='bbox 2941 1000 3237 1066; x_wconf 80' lang='grc' dir='ltr'>μυθολογία</span> <span class='ocrx_word' id='word_1_300' title='bbox 3285 1000 3537 1069; x_wconf 75' lang='grc' dir='ltr'>διαφωνεῖ</span> <span class='ocrx_word' id='word_1_301' title='bbox 3582 1003 3671 1071; x_wconf 71' lang='grc' dir='ltr'><strong>μὲν</strong></span> 
     </span>
    </p>
   </div>
   <div class='ocr_carea' id='block_1_41' title="bbox 2131 1082 3673 1154">
    <p class='ocr_par' dir='ltr' id='par_1_41' title="bbox 2131 1082 3673 1154">
     <span class='ocr_line' id='line_1_41' title="bbox 2131 1082 3673 1154; baseline 0.003 -21"><span class='ocrx_word' id='word_1_302' title='bbox 2131 1082 2267 1148; x_wconf 70' lang='grc' dir='ltr'>πρὸς</span> <span class='ocrx_word' id='word_1_303' title='bbox 2290 1082 2383 1144; x_wconf 80' lang='grc' dir='ltr'><strong>τὰς</strong></span> <span class='ocrx_word' id='word_1_304' title='bbox 2407 1082 2650 1150; x_wconf 75' lang='grc' dir='ltr'>Γραφὰς,</span> <span class='ocrx_word' id='word_1_305' title='bbox 2677 1084 2960 1150; x_wconf 64' lang='grc' dir='ltr'>συμφωνεῖ</span> <span class='ocrx_word' id='word_1_306' title='bbox 2980 1083 3033 1134; x_wconf 79' lang='grc' dir='ltr'><strong>δὲ</strong></span> <span class='ocrx_word' id='word_1_307' title='bbox 3060 1086 3119 1149; x_wconf 74' lang='grc' dir='ltr'>τῇ</span> <span class='ocrx_word' id='word_1_308' title='bbox 3156 1082 3265 1135; x_wconf 82' lang='grc' dir='ltr'>τῶν</span> <span class='ocrx_word' id='word_1_309' title='bbox 3295 1085 3673 1154; x_wconf 70' lang='grc' dir='ltr'>ἀρειομανιτῶν</span> 
     </span>
    </p>
   </div>
   <div class='ocr_carea' id='block_1_42' title="bbox 2131 1164 3674 1239">
    <p class='ocr_par' dir='ltr' id='par_1_42' title="bbox 2131 1164 3674 1239">
     <span class='ocr_line' id='line_1_42' title="bbox 2131 1164 3674 1239; baseline 0.004 -24"><span class='ocrx_word' id='word_1_310' title='bbox 2131 1164 2345 1234; x_wconf 78' lang='grc' dir='ltr'>ἀλογίᾳ,</span> <span class='ocrx_word' id='word_1_311' title='bbox 2375 1166 2467 1217; x_wconf 74' lang='grc' dir='ltr'>καὶ</span> <span class='ocrx_word' id='word_1_312' title='bbox 2497 1165 2640 1227; x_wconf 78' lang='grc' dir='ltr'>εἰκὸς</span> <span class='ocrx_word' id='word_1_313' title='bbox 2658 1167 2852 1228; x_wconf 72' lang='grc' dir='ltr'>αὐτοὺς</span> <span class='ocrx_word' id='word_1_314' title='bbox 2871 1165 3040 1229; x_wconf 79' lang='grc' dir='ltr'>οὕτως</span> <span class='ocrx_word' id='word_1_315' title='bbox 3062 1166 3450 1233; x_wconf 79' lang='grc' dir='ltr'>ἀποκρίνεσθαι</span> <span class='ocrx_word' id='word_1_316' title='bbox 3481 1169 3674 1239; x_wconf 77' lang='grc' dir='ltr'>ἀπάτη;</span> 
     </span>
    </p>
   </div>
   <div class='ocr_carea' id='block_1_43' title="bbox 2130 1248 3673 1323">
    <p class='ocr_par' dir='ltr' id='par_1_43' title="bbox 2130 1248 3673 1323">
     <span class='ocr_line' id='line_1_43' title="bbox 2130 1248 3673 1323; baseline 0.002 -24"><span class='ocrx_word' id='word_1_317' title='bbox 2130 1248 2315 1301; x_wconf 85' lang='grc' dir='ltr'>’ἐνεκεν</span> <span class='ocrx_word' id='word_1_318' title='bbox 2354 1251 2461 1302; x_wconf 82' lang='grc' dir='ltr'>τῶν</span> <span class='ocrx_word' id='word_1_319' title='bbox 2492 1250 2913 1319; x_wconf 72' lang='grc' dir='ltr'>ἁκεραιοτέρων.</span> <span class='ocrx_word' id='word_1_320' title='bbox 2962 1249 3119 1302; x_wconf 79' lang='grc' dir='ltr'>Ἀλλὰ</span> <span class='ocrx_word' id='word_1_321' title='bbox 3155 1250 3311 1319; x_wconf 78' lang='grc' dir='ltr'>χάρις</span> <span class='ocrx_word' id='word_1_322' title='bbox 3348 1251 3426 1317; x_wconf 80' lang='grc' dir='ltr'>τῷ</span> <span class='ocrx_word' id='word_1_323' title='bbox 3483 1253 3673 1323; x_wconf 79' lang='grc' dir='ltr'>Κυρίῳ,</span> 
     </span>
    </p>
   </div>
   <div class='ocr_carea' id='block_1_44' title="bbox 2132 1332 3677 1405">
    <p class='ocr_par' dir='ltr' id='par_1_44' title="bbox 2132 1332 3677 1405">
     <span class='ocr_line' id='line_1_44' title="bbox 2132 1332 3677 1405; baseline 0.005 -23"><span class='ocrx_word' id='word_1_324' title='bbox 2132 1332 2248 1394; x_wconf 83' lang='grc' dir='ltr'>ὅτι,</span> <span class='ocrx_word' id='word_1_325' title='bbox 2277 1333 2351 1395; x_wconf 84' lang='grc' dir='ltr'><strong>ὡς</strong></span> <span class='ocrx_word' id='word_1_326' title='bbox 2385 1334 2636 1402; x_wconf 78' lang='grc' dir='ltr'>γράφεις,</span> <span class='ocrx_word' id='word_1_327' title='bbox 2678 1334 2774 1385; x_wconf 79' lang='grc' dir='ltr'>οὐκ</span> <span class='ocrx_word' id='word_1_328' title='bbox 2813 1333 2996 1385; x_wconf 73' lang='grc' dir='ltr'>ἔλαθον</span> <span class='ocrx_word' id='word_1_329' title='bbox 3037 1334 3329 1396; x_wconf 78' lang='grc' dir='ltr'><strong>σκέποντες</strong></span> <span class='ocrx_word' id='word_1_330' title='bbox 3376 1335 3591 1397; x_wconf 79' lang='grc' dir='ltr'>ἑαυτοὺς</span> <span class='ocrx_word' id='word_1_331' title='bbox 3619 1340 3677 1405; x_wconf 84' lang='grc' dir='ltr'><strong>τῇ</strong></span> 
     </span>
    </p>
   </div>
   <div class='ocr_carea' id='block_1_45' title="bbox 2134 1416 3679 1491">
    <p class='ocr_par' dir='ltr' id='par_1_45' title="bbox 2134 1416 3679 1491">
     <span class='ocr_line' id='line_1_45' title="bbox 2134 1416 3679 1491; baseline 0.003 -25"><span class='ocrx_word' id='word_1_332' title='bbox 2134 1416 2268 1483; x_wconf 67' lang='grc' dir='ltr'>προς</span> <span class='ocrx_word' id='word_1_333' title='bbox 2304 1418 2429 1477; x_wconf 67' lang='grc' dir='ltr'>τοὺς</span> <span class='ocrx_word' id='word_1_334' title='bbox 2478 1419 2795 1485; x_wconf 74' lang='grc' dir='ltr'>’Λρειανοὺς</span> <span class='ocrx_word' id='word_1_335' title='bbox 2843 1420 3202 1488; x_wconf 81' lang='grc' dir='ltr'>προσποιήτῳ</span> <span class='ocrx_word' id='word_1_336' title='bbox 3256 1419 3564 1491; x_wconf 75' lang='grc' dir='ltr'><strong>ἀντιλογίᾳ·</strong></span> <span class='ocrx_word' id='word_1_337' title='bbox 3598 1423 3679 1473; x_wconf 71' lang='grc' dir='ltr'>καὶ</span> 
     </span>
    </p>
   </div>
   <div class='ocr_carea' id='block_1_46' title="bbox 2132 1501 3681 1572">
    <p class='ocr_par' dir='ltr' id='par_1_46' title="bbox 2132 1501 3681 1572">
     <span class='ocr_line' id='line_1_46' title="bbox 2132 1501 3681 1572; baseline 0 -15"><span class='ocrx_word' id='word_1_338' title='bbox 2132 1505 2241 1572; x_wconf 75' lang='grc' dir='ltr'><strong>γὰρ</strong></span> <span class='ocrx_word' id='word_1_339' title='bbox 2272 1505 2365 1554; x_wconf 76' lang='grc' dir='ltr'>καὶ</span> <span class='ocrx_word' id='word_1_340' title='bbox 2382 1502 2512 1571; x_wconf 85' lang='grc' dir='ltr'>παρ’</span> <span class='ocrx_word' id='word_1_341' title='bbox 2540 1501 2766 1553; x_wconf 71' lang='grc' dir='ltr'>ἐκείνων</span> <span class='ocrx_word' id='word_1_342' title='bbox 2789 1504 3155 1571; x_wconf 74' lang='grc' dir='ltr'><strong>ἐμισήθησαν,</strong></span> <span class='ocrx_word' id='word_1_343' title='bbox 3187 1503 3262 1564; x_wconf 79' lang='grc' dir='ltr'>ὡς</span> <span class='ocrx_word' id='word_1_344' title='bbox 3290 1501 3368 1572; x_wconf 84' lang='grc' dir='ltr'>τῷ</span> <span class='ocrx_word' id='word_1_345' title='bbox 3394 1503 3502 1556; x_wconf 67' lang='grc' dir='ltr'>ὄντι</span> <span class='ocrx_word' id='word_1_346' title='bbox 3534 1523 3681 1557; x_wconf 80' lang='grc' dir='ltr'>πνευ-</span> 
     </span>
    </p>
   </div>
   <div class='ocr_carea' id='block_1_47' title="bbox 2136 1584 3683 1653">
    <p class='ocr_par' dir='ltr' id='par_1_47' title="bbox 2136 1584 3683 1653">
     <span class='ocr_line' id='line_1_47' title="bbox 2136 1584 3683 1653; baseline 0.002 -17"><span class='ocrx_word' id='word_1_347' title='bbox 2136 1584 2595 1653; x_wconf 81' lang='grc' dir='ltr'>ματομαχοῦντες.</span> <span class='ocrx_word' id='word_1_348' title='bbox 2640 1603 2658 1634; x_wconf 77' lang='grc' dir='ltr'>ι</span> <span class='ocrx_word' id='word_1_349' title='bbox 2702 1586 2810 1637; x_wconf 71' lang='grc' dir='ltr'><strong>Καὶ</strong></span> <span class='ocrx_word' id='word_1_350' title='bbox 2844 1585 2964 1653; x_wconf 81' lang='grc' dir='ltr'>μετ’</span> <span class='ocrx_word' id='word_1_351' title='bbox 3000 1586 3200 1652; x_wconf 82' lang='grc' dir='ltr'>ὀλίγον,</span> <span class='ocrx_word' id='word_1_352' title='bbox 3240 1604 3255 1636; x_wconf 82' lang='grc' dir='ltr'>ι</span> <span class='ocrx_word' id='word_1_353' title='bbox 3294 1586 3571 1653; x_wconf 80' lang='grc' dir='ltr'>Γινόμενοι</span> <span class='ocrx_word' id='word_1_354' title='bbox 3604 1606 3683 1639; x_wconf 86' lang='grc' dir='ltr'>νε-</span> 
     </span>
    </p>
   </div>
   <div class='ocr_carea' id='block_1_48' title="bbox 2135 1670 3686 1739">
    <p class='ocr_par' dir='ltr' id='par_1_48' title="bbox 2135 1670 3686 1739">
     <span class='ocr_line' id='line_1_48' title="bbox 2135 1670 3686 1739; baseline 0.001 -16"><span class='ocrx_word' id='word_1_355' title='bbox 2135 1671 2258 1738; x_wconf 68' lang='grc' dir='ltr'>κροὶ</span> <span class='ocrx_word' id='word_1_356' title='bbox 2286 1670 2481 1739; x_wconf 83' lang='grc' dir='ltr'>ἔρημοι</span> <span class='ocrx_word' id='word_1_357' title='bbox 2512 1671 2605 1724; x_wconf 75' lang='grc' dir='ltr'>καὶ</span> <span class='ocrx_word' id='word_1_358' title='bbox 2638 1671 2785 1723; x_wconf 73' lang='grc' dir='ltr'>κενοὶ</span> <span class='ocrx_word' id='word_1_359' title='bbox 2813 1670 2906 1723; x_wconf 84' lang='grc' dir='ltr'><strong>τοῦ</strong></span> <span class='ocrx_word' id='word_1_360' title='bbox 2936 1671 3255 1738; x_wconf 78' lang='grc' dir='ltr'>Πνεύματος</span> <span class='ocrx_word' id='word_1_361' title='bbox 3280 1670 3455 1733; x_wconf 72' lang='grc' dir='ltr'>ὄντες.</span> <span class='ocrx_word' id='word_1_362' title='bbox 3490 1691 3507 1721; x_wconf 69' lang='grc' dir='ltr'>ι</span> <span class='ocrx_word' id='word_1_363' title='bbox 3547 1674 3686 1725; x_wconf 76' lang='grc' dir='ltr'>Κατὰ</span> 
     </span>
    </p>
   </div>
   <div class='ocr_carea' id='block_1_49' title="bbox 2133 1752 3685 1824">
    <p class='ocr_par' dir='ltr' id='par_1_49' title="bbox 2133 1752 3685 1824">
     <span class='ocr_line' id='line_1_49' title="bbox 2133 1752 3685 1824; baseline 0.003 -19"><span class='ocrx_word' id='word_1_364' title='bbox 2133 1770 2160 1821; x_wconf 69' lang='grc' dir='ltr'><strong>γ</strong></span> <span class='ocrx_word' id='word_1_365' title='bbox 2172 1754 2201 1805; x_wconf 82' lang='grc' dir='ltr'>ὰ</span> <span class='ocrx_word' id='word_1_366' title='bbox 2208 1771 2239 1822; x_wconf 90' lang='grc' dir='ltr'><strong>ρ</strong></span> <span class='ocrx_word' id='word_1_367' title='bbox 2257 1754 2348 1804; x_wconf 76' lang='grc' dir='ltr'>τὸν</span> <span class='ocrx_word' id='word_1_368' title='bbox 2368 1754 2631 1820; x_wconf 80' lang='grc' dir='ltr'>μακάριον</span> <span class='ocrx_word' id='word_1_369' title='bbox 2649 1752 2970 1806; x_wconf 75' lang='grc' dir='ltr'>Ἀπόστολον</span> <span class='ocrx_word' id='word_1_370' title='bbox 2984 1752 3204 1821; x_wconf 63' lang='grc' dir='ltr'>ψυχικοί</span> <span class='ocrx_word' id='word_1_371' title='bbox 3227 1753 3509 1824; x_wconf 75' lang='grc' dir='ltr'>ἄνθρωποι</span> <span class='ocrx_word' id='word_1_372' title='bbox 3529 1757 3685 1819; x_wconf 74' lang='grc' dir='ltr'>ὅντες,</span> 
     </span>
    </p>
   </div>
   <div class='ocr_carea' id='block_1_50' title="bbox 2133 1835 3688 1907">
    <p class='ocr_par' dir='ltr' id='par_1_50' title="bbox 2133 1835 3688 1907">
     <span class='ocr_line' id='line_1_50' title="bbox 2133 1835 3688 1907; baseline 0.003 -21"><span class='ocrx_word' id='word_1_373' title='bbox 2133 1836 2231 1888; x_wconf 72' lang='grc' dir='ltr'>οὐκ</span> <span class='ocrx_word' id='word_1_374' title='bbox 2252 1835 2862 1907; x_wconf 70' lang='grc' dir='ltr'>ἠδυνήθησανδέξασθαι</span> <span class='ocrx_word' id='word_1_375' title='bbox 2885 1836 2951 1889; x_wconf 75' lang='grc' dir='ltr'>τὰ</span> <span class='ocrx_word' id='word_1_376' title='bbox 2968 1835 3061 1888; x_wconf 87' lang='grc' dir='ltr'><strong>τοῦ</strong></span> <span class='ocrx_word' id='word_1_377' title='bbox 3078 1836 3409 1907; x_wconf 16' lang='grc' dir='ltr'>»Πνεύματος</span> <span class='ocrx_word' id='word_1_378' title='bbox 3433 1838 3521 1891; x_wconf 89' lang='grc' dir='ltr'><strong>τοῦ</strong></span> <span class='ocrx_word' id='word_1_379' title='bbox 3543 1838 3688 1901; x_wconf 82' lang='grc' dir='ltr'>Θεοῦ,</span> 
     </span>
    </p>
   </div>
   <div class='ocr_carea' id='block_1_51' title="bbox 1751 1918 2028 1991">
    <p class='ocr_par' dir='ltr' id='par_1_51' title="bbox 1751 1922 2028 1990">
     <span class='ocr_line' id='line_1_51' title="bbox 1751 1922 2028 1990; baseline 0.011 -17"><span class='ocrx_word' id='word_1_380' title='bbox 1751 1922 2028 1990; x_wconf 89' lang='lat' dir='ltr'><strong>percipere</strong></span> 
     </span>
    </p>
   </div>
   <div class='ocr_carea' id='block_1_52' title="bbox 2134 1918 3690 1991">
    <p class='ocr_par' dir='ltr' id='par_1_52' title="bbox 2136 1919 3690 1991">
     <span class='ocr_line' id='line_1_52' title="bbox 2136 1919 3690 1991; baseline 0.001 -19"><span class='ocrx_word' id='word_1_381' title='bbox 2136 1921 2215 1972; x_wconf 84' lang='grc' dir='ltr'>ὅτι</span> <span class='ocrx_word' id='word_1_382' title='bbox 2277 1921 2661 1985; x_wconf 81' lang='grc' dir='ltr'><strong>πνευματικῶς</strong></span> <span class='ocrx_word' id='word_1_383' title='bbox 2709 1919 3084 1987; x_wconf 85' lang='grc' dir='ltr'>ἁπεκρίνοντο.</span> <span class='ocrx_word' id='word_1_384' title='bbox 3122 1922 3184 1972; x_wconf 83' lang='lat' dir='ltr'><strong>0i.</strong></span> <span class='ocrx_word' id='word_1_385' title='bbox 3227 1922 3283 1974; x_wconf 83' lang='grc' dir='ltr'>δὲ</span> <span class='ocrx_word' id='word_1_386' title='bbox 3336 1922 3404 1975; x_wconf 80' lang='grc' dir='ltr'><strong>τὰ</strong></span> <span class='ocrx_word' id='word_1_387' title='bbox 3435 1924 3528 1991; x_wconf 80' lang='grc' dir='ltr'>τῆς</span> <span class='ocrx_word' id='word_1_388' title='bbox 3574 1925 3690 1991; x_wconf 76' lang='grc' dir='ltr'>ἁλη-</span> 
     </span>
    </p>
   </div>
   <div class='ocr_carea' id='block_1_53' title="bbox 2136 2003 3693 2073">
    <p class='ocr_par' dir='ltr' id='par_1_53' title="bbox 2136 2003 3693 2073">
     <span class='ocr_line' id='line_1_53' title="bbox 2136 2003 3693 2073; baseline 0.002 -19"><span class='ocrx_word' id='word_1_389' title='bbox 2136 2003 2286 2065; x_wconf 82' lang='grc' dir='ltr'>υείας</span> <span class='ocrx_word' id='word_1_390' title='bbox 2329 2004 2651 2073; x_wconf 78' lang='grc' dir='ltr'><strong>φρονοῦντες</strong></span> <span class='ocrx_word' id='word_1_391' title='bbox 2700 2003 3048 2070; x_wconf 70' lang='grc' dir='ltr'>ἀνακρίνουσι</span> <span class='ocrx_word' id='word_1_392' title='bbox 3086 2003 3184 2070; x_wconf 85' lang='grc' dir='ltr'><strong>μὲν</strong></span> <span class='ocrx_word' id='word_1_393' title='bbox 3230 2004 3430 2058; x_wconf 77' lang='grc' dir='ltr'>πάντα.</span> <span class='ocrx_word' id='word_1_394' title='bbox 3464 2006 3612 2057; x_wconf 67' lang='grc' dir='ltr'>αὐτοὶ</span> <span class='ocrx_word' id='word_1_395' title='bbox 3644 2006 3693 2057; x_wconf 77' lang='grc' dir='ltr'><strong>δὲ</strong></span> 
     </span>
    </p>
   </div>
   <div class='ocr_carea' id='block_1_54' title="bbox 2136 2087 3694 2157">
    <p class='ocr_par' dir='ltr' id='par_1_54' title="bbox 2136 2087 3694 2157">
     <span class='ocr_line' id='line_1_54' title="bbox 2136 2087 3694 2157; baseline 0.001 -18"><span class='ocrx_word' id='word_1_396' title='bbox 2136 2087 2229 2139; x_wconf 79' lang='grc' dir='ltr'><strong>ὑπ’</strong></span> <span class='ocrx_word' id='word_1_397' title='bbox 2258 2087 2468 2149; x_wconf 77' lang='grc' dir='ltr'>οὐδενὸς</span> <span class='ocrx_word' id='word_1_398' title='bbox 2487 2087 2888 2156; x_wconf 82' lang='grc' dir='ltr'>ἁνακρίνονται,</span> <span class='ocrx_word' id='word_1_399' title='bbox 2916 2087 3129 2157; x_wconf 76' lang='grc' dir='ltr'>ἔχοντες</span> <span class='ocrx_word' id='word_1_400' title='bbox 3152 2089 3207 2138; x_wconf 81' lang='grc' dir='ltr'>ὲν</span> <span class='ocrx_word' id='word_1_401' title='bbox 3233 2089 3450 2151; x_wconf 77' lang='grc' dir='ltr'>ἑαυτοῖς</span> <span class='ocrx_word' id='word_1_402' title='bbox 3481 2090 3570 2140; x_wconf 81' lang='grc' dir='ltr'><strong>τὸν</strong></span> <span class='ocrx_word' id='word_1_403' title='bbox 3595 2088 3694 2140; x_wconf 74' lang='grc' dir='ltr'><strong>Κύ-</strong></span> 
     </span>
    </p>
   </div>
   <div class='ocr_carea' id='block_1_55' title="bbox 2140 2170 3694 2239">
    <p class='ocr_par' dir='ltr' id='par_1_55' title="bbox 2140 2170 3694 2239">
     <span class='ocr_line' id='line_1_55' title="bbox 2140 2170 3694 2239; baseline 0 -18"><span class='ocrx_word' id='word_1_404' title='bbox 2140 2187 2249 2239; x_wconf 90' lang='grc' dir='ltr'>ριον</span> <span class='ocrx_word' id='word_1_405' title='bbox 2275 2170 2731 2223; x_wconf 82' lang='grc' dir='ltr'>ἀποκαλύπτοντα</span> <span class='ocrx_word' id='word_1_406' title='bbox 2768 2172 2948 2232; x_wconf 75' lang='grc' dir='ltr'>αὐτοῖς</span> <span class='ocrx_word' id='word_1_407' title='bbox 2990 2171 3048 2222; x_wconf 81' lang='grc' dir='ltr'>ὲν</span> <span class='ocrx_word' id='word_1_408' title='bbox 3088 2170 3163 2238; x_wconf 82' lang='grc' dir='ltr'>τῷ</span> <span class='ocrx_word' id='word_1_409' title='bbox 3200 2171 3485 2239; x_wconf 82' lang='grc' dir='ltr'>Πνεύματι</span> <span class='ocrx_word' id='word_1_410' title='bbox 3515 2172 3694 2223; x_wconf 72' lang='grc' dir='ltr'>ἑαυτόν</span> 
     </span>
    </p>
   </div>
   <div class='ocr_carea' id='block_1_56' title="bbox 2134 2252 3696 2322">
    <p class='ocr_par' dir='ltr' id='par_1_56' title="bbox 2134 2252 3696 2322">
     <span class='ocr_line' id='line_1_56' title="bbox 2134 2252 3696 2322; baseline 0.001 -19"><span class='ocrx_word' id='word_1_411' title='bbox 2134 2269 2214 2315; x_wconf 87' lang='grc' dir='ltr'><strong>τε,</strong></span> <span class='ocrx_word' id='word_1_412' title='bbox 2250 2253 2342 2304; x_wconf 78' lang='grc' dir='ltr'>καὶ</span> <span class='ocrx_word' id='word_1_413' title='bbox 2370 2252 2435 2304; x_wconf 79' lang='grc' dir='ltr'><strong>δι’</strong></span> <span class='ocrx_word' id='word_1_414' title='bbox 2468 2252 2658 2304; x_wconf 83' lang='grc' dir='ltr'>ἑαυτοῦ</span> <span class='ocrx_word' id='word_1_415' title='bbox 2693 2254 2783 2304; x_wconf 80' lang='grc' dir='ltr'>τὸν</span> <span class='ocrx_word' id='word_1_416' title='bbox 2818 2254 3054 2321; x_wconf 83' lang='grc' dir='ltr'>Πατέρα.</span> <span class='ocrx_word' id='word_1_417' title='bbox 3094 2254 3266 2316; x_wconf 77' lang='grc' dir='ltr'>Αὐτὸς</span> <span class='ocrx_word' id='word_1_418' title='bbox 3303 2253 3416 2322; x_wconf 83' lang='grc' dir='ltr'><strong>γὰρ</strong></span> <span class='ocrx_word' id='word_1_419' title='bbox 3451 2256 3477 2305; x_wconf 84' lang='grc' dir='ltr'>ὁ</span> <span class='ocrx_word' id='word_1_420' title='bbox 3508 2254 3696 2322; x_wconf 81' lang='grc' dir='ltr'>Κύριος</span> 
     </span>
    </p>
   </div>
   <div class='ocr_carea' id='block_1_57' title="bbox 2149 2335 3694 2408">
    <p class='ocr_par' dir='ltr' id='par_1_57' title="bbox 2149 2335 3694 2408">
     <span class='ocr_line' id='line_1_57' title="bbox 2149 2335 3694 2408; baseline 0.002 -22"><span class='ocrx_word' id='word_1_421' title='bbox 2149 2337 2355 2403; x_wconf 86' lang='grc' dir='ltr'>Ἰησοῦς</span> <span class='ocrx_word' id='word_1_422' title='bbox 2386 2335 2620 2406; x_wconf 81' lang='grc' dir='ltr'>Χριστὸς</span> <span class='ocrx_word' id='word_1_423' title='bbox 2646 2336 2713 2388; x_wconf 82' lang='grc' dir='ltr'><strong>δι’</strong></span> <span class='ocrx_word' id='word_1_424' title='bbox 2739 2336 2930 2388; x_wconf 81' lang='grc' dir='ltr'>ἑαυτοῦ</span> <span class='ocrx_word' id='word_1_425' title='bbox 2954 2337 3199 2389; x_wconf 70' lang='grc' dir='ltr'>ἐδίδασκε</span> <span class='ocrx_word' id='word_1_426' title='bbox 3228 2340 3333 2403; x_wconf 79' lang='grc' dir='ltr'>τὴν</span> <span class='ocrx_word' id='word_1_427' title='bbox 3356 2339 3694 2408; x_wconf 79' lang='grc' dir='ltr'>Σαμαρεῖτιν,</span> 
     </span>
    </p>
   </div>
   <div class='ocr_carea' id='block_1_58' title="bbox 2137 2417 3697 2487">
    <p class='ocr_par' dir='ltr' id='par_1_58' title="bbox 2137 2417 3697 2487">
     <span class='ocr_line' id='line_1_58' title="bbox 2137 2417 3697 2487; baseline 0.001 -16"><span class='ocrx_word' id='word_1_428' title='bbox 2137 2420 2229 2471; x_wconf 75' lang='grc' dir='ltr'>καὶ</span> <span class='ocrx_word' id='word_1_429' title='bbox 2272 2417 2337 2469; x_wconf 85' lang='grc' dir='ltr'><strong>δι’</strong></span> <span class='ocrx_word' id='word_1_430' title='bbox 2365 2419 2536 2485; x_wconf 80' lang='grc' dir='ltr'>αὐτῆς</span> <span class='ocrx_word' id='word_1_431' title='bbox 2571 2420 2734 2487; x_wconf 77' lang='grc' dir='ltr'>ἡμᾶς,</span> <span class='ocrx_word' id='word_1_432' title='bbox 2768 2420 2865 2487; x_wconf 78' lang='grc' dir='ltr'>τὴν</span> <span class='ocrx_word' id='word_1_433' title='bbox 2892 2420 2992 2487; x_wconf 80' lang='grc' dir='ltr'>τῆς</span> <span class='ocrx_word' id='word_1_434' title='bbox 3032 2420 3193 2486; x_wconf 81' lang='grc' dir='ltr'>ἁγίας</span> <span class='ocrx_word' id='word_1_435' title='bbox 3227 2420 3466 2487; x_wconf 83' lang='grc' dir='ltr'>Τριάδος</span> <span class='ocrx_word' id='word_1_436' title='bbox 3507 2420 3697 2472; x_wconf 79' lang='grc' dir='ltr'>τελειό-</span> 
     </span>
    </p>
   </div>
   <div class='ocr_carea' id='block_1_59' title="bbox 2135 2501 3703 2571">
    <p class='ocr_par' dir='ltr' id='par_1_59' title="bbox 2135 2501 3703 2571">
     <span class='ocr_line' id='line_1_59' title="bbox 2135 2501 3703 2571; baseline 0.001 -18"><span class='ocrx_word' id='word_1_437' title='bbox 2135 2518 2273 2571; x_wconf 81' lang='grc' dir='ltr'>τητα</span> <span class='ocrx_word' id='word_1_438' title='bbox 2319 2501 2622 2570; x_wconf 84' lang='grc' dir='ltr'>ὰδ;αίρετον</span> <span class='ocrx_word' id='word_1_439' title='bbox 2653 2501 3022 2569; x_wconf 79' lang='grc' dir='ltr'>ὑπάρχουσαν,</span> <span class='ocrx_word' id='word_1_440' title='bbox 3060 2503 3157 2554; x_wconf 62' lang='grc' dir='ltr'><strong>καί¹</strong></span> <span class='ocrx_word' id='word_1_441' title='bbox 3191 2505 3327 2571; x_wconf 86' lang='grc' dir='ltr'>μίαν</span> <span class='ocrx_word' id='word_1_442' title='bbox 3368 2505 3597 2571; x_wconf 69' lang='grc' dir='ltr'>Θεότητα</span> <span class='ocrx_word' id='word_1_443' title='bbox 3627 2504 3703 2554; x_wconf 83' lang='grc' dir='ltr'><strong>λέ-</strong></span> 
     </span>
    </p>
   </div>
   <div class='ocr_carea' id='block_1_60' title="bbox 2136 2583 3702 2654">
    <p class='ocr_par' dir='ltr' id='par_1_60' title="bbox 2136 2583 3702 2654">
     <span class='ocr_line' id='line_1_60' title="bbox 2136 2583 3702 2654; baseline -0.001 -19"><span class='ocrx_word' id='word_1_444' title='bbox 2136 2600 2268 2649; x_wconf 89' lang='grc' dir='ltr'>γων,</span> <span class='ocrx_word' id='word_1_445' title='bbox 2306 2603 2322 2633; x_wconf 86' lang='grc' dir='ltr'>ι</span> <span class='ocrx_word' id='word_1_446' title='bbox 2361 2583 2585 2635; x_wconf 86' lang='grc' dir='ltr'>Πίστευέ</span> <span class='ocrx_word' id='word_1_447' title='bbox 2614 2600 2726 2651; x_wconf 86' lang='grc' dir='ltr'>μοι,</span> <span class='ocrx_word' id='word_1_448' title='bbox 2755 2585 2939 2649; x_wconf 85' lang='grc' dir='ltr'>γύναι,</span> <span class='ocrx_word' id='word_1_449' title='bbox 2965 2586 3049 2636; x_wconf 82' lang='grc' dir='ltr'><strong>ὅτι</strong></span> <span class='ocrx_word' id='word_1_450' title='bbox 3084 2584 3303 2652; x_wconf 76' lang='grc' dir='ltr'>ἔρχεται</span> <span class='ocrx_word' id='word_1_451' title='bbox 3332 2585 3476 2654; x_wconf 82' lang='grc' dir='ltr'>ὥρα,</span> <span class='ocrx_word' id='word_1_452' title='bbox 3502 2585 3593 2636; x_wconf 70' lang='grc' dir='ltr'><strong>καὶ</strong></span> <span class='ocrx_word' id='word_1_453' title='bbox 3615 2584 3702 2637; x_wconf 87' lang='grc' dir='ltr'><strong>νῦν</strong></span> 
     </span>
    </p>
   </div>
   <div class='ocr_carea' id='block_1_61' title="bbox 2136 2667 3703 2739">
    <p class='ocr_par' dir='ltr' id='par_1_61' title="bbox 2136 2667 3703 2739">
     <span class='ocr_line' id='line_1_61' title="bbox 2136 2667 3703 2739; baseline 0.001 -22"><span class='ocrx_word' id='word_1_454' title='bbox 2136 2667 2306 2729; x_wconf 72' lang='grc' dir='ltr'>ἔστιν,</span> <span class='ocrx_word' id='word_1_455' title='bbox 2337 2669 2426 2719; x_wconf 84' lang='grc' dir='ltr'>ὅτε</span> <span class='ocrx_word' id='word_1_456' title='bbox 2458 2669 2507 2719; x_wconf 80' lang='grc' dir='ltr'>οἱ</span> <span class='ocrx_word' id='word_1_457' title='bbox 2537 2668 2787 2739; x_wconf 75' lang='grc' dir='ltr'>ἀληθινοὶ</span> <span class='ocrx_word' id='word_1_458' title='bbox 2836 2670 3210 2738; x_wconf 71' lang='grc' dir='ltr'>προσκυνηταὶ</span> <span class='ocrx_word' id='word_1_459' title='bbox 3263 2669 3703 2739; x_wconf 64' lang='grc' dir='ltr'>προσκυνήσουσι</span> 
     </span>
    </p>
   </div>
   <div class='ocr_carea' id='block_1_62' title="bbox 2135 2749 3704 2821">
    <p class='ocr_par' dir='ltr' id='par_1_62' title="bbox 2135 2749 3704 2821">
     <span class='ocr_line' id='line_1_62' title="bbox 2135 2749 3704 2821; baseline 0.001 -21"><span class='ocrx_word' id='word_1_460' title='bbox 2135 2750 2212 2817; x_wconf 81' lang='grc' dir='ltr'>τῷ</span> <span class='ocrx_word' id='word_1_461' title='bbox 2246 2750 2419 2817; x_wconf 77' lang='grc' dir='ltr'>Πατρὶ</span> <span class='ocrx_word' id='word_1_462' title='bbox 2477 2752 2534 2801; x_wconf 81' lang='grc' dir='ltr'>ἐν</span> <span class='ocrx_word' id='word_1_463' title='bbox 2582 2749 2857 2817; x_wconf 81' lang='grc' dir='ltr'>Πνεύματι</span> <span class='ocrx_word' id='word_1_464' title='bbox 2902 2750 2994 2801; x_wconf 83' lang='grc' dir='ltr'>καὶ</span> <span class='ocrx_word' id='word_1_465' title='bbox 3044 2749 3299 2819; x_wconf 71' lang='grc' dir='ltr'>ἀληθείᾳ.</span> <span class='ocrx_word' id='word_1_466' title='bbox 3352 2775 3368 2803; x_wconf 76' lang='grc' dir='ltr'>ι</span> <span class='ocrx_word' id='word_1_467' title='bbox 3406 2753 3516 2806; x_wconf 71' lang='grc' dir='ltr'><strong>Καὶ</strong></span> <span class='ocrx_word' id='word_1_468' title='bbox 3544 2752 3704 2821; x_wconf 31' lang='grc' dir='ltr'><strong>γὰριό</strong></span> 
     </span>
    </p>
   </div>
   <div class='ocr_carea' id='block_1_63' title="bbox 2135 2831 3701 2903">
    <p class='ocr_par' dir='ltr' id='par_1_63' title="bbox 2135 2831 3701 2903">
     <span class='ocr_line' id='line_1_63' title="bbox 2135 2831 3701 2903; baseline -0.001 -17"><span class='ocrx_word' id='word_1_469' title='bbox 2135 2834 2322 2901; x_wconf 80' lang='grc' dir='ltr'>Πατὴρ</span> <span class='ocrx_word' id='word_1_470' title='bbox 2351 2832 2624 2893; x_wconf 82' lang='grc' dir='ltr'>τοιούτους</span> <span class='ocrx_word' id='word_1_471' title='bbox 2661 2832 2813 2901; x_wconf 76' lang='grc' dir='ltr'>ζητεῖ</span> <span class='ocrx_word' id='word_1_472' title='bbox 2852 2831 2979 2894; x_wconf 81' lang='grc' dir='ltr'>τοὺς</span> <span class='ocrx_word' id='word_1_473' title='bbox 3026 2834 3475 2903; x_wconf 74' lang='grc' dir='ltr'>προσκυνοῦντας</span> <span class='ocrx_word' id='word_1_474' title='bbox 3525 2834 3701 2893; x_wconf 67' lang='grc' dir='ltr'>αὑτὸν,</span> 
     </span>
    </p>
   </div>
   <div class='ocr_carea' id='block_1_64' title="bbox 2135 2914 3704 2986">
    <p class='ocr_par' dir='ltr' id='par_1_64' title="bbox 2135 2914 3704 2986">
     <span class='ocr_line' id='line_1_64' title="bbox 2135 2914 3704 2986; baseline -0.002 -17"><span class='ocrx_word' id='word_1_475' title='bbox 2135 2919 2215 2969; x_wconf 82' lang='grc' dir='ltr'><strong>ὅτι</strong></span> <span class='ocrx_word' id='word_1_476' title='bbox 2250 2915 2471 2985; x_wconf 81' lang='grc' dir='ltr'>Πνεῦμα</span> <span class='ocrx_word' id='word_1_477' title='bbox 2503 2916 2530 2967; x_wconf 98' lang='lat'><strong>6</strong></span> <span class='ocrx_word' id='word_1_478' title='bbox 2569 2914 2723 2981; x_wconf 69' lang='grc' dir='ltr'>Θεὸς,</span> <span class='ocrx_word' id='word_1_479' title='bbox 2762 2916 2855 2971; x_wconf 71' lang='grc' dir='ltr'>καὶ</span> <span class='ocrx_word' id='word_1_480' title='bbox 2896 2915 3020 2979; x_wconf 81' lang='grc' dir='ltr'>τοὺς</span> <span class='ocrx_word' id='word_1_481' title='bbox 3057 2920 3505 2986; x_wconf 77' lang='grc' dir='ltr'>προσκυνοῦντας</span> <span class='ocrx_word' id='word_1_482' title='bbox 3551 2917 3704 2969; x_wconf 75' lang='grc' dir='ltr'>αύτδν</span> 
     </span>
    </p>
   </div>
   <div class='ocr_carea' id='block_1_65' title="bbox 2137 2997 3707 3072">
    <p class='ocr_par' dir='ltr' id='par_1_65' title="bbox 2137 2997 3707 3072">
     <span class='ocr_line' id='line_1_65' title="bbox 2137 2997 3707 3072; baseline 0 -20"><span class='ocrx_word' id='word_1_483' title='bbox 2137 3002 2195 3052; x_wconf 78' lang='grc' dir='ltr'>ἐν</span> <span class='ocrx_word' id='word_1_484' title='bbox 2230 2999 2505 3068; x_wconf 83' lang='grc' dir='ltr'>Πνεύματι</span> <span class='ocrx_word' id='word_1_485' title='bbox 2545 2999 2639 3052; x_wconf 70' lang='grc' dir='ltr'>καὶ</span> <span class='ocrx_word' id='word_1_486' title='bbox 2669 2997 2897 3069; x_wconf 79' lang='grc' dir='ltr'>ἀληθείᾳ</span> <span class='ocrx_word' id='word_1_487' title='bbox 2933 3000 3014 3052; x_wconf 87' lang='grc' dir='ltr'>δεῖ</span> <span class='ocrx_word' id='word_1_488' title='bbox 3049 3006 3408 3072; x_wconf 81' lang='grc' dir='ltr'>προσκυνεῖν.</span> <span class='ocrx_word' id='word_1_489' title='bbox 3440 3003 3707 3055; x_wconf 80' lang='grc' dir='ltr'>Δέδεικται</span> 
     </span>
    </p>
   </div>
   <div class='ocr_carea' id='block_1_66' title="bbox 2135 3082 3706 3153">
    <p class='ocr_par' dir='ltr' id='par_1_66' title="bbox 2135 3082 3706 3153">
     <span class='ocr_line' id='line_1_66' title="bbox 2135 3082 3706 3153; baseline 0.001 -18"><span class='ocrx_word' id='word_1_490' title='bbox 2135 3085 2315 3136; x_wconf 86' lang='grc' dir='ltr'>τοίνυν</span> <span class='ocrx_word' id='word_1_491' title='bbox 2357 3083 2607 3136; x_wconf 77' lang='grc' dir='ltr'>ἐντεῦθεν</span> <span class='ocrx_word' id='word_1_492' title='bbox 2634 3082 2709 3144; x_wconf 81' lang='grc' dir='ltr'>ὡς</span> <span class='ocrx_word' id='word_1_493' title='bbox 2739 3083 2967 3152; x_wconf 71' lang='grc' dir='ltr'><strong>ἀλήθεια</strong></span> <span class='ocrx_word' id='word_1_494' title='bbox 2994 3085 3092 3153; x_wconf 79' lang='grc' dir='ltr'>μὲν</span> <span class='ocrx_word' id='word_1_495' title='bbox 3124 3087 3287 3149; x_wconf 66' lang='grc' dir='ltr'>αὐτὸς</span> <span class='ocrx_word' id='word_1_496' title='bbox 3322 3090 3350 3139; x_wconf 84' lang='lat'><strong>6</strong></span> <span class='ocrx_word' id='word_1_497' title='bbox 3385 3089 3511 3149; x_wconf 77' lang='grc' dir='ltr'><strong>Υἱός</strong></span> <span class='ocrx_word' id='word_1_498' title='bbox 3546 3090 3706 3148; x_wconf 77' lang='grc' dir='ltr'>ἐστιν,</span> 
     </span>
    </p>
   </div>
   <div class='ocr_carea' id='block_1_67' title="bbox 2135 3167 3704 3241">
    <p class='ocr_par' dir='ltr' id='par_1_67' title="bbox 2135 3167 3704 3241">
     <span class='ocr_line' id='line_1_67' title="bbox 2135 3167 3704 3241; baseline 0.001 -22"><span class='ocrx_word' id='word_1_499' title='bbox 2135 3167 2211 3230; x_wconf 79' lang='grc' dir='ltr'>ὡς</span> <span class='ocrx_word' id='word_1_500' title='bbox 2240 3167 2399 3229; x_wconf 76' lang='grc' dir='ltr'>αὑτός</span> <span class='ocrx_word' id='word_1_501' title='bbox 2450 3183 2633 3236; x_wconf 80' lang='grc' dir='ltr'>φησιν,</span> <span class='ocrx_word' id='word_1_502' title='bbox 2678 3186 2696 3217; x_wconf 80' lang='grc' dir='ltr'>ι</span> <span class='ocrx_word' id='word_1_503' title='bbox 2747 3167 2887 3233; x_wconf 81' lang='grc' dir='ltr'><strong>Ἐγώ</strong></span> <span class='ocrx_word' id='word_1_504' title='bbox 2922 3170 3036 3236; x_wconf 80' lang='grc' dir='ltr'>εἰμι</span> <span class='ocrx_word' id='word_1_505' title='bbox 3133 3170 3394 3241; x_wconf 71' lang='grc' dir='ltr'>ἀλήθεια.</span> <span class='ocrx_word' id='word_1_506' title='bbox 3434 3191 3454 3221; x_wconf 74' lang='grc' dir='ltr'>ι</span> <span class='ocrx_word' id='word_1_507' title='bbox 3494 3172 3622 3238; x_wconf 76' lang='grc' dir='ltr'>Περὶ</span> <span class='ocrx_word' id='word_1_508' title='bbox 3649 3169 3704 3221; x_wconf 79' lang='grc' dir='ltr'>οὗ</span> 
     </span>
    </p>
   </div>
   <div class='ocr_carea' id='block_1_68' title="bbox 464 3242 2028 3324">
    <p class='ocr_par' dir='ltr' id='par_1_68' title="bbox 464 3249 2026 3324">
     <span class='ocr_line' id='line_1_68' title="bbox 464 3249 2026 3324; baseline 0.006 -26"><span class='ocrx_word' id='word_1_509' title='bbox 464 3263 585 3303; x_wconf 84' lang='lat' dir='ltr'><strong>rare</strong></span> <span class='ocrx_word' id='word_1_510' title='bbox 614 3249 658 3302; x_wconf 90' lang='grc'><strong>³.</strong></span> <span class='ocrx_word' id='word_1_511' title='bbox 683 3268 701 3301; x_wconf 71' lang='grc' dir='ltr'>ι</span> <span class='ocrx_word' id='word_1_512' title='bbox 738 3250 865 3305; x_wconf 87' lang='lat' dir='ltr'><strong>Inde</strong></span> <span class='ocrx_word' id='word_1_513' title='bbox 887 3253 1031 3317; x_wconf 81' lang='lat' dir='ltr'><strong>enim</strong></span> <span class='ocrx_word' id='word_1_514' title='bbox 1058 3256 1409 3322; x_wconf 85' lang='lat' dir='ltr'><strong>perspicuum</strong></span> <span class='ocrx_word' id='word_1_515' title='bbox 1441 3265 1522 3310; x_wconf 89' lang='lat' dir='ltr'><strong>est</strong></span> <span class='ocrx_word' id='word_1_516' title='bbox 1540 3262 1821 3309; x_wconf 87' lang='lat' dir='ltr'><strong>veritatem</strong></span> <span class='ocrx_word' id='word_1_517' title='bbox 1854 3256 2026 3324; x_wconf 87' lang='lat' dir='ltr'><strong>ipsum</strong></span> 
     </span>
    </p>
   </div>
   <div class='ocr_carea' id='block_1_69' title="bbox 2134 3242 3708 3324">
    <p class='ocr_par' dir='ltr' id='par_1_69' title="bbox 2138 3250 3708 3321">
     <span class='ocr_line' id='line_1_69' title="bbox 2138 3250 3708 3321; baseline 0.001 -16"><span class='ocrx_word' id='word_1_518' title='bbox 2138 3253 2233 3305; x_wconf 68' lang='lat' dir='ltr'><strong>uati.</strong></span> <span class='ocrx_word' id='word_1_519' title='bbox 2261 3255 2287 3304; x_wconf 86' lang='lat'><strong>6</strong></span> <span class='ocrx_word' id='word_1_520' title='bbox 2313 3253 2598 3321; x_wconf 76' lang='grc' dir='ltr'>προφήτης</span> <span class='ocrx_word' id='word_1_521' title='bbox 2631 3250 2796 3303; x_wconf 73' lang='grc' dir='ltr'><strong>Δαόὶδ</strong></span> <span class='ocrx_word' id='word_1_522' title='bbox 2821 3254 3140 3304; x_wconf 75' lang='grc' dir='ltr'>ἐπεκαλεῖτο</span> <span class='ocrx_word' id='word_1_523' title='bbox 3171 3253 3374 3320; x_wconf 75' lang='grc' dir='ltr'>λέγων,</span> <span class='ocrx_word' id='word_1_524' title='bbox 3408 3273 3428 3306; x_wconf 77' lang='grc' dir='ltr'>ι</span> <span class='ocrx_word' id='word_1_525' title='bbox 3483 3255 3708 3319; x_wconf 79' lang='grc' dir='ltr'><strong>Ἔξαπό-</strong></span> 
     </span>
    </p>
   </div>
   <div class='ocr_carea' id='block_1_70' title="bbox 462 3333 2022 3407">
    <p class='ocr_par' dir='ltr' id='par_1_70' title="bbox 462 3333 2022 3407">
     <span class='ocr_line' id='line_1_70' title="bbox 462 3333 2022 3407; baseline 0.006 -26"><span class='ocrx_word' id='word_1_526' title='bbox 462 3347 582 3390; x_wconf 66' lang='lat' dir='ltr'><strong>isse</strong></span> <span class='ocrx_word' id='word_1_527' title='bbox 611 3333 829 3399; x_wconf 88' lang='lat' dir='ltr'><strong>Filium,</strong></span> <span class='ocrx_word' id='word_1_528' title='bbox 888 3339 1091 3404; x_wconf 86' lang='lat' dir='ltr'><strong>utipse</strong></span> <span class='ocrx_word' id='word_1_529' title='bbox 1145 3339 1239 3402; x_wconf 81' lang='lat' dir='ltr'><strong>ait,</strong></span> <span class='ocrx_word' id='word_1_530' title='bbox 1298 3358 1317 3389; x_wconf 82' lang='grc' dir='ltr'>ι</span> <span class='ocrx_word' id='word_1_531' title='bbox 1373 3340 1482 3407; x_wconf 85' lang='lat' dir='ltr'><strong>Ego</strong></span> <span class='ocrx_word' id='word_1_532' title='bbox 1533 3354 1653 3393; x_wconf 91' lang='lat' dir='ltr'><strong>sum</strong></span> <span class='ocrx_word' id='word_1_533' title='bbox 1710 3341 1911 3394; x_wconf 86' lang='lat' dir='ltr'><strong>veritas</strong></span> <span class='ocrx_word' id='word_1_534' title='bbox 1932 3340 1972 3402; x_wconf 66' lang='grc'>⁸,</span> <span class='ocrx_word' id='word_1_535' title='bbox 2005 3359 2022 3391; x_wconf 73' lang='grc' dir='ltr'>ι</span> 
     </span>
    </p>
   </div>
   <div class='ocr_carea' id='block_1_71' title="bbox 462 3419 2025 3486">
    <p class='ocr_par' dir='ltr' id='par_1_71' title="bbox 462 3419 2025 3486">
     <span class='ocr_line' id='line_1_71' title="bbox 462 3419 2025 3486; baseline 0.006 -20"><span class='ocrx_word' id='word_1_536' title='bbox 462 3431 625 3482; x_wconf 82' lang='lat' dir='ltr'><strong>quem</strong></span> <span class='ocrx_word' id='word_1_537' title='bbox 679 3427 734 3472; x_wconf 86' lang='lat' dir='ltr'><strong>et</strong></span> <span class='ocrx_word' id='word_1_538' title='bbox 786 3419 1049 3486; x_wconf 87' lang='lat' dir='ltr'><strong>pr0pheta</strong></span> <span class='ocrx_word' id='word_1_539' title='bbox 1098 3420 1267 3473; x_wconf 85' lang='lat' dir='ltr'><strong>David</strong></span> <span class='ocrx_word' id='word_1_540' title='bbox 1319 3421 1403 3475; x_wconf 84' lang='lat' dir='ltr'><strong>his</strong></span> <span class='ocrx_word' id='word_1_541' title='bbox 1451 3421 1632 3475; x_wconf 87' lang='lat' dir='ltr'><strong>verbis</strong></span> <span class='ocrx_word' id='word_1_542' title='bbox 1686 3422 2025 3476; x_wconf 80' lang='lat' dir='ltr'><strong>invocabat:</strong></span> 
     </span>
    </p>
   </div>
   <div class='ocr_carea' id='block_1_72' title="bbox 470 3495 2027 3559">
    <p class='ocr_par' dir='ltr' id='par_1_72' title="bbox 470 3495 2027 3559">
     <span class='ocr_line' id='line_1_72' title="bbox 470 3495 2027 3559; baseline 0.005 -10"><span class='ocrx_word' id='word_1_543' title='bbox 470 3516 486 3545; x_wconf 76' lang='grc' dir='ltr'>ι</span> <span class='ocrx_word' id='word_1_544' title='bbox 521 3495 722 3551; x_wconf 86' lang='lat' dir='ltr'><strong>Emitte</strong></span> <span class='ocrx_word' id='word_1_545' title='bbox 756 3500 933 3553; x_wconf 69' lang='lat' dir='ltr'><strong>luaem</strong></span> <span class='ocrx_word' id='word_1_546' title='bbox 988 3510 1134 3555; x_wconf 89' lang='lat' dir='ltr'><strong>tuatu</strong></span> <span class='ocrx_word' id='word_1_547' title='bbox 1179 3511 1236 3556; x_wconf 88' lang='lat' dir='ltr'><strong>et</strong></span> <span class='ocrx_word' id='word_1_548' title='bbox 1276 3504 1557 3558; x_wconf 83' lang='lat' dir='ltr'><strong>veritatem</strong></span> <span class='ocrx_word' id='word_1_549' title='bbox 1609 3513 1754 3557; x_wconf 88' lang='lat' dir='ltr'><strong>tuam</strong></span> <span class='ocrx_word' id='word_1_550' title='bbox 1782 3505 1824 3558; x_wconf 79' lang='grc'><strong>⁵.</strong></span> <span class='ocrx_word' id='word_1_551' title='bbox 1851 3522 1871 3555; x_wconf 70' lang='grc' dir='ltr'>ι</span> <span class='ocrx_word' id='word_1_552' title='bbox 1904 3504 2027 3559; x_wconf 84' lang='lat' dir='ltr'><strong>Veri</strong></span> 
     </span>
    </p>
   </div>
   <div class='ocr_carea' id='block_1_73' title="bbox 466 3581 2028 3655">
    <p class='ocr_par' dir='ltr' id='par_1_73' title="bbox 466 3581 2028 3655">
     <span class='ocr_line' id='line_1_73' title="bbox 466 3581 2028 3655; baseline 0.008 -24"><span class='ocrx_word' id='word_1_553' title='bbox 466 3581 631 3648; x_wconf 78' lang='lat' dir='ltr'><strong>igitur</strong></span> <span class='ocrx_word' id='word_1_554' title='bbox 652 3584 972 3638; x_wconf 58' lang='lat' dir='ltr'><strong>a&#39;loratores</strong></span> <span class='ocrx_word' id='word_1_555' title='bbox 1020 3584 1231 3639; x_wconf 89' lang='lat' dir='ltr'><strong>Patrem</strong></span> <span class='ocrx_word' id='word_1_556' title='bbox 1269 3587 1489 3655; x_wconf 90' lang='lat' dir='ltr'><strong>quidem</strong></span> <span class='ocrx_word' id='word_1_557' title='bbox 1547 3587 1876 3650; x_wconf 86' lang='lat' dir='ltr'><strong>adorabunt,</strong></span> <span class='ocrx_word' id='word_1_558' title='bbox 1933 3588 2028 3645; x_wconf 81' lang='lat' dir='ltr'><strong>sed</strong></span> 
     </span>
    </p>
   </div>
   <div class='ocr_carea' id='block_1_74' title="bbox 467 3663 2028 3733">
    <p class='ocr_par' dir='ltr' id='par_1_74' title="bbox 467 3663 2028 3733">
     <span class='ocr_line' id='line_1_74' title="bbox 467 3663 2028 3733; baseline 0.008 -22"><span class='ocrx_word' id='word_1_559' title='bbox 467 3665 519 3713; x_wconf 88' lang='lat' dir='ltr'><strong>in</strong></span> <span class='ocrx_word' id='word_1_560' title='bbox 546 3663 753 3733; x_wconf 87' lang='lat' dir='ltr'><strong>Spiritu</strong></span> <span class='ocrx_word' id='word_1_561' title='bbox 784 3677 839 3720; x_wconf 91' lang='lat' dir='ltr'><strong>et</strong></span> <span class='ocrx_word' id='word_1_562' title='bbox 872 3678 1115 3732; x_wconf 84' lang='lat' dir='ltr'><strong>ver.tate,</strong></span> <span class='ocrx_word' id='word_1_563' title='bbox 1151 3668 1347 3725; x_wconf 83' lang='lat' dir='ltr'><strong>Filium</strong></span> <span class='ocrx_word' id='word_1_564' title='bbox 1401 3670 1676 3732; x_wconf 82' lang='lat' dir='ltr'><strong>videlicet,</strong></span> <span class='ocrx_word' id='word_1_565' title='bbox 1702 3682 1755 3723; x_wconf 87' lang='lat' dir='ltr'><strong>et</strong></span> <span class='ocrx_word' id='word_1_566' title='bbox 1796 3673 1846 3723; x_wconf 89' lang='lat' dir='ltr'><strong>in</strong></span> <span class='ocrx_word' id='word_1_567' title='bbox 1891 3670 2028 3724; x_wconf 87' lang='lat' dir='ltr'><strong>Filio</strong></span> 
     </span>
    </p>
   </div>
   <div class='ocr_carea' id='block_1_75' title="bbox 466 3746 2029 3825">
    <p class='ocr_par' dir='ltr' id='par_1_75' title="bbox 466 3746 2029 3825">
     <span class='ocr_line' id='line_1_75' title="bbox 466 3746 2029 3825; baseline 0.008 -28"><span class='ocrx_word' id='word_1_568' title='bbox 466 3746 728 3817; x_wconf 81' lang='lat' dir='ltr'><strong>Spiritum</strong></span> <span class='ocrx_word' id='word_1_569' title='bbox 759 3752 1086 3806; x_wconf 90' lang='lat' dir='ltr'><strong>conlitendo.</strong></span> <span class='ocrx_word' id='word_1_570' title='bbox 1112 3751 1247 3807; x_wconf 84' lang='lat' dir='ltr'><strong>Nam</strong></span> <span class='ocrx_word' id='word_1_571' title='bbox 1271 3770 1299 3806; x_wconf 91' lang='lat' dir='ltr'><strong>a</strong></span> <span class='ocrx_word' id='word_1_572' title='bbox 1328 3753 1465 3807; x_wconf 88' lang='lat' dir='ltr'><strong>Filio</strong></span> <span class='ocrx_word' id='word_1_573' title='bbox 1512 3754 1758 3822; x_wconf 83' lang='lat' dir='ltr'><strong>separari</strong></span> <span class='ocrx_word' id='word_1_574' title='bbox 1805 3769 1911 3809; x_wconf 87' lang='lat' dir='ltr'><strong>non</strong></span> <span class='ocrx_word' id='word_1_575' title='bbox 1937 3770 2029 3825; x_wconf 86' lang='lat' dir='ltr'><strong>po-</strong></span> 
     </span>
    </p>
   </div>
   <div class='ocr_carea' id='block_1_76' title="bbox 464 3832 2025 3906">
    <p class='ocr_par' dir='ltr' id='par_1_76' title="bbox 464 3832 2025 3906">
     <span class='ocr_line' id='line_1_76' title="bbox 464 3832 2025 3906; baseline 0.007 -24"><span class='ocrx_word' id='word_1_576' title='bbox 464 3843 568 3885; x_wconf 72' lang='lat' dir='ltr'><strong>wsl</strong></span> <span class='ocrx_word' id='word_1_577' title='bbox 594 3832 847 3901; x_wconf 69' lang='lat' dir='ltr'><strong>Spiritus,</strong></span> <span class='ocrx_word' id='word_1_578' title='bbox 882 3834 956 3887; x_wconf 92' lang='lat' dir='ltr'><strong>uti</strong></span> <span class='ocrx_word' id='word_1_579' title='bbox 982 3851 1080 3889; x_wconf 90' lang='lat' dir='ltr'><strong>nec</strong></span> <span class='ocrx_word' id='word_1_580' title='bbox 1103 3850 1133 3889; x_wconf 89' lang='lat' dir='ltr'><strong>a</strong></span> <span class='ocrx_word' id='word_1_581' title='bbox 1165 3836 1323 3890; x_wconf 85' lang='lat' dir='ltr'><strong>Patre</strong></span> <span class='ocrx_word' id='word_1_582' title='bbox 1341 3836 1531 3901; x_wconf 77' lang='lat' dir='ltr'><strong>Filius,</strong></span> <span class='ocrx_word' id='word_1_583' title='bbox 1562 3839 2025 3906; x_wconf 89' lang='lat' dir='ltr'><strong>quemadmodum</strong></span> 
     </span>
    </p>
   </div>
   <div class='ocr_carea' id='block_1_77' title="bbox 463 3912 2024 3982">
    <p class='ocr_par' dir='ltr' id='par_1_77' title="bbox 463 3912 2024 3982">
     <span class='ocr_line' id='line_1_77' title="bbox 463 3912 2024 3982; baseline 0.006 -17"><span class='ocrx_word' id='word_1_584' title='bbox 463 3921 575 3982; x_wconf 77' lang='lat' dir='ltr'><strong>ipsa</strong></span> <span class='ocrx_word' id='word_1_585' title='bbox 615 3912 829 3970; x_wconf 78' lang='lat' dir='ltr'><strong>Veritas</strong></span> <span class='ocrx_word' id='word_1_586' title='bbox 865 3919 949 3972; x_wconf 80' lang='lat' dir='ltr'><strong>liis</strong></span> <span class='ocrx_word' id='word_1_587' title='bbox 983 3920 1163 3973; x_wconf 86' lang='lat' dir='ltr'><strong>verbis</strong></span> <span class='ocrx_word' id='word_1_588' title='bbox 1196 3919 1357 3974; x_wconf 89' lang='lat' dir='ltr'><strong>docet</strong></span> <span class='ocrx_word' id='word_1_589' title='bbox 1387 3937 1400 3972; x_wconf 88' lang='lat'><strong>:</strong></span> <span class='ocrx_word' id='word_1_590' title='bbox 1440 3938 1459 3970; x_wconf 80' lang='grc' dir='ltr'>ι</span> <span class='ocrx_word' id='word_1_591' title='bbox 1497 3919 1707 3975; x_wconf 86' lang='lat' dir='ltr'><strong>Mittam</strong></span> <span class='ocrx_word' id='word_1_592' title='bbox 1735 3921 1889 3975; x_wconf 90' lang='lat' dir='ltr'><strong>vobis</strong></span> <span class='ocrx_word' id='word_1_593' title='bbox 1928 3921 2024 3974; x_wconf 88' lang='lat' dir='ltr'><strong>Pa-</strong></span> 
     </span>
    </p>
   </div>
   <div class='ocr_carea' id='block_1_78' title="bbox 464 3998 2024 4073">
    <p class='ocr_par' dir='ltr' id='par_1_78' title="bbox 464 3998 2024 4073">
     <span class='ocr_line' id='line_1_78' title="bbox 464 3998 2024 4073; baseline 0.003 -22"><span class='ocrx_word' id='word_1_594' title='bbox 464 4000 747 4064; x_wconf 83' lang='lat' dir='ltr'><strong>racletum,</strong></span> <span class='ocrx_word' id='word_1_595' title='bbox 784 3998 1046 4071; x_wconf 90' lang='lat' dir='ltr'><strong>Spiritum</strong></span> <span class='ocrx_word' id='word_1_596' title='bbox 1075 4002 1345 4068; x_wconf 88' lang='lat' dir='ltr'><strong>veritatis,</strong></span> <span class='ocrx_word' id='word_1_597' title='bbox 1370 4002 1462 4071; x_wconf 91' lang='lat' dir='ltr'><strong>qui</strong></span> <span class='ocrx_word' id='word_1_598' title='bbox 1492 4016 1521 4055; x_wconf 90' lang='lat' dir='ltr'><strong>a</strong></span> <span class='ocrx_word' id='word_1_599' title='bbox 1557 4001 1719 4057; x_wconf 86' lang='lat' dir='ltr'><strong>Patre</strong></span> <span class='ocrx_word' id='word_1_600' title='bbox 1754 4004 2024 4073; x_wconf 87' lang='lat' dir='ltr'><strong>procedit,</strong></span> 
     </span>
    </p>
   </div>
   <div class='ocr_carea' id='block_1_79' title="bbox 462 4086 1630 4157">
    <p class='ocr_par' dir='ltr' id='par_1_79' title="bbox 462 4086 1630 4157">
     <span class='ocr_line' id='line_1_79' title="bbox 462 4086 1630 4157; baseline 0.005 -25"><span class='ocrx_word' id='word_1_601' title='bbox 462 4099 622 4151; x_wconf 74' lang='lat' dir='ltr'><strong>quem</strong></span> <span class='ocrx_word' id='word_1_602' title='bbox 657 4086 889 4141; x_wconf 87' lang='lat' dir='ltr'><strong>ntundus</strong></span> <span class='ocrx_word' id='word_1_603' title='bbox 924 4102 1026 4139; x_wconf 88' lang='lat' dir='ltr'><strong>non</strong></span> <span class='ocrx_word' id='word_1_604' title='bbox 1059 4097 1234 4154; x_wconf 84' lang='lat' dir='ltr'><strong>potest</strong></span> <span class='ocrx_word' id='word_1_605' title='bbox 1259 4090 1503 4157; x_wconf 86' lang='lat' dir='ltr'><strong>accipere</strong></span> <span class='ocrx_word' id='word_1_606' title='bbox 1532 4087 1572 4142; x_wconf 74' lang='lat'><strong>‘.</strong></span> <span class='ocrx_word' id='word_1_607' title='bbox 1612 4107 1630 4138; x_wconf 85' lang='grc'>›</span> 
     </span>
    </p>
   </div>
   <div class='ocr_carea' id='block_1_80' title="bbox 460 4177 2026 4245">
    <p class='ocr_par' dir='ltr' id='par_1_80' title="bbox 460 4177 2026 4245">
     <span class='ocr_line' id='line_1_80' title="bbox 460 4177 2026 4245; baseline 0.004 -17"><span class='ocrx_word' id='word_1_608' title='bbox 460 4177 597 4228; x_wconf 85' lang='lat' dir='ltr'><strong>Item</strong></span> <span class='ocrx_word' id='word_1_609' title='bbox 635 4178 698 4228; x_wconf 86' lang='lat' dir='ltr'><strong>de</strong></span> <span class='ocrx_word' id='word_1_610' title='bbox 729 4177 932 4245; x_wconf 86' lang='lat' dir='ltr'><strong>Spiritu</strong></span> <span class='ocrx_word' id='word_1_611' title='bbox 979 4190 1182 4240; x_wconf 83' lang='lat' dir='ltr'><strong>sancto,</strong></span> <span class='ocrx_word' id='word_1_612' title='bbox 1232 4179 1421 4232; x_wconf 81' lang='lat' dir='ltr'><strong>Basilii</strong></span> <span class='ocrx_word' id='word_1_613' title='bbox 1473 4180 1655 4245; x_wconf 80' lang='lat' dir='ltr'><strong>Magni</strong></span> <span class='ocrx_word' id='word_1_614' title='bbox 1697 4197 1759 4234; x_wconf 80' lang='lat' dir='ltr'><strong>ea:</strong></span> <span class='ocrx_word' id='word_1_615' title='bbox 1790 4183 2026 4235; x_wconf 76' lang='lat' dir='ltr'><strong>oratione</strong></span> 
     </span>
    </p>
   </div>
   <div class='ocr_carea' id='block_1_81' title="bbox 528 4249 1795 4317">
    <p class='ocr_par' dir='ltr' id='par_1_81' title="bbox 528 4249 1795 4317">
     <span class='ocr_line' id='line_1_81' title="bbox 528 4249 1795 4317; baseline 0.004 -19"><span class='ocrx_word' id='word_1_616' title='bbox 528 4256 746 4313; x_wconf 82' lang='lat' dir='ltr'><strong>quarta,</strong></span> <span class='ocrx_word' id='word_1_617' title='bbox 779 4264 885 4315; x_wconf 82' lang='lat' dir='ltr'><strong>qua</strong></span> <span class='ocrx_word' id='word_1_618' title='bbox 914 4257 1102 4301; x_wconf 73' lang='lat' dir='ltr'><strong>contra</strong></span> <span class='ocrx_word' id='word_1_619' title='bbox 1132 4249 1453 4302; x_wconf 83' lang='lat' dir='ltr'><strong>Eunomium</strong></span> <span class='ocrx_word' id='word_1_620' title='bbox 1486 4254 1795 4317; x_wconf 75' lang='lat' dir='ltr'><strong>disputavit.</strong></span> 
     </span>
    </p>
   </div>
   <div class='ocr_carea' id='block_1_82' title="bbox 529 4408 2023 4479">
    <p class='ocr_par' dir='ltr' id='par_1_82' title="bbox 529 4408 2023 4479">
     <span class='ocr_line' id='line_1_82' title="bbox 529 4408 2023 4479; baseline 0.002 -15"><span class='ocrx_word' id='word_1_621' title='bbox 529 4409 993 4475; x_wconf 82' lang='lat' dir='ltr'><strong>Quemadmodum</strong></span> <span class='ocrx_word' id='word_1_622' title='bbox 1014 4408 1180 4465; x_wconf 88' lang='lat' dir='ltr'><strong>Filius</strong></span> <span class='ocrx_word' id='word_1_623' title='bbox 1204 4410 1363 4465; x_wconf 84' lang='lat' dir='ltr'><strong>Patre</strong></span> <span class='ocrx_word' id='word_1_624' title='bbox 1393 4414 1664 4479; x_wconf 87' lang='lat' dir='ltr'><strong>posterior</strong></span> <span class='ocrx_word' id='word_1_625' title='bbox 1688 4423 1771 4466; x_wconf 85' lang='lat' dir='ltr'><strong>est</strong></span> <span class='ocrx_word' id='word_1_626' title='bbox 1801 4416 2023 4469; x_wconf 87' lang='lat' dir='ltr'><strong>ordine:</strong></span> 
     </span>
    </p>
   </div>
   <div class='ocr_carea' id='block_1_83' title="bbox 461 4493 2026 4567">
    <p class='ocr_par' dir='ltr' id='par_1_83' title="bbox 461 4493 2026 4567">
     <span class='ocr_line' id='line_1_83' title="bbox 461 4493 2026 4567; baseline 0.001 -18"><span class='ocrx_word' id='word_1_627' title='bbox 461 4497 511 4549; x_wconf 92' lang='lat' dir='ltr'><strong>in</strong></span> <span class='ocrx_word' id='word_1_628' title='bbox 543 4493 953 4549; x_wconf 83' lang='lat' dir='ltr'><strong>enumeratione</strong></span> <span class='ocrx_word' id='word_1_629' title='bbox 980 4495 1123 4551; x_wconf 84' lang='lat' dir='ltr'><strong>enim</strong></span> <span class='ocrx_word' id='word_1_630' title='bbox 1154 4494 1473 4563; x_wconf 67' lang='lat' dir='ltr'><strong>praepositus</strong></span> <span class='ocrx_word' id='word_1_631' title='bbox 1524 4505 1607 4551; x_wconf 84' lang='lat' dir='ltr'><strong>est</strong></span> <span class='ocrx_word' id='word_1_632' title='bbox 1641 4496 1799 4551; x_wconf 86' lang='lat' dir='ltr'><strong>Pater</strong></span> <span class='ocrx_word' id='word_1_633' title='bbox 1835 4515 1848 4550; x_wconf 89' lang='lat'><strong>:</strong></span> <span class='ocrx_word' id='word_1_634' title='bbox 1884 4498 2026 4567; x_wconf 87' lang='lat' dir='ltr'><strong>Bap-</strong></span> 
     </span>
    </p>
   </div>
   <div class='ocr_carea' id='block_1_84' title="bbox 2139 3334 3708 3406">
    <p class='ocr_par' dir='ltr' id='par_1_84' title="bbox 2139 3334 3708 3406">
     <span class='ocr_line' id='line_1_84' title="bbox 2139 3334 3708 3406; baseline 0.003 -22"><span class='ocrx_word' id='word_1_635' title='bbox 2139 3334 2347 3387; x_wconf 76' lang='grc' dir='ltr'>στεελον</span> <span class='ocrx_word' id='word_1_636' title='bbox 2383 3335 2441 3386; x_wconf 83' lang='grc' dir='ltr'>τὸ</span> <span class='ocrx_word' id='word_1_637' title='bbox 2488 3334 2603 3401; x_wconf 79' lang='grc' dir='ltr'>φῶς</span> <span class='ocrx_word' id='word_1_638' title='bbox 2651 3351 2743 3386; x_wconf 90' lang='grc' dir='ltr'><strong>σου</strong></span> <span class='ocrx_word' id='word_1_639' title='bbox 2776 3335 2867 3386; x_wconf 76' lang='grc' dir='ltr'>καὶ</span> <span class='ocrx_word' id='word_1_640' title='bbox 2914 3336 3010 3406; x_wconf 74' lang='grc' dir='ltr'>τὴν</span> <span class='ocrx_word' id='word_1_641' title='bbox 3040 3335 3301 3402; x_wconf 71' lang='grc' dir='ltr'><strong>ἀλήθειάν</strong></span> <span class='ocrx_word' id='word_1_642' title='bbox 3334 3352 3452 3390; x_wconf 89' lang='grc' dir='ltr'>σου.</span> <span class='ocrx_word' id='word_1_643' title='bbox 3497 3353 3516 3388; x_wconf 73' lang='grc' dir='ltr'>ι</span> <span class='ocrx_word' id='word_1_644' title='bbox 3564 3338 3622 3389; x_wconf 86' lang='grc' dir='ltr'><strong>Οί</strong></span> <span class='ocrx_word' id='word_1_645' title='bbox 3655 3336 3708 3389; x_wconf 81' lang='grc' dir='ltr'><strong>δὲ</strong></span> 
     </span>
    </p>
   </div>
   <div class='ocr_carea' id='block_1_85' title="bbox 2137 3418 3709 3495">
    <p class='ocr_par' dir='ltr' id='par_1_85' title="bbox 2137 3418 3709 3495">
     <span class='ocr_line' id='line_1_85' title="bbox 2137 3418 3709 3495; baseline 0.001 -24"><span class='ocrx_word' id='word_1_646' title='bbox 2137 3418 2382 3487; x_wconf 64' lang='grc' dir='ltr'>ἀληθινοὶ</span> <span class='ocrx_word' id='word_1_647' title='bbox 2425 3418 2802 3487; x_wconf 74' lang='grc' dir='ltr'>προσκυνηταὶ</span> <span class='ocrx_word' id='word_1_648' title='bbox 2840 3418 3204 3487; x_wconf 83' lang='grc' dir='ltr'>προσκυνοῦσι</span> <span class='ocrx_word' id='word_1_649' title='bbox 3258 3421 3364 3495; x_wconf 71' lang='grc' dir='ltr'>μὲν</span> <span class='ocrx_word' id='word_1_650' title='bbox 3407 3420 3486 3489; x_wconf 80' lang='grc' dir='ltr'>τῷ</span> <span class='ocrx_word' id='word_1_651' title='bbox 3522 3420 3709 3489; x_wconf 65' lang='lat' dir='ltr'><strong>&quot;arpi,</strong></span> 
     </span>
    </p>
   </div>
   <div class='ocr_carea' id='block_1_86' title="bbox 2138 3500 3707 3572">
    <p class='ocr_par' dir='ltr' id='par_1_86' title="bbox 2138 3500 3707 3572">
     <span class='ocr_line' id='line_1_86' title="bbox 2138 3500 3707 3572; baseline 0.001 -19"><span class='ocrx_word' id='word_1_652' title='bbox 2138 3502 2253 3558; x_wconf 81' lang='grc' dir='ltr'>ἀλλ’</span> <span class='ocrx_word' id='word_1_653' title='bbox 2296 3503 2352 3552; x_wconf 81' lang='grc' dir='ltr'>ἐν</span> <span class='ocrx_word' id='word_1_654' title='bbox 2396 3501 2671 3569; x_wconf 80' lang='grc' dir='ltr'>Πνεύματι</span> <span class='ocrx_word' id='word_1_655' title='bbox 2706 3500 2800 3553; x_wconf 71' lang='grc' dir='ltr'>καὶ</span> <span class='ocrx_word' id='word_1_656' title='bbox 2848 3501 3079 3572; x_wconf 80' lang='grc' dir='ltr'>ἀληθείᾳ</span> <span class='ocrx_word' id='word_1_657' title='bbox 3122 3503 3525 3571; x_wconf 81' lang='grc' dir='ltr'>ὁμολογοῦντες</span> <span class='ocrx_word' id='word_1_658' title='bbox 3570 3502 3707 3566; x_wconf 81' lang='grc' dir='ltr'>Υίὸν,</span> 
     </span>
    </p>
   </div>
   <div class='ocr_carea' id='block_1_87' title="bbox 2137 3584 3710 3657">
    <p class='ocr_par' dir='ltr' id='par_1_87' title="bbox 2137 3584 3710 3657">
     <span class='ocr_line' id='line_1_87' title="bbox 2137 3584 3710 3657; baseline 0.003 -21"><span class='ocrx_word' id='word_1_659' title='bbox 2137 3586 2232 3638; x_wconf 74' lang='grc' dir='ltr'>καὶ</span> <span class='ocrx_word' id='word_1_660' title='bbox 2268 3587 2326 3637; x_wconf 83' lang='grc' dir='ltr'>ἐν</span> <span class='ocrx_word' id='word_1_661' title='bbox 2353 3586 2503 3654; x_wconf 85' lang='grc' dir='ltr'>αὐτῷ</span> <span class='ocrx_word' id='word_1_662' title='bbox 2546 3585 2606 3637; x_wconf 78' lang='grc' dir='ltr'>τὸ</span> <span class='ocrx_word' id='word_1_663' title='bbox 2643 3588 2883 3655; x_wconf 77' lang='grc' dir='ltr'>Πνεῦμα.</span> <span class='ocrx_word' id='word_1_664' title='bbox 2927 3584 3017 3647; x_wconf 84' lang='grc' dir='ltr'>Ὦς</span> <span class='ocrx_word' id='word_1_665' title='bbox 3064 3586 3373 3657; x_wconf 81' lang='grc' dir='ltr'>ἀχώριστος</span> <span class='ocrx_word' id='word_1_666' title='bbox 3400 3591 3430 3640; x_wconf 86' lang='grc' dir='ltr'>ὁ</span> <span class='ocrx_word' id='word_1_667' title='bbox 3462 3588 3590 3650; x_wconf 78' lang='grc' dir='ltr'>Υἱὸς</span> <span class='ocrx_word' id='word_1_668' title='bbox 3620 3588 3710 3640; x_wconf 87' lang='grc' dir='ltr'><strong>τοῦ</strong></span> 
     </span>
    </p>
   </div>
   <div class='ocr_carea' id='block_1_88' title="bbox 2138 3669 3711 3739">
    <p class='ocr_par' dir='ltr' id='par_1_88' title="bbox 2138 3669 3711 3739">
     <span class='ocr_line' id='line_1_88' title="bbox 2138 3669 3711 3739; baseline -0.001 -16"><span class='ocrx_word' id='word_1_669' title='bbox 2138 3669 2366 3736; x_wconf 80' lang='grc' dir='ltr'>Πατρὺς,</span> <span class='ocrx_word' id='word_1_670' title='bbox 2396 3669 2534 3737; x_wconf 80' lang='grc' dir='ltr'>αὑτὴ</span> <span class='ocrx_word' id='word_1_671' title='bbox 2555 3670 2588 3739; x_wconf 82' lang='grc' dir='ltr'>ὴ</span> <span class='ocrx_word' id='word_1_672' title='bbox 2611 3669 2838 3738; x_wconf 76' lang='grc' dir='ltr'>ἀλήθεια</span> <span class='ocrx_word' id='word_1_673' title='bbox 2856 3674 3126 3738; x_wconf 82' lang='grc' dir='ltr'>μαρτυρεί</span> <span class='ocrx_word' id='word_1_674' title='bbox 3154 3669 3420 3736; x_wconf 68' lang='grc' dir='ltr'><strong>λέγουσαι⁹</strong></span> <span class='ocrx_word' id='word_1_675' title='bbox 3459 3690 3478 3721; x_wconf 80' lang='grc' dir='ltr'>ι</span> <span class='ocrx_word' id='word_1_676' title='bbox 3512 3672 3711 3739; x_wconf 76' lang='grc' dir='ltr'>Πέμψω</span> 
     </span>
    </p>
   </div>
   <div class='ocr_carea' id='block_1_89' title="bbox 2138 3751 3713 3823">
    <p class='ocr_par' dir='ltr' id='par_1_89' title="bbox 2138 3751 3713 3823">
     <span class='ocr_line' id='line_1_89' title="bbox 2138 3751 3713 3823; baseline 0 -20"><span class='ocrx_word' id='word_1_677' title='bbox 2138 3753 2265 3819; x_wconf 79' lang='grc' dir='ltr'><strong>ὑμῖν</strong></span> <span class='ocrx_word' id='word_1_678' title='bbox 2300 3753 2389 3805; x_wconf 85' lang='grc' dir='ltr'>τὸν</span> <span class='ocrx_word' id='word_1_679' title='bbox 2423 3752 2775 3821; x_wconf 85' lang='grc' dir='ltr'>Παράκλητον</span> <span class='ocrx_word' id='word_1_680' title='bbox 2826 3753 2888 3805; x_wconf 85' lang='grc' dir='ltr'>τὸ</span> <span class='ocrx_word' id='word_1_681' title='bbox 2935 3752 3155 3820; x_wconf 83' lang='grc' dir='ltr'>Πνεῦμα</span> <span class='ocrx_word' id='word_1_682' title='bbox 3205 3753 3311 3821; x_wconf 84' lang='grc' dir='ltr'>τῆς</span> <span class='ocrx_word' id='word_1_683' title='bbox 3362 3755 3644 3823; x_wconf 80' lang='grc' dir='ltr'>ἀληθείας.</span> <span class='ocrx_word' id='word_1_684' title='bbox 3685 3751 3713 3803; x_wconf 83' lang='lat'><strong>6</strong></span> 
     </span>
    </p>
   </div>
   <div class='ocr_carea' id='block_1_90' title="bbox 2137 3835 3711 3905">
    <p class='ocr_par' dir='ltr' id='par_1_90' title="bbox 2137 3835 3711 3905">
     <span class='ocr_line' id='line_1_90' title="bbox 2137 3835 3711 3905; baseline 0 -18"><span class='ocrx_word' id='word_1_685' title='bbox 2137 3836 2287 3903; x_wconf 81' lang='grc' dir='ltr'><strong>παρὰ</strong></span> <span class='ocrx_word' id='word_1_686' title='bbox 2316 3835 2411 3887; x_wconf 89' lang='grc' dir='ltr'><strong>τοῦ</strong></span> <span class='ocrx_word' id='word_1_687' title='bbox 2454 3836 2662 3904; x_wconf 82' lang='grc' dir='ltr'>Πατρὸς</span> <span class='ocrx_word' id='word_1_688' title='bbox 2696 3835 3076 3904; x_wconf 80' lang='grc' dir='ltr'>ἐκπορεύεται,</span> <span class='ocrx_word' id='word_1_689' title='bbox 3100 3837 3127 3888; x_wconf 86' lang='grc' dir='ltr'><strong>ὃ</strong></span> <span class='ocrx_word' id='word_1_690' title='bbox 3159 3837 3188 3887; x_wconf 83' lang='lat'><strong>6</strong></span> <span class='ocrx_word' id='word_1_691' title='bbox 3218 3838 3433 3905; x_wconf 81' lang='grc' dir='ltr'>κόσμος</span> <span class='ocrx_word' id='word_1_692' title='bbox 3467 3838 3530 3892; x_wconf 82' lang='grc' dir='ltr'>οὐ</span> <span class='ocrx_word' id='word_1_693' title='bbox 3560 3837 3711 3888; x_wconf 77' lang='grc' dir='ltr'>δύνα-</span> 
     </span>
    </p>
   </div>
   <div class='ocr_carea' id='block_1_91' title="bbox 2134 3920 2514 3971">
    <p class='ocr_par' dir='ltr' id='par_1_91' title="bbox 2134 3920 2514 3971">
     <span class='ocr_line' id='line_1_91' title="bbox 2134 3920 2514 3971; baseline 0 -1"><span class='ocrx_word' id='word_1_694' title='bbox 2134 3936 2219 3970; x_wconf 88' lang='grc' dir='ltr'><strong>ται</strong></span> <span class='ocrx_word' id='word_1_695' title='bbox 2248 3920 2453 3971; x_wconf 81' lang='grc' dir='ltr'>λαϐεῖν.</span> <span class='ocrx_word' id='word_1_696' title='bbox 2496 3940 2514 3970; x_wconf 77' lang='grc' dir='ltr'>ι</span> 
     </span>
    </p>
   </div>
   <div class='ocr_carea' id='block_1_92' title="bbox 2137 4183 3714 4255">
    <p class='ocr_par' dir='ltr' id='par_1_92' title="bbox 2137 4183 3714 4255">
     <span class='ocr_line' id='line_1_92' title="bbox 2137 4183 3714 4255; baseline 0.001 -20"><span class='ocrx_word' id='word_1_697' title='bbox 2137 4183 2263 4235; x_wconf 81' lang='grc' dir='ltr'>Ἔτι</span> <span class='ocrx_word' id='word_1_698' title='bbox 2305 4183 2583 4255; x_wconf 63' lang='grc' dir='ltr'>περὶτοῦ</span> <span class='ocrx_word' id='word_1_699' title='bbox 2642 4183 3232 4255; x_wconf 27' lang='grc' dir='ltr'>ἁγίουΑΠνεύματος,</span> <span class='ocrx_word' id='word_1_700' title='bbox 3288 4186 3403 4240; x_wconf 78' lang='grc' dir='ltr'><strong>τοῦ</strong></span> <span class='ocrx_word' id='word_1_701' title='bbox 3445 4185 3714 4255; x_wconf 66' lang='grc' dir='ltr'>μεγάλου</span> 
     </span>
    </p>
   </div>
   <div class='ocr_carea' id='block_1_93' title="bbox 2205 4251 3712 4325">
    <p class='ocr_par' dir='ltr' id='par_1_93' title="bbox 2205 4251 3712 4325">
     <span class='ocr_line' id='line_1_93' title="bbox 2205 4251 3712 4325; baseline 0.003 -22"><span class='ocrx_word' id='word_1_702' title='bbox 2205 4253 2527 4325; x_wconf 16' lang='grc' dir='ltr'>Βασινλείου</span> <span class='ocrx_word' id='word_1_703' title='bbox 2557 4254 2631 4325; x_wconf 53' lang='grc' dir='ltr'>ἐκ</span> <span class='ocrx_word' id='word_1_704' title='bbox 2660 4251 2764 4305; x_wconf 80' lang='grc' dir='ltr'><strong>τοῦ</strong></span> <span class='ocrx_word' id='word_1_705' title='bbox 2793 4251 2842 4304; x_wconf 82' lang='grc' dir='ltr'><strong>δ’</strong></span> <span class='ocrx_word' id='word_1_706' title='bbox 2865 4251 3052 4323; x_wconf 73' lang='grc' dir='ltr'>λόγου</span> <span class='ocrx_word' id='word_1_707' title='bbox 3084 4255 3202 4307; x_wconf 77' lang='grc' dir='ltr'><strong>τῶν</strong></span> <span class='ocrx_word' id='word_1_708' title='bbox 3230 4258 3391 4323; x_wconf 82' lang='grc' dir='ltr'>πρὸς</span> <span class='ocrx_word' id='word_1_709' title='bbox 3415 4251 3712 4325; x_wconf 52' lang='grc' dir='ltr'><strong>Εὐνόμιον</strong></span> 
     </span>
    </p>
   </div>
   <div class='ocr_carea' id='block_1_94' title="bbox 2200 4321 2644 4392">
    <p class='ocr_par' dir='ltr' id='par_1_94' title="bbox 2200 4321 2644 4392">
     <span class='ocr_line' id='line_1_94' title="bbox 2200 4321 2644 4392; baseline 0.005 -16"><span class='ocrx_word' id='word_1_710' title='bbox 2200 4321 2644 4392; x_wconf 75' lang='grc' dir='ltr'>ἁντιρῤητικῶν.</span> 
     </span>
    </p>
   </div>
   <div class='ocr_carea' id='block_1_95' title="bbox 2205 4413 3709 4486">
    <p class='ocr_par' dir='ltr' id='par_1_95' title="bbox 2205 4413 3709 4486">
     <span class='ocr_line' id='line_1_95' title="bbox 2205 4413 3709 4486; baseline 0.005 -21"><span class='ocrx_word' id='word_1_711' title='bbox 2205 4414 2416 4482; x_wconf 78' lang='grc' dir='ltr'>’Ὠσπερ</span> <span class='ocrx_word' id='word_1_712' title='bbox 2449 4415 2478 4465; x_wconf 84' lang='grc' dir='ltr'><strong><em>ὸ</em></strong></span> <span class='ocrx_word' id='word_1_713' title='bbox 2526 4413 2653 4476; x_wconf 76' lang='grc' dir='ltr'>Υίὸς</span> <span class='ocrx_word' id='word_1_714' title='bbox 2707 4413 2858 4476; x_wconf 78' lang='grc' dir='ltr'>τάξει</span> <span class='ocrx_word' id='word_1_715' title='bbox 2913 4415 3011 4483; x_wconf 83' lang='grc' dir='ltr'><strong>μὲν</strong></span> <span class='ocrx_word' id='word_1_716' title='bbox 3039 4414 3294 4485; x_wconf 86' lang='grc' dir='ltr'>δεύτερος</span> <span class='ocrx_word' id='word_1_717' title='bbox 3334 4419 3435 4470; x_wconf 83' lang='grc' dir='ltr'><strong>τοῦ</strong></span> <span class='ocrx_word' id='word_1_718' title='bbox 3478 4418 3709 4486; x_wconf 69' lang='grc' dir='ltr'>Πατρος.</span> 
     </span>
    </p>
   </div>
   <div class='ocr_carea' id='block_1_96' title="bbox 2137 4496 3710 4573">
    <p class='ocr_par' dir='ltr' id='par_1_96' title="bbox 2137 4496 3710 4573">
     <span class='ocr_line' id='line_1_96' title="bbox 2137 4496 3710 4573; baseline 0.002 -25"><span class='ocrx_word' id='word_1_719' title='bbox 2137 4498 2497 4567; x_wconf 82' lang='grc' dir='ltr'>προτέτακται</span> <span class='ocrx_word' id='word_1_720' title='bbox 2555 4496 2663 4567; x_wconf 83' lang='grc' dir='ltr'><strong>γὰρ</strong></span> <span class='ocrx_word' id='word_1_721' title='bbox 2718 4500 2748 4549; x_wconf 88' lang='lat'><strong>6</strong></span> <span class='ocrx_word' id='word_1_722' title='bbox 2798 4498 2987 4568; x_wconf 74' lang='grc' dir='ltr'>Πατὴρ</span> <span class='ocrx_word' id='word_1_723' title='bbox 3045 4501 3103 4551; x_wconf 80' lang='grc' dir='ltr'>ἐν</span> <span class='ocrx_word' id='word_1_724' title='bbox 3148 4502 3213 4568; x_wconf 80' lang='grc' dir='ltr'><strong>τῇ</strong></span> <span class='ocrx_word' id='word_1_725' title='bbox 3262 4501 3710 4573; x_wconf 75' lang='grc' dir='ltr'>συναριθμήσειο</span> 
     </span>
    </p>
   </div>
   <div class='ocr_carea' id='block_1_97' title="bbox 459 4579 2028 4652">
    <p class='ocr_par' dir='ltr' id='par_1_97' title="bbox 459 4579 2028 4648">
     <span class='ocr_line' id='line_1_97' title="bbox 459 4579 2028 4648; baseline 0.003 -14"><span class='ocrx_word' id='word_1_726' title='bbox 459 4587 683 4634; x_wconf 73' lang='lat' dir='ltr'><strong>tizautes</strong></span> <span class='ocrx_word' id='word_1_727' title='bbox 727 4595 837 4643; x_wconf 73' lang='lat' dir='ltr'><strong>eos,</strong></span> <span class='ocrx_word' id='word_1_728' title='bbox 876 4580 1071 4645; x_wconf 86' lang='lat' dir='ltr'><strong>inquit,</strong></span> <span class='ocrx_word' id='word_1_729' title='bbox 1119 4580 1172 4631; x_wconf 86' lang='lat' dir='ltr'><strong>iu</strong></span> <span class='ocrx_word' id='word_1_730' title='bbox 1230 4582 1436 4634; x_wconf 82' lang='lat' dir='ltr'><strong>nomine</strong></span> <span class='ocrx_word' id='word_1_731' title='bbox 1464 4579 1670 4647; x_wconf 78' lang='lat' dir='ltr'><strong>Patris,</strong></span> <span class='ocrx_word' id='word_1_732' title='bbox 1698 4590 1747 4635; x_wconf 77' lang='lat' dir='ltr'><strong>et</strong></span> <span class='ocrx_word' id='word_1_733' title='bbox 1804 4580 1947 4648; x_wconf 82' lang='lat' dir='ltr'><strong>Filii,</strong></span> <span class='ocrx_word' id='word_1_734' title='bbox 1980 4596 2028 4640; x_wconf 81' lang='lat' dir='ltr'><strong>et</strong></span> 
     </span>
    </p>
   </div>
   <div class='ocr_carea' id='block_1_98' title="bbox 2134 4579 3717 4652">
    <p class='ocr_par' dir='ltr' id='par_1_98' title="bbox 2135 4580 3717 4652">
     <span class='ocr_line' id='line_1_98' title="bbox 2135 4580 3717 4652; baseline 0.001 -18"><span class='ocrx_word' id='word_1_735' title='bbox 2135 4580 2528 4644; x_wconf 80' lang='grc' dir='ltr'>Βαπτίζοντες</span> <span class='ocrx_word' id='word_1_736' title='bbox 2582 4581 2712 4650; x_wconf 86' lang='grc' dir='ltr'>γὰρ,</span> <span class='ocrx_word' id='word_1_737' title='bbox 2763 4582 2949 4649; x_wconf 78' lang='grc' dir='ltr'>φησὶν,</span> <span class='ocrx_word' id='word_1_738' title='bbox 2996 4582 3220 4649; x_wconf 85' lang='grc' dir='ltr'>αὐτοὺς</span> <span class='ocrx_word' id='word_1_739' title='bbox 3278 4588 3377 4650; x_wconf 78' lang='grc' dir='ltr'>εις</span> <span class='ocrx_word' id='word_1_740' title='bbox 3411 4587 3481 4639; x_wconf 83' lang='grc' dir='ltr'>τό</span> <span class='ocrx_word' id='word_1_741' title='bbox 3530 4586 3717 4652; x_wconf 78' lang='grc' dir='ltr'>ὄνομα</span> 
     </span>
    </p>
   </div>
   <div class='ocr_carea' id='block_1_99' title="bbox 459 4663 2023 4735">
    <p class='ocr_par' dir='ltr' id='par_1_99' title="bbox 459 4663 2023 4735">
     <span class='ocr_line' id='line_1_99' title="bbox 459 4663 2023 4735; baseline 0.004 -18"><span class='ocrx_word' id='word_1_742' title='bbox 459 4667 692 4734; x_wconf 72' lang='lat' dir='ltr'><strong>Spiritus</strong></span> <span class='ocrx_word' id='word_1_743' title='bbox 737 4663 909 4718; x_wconf 69' lang='lat' dir='ltr'><strong>sancti</strong></span> <span class='ocrx_word' id='word_1_744' title='bbox 936 4664 985 4727; x_wconf 87' lang='grc'><strong>⁷;</strong></span> <span class='ocrx_word' id='word_1_745' title='bbox 1010 4663 1271 4735; x_wconf 68' lang='lat' dir='ltr'><strong>dignitate</strong></span> <span class='ocrx_word' id='word_1_746' title='bbox 1298 4671 1579 4734; x_wconf 69' lang='lat' dir='ltr'><strong>praaterea,</strong></span> <span class='ocrx_word' id='word_1_747' title='bbox 1610 4680 1676 4719; x_wconf 85' lang='lat' dir='ltr'><strong>ex</strong></span> <span class='ocrx_word' id='word_1_748' title='bbox 1698 4663 1857 4721; x_wconf 86' lang='lat' dir='ltr'><strong>Patre</strong></span> <span class='ocrx_word' id='word_1_749' title='bbox 1880 4668 2023 4724; x_wconf 89' lang='lat' dir='ltr'><strong>enim</strong></span> 
     </span>
    </p>
   </div>
   <div class='ocr_carea' id='block_1_100' title="bbox 461 4745 2024 4819">
    <p class='ocr_par' dir='ltr' id='par_1_100' title="bbox 461 4745 2024 4819">
     <span class='ocr_line' id='line_1_100' title="bbox 461 4745 2024 4819; baseline 0.003 -16"><span class='ocrx_word' id='word_1_750' title='bbox 461 4751 647 4812; x_wconf 77' lang='lat' dir='ltr'><strong>r‘tlius,</strong></span> <span class='ocrx_word' id='word_1_751' title='bbox 708 4764 812 4804; x_wconf 84' lang='lat' dir='ltr'><strong>non</strong></span> <span class='ocrx_word' id='word_1_752' title='bbox 865 4764 928 4803; x_wconf 76' lang='lat' dir='ltr'><strong>ex</strong></span> <span class='ocrx_word' id='word_1_753' title='bbox 961 4745 1098 4801; x_wconf 87' lang='lat' dir='ltr'><strong>Filio</strong></span> <span class='ocrx_word' id='word_1_754' title='bbox 1127 4745 1288 4801; x_wconf 86' lang='lat' dir='ltr'><strong>Pater</strong></span> <span class='ocrx_word' id='word_1_755' title='bbox 1317 4764 1329 4812; x_wconf 92' lang='lat'><strong>;</strong></span> <span class='ocrx_word' id='word_1_756' title='bbox 1363 4758 1557 4801; x_wconf 88' lang='lat' dir='ltr'><strong>natura</strong></span> <span class='ocrx_word' id='word_1_757' title='bbox 1586 4763 1713 4805; x_wconf 86' lang='lat' dir='ltr'><strong>vero</strong></span> <span class='ocrx_word' id='word_1_758' title='bbox 1758 4752 2024 4819; x_wconf 82' lang='lat' dir='ltr'><strong>aequalis:</strong></span> 
     </span>
    </p>
   </div>
   <div class='ocr_carea' id='block_1_101' title="bbox 460 4830 2027 4905">
    <p class='ocr_par' dir='ltr' id='par_1_101' title="bbox 460 4830 2027 4905">
     <span class='ocr_line' id='line_1_101' title="bbox 460 4830 2027 4905; baseline 0.004 -20"><span class='ocrx_word' id='word_1_759' title='bbox 460 4834 572 4905; x_wconf 75' lang='lat' dir='ltr'><strong>Ego</strong></span> <span class='ocrx_word' id='word_1_760' title='bbox 607 4834 772 4899; x_wconf 87' lang='lat' dir='ltr'><strong>enim,</strong></span> <span class='ocrx_word' id='word_1_761' title='bbox 810 4834 1002 4904; x_wconf 81' lang='lat' dir='ltr'><strong>inquit,</strong></span> <span class='ocrx_word' id='word_1_762' title='bbox 1046 4843 1096 4887; x_wconf 81' lang='lat' dir='ltr'><strong>et</strong></span> <span class='ocrx_word' id='word_1_763' title='bbox 1126 4830 1288 4885; x_wconf 84' lang='lat' dir='ltr'><strong>Pater</strong></span> <span class='ocrx_word' id='word_1_764' title='bbox 1334 4849 1494 4886; x_wconf 83' lang='lat' dir='ltr'><strong>unum</strong></span> <span class='ocrx_word' id='word_1_765' title='bbox 1529 4850 1709 4888; x_wconf 80' lang='lat' dir='ltr'><strong>sumus</strong></span> <span class='ocrx_word' id='word_1_766' title='bbox 1739 4834 1795 4888; x_wconf 72' lang='lat' dir='ltr'><strong>ll:</strong></span> <span class='ocrx_word' id='word_1_767' title='bbox 1846 4836 1926 4891; x_wconf 88' lang='lat' dir='ltr'><strong>sic</strong></span> <span class='ocrx_word' id='word_1_768' title='bbox 1970 4846 2027 4891; x_wconf 82' lang='lat' dir='ltr'><strong>et</strong></span> 
     </span>
    </p>
   </div>
   <div class='ocr_carea' id='block_1_102' title="bbox 461 4916 2024 4991">
    <p class='ocr_par' dir='ltr' id='par_1_102' title="bbox 461 4916 2024 4991">
     <span class='ocr_line' id='line_1_102' title="bbox 461 4916 2024 4991; baseline 0.003 -19"><span class='ocrx_word' id='word_1_769' title='bbox 461 4920 695 4991; x_wconf 75' lang='lat' dir='ltr'><strong>Spiritus</strong></span> <span class='ocrx_word' id='word_1_770' title='bbox 733 4928 954 4971; x_wconf 90' lang='lat' dir='ltr'><strong>sanctus</strong></span> <span class='ocrx_word' id='word_1_771' title='bbox 981 4916 1174 4970; x_wconf 85' lang='lat' dir='ltr'><strong>ordine</strong></span> <span class='ocrx_word' id='word_1_772' title='bbox 1207 4917 1423 4985; x_wconf 90' lang='lat' dir='ltr'><strong>quidem</strong></span> <span class='ocrx_word' id='word_1_773' title='bbox 1460 4916 1596 4971; x_wconf 85' lang='lat' dir='ltr'><strong>Filio</strong></span> <span class='ocrx_word' id='word_1_774' title='bbox 1626 4921 1897 4986; x_wconf 87' lang='lat' dir='ltr'><strong>posterior</strong></span> <span class='ocrx_word' id='word_1_775' title='bbox 1920 4934 2024 4989; x_wconf 89' lang='lat' dir='ltr'><strong>est,</strong></span> 
     </span>
    </p>
   </div>
   <div class='ocr_carea' id='block_1_103' title="bbox 460 5002 2027 5074">
    <p class='ocr_par' dir='ltr' id='par_1_103' title="bbox 460 5002 2027 5074">
     <span class='ocr_line' id='line_1_103' title="bbox 460 5002 2027 5074; baseline 0.001 -15"><span class='ocrx_word' id='word_1_776' title='bbox 460 5016 513 5059; x_wconf 90' lang='lat' dir='ltr'><strong>ut</strong></span> <span class='ocrx_word' id='word_1_777' title='bbox 575 5020 640 5058; x_wconf 81' lang='lat' dir='ltr'><strong>ex</strong></span> <span class='ocrx_word' id='word_1_778' title='bbox 690 5003 1173 5056; x_wconf 88' lang='lat' dir='ltr'><strong>connumeratione</strong></span> <span class='ocrx_word' id='word_1_779' title='bbox 1221 5002 1550 5056; x_wconf 85' lang='lat' dir='ltr'><strong>declaratum</strong></span> <span class='ocrx_word' id='word_1_780' title='bbox 1611 5012 1713 5067; x_wconf 89' lang='lat' dir='ltr'><strong>est,</strong></span> <span class='ocrx_word' id='word_1_781' title='bbox 1768 5005 2027 5074; x_wconf 71' lang='lat' dir='ltr'><strong>dignitate</strong></span> 
     </span>
    </p>
   </div>
   <div class='ocr_carea' id='block_1_104' title="bbox 458 5084 2025 5158">
    <p class='ocr_par' dir='ltr' id='par_1_104' title="bbox 458 5084 2025 5158">
     <span class='ocr_line' id='line_1_104' title="bbox 458 5084 2025 5158; baseline 0.001 -17"><span class='ocrx_word' id='word_1_782' title='bbox 458 5089 620 5141; x_wconf 87' lang='lat' dir='ltr'><strong>etiam</strong></span> <span class='ocrx_word' id='word_1_783' title='bbox 652 5084 916 5155; x_wconf 83' lang='lat' dir='ltr'><strong>profecto.</strong></span> <span class='ocrx_word' id='word_1_784' title='bbox 968 5084 1203 5153; x_wconf 88' lang='lat' dir='ltr'><strong>Spiritus</strong></span> <span class='ocrx_word' id='word_1_785' title='bbox 1246 5086 1387 5138; x_wconf 90' lang='lat' dir='ltr'><strong>enim</strong></span> <span class='ocrx_word' id='word_1_786' title='bbox 1420 5084 1541 5138; x_wconf 89' lang='lat' dir='ltr'><strong>Filii</strong></span> <span class='ocrx_word' id='word_1_787' title='bbox 1572 5085 1789 5153; x_wconf 87' lang='lat' dir='ltr'><strong>dicitur,</strong></span> <span class='ocrx_word' id='word_1_788' title='bbox 1824 5097 1881 5142; x_wconf 89' lang='lat' dir='ltr'><strong>ut</strong></span> <span class='ocrx_word' id='word_1_789' title='bbox 1932 5090 2025 5158; x_wconf 91' lang='lat' dir='ltr'><strong>qui</strong></span> 
     </span>
    </p>
   </div>
   <div class='ocr_carea' id='block_1_105' title="bbox 404 5166 2025 5239">
    <p class='ocr_par' dir='ltr' id='par_1_105' title="bbox 404 5166 2025 5239">
     <span class='ocr_line' id='line_1_105' title="bbox 404 5166 2025 5239; baseline 0.003 -17"><span class='ocrx_word' id='word_1_790' title='bbox 404 5176 407 5179; x_wconf 73' lang='grc'>’</span> <span class='ocrx_word' id='word_1_791' title='bbox 457 5188 551 5239; x_wconf 84' lang='lat' dir='ltr'><strong>per</strong></span> <span class='ocrx_word' id='word_1_792' title='bbox 599 5170 793 5225; x_wconf 84' lang='lat' dir='ltr'><strong>Filium</strong></span> <span class='ocrx_word' id='word_1_793' title='bbox 840 5170 1111 5237; x_wconf 72' lang='lat' dir='ltr'><strong>praebetur</strong></span> <span class='ocrx_word' id='word_1_794' title='bbox 1167 5184 1182 5221; x_wconf 88' lang='lat'><strong>:</strong></span> <span class='ocrx_word' id='word_1_795' title='bbox 1226 5166 1376 5222; x_wconf 78' lang='lat' dir='ltr'><strong>Misit</strong></span> <span class='ocrx_word' id='word_1_796' title='bbox 1415 5170 1577 5231; x_wconf 83' lang='lat' dir='ltr'><strong>enim,</strong></span> <span class='ocrx_word' id='word_1_797' title='bbox 1632 5169 1830 5238; x_wconf 84' lang='lat' dir='ltr'><strong>inquit,</strong></span> <span class='ocrx_word' id='word_1_798' title='bbox 1884 5173 2025 5227; x_wconf 79' lang='lat' dir='ltr'><strong>Deus</strong></span> 
     </span>
    </p>
   </div>
   <div class='ocr_carea' id='block_1_106' title="bbox 455 5251 2022 5324">
    <p class='ocr_par' dir='ltr' id='par_1_106' title="bbox 455 5251 2022 5324">
     <span class='ocr_line' id='line_1_106' title="bbox 455 5251 2022 5324; baseline 0.001 -15"><span class='ocrx_word' id='word_1_799' title='bbox 455 5257 715 5324; x_wconf 82' lang='lat' dir='ltr'><strong>Spiritum</strong></span> <span class='ocrx_word' id='word_1_800' title='bbox 764 5251 899 5307; x_wconf 83' lang='lat' dir='ltr'><strong>Filii</strong></span> <span class='ocrx_word' id='word_1_801' title='bbox 955 5253 1038 5304; x_wconf 86' lang='lat' dir='ltr'><strong>sui</strong></span> <span class='ocrx_word' id='word_1_802' title='bbox 1093 5252 1147 5305; x_wconf 86' lang='lat' dir='ltr'><strong>in</strong></span> <span class='ocrx_word' id='word_1_803' title='bbox 1186 5252 1345 5305; x_wconf 83' lang='lat' dir='ltr'><strong>corda</strong></span> <span class='ocrx_word' id='word_1_804' title='bbox 1378 5264 1564 5305; x_wconf 81' lang='lat' dir='ltr'><strong>nostra</strong></span> <span class='ocrx_word' id='word_1_805' title='bbox 1585 5254 1627 5307; x_wconf 78' lang='grc'><strong>⁸.</strong></span> <span class='ocrx_word' id='word_1_806' title='bbox 1674 5252 1790 5307; x_wconf 89' lang='lat' dir='ltr'><strong>Non</strong></span> <span class='ocrx_word' id='word_1_807' title='bbox 1844 5266 2022 5310; x_wconf 83' lang='lat' dir='ltr'><strong>autem</strong></span> 
     </span>
    </p>
   </div>
   <div class='ocr_carea' id='block_1_107' title="bbox 455 5335 2024 5407">
    <p class='ocr_par' dir='ltr' id='par_1_107' title="bbox 455 5335 2024 5407">
     <span class='ocr_line' id='line_1_107' title="bbox 455 5335 2024 5407; baseline 0 -14"><span class='ocrx_word' id='word_1_808' title='bbox 455 5340 622 5394; x_wconf 87' lang='lat' dir='ltr'><strong>Filius</strong></span> <span class='ocrx_word' id='word_1_809' title='bbox 657 5339 855 5393; x_wconf 87' lang='lat' dir='ltr'><strong>dicitur</strong></span> <span class='ocrx_word' id='word_1_810' title='bbox 886 5337 1053 5404; x_wconf 86' lang='lat' dir='ltr'><strong>ipsius</strong></span> <span class='ocrx_word' id='word_1_811' title='bbox 1079 5337 1331 5405; x_wconf 91' lang='lat' dir='ltr'><strong>Spiritus.</strong></span> <span class='ocrx_word' id='word_1_812' title='bbox 1356 5335 1559 5388; x_wconf 85' lang='lat' dir='ltr'><strong>Natura</strong></span> <span class='ocrx_word' id='word_1_813' title='bbox 1591 5346 1769 5391; x_wconf 89' lang='lat' dir='ltr'><strong>tamen</strong></span> <span class='ocrx_word' id='word_1_814' title='bbox 1799 5339 2024 5407; x_wconf 65' lang='lat' dir='ltr'><strong>aequalis</strong></span> 
     </span>
    </p>
   </div>
   <div class='ocr_carea' id='block_1_108' title="bbox 454 5419 2026 5485">
    <p class='ocr_par' dir='ltr' id='par_1_108' title="bbox 454 5419 2026 5485">
     <span class='ocr_line' id='line_1_108' title="bbox 454 5419 2026 5485; baseline -0.002 -6"><span class='ocrx_word' id='word_1_815' title='bbox 454 5436 537 5480; x_wconf 83' lang='lat' dir='ltr'><strong>est</strong></span> <span class='ocrx_word' id='word_1_816' title='bbox 584 5424 728 5477; x_wconf 86' lang='lat' dir='ltr'><strong>Patri</strong></span> <span class='ocrx_word' id='word_1_817' title='bbox 757 5433 811 5477; x_wconf 91' lang='lat' dir='ltr'><strong>et</strong></span> <span class='ocrx_word' id='word_1_818' title='bbox 840 5419 996 5475; x_wconf 87' lang='lat' dir='ltr'><strong>Filio.</strong></span> <span class='ocrx_word' id='word_1_819' title='bbox 1027 5422 1232 5485; x_wconf 82' lang='lat' dir='ltr'><strong>Quibus</strong></span> <span class='ocrx_word' id='word_1_820' title='bbox 1257 5422 1399 5472; x_wconf 86' lang='lat' dir='ltr'><strong>enim</strong></span> <span class='ocrx_word' id='word_1_821' title='bbox 1430 5420 1616 5473; x_wconf 89' lang='lat' dir='ltr'><strong>eadem</strong></span> <span class='ocrx_word' id='word_1_822' title='bbox 1652 5430 1734 5474; x_wconf 83' lang='lat' dir='ltr'><strong>est</strong></span> <span class='ocrx_word' id='word_1_823' title='bbox 1763 5423 1923 5484; x_wconf 90' lang='lat' dir='ltr'><strong>actio,</strong></span> <span class='ocrx_word' id='word_1_824' title='bbox 1960 5422 2026 5476; x_wconf 86' lang='lat' dir='ltr'><strong>iis</strong></span> 
     </span>
    </p>
   </div>
   <div class='ocr_carea' id='block_1_109' title="bbox 452 5502 2025 5565">
    <p class='ocr_par' dir='ltr' id='par_1_109' title="bbox 452 5502 2025 5565">
     <span class='ocr_line' id='line_1_109' title="bbox 452 5502 2025 5565; baseline -0.003 -3"><span class='ocrx_word' id='word_1_825' title='bbox 452 5512 641 5565; x_wconf 83' lang='lat' dir='ltr'><strong>eadem</strong></span> <span class='ocrx_word' id='word_1_826' title='bbox 677 5518 761 5564; x_wconf 85' lang='lat' dir='ltr'><strong>est</strong></span> <span class='ocrx_word' id='word_1_827' title='bbox 788 5508 950 5561; x_wconf 89' lang='lat' dir='ltr'><strong>etiam</strong></span> <span class='ocrx_word' id='word_1_828' title='bbox 988 5516 1200 5558; x_wconf 87' lang='lat' dir='ltr'><strong>natura.</strong></span> <span class='ocrx_word' id='word_1_829' title='bbox 1252 5504 1316 5555; x_wconf 77' lang='lat' dir='ltr'><strong>At</strong></span> <span class='ocrx_word' id='word_1_830' title='bbox 1366 5502 1661 5561; x_wconf 87' lang='lat' dir='ltr'><strong>Eunomius</strong></span> <span class='ocrx_word' id='word_1_831' title='bbox 1697 5518 1819 5557; x_wconf 89' lang='lat' dir='ltr'><strong>eum</strong></span> <span class='ocrx_word' id='word_1_832' title='bbox 1854 5520 2025 5558; x_wconf 83' lang='lat' dir='ltr'><strong>anuu-</strong></span> 
     </span>
    </p>
   </div>
   <div class='ocr_carea' id='block_1_110' title="bbox 456 5588 2022 5657">
    <p class='ocr_par' dir='ltr' id='par_1_110' title="bbox 456 5588 2022 5657">
     <span class='ocr_line' id='line_1_110' title="bbox 456 5588 2022 5657; baseline -0.003 -11"><span class='ocrx_word' id='word_1_833' title='bbox 456 5593 770 5649; x_wconf 84' lang='lat' dir='ltr'><strong>merationis</strong></span> <span class='ocrx_word' id='word_1_834' title='bbox 827 5592 1001 5646; x_wconf 89' lang='lat' dir='ltr'><strong>ordini</strong></span> <span class='ocrx_word' id='word_1_835' title='bbox 1037 5589 1359 5657; x_wconf 73' lang='lat' dir='ltr'><strong>adjungens,</strong></span> <span class='ocrx_word' id='word_1_836' title='bbox 1386 5588 1555 5642; x_wconf 77' lang='lat' dir='ltr'><strong>tertiae</strong></span> <span class='ocrx_word' id='word_1_837' title='bbox 1598 5588 1775 5655; x_wconf 86' lang='lat' dir='ltr'><strong>ipsum</strong></span> <span class='ocrx_word' id='word_1_838' title='bbox 1818 5597 2022 5642; x_wconf 67' lang='lat' dir='ltr'><strong>natura:</strong></span> 
     </span>
    </p>
   </div>
   <div class='ocr_carea' id='block_1_111' title="bbox 454 5679 837 5743">
    <p class='ocr_par' dir='ltr' id='par_1_111' title="bbox 454 5679 837 5743">
     <span class='ocr_line' id='line_1_111' title="bbox 454 5679 837 5743; baseline 0.003 -18"><span class='ocrx_word' id='word_1_839' title='bbox 454 5679 837 5743; x_wconf 74' lang='lat' dir='ltr'><strong>pronuntiavit.</strong></span> 
     </span>
    </p>
   </div>
   <div class='ocr_carea' id='block_1_112' title="bbox 527 5793 894 5855">
    <p class='ocr_par' dir='ltr' id='par_1_112' title="bbox 527 5793 894 5855">
     <span class='ocr_line' id='line_1_112' title="bbox 527 5793 894 5855; baseline -0.003 -10"><span class='ocrx_word' id='word_1_840' title='bbox 527 5796 543 5823; x_wconf 83' lang='lat'><strong>‘</strong></span> <span class='ocrx_word' id='word_1_841' title='bbox 585 5795 706 5846; x_wconf 87' lang='lat' dir='ltr'><strong>Act.</strong></span> <span class='ocrx_word' id='word_1_842' title='bbox 734 5808 771 5855; x_wconf 90' lang='lat' dir='ltr'><strong>I,</strong></span> <span class='ocrx_word' id='word_1_843' title='bbox 810 5793 894 5844; x_wconf 83' lang='grc'><strong>16.</strong></span> 
     </span>
    </p>
   </div>
   <div class='ocr_carea' id='block_1_113' title="bbox 452 5860 828 5927">
    <p class='ocr_par' dir='ltr' id='par_1_113' title="bbox 452 5860 828 5927">
     <span class='ocr_line' id='line_1_113' title="bbox 452 5860 828 5927; baseline -0.011 -11"><span class='ocrx_word' id='word_1_844' title='bbox 452 5868 558 5927; x_wconf 67' lang='grc' dir='ltr'><strong>2ϋ;</strong></span> <span class='ocrx_word' id='word_1_845' title='bbox 603 5878 709 5923; x_wconf 73' lang='lat' dir='ltr'><strong>le,</strong></span> <span class='ocrx_word' id='word_1_846' title='bbox 746 5860 828 5913; x_wconf 80' lang='grc'><strong>17.</strong></span> 
     </span>
    </p>
   </div>
   <div class='ocr_carea' id='block_1_114' title="bbox 1022 5792 1467 5854">
    <p class='ocr_par' dir='ltr' id='par_1_114' title="bbox 1022 5792 1467 5854">
     <span class='ocr_line' id='line_1_114' title="bbox 1022 5792 1467 5854; baseline -0.007 -9"><span class='ocrx_word' id='word_1_847' title='bbox 1022 5794 1042 5823; x_wconf 84' lang='grc'>²</span> <span class='ocrx_word' id='word_1_848' title='bbox 1073 5793 1091 5845; x_wconf 89' lang='lat' dir='ltr'><strong>l</strong></span> <span class='ocrx_word' id='word_1_849' title='bbox 1122 5794 1247 5847; x_wconf 85' lang='lat' dir='ltr'><strong>Cor.</strong></span> <span class='ocrx_word' id='word_1_850' title='bbox 1286 5810 1345 5854; x_wconf 88' lang='lat' dir='ltr'><strong>lt,</strong></span> <span class='ocrx_word' id='word_1_851' title='bbox 1384 5792 1467 5843; x_wconf 65' lang='lat'><strong>14.</strong></span> 
     </span>
    </p>
   </div>
   <div class='ocr_carea' id='block_1_115' title="bbox 907 5857 1974 5926">
    <p class='ocr_par' dir='ltr' id='par_1_115' title="bbox 907 5857 1974 5926">
     <span class='ocr_line' id='line_1_115' title="bbox 907 5857 1974 5926; baseline -0.003 -13"><span class='ocrx_word' id='word_1_852' title='bbox 907 5863 925 5890; x_wconf 87' lang='grc'><strong>⁷</strong></span> <span class='ocrx_word' id='word_1_853' title='bbox 958 5862 1143 5913; x_wconf 79' lang='lat' dir='ltr'><strong>Matth.</strong></span> <span class='ocrx_word' id='word_1_854' title='bbox 1181 5878 1369 5926; x_wconf 73' lang='lat' dir='ltr'><strong>xxvut,</strong></span> <span class='ocrx_word' id='word_1_855' title='bbox 1407 5863 1492 5914; x_wconf 76' lang='grc'><strong>19.</strong></span> <span class='ocrx_word' id='word_1_856' title='bbox 1571 5860 1590 5890; x_wconf 78' lang='grc'>⁸</span> <span class='ocrx_word' id='word_1_857' title='bbox 1621 5857 1778 5913; x_wconf 82' lang='lat' dir='ltr'><strong>Joan.</strong></span> <span class='ocrx_word' id='word_1_858' title='bbox 1802 5873 1853 5921; x_wconf 73' lang='grc' dir='ltr'><strong>κ,</strong></span> <span class='ocrx_word' id='word_1_859' title='bbox 1885 5857 1974 5912; x_wconf 73' lang='lat'><strong>30.</strong></span> 
     </span>
    </p>
   </div>
   <div class='ocr_carea' id='block_1_116' title="bbox 1577 5787 2456 5909">
    <p class='ocr_par' dir='ltr' id='par_1_116' title="bbox 1577 5787 2456 5909">
     <span class='ocr_line' id='line_1_116' title="bbox 1577 5787 2447 5852; baseline -0.008 -11"><span class='ocrx_word' id='word_1_860' title='bbox 1577 5792 1595 5820; x_wconf 87' lang='grc'>³</span> <span class='ocrx_word' id='word_1_861' title='bbox 1618 5787 1775 5843; x_wconf 86' lang='lat' dir='ltr'><strong>Joan.</strong></span> <span class='ocrx_word' id='word_1_862' title='bbox 1810 5802 1883 5847; x_wconf 82' lang='lat' dir='ltr'><strong>tv,</strong></span> <span class='ocrx_word' id='word_1_863' title='bbox 1906 5787 1997 5852; x_wconf 72' lang='grc'><strong>21,</strong></span> <span class='ocrx_word' id='word_1_864' title='bbox 2025 5788 2113 5840; x_wconf 68' lang='lat'><strong>2‘2.</strong></span> <span class='ocrx_word' id='word_1_865' title='bbox 2236 5792 2256 5813; x_wconf 78' lang='grc'><strong>⁴</strong></span> <span class='ocrx_word' id='word_1_866' title='bbox 2290 5787 2447 5835; x_wconf 84' lang='lat' dir='ltr'><strong>Joan.</strong></span> 
     </span>
     <span class='ocr_line' id='line_1_117' title="bbox 1577 5853 2456 5909; baseline -0.006 0"><span class='ocrx_word' id='word_1_867' title='bbox 1577 5857 1778 5909; x_wconf 76' lang='lat' dir='ltr'><strong>B.ioan.</strong></span> <span class='ocrx_word' id='word_1_868' title='bbox 1802 5873 1853 5909; x_wconf 73' lang='grc' dir='ltr'>κ.</span> <span class='ocrx_word' id='word_1_869' title='bbox 1885 5857 1974 5909; x_wconf 80' lang='grc'><strong>⁸50.</strong></span> <span class='ocrx_word' id='word_1_870' title='bbox 2052 5859 2071 5889; x_wconf 82' lang='grc'><em>’</em></span> <span class='ocrx_word' id='word_1_871' title='bbox 2102 5853 2282 5909; x_wconf 74' lang='lat' dir='ltr'><strong>Gaiat.</strong></span> <span class='ocrx_word' id='word_1_872' title='bbox 2318 5868 2391 5909; x_wconf 87' lang='lat' dir='ltr'><strong>tv.</strong></span> <span class='ocrx_word' id='word_1_873' title='bbox 2426 5853 2456 5904; x_wconf 84' lang='lat' dir='ltr'><strong>(i</strong></span> 
     </span>
    </p>
   </div>
   <div class='ocr_carea' id='block_1_117' title="bbox 2269 5891 2478 5916">
    <p class='ocr_par' dir='ltr' id='par_1_117' title="bbox 2269 5891 2478 5916">
     <span class='ocr_line' id='line_1_118' title="bbox 2269 5891 2478 5916; baseline -0.014 -9"><span class='ocrx_word' id='word_1_874' title='bbox 2269 5891 2391 5916; x_wconf 62' lang='lat' dir='ltr'><strong>CII,</strong></span> <span class='ocrx_word' id='word_1_875' title='bbox 2429 5891 2478 5905; x_wconf 73' lang='lat' dir='ltr'><strong>Vl</strong></span> 
     </span>
    </p>
   </div>
   <div class='ocr_carea' id='block_1_118' title="bbox 2132 4663 3717 4738">
    <p class='ocr_par' dir='ltr' id='par_1_118' title="bbox 2132 4663 3717 4738">
     <span class='ocr_line' id='line_1_119' title="bbox 2132 4663 3717 4738; baseline 0.001 -20"><span class='ocrx_word' id='word_1_876' title='bbox 2132 4663 2236 4718; x_wconf 89' lang='grc' dir='ltr'><strong>τοῦ</strong></span> <span class='ocrx_word' id='word_1_877' title='bbox 2266 4664 2515 4729; x_wconf 78' lang='grc' dir='ltr'>Πατρός,</span> <span class='ocrx_word' id='word_1_878' title='bbox 2549 4663 2645 4715; x_wconf 80' lang='grc' dir='ltr'>καὶ</span> <span class='ocrx_word' id='word_1_879' title='bbox 2684 4664 2788 4717; x_wconf 80' lang='grc' dir='ltr'><strong>τοῦ</strong></span> <span class='ocrx_word' id='word_1_880' title='bbox 2824 4663 2982 4728; x_wconf 81' lang='grc' dir='ltr'>Υίοῦ,</span> <span class='ocrx_word' id='word_1_881' title='bbox 3026 4665 3126 4719; x_wconf 77' lang='grc' dir='ltr'><strong>καί</strong></span> <span class='ocrx_word' id='word_1_882' title='bbox 3157 4665 3265 4719; x_wconf 77' lang='grc' dir='ltr'><strong>τοῦ</strong></span> <span class='ocrx_word' id='word_1_883' title='bbox 3317 4670 3502 4738; x_wconf 75' lang='grc' dir='ltr'>ἁγίου</span> <span class='ocrx_word' id='word_1_884' title='bbox 3535 4667 3717 4723; x_wconf 75' lang='grc' dir='ltr'>Πνεῦ-</span> 
     </span>
    </p>
   </div>
   <div class='ocr_carea' id='block_1_119' title="bbox 2125 4745 3716 4820">
    <p class='ocr_par' dir='ltr' id='par_1_119' title="bbox 2125 4745 3716 4820">
     <span class='ocr_line' id='line_1_120' title="bbox 2125 4745 3716 4820; baseline 0.003 -22"><span class='ocrx_word' id='word_1_885' title='bbox 2125 4761 2341 4815; x_wconf 79' lang='grc' dir='ltr'>ματος·</span> <span class='ocrx_word' id='word_1_886' title='bbox 2376 4745 2455 4799; x_wconf 76' lang='grc' dir='ltr'>ἔτι</span> <span class='ocrx_word' id='word_1_887' title='bbox 2476 4745 2533 4797; x_wconf 81' lang='grc' dir='ltr'>δὲ</span> <span class='ocrx_word' id='word_1_888' title='bbox 2565 4748 2656 4797; x_wconf 75' lang='grc' dir='ltr'>καὶ</span> <span class='ocrx_word' id='word_1_889' title='bbox 2697 4745 2993 4815; x_wconf 78' lang='grc' dir='ltr'><strong>ἀξιώματι·</strong></span> <span class='ocrx_word' id='word_1_890' title='bbox 3027 4749 3091 4799; x_wconf 74' lang='grc' dir='ltr'>ἐκ</span> <span class='ocrx_word' id='word_1_891' title='bbox 3122 4749 3339 4816; x_wconf 76' lang='grc' dir='ltr'>Πατρὸς</span> <span class='ocrx_word' id='word_1_892' title='bbox 3376 4751 3493 4820; x_wconf 70' lang='grc' dir='ltr'><strong>γὰρ</strong></span> <span class='ocrx_word' id='word_1_893' title='bbox 3519 4752 3547 4803; x_wconf 91' lang='lat'><strong>6</strong></span> <span class='ocrx_word' id='word_1_894' title='bbox 3568 4749 3716 4814; x_wconf 72' lang='grc' dir='ltr'>Υἱὸς,</span> 
     </span>
    </p>
   </div>
   <div class='ocr_carea' id='block_1_120' title="bbox 2129 4827 3715 4909">
    <p class='ocr_par' dir='ltr' id='par_1_120' title="bbox 2129 4827 3715 4909">
     <span class='ocr_line' id='line_1_121' title="bbox 2129 4827 3715 4909; baseline 0.002 -26"><span class='ocrx_word' id='word_1_895' title='bbox 2129 4832 2229 4885; x_wconf 80' lang='grc' dir='ltr'>οὐκ</span> <span class='ocrx_word' id='word_1_896' title='bbox 2258 4832 2320 4883; x_wconf 80' lang='grc' dir='ltr'>ἐκ</span> <span class='ocrx_word' id='word_1_897' title='bbox 2349 4829 2441 4881; x_wconf 89' lang='grc' dir='ltr'><strong>τοῦ</strong></span> <span class='ocrx_word' id='word_1_898' title='bbox 2469 4827 2596 4881; x_wconf 81' lang='grc' dir='ltr'>Υίοῦ</span> <span class='ocrx_word' id='word_1_899' title='bbox 2622 4830 2649 4880; x_wconf 86' lang='lat'><strong>6</strong></span> <span class='ocrx_word' id='word_1_900' title='bbox 2683 4830 2892 4901; x_wconf 79' lang='grc' dir='ltr'>Πατὴρ,</span> <span class='ocrx_word' id='word_1_901' title='bbox 2923 4833 3084 4900; x_wconf 85' lang='grc' dir='ltr'>φύσει</span> <span class='ocrx_word' id='word_1_902' title='bbox 3114 4832 3169 4909; x_wconf 22' lang='grc' dir='ltr'><strong>δκὲ</strong></span> <span class='ocrx_word' id='word_1_903' title='bbox 3202 4835 3320 4896; x_wconf 79' lang='grc' dir='ltr'>ἴσος</span> <span class='ocrx_word' id='word_1_904' title='bbox 3340 4852 3358 4867; x_wconf 68' lang='grc' dir='ltr'><strong>ο</strong></span> <span class='ocrx_word' id='word_1_905' title='bbox 3396 4835 3554 4904; x_wconf 65' lang='grc' dir='ltr'><strong>Ἐγὼ</strong></span> <span class='ocrx_word' id='word_1_906' title='bbox 3587 4837 3715 4903; x_wconf 76' lang='grc' dir='ltr'>γὰρ,</span> 
     </span>
    </p>
   </div>
   <div class='ocr_carea' id='block_1_121' title="bbox 2134 4913 3719 4987">
    <p class='ocr_par' dir='ltr' id='par_1_121' title="bbox 2134 4913 3719 4987">
     <span class='ocr_line' id='line_1_122' title="bbox 2134 4913 3719 4987; baseline 0.004 -23"><span class='ocrx_word' id='word_1_907' title='bbox 2134 4914 2285 4983; x_wconf 76' lang='grc' dir='ltr'>φησὶ,</span> <span class='ocrx_word' id='word_1_908' title='bbox 2321 4914 2417 4965; x_wconf 78' lang='grc' dir='ltr'>καὶ</span> <span class='ocrx_word' id='word_1_909' title='bbox 2448 4915 2480 4965; x_wconf 85' lang='grc' dir='ltr'><strong><em>ό</em></strong></span> <span class='ocrx_word' id='word_1_910' title='bbox 2507 4913 2709 4982; x_wconf 81' lang='grc' dir='ltr'>Πατὴρ</span> <span class='ocrx_word' id='word_1_911' title='bbox 2739 4913 2810 4967; x_wconf 75' lang='grc' dir='ltr'><strong>ἓν</strong></span> <span class='ocrx_word' id='word_1_912' title='bbox 2834 4915 3021 4982; x_wconf 71' lang='grc' dir='ltr'>ἐσμεν</span> <span class='ocrx_word' id='word_1_913' title='bbox 3042 4931 3055 4944; x_wconf 81' lang='grc'><strong><em>⁸</em></strong></span> <span class='ocrx_word' id='word_1_914' title='bbox 3086 4915 3228 4968; x_wconf 78' lang='grc' dir='ltr'>οὕτω</span> <span class='ocrx_word' id='word_1_915' title='bbox 3248 4920 3349 4970; x_wconf 70' lang='grc' dir='ltr'>καὶ</span> <span class='ocrx_word' id='word_1_916' title='bbox 3392 4919 3459 4973; x_wconf 75' lang='grc' dir='ltr'>τὸ</span> <span class='ocrx_word' id='word_1_917' title='bbox 3495 4918 3719 4987; x_wconf 79' lang='grc' dir='ltr'>Πνεῦμα</span> 
     </span>
    </p>
   </div>
   <div class='ocr_carea' id='block_1_122' title="bbox 2132 4996 3717 5068">
    <p class='ocr_par' dir='ltr' id='par_1_122' title="bbox 2132 4996 3717 5068">
     <span class='ocr_line' id='line_1_123' title="bbox 2132 4996 3717 5068; baseline 0.001 -19"><span class='ocrx_word' id='word_1_918' title='bbox 2132 4998 2193 5052; x_wconf 75' lang='grc' dir='ltr'>τὸ</span> <span class='ocrx_word' id='word_1_919' title='bbox 2238 4996 2390 5064; x_wconf 75' lang='grc' dir='ltr'>ἅγιον</span> <span class='ocrx_word' id='word_1_920' title='bbox 2428 4997 2578 5062; x_wconf 80' lang='grc' dir='ltr'>τάξει</span> <span class='ocrx_word' id='word_1_921' title='bbox 2630 4998 2727 5068; x_wconf 84' lang='grc' dir='ltr'><strong>μὲν</strong></span> <span class='ocrx_word' id='word_1_922' title='bbox 2772 4999 3025 5066; x_wconf 81' lang='grc' dir='ltr'>δεύτερον</span> <span class='ocrx_word' id='word_1_923' title='bbox 3072 5000 3165 5052; x_wconf 82' lang='grc' dir='ltr'><strong>τοῦ</strong></span> <span class='ocrx_word' id='word_1_924' title='bbox 3211 5001 3377 5067; x_wconf 87' lang='grc' dir='ltr'>Υίοῦ,</span> <span class='ocrx_word' id='word_1_925' title='bbox 3433 5002 3622 5059; x_wconf 73' lang='grc' dir='ltr'>καθὼς</span> <span class='ocrx_word' id='word_1_926' title='bbox 3664 5002 3717 5051; x_wconf 84' lang='grc' dir='ltr'>ὲν</span> 
     </span>
    </p>
   </div>
   <div class='ocr_carea' id='block_1_123' title="bbox 2135 5080 3718 5154">
    <p class='ocr_par' dir='ltr' id='par_1_123' title="bbox 2135 5080 3718 5154">
     <span class='ocr_line' id='line_1_124' title="bbox 2135 5080 3718 5154; baseline 0 -20"><span class='ocrx_word' id='word_1_927' title='bbox 2135 5086 2199 5153; x_wconf 82' lang='grc' dir='ltr'>τῇ</span> <span class='ocrx_word' id='word_1_928' title='bbox 2259 5080 2652 5154; x_wconf 81' lang='grc' dir='ltr'>συναριθμήσει</span> <span class='ocrx_word' id='word_1_929' title='bbox 2701 5081 3031 5151; x_wconf 84' lang='grc' dir='ltr'>δεδήλωται,</span> <span class='ocrx_word' id='word_1_930' title='bbox 3087 5085 3177 5136; x_wconf 72' lang='grc' dir='ltr'>ναὶ</span> <span class='ocrx_word' id='word_1_931' title='bbox 3232 5085 3345 5153; x_wconf 81' lang='grc' dir='ltr'><strong>μὴν</strong></span> <span class='ocrx_word' id='word_1_932' title='bbox 3404 5087 3504 5139; x_wconf 69' lang='grc' dir='ltr'><strong>καὶ</strong></span> <span class='ocrx_word' id='word_1_933' title='bbox 3554 5082 3718 5151; x_wconf 82' lang='grc' dir='ltr'><strong>ἀξιὼ-</strong></span> 
     </span>
    </p>
   </div>
   <div class='ocr_carea' id='block_1_124' title="bbox 2129 5164 3719 5233">
    <p class='ocr_par' dir='ltr' id='par_1_124' title="bbox 2129 5164 3719 5233">
     <span class='ocr_line' id='line_1_125' title="bbox 2129 5164 3719 5233; baseline 0.001 -16"><span class='ocrx_word' id='word_1_934' title='bbox 2129 5182 2290 5233; x_wconf 82' lang='grc' dir='ltr'>ματι.</span> <span class='ocrx_word' id='word_1_935' title='bbox 2326 5166 2547 5233; x_wconf 68' lang='grc' dir='ltr'>Πνεῦμα</span> <span class='ocrx_word' id='word_1_936' title='bbox 2587 5164 2695 5233; x_wconf 84' lang='grc' dir='ltr'>γὰρ</span> <span class='ocrx_word' id='word_1_937' title='bbox 2756 5164 2887 5217; x_wconf 85' lang='grc' dir='ltr'>Υίοῦ</span> <span class='ocrx_word' id='word_1_938' title='bbox 2945 5165 3185 5232; x_wconf 74' lang='grc' dir='ltr'>λέγεται,</span> <span class='ocrx_word' id='word_1_939' title='bbox 3222 5168 3300 5228; x_wconf 85' lang='grc' dir='ltr'>ὡς</span> <span class='ocrx_word' id='word_1_940' title='bbox 3335 5169 3430 5221; x_wconf 79' lang='grc' dir='ltr'><strong>διὰ</strong></span> <span class='ocrx_word' id='word_1_941' title='bbox 3460 5169 3557 5221; x_wconf 86' lang='grc' dir='ltr'><strong>τοῦ</strong></span> <span class='ocrx_word' id='word_1_942' title='bbox 3591 5165 3719 5221; x_wconf 82' lang='grc' dir='ltr'>Υίοῦ</span> 
     </span>
    </p>
   </div>
   <div class='ocr_carea' id='block_1_125' title="bbox 2133 5250 3719 5321">
    <p class='ocr_par' dir='ltr' id='par_1_125' title="bbox 2133 5250 3719 5321">
     <span class='ocr_line' id='line_1_126' title="bbox 2133 5250 3719 5321; baseline 0.002 -21"><span class='ocrx_word' id='word_1_943' title='bbox 2133 5250 2556 5321; x_wconf 81' lang='grc' dir='ltr'>χορηγούμενον.</span> <span class='ocrx_word' id='word_1_944' title='bbox 2602 5251 3030 5316; x_wconf 70' lang='grc' dir='ltr'><strong>’ἠξιιπέστειλε</strong></span> <span class='ocrx_word' id='word_1_945' title='bbox 3052 5253 3179 5319; x_wconf 73' lang='grc' dir='ltr'>γὰρ,</span> <span class='ocrx_word' id='word_1_946' title='bbox 3205 5269 3279 5321; x_wconf 80' lang='grc' dir='ltr'><strong>φη</strong></span> <span class='ocrx_word' id='word_1_947' title='bbox 3296 5254 3404 5316; x_wconf 67' lang='lat' dir='ltr'><strong>xiv,</strong></span> <span class='ocrx_word' id='word_1_948' title='bbox 3430 5256 3464 5305; x_wconf 82' lang='lat' dir='ltr'><strong>ci</strong></span> <span class='ocrx_word' id='word_1_949' title='bbox 3490 5255 3639 5317; x_wconf 77' lang='grc' dir='ltr'><strong>Θεὸς</strong></span> <span class='ocrx_word' id='word_1_950' title='bbox 3655 5250 3719 5303; x_wconf 79' lang='grc' dir='ltr'>τὸ</span> 
     </span>
    </p>
   </div>
   <div class='ocr_carea' id='block_1_126' title="bbox 2131 5335 3722 5405">
    <p class='ocr_par' dir='ltr' id='par_1_126' title="bbox 2131 5335 3722 5405">
     <span class='ocr_line' id='line_1_127' title="bbox 2131 5335 3722 5405; baseline 0.001 -19"><span class='ocrx_word' id='word_1_951' title='bbox 2131 5335 2375 5402; x_wconf 80' lang='grc' dir='ltr'>Πνεῦμα</span> <span class='ocrx_word' id='word_1_952' title='bbox 2404 5335 2507 5386; x_wconf 80' lang='grc' dir='ltr'><strong>τοῦ</strong></span> <span class='ocrx_word' id='word_1_953' title='bbox 2543 5336 2679 5388; x_wconf 73' lang='grc' dir='ltr'><strong>Ποῦ</strong></span> <span class='ocrx_word' id='word_1_954' title='bbox 2719 5335 2905 5388; x_wconf 75' lang='grc' dir='ltr'>αὑτοῦ</span> <span class='ocrx_word' id='word_1_955' title='bbox 2939 5338 3026 5399; x_wconf 71' lang='grc' dir='ltr'>εἰς</span> <span class='ocrx_word' id='word_1_956' title='bbox 3074 5335 3179 5401; x_wconf 80' lang='grc' dir='ltr'>τὰς</span> <span class='ocrx_word' id='word_1_957' title='bbox 3212 5338 3479 5404; x_wconf 67' lang='grc' dir='ltr'>καρδίας</span> <span class='ocrx_word' id='word_1_958' title='bbox 3507 5335 3677 5405; x_wconf 71' lang='grc' dir='ltr'><strong>ἡμῶν</strong></span> <span class='ocrx_word' id='word_1_959' title='bbox 3710 5351 3722 5363; x_wconf 83' lang='lat'><strong><em>°</em></strong></span> 
     </span>
    </p>
   </div>
   <div class='ocr_carea' id='block_1_127' title="bbox 2131 5417 3723 5487">
    <p class='ocr_par' dir='ltr' id='par_1_127' title="bbox 2131 5417 3723 5487">
     <span class='ocr_line' id='line_1_128' title="bbox 2131 5417 3723 5487; baseline 0 -19"><span class='ocrx_word' id='word_1_960' title='bbox 2131 5420 2193 5468; x_wconf 82' lang='grc' dir='ltr'>οὐ</span> <span class='ocrx_word' id='word_1_961' title='bbox 2233 5417 2338 5484; x_wconf 82' lang='grc' dir='ltr'><strong>μὴν</strong></span> <span class='ocrx_word' id='word_1_962' title='bbox 2381 5420 2409 5469; x_wconf 87' lang='lat'><strong>6</strong></span> <span class='ocrx_word' id='word_1_963' title='bbox 2438 5418 2563 5481; x_wconf 76' lang='grc' dir='ltr'>Υἱὸς</span> <span class='ocrx_word' id='word_1_964' title='bbox 2603 5419 2941 5487; x_wconf 81' lang='grc' dir='ltr'>Πνεύματος.</span> <span class='ocrx_word' id='word_1_965' title='bbox 2968 5418 3133 5471; x_wconf 80' lang='grc' dir='ltr'>Φύσει</span> <span class='ocrx_word' id='word_1_966' title='bbox 3171 5420 3227 5471; x_wconf 82' lang='grc' dir='ltr'><strong>δὲ</strong></span> <span class='ocrx_word' id='word_1_967' title='bbox 3260 5420 3386 5471; x_wconf 74' lang='grc' dir='ltr'>ἶσον</span> <span class='ocrx_word' id='word_1_968' title='bbox 3420 5420 3519 5471; x_wconf 68' lang='grc' dir='ltr'>καὶ</span> <span class='ocrx_word' id='word_1_969' title='bbox 3547 5418 3723 5485; x_wconf 73' lang='grc' dir='ltr'>Πατρὶ</span> 
     </span>
    </p>
   </div>
   <div class='ocr_carea' id='block_1_128' title="bbox 2131 5493 3721 5571">
    <p class='ocr_par' dir='ltr' id='par_1_128' title="bbox 2131 5493 3721 5571">
     <span class='ocr_line' id='line_1_129' title="bbox 2131 5493 3721 5571; baseline -0.003 -18"><span class='ocrx_word' id='word_1_970' title='bbox 2131 5502 2228 5553; x_wconf 73' lang='grc' dir='ltr'>καὶ</span> <span class='ocrx_word' id='word_1_971' title='bbox 2250 5500 2380 5571; x_wconf 80' lang='grc' dir='ltr'><strong>Υίῷ.</strong></span> <span class='ocrx_word' id='word_1_972' title='bbox 2405 5493 2501 5561; x_wconf 76' lang='grc' dir='ltr'>Οἷς</span> <span class='ocrx_word' id='word_1_973' title='bbox 2526 5501 2633 5570; x_wconf 71' lang='grc' dir='ltr'><strong>γὰρ</strong></span> <span class='ocrx_word' id='word_1_974' title='bbox 2662 5501 2694 5570; x_wconf 81' lang='grc' dir='ltr'><strong>ἡ</strong></span> <span class='ocrx_word' id='word_1_975' title='bbox 2723 5500 2860 5570; x_wconf 78' lang='grc' dir='ltr'>αὐτὴ</span> <span class='ocrx_word' id='word_1_976' title='bbox 2888 5501 3159 5570; x_wconf 65' lang='grc' dir='ltr'>ἐνέργεια,</span> <span class='ocrx_word' id='word_1_977' title='bbox 3188 5500 3410 5564; x_wconf 78' lang='grc' dir='ltr'>τούτοις</span> <span class='ocrx_word' id='word_1_978' title='bbox 3440 5502 3539 5556; x_wconf 73' lang='grc' dir='ltr'>καὶ</span> <span class='ocrx_word' id='word_1_979' title='bbox 3563 5501 3721 5568; x_wconf 75' lang='grc' dir='ltr'>φύσις</span> 
     </span>
    </p>
   </div>
   <div class='ocr_carea' id='block_1_129' title="bbox 2131 5583 3721 5654">
    <p class='ocr_par' dir='ltr' id='par_1_129' title="bbox 2131 5583 3721 5654">
     <span class='ocr_line' id='line_1_130' title="bbox 2131 5583 3721 5654; baseline -0.003 -18"><span class='ocrx_word' id='word_1_980' title='bbox 2131 5587 2163 5654; x_wconf 82' lang='grc' dir='ltr'><strong>ἡ</strong></span> <span class='ocrx_word' id='word_1_981' title='bbox 2199 5586 2361 5653; x_wconf 80' lang='grc' dir='ltr'>αὐτή.</span> <span class='ocrx_word' id='word_1_982' title='bbox 2395 5585 2653 5653; x_wconf 78' lang='grc' dir='ltr'>Εὐνόμιος</span> <span class='ocrx_word' id='word_1_983' title='bbox 2676 5585 2732 5637; x_wconf 76' lang='grc' dir='ltr'><strong>δὲ</strong></span> <span class='ocrx_word' id='word_1_984' title='bbox 2753 5588 2819 5654; x_wconf 79' lang='grc' dir='ltr'>τῇ</span> <span class='ocrx_word' id='word_1_985' title='bbox 2853 5584 3005 5652; x_wconf 74' lang='grc' dir='ltr'>τάξει</span> <span class='ocrx_word' id='word_1_986' title='bbox 3032 5583 3325 5653; x_wconf 83' lang='grc' dir='ltr'>προσσχὼν</span> <span class='ocrx_word' id='word_1_987' title='bbox 3354 5588 3461 5652; x_wconf 78' lang='grc' dir='ltr'>τῆς</span> <span class='ocrx_word' id='word_1_988' title='bbox 3496 5584 3721 5652; x_wconf 76' lang='grc' dir='ltr'>συναρε-</span> 
     </span>
    </p>
   </div>
   <div class='ocr_carea' id='block_1_130' title="bbox 2130 5667 3433 5739">
    <p class='ocr_par' dir='ltr' id='par_1_130' title="bbox 2130 5667 3433 5739">
     <span class='ocr_line' id='line_1_131' title="bbox 2130 5667 3433 5739; baseline 0.001 -21"><span class='ocrx_word' id='word_1_989' title='bbox 2130 5670 2406 5739; x_wconf 82' lang='grc' dir='ltr'>Θμήσεως,</span> <span class='ocrx_word' id='word_1_990' title='bbox 2442 5669 2634 5737; x_wconf 83' lang='grc' dir='ltr'>τρίτης</span> <span class='ocrx_word' id='word_1_991' title='bbox 2669 5669 2800 5720; x_wconf 68' lang='grc' dir='ltr'>αὐτὸ</span> <span class='ocrx_word' id='word_1_992' title='bbox 2841 5669 3053 5737; x_wconf 71' lang='grc' dir='ltr'>φύσεως</span> <span class='ocrx_word' id='word_1_993' title='bbox 3080 5667 3433 5737; x_wconf 73' lang='grc' dir='ltr'>ἀπεφήνατο.</span> 
     </span>
    </p>
   </div>
   <div class='ocr_carea' id='block_1_131' title="bbox 2236 5778 3716 5847">
    <p class='ocr_par' dir='ltr' id='par_1_131' title="bbox 2236 5778 3716 5847">
     <span class='ocr_line' id='line_1_132' title="bbox 2236 5778 3716 5847; baseline -0.002 -13"><span class='ocrx_word' id='word_1_994' title='bbox 2236 5792 2256 5813; x_wconf 76' lang='grc'><strong>⁴</strong></span> <span class='ocrx_word' id='word_1_995' title='bbox 2290 5781 2447 5835; x_wconf 83' lang='lat' dir='ltr'><strong>Joan.</strong></span> <span class='ocrx_word' id='word_1_996' title='bbox 2490 5798 2597 5847; x_wconf 68' lang='grc' dir='ltr'>χεν,</span> <span class='ocrx_word' id='word_1_997' title='bbox 2637 5784 2689 5835; x_wconf 86' lang='grc'><strong>6.</strong></span> <span class='ocrx_word' id='word_1_998' title='bbox 2818 5785 2836 5814; x_wconf 86' lang='grc'><strong><em>⁵</em></strong></span> <span class='ocrx_word' id='word_1_999' title='bbox 2870 5783 3009 5838; x_wconf 63' lang='grc' dir='ltr'>[ἐδί.</span> <span class='ocrx_word' id='word_1_1000' title='bbox 3038 5800 3166 5847; x_wconf 77' lang='lat' dir='ltr'><strong>tht,</strong></span> <span class='ocrx_word' id='word_1_1001' title='bbox 3194 5781 3243 5834; x_wconf 77' lang='grc'><strong>5.</strong></span> <span class='ocrx_word' id='word_1_1002' title='bbox 3379 5785 3400 5813; x_wconf 82' lang='grc'>⁸</span> <span class='ocrx_word' id='word_1_1003' title='bbox 3432 5778 3597 5833; x_wconf 80' lang='lat' dir='ltr'><strong>Joan.</strong></span> <span class='ocrx_word' id='word_1_1004' title='bbox 3627 5791 3716 5839; x_wconf 74' lang='lat' dir='ltr'><strong>XV,</strong></span> 
     </span>
    </p>
   </div>
  </div>
