4078 6292
485 473 587 535 727

1714 462 2097 528 EUTHYMII
2137 464 2500 526 ZIGABENI

3617 457 3717 522 7‘28

482 587 662 640 omnia
725 594 980 656 operatur
1023 601 1155 638 unus
1212 593 1260 638 et
1315 585 1452 638 idem
1503 583 1758 655 Spiritus,
1824 582 2056 638 dividens

2165 582 2331 646 ἄλλῳ
2351 583 2418 635 δὲ
2440 581 2769 651 προφητεία
2790 597 2802 612 ⁸
2842 579 3010 647 ἄλλῳ
3036 577 3108 634 δὲ
3139 576 3434 642 διάκρισις
3463 577 3717 645 πνευμά-

479 671 704 738 singulis
750 679 906 739 prout
967 671 1079 722 vult
1124 671 1164 722 ¹.
1246 667 1456 722 Dixerit
1520 670 1717 738 aliquis
1775 669 1874 722 ltas
1931 683 2053 722 om-

481 771 598 818 nes,
631 762 684 807 et
717 755 873 817 alias,
901 767 1238 822 quaecunque
1271 766 1396 808 sunt
1423 754 1659 821 Spiritus
1688 755 1902 824 gratim,
1932 767 2055 807 esse

482 845 736 904 tanquam
796 851 993 902 corpus
1041 836 1231 905 ipsius,
1287 827 1544 905 singulas
1577 846 1754 890 autem
1809 838 2052 904 ipsarum

479 918 706 987 digitum
776 919 1056 988 appellari.
1115 921 1288 988 Atque
1345 919 1488 974 hunc
1539 921 1758 990 quidem
1823 920 2054 988 hujusce

479 1002 631 1056 verbi
659 1017 810 1054 usum
843 1018 912 1057 ne
935 1003 1262 1070 despexeris.
1294 1002 1426 1057 Nam
1458 1020 1579 1058 cum
1617 1005 1841 1058 dixisset
1879 1023 1892 1056 :
1927 1006 2054 1058 Haec

480 1084 660 1137 omnia
693 1084 927 1151 Spiritus
978 1097 1265 1153 operatur,
1322 1095 1379 1139 ut
1441 1088 1574 1152 vult,
1625 1089 1688 1142 de
1753 1087 1862 1142 Deo
1907 1087 2049 1140 idem

479 1167 556 1220 ait
626 1188 640 1225 :
696 1167 995 1223 Divisiones
1053 1173 1415 1238 operationum
1483 1182 1627 1232 sunt,
1678 1173 1812 1224 idem
1879 1181 2053 1225 autem

478 1249 642 1313 Deus,
695 1254 786 1321 qui
826 1263 1076 1318 operatur
1117 1257 1296 1310 omnia
1349 1256 1402 1310 in
1442 1258 1681 1310 omnibus
1715 1259 1756 1308 ’.
1794 1256 1950 1322 Quod
2005 1257 2051 1310 si

479 1347 738 1403 operatur
773 1339 954 1392 omnia
992 1337 1131 1393 Deus
1165 1351 1222 1393 ut
1264 1340 1396 1403 vult,
1439 1349 1492 1394 et
1523 1343 1634 1412 ltmt-
1681 1343 1859 1394 omnia
1925 1356 2055 1406 ope-

483 1432 631 1474 ratur
655 1437 793 1474 unus
825 1433 878 1476 et
911 1423 1046 1476 idem
1078 1422 1335 1492 Spiritus,
1359 1425 1604 1478 dividens
1638 1426 1865 1493 singulis
1891 1434 2054 1494 prout

481 1505 614 1560 vult.
647 1509 918 1572 quomodo
950 1501 1238 1560 diversitas
1265 1509 1518 1560 essentia:
1566 1509 1658 1572 sit,
1729 1508 1816 1560 ubi
1863 1508 2051 1561 eadem

482 1588 712 1641 actionis
741 1589 820 1641 vis
850 1587 1136 1642 ?Diversis
1189 1590 1330 1643 enim
1379 1591 1635 1644 essentiis
1688 1605 1752 1643 ex
1805 1591 2052 1643 lsunnmii

481 1672 748 1726 sententia
805 1673 1051 1726 diversas
1120 1687 1240 1728 esse
1302 1677 1550 1729 actiones
1614 1675 1918 1742 oportebat.
1987 1677 2054 1727 At

481 1755 724 1808 eamdem
753 1756 975 1824 Spiritui
1004 1756 1385 1810 auctoritatem
1427 1773 1489 1812 ac
1553 1767 1876 1826 potestatem
1926 1759 2053 1814 S--r-

482 1848 637 1891 vatur
671 1855 793 1893 esse
843 1840 1161 1905 testilicaas,
1201 1842 1452 1910 Spiritus,
1505 1844 1702 1914 inquit,
1765 1844 1853 1898 ubi
1918 1846 2050 1911 vult,

481 1924 646 1989 spirat
682 1923 721 1976 ³.

949 2167 1031 2218 Ex
1063 2168 1246 2220 eadem
1276 2170 1546 2223 oratione.

554 2254 642 2308 Dei
685 2257 958 2324 proprium
991 2267 1075 2311 est
1131 2260 1407 2316 dimittere
1472 2272 1715 2330 peccata,
1757 2279 1876 2317 cum
1932 2265 2050 2335 ipse

481 2337 627 2391 dicat
677 2355 690 2390 :
743 2337 852 2406 Ego
878 2355 1012 2403 sum,
1047 2342 1136 2410 qui
1187 2341 1335 2396 deleo
1378 2356 1592 2411 peccata
1623 2357 1710 2398 tua
1747 2344 1788 2400 ί.
1832 2345 1896 2400 Et
1941 2366 1953 2400 :
1995 2347 2053 2402 Si

483 2421 680 2486 fuerint
705 2431 916 2480 peccata
941 2435 1111 2476 vestra
1153 2427 1232 2478 uti
1250 2429 1588 2492 vermiculus,
1665 2429 2059 2484 dealbabuntur

486 2515 734 2570 tanquam
788 2506 898 2564 uix,
967 2507 1047 2559 sin
1091 2508 1283 2576 fuerint
1341 2520 1395 2563 ut
1458 2513 1745 2577 coccinum,
1805 2525 2055 2582 tanquam

485 2586 609 2641 lana
639 2589 759 2642 alba
779 2591 986 2646 erunt".
1016 2593 1272 2648 Dominus
1301 2611 1427 2649 vero
1450 2597 1729 2652 insulllans
1747 2601 2008 2668 apostolis
2039 2617 2050 2651 :

487 2673 743 2741 Accipite,
770 2675 962 2743 inquit,
1003 2675 1260 2744 Spiritum
1315 2691 1554 2733 sanctum
1588 2696 1606 2732 :
1635 2699 1856 2750 quorum
1901 2684 2057 2735 remi-

486 2755 661 2809 seritis
691 2767 926 2823 peccata,
963 2761 1310 2813 remittuntur
1357 2765 1430 2815 eis
1461 2764 1500 2818 ³.
1547 2764 1602 2818 Si
1652 2766 1853 2818 nullius
1893 2766 2056 2834 igitur

485 2848 588 2901 est,
625 2840 896 2894 remittere
922 2854 1162 2910 peccata,
1201 2854 1255 2896 ut
1285 2847 1526 2912 proferto
1557 2863 1658 2901 non
1688 2858 1790 2911 est,
1837 2849 1938 2902 nisi
1965 2866 2056 2902 so-

489 2919 593 2975 lius
637 2921 752 2987 Dei,
796 2924 1029 2991 Spiritus
1059 2939 1238 2980 autem
1287 2941 1508 2985 sanctus
1537 2947 1596 2984 ea
1633 2949 1728 3001 per
1779 2934 2056 3000 apostolos

487 3005 750 3061 dimittit:
787 3008 1020 3078 Spiritus
1064 3023 1282 3067 sanctus
1344 3016 1597 3070 nimirum
1651 3028 1736 3072 est
1779 3019 1938 3080 Dens,
2004 3029 2060 3073 et

488 3093 756 3156 eamdem,
791 3109 948 3162 quam
1008 3095 1171 3150 Pater
1200 3109 1253 3152 ct
1277 3097 1462 3161 Filius,
1501 3103 1770 3154 actionem
1799 3102 1984 3156 habet.

963 3187 1045 3242 I51:
1077 3193 1256 3244 eadem
1293 3194 1554 3246 oratione.

2157 685 2295 731 των,
2320 667 2487 731 ἄλλῳ
2521 667 2591 719 δὲ
2612 668 2752 733 γένη
2792 663 3108 734 γλωσσῶν,
3143 662 3312 726 ἄλλῳ
3345 661 3414 714 δὲ
3450 662 3718 730 ἑρμηνεία

2158 752 2474 822 γλωσσῶν.
2518 753 2708 807 Ταῦτα
2749 752 2817 804 δὲ
2850 751 3045 804 πάντα
3079 747 3312 816 ἐνεργεῖ
3339 747 3403 799 τὸ
3431 746 3500 800 ἒν
3538 748 3716 802 καὶτὸ

2157 838 2305 890 αὐτὸ
2329 837 2568 904 Πνεῦμα
2593 833 2865 901 διαιροῦν
2885 836 3004 887 tota
3029 832 3262 894 ἑκάστῳ
3290 829 3485 894 καθὼς
3505 830 3717 893 ,ϐούλε-

2157 939 2272 976 ται.
2299 921 2456 974 Εἴποι
2474 916 2569 973 οὖν
2594 937 2678 983 τις
2703 919 2788 981 ἂν,
2815 922 2897 973 ὅτι
2917 916 3089 969 ταῦτα
3119 917 3317 976 πάντα,
3343 913 3437 966 καὶ
3461 915 3564 967 ὅσα
3592 914 3720 968 ἄλλα

2158 1005 2478 1074 χαρίσματά
2499 1006 2604 1055 εἰσι
2624 1000 2715 1055 τοῦ
2743 1001 3078 1070 Πνεὺματος,
3099 999 3286 1067 ὥσπερ
3303 1015 3355 1050 τι
3384 999 3543 1068 σῶμα
3565 996 3717 1050 αὐτοῦ

2157 1089 2443 1158 τυγχάνει,
2484 1088 2545 1141 τὸ
2577 1087 2634 1140 δὲ
2673 1086 2796 1142 καθ’
2829 1086 2888 1138 ἓν
2915 1085 3028 1137 τῶν
3055 1083 3414 1154 χαρισμάτων
3441 1082 3716 1145 δάκτυλος.

2158 1174 2270 1226 Καὶ
2296 1173 2455 1225 τοῦτο
2478 1173 2534 1226 δὲ
2568 1172 2626 1222 τὸ
2652 1173 2927 1240 χρήσιμον
2957 1168 3055 1235 τῆς
3085 1166 3282 1230 λέξεως
3334 1166 3410 1235 μὴ
3447 1165 3675 1234 παρίδῃς
3703 1181 3717 1196 ⁸

2157 1256 2364 1312 Πάντα
2418 1259 2546 1326 γὰρ,
2588 1257 2789 1326 φήσας,
2825 1254 3015 1306 ταῦτα
3053 1250 3287 1319 ἐνεργεῖ
3334 1250 3400 1302 τὸ
3465 1246 3718 1315 Πνεῦμα,

2157 1347 2354 1408 καθὼς
2382 1343 2695 1406 βούλεται,
2720 1338 2812 1392 καὶ
2841 1355 2906 1390 πε
2919 1339 2970 1404 pi.
2995 1335 3130 1389 Θεοῦ
3160 1337 3186 1388 6
3227 1336 3394 1397 αὐτὸς
3430 1332 3536 1402 ἔφη
3563 1349 3577 1362 ο
3620 1330 3720 1385 Καὶ

2155 1426 2477 1496 διαιρέσεις
2508 1422 2927 1493 ἐνεργημάτων
2957 1422 3116 1475 εἰσίν
3142 1438 3156 1453 ο
3190 1423 3222 1474 ό
3255 1419 3322 1473 δὲ
3359 1419 3544 1483 αὐτὸς
3565 1418 3717 1482 Θεὸς,

2157 1515 2189 1565 ό
2220 1509 2480 1579 ἐνεργῶν
2518 1511 2589 1563 τὰ
2613 1508 2813 1561 πάντα
2842 1507 2912 1560 ἐν
2938 1504 3148 1559 πᾶσιν.
3188 1505 3250 1556 El
3277 1504 3333 1556 δὲ
3365 1504 3548 1554 πάντα
3577 1502 3720 1570 susp;

2157 1597 2244 1665 γεῖ
2267 1599 2293 1650 6
2325 1595 2482 1659 Θεὸς,
2525 1592 2709 1655 καθὼς
2748 1592 3024 1661 βούλεται,
3077 1589 3194 1652 πῶς
3228 1587 3491 1656 ἑτερότης
3521 1585 3718 1650 οὐσίας,

2156 1680 2285 1734 ἔνθα
2310 1679 2579 1748 ταυτότης
2609 1679 2890 1746 ἐνεργείας
2928 1673 3262 1744 γνωρίζεται
3289 1687 3302 1735 ;
3326 1669 3722 1740 Παρηλλαγμέ-

2158 1779 2262 1815 νων
2302 1761 2414 1832 γὰρ
2440 1760 2546 1813 τῶν
2577 1759 2796 1820 οὐσιῶν,
2830 1753 3294 1826 παρηλλαγμένας
3321 1749 3467 1804 εἶναι
3499 1749 3604 1802 ἔδει
3635 1750 3722 1832 καὶ

2159 1843 2255 1906 τὰς
2290 1831 2578 1912 ἐνεργείας
2605 1843 2746 1895 κατὰ
2768 1841 2859 1892 τὸν
2883 1837 3249 1890 ἀσεϐέστατον
3291 1832 3582 1900 Εὐνόμιον.
3620 1831 3724 1899 Τὴν

2087 1927 2214 1985 Βδὲ
2291 1926 2461 1994 αὐτὴν
2502 1924 2790 1980 αὐθεντίαν
2850 1925 2942 1982 καὶ
3000 1918 3248 1984 ἐξουσίαν
3301 1913 3600 1985 μαρτυρῶν
3653 1912 3724 1982 τῷ

2163 2009 2447 2080 Πνεύματι
2486 2012 2512 2062 ὁ
2547 2007 2760 2077 Σωτὴρ,
2797 2005 2866 2059 Τὸ
2903 2004 3167 2072 Πνεῦμα,
3218 2001 3346 2073 ἔφη,
3383 2000 3541 2053 ὅπου
3575 1997 3723 2053 θέλει

2163 2099 2318 2152 πνεῖ.

2715 2167 2796 2218 Ex
2831 2164 2936 2217 τοῦ
2988 2164 3197 2218 αὑτοῦ.

2237 2262 2400 2312 Ἴδιον
2449 2257 2586 2311 Θεοῦ
2618 2257 2838 2326 ἀφιέναι
2880 2257 3180 2326 ἁμαρτίας,
3213 2253 3382 2307 αὑτοῦ
3438 2252 3682 2318 λέγοντος
3709 2262 3722 2276 ⁸

2177 2344 2323 2413 Ἐγώ
2351 2348 2468 2414 εἰμι
2507 2347 2537 2397 ὁ
2573 2343 2910 2410 ἐξαλείφειν
2939 2342 3046 2404 τὰς
3086 2339 3560 2407 ἁμαρτίας-σου,
3598 2333 3724 2386 καί·

2176 2430 2318 2482 Ἐὰν
2344 2423 2496 2481 ὦσιν
2543 2430 2599 2481 αἱ
2640 2427 2914 2495 ἁμαρτίαι
2953 2422 3120 2491 ὑμῶν
3156 2423 3236 2488 ὡς
3268 2420 3608 2490 φοινικοῦν,
3655 2417 3726 2481 ὡς

2165 2517 2340 2580 χιόνα
2385 2509 2682 2572 λευκανῶ,
2746 2511 2854 2562 ἐὰν
2893 2507 2960 2560 δὲ
2995 2501 3147 2560 ὦσιν
3188 2506 3268 2571 ὡς
3305 2504 3614 2566 κόκκινον,
3656 2501 3730 2565 ὡς

2164 2597 2328 2663 ἔριον
2358 2592 2656 2648 λευκανῶ.
2693 2592 2753 2643 Ὀ
2783 2592 2840 2644 δὲ
2887 2589 3088 2659 Κύριος
3128 2588 3390 2657 ἐμφυσῶν
3447 2588 3559 2649 τοῖς
3601 2585 3730 2637 ἀπο-

2168 2681 2375 2742 στόλοις
2414 2679 2516 2746 ἔφη
2551 2695 2564 2709 ·
2610 2676 2833 2730 Λάϐετε
2895 2673 3135 2740 Πνεῦμα
3166 2672 3358 2740 ἅγιον.
3393 2670 3504 2723 Ἂν
3562 2682 3732 2722 τινων

2165 2765 2357 2833 ἀφῆτε
2390 2761 2496 2827 τὰς
2527 2762 2833 2830 ἁμαρτίας,
2869 2760 3141 2826 ἀφίενται
3177 2755 3404 2821 αὐτοῖς.
3444 2758 3506 2808 El
3563 2754 3731 2806 τοίνυν

2165 2847 2378 2909 οὐδενός
2401 2848 2551 2897 ἐστιν
2599 2845 2824 2911 ἀφιέναι
2871 2842 3172 2911 ἁμαρτίας,
3231 2842 3427 2906 ὥσπερ
3462 2841 3560 2892 οὐκ
3590 2840 3728 2891 ἐστιν

2167 2935 2215 2986 εί
2274 2932 2348 3000 μὴ
2388 2929 2554 2999 μόνου
2595 2927 2752 2991 Θεοῦ,
2789 2927 2980 2994 ἀφίησι
3016 2925 3072 2976 δὲ
3113 2927 3174 2977 τὺ
3207 2924 3439 2992 Πνεῦμα
3489 2926 3548 2977 τὸ
3582 2923 3729 2990 ἅγιον

2165 3018 2254 3072 διὰ
2297 3018 2407 3067 τῶν
2435 3014 2774 3069 ἀποστόλων.
2810 3012 2941 3075 Θεὸς
2969 3011 3075 3081 ἄρα
3103 3011 3164 3063 τὸ
3193 3010 3428 3079 Πνεῦμα
3462 3010 3524 3062 τὸ
3563 3009 3730 3077 ἅγιον,

2169 3102 2257 3155 καὶ
2287 3101 2383 3168 τῆς
2422 3099 2590 3165 αὐτῆς
2627 3096 2908 3165 ἐνεργείας
2936 3095 3012 3163 τῷ
3046 3095 3220 3163 Πατρὶ
3255 3095 3348 3146 κπιί
3386 3093 3470 3163 τῷ
3504 3093 3631 3164 Υἱῷ.

2721 3188 2820 3239 Ἐκ
2845 3185 2949 3238 τοῦ
2977 3183 3188 3237 αὐτοῦ.

576 3277 716 3330 Vnde
767 3279 1102 3345 Damascum,
1136 3295 1182 3335 et
1240 3286 1316 3339 ibi
1375 3287 1579 3340 dicetur
1629 3289 1746 3347 tibi,
1810 3290 2057 3356 quoniam

2235 3283 2504 3351 Πορεύου
2538 3284 2625 3346 εἰς
2652 3279 3005 3346 Δαμασκὸν,
3038 3277 3217 3331 κάκεῖ
3253 3293 3355 3331 σοι
3387 3277 3733 3345 λαληθήσε-

490 3375 580 3411 vas
613 3359 877 3415 electionis
909 3365 1035 3416 mihi
1060 3383 1111 3418 es
1144 3368 1185 3418 ⁷.
1221 3366 1480 3422 Dominus
1531 3369 1694 3439 igitur
1726 3370 1890 3425 Paulo
1939 3388 2062 3427 eum

491 3445 872 3510 apparuisset,
932 3447 1142 3502 locutus
1194 3460 1297 3503 est.
1363 3451 1428 3504 At
1486 3453 1661 3506 eidem
1740 3456 2060 3510 Damascam

497 3525 742 3593 ingresso
777 3529 1015 3583 Ananias
1077 3533 1152 3584 ait
1190 3549 1204 3585 :
1241 3532 1400 3587 Saule
1437 3535 1625 3601 frater,
1655 3539 1872 3606 respice,
1928 3539 2064 3592 Deus

494 3616 710 3676 patrum
749 3612 904 3680 elegit
927 3623 975 3666 te
1004 3615 1049 3668 ⁸.
1110 3617 1186 3670 Ac
1227 3632 1292 3670 ne
1335 3633 1435 3670 vox
1470 3619 1558 3672 illa
1592 3622 1732 3674 Deus
1759 3622 1824 3676 de
1847 3621 2065 3676 Christo

496 3694 843 3764 intelligatur,
882 3699 1141 3767 subjicit:
1187 3699 1250 3753 Ut
1281 3703 1454 3769 facins
1501 3704 1820 3759 voluntatem
1850 3707 1984 3776 ejus,
2016 3716 2065 3759 et

494 3781 779 3846 cognoscas
819 3781 1024 3850 justum
1073 3785 1237 3853 ipsius
1286 3785 1489 3841 Iesum.
1524 3787 1640 3857 Ipse
1675 3805 1801 3845 vere
1830 3793 2070 3844 Vocatiu-

498 3880 621 3919 nem
667 3874 722 3920 et
750 3867 1070 3922 electionem
1114 3869 1370 3938 scriptam
1428 3872 1739 3941 relinquens
1777 3892 1789 3927 :
1842 3873 2064 3935 Paulus,

497 3949 885 4019 inquit,servus
903 3950 1031 4005 Jesu
1056 3952 1274 4019 Christi,
1297 3966 1506 4008 voratus
1519 3957 1785 4024 apostolus
1805 3960 1847 4012 θ.
1868 3959 2068 4014 Deinde

500 4038 769 4092 vocationi
809 4039 954 4093 aliud
1007 4041 1262 4106 quiddam
1297 4040 1578 4110 adjnngit:
1614 4043 1944 4113 Segregatus,
1989 4046 2069 4098 iu-

499 4123 710 4189 quieus,
742 4123 796 4175 in
833 4121 1173 4193 Evangelium
1213 4123 1307 4177 Dei
1337 4125 1403 4179 ¹⁰.
1466 4125 1620 4191 Quod
1667 4135 1845 4180 autem
1896 4129 2004 4190 ille,
2038 4145 2067 4181 a

501 4221 606 4273 quo
646 4217 964 4275 segregatus
1001 4217 1105 4270 est,
1145 4207 1309 4262 fuerit
1345 4207 1580 4274 Spiritus
1627 4219 1868 4275 sanctus,
1903 4212 2071 4265 Actus

500 4291 865 4359 apostolorum
895 4296 1270 4356 ostenderunt,
1307 4295 1395 4348 ubi
1435 4297 1700 4362 scriptum
1740 4303 1824 4349 est
1858 4311 1872 4346 :
1921 4295 2071 4363 Jeju-

502 4373 749 4426 uantibus
776 4384 952 4426 autem
985 4377 1259 4440 apostolis,
1293 4386 1341 4429 et
1379 4377 1649 4429 orantibus
1675 4378 1808 4431 dixit
1837 4377 2070 4446 Spiritus

501 4469 763 4510 sanctus:
797 4456 1073 4526 Segregate
1119 4462 1244 4512 mihi
1299 4461 1525 4513 Paulum
1573 4472 1618 4512 et
1677 4460 1976 4515 Barnabant
2017 4465 2072 4516 in

503 4555 655 4608 opus,
697 4540 766 4591 ad
791 4541 930 4609 quod
962 4542 1139 4595 vocavi
1165 4559 1251 4596 eos
1285 4543 1348 4596 “.
1383 4543 1533 4608 Quod
1573 4543 1616 4596 si
1655 4541 1877 4595 Paulum
1909 4545 2073 4612 elegit

2166 3386 2281 3431 ται,
2318 3368 2407 3420 ὅτι
2438 3367 2663 3431 σκεῦος
2696 3360 2958 3430 ἐκλογῆς
2985 3379 3084 3430 μοι
3128 3357 3218 3423 εἴ,
3268 3362 3570 3429 οὐρανόθεν
3627 3368 3736 3415 ἑπι-

2169 3453 2358 3520 φανεὶς
2413 3453 2440 3503 6
2505 3451 2707 3519 Κύριος
2740 3448 2817 3516 τῷ
2851 3447 3047 3514 Παύλῳ
3101 3445 3225 3515 ἔφη.
3275 3445 3521 3498 Είσιόντι
3578 3447 3632 3500 δὲ
3659 3449 3736 3510 είς

2168 3535 2460 3607 Δαμασκὸν
2497 3532 2744 3593 Ἀνανίας
2775 3530 2880 3598 ἔφη
2911 3546 2927 3562 ο
2958 3529 3159 3582 Σαοὺλ
3182 3527 3439 3597 ἀδελφὲ,
3487 3530 3732 3584 ἀνάϐλε-

2167 3624 2302 3688 aiat,
2334 3623 2366 3672 ό
2394 3617 2537 3682 Θεὸς
2567 3615 2685 3668 τῶν
2709 3613 2982 3678 πατέρων
3008 3613 3476 3680 προεχειρίσατό
3503 3629 3595 3666 σε.
3630 3613 3734 3666 Καὶ

2170 3705 2257 3757 ἵνα
2297 3703 2370 3771 μὴ
2424 3700 2552 3767 περὶ
2603 3697 2843 3767 Χριστοῦ
2888 3696 3119 3766 νομισθῄ
3148 3695 3207 3748 τό
3237 3695 3414 3765 ῥῆμα,
3445 3695 3689 3765 ἐπιλέγει
3715 3709 3730 3726 ⁸

2173 3787 2288 3841 Τοῦ
2323 3784 2574 3850 ποιῆσαι
2627 3785 2691 3834 τὸ
2718 3781 2947 3850 θέλημα
2975 3780 3184 3842 αὐτοῦ,
3250 3781 3348 3832 καί
3381 3780 3604 3848 γνῶναι
3635 3780 3735 3834 τὸν

2169 3875 2405 3926 δίκαιον
2429 3867 2617 3922 αὑτοῦ
2640 3865 2908 3931 Ἰησοῦν.
2948 3865 3044 3925 Ὃς
3071 3863 3135 3933 δὴ
3165 3863 3264 3933 τὴν
3294 3862 3512 3932 κλῆσιν,
3533 3865 3625 3917 καὶ
3642 3863 3734 3933 τὴν

2171 3953 2514 4025 προχείρισιν
2544 3950 2897 4018 ἀνάγραπτον
2953 3947 3281 4014 ποιούμενος
3312 3945 3419 4016 ἔφη
3448 3962 3462 3976 ⁸
3501 3947 3734 4011 Παῦλος

2171 4040 2392 4102 δοῦλος
2430 4033 2626 4102 Ἰησοῦ
2656 4030 2914 4099 Χριστοῦ
2944 4030 3173 4098 κλητὸς
3211 4028 3585 4092 ἀπόστολος.
3611 4025 3736 4082 Εἶτα

2174 4124 2267 4176 καὶ
2319 4121 2522 4182 ἄλλοτι
2554 4117 2694 4185 πρὸς
2723 4117 2788 4183 τῇ
2823 4114 3014 4181 κλήσει
3077 4112 3259 4180 λέγει·
3296 4112 3734 4182 Ἀφωρισμένος

2172 4208 2259 4270 είς
2286 4201 2660 4270 Εὐαγγέλιον
2692 4196 2862 4250 Θεοῦ.
2905 4195 2979 4247 Τὸ
3028 4194 3083 4247 δὲ
3117 4196 3388 4264 ἀφορίσαν
3426 4197 3487 4250 τὸ
3518 4195 3734 4265 Πνεῦμα

2173 4287 2461 4355 τυγχάνειν
2513 4283 2570 4335 αἱ
2625 4279 2858 4350 Πράξεις
2909 4277 3020 4330 τῶν
3061 4279 3380 4331 ἀποστόλων
3443 4279 3729 4343 ἐδίδαξαν·

2172 4368 2612 4437 Νηστευόντων
2663 4363 2796 4433 γὰρ,
2845 4363 3001 4432 φησι,
3047 4362 3164 4414 τῶν
3219 4364 3605 4426 ἀποστόλων,
3640 4360 3732 4414 καί

2175 4471 2236 4522 ,τι
2257 4450 2697 4519 οσευχομένων,
2727 4444 2848 4500 εἷπε
2882 4449 2942 4500 τὸ
2975 4448 3201 4516 Πνεῦμα
3224 4448 3284 4500 τὸ
3305 4447 3464 4512 ἅγιον
3483 4465 3496 4477 ·
3517 4447 3736 4517 Ἀφορί-

2176 4553 2324 4591 σατε
2353 4535 2427 4601 δή
2457 4550 2558 4601 μοι
2590 4532 2696 4584 τὸν
2742 4531 3010 4592 Παῦλον,
3044 4531 3143 4584 καὶ
3171 4530 3280 4583 τὸν
3305 4532 3621 4599 Βαρνάϐαν
3653 4531 3734 4593 εις

509 4621 766 4675 Dominus
821 4622 957 4676 Deus
1009 4633 1245 4691 patrum,
1306 4639 1464 4691 quem
1522 4633 1699 4678 autem
1753 4626 1839 4680 hic
1887 4609 2061 4695 elegit,

2177 4622 2243 4676 τὸ
2273 4621 2481 4688 ἔργον,
2514 4616 2545 4668 ὃ
2573 4614 3032 4682 προσκέκλημαι
3065 4615 3310 4679 αὐτούς.
3346 4615 3411 4666 Et
3441 4615 3498 4668 δὲ
3524 4615 3737 4681 ἐκλέγε-

509 4705 654 4759 liunc
684 4718 930 4776 segregat
960 4705 1200 4776 Spiritus
1242 4717 1487 4772 sanctus,
1517 4719 1722 4764 natura:
1755 4721 1913 4764 utens
1941 4727 2076 4766 auc-

506 4789 742 4855 toritate,
802 4794 1072 4861 quomodo
1095 4793 1343 4848 essentia:
1373 4792 1657 4848 diversitas
1691 4795 1743 4847 in
1787 4793 2072 4862 Trinitate,

505 4871 558 4924 in
617 4889 722 4942 qua
759 4876 951 4930 eadem
985 4876 1218 4932 actionis
1246 4876 1327 4929 vis
1364 4876 1685 4932 invenitur?

996 5113 1078 5166 Ex
1101 5115 1280 5180 eadem
1311 5118 1567 5171 oratione.

580 5206 750 5258 Isaias
783 5207 1039 5272 propheta
1075 5218 1086 5254 :
1131 5203 1271 5271 Vidi,
1303 5206 1494 5272 inquit,
1533 5208 1814 5265 Dominum
1843 5211 2074 5266 Sabaoth

507 5293 773 5342 sedentem
811 5289 865 5340 in
896 5288 1032 5340 solio
1062 5288 1196 5352 alto,
1228 5298 1275 5341 et
1298 5290 1529 5351 sublimi,
1562 5301 1611 5344 et
1649 5295 1907 5360 seraphim
1961 5305 2076 5350 sta-

506 5374 630 5424 bant
663 5372 718 5425 in
759 5369 980 5423 circuitu
1005 5369 1140 5438 ejus.
1181 5369 1286 5425 Sea:
1309 5371 1411 5426 alte
1435 5372 1547 5436 uni,
1579 5383 1629 5426 et
1655 5370 1746 5428 sea:
1774 5376 1880 5430 alte
1940 5382 2076 5432 alte-

504 5454 550 5508 ri
587 5453 652 5508 η.
679 5453 742 5506 Ει
769 5454 927 5523 paulo
959 5463 1080 5522 post
1113 5470 1126 5506 :
1173 5453 1240 5506 Et
1271 5455 1340 5507 ait
1392 5454 1648 5509 Dominus
1683 5462 1750 5511 ad
1777 5475 1856 5513 me
1890 5479 1902 5513 :
1967 5460 2070 5514 Va-

505 5537 590 5598 de,
623 5546 670 5588 et
731 5521 818 5588 ιιίὲ
865 5521 1054 5603 popqu
1103 5536 1223 5590 huic
1279 5553 1297 5590 :
1354 5539 1494 5590 Aure
1548 5539 1749 5601 audite,
1808 5552 1854 5594 et
1908 5543 2072 5598 nolite

505 5619 832 5687 intelligere;
863 5631 908 5672 et
941 5622 1168 5673 videntes
1208 5623 1397 5686 videte,
1431 5634 1476 5675 et
1527 5625 1690 5678 nolite
1745 5643 2070 5696 cognoscere.

504 5700 863 5755 lucrassatum
887 5704 1024 5754 enim
1059 5716 1132 5757 est
1162 5720 1252 5757 eor
1287 5706 1466 5774 populi
1492 5706 1670 5773 hujus,
1702 5718 1757 5761 et
1815 5726 1934 5776 qua}
1987 5726 2072 5765 se-

2171 4723 2264 4758 ται
2310 4704 2406 4773 μὲν
2452 4701 2615 4754 αὑτὸν
2666 4699 2873 4770 Κύριος
2921 4701 2948 4752 6
2991 4697 3123 4760 Θεὸς
3169 4699 3279 4750 τῶν
3323 4700 3620 4770 πατέρων,
3677 4697 3732 4750 ὃν

2171 4790 2230 4843 δὲ
2295 4780 2450 4844 οὗτος
2506 4781 2959 4854 προεχειρίσατο,
3019 4781 3109 4832 τὸν
3173 4781 3337 4833 αὑτὸν
3386 4782 3638 4849 ἀφορίζει
3676 4779 3733 4832 τὸ

2174 4871 2420 4939 Πνεῦμα,
2450 4866 2708 4935 αὑθεντίᾳ
2739 4865 2954 4932 φύσεως
2987 4862 3293 4934 χρώμενον,
3341 4865 3460 4924 πῶς
3489 4864 3733 4932 ἑτερότης

2173 4957 2360 5015 οὐσίας
2394 4956 2450 5006 ὲν
2498 4955 2565 5020 τῇ
2605 4949 2819 5020 Τριάδι,
2852 4950 2910 5000 ἐν
2985 4947 3248 5016 ταυτότης
3283 4947 3566 5016 ἐνεργείας
3597 4945 3735 5015 εὑρί-

2174 5056 2361 5094 σκεται
2383 5056 2396 5103 ;

2716 5102 2820 5156 Ἐκ
2847 5101 2953 5156 τοῦ
2991 5102 3198 5155 αὑτοῦ.

2256 5201 2480 5262 Ἡσαΐας
2516 5199 2544 5250 6
2579 5197 2865 5266 προφήτης
2920 5189 3126 5258 Εἶδον,
3178 5193 3306 5262 ἔφη,
3359 5193 3466 5246 τὸν
3525 5192 3733 5258 Κύριον

2175 5285 2417 5344 Σαϐαὼθ
2449 5282 2791 5350 καθήμενον
2824 5277 2923 5332 ἐπὶ
2955 5277 3175 5345 θρόνου
3206 5276 3473 5344 ὑψηλοῦ,
3513 5275 3608 5329 καὶ
3633 5275 3733 5326 ἑπ-

2174 5369 2457 5440 ηρμένου,
2479 5365 2577 5420 καὶ
2607 5367 2678 5417 τὰ
2708 5362 2970 5430 Σεραςοὶιι
2997 5359 3390 5426 είστήκεισαν
3415 5361 3618 5422 κύκλῳ
3636 5359 3731 5440 air-

2179 5454 2308 5519 τοῦ,
2351 5451 2420 5516 ἐξ
2454 5449 2742 5519 πτέρυγες
2793 5447 2873 5512 τῷ
2911 5447 3028 5511 ἑνὶ,
3069 5445 3168 5498 καὶ
3209 5443 3278 5507 ἐξ
3319 5443 3604 5512 πτέρυγες
3659 5439 3731 5504 τῷ

2181 5540 2292 5594 ἐνί.
2318 5539 2426 5591 Καὶ
2451 5538 2569 5607 μετ’
2600 5533 2758 5600 ὀλίγα
2801 5533 2970 5616 φησι·
3010 5531 3119 5616 Kal
3155 5526 3288 5616 sine
3336 5526 3732 5616 κύριος--.ιτρός

2177 5640 2274 5693 με,
2299 5621 2586 5690 Πορεύου,
2640 5619 2738 5671 καὶ
2789 5615 2961 5669 εἰπὸν
3009 5614 3091 5678 τῷ
3122 5611 3252 5678 λαῷ
3293 5613 3523 5693 τούτῳῂ
3565 5609 3728 5673 Ἀκοῇ

2181 5691 2496 5772 ἀκούσετε,
2563 5703 2660 5757 καὶ
2712 5704 2784 5755 οὑ
2832 5699 2920 5768 μὴ
2971 5697 3221 5763 συνῆτε,
3277 5695 3371 5749 καὶ
3405 5691 3730 5756 βλέποντες

577 5821 596 5890 ξ
626 5819 932 5890 ί-(Σονχιιι,
968 5822 1119 5876 8-H.
1182 5825 1201 5854 ¹
1236 5822 1367 5875 Ibid.
1395 5823 1445 5875 6.
1495 5822 1690 5876 'Joan.
1725 5837 1808 5878 tu.
1837 5825 1895 5877 8.
1946 5825 2088 5879 ‘lsa.
2116 5823 2380 5890 “111,25.
2433 5823 2455 5852 ⁸
2482 5819 2586 5876 lsa.
2612 5835 2664 5886 ν,
2689 5819 2771 5874 18.
2837 5821 2857 5852 ⁸
2889 5819 3044 5876 Joan.
3072 5835 3165 5888 xx,
3197 5819 3267 5873 23
3361 5818 3379 5849 ⁷
3420 5816 3631 5872 Actus,
3659 5804 3738 5860 l5.

506 5889 528 5920 ⁸
561 5887 694 5944 Ibid.
773 5894 792 5922 ’
819 5889 975 5943 Rom.
1004 5907 1040 5956 I,
1065 5893 1112 5943 l.
1198 5894 1238 5922 '°
1283 5891 1417 5945 liiid.
1500 5894 1538 5924 “
1573 5893 1689 5948 Aet.
1719 5897 1892 5960 $111,“).

1994 5895 2036 5926 ¹²
2073 5895 2175 5952 lsa.
2209 5909 2282 5962 Vl,
2315 5894 2364 5959 l,
2412 5899 2459 5946 2.
