4100 6290
237 477 347 539 729

1218 480 1587 543 PANOPLIA
1634 482 2186 545 DOGMATICA.-
2226 487 2372 547 Tl'l‘.
2417 490 2522 548 XI.

3393 488 3498 549 75:0

228 587 526 655 βλέψετε,
557 585 653 639 καὶ
692 588 763 640 οὐ
787 588 872 656 μὴ
900 587 1087 655 ἴδητε.
1107 589 1458 660 Ἔπαχύνθη
1486 594 1596 662 γὰρ
1621 595 1656 659 ἡ
1683 612 1822 659 καρ-

1935 607 2162 663 iuuatur
2189 599 2228 655 '.
2261 599 2339 652 Ex
2387 600 2490 653 situ
2527 599 2745 667 quidem
2779 607 2941 668 atque
2989 600 3180 654 ordine
3209 599 3494 653 verborum

233 670 339 722 δία
367 671 473 723 τοῦ
497 668 652 723 λαοῦ
694 671 934 734 τούτου,
967 672 1062 723 καὶ
1092 672 1156 724 τὰ
1210 674 1360 742 ἑξῆς.
1391 675 1556 728 Ὅσον
1596 677 1694 746 μὲν
1725 677 1818 730 οῦν

235 753 381 805 κατὰ
439 753 536 820 τὴν
590 751 740 805 Θὲσιν
804 752 900 805 uel.
936 753 1264 808 ἀκολουθίαν
1321 757 1414 809 τοῦ
1469 758 1817 828 προφητικοῦ

235 837 591 907 γράμματος,
644 840 672 890 ὁ
723 838 818 890 ἐπὶ
847 838 1069 894 πάντων
1101 841 1220 894 ἐστὶ
1278 834 1496 912 Πατὴρ,
1539 844 1568 896 ὁ
1610 844 1816 913 ὀφθεὶς,

235 920 334 972 καὶ
387 919 842 990 χρησμοδοτήσας
895 922 972 991 τῷ
1018 925 1298 996 προφήτῃ.
1370 925 1429 980 Ὀ
1486 927 1670 994 μέντοι
1717 928 1816 996 τῆς

236 1005 470 1072 βροντῆς
494 1005 608 1067 υίὸς
646 1006 861 1069 ἐξαίσια
892 1007 1288 1077 φθεγξάμενος,
1337 1010 1431 1063 καὶ
1465 1009 1695 1080 βροντῆς
1722 1028 1819 1078 φο-

237 1086 542 1154 ϐερώτερα,
579 1083 638 1140 οὗ
668 1090 798 1142 ἴδιον
837 1090 958 1160 οὐχ).
988 1093 1046 1144 τὸ
1081 1093 1193 1144 οὐκ
1239 1087 1341 1161 ἦν,
1397 1092 1533 1145 ἀλλὰ
1587 1093 1646 1146 τὸ
1676 1089 1755 1161 ἦν
1787 1094 1820 1146 ό

235 1169 451 1239 Λόγος,
486 1170 610 1222 Υίὺν
633 1172 737 1241 ἔφη
761 1173 852 1224 τὸν
879 1174 1132 1241 ὀφοέντα,
1169 1174 1262 1228 καὶ
1292 1175 1818 1246 χρησμοδοτήσαντα

233 1252 318 1321 τῷ
357 1254 638 1324 προφήτῃ.
681 1256 844 1320 Λέγει
877 1255 986 1325 γὰρ
1017 1257 1074 1308 ἐν
1105 1256 1181 1324 τῷ
1220 1257 1335 1325 ἰδίῳ
1381 1259 1776 1328 συγγράμματι
1800 1275 1819 1289 ⁸

235 1335 342 1388 Διὰ
369 1337 545 1390 τοῦτο
587 1339 698 1390 οὐκ
739 1339 1042 1406 ἠδύναντο
1087 1342 1140 1393 οὶ
1175 1339 1457 1394 Ἰουδαῖοι
1508 1343 1821 1395 πιστεύειν

234 1421 325 1484 εἷς
353 1418 469 1486 τὴν
492 1419 751 1487 Ἰησοῦν,
783 1422 934 1474 διότι
963 1419 1135 1476 εἶπεν
1172 1423 1416 1488 Ἡσαΐας
1439 1425 1572 1491 περὶ
1595 1423 1818 1489 αὐτῶν,

238 1505 668 1574 Τετύφλωνται
696 1508 899 1561 αὐτῶν
927 1511 982 1561 οἱ
1004 1509 1322 1577 ὀφθαλμοὶ,
1345 1511 1441 1564 καὶ
1474 1509 1821 1575 πεπώρωται

234 1589 440 1642 αὐτῶν
466 1590 503 1657 ἡ
533 1589 768 1658 καρδία,
808 1590 970 1657 ὅπως
996 1591 1083 1659 μὴ
1109 1591 1282 1645 ἴδωσι
1307 1592 1431 1656 τοῖς
1461 1593 1817 1662 ὀφθαλμοῖς.

234 1674 338 1726 καὶ
367 1673 602 1728 συνῶσι
634 1673 709 1743 τῇ
740 1675 976 1742 καρδίᾳ,
1015 1675 1115 1728 καὶ
1145 1675 1580 1744 ἑπιστρέψωσι,
1602 1676 1697 1731 καὶ
1732 1677 1820 1730 ἰά-

234 1771 432 1826 σωμαι
463 1760 709 1823 αὐτούς.
740 1756 936 1810 Ταῦτα
961 1751 1133 1810 εἶπεν
1159 1757 1423 1823 Ἡσαΐας,
1450 1759 1546 1813 ὅτε
1567 1757 1690 1813 εἶδε
1708 1760 1822 1821 τὴν

235 1840 656 1904 δόξαναὺτοῦ.
698 1843 756 1893 '0
787 1842 840 1894 δὲ
868 1840 1077 1903 Παῦλος
1114 1841 1209 1894 τοῦ
1252 1843 1572 1912 Πνεῦματος
1607 1846 1821 1916 ἀπεφή-

1922 680 2198 746 ιιινονὶιθιαι
2228 691 2442 736 constat
2480 699 2602 736 eum
2638 685 2730 753 qui
2776 700 2940 752 super
2989 685 3169 737 omnia
3201 683 3360 736 Pater
3391 692 3496 746 est,

1923 761 1998 814 illi
2032 765 2372 830 apparuisse,
2397 773 2452 820 et
2482 766 2656 832 ipsum
2687 766 2856 822 fuisse
2904 767 3222 820 allocutum.
3253 765 3324 818 At
3351 765 3496 820 ﬁlius

1925 846 2178 908 tonitrus,
2206 850 2295 914 qui
2346 848 2597 902 sublimia
2628 851 2936 916 tonitruque
2968 849 3290 902 terribiliora
3322 847 3499 914 loqui-

1927 941 2033 993 tur,
2064 931 2221 998 cujus
2253 935 2531 999 proprium
2567 944 2650 987 est
2687 951 2791 989 non
2825 934 2998 987 illud:
3038 931 3162 986 Non
3211 943 3347 993 erat,
3401 930 3495 985 sed

1926 1013 2058 1067 illud
2094 1031 2107 1067 :
2142 1013 2208 1067 In
2236 1015 2497 1083 prinapio
2529 1029 2638 1070 erat
2674 1015 2914 1081 Verbum,
2947 1016 3140 1070 Filium
3175 1017 3300 1069 dicit
3333 1029 3498 1083 appa-

1881 1171 1884 1175 γ
1922 1097 2100 1152 ruisse
2131 1109 2181 1152 et
2208 1101 2520 1166 prophetam
2557 1102 2848 1156 allocutum
2904 1114 3049 1156 esse.
3103 1099 3194 1153 Sic
3241 1099 3382 1151 enim
3444 1098 3494 1149 in

1925 1179 2216 1250 Evangelia
2261 1198 2290 1236 a
2357 1199 2416 1236 se
2467 1185 2779 1253 conscripto
2831 1186 3009 1238 dicit:
3074 1182 3360 1251 Propterea
3391 1198 3496 1234 non

1921 1274 2167 1333 poterant
2197 1264 2376 1320 Judaai
2416 1270 2624 1322 credere
2654 1271 2708 1323 in
2727 1268 2934 1335 Iesum,
2968 1269 3091 1339 quia
3119 1269 3182 1321 de
3209 1268 3332 1333 ipsis
3361 1267 3496 1317 dixit

1921 1349 2106 1403 Isaias
2138 1365 2157 1402 :
2207 1350 2476 1404 Exrwcati
2508 1363 2631 1406 sunt
2683 1354 2822 1406 oculi
2868 1370 3068 1413 eorum,
3105 1361 3151 1406 et
3194 1353 3498 1404 induratum

1924 1442 2000 1486 est
2037 1436 2267 1502 ipsorum
2297 1453 2407 1499 cor,
2449 1453 2512 1488 ne
2542 1437 2752 1489 videant
2797 1437 2986 1498 oculis,
3010 1447 3058 1490 et
3098 1436 3254 1490 corde
3300 1432 3499 1484 intelli-

1922 1529 2065 1586 gant.
2123 1527 2172 1570 et
2220 1531 2614 1584 convertantur,
2666 1530 2716 1574 et
2773 1538 2952 1575 sane»:
3017 1537 3126 1573 eos.
3186 1518 3308 1571 "(cc
3365 1517 3500 1576 diatit

1922 1599 2118 1661 Isaias.
2151 1603 2362 1670 quando
2393 1603 2521 1656 vidit
2549 1603 2775 1672 gloriam
2810 1605 2921 1668 eius
2950 1605 2994 1657 ’.
3031 1601 3233 1654 Paulus
3259 1613 3388 1652 vero
3422 1597 3502 1648 vi-

1924 1681 2130 1736 sionem
2174 1685 2309 1736 lianc
2346 1694 2401 1738 et
2431 1687 2740 1739 vaticinium
2785 1687 2973 1740 tribuit
3005 1685 3232 1753 Spiritui
3264 1692 3495 1736 sancto:

1922 1762 2084 1826 Bene,
2133 1764 2404 1833 inquiens,
2455 1765 2688 1834 Spiritus
2761 1778 2977 1822 sanctus
3025 1769 3232 1820 loeutus
3287 1774 3358 1817 est
3413 1778 3504 1830 per

1927 1844 2132 1899 Isaiam
2168 1850 2478 1913 protr/telam
2512 1851 2581 1900 ad
2619 1859 2798 1916 patres
2841 1861 3044 1903 vestros
3081 1865 3099 1902 :
3128 1849 3266 1900 Aure
3317 1847 3503 1898 audie-

237 1940 372 1976 νατο
396 1924 493 1991 τὴν
527 1925 796 1977 ὀπτασίαν
829 1918 991 1986 εἶναι,
1040 1925 1136 1977 καὶ
1180 1925 1278 1993 τὴν
1315 1927 1694 1996 χρησμῳδίαν,
1731 1929 1821 1980 λέ-

1935 1935 2016 1996 tis,
2043 1943 2225 1988 etnon
2270 1935 2600 2004 intelligetis,
2633 1946 2678 1989 et
2724 1938 2953 1990 videntes
3003 1937 3263 1998 videbitis,
3308 1943 3357 1986 ct
3400 1947 3503 1983 non

235 2021 376 2073 γων,
409 2007 620 2072 Καλῶς
641 2007 753 2076 ἔφη
784 2007 848 2059 τὸ
874 2007 1118 2075 Πνεῦμα
1141 2011 1206 2059 τὸ
1230 2007 1400 2076 ἅγιον
1425 2007 1523 2061 διὰ
1556 2009 1659 2064 τοῦ
1679 2026 1822 2078 προ-

232 2090 438 2158 φήτου
471 2091 720 2144 Ἡσαΐου
747 2091 897 2158 πρὸς
926 2091 1068 2157 τοὺς
1105 2091 1355 2159 πατέρας
1389 2091 1588 2161 ὑμῶν·
1639 2094 1820 2164 Ἀκοῇ

235 2177 560 2240 ἀκούσετε,
624 2177 720 2228 καὶ
763 2177 834 2230 ob
881 2176 968 2244 μὴ
1018 2175 1272 2244 συνῆτε,
1329 2178 1430 2229 καὶ
1477 2177 1822 2248 ,βλέποντες

230 2259 530 2327 βλέψετε,
583 2260 680 2312 καὶ
726 2262 798 2314 οὐ
849 2259 935 2328 μὴ
985 2258 1170 2326 ἴδητε.
1213 2261 1556 2329 Ἐπαχύνθη
1614 2263 1723 2333 γὰρ
1781 2266 1816 2334 ἠ

1931 2019 2280 2085 perspicietis.
2329 2018 2697 2074 Incrassatum
2744 2033 2817 2074 est
2862 2022 2998 2074 enim
3033 2036 3122 2073 cor
3175 2017 3355 2086 populi
3407 2015 3506 2074 Itu-

1921 2099 2014 2168 jus
2044 2099 2085 2153 ³.
2120 2099 2252 2158 Πεεο
2287 2102 2330 2154 si
2361 2103 2771 2170 cognovissent,
2825 2114 2878 2156 et
2917 2112 3063 2157 recte
3105 2100 3506 2156 intellexissent

1931 2182 2022 2249 qui
2071 2183 2124 2236 in
2159 2185 2452 2252 perniciem
2496 2199 2650 2238 suam
2699 2185 2975 2253 sapientes
3033 2195 3181 2246 sunt,
3239 2183 3503 2250 Spirittuu

1927 2275 2175 2322 sanctum
2217 2285 2245 2322 a
2282 2269 2565 2323 divinitate
2593 2284 2696 2323 non
2740 2270 3130 2337 sejunxissent.

233 2353 458 2421 καρδία
507 2353 613 2407 τοῦ
665 2353 818 2408 λαοῦ
850 2355 1086 2407 τούτου.
1126 2354 1188 2406 Ei
1247 2355 1302 2407 δὲ
1355 2354 1531 2408 ταῦτα
1587 2358 1868 2427 συνίεσαν,
1899 2365 1996 2417 καὶ
2032 2363 2211 2425 καλῶς
2242 2364 2514 2431 ὑπήκουον
2552 2365 2600 2415 οι
2645 2362 2767 2415 καθ’
2818 2363 3029 2415 ἑαυτῶν
3063 2363 3249 2426 κακῶς
3290 2363 3508 2432 σοφιζό-

235 2454 420 2501 μενοι,
447 2437 545 2489 οὐκ
577 2436 642 2490 ἂν
666 2437 726 2489 τὸ
758 2435 981 2506 Πνεῦμα
1026 2437 1124 2508 τῆς
1175 2436 1431 2509 Οεῦτητος
1469 2439 1816 2512 ὴλλοτρίουν.

783 2553 880 2605 Ἐκ
916 2552 1025 2606 τοῦ
1049 2553 1266 2608 αὑτοῦ.

316 2645 393 2697 Th
423 2643 652 2714 Πνεῦμα
683 2645 743 2697 τὸ
769 2644 928 2713 ἆγιον
955 2647 1194 2715 Χριστὸς
1218 2648 1316 2699 καὶ
1363 2646 1570 2717 Κύριος
1628 2650 1830 2719 ὀνομά-

237 2729 428 2793 ζεται,
486 2728 739 2794 λέγοντος
805 2730 906 2798 μὲν
955 2729 1051 2782 τοῦ
1119 2731 1470 2794 Ἀποστὸλου,
1513 2733 1585 2786 Et
1628 2731 1698 2786 δέ
1741 2750 1829 2799 τις

233 2814 493 2883 Πνεῦμα
517 2813 778 2880 Χριστοῦ
807 2815 921 2867 οὐκ
967 2814 1095 2883 ἔχει
1116 2855 1132 2878 ,
1171 2810 1351 2880 οὗτος
1379 2818 1491 2869 οὐκ
1520 2816 1695 2870 ἐστιν
1726 2819 1832 2870 αὑ-

235 2901 356 2954 τοῦ
388 2916 400 2931 ·
437 2900 486 2951 εί
539 2899 596 2951 δὲ
649 2899 886 2968 Χριστὸς
940 2900 996 2950 ὲν
1023 2899 1173 2968 ὑμῖν,
1227 2899 1326 2969 τὴν
1378 2901 1480 2952 τοῦ
1509 2901 1828 2970 Πνεύματος

242 2984 524 3054 ἐνοίκησιν
559 2982 956 3049 ἀποφαίνοντος
980 2981 1244 3053 Χριστοῦ,
1268 2982 1518 3050 λέγοντος
1549 2984 1605 3036 δὲ
1639 2986 1824 3052 πάλιν,

257 3071 322 3123 Ὀ
352 3068 420 3120 δὲ
445 3069 666 3135 Κύριος
691 3067 755 3120 τὸ
789 3067 1036 3136 Πνεῦμὰ
1057 3067 1249 3129 ἐστιν,
1280 3063 1352 3120 οὗ
1377 3066 1444 3119 τό
1477 3065 1721 3131 Πνεῦμα
1758 3069 1827 3121 δὲ

237 3156 472 3223 Κυρίου
500 3154 850 3220 ἐλευθερίαυ
879 3155 1020 3206 ὥστε
1060 3152 1154 3205 τοῦ
1191 3151 1400 3221 Κυρίου
1440 3152 1666 3221 Πνεῦμα
1710 3151 1826 3205 Κύ-

240 3256 368 3312 ριος
388 3255 401 3269 ο
428 3238 528 3290 οὐκ
558 3236 667 3308 ἄρα
694 3237 937 3307 κτῆμαῆ
965 3236 1174 3306 κτίσμα
1198 3235 1431 3303 Κυρίου.

799 3352 895 3404 Ἐκ
931 3352 1038 3405 τοῦ
1070 3350 1281 3405 αὑτοῦ.
1824 3399 1826 3404 ,

333 3447 500 3501 Ἀλλὰ
537 3445 742 3513 λέγεις,
767 3446 828 3497 Εί
851 3443 985 3497 Θεοῦ
1026 3444 1126 3514 μὲν
1164 3442 1330 3496 εἰκὼν
1361 3445 1387 3496 ὁ
1423 3443 1572 3505 Υἱὸς,
1607 3441 1742 3494 Υἱοῦ
1776 3440 1832 3493 δὲ

241 3533 418 3590 εξκὼν
446 3532 506 3584 τὸ
543 3529 786 3599 Πνεῦμα,
815 3527 957 3580 διατί
993 3526 1068 3598 μὴ
1095 3527 1220 3590 Υἱὸς
1247 3529 1340 3580 τοῦ
1375 3527 1506 3580 Υἱοῦ
1532 3528 1590 3578 τὺ
1610 3525 1833 3592 Πνεῦμα

243 3621 503 3689 εἴρηται;
541 3613 727 3682 Τούτῳ
760 3612 1232 3682 γὰρλίσχυροτὰτῳ
1262 3610 1398 3680 πρὸς
1445 3609 1542 3678 τὴν
1574 3608 1832 3660 ἀσέϐειαν

245 3705 498 3775 ἐχρήσω.
534 3702 601 3753 Ἢ
633 3699 743 3767 γὰρ
771 3699 926 3758 Υίὸν,
953 3696 984 3766 ἢ
1014 3699 1221 3764 κτίσμα
1257 3695 1501 3756 κελεύεις
1536 3695 1697 3748 νοεῖν.
1722 3691 1834 3775 liciti

504 3786 630 3848 Υἱὸς
681 3783 1024 3851 ὠνόμασται,
1080 3779 1166 3832 διὰ
1217 3779 1378 3831 τοῦτο
1438 3777 1644 3844 κτίσμα
1693 3771 1834 3858 εἶναι

248 3856 602 3942 βλασφήμεῖς
627 3868 687 3919 τὸ
719 3867 816 3934 τῆς
850 3862 1081 3923 κτίσεως
1113 3862 1309 3913 αἴτιον.
1372 3859 1619 3942 Λέγομεν
1660 3856 1833 3942 -γοῦν,

244 3940 337 4011 ῦτι
369 3956 432 4008 τὸ
455 3955 632 4007 εἰπεῖν
662 3951 784 4002 Υἱὸν
824 3947 883 4010 ἐξ
921 3945 1046 3999 Υίοῦ
1084 3943 1183 4013 τὴν
1215 3942 1422 4012 Τριάδσι
1451 3941 1544 4010 τῆς
1583 3940 1835 4008 θεότητος

246 4045 334 4104 εἰς
371 4039 610 4109 πλήθους
675 4033 916 4102 ὑποψίαν
980 4029 1280 4099 προσῆγεν.
1312 4027 1570 4094 Ἕτοιμον
1625 4025 1732 4092 γὰρ
1770 4018 1838 4090 ἦν

246 4106 571 4183 ὑπολαϐεῖν,
598 4120 671 4182 ὡς
702 4119 862 4186 εἴπερ
896 4115 1024 4176 Υἱὸς
1059 4113 1116 4176 ἐξ
1143 4109 1274 4162 Υίοῦ
1306 4109 1628 4176 γεγένηται,
1654 4106 1749 4156 καὶ
1776 4106 1839 4155 ἐκ

180 4211 190 4218 ’
250 4208 457 4263 τούτου
487 4205 647 4258 πάλιν
675 4203 864 4271 ἕτερος
900 4200 966 4253 ἂν
996 4201 1082 4267 εἴη
1104 4194 1530 4264 γεγεννημένος,
1554 4193 1648 4245 καὶ
1679 4189 1840 4243 πάλιν

253 4293 442 4356 ἄλλος,
474 4289 569 4342 καὶ⁵
599 4288 694 4341 ἐπὶ
722 4285 926 4354 πλῆθος
951 4282 1100 4350 ἑξῆς,
1153 4280 1250 4331 Διὰ
1281 4278 1344 4346 δὴ
1379 4278 1537 4328 τοῦτο
1560 4276 1620 4326 τὸ
1649 4274 1747 4344 μὲν
1776 4275 1840 4326 ὲκ

253 4375 401 4431 Θεοῦ
426 4374 486 4426 τὸ
509 4372 733 4440 Πνεῦμα
763 4365 901 4421 εἶναι
931 4364 1146 4435 τρανῶς
1174 4361 1442 4432 ἐκήρυξεν
1470 4358 1841 4420 δἈπόστολος

251 4461 459 4528 λέγων,
491 4459 572 4511 ὅτι
604 4455 673 4507 Τὸ
706 4451 948 4518 Πνεῦμα
983 4448 1088 4501 τοῦ
1125 4446 1273 4500 Θεοῦ
1306 4443 1626 4528 ἐλάϐομεν,
1656 4441 1841 4528 καίῄτδ

254 4521 349 4596 διά
405 4541 500 4593 τοῦ
555 4537 688 4590 Υίοῦ
746 4534 1050 4602 πεφηνέναι
1111 4531 1283 4600 σαφὲς
1347 4527 1670 4594 πεποίηκεν,
1707 4521 1839 4575 Υίοῦ

2426 2563 2508 2617 Ea:
2538 2567 2720 2618 eadem
2740 2565 3005 2618 oratione.

2005 2652 2244 2723 Spiritus
2278 2668 2525 2721 sanctus,
2574 2656 2826 2712 Christus
2877 2666 2931 2710 et
2997 2656 3260 2710 Dominus
3325 2655 3512 2724 appel-

1930 2738 2093 2800 latur,
2125 2739 2338 2794 dicente
2380 2740 2545 2792 Paulo
2575 2741 2817 2809 apostolo
2854 2757 2867 2794 :
2900 2739 2960 2794 Si
2988 2741 3102 2810 quis
3136 2749 3314 2792 autem
3340 2737 3513 2802 Spiri-

1931 2828 2041 2870 tum
2066 2817 2264 2872 Christi
2291 2836 2394 2872 non
2422 2820 2600 2885 habet,
2645 2820 2727 2871 hic
2777 2836 2878 2872 non
2905 2828 2982 2873 est
3011 2822 3124 2888 ejus
3158 2819 3200 2871 ⁸.
3232 2818 3287 2872 Si
3328 2829 3507 2872 autem

1933 2900 2188 2958 Christus
2228 2903 2282 2955 in
2349 2903 2524 2966 vobis,
2585 2902 2822 2970 Spiritus
2874 2901 3263 2956 habitationem
3305 2901 3509 2956 Christi

1936 2989 2301 3042 demonstrat.
2338 2986 2479 3040 Dicit
2518 2997 2699 3039 autem
2727 3001 2940 3039 rursum
2979 3002 2992 3035 :
3045 2985 3301 3038 Dominus
3333 3001 3508 3038 autem

1936 3069 2170 3138 Spiritus
2193 3079 2294 3134 est,
2317 3069 2404 3120 ubi
2430 3078 2604 3121 autem
2626 3068 2857 3136 Spiritus
2882 3067 3113 3129 Domini,
3140 3067 3208 3118 ibi
3229 3067 3445 3120 libertas
3463 3068 3508 3122 ⁸.

1935 3153 2116 3218 Quare
2156 3152 2368 3204 Domini
2411 3149 2644 3220 Spiritus
2686 3151 2965 3216 Dominus,
3024 3166 3129 3203 non
3179 3151 3344 3218 igitur
3398 3165 3514 3205 ser-

1857 3247 1898 3304 c
1935 3253 2055 3301 vus,
2085 3252 2183 3288 nec
2221 3248 2465 3289 creatus.

2572 3346 2652 3401 Ea:
2674 3348 2877 3402 cadent.

2004 3439 2073 3490 At
2121 3438 2165 3492 si
2231 3438 2321 3491 Dei
2378 3437 2598 3507 quidem
2650 3441 2828 3505 imago
2875 3437 3043 3492 Filius
3086 3447 3190 3501 εει,
3242 3439 3514 3509 inquiens.

1938 3520 2178 3589 Spiritus
2231 3530 2409 3576 autem
2449 3523 2628 3588 imago
2666 3520 2810 3585 Filii,
2871 3535 2966 3573 cur
3021 3536 3125 3574 non
3186 3522 3354 3577 Filius
3395 3522 3516 3579 Filii

1937 3603 2174 3673 Spiritus
2207 3605 2387 3658 dictus
2426 3604 2552 3658 est?
2584 3603 2694 3658 lloc
2719 3605 2863 3657 enim
2893 3614 2948 3656 ut
2970 3618 3287 3674 argumento
3319 3609 3519 3663 tinnis-

1935 3689 2074 3742 simo
2102 3688 2166 3739 ad
2195 3687 2526 3752 impietatem
2585 3694 2732 3739 tuam
2778 3688 3204 3740 couli'rmaudnu
3256 3703 3388 3742 usus
3433 3705 3514 3744 es.

1943 3773 2032 3826 Vis
2068 3775 2212 3826 enim
2257 3781 2316 3824 ut
2372 3770 2686 3833 autFilius,
2737 3780 2827 3823 aut
2888 3779 3106 3822 creatus
3161 3771 3516 3840 intelligatur.

1939 3855 2004 3910 Et
2040 3856 2293 3924 quoniam
2335 3853 2502 3907 Filius
2545 3869 2647 3906 non
2699 3862 2780 3905 est
2811 3852 3137 3922 appellatus,
3165 3854 3330 3922 impie
3362 3872 3518 3910 crea-

1942 3949 2051 3991 tum
2089 3937 2289 3992 asseris
2326 3952 2502 3989 rerum
2539 3948 2944 4003 procreatarum
3001 3945 3280 3988 auctorem
3312 3949 3368 3990 et
3392 3955 3519 4006 pro-

1940 4029 2267 4075 creatorem.
2331 4019 2737 4084 Ιιεεμοιιιιυιιιιιε
2798 4016 2990 4084 igitur,
3062 4016 3119 4070 Si
3166 4016 3288 4072 Filii
3349 4020 3520 4078 Filius

1943 4105 2329 4172 appellaretur,
2377 4120 2438 4153 ea
2479 4100 2732 4169 loquendi
2781 4101 2920 4153 ratio
2971 4101 3269 4155 trinitatem
3311 4105 3518 4161 Diviui-

1944 4187 2072 4242 tatis
2109 4195 2164 4239 et
2192 4187 2558 4256 suspicionem
2598 4185 2962 4238 multitudinis
3003 4198 3240 4254 pareret.
3292 4187 3523 4261 Promp-

1945 4284 2057 4326 tum
2094 4272 2237 4325 enim
2270 4280 2416 4324 esset
2441 4270 2732 4337 suspicari,
2770 4269 2816 4324 si
2849 4267 3017 4345 Filius
3047 4286 3110 4324 ex
3146 4271 3280 4326 Filio
3306 4275 3522 4342 genitus

1943 4365 2108 4418 esset,
2142 4355 2307 4406 alium
2345 4369 2532 4406 rursus
2562 4369 2624 4406 ex
2668 4354 2788 4417 hor,
2830 4361 2990 4420 atque
3036 4354 3108 4406 ita
3141 4357 3339 4410 multos
3370 4359 3524 4412 dein-

1943 4454 2071 4506 ceps
2101 4437 2238 4490 ﬁlios
2259 4451 2379 4488 esse
2411 4435 2643 4503 genitos.
2666 4424 2896 4488 Idcirco
2918 4435 3180 4504 Spiritum
3206 4438 3422 4506 quidem
3456 4455 3523 4496 ex

1947 4522 2056 4574 Deo
2103 4536 2221 4574 esse
2254 4517 2449 4570 Paulus
2491 4528 2673 4586 aperte
2718 4521 3112 4585 pronuntiavit,
3155 4520 3379 4586 dicens,
3429 4538 3523 4576 uos

259 4581 348 4596 υ...
417 4581 500 4593 ..η
568 4581 685 4590 -.η
754 4581 1048 4602 .--τηερε
1153 4581 1281 4600 ην,
1535 4581 1545 4594 ι
1657 4581 1666 4586 ,

259 4623 494 4692 Πνεῦμα
523 4620 797 4687 ὀνομάσας
823 4616 974 4678 αὐτὸ,
1010 4613 1266 4682 καθάπερ
1294 4611 1385 4663 καὶ
1418 4609 1577 4673 Θεοῦ,
1601 4603 1829 4692 καὶνοῦι

1949 4603 2205 4673 Spiritum
2237 4603 2327 4670 qui
2369 4615 2433 4654 ea:
2471 4600 2575 4654 Deo
2615 4611 2690 4655 est
2731 4602 3016 4666 accepisse.
3061 4612 3118 4656 et
3179 4605 3324 4656 hunc
3358 4605 3528 4659 fuisse

257 4687 507 4776 Χριστοῦ
554 4700 892 4772 προσειπὼν,
953 4698 1209 4765 καθάπερ
1262 4695 1358 4747 καὶ
1407 4691 1541 4744 Θεοῦ
1592 4687 1835 4776 Πνεῦμα.

259 4770 395 4846 Υίὸν
423 4790 481 4842 δὲ
513 4770 608 4841 τοῦ
631 4786 762 4840 Υἰοῦ
797 4785 1113 4855 προσειπεῖν
1149 4778 1473 4847 ἐφυλάξατο,
1510 4776 1602 4828 ἵνα
1633 4770 1710 4836 εἷς
1740 4773 1838 4842 μὲν

259 4878 355 4945 εἴη
382 4875 574 4942 Πατὴρ
619 4873 646 4922 ὁ
673 4870 824 4932 Θεὸς,
857 4869 944 4921 ἀεὶ
986 4866 1175 4934 Πατὴρ
1201 4864 1490 4933 διαμένων,
1531 4861 1624 4913 καὶ
1646 4857 1720 4910 ὢν
1757 4858 1842 4908 ἀϊ-

257 4961 415 5022 δίως,
448 4957 475 5009 ὃ
504 4958 649 5007 ἐστιν
672 4969 686 4986 ⁸
716 4949 795 5015 εἷς
825 4951 880 5004 δὲ
919 4951 1047 5012 Υἱὸς
1081 4947 1236 5015 ἀϊδίῳ
1282 4949 1534 5013 γεννήσει
1581 4958 1844 5010 γεγεννη-

265 5045 454 5113 μένος,
486 5039 513 5090 ὁ
542 5039 796 5106 ἁνᾰρχως
826 5036 924 5087 σὺν
962 5033 1039 5103 τῷ
1067 5032 1243 5100 Πατρὶ
1263 5029 1389 5090 Υἱὸς
1410 5023 1843 5113 ἀληθινὸςκΘεοῦ,

261 5104 356 5179 αεὶ
391 5121 489 5184 ὣν,
517 5122 542 5173 ὖ
578 5104 716 5182 ἐστι,
754 5118 880 5179 Θεὸς
933 5115 1126 5182 Λόγος,
1163 5113 1256 5165 καὶ
1283 5109 1487 5176 Κύριος
1510 5123 1523 5135 ·
1572 5105 1630 5158 ἒν
1665 5106 1719 5157 δὲ
1753 5104 1847 5157 καὶ

261 5209 329 5262 τὸ
353 5203 581 5274 Πνεῦμα
614 5203 670 5254 τὸ
705 5202 880 5269 ἅγιον,
905 5198 1121 5268 ἀληθῶς
1152 5197 1306 5264 ἆγιον
1347 5191 1596 5259 Πνεῦμα,
1625 5189 1767 5274 κατὰ
1789 5189 1848 5239 τὸ

264 5273 682 5361 γεγραμμένον,
719 5287 781 5340 τὸ
835 5285 977 5356 μετὰ
1022 5279 1236 5352 Πατρδς
1268 5279 1363 5331 καὶ
1424 5275 1555 5328 Υίοῦ
1595 5273 1847 5337 συνδοξα-

267 5376 334 5441 ζό
343 5389 533 5444 μενον.

826 5644 928 5696 Ἐκ
959 5639 1066 5694 τοῦ
1101 5636 1310 5690 αὐτοῦ.

357 5767 522 5823 Ἀλλὰ
556 5763 698 5817 ποιεῖ
725 5759 786 5813 τὸ
813 5759 1055 5828 Πνεῦμα,
1089 5753 1213 5824 φὴς,
1247 5755 1274 5805 ὁ
1303 5750 1455 5814 Θεὸς,
1486 5747 1579 5801 καὶ
1622 5746 1767 5799 ποιεῖ
1788 5747 1856 5799 δι’

351 5886 371 5916 ³
398 5885 500 5939 lsa.
525 5896 599 5945 τι,
623 5879 677 5945 9,
704 5877 800 5942 10;
821 5873 1010 5928 Matth.
1042 5887 1152 5933 xw,
1190 5870 1277 5924 l5.

1353 5869 1372 5900 ’
1397 5865 1550 5921 Joan.
1576 5879 1671 5928 xu,
1699 5861 1921 5918 39-“:
1973 5861 1992 5892 ⁸
2011 5863 2131 5916 Act.
2151 5875 2243 5924 xu,
2265 5857 2453 5916 25-27.

1947 4704 2041 4757 per
2092 4686 2287 4740 Filium
2339 4686 2695 4752 declaratum,
2762 4686 2977 4754 planum
3031 4686 3184 4750 fecit,
3230 4687 3354 4740 dum
3403 4703 3528 4740 eum

1947 4771 2068 4824 Filii
2102 4771 2386 4840 Spiritum,
2422 4772 2870 4838 quen'iadmodum
2897 4785 2949 4825 et
2990 4771 3166 4824 Patris
3217 4770 3528 4839 appellavit,

1947 4854 2220 4908 etCliristi
2253 4863 2508 4918 mentem,
2538 4853 2990 4923 queinadmmlum
3034 4864 3086 4908 et
3117 4855 3206 4907 Dei
3242 4854 3524 4923 Spiritum.

1954 4939 2021 4993 At
2066 4938 2187 4991 Filii
2218 4937 2410 4990 Filium
2456 4939 2737 4991 nominare
2767 4938 2973 4997 'noluit.
3019 4949 3236 4992 utunus
3263 4940 3332 4993 sit
3372 4939 3532 4996 Pater

1958 5022 2116 5086 Deus,
2153 5024 2242 5089 qui
2275 5035 2485 5090 semper
2512 5031 2725 5072 maneat
2753 5020 2933 5082 Pater,
2967 5030 3021 5074 et
3051 5036 3268 5091 semper
3301 5025 3533 5080 exsistat

1955 5107 2030 5169 id,
2051 5106 2193 5173 quod
2237 5115 2342 5167 est,
2374 5119 2512 5155 unus
2540 5103 2665 5155 item
2699 5101 2868 5156 Filius
2893 5115 3098 5158 :eterna
3121 5108 3336 5175 genitus
3369 5124 3536 5177 gene-

1956 5190 2190 5249 ratione,
2234 5189 2322 5256 qui
2369 5187 2488 5240 sine
2535 5187 2802 5256 principio
2845 5202 2965 5241 cum
3019 5187 3178 5244 Patre
3222 5201 3323 5257 est,
3374 5210 3535 5250 verus

1957 5273 2049 5327 Dei
2107 5270 2296 5337 Filius,
2339 5287 2552 5340 seraper
2607 5273 2656 5325 id
2693 5274 2837 5341 qugd
2907 5285 2991 5329 est
3037 5291 3282 5340 mancus,
3341 5293 3536 5344 nempe

1959 5357 2121 5419 Deus,
2156 5353 2422 5418 Verbum,
2474 5364 2527 5408 et
2581 5353 2874 5418 Dominus,
2919 5373 3057 5410 unus
3101 5374 3321 5426 quoque
3362 5359 3538 5428 Spiri-

1963 5453 2046 5495 tus
2079 5451 2322 5500 sanctus,
2356 5454 2484 5493 vere
2516 5439 2752 5507 Spiritus
2779 5450 3027 5505 sanctus,
3062 5452 3119 5495 ut
3142 5444 3404 5511 scriptum
3432 5453 3536 5508 est,

1962 5525 2055 5594 qui
2097 5538 2218 5578 cum
2247 5521 2406 5577 Patre
2445 5531 2496 5576 et
2535 5521 2672 5575 Filio
2701 5524 3060 5577 collaudatur.

2460 5640 2544 5690 Ea:
2573 5639 2756 5690 eadem
2788 5638 3046 5690 oratione.

2035 5743 2397 5814 AtSpiritum.
2422 5742 2622 5813 inquis.
2643 5743 2781 5797 Deus
2807 5739 2960 5809 facit,
2977 5753 3032 5798 et
3057 5740 3179 5797 facit
3204 5758 3298 5812 per
3320 5741 3540 5811 Filium,

2533 5865 2553 5888 '
2578 5855 2736 5913 Rom.
2763 5861 2955 5918 vm.9.
3035 5860 3054 5890 ‘
3091 5857 3133 5913 ll
3165 5846 3288 5914 Cor.
3329 5877 3410 5922 ιιι,
3450 5861 3534 5914 l7.
