4100 6290
609 424 640 436 ,κ

219 475 306 538 ’ῑῧξ

1173 486 1544 548 PANOPLIA
1589 491 2048 556 DOGMATICA.
2076 522 2146 533 -
2187 500 2334 561 'l‘lT.
2377 502 2517 562 ΧΠ.

3370 509 3475 572 734

216 588 495 652 ,πορευθῶ
523 590 642 644 ἀπὸ
678 593 782 647 τοῦ
815 595 1159 664 Πνεύματός
1183 611 1322 661 σου,
1383 600 1481 651 καὶ
1531 601 1650 654 ἀπὸ
1691 603 1797 656 τοῦ

1911 608 1947 659 si
1968 609 2280 664 descendere
2309 612 2360 662 in
2393 612 2675 678 infernum,
2709 619 2853 673 ades,
2886 614 2943 668 Si
2980 632 3242 684 sumpsero
3282 635 3477 686 pennas

215 671 550 737 προσώπου
579 692 695 728 σου
728 678 849 732 ποῦ
880 680 1090 750 scorto;
1134 681 1278 734 Ἐὰν
1331 683 1534 736 άναί’ῶ
1567 687 1650 750 εὶς
1689 688 1795 738 τὸν

213 758 501 823 ω’ρανὸν,
523 760 604 813 σὺ
627 762 758 816 ἐκεῖ
782 760 854 817 εἶ.
900 766 1046 818 Ἐὰν
1075 767 1309 820 καταϐῶ
1338 771 1427 833 είς
1474 769 1581 822 τὸν
1615 771 1790 838 ᾅδην.

215 854 418 908 empse.
463 841 602 896 Ἐὰν
633 847 997 918 ἀναλάϐοιμι
1028 847 1132 914 τὰς
1167 851 1467 919 πτέρυγάς
1500 870 1620 920 μου
1665 858 1794 907 κατ’

216 921 460 990 ὄρθρον,
494 927 589 978 καὶ
626 932 1080 998 κατασκηνώσω
1142 937 1230 999 είς
1282 937 1351 988 τὰ
1399 936 1634 1004 ἔσχατα
1687 938 1795 1004 τῆς

215 1005 566 1073 θαλάσσης,
593 1011 689 1066 καὶ
720 1013 827 1082 γὰρ
857 1015 983 1068 ἐκεῖ
1003 1015 1040 1081 ἠ
1076 1018 1206 1085 χείρ
1234 1033 1351 1070 σου
1379 1018 1667 1087 ὁδηγήσει
1697 1037 1792 1088 με,

1902 707 2043 744 metu
2063 693 2317 760 diluculo,
2341 707 2386 747 et
2419 696 2715 749 liabitarero
2751 699 2802 750 in
2836 699 3154 767 profundum
3193 704 3375 767 utaris,
3401 713 3481 756 et-

1895 775 2030 827 enim
2067 775 2181 830 illic
2205 795 2388 832 manus
2428 789 2520 832 tua
2561 781 2776 836 deducet
2801 799 2898 847 me,
2922 795 2971 837 et
2995 786 3210 838 deducet
3241 802 3321 840 me
3359 788 3483 838 dea:-

1898 868 2006 910 tera
2027 870 2116 911 tua
2141 861 2178 912 ‘.
2207 861 2441 928 Spiritus
2457 865 2598 916 enim
2619 875 2723 927 est,
2757 866 2844 932 qui
2863 866 3032 933 replet
3050 869 3320 933 universa,
3341 868 3482 922 sicut

1896 943 2155 1006 scriptum
2197 954 2280 998 est
2309 962 2322 1000 :
2354 946 2585 1014 Spiritus
2615 948 2830 1002 Domini
2867 951 3072 1017 replevit
3107 950 3281 1003 orbem
3312 963 3481 1004 terra-

1898 1041 2013 1076 rum
2049 1029 2094 1080 ².

214 1089 320 1188 ξίξι)
357 1090 600 1188 ἐξαθὲ-ξει
630 1112 710 1188 με
771 1098 808 1163 ἡ
841 1097 1010 1188 δεξιά
1050 1100 1449 1188 σου-Πνεῦμα
1475 1102 1582 1173 γάρ
1621 1105 1739 1157 ὲστι
1777 1105 1837 1160 τὸ
1895 1110 2259 1180 πεπληρωκὸς
2318 1114 2387 1168 τὰ
2424 1113 2736 1183 σύμπαντα,
2771 1114 2912 1168 κατὰ
2942 1117 3003 1169 τὸ
3053 1121 3440 1188 γεγραμμένον
3466 1133 3482 1148 ·

215 1170 466 1240 Πνεῦμα
493 1178 712 1244 Κυρίου
738 1179 1096 1248 πεπλήρωκε
1145 1182 1264 1245 τὴν
1287 1170 1666 1253 οίλιουμέιὲην.

780 1270 880 1324 Ἐκ
912 1272 1018 1325 τοῦ
1045 1275 1253 1330 αὐτοῦ.

323 1359 470 1412 Am
497 1358 659 1422 διατί,
689 1359 818 1428 φὴς,
863 1362 984 1430 οὐχὶ
1029 1365 1388 1432 προστέθεικι
1413 1365 1493 1433 τῷ
1517 1366 1607 1419 ἵνα
1633 1365 1797 1432 γινὼ-

217 1442 403 1496 σκωσί
435 1459 494 1496 σε
518 1442 607 1494 τὸν
648 1443 812 1512 μόνον
832 1445 1088 1512 ἀληθινὸν
1128 1448 1281 1512 Θεὸν,
1319 1450 1415 1501 xui.
1443 1450 1502 1501 ὃν
1537 1451 1798 1502 ἀπέστει-

215 1526 328 1588 Ἱας
367 1525 574 1594 Ἰησοῦν
629 1525 883 1593 Χριστὸν,
943 1529 1037 1580 καὶ
1093 1529 1151 1580 τὸ
1205 1531 1358 1598 ἅγιον
1391 1532 1649 1599 Πνεῦμας
1695 1534 1799 1586 οὐκ

220 1611 508 1678 ἀφορίζων
531 1610 590 1662 τὸ
622 1609 852 1678 Πνεῦμα
886 1613 984 1677 τῆς
1015 1614 1231 1677 δυάδος,
1297 1615 1432 1668 ἀλλὰ
1483 1617 1800 1670 τούναντίον

223 1694 393 1757 ἑνῶν,
430 1693 522 1745 καὶ
553 1693 729 1760 δηλῶν
782 1695 839 1745 ὲν
869 1696 1044 1766 Ha.th
1084 1698 1178 1749 καὶ
1211 1697 1324 1767 Υἱῷ
1362 1701 1456 1751 καὶ
1483 1700 1544 1751 τὸ
1577 1700 1802 1768 Πνεῦμα

221 1775 290 1828 τὸ
326 1775 647 1844 ἀχώριστον.
689 1778 847 1831 Ἐπεὶ
881 1780 975 1833 καὶ
1011 1781 1096 1830 ὅτε
1123 1783 1286 1850 φησὶν
1315 1784 1341 1833 ὁ
1372 1781 1580 1844 Παῦλος
1601 1783 1801 1837 '"00'0t

221 1863 321 1924 εὶς
356 1860 614 1924 Χριστὸν
645 1861 1074 1928 ἐϐαπτίσθητε.
1112 1863 1372 1932 Χριστὸν
1403 1865 1801 1932 ἐνεδύσασθε,

2531 1291 2616 1345 Ea:
2649 1295 2850 1348 eadem.

1972 1375 2078 1431 Sed
2112 1394 2229 1444 cur,
2264 1381 2461 1450 inquis,
2492 1398 2608 1436 cum
2668 1385 2886 1437 dixisset
2927 1401 2940 1439 :
2975 1385 3038 1439 Ut
3095 1397 3407 1453 cognoscant
3439 1397 3487 1440 te

1905 1461 2073 1514 solum
2091 1480 2262 1517 rerum
2286 1464 2470 1520 Deum.
2490 1475 2537 1517 et
2561 1483 2710 1534 quem
2731 1468 2920 1520 misisti
2949 1467 3133 1521 Jesnm
3150 1468 3418 1523 Christum
3439 1470 3482 1532 ⁸,

1902 1557 2010 1596 non
2043 1546 2287 1600 addidit:
2321 1559 2373 1601 et
2423 1547 2678 1617 Spiritum
2727 1562 2994 1617 sanctum,
3047 1566 3150 1604 non
3196 1551 3486 1618 sejungens

1898 1643 2021 1681 eum
2049 1630 2115 1682 ab
2135 1630 2263 1698 ipsis
2291 1631 2513 1698 duobus,
2540 1635 2633 1688 sed
2658 1635 2833 1702 potius
2855 1649 2974 1686 cum
3000 1635 3101 1688 illis
3128 1635 3483 1703 conjungenso

1899 1716 2302 1784 ostendensque
2356 1731 2384 1768 a
2411 1715 2574 1770 Patre
2630 1729 2679 1771 et
2707 1718 2841 1770 Filio
2881 1717 3140 1785 Spiritum
3191 1734 3294 1771 non
3328 1735 3482 1784 sepa-

1899 1797 2008 1848 rari
2038 1796 2344 1860 ?Qnoniam
2380 1809 2431 1850 et
2462 1791 2678 1866 quando
2708 1797 2901 1852 Paulus
2935 1800 3008 1852 ait
3046 1819 3058 1852 :
3097 1800 3403 1870 Quicunque
3433 1802 3482 1852 in

1904 1875 2168 1930 Christum
2194 1879 2447 1942 baptizati
2465 1882 2612 1942 estis,
2663 1879 2923 1936 Christum
2971 1883 3217 1934 induistis
3250 1883 3292 1944 ’⁵,
3330 1882 3480 1934 nullo

222 1943 292 1992 οὐ
337 1941 509 2009 δήπου
543 1943 634 1993 καὶ
657 1944 827 2014 χωρὶς
863 1944 957 1996 τοῦ
1002 1945 1217 2013 [ἰατρὸς
1250 1945 1341 1997 τὸν
1370 1946 1645 2014 ἁγιασμὸν
1685 1951 1798 2002 sic-

1911 1970 2064 2026 μειοιο
2092 1961 2210 2015 sine
2247 1941 2408 2017 Patre
2438 1941 2778 2018 tanctitatetn
2834 1966 3065 2027 induxit,
3125 1965 3220 2018 sed
3256 1941 3304 2016 in
3347 1963 3486 2018 Filio

221 2025 505 2092 ηγήσατο,
551 2025 664 2077 ἀλλ’
704 2029 760 2079 ὲν
803 2026 919 2096 Υίῷ
963 2028 1058 2080 καὶ
1118 2027 1210 2082 τὸν
1246 2029 1468 2098 Πατέρα
1497 2030 1801 2099 δεδήλωκε⁸

225 2110 333 2162 καὶ
362 2111 450 2162 ὅτε
481 2110 642 2178 φησίν
662 2126 676 2141 ’
710 2111 884 2178 ’Πμῖν
912 2111 1021 2181 γὰρ
1050 2111 1451 2179 ἀπεκάλυψεν
1473 2115 1504 2166 ὀ
1537 2115 1682 2180 Θεὸς
1707 2115 1806 2169 διὰ

219 2191 344 2246 τοῦ
376 2193 601 2260 Πατρός
629 2194 841 2257 αὐτοῦ,
909 2196 1006 2265 οὐχ
1034 2195 1350 2265 ὑπεξῄρηκε
1413 2197 1506 2248 τὸν
1542 2197 1671 2248 Υἱὸν
1713 2200 1805 2251 τὸν

221 2275 484 2340 λέγοντα,
511 2277 661 2330 Οὐδὲ
685 2279 790 2332 τὸν
824 2280 1056 2346 Πατέρα
1085 2297 1173 2344 τις
1205 2280 1591 2348 ἐπιγινώσκει
1647 2282 1698 2334 εί
1719 2281 1804 2348 μὴ

222 2359 262 2411 ὀ
297 2359 453 2423 Υἱὸς,
482 2361 581 2413 καὶ
607 2355 654 2427 ᾧ
689 2362 764 2416 ἂν
791 2365 824 2414 ό
845 2363 978 2428 Υἱὸς
999 2363 1378 2431 ἀποκαλύψῃ
1400 2379 1415 2394 ο
1445 2366 1493 2416 εἰ
1528 2363 1584 2414 δὲ
1609 2364 1702 2415 καὶ
1731 2363 1806 2434 μὴ

220 2443 521 2510 ὀνομάζων
560 2446 654 2498 τὸν
719 2447 940 2515 Πατέρα
994 2447 1148 2516 δη)ιοί
1193 2448 1333 2517 μετὰ
1384 2447 1484 2517 τῆς
1533 2446 1630 2498 τοῦ
1673 2446 1802 2498 Υἱοῦ

222 2529 609 2595 ’προσηγορίας
641 2528 847 2580 καὶτὸν
877 2531 1204 2600 γεννήτορα,
1237 2533 1333 2582 καὶ
1391 2530 1467 2598 μὴ
1512 2529 1804 2598 ὀνομάζων

219 2610 329 2660 τὸν
364 2610 489 2662 Υἱὸν
527 2611 680 2680 δηλοῖ
712 2612 850 2680 μετὰ
877 2613 970 2665 τοῦ
1003 2612 1260 2681 πατρῴου
1302 2613 1566 2682 ὀνόματος
1596 2616 1688 2666 καὶ
1719 2614 1806 2666 τὸν

224 2695 637 2764 γεγεννημένον
663 2711 677 2724 ⁸
713 2696 857 2751 οὕτω
897 2699 992 2750 καὶ
1042 2697 1172 2750 Evilat
1231 2698 1292 2748 τὸ
1325 2697 1546 2766 Πνεῦμα
1580 2698 1654 2766 μὴ
1685 2697 1802 2749 ὀνο·

231 2777 473 2845 μάζεται
508 2781 565 2833 ἐν
616 2780 694 2849 τῷ
760 2781 1086 2850 χορηγοῦντι
1139 2782 1269 2834 αὐτὸ
1319 2783 1413 2832 καὶ
1465 2780 1804 2850 μεταδιδόντι

225 2861 465 2931 Χριστῷ
494 2863 710 2931 νοῆταιο
736 2864 768 2932 ἢ
794 2866 888 2916 καὶ
909 2866 997 2917 ὅτε
1027 2865 1196 2934 φασιν
1223 2865 1271 2916 oi
1298 2865 1586 2916 ἀπόστολοι
1617 2882 1630 2896 ·
1661 2864 1805 2919 Τάδε

225 2947 401 3014 ..ἶέγει
432 2948 496 2999 τὸ
527 2949 768 3016 Πνεῦμα
799 2947 865 3001 τὸ
900 2948 1092 3016 ἅγιον,
1127 2948 1286 3018 μόνον
1325 2948 1716 3018 ὑποληψόμεθα
1746 2951 1805 3002 τὸ

232 3030 468 3099 Πνεῦμα
518 3031 832 3099 νομοθετεῖν
899 3032 1052 3100 ἡμῖν,
1099 3031 1191 3084 καὶ
1263 3032 1663 3101 προαγορεύειν
1717 3036 1806 3086 τὰ

230 3113 529 3182 μέλλοντα,
564 3117 659 3167 καὶ
712 3116 786 3186 μὴ
817 3117 880 3167 ἐκ
905 3104 1122 3185 ’Πατρὸς
1150 3116 1216 3168 δι’
1248 3115 1377 3168 Υἱοῦ
1421 3118 1484 3168 ὲν
1523 3115 1806 3185 Πνεῦματι

227 3198 340 3268 τὴν
375 3198 693 3268 νομοθεσίαν
720 3201 811 3252 καὶ
840 3201 1187 3268 προφητείαν
1253 3199 1662 3269 κατέρχεσθαι;
1707 3199 1805 3252 καὶ

1908 2041 2122 2095 Patrem
2153 2044 2316 2097 etiam
2369 2045 2646 2099 indicarit.
2707 2047 2774 2100 Et
2831 2049 3046 2115 quando
3109 2047 3289 2100 dixit:
3331 2045 3484 2098 Vobis

1906 2123 2041 2177 enim
2073 2127 2312 2179 revelavit
2343 2126 2480 2180 Deus
2515 2145 2607 2194 per
2634 2129 2889 2191 Spiritum
2943 2147 3095 2182 suum
3123 2131 3164 2191 ⁵,
3222 2144 3326 2181 non
3352 2131 3484 2182 sub-

1909 2209 2074 2259 traxit
2102 2208 2298 2264 Filium
2324 2211 2588 2264 dicentem
2622 2230 2636 2265 :
2672 2211 3005 2265 NerPatrem
3029 2214 3484 2281 novitquisquain,

1908 2290 2011 2342 nisi
2037 2289 2228 2354 Filius,
2257 2303 2303 2346 et
2342 2295 2429 2346 cui
2451 2292 2625 2348 Filius
2649 2293 2947 2348 rerelut'erit
2973 2296 3284 2360 “.Quamvis
3306 2307 3481 2348 autem

1909 2371 2123 2425 Patrem
2155 2390 2258 2427 non
2320 2376 2581 2439 nominet,
2625 2387 2800 2430 tatuen
2862 2378 2913 2430 in
2945 2376 3061 2430 Filii
3126 2378 3488 2446 appellatione

1909 2453 2222 2510 Genitorem
2257 2459 2420 2510 etiam
2449 2459 2674 2514 indicat.
2703 2459 2770 2514 Et
2813 2462 3063 2527 quamvis
3095 2476 3200 2528 non
3258 2461 3477 2512 nomine

1906 2539 2126 2604 Filium,
2159 2555 2281 2594 eum
2319 2553 2496 2596 tamen
2549 2542 2602 2595 in
2628 2543 2805 2597 Patris
2855 2543 3074 2597 nomine
3125 2543 3484 2597 demonstrat.

1905 2624 1984 2678 lla
2013 2640 2131 2678 cum
2158 2624 2392 2692 Spiritus
2428 2641 2534 2678 non
2559 2626 2888 2688 notninatnr,
2921 2629 2972 2680 in
2998 2625 3239 2689 Christo,
3269 2627 3355 2693 qui
3377 2626 3484 2678 lar-

1907 2710 2050 2775 gitur
2073 2708 2242 2775 ipsmn
2281 2717 2444 2774 atque
2480 2709 2743 2776 impertit,
2793 2709 3131 2777 intelligitur.
3165 2710 3243 2761 An
3272 2711 3488 2776 quando

1906 2792 2090 2846 dicunt
2132 2791 2361 2860 apostoli
2395 2808 2409 2845 :
2453 2791 2583 2845 [huc
2626 2793 2754 2844 dicit
2785 2791 3012 2858 Spiritus
3045 2803 3280 2856 sanctus,
3313 2793 3485 2846 solum

1908 2873 2164 2940 Spiritum
2203 2883 2447 2927 sanctum
2487 2875 2642 2928 nobis
2710 2875 3002 2943 praecipere
3036 2885 3088 2928 et
3144 2873 3324 2928 futura
3356 2891 3492 2942 pra:-

1907 2957 2160 3010 nnntiare
2183 2956 2579 3021 existimamus,
2607 2972 2670 3011 ac
2691 2973 2792 3010 non
2823 2973 2889 3011 ex
2927 2957 3104 3019 Patre.
3150 2974 3244 3027 per
3269 2958 3487 3014 Filium.

1907 3040 1960 3094 in
1985 3039 2188 3106 Spiritu
2217 3048 2408 3093 sancto
2449 3040 2660 3094 decreta
2687 3051 2739 3094 et
2771 3041 3022 3094 vaticinia
3075 3042 3358 3108 pervenire
3378 3042 3402 3094 ?
3424 3041 3491 3094 Et

1908 3139 2030 3178 cum
2091 3124 2316 3191 legimus
2375 3139 2596 3190 puerum
2657 3139 2722 3179 ex
2776 3124 2980 3192 Spiritu
3038 3137 3226 3179 sancto
3276 3134 3488 3188 natum,

1907 3207 2312 3261 arbitratnurne
2337 3204 2598 3273 Spiritum
2654 3206 2773 3259 sine
2803 3205 2979 3259 Verbo
3014 3208 3080 3259 ad
3115 3208 3265 3273 pueri
3299 3223 3490 3269 perso-

227 3285 330 3337 ὂτε
355 3283 573 3350 λέγεται
604 3285 664 3336 τὸ
697 3281 910 3336 παιδίον
966 3283 1122 3348 ἅγιον
1169 3285 1231 3336 ὲκ
1260 3284 1582 3352 Πνεῦματος
1649 3283 1806 3351 ἁγίου

1913 3303 2033 3341 nam
2052 3289 2485 3342 consumendum
2510 3291 2844 3343 accessisse?
2874 3288 3033 3359 Atqui
3052 3289 3293 3344 Joannes
3311 3291 3438 3342 dicit
3473 3307 3488 3344 :

233 3367 653 3436 γεγεννῆσθαι,
688 3371 858 3437 χωρὶς
899 3367 992 3420 τοῦ
1045 3369 1222 3434 Λόγου
1275 3365 1338 3420 τὸ
1378 3367 1604 3436 Πνεῦμα
1633 3384 1813 3437 παρα-

235 3449 469 3516 γεγονδς
520 3451 601 3512 είς
625 3451 725 3519 τὴν
761 3449 856 3502 τοῦ
901 3451 1138 3520 βρέφους
1191 3450 1490 3503 ὑπόστασιν
1534 3449 1812 3517 ὑποληψό-

237 3533 428 3602 μεοα;
459 3533 640 3587 καίτοι
663 3552 726 3600 γε
753 3535 1000 3602 λέγοντος
1025 3533 1120 3587 τοῦ
1156 3534 1433 3597 Ἰωάννου,
1467 3535 1549 3587 ὅτι
1577 3535 1606 3584 ό
1635 3533 1813 3599 Λόγος

236 3619 387 3688 σὰρξ
427 3621 663 3686 ἐγένετο,
731 3622 824 3671 καὶ
846 3619 921 3688 τῷ
971 3619 1132 3689 Λόγῳ
1155 3619 1256 3688 τῆς
1327 3617 1662 3688 σαρκώσεως
1693 3619 1810 3670 ἐπι-

232 3701 622 3770 γραφομένης.
672 3701 836 3753 Ἀλλὰ
867 3702 955 3754 διὰ
982 3702 1202 3754 πάντων
1255 3699 1440 3768 δῆλον,
1496 3703 1580 3752 ὅτι
1621 3702 1715 3753 καὶ
1753 3703 1812 3754 ὲν

236 3784 325 3851 τῷ
358 3783 513 3852 Λόγῳ
543 3786 604 3835 τὸ
629 3783 873 3851 Πνεῦμα,
904 3786 1000 3836 καὶ
1030 3784 1057 3835 ὁ
1095 3783 1268 3850 Λόγος
1298 3784 1356 3835 ὲν
1377 3782 1456 3852 τῷ
1508 3783 1808 3849 Πνεύματι,

238 3869 348 3935 τῆς
378 3866 621 3928 ἐνώσεως
647 3867 744 3934 τῆς
769 3867 915 3918 κατὰ
944 3866 1045 3934 τὴν
1075 3867 1318 3932 Θεότητα
1365 3867 1438 3935 μὴ
1489 3865 1810 3934 διαιρουμέο

237 3967 372 4019 νης.
399 3949 606 4020 Τριάδα
635 3950 732 4018 μὲν
763 3951 870 4018 γὰρ
897 3950 930 4018 ἡ
978 3948 1088 4002 τῶν
1121 3948 1290 4018 τριῶν
1323 3949 1604 4016 ὀνομάτων
1632 3949 1813 4016 παρά-

239 4033 414 4101 ληψις
464 4034 773 4103 ἐξαριθμεί,
822 4034 918 4086 καὶ
978 4034 1317 4102 παρίστησι·
1363 4033 1463 4101 τῆς
1505 4034 1560 4084 δὲ
1588 4034 1818 4102 Τριάδος

238 4115 486 4185 ἐλειτὴν
521 4117 730 4170 ,ἕνωσιν
771 4119 803 4184 ἡ
831 4118 923 4170 καὶ
958 4117 1081 4170 καθ’
1146 4115 1204 4168 ἓν
1245 4116 1414 4184 ὄνομα
1453 4117 1706 4186 δήὶωσις,
1747 4116 1824 4179 ὡς

1922 3369 2140 3426 Verbum
2187 3388 2310 3424 caro
2335 3372 2532 3437 factum
2561 3382 2657 3436 est,
2685 3383 2738 3426 et
2772 3371 2946 3427 Verbo
2968 3374 3147 3426 carnis
3172 3375 3494 3441 assumptio—

1913 3470 2031 3508 nem
2060 3453 2302 3511 ascribit.
2323 3452 2510 3520 Itaque
2527 3470 2588 3507 ex
2620 3455 2704 3507 his
2719 3455 2969 3510 culicibus
2991 3467 3158 3523 patet,
3183 3465 3237 3510 et
3260 3455 3494 3509 inVerbo

1913 3535 2171 3607 Spiritum
2199 3551 2341 3598 esse,
2365 3546 2420 3592 et
2451 3535 2684 3591 Verbum
2713 3539 2762 3592 in
2793 3536 3018 3603 Spiritu,
3040 3555 3162 3594 cum
3189 3539 3494 3594 Divinitatil

1914 3627 2091 3680 unitas
2117 3643 2218 3680 non
2237 3628 2606 3691 distrahatur;
2634 3625 2954 3679 Trinitatem
2976 3628 3117 3680 enim
3135 3625 3296 3678 trium
3322 3625 3493 3678 ιιοιιιί-

1920 3724 2046 3762 num
2100 3711 2380 3765 disdnctio
2442 3720 2688 3764 numerat
2737 3718 2898 3775 atque
2943 3707 3244 3762 constituit.
3292 3705 3494 3771 Quam-

1919 3792 2103 3845 obrem
2131 3793 2281 3857 illud,
2305 3793 2390 3848 Es:
2403 3796 2534 3858 ipso,
2557 3804 2602 3846 et
2626 3808 2715 3857 per
2736 3793 2927 3855 ipsum,
2949 3804 2996 3845 et
3023 3793 3076 3844 in
3099 3791 3269 3857 ipsum
3290 3790 3490 3852 ontnia,

1923 3874 2109 3927 inuno
2139 3879 2354 3928 nomine
2374 3877 2674 3944 conjunxit,
2699 3886 2753 3928 et
2778 3875 2950 3928 Patris
2969 3884 3022 3927 et
3049 3873 3164 3926 Filii
3185 3882 3231 3924 et
3257 3873 3491 3941 Spiritus

1922 3957 2093 4008 saneti
2125 3959 2533 4024 proprietatem.
2591 3957 2735 4011 Unus
2763 3959 2894 4009 enim
2915 3957 3072 4017 Deus,
3093 3971 3154 4006 ea:
3176 3970 3276 4022 quo
3293 3957 3490 4017 omnia,

1925 4047 1974 4090 et
1996 4053 2128 4090 unus
2171 4039 2421 4094 Dominus
2464 4041 2642 4103 Jesus,
2671 4057 2761 4108 per
2809 4057 2959 4107 quem
3010 4039 3209 4097 omnia.
3261 4047 3308 4090 et
3359 4055 3492 4092 unus

1931 4119 2158 4185 Spiritus
2209 4133 2446 4185 sanctus,
2474 4125 2526 4176 in
2547 4140 2648 4192 quo
2681 4125 2856 4176 omnia
2887 4125 2929 4176 ".

238 4204 306 4251 τ’)
344 4201 402 4264 ἐξ
448 4200 633 4265 αὑτοῦ,
665 4201 754 4254 καὶ
777 4199 841 4253 δι’
864 4198 1052 4264 αὐτοῦ,
1083 4199 1174 4250 καὶ
1234 4201 1310 4260 είς
1341 4198 1503 4250 αὐτὸν
1530 4201 1595 4276 τά
1632 4198 1827 4258 πάντα,
1863 4202 2168 4269 συνήγαγεν
2208 4205 2288 4266 είς
2319 4204 2377 4257 ἓν
2401 4204 2572 4276 ὄνομα
2607 4205 2666 4260 τό
2705 4223 2762 4258 τε
2792 4206 2884 4258 τοῦ
2910 4205 3121 4273 Πατρὶς
3151 4203 3366 4272 ἰδίωμα,
3397 4205 3492 4256 καὶ

240 4284 344 4338 τοῦ
413 4284 565 4347 Υίοῦ,
614 4288 706 4336 καὶ
753 4284 847 4337 τοῦ
909 4284 1065 4352 ἁγίου
1112 4281 1452 4349 Πνεύματος.
1487 4275 1583 4343 Εἷς
1623 4283 1732 4350 γὰρ
1762 4280 1894 4344 Θεὸς
1947 4283 2007 4347 ἐξ
2043 4281 2104 4339 οὗ
2143 4287 2211 4339 τὰ
2259 4289 2460 4357 πάντα,
2499 4275 2609 4343 νκαὶ
2669 4286 2748 4353 εἷς
2793 4289 2998 4358 Κύριος
3038 4288 3280 4357 Ἰησοῦς,
3327 4287 3395 4339 δι’
3433 4282 3492 4341 οὗ

242 4371 454 4434 πάντα,
481 4370 575 4422 καὶ
603 4368 658 4420 ἓν
687 4369 909 4438 Πνεῦμα
935 4367 1108 4435 ἅγιον,
1137 4369 1193 4418 ἐν
1215 4361 1258 4433 ᾧ
1287 4365 1355 4417 τὰ
1380 4364 1577 4417 πάντα.

567 4465 570 4469 ’
793 4465 896 4518 Ἐκ
931 4462 1038 4516 τοῦ
1061 4461 1270 4516 αὐτοῦ.

329 4560 495 4613 Ἀλλὰ
518 4559 756 4628 πνεῦμα,
794 4559 948 4627 φησὶ,
980 4556 1199 4623 λέγεται
1248 4553 1569 4624 ἀνθρώπου,
1619 4551 1696 4614 ὠς
1726 4551 1809 4618 τὸ,

260 4643 630 4708 Ἀντανελεῖς
669 4643 733 4695 τὸ
766 4640 1004 4708 πνεῦμα
1055 4636 1277 4700 αὐτῶν,
1306 4637 1403 4691 καὶ
1434 4636 1814 4703 ἐκλείψουσι.

247 4729 479 4800 Πνεῦμα
529 4729 625 4780 καὶ
646 4729 702 4778 τῦ
731 4724 825 4778 τοῦ
865 4722 1023 4788 Θεοῦ,
1050 4723 1126 4786 ὡς
1147 4723 1226 4785 τὸ,
1263 4723 1344 4774 Ob
1369 4721 1458 4790 μὴ
1491 4719 1817 4787 καταμείνῃ

242 4813 316 4866 τὸ
362 4810 603 4878 Πνεῦμά
632 4827 751 4876 μου
791 4808 860 4859 ἐν
892 4807 1014 4871 τοῖς
1056 4804 1390 4872 ἀνθρώποις
1430 4804 1699 4866 τούτοις-ο
1723 4800 1820 4851 καὶ

241 4898 306 4948 τὸ
359 4896 659 4962 ἁνεμιιίον,
689 4893 762 4956 ὼς
801 4891 880 4950 τὸ,
915 4890 1172 4945 Πνεύσει
1213 4887 1280 4940 τὸ
1319 4884 1561 4953 Πνεῦμα
1605 4884 1816 4948 αὐτοῦ,

244 4978 351 5032 καὶ
406 4979 700 5044 ῥυήσεται
761 4976 991 5036 ὕδατα,
1051 4974 1145 5025 καὶ
1209 4973 1375 5039 ἕτερα
1432 4969 1602 5023 πολλὰ
1666 4968 1818 5038 εὕροι

239 5081 332 5127 τις
373 5062 460 5117 ἄν.
519 5061 766 5130 Λέγομεν
796 5055 890 5112 οὖν
941 5059 1078 5127 πρὸς
1138 5055 1236 5117 τὴν
1275 5056 1383 5108 τῶν
1424 5054 1687 5108 ἐναντίων
1722 5055 1820 5105 άν-

238 5145 478 5209 τίθεσιν,
527 5146 609 5197 ὃτι
670 5146 720 5196 εἰ
773 5143 1018 5212 νομίσειὲ
1070 5157 1154 5202 τις
1202 5139 1508 5207 ταυτότητα
1571 5138 1818 5203 εἰσάγειν

239 5231 356 5281 ἀπὸ
387 5228 494 5281 τῶν
523 5229 856 5297 ὁμωνύμων,
875 5225 929 5278 τί
961 5227 1240 5296 ποιήσειεν
1267 5224 1354 5285 ἂν,
1377 5224 1466 5275 ὅτε
1489 5223 1620 5274 ὄντα
1643 5220 1819 5275 πολλὰ

240 5312 494 5378 λέγεται,
527 5312 558 5381 ἢ
586 5314 870 5377 utsicut;
899 5313 1014 5374 ἐνὸς
1043 5311 1100 5363 δέ
1139 5312 1256 5362 ἐστι
1291 5307 1451 5360 τοῦτο
1484 5307 1690 5374 κυρίως
1718 5305 1817 5359 τοῦ

240 5397 507 5462 λεγοντος
564 5397 773 5468 Κυρίου
811 5398 906 5450 καὶ
960 5395 1174 5465 ἀληθῶς
1228 5391 1366 5447 Θεοῦ
1409 5408 1422 5421 °
1465 5391 1611 5458 Ἐγώ
1639 5393 1756 5457 εἰμι
1785 5393 1820 5444 ό

242 5478 366 5542 ξῦν-ς
391 5480 654 5546 Λέγονται
697 5483 869 5534 δὲκαὶ
908 5481 1146 5549 πατέρες
1181 5478 1388 5542 πολλοὶ,
1419 5476 1511 5528 καὶ
1554 5475 1686 5536 θεοὶ,
1723 5473 1818 5525 καὶ

247 5562 434 5630 σοφοὶ,
466 5564 562 5615 καί
584 5564 824 5628 δυνατοὶ,
851 5564 944 5616 καὶ
971 5563 1317 5632 δημιουργοὶ,
1345 5561 1381 5614 ὃ.
1415 5559 1494 5628 τῷ
1523 5558 1640 5625 Θεῲ
1668 5558 1818 5626 μόνῳ

247 5643 417 5710 φύσει
457 5648 754 5715 πρόσεστιν
787 5646 893 5700 ἀεί.
954 5648 1061 5698 Καὶ
1108 5647 1380 5712 ἀγέννητοι
1435 5641 1694 5700 ὡσαύτως
1725 5639 1816 5691 λέ-

247 5740 441 5790 γονται
471 5737 539 5780 τα
574 5730 798 5798 μηδέπω
830 5728 1185 5798 γεννηθέντα,
1237 5727 1504 5796 μέλλοντα
1541 5724 1595 5774 δὲ
1631 5723 1821 5790 γεννᾶ-

329 5843 345 5872 ¹
379 5842 523 5898 Ρειι.
553 5861 782 5906 xxxvnt,
815 5846 865 5898 7.
944 5849 962 5878 ³
991 5844 1119 5912 Sap.
1157 5841 1282 5912 I.‘7.

250 5911 273 5943 "
307 5909 474 5971 lCor.
510 5932 630 5980 vui,
662 5919 716 5970 6.
829 5919 848 5948 ⁸
873 5909 1154 5977 Psal.ciu,
1187 5909 1276 5964 2|.

1357 5839 1376 5870 ³
1403 5838 1560 5896 .Ioan,
1594 5852 1728 5900 xm,
1760 5837 1814 5892 3.

1354 5912 1374 5942 ’
1398 5910 1686 5973 Gcn.\tl,15.

1785 5906 1828 5936 ’θ
1855 5904 1999 5959 Psal.
2027 5919 2224 5968 cum,
2253 5901 2338 5954 18.

2554 4461 2638 4516 Ex
2657 4461 2861 4516 eadem.

1991 4551 2060 4606 At
2091 4553 2336 4620 spiritus.
2379 4552 2582 4621 inquis,
2620 4552 2856 4606 hominis
2892 4551 3110 4618 dicitur,
3145 4563 3199 4607 ιιι
3227 4569 3294 4607 eo
3322 4554 3440 4607 loco
3477 4574 3491 4609 :

1919 4634 2139 4701 Auferes
2183 4636 2422 4701 spiritum
2479 4652 2682 4700 eorum,
2731 4645 2781 4690 et
2809 4636 3052 4703 deficient
3085 4636 3126 4698 ⁸,
3164 4647 3210 4690 el
3244 4637 3332 4690 Dei
3368 4637 3492 4706 Spi-

1920 4718 2055 4770 ritus
2080 4719 2298 4783 dicitur,
2324 4732 2383 4773 ut
2408 4720 2509 4774 ibi:
2547 4718 2665 4772 Non
2687 4722 3006 4788 permanebit
3030 4720 3260 4788 Spiritus
3281 4737 3421 4774 meus
3439 4721 3493 4774 in

1919 4803 2213 4858 hominibus
2245 4805 2358 4857 istis
2383 4804 2425 4857 ’.
2453 4803 2728 4858 Etventus
2763 4805 2960 4857 dicitur
2979 4803 3219 4870 spiritus,
3241 4812 3297 4854 ut
3318 4802 3442 4855 illud
3476 4819 3490 4856 :

1923 4886 2103 4940 Flubit
2134 4888 2352 4951 spiritus
2380 4887 2516 4955 ejus,
2557 4897 2603 4940 et
2635 4887 2797 4953 fluent
2827 4901 2975 4953 aqute
2997 4886 3061 4938 ¹⁰.
3090 4884 3155 4936 Ει
3190 4885 3291 4936 alia
3328 4887 3492 4938 ntulta

1920 4973 2158 5038 reperies
2204 4972 2450 5039 spiritum
2511 4971 2787 5038 appellari.
2847 4969 2924 5020 Ad
2980 4969 3079 5020 hoc
3135 4967 3319 5037 igitur,
3351 4971 3496 5035 quod

1918 5055 2209 5110 adversarii
2241 5054 2520 5120 objicient,
2572 5053 2978 5120 respondemus,
3017 5068 3122 5106 non
3158 5053 3269 5105 lteri
3319 5054 3499 5106 nomi-

1919 5155 2046 5192 num
2082 5137 2454 5198 similitudine,
2509 5146 2678 5188 utres
2734 5150 2944 5204 quoque
2987 5137 3125 5190 idem
3162 5136 3290 5190 sint.
3337 5136 3497 5191 Multa

1918 5220 2063 5276 enim
2096 5227 2242 5283 sunt,
2270 5233 2389 5286 quae
2439 5220 2626 5273 eodem
2665 5221 2878 5273 nomine
2933 5221 3293 5290 appellantur,
3351 5221 3496 5289 quod

1921 5314 2100 5357 tamen
2136 5317 2327 5354 nomen
2361 5303 2448 5354 uni
2476 5301 2690 5368 proprie
2722 5305 2998 5356 convenit.
3030 5303 3269 5371 Exempli
3302 5303 3492 5369 gratia,

1921 5386 2202 5451 Dominus,
2227 5396 2281 5438 et
2310 5400 2435 5440 Vere
2473 5385 2614 5439 Deus
2652 5395 2755 5450 est,
2787 5389 2874 5455 qui
2911 5388 3041 5441 dicit
3075 5403 3089 5438 :
3131 5384 3237 5452 Ego
3270 5384 3496 5452 suntqui

1917 5486 2035 5523 sum
2067 5469 2132 5532 “,
2171 5469 2321 5522 multi
2351 5476 2530 5522 tamen
2584 5470 2837 5522 dicuntur
2871 5469 2945 5522 dii
2998 5480 3050 5522 et
3078 5479 3280 5536 patres,
3313 5478 3367 5519 et
3409 5483 3497 5518 sa.-

1920 5554 2150 5622 pientes,
2212 5559 2265 5606 ct
2306 5559 2572 5620 potentes,
2603 5562 2654 5606 et
2707 5551 3010 5615 elli-ctores,
3066 5564 3183 5617 qum
3238 5549 3345 5602 Deo
3395 5549 3495 5603 soli

1919 5649 2110 5691 natura
2131 5651 2344 5702 semper
2365 5635 2579 5690 adsunt.
2613 5634 2853 5705 lngenita
2891 5635 3016 5686 item
3075 5636 3350 5696 dicuntur,
3377 5648 3496 5700 ιμιεε

1920 5721 2158 5774 nondum
2190 5729 2314 5772 sunt
2367 5719 2572 5788 genita,
2613 5721 2703 5771 sed
2766 5729 2942 5769 tamen
3004 5716 3242 5769 futurum
3305 5727 3407 5778 est,
3439 5725 3497 5768 ut

1911 5836 1933 5866 ⁸
1961 5833 2136 5885 Colat.
2178 5847 2259 5892 Ill,
2291 5830 2380 5884 27.
2459 5835 2478 5864 ⁵
2511 5830 2526 5883 1
2563 5831 2688 5884 Cor.
2721 5830 2897 5888 ".10.
2977 5831 2998 5862 ⁸
3030 5828 3219 5883 Matth.
3274 5845 3347 5894 .‘tt,
3402 5829 3493 5885 ‘27.

2421 5905 2459 5934 ιι
2483 5901 2653 5955 Exod.
2697 5917 2771 5964 ιιι,
2799 5903 2868 5956 νι
