4078 6292
611 510 719 572 735

1870 492 2258 557 EUTHYMII
2297 490 2661 551 ZIGABENI

3723 496 3807 562 7736

611 626 900 693 gignantur
920 630 970 673 et
1003 619 1127 672 sint.
1153 615 1221 671 Ut
1253 626 1485 669 ntortnm
1503 629 1589 667 nm
1612 608 1938 666 resurrectio
1960 602 2193 693 umidum

2299 600 2444 664 σθαι,
2473 601 2504 669 ἢ
2539 601 2899 668 γίνεσθαι,ὠ;
2930 603 2962 672 ἡ
2987 603 3094 656 τῶν
3117 604 3329 675 νεκρῶν
3354 606 3635 670 ἀνάστασις
3681 611 3806 666 οὕτω

611 685 716 768 esi,
741 706 833 758 sed
867 715 1039 757 tamen
1076 713 1156 753 est
1192 701 1390 751 l'utnra.
1421 695 1754 755 Etannnlns,
1793 691 1881 759 qui
1932 702 1997 741 ex
2046 685 2192 738 ferro

615 787 979 841 conﬁciendos
1013 792 1115 847 est,
1154 782 1391 834 nondum
1441 792 1543 833 est.
1605 776 1853 845 lngenita
1886 786 2076 826 rursus
2109 770 2191 820 di-

615 879 834 931 cuntur,
870 883 990 936 qua:
1023 866 1169 919 nullo
1204 874 1361 934 pacto
1383 871 1529 916 sunt.
1585 860 1758 915 Verba
1819 858 1946 910 item
2007 852 2193 907 multis

615 953 956 1018 accipiuntur
980 949 1175 1014 modis,
1212 950 1306 1002 sed
1342 961 1504 1000 unum
1547 953 1628 997 est
1666 942 1755 995 Dei
1782 939 2015 993 Verbum
2048 950 2190 990 sem-

617 1037 911 1103 piternum,
944 1034 1087 1099 quod
1145 1041 1200 1083 et
1239 1031 1377 1083 Deus
1406 1032 1455 1081 in
1488 1024 1777 1093 Evangelia
1833 1021 2052 1083 dicitur,
2099 1033 2195 1083 per

616 1116 756 1185 quod
774 1116 952 1168 omnia
971 1116 1111 1166 facta
1139 1123 1283 1166 sunt.
1307 1112 1369 1164 Et
1394 1112 1485 1163 Dei
1509 1110 1598 1161 lilii
1624 1110 1677 1160 in
1711 1107 1989 1175 Scriptura
2007 1105 2192 1156 dicun-

618 1210 704 1253 tur
733 1199 905 1263 multi,
934 1209 989 1251 ιιι
1020 1215 1032 1251 :
1059 1197 1226 1250 Filios
1269 1197 1443 1265 genui,
1471 1205 1516 1247 et
1562 1192 1779 1246 educavi
1802 1193 1841 1243 '.
1892 1188 1955 1240 Et
1981 1205 1994 1242 :
2025 1186 2193 1240 Filius

618 1300 758 1335 mens
800 1284 1168 1351 primogenitus
1223 1279 1455 1343 Israel”,
1486 1278 1575 1344 qni
1611 1288 1786 1328 tamen
1829 1273 2115 1342 adoptione
2143 1281 2197 1324 et

618 1367 788 1432 gratia
815 1380 908 1432 per
952 1379 1133 1416 verum
1164 1362 1360 1414 Filium
1392 1361 1643 1413 dicuntur
1698 1357 1817 1420 lilii,
1844 1370 1948 1409 non
2017 1365 2193 1405 tamen

620 1449 731 1499 veri
756 1458 1061 1515 naturaque
1094 1446 1225 1507 lilii;
1270 1461 1334 1498 ex
1372 1453 1563 1497 natura
1589 1442 1731 1496 enim
1766 1450 1819 1493 et
1859 1437 2085 1491 veritate
2112 1449 2198 1490 res
2234 1494 2237 1501 ,

624 1532 752 1599 ipsa:
780 1542 1093 1584 censentur.

1262 1708 1344 1757 Ea:
1371 1706 1573 1758 eadem.

695 1801 874 1868 Imago
900 1800 1019 1852 Fdit
1044 1800 1218 1852 dictus
1248 1806 1418 1860 est,et
1439 1796 1638 1864 digitus
1671 1792 1788 1857 Dei,
1828 1801 1883 1846 et
1911 1791 2005 1847 Dei
2028 1790 2199 1859 Spiri-

627 1894 733 1945 tus,
768 1894 819 1935 ct
881 1881 1137 1942 Verbum,
1185 1890 1240 1934 et
1280 1881 1449 1933 bonus
1498 1878 1755 1946 Spiritus,
1799 1885 1853 1929 et
1914 1885 2114 1938 rectus,
2145 1885 2200 1927 et

627 1935 956 2032 principalis,
989 1968 1045 2017 et
1068 1962 1301 2031 Spiritus
1319 1935 1554 2025 virtutis,
1585 1969 1639 2012 et
1674 1935 1950 2019 Dominus,
1982 1968 2035 2012 et
2062 1935 2200 2010 Deus
2235 1935 2276 1989 Β

628 2052 809 2103 dictus
840 2059 921 2101 est
947 2047 1038 2100 Dei
1078 2047 1330 2114 Spiritus,
1361 2043 1814 2113 quemadmodum
1850 2051 1902 2093 et
1938 2040 2198 2096 Verbum.

626 2133 681 2183 Si
708 2132 849 2184 enim
891 2144 1009 2183 eum
1042 2128 1151 2181 Deo
1178 2137 1231 2180 et
1264 2126 1441 2180 Verbo
1477 2128 1701 2178 virtutes
1719 2124 1979 2177 caelorum
2024 2124 2203 2175 lirtnat

629 2216 885 2282 Spiritus,
919 2213 1192 2280 quomodo
1218 2210 1444 2273 alienus,
1464 2223 1621 2276 quem
1646 2208 1734 2274 qui
1766 2207 2058 2274 accipiunt,
2078 2215 2204 2258 sunt

631 2298 722 2351 Dei
751 2296 1005 2363 templum
1031 2295 1054 2346 ?
1084 2293 1183 2358 Qui
1210 2304 1262 2345 et
1291 2291 1527 2360 Spiritus
1553 2290 1665 2343 oris
1696 2289 1785 2342 Dei
1810 2288 2207 2357 appellatur,ct

630 2376 1117 2432 mundicrcatimtis
1134 2390 1295 2429 causa
1334 2373 1494 2427 simul
1521 2388 1641 2426 cum
1669 2371 1844 2424 Verbo
1866 2373 2204 2424 demonstra-

630 2476 738 2528 tur,
770 2463 858 2530 qui
897 2459 1025 2514 facit
1050 2460 1231 2513 nmnia
1262 2470 1515 2524 tanquam
1548 2460 1709 2519 Deus,
1751 2455 2206 2522 quemadmodum

630 2546 763 2608 vult,
804 2552 861 2595 ut
883 2542 1173 2609 Apostolus
1194 2542 1270 2594 ait
1292 2540 1334 2598 ³.
1387 2538 1477 2593 ille
1506 2539 1812 2607 adoptionis
1846 2536 2099 2603 Spiritus,
2121 2535 2209 2587 ille

632 2628 899 2681 libertatis
930 2636 1140 2688 auctor,
1169 2625 1256 2690 qui
1312 2624 1402 2677 ubi
1451 2623 1582 2685 vult,
1616 2622 1786 2690 spirat
1844 2620 2205 2685 divinitatem,

630 2726 788 2778 quem
826 2710 1039 2776 quidem
1094 2718 1148 2760 et
1201 2706 1458 2773 Spiritum
1513 2705 1753 2757 veritatis
1806 2713 1990 2770 aperte
2030 2716 2205 2755 rerum

630 2794 870 2846 omnium
900 2792 1157 2846 Dominus
1191 2797 1365 2842 vocat.
1402 2788 1499 2853 Qui
1536 2788 1586 2840 ιιι
1613 2786 1878 2841 columbae
1908 2786 2088 2852 specie
2115 2799 2210 2838 su-

634 2895 727 2944 per
767 2879 941 2944 ipsum
972 2892 1002 2929 e
1041 2875 1181 2929 cwlo
1234 2872 1534 2925 descendit.
1570 2870 1668 2936 Qui
1740 2870 1952 2923 Domini
1987 2882 2208 2922 carnem

634 2959 989 3012 sanctiﬁcavit
1022 2972 1144 3011 cum
1166 2956 1361 3009 virtute
1409 2969 1679 3020 nunquam
1704 2968 1732 3005 a
1761 2954 1867 3005 Deo
1902 2959 2208 3019 separatus.

633 3044 735 3108 Qui
763 3042 929 3105 novit,
950 3056 1069 3109 qua:
1095 3039 1188 3092 Dei
1215 3036 1557 3099 suntomnia,
1589 3045 1643 3088 ut
1675 3038 1893 3103 spiritus
1915 3034 2003 3102 qui
2038 3033 2089 3087 in
2114 3046 2210 3086 no-

636 3127 717 3179 bis
747 3133 850 3188 est,
884 3140 1001 3191 quae
1033 3134 1218 3177 nostra
1243 3132 1369 3175 sunt
1396 3139 1410 3186 ;
1447 3122 1733 3183 humanus,
1787 3120 2026 3186 inquam,
2054 3116 2213 3184 spiri-

636 3220 739 3274 tus,
758 3208 847 3277 qui
876 3208 927 3261 in
949 3206 1099 3260 nobis
1116 3216 1219 3259 cst.
1242 3204 1332 3258 Sic
1346 3214 1417 3269 et,
1433 3203 1560 3268 Quae
1583 3203 1673 3256 Dei
1695 3212 1836 3265 sunt,
1859 3202 2211 3269 iuquit,nemo

634 3294 795 3354 novit,
824 3291 923 3342 nisi
968 3289 1197 3358 Spiritus
1228 3289 1317 3340 Dei
1344 3288 1387 3340 δ.
1425 3289 1489 3339 Et
1518 3303 1730 3339 rursum
1765 3285 2025 3339 Servator
2059 3302 2072 3339 :
2098 3283 2207 3337 Ne-

634 3390 739 3436 mo,
773 3374 969 3439 inquit,
1014 3373 1151 3423 novit
1174 3370 1394 3431 Filium,
1422 3370 1521 3422 nisi
1575 3368 1756 3435 Pater,
1790 3384 1949 3437 neque
1994 3368 2208 3421 Patrem

636 3457 774 3508 norit
800 3459 1096 3524 quisquam,
1118 3454 1216 3505 nisi
1250 3452 1420 3504 Filius
1451 3466 1495 3505 et
1523 3453 1606 3503 cui
1639 3450 2046 3505 rolueritFilins
2072 3467 2211 3504 rere-

636 3540 745 3592 lnre
765 3537 939 3592 ‘.lloc
994 3539 1061 3590 illi
1116 3537 1290 3589 simile
1339 3546 1439 3599 cst,
1480 3546 1533 3589 et
1567 3535 1690 3588 illud
1718 3536 1839 3587 huic
1869 3550 2007 3602 par:
2047 3533 2211 3587 Nobis

635 3624 799 3686 enim,
831 3622 1020 3688 inquit,
1053 3618 1191 3671 Deus
1220 3633 1307 3684 per
1333 3617 1588 3684 Spiritum
1620 3635 1769 3671 suum
1799 3619 2060 3672 reuelauit.
2081 3618 2211 3672 Vide

638 3704 819 3771 igitur,
869 3703 1140 3772 quomodo
1193 3701 1354 3755 Pater
1392 3702 1678 3768 aliquando
1741 3705 1943 3753 reVelat
1992 3700 2210 3767 Filiutn,

636 3787 921 3853 aliquando
952 3784 1118 3838 Filius
1137 3785 1373 3847 Patrem,
1419 3783 1709 3853 aliquando
1732 3783 1963 3853 Spiritus
1994 3784 2209 3837 Patrem

637 3871 793 3922 simul
816 3879 869 3923 et
898 3869 1112 3922 Filium.

2297 685 2559 749 γεγονυῖα
2588 684 2877 753 ἀγένητος,
2920 685 3191 753 μέλλουσα
3219 687 3275 739 δὲ
3306 684 3470 753 εἶναι,
3525 690 3556 756 ἢ
3581 691 3646 752 ὡς
3673 695 3697 743 6
3722 696 3808 747 ἀπὸ

2297 767 2521 836 σιδήρου
2576 767 2863 831 δακτύλιος
2918 769 3127 838 μέλλων
3178 770 3443 838 γίνεσθαι,
3478 772 3554 824 ἔτι
3584 776 3806 844 ἀγένητος

2298 853 2467 905 ἐστιν.
2506 851 2673 929 Πάλιν
2700 851 2967 921 ἀγένητον
2997 854 3057 906 τὸ
3100 854 3349 907 ἀνούσιον
3379 854 3618 925 νοοῦμεν,
3645 860 3696 910 τὸ
3729 878 3810 930 μη-

2294 936 2443 1005 δαμῆ
2481 936 2747 1004 μηδαμῶς
2778 936 2858 991 ὅν.
2903 937 3066 990 Ἀλλά
3102 937 3199 1006 μὲν
3235 934 3327 991 οὖν
3357 941 3451 991 καὶ
3478 940 3617 1007 λόγοι
3658 944 3809 995 πολλοὶ

2298 1018 2820 1087 προσαγορεύονται,
2868 1013 2949 1082 εἷς
2982 1020 3039 1072 δὲ
3072 1021 3100 1073 6
3141 1020 3233 1073 τοῦ
3274 1020 3407 1073 Θεοῦ
3467 1022 3646 1086 ἀΐδιος,
3682 1028 3705 1077 6
3737 1030 3809 1079 καὶ

2297 1103 2429 1163 Θεὸς
2462 1104 2520 1153 ὲν
2548 1101 2864 1171 Εὐαγγελίῳ
2891 1104 3307 1173 κηρυσσόμενος
3326 1145 3341 1169 ,
3402 1104 3468 1156 δι’
3496 1098 3553 1157 οὗ
3582 1106 3641 1159 τὰ
3666 1111 3809 1163 πάντα

2300 1185 2540 1251 ἐγένετο.
2584 1184 2697 1235 Καὶ
2721 1185 2829 1236 υἱοὶ
2852 1184 2987 1237 Θεοῦ
3016 1185 3266 1253 λέγονται
3298 1187 3357 1237 ἐν
3406 1190 3470 1255 τῇ
3502 1188 3675 1259 Γραφῇ
3704 1193 3811 1243 πολ·

2298 1268 2400 1329 λοὶ,
2441 1267 2582 1319 κατά
2643 1265 2725 1327 τὸ,
2758 1267 2931 1332 Υιοὺς
2993 1267 3318 1337 ἐγέννησα,
3358 1272 3455 1322 καὶ
3488 1271 3712 1338 ὕψωσαο
3741 1278 3812 1327 καὶ

2299 1352 2485 1415 πάλιν,
2520 1350 2652 1415 Υἱὸς
2680 1352 3054 1417 πρωτότοκός
3079 1370 3199 1420 μου
3234 1353 3503 1419 Ἰσραὴλ,
3541 1355 3675 1408 θέσει
3711 1359 3811 1423 μέν.

2297 1455 2396 1494 τοι.
2432 1435 2525 1487 καὶ
2550 1435 2738 1504 χάριτί
2776 1452 2881 1486 τινι
2912 1435 3317 1503 υίοθετούμενοι
3352 1437 3458 1489 ἀπὸ
3480 1438 3570 1490 τοῦ
3597 1442 3810 1509 ἀληθινοῦ

2298 1518 2458 1584 Θεοῦ,
2497 1518 2606 1569 υἱοὶ
2638 1518 2782 1570 θετοὶ
2816 1517 2912 1569 καὶ
2941 1518 3015 1587 μὴ
3044 1517 3315 1587 ἀληθινοί.
3353 1520 3486 1571 ’Λπὸ
3515 1523 3615 1591 γὰρ
3640 1523 3814 1590 φύσεως

2299 1604 2395 1656 καὶ
2417 1600 2676 1669 ἀληθείας
2700 1601 2939 1669 ὁρμᾶται
2963 1602 3031 1652 τὰ
3065 1603 3396 1670 πράγματα.

2858 1693 2955 1748 Ἐκ
2996 1694 3102 1748 τοῦ
3137 1697 3344 1750 αὑτοῦ.

2370 1787 2549 1842 Είκὼν
2574 1789 2665 1842 τοῦ
2708 1789 2840 1843 Υίοῦ
2878 1790 3095 1859 εἴρηται
3117 1830 3131 1854 ,
3164 1788 3258 1841 καὶ
3288 1789 3549 1852 δάκτυλος
3578 1790 3719 1854 Θεοῦ,
3743 1797 3817 1847 καὶ

2303 1872 2438 1924 Θεοῦ
2466 1872 2711 1942 Πνεῦμα,
2744 1873 2837 1926 καλ⁴
2891 1874 3062 1942 ῥῆμα,
3103 1874 3199 1925 καὶ
3241 1873 3449 1940 ἀγαθὸν
3483 1874 3706 1946 Πνεῦμα,
3743 1882 3819 1933 καὶ

2304 1956 2480 2020 εὑθὲς,
2517 1958 2610 2009 καὶ
2637 1957 2993 2027 ἡγεμονικὸν,
3045 1956 3137 2010 καὶ
3165 1955 3396 2026 Πνεῦμα
3422 1957 3707 2025 δυνάμεως,
3743 1963 3821 2018 καὶ

2303 2038 2528 2108 Κύριος,
2575 2043 2668 2091 καὶ
2716 2039 2848 2101 Θεὸς
2889 2038 3105 2106 εἴρηται
3135 2039 3196 2089 τὸ
3219 2038 3313 2089 τοῦ
3348 2038 3482 2091 Θεοῦ
3515 2040 3733 2110 Πνεῦμα,
3763 2043 3821 2109 ὡς

2304 2124 2396 2174 καὶ
2417 2126 2442 2174 6
2464 2124 2658 2191 Λόγος.
2684 2124 2744 2175 Εἰ
2768 2124 2877 2190 γὰρ
2899 2126 3036 2192 μετά
3064 2123 3156 2174 τοῦ
3175 2122 3312 2174 Θεοῦ
3341 2125 3435 2177 καὶ
3461 2123 3627 2191 Λόγου
3648 2130 3824 2195 στερεοῖ

2302 2204 2402 2266 τὰς
2451 2205 2719 2273 δυνάμεις
2751 2205 2860 2256 τῶν
2895 2204 3142 2274 οὐρανῶν
3170 2205 3230 2256 τὸ
3272 2205 3522 2275 Πνεῦμα,
3568 2207 3673 2270 πῶς
3700 2209 3824 2261 ἀλλό-

2304 2305 2475 2355 τριον,
2536 2290 2673 2358 ὅπερ
2715 2290 2765 2340 οἱ
2807 2288 3063 2349 λαϐόντες
3096 2289 3230 2340 Θεοῦ
3263 2290 3397 2349 ναός
3429 2291 3566 2341 εἰσιν
3587 2329 3600 2352 ,
3625 2290 3650 2342 6
3671 2291 3726 2360 δὴ
3748 2293 3826 2343 καὶ

2306 2368 2531 2437 Πνεῦμα
2587 2370 2854 2438 στόματος
2902 2368 3036 2421 Θεοῦ
3090 2375 3589 2441 προσαγορεύεται,
3629 2374 3824 2442 καὶτῆς

2305 2452 2646 2522 δημουργίας
2672 2454 2844 2506 αἴτιον
2873 2453 3008 2521 μετὰ
3034 2453 3126 2505 τοῦ
3175 2454 3355 2519 Λόγου
3382 2454 3664 2521 δείκνυται,
3691 2457 3741 2509 τὸ
3759 2459 3827 2507 ἐν·

2307 2537 2505 2605 εργοῦν
2532 2537 2603 2589 τὰ
2636 2537 2813 2589 πάντα
2834 2536 2910 2601 ὡς
2940 2536 3092 2602 Θεὸς,
3136 2537 3322 2601 καθὼς
3356 2538 3618 2607 βούλεται,
3654 2540 3718 2602 ὥς
3746 2559 3828 2611 φη-

2310 2634 2396 2670 σιν
2426 2618 2455 2669 6
2488 2619 2837 2686 ’Δπόστολος,
2874 2618 2934 2672 τὸ
2973 2618 3072 2687 τῆς
3104 2620 3385 2683 υἱοθεσίας
3418 2622 3650 2691 Πνεῦμα,
3674 2624 3725 2674 τὸ
3750 2623 3827 2691 τῆς

2312 2701 2625 2769 ἐλευθερίας
2655 2702 2852 2767 αἴτιον,
2886 2703 2945 2755 τὸ
2975 2704 3106 2755 ὅπου
3145 2703 3292 2756 θέλει
3327 2706 3488 2757 πνέον
3534 2706 3777 2774 θειότητα,
3808 2706 3830 2756 6

2311 2784 2375 2848 δὴ
2408 2785 2505 2835 καὶ
2539 2783 2763 2853 Πνεῦμα
2800 2786 2900 2853 τῆς
2951 2785 3207 2854 ἀληθείας
3256 2789 3285 2839 6
3337 2787 3446 2839 τῶν
3500 2788 3627 2840 ὅλων
3660 2786 3831 2857 Κύριος

2313 2866 2501 2933 σαφῶς
2524 2866 2802 2934 ὀνομάζει,
2852 2870 2912 2920 τὸ
2962 2871 3021 2921 ὲν
3056 2869 3187 2921 εῖδει
3220 2875 3556 2942 περιστερᾶς
3588 2872 3669 2924 ἐπ’
3697 2872 3833 2924 αὐτὸν

2313 2950 2371 3015 ἐξ
2407 2948 2639 3019 οὐρανοῦ
2704 2950 2974 3015 καταϐὰν,
3027 2950 3087 3003 τδ
3154 2953 3385 3019 ἁγιάζον
3451 2957 3547 3023 τὴν
3604 2954 3834 3024 κυριακὴν

2320 3036 2498 3100 σάρκα
2521 3035 2659 3103 μετά
2684 3036 2781 3103 τῆς
2802 3034 3083 3102 δυνάμεως
3106 3073 3120 3099 ,
3151 3037 3210 3087 τὸ
3257 3036 3360 3106 τὴν
3390 3039 3703 3104 οἰκουμένην
3724 3038 3837 3103 πλη-

2318 3118 2464 3187 ροῦν,
2530 3118 2590 3171 τὸ
2637 3117 2801 3169 παντὶ
2848 3118 3043 3187 παρὸν,
3115 3119 3191 3181 ὡς
3255 3119 3414 3183 Θεὸς,
3446 3122 3582 3190 μετά
3614 3122 3699 3173 τοῦ
3727 3120 3836 3171 Θεοῦ

2317 3201 2644 3271 ἀχωρίστως
2671 3200 2731 3252 ὃν
2768 3202 2880 3263 ἀεὶ,
2904 3202 2965 3252 τὸ
2987 3202 3261 3265 γινῶσκον
3288 3203 3361 3255 τὰ
3396 3204 3489 3256 τοῦ
3521 3204 3650 3256 Θεοῦ
3668 3206 3835 3257 πάντα.

2290 3346 2311 3355 η,
2331 3286 2424 3346 Ὠς
2450 3285 2511 3337 τδ
2545 3285 2768 3354 πνεῦμα
2799 3284 2860 3335 τὸ
2890 3287 2948 3337 ὲν
2982 3287 3113 3354 ἡμῖν
3138 3288 3204 3338 τὰ
3229 3288 3414 3357 ἡμῶν,
3446 3290 3504 3341 τὸ
3539 3289 3839 3360 ἀνθρώπινον

2318 3367 2460 3435 λέγω
2493 3370 2711 3436 πνεῦμα
2743 3370 2803 3421 τὸ
2853 3372 2910 3421 ὲν
2946 3372 3104 3441 ἡμῖν,
3154 3371 3322 3436 οὕτω,
3355 3373 3507 3444 φησὶ,
3542 3377 3629 3425 καὶ
3672 3372 3731 3424 τὰ
3758 3370 3835 3423 τοῦ

2318 3449 2455 3502 Θεοῦ
2486 3451 2660 3512 οὐδεὶς
2695 3450 2934 3518 ἔγνωκεν
2957 3492 2970 3513 ,
3027 3456 3074 3505 εἰ
3106 3455 3183 3522 μὴ
3215 3456 3272 3505 τὸ
3306 3457 3531 3525 Πνεῦμα
3590 3456 3676 3508 τοῦ
3706 3455 3837 3508 Θεοῦ.

2320 3534 2431 3585 Καὶ
2460 3534 2621 3586 πάλιν
2648 3537 2814 3602 φησὶν
2843 3538 2870 3588 6
2894 3536 3082 3604 Σωτήρ
3103 3553 3114 3565 ·
3139 3536 3351 3601 Οὐδεὶς
3376 3539 3735 3607 ἐπιγινώσκει
3756 3538 3841 3590 τὸν

2319 3618 2473 3680 Υἱὸν,
2500 3620 2551 3670 εἰ
2581 3618 2667 3686 μὴ
2698 3620 2730 3670 ό
2762 3619 2983 3686 Πατὴρ,
3012 3620 3155 3672 οὐδὲ
3184 3622 3291 3674 τὸν
3322 3623 3551 3691 Πατέρα
3582 3641 3664 3687 τις
3683 3625 3840 3689 ἐπιγι-

2318 3704 2534 3753 νώσκει
2565 3702 2616 3752 εὶ
2647 3700 2732 3767 μὴ
2771 3704 2803 3753 ό
2850 3703 3004 3767 Υἱὸς,
3037 3704 3132 3754 καὶ
3165 3699 3211 3770 ᾧ
3242 3704 3317 3755 ἂν
3350 3706 3641 3773 ,βούληται
3677 3709 3706 3759 ό
3736 3707 3841 3766 Titii;

2315 3783 2725 3849 ἀποκαλύψαι.
2758 3783 2929 3835 Τοῦτο
2954 3785 3145 3853 ἐκείνῳ
3182 3788 3392 3854 ὅμοιον,
3438 3790 3651 3841 κάκεῖνο
3680 3789 3839 3841 τούτου

2323 3865 2675 3934 ίσοδύναμον’
2726 3867 2891 3934 Ἡμῖν
2923 3867 3053 3935 γὰρ,
3088 3870 3276 3936 φησὶν,
3296 3873 3328 3923 ὀ
3360 3872 3504 3934 Θεὸς
3527 3872 3840 3936 dastidium

636 3954 734 4006 διὰ
765 3953 870 4006 τοῦ
914 3952 1266 4019 Πνεύμσιτος
1316 3952 1526 4006 αὐτοῦ.
1561 3954 1704 4022 "Op:
1755 3950 2048 4020 τοιγαροῦν
2084 3951 2202 4013 πῶς
2244 3952 2375 4004 ποτὲ
2413 3951 2509 4020 μὲν
2551 3949 2743 4019 Πατὴρ
2810 3949 2940 4003 Υῑὸν
2982 3952 3387 4019 ἀποκαλύπτει,
3446 3956 3570 4008 ποτὲ
3630 3954 3683 4007 δὲ
3740 3952 3841 4013 Υἱὸς

638 4036 878 4107 Πατέρα,
913 4036 1042 4088 ποτὲ
1064 4035 1120 4087 δὲ
1149 4034 1209 4086 τὸ
1239 4034 1461 4104 Πνεῦμα
1508 4034 1656 4097 Υίὸν,
1694 4036 1788 4088 καὶ
1826 4034 2048 4102 Πατέρα
2082 4034 2371 4096 ὡσαύτως.

1115 4128 1200 4181 Ex
1232 4130 1411 4182 eadem
1460 4130 1720 4182 oratione.

712 4227 767 4277 In
812 4223 993 4275 mundi
1056 4222 1428 4290 procreatione
1491 4222 1835 4289 perspicuum
1869 4230 1972 4284 est,
2001 4219 2217 4272 Patrem

637 4327 758 4363 cmn
784 4306 918 4359 Filio
938 4316 990 4359 et
1024 4304 1226 4373 Spiritu
1276 4305 1534 4372 colloqui,
1565 4305 2016 4372 quenutdmodntn
2046 4303 2221 4356 Moses

642 4397 873 4448 humano
924 4404 1073 4442 more
1139 4390 1534 4457 colloquentem
1598 4389 1772 4457 ipsum
1816 4389 2019 4441 inducit
2058 4396 2220 4456 atque

640 4478 902 4529 dicentem
938 4490 953 4526 :
990 4471 1273 4524 Faciamus
1316 4473 1573 4524 hominem
1630 4470 1699 4525 ad
1745 4473 2024 4539 imaginem
2051 4480 2099 4523 et
2143 4474 2217 4525 si-

642 4559 986 4613 militudinem
1029 4546 1266 4607 nostram
1305 4556 1345 4607 ⁸.
1386 4555 1483 4609 Cui
1537 4554 1681 4608 enim
1718 4554 1867 4619 dicit,
1908 4553 2215 4621 Faciamus,

642 4648 743 4699 nisi
780 4643 972 4706 Verbo,
1003 4648 1055 4693 et
1076 4640 1352 4708 unigenito
1374 4637 1535 4702 Filic,
1570 4653 1664 4706 per
1696 4652 1854 4705 quem
1874 4639 2056 4691 omnia
2080 4637 2220 4692 facta

641 4738 788 4791 sunt,
814 4724 1261 4794 quemadmodum
1307 4722 1493 4775 scribit
1516 4722 1871 4789 evangelista,
1910 4728 1962 4773 et
1995 4722 2220 4789 Spiritui

640 4814 708 4866 de
730 4827 839 4883 quo
855 4812 1114 4879 scriptum
1138 4816 1221 4861 est
1254 4824 1268 4860 :
1297 4804 1520 4873 Spiritus
1542 4805 1769 4871 divinus,
1808 4805 1897 4874 qui
1918 4805 2040 4874 fecit
2064 4821 2143 4858 me
2164 4804 2223 4858 ’ἳ

642 4903 718 4952 Ac
768 4896 1016 4967 quamvis
1065 4895 1313 4947 oratione
1361 4906 1464 4944 non
1500 4891 1876 4954 declaraverit,
1929 4889 1995 4943 de
2024 4892 2222 4957 quibus

642 4986 805 5043 dicat,
827 4987 919 5033 aut
949 4992 1084 5046 quos
1105 4977 1429 5045 alloquatur,
1470 4984 1646 5027 tamen
1668 4974 1808 5041 quod
1828 4974 1892 5026 de
1910 4974 2025 5041 ipso
2044 4973 2219 5027 solum

643 5082 749 5120 non
778 5063 943 5126 dicat,
975 5069 1121 5126 patet
1147 5075 1211 5113 ex
1250 5073 1334 5123 eo,
1369 5057 1532 5126 quod,
1568 5056 1718 5119 Ecce,
1752 5056 1946 5123 inquit,
1968 5057 2138 5109 Adam
2162 5066 2219 5109 ut

646 5163 777 5200 unus
802 5162 827 5197 e
852 5144 993 5195 nobis
1038 5142 1209 5209 factus
1235 5150 1308 5193 est
1335 5140 1375 5193 ⁸.
1409 5141 1473 5193 Et
1505 5156 1715 5194 rursum
1746 5155 1763 5192 :
1799 5129 1994 5199 Venite,
2021 5142 2216 5209 inquit,

644 5247 689 5287 et
725 5228 1088 5283 descendente:
1118 5224 1506 5291 confundantus
1563 5224 1768 5291 linguas
1814 5224 2049 5291 ipsorum
2083 5227 2124 5289 ⁸,
2160 5234 2217 5276 ut

644 5327 693 5369 et
723 5326 1008 5368 numerum
1045 5322 1234 5360 eorum
1270 5307 1561 5372 intelligas.
1617 5308 1783 5359 Nemo
1841 5308 1985 5360 enim
2024 5308 2221 5361 audeat

643 5399 860 5468 angelos
893 5410 1012 5447 cum
1047 5393 1306 5445 Creatore
1342 5399 1395 5441 et
1443 5390 1671 5441 Domino
1705 5392 1995 5446 collocare.
2034 5390 2221 5457 Neque

645 5497 856 5535 rursum
894 5477 985 5531 Dei
1014 5489 1238 5544 persona
1272 5468 1580 5539 una’polest
1608 5473 1855 5541 intelligi,
1880 5489 2001 5527 cum
2033 5474 2175 5527 dicat
2203 5490 2217 5527 :

646 5564 914 5633 Tanquam
934 5576 1063 5612 unus
1086 5576 1113 5612 e
1136 5558 1299 5621 nobis,
1321 5566 1373 5610 et
1399 5575 1412 5611 :
1444 5555 1636 5619 Venite,
1657 5568 1701 5609 et
1715 5560 2071 5610 descendentes
2094 5573 2221 5610 con-

643 5645 1002 5718 fundamus”.
1026 5644 1372 5711 Perspicuum
1396 5652 1451 5695 et
1476 5642 1600 5695 illud
1616 5642 1851 5710 estquod
1872 5643 1936 5694 de
1956 5640 2221 5695 Sodomo-

714 5767 728 5795 ¹
755 5766 855 5818 Isa.
885 5779 923 5827 I,
952 5764 1006 5817 2.
1121 5765 1141 5794 ¹
1173 5761 1341 5815 Exod.
1385 5777 1435 5813 tv
1466 5760 1556 5811 ἓξ)...
1674 5758 1693 5787 ³
1727 5756 1933 5810 Coloss.
1965 5774 2001 5817 ι,
2038 5758 2125 5811 ‘Iii.

644 5839 662 5869 ⁷
692 5832 843 5889 Joan.
882 5850 920 5896 ι,
948 5834 999 5885 5.
1112 5831 1271 5885 'Job.
1314 5846 1506 5894 sum,
1556 5829 1645 5880 “ll.
1723 5830 1741 5859 ’
1779 5827 1915 5879 Gen.
1956 5845 2033 5889 Ill,
2068 5832 2157 5882 ξιξ.

2246 4520 2295 4578 D

2238 5758 2259 5788 ‘
2294 5759 2308 5812 Ι
2350 5760 2572 5827 Cor.'tt,
2635 5761 2722 5815 Η.

2240 5832 2281 5863 ⁸⁸
2311 5831 2444 5885 ϐειιι.
2473 5847 2547 5896 XI,
2582 5832 2634 5885 7.

2679 4176 2685 4184 ,
2860 4130 2961 4182 Ἐκ
2990 4129 3095 4183 τοῦ
3126 4133 3337 4188 αὐτοῦ.

2392 4216 2550 4270 Κατά
2576 4218 2673 4288 τὴν
2701 4221 3064 4289 κοσμοποιίαν
3107 4225 3245 4295 πρὸς
3272 4226 3365 4280 τὸν
3394 4227 3520 4280 Υίὺν
3548 4227 3634 4280 καὶ
3662 4224 3841 4293 Πατέρα

2318 4299 2700 4368 διαλεγόμενος
2720 4302 2878 4372 δῆλός
2901 4305 3052 4356 ἐστιν
3085 4307 3112 4358 6
3130 4307 3283 4371 Θεὸς,
3311 4309 3387 4372 ὡς
3408 4308 3841 4380 ἀνθρωπικωτέρῳ

2318 4383 2475 4449 τύπῳ
2500 4384 2846 4454 παρέστησεν
2897 4385 2924 4436 6
2968 4387 3233 4458 Μωῦσῆς,
3285 4390 3662 4461 διαλεγόμενον
3711 4389 3841 4441 αὐτὸν

2322 4467 2577 4531 εἰσάγων,
2634 4469 2731 4518 καὶ
2785 4468 3106 4534 φάσκονταο
3160 4470 3520 4542 Ποιήσωμεν
3568 4474 3842 4540 ἄνθρωπον

2322 4552 2450 4601 κατ’
2479 4550 2685 4602 εἰκόνα
2715 4550 3032 4618 ἡμετέραν,
3088 4554 3188 4606 καὶ
3251 4556 3383 4609 καθ’
3431 4558 3722 4626 ὁμοίωσιν.
3748 4554 3842 4607 Τίνι

2321 4634 2428 4701 γὰρ
2464 4633 2607 4699 λέγει
2640 4633 2699 4685 τὸ
2724 4634 3125 4708 ποιήσωμενῆ
3155 4637 3233 4707 τῷ
3274 4639 3434 4710 Λόγῳ
3462 4643 3553 4695 καὶ
3605 4639 3845 4706 μονογενεῐ

2325 4718 2461 4789 Υίῴ,
2494 4718 2561 4769 δι’
2589 4715 2649 4772 οὗ
2676 4720 2741 4769 τὰ
2778 4720 2957 4772 πάντα
2989 4720 3209 4788 ἐγένετο
3250 4725 3393 4777 κατά
3450 4726 3540 4778 τὸν
3586 4723 3841 4790 Εὐαγγελι-

2325 4804 2475 4871 σεὴν,
2503 4803 2596 4854 καὶ
2622 4802 2698 4871 τῷ
2734 4802 3038 4871 Πνεῦματι,
3060 4808 3185 4875 περὶ
3205 4800 3265 4858 οὗ
3300 4807 3845 4879 γέγραπται,Πνεῦμα

2324 4886 2484 4939 θεῖον
2516 4885 2581 4937 τὸ
2612 4884 2881 4953 ποιῆσαν
2904 4904 3017 4956 ys;
3076 4889 3137 4940 Ei
3182 4890 3239 4942 δὲ
3286 4894 3381 4943 καὶ
3420 4893 3493 4962 μὴ
3527 4891 3694 4963 ῥητῶς
3719 4889 3844 4956 δεδή-

2326 4969 2496 5036 λωκε,
2532 4974 2660 5039 περὶ
2681 4971 2865 5037 τίνων,
2923 4973 2955 5041 ἢ
2984 4973 3119 5042 πρὸς
3150 4974 3305 5037 τινας
3352 4977 3677 5045 διαλέγεται,
3723 4976 3843 5040 ὅμως

2332 5052 2405 5122 μὴ
2436 5053 2564 5121 περὶ
2589 5052 2783 5106 ἑαυτοῦ
2811 5055 2973 5122 μόνον
3005 5057 3181 5124 λέγειν
3204 5060 3360 5127 δῆλόν
3397 5063 3562 5123 ἐστιν,
3584 5060 3666 5111 ὅτε
3689 5055 3843 5126 φησιν,

2339 5138 2496 5192 Ἰδοὺ
2529 5138 2710 5205 Ἀδὰμ
2743 5140 2992 5207 γέγονεν
3017 5141 3098 5206 ὡς
3126 5139 3212 5208 εἷς
3234 5145 3305 5207 ἐξ
3333 5143 3522 5212 ἡμῶν·
3554 5142 3643 5195 καὶ
3676 5140 3842 5193 milvi“

2324 5222 2507 5275 Δεῦτε
2542 5224 2907 5289 καταϐάντες
2940 5227 3297 5295 συγχέωμεν
3333 5228 3532 5281 αὐτῶν
3558 5226 3657 5290 τὰς
3684 5221 3845 5291 γλώσ·

2327 5321 2467 5373 σας,
2505 5308 2606 5360 ἵνα
2639 5308 2739 5360 καὶ
2780 5312 3383 5379 συναριθμουμένους
3440 5312 3685 5376 νοήσῃς.
3734 5304 3846 5355 ὓῦτε

2326 5392 2437 5461 γὰρ
2472 5394 2551 5454 είς
2586 5394 2858 5461 ἰσοτιμίαν
2886 5394 3155 5461 ἀγγέλους
3216 5395 3470 5458 συντάξαι
3508 5394 3747 5463 τολμήσει
3782 5401 3847 5445 τις

2327 5479 2405 5547 τῷ
2438 5478 2785 5547 Δημιουργῷ,
2843 5480 2935 5530 καὶ
2978 5480 3248 5551 Δεσπότῃ,
3297 5478 3418 5532 οὔτε
3460 5479 3589 5531 Θεοῦ
3629 5476 3768 5529 πάλιν
3800 5470 3847 5519 ἓν

2328 5562 2618 5630 πρόσωπον
2639 5556 2750 5614 οἷον
2768 5580 2828 5613 τε
2853 5564 2994 5614 νοεῖν
3019 5562 3077 5615 τὸ
3106 5564 3379 5630 λέγεσθαι,
3404 5565 3481 5626 ὡς
3502 5558 3584 5625 εἷς
3604 5562 3667 5621 ἐξ
3688 5552 3842 5623 ἡμῶν,

2329 5646 2634 5709 καὶμιεῦτε
2651 5646 2742 5698 καὶ
2769 5645 3134 5712 καταϐάντες
3156 5646 3517 5716 dumeta/ter.
3548 5640 3781 5710 Ἐναργὲς
3798 5633 3844 5685 δὲ

2830 5761 3071 5817 'Mattb.
3131 5780 3204 5831 xl,
3254 5765 3339 5818 27.
3453 5761 3626 5817 ‘Gcn.
3680 5774 3713 5824 ι,
3774 5750 3845 5805 26-
