  <div class='ocr_page' id='page_1' title='image "/cluster/home/n/w/nwhite01/storage/ocr_20150623/130/mdp.39015078384255/376.png"; bbox 0 0 4078 6292; ppageno 0'>
   <div class='ocr_carea' id='block_1_1' title="bbox 263 296 371 358">
    <p class='ocr_par' dir='ltr' id='par_1_1' title="bbox 263 296 371 358">
     <span class='ocr_line' id='line_1_1' title="bbox 263 296 371 358; baseline 0 -2"><span class='ocrx_word' id='word_1_1' title='bbox 263 296 371 358; x_wconf 69' lang='lat'><strong>737</strong></span> 
     </span>
    </p>
   </div>
   <div class='ocr_carea' id='block_1_2' title="bbox 1236 295 2555 359">
    <p class='ocr_par' dir='ltr' id='par_1_2' title="bbox 1236 295 2555 359">
     <span class='ocr_line' id='line_1_2' title="bbox 1236 295 2555 359; baseline 0.003 -5"><span class='ocrx_word' id='word_1_2' title='bbox 1236 295 1614 357; x_wconf 76' lang='lat' dir='ltr'><strong>PANOI‘LIA</strong></span> <span class='ocrx_word' id='word_1_3' title='bbox 1656 295 2108 357; x_wconf 80' lang='lat' dir='ltr'><strong>DOGMATICA.</strong></span> <span class='ocrx_word' id='word_1_4' title='bbox 2145 319 2213 332; x_wconf 81' lang='grc'><strong>--</strong></span> <span class='ocrx_word' id='word_1_5' title='bbox 2256 297 2403 357; x_wconf 81' lang='grc' dir='ltr'><strong>ΤΙΤ.</strong></span> <span class='ocrx_word' id='word_1_6' title='bbox 2448 298 2555 359; x_wconf 77' lang='grc' dir='ltr'><strong>Χι.</strong></span> 
     </span>
    </p>
   </div>
   <div class='ocr_carea' id='block_1_3' title="bbox 3400 300 3508 363">
    <p class='ocr_par' dir='ltr' id='par_1_3' title="bbox 3400 300 3508 363">
     <span class='ocr_line' id='line_1_3' title="bbox 3400 300 3508 363; baseline 0 -1"><span class='ocrx_word' id='word_1_7' title='bbox 3400 300 3508 363; x_wconf 85' lang='lat'><strong>738</strong></span> 
     </span>
    </p>
   </div>
   <div class='ocr_carea' id='block_1_4' title="bbox 265 402 1867 477">
    <p class='ocr_par' dir='ltr' id='par_1_4' title="bbox 265 402 1867 477">
     <span class='ocr_line' id='line_1_4' title="bbox 265 402 1867 477; baseline 0.009 -26"><span class='ocrx_word' id='word_1_8' title='bbox 265 406 368 457; x_wconf 75' lang='grc' dir='ltr'><strong>καὶ</strong></span> <span class='ocrx_word' id='word_1_9' title='bbox 398 404 461 457; x_wconf 80' lang='grc' dir='ltr'><strong>τὸ</strong></span> <span class='ocrx_word' id='word_1_10' title='bbox 494 402 624 472; x_wconf 77' lang='grc' dir='ltr'>περὶ</span> <span class='ocrx_word' id='word_1_11' title='bbox 654 404 751 472; x_wconf 82' lang='grc' dir='ltr'><strong>τῆς</strong></span> <span class='ocrx_word' id='word_1_12' title='bbox 782 404 1171 475; x_wconf 71' lang='grc' dir='ltr'><strong>καταςτροφῆς</strong></span> <span class='ocrx_word' id='word_1_13' title='bbox 1206 406 1461 477; x_wconf 80' lang='grc' dir='ltr'><strong>Σοδόμων</strong></span> <span class='ocrx_word' id='word_1_14' title='bbox 1511 407 1833 475; x_wconf 81' lang='grc' dir='ltr'><em>λεγόμενον,</em></span> <span class='ocrx_word' id='word_1_15' title='bbox 1865 460 1867 466; x_wconf 33' lang='grc' dir='ltr'><strong>ι</strong></span> 
     </span>
    </p>
   </div>
   <div class='ocr_carea' id='block_1_5' title="bbox 1962 402 3513 477">
    <p class='ocr_par' dir='ltr' id='par_1_5' title="bbox 1962 406 3513 466">
     <span class='ocr_line' id='line_1_5' title="bbox 1962 406 3513 466; baseline 0.001 -3"><span class='ocrx_word' id='word_1_16' title='bbox 1962 424 2058 463; x_wconf 78' lang='grc' dir='ltr'><em>ἰιηι</em></span> <span class='ocrx_word' id='word_1_17' title='bbox 2089 408 2371 463; x_wconf 83' lang='lat' dir='ltr'><strong>eversione</strong></span> <span class='ocrx_word' id='word_1_18' title='bbox 2397 407 2599 461; x_wconf 86' lang='lat' dir='ltr'><strong>dictum</strong></span> <span class='ocrx_word' id='word_1_19' title='bbox 2625 414 2705 461; x_wconf 87' lang='lat' dir='ltr'><strong>est</strong></span> <span class='ocrx_word' id='word_1_20' title='bbox 2739 424 2751 460; x_wconf 76' lang='grc' dir='ltr'><strong><em>τ</em></strong></span> <span class='ocrx_word' id='word_1_21' title='bbox 2781 406 2925 461; x_wconf 80' lang='lat' dir='ltr'><strong>Plui!</strong></span> <span class='ocrx_word' id='word_1_22' title='bbox 2942 407 3199 462; x_wconf 87' lang='lat' dir='ltr'><strong>Dominus</strong></span> <span class='ocrx_word' id='word_1_23' title='bbox 3231 424 3264 460; x_wconf 87' lang='lat' dir='ltr'><strong>a</strong></span> <span class='ocrx_word' id='word_1_24' title='bbox 3293 408 3513 466; x_wconf 84' lang='lat' dir='ltr'><strong>Domino</strong></span> 
     </span>
    </p>
   </div>
   <div class='ocr_carea' id='block_1_6' title="bbox 264 486 1867 565">
    <p class='ocr_par' dir='ltr' id='par_1_6' title="bbox 264 486 1836 559">
     <span class='ocr_line' id='line_1_6' title="bbox 264 486 1836 559; baseline 0.004 -21"><span class='ocrx_word' id='word_1_25' title='bbox 264 486 332 538; x_wconf 82' lang='grc' dir='ltr'><em>τὺ</em></span> <span class='ocrx_word' id='word_1_26' title='bbox 352 486 599 553; x_wconf 76' lang='grc' dir='ltr'><em>Ἐ’ϐρεξε</em></span> <span class='ocrx_word' id='word_1_27' title='bbox 632 488 849 555; x_wconf 80' lang='grc' dir='ltr'><em>Κύριος</em></span> <span class='ocrx_word' id='word_1_28' title='bbox 901 486 1062 554; x_wconf 78' lang='grc' dir='ltr'><em>παρὰ</em></span> <span class='ocrx_word' id='word_1_29' title='bbox 1094 487 1320 556; x_wconf 81' lang='grc' dir='ltr'><em>Κυρίου</em></span> <span class='ocrx_word' id='word_1_30' title='bbox 1351 490 1512 543; x_wconf 82' lang='grc' dir='ltr'><em>θεῖον</em></span> <span class='ocrx_word' id='word_1_31' title='bbox 1563 490 1664 544; x_wconf 80' lang='grc' dir='ltr'><em>καὶ</em></span> <span class='ocrx_word' id='word_1_32' title='bbox 1717 491 1836 559; x_wconf 82' lang='grc' dir='ltr'><em>πῦρ</em></span> 
     </span>
    </p>
   </div>
   <div class='ocr_carea' id='block_1_7' title="bbox 1962 486 3515 565">
    <p class='ocr_par' dir='ltr' id='par_1_7' title="bbox 1962 489 3515 565">
     <span class='ocr_line' id='line_1_7' title="bbox 1962 489 3515 565; baseline -0.001 -19"><span class='ocrx_word' id='word_1_33' title='bbox 1962 507 2131 562; x_wconf 83' lang='lat' dir='ltr'><strong><em>gnem,</em></strong></span> <span class='ocrx_word' id='word_1_34' title='bbox 2165 501 2211 544; x_wconf 92' lang='lat' dir='ltr'><strong>et</strong></span> <span class='ocrx_word' id='word_1_35' title='bbox 2239 490 2460 558; x_wconf 80' lang='lat' dir='ltr'><strong>sulphur</strong></span> <span class='ocrx_word' id='word_1_36' title='bbox 2486 507 2512 543; x_wconf 84' lang='lat' dir='ltr'><strong>e</strong></span> <span class='ocrx_word' id='word_1_37' title='bbox 2546 489 2670 543; x_wconf 78' lang='lat' dir='ltr'><strong>caelo</strong></span> <span class='ocrx_word' id='word_1_38' title='bbox 2714 491 2753 542; x_wconf 80' lang='grc' dir='ltr'><strong>ί.</strong></span> <span class='ocrx_word' id='word_1_39' title='bbox 2786 490 2848 543; x_wconf 79' lang='lat' dir='ltr'><strong>Et</strong></span> <span class='ocrx_word' id='word_1_40' title='bbox 2876 493 3016 556; x_wconf 83' lang='lat' dir='ltr'><strong>quod</strong></span> <span class='ocrx_word' id='word_1_41' title='bbox 3047 491 3130 543; x_wconf 85' lang='lat' dir='ltr'><strong>his</strong></span> <span class='ocrx_word' id='word_1_42' title='bbox 3158 489 3335 545; x_wconf 80' lang='lat' dir='ltr'><strong>simile</strong></span> <span class='ocrx_word' id='word_1_43' title='bbox 3384 489 3515 565; x_wconf 54' lang='lat' dir='ltr'><strong>[fro-</strong></span> 
     </span>
    </p>
   </div>
   <div class='ocr_carea' id='block_1_8' title="bbox 265 565 1838 644">
    <p class='ocr_par' dir='ltr' id='par_1_8' title="bbox 265 565 1838 644">
     <span class='ocr_line' id='line_1_8' title="bbox 265 565 1838 644; baseline 0.006 -27"><span class='ocrx_word' id='word_1_44' title='bbox 265 565 341 619; x_wconf 82' lang='grc' dir='ltr'><strong>ὲκ</strong></span> <span class='ocrx_word' id='word_1_45' title='bbox 372 567 481 622; x_wconf 83' lang='grc' dir='ltr'><strong>τοῦ</strong></span> <span class='ocrx_word' id='word_1_46' title='bbox 511 569 796 635; x_wconf 75' lang='grc' dir='ltr'><em>οὐρανοῦ.</em></span> <span class='ocrx_word' id='word_1_47' title='bbox 825 571 936 623; x_wconf 78' lang='grc' dir='ltr'><strong>Καὶ</strong></span> <span class='ocrx_word' id='word_1_48' title='bbox 960 570 1019 622; x_wconf 80' lang='grc' dir='ltr'><strong>τὸ</strong></span> <span class='ocrx_word' id='word_1_49' title='bbox 1053 572 1111 623; x_wconf 81' lang='grc' dir='ltr'><strong>ὲν</strong></span> <span class='ocrx_word' id='word_1_50' title='bbox 1135 573 1394 643; x_wconf 75' lang='grc' dir='ltr'>προφήτῃ</span> <span class='ocrx_word' id='word_1_51' title='bbox 1429 572 1838 644; x_wconf 72' lang='grc' dir='ltr'><strong>παραπλησίως</strong></span> 
     </span>
    </p>
   </div>
   <div class='ocr_carea' id='block_1_9' title="bbox 262 650 1840 722">
    <p class='ocr_par' dir='ltr' id='par_1_9' title="bbox 262 650 1840 722">
     <span class='ocr_line' id='line_1_9' title="bbox 262 650 1840 722; baseline 0.007 -22"><span class='ocrx_word' id='word_1_52' title='bbox 262 650 482 710; x_wconf 74' lang='grc' dir='ltr'>τούτοις</span> <span class='ocrx_word' id='word_1_53' title='bbox 539 650 834 721; x_wconf 77' lang='grc' dir='ltr'><strong>εἰρημένον</strong></span> <span class='ocrx_word' id='word_1_54' title='bbox 893 653 956 705; x_wconf 86' lang='grc' dir='ltr'><strong>ὲκ</strong></span> <span class='ocrx_word' id='word_1_55' title='bbox 1016 653 1308 722; x_wconf 79' lang='grc' dir='ltr'><strong>προσώπου</strong></span> <span class='ocrx_word' id='word_1_56' title='bbox 1372 655 1468 708; x_wconf 82' lang='grc' dir='ltr'><strong>τοῦ</strong></span> <span class='ocrx_word' id='word_1_57' title='bbox 1499 655 1661 721; x_wconf 78' lang='grc' dir='ltr'><em>Θεοῦ,</em></span> <span class='ocrx_word' id='word_1_58' title='bbox 1686 660 1840 711; x_wconf 85' lang='grc' dir='ltr'><em>Κατ-</em></span> 
     </span>
    </p>
   </div>
   <div class='ocr_carea' id='block_1_10' title="bbox 1944 572 3515 643">
    <p class='ocr_par' dir='ltr' id='par_1_10' title="bbox 1944 572 3515 643">
     <span class='ocr_line' id='line_1_10' title="bbox 1944 572 3515 643; baseline -0.001 -18"><span class='ocrx_word' id='word_1_59' title='bbox 1944 575 2103 643; x_wconf 82' lang='lat' dir='ltr'><strong>pheta</strong></span> <span class='ocrx_word' id='word_1_60' title='bbox 2143 574 2274 627; x_wconf 79' lang='lat' dir='ltr'><strong>dixit</strong></span> <span class='ocrx_word' id='word_1_61' title='bbox 2311 588 2340 626; x_wconf 91' lang='lat' dir='ltr'><strong>e</strong></span> <span class='ocrx_word' id='word_1_62' title='bbox 2372 587 2600 640; x_wconf 79' lang='lat' dir='ltr'><strong>persmm</strong></span> <span class='ocrx_word' id='word_1_63' title='bbox 2651 574 2740 627; x_wconf 79' lang='lat' dir='ltr'><strong>Dei</strong></span> <span class='ocrx_word' id='word_1_64' title='bbox 2775 591 2787 627; x_wconf 91' lang='lat'><strong>:</strong></span> <span class='ocrx_word' id='word_1_65' title='bbox 2819 572 2993 625; x_wconf 65' lang='lat' dir='ltr'><strong>liberti</strong></span> <span class='ocrx_word' id='word_1_66' title='bbox 3070 587 3154 624; x_wconf 90' lang='lat' dir='ltr'><strong>eos</strong></span> <span class='ocrx_word' id='word_1_67' title='bbox 3210 583 3266 626; x_wconf 88' lang='lat' dir='ltr'><strong>ut</strong></span> <span class='ocrx_word' id='word_1_68' title='bbox 3335 573 3515 626; x_wconf 78' lang='lat' dir='ltr'><strong>evertit</strong></span> 
     </span>
    </p>
   </div>
   <div class='ocr_carea' id='block_1_11' title="bbox 1945 652 3516 712">
    <p class='ocr_par' dir='ltr' id='par_1_11' title="bbox 1945 652 3516 712">
     <span class='ocr_line' id='line_1_11' title="bbox 1945 652 3516 712; baseline -0.003 -1"><span class='ocrx_word' id='word_1_69' title='bbox 1945 658 2084 712; x_wconf 89' lang='lat' dir='ltr'><strong>Deus</strong></span> <span class='ocrx_word' id='word_1_70' title='bbox 2114 656 2398 711; x_wconf 82' lang='lat' dir='ltr'><strong>Sodamam</strong></span> <span class='ocrx_word' id='word_1_71' title='bbox 2421 664 2467 708; x_wconf 92' lang='lat' dir='ltr'><strong>et</strong></span> <span class='ocrx_word' id='word_1_72' title='bbox 2522 652 2891 709; x_wconf 82' lang='lat' dir='ltr'><strong>Gomorrltam.</strong></span> <span class='ocrx_word' id='word_1_73' title='bbox 2935 653 3001 707; x_wconf 87' lang='lat' dir='ltr'><strong>Et</strong></span> <span class='ocrx_word' id='word_1_74' title='bbox 3060 654 3218 707; x_wconf 76' lang='lat' dir='ltr'><strong>aliter</strong></span> <span class='ocrx_word' id='word_1_75' title='bbox 3280 654 3516 707; x_wconf 87' lang='lat' dir='ltr'><strong>humano</strong></span> 
     </span>
    </p>
   </div>
   <div class='ocr_carea' id='block_1_12' title="bbox 261 730 1867 809">
    <p class='ocr_par' dir='ltr' id='par_1_12' title="bbox 261 730 1842 809">
     <span class='ocr_line' id='line_1_12' title="bbox 261 730 1842 809; baseline 0.006 -25"><span class='ocrx_word' id='word_1_76' title='bbox 261 730 396 798; x_wconf 62' lang='lat' dir='ltr'><strong>sior;</strong></span> <span class='ocrx_word' id='word_1_77' title='bbox 416 739 535 801; x_wconf 71' lang='grc' dir='ltr'><strong>εψα</strong></span> <span class='ocrx_word' id='word_1_78' title='bbox 569 734 811 800; x_wconf 76' lang='grc' dir='ltr'><em>αὐτοὺς.</em></span> <span class='ocrx_word' id='word_1_79' title='bbox 832 735 911 802; x_wconf 86' lang='grc' dir='ltr'><em>ὡς</em></span> <span class='ocrx_word' id='word_1_80' title='bbox 931 737 1340 807; x_wconf 73' lang='grc' dir='ltr'><strong>κατέστρεψεν</strong></span> <span class='ocrx_word' id='word_1_81' title='bbox 1371 741 1403 793; x_wconf 87' lang='grc' dir='ltr'>ό</span> <span class='ocrx_word' id='word_1_82' title='bbox 1431 739 1574 807; x_wconf 85' lang='grc' dir='ltr'><strong>Θεὸς</strong></span> <span class='ocrx_word' id='word_1_83' title='bbox 1606 739 1842 809; x_wconf 82' lang='grc' dir='ltr'><strong>Σόδομα</strong></span> 
     </span>
    </p>
   </div>
   <div class='ocr_carea' id='block_1_13' title="bbox 1962 730 3516 809">
    <p class='ocr_par' dir='ltr' id='par_1_13' title="bbox 1962 735 3516 808">
     <span class='ocr_line' id='line_1_13' title="bbox 1962 735 3516 808; baseline -0.003 -15"><span class='ocrx_word' id='word_1_84' title='bbox 1962 754 2089 793; x_wconf 89' lang='lat' dir='ltr'><strong>nore</strong></span> <span class='ocrx_word' id='word_1_85' title='bbox 2109 739 2349 808; x_wconf 88' lang='lat' dir='ltr'><strong>loquitur</strong></span> <span class='ocrx_word' id='word_1_86' title='bbox 2365 736 2504 792; x_wconf 86' lang='lat' dir='ltr'><strong>Deus</strong></span> <span class='ocrx_word' id='word_1_87' title='bbox 2538 755 2551 791; x_wconf 89' lang='lat'><strong>:</strong></span> <span class='ocrx_word' id='word_1_88' title='bbox 2584 736 2809 792; x_wconf 74' lang='lat' dir='ltr'><strong>Servabo</strong></span> <span class='ocrx_word' id='word_1_89' title='bbox 2828 754 2913 789; x_wconf 85' lang='lat' dir='ltr'><strong>eos</strong></span> <span class='ocrx_word' id='word_1_90' title='bbox 2936 737 2988 789; x_wconf 89' lang='lat' dir='ltr'><strong>in</strong></span> <span class='ocrx_word' id='word_1_91' title='bbox 3007 735 3230 789; x_wconf 87' lang='lat' dir='ltr'><strong>Domino</strong></span> <span class='ocrx_word' id='word_1_92' title='bbox 3245 735 3353 790; x_wconf 83' lang='lat' dir='ltr'><strong>Deo</strong></span> <span class='ocrx_word' id='word_1_93' title='bbox 3374 736 3516 804; x_wconf 79' lang='lat' dir='ltr'><strong>ipso-</strong></span> 
     </span>
    </p>
   </div>
   <div class='ocr_carea' id='block_1_14' title="bbox 263 815 1840 893">
    <p class='ocr_par' dir='ltr' id='par_1_14' title="bbox 263 815 1840 893">
     <span class='ocr_line' id='line_1_14' title="bbox 263 815 1840 893; baseline 0.006 -28"><span class='ocrx_word' id='word_1_94' title='bbox 263 815 370 867; x_wconf 70' lang='lat' dir='ltr'><strong>stal</strong></span> <span class='ocrx_word' id='word_1_95' title='bbox 394 816 688 884; x_wconf 67' lang='grc' dir='ltr'><em>Γόμορρα.</em></span> <span class='ocrx_word' id='word_1_96' title='bbox 715 819 823 871; x_wconf 75' lang='grc' dir='ltr'><strong>Καὶ</strong></span> <span class='ocrx_word' id='word_1_97' title='bbox 852 819 1053 889; x_wconf 81' lang='grc' dir='ltr'><strong>ἑτέρως</strong></span> <span class='ocrx_word' id='word_1_98' title='bbox 1085 821 1667 893; x_wconf 77' lang='grc' dir='ltr'><strong>φιλανθρωπευόμενος</strong></span> <span class='ocrx_word' id='word_1_99' title='bbox 1692 823 1840 891; x_wconf 81' lang='grc' dir='ltr'>λέγει</span> 
     </span>
    </p>
   </div>
   <div class='ocr_carea' id='block_1_15' title="bbox 261 898 1839 972">
    <p class='ocr_par' dir='ltr' id='par_1_15' title="bbox 261 898 1839 972">
     <span class='ocr_line' id='line_1_15' title="bbox 261 898 1839 972; baseline 0.006 -21"><span class='ocrx_word' id='word_1_100' title='bbox 261 899 294 951; x_wconf 90' lang='lat'><strong>6</strong></span> <span class='ocrx_word' id='word_1_101' title='bbox 326 898 481 961; x_wconf 75' lang='grc' dir='ltr'><em>Θεὸς,</em></span> <span class='ocrx_word' id='word_1_102' title='bbox 530 902 712 955; x_wconf 87' lang='grc' dir='ltr'>Σώσω</span> <span class='ocrx_word' id='word_1_103' title='bbox 759 902 983 969; x_wconf 64' lang='grc' dir='ltr'><em>αὐῖοὺς</em></span> <span class='ocrx_word' id='word_1_104' title='bbox 1017 906 1086 956; x_wconf 84' lang='grc' dir='ltr'><em>ἐν</em></span> <span class='ocrx_word' id='word_1_105' title='bbox 1121 907 1312 972; x_wconf 76' lang='grc' dir='ltr'><em>Κυρίῳ</em></span> <span class='ocrx_word' id='word_1_106' title='bbox 1343 904 1423 971; x_wconf 84' lang='grc' dir='ltr'><em>τῷ</em></span> <span class='ocrx_word' id='word_1_107' title='bbox 1466 905 1588 972; x_wconf 86' lang='grc' dir='ltr'><strong>Θεῷ</strong></span> <span class='ocrx_word' id='word_1_108' title='bbox 1616 906 1839 972; x_wconf 79' lang='grc' dir='ltr'><em>αὐτῶν,</em></span> 
     </span>
    </p>
   </div>
   <div class='ocr_carea' id='block_1_16' title="bbox 260 982 1841 1061">
    <p class='ocr_par' dir='ltr' id='par_1_16' title="bbox 260 982 1841 1061">
     <span class='ocr_line' id='line_1_16' title="bbox 260 982 1841 1061; baseline 0.005 -27"><span class='ocrx_word' id='word_1_109' title='bbox 260 982 408 1053; x_wconf 81' lang='grc' dir='ltr'><em>ὅπερ</em></span> <span class='ocrx_word' id='word_1_110' title='bbox 439 988 537 1037; x_wconf 79' lang='grc' dir='ltr'>οὐκ</span> <span class='ocrx_word' id='word_1_111' title='bbox 559 985 785 1038; x_wconf 79' lang='grc' dir='ltr'>ἀπέοικε</span> <span class='ocrx_word' id='word_1_112' title='bbox 816 987 915 1053; x_wconf 76' lang='grc' dir='ltr'><strong>τῆς</strong></span> <span class='ocrx_word' id='word_1_113' title='bbox 952 989 1324 1058; x_wconf 81' lang='grc' dir='ltr'>ἁποστολιχῆς</span> <span class='ocrx_word' id='word_1_114' title='bbox 1361 990 1582 1058; x_wconf 83' lang='grc' dir='ltr'><strong>λέξεως,</strong></span> <span class='ocrx_word' id='word_1_115' title='bbox 1626 991 1726 1061; x_wconf 82' lang='grc' dir='ltr'><strong>τῆς</strong></span> <span class='ocrx_word' id='word_1_116' title='bbox 1750 990 1841 1042; x_wconf 87' lang='grc' dir='ltr'><strong>λε-</strong></span> 
     </span>
    </p>
   </div>
   <div class='ocr_carea' id='block_1_17' title="bbox 1938 819 3512 891">
    <p class='ocr_par' dir='ltr' id='par_1_17' title="bbox 1938 819 3512 891">
     <span class='ocr_line' id='line_1_17' title="bbox 1938 819 3512 891; baseline -0.003 -16"><span class='ocrx_word' id='word_1_117' title='bbox 1938 839 2077 876; x_wconf 86' lang='lat' dir='ltr'><strong>rum.</strong></span> <span class='ocrx_word' id='word_1_118' title='bbox 2099 823 2249 887; x_wconf 85' lang='lat' dir='ltr'><strong>Quod</strong></span> <span class='ocrx_word' id='word_1_119' title='bbox 2272 821 2487 891; x_wconf 83' lang='lat' dir='ltr'><strong>quidem</strong></span> <span class='ocrx_word' id='word_1_120' title='bbox 2525 836 2629 874; x_wconf 88' lang='lat' dir='ltr'><strong>non</strong></span> <span class='ocrx_word' id='word_1_121' title='bbox 2647 831 2722 873; x_wconf 82' lang='lat' dir='ltr'><strong>est</strong></span> <span class='ocrx_word' id='word_1_122' title='bbox 2748 819 3013 873; x_wconf 80' lang='lat' dir='ltr'><strong>dissimile</strong></span> <span class='ocrx_word' id='word_1_123' title='bbox 3052 821 3336 873; x_wconf 79' lang='lat' dir='ltr'><strong>verborum</strong></span> <span class='ocrx_word' id='word_1_124' title='bbox 3367 819 3512 886; x_wconf 84' lang='lat' dir='ltr'><strong>Apo-</strong></span> 
     </span>
    </p>
   </div>
   <div class='ocr_carea' id='block_1_18' title="bbox 1939 901 3514 971">
    <p class='ocr_par' dir='ltr' id='par_1_18' title="bbox 1939 901 3514 971">
     <span class='ocr_line' id='line_1_18' title="bbox 1939 901 3514 971; baseline -0.004 -11"><span class='ocrx_word' id='word_1_125' title='bbox 1939 906 2092 970; x_wconf 82' lang='lat' dir='ltr'><strong>stoli,</strong></span> <span class='ocrx_word' id='word_1_126' title='bbox 2123 920 2249 959; x_wconf 87' lang='lat' dir='ltr'><strong>cum</strong></span> <span class='ocrx_word' id='word_1_127' title='bbox 2276 905 2348 958; x_wconf 93' lang='lat' dir='ltr'><strong>ait</strong></span> <span class='ocrx_word' id='word_1_128' title='bbox 2376 921 2390 959; x_wconf 89' lang='lat'><strong>:</strong></span> <span class='ocrx_word' id='word_1_129' title='bbox 2418 904 2514 957; x_wconf 87' lang='lat' dir='ltr'><strong>Det</strong></span> <span class='ocrx_word' id='word_1_130' title='bbox 2566 904 2663 968; x_wconf 86' lang='lat' dir='ltr'><strong>ipsi</strong></span> <span class='ocrx_word' id='word_1_131' title='bbox 2690 903 2943 957; x_wconf 81' lang='lat' dir='ltr'><strong>Dominus</strong></span> <span class='ocrx_word' id='word_1_132' title='bbox 2971 902 3200 956; x_wconf 80' lang='lat' dir='ltr'><strong>invenire</strong></span> <span class='ocrx_word' id='word_1_133' title='bbox 3230 901 3453 971; x_wconf 84' lang='lat' dir='ltr'><strong>gratiam</strong></span> <span class='ocrx_word' id='word_1_134' title='bbox 3482 917 3514 953; x_wconf 85' lang='grc' dir='ltr'><strong>α</strong></span> 
     </span>
    </p>
   </div>
   <div class='ocr_carea' id='block_1_19' title="bbox 1943 987 2543 1045">
    <p class='ocr_par' dir='ltr' id='par_1_19' title="bbox 1943 987 2543 1045">
     <span class='ocr_line' id='line_1_19' title="bbox 1943 987 2543 1045; baseline -0.002 -2"><span class='ocrx_word' id='word_1_135' title='bbox 1943 990 2162 1045; x_wconf 88' lang='lat' dir='ltr'><strong>Domino</strong></span> <span class='ocrx_word' id='word_1_136' title='bbox 2179 991 2232 1043; x_wconf 89' lang='lat' dir='ltr'><strong>in</strong></span> <span class='ocrx_word' id='word_1_137' title='bbox 2267 987 2361 1041; x_wconf 84' lang='lat' dir='ltr'><strong>illa</strong></span> <span class='ocrx_word' id='word_1_138' title='bbox 2380 992 2462 1040; x_wconf 87' lang='lat' dir='ltr'><strong>die</strong></span> <span class='ocrx_word' id='word_1_139' title='bbox 2482 988 2502 1019; x_wconf 78' lang='lat'><strong>’</strong></span> <span class='ocrx_word' id='word_1_140' title='bbox 2527 1026 2543 1042; x_wconf 93' lang='lat'><strong>.</strong></span> 
     </span>
    </p>
   </div>
   <div class='ocr_carea' id='block_1_20' title="bbox 259 1067 2631 1143">
    <p class='ocr_par' dir='ltr' id='par_1_20' title="bbox 259 1067 2631 1143">
     <span class='ocr_line' id='line_1_20' title="bbox 259 1067 2631 1143; baseline 0.002 -26"><span class='ocrx_word' id='word_1_141' title='bbox 259 1067 495 1136; x_wconf 72' lang='grc' dir='ltr'><strong>γούςης,</strong></span> <span class='ocrx_word' id='word_1_142' title='bbox 536 1067 663 1138; x_wconf 84' lang='grc' dir='ltr'><strong>Δῴη</strong></span> <span class='ocrx_word' id='word_1_143' title='bbox 685 1068 846 1134; x_wconf 80' lang='grc' dir='ltr'><em>αὐτῷ</em></span> <span class='ocrx_word' id='word_1_144' title='bbox 868 1071 1085 1138; x_wconf 82' lang='grc' dir='ltr'><em>Κύριος</em></span> <span class='ocrx_word' id='word_1_145' title='bbox 1108 1075 1308 1141; x_wconf 86' lang='grc' dir='ltr'><em>εὑρειν</em></span> <span class='ocrx_word' id='word_1_146' title='bbox 1337 1076 1509 1141; x_wconf 78' lang='grc' dir='ltr'><em>ἕλεος</em></span> <span class='ocrx_word' id='word_1_147' title='bbox 1532 1075 1691 1143; x_wconf 81' lang='grc' dir='ltr'><em>παρὰ</em></span> <span class='ocrx_word' id='word_1_148' title='bbox 1717 1073 1935 1143; x_wconf 82' lang='grc' dir='ltr'><strong>Κυρίου</strong></span> <span class='ocrx_word' id='word_1_149' title='bbox 1962 1075 2032 1127; x_wconf 79' lang='grc' dir='ltr'><em>ἐν</em></span> <span class='ocrx_word' id='word_1_150' title='bbox 2067 1072 2269 1139; x_wconf 81' lang='grc' dir='ltr'><em>ἐκείνῃ</em></span> <span class='ocrx_word' id='word_1_151' title='bbox 2305 1071 2381 1138; x_wconf 79' lang='grc' dir='ltr'><em>τῇ</em></span> <span class='ocrx_word' id='word_1_152' title='bbox 2417 1072 2631 1139; x_wconf 73' lang='grc' dir='ltr'><strong>ἡμέρᾳ.</strong></span> 
     </span>
    </p>
   </div>
   <div class='ocr_carea' id='block_1_21' title="bbox 273 1157 1836 1233">
    <p class='ocr_par' dir='ltr' id='par_1_21' title="bbox 273 1157 1836 1233">
     <span class='ocr_line' id='line_1_21' title="bbox 273 1157 1836 1233; baseline 0.004 -20"><span class='ocrx_word' id='word_1_153' title='bbox 273 1157 395 1213; x_wconf 85' lang='grc' dir='ltr'><em>Τοῦ</em></span> <span class='ocrx_word' id='word_1_154' title='bbox 448 1160 656 1233; x_wconf 72' lang='grc' dir='ltr'><em>αὐτοῦ.</em></span> <span class='ocrx_word' id='word_1_155' title='bbox 718 1162 865 1228; x_wconf 81' lang='grc' dir='ltr'><em>Πρὸς</em></span> <span class='ocrx_word' id='word_1_156' title='bbox 919 1165 1059 1227; x_wconf 86' lang='grc' dir='ltr'><em>τοὺς</em></span> <span class='ocrx_word' id='word_1_157' title='bbox 1105 1165 1418 1233; x_wconf 75' lang='grc' dir='ltr'><em>λέγοντας,</em></span> <span class='ocrx_word' id='word_1_158' title='bbox 1469 1167 1556 1221; x_wconf 84' lang='grc' dir='ltr'><em>ὅτι</em></span> <span class='ocrx_word' id='word_1_159' title='bbox 1602 1166 1836 1220; x_wconf 66' lang='grc' dir='ltr'><strong>πολλὰ⁴</strong></span> 
     </span>
    </p>
   </div>
   <div class='ocr_carea' id='block_1_22' title="bbox 346 1229 1837 1309">
    <p class='ocr_par' dir='ltr' id='par_1_22' title="bbox 346 1229 1837 1309">
     <span class='ocr_line' id='line_1_22' title="bbox 346 1229 1837 1309; baseline 0.006 -29"><span class='ocrx_word' id='word_1_160' title='bbox 346 1245 446 1309; x_wconf 57' lang='lat' dir='ltr'><strong>suc:</strong></span> <span class='ocrx_word' id='word_1_161' title='bbox 487 1229 819 1309; x_wconf 53' lang='lat' dir='ltr'><strong>lemmata:</strong></span> <span class='ocrx_word' id='word_1_162' title='bbox 851 1229 1309 1309; x_wconf 48' lang='grc' dir='ltr'><strong>περὶ-Υζοῦξφιαὶ</strong></span> <span class='ocrx_word' id='word_1_163' title='bbox 1343 1229 1742 1306; x_wconf 78' lang='grc' dir='ltr'><em>Πατρὸς,περὶ</em></span> <span class='ocrx_word' id='word_1_164' title='bbox 1768 1235 1837 1290; x_wconf 75' lang='grc' dir='ltr'><strong>δὲ</strong></span> 
     </span>
    </p>
   </div>
   <div class='ocr_carea' id='block_1_23' title="bbox 344 1301 1659 1374">
    <p class='ocr_par' dir='ltr' id='par_1_23' title="bbox 344 1301 1659 1374">
     <span class='ocr_line' id='line_1_23' title="bbox 344 1301 1659 1374; baseline 0.006 -25"><span class='ocrx_word' id='word_1_165' title='bbox 344 1301 451 1351; x_wconf 87' lang='grc' dir='ltr'><strong>τοῦ</strong></span> <span class='ocrx_word' id='word_1_166' title='bbox 475 1301 821 1367; x_wconf 86' lang='grc' dir='ltr'><em>Πνεύματος</em></span> <span class='ocrx_word' id='word_1_167' title='bbox 850 1302 919 1352; x_wconf 82' lang='grc' dir='ltr'><em>ἐν</em></span> <span class='ocrx_word' id='word_1_168' title='bbox 946 1302 1025 1368; x_wconf 75' lang='grc' dir='ltr'><em>τῷ</em></span> <span class='ocrx_word' id='word_1_169' title='bbox 1040 1306 1418 1374; x_wconf 76' lang='grc' dir='ltr'><em>,ϐαπτίσματι</em></span> <span class='ocrx_word' id='word_1_170' title='bbox 1442 1301 1659 1374; x_wconf 77' lang='grc' dir='ltr'><em>μόνον.</em></span> 
     </span>
    </p>
   </div>
   <div class='ocr_carea' id='block_1_24' title="bbox 431 1397 1850 1469">
    <p class='ocr_par' dir='ltr' id='par_1_24' title="bbox 431 1397 1850 1469">
     <span class='ocr_line' id='line_1_24' title="bbox 431 1397 1850 1469; baseline 0.001 -18"><span class='ocrx_word' id='word_1_171' title='bbox 431 1398 556 1451; x_wconf 84' lang='grc' dir='ltr'><strong>Ἐὰν</strong></span> <span class='ocrx_word' id='word_1_172' title='bbox 609 1397 667 1450; x_wconf 76' lang='grc' dir='ltr'>δὲ</span> <span class='ocrx_word' id='word_1_173' title='bbox 718 1397 849 1468; x_wconf 84' lang='grc' dir='ltr'>λέγῃ</span> <span class='ocrx_word' id='word_1_174' title='bbox 888 1398 916 1450; x_wconf 88' lang='lat'><strong>6</strong></span> <span class='ocrx_word' id='word_1_175' title='bbox 964 1397 1155 1469; x_wconf 80' lang='grc' dir='ltr'><em>Πατὴρ</em></span> <span class='ocrx_word' id='word_1_176' title='bbox 1177 1439 1193 1463; x_wconf 93' lang='grc'><strong>,</strong></span> <span class='ocrx_word' id='word_1_177' title='bbox 1238 1399 1335 1452; x_wconf 92' lang='grc' dir='ltr'><em>Ἐν</em></span> <span class='ocrx_word' id='word_1_178' title='bbox 1384 1398 1513 1466; x_wconf 85' lang='grc' dir='ltr'><em>ταῖς</em></span> <span class='ocrx_word' id='word_1_179' title='bbox 1561 1397 1850 1468; x_wconf 82' lang='grc' dir='ltr'><strong>ἐσχάταις</strong></span> 
     </span>
    </p>
   </div>
   <div class='ocr_carea' id='block_1_25' title="bbox 254 1486 1851 1559">
    <p class='ocr_par' dir='ltr' id='par_1_25' title="bbox 254 1486 1851 1559">
     <span class='ocr_line' id='line_1_25' title="bbox 254 1486 1851 1559; baseline -0.001 -16"><span class='ocrx_word' id='word_1_180' title='bbox 254 1489 508 1559; x_wconf 75' lang='grc' dir='ltr'><em>ἡμέραις</em></span> <span class='ocrx_word' id='word_1_181' title='bbox 525 1486 714 1556; x_wconf 82' lang='grc' dir='ltr'><strong>ἐκχεῶ</strong></span> <span class='ocrx_word' id='word_1_182' title='bbox 734 1487 851 1542; x_wconf 72' lang='grc' dir='ltr'><strong>ἀπὸ</strong></span> <span class='ocrx_word' id='word_1_183' title='bbox 876 1486 985 1540; x_wconf 90' lang='grc' dir='ltr'><strong>τοῦ</strong></span> <span class='ocrx_word' id='word_1_184' title='bbox 1008 1488 1354 1555; x_wconf 82' lang='grc' dir='ltr'><em>Πνεὺματός</em></span> <span class='ocrx_word' id='word_1_185' title='bbox 1374 1504 1493 1556; x_wconf 85' lang='grc' dir='ltr'><strong>μου</strong></span> <span class='ocrx_word' id='word_1_186' title='bbox 1518 1487 1616 1540; x_wconf 79' lang='grc' dir='ltr'><strong>ἐπὶ</strong></span> <span class='ocrx_word' id='word_1_187' title='bbox 1644 1486 1851 1541; x_wconf 85' lang='grc' dir='ltr'><em>πᾶσαν</em></span> 
     </span>
    </p>
   </div>
   <div class='ocr_carea' id='block_1_26' title="bbox 254 1577 1849 1650">
    <p class='ocr_par' dir='ltr' id='par_1_26' title="bbox 254 1577 1849 1650">
     <span class='ocr_line' id='line_1_26' title="bbox 254 1577 1849 1650; baseline -0.002 -15"><span class='ocrx_word' id='word_1_188' title='bbox 254 1580 479 1650; x_wconf 77' lang='grc' dir='ltr'><em>σάρκα,</em></span> <span class='ocrx_word' id='word_1_189' title='bbox 517 1580 571 1633; x_wconf 79' lang='grc' dir='ltr'><em>τί</em></span> <span class='ocrx_word' id='word_1_190' title='bbox 616 1579 858 1650; x_wconf 79' lang='grc' dir='ltr'><em>εἴπωμεν</em></span> <span class='ocrx_word' id='word_1_191' title='bbox 910 1579 1041 1650; x_wconf 78' lang='grc' dir='ltr'><em>περὶ</em></span> <span class='ocrx_word' id='word_1_192' title='bbox 1091 1577 1184 1631; x_wconf 80' lang='grc' dir='ltr'><strong>τοῦ</strong></span> <span class='ocrx_word' id='word_1_193' title='bbox 1225 1578 1388 1643; x_wconf 74' lang='grc' dir='ltr'><strong>Υἰοῦς</strong></span> <span class='ocrx_word' id='word_1_194' title='bbox 1436 1578 1509 1630; x_wconf 78' lang='grc' dir='ltr'><strong>Οὐ</strong></span> <span class='ocrx_word' id='word_1_195' title='bbox 1540 1578 1849 1649; x_wconf 79' lang='grc' dir='ltr'><em>γέγραπται</em></span> 
     </span>
    </p>
   </div>
   <div class='ocr_carea' id='block_1_27' title="bbox 255 1669 1849 1745">
    <p class='ocr_par' dir='ltr' id='par_1_27' title="bbox 255 1669 1849 1745">
     <span class='ocr_line' id='line_1_27' title="bbox 255 1669 1849 1745; baseline -0.003 -19"><span class='ocrx_word' id='word_1_196' title='bbox 255 1674 372 1745; x_wconf 86' lang='grc' dir='ltr'><strong>γὰρ</strong></span> <span class='ocrx_word' id='word_1_197' title='bbox 407 1671 655 1726; x_wconf 74' lang='grc' dir='ltr'><em>ἐνταῦθα.</em></span> <span class='ocrx_word' id='word_1_198' title='bbox 686 1671 810 1725; x_wconf 83' lang='grc' dir='ltr'><strong>Ἐὰν</strong></span> <span class='ocrx_word' id='word_1_199' title='bbox 835 1671 891 1724; x_wconf 80' lang='grc' dir='ltr'>δὲ</span> <span class='ocrx_word' id='word_1_200' title='bbox 914 1670 1047 1741; x_wconf 85' lang='grc' dir='ltr'>λέγῃ</span> <span class='ocrx_word' id='word_1_201' title='bbox 1080 1669 1109 1721; x_wconf 87' lang='grc' dir='ltr'>ὁ</span> <span class='ocrx_word' id='word_1_202' title='bbox 1142 1670 1428 1741; x_wconf 85' lang='grc' dir='ltr'>προφήτης</span> <span class='ocrx_word' id='word_1_203' title='bbox 1451 1685 1464 1698; x_wconf 88' lang='grc'><em>’</em></span> <span class='ocrx_word' id='word_1_204' title='bbox 1513 1669 1667 1723; x_wconf 80' lang='grc' dir='ltr'><em>Ἐκεῖ</em></span> <span class='ocrx_word' id='word_1_205' title='bbox 1698 1685 1849 1722; x_wconf 84' lang='grc' dir='ltr'><em>συν-</em></span> 
     </span>
    </p>
   </div>
   <div class='ocr_carea' id='block_1_28' title="bbox 253 1732 1924 1832">
    <p class='ocr_par' dir='ltr' id='par_1_28' title="bbox 253 1732 1924 1832">
     <span class='ocr_line' id='line_1_28' title="bbox 253 1732 1924 1832; baseline -0.007 -12"><span class='ocrx_word' id='word_1_206' title='bbox 253 1732 538 1832; x_wconf 51' lang='lat' dir='ltr'><strong>iis-enotu-</strong></span> <span class='ocrx_word' id='word_1_207' title='bbox 582 1761 814 1831; x_wconf 67' lang='grc' dir='ltr'><em>ἔλαφοι,</em></span> <span class='ocrx_word' id='word_1_208' title='bbox 881 1732 999 1814; x_wconf 40' lang='grc' dir='ltr'><em>καὶ·</em></span> <span class='ocrx_word' id='word_1_209' title='bbox 1021 1732 1200 1814; x_wconf 44' lang='grc' dir='ltr'><em>εἶδον.</em></span> <span class='ocrx_word' id='word_1_210' title='bbox 1230 1732 1627 1828; x_wconf 59' lang='grc' dir='ltr'><em>ταπρόσωπα</em></span> <span class='ocrx_word' id='word_1_211' title='bbox 1657 1759 1849 1827; x_wconf 72' lang='grc' dir='ltr'><strong>ἀλλή-</strong></span> <span class='ocrx_word' id='word_1_212' title='bbox 1883 1732 1924 1784; x_wconf 74' lang='grc' dir='ltr'>Β</span> 
     </span>
    </p>
   </div>
   <div class='ocr_carea' id='block_1_29' title="bbox 255 1850 1848 1926">
    <p class='ocr_par' dir='ltr' id='par_1_29' title="bbox 255 1850 1848 1926">
     <span class='ocr_line' id='line_1_29' title="bbox 255 1850 1848 1926; baseline -0.004 -15"><span class='ocrx_word' id='word_1_213' title='bbox 255 1859 415 1911; x_wconf 74' lang='grc' dir='ltr'><strong>λων·</strong></span> <span class='ocrx_word' id='word_1_214' title='bbox 445 1853 664 1926; x_wconf 83' lang='grc' dir='ltr'><em>ἀριθμῷ</em></span> <span class='ocrx_word' id='word_1_215' title='bbox 687 1853 1023 1923; x_wconf 71' lang='grc' dir='ltr'><em>παρῆλθον,</em></span> <span class='ocrx_word' id='word_1_216' title='bbox 1064 1853 1166 1906; x_wconf 79' lang='grc' dir='ltr'><strong>καὶ</strong></span> <span class='ocrx_word' id='word_1_217' title='bbox 1194 1853 1304 1922; x_wconf 82' lang='grc' dir='ltr'><strong>μία</strong></span> <span class='ocrx_word' id='word_1_218' title='bbox 1332 1850 1532 1906; x_wconf 82' lang='grc' dir='ltr'><em>αὐτῶν</em></span> <span class='ocrx_word' id='word_1_219' title='bbox 1577 1853 1691 1921; x_wconf 84' lang='grc' dir='ltr'><strong>οὺχ</strong></span> <span class='ocrx_word' id='word_1_220' title='bbox 1734 1854 1848 1905; x_wconf 80' lang='grc' dir='ltr'><strong>ὑπ-</strong></span> 
     </span>
    </p>
   </div>
   <div class='ocr_carea' id='block_1_30' title="bbox 250 1941 1849 2015">
    <p class='ocr_par' dir='ltr' id='par_1_30' title="bbox 250 1941 1849 2015">
     <span class='ocr_line' id='line_1_30' title="bbox 250 1941 1849 2015; baseline -0.004 -13"><span class='ocrx_word' id='word_1_221' title='bbox 250 1948 530 2015; x_wconf 67' lang='grc' dir='ltr'><em>ελείφθη,</em></span> <span class='ocrx_word' id='word_1_222' title='bbox 579 1945 727 1999; x_wconf 85' lang='grc' dir='ltr'><strong>διότι</strong></span> <span class='ocrx_word' id='word_1_223' title='bbox 756 1946 976 2013; x_wconf 81' lang='grc' dir='ltr'><em>Κύριος</em></span> <span class='ocrx_word' id='word_1_224' title='bbox 1000 1944 1335 1998; x_wconf 79' lang='grc' dir='ltr'><em>ἐνετείλατο</em></span> <span class='ocrx_word' id='word_1_225' title='bbox 1377 1941 1608 2009; x_wconf 85' lang='grc' dir='ltr'><em>αὐταῖς,</em></span> <span class='ocrx_word' id='word_1_226' title='bbox 1653 1943 1752 1996; x_wconf 79' lang='grc' dir='ltr'><em>καὶ</em></span> <span class='ocrx_word' id='word_1_227' title='bbox 1782 1942 1849 1996; x_wconf 81' lang='grc' dir='ltr'><em>τὸ</em></span> 
     </span>
    </p>
   </div>
   <div class='ocr_carea' id='block_1_31' title="bbox 254 2033 1848 2109">
    <p class='ocr_par' dir='ltr' id='par_1_31' title="bbox 254 2033 1848 2109">
     <span class='ocr_line' id='line_1_31' title="bbox 254 2033 1848 2109; baseline -0.006 -15"><span class='ocrx_word' id='word_1_228' title='bbox 254 2039 505 2109; x_wconf 80' lang='grc' dir='ltr'><em>Πνεῦμα</em></span> <span class='ocrx_word' id='word_1_229' title='bbox 531 2037 714 2091; x_wconf 85' lang='grc' dir='ltr'><em>αὑτοῦ</em></span> <span class='ocrx_word' id='word_1_230' title='bbox 736 2035 1082 2105; x_wconf 59' lang='grc' dir='ltr'><em>συνήγαγεν</em></span> <span class='ocrx_word' id='word_1_231' title='bbox 1107 2034 1294 2102; x_wconf 84' lang='grc' dir='ltr'><em>αὐτάς</em></span> <span class='ocrx_word' id='word_1_232' title='bbox 1342 2049 1357 2064; x_wconf 84' lang='grc'>⁶</span> <span class='ocrx_word' id='word_1_233' title='bbox 1497 2033 1600 2087; x_wconf 74' lang='grc' dir='ltr'>ποῦ</span> <span class='ocrx_word' id='word_1_234' title='bbox 1629 2035 1657 2087; x_wconf 97' lang='lat'><strong>6</strong></span> <span class='ocrx_word' id='word_1_235' title='bbox 1681 2035 1807 2098; x_wconf 79' lang='grc' dir='ltr'><strong>Υἱός</strong></span> <span class='ocrx_word' id='word_1_236' title='bbox 1833 2053 1848 2101; x_wconf 88' lang='grc'>;</span> 
     </span>
    </p>
   </div>
   <div class='ocr_carea' id='block_1_32' title="bbox 267 2126 1850 2200">
    <p class='ocr_par' dir='ltr' id='par_1_32' title="bbox 267 2126 1850 2200">
     <span class='ocr_line' id='line_1_32' title="bbox 267 2126 1850 2200; baseline -0.003 -16"><span class='ocrx_word' id='word_1_237' title='bbox 267 2131 403 2184; x_wconf 77' lang='grc' dir='ltr'><strong>Ἐὰν</strong></span> <span class='ocrx_word' id='word_1_238' title='bbox 423 2129 480 2183; x_wconf 77' lang='grc' dir='ltr'><strong>δὲ</strong></span> <span class='ocrx_word' id='word_1_239' title='bbox 503 2128 636 2200; x_wconf 83' lang='grc' dir='ltr'>λέγῃ</span> <span class='ocrx_word' id='word_1_240' title='bbox 657 2145 669 2158; x_wconf 90' lang='grc'><strong>·</strong></span> <span class='ocrx_word' id='word_1_241' title='bbox 708 2127 948 2197; x_wconf 80' lang='grc' dir='ltr'><strong>Πνεῦμα</strong></span> <span class='ocrx_word' id='word_1_242' title='bbox 975 2127 1113 2196; x_wconf 82' lang='grc' dir='ltr'><em>παρ’</em></span> <span class='ocrx_word' id='word_1_243' title='bbox 1134 2126 1279 2196; x_wconf 74' lang='grc' dir='ltr'><em>ἐμοῦ</em></span> <span class='ocrx_word' id='word_1_244' title='bbox 1307 2126 1712 2191; x_wconf 77' lang='grc' dir='ltr'><em>ἐξελεύσεται,</em></span> <span class='ocrx_word' id='word_1_245' title='bbox 1754 2127 1850 2179; x_wconf 73' lang='grc' dir='ltr'><strong>καὶ</strong></span> 
     </span>
    </p>
   </div>
   <div class='ocr_carea' id='block_1_33' title="bbox 252 2215 1854 2288">
    <p class='ocr_par' dir='ltr' id='par_1_33' title="bbox 252 2215 1854 2288">
     <span class='ocr_line' id='line_1_33' title="bbox 252 2215 1854 2288; baseline -0.004 -13"><span class='ocrx_word' id='word_1_246' title='bbox 252 2219 465 2288; x_wconf 69' lang='grc' dir='ltr'><em>πνοὴν</em></span> <span class='ocrx_word' id='word_1_247' title='bbox 505 2218 709 2273; x_wconf 79' lang='grc' dir='ltr'><em>πᾶσαν</em></span> <span class='ocrx_word' id='word_1_248' title='bbox 739 2217 854 2288; x_wconf 73' lang='grc' dir='ltr'><strong>ἐγὼ</strong></span> <span class='ocrx_word' id='word_1_249' title='bbox 886 2218 1178 2284; x_wconf 61' lang='grc' dir='ltr'><em>ἐποίησιν</em></span> <span class='ocrx_word' id='word_1_250' title='bbox 1230 2215 1333 2270; x_wconf 82' lang='grc' dir='ltr'>ποῦ</span> <span class='ocrx_word' id='word_1_251' title='bbox 1373 2216 1401 2267; x_wconf 90' lang='lat'><strong>6</strong></span> <span class='ocrx_word' id='word_1_252' title='bbox 1438 2215 1599 2281; x_wconf 72' lang='grc' dir='ltr'><strong>Υἰὸς;</strong></span> <span class='ocrx_word' id='word_1_253' title='bbox 1643 2216 1764 2269; x_wconf 74' lang='grc' dir='ltr'><strong>Ἐὰν</strong></span> <span class='ocrx_word' id='word_1_254' title='bbox 1796 2216 1854 2269; x_wconf 81' lang='grc' dir='ltr'><strong>δὲ</strong></span> 
     </span>
    </p>
   </div>
   <div class='ocr_carea' id='block_1_34' title="bbox 254 2312 1852 2386">
    <p class='ocr_par' dir='ltr' id='par_1_34' title="bbox 254 2312 1852 2386">
     <span class='ocr_line' id='line_1_34' title="bbox 254 2312 1852 2386; baseline -0.003 -16"><span class='ocrx_word' id='word_1_255' title='bbox 254 2317 398 2386; x_wconf 81' lang='grc' dir='ltr'>λέγῃ</span> <span class='ocrx_word' id='word_1_256' title='bbox 431 2314 680 2368; x_wconf 77' lang='grc' dir='ltr'><strong>ὁΔαὸιδ·</strong></span> <span class='ocrx_word' id='word_1_257' title='bbox 726 2313 837 2367; x_wconf 84' lang='lat' dir='ltr'><strong>Kal</strong></span> <span class='ocrx_word' id='word_1_258' title='bbox 890 2312 957 2367; x_wconf 80' lang='grc' dir='ltr'><strong>τὸ</strong></span> <span class='ocrx_word' id='word_1_259' title='bbox 997 2312 1242 2382; x_wconf 74' lang='grc' dir='ltr'><em>Πνεῦμα</em></span> <span class='ocrx_word' id='word_1_260' title='bbox 1289 2328 1405 2366; x_wconf 90' lang='grc' dir='ltr'><strong>σου</strong></span> <span class='ocrx_word' id='word_1_261' title='bbox 1453 2312 1520 2365; x_wconf 81' lang='grc' dir='ltr'><em>τὸ</em></span> <span class='ocrx_word' id='word_1_262' title='bbox 1551 2312 1721 2381; x_wconf 77' lang='grc' dir='ltr'><em>ἅγιον</em></span> <span class='ocrx_word' id='word_1_263' title='bbox 1767 2312 1852 2381; x_wconf 80' lang='grc' dir='ltr'><em>μὴ</em></span> 
     </span>
    </p>
   </div>
   <div class='ocr_carea' id='block_1_35' title="bbox 256 2401 1854 2475">
    <p class='ocr_par' dir='ltr' id='par_1_35' title="bbox 256 2401 1854 2475">
     <span class='ocr_line' id='line_1_35' title="bbox 256 2401 1854 2475; baseline -0.004 -15"><span class='ocrx_word' id='word_1_264' title='bbox 256 2404 602 2472; x_wconf 80' lang='grc' dir='ltr'><em>ἁντανέλῃς</em></span> <span class='ocrx_word' id='word_1_265' title='bbox 652 2404 754 2457; x_wconf 79' lang='grc' dir='ltr'><strong>ἀπ’</strong></span> <span class='ocrx_word' id='word_1_266' title='bbox 811 2403 993 2473; x_wconf 85' lang='grc' dir='ltr'><em>ἐμοῦ·</em></span> <span class='ocrx_word' id='word_1_267' title='bbox 1046 2403 1150 2456; x_wconf 80' lang='grc' dir='ltr'>ποῦ</span> <span class='ocrx_word' id='word_1_268' title='bbox 1185 2404 1212 2455; x_wconf 86' lang='grc' dir='ltr'>ὁ</span> <span class='ocrx_word' id='word_1_269' title='bbox 1257 2402 1419 2467; x_wconf 83' lang='grc' dir='ltr'><strong>Υἱός;</strong></span> <span class='ocrx_word' id='word_1_270' title='bbox 1470 2401 1595 2454; x_wconf 80' lang='grc' dir='ltr'><strong>Ἐὰν</strong></span> <span class='ocrx_word' id='word_1_271' title='bbox 1640 2401 1774 2475; x_wconf 84' lang='grc' dir='ltr'>λέγῃ</span> <span class='ocrx_word' id='word_1_272' title='bbox 1826 2403 1854 2454; x_wconf 89' lang='lat'><strong>6</strong></span> 
     </span>
    </p>
   </div>
   <div class='ocr_carea' id='block_1_36' title="bbox 256 2491 1851 2563">
    <p class='ocr_par' dir='ltr' id='par_1_36' title="bbox 256 2491 1851 2563">
     <span class='ocr_line' id='line_1_36' title="bbox 256 2491 1851 2563; baseline -0.006 -11"><span class='ocrx_word' id='word_1_273' title='bbox 256 2496 461 2559; x_wconf 75' lang='grc' dir='ltr'><em>αὐτός’</em></span> <span class='ocrx_word' id='word_1_274' title='bbox 495 2493 760 2563; x_wconf 76' lang='grc' dir='ltr'><strong>Καρδίαν</strong></span> <span class='ocrx_word' id='word_1_275' title='bbox 808 2494 1073 2563; x_wconf 80' lang='grc' dir='ltr'><em>καθαρὰν</em></span> <span class='ocrx_word' id='word_1_276' title='bbox 1115 2493 1327 2546; x_wconf 80' lang='grc' dir='ltr'><strong>κτίσον</strong></span> <span class='ocrx_word' id='word_1_277' title='bbox 1357 2493 1427 2545; x_wconf 80' lang='grc' dir='ltr'><em>ἐν</em></span> <span class='ocrx_word' id='word_1_278' title='bbox 1467 2491 1596 2560; x_wconf 80' lang='grc' dir='ltr'><strong>ἐμοὶ</strong></span> <span class='ocrx_word' id='word_1_279' title='bbox 1631 2495 1662 2545; x_wconf 85' lang='grc' dir='ltr'><strong><em>ό</em></strong></span> <span class='ocrx_word' id='word_1_280' title='bbox 1688 2492 1851 2558; x_wconf 77' lang='grc' dir='ltr'><em>Θεὸς,</em></span> 
     </span>
    </p>
   </div>
   <div class='ocr_carea' id='block_1_37' title="bbox 258 2582 1857 2657">
    <p class='ocr_par' dir='ltr' id='par_1_37' title="bbox 258 2582 1857 2657">
     <span class='ocr_line' id='line_1_37' title="bbox 258 2582 1857 2657; baseline -0.005 -14"><span class='ocrx_word' id='word_1_281' title='bbox 258 2589 366 2643; x_wconf 77' lang='grc' dir='ltr'><em>καὶ</em></span> <span class='ocrx_word' id='word_1_282' title='bbox 406 2587 645 2657; x_wconf 79' lang='grc' dir='ltr'><strong>Πνεῦμα</strong></span> <span class='ocrx_word' id='word_1_283' title='bbox 689 2587 863 2652; x_wconf 78' lang='grc' dir='ltr'><em>εὺθὲς</em></span> <span class='ocrx_word' id='word_1_284' title='bbox 907 2585 1258 2656; x_wconf 77' lang='grc' dir='ltr'><em>ἐγκαίνισον</em></span> <span class='ocrx_word' id='word_1_285' title='bbox 1300 2583 1369 2637; x_wconf 85' lang='grc' dir='ltr'><em>ἐν</em></span> <span class='ocrx_word' id='word_1_286' title='bbox 1412 2582 1536 2648; x_wconf 82' lang='grc' dir='ltr'><em>τοῖς</em></span> <span class='ocrx_word' id='word_1_287' title='bbox 1584 2582 1857 2653; x_wconf 76' lang='grc' dir='ltr'><strong>ὲγκάτοις</strong></span> 
     </span>
    </p>
   </div>
   <div class='ocr_carea' id='block_1_38' title="bbox 258 2674 1856 2752">
    <p class='ocr_par' dir='ltr' id='par_1_38' title="bbox 258 2674 1856 2752">
     <span class='ocr_line' id='line_1_38' title="bbox 258 2674 1856 2752; baseline -0.005 -17"><span class='ocrx_word' id='word_1_288' title='bbox 258 2699 386 2752; x_wconf 79' lang='grc' dir='ltr'><strong>μου</strong></span> <span class='ocrx_word' id='word_1_289' title='bbox 406 2698 417 2709; x_wconf 89' lang='grc'><strong>·</strong></span> <span class='ocrx_word' id='word_1_290' title='bbox 451 2679 552 2733; x_wconf 78' lang='grc' dir='ltr'>ποῦ</span> <span class='ocrx_word' id='word_1_291' title='bbox 594 2682 621 2733; x_wconf 90' lang='lat'><strong>6</strong></span> <span class='ocrx_word' id='word_1_292' title='bbox 646 2680 808 2743; x_wconf 75' lang='grc' dir='ltr'>Υἱόςς</span> <span class='ocrx_word' id='word_1_293' title='bbox 852 2678 977 2732; x_wconf 77' lang='grc' dir='ltr'><strong>Ἐὰν</strong></span> <span class='ocrx_word' id='word_1_294' title='bbox 1004 2677 1061 2730; x_wconf 81' lang='grc' dir='ltr'>δὲ</span> <span class='ocrx_word' id='word_1_295' title='bbox 1095 2676 1229 2749; x_wconf 85' lang='grc' dir='ltr'>λέγῃ</span> <span class='ocrx_word' id='word_1_296' title='bbox 1258 2678 1285 2728; x_wconf 96' lang='lat'><strong>6</strong></span> <span class='ocrx_word' id='word_1_297' title='bbox 1311 2675 1473 2738; x_wconf 81' lang='grc' dir='ltr'><em>αὐτὸς</em></span> <span class='ocrx_word' id='word_1_298' title='bbox 1504 2675 1666 2729; x_wconf 82' lang='grc' dir='ltr'>πάλιν</span> <span class='ocrx_word' id='word_1_299' title='bbox 1693 2691 1705 2704; x_wconf 91' lang='grc'><strong>·</strong></span> <span class='ocrx_word' id='word_1_300' title='bbox 1747 2674 1856 2729; x_wconf 84' lang='lat' dir='ltr'><strong>Kal</strong></span> 
     </span>
    </p>
   </div>
   <div class='ocr_carea' id='block_1_39' title="bbox 258 2764 1857 2842">
    <p class='ocr_par' dir='ltr' id='par_1_39' title="bbox 258 2764 1857 2842">
     <span class='ocr_line' id='line_1_39' title="bbox 258 2764 1857 2842; baseline -0.004 -14"><span class='ocrx_word' id='word_1_301' title='bbox 258 2775 329 2828; x_wconf 83' lang='grc' dir='ltr'><em>τὸ</em></span> <span class='ocrx_word' id='word_1_302' title='bbox 367 2771 609 2842; x_wconf 72' lang='grc' dir='ltr'><em>Πνεῦμα</em></span> <span class='ocrx_word' id='word_1_303' title='bbox 646 2787 760 2824; x_wconf 91' lang='grc' dir='ltr'><strong>σου</strong></span> <span class='ocrx_word' id='word_1_304' title='bbox 814 2771 880 2823; x_wconf 82' lang='grc' dir='ltr'><em>τὸ</em></span> <span class='ocrx_word' id='word_1_305' title='bbox 933 2769 1160 2838; x_wconf 74' lang='grc' dir='ltr'><strong>ἀγαθὸν</strong></span> <span class='ocrx_word' id='word_1_306' title='bbox 1206 2766 1491 2836; x_wconf 66' lang='grc' dir='ltr'><strong>ὁδηγήσει</strong></span> <span class='ocrx_word' id='word_1_307' title='bbox 1538 2785 1616 2837; x_wconf 85' lang='grc' dir='ltr'><strong>με</strong></span> <span class='ocrx_word' id='word_1_308' title='bbox 1663 2767 1732 2820; x_wconf 88' lang='grc' dir='ltr'><em>ὲν</em></span> <span class='ocrx_word' id='word_1_309' title='bbox 1778 2764 1857 2835; x_wconf 77' lang='grc' dir='ltr'>γῇ</span> 
     </span>
    </p>
   </div>
   <div class='ocr_carea' id='block_1_40' title="bbox 260 2858 1855 2929">
    <p class='ocr_par' dir='ltr' id='par_1_40' title="bbox 260 2858 1855 2929">
     <span class='ocr_line' id='line_1_40' title="bbox 260 2858 1855 2929; baseline -0.002 -14"><span class='ocrx_word' id='word_1_310' title='bbox 260 2862 472 2929; x_wconf 71' lang='grc' dir='ltr'><em>εὐθείᾳ</em></span> <span class='ocrx_word' id='word_1_311' title='bbox 499 2879 510 2889; x_wconf 89' lang='grc'>·</span> <span class='ocrx_word' id='word_1_312' title='bbox 556 2859 657 2913; x_wconf 78' lang='grc' dir='ltr'>ποῦ</span> <span class='ocrx_word' id='word_1_313' title='bbox 692 2861 720 2913; x_wconf 89' lang='lat'><strong>6</strong></span> <span class='ocrx_word' id='word_1_314' title='bbox 753 2859 914 2924; x_wconf 80' lang='grc' dir='ltr'><strong>Υἱός;</strong></span> <span class='ocrx_word' id='word_1_315' title='bbox 963 2858 1087 2911; x_wconf 85' lang='grc' dir='ltr'>Ἐὰν</span> <span class='ocrx_word' id='word_1_316' title='bbox 1132 2858 1190 2911; x_wconf 81' lang='grc' dir='ltr'>δὲ</span> <span class='ocrx_word' id='word_1_317' title='bbox 1241 2858 1373 2928; x_wconf 82' lang='grc' dir='ltr'>λέγῃ</span> <span class='ocrx_word' id='word_1_318' title='bbox 1424 2861 1452 2911; x_wconf 95' lang='lat'><strong>6</strong></span> <span class='ocrx_word' id='word_1_319' title='bbox 1498 2858 1696 2922; x_wconf 79' lang='grc' dir='ltr'><strong>αὐτός’</strong></span> <span class='ocrx_word' id='word_1_320' title='bbox 1746 2859 1855 2912; x_wconf 81' lang='lat' dir='ltr'><strong>Kal</strong></span> 
     </span>
    </p>
   </div>
   <div class='ocr_carea' id='block_1_41' title="bbox 258 2947 1853 3022">
    <p class='ocr_par' dir='ltr' id='par_1_41' title="bbox 258 2947 1853 3022">
     <span class='ocr_line' id='line_1_41' title="bbox 258 2947 1853 3022; baseline -0.003 -15"><span class='ocrx_word' id='word_1_321' title='bbox 258 2954 568 3022; x_wconf 83' lang='grc' dir='ltr'><em>Πνεύματι</em></span> <span class='ocrx_word' id='word_1_322' title='bbox 610 2947 941 3020; x_wconf 75' lang='grc' dir='ltr'><strong>ἡγεμονικῷ</strong></span> <span class='ocrx_word' id='word_1_323' title='bbox 992 2947 1281 3016; x_wconf 78' lang='grc' dir='ltr'><em>στήριξόν</em></span> <span class='ocrx_word' id='word_1_324' title='bbox 1323 2966 1426 3018; x_wconf 79' lang='grc' dir='ltr'><em>με’</em></span> <span class='ocrx_word' id='word_1_325' title='bbox 1476 2949 1576 3002; x_wconf 81' lang='grc' dir='ltr'>ποῦ</span> <span class='ocrx_word' id='word_1_326' title='bbox 1627 2949 1655 3000; x_wconf 90' lang='lat'><strong>6</strong></span> <span class='ocrx_word' id='word_1_327' title='bbox 1689 2950 1853 3017; x_wconf 87' lang='grc' dir='ltr'><strong>Υἱός;</strong></span> 
     </span>
    </p>
   </div>
   <div class='ocr_carea' id='block_1_42' title="bbox 1946 1163 3514 1235">
    <p class='ocr_par' dir='ltr' id='par_1_42' title="bbox 1946 1163 3514 1235">
     <span class='ocr_line' id='line_1_42' title="bbox 1946 1163 3514 1235; baseline -0.003 -16"><span class='ocrx_word' id='word_1_328' title='bbox 1946 1163 2200 1235; x_wconf 83' lang='lat' dir='ltr'><strong>Ejusdem</strong></span> <span class='ocrx_word' id='word_1_329' title='bbox 2236 1163 2304 1215; x_wconf 85' lang='lat' dir='ltr'><strong>ad</strong></span> <span class='ocrx_word' id='word_1_330' title='bbox 2334 1179 2419 1217; x_wconf 89' lang='lat' dir='ltr'><strong>eos</strong></span> <span class='ocrx_word' id='word_1_331' title='bbox 2461 1165 2766 1235; x_wconf 77' lang='lat' dir='ltr'><strong>qui_dicunl</strong></span> <span class='ocrx_word' id='word_1_332' title='bbox 2796 1180 2933 1231; x_wconf 67' lang='lat' dir='ltr'><strong>stupe</strong></span> <span class='ocrx_word' id='word_1_333' title='bbox 2981 1165 3045 1217; x_wconf 86' lang='lat' dir='ltr'><strong>de</strong></span> <span class='ocrx_word' id='word_1_334' title='bbox 3089 1167 3231 1219; x_wconf 82' lang='lat' dir='ltr'><strong>Filio</strong></span> <span class='ocrx_word' id='word_1_335' title='bbox 3267 1172 3312 1215; x_wconf 91' lang='lat' dir='ltr'><strong>et</strong></span> <span class='ocrx_word' id='word_1_336' title='bbox 3349 1163 3514 1218; x_wconf 86' lang='lat' dir='ltr'><strong>Patre</strong></span> 
     </span>
    </p>
   </div>
   <div class='ocr_carea' id='block_1_43' title="bbox 2012 1232 3515 1303">
    <p class='ocr_par' dir='ltr' id='par_1_43' title="bbox 2012 1232 3515 1303">
     <span class='ocr_line' id='line_1_43' title="bbox 2012 1232 3515 1303; baseline 0 -14"><span class='ocrx_word' id='word_1_337' title='bbox 2012 1235 2267 1300; x_wconf 86' lang='lat' dir='ltr'><strong>scriptum</strong></span> <span class='ocrx_word' id='word_1_338' title='bbox 2309 1250 2440 1299; x_wconf 87' lang='lat' dir='ltr'><strong>esse,</strong></span> <span class='ocrx_word' id='word_1_339' title='bbox 2466 1232 2529 1286; x_wconf 81' lang='lat' dir='ltr'><strong>de</strong></span> <span class='ocrx_word' id='word_1_340' title='bbox 2558 1232 2762 1299; x_wconf 75' lang='lat' dir='ltr'><strong>Spiritu</strong></span> <span class='ocrx_word' id='word_1_341' title='bbox 2805 1245 2979 1287; x_wconf 89' lang='lat' dir='ltr'><strong>autem</strong></span> <span class='ocrx_word' id='word_1_342' title='bbox 3007 1236 3061 1289; x_wconf 90' lang='lat' dir='ltr'><strong>in</strong></span> <span class='ocrx_word' id='word_1_343' title='bbox 3109 1237 3367 1303; x_wconf 87' lang='lat' dir='ltr'><strong>baptismo</strong></span> <span class='ocrx_word' id='word_1_344' title='bbox 3399 1242 3515 1289; x_wconf 85' lang='lat' dir='ltr'><strong>tan-</strong></span> 
     </span>
    </p>
   </div>
   <div class='ocr_carea' id='block_1_44' title="bbox 2014 1316 2148 1359">
    <p class='ocr_par' dir='ltr' id='par_1_44' title="bbox 2014 1316 2148 1359">
     <span class='ocr_line' id='line_1_44' title="bbox 2014 1316 2148 1359; baseline 0.007 -1"><span class='ocrx_word' id='word_1_345' title='bbox 2014 1316 2148 1359; x_wconf 86' lang='lat' dir='ltr'><strong>tum.</strong></span> 
     </span>
    </p>
   </div>
   <div class='ocr_carea' id='block_1_45' title="bbox 2118 1405 3533 1479">
    <p class='ocr_par' dir='ltr' id='par_1_45' title="bbox 2118 1405 3533 1479">
     <span class='ocr_line' id='line_1_45' title="bbox 2118 1405 3533 1479; baseline 0.004 -21"><span class='ocrx_word' id='word_1_346' title='bbox 2118 1405 2268 1474; x_wconf 85' lang='lat' dir='ltr'><strong>Quod</strong></span> <span class='ocrx_word' id='word_1_347' title='bbox 2310 1407 2353 1461; x_wconf 87' lang='lat' dir='ltr'><strong>si</strong></span> <span class='ocrx_word' id='word_1_348' title='bbox 2395 1405 2557 1462; x_wconf 84' lang='lat' dir='ltr'><strong>Pater</strong></span> <span class='ocrx_word' id='word_1_349' title='bbox 2594 1407 2773 1463; x_wconf 79' lang='lat' dir='ltr'><strong>dixit:</strong></span> <span class='ocrx_word' id='word_1_350' title='bbox 2812 1407 2876 1462; x_wconf 89' lang='lat' dir='ltr'><strong>In</strong></span> <span class='ocrx_word' id='word_1_351' title='bbox 2912 1407 3114 1461; x_wconf 79' lang='lat' dir='ltr'><strong>ultimis</strong></span> <span class='ocrx_word' id='word_1_352' title='bbox 3145 1409 3330 1462; x_wconf 87' lang='lat' dir='ltr'><strong>diebus</strong></span> <span class='ocrx_word' id='word_1_353' title='bbox 3362 1413 3533 1479; x_wconf 70' lang='lat' dir='ltr'><strong>effun-</strong></span> 
     </span>
    </p>
   </div>
   <div class='ocr_carea' id='block_1_46' title="bbox 1956 1495 3536 1569">
    <p class='ocr_par' dir='ltr' id='par_1_46' title="bbox 1956 1495 3536 1569">
     <span class='ocr_line' id='line_1_46' title="bbox 1956 1495 3536 1569; baseline 0.003 -20"><span class='ocrx_word' id='word_1_354' title='bbox 1956 1497 2079 1550; x_wconf 86' lang='lat' dir='ltr'><strong>dam</strong></span> <span class='ocrx_word' id='word_1_355' title='bbox 2119 1498 2182 1549; x_wconf 89' lang='lat' dir='ltr'><strong>de</strong></span> <span class='ocrx_word' id='word_1_356' title='bbox 2227 1495 2434 1563; x_wconf 89' lang='lat' dir='ltr'><strong>Spiritu</strong></span> <span class='ocrx_word' id='word_1_357' title='bbox 2468 1512 2581 1551; x_wconf 87' lang='lat' dir='ltr'><strong>meo</strong></span> <span class='ocrx_word' id='word_1_358' title='bbox 2630 1514 2788 1565; x_wconf 84' lang='lat' dir='ltr'><strong>super</strong></span> <span class='ocrx_word' id='word_1_359' title='bbox 2819 1514 3019 1551; x_wconf 81' lang='lat' dir='ltr'><strong>omnem</strong></span> <span class='ocrx_word' id='word_1_360' title='bbox 3069 1514 3281 1553; x_wconf 84' lang='lat' dir='ltr'><strong>carnem</strong></span> <span class='ocrx_word' id='word_1_361' title='bbox 3311 1499 3332 1530; x_wconf 86' lang='grc'>³</span> <span class='ocrx_word' id='word_1_362' title='bbox 3363 1539 3377 1563; x_wconf 92' lang='grc'><strong>,</strong></span> <span class='ocrx_word' id='word_1_363' title='bbox 3407 1501 3536 1569; x_wconf 86' lang='lat' dir='ltr'><strong>quid</strong></span> 
     </span>
    </p>
   </div>
   <div class='ocr_carea' id='block_1_47' title="bbox 1956 1586 3535 1660">
    <p class='ocr_par' dir='ltr' id='par_1_47' title="bbox 1956 1586 3535 1660">
     <span class='ocr_line' id='line_1_47' title="bbox 1956 1586 3535 1660; baseline 0.003 -19"><span class='ocrx_word' id='word_1_364' title='bbox 1956 1589 2024 1642; x_wconf 89' lang='lat' dir='ltr'><strong>dc</strong></span> <span class='ocrx_word' id='word_1_365' title='bbox 2063 1586 2197 1640; x_wconf 79' lang='lat' dir='ltr'><strong>Filio</strong></span> <span class='ocrx_word' id='word_1_366' title='bbox 2232 1603 2419 1643; x_wconf 86' lang='lat' dir='ltr'><strong>sumus</strong></span> <span class='ocrx_word' id='word_1_367' title='bbox 2464 1588 2699 1642; x_wconf 87' lang='lat' dir='ltr'><strong>dicturi?</strong></span> <span class='ocrx_word' id='word_1_368' title='bbox 2731 1588 2829 1643; x_wconf 86' lang='lat' dir='ltr'><strong>llic</strong></span> <span class='ocrx_word' id='word_1_369' title='bbox 2874 1589 3020 1643; x_wconf 89' lang='lat' dir='ltr'><strong>enim</strong></span> <span class='ocrx_word' id='word_1_370' title='bbox 3068 1590 3135 1644; x_wconf 92' lang='lat' dir='ltr'><strong>de</strong></span> <span class='ocrx_word' id='word_1_371' title='bbox 3165 1605 3230 1643; x_wconf 91' lang='lat' dir='ltr'><strong>eo</strong></span> <span class='ocrx_word' id='word_1_372' title='bbox 3274 1592 3535 1660; x_wconf 88' lang='lat' dir='ltr'><strong>scriptum</strong></span> 
     </span>
    </p>
   </div>
   <div class='ocr_carea' id='block_1_48' title="bbox 1956 1678 3537 1750">
    <p class='ocr_par' dir='ltr' id='par_1_48' title="bbox 1956 1678 3537 1750">
     <span class='ocr_line' id='line_1_48' title="bbox 1956 1678 3537 1750; baseline 0.005 -21"><span class='ocrx_word' id='word_1_373' title='bbox 1956 1692 2062 1731; x_wconf 91' lang='lat' dir='ltr'><strong>non</strong></span> <span class='ocrx_word' id='word_1_374' title='bbox 2091 1687 2197 1732; x_wconf 83' lang='lat' dir='ltr'><strong>est.</strong></span> <span class='ocrx_word' id='word_1_375' title='bbox 2241 1678 2298 1732; x_wconf 88' lang='lat' dir='ltr'><strong>Si</strong></span> <span class='ocrx_word' id='word_1_376' title='bbox 2346 1693 2478 1733; x_wconf 71' lang='lat' dir='ltr'><strong>vero</strong></span> <span class='ocrx_word' id='word_1_377' title='bbox 2528 1681 2789 1750; x_wconf 78' lang='lat' dir='ltr'><strong>propheta</strong></span> <span class='ocrx_word' id='word_1_378' title='bbox 2838 1682 3000 1735; x_wconf 84' lang='lat' dir='ltr'><strong>dicit:</strong></span> <span class='ocrx_word' id='word_1_379' title='bbox 3053 1680 3136 1734; x_wconf 89' lang='lat' dir='ltr'><strong>Ibi</strong></span> <span class='ocrx_word' id='word_1_380' title='bbox 3186 1692 3537 1737; x_wconf 75' lang='lat' dir='ltr'><strong>convenerunt</strong></span> 
     </span>
    </p>
   </div>
   <div class='ocr_carea' id='block_1_49' title="bbox 1955 1771 3540 1840">
    <p class='ocr_par' dir='ltr' id='par_1_49' title="bbox 1955 1771 3540 1840">
     <span class='ocr_line' id='line_1_49' title="bbox 1955 1771 3540 1840; baseline 0.006 -18"><span class='ocrx_word' id='word_1_381' title='bbox 1955 1783 2138 1833; x_wconf 66' lang='lat' dir='ltr'><strong>cernat,</strong></span> <span class='ocrx_word' id='word_1_382' title='bbox 2171 1778 2221 1822; x_wconf 88' lang='lat' dir='ltr'><strong>et</strong></span> <span class='ocrx_word' id='word_1_383' title='bbox 2254 1771 2493 1823; x_wconf 79' lang='lat' dir='ltr'><strong>viderunt</strong></span> <span class='ocrx_word' id='word_1_384' title='bbox 2514 1772 2680 1840; x_wconf 83' lang='lat' dir='ltr'><strong>[acies</strong></span> <span class='ocrx_word' id='word_1_385' title='bbox 2705 1774 2872 1825; x_wconf 88' lang='lat' dir='ltr'><strong>altera</strong></span> <span class='ocrx_word' id='word_1_386' title='bbox 2902 1773 3125 1826; x_wconf 85' lang='lat' dir='ltr'><strong>alterius</strong></span> <span class='ocrx_word' id='word_1_387' title='bbox 3159 1789 3177 1826; x_wconf 87' lang='lat'><strong>:</strong></span> <span class='ocrx_word' id='word_1_388' title='bbox 3209 1776 3540 1831; x_wconf 76' lang='lat' dir='ltr'><strong>transierth</strong></span> 
     </span>
    </p>
   </div>
   <div class='ocr_carea' id='block_1_50' title="bbox 1958 1864 3541 1933">
    <p class='ocr_par' dir='ltr' id='par_1_50' title="bbox 1958 1864 3541 1933">
     <span class='ocr_line' id='line_1_50' title="bbox 1958 1864 3541 1933; baseline 0.002 -17"><span class='ocrx_word' id='word_1_389' title='bbox 1958 1879 2195 1930; x_wconf 82' lang='lat' dir='ltr'><strong>numero,</strong></span> <span class='ocrx_word' id='word_1_390' title='bbox 2224 1874 2274 1916; x_wconf 88' lang='lat' dir='ltr'><strong>et</strong></span> <span class='ocrx_word' id='word_1_391' title='bbox 2307 1880 2414 1917; x_wconf 84' lang='lat' dir='ltr'><strong>una</strong></span> <span class='ocrx_word' id='word_1_392' title='bbox 2443 1880 2629 1917; x_wconf 90' lang='lat' dir='ltr'><strong>earum</strong></span> <span class='ocrx_word' id='word_1_393' title='bbox 2658 1864 2847 1917; x_wconf 86' lang='lat' dir='ltr'><strong>relicta</strong></span> <span class='ocrx_word' id='word_1_394' title='bbox 2878 1880 2980 1917; x_wconf 87' lang='lat' dir='ltr'><strong>non</strong></span> <span class='ocrx_word' id='word_1_395' title='bbox 3019 1874 3116 1930; x_wconf 85' lang='lat' dir='ltr'><strong>est,</strong></span> <span class='ocrx_word' id='word_1_396' title='bbox 3147 1869 3395 1933; x_wconf 84' lang='lat' dir='ltr'><strong>quoniam</strong></span> <span class='ocrx_word' id='word_1_397' title='bbox 3432 1865 3541 1919; x_wconf 81' lang='lat' dir='ltr'><strong>Do-</strong></span> 
     </span>
    </p>
   </div>
   <div class='ocr_carea' id='block_1_51' title="bbox 1955 1954 3538 2026">
    <p class='ocr_par' dir='ltr' id='par_1_51' title="bbox 1955 1954 3538 2026">
     <span class='ocr_line' id='line_1_51' title="bbox 1955 1954 3538 2026; baseline 0.002 -18"><span class='ocrx_word' id='word_1_398' title='bbox 1955 1957 2131 2009; x_wconf 91' lang='lat' dir='ltr'><strong>minus</strong></span> <span class='ocrx_word' id='word_1_399' title='bbox 2171 1954 2415 2025; x_wconf 73' lang='lat' dir='ltr'><strong>pracepit</strong></span> <span class='ocrx_word' id='word_1_400' title='bbox 2460 1955 2606 2023; x_wconf 86' lang='lat' dir='ltr'><strong>ipsis.</strong></span> <span class='ocrx_word' id='word_1_401' title='bbox 2661 1965 2708 2010; x_wconf 89' lang='lat' dir='ltr'><strong>et</strong></span> <span class='ocrx_word' id='word_1_402' title='bbox 2760 1954 2996 2022; x_wconf 86' lang='lat' dir='ltr'><strong>Spiritus</strong></span> <span class='ocrx_word' id='word_1_403' title='bbox 3038 1957 3152 2024; x_wconf 87' lang='lat' dir='ltr'><strong>ejus</strong></span> <span class='ocrx_word' id='word_1_404' title='bbox 3206 1957 3538 2026; x_wconf 80' lang='lat' dir='ltr'><strong>congregavit</strong></span> 
     </span>
    </p>
   </div>
   <div class='ocr_carea' id='block_1_52' title="bbox 1955 2047 3537 2117">
    <p class='ocr_par' dir='ltr' id='par_1_52' title="bbox 1955 2047 3537 2117">
     <span class='ocr_line' id='line_1_52' title="bbox 1955 2047 3537 2117; baseline -0.001 -14"><span class='ocrx_word' id='word_1_405' title='bbox 1955 2066 2043 2103; x_wconf 85' lang='lat' dir='ltr'><strong>eas</strong></span> <span class='ocrx_word' id='word_1_406' title='bbox 2090 2047 2152 2114; x_wconf 78' lang='lat'><strong>‘;</strong></span> <span class='ocrx_word' id='word_1_407' title='bbox 2185 2048 2272 2103; x_wconf 86' lang='lat' dir='ltr'><strong>ubi</strong></span> <span class='ocrx_word' id='word_1_408' title='bbox 2305 2048 2513 2101; x_wconf 77' lang='lat' dir='ltr'><strong>Filius?</strong></span> <span class='ocrx_word' id='word_1_409' title='bbox 2552 2047 2606 2102; x_wconf 90' lang='lat' dir='ltr'><strong>Si</strong></span> <span class='ocrx_word' id='word_1_410' title='bbox 2650 2049 2833 2101; x_wconf 82' lang='lat' dir='ltr'><strong>itidem</strong></span> <span class='ocrx_word' id='word_1_411' title='bbox 3075 2048 3206 2103; x_wconf 84' lang='lat' dir='ltr'><strong>dicit</strong></span> <span class='ocrx_word' id='word_1_412' title='bbox 3243 2065 3256 2101; x_wconf 94' lang='lat'><strong>:</strong></span> <span class='ocrx_word' id='word_1_413' title='bbox 3305 2048 3537 2117; x_wconf 83' lang='lat' dir='ltr'><strong>Spiritus</strong></span> 
     </span>
    </p>
   </div>
   <div class='ocr_carea' id='block_1_53' title="bbox 1957 2138 3540 2207">
    <p class='ocr_par' dir='ltr' id='par_1_53' title="bbox 1957 2138 3540 2207">
     <span class='ocr_line' id='line_1_53' title="bbox 1957 2138 3540 2207; baseline 0.003 -17"><span class='ocrx_word' id='word_1_414' title='bbox 1957 2139 2113 2192; x_wconf 74' lang='lat' dir='ltr'><strong>exibit</strong></span> <span class='ocrx_word' id='word_1_415' title='bbox 2143 2154 2174 2190; x_wconf 76' lang='grc' dir='ltr'><strong>α</strong></span> <span class='ocrx_word' id='word_1_416' title='bbox 2209 2154 2319 2201; x_wconf 87' lang='lat' dir='ltr'><strong>me,</strong></span> <span class='ocrx_word' id='word_1_417' title='bbox 2349 2148 2394 2191; x_wconf 90' lang='lat' dir='ltr'><strong>et</strong></span> <span class='ocrx_word' id='word_1_418' title='bbox 2421 2140 2607 2205; x_wconf 79' lang='lat' dir='ltr'><strong>[lutum</strong></span> <span class='ocrx_word' id='word_1_419' title='bbox 2643 2155 2846 2191; x_wconf 86' lang='lat' dir='ltr'><strong>onmem</strong></span> <span class='ocrx_word' id='word_1_420' title='bbox 2879 2155 2967 2207; x_wconf 88' lang='lat' dir='ltr'><strong>ego</strong></span> <span class='ocrx_word' id='word_1_421' title='bbox 2996 2138 3095 2206; x_wconf 81' lang='lat' dir='ltr'><strong>feci</strong></span> <span class='ocrx_word' id='word_1_422' title='bbox 3134 2142 3153 2173; x_wconf 78' lang='grc'>⁸</span> <span class='ocrx_word' id='word_1_423' title='bbox 3183 2140 3306 2203; x_wconf 88' lang='lat' dir='ltr'><strong>;ubi</strong></span> <span class='ocrx_word' id='word_1_424' title='bbox 3338 2138 3540 2194; x_wconf 72' lang='grc' dir='ltr'><strong>ΕἱΙίυεῖ</strong></span> 
     </span>
    </p>
   </div>
   <div class='ocr_carea' id='block_1_54' title="bbox 1957 2227 3539 2292">
    <p class='ocr_par' dir='ltr' id='par_1_54' title="bbox 1957 2227 3539 2292">
     <span class='ocr_line' id='line_1_54' title="bbox 1957 2227 3539 2292; baseline 0.001 -8"><span class='ocrx_word' id='word_1_425' title='bbox 1957 2230 2014 2284; x_wconf 97' lang='lat' dir='ltr'><strong>Si</strong></span> <span class='ocrx_word' id='word_1_426' title='bbox 2048 2245 2176 2284; x_wconf 85' lang='lat' dir='ltr'><strong>vero</strong></span> <span class='ocrx_word' id='word_1_427' title='bbox 2213 2228 2382 2282; x_wconf 83' lang='lat' dir='ltr'><strong>David</strong></span> <span class='ocrx_word' id='word_1_428' title='bbox 2412 2228 2543 2283; x_wconf 84' lang='lat' dir='ltr'><strong>dicit</strong></span> <span class='ocrx_word' id='word_1_429' title='bbox 2575 2245 2587 2279; x_wconf 93' lang='lat'><strong>:</strong></span> <span class='ocrx_word' id='word_1_430' title='bbox 2632 2229 2694 2281; x_wconf 74' lang='lat' dir='ltr'><strong>Et</strong></span> <span class='ocrx_word' id='word_1_431' title='bbox 2723 2227 2981 2292; x_wconf 83' lang='lat' dir='ltr'><strong>Spiritum</strong></span> <span class='ocrx_word' id='word_1_432' title='bbox 3030 2237 3180 2282; x_wconf 90' lang='lat' dir='ltr'><strong>tuum</strong></span> <span class='ocrx_word' id='word_1_433' title='bbox 3208 2241 3447 2284; x_wconf 73' lang='lat' dir='ltr'><strong>sanctum</strong></span> <span class='ocrx_word' id='word_1_434' title='bbox 3475 2246 3539 2286; x_wconf 83' lang='lat' dir='ltr'><strong>ne</strong></span> 
     </span>
    </p>
   </div>
   <div class='ocr_carea' id='block_1_55' title="bbox 1955 2306 3534 2389">
    <p class='ocr_par' dir='ltr' id='par_1_55' title="bbox 1955 2306 3534 2389">
     <span class='ocr_line' id='line_1_55' title="bbox 1955 2306 3534 2389; baseline 0.002 -17"><span class='ocrx_word' id='word_1_435' title='bbox 1955 2319 2168 2389; x_wconf 72' lang='lat' dir='ltr'><strong>auferas</strong></span> <span class='ocrx_word' id='word_1_436' title='bbox 2201 2338 2231 2372; x_wconf 90' lang='lat' dir='ltr'><strong>a</strong></span> <span class='ocrx_word' id='word_1_437' title='bbox 2268 2335 2349 2372; x_wconf 90' lang='lat' dir='ltr'><strong>me</strong></span> <span class='ocrx_word' id='word_1_438' title='bbox 2397 2323 2454 2383; x_wconf 81' lang='lat'><strong>°;</strong></span> <span class='ocrx_word' id='word_1_439' title='bbox 2485 2321 2572 2372; x_wconf 89' lang='lat' dir='ltr'><strong>ubi</strong></span> <span class='ocrx_word' id='word_1_440' title='bbox 2614 2319 2823 2373; x_wconf 83' lang='lat' dir='ltr'><strong>Filius?</strong></span> <span class='ocrx_word' id='word_1_441' title='bbox 2849 2318 2977 2372; x_wconf 88' lang='lat' dir='ltr'><strong>item</strong></span> <span class='ocrx_word' id='word_1_442' title='bbox 3009 2320 3054 2372; x_wconf 90' lang='lat' dir='ltr'><strong>si</strong></span> <span class='ocrx_word' id='word_1_443' title='bbox 3084 2306 3172 2372; x_wconf 86' lang='lat' dir='ltr'><strong>ille</strong></span> <span class='ocrx_word' id='word_1_444' title='bbox 3212 2320 3326 2389; x_wconf 87' lang='lat' dir='ltr'><strong>ipse</strong></span> <span class='ocrx_word' id='word_1_445' title='bbox 3356 2322 3488 2375; x_wconf 83' lang='lat' dir='ltr'><strong>dicit</strong></span> <span class='ocrx_word' id='word_1_446' title='bbox 3519 2338 3534 2375; x_wconf 91' lang='lat'><strong>:</strong></span> 
     </span>
    </p>
   </div>
   <div class='ocr_carea' id='block_1_56' title="bbox 1957 2406 3538 2477">
    <p class='ocr_par' dir='ltr' id='par_1_56' title="bbox 1957 2406 3538 2477">
     <span class='ocr_line' id='line_1_56' title="bbox 1957 2406 3538 2477; baseline 0 -14"><span class='ocrx_word' id='word_1_447' title='bbox 1957 2408 2062 2463; x_wconf 90' lang='lat' dir='ltr'><strong>Cor</strong></span> <span class='ocrx_word' id='word_1_448' title='bbox 2093 2409 2345 2462; x_wconf 87' lang='lat' dir='ltr'><strong>mundum</strong></span> <span class='ocrx_word' id='word_1_449' title='bbox 2386 2424 2506 2461; x_wconf 89' lang='lat' dir='ltr'><strong>crea</strong></span> <span class='ocrx_word' id='word_1_450' title='bbox 2542 2409 2596 2461; x_wconf 87' lang='lat' dir='ltr'><strong>in</strong></span> <span class='ocrx_word' id='word_1_451' title='bbox 2634 2425 2730 2473; x_wconf 91' lang='lat' dir='ltr'><strong>me,</strong></span> <span class='ocrx_word' id='word_1_452' title='bbox 2765 2407 2903 2461; x_wconf 88' lang='lat' dir='ltr'><strong>Deus</strong></span> <span class='ocrx_word' id='word_1_453' title='bbox 2928 2446 2943 2471; x_wconf 86' lang='lat'><strong>,</strong></span> <span class='ocrx_word' id='word_1_454' title='bbox 2974 2419 3020 2461; x_wconf 88' lang='lat' dir='ltr'><strong>et</strong></span> <span class='ocrx_word' id='word_1_455' title='bbox 3053 2406 3309 2477; x_wconf 86' lang='lat' dir='ltr'><strong>Spiritum</strong></span> <span class='ocrx_word' id='word_1_456' title='bbox 3343 2420 3538 2464; x_wconf 85' lang='lat' dir='ltr'><strong>rectum</strong></span> 
     </span>
    </p>
   </div>
   <div class='ocr_carea' id='block_1_57' title="bbox 1957 2499 3540 2564">
    <p class='ocr_par' dir='ltr' id='par_1_57' title="bbox 1957 2499 3540 2564">
     <span class='ocr_line' id='line_1_57' title="bbox 1957 2499 3540 2564; baseline 0.001 -10"><span class='ocrx_word' id='word_1_457' title='bbox 1957 2504 2143 2556; x_wconf 74' lang='lat' dir='ltr'><strong>innova</strong></span> <span class='ocrx_word' id='word_1_458' title='bbox 2194 2504 2248 2555; x_wconf 87' lang='lat' dir='ltr'><strong>in</strong></span> <span class='ocrx_word' id='word_1_459' title='bbox 2298 2500 2575 2555; x_wconf 74' lang='lat' dir='ltr'><strong>visceribus</strong></span> <span class='ocrx_word' id='word_1_460' title='bbox 2625 2501 2753 2553; x_wconf 87' lang='lat' dir='ltr'><strong>meis</strong></span> <span class='ocrx_word' id='word_1_461' title='bbox 2796 2499 2815 2530; x_wconf 89' lang='lat'><strong><em>&quot;</em></strong></span> <span class='ocrx_word' id='word_1_462' title='bbox 2860 2516 2874 2564; x_wconf 89' lang='lat'><strong>;</strong></span> <span class='ocrx_word' id='word_1_463' title='bbox 2922 2500 3012 2553; x_wconf 90' lang='lat' dir='ltr'><strong>ubi</strong></span> <span class='ocrx_word' id='word_1_464' title='bbox 3068 2499 3237 2554; x_wconf 87' lang='lat' dir='ltr'><strong>Filius</strong></span> <span class='ocrx_word' id='word_1_465' title='bbox 3275 2500 3298 2541; x_wconf 71' lang='grc'><strong>⁷</strong></span> <span class='ocrx_word' id='word_1_466' title='bbox 3331 2502 3540 2555; x_wconf 74' lang='lat' dir='ltr'><strong>Rursus</strong></span> 
     </span>
    </p>
   </div>
   <div class='ocr_carea' id='block_1_58' title="bbox 1958 2588 3539 2656">
    <p class='ocr_par' dir='ltr' id='par_1_58' title="bbox 1958 2588 3539 2656">
     <span class='ocr_line' id='line_1_58' title="bbox 1958 2588 3539 2656; baseline -0.002 -10"><span class='ocrx_word' id='word_1_467' title='bbox 1958 2593 2002 2646; x_wconf 92' lang='lat' dir='ltr'><strong>si</strong></span> <span class='ocrx_word' id='word_1_468' title='bbox 2048 2594 2185 2647; x_wconf 90' lang='lat' dir='ltr'><strong>idem</strong></span> <span class='ocrx_word' id='word_1_469' title='bbox 2230 2591 2416 2646; x_wconf 82' lang='lat' dir='ltr'><strong>dicat:</strong></span> <span class='ocrx_word' id='word_1_470' title='bbox 2453 2590 2521 2642; x_wconf 81' lang='lat' dir='ltr'><strong>Et</strong></span> <span class='ocrx_word' id='word_1_471' title='bbox 2557 2588 2786 2656; x_wconf 84' lang='lat' dir='ltr'><strong>Spiritus</strong></span> <span class='ocrx_word' id='word_1_472' title='bbox 2833 2598 2952 2641; x_wconf 86' lang='lat' dir='ltr'><strong>tuus</strong></span> <span class='ocrx_word' id='word_1_473' title='bbox 3001 2598 3162 2642; x_wconf 86' lang='lat' dir='ltr'><strong>bonus</strong></span> <span class='ocrx_word' id='word_1_474' title='bbox 3194 2589 3415 2642; x_wconf 78' lang='lat' dir='ltr'><strong>deducet</strong></span> <span class='ocrx_word' id='word_1_475' title='bbox 3457 2605 3539 2643; x_wconf 82' lang='lat' dir='ltr'><strong>me</strong></span> 
     </span>
    </p>
   </div>
   <div class='ocr_carea' id='block_1_59' title="bbox 1957 2677 3541 2749">
    <p class='ocr_par' dir='ltr' id='par_1_59' title="bbox 1957 2677 3541 2749">
     <span class='ocr_line' id='line_1_59' title="bbox 1957 2677 3541 2749; baseline -0.003 -13"><span class='ocrx_word' id='word_1_476' title='bbox 1957 2683 2013 2736; x_wconf 87' lang='lat' dir='ltr'><strong>in</strong></span> <span class='ocrx_word' id='word_1_477' title='bbox 2044 2693 2180 2735; x_wconf 87' lang='lat' dir='ltr'><strong>terra</strong></span> <span class='ocrx_word' id='word_1_478' title='bbox 2213 2695 2348 2734; x_wconf 81' lang='lat' dir='ltr'><strong>recta</strong></span> <span class='ocrx_word' id='word_1_479' title='bbox 2390 2683 2410 2713; x_wconf 78' lang='grc'>⁸</span> <span class='ocrx_word' id='word_1_480' title='bbox 2444 2696 2458 2745; x_wconf 91' lang='grc'>;</span> <span class='ocrx_word' id='word_1_481' title='bbox 2488 2680 2576 2734; x_wconf 87' lang='lat' dir='ltr'><strong>ubi</strong></span> <span class='ocrx_word' id='word_1_482' title='bbox 2611 2677 2814 2733; x_wconf 85' lang='lat' dir='ltr'><strong>Filius?</strong></span> <span class='ocrx_word' id='word_1_483' title='bbox 2842 2677 2899 2731; x_wconf 90' lang='lat' dir='ltr'><strong>Si</strong></span> <span class='ocrx_word' id='word_1_484' title='bbox 2942 2678 3081 2733; x_wconf 92' lang='lat' dir='ltr'><strong>idem</strong></span> <span class='ocrx_word' id='word_1_485' title='bbox 3113 2679 3242 2732; x_wconf 89' lang='lat' dir='ltr'><strong>dicit</strong></span> <span class='ocrx_word' id='word_1_486' title='bbox 3272 2696 3285 2732; x_wconf 91' lang='lat'><strong>:</strong></span> <span class='ocrx_word' id='word_1_487' title='bbox 3325 2677 3389 2731; x_wconf 84' lang='lat' dir='ltr'><strong>Et</strong></span> <span class='ocrx_word' id='word_1_488' title='bbox 3415 2680 3541 2749; x_wconf 79' lang='lat' dir='ltr'><strong>Spi-</strong></span> 
     </span>
    </p>
   </div>
   <div class='ocr_carea' id='block_1_60' title="bbox 1958 2769 3539 2843">
    <p class='ocr_par' dir='ltr' id='par_1_60' title="bbox 1958 2769 3539 2843">
     <span class='ocr_line' id='line_1_60' title="bbox 1958 2769 3539 2843; baseline -0.001 -16"><span class='ocrx_word' id='word_1_489' title='bbox 1958 2776 2060 2827; x_wconf 84' lang='lat' dir='ltr'><strong>ritu</strong></span> <span class='ocrx_word' id='word_1_490' title='bbox 2112 2773 2394 2843; x_wconf 83' lang='lat' dir='ltr'><strong>principali</strong></span> <span class='ocrx_word' id='word_1_491' title='bbox 2441 2773 2696 2839; x_wconf 75' lang='lat' dir='ltr'><strong>conﬁrma</strong></span> <span class='ocrx_word' id='word_1_492' title='bbox 2744 2787 2825 2824; x_wconf 89' lang='lat' dir='ltr'><strong>me</strong></span> <span class='ocrx_word' id='word_1_493' title='bbox 2873 2774 2932 2836; x_wconf 85' lang='grc'><strong>⁹;</strong></span> <span class='ocrx_word' id='word_1_494' title='bbox 2986 2770 3076 2825; x_wconf 83' lang='lat' dir='ltr'><strong>ubi</strong></span> <span class='ocrx_word' id='word_1_495' title='bbox 3122 2769 3346 2823; x_wconf 79' lang='lat' dir='ltr'><strong>Filius?</strong></span> <span class='ocrx_word' id='word_1_496' title='bbox 3384 2771 3539 2837; x_wconf 84' lang='lat' dir='ltr'><strong>Quod</strong></span> 
     </span>
    </p>
   </div>
   <div class='ocr_carea' id='block_1_61' title="bbox 1958 2861 3541 2933">
    <p class='ocr_par' dir='ltr' id='par_1_61' title="bbox 1958 2861 3541 2933">
     <span class='ocr_line' id='line_1_61' title="bbox 1958 2861 3541 2933; baseline -0.002 -13"><span class='ocrx_word' id='word_1_497' title='bbox 1958 2866 2003 2921; x_wconf 82' lang='lat' dir='ltr'><strong>si</strong></span> <span class='ocrx_word' id='word_1_498' title='bbox 2036 2864 2136 2920; x_wconf 73' lang='lat' dir='ltr'><strong>Job</strong></span> <span class='ocrx_word' id='word_1_499' title='bbox 2167 2866 2338 2919; x_wconf 88' lang='lat' dir='ltr'><strong>dicit:</strong></span> <span class='ocrx_word' id='word_1_500' title='bbox 2383 2864 2616 2933; x_wconf 86' lang='lat' dir='ltr'><strong>Spiritus</strong></span> <span class='ocrx_word' id='word_1_501' title='bbox 2658 2863 2872 2916; x_wconf 80' lang='lat' dir='ltr'><strong>divinus</strong></span> <span class='ocrx_word' id='word_1_502' title='bbox 2913 2864 3004 2932; x_wconf 90' lang='lat' dir='ltr'><strong>qui</strong></span> <span class='ocrx_word' id='word_1_503' title='bbox 3054 2878 3133 2915; x_wconf 88' lang='lat' dir='ltr'><strong>me</strong></span> <span class='ocrx_word' id='word_1_504' title='bbox 3178 2861 3298 2931; x_wconf 75' lang='lat' dir='ltr'><strong>fecit</strong></span> <span class='ocrx_word' id='word_1_505' title='bbox 3335 2868 3408 2928; x_wconf 78' lang='grc' dir='ltr'><strong>ιο,</strong></span> <span class='ocrx_word' id='word_1_506' title='bbox 3449 2862 3541 2917; x_wconf 89' lang='lat' dir='ltr'><strong>ubi</strong></span> 
     </span>
    </p>
   </div>
   <div class='ocr_carea' id='block_1_62' title="bbox 1958 2952 3537 3019">
    <p class='ocr_par' dir='ltr' id='par_1_62' title="bbox 1958 2952 3537 3019">
     <span class='ocr_line' id='line_1_62' title="bbox 1958 2952 3537 3019; baseline -0.004 -8"><span class='ocrx_word' id='word_1_507' title='bbox 1958 2957 2127 3011; x_wconf 86' lang='lat' dir='ltr'><strong>Filius</strong></span> <span class='ocrx_word' id='word_1_508' title='bbox 2160 2957 2182 3010; x_wconf 80' lang='grc' dir='ltr'><em>’ί</em></span> <span class='ocrx_word' id='word_1_509' title='bbox 2217 2955 2273 3011; x_wconf 88' lang='lat' dir='ltr'><strong>Si</strong></span> <span class='ocrx_word' id='word_1_510' title='bbox 2326 2970 2512 3009; x_wconf 86' lang='lat' dir='ltr'><strong>rursus</strong></span> <span class='ocrx_word' id='word_1_511' title='bbox 2557 2956 2695 3008; x_wconf 88' lang='lat' dir='ltr'><strong>idem</strong></span> <span class='ocrx_word' id='word_1_512' title='bbox 2744 2952 2845 3007; x_wconf 85' lang='lat' dir='ltr'><strong>Job</strong></span> <span class='ocrx_word' id='word_1_513' title='bbox 2886 2953 3054 3007; x_wconf 90' lang='lat' dir='ltr'><strong>dicit:</strong></span> <span class='ocrx_word' id='word_1_514' title='bbox 3086 2952 3321 3019; x_wconf 82' lang='lat' dir='ltr'><strong>Spiritus</strong></span> <span class='ocrx_word' id='word_1_515' title='bbox 3368 2962 3442 3006; x_wconf 86' lang='lat' dir='ltr'><strong>est</strong></span> <span class='ocrx_word' id='word_1_516' title='bbox 3479 2953 3537 3006; x_wconf 88' lang='lat' dir='ltr'><strong>in</strong></span> 
     </span>
    </p>
   </div>
   <div class='ocr_carea' id='block_1_63' title="bbox 274 3032 1867 3119">
    <p class='ocr_par' dir='ltr' id='par_1_63' title="bbox 274 3039 1860 3112">
     <span class='ocr_line' id='line_1_63' title="bbox 274 3039 1860 3112; baseline -0.002 -16"><span class='ocrx_word' id='word_1_517' title='bbox 274 3044 410 3096; x_wconf 68' lang='grc' dir='ltr'><strong>Ἐὰν</strong></span> <span class='ocrx_word' id='word_1_518' title='bbox 460 3043 516 3095; x_wconf 82' lang='grc' dir='ltr'><strong>δὲ</strong></span> <span class='ocrx_word' id='word_1_519' title='bbox 564 3041 696 3112; x_wconf 83' lang='grc' dir='ltr'><strong>λέγῃ</strong></span> <span class='ocrx_word' id='word_1_520' title='bbox 741 3043 769 3094; x_wconf 88' lang='lat'><strong>6</strong></span> <span class='ocrx_word' id='word_1_521' title='bbox 807 3040 928 3097; x_wconf 76' lang='grc' dir='ltr'><strong>Ἰὼϐ</strong></span> <span class='ocrx_word' id='word_1_522' title='bbox 952 3054 967 3071; x_wconf 78' lang='grc'><strong><em>⁸</em></strong></span> <span class='ocrx_word' id='word_1_523' title='bbox 1003 3039 1248 3108; x_wconf 84' lang='grc' dir='ltr'><em>Πνεῦμα</em></span> <span class='ocrx_word' id='word_1_524' title='bbox 1287 3039 1447 3093; x_wconf 87' lang='grc' dir='ltr'><em>θεῖον</em></span> <span class='ocrx_word' id='word_1_525' title='bbox 1477 3039 1543 3092; x_wconf 79' lang='grc' dir='ltr'><em>τὸ</em></span> <span class='ocrx_word' id='word_1_526' title='bbox 1593 3039 1860 3108; x_wconf 74' lang='grc' dir='ltr'><em>ποιῆσαν</em></span> 
     </span>
    </p>
   </div>
   <div class='ocr_carea' id='block_1_64' title="bbox 1962 3032 3540 3119">
    <p class='ocr_par' dir='ltr' id='par_1_64' title="bbox 1962 3032 3540 3119">
     <span class='ocr_line' id='line_1_64' title="bbox 1962 3032 3540 3119; baseline -0.003 -15"><span class='ocrx_word' id='word_1_527' title='bbox 1962 3051 2280 3114; x_wconf 83' lang='lat' dir='ltr'><strong>hominibus,</strong></span> <span class='ocrx_word' id='word_1_528' title='bbox 2328 3051 2487 3119; x_wconf 83' lang='lat' dir='ltr'><strong>ﬂatus</strong></span> <span class='ocrx_word' id='word_1_529' title='bbox 2540 3058 2714 3100; x_wconf 85' lang='lat' dir='ltr'><strong>autent</strong></span> <span class='ocrx_word' id='word_1_530' title='bbox 2757 3046 3141 3113; x_wconf 84' lang='lat' dir='ltr'><strong>Omnipotentis</strong></span> <span class='ocrx_word' id='word_1_531' title='bbox 3193 3057 3267 3099; x_wconf 89' lang='lat' dir='ltr'><strong>est</strong></span> <span class='ocrx_word' id='word_1_532' title='bbox 3320 3047 3410 3115; x_wconf 75' lang='lat' dir='ltr'><strong>qui</strong></span> <span class='ocrx_word' id='word_1_533' title='bbox 3458 3032 3540 3100; x_wconf 78' lang='lat' dir='ltr'><strong>me</strong></span> 
     </span>
    </p>
   </div>
   <div class='ocr_carea' id='block_1_65' title="bbox 258 3127 1862 3203">
    <p class='ocr_par' dir='ltr' id='par_1_65' title="bbox 258 3127 1862 3203">
     <span class='ocr_line' id='line_1_65' title="bbox 258 3127 1862 3203; baseline -0.001 -18"><span class='ocrx_word' id='word_1_534' title='bbox 258 3151 338 3203; x_wconf 81' lang='grc' dir='ltr'><strong>με</strong></span> <span class='ocrx_word' id='word_1_535' title='bbox 360 3150 376 3165; x_wconf 88' lang='grc'><strong>·</strong></span> <span class='ocrx_word' id='word_1_536' title='bbox 412 3132 512 3185; x_wconf 77' lang='grc' dir='ltr'>ποῦ</span> <span class='ocrx_word' id='word_1_537' title='bbox 541 3135 569 3186; x_wconf 96' lang='lat'><strong>6</strong></span> <span class='ocrx_word' id='word_1_538' title='bbox 599 3132 761 3198; x_wconf 83' lang='grc' dir='ltr'><strong>Υἱός;</strong></span> <span class='ocrx_word' id='word_1_539' title='bbox 801 3131 927 3186; x_wconf 84' lang='grc' dir='ltr'><strong>Ἐὰν</strong></span> <span class='ocrx_word' id='word_1_540' title='bbox 953 3130 1010 3184; x_wconf 82' lang='grc' dir='ltr'>δὲ</span> <span class='ocrx_word' id='word_1_541' title='bbox 1043 3131 1175 3201; x_wconf 81' lang='grc' dir='ltr'>λέγῃ</span> <span class='ocrx_word' id='word_1_542' title='bbox 1208 3131 1236 3183; x_wconf 91' lang='lat'><strong>6</strong></span> <span class='ocrx_word' id='word_1_543' title='bbox 1258 3128 1421 3193; x_wconf 78' lang='grc' dir='ltr'>αὐτὸς</span> <span class='ocrx_word' id='word_1_544' title='bbox 1452 3127 1591 3181; x_wconf 79' lang='grc' dir='ltr'><strong>Ἰώϐ-</strong></span> <span class='ocrx_word' id='word_1_545' title='bbox 1617 3129 1862 3197; x_wconf 83' lang='grc' dir='ltr'><em>Πνεῦμά</em></span> 
     </span>
    </p>
   </div>
   <div class='ocr_carea' id='block_1_66' title="bbox 257 3219 1863 3292">
    <p class='ocr_par' dir='ltr' id='par_1_66' title="bbox 257 3219 1863 3292">
     <span class='ocr_line' id='line_1_66' title="bbox 257 3219 1863 3292; baseline -0.004 -13"><span class='ocrx_word' id='word_1_546' title='bbox 257 3227 445 3281; x_wconf 82' lang='grc' dir='ltr'><em>ἐστιν</em></span> <span class='ocrx_word' id='word_1_547' title='bbox 474 3224 543 3277; x_wconf 81' lang='grc' dir='ltr'><em>ἐν</em></span> <span class='ocrx_word' id='word_1_548' title='bbox 565 3223 828 3292; x_wconf 78' lang='grc' dir='ltr'><strong>βροτοῖς,</strong></span> <span class='ocrx_word' id='word_1_549' title='bbox 859 3221 1016 3290; x_wconf 77' lang='grc' dir='ltr'><em>πνοὴ</em></span> <span class='ocrx_word' id='word_1_550' title='bbox 1056 3222 1124 3275; x_wconf 86' lang='grc' dir='ltr'><em>δὲ</em></span> <span class='ocrx_word' id='word_1_551' title='bbox 1166 3219 1647 3288; x_wconf 75' lang='grc' dir='ltr'><em>παντοκράτορος</em></span> <span class='ocrx_word' id='word_1_552' title='bbox 1691 3221 1863 3273; x_wconf 71' lang='grc' dir='ltr'><em>ἐστιν</em></span> 
     </span>
    </p>
   </div>
   <div class='ocr_carea' id='block_1_67' title="bbox 260 3311 1863 3385">
    <p class='ocr_par' dir='ltr' id='par_1_67' title="bbox 260 3311 1863 3385">
     <span class='ocr_line' id='line_1_67' title="bbox 260 3311 1863 3385; baseline -0.001 -17"><span class='ocrx_word' id='word_1_553' title='bbox 260 3318 307 3384; x_wconf 80' lang='grc' dir='ltr'>ἡ</span> <span class='ocrx_word' id='word_1_554' title='bbox 334 3314 718 3368; x_wconf 79' lang='grc' dir='ltr'><em>διδάσκουσά</em></span> <span class='ocrx_word' id='word_1_555' title='bbox 743 3331 819 3383; x_wconf 88' lang='grc' dir='ltr'><strong>με</strong></span> <span class='ocrx_word' id='word_1_556' title='bbox 840 3333 852 3344; x_wconf 91' lang='grc'><strong>·</strong></span> <span class='ocrx_word' id='word_1_557' title='bbox 892 3312 994 3366; x_wconf 82' lang='grc' dir='ltr'>ποῦ</span> <span class='ocrx_word' id='word_1_558' title='bbox 1027 3315 1054 3365; x_wconf 92' lang='lat'><strong>6</strong></span> <span class='ocrx_word' id='word_1_559' title='bbox 1087 3311 1256 3376; x_wconf 83' lang='grc' dir='ltr'><strong>Υἱός;</strong></span> <span class='ocrx_word' id='word_1_560' title='bbox 1301 3312 1425 3365; x_wconf 80' lang='grc' dir='ltr'><strong>Ἐὰν</strong></span> <span class='ocrx_word' id='word_1_561' title='bbox 1460 3312 1518 3365; x_wconf 80' lang='grc' dir='ltr'>δὲ</span> <span class='ocrx_word' id='word_1_562' title='bbox 1551 3312 1682 3385; x_wconf 82' lang='grc' dir='ltr'><strong>λέγῃ</strong></span> <span class='ocrx_word' id='word_1_563' title='bbox 1708 3315 1736 3366; x_wconf 89' lang='lat'><strong>6</strong></span> <span class='ocrx_word' id='word_1_564' title='bbox 1759 3315 1863 3366; x_wconf 73' lang='lat' dir='ltr'><strong>Aa-</strong></span> 
     </span>
    </p>
   </div>
   <div class='ocr_carea' id='block_1_68' title="bbox 262 3403 1860 3474">
    <p class='ocr_par' dir='ltr' id='par_1_68' title="bbox 262 3403 1860 3474">
     <span class='ocr_line' id='line_1_68' title="bbox 262 3403 1860 3474; baseline -0.001 -14"><span class='ocrx_word' id='word_1_565' title='bbox 262 3407 360 3460; x_wconf 80' lang='lat' dir='ltr'><em>6i6</em></span> <span class='ocrx_word' id='word_1_566' title='bbox 385 3422 403 3437; x_wconf 76' lang='grc' dir='ltr'><em>ο</em></span> <span class='ocrx_word' id='word_1_567' title='bbox 446 3405 906 3471; x_wconf 80' lang='grc' dir='ltr'><em>Ἐξαποστελεῖς</em></span> <span class='ocrx_word' id='word_1_568' title='bbox 937 3404 1005 3459; x_wconf 86' lang='grc' dir='ltr'><em>τὸ</em></span> <span class='ocrx_word' id='word_1_569' title='bbox 1030 3403 1269 3474; x_wconf 77' lang='grc' dir='ltr'><em>Πνεῦμα</em></span> <span class='ocrx_word' id='word_1_570' title='bbox 1295 3418 1433 3467; x_wconf 90' lang='grc' dir='ltr'><em>σου,</em></span> <span class='ocrx_word' id='word_1_571' title='bbox 1475 3404 1574 3456; x_wconf 78' lang='grc' dir='ltr'><strong>καὶ</strong></span> <span class='ocrx_word' id='word_1_572' title='bbox 1615 3404 1860 3474; x_wconf 66' lang='grc' dir='ltr'><em>κτισθήη</em></span> 
     </span>
    </p>
   </div>
   <div class='ocr_carea' id='block_1_69' title="bbox 265 3495 1859 3564">
    <p class='ocr_par' dir='ltr' id='par_1_69' title="bbox 265 3495 1859 3564">
     <span class='ocr_line' id='line_1_69' title="bbox 265 3495 1859 3564; baseline -0.008 -9"><span class='ocrx_word' id='word_1_573' title='bbox 265 3516 510 3560; x_wconf 83' lang='grc' dir='ltr'><em>σονται,</em></span> <span class='ocrx_word' id='word_1_574' title='bbox 550 3498 647 3551; x_wconf 76' lang='grc' dir='ltr'><em>καὶ</em></span> <span class='ocrx_word' id='word_1_575' title='bbox 692 3495 1056 3563; x_wconf 75' lang='grc' dir='ltr'><em>ἀνακαινιεῒς</em></span> <span class='ocrx_word' id='word_1_576' title='bbox 1084 3497 1152 3549; x_wconf 80' lang='grc' dir='ltr'><em>τὸ</em></span> <span class='ocrx_word' id='word_1_577' title='bbox 1186 3495 1513 3563; x_wconf 80' lang='grc' dir='ltr'><strong>πρόσωπον</strong></span> <span class='ocrx_word' id='word_1_578' title='bbox 1557 3495 1670 3564; x_wconf 83' lang='grc' dir='ltr'><em>τῆς</em></span> <span class='ocrx_word' id='word_1_579' title='bbox 1711 3495 1859 3564; x_wconf 70' lang='grc' dir='ltr'><strong>γῆς⁹</strong></span> 
     </span>
    </p>
   </div>
   <div class='ocr_carea' id='block_1_70' title="bbox 267 3582 1861 3660">
    <p class='ocr_par' dir='ltr' id='par_1_70' title="bbox 267 3582 1861 3660">
     <span class='ocr_line' id='line_1_70' title="bbox 267 3582 1861 3660; baseline -0.004 -16"><span class='ocrx_word' id='word_1_580' title='bbox 267 3590 383 3645; x_wconf 76' lang='grc' dir='ltr'>ποῦ</span> <span class='ocrx_word' id='word_1_581' title='bbox 417 3592 443 3643; x_wconf 90' lang='grc' dir='ltr'>ὁ</span> <span class='ocrx_word' id='word_1_582' title='bbox 471 3589 630 3654; x_wconf 78' lang='grc' dir='ltr'><strong>Υἱ6ς;</strong></span> <span class='ocrx_word' id='word_1_583' title='bbox 670 3588 795 3641; x_wconf 79' lang='grc' dir='ltr'><strong>Ἐὰν</strong></span> <span class='ocrx_word' id='word_1_584' title='bbox 836 3587 892 3640; x_wconf 87' lang='grc' dir='ltr'>δὲ</span> <span class='ocrx_word' id='word_1_585' title='bbox 934 3588 1070 3660; x_wconf 87' lang='grc' dir='ltr'>λέγῃ</span> <span class='ocrx_word' id='word_1_586' title='bbox 1091 3602 1106 3617; x_wconf 73' lang='grc' dir='ltr'>ο</span> <span class='ocrx_word' id='word_1_587' title='bbox 1142 3585 1266 3639; x_wconf 88' lang='grc' dir='ltr'><em>Ποῦ</em></span> <span class='ocrx_word' id='word_1_588' title='bbox 1310 3582 1579 3652; x_wconf 82' lang='grc' dir='ltr'><strong>πορευθῶ</strong></span> <span class='ocrx_word' id='word_1_589' title='bbox 1603 3584 1720 3639; x_wconf 79' lang='grc' dir='ltr'><strong>ἀπὸ</strong></span> <span class='ocrx_word' id='word_1_590' title='bbox 1754 3583 1861 3638; x_wconf 83' lang='grc' dir='ltr'><strong>τοῦ</strong></span> 
     </span>
    </p>
   </div>
   <div class='ocr_carea' id='block_1_71' title="bbox 266 3675 1862 3752">
    <p class='ocr_par' dir='ltr' id='par_1_71' title="bbox 266 3675 1862 3752">
     <span class='ocr_line' id='line_1_71' title="bbox 266 3675 1862 3752; baseline -0.005 -13"><span class='ocrx_word' id='word_1_591' title='bbox 266 3684 623 3752; x_wconf 83' lang='grc' dir='ltr'><em>Πνεύματός</em></span> <span class='ocrx_word' id='word_1_592' title='bbox 647 3695 784 3743; x_wconf 88' lang='grc' dir='ltr'><em>σου,</em></span> <span class='ocrx_word' id='word_1_593' title='bbox 825 3679 1061 3733; x_wconf 81' lang='grc' dir='ltr'><em>καὶάπό</em></span> <span class='ocrx_word' id='word_1_594' title='bbox 1089 3677 1194 3732; x_wconf 88' lang='grc' dir='ltr'><strong>τοῦ</strong></span> <span class='ocrx_word' id='word_1_595' title='bbox 1230 3675 1557 3744; x_wconf 75' lang='grc' dir='ltr'>προσώπου</span> <span class='ocrx_word' id='word_1_596' title='bbox 1598 3677 1862 3731; x_wconf 82' lang='grc' dir='ltr'><em>σουποῦ</em></span> 
     </span>
    </p>
   </div>
   <div class='ocr_carea' id='block_1_72' title="bbox 262 3765 1867 3846">
    <p class='ocr_par' dir='ltr' id='par_1_72' title="bbox 262 3765 1867 3846">
     <span class='ocr_line' id='line_1_72' title="bbox 262 3765 1867 3846; baseline -0.006 -16"><span class='ocrx_word' id='word_1_597' title='bbox 262 3777 487 3846; x_wconf 66' lang='grc' dir='ltr'><strong>φύγω;</strong></span> <span class='ocrx_word' id='word_1_598' title='bbox 520 3772 621 3826; x_wconf 79' lang='grc' dir='ltr'>ποῦ</span> <span class='ocrx_word' id='word_1_599' title='bbox 652 3775 680 3826; x_wconf 92' lang='lat'><strong>6</strong></span> <span class='ocrx_word' id='word_1_600' title='bbox 704 3772 834 3834; x_wconf 74' lang='grc' dir='ltr'><strong>Υἱός</strong></span> <span class='ocrx_word' id='word_1_601' title='bbox 858 3787 873 3837; x_wconf 88' lang='grc'><strong>;</strong></span> <span class='ocrx_word' id='word_1_602' title='bbox 914 3770 1040 3823; x_wconf 80' lang='grc' dir='ltr'><strong>Ἐὰν</strong></span> <span class='ocrx_word' id='word_1_603' title='bbox 1070 3769 1125 3822; x_wconf 85' lang='grc' dir='ltr'><strong>δέ</strong></span> <span class='ocrx_word' id='word_1_604' title='bbox 1149 3768 1283 3840; x_wconf 82' lang='grc' dir='ltr'>λέγῃ</span> <span class='ocrx_word' id='word_1_605' title='bbox 1301 3784 1316 3798; x_wconf 78' lang='grc' dir='ltr'><strong>ο</strong></span> <span class='ocrx_word' id='word_1_606' title='bbox 1350 3766 1501 3822; x_wconf 77' lang='grc' dir='ltr'><strong>οὐαὶ</strong></span> <span class='ocrx_word' id='word_1_607' title='bbox 1518 3765 1699 3820; x_wconf 80' lang='grc' dir='ltr'><em>τέκνα</em></span> <span class='ocrx_word' id='word_1_608' title='bbox 1720 3767 1867 3821; x_wconf 82' lang='grc' dir='ltr'>ἁπο-</span> 
     </span>
    </p>
   </div>
   <div class='ocr_carea' id='block_1_73' title="bbox 265 3852 1873 3933">
    <p class='ocr_par' dir='ltr' id='par_1_73' title="bbox 265 3852 1873 3933">
     <span class='ocr_line' id='line_1_73' title="bbox 265 3852 1873 3933; baseline -0.006 -12"><span class='ocrx_word' id='word_1_609' title='bbox 265 3865 518 3926; x_wconf 83' lang='grc' dir='ltr'><em>στάται,</em></span> <span class='ocrx_word' id='word_1_610' title='bbox 557 3863 695 3918; x_wconf 80' lang='grc' dir='ltr'><em>τάδε</em></span> <span class='ocrx_word' id='word_1_611' title='bbox 739 3863 902 3933; x_wconf 76' lang='grc' dir='ltr'>λέγει</span> <span class='ocrx_word' id='word_1_612' title='bbox 946 3852 1199 3929; x_wconf 81' lang='grc' dir='ltr'><em>Κύριος·</em></span> <span class='ocrx_word' id='word_1_613' title='bbox 1244 3858 1594 3925; x_wconf 75' lang='grc' dir='ltr'><em>Ἐποιήσατε</em></span> <span class='ocrx_word' id='word_1_614' title='bbox 1627 3858 1873 3926; x_wconf 71' lang='grc' dir='ltr'><em>βουλὴν</em></span> 
     </span>
    </p>
   </div>
   <div class='ocr_carea' id='block_1_74' title="bbox 270 3951 1874 4023">
    <p class='ocr_par' dir='ltr' id='par_1_74' title="bbox 270 3951 1874 4023">
     <span class='ocr_line' id='line_1_74' title="bbox 270 3951 1874 4023; baseline -0.007 -10"><span class='ocrx_word' id='word_1_615' title='bbox 270 3960 352 4013; x_wconf 85' lang='grc' dir='ltr'><strong>οὐ</strong></span> <span class='ocrx_word' id='word_1_616' title='bbox 389 3955 463 4009; x_wconf 84' lang='grc' dir='ltr'><strong>δι’</strong></span> <span class='ocrx_word' id='word_1_617' title='bbox 491 3955 656 4023; x_wconf 74' lang='grc' dir='ltr'><em>ἐμοῦ,</em></span> <span class='ocrx_word' id='word_1_618' title='bbox 688 3954 786 4007; x_wconf 79' lang='grc' dir='ltr'><em>καὶ</em></span> <span class='ocrx_word' id='word_1_619' title='bbox 814 3952 1129 4019; x_wconf 81' lang='grc' dir='ltr'><strong>συνθήκας</strong></span> <span class='ocrx_word' id='word_1_620' title='bbox 1163 3953 1234 4005; x_wconf 84' lang='grc' dir='ltr'><strong>οὺ</strong></span> <span class='ocrx_word' id='word_1_621' title='bbox 1264 3951 1363 4005; x_wconf 86' lang='grc' dir='ltr'><strong>διὰ</strong></span> <span class='ocrx_word' id='word_1_622' title='bbox 1390 3951 1497 4004; x_wconf 87' lang='grc' dir='ltr'><strong>τοῦ</strong></span> <span class='ocrx_word' id='word_1_623' title='bbox 1533 3951 1874 4018; x_wconf 74' lang='grc' dir='ltr'><em>Πνεύματός</em></span> 
     </span>
    </p>
   </div>
   <div class='ocr_carea' id='block_1_75' title="bbox 270 4040 1876 4118">
    <p class='ocr_par' dir='ltr' id='par_1_75' title="bbox 270 4040 1876 4118">
     <span class='ocr_line' id='line_1_75' title="bbox 270 4040 1876 4118; baseline -0.005 -17"><span class='ocrx_word' id='word_1_624' title='bbox 270 4065 404 4118; x_wconf 86' lang='grc' dir='ltr'><strong>μου</strong></span> <span class='ocrx_word' id='word_1_625' title='bbox 424 4065 437 4077; x_wconf 95' lang='grc'><strong>·</strong></span> <span class='ocrx_word' id='word_1_626' title='bbox 474 4045 577 4098; x_wconf 78' lang='grc' dir='ltr'>ποῦ</span> <span class='ocrx_word' id='word_1_627' title='bbox 603 4047 631 4096; x_wconf 87' lang='lat'><strong>6</strong></span> <span class='ocrx_word' id='word_1_628' title='bbox 659 4045 784 4108; x_wconf 80' lang='grc' dir='ltr'><strong>Υἱός</strong></span> <span class='ocrx_word' id='word_1_629' title='bbox 812 4061 828 4109; x_wconf 90' lang='grc'>;</span> <span class='ocrx_word' id='word_1_630' title='bbox 878 4043 1002 4097; x_wconf 86' lang='grc' dir='ltr'><strong>Ἐὰν</strong></span> <span class='ocrx_word' id='word_1_631' title='bbox 1042 4044 1099 4096; x_wconf 81' lang='grc' dir='ltr'>δὲ</span> <span class='ocrx_word' id='word_1_632' title='bbox 1130 4042 1265 4115; x_wconf 89' lang='grc' dir='ltr'>λέγῃ</span> <span class='ocrx_word' id='word_1_633' title='bbox 1289 4060 1301 4073; x_wconf 86' lang='grc'><strong>·</strong></span> <span class='ocrx_word' id='word_1_634' title='bbox 1349 4041 1460 4095; x_wconf 88' lang='lat' dir='ltr'><strong><em>Kal</em></strong></span> <span class='ocrx_word' id='word_1_635' title='bbox 1492 4040 1876 4104; x_wconf 75' lang='grc' dir='ltr'><em>ἐξελεύσεται</em></span> 
     </span>
    </p>
   </div>
   <div class='ocr_carea' id='block_1_76' title="bbox 272 4130 1876 4209">
    <p class='ocr_par' dir='ltr' id='par_1_76' title="bbox 272 4130 1876 4209">
     <span class='ocr_line' id='line_1_76' title="bbox 272 4130 1876 4209; baseline -0.004 -17"><span class='ocrx_word' id='word_1_636' title='bbox 272 4137 505 4209; x_wconf 72' lang='grc' dir='ltr'><strong>ῥάϐδος</strong></span> <span class='ocrx_word' id='word_1_637' title='bbox 546 4139 615 4192; x_wconf 82' lang='grc' dir='ltr'><strong>ἐκ</strong></span> <span class='ocrx_word' id='word_1_638' title='bbox 653 4136 764 4206; x_wconf 83' lang='grc' dir='ltr'><em>τῆς</em></span> <span class='ocrx_word' id='word_1_639' title='bbox 800 4134 968 4205; x_wconf 79' lang='grc' dir='ltr'><em>ῥίζης</em></span> <span class='ocrx_word' id='word_1_640' title='bbox 1008 4134 1254 4198; x_wconf 77' lang='grc' dir='ltr'><em>Ἰεσσαὶ,</em></span> <span class='ocrx_word' id='word_1_641' title='bbox 1294 4134 1391 4188; x_wconf 75' lang='grc' dir='ltr'><em>καὶ</em></span> <span class='ocrx_word' id='word_1_642' title='bbox 1431 4131 1613 4198; x_wconf 82' lang='grc' dir='ltr'><em>ἄνθος</em></span> <span class='ocrx_word' id='word_1_643' title='bbox 1655 4133 1724 4186; x_wconf 81' lang='grc' dir='ltr'><strong><em>ἐκ</em></strong></span> <span class='ocrx_word' id='word_1_644' title='bbox 1764 4130 1876 4199; x_wconf 84' lang='grc' dir='ltr'><em>τῆς</em></span> 
     </span>
    </p>
   </div>
   <div class='ocr_carea' id='block_1_77' title="bbox 273 4225 1882 4304">
    <p class='ocr_par' dir='ltr' id='par_1_77' title="bbox 273 4225 1882 4304">
     <span class='ocr_line' id='line_1_77' title="bbox 273 4225 1882 4304; baseline -0.006 -14"><span class='ocrx_word' id='word_1_645' title='bbox 273 4235 455 4304; x_wconf 74' lang='grc' dir='ltr'><em>ῥίζης</em></span> <span class='ocrx_word' id='word_1_646' title='bbox 491 4233 878 4300; x_wconf 81' lang='grc' dir='ltr'><em>ἀναϐήσεται,</em></span> <span class='ocrx_word' id='word_1_647' title='bbox 918 4230 1019 4284; x_wconf 81' lang='grc' dir='ltr'><strong>καὶ</strong></span> <span class='ocrx_word' id='word_1_648' title='bbox 1046 4229 1537 4283; x_wconf 78' lang='grc' dir='ltr'><em>ἐπαναπαύσεται</em></span> <span class='ocrx_word' id='word_1_649' title='bbox 1569 4225 1664 4279; x_wconf 81' lang='grc' dir='ltr'><strong>ἐπ’</strong></span> <span class='ocrx_word' id='word_1_650' title='bbox 1697 4226 1882 4281; x_wconf 85' lang='grc' dir='ltr'><em>αὑτὸν</em></span> 
     </span>
    </p>
   </div>
   <div class='ocr_carea' id='block_1_78' title="bbox 286 4313 1944 4419">
    <p class='ocr_par' dir='ltr' id='par_1_78' title="bbox 286 4313 1944 4419">
     <span class='ocr_line' id='line_1_78' title="bbox 286 4313 1944 4419; baseline -0.007 -38"><span class='ocrx_word' id='word_1_651' title='bbox 286 4327 532 4395; x_wconf 86' lang='grc' dir='ltr'><em>Πνεῦμα</em></span> <span class='ocrx_word' id='word_1_652' title='bbox 577 4325 798 4394; x_wconf 65' lang='grc' dir='ltr'><em>σοφίας</em></span> <span class='ocrx_word' id='word_1_653' title='bbox 841 4321 939 4375; x_wconf 80' lang='grc' dir='ltr'><em>καὶ</em></span> <span class='ocrx_word' id='word_1_654' title='bbox 991 4317 1320 4385; x_wconf 83' lang='grc' dir='ltr'><em>συνέσεως,</em></span> <span class='ocrx_word' id='word_1_655' title='bbox 1357 4316 1601 4387; x_wconf 87' lang='grc' dir='ltr'><em>Πνεῦμα</em></span> <span class='ocrx_word' id='word_1_656' title='bbox 1643 4313 1883 4383; x_wconf 73' lang='grc' dir='ltr'><strong>,βουλῆς</strong></span> <span class='ocrx_word' id='word_1_657' title='bbox 1904 4366 1944 4419; x_wconf 72' lang='grc' dir='ltr'>υ</span> 
     </span>
    </p>
   </div>
   <div class='ocr_carea' id='block_1_79' title="bbox 290 4406 1885 4486">
    <p class='ocr_par' dir='ltr' id='par_1_79' title="bbox 290 4406 1885 4486">
     <span class='ocr_line' id='line_1_79' title="bbox 290 4406 1885 4486; baseline -0.008 -13"><span class='ocrx_word' id='word_1_658' title='bbox 290 4420 391 4474; x_wconf 81' lang='grc' dir='ltr'><em>καὶ</em></span> <span class='ocrx_word' id='word_1_659' title='bbox 427 4418 666 4486; x_wconf 74' lang='grc' dir='ltr'><em>ἰσχύος,</em></span> <span class='ocrx_word' id='word_1_660' title='bbox 702 4414 945 4482; x_wconf 84' lang='grc' dir='ltr'><em>Πνεῦμα</em></span> <span class='ocrx_word' id='word_1_661' title='bbox 981 4410 1257 4480; x_wconf 75' lang='grc' dir='ltr'><em>γνώσεως</em></span> <span class='ocrx_word' id='word_1_662' title='bbox 1286 4409 1385 4465; x_wconf 80' lang='grc' dir='ltr'><em>καὶ</em></span> <span class='ocrx_word' id='word_1_663' title='bbox 1421 4409 1751 4474; x_wconf 78' lang='grc' dir='ltr'><em>εὐσεϐείας,</em></span> <span class='ocrx_word' id='word_1_664' title='bbox 1786 4406 1885 4462; x_wconf 72' lang='grc' dir='ltr'><strong>καί</strong></span> 
     </span>
    </p>
   </div>
   <div class='ocr_carea' id='block_1_80' title="bbox 291 4497 1877 4580">
    <p class='ocr_par' dir='ltr' id='par_1_80' title="bbox 291 4497 1877 4580">
     <span class='ocr_line' id='line_1_80' title="bbox 291 4497 1877 4580; baseline -0.009 -16"><span class='ocrx_word' id='word_1_665' title='bbox 291 4510 593 4580; x_wconf 73' lang='grc' dir='ltr'><strong>ἐμπλήσει</strong></span> <span class='ocrx_word' id='word_1_666' title='bbox 625 4507 814 4562; x_wconf 81' lang='grc' dir='ltr'><em>αὑτὸν</em></span> <span class='ocrx_word' id='word_1_667' title='bbox 846 4506 1091 4576; x_wconf 86' lang='grc' dir='ltr'><em>Πνεῦμα</em></span> <span class='ocrx_word' id='word_1_668' title='bbox 1140 4504 1328 4572; x_wconf 71' lang='grc' dir='ltr'><em>φόϐου</em></span> <span class='ocrx_word' id='word_1_669' title='bbox 1377 4500 1525 4555; x_wconf 87' lang='grc' dir='ltr'><em>Θεοῦ</em></span> <span class='ocrx_word' id='word_1_670' title='bbox 1550 4514 1566 4531; x_wconf 78' lang='grc'><strong><em>⁸</em></strong></span> <span class='ocrx_word' id='word_1_671' title='bbox 1616 4497 1733 4562; x_wconf 86' lang='grc' dir='ltr'>πῶς</span> <span class='ocrx_word' id='word_1_672' title='bbox 1781 4516 1877 4569; x_wconf 75' lang='grc' dir='ltr'>χωσ</span> 
     </span>
    </p>
   </div>
   <div class='ocr_carea' id='block_1_81' title="bbox 296 4588 1888 4672">
    <p class='ocr_par' dir='ltr' id='par_1_81' title="bbox 296 4588 1888 4672">
     <span class='ocr_line' id='line_1_81' title="bbox 296 4588 1888 4672; baseline -0.009 -17"><span class='ocrx_word' id='word_1_673' title='bbox 296 4602 431 4672; x_wconf 78' lang='grc' dir='ltr'>ρίσω</span> <span class='ocrx_word' id='word_1_674' title='bbox 478 4599 541 4652; x_wconf 76' lang='grc' dir='ltr'><strong>τὸ</strong></span> <span class='ocrx_word' id='word_1_675' title='bbox 586 4596 850 4669; x_wconf 79' lang='grc' dir='ltr'><em>Πνεῦμα;</em></span> <span class='ocrx_word' id='word_1_676' title='bbox 900 4595 1027 4649; x_wconf 80' lang='grc' dir='ltr'>Ἐὰν</span> <span class='ocrx_word' id='word_1_677' title='bbox 1064 4592 1120 4646; x_wconf 80' lang='grc' dir='ltr'><strong>δὲ</strong></span> <span class='ocrx_word' id='word_1_678' title='bbox 1168 4590 1334 4662; x_wconf 83' lang='grc' dir='ltr'>λέγῃ·</span> <span class='ocrx_word' id='word_1_679' title='bbox 1378 4588 1622 4658; x_wconf 89' lang='grc' dir='ltr'><em>Πνεῦμα</em></span> <span class='ocrx_word' id='word_1_680' title='bbox 1664 4588 1888 4655; x_wconf 83' lang='grc' dir='ltr'><em>Κυρίου</em></span> 
     </span>
    </p>
   </div>
   <div class='ocr_carea' id='block_1_82' title="bbox 295 4679 1889 4758">
    <p class='ocr_par' dir='ltr' id='par_1_82' title="bbox 295 4679 1889 4758">
     <span class='ocr_line' id='line_1_82' title="bbox 295 4679 1889 4758; baseline -0.008 -16"><span class='ocrx_word' id='word_1_681' title='bbox 295 4689 384 4742; x_wconf 57' lang='lat' dir='ltr'><strong>ex?</strong></span> <span class='ocrx_word' id='word_1_682' title='bbox 414 4687 554 4758; x_wconf 79' lang='grc' dir='ltr'><em>ἐμὲ,</em></span> <span class='ocrx_word' id='word_1_683' title='bbox 591 4682 664 4743; x_wconf 84' lang='grc' dir='ltr'><strong>οὗ</strong></span> <span class='ocrx_word' id='word_1_684' title='bbox 706 4687 939 4741; x_wconf 82' lang='grc' dir='ltr'><em>εἵνεκεν</em></span> <span class='ocrx_word' id='word_1_685' title='bbox 982 4680 1191 4752; x_wconf 75' lang='grc' dir='ltr'><em>ἔχρισε</em></span> <span class='ocrx_word' id='word_1_686' title='bbox 1238 4696 1336 4750; x_wconf 87' lang='grc' dir='ltr'><strong>με,</strong></span> <span class='ocrx_word' id='word_1_687' title='bbox 1382 4679 1889 4748; x_wconf 74' lang='grc' dir='ltr'><em>εὐαγγελίσασθαι</em></span> 
     </span>
    </p>
   </div>
   <div class='ocr_carea' id='block_1_83' title="bbox 300 4767 1891 4849">
    <p class='ocr_par' dir='ltr' id='par_1_83' title="bbox 300 4767 1891 4849">
     <span class='ocr_line' id='line_1_83' title="bbox 300 4767 1891 4849; baseline -0.007 -17"><span class='ocrx_word' id='word_1_688' title='bbox 300 4779 553 4849; x_wconf 79' lang='grc' dir='ltr'><strong>πτωχοῖς</strong></span> <span class='ocrx_word' id='word_1_689' title='bbox 607 4776 954 4833; x_wconf 74' lang='grc' dir='ltr'><em>ἀπέσταλκέ</em></span> <span class='ocrx_word' id='word_1_690' title='bbox 1015 4792 1124 4845; x_wconf 86' lang='grc' dir='ltr'><strong>με,</strong></span> <span class='ocrx_word' id='word_1_691' title='bbox 1189 4773 1444 4840; x_wconf 81' lang='grc' dir='ltr'><em>κηρύξαι</em></span> <span class='ocrx_word' id='word_1_692' title='bbox 1493 4767 1891 4840; x_wconf 67' lang='grc' dir='ltr'><em>αἰχμαλώτοις</em></span> 
     </span>
    </p>
   </div>
   <div class='ocr_carea' id='block_1_84' title="bbox 302 4860 1892 4941">
    <p class='ocr_par' dir='ltr' id='par_1_84' title="bbox 302 4860 1892 4941">
     <span class='ocr_line' id='line_1_84' title="bbox 302 4860 1892 4941; baseline -0.007 -17"><span class='ocrx_word' id='word_1_693' title='bbox 302 4871 537 4941; x_wconf 61' lang='grc' dir='ltr'><em>ἄφεσιν,</em></span> <span class='ocrx_word' id='word_1_694' title='bbox 578 4872 679 4927; x_wconf 73' lang='grc' dir='ltr'><strong>καὶ</strong></span> <span class='ocrx_word' id='word_1_695' title='bbox 731 4869 985 4939; x_wconf 69' lang='grc' dir='ltr'><em>τυφλοῖς</em></span> <span class='ocrx_word' id='word_1_696' title='bbox 1017 4867 1390 4934; x_wconf 71' lang='grc' dir='ltr'><em>ἀνάϐλεψινο</em></span> <span class='ocrx_word' id='word_1_697' title='bbox 1425 4863 1540 4928; x_wconf 83' lang='grc' dir='ltr'>πῶς</span> <span class='ocrx_word' id='word_1_698' title='bbox 1574 4862 1797 4934; x_wconf 85' lang='grc' dir='ltr'>χωρίσω</span> <span class='ocrx_word' id='word_1_699' title='bbox 1829 4860 1892 4913; x_wconf 82' lang='grc' dir='ltr'><strong>τὸ</strong></span> 
     </span>
    </p>
   </div>
   <div class='ocr_carea' id='block_1_85' title="bbox 305 4953 1892 5033">
    <p class='ocr_par' dir='ltr' id='par_1_85' title="bbox 305 4953 1892 5033">
     <span class='ocr_line' id='line_1_85' title="bbox 305 4953 1892 5033; baseline -0.005 -18"><span class='ocrx_word' id='word_1_700' title='bbox 305 4962 560 5033; x_wconf 74' lang='grc' dir='ltr'><em>Π·)εὖμα;</em></span> <span class='ocrx_word' id='word_1_701' title='bbox 597 4962 709 5015; x_wconf 76' lang='grc' dir='ltr'><strong>Καὶ</strong></span> <span class='ocrx_word' id='word_1_702' title='bbox 740 4962 839 5015; x_wconf 81' lang='grc' dir='ltr'><strong>ὅσα</strong></span> <span class='ocrx_word' id='word_1_703' title='bbox 888 4959 1190 5029; x_wconf 80' lang='grc' dir='ltr'><strong>φιλοπόνως</strong></span> <span class='ocrx_word' id='word_1_704' title='bbox 1235 4954 1457 5011; x_wconf 80' lang='grc' dir='ltr'><em>δυνατὸν</em></span> <span class='ocrx_word' id='word_1_705' title='bbox 1481 4955 1588 5008; x_wconf 78' lang='grc' dir='ltr'>ἀπὸ</span> <span class='ocrx_word' id='word_1_706' title='bbox 1623 4954 1723 5023; x_wconf 80' lang='grc' dir='ltr'><strong>τῆς</strong></span> <span class='ocrx_word' id='word_1_707' title='bbox 1752 4953 1791 5005; x_wconf 89' lang='grc' dir='ltr'><strong><em>Γ</em></strong></span> <span class='ocrx_word' id='word_1_708' title='bbox 1796 4970 1892 5024; x_wconf 77' lang='grc' dir='ltr'><em>ρα-</em></span> 
     </span>
    </p>
   </div>
   <div class='ocr_carea' id='block_1_86' title="bbox 306 5045 1893 5125">
    <p class='ocr_par' dir='ltr' id='par_1_86' title="bbox 306 5045 1893 5125">
     <span class='ocr_line' id='line_1_86' title="bbox 306 5045 1893 5125; baseline -0.008 -17"><span class='ocrx_word' id='word_1_709' title='bbox 306 5055 411 5124; x_wconf 69' lang='grc' dir='ltr'><strong>φῆς</strong></span> <span class='ocrx_word' id='word_1_710' title='bbox 438 5056 533 5125; x_wconf 80' lang='grc' dir='ltr'><strong>τῆς</strong></span> <span class='ocrx_word' id='word_1_711' title='bbox 561 5072 622 5108; x_wconf 84' lang='grc' dir='ltr'><em>τε</em></span> <span class='ocrx_word' id='word_1_712' title='bbox 652 5053 897 5115; x_wconf 77' lang='grc' dir='ltr'><em>Παλαιᾶς</em></span> <span class='ocrx_word' id='word_1_713' title='bbox 1075 5052 1256 5121; x_wconf 80' lang='grc' dir='ltr'><em>εὑρεῖν</em></span> <span class='ocrx_word' id='word_1_714' title='bbox 1288 5049 1382 5103; x_wconf 79' lang='grc' dir='ltr'><strong>καὶ</strong></span> <span class='ocrx_word' id='word_1_715' title='bbox 1421 5047 1529 5101; x_wconf 84' lang='grc' dir='ltr'><strong>ἀπὸ</strong></span> <span class='ocrx_word' id='word_1_716' title='bbox 1560 5046 1659 5117; x_wconf 83' lang='grc' dir='ltr'><strong>τῆς</strong></span> <span class='ocrx_word' id='word_1_717' title='bbox 1684 5045 1893 5114; x_wconf 81' lang='grc' dir='ltr'><strong>Καινῆς</strong></span> 
     </span>
    </p>
   </div>
   <div class='ocr_carea' id='block_1_87' title="bbox 303 5134 1895 5217">
    <p class='ocr_par' dir='ltr' id='par_1_87' title="bbox 303 5134 1895 5217">
     <span class='ocr_line' id='line_1_87' title="bbox 303 5134 1895 5217; baseline -0.007 -21"><span class='ocrx_word' id='word_1_718' title='bbox 303 5162 366 5196; x_wconf 77' lang='grc' dir='ltr'><strong>τε</strong></span> <span class='ocrx_word' id='word_1_719' title='bbox 393 5145 666 5217; x_wconf 65' lang='grc' dir='ltr'><em>Διαοήιιης</em></span> <span class='ocrx_word' id='word_1_720' title='bbox 718 5145 846 5215; x_wconf 77' lang='grc' dir='ltr'>περὶ</span> <span class='ocrx_word' id='word_1_721' title='bbox 887 5142 980 5196; x_wconf 83' lang='grc' dir='ltr'><strong>τοῦ</strong></span> <span class='ocrx_word' id='word_1_722' title='bbox 1014 5141 1334 5212; x_wconf 81' lang='grc' dir='ltr'><em>Πνεύματος</em></span> <span class='ocrx_word' id='word_1_723' title='bbox 1380 5139 1473 5192; x_wconf 78' lang='grc' dir='ltr'><strong>καὶ</strong></span> <span class='ocrx_word' id='word_1_724' title='bbox 1515 5137 1608 5190; x_wconf 82' lang='grc' dir='ltr'><strong>τοῦ</strong></span> <span class='ocrx_word' id='word_1_725' title='bbox 1638 5135 1768 5189; x_wconf 84' lang='grc' dir='ltr'><strong>Υἱοῦ</strong></span> <span class='ocrx_word' id='word_1_726' title='bbox 1799 5134 1895 5188; x_wconf 81' lang='grc' dir='ltr'><strong>καὶ</strong></span> 
     </span>
    </p>
   </div>
   <div class='ocr_carea' id='block_1_88' title="bbox 304 5222 1896 5305">
    <p class='ocr_par' dir='ltr' id='par_1_88' title="bbox 304 5222 1896 5305">
     <span class='ocr_line' id='line_1_88' title="bbox 304 5222 1896 5305; baseline -0.006 -19"><span class='ocrx_word' id='word_1_727' title='bbox 304 5233 400 5287; x_wconf 73' lang='grc' dir='ltr'>τοῦ</span> <span class='ocrx_word' id='word_1_728' title='bbox 427 5235 655 5305; x_wconf 79' lang='grc' dir='ltr'><em>Πατρός.</em></span> <span class='ocrx_word' id='word_1_729' title='bbox 696 5233 892 5301; x_wconf 73' lang='grc' dir='ltr'><em>Χαῖρε,</em></span> <span class='ocrx_word' id='word_1_730' title='bbox 943 5229 1405 5300; x_wconf 76' lang='grc' dir='ltr'><em>κεχαριτωμένη.</em></span> <span class='ocrx_word' id='word_1_731' title='bbox 1441 5230 1473 5281; x_wconf 86' lang='grc' dir='ltr'><em>ὀ</em></span> <span class='ocrx_word' id='word_1_732' title='bbox 1500 5228 1716 5294; x_wconf 86' lang='grc' dir='ltr'><em>Κύριος</em></span> <span class='ocrx_word' id='word_1_733' title='bbox 1743 5222 1896 5294; x_wconf 86' lang='grc' dir='ltr'><em>μετὰ</em></span> 
     </span>
    </p>
   </div>
   <div class='ocr_carea' id='block_1_89' title="bbox 305 5317 1892 5396">
    <p class='ocr_par' dir='ltr' id='par_1_89' title="bbox 305 5317 1892 5396">
     <span class='ocr_line' id='line_1_89' title="bbox 305 5317 1892 5396; baseline -0.008 -16"><span class='ocrx_word' id='word_1_734' title='bbox 305 5326 426 5380; x_wconf 83' lang='grc' dir='ltr'><strong>σοῦ</strong></span> <span class='ocrx_word' id='word_1_735' title='bbox 442 5344 455 5355; x_wconf 90' lang='grc'><strong>·</strong></span> <span class='ocrx_word' id='word_1_736' title='bbox 493 5325 619 5379; x_wconf 81' lang='grc' dir='ltr'><em>ίδοὺ</em></span> <span class='ocrx_word' id='word_1_737' title='bbox 646 5325 754 5396; x_wconf 79' lang='grc' dir='ltr'><strong>γὰρ</strong></span> <span class='ocrx_word' id='word_1_738' title='bbox 776 5323 1072 5393; x_wconf 46' lang='lat' dir='ltr'><strong>avitum)</strong></span> <span class='ocrx_word' id='word_1_739' title='bbox 1099 5323 1169 5377; x_wconf 86' lang='grc' dir='ltr'><em>ἐν</em></span> <span class='ocrx_word' id='word_1_740' title='bbox 1190 5320 1427 5390; x_wconf 75' lang='grc' dir='ltr'><em>γαστρὶ,</em></span> <span class='ocrx_word' id='word_1_741' title='bbox 1458 5319 1555 5372; x_wconf 80' lang='grc' dir='ltr'><em>καὶ</em></span> <span class='ocrx_word' id='word_1_742' title='bbox 1576 5318 1718 5385; x_wconf 79' lang='grc' dir='ltr'>τέξῃ</span> <span class='ocrx_word' id='word_1_743' title='bbox 1738 5317 1892 5369; x_wconf 81' lang='grc' dir='ltr'><em>υίόν.</em></span> 
     </span>
    </p>
   </div>
   <div class='ocr_carea' id='block_1_90' title="bbox 308 5411 1895 5491">
    <p class='ocr_par' dir='ltr' id='par_1_90' title="bbox 308 5411 1895 5491">
     <span class='ocr_line' id='line_1_90' title="bbox 308 5411 1895 5491; baseline -0.006 -19"><span class='ocrx_word' id='word_1_744' title='bbox 308 5419 425 5472; x_wconf 71' lang='grc' dir='ltr'><strong>Καὶ</strong></span> <span class='ocrx_word' id='word_1_745' title='bbox 442 5420 537 5487; x_wconf 86' lang='grc' dir='ltr'><strong>τῆς</strong></span> <span class='ocrx_word' id='word_1_746' title='bbox 556 5419 775 5491; x_wconf 67' lang='grc' dir='ltr'><em>Μαρίας</em></span> <span class='ocrx_word' id='word_1_747' title='bbox 797 5418 1085 5487; x_wconf 69' lang='grc' dir='ltr'><strong>λεγούσης*</strong></span> <span class='ocrx_word' id='word_1_748' title='bbox 1108 5416 1270 5469; x_wconf 86' lang='grc' dir='ltr'><em>Κατὰ</em></span> <span class='ocrx_word' id='word_1_749' title='bbox 1292 5415 1348 5469; x_wconf 83' lang='grc' dir='ltr'><strong>τί</strong></span> <span class='ocrx_word' id='word_1_750' title='bbox 1367 5411 1671 5482; x_wconf 74' lang='grc' dir='ltr'><em>γνώσομαι</em></span> <span class='ocrx_word' id='word_1_751' title='bbox 1694 5411 1895 5472; x_wconf 84' lang='grc' dir='ltr'><em>τοῦτο,</em></span> 
     </span>
    </p>
   </div>
   <div class='ocr_carea' id='block_1_91' title="bbox 1961 3136 3535 3210">
    <p class='ocr_par' dir='ltr' id='par_1_91' title="bbox 1961 3136 3535 3210">
     <span class='ocr_line' id='line_1_91' title="bbox 1961 3136 3535 3210; baseline -0.004 -13"><span class='ocrx_word' id='word_1_752' title='bbox 1961 3145 2109 3197; x_wconf 88' lang='lat' dir='ltr'><strong>ducet</strong></span> <span class='ocrx_word' id='word_1_753' title='bbox 2143 3145 2217 3210; x_wconf 82' lang='grc'><strong>¹¹;</strong></span> <span class='ocrx_word' id='word_1_754' title='bbox 2268 3143 2354 3195; x_wconf 81' lang='lat' dir='ltr'><strong>ubi</strong></span> <span class='ocrx_word' id='word_1_755' title='bbox 2387 3140 2592 3194; x_wconf 77' lang='lat' dir='ltr'><strong>Filius?</strong></span> <span class='ocrx_word' id='word_1_756' title='bbox 2627 3140 2777 3203; x_wconf 82' lang='lat' dir='ltr'><strong>Quod</strong></span> <span class='ocrx_word' id='word_1_757' title='bbox 2808 3137 2851 3191; x_wconf 82' lang='lat' dir='ltr'><strong>si</strong></span> <span class='ocrx_word' id='word_1_758' title='bbox 2892 3137 3056 3191; x_wconf 83' lang='lat' dir='ltr'><strong>David</strong></span> <span class='ocrx_word' id='word_1_759' title='bbox 3096 3137 3227 3190; x_wconf 79' lang='lat' dir='ltr'><strong>dicit.</strong></span> <span class='ocrx_word' id='word_1_760' title='bbox 3257 3155 3269 3190; x_wconf 89' lang='lat'><strong>:</strong></span> <span class='ocrx_word' id='word_1_761' title='bbox 3310 3136 3535 3191; x_wconf 84' lang='lat' dir='ltr'><strong>Emitles</strong></span> 
     </span>
    </p>
   </div>
   <div class='ocr_carea' id='block_1_92' title="bbox 1964 3225 3541 3303">
    <p class='ocr_par' dir='ltr' id='par_1_92' title="bbox 1964 3225 3541 3303">
     <span class='ocr_line' id='line_1_92' title="bbox 1964 3225 3541 3303; baseline -0.006 -13"><span class='ocrx_word' id='word_1_762' title='bbox 1964 3234 2220 3303; x_wconf 88' lang='lat' dir='ltr'><strong>Spiritum</strong></span> <span class='ocrx_word' id='word_1_763' title='bbox 2253 3242 2400 3286; x_wconf 88' lang='lat' dir='ltr'><strong>tuum</strong></span> <span class='ocrx_word' id='word_1_764' title='bbox 2427 3271 2443 3296; x_wconf 88' lang='lat'><strong>,</strong></span> <span class='ocrx_word' id='word_1_765' title='bbox 2474 3241 2522 3284; x_wconf 89' lang='lat' dir='ltr'><strong>et</strong></span> <span class='ocrx_word' id='word_1_766' title='bbox 2565 3230 2883 3283; x_wconf 78' lang='lat' dir='ltr'><strong>creabantur</strong></span> <span class='ocrx_word' id='word_1_767' title='bbox 2904 3267 2920 3291; x_wconf 91' lang='lat'><strong>,</strong></span> <span class='ocrx_word' id='word_1_768' title='bbox 2957 3239 3002 3281; x_wconf 91' lang='lat' dir='ltr'><strong>et</strong></span> <span class='ocrx_word' id='word_1_769' title='bbox 3035 3226 3305 3280; x_wconf 82' lang='lat' dir='ltr'><strong>renovabis</strong></span> <span class='ocrx_word' id='word_1_770' title='bbox 3347 3225 3541 3295; x_wconf 83' lang='lat' dir='ltr'><strong>faciem</strong></span> 
     </span>
    </p>
   </div>
   <div class='ocr_carea' id='block_1_93' title="bbox 1963 3315 3537 3388">
    <p class='ocr_par' dir='ltr' id='par_1_93' title="bbox 1963 3315 3537 3388">
     <span class='ocr_line' id='line_1_93' title="bbox 1963 3315 3537 3388; baseline -0.005 -10"><span class='ocrx_word' id='word_1_771' title='bbox 1963 3337 2116 3379; x_wconf 77' lang='lat' dir='ltr'><strong>terra:</strong></span> <span class='ocrx_word' id='word_1_772' title='bbox 2144 3324 2225 3388; x_wconf 80' lang='lat'><strong>&quot;;</strong></span> <span class='ocrx_word' id='word_1_773' title='bbox 2264 3322 2352 3377; x_wconf 87' lang='lat' dir='ltr'><strong>ubi</strong></span> <span class='ocrx_word' id='word_1_774' title='bbox 2384 3321 2592 3376; x_wconf 85' lang='lat' dir='ltr'><strong>Filius?</strong></span> <span class='ocrx_word' id='word_1_775' title='bbox 2621 3320 2750 3374; x_wconf 87' lang='lat' dir='ltr'><strong>Item</strong></span> <span class='ocrx_word' id='word_1_776' title='bbox 2783 3320 2826 3375; x_wconf 90' lang='lat' dir='ltr'><strong>si</strong></span> <span class='ocrx_word' id='word_1_777' title='bbox 2862 3319 2990 3373; x_wconf 89' lang='lat' dir='ltr'><strong>dicit</strong></span> <span class='ocrx_word' id='word_1_778' title='bbox 3021 3336 3035 3373; x_wconf 91' lang='lat'><strong>:</strong></span> <span class='ocrx_word' id='word_1_779' title='bbox 3076 3317 3193 3383; x_wconf 83' lang='lat' dir='ltr'><strong>Quo</strong></span> <span class='ocrx_word' id='word_1_780' title='bbox 3228 3319 3311 3371; x_wconf 89' lang='lat' dir='ltr'><strong>ibo</strong></span> <span class='ocrx_word' id='word_1_781' title='bbox 3346 3335 3377 3369; x_wconf 89' lang='lat' dir='ltr'><strong>a</strong></span> <span class='ocrx_word' id='word_1_782' title='bbox 3410 3315 3537 3386; x_wconf 86' lang='lat' dir='ltr'><strong>Spi-</strong></span> 
     </span>
    </p>
   </div>
   <div class='ocr_carea' id='block_1_94' title="bbox 1969 3405 3544 3483">
    <p class='ocr_par' dir='ltr' id='par_1_94' title="bbox 1969 3405 3544 3483">
     <span class='ocr_line' id='line_1_94' title="bbox 1969 3405 3544 3483; baseline -0.004 -14"><span class='ocrx_word' id='word_1_783' title='bbox 1969 3417 2074 3469; x_wconf 86' lang='lat' dir='ltr'><strong>ritu</strong></span> <span class='ocrx_word' id='word_1_784' title='bbox 2109 3426 2221 3480; x_wconf 89' lang='lat' dir='ltr'><strong>tuo,</strong></span> <span class='ocrx_word' id='word_1_785' title='bbox 2256 3426 2304 3467; x_wconf 90' lang='lat' dir='ltr'><strong>et</strong></span> <span class='ocrx_word' id='word_1_786' title='bbox 2349 3430 2452 3483; x_wconf 87' lang='lat' dir='ltr'><strong>quo</strong></span> <span class='ocrx_word' id='word_1_787' title='bbox 2485 3431 2514 3466; x_wconf 91' lang='lat' dir='ltr'><strong>a</strong></span> <span class='ocrx_word' id='word_1_788' title='bbox 2559 3413 2696 3481; x_wconf 77' lang='lat' dir='ltr'><strong>[acie</strong></span> <span class='ocrx_word' id='word_1_789' title='bbox 2727 3420 2818 3464; x_wconf 89' lang='lat' dir='ltr'><strong>tua</strong></span> <span class='ocrx_word' id='word_1_790' title='bbox 2862 3410 3064 3481; x_wconf 74' lang='lat' dir='ltr'><strong>fugiant</strong></span> <span class='ocrx_word' id='word_1_791' title='bbox 3097 3405 3177 3463; x_wconf 75' lang='lat' dir='ltr'><strong>&quot;i</strong></span> <span class='ocrx_word' id='word_1_792' title='bbox 3212 3408 3300 3463; x_wconf 87' lang='lat' dir='ltr'><strong>ubi</strong></span> <span class='ocrx_word' id='word_1_793' title='bbox 3335 3407 3544 3464; x_wconf 81' lang='lat' dir='ltr'><strong>Filius?</strong></span> 
     </span>
    </p>
   </div>
   <div class='ocr_carea' id='block_1_95' title="bbox 1966 3497 3544 3574">
    <p class='ocr_par' dir='ltr' id='par_1_95' title="bbox 1966 3497 3544 3574">
     <span class='ocr_line' id='line_1_95' title="bbox 1966 3497 3544 3574; baseline -0.004 -15"><span class='ocrx_word' id='word_1_794' title='bbox 1966 3508 2119 3574; x_wconf 86' lang='lat' dir='ltr'><strong>Quod</strong></span> <span class='ocrx_word' id='word_1_795' title='bbox 2148 3508 2193 3560; x_wconf 87' lang='lat' dir='ltr'><strong>si</strong></span> <span class='ocrx_word' id='word_1_796' title='bbox 2226 3506 2355 3561; x_wconf 85' lang='lat' dir='ltr'><strong>dicit</strong></span> <span class='ocrx_word' id='word_1_797' title='bbox 2384 3524 2398 3558; x_wconf 88' lang='lat'><strong>:</strong></span> <span class='ocrx_word' id='word_1_798' title='bbox 2447 3503 2536 3557; x_wconf 79' lang='lat' dir='ltr'><strong>Vn:</strong></span> <span class='ocrx_word' id='word_1_799' title='bbox 2578 3503 2675 3570; x_wconf 81' lang='lat' dir='ltr'><strong>ﬁlii</strong></span> <span class='ocrx_word' id='word_1_800' title='bbox 2712 3508 3017 3565; x_wconf 69' lang='lat' dir='ltr'><strong>desertoru,</strong></span> <span class='ocrx_word' id='word_1_801' title='bbox 3048 3500 3160 3554; x_wconf 75' lang='lat' dir='ltr'><strong>[nec</strong></span> <span class='ocrx_word' id='word_1_802' title='bbox 3192 3501 3316 3552; x_wconf 81' lang='lat' dir='ltr'><strong>dicit</strong></span> <span class='ocrx_word' id='word_1_803' title='bbox 3356 3497 3544 3552; x_wconf 83' lang='lat' dir='ltr'><strong>Domi-</strong></span> 
     </span>
    </p>
   </div>
   <div class='ocr_carea' id='block_1_96' title="bbox 1968 3588 3546 3658">
    <p class='ocr_par' dir='ltr' id='par_1_96' title="bbox 1968 3588 3546 3658">
     <span class='ocr_line' id='line_1_96' title="bbox 1968 3588 3546 3658; baseline -0.004 -10"><span class='ocrx_word' id='word_1_804' title='bbox 1968 3614 2065 3651; x_wconf 81' lang='lat' dir='ltr'><strong>nus</strong></span> <span class='ocrx_word' id='word_1_805' title='bbox 2090 3612 2109 3648; x_wconf 92' lang='lat'><strong>:</strong></span> <span class='ocrx_word' id='word_1_806' title='bbox 2141 3594 2361 3648; x_wconf 82' lang='lat' dir='ltr'><strong>Fecistis</strong></span> <span class='ocrx_word' id='word_1_807' title='bbox 2397 3592 2669 3646; x_wconf 79' lang='lat' dir='ltr'><strong>consilium</strong></span> <span class='ocrx_word' id='word_1_808' title='bbox 2696 3607 2800 3645; x_wconf 87' lang='lat' dir='ltr'><strong>non</strong></span> <span class='ocrx_word' id='word_1_809' title='bbox 2829 3607 2921 3658; x_wconf 89' lang='lat' dir='ltr'><strong>per</strong></span> <span class='ocrx_word' id='word_1_810' title='bbox 2951 3606 3053 3650; x_wconf 89' lang='lat' dir='ltr'><strong>me,</strong></span> <span class='ocrx_word' id='word_1_811' title='bbox 3085 3600 3130 3642; x_wconf 87' lang='lat' dir='ltr'><strong>et</strong></span> <span class='ocrx_word' id='word_1_812' title='bbox 3154 3588 3417 3658; x_wconf 83' lang='lat' dir='ltr'><strong>pactiones</strong></span> <span class='ocrx_word' id='word_1_813' title='bbox 3442 3603 3546 3641; x_wconf 79' lang='lat' dir='ltr'><strong>non</strong></span> 
     </span>
    </p>
   </div>
   <div class='ocr_carea' id='block_1_97' title="bbox 1966 3678 3542 3757">
    <p class='ocr_par' dir='ltr' id='par_1_97' title="bbox 1966 3678 3542 3757">
     <span class='ocr_line' id='line_1_97' title="bbox 1966 3678 3542 3757; baseline -0.005 -17"><span class='ocrx_word' id='word_1_814' title='bbox 1966 3704 2058 3757; x_wconf 87' lang='lat' dir='ltr'><strong>per</strong></span> <span class='ocrx_word' id='word_1_815' title='bbox 2090 3684 2345 3755; x_wconf 85' lang='lat' dir='ltr'><strong>Spiritum</strong></span> <span class='ocrx_word' id='word_1_816' title='bbox 2379 3698 2550 3736; x_wconf 86' lang='lat' dir='ltr'><strong>meum</strong></span> <span class='ocrx_word' id='word_1_817' title='bbox 2583 3683 2660 3743; x_wconf 75' lang='lat'><strong>“;</strong></span> <span class='ocrx_word' id='word_1_818' title='bbox 2702 3682 2788 3735; x_wconf 91' lang='lat' dir='ltr'><strong>ubi</strong></span> <span class='ocrx_word' id='word_1_819' title='bbox 2820 3680 3031 3735; x_wconf 85' lang='lat' dir='ltr'><strong>Filius?</strong></span> <span class='ocrx_word' id='word_1_820' title='bbox 3059 3679 3266 3732; x_wconf 78' lang='lat' dir='ltr'><strong>Rursus</strong></span> <span class='ocrx_word' id='word_1_821' title='bbox 3290 3678 3337 3733; x_wconf 88' lang='lat' dir='ltr'><strong>si</strong></span> <span class='ocrx_word' id='word_1_822' title='bbox 3373 3678 3542 3732; x_wconf 89' lang='lat' dir='ltr'><strong>dicit:</strong></span> 
     </span>
    </p>
   </div>
   <div class='ocr_carea' id='block_1_98' title="bbox 1970 3770 3545 3847">
    <p class='ocr_par' dir='ltr' id='par_1_98' title="bbox 1970 3770 3545 3847">
     <span class='ocr_line' id='line_1_98' title="bbox 1970 3770 3545 3847; baseline -0.005 -17"><span class='ocrx_word' id='word_1_823' title='bbox 1970 3779 2035 3830; x_wconf 75' lang='lat' dir='ltr'><strong>Et</strong></span> <span class='ocrx_word' id='word_1_824' title='bbox 2069 3779 2365 3847; x_wconf 85' lang='lat' dir='ltr'><strong>egredietur</strong></span> <span class='ocrx_word' id='word_1_825' title='bbox 2389 3776 2534 3844; x_wconf 83' lang='lat' dir='ltr'><strong>virga</strong></span> <span class='ocrx_word' id='word_1_826' title='bbox 2564 3776 2627 3826; x_wconf 85' lang='lat' dir='ltr'><strong>de</strong></span> <span class='ocrx_word' id='word_1_827' title='bbox 2660 3773 2836 3826; x_wconf 84' lang='lat' dir='ltr'><strong>radice</strong></span> <span class='ocrx_word' id='word_1_828' title='bbox 2862 3772 3029 3835; x_wconf 82' lang='lat' dir='ltr'><strong>Jesse,</strong></span> <span class='ocrx_word' id='word_1_829' title='bbox 3071 3781 3118 3824; x_wconf 88' lang='lat' dir='ltr'><strong>et</strong></span> <span class='ocrx_word' id='word_1_830' title='bbox 3144 3772 3244 3839; x_wconf 83' lang='lat' dir='ltr'><strong>[los</strong></span> <span class='ocrx_word' id='word_1_831' title='bbox 3268 3770 3332 3823; x_wconf 82' lang='lat' dir='ltr'><strong>de</strong></span> <span class='ocrx_word' id='word_1_832' title='bbox 3365 3770 3545 3822; x_wconf 80' lang='lat' dir='ltr'><strong>radice</strong></span> 
     </span>
    </p>
   </div>
   <div class='ocr_carea' id='block_1_99' title="bbox 1969 3861 3545 3935">
    <p class='ocr_par' dir='ltr' id='par_1_99' title="bbox 1969 3861 3545 3935">
     <span class='ocr_line' id='line_1_99' title="bbox 1969 3861 3545 3935; baseline -0.006 -13"><span class='ocrx_word' id='word_1_833' title='bbox 1969 3871 2234 3931; x_wconf 76' lang='lat' dir='ltr'><strong>ascendet,</strong></span> <span class='ocrx_word' id='word_1_834' title='bbox 2260 3877 2308 3921; x_wconf 90' lang='lat' dir='ltr'><strong>et</strong></span> <span class='ocrx_word' id='word_1_835' title='bbox 2347 3869 2624 3935; x_wconf 84' lang='lat' dir='ltr'><strong>requiescet</strong></span> <span class='ocrx_word' id='word_1_836' title='bbox 2657 3880 2813 3933; x_wconf 80' lang='lat' dir='ltr'><strong>super</strong></span> <span class='ocrx_word' id='word_1_837' title='bbox 2846 3880 2965 3917; x_wconf 84' lang='lat' dir='ltr'><strong>eum</strong></span> <span class='ocrx_word' id='word_1_838' title='bbox 3002 3862 3235 3931; x_wconf 87' lang='lat' dir='ltr'><strong>Spiritus</strong></span> <span class='ocrx_word' id='word_1_839' title='bbox 3269 3861 3545 3930; x_wconf 64' lang='lat' dir='ltr'><strong>sapientia</strong></span> 
     </span>
    </p>
   </div>
   <div class='ocr_carea' id='block_1_100' title="bbox 1969 3949 3548 4021">
    <p class='ocr_par' dir='ltr' id='par_1_100' title="bbox 1969 3949 3548 4021">
     <span class='ocr_line' id='line_1_100' title="bbox 1969 3949 3548 4021; baseline -0.006 -10"><span class='ocrx_word' id='word_1_840' title='bbox 1969 3971 2014 4011; x_wconf 91' lang='lat' dir='ltr'><strong>et</strong></span> <span class='ocrx_word' id='word_1_841' title='bbox 2045 3961 2363 4021; x_wconf 87' lang='lat' dir='ltr'><strong>intellectus,</strong></span> <span class='ocrx_word' id='word_1_842' title='bbox 2395 3954 2627 4020; x_wconf 85' lang='lat' dir='ltr'><strong>Spiritus</strong></span> <span class='ocrx_word' id='word_1_843' title='bbox 2656 3953 2865 4006; x_wconf 83' lang='lat' dir='ltr'><strong>consilii</strong></span> <span class='ocrx_word' id='word_1_844' title='bbox 2897 3965 2943 4006; x_wconf 88' lang='lat' dir='ltr'><strong>et</strong></span> <span class='ocrx_word' id='word_1_845' title='bbox 2973 3952 3325 4019; x_wconf 80' lang='lat' dir='ltr'><strong>fortitudinis,</strong></span> <span class='ocrx_word' id='word_1_846' title='bbox 3373 3949 3548 4016; x_wconf 83' lang='lat' dir='ltr'><strong>Spiri-</strong></span> 
     </span>
    </p>
   </div>
   <div class='ocr_carea' id='block_1_101' title="bbox 1971 4039 3547 4118">
    <p class='ocr_par' dir='ltr' id='par_1_101' title="bbox 1971 4039 3547 4118">
     <span class='ocr_line' id='line_1_101' title="bbox 1971 4039 3547 4118; baseline -0.006 -17"><span class='ocrx_word' id='word_1_847' title='bbox 1971 4059 2054 4103; x_wconf 89' lang='lat' dir='ltr'><strong>tus</strong></span> <span class='ocrx_word' id='word_1_848' title='bbox 2082 4046 2394 4118; x_wconf 87' lang='lat' dir='ltr'><strong>cognitionis</strong></span> <span class='ocrx_word' id='word_1_849' title='bbox 2431 4056 2478 4098; x_wconf 93' lang='lat' dir='ltr'><strong>et</strong></span> <span class='ocrx_word' id='word_1_850' title='bbox 2529 4044 2761 4113; x_wconf 87' lang='lat' dir='ltr'><strong>pietatis,</strong></span> <span class='ocrx_word' id='word_1_851' title='bbox 2801 4052 2849 4095; x_wconf 92' lang='lat' dir='ltr'><strong>et</strong></span> <span class='ocrx_word' id='word_1_852' title='bbox 2878 4043 3085 4108; x_wconf 87' lang='lat' dir='ltr'><strong>replebit</strong></span> <span class='ocrx_word' id='word_1_853' title='bbox 3115 4043 3282 4109; x_wconf 86' lang='lat' dir='ltr'><strong>ipsum</strong></span> <span class='ocrx_word' id='word_1_854' title='bbox 3314 4039 3547 4107; x_wconf 84' lang='lat' dir='ltr'><strong>Spiritus</strong></span> 
     </span>
    </p>
   </div>
   <div class='ocr_carea' id='block_1_102' title="bbox 1972 4130 3549 4202">
    <p class='ocr_par' dir='ltr' id='par_1_102' title="bbox 1972 4130 3549 4202">
     <span class='ocr_line' id='line_1_102' title="bbox 1972 4130 3549 4202; baseline -0.005 -11"><span class='ocrx_word' id='word_1_855' title='bbox 1972 4140 2174 4192; x_wconf 83' lang='lat' dir='ltr'><strong>timoris</strong></span> <span class='ocrx_word' id='word_1_856' title='bbox 2204 4138 2298 4192; x_wconf 89' lang='lat' dir='ltr'><strong>Dei</strong></span> <span class='ocrx_word' id='word_1_857' title='bbox 2324 4135 2366 4168; x_wconf 83' lang='grc'>¹⁸</span> <span class='ocrx_word' id='word_1_858' title='bbox 2394 4153 2409 4190; x_wconf 93' lang='lat'><strong>:</strong></span> <span class='ocrx_word' id='word_1_859' title='bbox 2443 4133 2713 4202; x_wconf 86' lang='lat' dir='ltr'><strong>quomodo</strong></span> <span class='ocrx_word' id='word_1_860' title='bbox 2738 4133 3001 4201; x_wconf 79' lang='lat' dir='ltr'><strong>separabo</strong></span> <span class='ocrx_word' id='word_1_861' title='bbox 3041 4131 3344 4200; x_wconf 85' lang='lat' dir='ltr'><strong>Spiritum?</strong></span> <span class='ocrx_word' id='word_1_862' title='bbox 3372 4130 3427 4185; x_wconf 91' lang='lat' dir='ltr'><strong>Si</strong></span> <span class='ocrx_word' id='word_1_863' title='bbox 3461 4130 3549 4184; x_wconf 81' lang='lat' dir='ltr'><strong>iti-</strong></span> 
     </span>
    </p>
   </div>
   <div class='ocr_carea' id='block_1_103' title="bbox 1967 4211 3544 4286">
    <p class='ocr_par' dir='ltr' id='par_1_103' title="bbox 1967 4211 3544 4286">
     <span class='ocr_line' id='line_1_103' title="bbox 1967 4211 3544 4286; baseline -0.008 -8"><span class='ocrx_word' id='word_1_864' title='bbox 1967 4223 2087 4279; x_wconf 88' lang='lat' dir='ltr'><strong>dem</strong></span> <span class='ocrx_word' id='word_1_865' title='bbox 2118 4221 2249 4276; x_wconf 87' lang='lat' dir='ltr'><strong>dicit</strong></span> <span class='ocrx_word' id='word_1_866' title='bbox 2280 4236 2294 4274; x_wconf 90' lang='lat'><strong>:</strong></span> <span class='ocrx_word' id='word_1_867' title='bbox 2338 4218 2568 4286; x_wconf 86' lang='lat' dir='ltr'><strong>Spiritus</strong></span> <span class='ocrx_word' id='word_1_868' title='bbox 2608 4217 2821 4272; x_wconf 89' lang='lat' dir='ltr'><strong>Domini</strong></span> <span class='ocrx_word' id='word_1_869' title='bbox 2846 4232 3003 4284; x_wconf 85' lang='lat' dir='ltr'><strong>super</strong></span> <span class='ocrx_word' id='word_1_870' title='bbox 3032 4230 3132 4278; x_wconf 89' lang='lat' dir='ltr'><strong>me,</strong></span> <span class='ocrx_word' id='word_1_871' title='bbox 3172 4222 3382 4281; x_wconf 87' lang='lat' dir='ltr'><strong>prapter</strong></span> <span class='ocrx_word' id='word_1_872' title='bbox 3403 4211 3544 4282; x_wconf 78' lang='lat' dir='ltr'><strong>quod</strong></span> 
     </span>
    </p>
   </div>
   <div class='ocr_carea' id='block_1_104' title="bbox 1969 4302 3546 4376">
    <p class='ocr_par' dir='ltr' id='par_1_104' title="bbox 1969 4302 3546 4376">
     <span class='ocr_line' id='line_1_104' title="bbox 1969 4302 3546 4376; baseline -0.006 -9"><span class='ocrx_word' id='word_1_873' title='bbox 1969 4312 2121 4368; x_wconf 61' lang='lat' dir='ltr'><strong>unxit</strong></span> <span class='ocrx_word' id='word_1_874' title='bbox 2152 4326 2272 4375; x_wconf 86' lang='lat' dir='ltr'><strong>me;</strong></span> <span class='ocrx_word' id='word_1_875' title='bbox 2312 4309 2456 4362; x_wconf 86' lang='lat' dir='ltr'><strong>misit</strong></span> <span class='ocrx_word' id='word_1_876' title='bbox 2497 4324 2579 4362; x_wconf 91' lang='lat' dir='ltr'><strong>me</strong></span> <span class='ocrx_word' id='word_1_877' title='bbox 2619 4316 2676 4361; x_wconf 88' lang='lat' dir='ltr'><strong>ut</strong></span> <span class='ocrx_word' id='word_1_878' title='bbox 2719 4306 3037 4376; x_wconf 86' lang='lat' dir='ltr'><strong>pauperibus</strong></span> <span class='ocrx_word' id='word_1_879' title='bbox 3069 4302 3489 4373; x_wconf 73' lang='lat' dir='ltr'><strong>evangelisarem</strong></span> <span class='ocrx_word' id='word_1_880' title='bbox 3525 4319 3546 4357; x_wconf 90' lang='lat'><strong>:</strong></span> 
     </span>
    </p>
   </div>
   <div class='ocr_carea' id='block_1_105' title="bbox 1968 4396 3551 4472">
    <p class='ocr_par' dir='ltr' id='par_1_105' title="bbox 1968 4396 3551 4472">
     <span class='ocr_line' id='line_1_105' title="bbox 1968 4396 3551 4472; baseline -0.005 -14"><span class='ocrx_word' id='word_1_881' title='bbox 1968 4414 2025 4458; x_wconf 87' lang='lat' dir='ltr'><strong>ut</strong></span> <span class='ocrx_word' id='word_1_882' title='bbox 2079 4401 2420 4472; x_wconf 80' lang='lat' dir='ltr'><strong>prtedicarent</strong></span> <span class='ocrx_word' id='word_1_883' title='bbox 2467 4401 2683 4466; x_wconf 84' lang='lat' dir='ltr'><strong>captivis</strong></span> <span class='ocrx_word' id='word_1_884' title='bbox 2733 4398 3122 4461; x_wconf 85' lang='lat' dir='ltr'><strong>remissionem,</strong></span> <span class='ocrx_word' id='word_1_885' title='bbox 3170 4404 3220 4450; x_wconf 90' lang='lat' dir='ltr'><strong>et</strong></span> <span class='ocrx_word' id='word_1_886' title='bbox 3261 4396 3413 4450; x_wconf 67' lang='lat' dir='ltr'><strong>circis</strong></span> <span class='ocrx_word' id='word_1_887' title='bbox 3469 4396 3551 4450; x_wconf 80' lang='lat' dir='ltr'><strong>vi-</strong></span> 
     </span>
    </p>
   </div>
   <div class='ocr_carea' id='block_1_106' title="bbox 1968 4484 3550 4560">
    <p class='ocr_par' dir='ltr' id='par_1_106' title="bbox 1968 4484 3550 4560">
     <span class='ocr_line' id='line_1_106' title="bbox 1968 4484 3550 4560; baseline -0.006 -12"><span class='ocrx_word' id='word_1_888' title='bbox 1968 4508 2082 4548; x_wconf 88' lang='lat' dir='ltr'><strong>sum</strong></span> <span class='ocrx_word' id='word_1_889' title='bbox 2109 4502 2150 4533; x_wconf 77' lang='grc' dir='ltr'><strong>ίσ</strong></span> <span class='ocrx_word' id='word_1_890' title='bbox 2183 4509 2196 4543; x_wconf 91' lang='lat'><strong>:</strong></span> <span class='ocrx_word' id='word_1_891' title='bbox 2223 4490 2495 4560; x_wconf 89' lang='lat' dir='ltr'><strong>quomodo</strong></span> <span class='ocrx_word' id='word_1_892' title='bbox 2521 4488 2785 4558; x_wconf 81' lang='lat' dir='ltr'><strong>separabo</strong></span> <span class='ocrx_word' id='word_1_893' title='bbox 2811 4484 3100 4556; x_wconf 83' lang='lat' dir='ltr'><strong>Spiritum?</strong></span> <span class='ocrx_word' id='word_1_894' title='bbox 3126 4485 3191 4539; x_wconf 89' lang='lat' dir='ltr'><strong>Et</strong></span> <span class='ocrx_word' id='word_1_895' title='bbox 3214 4498 3550 4554; x_wconf 61' lang='lat' dir='ltr'><strong>quaecunque</strong></span> 
     </span>
    </p>
   </div>
   <div class='ocr_carea' id='block_1_107' title="bbox 1968 4573 3548 4639">
    <p class='ocr_par' dir='ltr' id='par_1_107' title="bbox 1968 4573 3548 4639">
     <span class='ocr_line' id='line_1_107' title="bbox 1968 4573 3548 4639; baseline -0.006 -2"><span class='ocrx_word' id='word_1_896' title='bbox 1968 4584 2095 4639; x_wconf 86' lang='lat' dir='ltr'><strong>licet</strong></span> <span class='ocrx_word' id='word_1_897' title='bbox 2128 4597 2252 4637; x_wconf 90' lang='lat' dir='ltr'><strong>cum</strong></span> <span class='ocrx_word' id='word_1_898' title='bbox 2297 4581 2475 4636; x_wconf 88' lang='lat' dir='ltr'><strong>studio</strong></span> <span class='ocrx_word' id='word_1_899' title='bbox 2516 4594 2582 4634; x_wconf 79' lang='lat' dir='ltr'><strong>ac</strong></span> <span class='ocrx_word' id='word_1_900' title='bbox 2622 4578 2807 4633; x_wconf 85' lang='lat' dir='ltr'><strong>labore</strong></span> <span class='ocrx_word' id='word_1_901' title='bbox 2850 4578 3094 4633; x_wconf 86' lang='lat' dir='ltr'><strong>invenire</strong></span> <span class='ocrx_word' id='word_1_902' title='bbox 3134 4586 3244 4631; x_wconf 91' lang='lat' dir='ltr'><strong>tum</strong></span> <span class='ocrx_word' id='word_1_903' title='bbox 3292 4590 3323 4629; x_wconf 88' lang='lat' dir='ltr'><strong>e</strong></span> <span class='ocrx_word' id='word_1_904' title='bbox 3370 4573 3548 4628; x_wconf 85' lang='lat' dir='ltr'><strong>Veteri</strong></span> 
     </span>
    </p>
   </div>
   <div class='ocr_carea' id='block_1_108' title="bbox 1970 4665 3550 4744">
    <p class='ocr_par' dir='ltr' id='par_1_108' title="bbox 1970 4665 3550 4744">
     <span class='ocr_line' id='line_1_108' title="bbox 1970 4665 3550 4744; baseline -0.008 -14"><span class='ocrx_word' id='word_1_905' title='bbox 1970 4676 2275 4744; x_wconf 84' lang='lat' dir='ltr'><strong>Scriptura,</strong></span> <span class='ocrx_word' id='word_1_906' title='bbox 2309 4683 2419 4727; x_wconf 88' lang='lat' dir='ltr'><strong>tum</strong></span> <span class='ocrx_word' id='word_1_907' title='bbox 2464 4686 2495 4726; x_wconf 91' lang='lat' dir='ltr'><strong>e</strong></span> <span class='ocrx_word' id='word_1_908' title='bbox 2538 4671 2689 4726; x_wconf 69' lang='lat' dir='ltr'><strong>l‘tovo</strong></span> <span class='ocrx_word' id='word_1_909' title='bbox 2734 4668 3106 4733; x_wconf 85' lang='lat' dir='ltr'><strong>Testamento,</strong></span> <span class='ocrx_word' id='word_1_910' title='bbox 3141 4669 3207 4721; x_wconf 88' lang='lat' dir='ltr'><strong>de</strong></span> <span class='ocrx_word' id='word_1_911' title='bbox 3252 4665 3457 4732; x_wconf 90' lang='lat' dir='ltr'><strong>Spiritu</strong></span> <span class='ocrx_word' id='word_1_912' title='bbox 3495 4672 3550 4718; x_wconf 86' lang='lat' dir='ltr'><strong>et</strong></span> 
     </span>
    </p>
   </div>
   <div class='ocr_carea' id='block_1_109' title="bbox 1971 4756 3548 4831">
    <p class='ocr_par' dir='ltr' id='par_1_109' title="bbox 1971 4756 3548 4831">
     <span class='ocr_line' id='line_1_109' title="bbox 1971 4756 3548 4831; baseline -0.01 -9"><span class='ocrx_word' id='word_1_913' title='bbox 1971 4766 2109 4822; x_wconf 80' lang='lat' dir='ltr'><strong>Filio</strong></span> <span class='ocrx_word' id='word_1_914' title='bbox 2138 4775 2192 4820; x_wconf 89' lang='lat' dir='ltr'><strong>et</strong></span> <span class='ocrx_word' id='word_1_915' title='bbox 2232 4763 2412 4817; x_wconf 82' lang='lat' dir='ltr'><strong>Patre.</strong></span> <span class='ocrx_word' id='word_1_916' title='bbox 2445 4762 2567 4826; x_wconf 83' lang='lat' dir='ltr'><strong>Ave,</strong></span> <span class='ocrx_word' id='word_1_917' title='bbox 2610 4761 2784 4831; x_wconf 87' lang='lat' dir='ltr'><strong>gratia</strong></span> <span class='ocrx_word' id='word_1_918' title='bbox 2824 4759 3002 4828; x_wconf 88' lang='lat' dir='ltr'><strong>plena,</strong></span> <span class='ocrx_word' id='word_1_919' title='bbox 3041 4756 3296 4811; x_wconf 85' lang='lat' dir='ltr'><strong>Dominus</strong></span> <span class='ocrx_word' id='word_1_920' title='bbox 3327 4764 3496 4808; x_wconf 85' lang='lat' dir='ltr'><strong>tecum</strong></span> <span class='ocrx_word' id='word_1_921' title='bbox 3529 4768 3548 4807; x_wconf 91' lang='lat'><strong>:</strong></span> 
     </span>
    </p>
   </div>
   <div class='ocr_carea' id='block_1_110' title="bbox 1969 4846 3552 4919">
    <p class='ocr_par' dir='ltr' id='par_1_110' title="bbox 1969 4846 3552 4919">
     <span class='ocr_line' id='line_1_110' title="bbox 1969 4846 3552 4919; baseline -0.009 -4"><span class='ocrx_word' id='word_1_922' title='bbox 1969 4876 2083 4915; x_wconf 87' lang='lat' dir='ltr'><strong>ecce</strong></span> <span class='ocrx_word' id='word_1_923' title='bbox 2112 4859 2249 4914; x_wconf 87' lang='lat' dir='ltr'><strong>enim</strong></span> <span class='ocrx_word' id='word_1_924' title='bbox 2278 4856 2621 4919; x_wconf 42' lang='lat' dir='ltr'><strong>concipies‘in</strong></span> <span class='ocrx_word' id='word_1_925' title='bbox 2661 4864 2839 4915; x_wconf 90' lang='lat' dir='ltr'><strong>utero,</strong></span> <span class='ocrx_word' id='word_1_926' title='bbox 2885 4861 2933 4905; x_wconf 92' lang='lat' dir='ltr'><strong>et</strong></span> <span class='ocrx_word' id='word_1_927' title='bbox 2963 4849 3135 4918; x_wconf 82' lang='lat' dir='ltr'><strong>paries</strong></span> <span class='ocrx_word' id='word_1_928' title='bbox 3174 4846 3345 4916; x_wconf 77' lang='lat' dir='ltr'><strong>filium</strong></span> <span class='ocrx_word' id='word_1_929' title='bbox 3386 4848 3446 4901; x_wconf 86' lang='lat'><strong>&quot;.</strong></span> <span class='ocrx_word' id='word_1_930' title='bbox 3484 4846 3552 4900; x_wconf 84' lang='lat' dir='ltr'><strong>Et</strong></span> 
     </span>
    </p>
   </div>
   <div class='ocr_carea' id='block_1_111' title="bbox 1972 4934 3554 5006">
    <p class='ocr_par' dir='ltr' id='par_1_111' title="bbox 1972 4934 3554 5006">
     <span class='ocr_line' id='line_1_111' title="bbox 1972 4934 3554 5006; baseline -0.011 -2"><span class='ocrx_word' id='word_1_931' title='bbox 1972 4965 2094 5004; x_wconf 82' lang='lat' dir='ltr'><strong>cum</strong></span> <span class='ocrx_word' id='word_1_932' title='bbox 2155 4946 2327 5002; x_wconf 83' lang='lat' dir='ltr'><strong>Maria</strong></span> <span class='ocrx_word' id='word_1_933' title='bbox 2381 4947 2582 5002; x_wconf 86' lang='lat' dir='ltr'><strong>diceret</strong></span> <span class='ocrx_word' id='word_1_934' title='bbox 2626 4962 2640 4998; x_wconf 88' lang='lat'><strong>:</strong></span> <span class='ocrx_word' id='word_1_935' title='bbox 2706 4941 2978 5006; x_wconf 86' lang='lat' dir='ltr'><strong>Quomodo</strong></span> <span class='ocrx_word' id='word_1_936' title='bbox 3023 4952 3330 5006; x_wconf 86' lang='lat' dir='ltr'><strong>cognoscam</strong></span> <span class='ocrx_word' id='word_1_937' title='bbox 3376 4934 3554 5000; x_wconf 85' lang='lat' dir='ltr'><strong>istud,</strong></span> 
     </span>
    </p>
   </div>
   <div class='ocr_carea' id='block_1_112' title="bbox 1974 5026 3550 5112">
    <p class='ocr_par' dir='ltr' id='par_1_112' title="bbox 1974 5026 3550 5112">
     <span class='ocr_line' id='line_1_112' title="bbox 1974 5026 3550 5112; baseline -0.008 -19"><span class='ocrx_word' id='word_1_938' title='bbox 1974 5038 2397 5112; x_wconf 81' lang='lat' dir='ltr'><strong>quandoquidem</strong></span> <span class='ocrx_word' id='word_1_939' title='bbox 2421 5038 2588 5090; x_wconf 78' lang='lat' dir='ltr'><strong>uirum</strong></span> <span class='ocrx_word' id='word_1_940' title='bbox 2616 5049 2717 5087; x_wconf 89' lang='lat' dir='ltr'><strong>non</strong></span> <span class='ocrx_word' id='word_1_941' title='bbox 2741 5029 3038 5099; x_wconf 80' lang='lat' dir='ltr'><strong>cognosco?</strong></span> <span class='ocrx_word' id='word_1_942' title='bbox 3058 5029 3188 5082; x_wconf 88' lang='lat' dir='ltr'><strong>dicit</strong></span> <span class='ocrx_word' id='word_1_943' title='bbox 3214 5028 3260 5081; x_wconf 90' lang='lat' dir='ltr'><strong>ei</strong></span> <span class='ocrx_word' id='word_1_944' title='bbox 3284 5026 3508 5098; x_wconf 80' lang='lat' dir='ltr'><strong>angelus</strong></span> <span class='ocrx_word' id='word_1_945' title='bbox 3535 5043 3550 5080; x_wconf 92' lang='lat'><strong>:</strong></span> 
     </span>
    </p>
   </div>
   <div class='ocr_carea' id='block_1_113' title="bbox 1975 5118 3553 5202">
    <p class='ocr_par' dir='ltr' id='par_1_113' title="bbox 1975 5118 3553 5202">
     <span class='ocr_line' id='line_1_113' title="bbox 1975 5118 3553 5202; baseline -0.011 -15"><span class='ocrx_word' id='word_1_946' title='bbox 1975 5134 2210 5202; x_wconf 82' lang='lat' dir='ltr'><strong>Spiritus</strong></span> <span class='ocrx_word' id='word_1_947' title='bbox 2243 5138 2457 5183; x_wconf 83' lang='lat' dir='ltr'><strong>sanctus</strong></span> <span class='ocrx_word' id='word_1_948' title='bbox 2486 5124 2801 5189; x_wconf 82' lang='lat' dir='ltr'><strong>superveniet</strong></span> <span class='ocrx_word' id='word_1_949' title='bbox 2828 5122 2881 5174; x_wconf 85' lang='lat' dir='ltr'><strong>in</strong></span> <span class='ocrx_word' id='word_1_950' title='bbox 2918 5131 2986 5187; x_wconf 90' lang='lat' dir='ltr'><strong>te,</strong></span> <span class='ocrx_word' id='word_1_951' title='bbox 3018 5131 3063 5174; x_wconf 88' lang='lat' dir='ltr'><strong>et</strong></span> <span class='ocrx_word' id='word_1_952' title='bbox 3095 5120 3258 5174; x_wconf 79' lang='lat' dir='ltr'><strong>uirtus</strong></span> <span class='ocrx_word' id='word_1_953' title='bbox 3299 5118 3553 5171; x_wconf 85' lang='lat' dir='ltr'><strong>Altissimi</strong></span> 
     </span>
    </p>
   </div>
   <div class='ocr_carea' id='block_1_114' title="bbox 1976 5209 3553 5282">
    <p class='ocr_par' dir='ltr' id='par_1_114' title="bbox 1976 5209 3553 5282">
     <span class='ocr_line' id='line_1_114' title="bbox 1976 5209 3553 5282; baseline -0.01 -5"><span class='ocrx_word' id='word_1_954' title='bbox 1976 5221 2303 5277; x_wconf 87' lang='lat' dir='ltr'><strong>obumbrabit</strong></span> <span class='ocrx_word' id='word_1_955' title='bbox 2335 5220 2429 5273; x_wconf 87' lang='lat' dir='ltr'><strong>tibi</strong></span> <span class='ocrx_word' id='word_1_956' title='bbox 2459 5218 2522 5271; x_wconf 76' lang='grc' dir='ltr'><strong>η.</strong></span> <span class='ocrx_word' id='word_1_957' title='bbox 2550 5215 2616 5271; x_wconf 83' lang='grc' dir='ltr'><em>Ει</em></span> <span class='ocrx_word' id='word_1_958' title='bbox 2649 5229 2838 5269; x_wconf 89' lang='lat' dir='ltr'><strong>rursus</strong></span> <span class='ocrx_word' id='word_1_959' title='bbox 2860 5214 2998 5268; x_wconf 90' lang='lat' dir='ltr'><strong>idem</strong></span> <span class='ocrx_word' id='word_1_960' title='bbox 3028 5212 3248 5282; x_wconf 76' lang='lat' dir='ltr'><strong>angelus</strong></span> <span class='ocrx_word' id='word_1_961' title='bbox 3275 5211 3341 5265; x_wconf 90' lang='lat' dir='ltr'><strong>ad</strong></span> <span class='ocrx_word' id='word_1_962' title='bbox 3358 5209 3553 5276; x_wconf 84' lang='lat' dir='ltr'><strong>Josepb</strong></span> 
     </span>
    </p>
   </div>
   <div class='ocr_carea' id='block_1_115' title="bbox 1978 5304 3550 5377">
    <p class='ocr_par' dir='ltr' id='par_1_115' title="bbox 1978 5304 3550 5377">
     <span class='ocr_line' id='line_1_115' title="bbox 1978 5304 3550 5377; baseline -0.014 -7"><span class='ocrx_word' id='word_1_963' title='bbox 1978 5316 2110 5370; x_wconf 86' lang='lat' dir='ltr'><strong>dicit</strong></span> <span class='ocrx_word' id='word_1_964' title='bbox 2141 5337 2151 5368; x_wconf 87' lang='lat'><strong>:</strong></span> <span class='ocrx_word' id='word_1_965' title='bbox 2192 5310 2274 5365; x_wconf 87' lang='lat' dir='ltr'><strong>Ne</strong></span> <span class='ocrx_word' id='word_1_966' title='bbox 2305 5311 2487 5364; x_wconf 89' lang='lat' dir='ltr'><strong>timeas</strong></span> <span class='ocrx_word' id='word_1_967' title='bbox 2517 5307 2751 5377; x_wconf 86' lang='lat' dir='ltr'><strong>accipere</strong></span> <span class='ocrx_word' id='word_1_968' title='bbox 2788 5304 3018 5360; x_wconf 83' lang='lat' dir='ltr'><strong>Mariam</strong></span> <span class='ocrx_word' id='word_1_969' title='bbox 3051 5305 3326 5371; x_wconf 86' lang='lat' dir='ltr'><strong>conjugem</strong></span> <span class='ocrx_word' id='word_1_970' title='bbox 3358 5310 3502 5351; x_wconf 87' lang='lat' dir='ltr'><strong>tuum</strong></span> <span class='ocrx_word' id='word_1_971' title='bbox 3531 5312 3550 5358; x_wconf 84' lang='lat'><strong><em>;</em></strong></span> 
     </span>
    </p>
   </div>
   <div class='ocr_carea' id='block_1_116' title="bbox 1978 5387 3556 5471">
    <p class='ocr_par' dir='ltr' id='par_1_116' title="bbox 1978 5387 3556 5471">
     <span class='ocr_line' id='line_1_116' title="bbox 1978 5387 3556 5471; baseline -0.013 -12"><span class='ocrx_word' id='word_1_972' title='bbox 1978 5422 2098 5459; x_wconf 82' lang='lat' dir='ltr'><strong>nam</strong></span> <span class='ocrx_word' id='word_1_973' title='bbox 2141 5404 2279 5471; x_wconf 79' lang='lat' dir='ltr'><strong>quod</strong></span> <span class='ocrx_word' id='word_1_974' title='bbox 2322 5403 2380 5455; x_wconf 88' lang='lat' dir='ltr'><strong>in</strong></span> <span class='ocrx_word' id='word_1_975' title='bbox 2426 5417 2488 5455; x_wconf 89' lang='lat' dir='ltr'><strong><em>ea</em></strong></span> <span class='ocrx_word' id='word_1_976' title='bbox 2524 5410 2830 5467; x_wconf 88' lang='lat' dir='ltr'><strong>conceptum</strong></span> <span class='ocrx_word' id='word_1_977' title='bbox 2881 5407 2993 5462; x_wconf 84' lang='lat' dir='ltr'><strong>est,</strong></span> <span class='ocrx_word' id='word_1_978' title='bbox 3043 5413 3075 5447; x_wconf 92' lang='lat' dir='ltr'><strong>a</strong></span> <span class='ocrx_word' id='word_1_979' title='bbox 3115 5387 3321 5461; x_wconf 84' lang='lat' dir='ltr'><strong>Spiritu</strong></span> <span class='ocrx_word' id='word_1_980' title='bbox 3373 5398 3556 5441; x_wconf 87' lang='lat' dir='ltr'><strong>sancto</strong></span> 
     </span>
    </p>
   </div>
   <div class='ocr_carea' id='block_1_117' title="bbox 392 5555 1867 5652">
    <p class='ocr_par' dir='ltr' id='par_1_117' title="bbox 392 5575 1867 5652">
     <span class='ocr_line' id='line_1_117' title="bbox 392 5575 1867 5652; baseline -0.008 -10"><span class='ocrx_word' id='word_1_981' title='bbox 392 5588 407 5617; x_wconf 82' lang='grc'>¹</span> <span class='ocrx_word' id='word_1_982' title='bbox 436 5586 569 5643; x_wconf 60' lang='lat' dir='ltr'><strong>Gen.</strong></span> <span class='ocrx_word' id='word_1_983' title='bbox 600 5603 711 5652; x_wconf 73' lang='lat' dir='ltr'><strong>xu,</strong></span> <span class='ocrx_word' id='word_1_984' title='bbox 735 5586 829 5642; x_wconf 53' lang='grc' dir='ltr'>ἂι..</span> <span class='ocrx_word' id='word_1_985' title='bbox 902 5587 923 5617; x_wconf 77' lang='grc'>⁸</span> <span class='ocrx_word' id='word_1_986' title='bbox 959 5580 1002 5637; x_wconf 83' lang='lat' dir='ltr'><strong>ll</strong></span> <span class='ocrx_word' id='word_1_987' title='bbox 1035 5581 1174 5637; x_wconf 85' lang='lat' dir='ltr'><strong>Tun.</strong></span> <span class='ocrx_word' id='word_1_988' title='bbox 1207 5597 1245 5647; x_wconf 78' lang='grc' dir='ltr'><strong>ι,</strong></span> <span class='ocrx_word' id='word_1_989' title='bbox 1274 5583 1359 5638; x_wconf 81' lang='grc'><strong>18.</strong></span> <span class='ocrx_word' id='word_1_990' title='bbox 1436 5581 1458 5612; x_wconf 84' lang='grc'>³</span> <span class='ocrx_word' id='word_1_991' title='bbox 1485 5579 1625 5652; x_wconf 54' lang='lat' dir='ltr'><strong>Joel:</strong></span> <span class='ocrx_word' id='word_1_992' title='bbox 1654 5596 1711 5644; x_wconf 84' lang='lat' dir='ltr'><strong>ll,</strong></span> 
     </span>
    </p>
   </div>
   <div class='ocr_carea' id='block_1_118' title="bbox 1962 5555 3547 5652">
    <p class='ocr_par' dir='ltr' id='par_1_118' title="bbox 1986 5555 3547 5652">
     <span class='ocr_line' id='line_1_118' title="bbox 1986 5555 3547 5652; baseline -0.01 -27"><span class='ocrx_word' id='word_1_993' title='bbox 1986 5575 2090 5628; x_wconf 88' lang='lat' dir='ltr'><strong>lsa.</strong></span> <span class='ocrx_word' id='word_1_994' title='bbox 2135 5572 2400 5652; x_wconf 44' lang='grc' dir='ltr'><strong>ξικινλὶβἶ</strong></span> <span class='ocrx_word' id='word_1_995' title='bbox 2430 5569 2512 5624; x_wconf 85' lang='lat' dir='ltr'><strong>l6.</strong></span> <span class='ocrx_word' id='word_1_996' title='bbox 2589 5569 2609 5599; x_wconf 81' lang='grc'><strong><em>⁸</em></strong></span> <span class='ocrx_word' id='word_1_997' title='bbox 2650 5565 2754 5652; x_wconf 51' lang='lat' dir='ltr'><strong>Insa.</strong></span> <span class='ocrx_word' id='word_1_998' title='bbox 2790 5561 3130 5652; x_wconf 38' lang='lat' dir='ltr'><strong>tvm-1&#39;61:</strong></span> <span class='ocrx_word' id='word_1_999' title='bbox 3166 5555 3547 5652; x_wconf 29' lang='lat' dir='ltr'><strong>gaiufklﬁ.</strong></span> 
     </span>
    </p>
   </div>
   <div class='ocr_carea' id='block_1_119' title="bbox 306 5625 1867 5719">
    <p class='ocr_par' dir='ltr' id='par_1_119' title="bbox 306 5625 1867 5719">
     <span class='ocr_line' id='line_1_119' title="bbox 306 5625 1867 5719; baseline -0.002 -12"><span class='ocrx_word' id='word_1_1000' title='bbox 306 5658 332 5686; x_wconf 69' lang='grc' dir='ltr'>τ</span> <span class='ocrx_word' id='word_1_1001' title='bbox 352 5625 863 5711; x_wconf 55' lang='grc' dir='ltr'><strong>ῑιιίάῗ’ἱξ.”’ἶ’ἔζςῖι.</strong></span> <span class='ocrx_word' id='word_1_1002' title='bbox 896 5625 1066 5719; x_wconf 58' lang='lat' dir='ltr'><strong>(IX-1:&quot;:</strong></span> <span class='ocrx_word' id='word_1_1003' title='bbox 1270 5625 1460 5707; x_wconf 56' lang='lat' dir='ltr'><strong>&#39;“i’sal.</strong></span> <span class='ocrx_word' id='word_1_1004' title='bbox 1734 5625 1867 5719; x_wconf 59' lang='grc' dir='ltr'><strong>αὖοι</strong></span> 
     </span>
    </p>
   </div>
   <div class='ocr_carea' id='block_1_120' title="bbox 1962 5625 3546 5719">
    <p class='ocr_par' dir='ltr' id='par_1_120' title="bbox 1962 5625 3546 5719">
     <span class='ocr_line' id='line_1_120' title="bbox 1962 5625 3546 5719; baseline -0.009 6"><span class='ocrx_word' id='word_1_1005' title='bbox 1962 5625 2183 5719; x_wconf 54' lang='lat' dir='ltr'><strong>“M-</strong></span> <span class='ocrx_word' id='word_1_1006' title='bbox 2231 5625 2705 5719; x_wconf 57' lang='grc' dir='ltr'><strong>..ίὶιέιὶνξκξρτὲ</strong></span> <span class='ocrx_word' id='word_1_1007' title='bbox 2790 5625 3254 5719; x_wconf 62' lang='grc' dir='ltr'><strong>¹ῖ.ιῒὲτξ¹,·ο]ῑ¹οὲ9·</strong></span> <span class='ocrx_word' id='word_1_1008' title='bbox 3334 5625 3546 5682; x_wconf 58' lang='lat' dir='ltr'><strong>&quot;Psal-</strong></span> 
     </span>
    </p>
   </div>
   <div class='ocr_carea' id='block_1_121' title="bbox 321 5700 1867 5791">
    <p class='ocr_par' dir='ltr' id='par_1_121' title="bbox 321 5700 1860 5791">
     <span class='ocr_line' id='line_1_121' title="bbox 321 5700 1860 5791; baseline -0.004 -12"><span class='ocrx_word' id='word_1_1009' title='bbox 321 5741 570 5791; x_wconf 76' lang='lat' dir='ltr'><strong>cuxvtu,</strong></span> <span class='ocrx_word' id='word_1_1010' title='bbox 598 5727 648 5784; x_wconf 86' lang='lat'><strong>7.</strong></span> <span class='ocrx_word' id='word_1_1011' title='bbox 729 5725 769 5757; x_wconf 77' lang='lat'><strong><em>&quot;</em></strong></span> <span class='ocrx_word' id='word_1_1012' title='bbox 801 5727 902 5783; x_wconf 87' lang='lat' dir='ltr'><strong>lsa.</strong></span> <span class='ocrx_word' id='word_1_1013' title='bbox 933 5700 1063 5790; x_wconf 63' lang='lat' dir='ltr'><strong>xxx:</strong></span> <span class='ocrx_word' id='word_1_1014' title='bbox 1088 5724 1138 5777; x_wconf 87' lang='lat' dir='ltr'><strong>l.</strong></span> <span class='ocrx_word' id='word_1_1015' title='bbox 1222 5724 1261 5753; x_wconf 74' lang='grc'><strong>’⁸</strong></span> <span class='ocrx_word' id='word_1_1016' title='bbox 1295 5723 1396 5777; x_wconf 85' lang='lat' dir='ltr'><strong>lsa.</strong></span> <span class='ocrx_word' id='word_1_1017' title='bbox 1434 5738 1508 5787; x_wconf 72' lang='lat' dir='ltr'><strong>XI,</strong></span> <span class='ocrx_word' id='word_1_1018' title='bbox 1543 5719 1659 5776; x_wconf 78' lang='grc'><strong>1-5.</strong></span> <span class='ocrx_word' id='word_1_1019' title='bbox 1741 5718 1783 5750; x_wconf 67' lang='grc'><strong>³⁸</strong></span> <span class='ocrx_word' id='word_1_1020' title='bbox 1814 5719 1860 5773; x_wconf 84' lang='lat' dir='ltr'><strong>Is</strong></span> 
     </span>
    </p>
   </div>
   <div class='ocr_carea' id='block_1_122' title="bbox 1962 5700 3247 5791">
    <p class='ocr_par' dir='ltr' id='par_1_122' title="bbox 1962 5700 3247 5789">
     <span class='ocr_line' id='line_1_122' title="bbox 1962 5700 3247 5789; baseline -0.012 -20"><span class='ocrx_word' id='word_1_1021' title='bbox 1962 5732 2060 5779; x_wconf 73' lang='lat' dir='ltr'><strong>LXI,</strong></span> <span class='ocrx_word' id='word_1_1022' title='bbox 2098 5700 2150 5767; x_wconf 80' lang='lat'><strong>&#39;1.</strong></span> <span class='ocrx_word' id='word_1_1023' title='bbox 2186 5786 2187 5789; x_wconf 8' lang='grc' dir='ltr'><strong>γ</strong></span> <span class='ocrx_word' id='word_1_1024' title='bbox 2231 5712 2269 5743; x_wconf 83' lang='grc' dir='ltr'><em>ιτ</em></span> <span class='ocrx_word' id='word_1_1025' title='bbox 2298 5713 2429 5768; x_wconf 70' lang='lat' dir='ltr'><strong>Luc.</strong></span> <span class='ocrx_word' id='word_1_1026' title='bbox 2463 5709 2615 5772; x_wconf 68' lang='lat'><strong>1,23,</strong></span> <span class='ocrx_word' id='word_1_1027' title='bbox 2649 5707 2737 5761; x_wconf 68' lang='grc' dir='ltr'><strong>δι.</strong></span> <span class='ocrx_word' id='word_1_1028' title='bbox 2817 5703 3015 5757; x_wconf 73' lang='lat' dir='ltr'><strong>&quot;ibid.</strong></span> <span class='ocrx_word' id='word_1_1029' title='bbox 3046 5703 3132 5767; x_wconf 73' lang='grc' dir='ltr'><em>δι,</em></span> <span class='ocrx_word' id='word_1_1030' title='bbox 3160 5700 3247 5755; x_wconf 77' lang='grc'><strong>55.</strong></span> 
     </span>
    </p>
   </div>
  </div>
