4078 6292
349 299 457 362 7-H

361 409 463 461 τοῦ
501 404 637 458 Θεοῦ
676 404 778 454 εἰσι
807 401 983 468 λόγια·
1041 399 1240 468 ὁμοίως
1267 403 1360 451 καὶ
1386 400 1454 450 τὰ
1484 401 1577 451 τοῦ
1619 401 1765 453 Υἱοῦ.

353 501 522 552 τοῦτο
555 497 672 548 οὐδὲ
700 495 869 556 ὁΥίὶς
901 492 1051 543 λαλεί
1080 490 1170 559 ἀφ’
1191 492 1405 544 ἑαυτοῦ.
1451 491 1511 545 ’0
1544 493 1650 562 γὰρ
1683 494 1919 561 πέμψας

346 609 450 660 με,
478 589 634 658 φησὶ,
671 585 892 653 Πατὴρ,
928 583 1158 649 ἐκεῖνός
1189 601 1290 652 μοι
1324 579 1454 636 εἷπε
1479 586 1534 638 τί
1559 587 1704 638 εἴπω
1749 586 1847 639 καὶ
1873 589 1928 639 τί

345 691 394 738 ,ι
403 684 634 749 ultimm

365 867 483 920 Τοῦ
508 863 697 917 αὑτοῦ
729 862 797 913 ἐκ
832 861 952 913 τῶν
977 860 1126 927 πρὸς
1170 862 1561 930 ’Λμέςιλόχιον
1611 860 1928 927 τριάκοντα

428 936 796 1004 ngrata/tor,
833 934 1159 997 κεφάλαιον
1187 931 1251 1004 ρ’.
1275 933 1331 1004 Ἀ
1341 931 1676 1004 saepto-texui
1689 930 1926 1004 ἔννοιαι

432 1000 566 1070 ,πέρι
620 1005 726 1056 τοῦ
768 1003 1111 1066 Πνεύματος
1136 1001 1210 1069 τῇ
1240 1003 1356 1053 τῶν
1380 1000 1636 1069 Γριιφών
1667 1003 1929 1054 ἀκολου·-

430 1083 498 1131 00
507 1076 645 1127 ῡσηι
681 1073 1067 1138 διδασκαλίᾳ.

574 1162 709 1231 Ἤδη
755 1161 811 1213 δὲ
839 1160 932 1213 καὶ
976 1159 1221 1232 περὶτοῦ
1258 1161 1574 1232 Πνεύματος
1622 1162 1721 1224 τὰς
1767 1162 1946 1225 κοινὰς

355 1252 525 1322 ἡμῶν
557 1252 765 1314 ἐννοίας
794 1251 974 1304 ὁποῖαί
1006 1251 1151 1314 τινές
1195 1254 1330 1304 εἰσιν
1361 1253 1727 1322 ἐξετάσωμεν,
1759 1252 1856 1314 τάς
1890 1267 1949 1304 τε

360 1347 435 1397 ἐκ
463 1345 570 1396 τῶν
611 1343 840 1414 Γραφῶν
881 1344 1008 1413 περὶ
1045 1341 1209 1395 αὑτοῦ
1258 1343 1618 1413 συναχθείσας
1661 1346 1813 1414 ἡμῖν,
1856 1344 1950 1397 καὶ

353 1435 435 1498 ἃς
459 1437 522 1487 ἐκ
555 1434 653 1502 τῆς
686 1434 936 1502 ἀγράφου
970 1432 1322 1502 παραδόσεως
1350 1432 1460 1485 τῶν
1495 1433 1753 1504 Πατέρων
1785 1431 1948 1484 διεδε-

359 1526 599 1595 ξὰμεοα.
633 1525 858 1596 Πρῶτον
891 1526 988 1593 μὲν
1041 1521 1164 1588 οὖν,
1211 1525 1323 1587 τίς,
1359 1525 1599 1588 ἀκούσας
1627 1525 1737 1576 τῶν
1780 1540 1950 1593 προσ-ο

355 1617 607 1688 ηγοριῶν
637 1615 730 1669 τοῦ
777 1615 1130 1686 Πνεύματος,
1167 1616 1228 1668 οὐ
1269 1616 1606 1670 διανίσταται
1655 1619 1722 1686 τῇ
1763 1615 1946 1686 ψυχῇ,

355 1709 468 1761 καὶ
492 1708 624 1777 πρὸς
657 1707 756 1778 τὴν
777 1707 1037 1759 ἀνωτάτω
1065 1707 1227 1776 φύσιν
1263 1707 1362 1776 τὴν
1397 1707 1606 1760 ἔννοιαν
1627 1707 1944 1778 ὑπεραίρει;

357 1797 590 1866 Πνεῦμα
611 1797 721 1866 γὰρ
745 1793 879 1848 Θεοῦ
905 1797 1145 1866 εἴρηται,
1178 1796 1272 1848 καὶ
1295 1795 1518 1865 Πνεῦμα
1547 1797 1645 1866 τῆς
1668 1795 1946 1864 ἀληθείας,

352 1890 393 1941 ὃ
447 1888 595 1960 παρὰ
644 1887 738 1940 τοῦ
790 1887 1002 1957 Πατρὶς
1050 1886 1445 1958 ἐκπορεύεται·
1485 1886 1709 1958 Πνεῦμα
1760 1889 1948 1951 εὑϐἐς,

358 1982 591 2050 Πνεῦμα
637 1980 984 2050 ἡγεμονικόν.
1202 1981 1426 2051 Πνεῦμα
1487 1981 1640 2049 ἆγιον
1698 1983 1730 2052 ἡ
1785 1979 1948 2051 κυρία

357 2072 534 2127 αὑτοῦ
568 2072 660 2124 κα)⁸
692 2071 967 2135 ίδιάςουσα
996 2072 1212 2141 κλῆσις·
1251 2073 1388 2144 ὅπερ
1428 2075 1491 2142 δὴ
1544 2073 1779 2143 μάλιστα
1815 2091 1950 2125 παν-

357 2165 462 2226 τὸς
626 2160 719 2213 τοῦ
762 2159 1092 2232 ἀσωμάτου,
1133 2164 1227 2214 καὶ
1275 2162 1528 2233 καθαρῶς
1557 2162 1723 2214 ἀΰλου
1761 2179 1819 2215 τε
1856 2164 1950 2216 καὶ

357 2252 608 2324 ἀμεροῦς
634 2252 806 2321 ὄνομά
832 2254 969 2305 ἐστι.
1008 2253 1099 2304 Διὸ
1132 2254 1226 2305 καὶ
1262 2256 1290 2305 ὁ
1321 2253 1543 2325 Κύριος,
1572 2255 1670 2324 τὴν
1711 2255 1769 2307 ἐν
1801 2255 1948 2325 τόπῳ

355 2341 796 2414 προσκυνεῖσθαι
816 2341 909 2394 τὸν
931 2341 1062 2393 Θεὸν
1090 2341 1398 2412 ἡγουμένην
1554 2343 1838 2407 διδάσκων,
1869 2345 1949 2398 ὅτι

357 2432 740 2504 ἀπερίληπτον
773 2431 836 2484 τὸ
871 2430 1182 2500 ἀσώματον,
1213 2433 1476 2500 Πνεῦμα,
1506 2433 1690 2503 φησὶν,
1719 2437 1752 2487 ό
1784 2435 1946 2500 Θεός.

357 2525 447 2577 Οὐ
475 2524 648 2576 τοίνυν
679 2522 926 2588 δυνατὸν,
954 2523 1180 2594 Πνεῦμα
1208 2522 1538 2584 ἀκούσαντα,
1574 2541 1640 2576 πε
1652 2541 1951 2596 ριγεγραμ-

363 2616 544 2687 μένην
575 2615 735 2684 φύσιν
784 2615 1094 2668 ἐντυπῶσαι
1139 2617 1205 2685 τῇ
1243 2615 1470 2686 διανοίᾳ,
1505 2617 1536 2687 ἢ
1587 2621 1816 2687 τροπαῖς
1859 2617 1950 2669 καὶ

357 2706 716 2762 ἀλλοιώσεσιν
749 2707 1143 2778 ὑποκειμένην,
1180 2705 1212 2778 ἢ
1246 2707 1382 2769 ὅλως
1412 2707 1606 2777 ὁμοίαν
1629 2710 1692 2778 τῇ
1737 2707 1944 2759 κτίσει·

357 2797 505 2851 ἀλλὰ
528 2797 661 2868 πρὸς
683 2797 743 2848 τὸ
764 2796 1024 2850 ἀνωτάτω
1043 2799 1164 2858 ταῖς
1189 2796 1418 2858 ἐννοίαις
1441 2796 1740 2866 χωροῦντα,
1757 2814 1843 2849 νοε
1853 2797 1949 2868 part

355 2889 554 2943 οὐσίαν
586 2887 892 2955 ἐπάναγκες
945 2888 1178 2951 ἐννοεῖν,
1221 2887 1449 2959 ἄπειρον
1483 2886 1628 2940 κατὰ
1681 2887 1946 2958 δύναμιν,

362 2977 593 3051 μεγέθει
625 2978 1027 3049 ἀπεριόριστον,
1073 2976 1352 3048 χρόνοιςῆ
1392 2977 1583 3030 αἰῶσιν
1621 2979 1946 3050 ἀμέτρητον,

1296 292 1662 352 PANOPLIA
1707 290 2169 354 D‘OGNIATICA.
2207 319 2278 330 --
2315 297 2462 358 ΤῐΤ.
2509 298 2644 356 XII.

1931 1747 2006 1802 ’Β

3501 298 3601 361 ’742

1830 401 1927 453 Διᾶ
1961 409 2000 462 Α
2035 405 2308 473 loquitur;
2347 408 2398 458 id
2440 421 2674 477 namque
2698 406 3366 475 pcrtiuetadcreaturam.
3400 413 3596 467 Verum

2036 494 2220 547 omnia
2253 495 2490 564 Spiritus
2516 499 2699 562 verba,
2740 497 2830 550 Dei
2847 499 3082 553 ‘oracula
3119 509 3250 552 sunt
3298 517 3314 554 :
3342 501 3595 556 similiter

2035 598 2086 640 et
2111 586 2224 640 Filii
2256 589 2417 642 dicta.
2456 589 2790 658 Quapropter
2818 606 2886 642 ne
2920 589 3087 644 Filius
3111 609 3180 659 qu
3207 593 3326 646 d-m
3359 609 3387 646 a
3421 595 3600 663 seipse

2037 681 2295 748 lojuitur.
2325 681 2426 744 Qui
2456 683 2592 733 enim
2615 683 2756 734 misit
2790 699 2865 734 me
2899 683 3057 738 Pater
3106 689 3300 752 inquit,
3356 687 3447 740 ille
3477 691 3602 741 mihi

2037 775 2171 824 dixit
2201 775 2327 840 quid
2352 774 2524 825 dicant
2555 783 2602 826 et
2626 775 2751 842 quid
2793 774 3000 843 loquar.

2040 864 2296 932 Ejus-stem
2323 883 2386 917 ex
2414 866 2627 930 triginta
2663 867 2893 931 capitum
2942 871 3008 920 ad
3061 869 3478 935 Amphilochium
3515 888 3601 921 ru-

2107 939 2210 1002 pt'te
2240 940 2291 988 9.
2335 935 2690 1001 Separatmde
2722 938 2912 1000 Spiritu
2947 951 3122 989 sancto
3143 943 3440 1004 sententia;
3463 938 3603 993 Ser:-

2107 1015 2384 1072 pturarnm
2423 1009 2673 1058 doctrime
2706 1019 3062 1061 ccusentunuc
3087 1009 3122 1060 '.

2224 1155 2342 1210 Jam
2378 1173 2508 1210 vero
2553 1158 2719 1212 etiam
2772 1158 2840 1212 de
2881 1158 3084 1228 Spiritu
3125 1175 3444 1216 communes
3501 1182 3597 1216 no-

2025 1257 2152 1302 stra:
2204 1249 2457 1302 notiones
2497 1249 2806 1316 cujusmodi
2868 1251 2979 1303 sint
3032 1253 3427 1320 expendamus,
3487 1263 3601 1308 tum

2022 1354 2118 1394 cas
2148 1353 2267 1408 qua:
2315 1340 2473 1392 nobis
2519 1340 2586 1392 de
2630 1340 2726 1392 illo
2759 1340 3116 1411 eScripturis
3167 1344 3408 1398 collecta:
3452 1355 3598 1410 sunt,

2025 1437 2140 1480 tum
2165 1444 2257 1482 cas
2288 1443 2428 1496 quas
2468 1426 2692 1481 Patrum
2728 1430 3022 1483 traditione
3053 1447 3164 1483 non
3209 1435 3413 1502 scripta
3447 1450 3602 1491 acce-

2022 1521 2223 1588 pimus.
2257 1517 2506 1572 Primum
2542 1519 2730 1588 igitur,
2756 1523 2900 1588 quis,
2927 1522 3130 1575 auditis
3157 1520 3391 1591 Spiritus
3417 1529 3601 1596 appel-

2022 1612 2344 1674 lationibus,
2389 1613 2576 1664 animo
2617 1628 2726 1664 tton
2783 1614 3032 1682 erigitur.
3081 1623 3133 1668 et
3169 1617 3232 1668 ad
3289 1632 3600 1685 supremam

2025 1712 2274 1754 naturam
2325 1701 2716 1770 cogitationem
2772 1719 2878 1756 non
2918 1706 3159 1758 attollit?
3192 1705 3325 1758 Nam
3363 1707 3600 1776 Spiritus

2025 1792 2114 1847 Dei
2151 1793 2330 1846 dictus
2365 1801 2467 1854 est,
2515 1802 2568 1845 et
2623 1792 2865 1860 Spiritus
2897 1796 3163 1860 veritatis,
3201 1799 3292 1864 qui
3327 1813 3393 1851 ex
3439 1797 3600 1854 Patre

2022 1883 2270 1952 procedit
2307 1889 2326 1916 ³
2359 1900 2371 1936 :
2403 1882 2639 1951 Spiritus
2673 1893 2876 1945 rectus,
2922 1884 3162 1953 Spiritus
3190 1888 3510 1957 principalis
3555 1893 3596 1941 ³.

2023 1975 2262 2044 Spiritus
2313 1986 2537 2029 sanctus
2565 2016 2577 2039 ,
2621 1977 2841 2045 prepria
2893 1985 2976 2030 est
3031 1979 3175 2032 illius
3210 1995 3273 2032 ac
3308 1982 3600 2049 peculiaris

2019 2068 2309 2137 appellatio
2356 2086 2372 2123 :
2421 2054 2749 2136 quod'sane
2803 2085 3000 2124 nomen
3053 2072 3300 2124 omnium
3361 2073 3601 2127 maxime

2023 2177 2137 2213 rem
2168 2161 2546 2228 incorpoream
2588 2168 2641 2214 et
2676 2162 2744 2213 ab
2771 2162 2917 2213 omni
2949 2163 3174 2214 materia
3209 2177 3396 2230 puram
3429 2170 3480 2216 et
3511 2164 3596 2216 in-

2021 2252 2380 2319 compositam
2418 2251 2678 2304 deelarat.
2717 2250 3064 2320 Quapropter
3090 2261 3143 2304 et
3167 2252 3442 2306 ‘Dominus
3473 2268 3596 2306 cu:n

2019 2357 2160 2406 eam,
2196 2359 2317 2412 quae
2360 2341 2528 2396 Deum
2576 2343 2630 2396 in
2667 2343 2786 2396 loco
2813 2343 3030 2398 adorari
3064 2345 3431 2406 existimabat,
3467 2347 3600 2399 edo-

2021 2442 2202 2499 ceret,
2245 2450 2358 2489 rem
2392 2436 2771 2504 incorporeum
2822 2435 3210 2504 comprehendi
3250 2449 3358 2487 non
3415 2450 3597 2502 posse,

2022 2522 2272 2590 Spiritus,
2296 2524 2495 2593 inquit,
2519 2533 2596 2577 est
2620 2524 2757 2577 Deus
2834 2566 2846 2578 .
2872 2524 3105 2579 Proinde
3131 2524 3243 2577 ﬁeri
3270 2540 3374 2577 non
3399 2533 3598 2594 potest,

2024 2625 2079 2670 ut
2122 2615 2214 2686 qui
2265 2618 2419 2670 audit
2465 2616 2752 2685 Spiritum,
2799 2625 3048 2669 naturam
3085 2617 3202 2669 loco
3251 2616 3601 2669 circumscri~

2026 2717 2193 2777 ptam,
2222 2715 2317 2761 aut
2343 2709 2744 2762 mutationibus
2767 2719 2820 2762 et
2843 2709 3262 2762 alterationihus
3285 2708 3600 2772 obnoxiam,

2023 2805 2117 2851 aut
2156 2801 2380 2854 omnino
2427 2808 2692 2854 creaturae
2732 2801 2963 2854 similent
3017 2801 3120 2854 sibi
3156 2801 3338 2852 animo
3385 2800 3552 2868 ﬁngat
3585 2820 3596 2852 :

2024 2891 2119 2945 sed
2163 2891 2230 2944 ad
2281 2891 2333 2945 id
2365 2893 2510 2961 quod
2563 2909 2838 2947 summum
2889 2901 2973 2946 est
3020 2893 3348 2962 cogitatione
3381 2907 3600 2961 progre-

2023 2983 2202 3046 diens,
2222 2983 2612 3052 intelligentem
2634 2984 2998 3038 substantiam
3024 2984 3225 3052 cogitet
3248 2998 3475 3037 necesse
3495 2994 3599 3045 est,

356 3073 600 3143 ἄφθονον
633 3066 706 3125 ὦν
737 3071 847 3141 ἔχει
889 3070 1091 3124 καλῶν.
1139 3071 1283 3143 Πρὸς
1307 3071 1333 3122 ὃ
1369 3070 1546 3124 πάντα
1579 3071 1947 3141 ἐπέστραπται

2031 3071 2226 3125 virtute
2272 3073 2576 3136 inﬁnitam,
2622 3074 2996 3142 magnitudine
3036 3073 3601 3142 incircumscriptam,

354 3165 437 3217 τὰ
470 3163 742 3234 ἀγιασμοῦ
767 3162 1170 3234 προσδεόμενα·
1198 3158 1257 3218 οῦ
1290 3165 1467 3218 πάντα
1490 3165 1702 3233 ἐφίεται
1733 3165 1800 3218 τὰ
1829 3163 1949 3218 κατ’

355 3256 571 3326 ἀρετὴν
625 3253 836 3318 ζῶντα,
876 3247 992 3306 οἷον
1043 3254 1390 3324 ἐπαρδόμενα
1437 3259 1502 3326 τῇ
1557 3257 1812 3326 ἐπιπνοίᾳ
1859 3255 1952 3308 καὶ

359 3345 712 3416 βοηθούμενα
748 3346 886 3417 πρὸς
915 3345 976 3397 τὸ
1013 3348 1211 3398 οἰκεῖον
1252 3347 1465 3408 ἑαυτοῖς
1493 3346 1588 3398 καὶ
1618 3346 1760 3398 κατὰ
1790 3345 1950 3414 φύσιν

357 3438 541 3500 τέλος.
578 3436 930 3490 Τελειωτικδν
987 3436 1094 3488 τῶν
1149 3435 1353 3501 ἄλλων,
1404 3436 1536 3489 αὐτὸ
1605 3435 1663 3488 δὲ
1714 3435 1950 3504 οὐδαμοῦ

360 3529 648 3582 ἐλλεῖπον·
690 3529 788 3580 οὐκ
840 3527 1246 3590 ὲπισκευαστῶς
1434 3526 1574 3591 ζῶν,
1625 3525 1759 3579 ἀλλὰ
1808 3525 1954 3595 ζωῆς

362 3619 638 3691 χορηγόν·
673 3619 734 3671 οὐ
772 3616 1110 3687 προσθήκαις
1144 3615 1532 3687 αὐξανόμενον,
1581 3615 1715 3670 ἀλλὰ
1750 3616 1953 3687 πλῆρες

361 3710 578 3776 εὐθὺς,
733 3711 789 3762 ἐν
841 3709 1015 3780 ἐαυτῷ
1067 3708 1374 3779 ἱδρυμένον,
1431 3709 1526 3760 καὶ
1560 3706 1833 3776 πανταχοῦ
1873 3705 1951 3758 ὄν.

374 3801 683 3872 ’Λγιασμοῦ
728 3803 960 3871 γένεσις,
1000 3801 1114 3871 φῶς
1165 3802 1376 3872 νοητὸν,
1410 3801 1558 3874 πάσῃ
1600 3800 1824 3870 δυνάμει
1868 3799 1956 3852 λοι

363 3898 504 3964 γικῇ
543 3894 675 3965 πρὸς
706 3894 802 3964 τὴν
833 3894 930 3964 τῆς
958 3894 1214 3964 ἀληθείας
1254 3894 1468 3967 εὕρεσιν
1499 3889 1608 3948 οἷόν
1630 3913 1750 3948 τινα
1783 3913 1954 3948 κατα-

360 3985 597 4055 φάνειαν
636 3985 702 4037 δι’
733 3984 925 4037 ἐαυτοῦ
972 3987 1367 4056 παρεχόμενον.
1406 3988 1728 4057 Ἀπρόσιτον
1762 3991 1825 4056 τῇ
1858 3987 1956 4055 φύ-

360 4093 489 4130 σει·
522 4075 768 4147 χωρητδν
797 4076 864 4128 δι’
905 4077 1214 4147 ἀγαοότητα
1234 4093 1246 4106 ·
1280 4079 1458 4132 πάντα
1496 4079 1591 4149 μέν
1623 4078 1863 4150 πληροῦν
1886 4080 1951 4150 τῇ

356 4167 622 4236 δυνάμει,
656 4166 839 4236 μόνοις
875 4166 929 4218 δὲ
972 4167 1029 4220 ὃν
1065 4167 1324 4237 μεθεκτὺν
1359 4172 1469 4232 τοῖς
1509 4169 1702 4235 ἀξίοις,
1738 4170 1834 4240 οὐχ
1873 4170 1954 4223 ἐνὶ

363 4257 562 4328 μέτρῳ
587 4257 964 4326 μετεχόμενον,
984 4257 1118 4310 ἀλλὰ
1151 4259 1269 4310 κατ’
1293 4259 1580 4327 ἀναλογίαν
1601 4261 1696 4330 τῆς
1720 4261 1954 4324 πίστεως

2024 3179 2123 3216 nec
2161 3171 2465 3232 temporum
2513 3179 2613 3216 nec
2650 3165 2974 3217 szeculorum
3018 3163 3414 3217 dimensionem
3465 3165 3606 3216 reci-

2026 3257 2286 3325 pientem,
2325 3269 2388 3308 ea
2435 3271 2555 3324 quae
2598 3255 2760 3307 habet
2793 3254 2827 3306 b
2867 3269 2935 3306 na
2985 3254 3132 3324 large
3178 3254 3602 3324 impartientem.

2027 3347 2106 3400 Ad
2135 3362 2296 3417 quem
2327 3348 2507 3399 omnia
2539 3355 2936 3400 convertuntur
2967 3362 3086 3414 quae
3111 3355 3267 3416 egent
3296 3344 3609 3400 sanctiﬁca-

2028 3444 2175 3494 tione
2205 3457 2216 3492 :
2249 3455 2408 3508 quem
2442 3439 2626 3492 omnia
2663 3437 3098 3508 appetuntjuxta
3131 3438 3387 3492 virtutem
3414 3437 3606 3492 viven-

2028 3530 2122 3591 tia,
2159 3528 2319 3597 cujus
2347 3526 2526 3580 alilatu
2553 3528 2698 3582 velut
2733 3527 3036 3598 irrigantur
3064 3537 3117 3581 et
3163 3527 3514 3598 adjuvantur,
3549 3535 3609 3581 ut

2037 3623 2356 3690 perveniant
2385 3619 2449 3673 ad
2482 3621 2760 3689 proprium
2789 3636 2949 3674 suum
2975 3621 3389 3688 naturaletnque
3421 3622 3604 3674 linem.

2030 3709 2130 3775 Qui
2161 3709 2371 3779 perlicit
2406 3717 2628 3774 czetera,
2661 3709 2776 3778 ipse
2813 3726 2942 3764 vero
2974 3709 3028 3762 in
3077 3711 3230 3762 nullo
3267 3709 3445 3763 deﬁcit
3475 3727 3488 3761 :
3513 3710 3608 3778 qui

2032 3819 2141 3854 tton
2170 3803 2302 3856 vivit
2327 3817 2422 3870 per
2448 3802 2928 3866 instaurationem,
2955 3802 3048 3855 sed
3072 3803 3236 3854 vitam
3266 3801 3606 3870 suppeditat;

2034 3911 2134 3948 nec
2166 3895 2580 3949 accessionibus
2611 3897 2877 3964 augescit,
2917 3895 3010 3950 sed
3048 3894 3232 3949 statim
3265 3895 3458 3964 plenus
3488 3903 3604 3948 est:

2034 3985 2126 4053 qui
2177 3985 2230 4037 in
2286 3985 2467 4053 seipso
2524 3984 2796 4050 ﬁrmatur,
2840 3994 2893 4039 et
2942 4000 3210 4053 nusquam
3268 3998 3378 4036 non
3432 3981 3604 4036 adest.

2034 4073 2200 4144 Origo
2240 4073 2728 4138 sanctiﬁcationis,
2772 4075 2861 4126 lux
2911 4072 3310 4143 intelligibilis:
3343 4071 3610 4126 universae

2034 4164 2290 4233 potentiae
2338 4165 2589 4217 rationali
2631 4164 2698 4219 ad
2731 4165 2980 4220 veritatis
3015 4163 3485 4233 investigationem
3515 4178 3608 4216 ve-

2037 4255 2118 4308 lut.
2151 4255 2570 4310 illustrationem
2607 4257 2898 4326 quamdam
2930 4273 2992 4311 ex
3029 4271 3150 4310 sese
3189 4255 3458 4323 prrebens.
3501 4253 3612 4306 Na-

359 4348 614 4418 διαιροῦν
647 4347 744 4417 τὴν
783 4349 1084 4420 ἐνέργειαν,
1133 4350 1360 4402 Ἀπλοῦν
1398 4355 1464 4422 τῇ
1495 4352 1670 4423 οὐσίᾳ,
1714 4352 1947 4404 ποικίλον

2038 4356 2160 4403 tura
2190 4348 2529 4412 inaccessus,
2566 4349 2658 4403 sed
2696 4349 2788 4418 qui
2839 4349 2958 4417 capi
2993 4348 3166 4417 possit
3201 4345 3271 4399 ob
3309 4344 3612 4414 benignita-

358 4440 495 4499 ταῖς
524 4438 812 4508 δυνάμεσιν
833 4456 846 4468 ·
881 4439 999 4491 ὅλον
1038 4440 1253 4509 ἑκάστῳ
1286 4441 1476 4512 παρὸν,
1510 4443 1603 4495 καὶ
1636 4444 1755 4496 ὅλον
1790 4445 1953 4496 ἁπαν-

356 4529 539 4598 ταχοῦ
573 4529 648 4582 ὄν.
686 4530 936 4594 ’Λπαθὼς
966 4531 1342 4603 μεριζόμενον,
1382 4534 1825 4604 καὶ-ὁλοσχερῶς
1865 4553 1954 4604 με-

360 4622 664 4690 τεχόμενον
711 4637 726 4652 ⁶
874 4624 1014 4676 κατὰ
1051 4625 1148 4694 τὴν
1178 4624 1358 4676 εἰκόνα
1398 4626 1494 4696 τῆς
1531 4625 1759 4694 ἡλιακῆς
1802 4627 1948 4678 ἀκτῖ-

364 4738 491 4783 νκ,
521 4735 586 4791 ης
626 4723 659 4791 ἡ
703 4723 879 4794 χάρις,
917 4721 994 4792 τῷ
1029 4721 1346 4775 ἀπολαύοντι
1384 4720 1454 4784 ὡς
1502 4721 1645 4789 μόνῳ
1675 4714 1943 4788 παροῦσα,

366 4811 610 4881 καίᾳῆν
643 4811 940 4882 ἐπιλάμπει
970 4813 1065 4865 καὶ
1090 4812 1380 4874 Οὰλασσαν,
1417 4811 1510 4862 καὶ
1528 4809 1603 4879 τῷ
1633 4807 1751 4878 ἀέρι
1789 4807 1945 4874 ἐγκέ-

367 4918 599 4972 κραται.
631 4903 784 4956 Οῦτω
821 4902 885 4973 δὴ
916 4904 1008 4956 καὶ
1035 4903 1094 4954 τὸ
1123 4902 1346 4970 Πνεῦμα
1377 4902 1589 4969 ἑκάστῳ
1630 4900 1733 4952 τῶν
1772 4898 1946 4949 δεκτι-

361 4997 513 5056 κῶν,
549 4997 620 5058 ὡς
656 4998 799 5066 μόνῳ
844 4997 1036 5068 παρὸν,
1081 4994 1280 5066 διαρκῆ
1328 4996 1436 5056 τοῖς
1491 4993 1622 5043 πᾶσι
1651 4991 1748 5060 τὴν
1789 4989 1944 5060 χάριν

361 5086 664 5158 ὀλόκληρον
716 5089 1037 5158 ἐπαφίησιν·
1091 5081 1150 5140 οῦ
1197 5084 1456 5139 ἀπολαύει
1508 5084 1574 5135 τὰ
1617 5083 1943 5152 μετέχοντα,

361 5182 501 5232 ὅσον
539 5179 671 5232 αὐτὰ
705 5181 942 5249 πέφυκεν
973 5212 989 5237 ,
1136 5179 1233 5248 οὐχ
1262 5178 1383 5230 ὅσον
1407 5177 1581 5227 ἐκεῖνο
1601 5173 1839 5226 δύναται.

366 5289 532 5327 mare
578 5275 834 5338 illustrat,
883 5275 1251 5341 misceturque
1287 5271 1418 5324 aeri.
1473 5271 1562 5323 Sic
1613 5278 1666 5324 et
1711 5267 1946 5336 Spiritus
1988 5274 2233 5326 sanctus,
2271 5262 2566 5330 unicuique
2605 5259 2886 5330 capacium

2040 4450 2184 4506 tem;
2218 4441 2400 4494 omnia
2444 4441 2663 4510 qui-lem
2709 4442 2943 4510 impicns
2977 4441 3200 4499 virtute,
3241 4437 3337 4492 sed
3379 4437 3513 4492 solis
3547 4435 3617 4489 iis

2040 4535 2133 4604 qui
2179 4533 2326 4604 digni
2379 4541 2507 4590 sunt
2552 4532 3058 4591 communicaliilis.
3093 4531 3296 4600 quibus
3345 4545 3465 4584 sese
3511 4544 3619 4582 nott

2041 4625 2233 4680 eadem
2282 4626 2524 4695 impertit
2555 4641 2839 4686 mensura,
2888 4625 2980 4678 sed
3027 4624 3177 4693 juxta
3211 4621 3620 4691 proportionem

2052 4716 2172 4771 ﬁdei
2219 4715 2540 4784 dispertitur
2577 4711 2682 4766 vim
2725 4727 2901 4768 suam.
2939 4708 3182 4781 Simplex
3213 4708 3473 4766 essentia,
3515 4718 3608 4756 va-

2050 4807 2165 4860 rius
2205 4807 2501 4876 potentiis;
2536 4806 2627 4876 qui
2682 4803 2912 4874 singulis
2958 4810 3106 4856 totus
3153 4798 3324 4863 adest,
3381 4804 3434 4850 et
3461 4801 3610 4849 totus

2050 4896 2251 4964 ubique
2275 4905 2378 4950 est.
2407 4897 2510 4961 Qui
2543 4896 2620 4948 sic
2649 4893 2911 4946 dividitur
2935 4899 2994 4944 ut
3022 4892 3138 4958 ipse
3172 4888 3303 4941 nihil
3334 4885 3609 4954 patiatur;

2050 4989 2209 5057 cujus
2264 4991 2342 5042 sic
2391 5002 2582 5040 omnes
2619 4985 2912 5054 participes
2951 4990 3099 5043 sunt,
3156 4990 3212 5033 ut
3244 4980 3358 5048 ipse
3400 4985 3609 5030 maneat

2052 5079 2283 5148 integer,
2320 5077 2455 5130 radii
2503 5076 2700 5130 solaris
2735 5075 2787 5126 in
2821 5069 3049 5137 morem,
3096 5072 3254 5140 cujus
3290 5067 3613 5125 beneﬁcium

2054 5170 2254 5222 lruenti
2306 5180 2562 5236 tanquant
2611 5166 2704 5218 uni
2751 5165 2925 5229 adest,
2977 5173 3033 5219 et
3073 5171 3254 5218 tamen
3305 5169 3506 5215 terram
3550 5171 3613 5208 ac

3057 5273 3182 5312 cum
3253 5255 3396 5310 adsit
3456 5250 3613 5320 quasi

359 5364 514 5428 soli,
542 5339 1180 5420 suﬁicientemomnibus
1207 5365 1434 5435 gratiam
1495 5376 1558 5414 ac
1622 5359 1890 5426 integram
1931 5351 2169 5408 infundit
2211 5373 2222 5406 :
2291 5367 2398 5421 quo
2454 5351 2711 5404 fruuntur
2740 5362 3081 5418 quaecunque
3129 5345 3196 5399 de
3248 5344 3341 5396 illo
3389 5339 3613 5407 partici-

364 5465 534 5528 pant,
562 5464 824 5525 quantum
852 5457 986 5524 ipsis
1037 5457 1116 5512 fas
1153 5466 1235 5511 est
1269 5466 1480 5519 natura,
1516 5467 1622 5505 non
1658 5456 1926 5519 quantum
1962 5447 2052 5500 ille
2080 5453 2274 5515 potest.

583 5545 864 5609 Οἰκείωσις
896 5547 948 5600 δέ
985 5548 1298 5617 Πνεύματος
1332 5546 1464 5617 πρὸς
1492 5544 1668 5614 ψυχὴν
1694 5543 1791 5610 οὐχ
1811 5540 1838 5590 ὁ
1859 5538 1944 5591 διὰ

360 5641 546 5696 τόπου
594 5641 990 5709 προσεγγισμος
1038 5641 1176 5707 (πῶς
1219 5643 1325 5708 γὰρ
1371 5644 1436 5694 ἂν
1500 5637 1826 5707 πλησιάσαις
1869 5631 1948 5702 τῷ

459 5736 472 5764 ¹
507 5730 666 5785 Jean.
711 5749 804 5796 ΧΗ,
842 5736 927 5791 49.
1007 5740 1024 5768 ¹
1051 5735 1212 5808 μίυειυ.
1261 5739 1456 5800 xvflli.

1539 5737 1558 5767 ³
1596 5735 1736 5789 PSal.
1775 5749 1812 5799 ι,
1849 5734 1937 5800 12,
1979 5731 2067 5788 13.

2239 5535 2472 5605 Spiritus
2504 5547 2680 5588 autem
2715 5547 2838 5586 cum
2871 5532 3048 5584 anima
3077 5522 3392 5595 coniunctio
3425 5535 3530 5574 non
3556 5520 3616 5574 tit

2057 5627 2158 5681 loci
2189 5626 2586 5697 propinquitate
2622 5626 2766 5694 (nam
2811 5624 2904 5692 qui
2932 5621 3022 5674 ﬁat
3056 5628 3114 5672 ut.
3139 5617 3203 5672 ad
3232 5615 3616 5684 incorporeum

2142 5732 2163 5762 ⁸
2193 5730 2350 5786 Joan.
2384 5746 2454 5786 tv.
2491 5729 2560 5781 24
