4078 6292
603 330 707 395 ἠδ
1865 319 2249 384 EUTHYMH
2292 326 2658 388 ZIGABENI
3682 357 3694 368 ·
3743 326 3844 393 ’ἷὶὶ

607 448 963 518 corporaliter
997 447 1225 503 acceilas
1240 445 1308 516 ?),
1339 446 1431 500 sed
1455 459 1484 498 a
1506 442 1897 514 cupiditatibus
1926 458 2171 509 recessu,

2278 446 2537 516 ὶσωμάτῳ
2562 449 2884 517 σωματικῶς
2905 449 2967 519 ;),
2997 451 3110 505 ἀλλ’
3127 451 3155 503 ό
3181 451 3460 523 χωρισμὸς
3486 450 3594 504 τῶν
3621 451 3827 516 παθῶν,

606 555 725 608 ουκ
755 549 878 608 post
897 547 1245 594 accesserunt
1270 537 1461 591 animae
1482 544 1701 606 propter
1722 535 2012 590 amicitiam
2044 550 2172 605 erga

2278 533 2426 607 ἱπερ,
2467 536 2575 589 ἀπὸ
2601 538 2699 608 τῆς
2732 539 2866 609 πρὸς
2900 539 2998 611 τὴν
3032 542 3210 612 σάρκα
3248 541 3427 608 φιλίας
3459 540 3684 612 ὕστερον
3714 543 3821 594 ἐπι·

606 644 849 695 carnem,
873 639 969 684 cta
987 629 1076 685 Dei
1106 630 1383 685 consortio
1408 630 1730 683 alienarunt.
1757 628 1961 698 Itaque,
1985 629 2030 684 si
2049 628 2173 698 quis

2278 624 2520 694 γινόμενα
2559 629 2624 697 τῇ
2662 627 2830 698 ψυχῇ,
2876 630 2978 699 τῆς
3031 630 3137 682 ἀπὸ
3188 630 3282 683 τοῦ
3326 630 3460 683 θεοῦ
3504 631 3831 701 οἰκειότητος

605 722 775 783 abeo,
797 722 941 791 quod
972 721 1085 775 vitii
1117 722 1238 776 labe
1270 729 1639 786 contraxerat,
1670 721 1868 791 probro
1889 729 2169 790 purgetur,

2278 713 2612 785 quospiwoe.
2650 717 3007 789 Καθαρθέντα
3044 719 3108 791 δὴ
3147 715 3241 774 οῦν
3271 720 3378 773 ἀπὸ
3409 720 3501 773 τοῦ
3531 720 3774 791 αἴσχους,
3806 724 3832 776 ὃ

603 821 766 881 atque
788 812 853 865 ad
890 812 1127 865 nativam
1161 812 1621 881 pulchritudinem
1646 826 1898 866 reversus
1924 813 2066 864 velut
2087 826 2174 865 re-

2278 807 2572 876 ὶνεμάξατο
2608 808 2695 862 διά
2734 810 2831 879 τῆς
2858 812 3074 876 κακίας,
3118 814 3209 865 καὶ
3247 812 3380 882 πρὸς
3411 813 3471 866 τὸ
3514 816 3577 866 ἐκ
3619 813 3831 882 φύσεως

603 904 703 973 gite
730 903 947 973 imagini
984 902 1213 957 formam
1250 914 1478 958 veterem
1515 918 1611 972 per
1639 903 1927 971 puritatem
1959 900 2169 965 reddat,

2278 895 2456 960 ιάλλος
2494 894 2873 965 ἐπανελθόντα,
2928 902 3023 954 καὶ
3068 897 3178 955 οἷον
3217 902 3385 954 εἰκόνι
3436 901 3690 972 βασιλικῇ
3739 904 3833 973 τὴν

602 994 705 1047 hoc
730 1008 841 1047 uno
860 993 1077 1048 demum
1111 994 1271 1048 modo
1298 1003 1476 1064 potest
1506 994 1572 1047 ad
1605 992 1939 1047 Paracletum
1978 1008 2174 1062 appro-

2278 987 2497 1060 ὶρχαίαν
2536 991 2750 1063 μορφὴν
2783 992 2872 1046 διὰ
2911 994 3281 1065 καθαρότητος
3327 996 3615 1058 ἀποδόντα,
3665 995 3834 1058 οὓτως

602 1082 889 1151 pinquare.
941 1081 1035 1138 Ille
1084 1094 1299 1149 autem,
1344 1083 1509 1137 veluti
1567 1084 1682 1146 sol,
1736 1098 1927 1152 purum
1978 1091 2171 1138 nactus

2278 1083 2380 1134 ἐστὶ
2405 1082 2579 1152 μόνως
2601 1086 2957 1156 προσεγγίσαι
2979 1086 3056 1156 τῷ
3075 1086 3435 1157 Παρακλήτῳ.
3469 1087 3527 1139 Ὁ
3554 1086 3622 1150 δ’,
3648 1086 3835 1155 ῶσπερ

602 1175 842 1237 oculum,
879 1174 1129 1231 ostendet
1162 1176 1260 1229 tibi
1294 1175 1347 1228 in
1370 1174 1554 1243 seipso
1588 1175 1876 1243 imaginem
1911 1175 2055 1229 illius
2078 1176 2169 1245 qui

2278 1170 2433 1240 ἣλιος,
2471 1173 2879 1244 κεκαθαρμένον
2902 1169 3055 1246 όμμα
3086 1177 3438 1248 παραλαϐὼν,
3472 1176 3637 1243 δείξει
3672 1194 3755 1229 σοι
3782 1180 3834 1230 ὲν

603 1266 775 1321 videri
811 1283 920 1322 non
959 1274 1157 1336 potest.
1199 1267 1254 1321 ln
1304 1267 1458 1321 beata
1506 1276 1682 1320 autem
1719 1267 1880 1335 hujus
1920 1267 2172 1337 imaginis

2278 1261 2443 1332 ἑαυτῷ
2479 1264 2579 1334 τὴν
2614 1266 2795 1318 είκόνα
2829 1268 2922 1321 τοῦ
2965 1268 3215 1337 ἀοράτου.
3258 1269 3344 1320 Ἐν
3372 1269 3428 1320 δὲ
3459 1269 3537 1339 τῷ
3576 1270 3835 1338 μακαρίῳ

604 1358 1058 1427 contemplatione
1100 1358 1310 1413 videbis
1354 1359 1678 1413 inetl'ahilem
1725 1359 2002 1429 archetypi
2053 1361 2174 1428 pul-

2278 1351 2363 1421 τῆς
2392 1353 2597 1416 εἰκόνος
2622 1354 2853 1425 θεάματι
2889 1357 2950 1409 τὸ
2979 1357 3215 1428 ἄρρητον
3247 1358 3367 1427 ὄψει
3397 1357 3491 1410 τοῦ
3523 1359 3834 1430 ἀρχετύπου

604 1446 985 1502 ehritudinem.
1005 1446 1107 1502 Per
1135 1448 1280 1501 hunc
1312 1449 1474 1503 corda
1512 1448 1871 1503 sustolluntur
1899 1449 1953 1501 in
1978 1448 2169 1514 altum,

2278 1442 2483 1507 κάλλος.
2514 1444 2614 1497 Διά
2638 1445 2825 1499 τούτου
2866 1448 3104 1518 καρδιῶν
3130 1449 3389 1511 ἀνάϐασις
3414 1489 3429 1512 ,
3564 1466 3836 1520 χειραγωο

605 1552 768 1591 manu
816 1537 1093 1592 ducuntur
1126 1537 1361 1602 inﬁrmi,
1409 1538 1756 1608 proﬁcientes
1795 1540 2167 1610 perﬁciuntur.

2278 1530 2359 1597 γία
2384 1533 2491 1587 τῶν
2521 1534 2908 1603 ἀσθενούντων,
2942 1536 3050 1590 τῶν
3084 1536 3499 1609 προκοπτόντων
3532 1538 3831 1603 τελείωσις.

606 1626 706 1682 Hic
725 1630 805 1684 eis
841 1630 937 1699 qui
959 1630 1026 1684 ab
1050 1630 1199 1684 omni
1229 1629 1389 1685 sorde
1425 1633 1639 1700 purgati
1671 1642 1798 1687 sunt
1825 1634 2169 1701 illucescens,

2278 1621 2459 1685 Τοῦτο,
2494 1624 2606 1687 τοῖς
2652 1625 2760 1677 ἀπὸ
2800 1625 2979 1694 πάσης
3027 1626 3243 1695 κηλίδος
3283 1627 3722 1698 κεκαθαρμένοις
3756 1630 3837 1682 ὲλ-

605 1735 703 1790 per
728 1721 1165 1776 communionem
1192 1736 1354 1791 quam
1380 1737 1502 1776 eum
1536 1722 1651 1792 ipso
1674 1724 1893 1791 habent,
1912 1724 2174 1793 spiritua-

2278 1712 2500 1783 λάμπον,
2540 1717 2604 1784 τῇ
2641 1715 2777 1785 πρὸς
2797 1716 2956 1769 ἑαυτὸ
2984 1716 3236 1787 κοινωνίᾳ
3271 1718 3673 1787 πνευματικοὺς
3707 1720 3838 1773 ἀπο-

607 1811 687 1865 les
719 1811 912 1865 reddit.
945 1811 1010 1865 Ει
1029 1812 1484 1881 quemadmodum
1514 1828 1745 1882 corpora
1778 1815 1967 1878 nitida,
2003 1815 2172 1884 pellu-

2278 1803 2525 1859 Ξείκνυσι.
2567 1807 2676 1858 Καὶ
2717 1805 2905 1878 ὥσπερ
2943 1805 3013 1859 τὰ
3053 1807 3282 1877 λαμπρά
3322 1808 3413 1861 καὶ
3459 1808 3689 1879 διαφανῆ
3734 1809 3835 1862 τῶν

607 1903 858 1970 cidaque,
882 1911 1132 1958 contacta
1164 1905 1337 1971 radio,
1374 1906 1507 1960 ﬁunt
1528 1915 1581 1961 et
1612 1907 1730 1977 ipsa
1759 1923 1924 1977 supra
1954 1908 2172 1962 modum

2278 1893 2555 1966 σωμάτων,
2597 1896 2812 1959 ἀκτῖνος
2859 1897 3041 1959 αὐτοῖς
3084 1896 3428 1967 ἐμπεσούσης
3463 1942 3480 1963 ,
3612 1900 3838 1952 αύτάτε

608 1991 913 2062 Splendida,
964 2000 1019 2046 et
1048 1994 1212 2046 alium
1263 1993 1527 2064 fulgorem
1557 2012 1622 2050 ex
1648 2012 1769 2052 sese
1816 1995 2172 2066 profundunt,

2278 1982 2477 2052 γίνεται
2519 1984 2859 2055 περιλαμπῆ,
2901 1986 2994 2039 καὶ
3034 1985 3228 2056 ἑτέραν
3273 1986 3445 2056 αὐγὴν
3486 1986 3577 2055 ἀφ’
3626 1988 3838 2040 ἑαυτῶν

611 2082 684 2135 ita
710 2084 904 2135 anima:
944 2098 1064 2151 qua:
1106 2081 1364 2151 Spiritum
1400 2084 1610 2149 ferunt,
1653 2085 2107 2158 illustranturque
2142 2103 2175 2141 a

2278 2073 2600 2127 ἀποστίλϐει·
2642 2072 2814 2137 οὕτως
2846 2076 2901 2127 αἱ
2943 2074 3382 2145 πνευματοφόροι
3415 2074 3603 2144 ψυχαὶ,
3635 2075 3839 2146 ἐλλαμ-

610 2166 843 2239 Spiritu,
864 2171 999 2225 ﬁunt
1023 2180 1076 2227 et
1106 2172 1237 2241 ipsa:
1261 2174 1593 2242 spirituales,
1618 2184 1672 2229 et
1711 2176 1763 2229 in
1785 2177 1921 2241 alios
1943 2179 2173 2248 gratiam

2278 2167 2483 2236 φθεῖσαι
2506 2168 2655 2239 παρὰ
2686 2166 2779 2220 τοῦ
2809 2167 3143 2237 Πνεύματος,
3176 2168 3336 2223 αὐταί
3366 2183 3423 2220 τε
3451 2167 3839 2220 ἀποτελοῦνται

607 2263 883 2317 emittUnt.
914 2262 1052 2317 lline
1077 2263 1384 2317 futurorum
1411 2266 1771 2334 prmscientia,
1793 2268 2173 2337 mysteriorum

2278 2261 2658 2328 πνευματικαὶ,
2699 2259 2793 2312 καὶ
2832 2260 2912 2321 εἰς
2950 2258 3168 2329 ἑτέρους
3200 2259 3297 2330 τὴν
3319 2260 3478 2331 χάριν
3509 2258 3838 2324 ἐξαποστέλ-

607 2353 996 2425 intelligeutia,
1038 2356 1374 2410 occultorum
1419 2358 1867 2427 comprehensio,
1910 2359 2176 2414 donorum

608 2443 1048 2510 distributiones,
1089 2448 1331 2502 caelestis
1381 2451 1728 2504 conversatio
1752 2489 1767 2513 ,
1808 2466 1930 2504 cum
1970 2451 2178 2521 angelis

608 2535 804 2590 chorea
836 2554 849 2590 :
883 2536 1009 2589 hinc
1032 2536 1286 2606 gaudium
1316 2553 1594 2607 nunquam
1630 2537 1945 2603 ﬁniendum,
1972 2540 2100 2594 hinc
2121 2542 2178 2595 in

611 2629 719 2681 Deo
752 2628 1171 2695 perseverantia,
1204 2629 1332 2683 hinc
1358 2629 1660 2682 similitudo
1687 2645 1809 2683 cum
1833 2629 1961 2695 Deo,
1986 2638 2041 2685 et
2070 2647 2179 2699 quo

609 2717 743 2770 nihil
771 2719 1058 2773 sublimius
1092 2720 1266 2787 expeti
1309 2727 1507 2788 potest,
1538 2720 1664 2773 hinc
1695 2727 1780 2775 est
1809 2728 1867 2773 ut
1894 2721 2027 2776 deus
2058 2722 2173 2778 tias.

608 2892 861 2965 Ejusdem
894 2896 1143 2965 adversus
1177 2912 1262 2948 eos
1293 2898 1382 2964 qui
1403 2896 1581 2947 dicunt
1615 2912 1714 2948 non
1749 2907 1988 2965 oportere
2025 2896 2173 2949 Patri

706 2974 752 3016 et
779 2962 919 3016 Filio
941 2964 1228 3035 aﬂjungere
1251 2962 1511 3033 Spiritum
1535 2962 1796 3018 sanetum.
1823 2965 1955 3035 Cap.
1985 2968 2067 3020 lO.

678 3052 1045 3122 Nonoportet,
1079 3056 1348 3123 inquiunt,
1416 3054 1561 3108 Patri
1623 3064 1678 3109 et
1729 3054 1863 3111 Filio
1916 3057 2178 3128 adjungec

2271 2351 2470 2404 λουσιν.
2515 2348 2790 2403 Ἐντεῦθεν
2825 2348 3124 2420 μελλόντων
3155 2348 3482 2419 πρόγνωσις,
3526 2347 3839 2418 μυστηρίων

2273 2440 2506 2504 σύνεσις,
2541 2440 2937 2511 κεκρυμμένων
2949 2438 3270 2509 κατάληψις,
3288 2438 3639 2516 χαρισμάτων
3660 2438 3839 2491 διανο-

2274 2535 2394 2604 μαὶ,
2425 2533 2484 2586 τὸ
2505 2533 2752 2603 οὐράνιον
2778 2532 3098 2602 πολίτευμα,
3119 2534 3152 2602 ἡ
3187 2531 3325 2601 μετά
3352 2528 3598 2598 ἀγγέλων
3626 2529 3839 2600 χορεία,

2270 2627 2303 2695 ἡ
2329 2624 2682 2694 ἀτελεύτητος
2863 2622 3187 2694 εὐφροσύνη,
3224 2623 3257 2693 ἡ
3292 2623 3350 2675 ὲν
3384 2619 3503 2690 Θεῷ
3529 2620 3839 2691 διαμονὴ,ή

2273 2717 2407 2787 πρὸς
2461 2717 2591 2769 Θεὸν
2632 2717 2907 2787 ὁμοίωσις,
2962 2716 3021 2768 τὸ
3076 2715 3375 2785 ἀκρότατον
3421 2715 3533 2768 τῶν
3575 2712 3841 2781 όρεκτῶν,

2274 2804 2394 2860 θεὸν
2422 2807 2692 2873 γενέσθαι.

2273 2896 2388 2951 Τοῦ
2405 2901 2590 2953 αὑτοῦ
2603 2899 2752 2966 πρὸς
2771 2898 2913 2962 τοὺς
2930 2898 3311 2967 λέγονταςμὴ
3333 2896 3543 2964 γρῆναι
3573 2892 3848 2947 συντάσ-

2341 2982 2471 3023 σειν
2494 2970 2670 3037 Harp!
2687 2969 2785 3022 καὶ
2808 2969 2915 3031 Υἱῴ
2936 2971 3002 3021 τὸ
3017 2968 3189 3036 ᾶγιον
3200 2968 3458 3035 Πνεῦμα.
3481 2968 3705 3033 Hegea}.
3725 2969 3789 3018 ι’.

2342 3060 2415 3113 Οὐ
2469 3062 2597 3131 χρὴ,
2632 3061 2786 3128 φασὶ,
2835 3060 3010 3131 Πατρὶ
3057 3062 3153 3113 καὶ
3184 3059 3298 3130 Υίῷ
3357 3056 3714 3125 συντετάχθαι
3781 3053 3843 3108 τὸ

609 3159 668 3201 re
693 3144 1226 3212 Splritumsanclum
1267 3146 1505 3217 :partim
1553 3160 1617 3201 eo
1674 3148 1816 3217 quod
1861 3149 1930 3203 sit
1985 3148 2178 3204 aliena:

2278 3148 2429 3217 ἅγιον
2460 3151 2705 3219 Πνεῦμα,
2734 3151 2822 3204 διά
2856 3166 2919 3205 τε
2951 3148 3012 3203 τὸ
3039 3151 3138 3221 τῆς
3165 3149 3378 3218 φύσεως
3402 3148 3702 3217 ἀλλότριον,
3755 3145 3854 3197 καὶ

611 3248 839 3305 naturae,
866 3240 1059 3310 partim
1084 3238 1229 3308 quod
1264 3238 1528 3308 dignitate
1564 3238 1636 3293 sit
1671 3237 1920 3292 interior.
1966 3237 2175 3315 Quibus

608 3346 822 3401 :equum
852 3338 935 3383 est
963 3336 1021 3381 ut
1052 3328 1421 3396 apostolorum
1453 3327 1636 3383 verbis
1687 3327 2117 3396 respondeamus
2162 3346 2174 3381 :

612 3419 720 3472 Deo
755 3425 952 3485 oportet
982 3416 1189 3471 obedire
1218 3418 1384 3484 magis
1420 3432 1578 3484 quam
1613 3416 1908 3469 hominibus
1974 3418 2012 3470 '.
2044 3416 2177 3471 Nam

612 3508 657 3561 si
677 3506 937 3560 Dominus
973 3515 1156 3575 aperte
1181 3505 1235 3559 in
1265 3504 1524 3559 tradendo
1554 3506 1835 3562 salutifero
1858 3507 2181 3577 baptismate

612 3598 868 3668 praecepit
896 3597 1201 3666 discipulis,
1235 3606 1293 3651 ut
1332 3597 1669 3665 baptizarent
1695 3613 1883 3653 omnes
1908 3607 2095 3669 gentes
2123 3598 2177 3652 in

612 3689 829 3742 nomine
855 3686 1033 3741 Patris
1064 3694 1119 3740 et
1160 3687 1279 3741 Filii
1317 3696 1371 3742 et
1420 3687 1655 3758 Spiritus
1688 3690 1863 3743 sancti
1932 3692 1988 3753 ²,
2037 3690 2179 3744 haud

612 3776 933 3847 dedignatus
983 3791 1107 3828 cum
1151 3777 1245 3832 illo
1298 3779 1636 3833 consortium
1684 3798 1697 3833 :
1741 3787 1931 3833 contra
1976 3781 2064 3834 isti
2097 3780 2178 3834 di-
2214 3800 2223 3811 ί

611 3877 773 3931 cunt,
820 3882 926 3921 non
978 3877 1229 3936 oportere
1271 3867 1536 3937 Spiritum
1585 3868 1727 3922 Patri
1937 3870 2179 3940 Filioque

610 3960 959 4029 conjungere;
994 3973 1061 4011 an
1087 3972 1194 4012 non
1229 3956 1324 4013 Dei
1359 3968 1629 4029 praecepto
1680 3961 1856 4029 palam
1885 3959 2180 4015 adversan-

612 4049 737 4106 tur?
771 4049 1004 4113 Etenim,
1032 4050 1075 4103 si
1107 4048 1297 4103 dicunt
1325 4050 1636 4119 hujusmodi
1660 4052 2042 4119 conjunctione
2072 4067 2180 4105 non

610 4138 873 4192 declarari
896 4138 1060 4191 ullam
1094 4139 1533 4192 communionem
1564 4146 1659 4190 aut
1708 4140 2067 4204 consortium;
2098 4138 2181 4191 di-

610 4242 737 4308 cant
763 4233 1022 4301 quidnam
1052 4233 1341 4285 conveniat
1391 4232 1493 4285 hoc
1539 4232 1854 4287 existimare
1876 4269 1893 4296 ,
1926 4238 1980 4284 et
2019 4245 2177 4300 quam

612 4324 771 4376 aliam
798 4322 1024 4375 ell‘erant
1046 4324 1216 4392 magis
1243 4324 1573 4391 peculiarem
1599 4322 1865 4374 consortii
1893 4322 2182 4377 rationem?

614 4411 680 4465 Et
712 4412 930 4481 quidem
973 4413 1019 4466 si
1054 4412 1316 4467 Dominus
1367 4413 1468 4467 sibi
1514 4421 1567 4467 et
1600 4410 1745 4464 Patri
1780 4426 1886 4465 non
1934 4412 2182 4482 adjunxit

617 4499 878 4569 Spiritum
917 4498 969 4552 in
1000 4501 1292 4569 baptismo,
1319 4516 1495 4571 neque
1520 4501 1683 4553 etiam
1711 4500 1868 4554 nobis
1898 4501 2030 4554 vitio
2061 4517 2182 4556 ver-
2208 4493 2251 4546 Ι)

614 4596 730 4641 tant
761 4587 906 4657 quod
937 4603 1031 4643 eos
1064 4589 1472 4659 conjungiinus.
1511 4588 1654 4643 Nihil
1682 4590 1826 4643 enim
1857 4607 1959 4649 nos
2001 4591 2180 4646 diver-

614 4693 733 4732 sum
769 4694 942 4748 neque
983 4681 1248 4735 sentimus
1274 4720 1288 4744 ,
1326 4695 1499 4750 neque
1533 4681 1826 4750 loquimur.
1862 4683 1957 4736 Sin
1998 4694 2177 4738 autem

614 4773 725 4826 illic
777 4773 1109 4842 conjunctus
1165 4781 1250 4827 est
1295 4771 1439 4825 Patri
1488 4780 1544 4827 et
1590 4775 1727 4829 Filio
1772 4774 2029 4844 Spiritus,
2083 4792 2181 4830 nec

501 4919 512 4928 ,
612 4863 903 4933 quisquam
947 4873 1027 4918 est
1071 4863 1206 4916 adeo
1255 4861 1542 4934 impudens
1567 4902 1581 4928 ,
1615 4873 1674 4918 ut
1706 4865 1853 4919 aliud
1886 4867 2179 4935 quidquam

614 4954 781 5020 dicat,
827 4970 896 5009 ne
925 4955 1005 5009 sic
1034 4954 1251 5024 quidem
1279 4969 1381 5009 nos
1414 4953 1468 5008 in
1488 4955 1580 5025 jus
1608 4966 1824 5021 vocent,
1855 4957 1903 5011 si
1934 4956 2180 5027 Scriptu-

613 5060 705 5100 ras
732 5045 1032 5115 sequimur.
1264 5099 1273 5107 _

805 5137 911 5192 Sed
942 5137 1064 5191 belli
1093 5137 1380 5194 adversum
1416 5153 1518 5195 nos
1550 5150 1846 5211 apparatus
1878 5139 2181 5198 instructus

612 5236 716 5292 est,
732 5228 1019 5297 omnisque
1039 5229 1296 5299 cogitatio
1328 5230 1537 5286 intenta
1564 5239 1649 5287 est
1675 5232 1730 5285 in
1752 5245 1875 5296 nos,
1911 5240 1964 5286 et
1987 5232 2183 5303 lingua:

614 5319 1004 5373 maledicorum
1033 5319 1125 5373 hic
1156 5320 1533 5376 vehementius
1568 5323 1884 5391 jaculantur
1912 5338 2076 5393 quam
2117 5326 2179 5391 ii,

612 5408 702 5477 qui
735 5409 1012 5464 Christum
1059 5408 1408 5473 occiderant,
1460 5412 1587 5463 olim
1630 5412 1899 5480 lapidibus
1934 5414 2181 5483 impetie-

614 5511 733 5551 runt
760 5498 1117 5569 Stephanum.
1150 5496 1351 5551 Verum
1384 5515 1453 5554 ne
1484 5510 1912 5570 consequantur,
1937 5513 1995 5558 ut
2018 5505 2182 5558 lateat

697 5657 715 5690 ι
741 5661 864 5712 Act.
897 5673 948 5726 v,
976 5658 1067 5713 29.
1142 5659 1163 5689 ²
1197 5657 1389 5713 Matth.
1425 5674 1611 5725 xxvrn,
1650 5661 1734 5718 i9.

2275 3239 2335 3292 τὸ
2360 3243 2457 3312 τῆς
2479 3240 2634 3308 ἀξίας
2659 3239 2934 3302 καταδεές.
2961 3238 3104 3309 Πρὸς
3124 3236 3217 3300 οὓς
3240 3234 3446 3291 δίκαιον
3466 3232 3564 3302 τὴν
3586 3234 3692 3284 τῶν
3716 3231 3848 3285 ἀποο

2281 3333 2481 3385 στόλων
2523 3332 2706 3402 φωνὴν
2750 3327 3147 3401 ἀποκρίνασθαι
3188 3359 3207 3389 ,
3368 3326 3447 3378 ὅτι
3498 3327 3852 3391 Πειιῦαρχειν

2281 3420 2402 3486 Θεῷ
2432 3420 2527 3475 δεῖ
2534 3419 2772 3490 μᾶλλον
2792 3419 2830 3486 ἣ
2857 3414 3206 3486 ἀνθρώποις.
3239 3413 3300 3465 Ei
3325 3411 3433 3482 γάρ
3464 3411 3491 3463 ό
3516 3410 3613 3480 μὲν
3643 3409 3851 3480 Κύριος

2281 3513 2466 3581 σαφῶς
2499 3516 2557 3566 ὲν
2598 3515 2662 3583 τῇ
2698 3509 2992 3581 παραδόσει
3027 3504 3120 3559 τοῦ
3168 3503 3432 3575 σωτηρίου
3473 3502 3849 3572 βαπτίσματος

2280 3604 2579 3678 προσέταξε
2613 3606 2725 3667 τοῖς
2758 3603 3029 3673 μαθηταῖς
3077 3597 3354 3668 βαπτίζειν
3398 3594 3575 3647 πάντα
3611 3594 3682 3647 τά
3719 3591 3848 3661 ἔθνη

2279 3697 2358 3757 εἰς
2401 3694 2571 3763 ὄνομα
2612 3691 2824 3761 Πατρὸς
2871 3690 2964 3743 καὶ
2999 3687 3130 3741 Υίοῦ
3173 3687 3267 3738 καὶ
3313 3684 3467 3752 ἁγίου
3506 3680 3843 3751 Πνεύματος,

2278 3784 2377 3838 ούκ
2408 3782 2654 3848 ἀπαξιῶν
2682 3783 2779 3852 τὴν
2810 3781 2946 3852 πρὸς
2986 3779 3118 3834 αὐτὸ
3153 3776 3457 3839 κοινωνίαν,
3487 3768 3631 3827 οὗτοι
3676 3772 3734 3826 δὲ
3771 3771 3847 3843 μὴ

2279 3877 2474 3947 χρῆναι
2509 3874 2639 3928 αὑτὸ
2664 3873 2841 3942 Πατρὶ
2870 3872 2964 3924 καὶ
2988 3868 3102 3939 Υἱῷ
3124 3867 3440 3922 συντάσσειν
3468 3863 3705 3931 λέγουσι·
3731 3860 3849 3923 πῶς

2278 3966 2399 4036 οὐχὶ
2427 3967 2493 4036 τῇ
2523 3961 2617 4017 τοῦ
2648 3960 2782 4015 Θεοῦ
2812 3961 3039 4030 διαταγῇ
3071 3957 3351 4030 προδήλως
3377 3953 3758 4016 ἀνθίστανταις
3786 3949 3847 4002 Εἰ

2284 4057 2381 4127 μὲν
2417 4056 2522 4127 γὰρ
2564 4056 2663 4107 οὐκ
2699 4048 2837 4106 εἶναί
2871 4068 3002 4120 φασι
3036 4050 3136 4121 τὴν
3172 4047 3424 4116 τοιαύτην
3457 4043 3708 4110 σύνταξιν
3734 4058 3847 4095 κοι-

2281 4148 2472 4211 νωνίας
2523 4146 2666 4208 τινὸς
2707 4144 2801 4198 καὶ
2834 4141 3128 4211 συναφείας
3160 4137 3480 4205 δηλωτικὴν,
3516 4134 3844 4195 εἰπάτωσαν,

2278 4239 2331 4292 τί
2366 4239 2463 4309 μὲν
2491 4236 2730 4307 νομίζειν
2758 4232 2914 4286 τοῦτο
2942 4232 3245 4305 προσήκει;
3282 4228 3401 4282 τίνα
3429 4226 3483 4279 δὲ
3510 4225 3693 4295 ἕτερον
3721 4238 3845 4275 συν-

2280 4329 2473 4397 αφείας
2514 4326 2713 4398 τρόπον
2763 4324 3091 4393 οἰκειότερον
3130 4320 3348 4391 ἐχουσι;
3388 4316 3645 4382 Καίτοιγε
3683 4312 3730 4363 εί
3766 4309 3843 4379 μὴ

2283 4419 2516 4489 συνῆψεν
2552 4418 2580 4469 ό
2611 4416 2814 4487 Κύριος
2861 4414 3040 4482 ἑαυτῷ
3076 4413 3170 4465 καὶ
3200 4409 3277 4480 τῷ
3308 4409 3483 4480 Harp!
3519 4407 3581 4459 τὺ
3628 4401 3844 4473 Πνεῦμα

2282 4511 2422 4566 κατά
2465 4511 2525 4564 τὸ
2568 4510 2869 4581 βάπτισμα,
2919 4504 3053 4576 μηδὲ
3094 4506 3224 4575 ἡμῖν
3412 4500 3511 4572 τὴν
3561 4497 3843 4566 συνάφειαν

2281 4601 2706 4670 ἐγκαλείτωσαν.
2758 4595 2924 4649 Οὐδὲν
2970 4593 3082 4665 γάρ
3131 4595 3291 4664 ἡμεῖς
3339 4591 3674 4662 ἀλλοιότερον
3721 4584 3840 4640 οὔτε

2281 4692 2604 4765 φρονοῦμεν,
2633 4688 2758 4744 οὔτε
2786 4685 3155 4758 φθεγγόμεθα.
3180 4685 3243 4738 Et
3268 4684 3323 4737 δὲ
3347 4683 3616 4753 συνῆπται
3640 4679 3749 4733 ἐκεῖ
3763 4674 3840 4747 τῷ

2281 4784 2455 4855 Πατρ)⁵
2489 4783 2583 4836 καὶ
2622 4780 2702 4852 τῷ
2747 4779 2882 4849 Υίῷ,
2918 4779 3012 4831 καὶ
3042 4777 3215 4839 οὐδεὶς
3238 4774 3426 4848 ,οὕτως
3458 4773 3675 4844 ἀναιδὴς
3707 4768 3837 4822 ὥστε

2281 4875 2406 4929 ἄλλο
2438 4892 2489 4927 τι
2535 4873 2724 4944 φῆσαι,
2777 4872 2897 4942 μηδ’
2935 4868 3106 4931 οὕτως
3156 4868 3285 4938 ἡμῖν
3330 4864 3743 4935 ἐγκαλείτωσαν,
3785 4857 3836 4910 ei

2282 4970 2391 5031 τοῖς
2417 4964 2824 5036 γεγραμμένοις
2844 4959 3264 5029 ἀκολουθοῦμεν.

2491 5138 2625 5192 Ἀλλ’
2651 5140 2685 5209 ή
2710 5139 2805 5209 μὲν
2830 5136 3150 5207 παρασκευὴ
3174 5133 3268 5187 τοῦ
3297 5131 3420 5186 καθ’
3443 5129 3597 5201 ἡμῶν
3616 5124 3831 5194 πολέμου

2283 5231 2571 5301 ἐξήρτυται
2614 5264 2631 5292 ,
2744 5228 2839 5282 καὶ
2866 5228 3016 5280 πᾶσα
3040 5226 3246 5279 διάνοια
3279 5223 3412 5295 πρὸς
3442 5222 3587 5293 ἡμᾶς
3608 5219 3828 5273 τέταται.

2283 5322 2376 5374 καὶ
2410 5321 2648 5390 γλῶσσαι
2679 5318 3013 5389 βλασφήμων
3046 5312 3148 5371 ὧδε
3184 5314 3464 5380 τοξεύουσι
3502 5308 3828 5381 σφοδρότερον

2283 5411 2623 5483 βάλλουσαιῆ
2645 5411 2735 5465 τὸν
2757 5409 3025 5478 Στέφανον
3049 5407 3163 5462 τότε
3178 5411 3287 5471 τοῖς
3307 5406 3475 5469 λίθοις
3494 5404 3544 5457 οί
3568 5392 3831 5475 χριστοφό-

2281 5520 2380 5560 νοι⁰
2423 5507 2497 5576 μὴ
2540 5504 2955 5559 λανθανέτωσαν
2994 5504 3071 5572 δὲ,
3116 5503 3200 5557 δτι
3245 5500 3536 5575 πρόσχημα
3576 5495 3672 5569 μὲν
3698 5487 3827 5563 mli:
