4078 6292
336 352 446 418 745

1323 350 1696 413 PANOPLIA
1738 349 2195 413 DOGMA'flCA.
2224 375 2295 386 ·-
2318 351 2462 412 ΤΙΤ.
2507 347 2641 414 ΧΙΙ.

3489 351 3592 414 746

345 492 374 545 ό
408 489 644 560 πόλεμος
672 488 811 560 ἔχει,
846 489 879 559 ἡ
913 487 967 540 δὲ
990 487 1211 559 ἀλήθεια
1243 485 1351 538 τῶν
1376 487 1674 558 γινομένων
1701 485 1836 558 πρὸς
1860 485 1921 540 τδ

2027 499 2120 542 nos
2143 483 2360 554 quidem
2383 496 2508 538 esse
2534 479 2662 536 belli
2687 451 3034 536 occasionem
3055 519 3071 546 ,
3116 480 3212 535 sed
3258 496 3379 550 quae
3416 498 3589 552 agun-

345 580 476 650 ῦψος
503 579 709 650 βλέπει.
739 581 897 632 Ὥστε
932 579 1016 648 ἐφ’
1045 581 1190 651 ἡμᾶς
1229 579 1328 650 μὲν
1359 578 1519 650 δῆθεν
1542 579 1640 644 τὰς
1673 577 1920 651 μηχανὰς

345 672 437 725 καὶ
472 672 570 735 τὰς
598 671 820 744 ἐνέδρας
854 671 1321 737 διασκευάζονται,
1366 673 1460 727 καὶ
1500 672 1747 744 ἀλλήλοις
1765 673 1922 740 ἐγκε-

344 761 588 817 λεύονται
635 763 968 834 ἐπιϐοηθεῖν,
1014 764 1090 828 ὡς
1131 764 1361 826 ἕκαστος
1399 764 1508 834 ἔχει
1555 764 1845 834 ἐμπειρίας
1884 761 1917 831 ἢ

315 889 318 895 ι
351 853 560 924 ῥώμης.
591 855 779 920 Πίστις
807 855 865 908 δέ
901 857 1018 908 ἐστι
1054 855 1114 909 τὸ
1153 854 1578 925 πολεμούμενον,
1619 853 1713 906 καὶ
1741 853 1918 916 κοινὸς

349 946 552 1009 σκοπὸς
597 947 770 1000 ἅπασι
809 948 921 1009 τοῖς
963 946 1227 1010 ἐναντίοις
1256 948 1348 1001 καὶ
1376 946 1590 1016 ἐχθροῖς
1615 945 1715 1016 τῆς
1745 946 1921 1014 ὑγιαι-

346 1036 544 1108 νούσης
572 1036 918 1102 διδασκαλίας
942 1037 1003 1091 τὸ
1033 1039 1319 1109 στερέωμα
1341 1038 1439 1107 τῆς
1467 1039 1548 1100 εἰς
1576 1035 1810 1108 Χριστὸν
1831 1035 1919 1088 πί-

349 1143 518 1189 στεως
539 1129 877 1192 κατασεῖσαι,
905 1127 969 1179 ἐκ
999 1127 1090 1179 τοῦ
1115 1127 1213 1198 τὴν
1239 1124 1600 1196 ἀποστολικὴν
1622 1125 1920 1198 παράδοσιν

347 1217 726 1286 ὲδαφισθεῖσαν
758 1216 1144 1286 ἀφανισθῆναι.
1174 1216 1270 1270 Διά
1301 1216 1478 1280 τοῦτο,
1512 1217 1586 1280 ὡς
1617 1218 1725 1269 τῶν
1747 1234 1919 1288 χρεω-

347 1307 608 1377 φειλετῶν
638 1309 686 1361 οἱ
719 1307 875 1378 δῆθεν
911 1307 1250 1377 εὐγνώμονες
1283 1344 1302 1372 ,
1446 1305 1545 1370 τὰς
1579 1307 1642 1360 ἐκ
1682 1305 1792 1359 τῶν
1824 1308 1917 1374 ἐγ-

345 1399 576 1470 γράφων
628 1397 928 1462 ἀποδείξεις
975 1397 1324 1465 ἐπιϐοῶνται,
1369 1397 1467 1467 τὴν
1522 1397 1766 1468 ἄγραφον
1809 1397 1918 1450 τῶν

346 1490 606 1560 Πατὲρων
641 1489 943 1564 μαρτυρίαν
977 1490 1052 1553 ὡς
1088 1489 1299 1552 οὐδενὸς
1331 1489 1484 1558 ἀξίαν
1521 1488 1919 1559 ἀποπεμπόμεα

346 1601 446 1636 νοι.
514 1582 654 1636 Ἀλλ’
707 1583 767 1634 ού
819 1581 929 1651 γὰρ
985 1581 1304 1653 ὑφησόμεθα
1339 1583 1436 1652 τῆς
1474 1581 1751 1651 ἀληθείας,
1797 1580 1918 1634 οὐδὲ

344 1673 514 1742 δειλία
539 1670 636 1743 τὴν
665 1671 977 1742 συμμαχίαν
1001 1670 1367 1743 προδώσομεν.
1403 1673 1464 1724 Εἰ
1486 1672 1593 1744 γὰρ
1623 1674 1652 1725 ό
1681 1673 1779 1743 μὲν
1802 1671 1917 1725 Κύ-

349 1781 460 1835 ριος
512 1763 588 1826 ὡς
631 1765 926 1831 ἀναγκαῖον
973 1763 1065 1816 καὶ
1108 1765 1372 1834 σωτήριον
1417 1764 1590 1835 δόγμα
1632 1767 1731 1836 τὴν
1781 1765 1918 1837 μετὰ
1954 1790 1996 1845 D

345 1856 560 1927 Πατρός
592 1855 840 1919 σύνταξιν
873 1855 965 1908 τοῦ
1006 1855 1161 1924 ἁγίου
1200 1856 1514 1927 Πνεύματος
1545 1860 1914 1931 παραδέδωκε,

343 1950 454 2012 τοῖς
501 1949 556 2002 δὲ
594 1950 693 2019 οὐχ
729 1947 871 2002 οὕτω
907 1949 1075 2012 δοκεῖ,
1115 1947 1250 2001 ἀλλά
1281 1947 1508 2020 διαιρεῖν
1553 1953 1647 2004 καὶ
1683 1952 1916 2024 διασπᾷν

345 2040 438 2093 καὶ
461 2040 554 2091 ἐπὶ
574 2039 670 2108 τὴν
702 2039 864 2109 φύσιν
889 2039 988 2112 τὴν
1013 2039 1392 2111 λειτουργικὴν
1557 2039 1878 2112 μετοικίζειν
1895 2058 1913 2076 ο

343 2128 460 2192 πῶς
489 2129 592 2182 ούκ
617 2129 835 2200 ἀληθὲς,
864 2130 945 2183 ὅτι
972 2129 1072 2201 τὴν
1106 2131 1314 2184 ἑαυτῶν
1349 2132 1692 2204 βλασφημίαν
1717 2152 1916 2206 κυριω-

341 2221 506 2292 τέραν
534 2222 813 2277 ποιοῦνται
844 2224 944 2294 τῆς
974 2223 1067 2278 τοῦ
1107 2224 1374 2278 Δεσπότου
1400 2226 1752 2296 νομοθεσίας;
1777 2228 1913 2299 Φέρε

338 2307 404 2381 δὴ
441 2307 557 2376 οὖν,
591 2315 772 2369 πᾶσαν
805 2320 1135 2386 φιλονεικίαν
1168 2323 1586 2386 καταϐαλόντες,
1620 2327 1762 2377 οὕτω
1788 2324 1916 2393 περὶ

339 2399 450 2456 τῶν
479 2403 538 2455 ὲν
562 2405 721 2476 χερσὶ
745 2409 881 2478 πρὸς
911 2408 1173 2475 ἀλλήλους
1198 2412 1636 2482 διασκεψώμεθα.

501 2605 509 2612 -
533 2581 850 2653 Χριστιανοὶ
875 2583 1040 2638 πόθεν
1064 2587 1254 2656 ἡμεῖς
1288 2587 1386 2640 Διά
1407 2589 1509 2658 τῆς,
1538 2587 1791 2654 πίστεως,
1815 2594 1922 2654 πᾶς

344 2686 424 2734 τις
451 2670 520 2724 ἂν
558 2673 721 2726 εἴποι.
757 2674 1052 2745 Σωζόμεθα
1088 2676 1144 2730 δὲ
1179 2677 1300 2732 τίνα
1327 2679 1561 2750 τρόπον;
1602 2681 1922 2751 Ἀναγεννη-

341 2760 525 2825 θέντες
558 2763 798 2834 δηλονότι
827 2764 916 2818 διὰ
948 2765 1048 2835 τῆς
1089 2767 1147 2819 ἐν
1185 2767 1264 2839 τῷ
1313 2769 1648 2841 βαπτίσματι
1680 2770 1919 2842 χάριτος.

346 2851 514 2904 Πόθεν
549 2852 654 2924 γὰρ
693 2853 951 2920 άλλοθεν;
989 2851 1124 2910 Εἶτα
1157 2857 1255 2928 τὴν
1290 2859 1568 2930 σωτηρίαν
1596 2859 1800 2930 ταύτην
1835 2859 1926 2913 διὰ

347 2942 556 3014 Πατρὸς
585 2945 682 3000 καὶ
707 2944 837 2998 Υίοῦ
865 2946 961 2999 καὶ
998 2947 1155 3015 ἁγίου
1190 2947 1505 3018 Πνεύματος
1533 2948 1928 3021 βεὸαιουμὲνην

344 3035 734 3104 γνωρίσαντες,
783 3036 842 3090 ὃν
877 3037 1262 3110 παρελάϐομεν
1307 3040 1477 3093 τύπον
1524 3041 1745 3113 διδαχῆς
1786 3058 1922 3114 προ-

2021 584 2110 630 tur
2156 589 2351 632 revera
2398 573 2466 630 ad
2509 572 3107 654 excelsum.spectare.
3155 575 3344 643 Itaque
3389 575 3444 630 in
3486 591 3586 631 nos
3668 572 3677 592 ’

2020 665 2242 736 quidem
2272 663 2557 720 machinas
2589 669 2643 719 et
2666 662 2896 718 insidias
2927 663 3229 726 instruunt,
3266 680 3434 734 seque
3469 681 3591 718 mu-

2023 767 2117 814 tuo
2151 757 2512 812 exhortantur
2539 753 2605 808 ad
2648 751 2902 808 ferendas
2925 755 3238 822 suppetias,
3271 763 3329 808 ut
3359 755 3593 825 quisque

2023 847 2215 918 peritia
2244 853 2338 900 aut
2390 845 2587 900 robore
2626 843 2789 898 valet.
2834 843 3104 898 Caeterum
3155 847 3206 899 id
3240 848 3386 916 quod
3417 863 3593 917 oppu-

2024 944 2282 1009 artantur,
2315 934 2448 989 ﬁdes
2471 941 2575 998 est,
2606 934 2762 1003 isque
2787 948 2987 1002 scopus
3030 936 3337 990 communis
3364 944 3449 992 est
3480 952 3596 990 om-

2026 1030 2186 1084 nibus
2215 1027 2566 1090 adversariis,
2598 1035 2650 1079 et
2679 1041 2825 1080 same
2859 1027 3120 1080 doctrinae
3149 1027 3404 1088 inimicis,
3427 1037 3484 1082 ut
3506 1043 3594 1084 so-

2029 1121 2294 1174 liditatem
2323 1117 2444 1174 lidei
2478 1117 2537 1174 in
2562 1116 2842 1172 Christum
2873 1117 3212 1180 concutiant,
3246 1119 3596 1188 apostolicam

2037 1211 2384 1264 traditionem
2414 1210 2533 1264 solo
2555 1217 2821 1278 aequatam
2850 1209 3134 1264 abolendo.
3157 1209 3473 1280 Eapropter,
3491 1214 3599 1267 sic-

2032 1311 2089 1356 ut
2125 1303 2302 1358 solent
2334 1301 2423 1370 qui
2457 1302 2612 1356 bonae
2658 1299 2779 1354 fidei
2816 1300 3093 1356 debitores
3139 1310 3286 1364 sunt,
3320 1304 3599 1372 probatio-

2031 1407 2128 1448 nes
2153 1407 2186 1446 c
2215 1391 2499 1461 Scriptura
2526 1390 2763 1444 clamore
2793 1390 3050 1460 exigunt,
3093 1388 3315 1445 Patrum
3347 1394 3598 1449 testimo-

2031 1484 2202 1545 nium,
2251 1483 2398 1552 quod
2444 1481 2705 1550 scriptum
2739 1497 2848 1536 non
2881 1489 3002 1544 est,
3045 1483 3194 1536 velut
3240 1485 3448 1540 nullius
3484 1502 3600 1541 mo-

2032 1573 2199 1628 menti
2227 1572 2561 1642 rejicientcs.
2585 1572 2653 1625 At
2679 1570 2746 1625 de
2775 1572 2978 1626 tuenda
3005 1573 3230 1628 veritate
3253 1575 3387 1627 nihil
3413 1576 3600 1630 remit-

2032 1671 2231 1730 temus,
2254 1679 2430 1733 neque
2461 1664 2673 1734 ignavia
2705 1679 2733 1717 a
2756 1663 2992 1720 ferendis
3019 1666 3092 1718 illi
3123 1669 3343 1724 auxiliis
3371 1670 3601 1725 desiste-

2034 1769 2174 1810 mus.
2214 1753 2428 1810 Etenim
2460 1755 2505 1810 si
2536 1754 2796 1808 Dominus
2823 1755 3002 1818 nobis,
3039 1763 3095 1808 ut
3131 1761 3501 1815 necessarium
3539 1765 3604 1815 ac

2035 1847 2273 1904 salutare
2306 1847 2522 1917 dogma,
2560 1845 2794 1916 Spiritus
2814 1861 2938 1899 cum
2971 1845 3130 1902 Patre
3163 1850 3602 1917 coujunctionem

2036 1937 2278 2004 tradidit;
2315 1936 2398 1990 his
2425 1943 2604 2001 autem
2632 1951 2738 1991 non
2771 1936 2844 1989 ita
2874 1935 3108 2002 videtur,
3140 1939 3234 1993 sed
3269 1939 3512 1995 dividere
3539 1956 3604 1996 ac

2035 2025 2340 2080 distrahere
2380 2023 2639 2095 Spiritum
2692 2033 2745 2080 et
2779 2027 2846 2082 ad
2887 2027 3142 2084 servilem
3208 2039 3459 2084 naturam
3507 2031 3603 2086 de-

2035 2117 2285 2172 trudere:
2309 2130 2508 2169 annon
2529 2131 2716 2170 verum
2748 2123 2854 2178 est,
2885 2118 3028 2186 apud
3059 2119 3181 2172 illos
3205 2119 3599 2189 blasphemiam

2035 2206 2277 2277 ipsorum
2309 2207 2430 2277 plus
2455 2206 2655 2262 habere
2684 2207 2960 2276 ponderis,
2991 2205 3154 2278 quani
3200 2209 3414 2284 Domini
3454 2221 3597 2280 pra:-

2020 2320 2330 2390 scriptum?
2357 2319 2598 2390 Agedum
2633 2319 2796 2389 igitur
2839 2317 2986 2371 omni
3035 2313 3381 2370 contentione
3429 2309 3600 2378 depo-

2031 2412 2160 2474 sita,
2204 2412 2282 2466 ita
2313 2410 2380 2465 de
2409 2411 2476 2466 iis
2500 2427 2621 2481 qua:
2653 2411 2707 2463 in
2736 2409 2987 2463 manibus
3021 2414 3170 2471 sunt,
3201 2405 3342 2458 inter
3356 2415 3457 2456 nos
3487 2401 3602 2456 dis-

2027 2511 2325 2573 ceptemus.

2228 2590 2535 2647 Christiani
2562 2590 2704 2645 unde
2743 2590 2882 2644 nos?
2914 2587 3015 2642 Per
3049 2587 3230 2651 fidem,
3271 2585 3414 2640 dicet
3440 2582 3603 2654 quili-

2027 2685 2137 2739 bet.
2171 2685 2324 2739 Salvi
2359 2692 2539 2738 autem
2569 2683 2750 2746 limus,
2783 2697 2894 2751 quo
2915 2681 3112 2734 modo?
3141 2677 3408 2732 Nimirum
3448 2692 3602 2745 rege-

2027 2776 2200 2831 nerati
2236 2790 2330 2845 per
2352 2775 2581 2845 gratiam
2613 2789 2733 2844 quae
2767 2771 3048 2826 confertur
3079 2770 3132 2823 in
3157 2769 3445 2838 baptismo.
3466 2765 3600 2820 Nam

2026 2869 2169 2924 unde
2212 2866 2455 2936 alioqui?
2489 2864 2700 2935 Ergone
2739 2871 3028 2934 postquam
3059 2862 3200 2915 hanc
3242 2860 3473 2915 salutem
3508 2871 3604 2926 per

2024 2959 2239 3015 Patrem
2286 2967 2342 3013 et
2382 2956 2578 3012 Filium
2623 2965 2682 3012 et
2726 2955 2987 3026 Spiritum
3039 2961 3288 3008 sanctum
3325 2960 3498 3003 ratam
3539 2963 3603 3002 ac

2025 3049 2297 3104 ﬁrmatam
2330 3047 2677 3110 noverimus,
2710 3045 2966 3098 traditam
3003 3043 3161 3096 nobis
3194 3040 3458 3094 doctrina:
3489 3036 3603 3091 for-

344 3122 716 3196 ησόμεθα;Ἦ
743 3129 993 3200 μεγάλων
1017 3128 1081 3182 ἂν
1109 3130 1196 3201 εἴη
1226 3130 1546 3203 στεναγμῶν
1568 3132 1739 3199 ἄξιον,
1768 3133 1921 3205 εἴπερ

2027 3153 2166 3192 mam
2191 3137 2559 3207 abjiciemus?
2592 3134 2648 3189 ιδ
2674 3134 2921 3205 profecto
2948 3133 3132 3188 multis
3164 3133 3385 3202 dignum
3419 3129 3604 3199 suspi-

345 3214 710 3287 εὑρισκόμεθα
751 3218 846 3272 νῦν
879 3220 1280 3292 μακρυνόμενοι
1309 3221 1509 3292 μᾶλλον
1539 3223 1648 3277 ἀπὸ
1677 3223 1780 3294 τῆς
1821 3241 1925 3278 σω·

344 3305 536 3376 τηρίας
565 3307 746 3378 ἡμῶν,
781 3309 816 3380 ἣ
843 3310 932 3364 ὅτε
961 3310 1361 3381 ἐπιστεύσαμεν
1379 3328 1394 3343 ο
1423 3311 1581 3383 εἴπερ
1604 3311 1640 3366 ἃ
1805 3314 1924 3367 τότε

346 3398 811 3470 προσεδεξάμεθα,
850 3403 944 3457 νῦν
972 3403 1386 3475 ἀπαρνούμεθα.
1427 3405 1544 3476 Ἴση
1585 3404 1732 3458 ἐστὶν
1766 3405 1798 3476 ἡ
1828 3405 1927 3477 ζη-

349 3490 446 3558 μία
485 3490 518 3561 ἣ
550 3490 777 3563 ἄμοιρόν
807 3511 932 3548 τινα
954 3495 1048 3548 τοῦ
1092 3495 1467 3566 βαπτίσματος
1500 3496 1778 3563 ἀπελθεῖν,
1809 3499 1844 3569 ἢ
1865 3498 1926 3552 ἓν

345 3598 396 3634 τι
420 3581 528 3635 τῶν
553 3583 621 3637 ἐκ
643 3585 744 3655 τῆς
771 3588 1124 3658 παραδόσεως
1151 3587 1395 3642 ἐλλεῖπον
1422 3588 1698 3653 δέξασθαι.
1731 3591 1844 3661 Τήν
1866 3608 1926 3646 τε

343 3672 651 3742 ὁμολογίαν,
672 3675 738 3747 ἢν
758 3677 849 3729 ἐπὶ
868 3678 966 3748 τῆς
993 3677 1216 3749 πρώτης
1234 3679 1543 3751 εἰσαγωγῆς
1560 3679 1921 3750 κατεθέμεθα,

345 3763 452 3826 ὅτε,
486 3765 774 3834 ρυσθέντες
807 3768 917 3820 ἀπὸ
952 3768 1061 3822 τῶν
1096 3769 1355 3836 εἰδώλων,
1393 3771 1772 3843 προσήλθομεν
1804 3771 1923 3842 Θεῷ

346 3852 528 3920 ζῶντι,
567 3857 596 3908 ό
631 3857 704 3928 μὴ
744 3859 835 3911 ent
877 3859 1076 3923 παντὸς
1121 3860 1410 3930 φυλάσσων
1444 3864 1657 3933 καιροῦ,
1709 3864 1803 3918 καὶ
1835 3863 1922 3918 διὰ

346 3945 527 4016 πάσης
569 3947 763 4001 ἑαυτοῦ
812 3949 910 4020 τῆς
934 3951 1080 4021 ζωῆς
1117 3951 1194 4014 ὡς
1237 3952 1513 4021 ἀσφαλοῦς
1551 3953 1923 4027 φυλακτηρίουι

348 4038 754 4108 περιεχόμενος,
791 4039 940 4104 ξένον
969 4042 1162 4095 ἑαυτὸν
1203 4044 1495 4116 καθίστησι
1539 4046 1646 4106 τῶν
1685 4049 1919 4117 ἐπαγγε-

345 4125 472 4179 λιῶν
495 4128 594 4182 τοῦ
624 4129 782 4196 Θεοῦ,
805 4130 883 4201 τῷ
911 4132 1026 4204 ἰδίῳ
1055 4135 1404 4207 χειρογράφῳ
1431 4137 1754 4208 μαχόμενος,
1777 4133 1806 4191 ό
1825 4139 1921 4194 ἰπὶ

343 4219 442 4289 τῆς
481 4221 622 4274 κατὰ
661 4221 758 4292 τὴν
807 4223 990 4278 πίστιν
1037 4225 1328 4300 ὁμολογίας
1373 4230 1651 4284 κατέθετο.
1698 4231 1762 4285 Et
1813 4230 1921 4302 γὰρ

344 4312 485 4382 ἀρχή
532 4328 620 4381 μοι
668 4313 812 4386 ζωῆς
856 4316 918 4368 τὸ
963 4317 1265 4391 βάπτισμα,
1314 4321 1409 4374 καὶ
1459 4321 1651 4394 πρώτη
1701 4322 1922 4394 ἡμερῶν

344 4400 526 4472 ἐκείνη
559 4403 590 4471 ἠ
624 4403 724 4474 τῆς
759 4405 1178 4477 παλιγγενεσίας
1226 4411 1428 4483 ἡμέρα,
1471 4411 1651 4483 δῆλον,
1697 4414 1783 4470 ὅτι
1827 4415 1922 4470 καὶ

347 4491 498 4560 φωνὴ
529 4494 833 4564 τιμιωτάτη

345 4579 530 4646 θεσίας
564 4585 960 4655 ὲκφωνηθεῖσα.
995 4588 1106 4661 Τὴν
1134 4585 1227 4644 οῦν
1276 4581 1603 4662 εἰσάγουσάῦ
1635 4611 1704 4665 με
1745 4594 1825 4660 εἰς
1856 4594 1916 4647 τὸ

345 4674 480 4743 φῶς,
499 4675 598 4746 τὴν
628 4677 831 4745 γνῶσιν
857 4679 966 4750 (40)
1003 4680 1138 4735 Θεοῦ
1175 4701 1264 4754 μοι
1293 4686 1665 4758 χαρισαμένην
1682 4687 1921 4759 παράδο-

346 4782 451 4831 σιν,
493 4766 561 4820 δι’
601 4763 670 4838 ῆς
710 4770 899 4825 τέκνον
938 4772 1262 4846 ἀπεδείχθην
1289 4777 1448 4841 Θεοῦ,
1483 4778 1512 4830 ό
1545 4777 1679 4842 τέως
1707 4778 1794 4834 διὰ
1819 4780 1920 4851 τὴν

343 4853 617 4924 ἁμαρτίαν
644 4857 856 4928 ἐχθρὸς,
897 4860 1103 4933 ταύτην
1140 4864 1341 4934 προδῶ,
1369 4869 1489 4931 ταῖς
1518 4866 1723 4921 τούτων
1756 4867 1919 4922 πιθα·

343 4943 613 5013 νολογίαις
639 4951 1055 5021 παρατραπείς;
1105 4953 1266 5007 Ἀλλά
1300 4957 1394 5009 καὶ
1418 4957 1641 5028 ἐμαυτῷ
1669 4958 1922 5029 συνεύχο-

346 5051 444 5102 μαι
485 5037 624 5107 μετά
666 5039 763 5108 τῆς
807 5039 1097 5109 ὁμολογίας
1134 5042 1336 5112 ταύτης
1376 5044 1634 5098 ἀπελθεῖν
1667 5045 1794 5114 τρὸς
1825 5045 1921 5100 τὸν

343 5124 568 5197 Κύριον,
610 5131 704 5182 καὶ
731 5130 912 5194 αὐτοῖς
944 5133 1214 5203 παραινῶ,
1247 5133 1445 5188 ἄσυλον
1472 5136 1798 5209 διατηρῆσαι
1823 5137 1921 5209 τὴν

344 5217 548 5282 πίστιν,
583 5221 663 5284 είς
691 5223 903 5294 ἡμέραν
931 5225 1189 5296 Χριστοῦ.
1219 5227 1311 5280 καὶ
1345 5227 1648 5300 ἀχώριστον
1675 5230 1782 5284 ἀπὸ
1809 5233 1922 5286 Πα-

342 5309 470 5378 τρὸς
502 5312 596 5363 καὶ
643 5311 773 5365 Υίοῦ
818 5315 1049 5383 φυλάξαι
1077 5317 1138 5370 τὸ
1163 5317 1383 5390 Πνεῦμα
1419 5353 1434 5379 ,
1581 5321 1679 5392 τὴν
1707 5322 1799 5375 ἐπὶ
1827 5323 1920 5375 τοῦ

344 5396 720 5470 βαπτίσματος
748 5403 1096 5460 διδασκαλίαν
1134 5407 1190 5461 ἐν
1226 5426 1284 5462 τε
1318 5413 1384 5482 τῇ
1415 5412 1674 5484 ὁμολογίᾳ.
1706 5415 1804 5483 τῆς
1835 5414 1918 5464 πί-

343 5503 516 5552 στεως
557 5489 944 5562 διατηροῦντιις
991 5498 1086 5552 καὶ
1131 5500 1189 5552 ὲν
1234 5502 1299 5571 τῇ
1341 5501 1442 5571 τῆς
1479 5502 1635 5574 δόξης
1675 5503 1920 5574 ἀποπλη-

345 5576 532 5642 ρώσει.

949 5663 1060 5717 Τοῦ
1109 5665 1316 5721 αὑτοῦ.

431 5743 546 5799 Τίνι
579 5748 740 5817 edat;
789 5750 893 5808 τίνι
919 5750 1132 5822 θλίψιςς
1165 5755 1271 5809 τίνι
1302 5755 1504 5826 ἀπορία
1546 5758 1641 5812 καὶ
1689 5758 1918 5826 σκότος;

348 5837 463 5890 τίνι
485 5837 674 5893 αἰωνία
692 5841 1014 5909 κατάκρισις
1039 5860 1054 5910 ;
1095 5845 1170 5897 Οὐ
1191 5849 1303 5913 τοῖς
1320 5848 1667 5921 παραϐάταις
1691 5866 1706 5917 ;
1731 5851 1791 5905 ού
1808 5855 1921 5920 τοῖς

672 5934 941 5998 Ριιτιιοι..
977 5936 1232 6002 CXXX.

2023 3228 2124 3285 riis
2161 3227 2349 3294 fuerit,
2379 3228 2429 3283 si
2463 3227 2866 3296 comperiamur
2905 3240 3052 3279 nunc
3093 3223 3306 3294 longius
3341 3222 3533 3277 abesse
3571 3237 3604 3274 a

2027 3300 2205 3376 salute
2243 3325 2458 3384 nostra,
2486 3332 2648 3388 quam
2678 3325 2792 3371 tum
2821 3331 2947 3371 cum
2981 3297 3365 3380 credidimus
3391 3315 3437 3371 si
3483 3327 3606 3382 qua

2027 3427 2158 3472 tunc
2197 3417 2531 3488 recepimus,
2579 3430 2729 3470 nunc
2768 3415 3123 3485 abnegamus.
3160 3412 3262 3466 Par
3304 3420 3358 3466 et
3397 3411 3607 3482 ecquale

2026 3508 2286 3563 damnum
2318 3515 2423 3575 est,
2601 3507 2717 3562 sive
2751 3505 2876 3576 quis
2905 3504 3251 3574 baptismatis
3280 3516 3476 3571 expers
3503 3501 3603 3556 de-

2027 3600 2182 3656 cedat
2207 3602 2275 3655 de
2300 3599 2412 3654 vita
2436 3599 2553 3653 sive
2580 3597 2807 3668 recipiat
2836 3595 3128 3666 baptisma,
3171 3593 3258 3648 cui
3293 3607 3461 3671 unum
3501 3590 3605 3644 ali-

2028 3692 2175 3763 quod
2231 3707 2423 3748 eorum
2487 3705 2610 3760 quae
2658 3688 2860 3744 tradita
2912 3694 3041 3742 sunt
3105 3686 3267 3740 desit.
3325 3683 3391 3738 Et
3454 3681 3606 3752 quis-

2028 3783 2153 3853 quis
2190 3781 2618 3852 professionem,
2645 3794 2806 3848 quam
2832 3778 2886 3832 in
2919 3777 3092 3848 prima
3123 3775 3470 3830 institutione
3505 3774 3607 3828 de-

2029 3871 2331 3940 posuimus,
2365 3886 2487 3927 cum
2516 3869 2729 3924 liberati
2763 3883 2793 3921 a
2832 3866 3142 3923 simulacris
3179 3865 3512 3921 accessimus
3535 3867 3604 3920 ad

2030 3961 2198 4017 Deum
2227 3962 2436 4026 vivum,
2470 3961 2526 4014 in
2551 3959 2700 4014 omni
2721 3966 2966 4028 tempore
2995 3971 3103 4011 non
3128 3963 3328 4018 servat,
3359 3969 3459 4010 nec
3482 3970 3602 4009 eam

2027 4053 2185 4124 quasi
2223 4052 2555 4107 tutissimum
2585 4049 2899 4120 prasidium
2932 4063 3028 4118 per
3053 4054 3222 4101 totam
3251 4061 3405 4103 suam
3435 4047 3604 4101 vitam

2028 4140 2427 4210 complectitur,
2459 4138 2698 4210 seipsum
2746 4137 2981 4192 alienum
3025 4135 3205 4191 reddit
3241 4151 3271 4189 a
3320 4135 3608 4206 promissis

2029 4231 2144 4296 Dei,
2177 4229 2468 4299 suoipsius
2484 4228 2848 4300 chirographo
2874 4241 3204 4299 repugnans,
3232 4226 3377 4297 quod
3406 4225 3460 4280 in
3485 4241 3609 4297 pro-

2027 4320 2266 4378 fessione
2312 4308 2435 4379 fidei
2479 4319 2752 4389 deposuit.
2794 4316 2930 4373 Nam
2965 4317 3012 4372 si
3046 4316 3180 4372 mihi
3211 4316 3338 4372 vita:
3385 4317 3606 4372 initium

2027 4417 2110 4467 est
2130 4410 2460 4481 baptismus,
2477 4408 2543 4464 ad
2567 4409 2774 4464 dierum
2791 4407 3035 4464 omnium
3059 4409 3269 4480 primus
3285 4415 3367 4465 est
3387 4409 3503 4465 dies
3528 4425 3608 4466 re-

1010 4498 1198 4552 πασῶν
1231 4501 1266 4571 ἡ
1294 4502 1350 4556 ἐν
1382 4503 1448 4572 τῇ
1478 4502 1662 4574 χάριτι
1686 4503 1780 4575 τῆς
1809 4505 1921 4557 olo-

2029 4498 2434 4572 generationis;
2475 4499 2828 4570 perspicuum
2861 4504 3037 4554 est‘et
3077 4513 3264 4559 vocem
3305 4499 3452 4557 illam
3489 4514 3607 4556 om-

2028 4593 2178 4646 nium
2221 4590 2673 4663 pretiosissimam
2696 4606 2840 4655 esse,
2862 4606 2984 4661 quae
3016 4590 3070 4647 in
3105 4590 3416 4663 adoptionis
3431 4592 3606 4661 gratia

1979 4693 1987 4701 ‘
2028 4682 2240 4751 prolata
2268 4689 2373 4738 est.
2402 4680 2552 4736 Itane
2581 4682 2746 4752 igitur
2781 4681 3150 4744 traditionem,
3176 4695 3296 4750 qua:
3325 4695 3411 4734 me
3433 4680 3606 4737 addu-

2029 4774 2104 4826 cit
2138 4771 2206 4827 ad
2237 4773 2437 4838 lucem,
2463 4788 2583 4844 quae
2609 4772 2700 4827 Dei
2726 4772 3092 4843 cognitionem
3127 4769 3318 4844 largita
3349 4778 3433 4825 est
3453 4809 3468 4836 ,
3510 4785 3607 4840 per

2028 4882 2191 4937 quam
2225 4866 2399 4923 factus
2437 4881 2558 4922 sum
2589 4867 2730 4921 ﬁlius
2779 4866 2895 4930 Dei,
2926 4865 3020 4934 qui
3060 4864 3215 4935 prius
3244 4872 3463 4935 propter
3485 4879 3606 4939 pec-

2029 4967 2210 5015 catum
2238 4975 2386 5016 eram
2409 4959 2606 5022 hostis,
2634 4959 2906 5021 deseram,
2941 4956 3206 5014 seductus
3232 4957 3463 5012 istorum
3488 4972 3606 5029 spe-

2025 5052 2190 5107 ciosis
2213 5051 2598 5109 sermonibus?
2629 5050 2769 5116 Quin
2795 5049 2976 5118 potius
2997 5058 3052 5108 et
3074 5050 3207 5105 illud
3237 5051 3366 5108 mihi
3388 5066 3600 5122 precor,

2025 5152 2084 5197 ut
2111 5159 2236 5198 cum
2267 5144 2369 5198 hac
2407 5141 2749 5213 professione
2784 5141 3069 5212 contingat
3098 5142 3226 5198 hinc
3252 5141 3513 5197 decedere
3535 5141 3604 5194 ad

2026 5233 2315 5288 Dominum
2347 5253 2359 5289 :
2392 5242 2445 5289 et
2477 5235 2626 5304 ipsos
2663 5234 2874 5301 hortor,
2922 5245 2979 5290 ut
3024 5235 3338 5290 inviolatam
3385 5242 3603 5290 servent

2027 5321 2180 5375 [idem
2216 5337 2388 5392 usque
2411 5323 2478 5376 ad
2511 5323 2652 5378 diem
2687 5323 2915 5389 Christi,
2943 5332 2997 5380 et
3025 5325 3357 5380 indivulsum
3381 5338 3411 5376 a
3441 5321 3603 5379 Patre

2023 5418 2076 5466 ct
2112 5409 2249 5466 Filio
2278 5413 2596 5468 custodiant
2634 5412 2897 5485 Spiritum
2925 5435 2937 5470 :
2964 5415 3270 5470 doctrinam
3301 5412 3601 5482 baptisma~

2024 5504 2095 5558 tis
2127 5515 2241 5557 tum
2275 5503 2328 5557 in
2352 5503 2476 5558 fidei
2505 5504 2871 5574 professione,
2909 5513 3022 5558 tum
3052 5505 3104 5557 in
3138 5504 3322 5572 gloria:
3350 5503 3600 5572 persoluv

2025 5598 2173 5651 tione
2211 5605 2515 5652 servantes.

2682 5667 2952 5739 Ejusdem.

2099 5763 2198 5820 Cui
2250 5765 2372 5819 var?
2436 5764 2523 5819 cui
2581 5762 2842 5818 afﬂictio?
2892 5761 2978 5816 cui
3025 5758 3270 5834 angustia
3332 5780 3394 5821 ac
3445 5772 3601 5823 tene-

2031 5859 2179 5916 ι)ιωῖ
2208 5858 2296 5916 cui
2325 5857 2653 5928 sempiterna
2688 5855 3118 5914 condemnatio?
3156 5856 3351 5915 Nonne
3386 5875 3590 5928 praeva-

3207 5951 3282 6009 2h
