4078 6292
313 407 419 470 769

1242 415 1610 477 ΡΑΝΟΡΙᾸΑ
1661 419 2115 479 DOGMATICA.
2149 447 2214 456 —
2241 418 2366 478 TlT
2427 419 2560 482 ΧΗ.

3448 429 3550 487 τευ

314 530 470 600 παρὰ
481 533 620 600 τοὺς
627 539 917 607 μετόχους
931 545 1317 602 σου,Φαίνεται
1337 551 1532 622 μέντςιί
1556 555 1610 605 Ἀ
1619 555 1873 620 πόστολὸς

1997 554 2166 608 solius
2216 551 2454 621 Spiritus
2503 550 2697 604 fecisse
2736 551 3062 605 mentionem
3118 550 3170 602 in
3208 550 3552 619 baptismate.

315 638 446 674 ποτε
476 625 567 676 καὶ¹
605 627 766 694 μόνον
797 631 888 682 τοῦ
935 633 1250 704 Πνεύματος
1280 641 1370 692 ἐπὶ
1395 641 1485 693 τοῦ
1518 625 1892 715 βαπτίσματος

317 715 713 806 μνημονεύσας.
761 719 983 787 Πάντες
1038 726 1164 795 γὰρ,
1194 729 1378 798 φησὶν,
1422 733 1490 784 ἐν
1526 733 1615 786 ἐνὶ
1663 735 1891 806 σώματι

316 803 400 898 τίς
431 801 500 898 ἐκ
527 806 770 898 Humilia
807 811 1269 885 ἐϐαπτίσθημεν.
1318 821 1606 891 Συμφωνεῖ
1632 825 1687 878 δὲ
1717 801 1891 898 τούτῳ

311 892 412 987 καὶ.⁸
446 893 528 956 τὸ,
592 896 787 987 ’λΥμεῖς
825 901 893 954 δὲ
931 905 1432 975 βαπτισθήσεσθε
1487 915 1555 967 ἐν
1594 892 1889 987 Πνεῦματί

310 978 456 1077 (ig-{rp
476 997 488 1010 '
529 985 624 1037 καὶ
660 987 740 1049 τὸ,
771 991 963 1057 Αὐτὸς
996 995 1152 1062 ὑμᾶς
1178 998 1465 1060 βαπτίσει
1494 1003 1564 1057 ἐν
1592 978 1887 1077 "redimet

309 1075 474 1144 ἁγίῳ.
514 1077 653 1130 Ἀλλ’
681 1079 740 1131 οὐ
774 1081 924 1152 παρὰ
952 1084 1109 1137 τοῦτο
1146 1088 1348 1142 τέλειον
1377 1092 1440 1144 ἄν
1468 1110 1552 1158 τις
1745 1075 1886 1152 εἴποι

311 1165 617 1238 βάπτισμα,
656 1163 701 1236 ᾧ
737 1172 894 1241 μόνον
943 1176 1002 1228 τὸ
1049 1176 1219 1249 ὄνομα
1261 1181 1360 1234 τοῦ
1412 1186 1727 1256 Πνεύματος
1786 1193 1884 1245 ἐπ-

575 1261 694 1332 Χρὴ
714 1262 821 1335 γὰρ
849 1265 1200 1336 ἀπαράϐατον
1235 1273 1414 1342 μένειν
1444 1277 1531 1329 ἀεὶ
1699 1282 1797 1352 τὴν
1828 1285 1884 1335 ἐν

309 1351 374 1442 τῇ
422 1348 672 1442 ζωοποιῷ
730 1355 910 1425 χάριτι
968 1358 1257 1432 δεδομένην
1307 1366 1623 1437 παράδοσιν.
1669 1371 1726 1424 ’0
1776 1371 1883 1442 γάρ

305 1437 723 1512 λυτρωσάμενος
761 1446 824 1496 ἐκ
856 1447 1062 1518 φθορᾶς
1099 1450 1196 1520 τὴν
1226 1453 1370 1524 ζωὴν
1411 1457 1567 1526 ἡμῶν
1600 1459 1760 1512 ἔδωκε
1789 1461 1880 1513 δύ-

305 1547 470 1600 ναμιν
501 1535 636 1603 ἡμῖν
663 1537 1099 1604 ἀνακαινώσεως,
1139 1544 1375 1615 ἄρρητον
1407 1547 1504 1616 μὲν
1533 1548 1758 1618 ἔχουσαν
1785 1553 1878 1622 τὴν

2002 645 2192 699 Omnes
2215 645 2382 710 enim,
2416 643 2618 713 inquit,
2656 644 2708 696 in
2741 659 2840 695 uno
2867 658 3081 710 corpore
3102 643 3155 695 in
3187 659 3346 695 unum
3383 642 3552 710 Spiri~

1996 745 2103 788 tum
2136 735 2392 802 baptizati
2422 734 2661 786 smnus‘.
2701 732 2795 786 llis
2838 741 2890 787 et
2938 731 3068 784 illud
3116 739 3400 794 consonat,
3457 731 3554 785 i'os

1991 835 2163 880 autem
2222 825 2624 894 baptizabimini
2670 825 2724 877 in
2774 824 2975 891 Spiritu
3025 825 3273 889 sancto';
3321 832 3393 886 et,
3435 823 3556 893 Ipse

1990 934 2076 971 vos
2116 915 2398 984 baptizabit
2428 917 2480 968 in
2519 914 2718 983 Spiritu
2747 924 2928 968 sancto
2951 914 2988 967 ³.
3020 915 3086 966 At
3131 929 3234 966 non
3274 913 3397 965 ideo
3432 914 3555 981 quis

1989 1005 2188 1058 dixerit
2221 1004 2522 1073 perfectum
2554 1018 2676 1057 esse
2703 1003 2993 1072 baptisma,
3028 1004 3080 1056 in
3108 1019 3215 1072 quo
3233 1003 3409 1056 solum
3435 1003 3556 1070 Spi-

1989 1090 2128 1142 ritus
2163 1104 2360 1142 nomen
2389 1089 2707 1141 invocatum
2729 1095 2832 1141 est.
2871 1087 3092 1156 Oportet
3140 1087 3284 1140 enim
3326 1087 3554 1139 inviolao

1988 1181 2149 1235 bilem
2177 1195 2394 1249 semper
2422 1194 2642 1233 manere
2681 1178 3050 1240 traditionem,
3101 1194 3220 1248 quae
3256 1178 3307 1230 in
3339 1176 3550 1230 vivitica

1988 1272 2159 1341 gratia
2192 1271 2315 1324 data
2347 1278 2450 1324 est.
2481 1269 2616 1324 Nam
2649 1271 2813 1323 vitam
2842 1280 3084 1322 nostram
3116 1269 3180 1320 de
3205 1268 3552 1336 corruptione

1989 1362 2082 1432 qui
2117 1363 2388 1424 liberavit,
2419 1369 2745 1431 potestatem
2770 1361 2927 1416 nobis
2963 1361 3328 1414 renovatiouis
3363 1359 3547 1413 dedit:

1989 1468 2109 1521 qum
2137 1461 2377 1520 petestas
2412 1468 2634 1508 causam
2671 1452 2833 1506 habet
2863 1452 3213 1514 ineﬂabilem,
3248 1460 3302 1506 et
3336 1453 3388 1506 in
3431 1467 3548 1522 my-

1987 1542 2153 1596 sterio
2192 1543 2552 1608 reconditam,
2604 1542 2696 1596 sed
2729 1558 2976 1612 magnam
3010 1543 3292 1596 animabus
3317 1543 3549 1596 salutem

303 1623 483 1676 αἰτίαν
534 1626 628 1678 καὶ
679 1629 736 1680 ἐν
768 1633 1049 1702 μυστηρίῳ
1099 1637 1485 1708 κατεχομένην,
1540 1640 1778 1710 μεγάλην
1826 1643 1873 1695 δὲ

1987 1635 2384 1698 conferentem,
2415 1643 2474 1689 ut
2517 1635 2811 1704 quidquam
2871 1634 3068 1688 addere
3124 1642 3216 1687 aut
3264 1633 3550 1688 detrahere

301 1715 423 1776 ταῖς
456 1713 656 1785 ψυχαῖς
689 1717 784 1789 τὴν
815 1723 1085 1792 σωτηρίαν
1116 1725 1402 1795 φέρουσαν·
1434 1729 1572 1781 ὥστε
1613 1730 1674 1783 τὸ
1716 1750 1883 1804 προσ⁸

301 1803 474 1857 θεῖναί
502 1823 554 1858 τι
610 1807 642 1876 ἢ
701 1809 917 1877 ἀφελεῖν
953 1812 1096 1882 ζωῆς
1131 1816 1245 1868 ἐστι
1277 1816 1376 1885 τῆς
1401 1819 1568 1871 ἀῖδίου
1605 1822 1883 1893 προδήλως

299 1895 594 1960 ἑκπτωσις.
630 1900 690 1951 Εἰ
736 1900 912 1953 τοίνυν
959 1904 1016 1954 ἐν
1053 1904 1130 1975 τῷ
1166 1904 1506 1978 βαπτίσματι
1549 1913 1577 1964 ὁ
1607 1915 1883 1983 χωρισμὸς

296 1986 396 2038 τοῦ
425 1987 741 2058 Πνεύματος
766 1991 872 2044 ἀπὸ
900 1993 1113 2064 Πατρὸς
1141 1997 1232 2048 καὶ
1258 1995 1388 2050 Υίοῦ
1417 2001 1750 2064 ἐπικίνδυνος
1783 2005 1880 2072 μὲν

295 2077 379 2148 τῷ
408 2077 746 2147 βαπτίζοντι,
778 2082 1058 2154 ἀνωφελὴς
1082 2085 1139 2138 δὲ
1171 2087 1248 2156 τῷ
1281 2089 1573 2161 δεχομένῳ,
1610 2091 1724 2156 πῶς
1746 2095 1880 2164 ἡμῖν

295 2168 541 2236 ἀσφαλὲς
591 2171 698 2224 ἀπὸ
729 2173 940 2243 Harpe;
974 2177 1066 2227 ml.
1104 2175 1232 2229 Υἱοῦ
1259 2177 1490 2249 διασπᾷν
1517 2181 1574 2233 τὸ
1621 2183 1876 2252 Πνεῦμα;

295 2258 492 2323 Ιῐίστις
522 2260 579 2312 δὲ
627 2262 720 2314 καὶ
765 2261 1048 2336 βάπτισμα
1090 2266 1182 2319 δύο
1213 2267 1400 2338 τρόποι
1437 2271 1534 2340 τῆς
1587 2273 1877 2343 σωτηρίας,

296 2353 570 2419 συμφυεῖς
617 2353 864 2424 ἀλλήλοις
905 2356 998 2408 καὶ
1032 2357 1344 2427 ἀδιαίρετοι.
1390 2361 1578 2424 Πίστις
1624 2364 1723 2433 μὲν
1772 2363 1878 2434 γὰρ

291 2439 597 2494 τελειοῦται
632 2442 720 2495 διὰ
759 2443 1153 2514 βαπτίσματος,
1187 2447 1468 2520 βάπτισμα
1509 2451 1565 2503 δὲ
1601 2452 1880 2523 θεμελιοῦ-

290 2547 390 2584 ται
561 2532 648 2586 διὰ
673 2535 772 2601 τῆς
805 2537 1058 2600 πίστεως,
1090 2539 1184 2591 καὶ
1208 2539 1294 2592 διὰ
1333 2541 1440 2594 τῶν
1470 2543 1651 2596 αὐτῶν
1682 2545 1879 2614 ὀνομά-

290 2639 406 2676 των
427 2623 663 2694 ἑκάτερα
693 2624 1015 2695 πληροῦται.
1065 2628 1152 2690 Ὡς
1173 2628 1281 2700 γὰρ
1311 2631 1638 2702 πιστεύομεν
1665 2636 1744 2698 εἰς
1768 2635 1877 2688 Πα-

288 2711 431 2782 τέρα
463 2713 557 2766 καὶ
589 2714 712 2766 Υἱὸν
746 2716 838 2769 καὶ
881 2718 1032 2784 ἅγιον
1064 2719 1303 2790 Πνεῦμα,
1353 2720 1496 2775 οὕτω
1537 2725 1630 2776 καὶ
1677 2727 1875 2795 βαπτι-

288 2803 504 2873 ζόμεθα
533 2805 613 2865 εἰς
661 2796 721 2857 τὸ
743 2806 911 2875 ὄνομα
956 2807 1048 2860 τοῦ
1096 2809 1308 2880 Πατρὸς
1354 2812 1447 2864 καὶ
1484 2814 1576 2866 τοῦ
1621 2815 1748 2870 Υἱοῦ
1783 2819 1876 2872 καὶ

286 2895 390 2947 τοῦ
429 2895 584 2963 ἁγίου
626 2896 958 2966 Πνεύματος.
997 2897 1099 2951 Καὶ
1137 2901 1366 2969 προάγει
1413 2903 1512 2972 μὲν
1546 2907 1578 2974 ἡ
1615 2906 1875 2976 ὁμολογία

288 2984 436 3054 πρὸς
469 2985 568 3055 τὴν
618 2985 896 3060 σωτηρίαν
939 2987 1270 3054 εἰσάγουσα·
1319 2993 1674 3046 ἐπακολουθεῖ
1709 2996 1766 3049 δὲ
1812 2998 1872 3048 τὸ

287 3073 581 3142 βάπτισμα
618 3073 1010 3144 ὲπισφραγίζον
1039 3076 1194 3146 ἡμῶν
1222 3077 1320 3148 τὴν
1351 3083 1766 3148 συγκατάθεσιν.

279 3171 490 3250 Attia;
516 3171 810 3250 ἀῃςὸοονις
832 3177 930 3231 διὰ
962 3178 1020 3230 τί
1056 3182 1110 3233 οι
1145 3181 1386 3250 ἄγγελοι
1409 3181 1590 3248 "arpi
1620 3182 1717 3235 καὶ
1749 3181 1858 3247 Υἱῷ

315 3239 489 3305 παρὰ
512 3240 588 3306 τῷ
607 3239 822 3314 nam,»
834 3239 1459 3320 συμπαρελήξθησαν.
1479 3239 1702 3320 Κέερὰλ.
1727 3259 1814 3321 ιγ’.

366 3331 536 3386 Ἀλλὰ
568 3337 658 3388 καὶ
681 3337 865 3410 ἔτερα,
933 3343 1092 3411 φησὶ,
1150 3342 1634 3412 συναριθμούμενα
1684 3341 1860 3410 Πατρὶ

283 3433 382 3485 καὶ
424 3429 562 3501 Υἱῷ,
595 3433 715 3504 οὐχὶ
737 3433 833 3488 καὶ
865 3434 1242 3502 συνδοξάζεται
1277 3436 1511 3501 πάντως.
1548 3439 1635 3502 Ὠς
1664 3440 1692 3491 ὁ
1722 3440 1870 3492 Ἀπό-

284 3519 481 3582 στολος
529 3521 794 3588 ἀγγέλους
830 3523 1298 3593 συμπαρελάϐετο,
1329 3527 1408 3588 είς
1448 3527 1542 3598 τὴν
1573 3528 1870 3599 διαμαρτυ-

287 3608 422 3679 ρίαν
587 3611 683 3680 τὴν
711 3611 804 3663 ἐπὶ
852 3613 1113 3682 Τιμοθέου
1158 3613 1358 3682 λέγων’
1409 3618 1870 3688 Διαμαρτύρομαι

283 3712 388 3750 σοι
437 3697 692 3752 ἐνώπιον
718 3701 823 3754 τοῦ
853 3702 1000 3756 Θεοῦ
1044 3703 1144 3756 καὶ
1187 3704 1447 3771 Χριστοῦ
1505 3707 1731 3775 Ἰησοῦ,
1769 3710 1867 3762 καὶ

283 3787 414 3842 τῶν
438 3789 741 3843 ἐκλεκτῶν
765 3792 950 3845 αὐτοῦ
969 3792 1240 3863 ἀγγέλων
1260 3810 1275 3824 ·
1301 3794 1394 3857 οὓς
1420 3794 1542 3848 οὔτε
1570 3796 1869 3868 ἀλλοτριοῦ-

286 3895 389 3948 μεν
445 3879 546 3948 τῆς
597 3878 787 3950 λοιπῆς
829 3881 1074 3946 κτίσεως,
1125 3882 1246 3935 οὔτε
1276 3885 1448 3954 Πατρὶ
1481 3885 1574 3938 καὶ
1604 3884 1718 3956 Υἱῷ
1750 3905 1876 3940 συν-ρ

289 3968 552 4040 αριομεῖν
581 3969 897 4040 ἀνεχόμεθα.
918 3971 1056 4039 Ἐγὼ
1073 3972 1149 4035 δὲ,
1173 3974 1219 4024 εἰ
1245 3975 1337 4024 καὶ
1363 3974 1630 4044 μηδεμιᾶς
1651 3976 1871 4046 ἀποκρί-

283 4078 430 4123 σεως
473 4059 622 4124 ἄξιος
670 4062 698 4112 ὁ
749 4061 922 4130 λόγος.
961 4062 1101 4116 οὕτω
1150 4064 1438 4134 πρόχειρον
1487 4066 1587 4136 τὴν
1642 4066 1869 4118 ἀτοπίαν

1983 1725 2143 1794 plane
2172 1723 2244 1779 sit
2289 1725 2358 1777 ab
2388 1732 2590 1778 aeterna
2652 1725 2759 1777 vita
2793 1724 3060 1778 excidere.
3109 1723 3341 1778 Proinde
3391 1724 3438 1778 si
3494 1724 3548 1776 iu

1982 1813 2252 1882 baptismo
2299 1828 2552 1882 separare
2601 1813 2861 1881 Spiritum
2914 1828 2944 1865 a
2979 1815 3138 1864 Patre
3189 1821 3242 1884 et
3286 1810 3444 1874 Filio,
3491 1819 3550 1863 ut

1935 1901 2350 1970 -periculosum
2381 1908 2467 1954 est
2522 1901 2838 1969 baptizanti,
2901 1899 2973 1952 ita
3024 1901 3350 1968 baptismum
3404 1899 3548 1951 aeri-

1983 1993 2148 2062 pienti
2185 1992 2408 2056 inutile;
2440 1991 2714 2061 quomodo
2748 1990 2903 2045 nobis
2937 1999 3111 2044 tutum
3161 1990 3322 2043 fuerit
3362 2005 3391 2043 a
3439 1988 3542 2042 Pa-

1981 2094 2062 2138 tre
2101 2093 2153 2138 et
2188 2083 2325 2137 Filio
2371 2083 2677 2138 distrahere
2723 2082 3033 2152 Spiritum?
3079 2081 3239 2136 Fides
3271 2090 3452 2135 autem
3492 2089 3548 2136 et

1980 2172 2249 2241 baptisma
2303 2172 2412 2227 duo
2447 2182 2574 2226 sunt
2601 2174 2746 2227 modi
2781 2173 3036 2242 paranda:
3061 2173 3277 2236 salutis,
3310 2173 3452 2228 inter
3486 2187 3548 2227 se

1979 2265 2195 2334 cognati
2227 2273 2274 2318 et
2322 2265 2733 2334 inseparabilcs.
2780 2263 2913 2318 Nam
2949 2263 3078 2319 fides
3119 2263 3400 2333 perﬁcitur
3447 2278 3544 2332 per

1981 2358 2334 2426 baptismum,
2525 2357 2829 2426 baptismus
2883 2370 3010 2408 vero
3056 2355 3311 2410 fundatur
3344 2371 3438 2424 per
3485 2354 3546 2407 ﬁ-

1985 2445 2128 2508 dem,
2162 2453 2214 2500 et
2245 2454 2473 2515 utraque
2509 2462 2596 2500 res
2630 2462 2724 2515 per
2747 2445 2935 2499 eadem
2999 2446 3215 2499 nomina
3267 2447 3540 2516 impletur.

1982 2536 2134 2592 Sicut
2167 2540 2312 2594 enim
2337 2540 2613 2594 credimus
2648 2539 2700 2592 in
2736 2537 2948 2592 Patrem
2987 2547 3040 2594 et
3075 2537 3267 2591 Filium
3312 2548 3368 2593 et
3413 2538 3538 2607 Spi-

1978 2630 2140 2684 ritum
2172 2638 2443 2694 sanctum,
2475 2630 2555 2684 sic
2575 2638 2629 2684 et
2656 2630 2996 2698 baptizamur
3025 2629 3078 2682 in
3115 2629 3336 2684 nomine
3358 2628 3540 2683 Patris

1975 2729 2030 2774 et
2061 2717 2182 2772 Filii
2210 2727 2264 2772 et
2296 2719 2532 2789 Spiritus
2563 2719 2762 2774 sancti.
2790 2717 3142 2787 Aepraeccdit
3169 2719 3386 2786 quidem
3413 2732 3542 2786 pro-

1977 2807 2144 2864 fessio
2175 2809 2240 2863 ad
2274 2809 2502 2862 salutem
2540 2808 2842 2879 perducens
2871 2825 2884 2868 ;
2933 2809 3184 2876 sequitur
3219 2815 3398 2863 autem
3446 2808 3542 2861 ba-

1978 2900 2175 2968 ptisma
2212 2901 2543 2970 cons‘gnans
2577 2915 2862 2954 assensum
2894 2907 3164 2953 nostrum.

1968 3182 2148 3247 Quare
2171 3180 2309 3248 apud
2339 3177 2569 3232 Paulum
2590 3179 2760 3245 angeli
2789 3179 3082 3232 nauticum
3117 3178 3276 3232 Patre
3317 3188 3362 3231 et
3395 3176 3538 3232 Fiiio

2420 3249 2803 3318 adjunguntur.
2841 3250 2972 3319 Cap.
3001 3250 3085 3303 15.

2035 3344 2200 3412 Atqui
2255 3353 2310 3398 et
2365 3342 2470 3397 alia
2516 3349 2666 3406 sunt,
2726 3341 2998 3411 inqoiunt,
3061 3357 3182 3411 qua:
3232 3343 3391 3395 simul
3436 3338 3541 3392 Pa-

1970 3429 2040 3482 tri
2074 3438 2128 3484 et
2165 3427 2304 3484 Filio
2329 3437 2786 3489 annumerantur,
2830 3443 2931 3482 nec
2965 3439 3143 3484 tamen
3179 3430 3441 3484 continuo
3467 3430 3538 3485 si-

1970 3518 2082 3570 mul
2108 3532 2231 3570 cum
2274 3517 2382 3571 illis
2421 3517 2815 3588 glorificantur.
2855 3516 3033 3572 Veluti
3068 3535 3190 3571 cum
3239 3519 3535 3587 Apostolus

1971 3611 2254 3666 obtestans
2291 3608 2661 3673 Timotheum,
2721 3611 2941 3679 angelos
2975 3612 3135 3665 simul
3175 3610 3414 3666 adducit.
3453 3612 3539 3664 di-

1971 3713 2103 3752 cens
2133 3717 2145 3751 :
2182 3696 2429 3752 Obtestor
2465 3709 2512 3752 te
2545 3698 2597 3751 in
2630 3709 2906 3767 conspectu
2939 3699 3052 3761 Dei,
3081 3709 3127 3752 et
3157 3699 3354 3753 Christi
3385 3699 3534 3757 Iesu,

1973 3798 2022 3842 et
2076 3788 2358 3841 electorum
2411 3788 2524 3856 ejus
2588 3787 3145 3857 arigelorum‘2quos
3195 3797 3374 3842 tamen
3424 3807 3531 3843 non

1971 3879 2194 3933 minime
2222 3894 2541 3949 separamus
2567 3895 2595 3931 τι
2626 3879 2848 3948 reliquis
2888 3879 3171 3942 creaturis,
3204 3893 3381 3948 neque
3411 3895 3537 3934 sus-

1970 3973 2208 4025 tinemus
2239 3985 2332 4024 eos
2381 3968 2526 4024 Patri
2554 3978 2607 4024 et
2640 3969 2776 4022 Filio
2808 3985 3190 4024 annumerare.
3234 3969 3344 4036 Ego
3383 3983 3534 4038 vero,

1974 4063 2189 4118 tametsi
2215 4063 2302 4118 hic
2345 4077 2527 4118 sermo
2577 4062 2721 4116 nulla
2771 4062 2969 4132 dignus
3019 4071 3101 4116 est
3151 4062 3534 4133 responsione.

285 4149 449 4220 ἔχων,
480 4151 631 4219 ὅμως
669 4153 846 4204 ὲκεῖνο
888 4152 1050 4220 λέγω,
1081 4154 1161 4206 ὅτι
1198 4155 1448 4226 μάρτυρα
1478 4157 1577 4227 μὲν
1607 4157 1699 4208 καὶ
1738 4156 1868 4226 ὀμόο

1977 4162 2086 4207 tam
2131 4153 2479 4208 manifestam
2528 4153 2824 4224 praeferens
2875 4153 3294 4219 absurditatem,
3353 4161 3531 4207 tamen

283 4239 471 4292 δουλον
516 4239 580 4292 ἄν
609 4258 691 4304 τις
725 4243 884 4311 τυχὸν
929 4246 1338 4314 παραστήσαιτο
1383 4248 1544 4318 πρᾴῳ
1576 4248 1732 4319 κριτῇ
1772 4248 1867 4300 καὶ

284 4332 506 4402 ἡμέρῳ,
545 4332 635 4384 καὶ
658 4331 890 4402 μάλιστα
921 4334 986 4404 δὴ
1014 4337 1070 4386 ὲν
1099 4337 1165 4405 τῇ
1198 4336 1331 4406 πρὸς
1357 4339 1480 4400 τοὺς
1517 4339 1866 4409 κρινομένους

285 4425 562 4494 ἐπιεικείᾳ
586 4424 645 4476 τὸ
669 4426 1056 4496 ἀναντίρρητον
1082 4427 1180 4496 τῆς
1215 4428 1321 4480 των
1351 4431 1631 4500 κριμάτων
1663 4431 1864 4484 δικαιο-

287 4513 454 4585 σύνης
484 4515 866 4568 ἑπιδεικνύντι.
913 4516 1223 4586 Ἐλεύθερος
1253 4517 1308 4569 δὲ
1349 4515 1486 4572 εἶναι
1517 4520 1623 4572 ἀπὸ
1652 4519 1861 4584 δούλου,

284 4606 379 4658 καὶ
405 4607 538 4667 Υἱὸς
566 4605 830 4677 κληθῆναι
863 4606 1017 4670 Θεοῦ,
1062 4607 1153 4662 καὶ
1199 4609 1594 4679 ζωοποιηθῆναι
1635 4610 1743 4662 ἀπὸ
1770 4609 1864 4662 θα-

283 4697 473 4760 νάτου,
507 4698 635 4767 παρ’
671 4697 880 4762 οὐδενὸς
908 4698 1092 4770 ἑτέρου
1132 4699 1350 4752 δύναται
1381 4699 1412 4769 ἢ
1448 4699 1596 4769 παρὰ
1627 4700 1720 4753 τοῦ
1763 4703 1862 4772 τὴν

285 4786 432 4840 κατά
466 4786 628 4854 φύσιν
657 4788 960 4859 οἰκειότητα
982 4789 1336 4860 κεκτημένου,
1367 4790 1461 4843 καὶ
1482 4790 1580 4861 τῆς
1611 4790 1862 4861 δουλικῆς

286 4879 452 4944 ἀξιας
489 4881 934 4950 ἀπηλλαγμένου.
964 4880 1088 4943 Πῶς
1123 4879 1231 4951 γὰρ
1265 4879 1532 4932 οἰκειώσει
1560 4879 1676 4949 Θεῷ
1715 4881 1743 4932 ὁ
1772 4881 1866 4932 ἀλ-

284 4970 534 5042 λότριος
587 4974 701 5036 πῶς
737 4973 791 5025 δὲ
841 4970 1210 5042 ἐλευθερώσει,
1257 4971 1416 5035 αὐτὸς
1457 4972 1636 5042 ἔνοχος
1680 4972 1754 5024 ὢν
1786 4970 1864 5044 τῷ

283 5061 443 5130 ζυγῷ
469 5063 566 5132 τῆς
593 5063 833 5126 δουλείας
858 5081 870 5125 ;
903 5063 1063 5114 Ὥστε
1089 5062 1186 5114 ούκ
1213 5065 1294 5130 ἐφ’
1325 5062 1528 5132 ὁμοίοις
1695 5065 1863 5118 Πιςεύ-

285 5155 466 5221 ματὸς
527 5157 644 5206 ἐστι
703 5157 796 5208 καὶ
851 5153 1099 5222 ἀγγέλων
1145 5155 1177 5224 ἡ
1224 5156 1429 5225 μνήμη,
1479 5155 1611 5208 ἀλλὰ
1662 5158 1720 5209 τὸ
1764 5160 1862 5228 μὲν

281 5243 536 5312 Πνεῦμα,
579 5244 654 5307 ὡς
709 5245 856 5315 ζωῆς
903 5245 1109 5317 κύριον,
1141 5247 1188 5296 οἱ
1221 5245 1264 5298 δ’
1298 5245 1516 5312 ἄγγελοι
1555 5247 1628 5308 ὡς
1681 5247 1860 5315 βοηθοὶ

277 5333 392 5390 τῶν
438 5337 766 5406 ὁμοδούλων,
812 5338 904 5390 καὶ
947 5337 1126 5388 πιστοὶ
1175 5335 1448 5406 μάρτυρες
1481 5340 1576 5406 τῆς
1609 5337 1862 5406 ἀληθείας

279 5426 835 5498 παραλαμϐάνονται.
877 5429 1035 5490 ’Ἑθος
1069 5428 1179 5499 γὰρ
1210 5431 1319 5490 τοῖς
1360 5428 1554 5494 ἁγίοις,
1588 5429 1684 5491 τὰς
1717 5433 1862 5482 ἐντο-

274 5517 380 5582 λὰς
427 5518 525 5570 τοῦ
562 5520 692 5573 Θεοῦ
728 5521 819 5572 ἐπί
855 5521 1143 5591 μαρτύρων
1200 5520 1421 5573 διδόναι’
1449 5520 1523 5583 ὡς
1569 5521 1658 5573 καὶ
1702 5520 1863 5585 αὐτὸς

273 5602 441 5671 οὗτός
482 5627 608 5674 φησι
639 5612 913 5680 Ἰ“ιμοθέι;›’
955 5614 1019 5664 Ἀ
1053 5611 1380 5679 παρέλαϐες
1421 5614 1554 5680 :mp‘
1579 5613 1724 5681 ἐμοῦ
1763 5613 1862 5665 ἐπὶ

367 5881 430 5935 ³1
465 5881 592 5940 Cor.
625 5902 717 5952 vn,
765 5888 848 5942 l3.
926 5891 946 5922 '
981 5895 1096 5947 Act.
1131 5908 1167 5960 ι,
1201 5891 1254 5948 5.
1343 5895 1361 5927 ³
1397 5893 1526 5950 Luc.
1575 5911 1654 5961 Ill,
1693 5897 1752 5951 16

1967 4247 2100 4301 illud
2130 4247 2272 4310 dico,
2300 4247 2444 4315 quod
2469 4260 2796 4300 conservum
2827 4244 2988 4299 etiam
3035 4250 3227 4300 testem
3255 4245 3396 4302 forte
3436 4247 3535 4299 ali-

1969 4337 2092 4407 quis
2127 4337 2362 4392 adducat
2390 4337 2529 4406 apud
2565 4343 2908 4391 mansuetum
2942 4351 3005 4389 ac
3041 4337 3362 4407 placabilem
3389 4337 3534 4407 judi-

1967 4445 2105 4491 cem,
2143 4429 2346 4498 quique
2379 4427 2613 4483 maxime
2636 4444 2735 4483 sua
2766 4429 2818 4480 in
2852 4443 2947 4482 eos
2976 4429 3069 4497 qui
3100 4427 3418 4497 judieeutur
3458 4431 3534 4485 le-

1966 4520 2139 4573 nitate
2172 4519 2394 4572 minime
2427 4517 2653 4571 dubiam
2687 4523 2741 4570 et
2769 4517 3533 4587 controversamiudiciorum

1967 4611 2276 4680 aequitatem
2308 4609 2662 4662 demonstrat.
2707 4606 2972 4660 Cancrum
3026 4615 3083 4660 ut
3123 4607 3319 4676 aliquis
3352 4606 3438 4659 fiat
3466 4609 3534 4659 lin

1968 4702 2064 4756 ber
2093 4716 2122 4754 e
2151 4714 2326 4762 servo,
2381 4706 2543 4767 atque
2568 4707 2791 4753 vocetur
2826 4697 2994 4752 Filius
3042 4697 3157 4763 Dei,
3189 4707 3241 4752 et
3283 4713 3311 4751 a
3363 4708 3535 4753 morte

1968 4799 2255 4848 revocetur
2285 4791 2350 4842 ad
2382 4790 2567 4855 vitam,
2620 4807 2648 4844 a
2681 4792 2831 4845 nullo
2875 4791 2981 4843 alio
3028 4797 3205 4859 potest
3236 4789 3376 4855 dari,
3429 4791 3534 4843 nisi

1963 4882 2032 4937 ab
2058 4897 2122 4937 eo
2146 4879 2237 4950 qui
2273 4880 2573 4934 naturalem
2620 4875 2781 4931 habet
2830 4875 3143 4928 societatem
3177 4879 3230 4927 et
3279 4888 3308 4925 a
3353 4873 3535 4926 servili

1966 4973 2278 5027 conditione
2334 4982 2414 5027 est
2480 4972 2708 5024 alienus.
2761 4964 3044 5032 Quomodo
3093 4965 3240 5020 enim
3305 4963 3540 5019 sociabit

1969 5064 2096 5131 Deo,
2123 5066 2216 5135 qui
2251 5064 2366 5132 ipse
2398 5073 2479 5116 est
2523 5059 2776 5114 alienus?
2826 5057 3108 5128 quomodo
3159 5057 3360 5112 liberos
3411 5056 3537 5110 red-

1965 5157 2076 5218 det,
2108 5157 2200 5225 qui
2229 5155 2343 5224 ipse
2378 5161 2459 5207 est
2499 5153 2630 5220 jugo
2671 5149 2952 5207 servitutis
3001 5148 3310 5204 obnoxius?
3353 5147 3534 5215 Itaque

1966 5263 2073 5302 non
2104 5247 2175 5300 ob
2205 5246 2395 5300 eadem
2441 5245 2497 5296 lit
2533 5243 2770 5312 Spiritus
2820 5253 2873 5299 et
2919 5245 3233 5314 angelorum
3286 5242 3488 5296 mentio
3521 5259 3535 5293 :

1967 5339 2060 5394 sed
2116 5338 2354 5408 Spiritus
2402 5344 2867 5391 commemoratur
2923 5346 3184 5406 tanquam
3235 5342 3426 5385 auctor
3475 5346 3539 5384 ac

1966 5431 2229 5486 Dominus
2259 5432 2400 5495 vitae,
2442 5432 2615 5500 angeli
2665 5446 2795 5484 vero
2831 5440 3090 5499 tanquam
3143 5441 3535 5480 conservorqu

1965 5523 2270 5594 aijutorcs,
2334 5523 2629 5590 ﬁdeiesque
2676 5522 2926 5575 veritatis
2973 5527 3138 5573 testes
3186 5516 3532 5570 adhibentur.

1967 5615 2248 5684 Siquidem
2281 5631 2398 5670 mos
2429 5623 2510 5670 est
2561 5614 2789 5680 sanctis,
2847 5611 2939 5665 Dei
2985 5617 3255 5680 przecepta
3305 5609 3536 5665 testibus

1845 5898 1863 5930 ⁸
1897 5897 2078 5956 lTim.
2106 5917 2158 5969 ν,
2195 5901 2283 5955 2!.
