4078 6292
479 412 586 477 Ἶῖιί

1723 420 2100 484 EUTllYMIl
2161 419 2519 483 ZlGABENI

3626 425 3729 487 752

481 545 743 601 adhibitis
769 546 1015 614 tradere;
1068 550 1211 604 sicut
1262 553 1427 606 etiam
1465 551 1554 607 hic
1604 552 1719 622 ipse
1770 556 1839 608 ad
1876 554 2040 609 Timo

2151 545 2398 603 πολλῶν
2411 549 2746 617 μαρτύρων,
2764 547 2948 605 ταῦτα
2969 550 3234 620 παράθου
3256 553 3485 619 πιστοῖς
3513 554 3730 623 ἀνθρώ-

480 638 665 692 theum
704 637 946 708 loquitur
979 657 992 693 :
1024 640 1157 705 Qum
1200 644 1449 711 accepisti
1470 661 1504 695 a
1536 660 1616 697 me
1642 661 1823 700 coram
1869 647 2050 702 inultis

479 727 719 792 testibus,
746 745 807 781 ea
830 728 1025 796 depone
1062 731 1202 799 apud
1236 731 1418 799 ﬁddes
1454 733 1690 789 homines
1736 739 1773 790 ⁸.
1807 734 1874 789 Et
1900 752 2048 791 utine

477 820 699 887 angelos
747 826 1057 883 attestatur,
1111 822 1295 879 sciens
1343 825 1567 894 angelos
1613 826 1820 895 pariter
1855 826 2049 882 aﬂ‘utu—

475 928 568 965 ros
594 912 788 979 judici,
822 927 944 966 cum
963 915 1177 968 venerit
1204 916 1258 970 in
1291 916 1464 986 gloria
1495 917 1694 987 Patris,
1737 928 1796 974 ut
1839 920 2046 989 judicet

473 1004 658 1057 orbem
694 1012 965 1059 terrarum
1011 1006 1063 1058 in
1086 1005 1319 1074 iustitia.
1357 1008 1608 1078 Quisquis
1648 1012 1808 1074 enim,
1842 1013 2040 1083 inquit,

471 1095 739 1161 confessus
772 1094 930 1163 fuerit
966 1113 1045 1148 me
1074 1113 1251 1150 coram
1286 1099 1607 1163 hominibus,
1655 1112 1703 1155 et
1739 1100 1913 1156 Filius
1948 1103 2041 1156 hoc

470 1187 625 1238 minis
660 1187 991 1256 conﬁtebitur
1025 1204 1142 1241 eum
1177 1205 1357 1242 coram
1395 1187 1594 1260 angelis
1630 1191 1764 1249 Dei:
1787 1196 1876 1263 qui
1923 1211 2040 1248 vero

469 1280 797 1347 abnegaverit
816 1296 893 1332 me
912 1296 1091 1331 coram
1113 1280 1433 1344 hominibus,
1463 1284 1809 1353 abnegabilur
1835 1287 1887 1338 in
1912 1303 2037 1339 con—

469 1380 642 1435 spectu
664 1370 968 1438 angelorum
1007 1369 1155 1425 Dei”.
1194 1370 1257 1424 Et
1285 1370 1487 1426 Paulus
1518 1374 1645 1428 alibi
1679 1375 1832 1439 dicit,
1867 1375 1929 1429 In
1956 1392 2039 1429 re-

466 1460 718 1515 uelatione
746 1460 956 1515 Domini
987 1462 1115 1515 Jasu
1144 1462 1208 1515 de
1240 1463 1370 1517 caelo
1407 1480 1523 1516 cum
1567 1465 1767 1536 angelis
1788 1469 1829 1519 ⁸.
1886 1466 2037 1521 llane

444 1552 537 1603 iob
585 1566 805 1605 causam
860 1553 946 1605 hic
994 1554 1105 1622 jam
1161 1563 1510 1610 contestatur
1569 1572 1754 1611 coram
1804 1558 2032 1627 angelis,

459 1641 694 1696 eximias
726 1641 829 1694 sibi
860 1658 1169 1712 praeparans
1200 1644 1555 1715 probationes
1584 1648 1649 1701 ad
1683 1662 1943 1717 magnum
1968 1649 2034 1703 11-

454 1733 555 1785 lud
589 1733 849 1787 tribunal.

1119 1938 1283 2010 Caput
1318 1944 1402 2000 Μ.

562 2076 786 2145 Verum,
867 2080 1144 2150 inquiunt,
1236 2085 1447 2141 tametsi
1552 2087 1890 2160 baptizamur
1994 2095 2047 2149 in

462 2182 699 2253 Spiritu,
730 2200 837 2239 non
881 2184 1012 2239 inde
1034 2199 1134 2255 par
1154 2195 1237 2241 est
1260 2194 1320 2266 tit
1359 2185 1603 2256 Spiritus
1632 2204 1758 2245 cum
1801 2188 1913 2246 Deo
1952 2206 2051 2245 nu-

469 2286 724 2343 meretur,
754 2277 973 2347 quando
1019 2285 1073 2331 et
1115 2279 1169 2334 in
1218 2279 1437 2351 Moysen
1485 2284 1733 2337 nonnulli
1781 2282 2047 2354 baptizatl

458 2378 596 2421 sunt
628 2369 683 2421 in
722 2369 865 2424 nube
905 2378 957 2424 et
990 2369 1049 2424 in
1086 2372 1225 2425 mari
1276 2373 1319 2425 ⁸.
1366 2372 1634 2429 Similiter
1683 2382 1863 2429 autem
1896 2384 1950 2429 et
1993 2375 2050 2429 in

465 2461 724 2515 confesso
767 2470 852 2516 est
881 2462 993 2532 jam
1029 2463 1207 2519 fuisse
1254 2465 1421 2519 etiam
1462 2467 1517 2520 in
1563 2466 1814 2523 homines
1865 2467 2046 2523 ﬁdem.

464 2552 703 2607 Credidit
740 2556 878 2608 enim
918 2556 1143 2625 populus
1182 2555 1289 2611 Deo
1319 2568 1370 2611 et
1402 2557 1580 2629 Moysi
1613 2559 1816 2629 [ainqu
1843 2561 1957 2630 ejus
2002 2562 2045 2616 ⁸.

464 2644 605 2709 Quid
656 2646 843 2715 igitur,
888 2647 1167 2716 inquiunt,
1215 2663 1281 2703 ex
1314 2647 1415 2704 ﬁde
1453 2665 1517 2705 ac
1548 2652 1821 2721 baptismo
1869 2651 2048 2724 Spiri-

465 2743 578 2788 tum
614 2745 868 2791 sanctum
900 2753 1078 2807 usque
1109 2738 1247 2793 adeo
1274 2740 1481 2795 attollis
1517 2756 1579 2797 ac
1605 2741 1924 2813 magniﬁcas
1954 2760 2047 2799 su-

456 2842 558 2897 pra
590 2836 925 2893 creaturam,
953 2843 1078 2883 cum
1106 2830 1294 2883 eadem
1317 2830 1430 2897 jam
1459 2832 1867 2903 Scripturarum
1894 2836 2047 2891 testi-

455 2920 663 2973 moniis
720 2920 1039 2974 tribuantur
1073 2921 1239 2975 etiam
1281 2921 1616 2977 hominibus.
1671 2922 1815 2989 Quid
1874 2925 2047 2993 igitur

448 3011 754 3065 dicemus?
783 3011 1053 3065 Nimirum
1083 3011 1239 3076 illud,
1266 3013 1412 3083 quod
1440 3014 1495 3067 in
1530 3014 1795 3083 Spiritum
1825 3018 2044 3087 quidem

462 3102 598 3156 ﬁdes
637 3111 722 3157 est
748 3117 902 3170 aeque
933 3110 1099 3172 atque
1144 3103 1197 3155 in
1236 3101 1456 3157 Patrem
1489 3113 1543 3158 et
1577 3102 1809 3169 Filium;
1852 3105 2046 3161 simili-

2150 650 2303 704 ποις.
2352 638 2462 693 Καὶ
2502 639 2595 695 νῦν
2640 640 2766 703 τοὺς
2811 641 3074 708 ἀγγέλους
3104 644 3571 717 ὲπιμαρτύρεται*
3615 643 3727 701 οἶδε

2148 731 2277 801 γὰρ,
2299 731 2377 784 ὅτι
2412 731 2853 802 συμπαρέσονται
2885 733 3104 802 ἄγγελοι
3125 734 3201 804 τῷ
3236 740 3417 807 κριτῇ.
3448 738 3577 791 ὅταν
3596 738 3729 810 ἔλθῃ

2147 822 2205 875 ἐν
2236 824 2302 892 τῇ
2332 821 2456 892 δόξῃ
2489 822 2580 875 τοῦ
2615 823 2825 894 Πατρὸς
2856 827 3036 893 κρῖναι
3065 825 3161 895 τὴν
3193 828 3518 899 οἰκουμένην
3559 832 3619 882 ἐν
3644 830 3731 883 δι-

2146 912 2424 985 καιοσύνῃ.
2464 915 2568 979 Ὃς
2595 914 2704 983 ’γὰρ
2753 912 2852 975 ἂν,
2902 914 3086 985 φησὶν,
3132 917 3479 986 ὁμολογήσῃ
3508 917 3621 987 (57)
3658 920 3734 974 ἐν

2145 1003 2274 1072 ἐμοὶ
2321 1006 2659 1073 ἔμπροσθεν
2708 1003 2829 1058 τῶν
2854 1002 3194 1073 ἀνθρώπων,
3231 1009 3331 1061 καί
3373 1011 3406 1061 ὀ
3455 1009 3587 1075 Υἱὸς
3618 1011 3734 1065 τοῦ

2145 1095 2459 1163 ἀνθρώπου
2510 1097 2870 1165 ὁμολογήσει
2914 1098 2984 1151 ἐν
3010 1097 3168 1163 αὐτῷ
3216 1098 3560 1167 ἔμπροσθεν
3606 1100 3737 1157 τῶν

2141 1188 2412 1262 ἀγγέλων
2447 1188 2553 1241 τοῦ
2582 1188 2728 1241 Θεοῦ
2783 1203 2798 1218 ·
2951 1193 2983 1243 ό
3015 1190 3083 1242 δὲ
3126 1191 3632 1261 dat/amaritiech
3652 1211 3739 1264 με

2140 1279 2395 1333 ἐνώπιον
2433 1279 2550 1333 τῶν
2590 1280 2915 1348 ἀνθρώπων
2946 1282 3433 1349 ἀπαρνηθήσεται
3464 1286 3739 1341 ἐνώπιον

2139 1370 2256 1424 τῶν
2282 1370 2552 1439 ἀγγέλων
2599 1371 2704 1424 τοῦ
2749 1372 2919 1427 Θεοῦ.
2960 1372 3070 1425 Καὶ
3106 1372 3316 1437 Παῦλος
3361 1375 3587 1447 ἑτέρωθί
3624 1395 3739 1449 φη-

2140 1477 2223 1512 σιν
2247 1476 2260 1491 ·
2310 1462 2404 1516 Ἐν
2429 1460 2503 1529 τῇ
2541 1463 2923 1532 ἀποκαλύψει
2956 1465 3062 1519 τοῦ
3103 1466 3324 1533 Κυρίου
3366 1467 3569 1535 Ἰησοῦ
3623 1470 3738 1524 ἀπ’

2137 1552 2397 1624 οὐρανοῦ
2426 1554 2533 1624 (59)
2573 1555 2702 1623 μετ’
2736 1555 3024 1625 ἀγγέλων.
3062 1557 3264 1611 τούτου
3318 1559 3477 1631 χάριν
3536 1561 3737 1616 ἐντεῦ-

2137 1642 2227 1699 θεν
2256 1645 2353 1715 ἢδη
2386 1644 2810 1717 διαμαρτύρεται
2833 1648 3055 1703 ἐπὶτῶν
3085 1651 3353 1719 ἀγγέλων,
3382 1654 3462 1715 είς
3489 1653 3552 1706 τὸ
3576 1655 3739 1725 μέγα

2137 1737 2417 1809 κριτήριον
2450 1737 2742 1808 εὐπρεπεῖς
2923 1739 3102 1811 ἑαυτῷ
3140 1740 3237 1806 τὰς
3274 1742 3577 1810 ἀποδείξεις
3618 1763 3739 1800 παι

2071 1821 2111 1874 Β
2148 1828 2517 1895 ρασκευάζων.

2757 1955 2982 2027 Κεφάλ.
3006 1957 3091 2012 ιὲν.

2235 2090 2377 2145 Ἀλλ’
2402 2092 2524 2151 ούδέ
2554 2092 2603 2147 εί
2629 2090 3030 2165 βαπτιζόμιθα,
3065 2096 3253 2166 φησὶν,
3306 2100 3387 2163 είς
3416 2099 3567 2167 αὐτὸ,
3611 2103 3740 2159 οὐδ’

2137 2187 2278 2247 οὔτω
2305 2188 2514 2241 δίκαιον
2559 2188 2697 2258 μετὰ
2730 2186 2866 2240 Θεοῦ
2907 2188 3187 2259 τετάχθαι.
3223 2192 3334 2245 Καὶ
3368 2192 3475 2262 γὰρ
3508 2193 3607 2246 καὶ
3648 2196 3740 2257 εἰς

2136 2280 2227 2334 τδν
2268 2280 2509 2350 Μωῦσῆν
2535 2296 2679 2342 τινες
2722 2279 3160 2351 ἐϐαπτίσθησαν,
3207 2283 3266 2334 ἐν
3306 2286 3372 2353 τῇ
3403 2284 3601 2355 νεφέλῃ
3632 2288 3742 2339 καὶ

2136 2371 2194 2423 ἐν
2242 2374 2309 2442 τῇ
2352 2370 2617 2444 θαλάσσῃ.
2668 2371 2904 2441 Ὁμοίως
2945 2371 3001 2423 δὲ
3029 2372 3124 2424 καὶ
3152 2375 3185 2443 ἡ
3230 2374 3415 2437 πίστις
3440 2376 3743 2445 ὁμολογεῖ-

2135 2480 2226 2515 ται
2411 2463 2513 2533 ἤδη
2565 2463 2659 2516 καὶ
2682 2463 2760 2525 εἰς
2803 2462 3125 2534 ἀνθρώπους
3162 2465 3513 2535 γεγενῆσθαι.
3558 2466 3741 2521 Ἐπί-

2136 2570 2364 2609 atavos
2390 2554 2499 2624 γὰρ
2529 2556 2563 2608 ὀ
2603 2554 2754 2619 λαὸς
2780 2553 2861 2619 τῷ
2893 2552 3014 2619 Θεῷ
3046 2554 3143 2607 καὶ
3179 2554 3419 2609 Martios?
3444 2554 3521 2621 τῷ
3551 2560 3745 2626 θερά-

2136 2659 2307 2699 ποντι
2354 2644 2559 2699 αὑτοῦ.
2600 2644 2665 2696 Τί
2698 2638 2823 2707 οὖν,
2854 2642 3054 2712 φησὶν,
3086 2643 3152 2696 ἐκ
3199 2644 3298 2714 τῆς
3344 2642 3583 2706 πίστεως
3635 2646 3746 2698 καὶ

2134 2737 2224 2791 τοῦ
2255 2736 2629 2808 βαπτίσματος
2667 2736 2729 2788 τὸ
2762 2736 2915 2803 ἅγιον
2951 2734 3176 2806 Πνεῦμα
3212 2734 3464 2788 τοσοῦτον
3494 2735 3745 2805 ἀνυψοζς

2135 2830 2228 2883 καὶ
2261 2827 2581 2900 μεγαλύνεις
2613 2827 2757 2899 ὑπὲρ
2790 2826 2889 2898 τὴν
2934 2826 3131 2891 κτίσιν,
3164 2826 3325 2881 ὁπότε
3353 2826 3422 2880 τὰ
3452 2827 3597 2880 αὐτὰ
3632 2829 3744 2883 καὶ

2136 2921 2444 2993 ἀνθρώποις
2472 2920 2571 2990 ἤδη
2605 2918 3171 2991 προσμεμαρτύρηται
3192 2934 3206 2984 ;
3230 2918 3295 2971 Τί
3321 2912 3413 2971 οὖν
3561 2919 3747 2989 spot...

2138 3030 2277 3085 μεν;
2310 3014 2433 3066 Ὀτι
2471 3014 2551 3074 είς
2589 3011 2685 3082 μὲν
2724 3010 2786 3063 τὸ
2833 3009 3057 3081 Πνεῦμα
3100 3012 3135 3081 ἡ
3168 3010 3351 3072 πίστις
3388 3010 3465 3072 ὡς
3508 3011 3591 3073 είς
3636 3014 3745 3065 τὸν

2137 3106 2353 3176 Πατέρα
2388 3104 2480 3158 καὶ
2526 3106 2605 3167 εἰς
2638 3103 2729 3157 τὸν
2765 3103 2895 3155 Υἱόν
2921 3119 2934 3133 '
2983 3102 3186 3173 ὁμοίως
3220 3102 3276 3154 δὲ
3305 3102 3399 3154 καὶ
3420 3102 3480 3154 τὸ
3520 3102 3705 3171 βάπτι
3726 3133 3747 3144 -

452 3204 543 3245 ter
589 3192 749 3245 etiam
790 3192 1078 3261 baptisma.
1111 3191 1267 3257 Quod
1316 3191 1361 3245 si
1400 3199 1454 3245 et
1499 3193 1554 3247 in
1601 3193 1822 3266 Moysen
1864 3205 1918 3251 et
1944 3212 2040 3250 nu-

2138 3214 2249 3267 σμα
2275 3213 2288 3227 ·
2330 3197 2379 3248 al
2416 3195 2473 3247 δὲ
2520 3196 2599 3258 είς
2636 3193 2727 3246 τὸν
2762 3192 3038 3263 Μωῦσῆν,
3075 3193 3171 3246 καὶ
3209 3192 3309 3263 τὴν
3338 3192 3603 3262 νεφέλην,
3653 3195 3746 3259 ὡς

454 3284 581 3337 hem
608 3323 623 3346 ,
677 3285 825 3337 velut
875 3283 929 3335 in
975 3283 1225 3336 umbram
1278 3291 1331 3337 et
1365 3284 1616 3357 ﬁguram.
1658 3284 1847 3355 Neque
1888 3301 2043 3352 vero,

456 3374 719 3443 quoniam
767 3372 951 3426 divina
1004 3374 1169 3427 rebus
1218 3374 1520 3429 humilibus
1683 3384 1735 3430 et
1788 3377 2045 3433 humanis

461 3465 899 3537 prmﬁgurantur,
930 3466 1054 3520 ideo
1090 3475 1142 3520 et
1180 3466 1494 3523 divinorum
1539 3467 1765 3527 humilis
1820 3477 1905 3523 est
1943 3484 2044 3524 na-

460 3567 601 3619 tura,
634 3571 797 3629 quam
844 3555 1141 3626 ﬁgurarum
1180 3557 1529 3612 adumbratio
1571 3574 1715 3629 smpe
1750 3561 2043 3633 prscsigni-

457 3651 655 3703 ﬁcavit.
698 3648 791 3703 Est
826 3650 971 3704 enim
1022 3648 1192 3723 ﬁgura
1230 3665 1438 3714 rerum,
1474 3667 1595 3722 qum
1628 3661 2042 3726 exspectantur,

450 3741 756 3795 declaratio
806 3757 903 3811 per
938 3741 1321 3805 imitationem.
1363 3741 1510 3812 quod
1546 3742 1790 3799 futurum
1828 3750 1914 3797 est
1959 3744 2045 3797 in-

453 3834 683 3888 dicando
711 3840 1164 3903 prtemonstrans.
1200 3832 1357 3891 Velut
1391 3832 1563 3886 Adam
1594 3833 1765 3906 ﬁgura
1791 3831 1958 3892 futuri
1998 3834 2040 3899 ',

454 3932 505 3979 et
552 3932 703 3994 petra
746 3923 978 3993 ﬁgurate
1008 3923 1265 3979 Christus
1308 3925 1328 3955 "
1365 3942 1380 3983 :
1421 3932 1475 3979 et
1522 3936 1663 3997 aqua
1709 3938 2042 3997 promanans

454 4029 487 4067 e
517 4022 669 4083 petra
718 4014 760 4078 ⁸,
804 4015 972 4085 ﬁgura
1014 4016 1240 4073 viviﬁca:
1284 4016 1542 4085 potentia:
1588 4014 1777 4071 Verbi.
1828 4014 1889 4071 Si
1924 4017 2040 4086 quis

458 4107 617 4171 enim,
666 4107 864 4177 inquit,
914 4107 1051 4172 sitit,
1108 4108 1281 4161 veniat
1331 4106 1400 4163 ad
1450 4125 1551 4171 me,
1606 4117 1655 4161 et
1694 4106 1839 4160 bibat
1883 4108 1924 4159 ’.
1973 4104 2039 4160 Et

459 4213 661 4251 manna
692 4206 855 4270 typus
885 4198 992 4251 vivi
1036 4199 1214 4268 panis,
1251 4198 1343 4270 qui
1367 4198 1434 4253 de
1464 4199 1605 4252 caalo
1639 4197 1924 4252 descendit
1948 4196 2034 4253 ὀι

456 4295 510 4339 et
559 4301 787 4355 serpens
832 4302 1000 4356 super
1049 4289 1250 4342 vexillo
1288 4287 1523 4361 positus,
1578 4286 1877 4343 salutifera:
1911 4302 2037 4358 pas-

456 4375 632 4430 sionis
677 4391 771 4446 per
807 4391 1029 4435 crucem
1071 4386 1491 4443 consummatm,
1525 4393 1698 4448 coque
1742 4380 1833 4448 qui
1862 4382 2037 4450 respi-

2136 3291 2218 3352 εἰς
2260 3288 2417 3341 σκιὰν
2451 3286 2544 3339 καὶ
2573 3283 2764 3338 τύπον.
2811 3285 2886 3337 Οὐ
2926 3284 3096 3355 δήπου
3135 3283 3228 3347 δὲ,
3266 3283 3449 3354 ἐπειδὴ
3498 3289 3744 3355 μικροῖς

2138 3382 2229 3435 καὶ
2294 3378 2657 3450 ἀνθρωπίνοις
2718 3375 3221 3449 προδιαμορφοῦται
3442 3376 3513 3430 τὰ
3568 3378 3738 3443 θεῖα,

2138 3469 2312 3543 μικρά
2340 3468 2423 3531 τίς
2463 3469 2579 3520 ἐστι
2629 3467 2723 3520 καὶ
2772 3471 2807 3538 ἡ
2851 3466 2960 3519 τῶν
3001 3466 3161 3518 θείων
3193 3466 3385 3536 φύσις,
3423 3469 3491 3539 ἣν
3530 3470 3563 3538 ἡ
3610 3470 3743 3523 τῶν

2131 3561 2316 3613 τύπων
2358 3558 2696 3628 σκιαγραφία
2745 3556 3004 3620 πολλάκις
3034 3558 3514 3628 προαπεσήμηνεν.
3558 3560 3741 3614 Ἔστι

2133 3651 2240 3721 γάρ
2266 3653 2293 3704 ὁ
2318 3648 2489 3712 τύπος
2518 3648 2989 3721 προσδοκωμένων
3018 3646 3250 3718 δήλωσις
3280 3647 3367 3700 διὰ
3401 3648 3735 3717 μιμήσεως,

2132 3740 2479 3804 ἐνδεικτικῶς
2516 3740 2576 3792 τὸ
2623 3739 2817 3809 μέλλον
2855 3737 3297 3812 προῦποφαίνων.
3342 3739 3430 3801 Ὠς
3473 3740 3501 3789 ὁ
3541 3740 3741 3811 Ἀδὰμ

2132 3833 2300 3896 τύπος
2467 3831 2561 3884 τοῦ
2595 3830 2912 3901 μέλλοντος,
2958 3832 3053 3885 καὶ
3090 3833 3123 3902 ἡ
3176 3829 3354 3902 πέτρα
3396 3829 3655 3894 τυπικῶς
3706 3836 3739 3886 ὀ

2130 3924 2394 3996 Χριστός·
2438 3924 2533 3978 καὶ
2570 3923 2631 3977 τδ
2669 3923 2770 3995 τῆς
2800 3922 3006 3994 πέτρας
3039 3922 3183 3993 ὕδωρ
3218 3922 3318 3992 τῆς
3345 3920 3584 3991 ζωτικῆς
3624 3923 3737 3977 τοῦ

2130 4018 2305 4085 Λόγου
2333 4017 2634 4087 δυνάμεως.
2663 4015 2737 4068 EI
2765 4033 2854 4081 τις
2880 4014 3010 4085 γὰρ,
3044 4015 3199 4085 φησὶ,
3235 4011 3383 4082 διψᾷ
3404 4055 3417 4077 ,
3441 4013 3737 4081 ἐρχέσθω

2130 4109 2280 4176 πρὸς
2307 4107 2419 4178 μὲ,
2472 4107 2571 4161 καὶ
2614 4106 2852 4161 πινέτω.
2894 4106 3007 4160 Καὶ
3058 4106 3120 4159 τὸ
3173 4105 3345 4175 μάννα
3373 4104 3481 4157 -τοῦ
3513 4103 3744 4170 ζῶντος

2128 4199 2330 4272 ἄρτου,
2366 4198 2459 4253 τοῦ
2511 4201 2575 4253 ἐκ
2603 4198 2698 4253 τοῦ
2730 4198 2961 4274 ούρανοῦ
3007 4198 3379 4259 καταϐάντος’
3430 4197 3526 4249 καὶ
3566 4199 3599 4249 ὁ
3633 4199 3743 4253 ἐπὶ

2131 4290 2357 4361 σημείου
2413 4291 2665 4361 κείμενος
2711 4290 2833 4360 ὄφις
2885 4289 2978 4343 τοῦ
3030 4289 3300 4360 σωτηρίου
3363 4286 3569 4349 πάθους
3625 4287 3740 4342 τοῦ

2127 4382 2217 4437 διὰ
2244 4381 2339 4435 τοῦ
2367 4382 2602 4454 σταυροῦ
2627 4381 2971 4445 τελεσθέντος
2992 4398 3005 4410 ·
3039 4380 3119 4433 διὸ
3161 4381 3257 4433 καὶ
3295 4381 3345 4433 oi
3376 4378 3735 4433 ἀποϐλέπον-

455 4483 671 4541 ciebant
710 4480 779 4539 ad
825 4480 996 4544 illum,
1030 4480 1477 4537 servabantur“.
1512 4475 1780 4535 Similiter
1822 4485 1876 4529 et
1915 4491 2035 4545 qua:

2137 4494 2226 4540 τες
2264 4478 2345 4539 εἰς
2374 4476 2537 4531 αὐτὸν
2563 4473 2905 4541 διεσώζοντο,
2939 4471 3094 4527 Οὕτω
3126 4454 3189 4541 δὴ
3222 4472 3319 4523 καὶ
3351 4468 3419 4520 τὰ
3457 4467 3586 4537 περὶ
3622 4468 3739 4539 τῆς

455 4574 523 4631 de
574 4574 789 4631 eductis
839 4571 1103 4629 lsraelitis
1149 4571 1395 4643 scripta,
1460 4569 1526 4624 ad
1577 4565 2033 4642 signiﬁcationem

454 4683 643 4723 eorum
691 4666 783 4736 qui
818 4664 1093 4734 baptismo
1141 4662 1277 4718 salvi
1325 4661 1481 4726 ﬁunt,
1534 4668 1759 4715 narrata
1812 4665 1941 4714 sunt
1970 4656 2031 4710 ".

457 4761 683 4817 Servata
710 4767 840 4815 sunt
860 4760 1005 4814 enim
1033 4755 1406 4815 lsraelitarum
1434 4751 1817 4825 primogenita,
1845 4766 2036 4823 quem-

457 4851 752 4907 admodum
783 4858 836 4906 et
858 4849 1260 4919 baptizatorum
1286 4859 1540 4917 corpora,
1567 4859 1692 4901 cum
1727 4843 1903 4914 gratia
1933 4842 2035 4897 da-

458 4952 546 4997 tur
577 4942 646 4998 iis
673 4942 767 5012 qui
799 4942 1070 5012 sanguine
1104 4938 1303 5014 signati
1340 4938 1581 4993 fuerunt.
1619 4932 1859 5005 Sanguis
1887 4933 2035 4991 enim

458 5033 708 5103 pecudis,
741 5032 911 5102 ﬁgura
938 5032 1224 5104 sanguinis
1253 5028 1492 5095 Christi;
1521 5028 1883 5099 primogenita
1907 5042 2037 5081 vero

458 5134 623 5196 typus
656 5123 918 5186 hominis,
960 5124 1055 5193 qui
1088 5124 1300 5194 primus
1333 5120 1589 5177 conditus
1624 5126 1742 5185 est;
1774 5118 1867 5190 qui
1898 5132 2037 5189 quo-

457 5218 603 5270 niam
658 5214 973 5270 necessario
1027 5214 1082 5269 in
1132 5214 1291 5270 nobis
1344 5224 1450 5276 est,
1495 5212 1624 5265 dum
1665 5210 2036 5265 successionis

460 5308 602 5363 serie
648 5322 824 5378 usque
858 5305 923 5360 ad
959 5304 1118 5360 tinent
1152 5305 1567 5368 transmittitur,
1609 5304 1731 5359 ideo
1776 5303 1829 5356 in
1861 5302 2033 5359 Adam

459 5417 649 5457 omnes
683 5401 948 5456 morimur
980 5399 1040 5463 ",
1083 5407 1137 5454 et
1168 5400 1418 5470 regnavit
1448 5413 1596 5453 mors
1627 5413 1802 5467 usque
1854 5396 1920 5449 ad
1957 5397 2035 5450 le-

462 5493 545 5559 gis
586 5491 1143 5554 consummationem,
1179 5497 1232 5547 ct
1281 5490 1484 5546 Christi
1527 5490 1842 5545 adventura.
1885 5488 2035 5542 Con-

564 5780 643 5833 ‘ll
674 5780 811 5834 Tim.
841 5798 899 5847 n,
922 5784 977 5835 2.
1054 5788 1074 5819 ¹
1103 5784 1422 5855 Luc.xn,8,
1450 5789 1501 5843 9.
1585 5790 1605 5821 ³
1627 5789 1668 5844 ll
1700 5788 1893 5845 Thess.
1922 5804 1959 5855 t,
1999 5788 2031 5841 7

576 5852 701 5924 Cor.
727 5868 777 5911 κ,
806 5852 873 5924 6.-
922 5854 953 5924 ξ
1001 5856 1168 5911 Exod.
1196 5872 1326 5921 xvu,
1351 5861 1404 5913 ti.
1480 5860 1500 5889 ⁹
1556 5859 1713 5915 Joan.
1737 5876 1830 5915 vn.
1857 5861 1946 5915 57.
2032 5862 2040 5891 τ

2158 5788 2221 5841 ⁵1
2256 5787 2378 5842 Cor.
2413 5803 2467 5851 x,
2527 5788 2583 5841 2.
2658 5787 2679 5819 ⁵
2727 5784 3147 5846 Exod.xrv.3l.
3225 5785 3247 5816 ⁸
3303 5784 3457 5836 Rom.
3515 5799 3565 5843 ν,
3623 5783 3713 5835 Η.

2137 5868 2257 5914 lcut.
2286 5875 2400 5924 vni,
2424 5858 2645 5924 5;.loan
2679 5874 2746 5922 γι,
2778 5857 2869 5911 Η.
2952 5856 3172 5911 “Num.
3202 5870 3311 5919 xxI,
3333 5856 3383 5907 9.
3467 5855 3507 5884 “
3541 5856 3713 5909 κιαι.

474 5853 527 5906 ⁷1
576 5852 701 5921 Cor.
727 5868 777 5911 κ,
806 5852 873 5921 6.-
933 5854 953 5883 ⁸
1001 5856 1168 5911 Exod.
1196 5872 1326 5921 xvu,
1351 5852 1419 5913 ti.
1480 5860 1500 5889 ⁹
1556 5859 1713 5915 Joan.
1737 5876 1830 5915 vn.
1857 5861 1946 5915 57.

475 5937 570 5985 xit,
619 5920 699 5971 13.
785 5919 873 5972 ³³1
911 5922 1037 5977 Cor.
1084 5941 1171 5989 xv,
1206 5927 1298 5981 2‘2.

2135 4567 2419 4640 ἐξαγωγῆς
2584 4565 2680 4620 τοῦ
2721 4564 2940 4637 Ἰσραὴλ
2978 4564 3057 4627 εἰς
3102 4560 3324 4627 ἔνδειξιν
3353 4558 3461 4611 τῶν
3496 4557 3589 4611 διὰ
3626 4558 3738 4612 τοῦ

2137 4658 2512 4730 βαπτίσματος
2558 4657 2883 4727 σωζομένων
2944 4654 3242 4725 ἱστόρηται.
3299 4649 3541 4718 Διεσὼθη
3610 4650 3739 4724 γὰρ

2134 4750 2243 4807 τῶν
2279 4750 2632 4823 Ἰσραηλιτῶν
2660 4750 2726 4803 τὰ
2760 4749 3078 4821 πρωτότοκα
3099 4788 3112 4812 ,
3149 4746 3223 4808 ὼς
3255 4744 3350 4798 καὶ
3376 4742 3481 4795 τῶν
3524 4740 3735 4811 βαπτι-

2137 4843 2377 4915 ζομένων
2433 4844 2503 4897 τά
2556 4843 2784 4915 σώματα
2817 4882 2831 4901 .
2876 4839 3161 4910 διδομένης
3350 4836 3450 4906 τῆς
3494 4835 3737 4905 χάριτος

2135 4941 2247 5002 τοῖς
2295 4936 2682 5011 σημειωθεῖσιν
2731 4936 2837 4989 ὑπὸ
2876 4934 2971 4990 τοῦ
3016 4934 3265 5004 αἵματος.
3326 4930 3400 4982 Τδ
3462 4929 3561 4999 μὲν
3612 4929 3737 5001 γάρ

2138 5022 2277 5101 αἷμα
2311 5029 2404 5085 τοῦ
2444 5027 2719 5100 προϐάτου
2756 5027 2926 5090 τύπος
2964 5025 3058 5079 τοῦ
3085 5025 3314 5093 αἵματος
3336 5020 3430 5074 τοῦ
3453 5018 3734 5089 Χριστοῦο

2137 5121 2203 5175 τὰ
2251 5120 2333 5191 δὲ’
2363 5120 2684 5191 πρωτότοκα
2742 5119 2911 5181 τύπος
2976 5116 3070 5171 τοῦ
3126 5113 3552 5189 πρωτοπλάστου
3587 5129 3603 5141 ο
3672 5112 3737 5175 ὃς

2138 5210 2326 5283 ἐπειδὴ
2355 5212 2670 5280 ἀναγκαίως
2707 5212 2841 5282 ἡμῖν
2875 5209 3174 5281 ἐνυπάρχει
3207 5209 3273 5278 τῇ
3306 5203 3597 5272 ἀκολουθίᾳ
3628 5204 3735 5273 τῆς

2136 5304 2384 5374 διαδοχῆς
2439 5304 2602 5374 μέχρι
2652 5304 2839 5367 τέλους
2873 5300 3381 5373 παραπεμπόμενος
3404 5337 3418 5361 ,
3447 5295 3535 5347 διὰ
3564 5294 3735 5351 τοῦτο

2138 5398 2196 5448 ἐν
2220 5395 2297 5467 τῷ
2339 5395 2512 5463 Ἀδὰμ
2544 5396 2745 5459 πάντες
2773 5395 3221 5465 ἀποθνήσκομεν,
3252 5390 3346 5443 καὶ
3372 5387 3626 5441 ἐϐασίλευ
3638 5404 3734 5439 σεν

2139 5491 2166 5541 ὁ
2204 5488 2431 5554 θάνατος
2604 5488 2768 5560 μέχρι
2794 5487 2895 5557 τῆς
2926 5486 3021 5539 τοῦ
3052 5486 3219 5557 νόμον
3246 5479 3601 5552 πληρώσεως,
3632 5478 3733 5530 καὶ

2158 5788 2221 5841 ⁵1
2256 5787 2378 5842 Cor.
2413 5803 2467 5851 x,
2527 5788 2583 5841 2.
2658 5787 2679 5819 ⁵
2727 5784 3147 5846 Exod.xrv.3l.
3225 5785 3247 5816 ⁸
3303 5784 3457 5836 Rom.
3515 5799 3565 5843 ν,
3623 5783 3713 5835 Η.
