4100 6290
450 374 555 437 753

436 511 536 580 τῆς
560 509 656 564 τοῦ
705 508 946 581 Χριστοῦ
984 506 1306 580 παρουσίας.
1341 505 1648 579 Διετηρήθη
1687 505 1746 558 δὲ

436 595 532 649 τοῦ
583 595 719 650 Θεοῦ
757 597 826 650 τὰ
859 597 1179 668 πρωτότοκα
1205 636 1222 662 ,
1277 593 1372 648 τοῦ
1422 596 1497 666 μὴ
1549 593 1722 663 θίγειν
1769 595 1860 646 τὸν
1907 592 2024 646 ὀλο-

440 689 728 761 θρεύοντα,
756 689 836 753 είς
867 688 1093 756 ἔνδειξιν
1121 687 1214 742 τοῦ
1253 687 1451 760 μηκέτι
1483 688 1629 758 ἡμᾶς
1658 685 2024 757 ἀποθνήσκειν

377 803 380 809 ί
437 784 497 835 ὲν
529 781 609 851 τῷ
657 781 862 852 Ἀδὰμ,
917 782 1046 845 τοὺς
1099 780 1541 852 ζωοποιηθέντας
1581 780 1640 832 ὲν
1675 778 1754 850 τῷ
1781 776 2022 850 Χριστῷ.

452 873 518 926 Ἦ
555 873 612 926 δὲ
655 872 897 927 θάλασσα
938 872 1034 926 καὶ
1071 874 1105 942 ἡ
1155 872 1356 943 νεφέλη
1405 871 1546 942 πρὸς
1592 872 1690 942 μὲν
1741 870 1804 924 τὸ
1854 870 2028 943 παρὸν

437 965 521 1026 εἰς
559 962 738 1015 πίστιν
768 963 928 1033 ὲνῆγε
960 961 1049 1016 διὰ
1097 962 1201 1032 τῆς
1235 962 1631 1033 καταπλήξεως
1657 977 1672 990 ο
1709 961 1845 1032 πρὸς
1883 957 1940 1014 δὲ
1968 961 2030 1014 τὸ

443 1053 638 1123 μέλλον
677 1053 753 1116 ὡς
803 1053 974 1116 τύπος
1028 1053 1128 1125 τὴν
1183 1053 1452 1124 ἐσομένην
1505 1054 1667 1124 χάριν
1718 1051 2029 1124 προῦπεσή-

444 1161 627 1213 μαινε.
683 1144 779 1208 Τίς
830 1144 1024 1213 σοφὸς
1058 1183 1074 1208 ,
1115 1143 1215 1197 καί
1262 1144 1527 1211 σωθήσει
1567 1143 1798 1208 ταῦτα;
1835 1143 1952 1207 πῶς
1994 1144 2028 1214 ἡ

442 1231 690 1286 Θάλασσα
731 1231 1014 1301 βάπτισμα
1050 1231 1332 1295 τυπικῶς,
1365 1232 1647 1304 χωρισμὸν
1673 1231 1905 1286 ποιοῦσα
1936 1230 2030 1285 τοῦ

439 1321 645 1393 Φαραὼ
663 1362 678 1386 ,
712 1323 787 1386 ὡς
822 1322 914 1376 καὶ
941 1323 1000 1376 τὸ
1033 1323 1258 1394 λουτρὸν
1289 1323 1449 1377 τοῦτο
1479 1324 1577 1394 τῆς
1604 1322 1914 1393 τυραννίδος
1935 1320 2031 1375 τοῦ

439 1412 714 1468 διαϐόλου.
771 1413 1122 1466 Ἀπέκτεινεν
1157 1413 1343 1483 ἐκείνη
1382 1414 1439 1466 ὲν
1469 1413 1636 1484 ἑαυτῇ
1667 1411 1760 1466 τὸν
1801 1411 1994 1482 ἐχθρόν
2015 1425 2030 1440 ο

443 1505 781 1575 ἀποθνήσκει
832 1503 928 1558 καὶ
985 1496 1087 1559 ὧδε
1145 1506 1178 1576 ἡ
1231 1504 1402 1576 ἔχθρα
1452 1504 1610 1576 ἡμῶν
1663 1505 1698 1574 ἡ
1747 1504 1827 1566 εἰς
1877 1500 2029 1555 Θεόν.

458 1595 717 1667 Ἐξῆλθεν
750 1596 844 1650 ἀπ’
879 1595 1096 1666 ἐκείνης
1144 1595 1360 1668 ἀπαθὴς
1400 1597 1429 1649 ὁ
1473 1595 1635 1659 λαόςο
1673 1593 2035 1662 ἀναϐαίνομεν

445 1690 546 1743 καὶ
589 1690 752 1759 ἡμεῖς
795 1687 870 1751 ὼς
910 1689 975 1740 ὲκ
1023 1687 1235 1758 νεκρῶν
1274 1688 1477 1753 ζῶντες
1513 1688 1623 1742 ἀπὸ
1675 1684 1769 1740 τοῦ
1819 1685 2030 1750 ὓδατος,

1365 365 1744 429 PANOPLIA
1779 364 2236 429 DOGMATICA.
2272 387 2342 404 --
2381 363 2533 427 ΤΙΤ.
2573 364 2722 426 XII.

3588 368 3696 426 754

1919 503 2024 556 ὑπὸ
2046 508 2088 561 Α
2119 516 2336 566 servata
2377 514 2562 562 autem
2593 512 2725 561 sunt
2750 520 2780 560 a
2813 505 2926 562 Deo
2962 505 3352 579 primogenita,
3384 525 3452 566 ne
3475 525 3542 564 ea
3573 517 3698 565 tan-

2117 608 2269 671 geret
2292 599 2618 665 exstinctor,
2644 606 2704 652 ut
2725 596 3135 663 ostenderetur,
3171 612 3274 655 nos
3293 599 3408 670 jam
3436 617 3547 655 non
3583 618 3700 655 am-

2120 683 2263 756 plius
2303 684 2442 738 mori
2488 683 2544 738 in
2593 681 2789 747 Adam,
2820 683 2916 752 qui
2948 681 3002 736 in
3045 680 3268 738 Christo
3303 683 3558 738 viviﬁcati
3603 701 3698 739 su-

2117 790 2262 831 mus.
2290 773 2560 830 Caeterum
2593 789 2746 829 mare
2768 781 2822 828 et
2843 772 3064 837 nebula,
3084 774 3137 828 in
3160 776 3416 844 praesenti
3450 774 3700 843 quidem,

2117 866 2412 921 inducebat
2446 861 2512 920 ad
2549 864 2708 920 tidem
2739 879 2838 936 per
2871 864 3328 927 admirationem;
3364 866 3418 920 in
3452 865 3695 920 futurum

2116 968 2322 1024 autem,
2372 966 2635 1028 tanquam
2684 964 2847 1029 typus
2890 948 3123 1028 gratiam
3167 963 3452 1010 venturam
3503 951 3696 1027 phasi-

2115 1048 2340 1121 gnabat.
2377 1047 2508 1112 Quis
2540 1047 2769 1116 sapiens,
2807 1056 2857 1101 et
2892 1046 3144 1118 intelliget
3183 1046 3293 1102 Itan:
3328 1050 3344 1081 ³
3373 1046 3395 1101 ?
3423 1048 3729 1116 quomodo,

2115 1154 2287 1204 mare,
2323 1153 2421 1208 per
2445 1137 2671 1208 ﬁguram
2697 1136 2992 1208 baptisma,
3025 1151 3294 1207 separans
3330 1151 3359 1190 a
3385 1135 3694 1201 Pharaone,

2115 1225 2576 1299 quemadmodum
2599 1235 2652 1282 et
2672 1227 2950 1282 lavacrum
2973 1227 3077 1282 hoc
3101 1242 3131 1281 a
3153 1227 3359 1282 diaboli
3381 1228 3692 1298 tyrannide.

2116 1315 2253 1372 Illud
2285 1317 2485 1372 occidit
2526 1317 2739 1374 hostem
2768 1319 2824 1372 in
2855 1332 3000 1382 sese,
3032 1318 3266 1372 moritur
3294 1325 3349 1374 et
3385 1318 3474 1372 hic
3517 1318 3697 1373 inimi-

2114 1410 2264 1476 citia,
2302 1425 2425 1480 qua:
2466 1410 2629 1467 nobis
2676 1409 2778 1464 fuit
2833 1425 2958 1466 cum
3011 1405 3142 1466 Deo.
3196 1410 3281 1465 Ab
3334 1409 3428 1464 illo
3459 1411 3720 1481 populus.

2114 1503 2247 1557 exiit
2274 1501 2515 1568 illaesos;
2547 1501 2902 1557 ascendimus
2934 1509 2989 1557 et
3020 1517 3122 1557 nos
3153 1501 3224 1556 ab
3252 1501 3414 1572 aquis
3439 1509 3712 1572 tanquam-

2115 1603 2182 1645 οι
2224 1588 2457 1645 mortuis
2497 1589 2628 1656 vivi,
2667 1589 2870 1646 servati
2904 1605 2999 1661 per
3043 1588 3277 1660 gratiam
3315 1589 3437 1658 ejus
3466 1589 3561 1658 qui
3597 1602 3698 1641 vo-

2116 1683 2261 1737 cavit
2290 1698 2412 1738 nos.
2445 1681 2632 1738 Nubes
2671 1692 2856 1738 autem
2903 1683 3099 1737 umbra
3143 1681 3274 1737 doni
3304 1681 3570 1752 Spiritus,
3604 1681 3711 1750 qui.

443 1782 633 1853 χάριτι
686 1779 951 1844 σωθέντες
997 1783 1064 1851 τῇ
1117 1779 1210 1834 τοῦ
1264 1781 1595 1844 καλέσαντος
1646 1781 1818 1851 ἡμᾶς.
1875 1777 1941 1832 Ἦ
1977 1777 2033 1831 δὲ

2124 1771 2399 1828 libidinum
2457 1771 2733 1828 ﬂammam
2797 1772 3182 1829 mortiﬁcando
3233 1771 3480 1828 membra
3536 1771 3700 1828 rcSri-

443 1871 647 1943 νεφέλη
679 1870 806 1924 σκιὰ
836 1870 937 1941 τῆς
970 1873 1034 1924 ὲκ
1057 1872 1152 1925 τοῦ
1181 1871 1500 1943 Πνεύματος
1532 1872 1773 1945 δωρεᾶς,
1809 1869 1903 1924 τοῦ
1935 1869 2036 1940 τὴν

446 1962 626 2033 φλόγα
646 1962 754 2014 τῶν
781 1960 972 2016 παθῶν
999 1961 1087 2016 διὰ
1124 1963 1226 2032 τῆς
1255 1962 1578 2035 νεκρώσεως
1603 1962 1712 2017 τῶν
1745 1961 1922 2034 μελῶν
1944 1978 2037 2015 κα-

443 2052 803 2124 ταψύχοντος.

660 2145 724 2198 Τί
770 2139 892 2212 οῦν;
924 2145 1113 2217 ἐπειδὴ
1155 2145 1401 2210 τυπικῶς
1429 2147 1509 2211 εἰς
1537 2148 1777 2218 Μωῦσῆν
1816 2147 2038 2201 ὲὸαπτίυ

447 2235 698 2307 σθησαν,
734 2235 824 2289 διὰ
865 2237 1022 2290 τοῦτο
1069 2237 1244 2309 μικρὰ
1273 2237 1384 2308 (74)
1434 2240 1467 2310 ἡ
1513 2238 1607 2291 τοῦ
1663 2238 2038 2308 βαπτίσματος

445 2327 646 2398 χάρις;
677 2325 831 2381 Οὕτω
868 2328 968 2400 μὲν
995 2324 1089 2382 οὖν
1120 2329 1230 2382 οὐδ’
1259 2329 1324 2383 ἂν
1359 2328 1485 2382 ἄλλο
1528 2347 1579 2382 τι
1614 2329 1758 2400 μέγα
1801 2329 1887 2399 εἰη
1928 2327 2038 2382 τῶν

446 2418 735 2492 ἡμετέρων
768 2460 782 2484 ,
814 2421 974 2492 εἴπερ
1004 2419 1066 2474 τὸ
1108 2421 1167 2473 ὲν
1195 2420 1412 2490 ἑκάστῳ
1457 2420 1656 2488 σεμνὸν
1697 2421 1810 2483 τοῖς
1847 2418 2039 2483 τύποις

448 2509 961 2581 προδιαϐάλλοιμεν.
1003 2510 1141 2564 Οῦτε
1193 2511 1302 2582 γὰρ
1354 2513 1388 2582 ἡ
1438 2513 1517 2575 εἰς
1571 2511 1894 2582 ἀνθρώπους
1943 2510 2038 2564 τοῦ

446 2600 589 2654 Θεοῦ
618 2601 807 2671 ἀγάπη
841 2601 983 2671 μέγα
1007 2617 1059 2654 τι
1087 2601 1182 2655 καὶ
1213 2601 1515 2673 ὑπερφυὲς,
1547 2601 1607 2665 ὃς
1645 2601 1738 2655 τὸν
1775 2599 2038 2672 μονογενῆ

449 2691 586 2744 Υίὸν
611 2691 811 2745 ἔδωκεν
849 2691 990 2762 ὑπὲρ
1027 2691 1136 2745 τῶν
1175 2691 1461 2764 ἁμαρτιῶν
1489 2692 1648 2763 ἡμῶν
1671 2709 1684 2722 ·
1722 2691 1910 2762 ἐπειδὴ
1947 2691 2041 2744 καὶ

463 2782 719 2853 Ἀϐραὰμ
743 2780 836 2836 τοῦ
879 2783 1010 2835 ἰδίου
1049 2782 1166 2836 υἱοῦ
1202 2783 1303 2836 οὐκ
1352 2783 1608 2853 ἐφείσατο
1629 2798 1643 2814 ο
1678 2782 1798 2836 οὐδὲ
1833 2781 1895 2834 τδ
1933 2781 2040 2835 πά-

450 2873 547 2938 θος
567 2873 660 2926 τοῦ
678 2874 882 2944 Κυρίου
913 2872 1122 2939 ἔνδοξον
1145 2889 1160 2902 ·
1194 2875 1382 2947 ἐπειδὴ
1406 2873 1676 2946 πρόϐατον
1697 2872 1818 2928 ἀντὶ
1855 2871 2042 2926 Ἰσαὰκ

448 2964 548 3017 τὸν
581 2963 751 3017 τύπον
779 2964 1017 3036 ἐπλήρου
1048 2964 1148 3036 τῆς
1181 2967 1497 3038 προσφοράς
1521 2983 1534 2997 °
1567 2966 1691 3020 οὔτε
1731 2967 1764 3036 ἡ
1798 2967 1878 3028 εἰς
1910 2965 2040 3037 ᾅδου

451 3054 681 3119 κάθοδος
720 3055 926 3127 φοϐερά
951 3072 964 3086 ·
1017 3055 1205 3128 ἐπειδὴ
1263 3057 1448 3122 Ἰωνᾶς
1490 3059 1549 3112 ἐν
1594 3057 1772 3130 τρισὶν
1805 3055 2042 3130 ἡμέραις

2115 1875 2284 1937 gerat.

2317 2124 2458 2194 Quid
2483 2127 2686 2199 igitur?
2725 2139 2854 2182 num
2895 2127 3022 2198 quia
3056 2128 3236 2199 typice
3275 2129 3328 2182 in
3359 2126 3577 2198 Moysen
3611 2129 3698 2183 ba-

2115 2218 2300 2290 ptizati
2348 2226 2498 2285 sunt,
2547 2218 2670 2274 ideo
2720 2219 2914 2290 exigua
2963 2225 3049 2274 est
3078 2220 3254 2290 gratia
3302 2221 3652 2290 baptismatis
3673 2223 3719 2274 ?'

2119 2307 2262 2363 Sane
2294 2306 2399 2362 hoc
2425 2315 2588 2378 pacto
2618 2324 2720 2363 nec
2754 2309 2905 2363 aliud
2929 2308 3230 2379 quidquam
3259 2309 3313 2364 in
3343 2310 3550 2365 nostris
3583 2326 3700 2382 my-

2117 2400 2301 2456 steriis
2343 2398 2510 2455 fuerit
2554 2413 2836 2472 magnum,
2875 2400 2922 2455 si
2968 2400 3116 2470 quod
3155 2400 3212 2455 in
3247 2400 3479 2472 singulis
3526 2417 3700 2473 augu-

2115 2497 2262 2548 suam
2282 2498 2388 2554 est,
2423 2504 2520 2560 per
2555 2488 2927 2560 pratcedentes
2958 2488 3164 2560 ﬁguras
3201 2489 3596 2560 deprimamus.
3621 2490 3706 2545 Ae

2118 2593 2188 2636 ne
2232 2575 2329 2636 Dei
2384 2579 2606 2651 quidem
2652 2596 2783 2651 erga
2839 2581 3091 2637 homines
3141 2582 3385 2637 charitas
3439 2597 3699 2652 magnum

2117 2671 2378 2742 quiddam
2410 2679 2466 2727 et
2490 2671 2776 2739 eximium,
2821 2672 2918 2743 qui
2950 2671 3291 2743 unigenitum
3320 2672 3521 2727 Filium
3550 2671 3702 2728 dedit

2118 2776 2218 2833 pro
2259 2761 2498 2832 peccatis
2535 2762 2746 2819 nostris
2777 2782 2790 2817 :
2836 2762 3287 2834 quandoquidem
3322 2771 3378 2818 et
3424 2763 3698 2819 Abraham

2116 2853 2231 2910 ﬁlio
2282 2867 2384 2911 suo
2431 2869 2542 2909 non
2572 2854 2819 2926 pepercit
2843 2855 2863 2887 ²
2895 2892 2912 2910 .
2954 2853 3068 2911 Nec
3106 2854 3324 2910 Domini
3357 2857 3544 2927 passio
3583 2857 3710 2927 glo-

2117 2945 2297 3013 riosa;
2334 2944 2606 3016 siquidem
2653 2945 2799 3002 aries
2846 2946 2968 3002 loco
3001 2946 3159 3003 Isaac
3201 2947 3435 3003 victimae
3471 2947 3700 3020 ﬁguram

2117 3038 2353 3109 explevit
2395 3036 2435 3093 ⁸.
2467 3033 2655 3110 Neque
2694 3038 2998 3094 descensus
3039 3038 3108 3094 ad
3139 3033 3350 3095 inferos
3377 3038 3660 3095 horribilis
3680 3059 3712 3109 ι,

452 3147 553 3201 καὶ
584 3147 873 3212 τοσαύταις
909 3148 1030 3216 νυξὶ
1065 3149 1159 3204 τοῦ
1208 3149 1440 3206 θανάτου
1481 3150 1574 3205 τὸν
1619 3151 1787 3206 τύπον
1820 3150 2033 3224 προεξε-

2124 3129 2338 3203 quando
2383 3130 2606 3202 quidem
2654 3127 2826 3186 Jonas
2867 3131 3046 3188 tribus
3085 3130 3314 3196 diebus,
3358 3147 3423 3188 ac
3465 3129 3696 3188 totidem

454 3237 689 3311 πλήρου.
734 3239 941 3294 Ταύτδν
988 3241 1170 3296 τοίνυν
1224 3244 1369 3296 ποιεῖ
1415 3244 1511 3297 καὶ
1565 3243 1658 3297 ἐπὶ
1699 3241 1794 3296 τοῦ
1850 3241 2046 3314 βαπτί-

455 3345 666 3398 σματος
687 3330 716 3382 ὁ
745 3331 811 3400 τῇ
845 3331 973 3400 σκιᾷ
1007 3331 1314 3404 συγκρίνων
1344 3331 1443 3403 τὴν
1480 3330 1741 3403 ἀλήθειαν
1760 3369 1776 3397 ,
1811 3332 1905 3392 καὶ
1929 3333 2040 3396 τοῖς

451 3417 651 3483 τύποις
699 3419 1064 3490 παραϐάλλων
1122 3421 1194 3476 τὰ
1240 3424 1370 3494 παρ’
1417 3423 1595 3478 αὐτῶν
1645 3423 2039 3495 σημαινόμενα,

458 3509 558 3562 καὶ
605 3509 694 3564 διὰ
745 3511 1025 3576 Μωῦσέως
1075 3513 1168 3567 καὶ
1206 3515 1305 3586 τῆς
1351 3513 1627 3586 θαλάσσης
1677 3516 1858 3569 πᾶσαν
1905 3513 2042 3584 ὁμοῦ

456 3599 735 3673 διασύρειν
787 3601 888 3671 τὴν
941 3603 1303 3677 εὐαγγελικὴν
1359 3606 1668 3678 οἰκονομίαν
1726 3604 2041 3676 ἐπιχειρῶν.

456 3692 596 3745 Ποία
626 3693 734 3764 γὰρ
781 3692 976 3760 ἄφεσις
1025 3695 1488 3768 παραπτωμάτων
1532 3716 1551 3765 ;
1725 3695 1856 3752 ποία
1898 3694 2046 3766 ζωῆς

451 3776 757 3840 ἀνανέωσις
800 3777 858 3831 ὲν
887 3776 1166 3849 θαλάσσης
1196 3793 1346 3830 ποιον
1373 3793 1620 3849 χάρισμα
1658 3777 2024 3850 πνευματικὸν

449 3866 548 3923 διὰ
595 3867 905 3934 Μωῦσέως;
955 3869 1085 3923 ποία
1131 3869 1393 3940 νέκρωσις
1436 3869 1710 3940 ἁμαρτίας
1761 3871 1909 3934 sitsi;
1949 3869 2024 3923 Οὐ

453 3959 825 4013 συναπέθανον
859 3959 1056 4014 ἐκεῖνοι
1091 3957 1348 4032 Χριστῷ·
1395 3960 1582 4029 διόπερ
1608 3960 1729 4014 οὐδὲ
1766 3960 2026 4032 συνηγέρ-

455 4047 649 4120 θησαν.
679 4049 794 4102 Οὐκ
824 4048 1099 4121 ὲφόρσηαν
1130 4049 1228 4120 τὴν
1254 4049 1435 4102 εἰκόνα
1460 4047 1552 4100 τοῦ
1581 4043 1928 4111 έπουοανίου,
1963 4049 2025 4101 οὐ

451 4137 556 4209 τὴν
583 4137 850 4209 νέκρωσιν
875 4135 969 4192 τοῦ
993 4137 1170 4208 Ἰησοῦ
1193 4139 1251 4190 ὲν
1285 4135 1362 4208 τῷ
1404 4133 1616 4207 σώματι
1638 4137 2024 4208 περιήνεγκαν,

453 4230 558 4283 οὐκ
611 4228 946 4284 ἀπεδύσαντο
997 4228 1089 4282 τὸν
1128 4225 1356 4282 παλαιὸν
1395 4227 1680 4300 ἄνθρωπον
1726 4261 1742 4288 .
1927 4228 2028 4280 οὐκ

453 4319 772 4374 ένεδύσαντο
805 4320 894 4374 τὸν
921 4319 1069 4386 νέον,
1102 4317 1192 4372 τὸν
1221 4317 1674 4389 ἀνακαινούμενον
1704 4313 1783 4382 εἰς
1806 4315 2030 4386 ἐπίγνω-

455 4427 545 4465 σιν
571 4450 586 4474 ,
617 4411 734 4465 κατ’
779 4412 960 4465 εἰκόνα
993 4410 1087 4464 τοῦ
1121 4405 1403 4475 κτίσαντος
1446 4411 1628 4466 αὐτόν.
1664 4411 1729 4464 Τί
1938 4399 2031 4460 οὖν

2118 3222 2394 3287 noctibus,
2445 3219 2639 3277 mortis
2679 3221 2907 3292 ﬁguram
2959 3221 3116 3294 prius
3167 3222 3407 3291 explevit
3456 3218 3496 3278 ⁸.
3551 3221 3697 3278 Idem

2116 3331 2248 3388 ergo
2277 3309 2410 3370 facit
2429 3322 2485 3370 et
2517 3313 2586 3370 de
2612 3313 2956 3383 baptismate,
2987 3313 3080 3385 qui
3106 3313 3389 3369 veritatem
3422 3329 3547 3368 cum
3576 3331 3700 3368 um-

2118 3407 2218 3464 bra
2255 3411 2558 3476 comparat,
2587 3413 2640 3460 et
2678 3419 2805 3460 cum
2838 3403 3028 3474 ﬁguris
3062 3403 3279 3460 confert
3317 3420 3382 3460 ea
3413 3421 3535 3476 qua:
3562 3406 3697 3477 ligu-

2117 3499 2196 3557 ris
2220 3496 2622 3570 signiﬁcantur,
2647 3511 2710 3552 ac
2741 3511 2838 3568 per
2868 3495 3090 3568 Moysen
3124 3504 3178 3552 et
3209 3509 3360 3552 mare
3521 3504 3705 3552 totam.

2117 3593 2280 3650 simul
2314 3592 2686 3662 evangelieam
2725 3589 3191 3660 dispensationem
3238 3588 3460 3644 elevare
3497 3604 3695 3660 aggre-

2118 3687 2286 3743 ditur.
2324 3684 2458 3740 Nam
2505 3701 2626 3756 qua:
2663 3693 3011 3756 peccatorum
3065 3682 3342 3747 remissio,
3393 3699 3514 3754 qua:
3570 3683 3693 3738 vita:

2123 3779 2411 3836 renovatio
2435 3778 2494 3834 in
2527 3779 2686 3841 mari,
2719 3774 2863 3847 quod
2893 3777 3094 3831 donum
3119 3776 3399 3845 spirituale
3423 3793 3516 3846 per
3546 3776 3698 3851 Moy-

2129 3869 2268 3926 sen?
2293 3884 2416 3939 quae
2446 3867 2559 3924 illic
2580 3867 2788 3938 peccati
2820 3865 3206 3935 interemptio?
3228 3865 3346 3919 Non
3377 3866 3452 3919 illi
3480 3865 3699 3922 Christo

2129 3960 2452 4015 commortui
2502 3966 2651 4021 sunt,
2698 3972 2872 4027 eoque
2925 3972 3025 4010 nec
3074 3971 3198 4010 cum
3244 3956 3336 4010 illo
3388 3957 3712 4012 resuscitati.

2129 4059 2260 4104 sunt
2310 4055 2349 4104 ⁸.
2385 4048 2504 4104 Νοη
2545 4044 2838 4119 portabant
2875 4046 3164 4117 imaginem
3189 4045 3334 4101 illius
3366 4046 3608 4101 cmlcstis
3647 4047 3700 4112 ‘,

2131 4156 2242 4196 non
2287 4139 2759 4196 mortiﬁcationem
2804 4135 2933 4194 Jesu
2964 4136 3016 4191 in
3060 4151 3294 4206 corpore
3347 4135 3696 4193 circumferet

2129 4233 2262 4288 bant
2307 4233 2354 4297 ",
2405 4248 2512 4286 non
2547 4240 2820 4286 exuerunt
2859 4237 3098 4295 veterem
3129 4225 3428 4293 hominem,
3479 4243 3587 4282 non
3625 4228 3702 4282 in-

2130 4324 2372 4378 duerunt
2415 4338 2636 4386 novum,
2669 4322 2760 4392 qui
2805 4330 3101 4375 renovatur
3149 4320 3202 4374 in
3244 4319 3572 4390 agnitionem
3614 4334 3701 4374 se-

2129 4413 2370 4469 cundum
2400 4413 2694 4483 imaginem
2728 4413 2872 4468 illius
2914 4411 3004 4481 qui
3028 4427 3152 4466 eum
3193 4411 3440 4466 condidit
3491 4406 3532 4464 ⁸.
3559 4410 3702 4476 Quid

457 4501 772 4572 συγκρίνεις
801 4500 869 4553 τὰ
907 4499 1290 4572 βαπτίσματα,
1321 4494 1394 4553 ὧν
1443 4497 1475 4571 ἡ
1528 4497 1864 4570 προσηγορία
1895 4498 2028 4570 μόνη

2131 4507 2296 4577 igitur
2339 4506 2556 4561 confers
2594 4505 2945 4575 baptismata,
2979 4519 3212 4575 quorum
3243 4505 3359 4560 sola
3393 4505 3703 4561 communis

456 4593 644 4664 κοινὴ,
683 4594 716 4662 ὴ
745 4592 803 4645 δὲ
832 4591 940 4645 τῶν
971 4594 1310 4662 πραγμάτων
1354 4591 1585 4661 διαφορὰ
1615 4590 1849 4660 τοσαύτη
1869 4629 1884 4652 ,
1932 4590 2028 4660 ὅση

457 4685 528 4739 ἂν
561 4684 769 4752 γένοιτο
819 4682 1026 4755 ὀνείρου
1073 4683 1207 4754 πρὸς
1251 4685 1350 4754 τὴν
1392 4683 1651 4754 ἀλήθειαν
1679 4721 1694 4745 ,
1747 4682 1841 4734 καὶ
1873 4681 2030 4744 σκιᾶς

457 4774 556 4829 καὶ
585 4775 807 4828 εἰκόνων
837 4775 971 4846 πρὸς
999 4773 1065 4828 τὰ
1096 4775 1214 4828 κατ’
1243 4775 1428 4829 οὐσίαν
1457 4775 1798 4844 ὑφεστηκότα
1833 4791 1847 4840 ;

666 4885 825 4939 Ἀλλὰ
851 4885 942 4939 καὶ
969 4886 1003 4956 ἡ
1043 4886 1121 4949 εἰς
1149 4885 1240 4938 τὸν
1266 4885 1504 4939 Μωῦσέα
1542 4885 1722 4948 πίστις
1747 4884 1805 4937 οὐ
1834 4883 1929 4953 τὴν
1955 4883 2032 4945 εἰς

456 4978 524 5034 τὸ
544 4977 766 5050 Πνεῦμα
795 4978 976 5030 πίστιν
1001 4976 1179 5044 ὀλίγου
1213 4976 1354 5039 τινὸς
1385 4972 1542 5040 ἀξίαν
1569 4974 1833 5027 δείκνυσιν
1854 4990 1865 5002 ·
1896 4973 2034 5026 ἀλλὰ

458 5069 605 5126 κατὰ
652 5069 741 5122 τὸν
773 5069 975 5123 τούτων
1020 5069 1176 5138 λόγον
1199 5107 1214 5132 ,
1277 5067 1475 5138 μᾶλλον
1514 5066 1612 5138 τὴν
1649 5066 1727 5128 εἰς
1764 5065 1852 5118 τὸν
1901 5064 2032 5118 Θεὸν

457 5158 572 5212 τῶν
626 5157 759 5211 ὅλων
807 5159 1094 5230 ὁμολογίαν
1153 5153 1603 5227 κατασμικρύνει.
1677 5154 2031 5207 Ἐπίστευσε

460 5247 608 5318 γὰρ,
642 5248 839 5318 φησὶν,
867 5251 899 5302 ὁ
925 5248 1074 5311 λαὸς
1107 5242 1185 5310 τῷ
1223 5243 1378 5310 Θεῷ,
1414 5245 1510 5298 καὶ
1551 5242 1787 5299 Μωῦσεῖ
1823 5240 1902 5308 τῷ
1941 5246 2032 5296 θε-

451 5336 712 5405 ⁴ράποντι
742 5338 948 5392 αὑτοῦ.
979 5336 1099 5408 Θεῷ
1143 5337 1319 5390 τοίνυν
1358 5331 1709 5399 συνέζευκται
1738 5374 1753 5398 ,
1795 5332 1914 5403 οὐχὶ
1955 5331 2033 5401 τῷ

460 5429 741 5500 Πνεύματι
761 5444 776 5460 ο
813 5426 906 5482 καὶ
937 5428 1103 5492 τύπος
1128 5425 1194 5500 ἦν
1236 5427 1354 5500 ούχὶ
1381 5420 1476 5480 τοῦ
1509 5425 1820 5496 ΙῙνεύματος
1842 5466 1856 5489 ,
1899 5421 2036 5478 ἀλλὰ

460 5522 556 5576 τοῦ
589 5515 842 5594 Χριστοῦ.
877 5521 979 5574 Τὸν
1007 5519 1115 5592 γὰρ
1164 5521 1388 5592 μεσίτην
1415 5517 1549 5573 Θεοῦ
1595 5519 1690 5572 καὶ
1733 5515 2035 5588 ἀνθρώπων

463 5613 533 5667 δι’
563 5611 755 5666 ἑαυτοῦ
794 5611 913 5666 τότε
954 5611 1345 5681 προαπετύπου
1532 5609 1590 5662 έν
1631 5609 1697 5678 τῇ
1737 5607 1831 5660 τοῦ
1869 5607 2035 5676 νόμου

540 5775 559 5810 ¹
617 5774 743 5831 Ose.
797 5791 907 5839 xlv,
942 5775 1025 5830 10.
1129 5777 1149 5806 ⁸
1179 5774 1314 5829 Gen.
1344 5789 1496 5836 xxiii.
1531 5772 1612 5827 16.
1727 5773 1750 5806 ⁸

1817 5771 1947 5830 ibid.
1980 5773 2065 5828 I5.

2131 4596 2461 4666 appellatio;
2507 4610 2690 4649 rerqu
2723 4602 2907 4650 autem
2940 4602 3093 4648 tanta
3142 4593 3466 4658 differentia,
3498 4604 3704 4664 quanta

2132 4685 2326 4742 somnii
2356 4701 2386 4739 a
2438 4685 2697 4748 veritate,
2740 4697 2804 4739 ac
2847 4685 3052 4740 umbrae
3083 4693 3136 4740 et
3172 4684 3490 4754 imaginum,
3525 4683 3707 4740 abhis

2133 4792 2254 4849 qua:
2276 4791 2469 4833 revera
2511 4775 2839 4832 subsistunt.

2338 4889 2442 4944 Sed
2467 4898 2520 4943 et
2547 4891 2663 4958 ipsa
2697 4888 2828 4942 ﬁdes
2857 4888 2908 4939 in
2935 4885 3152 4954 Moysen
3178 4898 3285 4938 non
3314 4883 3470 4937 ﬁdem
3501 4883 3556 4936 in
3583 4881 3711 4952 Spi-

2137 4981 2298 5034 ritum
2335 4995 2513 5049 parvre
2558 4993 2681 5034 esse
2728 4977 3012 5046 dignitatis
3055 4975 3330 5039 ostendit;
3377 4973 3471 5030 sed
3507 4988 3710 5028 secun-

2135 5070 2265 5124 dutn
2316 5071 2545 5124 istorum
2594 5067 3093 5131 ratiocinationem,
3137 5081 3199 5122 ea
3238 5067 3439 5136 potius,
3481 5079 3600 5134 qua:
3641 5063 3725 5118 de.

2141 5159 2248 5215 Deo
2307 5159 2686 5214 universorum
2735 5157 3089 5226 proﬁtemur,
3135 5164 3410 5212 extenuat.
3474 5153 3712 5211 Credidit

2138 5252 2295 5314 enim,
2334 5248 2532 5318 inquit,
2559 5250 2794 5318 populus‘
2811 5247 2941 5313 Deo,
2973 5260 3019 5302 et
3057 5247 3232 5318 Moysi
3259 5246 3462 5316 famulo
3507 5245 3619 5314 ejus
3668 5252 3714 5302 ’.

2142 5341 2250 5395 Deo
2302 5342 2486 5410 itaque
2534 5340 2824 5410 cepulatus
2875 5347 2960 5396 est
3019 5339 3252 5410 Moyses,
3283 5353 3389 5392 non
3444 5335 3712 5406 Spiritui;

2138 5443 2362 5502 eratque
2391 5441 2570 5503 typus,
2599 5447 2706 5487 non
2742 5427 3002 5502 Spiritus,
3034 5429 3126 5485 sed
3145 5427 3524 5482 Christi.Nam
3545 5425 3638 5478 Dei
3658 5433 3711 5481 et

2143 5521 2428 5576 hominum
2474 5521 2832 5576 mcdiatorem
2864 5523 2904 5551 ¹⁰
2928 5534 3024 5589 per
3059 5533 3119 5572 se
3154 5515 3329 5585 ipsum
3361 5525 3492 5570 tunc
3522 5515 3576 5569 in
3613 5513 3713 5568 mi.

2141 5613 2370 5668 nisterio
2417 5610 2555 5683 legis
2603 5611 3005 5683 praeﬁgurahat.
3051 5606 3240 5679 Neque
3291 5610 3436 5664 enim
3473 5605 3714 5683 Spiritus

2175 5777 2219 5848 ξΔ
2259 5777 2382 5848 Jou.
2414 5776 2564 5848 it}.
2639 5776 2660 5808 '
2713 5776 2874 5833 Rom.
2911 5792 2984 5846 vr,
3035 5777 3090 5834 8.
3167 5775 3187 5808 ⁸
3233 5775 3413 5838 lCor.
3478 5793 3565 5848 xv,
3622 5779 3713 5837 49.

467 5850 489 5884 ⁷
521 5847 566 5906 ιι
594 5848 719 5904 Cor.
754 5861 827 5915 tv,
866 5846 951 5904 10.
1027 5847 1053 5878 ⁸
1094 5847 1306 5902 Coluss.
1367 5859 1447 5911 Ill,
1481 5845 1535 5911 9,
1579 5842 1659 5900 ιθ.
1736 5845 1758 5877 ⁸
1797 5842 1970 5900 Exod.
2014 5861 2033 5899 ι

2124 5845 2248 5900 .51.
2329 5846 2374 5878 ¹⁶
2410 5845 2430 5899 ι
2481 5844 2622 5901 Tini.
2659 5861 2718 5915 tt,
2761 5847 2820 5903 5.
