4078 6292
415 367 519 430 ’ἵξιῚ

409 600 618 655 πεσὼν
661 600 760 653 ἐπὶ
819 603 1179 668 πρόσωπον,
1235 602 1653 670 προσκυνήσει
1712 601 1792 668 τῷ
1835 602 1958 668 Θεῷ
1977 644 1992 667 ,

409 689 830 761 ἀπαγγέλλων,
865 693 953 746 ὅτι
984 696 1017 748 ὀ
1052 695 1197 761 Θεὸς
1227 695 1414 760 ὅντως
1453 695 1523 748 ἐν
1546 693 1690 764 ὑμῖν
1711 695 1903 748 ἐστιν.
1931 695 1995 748 Εἰ

409 784 589 836 τοίνυν
622 785 687 836 ἐκ
728 785 827 855 τῆς
871 787 1240 858 προφητείας,
1277 790 1375 860 τῆς
1415 788 1556 842 κατὰ
1593 788 1692 859 τὴν
1731 789 1995 860 διαίρεσιν

408 876 518 928 τῶν
547 877 905 948 χαρισμάτων
939 877 1032 930 τοῦ
1071 879 1387 950 Πνεῦματος
1424 879 1823 950 ἐνεργουμένης
1844 919 1858 943 ,
1884 881 1996 932 ἐπιο

409 965 737 1034 γινώσκεται
771 969 798 1020 ό
828 969 961 1032 θεὸς
996 971 1054 1022 ἐν
1081 973 1194 1033 τοῖς
1222 972 1530 1042 προφήταις
1560 966 1698 1024 εἶναι
1720 1011 1735 1035 ,
1773 971 1992 1041 βουλευ-

411 1056 697 1112 σάσθωσαν
736 1054 881 1114 οῦτοι
923 1061 1083 1114 ποίαν
1115 1061 1300 1134 χώραν
1334 1063 1674 1117 ἀποδώσουσι
1710 1063 1789 1134 τῷ
1821 1064 1992 1117 Πνεῦ-

414 1165 542 1220 ιιατι
590 1149 666 1220 τῷ
701 1151 839 1222 ἁγίῳ
862 1169 875 1181 ·
925 1153 1154 1224 πότερον
1197 1154 1336 1225 μετὰ
1373 1154 1508 1208 Θεοῦ
1549 1154 1770 1208 τάσσειν
1797 1193 1814 1219 ,
1961 1158 1992 1224 ἦ

411 1242 548 1312 πρὸς
593 1244 693 1314 τὴν
740 1245 917 1298 κτίσιν
957 1245 1178 1310 ἐξωθεῖν
1215 1247 1573 1318 δικαιότερον.
1612 1250 1720 1301 Καὶ
1753 1248 1814 1300 τὸ
1857 1249 1994 1320 πρὶς

408 1334 728 1406 Σαπφειραν
776 1336 880 1388 ὑπὸ
915 1337 1119 1408 Πέτρου
1145 1352 1158 1365 ⁸
1203 1339 1262 1391 Τί
1289 1338 1378 1392 ὅτι
1414 1339 1816 1408 συνεφωνήθη
1853 1339 1995 1409 ὑμῖν

411 1427 690 1494 πειράσαι
727 1428 791 1480 τὸ
843 1428 1088 1498 Πνεῦμα
1135 1431 1199 1483 τὸ
1230 1431 1443 1500 (Error;
1481 1433 1592 1486 οὐκ
1644 1432 1994 1500 ἐψεύσασθε

410 1515 776 1582 ἀνθρώποις,
805 1518 968 1571 ἀλλὰ
998 1518 1122 1584 Θεῷ
1141 1533 1154 1548 ·
1186 1519 1476 1588 δείκνυσιν,
1507 1522 1589 1574 ὅτι
1633 1523 1701 1575 τὰ
1740 1521 1880 1575 αὺτά
1914 1525 1994 1587 εἰς

409 1607 470 1658 τὸ
500 1609 726 1678 Πνεῦμα
751 1610 810 1661 τὺ
835 1610 989 1678 ἆγιον
1008 1613 1098 1664 καὶ
1121 1615 1200 1672 εἰς
1221 1613 1350 1665 Θεόν
1368 1615 1483 1666 ἐστι
1505 1613 1573 1666 τὰ
1595 1615 1988 1686 ἁμαρτήματα.

410 1699 516 1750 Καὶ
542 1697 686 1750 οὕτω
707 1699 750 1750 δ’
784 1699 850 1752 ἂν
877 1699 938 1751 τὸ
971 1701 1204 1769 συναφὲς
1235 1703 1328 1754 καὶ
1361 1702 1662 1773 ἀδιαίρετον
1703 1703 1844 1757 κατά
1882 1705 1988 1757 πᾶ-

412 1807 509 1841 σαν
547 1790 828 1861 ἐνέργειαν
857 1791 964 1844 ἀπὸ
1006 1793 1220 1864 Πατρδς
1248 1795 1340 1846 καὶ
1375 1795 1505 1847 Υίοῦ
1545 1793 1639 1846 τοῦ
1677 1795 1993 1865 Πνεῦματος

407 1879 732 1951 διδαχθείης.
771 1880 1153 1951 Ἑνεργοῦντος
1276 1884 1369 1935 τοῦ
1408 1884 1542 1936 Θεοῦ
1574 1886 1672 1948 τὰς
1697 1885 1992 1956 διαιρέσεις

410 1972 514 2024 τῶν
564 1973 991 2042 ἐνεργημάτων,
1034 1974 1129 2026 καὶ
1172 1974 1266 2027 τοῦ
1308 1975 1512 2046 Κυρίου
1560 1978 1658 2039 τὰς
1698 1977 1992 2048 διαιρέσεις

408 2063 513 2115 τῶν
546 2063 832 2116 διακονιῶν
856 2105 869 2127 ,
910 2065 1255 2136 συμπάρεστι
1305 2067 1363 2119 τὸ
1404 2067 1556 2134 ἅγιον
1595 2066 1852 2138 Πνεῦμα,
1891 2068 1991 2138 τὴ)

409 2157 664 2228 διανομὴν
711 2156 818 2211 τῶν
849 2158 1208 2231 χαρισμάτων
1250 2159 1382 2231 πρὸς
1427 2161 1525 2230 τὴν
1570 2161 1726 2226 ἀξίαν
1757 2161 1991 2213 ἑκάστου

411 2245 768 2312 αὐτεξουσίως
799 2249 1133 2320 οἰκονομοῦν.
1166 2252 1493 2320 Διαιρέσεις
1523 2251 1654 2321 γὰρ,
1683 2254 1816 2321 φησι
1836 2293 1850 2317 ,
1883 2271 1989 2323 χα-

405 2339 712 2408 ρισμάτων
741 2343 859 2394 εἰσὶ
881 2381 896 2405 ,
928 2343 992 2395 τὸ
1034 2342 1102 2395 δὲ
1140 2343 1288 2397 αὐτὸ
1333 2345 1594 2413 Πνεῦμα.
1631 2346 1740 2399 Καὶ
1773 2345 1977 2413 διαιρέ-

411 2448 540 2497 σεις
583 2431 903 2484 διακονιῶν
946 2435 1124 2496 εἰσιν,
1166 2437 1198 2488 0'
1245 2433 1312 2486 δὲ
1352 2435 1536 2499 αὐτὸς
1586 2436 1821 2503 Κύριος.
1879 2438 1987 2488 Καὶ

410 2524 728 2592 διαιρέσεις
761 2525 1178 2594 ἐνεργημάτων
1205 2526 1383 2589 εἰσὶν,
1425 2530 1457 2580 ό
1497 2526 1566 2578 δὲ
1599 2529 1779 2592 ίιὺτές
1810 2527 1986 2593 Θεὸς,

409 2618 441 2668 ό
469 2613 728 2684 ἐνεργῶν
758 2616 826 2668 τὰ
874 2615 1072 2667 πάντα
1109 2616 1180 2667 ἑν
1208 2614 1378 2669 πᾶσι.
1415 2620 1606 2669 Ταῦτα
1651 2616 1718 2669 δὲ
1755 2617 1986 2682 πάντα,

409 2711 591 2780 φησὶν,
624 2709 856 2778 ἐνεργεῖ
889 2711 952 2763 τὸ
981 2709 1050 2762 ἐν
1079 2710 1176 2762 καὶ
1224 2710 1287 2762 τὸ
1333 2710 1477 2763 αὐτὸ
1513 2711 1756 2780 Πνεῦμα
1777 2751 1791 2773 ,
1835 2711 1986 2765 διαι-

402 2799 688 2867 ροῡνιδίῃ
717 2800 975 2864 ἑκάστῳ,
1004 2799 1199 2865 καθὼς
1213 2801 1526 2864 βούλεται.
1555 2802 1630 2854 Ui)
1664 2801 1770 2872 μὴν
1797 2802 1986 2873 ἐπειδὴ

412 2890 628 2960 πρῶτον
661 2891 894 2944 ἐνταῦθα
924 2890 1018 2944 τοῦ
1050 2891 1365 2961 Πνεῦματος
1401 2892 1430 2942 ὁ
1479 2893 1799 2956 ’Λπόστολος
1853 2895 1984 2946 ἐπε-

410 2981 641 3052 ιινήσθη,
682 2983 773 3034 καὶ
798 2982 1048 3053 δεύτερον
1088 2983 1182 3036 τοῦ
1208 2983 1359 3047 Υίοῦ,
1382 2985 1475 3036 καὶ
1508 2985 1687 3055 τρίτον
1720 2985 1814 3038 τοῦ
1849 2986 1984 3039 Θεοῦ

403 3074 498 3127 καὶ
543 3073 788 3144 Πατρδς,
823 3074 922 3144 ἤδη
980 3073 1086 3144 χρὴ
1135 3072 1363 3126 καθόλου
1405 3073 1643 3144 νομίζειν
1689 3075 1986 3146 ἀντεστρα-

405 3166 534 3235 φθαι
560 3165 658 3237 τὴν
689 3164 860 3229 τάξιν.
908 3166 1038 3217 Ἀπὸ
1064 3166 1171 3236 γὰρ
1193 3166 1291 3235 τῆς
1317 3167 1589 3237 ἡμετέρας
1623 3167 1859 3236 σχέσεως
1885 3167 1984 3236 τὴν

406 3257 576 3327 ἀρχὴν
617 3256 837 3310 ἔλαϐεν·
878 3257 1065 3327 ἐπειδὴ
1099 3257 1486 3327 ὑποδεχόμενοι
1515 3257 1584 3309 τὰ
1615 3257 1793 3327 δῶρα,
1829 3256 1985 3328 πρῶ-

403 3367 494 3402 τον
526 3349 924 3418 ἐντυγχάνομεν
942 3348 1020 3419 τῷ
1048 3349 1357 3419 διανέμοντι
1377 3366 1392 3379 ·
1431 3344 1548 3401 εἶτα
1578 3349 1864 3420 ἐννοοῦμεν
1895 3350 1985 3403 τὸν

404 3439 831 3494 ἀποστείλαντα’
866 3435 984 3492 εἶτα
1024 3441 1298 3508 ἀνάγομεν
1327 3440 1425 3510 τὴν
1453 3439 1748 3510 ἐνθύμησιν
1774 3443 1864 3494 ἐπὶ
1885 3442 1981 3513 τὴν

405 3534 587 3604 πηγὴν
619 3535 712 3586 καὶ
744 3533 924 3586 αἰτίαν
953 3532 1059 3584 τῶν
1095 3533 1334 3600 ἀγαθῶν.

607 3627 814 3692 Μάθοις
851 3629 894 3681 δ’
937 3630 1002 3683 ἂν
1031 3632 1128 3702 τὴν
1174 3631 1308 3704 πρὸς
1339 3634 1554 3703 Πατέρα
1592 3633 1684 3686 καὶ
1729 3633 1852 3685 Υἱδν
1880 3624 1974 3685 τοῦ

409 3716 723 3786 Πνεὺματος
754 3721 1037 3774 κοινωνίαν
1086 3725 1179 3776 καὶ
1208 3725 1273 3777 ἐκ
1310 3724 1419 3777 τῶν
1562 3724 1973 3794 δημιουργημάο

407 3821 510 3857 των
542 3809 651 3860 τῶν
693 3809 752 3872 ἐξ
793 3811 987 3881 ἀρχῆς.
1035 3813 1102 3864 Ai
1134 3813 1242 3884 γὰρ
1275 3814 1509 3884 καθαραὶ
1543 3816 1637 3867 καὶ
1669 3817 1850 3884 νοεραὶ
1882 3815 1975 3866 καὶ

407 3899 764 3970 ὑπερκόσμιοι
792 3902 1048 3974 δυνάμεις
1089 3905 1243 3974 ἆγιαι
1279 3907 1370 3958 καί
1399 3909 1507 3959 εἰσι
1554 3907 1646 3960 καὶ
1684 3907 1975 3974 ὀνομάζον-

406 4004 514 4051 ται,
547 3991 610 4041 ἐκ
641 3991 742 4060 τῆς
789 3995 939 4064 παρά
973 3995 1068 4047 τοῦ
1117 3996 1273 4063 ἁγίου
1314 3997 1628 4067 Πνεύματος
1671 3996 1973 4065 ὲνδοθείσης

407 4076 624 4146 χάριτος
680 4081 771 4134 τὸν
817 4084 1085 4154 ἁγιασμόν
1137 4087 1490 4157 κεκτημέναι.
1553 4087 1715 4138 Ὥστε
1772 4086 1971 4138 ἀποσε-

408 4167 673 4240 σιὼπηται
709 4173 808 4242 μὲν
849 4176 876 4226 ὁ
925 4176 1123 4246 τρόπος
1156 4177 1255 4246 τῆς
1301 4177 1530 4240 κτίσεως
1559 4174 1666 4229 τῶν
1708 4176 1972 4246 οὐρανίων

402 4262 715 4333 δυνάμεων·
772 4265 880 4317 ἀπὸ
927 4266 1035 4336 γὰρ
1069 4267 1178 4319 τῶν
1227 4267 1499 4337 αἰσθητῶν
1529 4267 1687 4337 μόνον
1726 4267 1817 4319 τὸν
1867 4268 1971 4337 Δη-

405 4354 664 4425 μιουργὸν
688 4357 818 4426 ἡμῖν
851 4357 879 4408 ὁ
909 4357 1005 4427 τὴν
1031 4359 1390 4427 κοσμογονίαν
1523 4357 1972 4426 συγγραψάμενος

400 4444 736 4514 ἀπεκάλυψε.
790 4447 860 4498 Σὺ
908 4447 984 4510 δὲ,
1025 4446 1162 4517 ἔχων
1216 4447 1443 4517 δύναμιν
1495 4451 1560 4501 ὲκ
1609 4447 1716 4500 τῶν
1762 4445 1972 4517 ὁρατῶν

397 4533 808 4602 ἀναλογίζεσθαι
838 4536 907 4589 τὰ
953 4539 1180 4608 ἀόρατα,
1215 4539 1400 4603 δόξαζε
1447 4539 1534 4592 τὸν
1566 4538 1798 4609 Ποιητὴν
1829 4539 1886 4589 ὲν
1927 4529 1973 4604 ᾧ

395 4627 619 4698 ἐκτίσθη
667 4627 735 4680 τὰ
782 4628 994 4693 πάντα,
1049 4630 1159 4681 εἴτε
1190 4631 1383 4700 ὀρατά,
1433 4630 1543 4682 εἴτε
1586 4630 1814 4702 ἀόρατα,
1862 4630 1971 4683 εἴτε

395 4719 582 4790 ἀρχαὶ,
611 4719 722 4771 ἐἴτε
747 4720 1006 4787 ἐξουσίαι,
1042 4721 1151 4774 εἴτε
1177 4722 1456 4792 δυνάμεις,
1490 4721 1596 4774 εἴτε
1629 4721 1826 4791 θρόνοι,
1859 4720 1970 4773 εἴτε

395 4809 733 4882 κυριότητες,
765 4812 858 4864 καὶ
883 4813 937 4865 εἴ
961 4814 1103 4876 τινές
1135 4815 1268 4866 εἰσιν
1295 4814 1478 4884 ἕτεραι
1513 4813 1727 4880 λογικαὶ
1757 4812 1966 4880 φύσεις,

394 4903 822 4972 ἁκατονόμαστοι
852 4903 948 4973 (5).
995 4905 1083 4958 Ἐν
1107 4905 1162 4956 δὲ
1189 4908 1254 4976 τῇ
1293 4905 1496 4958 τούτων
1525 4903 1696 4956 κτίσει
1720 4903 1970 4973 ἐννόησον

399 5009 488 5060 μοι
518 4992 616 5063 τὴν
652 4996 1128 5067 προκαταρκτικὴν
1161 4996 1342 5048 αἰτίαν
1378 4996 1486 5048 τῶν
1530 4995 1850 5065 γινομένων,
1878 4994 1968 5046 τὸν

395 5083 614 5154 Πατέρα
642 5103 654 5116 ·
701 5085 798 5156 τὴν
836 5087 1250 5158 δημιουργικὴν,
1279 5087 1367 5140 τὸν
1392 5087 1546 5138 Υίὸν’
1581 5085 1678 5156 τὴν
1702 5085 1967 5137 τελειωτι·

394 5173 516 5237 κῆν,
542 5174 603 5226 τὸ
632 5176 852 5246 Πνεῦμα
876 5193 887 5207 '
923 5177 1061 5230 ὥστε
1098 5178 1394 5248 βουλήματι
1432 5179 1529 5247 μὲν
1550 5176 1640 5230 τοῦ
1663 5176 1874 5244 Πατρὸς
1901 5175 1969 5227 τὰ

393 5263 742 5332 λειτουργικά
792 5266 1079 5338 πνεύματα
1127 5270 1412 5339 ὑπάρχειν,
1457 5267 1703 5338 ἐνεργείᾳ
1741 5267 1797 5320 δὲ
1844 5265 1966 5317 Υίου

394 5355 473 5416 είς
500 5355 562 5406 τὸ
595 5351 733 5408 εἶναι
759 5359 1122 5428 παράγεσθαι,
1154 5359 1424 5431 παρουσία
1450 5359 1506 5412 δὲ
1533 5358 1625 5410 τοῦ
1655 5356 1964 5425 [Ινεύματος

395 5446 747 5502 τελειοῦσθαι.
782 5449 1068 5513 Τελείωσις
1109 5451 1164 5504 δὲ
1196 5451 1440 5518 ἀγγέλων
1475 5448 1766 5519 ἁγιασμὸς,
1806 5447 1898 5499 καὶ
1932 5447 1965 5515 ἡ

393 5538 452 5588 ὲν
494 5537 668 5606 τούτῳ
706 5538 951 5611 διαμονή.
1008 5542 1116 5593 Καὶ
1161 5543 1346 5612 μηδεὶς
1394 5542 1586 5608 οἰέσθω
1634 5557 1700 5610 με
1742 5539 1775 5609 ἢ
1819 5539 1968 5606 τρεῖς

397 5622 530 5678 εἶναι
563 5627 742 5694 λέγειν
784 5630 1016 5699 ἀρχικὰς
1063 5632 1406 5694 ὑποστάσεις,
1449 5633 1480 5701 ἢ
1532 5630 1693 5698 ἀτελῆ
1741 5627 1966 5696 φάσκειν

395 5715 486 5767 τοῦ
516 5717 644 5769 ’λ’ίοῦ
686 5719 783 5788 τὴν
823 5720 1122 5790 ἐνέργειαν.
1169 5721 1332 5791 Ἀρχὴ
1365 5721 1471 5789 γὰρ
1511 5719 1617 5771 τῶν
1645 5719 1812 5770 ὄντων
1848 5714 1963 5786 μία,

481 5882 493 5909 ¹
548 5879 713 5936 lCor.
748 5898 859 5938 XIV.
886 5883 976 5949 ἓξ,
1012 5883 1101 5937 9.3.
1211 5885 1229 5916 ⁸
1264 5885 1382 5939 Act.
1416 5899 1467 5950 ν,
1504 5883 1554 5952 9,
1583 5883 1636 5937 αἱ.

1371 373 1750 437 ΡΑΝΟΡΙᾸΑ
1796 377 2254 438 ΟΟΠΜᾹΤΙΩΑ.
2293 404 2361 416 --
2393 383 2542 444 τιϊ.
2588 385 2726 443 Xti.

410 506 526 559 πτὰ
555 505 662 572 τῆς
695 506 942 574 καρδίας
963 506 1153 561 αὐτοῦ
1173 505 1405 577 φανερὰ
1433 506 1683 578 γίνεται·
1714 507 1812 561 καὶ
1843 508 1996 562 οὕτω
2029 520 2069 570 Α
2105 523 2169 578 αδ
2203 523 2444 578 omnibus

3581 393 3688 453 738

2490 539 2507 575 :
2560 523 2768 577 occulta
2810 526 2985 580 cordis
3041 528 3155 596 ejus
3199 530 3483 596 manifesta
3534 533 3689 600 ﬁunt,

2103 626 2260 686 atque
2307 617 2383 669 ita
2423 615 2704 684 precidem
2752 617 2806 671 in
2849 619 3062 688 faciem,
3105 619 3353 674 adorabit
3391 622 3575 686 Deum,
3606 641 3692 678 re-

2103 712 2355 764 nuntiatis
2386 709 2525 781 quod
2559 710 2697 765 Deus
2739 712 2809 764 sit
2871 728 2986 765 vere
3028 712 3082 764 in
3122 711 3264 766 vobis
3327 715 3363 767 '.
3395 711 3605 784 Itaque,
3647 733 3691 770 si

2103 819 2166 858 ex
2214 803 2524 873 prophetia,
2556 818 2678 873 qua:
2725 802 2881 872 juxta
2929 804 3376 860 distributionem
3420 808 3690 861 donorum

2105 893 2345 964 Spiritus
2376 895 2579 957 editur,
2639 896 2957 963 agnoscitur
2999 895 3142 952 Deus
3175 897 3228 952 in
3411 904 3689 972 prophetis

2101 999 2245 1046 esse,
2287 984 2606 1038 consultent
2651 985 2741 1038 isti
2793 999 2954 1054 quem
3008 986 3188 1040 locum
3224 990 3540 1042 attributnri
3583 991 3690 1044 sint

2105 1074 2334 1146 Spiritui
2365 1083 2559 1130 sancto
2595 1094 2608 1129 :
2651 1082 2834 1129 utrum
2873 1078 3086 1146 arquius
3125 1077 3197 1133 sit
3228 1080 3380 1133 illum
3413 1097 3538 1134 cum
3581 1081 3692 1137 Deo

2097 1167 2352 1238 jungere,
2407 1182 2475 1220 an
2523 1167 2589 1221 ad
2642 1173 3027 1222 creaturarum
3073 1171 3326 1225 ordinem
3371 1174 3687 1228 extrudere.

2100 1260 2243 1325 Quin
2296 1268 2351 1314 et
2401 1262 2503 1314 ista
2557 1259 2703 1313 Petri
2749 1261 2815 1312 ad
2850 1259 3176 1330 Sapphiram
3210 1265 3398 1327 verba,
3432 1266 3572 1331 Quid
3610 1277 3689 1320 est

2069 1353 2240 1420 ‘qaod
2289 1353 2527 1405 convenit
2569 1352 2711 1404 inter
2757 1367 2846 1404 vos
2879 1361 3082 1409 tentare
3111 1354 3372 1423 Spiritum
3405 1362 3689 1415 sanctum?

2102 1459 2205 1496 non
2238 1444 2443 1496 mentiti
2472 1445 2599 1496 estis
2629 1444 2951 1511 hominibus,
2981 1447 3072 1500 sed
3104 1447 3214 1500 Deo
3275 1450 3292 1478 '
3326 1468 3338 1512 ;
3387 1453 3688 1506 ostendunt

2101 1536 2288 1590 cadem
2329 1541 2381 1590 in
2415 1537 2678 1606 Spiritum
2715 1546 2992 1603 sanctum,
3025 1549 3079 1594 et
3112 1541 3166 1593 in
3209 1541 3374 1596 Deum
3408 1559 3532 1599 esse
3564 1562 3688 1615 pec-

2101 1635 2245 1680 cata.
2289 1629 2469 1698 Atque
2519 1629 2623 1683 hoc
2655 1630 2818 1683 etiam
2861 1638 3021 1700 pacto
3063 1633 3276 1688 discere
3306 1637 3530 1704 poteris.
3565 1636 3686 1706 Spr-

2104 1719 2268 1772 ritum
2305 1729 2556 1774 sanctum
2599 1721 2652 1773 in
2697 1722 2846 1774 omni
2885 1725 3207 1792 operatione
3249 1728 3601 1793 coniunctum
3634 1739 3687 1782 et

2029 1851 2068 1904 Β
2107 1810 2532 1878 inseparabilem
2581 1827 2704 1866 esse
2748 1829 2778 1866 a
2830 1813 2994 1869 Patre
3045 1827 3098 1870 et
3152 1816 3310 1873 Filio.
3358 1820 3493 1874 Cum
3543 1821 3686 1877 [lens

2096 1900 2256 1955 clTIcit
2315 1900 2738 1960 distributiones
2795 1907 3219 1975 operationum,
3285 1925 3348 1963 ac
3413 1910 3683 1969 Dominus

2096 1992 2399 2048 divisiones
2445 1995 2953 2061 ministrationum,
3010 2000 3172 2052 simul
3228 2002 3383 2055 adest
3441 2001 3686 2072 Spiritus

2098 2092 2348 2147 sanctus,
2407 2087 2758 2154 partitionem
2809 2091 3081 2143 donormn
3143 2107 3241 2160 pro
3282 2093 3550 2163 cujusque
3601 2097 3684 2148 di-

2096 2174 2307 2243 gnitate
2358 2178 2580 2244 pt-uprio
2619 2179 2849 2233 arbitrio
2892 2180 3239 2250 dispensans.
3282 2183 3443 2246 Nam,
3487 2187 3681 2256 inquit,

2095 2265 2376 2318 divisiones
2407 2267 2667 2320 donorum
2717 2281 2863 2336 sunt,
2903 2272 3038 2323 idem
3088 2284 3260 2326 autem
3312 2275 3563 2342 Spiritus.
3618 2277 3691 2331 Et-

2099 2355 2384 2409 dirisiones
2435 2358 2966 2413 administrationum
3013 2375 3158 2425 sunt,
3201 2366 3334 2418 idem
3365 2380 3538 2420 autem
3579 2369 3682 2421 Du-

2099 2446 2296 2497 minns.
2349 2445 2412 2498 Et
2454 2447 2743 2501 divisiones
2773 2453 3135 2518 operationum
3170 2465 3314 2516 sunt,
3343 2457 3474 2510 idem
3507 2471 3680 2511 autem

2097 2536 2260 2598 Dens,
2301 2541 2390 2608 qui
2441 2553 2691 2608 operatur
2740 2545 2916 2596 omnia
2950 2546 3001 2597 in
3036 2548 3301 2600 omnibus.
3340 2549 3466 2602 Ha'c
3506 2561 3680 2603 aulcm

2095 2629 2292 2688 omnia,
2328 2630 2506 2699 inquit
2563 2643 2815 2702 operatur
2845 2651 2981 2688 unus
3035 2648 3080 2690 et
3130 2639 3269 2691 idem
3311 2639 3566 2707 Spiritus,
3597 2643 3679 2697 di-

2092 2720 2271 2775 videns
2325 2724 2548 2776 seursim
2597 2726 2801 2794 cuique,
2840 2740 2994 2793 prout
3037 2731 3146 2782 calt
3200 2731 3241 2786 ³.
3273 2733 3526 2788 Altamen
3569 2752 3678 2793 non

2097 2815 2358 2880 quoniam
2412 2817 2710 2886 Apostolus
2747 2819 2920 2886 primo
2969 2821 3088 2876 loco
3126 2826 3369 2878 meminit
3416 2828 3674 2896 Spiritus,

2093 2903 2338 2957 secundo
2367 2902 2510 2966 Filii,
2544 2907 2707 2961 tertio
2742 2907 2833 2962 llci
2864 2918 2917 2963 et
2948 2910 3151 2977 Patris,
3184 2917 3432 2984 protinus
3461 2929 3677 2988 oportet.

2091 2993 2363 3061 suspicari
2398 2995 2644 3050 ordinem
2677 2999 2904 3053 omnino
2937 3000 3211 3055 inversum
3242 3020 3382 3058 csse.
3408 3008 3448 3058 A
3486 3017 3687 3062 iiostra.

2092 3085 2362 3153 siquidem
2394 3086 2714 3142 habitudine
2752 3094 2990 3161 sumpsit
3020 3094 3327 3147 exordium.
3380 3097 3513 3150 Nam
3548 3115 3675 3154 cum

2013 3149 2054 3202 θ
2091 3176 2232 3228 dona
2285 3178 2629 3246 accipimus;
2674 3181 2832 3234 nobis
2869 3183 2914 3237 is
2955 3185 3046 3253 qui
3081 3186 3397 3253 distribuit,
3432 3193 3674 3246 occurrit

2090 3270 2369 3338 primum;
2424 3287 2548 3324 nzox
2601 3273 2905 3342 cogitamus
2978 3291 3102 3330 eum
3165 3279 3258 3349 qui
3314 3281 3501 3348 misit;
3575 3298 3673 3352 po-

2087 3367 2298 3412 stremo
2330 3361 2719 3432 cogitationem
2757 3365 3105 3432 perducimus
3141 3370 3206 3422 ad
3248 3370 3450 3426 fontem
3487 3385 3678 3429 auctos

2089 3467 2314 3520 remque
2356 3453 2643 3506 tonorum.

2295 3624 2412 3678 Jam
2450 3628 2610 3681 etiam
2672 3644 2736 3683 ex
2772 3631 2936 3685 rebus
3004 3631 3153 3684 initio
3189 3632 3421 3687 conditis
3484 3633 3663 3690 discas

2093 3718 2218 3770 licet
2278 3715 2517 3787 Spiritus
2546 3736 2670 3772 cum
2729 3719 2888 3775 Patre
2917 3729 2968 3775 et
3019 3721 3155 3774 Filio
3195 3724 3660 3780 communionem.

2089 3805 2222 3859 Nam
2259 3824 2409 3877 pura:
2456 3816 2510 3862 et.
2544 3809 2908 3879 intelligentcs
2940 3820 2992 3862 et
3046 3814 3503 3879 supermundanae
3553 3815 3663 3867 vir-

2090 3904 2276 3960 tutes,
2339 3906 2542 3950 sanclte
2603 3906 2715 3950 tum
2757 3910 2926 3960 sunt,
2977 3907 3089 3951 tum
3141 3902 3540 3968 nominantur,
3594 3919 3671 3957 ex

2091 3985 2265 4053 gratia
2300 4000 2327 4037 a
2363 3986 2566 4054 Spiritu
2623 3996 2816 4041 sancto
2862 3988 3043 4041 infusa
3083 3991 3501 4044 sanctimoniam
3529 4009 3662 4045 con--

2091 4081 2310 4126 secutae.
2372 4075 2552 4139 Quare
2595 4077 2814 4130 silentio
2873 4079 3280 4144 praetermissus
3328 4088 3415 4134 est
3467 4083 3660 4136 modus

2088 4168 2383 4221 ereationis
2438 4169 2745 4222 cmlestium
2787 4170 3097 4236 virtutum;
3150 4187 3272 4223 nam
3327 4187 3394 4224 ex
3426 4173 3660 4228 sensibi-

2089 4260 2231 4314 libus
2268 4268 2475 4312 tantum
2507 4267 2804 4313 creatorem
2851 4262 3006 4314 nobis
3056 4263 3267 4330 aperuit
3308 4263 3353 4318 is
3405 4263 3494 4332 qui
3529 4280 3661 4318 con.-

2089 4351 2186 4404 diti
2240 4353 2390 4407 orbis
2446 4353 2773 4422 conscripsit
2835 4354 3137 4408 historiam.
3213 4353 3291 4407 Tu
3347 4371 3470 4409 vero
3506 4395 3519 4419 ,
3566 4359 3660 4425 qui

2089 4440 2398 4497 facultatem
2449 4443 2621 4498 habes
2659 4458 2724 4498 ex
2766 4445 3075 4500 visibilibus
3125 4445 3418 4500 invisibilia
3465 4447 3660 4514 depre-

2013 4531 2052 4583 D
2087 4534 2386 4602 bcndendi,
2447 4536 2689 4607 gloriﬁca
2745 4537 3094 4592 Conditorem
3158 4538 3209 4592 in
3275 4554 3384 4606 quo
3439 4539 3657 4592 condita

2087 4633 2214 4678 sunt
2241 4627 2458 4689 omnia,
2500 4627 2614 4680 sive
2675 4627 2946 4688 visibilia,
2983 4629 3096 4681 sive
3151 4627 3480 4689 invisibilia,
3542 4629 3660 4682 sive

2088 4715 2460 4784 principatus,
2495 4718 2610 4771 sive
2658 4726 2955 4786 potestates
2983 4757 2995 4777 ,
3065 4719 3177 4769 sive
3217 4717 3481 4778 virtutes,
3543 4717 3658 4771 sive

2085 4806 2292 4870 throni,
2349 4807 2462 4860 sive
2502 4807 2907 4861 dominationes
2964 4807 3017 4870 δ,
3057 4815 3108 4860 et
3144 4807 3190 4860 si
3227 4822 3349 4876 quae
3379 4807 3497 4860 aliae
3528 4816 3656 4863 sunt

2083 4898 2380 4952 rationales
2442 4908 2694 4963 naturae,
2753 4914 2872 4967 qua:
2910 4898 3181 4950 nominari
3237 4915 3344 4952 non
3398 4909 3649 4968 possunt.

2084 4989 2141 5043 In
2211 4989 2404 5043 borum
2470 4997 2650 5044 autem
2712 4989 2991 5043 creatione
3050 4989 3232 5059 cogita
3291 4990 3655 5060 mibiprima-

2084 5079 2219 5131 riam
2271 5093 2491 5133 causam
2535 5093 2723 5133 eorum
2766 5094 2886 5149 quae
2934 5079 3109 5140 ﬁunt,
3169 5079 3423 5146 Patrem;
3466 5079 3654 5134 condi-

2083 5168 2293 5232 tricem,
2341 5167 2571 5231 Filium;
2631 5167 3028 5238 perieetrieem,
3067 5170 3330 5241 Spiritum
3367 5182 3650 5225 salictum:

2085 5265 2140 5309 ut
2198 5259 2476 5312 voluntate
2532 5247 2762 5328 quidem.
2803 5259 2986 5316 Patris
3033 5263 3143 5316 sint
3202 5259 3652 5315 administratorii

2083 5349 2306 5417 spiritus
2340 5389 2354 5410 ,
2426 5347 2546 5403 Filii
2610 5366 2744 5405 vero
2794 5354 3113 5421 operatione
3176 5351 3556 5420 perducantur»
3596 5358 3653 5402 ut

2087 5444 2212 5506 sint,
2245 5440 2484 5511 Spiritus
2525 5452 2705 5498 autem
2739 5446 3027 5512 praesentia
3058 5443 3430 5512 perﬁciantur.
3479 5440 3654 5496 Porro

2081 5535 2397 5602 angelorum
2451 5536 2711 5604 perfectio
2744 5543 2828 5590 est
2865 5535 3231 5590 sanctiﬁcatio
3265 5574 3278 5597 ,
3327 5540 3382 5586 et
3437 5532 3490 5584 in
3551 5532 3652 5586 hac

2085 5627 2506 5692 perseverantia.
2573 5629 2648 5681 Ae
2689 5643 2850 5681 nemo
2898 5643 2983 5680 me
3041 5626 3231 5680 credat
3266 5635 3376 5680 trcs
3415 5624 3652 5694 origina-

2083 5714 2160 5769 lcs
2187 5715 2507 5786 bypostascs
2535 5734 2755 5788 ponere,
2789 5726 2881 5772 aut
2923 5717 3042 5772 Filii
3073 5717 3443 5788 operationem
3470 5717 3651 5770 dicere

1747 5881 1816 5953 ’_l
1855 5880 1982 5968 Cor.
2051 5899 2105 5952 ιι,
2143 5884 2174 5938 ei
2215 5885 2296 5939 ll.
2375 5883 2394 5913 ⁸
2455 5882 2647 5949 (701.1,
2689 5881 2774 5938 ιθ.
